3792 6380
87 346 372 356 -..κ’-συ.-
2127 351 2138 358 α
2185 351 2208 357 -σ
2271 351 2614 388 ...οΰῧ--η
2639 353 2644 357 .
2746 352 2824 360 υς..
2853 352 2927 360 ...η-
2976 352 3247 388 ΰ-ηηη.

74 386 504 397 -—
1706 391 2512 400 _———————_————
2559 392 3207 400 mm

1767 391 2512 400 ————————_————

1208 537 2043 666 ΡΒΑΞΡΑΤΙΟ

1543 791 1593 830 IN
1619 789 1722 839 QUA

58 933 123 987 DE
173 933 659 990 SUPERIORIBUS
719 931 1187 993 EDITIONIBUS,
1243 931 1330 985 DE
1399 931 1456 988 S.
1512 931 1779 988 JUSTINI
1831 933 1918 988 ET
1977 934 2294 991 ALIORUM
2350 935 2741 994 RELIGIONIS
2801 899 3266 994 DEF'ENSORUM

622 1029 995 1095 DOCTRINA,
1033 1029 1422 1096 EORUMQUE
1455 1027 1704 1084 GESTIS
1734 1029 1821 1084 AC
1851 1028 2168 1085 SCRIPTIS
2202 1031 2647 1090 DISSERITUR.

111 1309 285 1364 Frater
312 1325 536 1379 operam
570 1311 624 1364 in
656 1311 744 1365 his
770 1311 1133 1380 scriptoribus
1164 1313 1593 1382 interpretandis
1622 1323 1901 1376 navatam,
1931 1324 2024 1367 aut
2071 1315 2124 1367 in
2160 1330 2350 1368 eorum
2379 1323 2644 1368 contextu
2677 1314 2847 1368 variis
2879 1313 3272 1368 observationi-
3327 1347 3348 1363 .-

58 1403 482 1470 liasillustrando,
519 1403 752 1474 plurima
784 1414 1083 1474 supersunt
1109 1405 1362 1462 consulto
1394 1407 1447 1461 in
1489 1408 1627 1463 hanc
1678 1406 2056 1478 prmfationem
2102 1405 2330 1476 reiecta.
2383 1406 2630 1462 Postulat
2670 1407 2818 1462 enim
2875 1406 3114 1461 instituti
3167 1412 3273 1464 mei

59 1500 180 1564 ntio,
209 1509 264 1552 ut
289 1508 339 1554 et
363 1500 428 1553 de
458 1500 839 1568 superioribus
864 1500 1200 1555 editionibus
1237 1501 1442 1570 aliquid
1475 1502 1677 1565 dicam,
1718 1510 1769 1556 et
1799 1503 1929 1559 auid
1967 1502 2020 1556 in
2065 1502 2168 1557 hac
2193 1516 2334 1556 nova
2372 1512 2602 1556 conatus
2638 1501 2768 1565 sim,
2799 1501 3131 1558 edisseram.
3169 1501 3276 1557 Se-

57 1595 200 1662 qiitur
219 1593 313 1646 alia
343 1593 620 1663 reslonge
654 1593 880 1664 majoris
939 1596 1228 1661 momenti,
1271 1598 1469 1651 horum
1506 1597 1792 1668 religionis
1833 1596 2188 1651 defensorum
2235 1611 2299 1652 ac
2340 1598 2612 1668 praecipue
2660 1597 2721 1651 S.
2753 1595 2954 1652 Justini
2999 1597 3274 1660 doctrina,

59 1704 181 1758 quam
206 1689 406 1760 quidem
441 1690 537 1744 ubi
569 1691 803 1745 obscura
835 1700 892 1746 et
933 1690 1352 1746 difﬁcultatibus
1384 1692 1667 1748 obstructa
1705 1701 1818 1757 est,
1867 1691 2152 1747 illustrare
2175 1701 2227 1746 et
2277 1691 2599 1763 explicare;
2635 1692 2724 1747 ubi
2771 1707 3058 1762 perperam
3105 1707 3279 1763 oppu-

60 1795 200 1851 gnata,
224 1783 508 1840 defendere
534 1785 801 1840 conabor.
842 1785 1029 1856 Neque
1071 1788 1238 1842 etiam
1277 1788 1330 1842 in
1383 1802 1448 1842 eo
1474 1803 1700 1857 genere,
1732 1788 1877 1858 quod
1921 1797 1978 1842 et
2026 1787 2382 1854 antiquitatis
2433 1787 2861 1859 investigatione
2895 1789 3276 1844 suavissimum

59 1888 137 1932 est.
153 1885 196 1929 et
215 1877 271 1930 ad
289 1876 529 1945 ipsorum
544 1876 861 1946 dogmatum
881 1879 1253 1934 defensionem
1283 1880 1538 1949 perutile,
1563 1879 1733 1934 labori
1761 1883 2100 1950 parcendum
2128 1881 2282 1946 duxi,
2319 1881 2372 1934 id
2397 1891 2484 1936 est
2514 1881 2566 1936 in
2595 1882 2758 1936 rebus
2783 1882 2952 1952 gestis
2980 1891 3034 1938 et
3061 1884 3281 1953 scriptis

61 1966 233 2031 lustiui,
264 1966 496 2032 Tatiani,
529 1969 890 2040 Athenagora:
912 1982 968 2026 et
990 1971 1277 2041 TheOphili
1306 1973 1686 2043 expendendis
1716 1981 1772 2027 et
1794 1973 2177 2043 dijudicaudis.
2199 1973 2321 2028 Erit
2356 1973 2547 2045 itaque
2579 1971 2740 2042 hujus
2771 1973 3106 2044 prmfationis
3152 1990 3278 2044 pars

60 2064 208 2132 triplex
235 2081 248 2120 :
275 2063 326 2118 lu
360 2065 538 2134 prima
570 2065 638 2119 de
665 2067 1046 2136 superioribus
1080 2069 1276 2123 horum
1308 2069 1638 2137 scriptorum
1667 2069 2027 2134 editionibus,
2063 2078 2118 2125 et
2143 2071 2208 2125 de
2238 2071 2342 2125 hac
2365 2071 2611 2124 omnium
2644 2070 2939 2127 novissima
2971 2073 3276 2138 disseram;

64 2155 105 2207 in
135 2158 336 2211 secunda
366 2158 433 2212 de
461 2159 751 2213 nonnullis
779 2157 980 2214 Justini
1048 2171 1209 2231 atque
1237 2163 1403 2216 etiam
1436 2160 1652 2215 Tatiani
1708 2169 1763 2216 et
1825 2161 2187 2233 Athenagora:
2218 2172 2274 2217 et
2317 2163 2600 2234 Theophili
2641 2167 2962 2233 sententiis;
3023 2170 3076 2222 in
3121 2170 3278 2223 tertia

64 2250 111 2302 de
133 2262 283 2303 eorum
310 2251 470 2306 rebus
512 2251 686 2320 gestis
715 2261 769 2306 et
795 2253 1040 2323 scriptis.

1606 2397 1674 2410 ἠ

1280 2539 1568 2629 PARS
1617 2540 2031 2629 PRIMA.

70 2722 133 2783 De
163 2727 584 2802 superioribus
615 2729 1017 2792 editionibus
1045 2741 1310 2805 operum
1344 2725 1407 2805 _S.
1439 2721 1682 2805 Justini
1715 2722 2038 2805 martyris,
2096 2721 2370 2794 Tatiani,
2433 2719 2875 2799 Athenagorae,
2937 2719 3279 2797 Τὴθοίιῑιὶῑί

1223 2801 1609 2864 Antioclieui
1653 2809 1715 2862 et
1745 2801 2048 2863 Hermia}.

502 3047 736 3105 CAPUT
782 3046 1074 3103 PRIMUM.
1617 3057 1663 3114 Α
1696 3065 1784 3102 ne:
1811 3046 2119 3103 Gt‘azcorum
2148 3049 2216 3102 ad
2266 3047 2618 3103 Christianos.
2651 3047 2906 3104 Testatur
2933 3050 3285 3106 doctissimus

72 3159 126 3214 De
169 3163 454 3220 editionibus
492 3163 703 3219 σηπία
747 3183 959 3234 operum
1004 3165 1060 3219 S.
1093 3164 1297 3219 Justini
1330 3164 1589 3230 variisque
1691 3139 1990 3234 fi'briCiU§_
2039 3149 2329 3234 utramque
2385 3139 2705 3234 Apologiant
2746 3139 2936 3234 Gram:
2959 3143 3282 3214 jampridem

607 3226 998 3303 interpretibus.
1503 3226 1511 3230 ⁷
1693 3226 1879 3281 Romae
1905 3229 2104 3282 editam

1786 3243 1879 3281 inte
1905 3229 2108 3282 editam
2149 3227 2316 3285 fuisse
2350 3244 2379 3282 a
2415 3228 2666 3285 Zannero
2693 3231 2744 3286 in
2773 3233 2830 3298 8,
2861 3248 2984 3288 cum
3038 3234 3283 3305 Gregorii

122 3322 356 3380 Prodierat
380 3325 618 3382 Lutetia:
639 3327 827 3382 Graace
858 3338 914 3382 ct
937 3327 1149 3392 Latine,
1179 3341 1322 3382 anno
1344 3325 1589 3390 1539,ex
1693 3317 2107 3391 'l‘baumaturgi,
2165 3321 2471 3388 Athanasii,
2507 3322 2710 3391 Basilii,
2743 3324 2993 3396 Gregorii
3050 3327 3284 3382 Nazian-

73 3413 230 3472 oflin'na
257 3419 537 3484 Guillardi,
569 3418 885 3474 Cohortatio
927 3419 1215 3475 Szluuini
1248 3420 1316 3474 ad
1347 3417 1587 3480 (ἔπεσσε,
1693 3411 1812 3466 zeui
1871 3422 1924 3467 et
1977 3412 2357 3484 Cbrysostomi
2419 3417 2714 3482 nonnullis,
2768 3429 3002 3474 curante
3055 3421 3282 3477 Hieron.

73 3508 137 3557 sed
159 3509 311 3563 omnia
357 3509 416 3565 S.
457 3513 723 3582 martyris
766 3527 930 3581 opera
963 3513 1152 3568 Gmce
1185 3511 1396 3580 primus
1418 3511 1591 3564 edidit
1693 3502 1937 3570 BunellO,
1970 3504 2029 3561 So
2060 3504 2111 3560 J.

77 3596 280 3657 Robertus
303 3602 612 3674 Stephanus
639 3620 784 3660 anno
809 3604 1156 3676 155l,l{egiis
1173 3604 1335 3674 typis,
1360 3619 1482 3658 cum
1515 3603 1591 3656 la-
1765 3599 1900 3656 Cum
1949 3597 2146 3654 Justini
2205 3613 2432 3670 operum
2467 3599 2672 3656 utilitas
2695 3601 2884 3659 Grmce
2914 3605 3287 3661 nescientibus

74 3696 224 3743 tentem
241 3694 368 3748 hunc
397 3695 721 3749 thesaurum
749 3693 1130 3750 eBiblimheca
1154 3694 1318 3765 Regia
1337 3693 1588 3748 eruisset.
1694 3693 1882 3746 clausa
1898 3701 2064 3758 esset,
2081 3691 2422 3747 eruditorum
2442 3694 2684 3748 nonnulli
2711 3693 2918 3750 Latinis
2939 3711 3060 3750 eum
3091 3696 3288 3751 litteris

76 3780 278 3839 Accurata
302 3787 398 3840 viri
425 3788 778 3842 celeberrimi
802 3785 1098 3857 diligentia,
1124 3803 1245 3857 qua:
1287 3796 1364 3842 tot
1409 3787 1592 3857 operi.
1697 3785 1968 3840 illustrare
1993 3784 2235 3854 aggressi
2259 3782 2545 3849 suut.Qua
2573 3786 2792 3855 quidem
2818 3786 2870 3840 in
2893 3785 3144 3856 palaestra
3177 3790 3289 3858 pri-

76 3870 144 3926 bus
167 3877 411 3934 nobilitata
456 3890 571 3945 est,
613 3880 859 3935 eamdem
891 3881 943 3934 in
974 3881 1077 3936 hac
1105 3881 1343 3936 editione
1371 3879 1590 3934 laudem
1695 3891 1816 3932 mus
1843 3876 2038 3930 enituit
2070 3875 2156 3930 vir
2193 3872 2400 3931 Graecis
2424 3874 2741 3946 Latinisque
2764 3877 2964 3933 litteris
2988 3878 3288 3934 instructu;

78 3970 238 4021 meruit.
265 3969 382 4038 Sed,
414 3982 471 4026 ut
498 3972 624 4028 lieri
665 3987 773 4027 non
816 3982 995 4042 potest
1036 3982 1095 4028 ut
1125 3987 1340 4028 onmem
1369 3986 1593 4043 prorsus
1694 3966 2010 4030 Joachimus
2045 3967 2349 4032 Perionius,
2398 3969 2885 4026 Cormmriacensis
2939 3971 3286 4038 monasterii,

77 4064 280 4116 suculam
303 4066 534 4120 humana
592 4076 784 4120 natura
846 4076 1058 4130 caveat,
1098 4065 1382 4130 nonnulla,
1413 4080 1592 4134 quan~
1695 4061 1903 4116 ordinis
1943 4062 2002 4115 S.
2049 4061 2252 4116 Bened.
2307 4063 2613 4117 monachus
2648 4075 2703 4116 et
2742 4062 3023 4133 theologia:
3071 4064 3285 4122 doctor.

78 4164 195 4217 Quam
233 4172 452 4226 perraro,
507 4158 674 4213 aliter
715 4175 777 4213 ac
803 4160 855 4214 in
915 4160 1108 4214 codice
1149 4175 1252 4212 ms.
1279 4159 1590 4220 exstabant,
1695 4152 1905 4210 Prodiit
1928 4153 2072 4208 illius
2099 4169 2236 4223 opus
2263 4155 2575 4210 ³111101554
2622 4155 2678 4210 in
2702 4154 2831 4210 folio
2859 4157 3000 4226 apud
3022 4156 3282 4213 Jacobum

77 4247 225 4307 partim
254 4249 556 4320 imprudens
613 4252 847 4318 excusit,
891 4252 1090 4322 partim
1137 4252 1204 4306 de
1239 4249 1506 4306 industria
1537 4259 1595 4303 ut
1699 4245 1922 4315 Dupuis.
1955 4246 2310 4302 Praemittitur
2353 4247 2563 4302 Latina:
2617 4248 3052 4318 interpretationi
3104 4251 3286 4305 brevis

75 4343 329 4395 sententiam
355 4345 587 4408 leniret,
616 4361 739 4414 qua:
760 4345 856 4415 ipsi
890 4345 1080 4399 durior
1109 4343 1413 4399 videbatur.
1428 4341 1592 4408 Quiu-
1697 4339 1898 4395 Justini
1930 4340 2052 4394 Vita
2082 4354 2150 4395 ex
2174 4341 2346 4410 ipsius
2381 4342 2639 4411 operibus
2667 4342 2916 4398 collecta.
2951 4342 3082 4398 Post
3104 4344 3288 4413 singu-

76 4431 221 4495 etiam,
262 4439 383 4504 quod
431 4439 660 4509 quidem
711 4439 932 4492 incuria:
983 4436 1348 4501 tribuendum,
1375 4435 1592 4489 brevem
1624 4435 1668 4490 Β
1699 4431 1778 4484 las
1819 4433 2276 4499 pertractationes
2321 4441 2464 4485 nota:
2488 4442 2834 4500 apponuntur
2869 4435 2937 4489 ad
2968 4442 3284 4488 contextum

78 4531 303 4592 quamdam
320 4537 585 4590 adversus
602 4534 831 4604 gentiles
854 4533 1349 4604 pertractationem,
1373 4547 1469 4587 seu
1504 4547 1574 4602 po

1789 4519 2110 4576 istrandum.
2149 4519 2418 4589 Deceptus
2446 4520 2733 4578 Perionius
2758 4523 2950 4594 primis
2972 4524 3286 4593 Expositio—

79 4617 152 4672 tius
181 4623 597 4683 Observationum
628 4627 1077 4695 complexionem,
1109 4623 1273 4680 semel
1307 4633 1426 4694 post
1455 4623 1576 4678 Con

1835 4614 1962 4682 ﬁdei
2020 4613 2226 4680 verbis,
2283 4615 2483 4684 quibus
2541 4623 2770 4671 testatur
2799 4616 3288 4674 Pseudo-Justinus

77 4705 328 4767 ιἰεαιίοπεηι
361 4718 667 4771 Annona,
686 4718 995 4784 dogmomm
1025 4716 1162 4770 satis
1190 4724 1468 4781 accurate,
1495 4716 1598 4770 ne-
1703 4705 1838 4760 satis
1871 4705 2058 4762 multis
2084 4721 2144 4761 se
2181 4717 2371 4762 contra
2402 4705 2618 4763 Judaeos
2661 4718 2826 4778 atque
2857 4709 3085 4779 gentiles
3112 4710 3289 4766 disse-

78 4813 161 4852 rum
184 4816 285 4870 post
315 4807 650 4872 ρειανειξοηεε
675 4808 745 4860 od
770 4807 1100 4862 orthodoxa;
1133 4823 1238 4862 non
1261 4809 1380 4862 sine
1404 4807 1598 4862 lacuna
1703 4798 1901 4863 ruisse,
1930 4799 2304 4869 preemittenda
2357 4800 2482 4856 huic
2508 4799 2636 4870 ﬁdei
2684 4799 3021 4871 Expositioui
3051 4802 3286 4874 putavit,

77 4900 110 4939 et
130 4894 333 4956 pluribus
359 4903 576 4956 mendis
605 4901 794 4956 edidit.
1705 4891 2006 4961 Dialogum,
2038 4891 2172 4948 duas
2203 4893 2512 4962 Apologios,
2546 4891 2976 4948 Cohortatiomm
3021 4905 3077 4950 et
3108 4894 3288 4948 Libel-

123 4981 264 5052 Opera
312 4991 506 5048 Justini
549 5011 580 5045 a
619 4992 754 5047 Rob.
782 4993 1059 5062 Stephano
1081 4994 1199 5049 sine
1223 4994 1466 5048 materiae
1503 4993 1599 5048 de-

1786 5001 1809 5037 tt
1845 4987 1910 5039 de
1944 4985 2292 5051 monarchia;
2325 4985 2520 5041 deinde
2554 4996 2677 5056 post
2711 4985 3112 5056 Expositionem
3137 4989 3283 5058 ﬁdei,

74 5074 197 5142 lectu,
218 5082 322 5138 sine
350 5087 711 5152 genuinorum
739 5097 793 5140 et
817 5087 1128 5156 spuriorum
1175 5086 1509 5154 discrimine,
1541 5095 1600 5141 ut
1699 5075 1816 5130 sive
1861 5085 2024 5130 rectae
2068 5075 2464 5144 confessionis,
2504 5076 2679 5133 locum
2727 5079 3010 5135 concessio
3031 5077 3287 5151 Ερὶειοιατ

78 5167 110 5216 in
141 5171 300 5227 codice
337 5191 434 5232 ms.
463 5177 772 5239 invenerat,
804 5175 950 5230 hunc
980 5175 1030 5228 in
1056 5174 1269 5228 modum
1293 5175 1594 5242 disposita:
1699 5168 1768 5220 ad
1791 5166 1990 5222 lenam
2026 5178 2074 5222 ει
2108 5167 2401 5234 smmum.
2436 5170 2603 5225 Variis
2649 5171 3041 5236 Ουωδιίοηίδιιε
3079 5187 3144 5227 ac
3191 5175 3286 5228 d8-

80 5257 259 5318 h'iistola
289 5269 354 5318 ad
377 5265 577 5321 Ζεηαηι
611 5278 659 5322 ει
692 5268 971 5333 serenum,
1003 5265 1314 5322 cohortatio
1344 5267 1414 5320 od
1442 5267 1596 5320 uno-
1698 5276 1846 5314 mum
1876 5259 2174 5316 Aristotelis
2198 5262 2502 5331 dogmatum
2531 5260 2918 5332 Confutationi.
2950 5263 3166 5318 Sciebat
3203 5275 3284 5317 ta-

78 5365 150 5412 ιόε.
189 5355 427 5429 Dialogus
465 5379 588 5414 cum
642 5361 920 5432 Tryphon:
960 5361 1175 5426 Judao,
1211 5359 1466 5431 Apologia
1499 5377 1595 5429 pro
1700 5368 1822 5407 men
1848 5352 2153 5420 Perionius,
2179 5353 2338 5424 idque
2391 5356 2504 5425 ipse
2547 5356 2806 5412 observat
2829 5357 2882 5411 in
2915 5357 3090 5427 prima
3127 5365 3286 5410 nota-

79 5439 328 5504 Christianis
358 5455 426 5506 ad
447 5465 712 5519 senatum,
743 5455 1004 5524 Apologia
1035 5455 1106 5508 ad
1136 5455 1484 5517 Antoninum,
1521 5453 1594 5507 Do
1699 5447 1843 5502 tione
1882 5449 1948 5503 ad
1982 5445 2377 5519 Expositionem
2407 5449 2555 5518 ﬁdei,
2592 5449 2862 5506 Iustinum
2909 5461 3035 5504 ante
3059 5451 3110 5504 in
3151 5467 3282 5522 gen-

81 5533 472 5618 lfn'ntouarchia,
521 5545 897 5600 nonnullorum
935 5547 1232 5600 Aristotelis
1289 5546 1578 5614 dogmatum

1783 5556 1840 5607 is,
1868 5556 2029 5611 quam
2084 5543 2135 5597 in
2183 5543 2400 5599 Judaeos
2455 5545 2652 5618 stylum
2682 5545 2918 5600 acuisse.
2969 5545 3072 5600 Sed
3103 5555 3280 5599 tamen

79 5617 342 5708 ‘fo'tlutatio,
375 5638 709 5701 Questiones
769 5638 1199 5694 Christianorum
1231 5640 1300 5692 ad
1357 5635 1590 5703 ercos,
1697 5649 1821 5689 eum
1839 5634 2084 5690 ordinem
2115 5636 2451 5705 sequendum
2479 5617 2652 5705 duxit,
2683 5653 2842 5708 quem
2866 5653 2894 5693 a
2926 5649 3117 5698 sancto
3147 5653 3285 5692 Illar-

81 5705 342 5777 Qucruiom
377 5737 426 5780 et
473 5732 838 5796 responsiones
864 5730 931 5784 ad
959 5731 1297 5797 orthodoxa,
1327 5726 1593 5796 ραιεδιὶο-
1699 5739 1816 5798 tyre
1855 5726 2152 5784 indicatum
2183 5730 2426 5799 putabat.

297 5816 568 5884 PA'I‘ROL.
605 5826 720 5886 Gn.
764 5823 865 5884 Vl.
2939 5822 2973 5880 ί
