3792 6488
462 387 521 439 Η
1381 387 1437 444 S.
1475 388 1549 444 Jl';
1563 386 1814 444 STINUS
1852 389 2024 446 Phan

2178 393 2339 454 ’HL’S
2375 397 2463 453 ET
2501 393 2812 456 MARTYR.
3662 407 3737 464 12

533 509 768 565 Perionii
818 509 1189 578 interpretatio
1224 511 1396 582 magis
1429 511 1647 582 elegans
1681 528 1844 582 quam
1875 530 2037 570 accu-
2065 524 2109 578 Α
2137 517 2303 574 Paulo
2331 531 2456 576 ante
2479 524 2694 577 dixerat
2728 542 2741 577 :
2779 523 3010 592 Majores
3046 527 3234 592 nostri,
3279 525 3564 582 Platonica
3607 529 3730 581 dis-

457 617 597 673 rata,
627 616 686 662 ut
707 606 1039 662 eruditorum
1087 605 1324 660 nonnulli
1357 621 1464 661 non
1493 608 1611 662 sine
1642 609 1843 665 aculeis
1878 611 1928 664 in
1960 610 2040 664 in-

458 709 746 768 terpretem
783 706 1056 752 notarunt.
1087 696 1194 752 Sed
1227 696 1555 768 indulgentia
1595 702 1853 755 utendum
1885 700 2036 756 vide-

459 802 544 845 tur
571 791 623 846 in
656 805 798 854 eum,
832 788 922 859 qui
949 788 1220 843 neminem
1242 789 1470 856 habens,
1513 806 1672 860 quem
1695 802 2032 863 sequeretur,

453 885 575 939 aliis
603 882 657 938 in
684 883 784 937 hac
808 881 1111 952 periculosa
1138 881 1252 935 alea
1283 883 1510 951 praaivit.

525 977 804 1031 Statuerat
833 975 1030 1044 fprimo
1086 974 1393 1041 Perionius,
1425 977 1881 1045 quemadmodum
1919 979 2036 1048 ipse

452 1076 636 1124 narrat
658 1068 711 1121 in
738 1065 1123 1122 Admonitione
1150 1067 1216 1122 ad
1250 1067 1508 1122 lectorem
1528 1109 1541 1131 ,
1576 1085 1680 1124 non
1711 1085 1901 1126 omnes
1936 1069 2034 1124 Ju-

453 1160 579 1215 stini
612 1159 778 1215 libros
808 1159 969 1215 simul
998 1161 1181 1226 edere,
1210 1162 1303 1216 sed
1350 1160 1610 1217 brevibus
1655 1163 1865 1233 paginis
1895 1163 2032 1219 alios

451 1254 574 1309 aliis
599 1253 950 1323 temporibus,
991 1269 1090 1323 pro
1129 1268 1194 1308 eo
1222 1253 1412 1309 ordine
1435 1269 1595 1324 quem
1624 1255 1727 1311 illis
1748 1257 2030 1324 assignan-

449 1347 575 1398 dum
621 1343 920 1410 judicabat.
965 1343 1073 1400 Sed
1123 1344 1412 1399 consilium
1470 1347 1717 1412 mutavit,
1758 1350 2031 1404 acomnia

447 1436 646 1494 Justini
670 1453 833 1508 opera
857 1455 964 1495 uno
981 1449 1038 1495 et
1064 1439 1257 1494 eodem
1290 1438 1565 1498 volumine
1593 1444 2027 1513 comprehendit,

447 1533 527 1588 sic
556 1542 735 1586 tamen
783 1540 843 1585 ut
881 1548 988 1588 non
1020 1532 1368 1588 defraudaret
1397 1533 1635 1589 illustres
1692 1535 1863 1601 viros,
1893 1551 2030 1606 quo-

449 1640 566 1679 rum
591 1640 648 1680 sc
672 1625 874 1680 nomini
907 1626 1121 1693 aliquos
1150 1625 1209 1680 S.
1244 1626 1500 1697 martyris
1539 1625 1707 1682 libros
1751 1628 2030 1684 dedicatu-

446 1734 565 1772 rum
594 1720 936 1788 promiserat.
970 1718 1108 1774 Hinc
1148 1719 1406 1791 Dialogus
1443 1731 1789 1791 nuncupatur
1828 1721 2026 1777 Othoni

445 1810 754 1865 Castalonio
781 1810 1065 1878 cardinali,
1094 1811 1145 1864 in
1174 1826 1281 1877 quo
1308 1812 1522 1881 quidem
1544 1813 1729 1869 laudat
1747 1814 2026 1884 theologia:

445 1901 498 1955 in
525 1902 859 1972 amplissimo
898 1901 1180 1972 dignitatis
1209 1903 1378 1972 gradu
1418 1905 1655 1959 studium
1681 1924 1695 1972 ;
1719 1908 1914 1976 quippe
1942 1910 2032 1977 qui

443 1995 547 2048 sibi
595 1994 754 2063 hujus
809 1996 1052 2052 scientia:
1117 1998 1519 2069 cognitionem,
1580 2008 1923 2068 posteaquam
1971 2017 2035 2053 ea:

440 2085 794 2141 humanitatis
819 2089 1012 2142 studiis
1038 2090 1292 2158 miriﬁcos
1325 2090 1530 2158 fructus
1562 2088 1785 2143 Nicolao
1808 2089 2033 2145 Beraldo

436 2180 800 2234 eruditissimo
851 2180 1386 2254 eloquentissimoque
1427 2193 1742 2251 praeceptore
1782 2199 1908 2237 usus
1944 2200 2032 2236 ce-

437 2277 623 2342 pisset,
661 2289 766 2326 non
795 2273 965 2328 solum
997 2275 1297 2344 jucundam
1331 2286 1377 2329 et
1403 2275 1603 2339 utilem,
1628 2277 1718 2328 sed
1744 2275 1903 2328 etiam
1943 2293 2035 2330 ne-

437 2367 723 2420 cessariam
755 2383 848 2436 per
872 2383 1024 2420 omne
1050 2367 1167 2421 vita:
1199 2377 1400 2434 tempus
1439 2385 1552 2422 esse
1599 2368 1856 2421 duxisset.
1886 2370 2033 2424 Satis

435 2463 561 2522 apte
591 2455 846 2509 describit
880 2454 1192 2520 Perionius,
1247 2456 1370 2524 quis
1409 2466 1518 2510 tum
1547 2470 1691 2514 esset
1716 2461 1790 2514 rei
1816 2461 2030 2514 littera-

436 2544 531 2598 riae
554 2554 749 2607 status.
783 2559 906 2598 cum
930 2553 1170 2599 veterum
1205 2545 1468 2600 librorum
1493 2556 1546 2601 et
1585 2549 2028 2606 inveniendorum

435 2646 493 2690 et
520 2637 573 2692 in
611 2636 882 2706 publicam
914 2637 1087 2692 lucem
1120 2638 1454 2694 edendorum
1509 2643 1688 2696 studia
1735 2642 2025 2713 ferverent,

435 2729 702 2799 praecipue
730 2744 796 2784 ex
829 2745 934 2801 quo
952 2731 1275 2787 Franciscus
1301 2735 1340 2800 l,
1373 2733 1466 2804 qui
1492 2734 1692 2790 mirum
1722 2735 1774 2788 in
1808 2736 2029 2789 modum

431 2821 732 2878 elaboravit
761 2832 817 2877 ut
856 2839 919 2876 ea:
950 2820 1159 2877 Grtccia
1189 2833 1347 2894 atque
1374 2827 1592 2893 Judaza,
1626 2836 1684 2880 ut
1715 2828 1792 2881 ait
1836 2826 2024 2882 Perio-

431 2916 574 2978 nius,
597 2933 790 2986 magna
818 2919 1073 2971 librorum
1104 2917 1410 2975 Grtecorum
1439 2931 1593 2990 atque
1642 2919 2024 2975 Hebraicorum

430 3005 709 3061 multitudo
757 3021 1198 3077 comportaretur,
1257 3010 1452 3064 multos
1489 3027 1592 3065 non
1628 3012 1810 3066 Gallos
1846 3016 2024 3081 modo,

429 3098 522 3152 sed
546 3101 704 3152 etiam
758 3100 926 3155 Italos
974 3111 1131 3173 atque
1186 3102 1453 3172 Hispanos
1487 3113 1535 3158 et
1580 3103 1872 3160 Germanos
1901 3107 2022 3177 pul-

427 3189 687 3243 cherrimo
723 3192 957 3261 exemplo
999 3193 1345 3250 incitaverat.

501 3279 743 3352 Utraque
773 3286 1029 3355 Apologia
1075 3286 1269 3342 Joanni
1303 3287 1499 3359 Burgio
1529 3288 1800 3345 Olivetani
1835 3292 1886 3346 in
1927 3291 2020 3346 Bi-

429 3374 697 3442 turigibus
736 3377 969 3431 cmuobii
1003 3377 1188 3432 abbati
1230 3388 1566 3447 nuncupata,
1609 3396 1767 3450 quem
1819 3383 2020 3437 dudum

431 3464 714 3521 Perionius
735 3469 788 3521 in
822 3469 1116 3522 amicitiam
1143 3473 1396 3536 ascitum,
1421 3487 1527 3525 non
1559 3473 1841 3527 desinebat
1868 3483 1924 3528 et
1951 3475 2020 3528 ad

428 3560 756 3613 retinendam
786 3564 1302 3632 perpetuandamque
1332 3566 1627 3618 studiorum
1659 3566 1915 3619 rationem
1969 3575 2020 3620 et

428 3651 500 3702 nd
523 3667 714 3705 munus
735 3653 1067 3721 prtefecturm
1095 3671 1160 3708 ea:
1194 3670 1292 3711 sua
1336 3657 1590 3726 dignitate
1619 3667 1667 3710 et
1701 3673 1766 3711 ea:
1794 3673 2019 3714 suorum

428 3743 658 3798 utilitate
681 3747 1064 3815 exsequendum
1104 3747 1347 3803 incitare.

499 3833 809 3891 Cohortatio
845 3841 914 3892 ad
950 3837 1160 3894 Crtecos
1191 3850 1246 3894 et
1289 3837 1445 3895 Liber
1478 3842 1546 3895 de
1573 3841 1880 3895 monarchia
1914 3843 2016 3897 sub

429 3928 707 3986 Francisci
745 3932 936 3987 Boheri
966 3935 1203 4005 episc0pi
1252 3935 1634 3990 Macloviensis
1665 3938 1886 3991 nomine
1918 3950 2017 4006 ap-

425 4035 638 4092 parent,
685 4025 772 4080 cui
825 4025 1113 4080 Perionius
1165 4025 1392 4096 ejusque
1451 4028 1718 4082 avunculo
1755 4028 2016 4101 Dionysio

426 4115 716 4172 Bricoueto
751 4118 937 4173 abbati
969 4118 1420 4173 Cormmriacensi
1453 4129 1506 4172 et
1534 4119 1786 4189 episcopo
1816 4119 2014 4174 Maclo-

381 4273 394 4278 _
425 4207 599 4262 viensi
633 4207 922 4278 plurimum
952 4210 1200 4264 debebat.
1236 4208 1372 4263 Nam
1399 4225 1521 4263 cum
1559 4210 1812 4265 Perionio
1862 4210 2016 4264 beni-

425 4301 681 4370 gnitatem
711 4315 863 4356 suam
898 4301 1153 4355 claudere
1184 4289 1383 4357 vellent
1413 4302 1502 4372 qui
1533 4302 1582 4356 ei
1615 4300 1812 4355 litteris
1841 4300 2011 4354 Lute-

427 4395 514 4449 tia:
559 4409 781 4462 operam
841 4395 990 4448 danti
1045 4395 1228 4449 omnia
1284 4396 1784 4465 suppeditaverant,
1821 4395 1909 4450 ubi
1959 4393 2014 4448 id

426 4484 1045 4552 compcritBriconetus,
1082 4485 1200 4540 suis
1230 4485 1379 4540 illum
1425 4487 1618 4555 opibus
1663 4485 1820 4550 fovit,
1859 4500 2012 4538 eum-

424 4590 530 4644 que
579 4575 812 4628 tnoricns
865 4574 1154 4630 Fraucisco
1194 4577 1427 4641 Bohero,
1489 4578 1644 4647 cujus
1691 4594 1796 4633 non
1829 4579 2009 4634 minus
2042 4585 2084 4638 Ι)

425 4667 634 4736 prolixa
660 4666 758 4720 fttit
793 4667 1170 4733 beneficentia,
1205 4669 1630 4723 commendavit.

391 4737 416 4801 ’δ
495 4757 631 4812 Cum
662 4757 1059 4827 Expositionem
1085 4759 1211 4826 ﬁdei
1233 4760 1522 4827 genuinum
1554 4774 1678 4814 esse
1702 4758 1901 4815 Justini
1937 4761 2015 4816 fe-

427 4860 539 4905 tum
581 4851 922 4907 existimaret
975 4852 1291 4918 Periouius,
1322 4867 1422 4906 nec
1487 4851 1625 4906 labis
1677 4851 2012 4908 Nestorianze

426 4943 689 5011 maculas,
737 4943 933 5014 quibus
961 4944 1064 4999 hoc
1094 4959 1231 5014 opus
1259 4945 1494 4999 inustum
1523 4953 1627 5011 est,
1663 4946 2010 5000 animadver-

427 5035 601 5098 tisset,
631 5049 738 5090 non
793 5038 1001 5105 putavit
1049 5051 1108 5091 se
1156 5036 1327 5089 ullum
1374 5037 1592 5101 librum,
1642 5039 1731 5106 qui
1772 5038 2007 5108 majores

428 5129 918 5196 prastantioresque
948 5145 1027 5182 res
1055 5129 1362 5194 contineret,
1395 5145 1544 5197 posse
1578 5131 1780 5183 mittere
1818 5129 2010 5183 Carolo

431 5220 755 5290 Lotharingo
790 5219 1072 5284 cardinali,
1108 5221 1462 5290 adiunxitque
1488 5218 1778 5286 Epistulam
1813 5221 1879 5272 ad
1910 5218 2012 5272 Ze-

431 5329 552 5365 nam
581 5323 628 5366 et
676 5311 953 5377 Serenum,
982 5321 1036 5367 et
1063 5315 1290 5383 quinque
1323 5313 1653 5378 Quaestioncs
1688 5313 2014 5367 Christiano-

432 5421 547 5458 rum
573 5408 640 5459 ad
675 5403 907 5465 Graecos.
935 5405 1176 5475 Reliquae
1206 5407 1533 5472 Quwstiones
1555 5409 1845 5464 Francisco
1866 5409 2008 5463 Tur-

431 5499 594 5551 "0nio
623 5499 882 5553 cardinali
933 5500 1331 5554 inscribuntur.
1376 5500 1668 5569 Supererat
1711 5501 2010 5554 Aristotelis

430 5588 741 5658 Confutatio
773 5607 790 5645 :
822 5595 958 5646 hanc
987 5595 1037 5645 in
1069 5593 1286 5648 nomine
1345 5585 1630 5648 Philiberti
1673 5593 1840 5648 Baboi
1895 5595 2010 5663 epi—

431 5683 575 5750 scopi
608 5681 1033 5753 Engolismensis
1085 5685 1274 5748 edidit,
1310 5689 1548 5756 satisque
1581 5687 1814 5755 ingenue
1846 5686 2009 5739 timo-

430 5787 544 5827 rem
574 5789 728 5828 suum
759 5775 978 5844 fatetur,
1033 5791 1097 5830 ne
1152 5777 1310 5848 hujus
1339 5777 1460 5831 libri
1491 5779 1710 5832 lectione
1750 5779 1842 5829 aiit
1875 5795 1905 5829 u
1934 5778 2010 5831 le-

431 5879 594 5936 gena.1
619 5866 894 5922 Aristotele
933 5869 1097 5938 magis
1128 5886 1288 5940 quam
1333 5867 1554 5924 Platone
1620 5872 2006 5924 deterreantur.

2141 617 2336 686 ciplina
2369 621 2525 689 plane
2580 621 3273 688 repudiatadristotelicam
3326 625 3382 678 in
3439 625 3539 678 hac
3581 628 3733 693 prin-

2139 711 2250 778 cipe
2287 714 2520 766 omnium
2552 711 2826 766 academia
2857 722 2907 766 et
2937 716 3404 778 comprobaverunt
3447 717 3570 786 ipsi,
3607 728 3659 771 et
3700 735 3734 771 α

2137 803 2247 856 suis
2311 805 2525 878 probari
2576 805 2889 874 retinerique
2946 806 3243 863 voluerunt.
3301 806 3488 878 Itaque
3528 810 3732 866 Justini

2137 906 2323 946 amore
2355 901 2408 948 et
2446 877 2629 948 εἴιιάἰο
2660 910 2765 949 non
2795 897 2932 952 adeo
2955 897 3197 962 effertur,
3233 908 3291 953 ut
3318 877 3523 956 victum
3561 905 3627 959 ab
3662 921 3732 960 eo

2133 985 2480 1040 Aristotelem
2508 995 2686 1055 putet.
2729 986 3032 1052 Quinetiam
3057 991 3154 1044 hoc
3188 1009 3303 1046 vere
3343 1010 3554 1063 possum
3584 995 3735 1051 dice-

2136 1091 2209 1140 re,
2245 1077 2445 1146 inquit,
2478 1077 2844 1145 Aristoteleos,
2875 1082 2921 1134 si
2956 1082 3112 1136 velint
3164 1085 3436 1155 (quoniam
3467 1090 3574 1142 suis
3605 1097 3730 1142 tan-

2130 1177 2244 1220 tum
2268 1169 2558 1236 rationibus
2591 1181 2746 1240 atque
2771 1173 3044 1242 principiis
3063 1191 3181 1229 eum
3211 1174 3460 1233 Justinus
3489 1181 3585 1234 hoc
3608 1180 3730 1234 loco

2135 1258 2352 1328 refellit,
2382 1277 2544 1330 neque
2569 1262 2708 1315 enim
2735 1263 2900 1316 alieni
2920 1281 2950 1316 a
2985 1265 3232 1335 religione
3264 1281 3443 1323 nostra
3487 1272 3730 1325 homines

2131 1354 2446 1423 scriptorum
2476 1355 2772 1408 divinorum
2800 1358 3108 1413 testimoniis
3139 1363 3318 1429 urgeri
3337 1365 3613 1432 possunt),
3635 1365 3727 1428 fa-

2131 1445 2232 1498 cile
2256 1461 2406 1512 posse
2434 1444 2503 1497 ad
2529 1461 2611 1509 ea,
2634 1461 2753 1514 qua:
2797 1457 2982 1500 contra
3026 1463 3168 1513 eum,
3212 1451 3422 1506 sublata
3472 1455 3754 1523 religione'

2131 1545 2333 1605 nostra,
2367 1535 2537 1590 ualere
2560 1536 2680 1601 vult,
2713 1539 3023 1604 respondere
3045 1556 3066 1594 :
3095 1558 3212 1595 cum
3247 1547 3537 1610 prasertim
3572 1547 3726 1600 nulla

2129 1627 2197 1679 sit
2247 1627 2377 1680 adeo
2419 1626 2606 1680 debilis
2643 1627 2878 1696 maleque
2923 1630 3162 1686 instituta
3213 1635 3512 1704 disciplina,
3566 1644 3726 1706 cujus

2128 1717 2362 1773 homines
2383 1719 2634 1788 principis
2665 1721 2748 1773 sui
2774 1722 2982 1776 decreta
3004 1725 3283 1792 defendere
3313 1745 3416 1782 non
3457 1732 3684 1798 possint.

2205 1811 2364 1866 Anno
2401 1813 2686 1881 sequenti,
2721 1812 2771 1866 id
2805 1821 2889 1867 est
2918 1815 3090 1882 1555,
3125 1819 3324 1887 prodiit
3365 1821 3621 1888 Basileaa,
3656 1839 3727 1879 ac

2139 1903 2336 1957 iterum
2366 1903 2601 1960 Parisiis
2625 1917 2826 1958 excusa
2865 1914 2949 1960 est
2975 1923 3120 1964 anno
3150 1911 3289 1964 l575
3319 1911 3421 1966 alia
3454 1913 3728 1983 interpre-

2139 1996 2303 2061 tatio,
2333 1998 2603 2054 adornata
2633 2017 2660 2055 a
2696 2000 3046 2071 Sigismundo
3079 2003 3340 2070 Gelenio,
3372 2008 3465 2075 qui
3494 2024 3615 2062 cum
3662 2012 3720 2064 in

2137 2086 2254 2156 ipso
2299 2103 2462 2144 cursu
2497 2100 2750 2148 mortuus
2796 2095 3161 2163 interruptum
3199 2111 3336 2164 opus
3382 2099 3719 2168 reliquisset,

2141 2179 2535 2236 absolvendum
2565 2187 2808 2254 suscepit
2839 2188 2923 2241 vir
2961 2188 3180 2256 quidam
3229 2187 3418 2243 Graece
3445 2202 3498 2245 et
3528 2191 3722 2248 Latine

2137 2273 2343 2339 peritus
2374 2275 2464 2344 qui
2488 2315 2504 2341 ,
2559 2288 2616 2331 ut
2648 2288 2877 2332 testatur
2909 2276 3164 2333 Nicolaus
3193 2280 3479 2348 episcopus
3523 2283 3573 2335 in
3606 2285 3723 2335 Atl-

2133 2367 2424 2419 monitione
2444 2367 2515 2419 ad
2538 2367 2784 2421 lectorem
2809 2408 2824 2432 ,
2863 2385 2964 2421 non
3014 2369 3185 2422 solum
3229 2369 3389 2424 libros
3421 2382 3720 2439 postremos

2132 2453 2256 2521 fecit
2287 2453 2507 2510 Latinos
2535 2495 2552 2521 ,
2598 2459 2688 2511 sed
2725 2459 2920 2512 multos
2971 2463 3130 2512 etiam
3161 2459 3302 2513 locos
3333 2463 3384 2515 in
3424 2463 3718 2530 prioribus,

2132 2547 2219 2597 ubi
2243 2549 2480 2600 carmina
2513 2565 2580 2601 ea:
2601 2551 2909 2603 auctoribus
2939 2551 3154 2617 [nerant
3190 2551 3438 2620 allegata,
3465 2570 3581 2623 qua:
3604 2552 3721 2607 δι’»

2131 2639 2300 2692 lenius
2345 2656 2407 2691 ne
2456 2656 2565 2694 sute
2616 2642 3074 2710 interpretationis
3128 2659 3340 2697 cursum
3385 2657 3719 2710 moraretur,

2130 2731 2522 2786 transilierat...
2578 2733 2873 2802 supplevit,
2925 2751 3079 2788 sensu
3133 2745 3304 2790 tamen
3351 2740 3516 2807 magis
3551 2756 3738 2809 quam.

2130 2824 2362 2875 carmine
2387 2862 2402 2887 ,
2439 2824 2644 2878 etiamsi
2688 2837 2839 2893 poeta
2874 2828 2944 2880 sit
2985 2829 3240 2893 eximius,
3285 2831 3585 2885 exhibito...
3619 2848 3722 2885 ex-

2129 2916 2320 2969 cellens
2369 2917 2526 2968 etiam
2559 2917 2740 2970 multis
2769 2919 2890 2971 aliis
2934 2918 3030 2972 Dei
3060 2920 3211 2974 donis
3233 2959 3248 2984 ,
3277 2924 3503 2974 maxime
3534 2934 3719 2976 autem

2129 3007 2467 3059 restituendis
2501 3009 2774 3078 utriusque
2817 3009 3010 3079 lingua:
3040 3011 3351 3079 scriptorum
3377 3013 3721 3080 depravatio-

2127 3097 2278 3151 ni‘bus
2308 3115 2327 3154 :
2359 3099 2422 3152 de
2444 3117 2546 3168 quo
2571 3110 2718 3153 tanta
2749 3103 2968 3169 parcius
2995 3101 3206 3172 loquar,
3233 3115 3429 3173 quanto
3451 3104 3504 3157 id
3533 3106 3718 3157 notius

2124 3202 2199 3246 est
2225 3191 2487 3260 pluribus.

2197 3282 2441 3337 Extremi
2478 3283 2639 3350 libri,
2674 3284 2766 3353 qui
2810 3286 3030 3341 erudito
3075 3287 3196 3343 viro
3245 3287 3312 3342 ad
3343 3288 3720 3356 interpretan-

2125 3375 2251 3429 dttm
2294 3375 2468 3430 relicti
2523 3387 2683 3442 sunt,
2727 3377 2980 3431 videntur
3029 3394 3149 3434 esse
3193 3379 3412 3433 Aristot.
3469 3381 3716 3449 dogmat.

2125 3467 2480 3535 Confutatio,
2535 3468 2863 3533 Quwstiones
2921 3471 2991 3525 ad
3039 3472 3320 3525 orthodox.
3377 3482 3542 3541 atque
3586 3475 3719 3529 alia:

2123 3558 2551 3613 Christianorum
2592 3561 2664 3613 ad
2689 3559 2901 3617 Graecos
2934 3573 2988 3617 et
3016 3561 3321 3618 ercorum
3347 3566 3414 3618 ad
3443 3564 3718 3620 Christia-

2123 3664 2216 3700 nos
2246 3649 2596 3713 Quwstiones.
2631 3651 2756 3705 Haec
2811 3654 2955 3707 enim
2987 3655 3326 3720 accuratius,
3359 3672 3521 3725 quam
3563 3659 3716 3714 solut

2119 3740 2415 3805 Gelenius,
2460 3741 2616 3796 fuere
2657 3745 2891 3798 reddita.
2940 3745 3171 3815 Dignum
3209 3754 3330 3800 erat
3360 3747 3559 3801 eruditi
3599 3749 3712 3803 viri

2121 3849 2358 3897 nomen,
2395 3834 2536 3903 quod
2567 3837 2804 3904 posteris
2851 3838 3172 3906 proderetur
3217 3853 3232 3891 :
3281 3838 3374 3892 sed
3405 3838 3548 3892 forte
3571 3855 3600 3892 a
3639 3841 3711 3893 li-

2119 3923 2305 3981 brario
2342 3928 2767 3996 praetermissum
2787 3967 2804 3994 ,
2833 3938 2890 3983 ut
2938 3929 3083 3983 illius
3118 3931 3396 3985 modestia:
3424 3943 3706 4001 parceret.

2117 4017 2176 4071 ln
2212 4020 2316 4073 hac
2358 4019 2597 4074 editione
2629 4022 2898 4076 retinetur
2952 4038 3179 4090 operum
3217 4024 3353 4078 ordo
3383 4039 3544 4094 quem
3593 4022 3711 4078 Ro-

2116 4109 2303 4165 bertus
2344 4109 2656 4180 Stephanus
2702 4113 3110 4168 observaverat.
3158 4114 3214 4168 In
3265 4116 3504 4169 editione
3544 4114 3710 4169 Pari-

2117 4201 2308 4267 siensi,
2333 4218 2453 4272 quae
2482 4219 2625 4258 anno
2659 4203 2798 4258 1575
2826 4205 3049 4272 prodiit,
3085 4207 3341 4276 adjuncta
3371 4216 3455 4262 est
3478 4206 3534 4261 S.
3563 4206 3704 4276 llip-

2114 4293 2281 4364 polyti
2303 4295 2482 4349 oratio
2500 4296 2565 4350 de
2584 4298 3052 4352 consummatione
3065 4300 3249 4353 mundi
3265 4300 3701 4367 etAnticbrisw,

2114 4395 2168 4440 ct
2195 4386 2433 4442 secundo
2460 4387 2706 4444 Adventu
2744 4389 2957 4445 Domini
3007 4389 3138 4446 Jesu
3169 4391 3373 4459 Christi
3413 4409 3483 4448 ex
3519 4393 3704 4449 inter-

2115 4481 2421 4542 pretatione
2449 4479 2676 4536 Joannis
2700 4481 2838 4539 Pici.

2185 4567 2419 4625 Joannes
2438 4570 2654 4643 Langus
2679 4572 2912 4629 Silesius
2930 4574 3150 4628 tertiam
3180 4574 3701 4643 interpretationem

2115 4674 2258 4712 anno
2303 4660 2438 4714 1565
2488 4662 2541 4716 in
2573 4664 2750 4719 lucem
2783 4665 2966 4720 emisit
3013 4665 3273 4730 Basilete,
3309 4667 3509 4722 additis
3545 4683 3705 4722 com-

2114 4753 2414 4807 mentariis.
2459 4752 2608 4822 Opus
2651 4756 2962 4811 absolverat
3008 4767 3303 4826 antequam
3352 4757 3593 4814 Perionii
3645 4773 3705 4816 ct

2113 4840 2324 4897 Gelenii
2373 4845 2822 4902 elucubrationes
2881 4849 2934 4902 in
2993 4849 3111 4918 ejus
3159 4865 3353 4904 manus
3409 4851 3696 4916 venirent;

2114 4939 2230 5001 sed,
2263 4938 2327 4992 iis
2358 4939 2636 5006 perlectis,
2678 4948 2908 4995 testatur
2931 4957 3036 4995 non
3061 4943 3222 4997 modo
3245 4955 3423 5010 opera
3445 4956 3558 4996 sua:
3583 4957 3697 4996 non

2112 5045 2171 5084 se
2203 5033 2549 5099 ptenituisse,
2583 5033 2675 5086 sed
2701 5032 2866 5086 etiam
2900 5034 3114 5088 animos
3146 5033 3467 5099 accessisse,
3486 5041 3545 5085 ut
3569 5047 3697 5087 eam

2111 5124 2391 5179 hominum
2417 5123 2639 5194 judiciis
2671 5125 2930 5182 libentius
2961 5127 3349 5181 committeret.
3388 5124 3495 5180 Sua
3536 5125 3698 5182 illum

2111 5233 2233 5288 spes
2273 5234 2378 5272 non
2412 5217 2636 5286 fefellit;
2671 5238 2796 5275 nam
2827 5220 2945 5288 ejus
2986 5221 3358 5287 interpretatio
3386 5219 3508 5272 aliis
3533 5230 3700 5274 antc—

2112 5311 2368 5379 ponitur;
2404 5313 2499 5367 sed
2538 5322 2720 5366 tamen
2752 5312 2851 5367 etsi
2884 5326 2990 5365 non
3020 5320 3127 5364 tam
3158 5310 3393 5366 licenter
3419 5312 3700 5382 interpre-

2114 5413 2257 5457 tatur
2281 5421 2443 5474 quatn
2477 5404 2734 5459 Gelenius
2758 5445 2773 5469 ,
2826 5419 2926 5458 nec
2966 5413 3072 5457 tam
3102 5419 3244 5473 sape
3284 5405 3486 5459 labitur
3513 5421 3696 5472 quam

2112 5495 2394 5552 Periouius
2419 5539 2435 5564 ,
2474 5500 2589 5553 suis
2622 5510 2801 5553 tamen
2831 5499 3032 5553 erratis
3072 5515 3179 5555 non
3229 5508 3415 5564 caret,
3453 5515 3697 5568 quorum

2111 5591 2369 5646 nonnulla
2423 5589 2735 5660 elfngisset,
2781 5590 2827 5645 si
2868 5589 3105 5645 Perionii
3141 5600 3196 5646 et
3244 5589 3460 5644 Gelenii
3513 5592 3692 5645 inter-

2110 5684 2445 5750 pretationes
2503 5698 2627 5736 cum
2685 5699 2782 5736 sua
2853 5683 3146 5753 diligenter
3203 5683 3556 5741 contulisset;
3630 5683 3698 5729 ut

2110 5777 2357 5829 omittam
2392 5775 2536 5828 illam
2576 5775 2840 5829 imitando
2870 5785 3101 5845 utroque
3129 5773 3421 5828 ciartorem
3453 5782 3602 5836 saepe
3635 5776 3696 5820 et

2111 5865 2498 5935 elegantiorem
2545 5865 2663 5919 ﬁeri
2716 5867 2981 5934 patuisse.
3017 5865 3191 5936 Langi
3240 5857 3694 5931 interpretationi
