3792 6474
93 381 155 434 13
1125 381 1186 437 D.
1227 383 1490 437 MARANI
1524 383 1665 438 ΡΒᾸ

1814 383 1914 438 ῚΟ.
1957 415 2020 423 ο-
2055 383 2237 441 PARS
2271 385 2311 440 l.
3288 394 3352 447 14

92 499 259 550 honor
292 496 522 553 habitus
552 500 652 554 fuit
676 499 729 554 in
759 499 1104 564 editionibus,
1136 520 1255 574 qua:
1286 514 1468 574 postea
1509 507 1674 576 prod-
1704 511 1749 569 Α
1777 507 2072 576 addidit,|et
2088 509 2246 576 juxta
2267 512 2613 577 quorumdam
2645 511 3042 567 Neotericorum
3074 515 3349 568 doctorum

94 591 297 652 ierunt,
357 601 594 660 evcepta
654 605 834 649 tamen
871 595 1213 652 Bibliotheca
1247 598 1470 653 Patrum
1518 601 1677 655 Colo—
1777 600 2118 664 doctrinam,
2155 603 2246 672 qui
2278 604 2341 655 ab
2368 619 2428 657 eo
2459 605 2711 657 nominati
2747 622 2851 658 non
2891 608 2964 659 ita
3011 609 3214 676 pridem
3254 615 3346 661 tle-

95 680 266 734 niensi
301 684 428 736 anni
461 684 628 751 1618,
665 685 720 739 in
772 703 934 757 quam
965 700 1179 759 recepta
1215 689 1314 743 fuit
1347 692 1676 761 interpreta-

95 770 169 825 tio
206 769 469 826 Perionii.

161 863 321 935 Langi
360 881 506 936 opus
536 868 914 926 consideranti
959 872 1088 926 mihi
1122 874 1310 927 mirari
1359 873 1525 928 subiit
1573 875 1670 928 ho-

89 955 245 1010 minis
271 959 618 1013 sententiam
651 959 719 1014 de
754 962 1172 1030 controversiis,
1198 978 1318 1032 qua:
1341 972 1451 1016 tum
1478 980 1672 1034 magno

89 1059 213 1101 testu
251 1049 564 1106 fervebant.
617 1052 674 1107 In
707 1055 936 1124 epistola
976 1059 1369 1125 nuncnpatoria
1402 1060 1468 1112 ad
1501 1059 1674 1112 Maxi-

89 1142 370 1196 milianum
404 1143 686 1200 Bohemiae
732 1161 914 1214 regem
965 1147 1112 1218 luget
1156 1159 1376 1203 exortas
1405 1152 1471 1205 ab
1513 1153 1672 1205 anuis

89 1235 204 1297 plus
235 1235 423 1290 minus
458 1239 822 1310 quadraginta
861 1240 914 1294 in
947 1240 1244 1296 Germania
1291 1251 1347 1297 et
1375 1244 1671 1300 aliis-locis

87 1330 490 1386 dissensiones.
535 1335 607 1386 At
629 1350 695 1390 eo
722 1351 1012 1403 consensu,
1044 1336 1138 1406 qui
1171 1337 1261 1392 his
1287 1339 1354 1392 de
1385 1339 1548 1392 rebus
1576 1355 1672 1390 an-

90 1432 169 1474 tea
201 1422 427 1492 vigebat
469 1441 568 1481 nec
597 1429 780 1497 vigere
827 1428 970 1483 inter
1005 1429 1311 1484 catholicos
1356 1430 1534 1492 desiit,
1575 1432 1671 1483 mi-

95 1515 230 1569 nime
261 1527 543 1571 movetur.
600 1520 835 1575 Sanctos
881 1521 1075 1577 Patres
1121 1522 1338 1591 plurimi
1374 1523 1550 1578 facere
1583 1527 1667 1577 vi-

96 1610 245 1661 detur
267 1648 284 1673 ,
317 1612 716 1681 contenditque
743 1627 932 1667 eorum
961 1653 976 1678 ,
1007 1623 1259 1684 tanquam
1293 1613 1544 1670 Ecclesia:
1582 1617 1667 1669 lu-

97 1716 389 1763 cernarum,
413 1719 662 1771 magnam
721 1704 776 1757 in
811 1722 874 1758 ea
927 1722 1039 1760 esse
1082 1708 1270 1760 debere
1297 1709 1668 1762 auctoritatem

99 1806 192 1841 non
211 1792 462 1857 privatim
499 1803 707 1847 tantum
739 1797 882 1864 apud
905 1797 1160 1866 singulos,
1188 1814 1365 1851 verum
1387 1799 1544 1852 etiam
1572 1817 1669 1865 pu-

1775 704 2064 749 cesserunt.
2103 693 2225 748 Non
2252 697 2390 750 enim
2417 735 2432 761 ,
2479 707 2534 749 ut
2581 697 2789 765 opinor,
2822 698 3001 763 aliter,
3035 699 3174 753 sicut
3211 702 3349 760 dixi.

1778 787 1885 839 illis
1916 787 2225 854 satisfacere
2250 791 2439 855 potuit.
2491 787 2602 842 Nec
2629 789 2818 841 dubito
2849 792 2976 859 quin
3001 793 3244 861 princeps
3283 797 3350 859 is,

1773 892 1879 944 qua
1919 887 1996 930 est
2036 879 2316 944 prudentia
2359 881 2648 946 prwditus,
2679 882 2742 934 de
2771 899 2868 936 suo
2901 883 3067 949 ipsius
3105 884 3351 947 consilio,

1774 970 1821 1022 si
1851 984 1946 1037 per
1966 971 2340 1024 seditiosorum
2374 973 2646 1025 hominum
2672 974 3129 1042 importunitatem
3169 977 3352 1030 licuis-

1774 1071 1873 1125 set,
1900 1078 1996 1130 pro
2027 1063 2240 1116 novellis
2266 1065 2613 1132 scriptoribus
2638 1067 2882 1137 antiquos
2910 1067 3119 1136 Patres,
3138 1070 3352 1127 Grtecos

1774 1163 1821 1206 et
1862 1151 2074 1208 Latinos
2103 1155 2264 1222 fuerit
2301 1158 2646 1222 repositurus.

1847 1243 1903 1298 In
1935 1246 2286 1314 disponendis
2334 1249 2390 1302 S.
2423 1246 2622 1304 Justini
2663 1253 2920 1320 cperibus
2947 1257 3232 1311 materiam
3266 1274 3350 1312 se-

1773 1347 1932 1390 cutns
1971 1348 2096 1403 est,
2138 1352 2201 1392 ac
2228 1338 2500 1394 Justinum
2535 1343 2585 1395 in
2611 1351 2723 1398 tres
2757 1355 2930 1400 tomos
2957 1348 3172 1413 divisit,
3211 1365 3351 1420 quo-

1775 1443 1891 1482 rum
1921 1429 2097 1497 primo
2129 1432 2477 1486 continentur
2507 1434 2832 1502 Cohortatio,
2863 1437 3017 1492 Liber
3047 1442 3112 1494 de
3141 1457 3354 1496 monar-

1773 1519 1933 1585 chia,
1986 1521 2105 1573 dua:
2162 1523 2448 1594 Apologiw,
2495 1527 2691 1594 quibus
2743 1529 3058 1601 adiungitur
3119 1533 3354 1587 Athena-

1771 1628 1913 1679 gora:
1955 1611 2202 1682 Legatio,
2257 1618 2494 1687 denique
2536 1621 2835 1676 Aristotelis
2870 1625 3174 1694 dogmatum
3208 1628 3350 1681 Con-

1773 1704 1966 1772 futatio
2025 1722 2149 1760 cum
2214 1711 2546 1778 Appendice,
2583 1723 2642 1765 ιιι
2699 1716 2838 1783 apud
2875 1715 3188 1787 [Rcbertum
3231 1719 3351 1772 Ste-

1773 1796 2033 1863 phanum,
2100 1807 2154 1852 et
2181 1799 2512 1864 Qua'stiones
2551 1801 2976 1860 Christianorum
3014 1810 3081 1861 ad
3114 1808 3348 1865 Grmcos.

102 1883 220 1937 blice
246 1884 300 1937 in
333 1887 682 1941 conventibus
718 1890 886 1943 sacris
916 1901 963 1944 et
987 1891 1225 1946 conciliis
1249 1891 1391 1959 apud
1420 1893 1668 1946 mortales
1699 1887 1744 1946 Β
1772 1884 1998 1942 Τοηιυῐη
2028 1891 2326 1944 secundum
2369 1891 2559 1960 implet
2601 1894 2857 1966 Dialogus
2898 1915 3016 1952 cum
3053 1899 3350 1971 Tryphon.

101 1976 372 2040 universos,
406 1981 600 2044 quibus
645 1983 856 2036 nomine
883 1993 930 2037 et
972 1984 1144 2052 gloria
1188 1985 1388 2038 Christi
1415 1996 1463 2040 et
1498 1987 1672 2040 salute

99 2070 299 2132 propria
327 2070 466 2122 nihil
494 2082 571 2124 est
599 2075 748 2138 prius
773 2084 821 2126 et
849 2075 1142 2142 antiquius.

162 2158 226 2209 At
271 2158 360 2214 ille
409 2173 734 2217 sanctorum
784 2164 1004 2218 Patrum
1053 2164 1302 2221 laudator
1331 2180 1491 2234 quam
1530 2166 1672 2221 male

98 2253 206 2305 suis
249 2253 365 2322 ipse
406 2265 522 2308 stat
560 2256 848 2325 principiis
879 2267 936 2311 et
971 2259 1258 2328 praeceptis
1301 2258 1665 2328 obsequitur'

98 2345 224 2398 Μαι
268 2346 392 2401 dum
444 2358 854 2404 commentatur
909 2351 1176 2420 insignem
1227 2349 1423 2406 Justini
1487 2351 1692 2405 locum.

95 2435 244 2502 Apol.
275 2438 321 2503 1,
352 2455 506 2492 num.
530 2439 724 2506 65,ubi
756 2440 814 2496 S.
848 2453 1054 2514 martyr
1085 2453 1191 2498 tam
1229 2444 1433 2498 diserte
1456 2454 1512 2499 et
1535 2460 1668 2498 con-

97 2535 298 2581 stanter
325 2543 614 2584 asseverat
664 2548 864 2603 panem
915 2544 970 2588 et
999 2535 1189 2588 vinum
1231 2535 1346 2590 ﬁeri
1381 2551 1577 2605 corpus
1614 2544 1670 2590 et.

95 2621 408 2688 sanguinem
446 2621 679 2687 Christi,
711 2639 874 2693 quam
918 2625 1094 2695 ipsum
1128 2626 1362 2683 Verbum
1396 2630 1667 2685 hominem

95 2723 208 2763 esse
233 2710 442 2765 factum
471 2715 637 2782 ;quid
672 2714 800 2768 huic
832 2718 1144 2774 testimonio
1172 2723 1390 2788 opponit
1416 2720 1671 2790 Longus?
1706 2779 1710 2782 η

99 2798 238 2854 Unus
265 2800 340 2854 illi
371 2818 478 2871 pro
505 2805 763 2860 omnibus
785 2805 1039 2862 Patribus
1083 2819 1167 2862 est
1200 2807 1516 2864 Valentinus
1538 2813 1671 2865 Cra-

102 2892 324 2958 toaldus,
352 2896 648 2966 presbyter
679 2897 1146 2965 Vratislaviensis,
1178 2917 1341 2971 quem
1376 2903 1426 2956 in
1461 2903 1669 2958 Graecis

101 2984 284 3041 litteris
313 2998 715 3058 praeceptorem
750 2991 1040 3046 habuerat.
1075 2993 1187 3048 Hoc
1216 3005 1585 3050 moustratore
1615 3007 1671 3051 et

101 3080 352 3146 magistro
403 3079 621 3147 fretus,
676 3082 884 3139 Christi
933 3085 1137 3151 verba,
1195 3085 1311 3141 Hoc
1359 3098 1436 3142 est
1479 3105 1668 3157 corpus

97 3185 277 3234 meum,
313 3170 398 3223 Itic
421 3181 499 3224 est
529 3176 751 3242 sanguis
778 3191 942 3237 meus,
979 3192 1076 3245 per
1104 3193 1324 3232 causam
1358 3178 1666 3248 explicandi

94 3262 498 3330 etexplanandi
549 3265 822 3322 invertere
877 3284 980 3323 non
1015 3269 1224 3323 dubitat
1272 3270 1415 3325 hunc
1450 3272 1502 3325 in
1554 3288 1666 3327 mo-

101 3353 214 3404 dum
237 3370 252 3405 :
277 3353 496 3425 Corpus
525 3370 707 3411 meum
735 3368 819 3413 est
865 3361 996 3424 hoc,
1031 3377 1211 3429 nempe
1239 3365 1392 3430 panis
1427 3375 1476 3417 et
1518 3365 1665 3418 cibus

103 3445 393 3510 spiritualis
444 3456 494 3500 et
525 3449 670 3502 vivus
697 3451 788 3520 qui
830 3453 896 3504 de
934 3455 1058 3509 coelo
1105 3454 1411 3520 descendit;
1445 3458 1666 3528 sanguis

104 3553 245 3592 meus
272 3549 357 3593 est
401 3541 529 3608 hoc,
578 3559 760 3614 nempe
800 3557 954 3614 potus
984 3547 1314 3616 spiritualis,
1342 3551 1579 3618 viviﬁcus
1620 3560 1668 3605 et

98 3632 328 3685 celestis.

154 3723 426 3783 Justitiam
460 3729 767 3798 putativam
815 3731 895 3786 sic
948 3733 1192 3802 exagitat
1224 3751 1237 3787 :
1271 3735 1436 3790 Fides
1479 3739 1668 3806 hujus-

97 3821 227 3872 tltodi
251 3863 266 3887 ,
323 3822 538 3889 inquit,
588 3823 880 3893 plurimum
920 3829 1092 3898 οἰήσει
1121 3842 1168 3883 et
1195 3829 1454 3903 δοκήσει,
1500 3833 1552 3888 id
1587 3845 1670 3888 est

97 3915 480 3970 existimatione
505 3928 554 3970 et
582 3920 829 3984 opinione
865 3921 1185 3989 concipitur,
1225 3926 1525 3979 substantia
1572 3943 1666 3980 ca-

97 4021 223 4067 rens,
242 4017 292 4059 et
315 4008 535 4076 justitia
560 4012 798 4076 putatioa
825 4011 1017 4064 nititur
1039 4022 1086 4066 et
1112 4016 1382 4079 consistit,
1410 4017 1669 4071 habitura

93 4099 236 4150 etiam
278 4099 362 4166 (ut
385 4101 671 4154 uerendum
694 4102 798 4167 est)
834 4117 1241 4161 consentaneum
1269 4108 1370 4161 sibi
1418 4126 1667 4164 munera-

96 4189 276 4242 tionem
302 4193 596 4258 putatioam
624 4205 670 4246 et
701 4197 1102 4253 retributionem
1151 4201 1555 4270 imaginariam.
1598 4203 1670 4258 Et

95 4280 318 4335 homines
349 4285 458 4337 otio
478 4287 694 4354 perditi,
727 4288 821 4357 qui
843 4289 898 4342 in
926 4291 1144 4346 dubium
1177 4306 1387 4361 vocant,
1413 4315 1480 4352 an
1509 4301 1667 4354 bene-

92 4372 243 4438 factis
295 4391 418 4442 opus
464 4379 532 4429 sit
573 4376 877 4433 Christiano
923 4384 992 4436 ad
1043 4385 1306 4449 salutem,
1349 4391 1477 4457 quid
1517 4391 1668 4444 aliud

91 4476 272 4534 agunt,
297 4486 454 4538 quam
477 4471 622 4538 quod
656 4478 934 4546 manifesto
963 4480 1283 4546 ostendunt,
1317 4497 1372 4535 se
1402 4483 1457 4536 in
1483 4485 1669 4552 dispu-

1777 1978 1996 2032 tertiutn
2027 1978 2306 2050 Expositio
2341 1984 2486 2050 ﬁdei,
2526 1986 2767 2054 Epistula
2802 1991 2871 2042 ad
2895 1990 3094 2046 Zenam
3117 2006 3165 2046 et
3196 1993 3352 2049 Sere-

1773 2083 1940 2132 num,
1983 2070 2311 2134 Quwstiones
2359 2085 2412 2129 et
2464 2076 2845 2147 Responsiones
2893 2084 2962 2136 ad
3005 2086 3326 2142 orthodoxos

1773 2174 1894 2214 cum
1936 2161 2327 2226 Quwstionibus
2368 2166 2678 2224 Grtvcorum
2708 2177 2777 2225 ad
2815 2174 3164 2233 Christianos.

1844 2251 1991 2308 Ante
2037 2255 2136 2311 hos
2189 2256 2520 2327 interpretes
2559 2261 2797 2320 Joannes
2827 2267 2992 2324 Picus
3022 2271 3351 2329 Mirandnla-

1773 2355 1877 2396 nus
1923 2341 2354 2402 Coltortationem
2406 2354 2474 2404 ad
2517 2351 2727 2408 Crtccos
2775 2356 2967 2416 Latine
3003 2364 3348 2431 reddiderat;

1774 2448 1894 2501 quze
1919 2435 2302 2508 interpretatio
2332 2441 2476 2497 inter
2507 2444 2622 2512 ejus
2654 2462 2821 2515 Opera
2855 2453 3000 2507 edita
3029 2465 3115 2510 est
3144 2457 3353 2529 Argen-

1775 2528 1938 2581 torati
1988 2544 2135 2586 anno
2164 2531 2322 2597 4507,
2354 2545 2409 2589 ct
2439 2535 2606 2591 Basil.
2642 2539 2871 2604 15283..
2913 2544 3030 2609 fo|.,
3069 2545 3121 2600 in
3149 2528 3352 2604 ansa-

1772 2620 1964 2676 chardi
1998 2622 2250 2679 Antidota
2282 2638 2466 2681 contra
2505 2632 2754 2697 Itarreses,
2789 2643 2843 2689 et
2888 2636 2939 2690 in
2966 2639 3352 2714 Micropresby-

1771 2713 1874 2766 tico
1919 2713 2088 2780 1550,
2135 2725 2191 2771 et
2225 2717 2733 2793 Orthodoxographo
2766 2727 2893 2783 1551
2923 2770 2939 2795 ,
2978 2733 3119 2789 1569
3142 2775 3158 2801 ,
3187 2713 3356 2807 atque

1774 2805 1970 2860 iterum
2005 2807 2147 2862 inter
2174 2808 2262 2864 «ιο.
2315 2811 2596 2870 Fraucisci
2647 2818 2757 2873 Pici
2790 2838 2955 2890 opera
2985 2823 3152 2880 Basil.
3188 2805 3350 2890 1601,

1774 2897 1828 2950 in
1863 2897 1986 2964 iob;
2043 2899 2437 2967 Refutationem
2484 2905 2784 2965 Aristotelis
2835 2915 3141 2984 dogmatum
3186 2927 3350 2977 vertit

1772 2988 1967 3046 Latine
2004 2993 2327 3052 Guilleltuus
2371 2998 2643 3057 Postellus
2667 3044 2682 3071 ,
2728 3004 2956 3065 Parisiis
2987 3029 3115 3069 ann.
3171 3017 3310 3072 1552
3334 3061 3349 3084 ,

1774 3083 1826 3136 in
1865 3084 1945 3138 8°.

1845 3178 2046 3236 Habuit
2074 3181 2239 3238 etiam
2267 3183 2518 3244 Justinus
2561 3191 2654 3260 qui
2682 3207 2807 3250 eum
2838 3195 3046 3257 Gallica
3073 3202 3254 3274 lingua
3288 3209 3352 3262 il-

1772 3269 2099 3328 lustrarent.
2129 3273 2305 3345 Opera
2338 3281 2525 3334 omnia
2555 3297 2583 3336 a
2633 3283 2874 3345 Boberto
2902 3269 3179 3362 Stephano
3207 3301 3348 3355 edita

1768 3361 1974 3420 Gallice
2019 3367 2255 3423 reddidit
2297 3369 2537 3430 Joannes
2576 3378 2644 3432 de
2673 3379 2952 3438 Maumont
2992 3361 3137 3444 anno
3187 3393 3349 3458 1554,

1771 3467 1936 3528 atque
1961 3459 2098 3516 hanc
2131 3465 2605 3526 elucubrationem
2634 3473 2892 3532 Monlucii
2935 3478 3198 3540 Valentia:
3229 3493 3347 3558 epi-

1771 3550 1921 3618 scopi
1970 3551 2188 3607 hortatu
2222 3569 2536 3626 susceptam
2567 3572 2622 3618 et
2655 3569 2796 3638 typis
2834 3569 3116 3631 Michaelis
3149 3550 3351 3634 Vasco.

1770 3643 1890 3696 Sani
1921 3658 2179 3700 excusatn
2207 3688 2223 3714 ,
2273 3651 2536 3708 cardinali
2579 3655 2950 3732 Lotharingia:
2994 3679 3348 3739 nuncupavit.

1773 3737 1900 3792 Hinc
1950 3741 2336 3809 interpretatio
2369 3747 2568 3803 iterum
2607 3767 2808 3809 excusa
2855 3773 2999 3815 anno
3031 3737 3348 3838 1559'apud

1773 3831 2045 3888 eumdem.
2093 3834 2296 3890 Eadem
2343 3838 2526 3911 lingua
2568 3842 2998 3906 Cohortatiouem
3027 3859 3096 3908 ad
3134 3831 3349 3915 Cruleos

1773 3932 1916 3975 anno
1944 3921 2082 3976 1580
2125 3923 2299 3981 Paris.
2329 3928 2593 3987 Martinus
2641 3934 2850 4005 Dupin;
2919 3944 3179 4010 majorem
3210 3950 3352 4017 Apo-

1773 4009 1971 4082 logiam
2013 4014 2298 4075 Cbanutus
2345 4036 2490 4076 anno
2533 4025 2704 4093 1670;
2761 4009 3056 4099 Epistolam
3112 4040 3183 4092 ad
3224 4009 3350 4096 Dio-

1773 4116 1986 4175 gnetum
2031 4107 2210 4164 Paris.
2259 4126 2405 4167 anno
2433 4116 2570 4169 1725
2603 4117 2662 4172 P.
2705 4120 2755 4176 le
2785 4122 2928 4180 Gras
2978 4127 3216 4187 Oratorii
3259 4151 3352 4188 Stt—

1775 4201 1972 4255 cerdos
2003 4202 2378 4259 reddiderunt.
2411 4207 2546 4262 Cum
2595 4211 2902 4271 delituisset
2929 4219 3215 4281 Chanutus
3249 4231 3352 4282 sub

1775 4295 1997 4349 nomine
2045 4295 2190 4353 Petri
2238 4299 2488 4366 Fondet,
2543 4303 2742 4361 iterum
2799 4310 2914 4365 haec
2969 4314 3352 4386 interpretato

1776 4401 1977 4442 excusa
2001 4397 2086 4442 est
2116 4405 2260 4445 anno
2286 4393 2443 4457 1686,
2476 4395 2576 4449 sub
2599 4413 2730 4453 vero
2759 4401 3073 4472 interpretis
3103 4414 3347 4472 nomine.

1775 4478 2104 4535 Germanice
2152 4480 2585 4539 Cohortationem
2651 4490 2721 4541 ad
2775 4489 2988 4551 Grtccos
3062 4499 3354 4566 illustravit

107 4561 346 4614 tationem
374 4564 679 4632 ambiguam
704 4566 958 4621 deducere
987 4568 1265 4624 Dominica
1296 4581 1344 4624 et
1372 4574 1664 4636 apostolica
1697 4585 1741 4640 Ῑ)
1772 4572 1978 4642 Caspar
2006 4575 2174 4630 Hedio
2199 4592 2346 4632 anno
2378 4579 2539 4645 1550,
2568 4596 2692 4637 cum
2721 4583 2962 4642 Historia
2991 4595 3352 4656 ecclesiastica

97 4654 303 4707 oracula
332 4657 680 4724 (prophetica
709 4661 927 4730 omitto)
956 4660 1071 4716 luce
1098 4663 1352 4727 clariora,
1383 4677 1432 4718 et
1477 4667 1542 4719 de
1566 4684 1658 4720 eo-

93 4763 199 4802 rm
244 4751 466 4803 veritate
495 4751 784 4806 dubitare?
823 4752 946 4808 Haec
976 4755 1049 4818 lin
1078 4757 1269 4811 eadem
1311 4760 1537 4829 epistola
1590 4762 1664 4818 le-

95 4851 244 4909 gunto
254 4858 298 4896 r.

156 4933 526 4989 Memorabilis
577 4945 660 4991 est
690 4948 912 4993 narrata
957 4955 988 4994 a
1033 4940 1219 5013 Lango
1263 4946 1552 5002 seditionis
1592 4949 1663 5004 ob

91 5023 492 5091 justiﬁeationis
521 5033 955 5086 controversiam
990 5046 1194 5090 exortae
1222 5038 1471 5093 historia.
1517 5039 1660 5094 Sub-

94 5127 198 5170 orta
228 5119 336 5187 fuit
383 5121 649 5188 proximis
696 5125 873 5187 annis,
907 5126 1108 5196 inquit,
1147 5143 1200 5197 p.
1229 5130 1319 5193 12,
1349 5132 1404 5184 in
1428 5142 1661 5201 quadam

93 5207 385 5267 Germanice
425 5214 622 5270 ditione
667 5218 732 5272 de
758 5218 1152 5287 justiﬁcaticne
1181 5223 1411 5278 hominis
1450 5227 1663 5279 schola-

92 5307 212 5360 stica
241 5307 539 5374 contentio,
569 5325 686 5377 qute
709 5311 901 5365 deinde
939 5313 994 5367 in
1021 5324 1258 5381 apertam
1288 5315 1661 5371 discessionem

93 5399 154 5449 ita
187 5403 359 5453 evasit
381 5440 397 5463 ,
435 5411 490 5453 ut
518 5403 691 5457 clerus
734 5404 807 5457 ibi
851 5422 1009 5475 prope
1035 5409 1204 5460 omnis
1241 5427 1272 5461 a
1299 5409 1537 5478 principe
1571 5412 1663 5465 de-

94 5494 337 5547 scisceret.
376 5493 564 5564 Neque
593 5496 683 5550 ille
709 5499 916 5552 ratione
943 5499 1053 5553 alia
1077 5502 1193 5556 suis
1219 5504 1532 5571 satisfacere
1561 5521 1660 5573 po-

95 5586 198 5640 tuit.
225 5602 386 5654 quam
413 5597 468 5639 ut
491 5589 704 5651 publica
727 5592 996 5657 proposito
1018 5593 1215 5655 edicto,
1247 5596 1388 5661 quod
1411 5596 1660 5664 primitus

97 5671 148 5720 ab
184 5673 310 5739 ipsis
347 5676 606 5732 Ecclesia:
645 5688 852 5732 sanctae
879 5681 1240 5748 fundamentis
1285 5684 1447 5750 jactis
1479 5685 1660 5738 decre-

97 5771 186 5813 tum
228 5767 359 5833 fuit,
405 5779 700 5834 statueret,
755 5779 813 5822 ut
852 5771 1009 5838 juxta
1062 5775 1380 5827 sententiam
1432 5778 1662 5845 apostoli

100 5854 233 5914 Pauli
275 5863 598 5932 justi/italia
626 5866 930 5922 doceretur.
969 5867 1158 5924 Verum
1204 5872 1565 5928 constitutioni
1604 5875 1652 5928 ei

1765 4665 2014 4732 Eusebii,
2055 4668 2319 4733 Socratis,
2351 4679 2460 4727 etc.
2498 4672 2849 4742 Argentorati
2889 4679 2941 4733 in
2975 4681 3095 4749 lol.;
3123 4684 3348 4755 Justiui,
3394 4710 3396 4712 ν

1766 4758 2090 4814 Tertulliani
2123 4772 2178 4815 et
2213 4761 2434 4818 Minucii
2489 4764 2689 4821 Felicis
2719 4783 2819 4836 pro
2853 4769 3163 4830 Christiana
3216 4783 3350 4834 reli-

1763 4850 1926 4918 gione
1954 4852 2270 4923 Apologios,
2302 4855 2685 4927 Vincentiique
2711 4859 3016 4919 Lirinensis
3041 4866 3346 4924 Commoni-

1766 4943 1994 5011 torium,
2046 4945 2270 5014 Anglicc
2307 4961 2484 5016 nuper
2510 4952 2710 5017 vertit,
2740 4963 2796 5006 et
2839 4957 3241 5028 prolegomenis
3280 4981 3344 5018 ac

1764 5037 1909 5090 notis
1957 5037 2253 5092 illustravit
2304 5039 2368 5093 D.
2414 5041 2686 5107 Reevius,
2739 5044 2967 5103 Londini
3018 5052 3189 5113 1710.
3243 5057 3342 5121 8ο,

1762 5129 1797 5182 2
1829 5128 1932 5183 vol.

2394 5266 2624 5324 CAPUT
2660 5269 2722 5328 ll.

1816 5385 1894 5439 De
1925 5385 2245 5440 editionibus
2277 5385 2339 5441 S.
2362 5386 2566 5444 Justini
2595 5406 2812 5461 operum
2841 5389 3288 5450 (iunco-Latinis.

1833 5497 2035 5556 Justini
2070 5515 2236 5570 opera
2286 5502 2476 5560 Graece
2505 5514 2561 5560 et
2591 5504 2788 5563 Latine
2821 5507 2993 5561 edidit
3031 5507 3346 5567 Fridericus

1764 5592 2126 5666 Sylburgius,
2181 5610 2304 5650 cum
2349 5596 2580 5651 Joannis
2624 5596 2792 5666 Langi
2842 5598 3298 5667 interpretatione
3325 5646 3340 5664 .

1763 5702 1908 5741 anno
1940 5685 2109 5751 1695,
2153 5687 2526 5759 Heidelbergzn
2573 5691 2715 5756 apud
2744 5689 3070 5746 Comtnelin.
3096 5732 3112 5758 ,
3143 5695 3345 5750 additis

1764 5778 1974 5833 duobus
2013 5780 2272 5847 operibus
2308 5792 2455 5832 anno
2506 5777 2645 5833 l592
2686 5781 2755 5834 ah
2801 5779 3037 5836 Henrico
3067 5785 3342 5854 Stephano

1765 5874 1926 5929 editis
1949 5915 1964 5943 ,
2002 5872 2256 5930 Oratione
2287 5875 2355 5930 ad
2385 5875 2598 5931 Grtrcos
2637 5883 2690 5932 et
2726 5873 2968 5944 Epistula
3007 5874 3078 5930 ad
3110 5875 3342 5947 Diogne-
