3796 6508
502 390 571 444 15
1409 386 1466 440 S.
1498 386 1832 442 JL'STINUS
1864 385 2343 442 PHILOSOPHUS
2381 387 2466 443 ET
2509 388 2821 447 MARTYR.
3669 390 3741 444 10

498 522 633 567 tum.
676 507 814 564 Huic
856 507 1084 564 editioni
1128 508 1293 564 decus
1341 519 1397 563 et
1430 510 1661 577 pretium
1699 509 1910 564 addidit
1954 509 2076 579 Syl-
2103 509 2151 567 Α
2179 527 2329 573 nam,
2359 510 2425 564 de
2470 512 2666 565 atravis
2714 511 2767 565 in
2811 509 3155 576 vernaculas,
3207 509 3397 581 quibus
3442 508 3575 563 hanc
3616 525 3745 562 cum

500 604 721 673 burgius
750 618 873 657 cum
905 601 1179 657 indicibus
1226 603 1463 671 copiosis
1488 643 1504 667 ,
1537 615 1654 659 tum
1694 603 1862 658 variis
1888 605 2078 658 obser-

498 694 836 755 vationibns,
855 707 993 762 quas
1026 702 1123 746 aut
1152 708 1250 746 suo
1279 694 1521 755 nomine.
1545 703 1639 748 aut
1666 710 1695 749 a
1718 692 1801 749 Jo.
1825 692 2071 758 Arceria,

499 786 705 839 Davide
742 783 1071 848 Hmschelio,
1104 784 1434 855 Hieronymo
1488 785 1660 841 Vollio
1683 793 1955 854 acceptas,
1979 793 2074 837 aut

496 891 565 931 ex
602 875 742 931 Billii
795 874 1257 930 Observationibus
1292 880 1460 930 sacris
1509 878 1859 947 depromptas
1907 892 2074 946 appo-

498 970 632 1023 suit.
686 968 814 1024 llaec
874 969 1043 1024 editio
1086 969 1253 1022 semel
1297 980 1351 1022 et
1402 970 1593 1023 iterum
1654 967 1879 1023 Parisiis
1928 984 2071 1023 anno

499 1061 635 1117 1615
676 1071 730 1118 et
772 1062 912 1117 l656
944 1078 1133 1119 recusa
1161 1072 1246 1116 est
1269 1103 1285 1128 ,
1317 1064 1728 1132 comprehensis
1758 1063 1945 1116 eodem
1979 1077 2072 1115 vo-

494 1152 700 1209 lumine
749 1155 1138 1223 Athenagora.
1191 1153 1495 1224 TheOphilo
1548 1155 1921 1219 Antincheno,
1959 1153 2067 1208 Ta-

495 1249 641 1303 tiano
672 1260 727 1304 et
756 1248 1000 1313 Hermia,
1033 1264 1133 1303 nec
1171 1266 1281 1304 non
1311 1250 1555 1319 subjecta
1582 1248 1785 1304 Justini
1813 1247 2068 1318 operibus

492 1341 760 1397 Lansselii
792 1341 1014 1397 lcsuittn
1041 1342 1434 1397 dissertatione
1468 1343 1733 1398 adversus
1757 1341 2064 1397 Casauboni

492 1434 546 1488 in
577 1434 872 1488 Baronium
923 1433 1450 1489 Animadversiones.
1482 1434 1666 1489 Editio
1706 1434 2063 1500 Coloniensis,

489 1527 607 1582 sive
643 1524 1051 1597 Vitebergensis
1072 1568 1086 1590 .
1128 1527 1255 1582 anni
1298 1527 1456 1592 1686,
1489 1536 1688 1597 prteter
1716 1542 1781 1583 ea
1816 1543 1938 1597 qua:
1964 1527 2069 1582 Pa-

488 1618 814 1674 risiensibns
843 1621 1218 1687 continentur,
1250 1620 1414 1677 habet
1459 1620 1880 1677 Commentarios
1907 1620 2067 1677 Chri-

485 1710 647 1764 stiani
681 1710 959 1767 Kortbolti
994 1712 1048 1767 in
1076 1711 1394 1781 Baronium,
1425 1713 1852 1784 Athenagoram,
1882 1714 2063 1770 Theo-

483 1800 693 1871 philum
721 1813 777 1859 et
797 1801 1108 1858 Tatianum.

2178 603 2453 655 doctorum
2506 602 2862 656 incredibilem
2905 605 3254 671 paucitatem,
3286 613 3398 657 tum
3424 602 3744 656 semidocta-

2178 708 2294 745 rum
2323 703 2371 747 et
2408 694 2690 748 sciolorum
2721 693 3112 749 multitudinem
3152 697 3434 764 prtccipae,
3473 696 3525 747 ni
3552 694 3744 764 fallor,

2175 785 2439 853 debemus,
2472 787 2713 860 capitalis
2741 787 2906 841 hostis
2934 788 3054 850 sim,
3084 797 3132 841 et
3155 788 3295 841 hunc
3320 787 3594 840 ridiculum
3626 802 3746 837 mo-

2176 893 2280 930 rem
2314 877 2640 948 adjungendi
2674 879 2822 933 libris
2850 878 3048 933 erct’s
3086 878 3307 933 Latinas
3349 879 3746 948 interpretatio-

2174 986 2282 1034 nes,
2318 968 2623 1026 ercarum
2654 972 2950 1026 litterarum
2976 970 3144 1025 labem
3182 982 3230 1027 et
3268 974 3544 1041 perniciem
3574 972 3749 1026 exsti—

2173 1061 2296 1115 tiss'e
2352 1078 2555 1132 semper
2604 1065 3031 1119 existimaverim.
3082 1063 3391 1133 Compendii
3446 1062 3749 1131 bibliopola:

2171 1157 2429 1209 rationem
2460 1157 2641 1223 habui,
2669 1158 2755 1211 cui
2780 1158 2935 1210 etiam
2960 1156 3056 1210 hoc
3080 1157 3333 1221 concessi,
3367 1165 3423 1209 ut
3454 1157 3749 1211 versionem

2170 1248 2223 1302 in
2260 1260 2549 1303 extremum
2584 1250 2705 1303 libri
2737 1267 2840 1304 non
2867 1250 3048 1304 saltem
3074 1249 3388 1319 ablegarent.

2243 1337 2527 1404 Quomodo
2560 1339 2612 1393 in
2643 1340 2983 1394 emendanda
3023 1339 3192 1408 Langi
3224 1340 3480 1395 versione
3515 1350 3750 1408 proces-

2170 1430 2340 1496 serit,
2370 1445 2547 1500 Operae
2577 1431 2807 1502 pretium
2839 1440 2924 1486 est
2956 1446 3021 1486 ex
3055 1431 3173 1501 ipso
3211 1431 3440 1486 discere.
3476 1430 3540 1484 In
3562 1447 3750 1483 emen-

2166 1524 2368 1589 danda,
2409 1524 2609 1593 inquit,
2656 1523 2825 1593 Langi
2866 1525 3103 1578 versione
3124 1522 3429 1578 Latinitatis
3477 1524 3750 1575 rationem

2166 1615 2369 1669 nullam
2409 1615 2604 1680 habui,
2657 1616 2843 1685 quippe
2898 1631 3057 1684 quam
3095 1613 3228 1668 nihil
3275 1614 3378 1667 nisi
3423 1631 3525 1667 una
3569 1614 3750 1666 litura

2165 1709 2442 1762 emendare
2468 1718 2715 1777 poterat;
2751 1723 2911 1777 neque
2937 1709 3103 1775 ipsam
3128 1709 3435 1760 sententiam
3464 1707 3586 1760 meis
3611 1720 3750 1774 pon-

2166 1800 2406 1864 deribus,
2448 1801 2588 1871 quod
2616 1809 2663 1853 et
2693 1801 2859 1869 ipsum
2893 1816 2996 1854 non
3032 1801 3255 1855 minoris
3292 1800 3489 1853 laboris
3519 1800 3750 1868 fuisset,

564 1892 682 1947 Non
715 1893 1110 1949 commiserunt
1134 1894 1331 1949 eruditi
1370 1894 1552 1964 Angli,
1587 1903 1646 1949 ut
1676 1896 1743 1950 ad
1782 1894 2053 1951 Justinum
2087 1891 2128 1944 B
2157 1894 2296 1947 haud
2324 1888 2430 1947 scio
2461 1904 2530 1947 ‘an
2557 1895 2714 1947 etiam
2756 1895 2996 1965 majoris,
3027 1911 3185 1965 quam
3226 1911 3413 1949 novant
3443 1895 3750 1949 versionem

484 1982 863 2039 illustrandum
910 1985 1045 2040 nihil
1087 2002 1266 2056 Operae
1296 1996 1351 2041 et
1383 1988 1551 2043 studii
1580 1988 1878 2043 contulisse
1909 1989 2061 2042 vidc-

483 2084 697 2131 rentur.
729 2074 1047 2143 Novissime,
1077 2080 1251 2149 inquit
1292 2080 1598 2147 Fabricius,
1625 2090 1757 2136 tom.
1783 2080 1850 2147 V,
1884 2095 1936 2149 p.
1972 2081 2060 2145 61,

479 2168 565 2221 vir
600 2169 785 2223 doctus
836 2168 1063 2224 Thomas
1111 2170 1341 2239 Creech,
1386 2174 1472 2226 cui
1512 2171 1793 2227 Lucretius
1837 2172 2062 2226 multum

484 2260 653 2327 debet,
680 2279 827 2317 nocte
850 2260 1051 2317 Justini
1074 2265 1293 2317 editioni
1324 2281 1537 2319 manum
1559 2266 1788 2320 admovit
1818 2264 2057 2320 Oxonite.

480 2352 592 2409 Sed
641 2370 765 2409 mea:
818 2356 976 2409 miser
1026 2358 1134 2426 ipse
1180 2359 1491 2428 deplorandi
1543 2359 1642 2413 sibi
1693 2359 1795 2429 fati
1852 2370 2057 2425 auctor,

477 2449 638 2502 etiam
668 2465 730 2502 ea
756 2466 874 2518 qua:
905 2450 1095 2519 aﬂ'ecta
1122 2451 1327 2517 habuit,
1360 2452 1519 2506 voluit
1548 2450 1773 2504 aboleri.

547 2540 791 2596 Joannes
816 2542 1080 2598 Ernestus
1112 2540 1294 2598 Grabe
1316 2543 1483 2598 edidit
1509 2542 1730 2599 Omnia:
1756 2558 1899 2599 anno
1919 2544 2056 2600 1700

481 2631 748 2700 majorem
771 2632 1084 2704 Apologiam
1104 2634 1157 2688 in
1177 2633 1258 2700 8ο,
1276 2651 1396 2688 cum
1423 2634 1617 2689 Latina
1639 2633 1869 2692 Joannis
1888 2637 2058 2709 Langi

477 2725 712 2789 versione
743 2726 1152 2796 quamplurimis
1189 2726 1244 2780 in
1284 2725 1414 2781 locis
1461 2739 1731 2797 correcta,
1762 2730 2056 2800 subiunctis

474 2814 929 2869 emendationibus
963 2825 1012 2870 et
1038 2819 1172 2870 notis
1214 2818 1507 2883 variarum,
1537 2820 1879 2891 pluribusque
1909 2823 2054 2877 novis

473 2909 697 2976 additis,
727 2910 949 2963 annexis
994 2911 1212 2980 insuper
1265 2912 1336 2966 ad
1379 2912 1575 2966 calcem
1623 2913 2052 2969 adnotationibus

471 2999 646 3070 Langi
677 3010 727 3055 et
758 2999 1055 3066 Kortholti,
1081 3005 1356 3072 praemissa
1378 3021 1498 3059 vero
1526 3003 1698 3075 Langi
1722 3006 2049 3075 prwfatione,

469 3108 576 3160 qua
619 3110 882 3147 summam
923 3094 1083 3163 hujus
1126 3094 1399 3164 Apologia:
1430 3098 1721 3151 enarravit.
1753 3096 1953 3152 Eadem
1996 3098 2049 3152 itt

472 3184 605 3239 urbe
638 3200 702 3241 ac
736 3186 988 3241 eumdem
1032 3190 1085 3240 in
1132 3189 1352 3242 modum
1396 3189 1651 3258 prodiere
1697 3205 1839 3244 anno
1890 3190 2047 3257 1705,

474 3275 664 3333 Oratio
695 3287 928 3347 utraque
950 3279 1216 3336 adversus
1244 3279 1483 3348 Graecos,
1508 3298 1629 3336 cum
1661 3279 1820 3336 Libro
1845 3283 1909 3337 de
1935 3300 2048 3337 mo-

470 3370 692 3422 narchia
728 3379 783 3423 et
812 3370 1025 3423 minore
1053 3370 1333 3440 Apologia,
1367 3386 1492 3424 cum
1539 3372 1686 3426 notis
1731 3371 1950 3426 Roberti
1995 3382 2052 3426 et

468 3459 691 3516 llenrici
718 3460 1147 3531 Stephanorum,
1173 3461 1361 3517 Grabii
1390 3470 1442 3516 et
1464 3462 1714 3519 aliorum.
1742 3463 2050 3531 Subjunctte

466 3553 535 3608 ad
567 3554 773 3608 calcem
824 3553 1211 3609 adnatationes
1244 3553 1412 3626 Langi
1460 3565 1515 3611 et
1560 3554 1853 3613 Kortholti.
1904 3559 2050 3617 Laus

468 3643 629 3713 hujus
657 3644 864 3701 laboris
901 3646 1084 3701 debita
1136 3644 1200 3700 ll.
1244 3646 1537 3703 llutchino.
1573 3646 1706 3717 Cum
1734 3660 2049 3720 superesset

467 3736 747 3807 Dialogus,
780 3738 832 3792 in
873 3753 939 3793 eo
976 3738 1301 3811 illustrando
1327 3738 1549 3795 Samuel
1576 3739 1713 3797 Jebb
1735 3743 1925 3798 eadem
1958 3744 2046 3800 via

465 3836 521 3882 et
560 3829 773 3883 ratione
798 3840 1047 3885 versatus
1070 3840 1197 3898 est,
1223 3846 1328 3900 qua
1371 3830 1609 3888 Grabius
1646 3844 1702 3889 et
1743 3833 2046 3895 Hutchinus

465 3920 522 3973 in
558 3922 836 3990 praedictis
870 3924 1144 3992 operibus,
1180 3924 1285 3978 nisi
1324 3926 1469 3992 quod
1502 3928 1858 3996 paucissimas
1891 3941 2045 3987 notas

466 4013 743 4082 apposuit,
774 4029 977 4083 easque
1008 4031 1071 4068 ex
1104 4015 1402 4086 Syiburgio
1444 4018 1557 4073 fere
1589 4035 1803 4091 semper
1830 4024 2045 4079 desum-

461 4116 603 4176 ptas.
629 4105 840 4161 Prodiit
862 4122 999 4177 npus
1024 4109 1229 4177 pariter
1260 4110 1315 4164 in
1344 4109 1399 4164 8°
1434 4110 1666 4169 Londini
1708 4131 1854 4172 anno
1880 4116 2040 4173 1719.

534 4194 799 4251 Prodiere
857 4195 1089 4251 Londini
1138 4196 1328 4255 Graece
1380 4210 1437 4254 et
1483 4198 1677 4255 Latine
1720 4219 1864 4259 anno
1902 4205 2044 4259 i792

462 4282 667 4341 Justini
699 4286 996 4357 philosophi
1024 4298 1072 4341 et
1105 4291 1353 4360 martyris
1381 4291 1650 4363 Apologia:
1679 4295 1800 4361 dua?
1828 4307 1876 4351 et
1909 4297 2042 4352 Dia-

459 4379 610 4448 logus
641 4396 758 4434 cum
792 4379 1073 4450 Tryphone
1100 4379 1293 4436 .ludwo
1325 4400 1440 4437 cum
1471 4387 1609 4440 notis
1640 4397 1693 4457 et
1716 4390 2040 4443 emendatio-

459 4472 616 4525 nibus
649 4470 840 4542 Styani
873 4472 1126 4530 Thirlbii.
1153 4476 1366 4532 Eruditi
1400 4478 1499 4532 viri
1536 4480 1948 4537 observationes
1981 4482 2036 4538 in

2167 1986 2375 2052 facere,
2409 1985 2499 2038 sed
2548 1987 2778 2053 quadam
2826 1986 3069 2054 populari
3114 1987 3314 2039 trutina
3362 1985 3644 2053 leviterque
3696 1992 3750 2035 et

2167 2076 2402 2139 remisse,
2421 2087 2476 2129 ut
2497 2077 2691 2130 invitus
2713 2089 2759 2131 et
2783 2078 3031 2131 humilem
3054 2094 3265 2149 operam
3296 2094 3429 2147 trgre
3454 2078 3750 2138 devorans,

2164 2168 2483 2223 examinari.

2233 2257 2317 2311 Ad
2348 2256 2551 2311 calcem
2579 2257 2839 2328 appositae
2867 2258 3241 2314 adnotationes
3266 2259 3533 2314 nonnullae
3563 2258 3750 2313 Pear-

2164 2346 2309 2400 sonii
2360 2362 2427 2401 ex
2472 2348 2807 2404 bibliotheca
2855 2348 3005 2420 regia
3040 2348 3480 2419 Cantabrigiensi
3527 2360 3750 2411 erutae,

2161 2455 2297 2509 quas
2340 2440 2534 2496 doctus
2575 2442 2753 2497 editor
2808 2458 2914 2497 non
2968 2442 3151 2513 magni
3203 2442 3354 2498 facit.
3412 2442 3750 2513 Sequuntur

2160 2541 2299 2587 nota:
2341 2531 2547 2587 Davisii
2592 2534 2647 2587 in
2676 2535 2985 2605 Apologiam
3019 2536 3072 2600 1,
3110 2551 3244 2607 quas
3281 2538 3348 2589 ab
3382 2538 3483 2591 hoc
3525 2534 3750 2592 dnctis

2158 2622 2301 2677 simo
2336 2623 2452 2679 viro
2482 2624 2896 2694 perhumaniter
2940 2626 3134 2682 missas
3167 2627 3250 2683 Cl.
3294 2625 3572 2681 Thirlbius
3609 2628 3750 2682 luce

2156 2716 2375 2786 publica
2406 2718 2657 2784 donavit,
2689 2730 2747 2774 ut
2777 2729 2830 2775 et
2859 2720 2999 2792 grati
3031 2720 3197 2775 animi
3221 2723 3301 2776 sui
3329 2730 3385 2776 et
3408 2723 3750 2777 eruditionis

2158 2808 2363 2865 Davisii
2390 2801 2803 2866 monumentum
2838 2822 3046 2871 essent.
3077 2812 3287 2868 Indices
3320 2830 3499 2868 rerum
3529 2824 3587 2868 et
3615 2830 3750 2869 vers

2154 2900 2347 2955 borum
2386 2901 2655 2957 debentur
2700 2901 3013 2974 Sylburgio.
3043 2904 3101 2959 1n
3133 2904 3355 2974 epistola
3392 2920 3733 2976 nuncupato

2154 2995 2257 3061 ria,
2288 3009 2408 3064 quae
2436 2993 2764 3049 nobilissimo
2808 2996 2920 3050 viro
2958 2994 3238 3051 Guillelmo
3284 2999 3496 3051 domino
3525 2998 3750 3054 Cranen

2153 3086 2413 3156 inscripta
2464 3086 2803 3156 praelationis
2856 3088 3034 3145 locum
3089 3105 3152 3145 ac
3202 3090 3420 3146 modum
3474 3096 3750 3159 sortitur,

2151 3178 2343 3234 doctus
2368 3180 2543 3234 editor
2573 3191 2889 3236 sanctorum
2926 3181 3148 3235 Patrum
3190 3172 3439 3238 lectionis
3478 3188 3750 3253 patroci-

2160 3275 2311 3328 nium
2341 3274 2591 3343 suscipit,
2621 3289 2687 3329 ac
2726 3275 2793 3329 de
2823 3275 3033 3330 criticae
3064 3275 3300 3330 utilitate
3328 3285 3382 3331 et
3411 3276 3750 3333 ditlicultate

2150 3366 2394 3430 disserit,
2426 3375 2537 3433 tum
2565 3367 2632 3421 de
2663 3365 3166 3435 Justinojudicium
3207 3383 3365 3423 suum
3394 3368 3750 3439 interponit,

2148 3471 2214 3512 ac
2244 3457 2463 3512 demum
2491 3473 2673 3527 operm
2702 3474 2814 3514 sua:
2848 3459 3117 3515 rationem
3153 3459 3430 3530 explanat.

2221 3550 2341 3607 Non
2376 3550 2521 3605 molli
2557 3550 2782 3606 brachio
2814 3550 3032 3606 vellicat
3078 3567 3211 3618 eos,
3256 3553 3453 3622 quibus
3500 3554 3737 3610 sorden

2149 3644 2355 3713 antiqui
2403 3644 2619 3699 Patres.
2652 3643 2746 3698 Est
2777 3653 2976 3709 autem,
3017 3645 3215 3713 inquit,
3259 3644 3407 3699 aliud
3452 3646 3750 3702 hominun

2146 3750 2332 3804 genus,
2374 3734 2495 3806 qui,
2532 3751 2837 3806 quanquam
2881 3750 3002 3788 cum
3044 3734 3272 3788 indoctis
3313 3738 3586 3803 disputare
3629 3754 3749 3791 nos

2144 3829 2309 3894 soleo,
2332 3831 2703 3898 paucistamen
2722 3829 3070 3899 redarguendi
3091 3840 3234 3885 sunt.
3256 3828 3303 3882 Il
3313 3830 3329 3883 i
3342 3830 3386 3882 si
3405 3828 3647 3900 theologi
3654 3851 3749 3885 an

2146 3924 2409 3989 nesciunt,
2450 3923 2583 3977 nihil
2607 3924 2801 3990 sciunt,
2840 3925 2997 3994 inque
3042 3924 3097 3977 id
3143 3926 3380 3978 studium
3411 3923 3594 3978 sedulo
3637 3928 3744 3982 sib

2145 4017 2440 4069 incumbere
2490 4015 2735 4070 videntur
2766 4032 2785 4069 :
2820 4016 2909 4071 sed
2965 4026 3143 4069 tamen
3192 4018 3437 4087 antiquos
3494 4015 3729 4074 Patres

2143 4109 2248 4162 sive
2272 4108 2604 4179 arrogantia,
2633 4126 2724 4163 seu
2754 4110 2808 4164 id
2836 4114 2976 4181 quod
3015 4112 3221 4175 dicunt,
3250 4128 3426 4165 revera
3458 4112 3741 4168 sentiunt

2142 4218 2241 4256 sua
2268 4202 2488 4257 lectione
2519 4202 2762 4272 indignos
2793 4202 3006 4257 habent.
3039 4203 3313 4259 Nimirum
3343 4204 3467 4260 boni
3490 4207 3743 4279 theolog

2140 4312 2253 4350 esse
2279 4293 2567 4363 Scriptura
2595 4295 2708 4349 sola
2740 4298 2837 4350 niti
2867 4297 3220 4361 contendant,
3248 4315 3362 4351 eam
3391 4309 3436 4353 et
3458 4299 3750 4368 quidqui:

2142 4398 2326 4443 nostra
2370 4390 2507 4443 scire
2552 4389 2781 4456 intersit,
2813 4400 2860 4443 et
2895 4390 3151 4460 quidquid
3199 4391 3269 4444 ad
3317 4391 3750 4461 intelligentiam

2140 4482 2223 4534 sui
2248 4498 2379 4549 opus
2402 4482 2495 4547 sit,
2525 4483 2791 4535 continere
2822 4495 2840 4534 :
2870 4482 2961 4553 qui
2983 4499 3131 4536 secus
3155 4483 3410 4549 sentiunt,
3437 4500 3525 4538 eos
3551 4486 3746 4543 horri

458 4562 781 4633 explicanda
813 4566 1169 4647 antiquitate,
1205 4569 1259 4624 in
1285 4580 1542 4626 contextu
1567 4576 1927 4641 emendando,
1953 4585 2036 4631 at-
2066 4589 2111 4645 ι)
2141 4572 2245 4627 bile
2268 4574 2562 4627 conuitium
2609 4572 2860 4641 scriptori
2898 4572 3013 4643 ejus
3042 4573 3152 4628 Deo
3185 4574 3379 4644 facere,
3408 4591 3574 4647 eoque
3610 4575 3750 4635 Pa-

456 4670 564 4724 que
596 4656 760 4711 etiam
806 4657 861 4711 in
892 4643 1241 4716 conferendis
1271 4663 1572 4733 Scripturte
1598 4665 1733 4722 locis
1762 4682 1887 4721 cum
1917 4668 2034 4723 edi-

458 4740 697 4801 tionibus
747 4745 1051 4803 Bibliorum
1083 4760 1140 4804 et
1165 4751 1417 4808 Patribus
1447 4765 1761 4811 versantur.
1791 4758 1872 4812 Ad
1901 4759 2037 4813 insi-

454 4856 613 4911 gnem
643 4842 710 4896 de
737 4842 946 4909 angelis
980 4842 1181 4909 locum,
1221 4845 1288 4900 de
1314 4861 1425 4915 quo
1460 4860 1684 4917 agemus
1713 4849 1767 4902 in
1792 4853 2035 4906 secunda

454 4934 790 5004 praelationis
818 4948 996 5007 parte,
1023 4937 1282 4993 admonet
1308 4938 1409 4993 sibi
1434 4948 1691 4994 statutum
1716 4959 1829 4997 esse
1860 4944 1912 4997 in
1938 4946 2035 4999 hoc

452 5050 605 5100 opere
628 5036 1014 5091 controuersias
1054 5035 1377 5107 theologicas
1421 5053 1525 5091 non
1565 5037 1844 5107 attingere.
1895 5037 2037 5095 Nus-

453 5144 614 5202 quam
648 5130 866 5184 videtur
901 5129 969 5185 ab
998 5131 1105 5184 hoc
1128 5130 1362 5185 consilio
1392 5129 1692 5184 discedere.

523 5220 715 5278 Nullus
741 5222 932 5277 dubito
959 5223 1089 5292 quin
1134 5222 1349 5277 laudem
1380 5231 1435 5275 et
1461 5220 1912 5291 approbationem
1951 5222 2036 5276 vir

451 5315 670 5384 egregie
701 5314 1005 5370 instructus
1045 5314 1261 5370 Griecis
1308 5313 1631 5384 Latinisque
1671 5314 1877 5369 litteris
1920 5330 2034 5370 mc-

454 5415 675 5474 rutsset,
705 5409 749 5463 si
781 5422 977 5462 novatn
1010 5395 1338 5462 adornasset
1365 5407 1904 5475 interpretationem;
1936 5409 2031 5463 sed

452 5513 556 5553 cur
584 5500 652 5554 ab
682 5499 787 5555 hoc
805 5499 999 5554 labore
1029 5498 1311 5571 refugerit,
1344 5498 1430 5553 his
1451 5512 1511 5553 se
1535 5515 1692 5554 usum
1726 5501 2031 5555 rationibus

451 5590 716 5647 declarat.
768 5590 1001 5645 Tantum
1047 5593 1250 5661 abfuit,
1305 5591 1521 5661 inquit,
1569 5602 1622 5645 ut
1662 5610 1845 5648 nouam
1897 5593 2027 5647 mihi

2138 4675 2280 4719 trum
2314 4665 2524 4719 nullum
2552 4682 2706 4720 usum
2734 4682 2845 4721 esse
2880 4683 3052 4736 posse,
3090 4683 3252 4738 neque
3291 4668 3456 4722 ullam
3482 4678 3750 4728 auctori-

2137 4769 2298 4813 tatem
2350 4759 2718 4831 antiquitatis.
2773 4778 2936 4833 neque
2988 4762 3367 4817 vetustissimos
3419 4761 3750 4830 Scriptura

2136 4854 2446 4921 interpretes
2489 4854 2856 4915 anteferendos
2887 4872 2997 4909 esse
3026 4855 3409 4909 recentissimis.
3455 4852 3624 4918 Quod
3682 4860 3750 4915 dt

2135 4945 2513 5014 perspicuitate
2558 4945 2855 5015 Scriptura:
2882 4949 3086 5013 dicunt,
3116 4947 3287 5016 primo
3328 4930 3750 5014 perridicula".

2136 5048 2185 5093 et
2229 5040 2519 5093 absurdum
2551 5051 2658 5105 est;
2688 5041 2879 5095 deinde
2920 5040 3070 5109 cujus
3119 5037 3351 5092 criminis
3382 5037 3750 5097 adversario:

2136 5131 2308 5196 inepte
2325 5148 2438 5187 reos
2464 5142 2646 5203 agunt,
2676 5133 2833 5186 etiam
2854 5133 3093 5200 impium.
3122 5130 3419 5182 Absurdum
3441 5139 3545 5191 est,
3576 5144 3750 5197 quoa

2136 5242 2313 5281 omnes
2343 5227 2569 5279 sentiunt
2604 5242 2707 5279 non
2740 5242 2852 5279 esse
2873 5224 3227 5294 perspicuum,
3250 5221 3304 5274 id
3328 5221 3573 5274 omnibus
3606 5240 3750 5282 esst

2133 5319 2463 5389 perspicuum
2491 5320 2714 5388 probare
2745 5318 2946 5371 conari.
2969 5315 3198 5386 Impium
3220 5324 3316 5381 est,
3338 5313 3479 5385 quod
3510 5313 3750 5380 [actura

2136 5426 2241 5463 non
2264 5426 2377 5465 esse
2399 5410 2733 5479 manifestum
2747 5408 2903 5474 sit,id
2920 5406 3083 5460 Deum
3109 5417 3197 5460 aut
3214 5406 3419 5475 fecisse,
3437 5413 3535 5457 aut
3560 5406 3750 5465 rebut

2133 5502 2381 5556 humanis
2419 5518 2523 5556 non
2553 5502 2682 5555 satis
2710 5499 3039 5554 consuluisse
3061 5499 3341 5568 aﬂirmare.
3368 5494 3595 5548 Nemini
3647 5514 3750 5553 ve.

2136 5595 2356 5650 ritatem
2386 5596 2594 5649 amanti
2615 5609 2721 5649 non
2744 5593 2979 5663 placebit
2999 5595 3103 5648 hoc
3123 5593 3188 5647 de
3208 5580 3522 5647 hominibus
3548 5603 3673 5660 sup
3688 5609 3750 5643 re

2132 5695 2296 5754 caput
2328 5686 2578 5741 absurdis
2600 5683 2888 5753 judicium.

2205 5778 2377 5844 Quam
2410 5779 2578 5832 ardua
2611 5790 2700 5830 res
2728 5775 2793 5829 sit
2827 5784 2882 5830 et
2918 5773 3153 5828 dillicilis
3178 5770 3392 5835 critica,
3424 5768 3535 5823 hac
3572 5765 3750 5828 inter

2133 5870 2269 5927 alias
2295 5871 2506 5926 ratione
2536 5868 2894 5925 demonstrat.
2931 5867 3071 5934 Quid
3107 5867 3269 5931 enim,
3300 5862 3512 5934 inquit,
3566 5863 3750 5920 alius

453 5683 738 5738 versionem
795 5683 1177 5751 conﬁciendam
1225 5700 1341 5738 esse
1377 5694 1657 5755 putarent,
1712 5696 1770 5740 ut
1812 5688 2030 5755 propius

453 5773 583 5830 nihil
630 5776 829 5849 {actum
869 5777 977 5841 sit,
1027 5793 1185 5845 quam
1223 5786 1277 5830 ut
1317 5777 1514 5831 nullam
1555 5780 1758 5833 ederent
1786 5793 1806 5832 :
1837 5780 2029 5849 quippe

448 5866 617 5931 quiet
647 5868 886 5925 omnibus
917 5868 1244 5924 uersionibus
1276 5868 1339 5925 de
1370 5866 1554 5926 Gra'ca
1579 5871 1762 5942 lingua
1791 5872 1845 5926 in
1866 5870 2025 5927 Lati-
