3792 6474
119 341 176 398 17
1128 332 1191 390 Ι).
1233 334 1496 393 MARANI
1528 335 1664 391 PRA

1815 334 1918 390 ἸΟ.
1960 366 2030 374 —
2066 331 2247 386 PARS
2280 330 2319 385 l.
3297 324 3361 379 18

114 475 278 512 causa
316 473 430 512 esse
458 466 655 525 potest,
689 472 784 511 cur
810 454 864 510 in
893 462 1044 509 tanta
1072 454 1410 511 multitudine
1440 456 1685 510 emenda-
1713 459 1757 517 Α
1860 452 1914 506 1η
1943 449 2169 521 epistola
2225 446 2645 516 nurenpataria,
2679 459 2799 515 qua:
2834 442 3085 498 Willelmi
3120 441 3366 513 episcopi-

111 567 305 613 torum,
349 567 456 604 non
498 557 705 603 tantum
738 548 893 623 .apud
927 564 1020 601 nos
1044 588 1060 614 ,
1102 548 1430 616 reliquosque
1468 548 1683 617 papulas

108 642 463 711 aquilonares,
493 657 625 711 quos
648 641 865 711 iniquus
888 640 989 706 sol,
1016 638 1105 694 ille
1127 655 1275 694 verus
1304 636 1548 702 Phoebus,
1581 654 1684 709 quo

105 737 331 805 agitante
370 736 643 788 calescunt
690 734 933 803 ingenia,
981 732 1080 786 nisi
1124 731 1266 786 limis
1297 748 1363 785 ea:
1403 731 1684 801 longinquo

106 840 203 876 non
230 824 467 889 respicit,
496 839 679 876 verum
720 824 878 875 etiam
910 822 1052 891 apud
1076 821 1275 876 vividos
1306 822 1424 875 illos
1450 822 1685 901 ingenio-

102 934 271 985 sosque
306 913 534 979 Gallos,
574 915 907 985 omniumque
942 931 1215 969 musarum
1258 914 1339 968 uel
1368 914 1675 983 papulares.

106 1008 169 1060 rel
194 1006 418 1068 vicinos,
451 1006 644 1061 diuini:
676 1006 905 1060 solertia:
932 1006 1193 1069 homines,
1232 1002 1429 1065 Italos,
1458 1006 1541 1059 ria:
1567 1008 1683 1060 sin-

104 1099 221 1169 gulis
251 1100 512 1152 wtatibus
558 1109 663 1153 tres
706 1098 875 1167 aliqui
917 1108 1009 1152 aut
1042 1108 1272 1167 quatuor
1312 1116 1418 1153 rem
1462 1099 1686 1168 feliciter

102 1191 385 1259 gesserint,
428 1191 537 1245 nisi
590 1192 669 1245 rei
717 1191 965 1261 quaedam
1016 1191 1339 1244 incredibilis
1375 1193 1683 1259 magnitudo

102 1299 155 1335 ac
182 1283 521 1351 diﬁcultas.’
557 1283 682 1338 llaec
712 1297 776 1338 ea
813 1292 994 1338 mente
1022 1297 1053 1337 a
1088 1297 1172 1337 me
1209 1298 1312 1338 non
1352 1282 1680 1351 referuntur,

103 1386 154 1427 nt
178 1374 259 1428 vel
292 1375 363 1430 iis
396 1375 753 1445 applaudam,
789 1389 911 1446 qua:
938 1375 1005 1430 de
1040 1373 1391 1445 popularibus
1425 1374 1537 1430 suis
1574 1391 1680 1430 non

102 1467 315 1529 timide,
352 1468 445 1523 vel
479 1483 543 1523 ea
578 1477 888 1535 ostentem,
921 1483 1045 1540 qua:
1077 1468 1144 1523 de
1172 1466 1343 1523 Gallis
1382 1467 1683 1523 honoriﬁce

103 1559 319 1622 statuit.
368 1562 471 1615 sed
520 1569 580 1614 ut
631 1577 697 1616 ex
756 1560 841 1615 his
874 1563 1039 1617 etiam
1074 1560 1303 1631 quisque
1353 1561 1681 1630 perspiciat,

100 1668 252 1721 quam
289 1654 529 1721 ingenua
575 1664 632 1709 et
664 1654 881 1710 sincera
928 1655 1002 1709 sit
1049 1653 1254 1709 eruditi
1301 1654 1402 1711 viri
1450 1662 1505 1709 et
1552 1667 1680 1708 sen-

104 1746 260 1799 tiendi
292 1754 351 1800 et
379 1746 518 1816 quid
554 1747 754 1803 sentiat
787 1746 1000 1802 dicendi
1033 1746 1275 1801 libertas.

720 1878 949 1936 CAPUT
983 1879 1070 1936 lll.

103 2017 173 2071 De
199 2019 354 2072 rariis
376 2018 702 2073 editionibus
728 2018 965 2090 Tatiani,
995 2017 1371 2090 Athenagorae,
1404 2014 1684 2084 Theophili

728 2099 776 2143 et
810 2087 1063 2143 Hermian

168 2204 344 2260 Prima
369 2206 627 2261 omnium
653 2204 866 2261 Tatiani
901 2204 1170 2261 Orationis
1202 2204 1499 2260 editionum
1524 2203 1685 2257 debe-

105 2310 191 2352 tur
220 2297 409 2354 ιωηηί
447 2299 655 2362 Frisia,
693 2298 784 2369 qui
828 2313 952 2353 eum
985 2298 1147 2369 hujus
1178 2297 1450 2353 Orationis
1493 2311 1679 2352 exem—

105 2390 224 2459 plar
248 2392 711 2462 manuscriptum,
746 2404 809 2444 ac
836 2390 1005 2445 variis
1026 2405 1103 2469 ,ει
1137 2389 1245 2443 alio
1276 2388 1467 2443 codice
1496 2387 1683 2441 lectio-

104 2482 261 2537 nibus
289 2484 597 2553 inspersum
631 2481 878 2537 Venetiis
904 2480 973 2536 ab
1000 2480 1242 2535 Arnoldo
1261 2479 1479 2534 Arlenia
1510 2478 1681 2533 Para-

108 2574 228 2641 xyla
276 2572 624 2641 accepisset,
675 2573 780 2628 hoc
830 2571 1083 2642 praesidia
1145 2570 1317 2625 fretus
1367 2569 1679 2625 Orationem

102 2665 308 2719 Tatiaui
338 2664 539 2737 Tiguri
563 2665 755 2721 Graec
780 2656 1021 2735 vulgavit
1064 2663 1116 2718 in
1166 2663 1294 2718 folio
1332 2677 1477 2717 anno
1517 2661 1677 2727 1516,

101 2762 235 2829 apud
283 2760 728 2817 Frosebovernm
750 2799 767 2825 ,
805 2775 931 2813 cum
973 2758 1195 2814 Antonii
1229 2757 1443 2813 Melissa
1478 2766 1535 2813 et
1564 2756 1680 2811 Ma-

101 2853 230 2907 simi
278 2853 569 2908 sententiis
617 2866 683 2906 ac
733 2850 1035 2921 Theophila
1079 2850 1146 2904 ad
1195 2849 1545 2921 Autolycum.
1594 2849 1678 2904 Ad

99 2959 246 2998 oram
277 2944 442 3012 hujus
470 2942 730 2999 editionis
760 2943 1016 3014 leguntur
1048 2956 1173 2996 eum
1200 2941 1365 2996 varia:
1402 2939 1509 2995 illze
1542 2955 1680 3010 quas

102 3038 210 3090 dixi
234 3036 531 3103 lectiones,
564 3045 676 3090 tum
703 3035 871 3090 etiam
908 3035 1100 3089 breves
1132 3032 1408 3088 nonnulla:
1437 3032 1674 3088 Conradi

100 3127 325 3182 Gesneri
360 3138 523 3193 natae,
560 3127 778 3197 quicum
810 3125 1019 3180 Frisius
1046 3124 1289 3180 codicem
1333 3139 1488 3179 suum
1521 3137 1672 3178 com-
1700 3158 1746 3217 ϐ

103 3222 489 3277 inunicaverat.
527 3219 727 3275 Eodem
755 3234 899 3273 anno
932 3234 996 3274 ac
1027 3217 1217 3272 eadem
1268 3216 1321 3271 in
1370 3216 1504 3271 urbe
1529 3217 1674 3272 Con-

106 3312 263 3367 radus
296 3315 578 3369 Gesnerus
620 3312 864 3383 vulgavit
904 3312 956 3366 in
1005 3311 1134 3365 folia
1171 3310 1420 3365 Latinam
1462 3310 1674 3365 Taliani

101 3422 221 3457 cum
257 3405 487 3473 prolixis
542 3405 689 3460 notis
742 3405 1251 3475 interpretationem
1276 3444 1292 3469 ,
1336 3418 1457 3471 qua:
1487 3413 1673 3473 postea

101 3498 293 3563 saepius
326 3512 520 3552 recusa
561 3498 613 3552 in
648 3496 1004 3553 Bibliothecis
1042 3496 1309 3563 Patrum,
1358 3496 1536 3551 Paris.
1579 3513 1672 3553 an.

103 3592 253 3657 1575,
281 3591 441 3655 1589,
485 3592 657 3656 1610,
682 3591 874 3646 Colon.
905 3590 1064 3653 1618.
1097 3589 1345 3659 Lugdun.
1380 3588 1541 3645 1677.

162 3683 349 3738 Graece
387 3692 447 3737 et
479 3682 674 3736 Latine
712 3681 917 3752 prodiit
959 3679 1225 3734 'l‘atianus
1268 3680 1496 3734 Basileze
1532 3679 1675 3735 inter

102 3778 640 3847 Orthodozographos
667 3790 811 3828 anno
843 3773 979 3827 1555
1007 3781 1062 3827 ct
1100 3772 1324 3827 Parisiis
1354 3789 1407 3827 tu
1436 3773 1671 3827 Auctua-

101 3874 168 3923 n'o
200 3870 562 3925 Bibliotheca
590 3856 813 3921 Patrum
849 3882 939 3921 an.
977 3864 1150 3929 1621,
1187 3879 1311 3919 cum
1343 3863 1523 3918 Ducmi
1571 3879 1673 3918 no-

102 3962 191 4023 iis.
227 3971 282 4016 et
323 3969 449 4031 post
483 3974 646 4029 opera
690 3956 890 4012 Justini
946 3955 1206 4027 martyris
1248 3955 1303 4009 in
1343 3954 1672 4010 editionibus

99 4054 257 4110 Paris.
311 4070 406 4107 an.
454 4051 593 4106 1615
627 4061 687 4105 et
714 4050 872 4116 1656,
912 4058 966 4103 et
995 4046 1188 4103 Colon.
1231 4062 1326 4101 seu
1371 4046 1550 4115 potius
1574 4047 1670 4099 Vi-

99 4145 391 4214 tebergensi
418 4157 567 4197 anno
594 4139 757 4205 1686,
783 4139 870 4195 cui
901 4146 1192 4204 postremae
1214 4137 1437 4193 editioni
1468 4139 1671 4194 addita:

98 4235 353 4289 liarthalti
387 4244 557 4292 notae.

167 4326 270 4379 Sed
292 4326 388 4380 has
410 4338 606 4379 omnes
634 4323 905 4380 editiones
929 4324 1225 4396 diligentia:
1253 4332 1310 4380 et
1340 4323 1669 4380 eruditionis

95 4412 250 4468 tande
280 4422 496 4483 superat
546 4412 873 4477 Ospnieusis
919 4414 971 4468 in
1015 4416 1075 4470 8⁸
1128 4414 1262 4469 anui
1307 4413 1466 4474 1700.
1500 4429 1665 4483 quam

1783 541 2186 612 Wigorniensis
2236 554 2289 592 et
2340 537 2471 607 regii
2518 535 2932 607 eleemosynarii
2971 549 3168 589 nomen
3225 549 3364 603 prm-

1784 635 1910 699 fert,
1940 633 2184 689 declarat
2221 631 2475 687 eruditus
2505 628 2688 683 editor
2734 626 2894 695 hujus
2932 626 3143 682 laboris
3186 625 3365 680 susci-

1784 725 1965 796 piendi
1997 725 2135 779 hanc
2169 722 2271 777 sibi
2326 720 2669 776 occasionem
2708 727 2761 773 et
2802 734 3022 773 causam
3049 718 3356 780 exstitisse,

1782 818 1923 887 quod
1967 834 2084 871 cum
2136 816 2392 887 [eruerent
2450 811 2596 867 haud
2644 812 2718 865 ita
2763 813 2965 882 pridem
2998 811 3053 865 in
3084 810 3273 881 Anglia
3300 808 3367 862 de

1783 910 2003 965 summis
2042 910 2168 978 ﬁdei
2195 908 2457 974 capitibus
2488 906 2879 969 controversiae,
2912 920 2974 957 ac
2998 919 3179 957 omnes
3202 900 3367 955 athei—

1783 1002 1883 1055 smi
1919 1001 2194 1054 machinas
2244 1000 2297 1051 in
2344 998 2441 1053 hoc
2476 1014 2757 1053 conversas
2788 997 3004 1059 rideret,
3040 1005 3094 1049 ut
3124 995 3219 1049 sub
3249 1011 3366 1061 spe-

1783 1093 1861 1146 cie
1880 1091 2137 1146 naturalis
2162 1091 2434 1160 religionis
2458 1090 2759 1145 excalendtr
2784 1088 3094 1158 paganismo
3122 1088 3203 1142 via
3229 1097 3365 1142 ster-

1785 1182 2295 1252 neretur;Tatiani
2350 1180 2660 1236 Orationem
2698 1180 2766 1233 ad
2819 1178 3199 1248 reprimendas
3256 1178 3364 1232 im-

1784 1277 1997 1347 pietatis
2064 1289 2389 1346 progressus
2423 1274 2613 1329 utilem
2670 1272 2788 1328 fore
2836 1280 3133 1343 Sperasset,
3164 1270 3365 1339 quippe

1785 1367 1880 1438 qui
1944 1366 2381 1423 luculentissima
2448 1367 2786 1421 demonstret
2863 1365 3174 1435 religionem
3227 1362 3365 1416 hanc

1783 1477 1989 1516 omnem
2042 1459 2340 1515 naturalem
2387 1475 2544 1531 quant
2592 1459 2844 1523 dicimus,
2908 1458 3171 1512 misellum
3210 1458 3366 1527 quid-

1783 1554 1908 1608 dam
1954 1570 2087 1621 esse,
2140 1567 2432 1623 parumque
2478 1551 2763 1605 admodum
2800 1550 2973 1605 valere
3001 1553 3072 1605 ad
3121 1552 3366 1606 excolen-

1783 1645 1909 1698 dum
1952 1646 2211 1710 animum,
2262 1659 2535 1715 moresque
2588 1643 2982 1713 informandos,
3016 1644 3117 1697 nisi
3148 1644 3367 1711 insuper

1783 1736 1911 1807 legis
1941 1736 2259 1793 Christiana
2288 1737 2461 1791 lumen
2491 1737 2729 1791 accedat.

1718 1810 1765 1870 Β
1860 1829 2227 1898 Athenagorae
2265 1828 2423 1884 Liber
2472 1830 2536 1884 de
2589 1829 2978 1883 resurrectione
3034 1840 3382 1883 mortuorum.

1786 1931 1911 1977 ante
1966 1920 2310 1992 Legationem
2387 1922 2503 1978 sive
2572 1920 2888 1991 Apologiam
2930 1920 3157 1990 prodiit.
3208 1919 3365 1977 llunc

1783 2011 1933 2066 enim
1978 2012 2175 2068 Latine
2227 2014 2470 2069 reddidit
2497 2013 2768 2083 Georgius
2798 2011 2977 2077 Valla,
3005 2012 3161 2082 cujus
3197 2014 3367 2069 inter-

1784 2105 2020 2175 pretatio
2053 2106 2294 2162 Venetils
2332 2107 2384 2161 in
2423 2106 2519 2161 fol.
2552 2106 2907 2177 excusajcum
2932 2107 3055 2164 aliis
3088 2110 3363 2164 variorum

1782 2198 2062 2267 operibus,
2098 2213 2243 2253 anno
2272 2198 2431 2255 1498.
2490 2198 2654 2252 Multa
2683 2200 2850 2254 etiam
2873 2216 2939 2257 es
2977 2202 3082 2257 hac
3106 2202 3246 2257 libra
3277 2202 3366 2255 in-

1785 2298 2111 2361 terpretatus
2138 2290 2521 2348 cstMarsilius
2551 2291 2791 2362 Ficinus,
2840 2311 2961 2365 qua:
3012 2296 3065 2349 in
3119 2296 3363 2350 secundo

1784 2380 1927 2436 illius
1952 2396 2175 2452 operum
2206 2395 2351 2438 tomo
2374 2383 2647 2454 leguntur.
2674 2386 2820 2443 Idem
2856 2403 2995 2459 opus
3029 2390 3227 2445 litteris
3252 2390 3360 2445 La-

1783 2472 1917 2528 tinis
1965 2473 2263 2528 illustravit
2310 2474 2507 2532 Petrus
2548 2476 2819 2544 Nannius,
2847 2494 2911 2536 ac
2934 2482 3144 2550 primus
3172 2482 3365 2538 Graeca

1781 2565 2022 2636 vulgavit
2050 2581 2171 2621 cum
2212 2582 2310 2622 sua
2344 2569 2804 2639 interpretatione
2842 2572 3023 2629 Paris.
3050 2582 3105 2627 et
3134 2572 3361 2629 Lovanii

1780 2671 1925 2710 anno
1974 2658 2104 2713 1541
2155 2658 2209 2714 in
2243 2658 2320 2713 4⁸.
2356 2659 2481 2716 ΙῘίΒΟ
2521 2662 2693 2719 editio
2737 2663 3161 2722 Grteca—Latiua
3202 2683 3368 2737 repe-

1781 2751 1878 2805 tita
1904 2761 1988 2806 est
2013 2750 2239 2807 Basilea:
2281 2752 2333 2806 in
2374 2754 2504 2809 folia
2536 2770 2683 2811 anno
2710 2756 2850 2812 1550
2887 2757 2941 2813 in
2975 2757 3363 2831 Hicropresby-

1779 2844 1906 2909 tico,
1936 2853 1991 2898 et
2030 2844 2175 2897 inter
2206 2843 2752 2917 Orthodoxographos
2801 2864 2946 2903 anno
2977 2850 3119 2906 1555
3175 2852 3228 2907 in
3268 2852 3363 2908 fol.

1779 2936 1974 2993 Latine
2005 2946 2214 2992 tantum
2248 2939 2391 2993 idem
2423 2955 2562 3010 opus
2587 2956 2654 2996 ex
2686 2940 2881 2996 Nannii
2908 2943 3366 3015 interpretatione

1778 3031 2017 3085 refertur
2038 3039 2159 3099 post
2187 3029 2439 3087 Philonis
2464 3030 2636 3088 Judaei
2660 3048 2827 3106 opera
2855 3034 3049 3091 Latine
3079 3036 3291 3093 reddita
3332 3053 3367 3091 ει

1779 3120 2005 3177 Gelenia
2033 3120 2200 3176 Basil.
2232 3122 2374 3178 1552
2407 3123 2459 3177 in
2491 3124 2569 3179 8⁸.

1848 3213 1905 3268 ln
1930 3212 2220 3283 Legatione
2248 3214 2363 3269 sive
2392 3212 2649 3284 Apologia
2675 3221 2788 3269 tres
2813 3213 3142 3283 interpretes
3174 3214 3363 3272 elabo-

1778 3314 1995 3370 rarunt,
2044 3304 2331 3361 Conradus
2386 3304 2686 3370 Gesucrus,
2737 3306 2827 3374 qui
2872 3305 3062 3363 Graece
3088 3317 3143 3362 et
3170 3307 3364 3363 Latine

1777 3407 1902 3449 cum
1930 3395 2076 3449 notis
2126 3396 2228 3451 hac
2269 3410 2406 3465 opus
2432 3395 2605 3450 edidit
2636 3396 2691 3449 in
2728 3396 2788 3451 8ο
2824 3395 3012 3467 Tiguri
3044 3413 3189 3452 anno
3222 3399 3363 3454 1557

1775 3496 1832 3540 et
1856 3485 2079 3540 Basilete
2116 3502 2263 3542 anno
2317 3487 2487 3552 1558;
2528 3488 2765 3542 Joannes
2798 3492 3045 3558 Langus,
3082 3490 3177 3560 qui
3214 3492 3361 3546 inter

1775 3593 1941 3646 opera
1986 3576 2185 3633 Justini
2227 3578 2420 3635 Latine
2445 3595 2474 3632 a
2508 3595 2567 3635 se
2592 3582 2737 3634 edita
2775 3581 2828 3635 in
2875 3580 2968 3634 fol.
3006 3582 3236 3638 Basilete
3264 3598 3360 3640 an.

1775 3670 1915 3726 1565
1972 3671 2282 3740 Apologiam
2314 3672 2679 3740 Athenagora:
2705 3675 2775 3728 ob
2804 3677 3045 3731 materiae
3089 3676 3358 3730 similitu—

1775 3763 1957 3817 dinem
2009 3764 2275 3829 inseruit;
2317 3767 2514 3820 tertius
2566 3768 2803 3837 denique
2860 3768 3131 3826 Sull‘ridus
3183 3770 3356 3839 Petri,

1774 3855 1865 3924 qui
1894 3871 2018 3911 eum
2051 3858 2401 3913 uberioribus
2435 3859 2579 3913 nalis
2635 3860 2781 3916 idem
2827 3878 2965 3931 Opus
2998 3863 3191 3921 Latine
3228 3865 3354 3919 red-

1773 3946 1945 4001 ditum
1990 3948 2235 4019 vulgavit
2280 3951 2517 4006 Coloniae
2551 3950 2605 4005 in
2634 3951 2695 4007 8·
2736 3970 2827 4012 an.
2871 3955 3027 4010 1567.
3062 3956 3231 4026 Langi
3274 3958 3360 4011 in-

1774 4041 2093 4108 terpretatio
2127 4054 2344 4097 servata
2372 4046 2475 4100 fuit
2498 4048 2549 4101 in
2572 4049 2817 4105 editione
2842 4049 3138 4105 Basileensi
3169 4067 3182 4105 :
3231 4048 3361 4104 Suf-

1771 4131 1915 4187 l'rido
1945 4133 2120 4188 honor
2146 4134 2367 4192 habitus
2396 4138 2449 4191 in
2476 4138 2813 4198 editionibus
2848 4142 3227 4212 Lipsiensibus
3258 4157 3359 4196 an-

1770 4227 1856 4281 nis
1899 4224 2040 4284 1684
2084 4240 2139 4284 et
2194 4230 2358 4287 1685.
2405 4232 2633 4289 Caetera:
2669 4252 2807 4307 quas
2858 4237 3120 4308 deinceps
3166 4252 3358 4292 nume—

1769 4321 2009 4376 rabimus
2040 4321 2544 4392 interpretationem
2576 4324 2804 4381 Gesneri
2852 4330 3221 4384 retinuerunt.

1840 4411 2147 4483 Utrumque
2171 4430 2327 4485 Opus,
2365 4415 2586 4487 Legatio
2614 4426 2670 4473 et
2696 4418 2854 4471 Liber
2875 4419 2942 4473 de
2968 4420 3355 4473 resurrectione

94 4506 339 4561 debemus
386 4506 705 4561 Willltelmo
755 4506 949 4561 worth
997 4508 1387 4564 archidiacono
1442 4506 1661 4578 Wigor-
1693 4514 1740 4569 Ι)
1770 4513 2118 4569 mortuorunt,
2165 4504 2360 4562 Latine
2390 4508 2595 4563 editum
2628 4517 2711 4563 est
2743 4508 2796 4563 in
2836 4508 3192 4566 Bibliothecis
3245 4510 3350 4564 Pa-

95 4598 278 4654 nieusi.
320 4600 374 4653 ls
404 4598 647 4654 Canradi
695 4600 929 4656 Gesneri
975 4602 1484 4667 interpretationem
1528 4621 1664 4660 non-

94 4692 238 4750 nullis
271 4693 322 4745 in
359 4694 500 4748 locis
540 4695 895 4758 emendavit,
941 4709 1082 4763 opus
1126 4695 1179 4748 in
1226 4703 1374 4749 certa
1418 4696 1663 4765 quamam

91 4786 254 4851 capita
296 4784 617 4851 distribuit,
654 4785 886 4840 aliorum
932 4786 1077 4841 notis
1115 4785 1369 4857 adjunxit
1415 4801 1564 4847 suas,
1600 4802 1664 4840 ac

92 4877 253 4931 varias
296 4878 571 4932 lectiones
600 4892 632 4932 e
662 4877 830 4932 tribus
863 4888 1154 4949 excerptas
1194 4878 1473 4933 codicibus
1521 4878 1665 4933 inter

90 4978 394 5021 contextum
429 4977 486 5022 et
520 4978 683 5022 notas
712 4969 903 5022 ordine
928 4967 1219 5037 disposuit.

147 5060 225 5112 Ad
255 5061 466 5115 calcem
499 5062 763 5130 appositae
792 5060 1015 5132 Georgii
1060 5059 1201 5114 Bulli
1249 5060 1662 5117 observationes

86 5152 140 5205 de
158 5152 363 5206 Christi
401 5152 713 5217 divinitate,
746 5152 1019 5207 Kartholti
1051 5163 1216 5219 notae,
1250 5162 1308 5208 et
1344 5152 1661 5208 dissertatio

86 5245 249 5297 domui
283 5243 497 5298 Nicolai
543 5244 592 5299 le
642 5244 843 5299 Nourri
891 5246 1141 5302 monachi
1173 5245 1533 5301 Benedictini.
1562 5245 1661 5301 Se-

86 5338 255 5400 quitur
327 5336 573 5391 Hermia:
633 5336 991 5406 apusculum,
1052 5337 1198 5406 quod
1252 5352 1375 5391 cum
1426 5335 1660 5392 Tatiano

90 5422 335 5482 Worthus
375 5428 825 5500 coniungendum
868 5429 1070 5495 duxit;
1106 5428 1305 5485 deinde
1342 5429 1554 5485 indices
1596 5445 1659 5485 ac

86 5522 284 5573 tandem
326 5523 545 5576 erudita
592 5522 939 5576 celeberrimi
985 5522 1201 5576 abbatis
1237 5524 1305 5577 de
1333 5522 1658 5593 Langueruc

87 5609 419 5681 dissertatio,
461 5630 630 5685 quam
670 5613 936 5670 Worthus
982 5632 1011 5669 a
1056 5615 1221 5670 Petra
1263 5616 1494 5670 llallixio
1535 5624 1659 5688 post

87 5704 371 5760 absolutum
400 5724 537 5779 opus
569 5716 872 5777 acceperat
906 5723 968 5763 ea
1001 5710 1118 5780 lege
1141 5717 1196 5764 et
1232 5711 1567 5779 conditione,
1600 5719 1656 5767 ut

88 5797 310 5854 eruditus
346 5800 763 5860 dissertationis
792 5809 981 5857 auctor
1009 5802 1300 5861 cclaretur.

1773 4604 1938 4661 trum,
1989 4594 2218 4653 Lutetiae
2279 4598 2439 4654 annis
2477 4598 2638 4667 1575,
2675 4600 2838 4665 1589,
2873 4600 3013 4659 1609
3050 4620 3064 4668 ;
3110 4601 3355 4658 Colonia:

1771 4691 1947 4757 1618;
1976 4692 2223 4766 Lugduni
2263 4695 2398 4749 1677
2428 4694 2617 4751 Grrece
2665 4705 2720 4751 et
2746 4695 2942 4753 Latine
2993 4714 3117 4752 eum
3175 4698 3353 4763 notis;

1768 4783 1996 4840 Parisiis
2021 4785 2075 4839 in
2097 4784 2174 4853 8",
2203 4800 2293 4841 an.
2323 4786 2484 4851 1657,
2522 4786 2591 4840 ab
2625 4786 2862 4842 Henrico
2886 4788 3166 4857 Stephano
3189 4803 3353 4857 quem
3436 4832 3439 4841 ,

1769 4877 2043 4932 immerito
2089 4889 2280 4933 auctor
2308 4878 2570 4933 Historia:
2616 4880 2848 4950 general.
2894 4880 3216 4948 scriptorum
3263 4896 3354 4932 sa»

1765 4984 1977 5021 crorum
2039 4978 2087 5021 et
2144 4970 2624 5025 ecclesiasticarum
2684 4985 2883 5024 novam
2936 4969 3354 5038 interpretatio-

1767 5076 1890 5114 nem
1934 5060 2228 5117 adornasse
2259 5063 2631 5117 existimavit:
2688 5063 2815 5117 item
2858 5061 3047 5131 Tiguri
3106 5061 3245 5116 1559
3294 5070 3352 5115 et

1766 5156 1905 5212 1560
1932 5156 2025 5212 fol.
2066 5158 2210 5212 inter
2251 5158 2634 5230 theologorum
2677 5160 2886 5228 aliquot
2917 5158 3231 5215 Graecorum
3256 5174 3350 5211 ve-

1764 5257 1940 5302 terum
1987 5249 2419 5304 arthodoxarum
2450 5251 2689 5321 scripta;
2726 5251 2781 5305 in
2816 5254 3110 5305 Auctuario
3146 5250 3349 5305 Biblio«

1764 5340 1936 5394 thecae
1988 5339 2236 5407 Patrum,
2286 5341 2517 5397 Parisiis
2550 5343 2715 5407 1621,
2747 5344 2876 5397 item
2908 5352 3031 5414 pos:
3056 5358 3221 5413 opera
3253 5341 3350 5396 Ju-

1763 5431 1890 5487 stini
1924 5431 2085 5497 1615,
2116 5433 2275 5498 1656,
2304 5433 2441 5489 1686
2468 5452 2481 5498 ;
2520 5435 2716 5491 Oxonii
2747 5436 2800 5489 iu
2823 5436 2909 5499 12,
2942 5452 3063 5490 cum
3088 5436 3347 5491 brevibus

1762 5526 1907 5578 notis
1947 5524 2079 5579 Felli
2113 5527 2348 5597 episcopi
2392 5527 2725 5584 Oxoniensis
2759 5528 2927 5593 1682;
2973 5527 3173 5597 Lipsiae
3205 5529 3259 5582 in
3288 5529 3346 5582 8°

1764 5614 1923 5680 1684,
1957 5617 2118 5685 1085,
2151 5635 2272 5672 cum
2301 5620 2445 5675 notis
2488 5620 2911 5690 Rechenbergii,
2938 5621 3028 5689 qui
3074 5621 3346 5689 interpre-

1765 5709 2022 5763 tationem
2049 5708 2272 5764 Sull'ridi
2308 5712 2555 5765 retinuit.

1838 5801 1956 5856 Alia
1980 5800 2203 5858 Oxouiue
2237 5803 2440 5871 prodiit
2487 5802 2654 5859 editio
2683 5816 2826 5859 anno
2868 5801 3004 5857 1706
3036 5802 3090 5857 in
3116 5800 3204 5871 3',
3244 5813 3340 5855 32‘.-
