3792 6544
440 298 513 352 19
1360 301 1416 357 S.
1458 302 1792 359 JUSTINUS
1824 303 2304 359 PHILOSOPHUS
2334 303 2421 358 ET
2456 302 2764 359 MAR'EYR.
3626 306 3707 363 ΞΟ

448 421 585 476 teris
613 423 987 492 praestantior,
1022 439 1191 493 Opera
1240 423 1477 481 Eduardi
1516 425 1773 491 Dechair,
1801 427 1895 496 qui
1921 442 2015 480 va-
2046 438 2088 492 Α
2122 426 2191 480 lei
2216 428 2398 481 codice
2436 425 2685 490 collatus,
2730 423 2937 477 additis
2963 423 3194 491 ejusdem
3218 420 3389 490 Celei,
3412 426 3503 496 qui
3536 423 3711 480 Theo-

450 515 559 569 rias
587 513 853 571 lectiones
879 531 946 572 ex
972 532 1080 571 uno
1110 518 1300 573 codice
1341 517 1522 587 Regia:
1548 518 1893 574 bibliothecae
1922 519 2024 574 l—‘a—

447 606 697 663 risiensis
730 618 787 664 et
821 611 1098 665 nonnullis
1144 611 1464 681 Anglicanis
1500 623 1718 680 nactus,
1751 615 1854 669 hoc
1884 629 2023 684 prata

446 696 587 752 sidio
619 698 686 752 ad
729 710 1045 755 contextum
1077 705 1473 758 emendandum
1523 720 1657 761 usus
1700 715 1804 769 est,
1852 707 2019 761 inter-

436 789 788 852 pretationes
815 790 1043 846 Gesneri
1069 802 1123 848 et
1154 792 1352 848 Nannii
1387 795 1638 865 pluribus
1666 797 1805 852 locis
1833 811 2023 852 emen-

447 878 621 944 davit,
680 890 947 951 notasque
999 884 1242 939 eruditas
1293 885 1562 954 adiunxit,
1590 896 1648 943 et
1696 888 1765 943 ad
1810 888 2018 943 calcem

444 971 860 1027 observationes
922 973 1171 1040 Sullridi,
1218 976 1429 1047 Langi,
1480 977 1753 1034 Kortholti
1804 988 1862 1035 et
1914 979 2019 1035 Re-

445 1062 844 1131 uhenbergii,et
888 1066 1147 1121 nonnulla
1176 1081 1240 1122 ex
1287 1067 1546 1136 Baronio,
1576 1068 1867 1137 Halloixio,
1893 1070 2028 1133 Dod-

436 1147 595 1203 \vello
646 1154 700 1202 et
764 1155 919 1212 Bullo
942 1170 1201 1230 excerpta
1232 1162 1504 1231 apposuit.

436 1300 446 1311 ,
514 1244 631 1298 Νυη
664 1244 888 1301 defuere
918 1248 1010 1317 qui
1045 1250 1450 1319 Athenagoram
1482 1250 1680 1308 litteris
1703 1254 2018 1310 vernaculis

441 1336 804 1395 Illustrarent.
837 1338 1053 1393 Librum
1096 1341 1161 1395 de
1201 1344 1597 1398 resurrectione
1639 1343 1827 1400 Italice
1852 1347 2017 1403 vertit

442 1429 806 1501 Hieronymus
827 1431 996 1487 Faleti
1032 1432 1274 1490 Venetiis
1297 1437 1439 1505 apud
1456 1437 1654 1492 Aldum
1681 1439 1734 1493 in
1759 1439 1839 1510 4ο,
1868 1455 2014 1495 armo

442 1521 603 1589 1557,
638 1522 685 1578 si
726 1520 981 1579 Fabricio
1017 1525 1321 1591 credimus;
1356 1528 1519 1595 1556,
1549 1531 1596 1586 si
1628 1534 1839 1588 auctori
1866 1533 2012 1590 Hist.

440 1611 673 1680 general.
703 1616 945 1683 scriptor.
992 1634 1134 1671 sacr.
1155 1627 1203 1670 et
1229 1620 1411 1676 eccles.
1445 1623 1663 1678 Annum
1695 1624 1836 1681 1546
1876 1630 2016 1684 assi-

438 1714 572 1772 gnat
619 1707 873 1761 eruditus
926 1707 1106 1762 editor
1148 1707 1747 1789 Eduarduerecltair.
1784 1718 2013 1790 Anglice

442 1795 582 1849 idem
632 1811 772 1868 opus
820 1800 1026 1869 prodiit
1070 1800 1371 1874 interprete
1422 1785 1699 1863 Richardo
1747 1785 2013 1877 Pordero,
2045 1785 2090 1841 Β

440 1885 671 1942 Londini
699 1903 848 1943 anno
872 1890 1032 1945 1575.
1065 1890 1381 1963 Apologiam
1410 1895 1617 1953 Gallice
1641 1899 1817 1954 edidit
1836 1899 2017 1958 Guido

440 1978 771 2035 (iaussartus
797 1981 851 2034 in
878 1980 961 2048 8°,
1000 1981 1182 2041 Paris.
1231 1985 1393 2043 1574.
1447 1989 1675 2060 Anglice
1725 2000 2018 2063 utrumque

439 2086 574 2138 opus
618 2072 791 2128 David
814 2072 1195 2146 Humphreyus
1219 2077 1271 2131 in
1309 2078 1390 2145 8°,
1441 2079 1674 2137 Londini
1707 2084 1869 2140 1711.
1906 2085 2013 2142 Te-

438 2171 618 2216 statur
638 2163 992 2221 doctissimus
1017 2166 1305 2225 Fabricius
1333 2180 1554 2228 exstare
1584 2175 1869 2246 utriusque
1894 2192 2019 2249 ope-

440 2254 516 2310 ris
549 2254 815 2312 Gallicam
870 2258 1409 2330 interpretationem,
1460 2279 1582 2335 quin
1611 2267 1856 2325 Arnoldo
1886 2268 2018 2325 Fer-

438 2363 573 2403 rono
594 2349 842 2405 debetur.

443 2435 446 2438 ’
507 2440 628 2497 lam
660 2444 899 2501 diximus
935 2446 995 2502 S.
1027 2447 1388 2518 Theophilum
1422 2452 1612 2508 Gmce
1642 2453 1876 2523 primum
1900 2470 2020 2525 pro-

436 2533 622 2599 diisse,
655 2549 763 2590 una
792 2552 915 2591 cum
947 2537 1211 2607 Tatiano,
1239 2539 1422 2612 Tiguri
1453 2543 1508 2597 in
1539 2543 1638 2599 fol.
1672 2559 1816 2601 anno
1854 2546 2020 2615 1546,

434 2641 601 2695 opera
656 2626 883 2684 Joannis
924 2629 1112 2685 Frisii.
1165 2630 1221 2685 ln
1276 2634 1464 2689 eadem
1509 2635 1643 2691 urbe
1702 2652 1769 2693 ac
1826 2640 2016 2695 eodem

437 2732 584 2771 mino
630 2721 834 2789 prodiit
892 2719 1085 2777 Latine
1131 2738 1197 2777 ex
1260 2725 1719 2796 interpretatione
1772 2728 2014 2786 Conradi

435 2809 711 2879 (Ilauseri,
739 2827 859 2881 qua:
902 2812 1123 2883 quidem
1156 2814 1544 2887 interpretatio
1589 2820 1826 2877 habetur
1850 2823 1903 2877 in
1932 2823 2020 2879 Bi-

438 2902 729 2958 bliothecis
757 2904 1004 2972 Patrum,
1032 2905 1210 2962 Paris.
1243 2908 1591 2979 1575,1589,
1624 2913 1784 2981 16ηο9,
1831 2916 2015 2984 1644ς

435 2994 630 3053 Colon.
666 2996 842 3063 £618;
870 2996 1055 3070 Lugd.
1082 2998 1242 3054 1677.
1274 3000 1462 3057 Graece
1509 3016 1690 3061 autem
1722 3017 1775 3061 et
1821 3007 2017 3063 Latine

434 3096 618 3192 exstat
644 3088 751 3192 hoc
778 3105 915 3158 opus
960 3091 1099 3145 inter
1128 3091 1668 3167 0rlhodoxographas
1703 3115 1807 3157 an.
1841 3099 2012 3163 1555;
2046 3134 2087 3192 ε

435 3180 603 3235 Basil.
654 3180 707 3236 in
759 3182 856 3239 fol.
908 3183 960 3238 in
992 3185 1290 3242 Auctuario
1349 3186 1700 3244 Bibliotheca;
1752 3190 2011 3259 Patrum;

402 3312 405 3317 -
435 3271 619 3330 Paris.
652 3274 817 3337 1624.
847 3292 970 3333 cum
1002 3281 1146 3336 notis
1174 3282 1467 3337 Frontonis
1496 3282 1711 3338 Ductei:
1745 3294 1870 3353 post
1896 3300 2021 3356 ope-

439 3380 497 3418 ra
538 3365 600 3420 S.
629 3365 826 3423 Justini
856 3368 1031 3426 Paris.
1062 3372 1222 3438 1615,
1257 3372 1394 3428 1656
1426 3384 1482 3429 et
1501 3373 1694 3430 Colon.
1719 3392 1814 3432 seu
1838 3378 2020 3446 potius

436 3462 769 3536 Vittebergae
799 3465 961 3520 1686.

505 3559 667 3612 Anno
701 3557 841 3613 1684
884 3561 1088 3630 prodiit
1140 3561 1335 3618 Oxonii
1372 3563 1425 3616 in
1456 3563 1524 3616 12
1555 3578 1690 3617 nova
1739 3563 1907 3620 editio
1949 3564 2018 3618 li-

434 3651 660 3706 brorum
685 3653 751 3707 ad
777 3654 1128 3726 Autolycum,
1180 3671 1346 3727 opera
1376 3654 1606 3712 Joannis
1636 3656 1771 3711 Felli
1805 3658 2021 3727 episco-

437 3744 489 3811 pi
520 3743 880 3812 Osoniensis,
907 3748 1267 3818 quicodicem
1314 3765 1418 3805 ms.
1449 3764 1481 3803 e
1509 3749 1837 3805 bibliouieca
1880 3749 2020 3805 Bod-

439 3836 616 3891 leiana
668 3838 881 3904 habuit,
917 3856 981 3895 ac
1017 3842 1530 3910 interpretationem
1581 3840 1831 3897 Clauseri
1868 3860 2010 3898 non-

404 3930 602 3986 nullis
657 3932 711 3986 in
768 3931 908 3987 locis
966 3934 1302 4003 emendavit,
1352 3936 1656 4006 brevesque
1710 3946 1871 3993 notas
1922 3940 2019 3994 ad-

431 4020 634 4091 iunxit.

509 4112 832 4170 Concedunt
882 4116 962 4169 lue
1010 4130 1203 4171 omnes
1258 4117 1529 4172 editiones
1577 4116 2017 4187 Hatnburgcnsi,

438 4220 565 4273 quae
600 4206 806 4275 prodiit
844 4220 989 4260 anno
1040 4206 1181 4261 1724
1213 4207 1267 4261 in
1302 4207 1359 4263 8°
1406 4223 1573 4278 opera
1620 4204 1709 4262 Jo.
1762 4206 2017 4262 Christo-

437 4296 594 4365 phori
656 4295 842 4351 Wolﬁi
894 4298 1134 4366 pastoris
1163 4298 1230 4353 ad
1272 4298 1337 4353 Ι).
1367 4298 1592 4354 Cathar.
1628 4297 1933 4369 Hamburg.
1963 4307 2020 4353 et

435 4388 797 4448 scholarchaa.
850 4388 901 4446 ls
927 4399 1241 4446 contextum
1271 4391 1511 4447 contulit
1543 4407 1668 4447 cum
1725 4391 2017 4447 Bodleiano

2128 520 2305 573 dorilo
2334 519 2751 589 junioremesse
2785 515 3061 571 Ilerntiam
3107 518 3409 583 existimat,
3450 528 3500 571 et
3519 516 3708 575 .Wiln.

2129 609 2339 664 Worthi
2367 610 2502 663 notis
2525 610 2595 663 ad
2629 608 2834 662 calcem.
2854 606 3089 669 Tatian‘i,
3119 605 3292 661 Oxon.
3324 608 3482 676 1700,
3511 608 3587 664 8⁸.

2731 720 2958 776 CAPUT
2997 722 3083 776 IV.

2128 810 2327 867 Paucis
2376 812 2663 882 exponitur
2706 812 2833 882 quid
2864 813 2918 865 in
2949 813 3047 893 Irae
3078 829 3209 867 nova
3259 814 3707 869 editionetenta—

2789 892 2899 937 tum
2937 892 3026 936 stt.

2194 972 2310 1030 Non
2338 974 2495 1045 longa
2529 973 2776 1030 oratione
2816 973 3052 1029 lectores
3101 975 3322 1042 tenebo,
3351 990 3413 1030 ut
3439 979 3520 1032 eis
3538 975 3709 1033 labe.-

2120 1066 2198 1121 ris
2225 1066 2329 1120 mei
2356 1067 2626 1123 rationem
2650 1079 2943 1136 exponam,
2976 1062 3067 1134 qui
3102 1065 3317 1134 quidem
3361 1067 3711 1122 eruditorum

2113 1159 2325 1238 judicio
2361 1160 2711 1225 commissus,
2772 1175 2880 1215 non
2928 1168 3036 1213 tam
3094 1175 3122 1211 a
3164 1174 3249 1213 me
3294 1158 3597 1216 laudandus
3637 1176 3715 1216 ac

2120 1251 2505 1321 prmdicandus
2552 1261 2657 1317 est,
2709 1267 2874 1320 quam
2907 1252 3286 1309 excusationis
3312 1254 3468 1309 venia
3496 1254 3715 1307 erratis

2118 1354 2174 1398 et
2204 1344 2453 1410 maculis,
2499 1359 2620 1415 quae
2664 1344 2719 1400 in
2755 1345 2927 1400 arduo
2956 1355 3012 1401 et
3055 1344 3259 1401 dilIiciii
3304 1361 3468 1416 opere
3502 1362 3713 1417 parum

2117 1437 2261 1501 cavi,
2274 1453 2337 1492 ex
2345 1437 2638 1507 poscenda.

2190 1528 2373 1585 Multa:
2409 1529 2656 1599 profecto
2680 1544 3001 1602 magnaeque
3031 1529 3376 1585 ditllcultates
3407 1531 3459 1585 in
3492 1531 3579 1585 his
3607 1544 3717 1585 ve»

2118 1622 2325 1678 teribus
2354 1623 2722 1679 monumentis
2741 1631 3119 1679 occurrerunt.
3142 1621 3332 1691 Magna
3352 1622 3563 1677 librarii
3581 1624 3718 1678 vul-

2119 1728 2248 1768 nera
2285 1713 2482 1778 lecere,
2530 1714 2645 1768 sive
2670 1713 2946 1769 notinullis
2972 1712 3310 1777 omittendis.
3355 1727 3469 1769 srve
3494 1712 3715 1768 immo.-

2123 1804 2322 1871 tandis,
2354 1803 2470 1859 sive
2490 1804 2683 1868 etiam,
2716 1805 2769 1859 id
2802 1804 2945 1873 quod
2981 1803 3037 1859 in
3071 1812 3187 1859 toto
3209 1802 3385 1874 capite
3430 1803 3719 1874 Apologitz

2122 1895 2159 1950 2
2185 1894 2246 1950 S.
2278 1895 2479 1952 Justini
2511 1896 2819 1964 observavi,
2856 1896 2909 1951 in
2950 1897 3126 1951 locum
3165 1910 3272 1950 non
3317 1910 3473 1952 suum
3513 1904 3720 1949 trans-

2121 1990 2384 2045 ferendis.
2413 1990 2530 2046 Huc
2553 1991 2763 2046 accedit
2790 1990 2964 2062 stylus
2990 2006 3088 2048 nec
3115 1992 3402 2046 verborum
3431 1990 3719 2046 electione

2120 2080 2441 2145 concinnus,
2465 2093 2563 2135 nec
2590 2082 3004 2136 constructione
3049 2089 3363 2146 accuratus,
3389 2081 3715 2150 praesertim

2122 2172 2173 2227 in
2197 2170 2421 2241 Dialogo
2458 2170 2517 2228 S.
2559 2170 2788 2238 Justini,
2821 2172 2913 2242 qui
2931 2172 3055 2226 dum
3089 2172 3273 2228 studio
3295 2171 3472 2228 fervet
3505 2170 3715 2225 delen-

2121 2264 2312 2318 dcndze
2363 2262 2644 2330 veritatis,
2682 2280 2791 2319 non
2826 2264 2985 2319 modo
3017 2262 3234 2335 proiicit
3262 2272 3592 2319 ornamenta
3625 2264 3720 2318 di,-

2121 2355 2302 2419 cendi,
2360 2355 2456 2410 sed
2517 2356 2679 2410 etiam
2751 2356 3025 2411 sermonis
3078 2355 3450 2426 perspicuitati
3504 2369 3716 2425 parum

2121 2445 2386 2501 consulit.
2424 2446 2642 2503 Tatiani
2676 2448 2888 2518 lepores
2910 2448 3295 2518 elegantesque
3316 2448 3540 2519 pictura:
3559 2461 3718 2518 saepe

2121 2556 2229 2594 non
2287 2542 2468 2596 minus
2525 2541 2726 2611 negotii
2778 2540 3095 2610 facessunt,
3158 2555 3324 2611 quam
3389 2540 3720 2609 incomptus

2123 2636 2522 2707 iuornatusque
2545 2652 2752 2701 sermo,
2779 2639 2917 2693 adeo
2948 2645 3005 2691 ut
3037 2635 3186 2690 visus
3206 2636 3279 2690 sit
3312 2634 3720 2703 interpretibus

2120 2740 2177 2783 et
2224 2729 2431 2784 criticis
2475 2727 2826 2785 Crescentem
2876 2728 3140 2799 Cynicum
3186 2726 3391 2783 aculeis
3436 2725 3717 2797 deligere,

2125 2827 2254 2881 dum
2316 2826 2515 2882 mimos
2550 2827 2752 2882 nativis
2807 2826 3087 2882 coloribus
3120 2825 3409 2880 describit.
3456 2822 3720 2893 Operosa

2122 2933 2512 2987 nonnunquam
2549 2932 2729 2972 rerum
2783 2916 3139 2987 profanarum
3163 2916 3306 2986 apud
3336 2914 3438 2968 bos
3464 2913 3722 2982 scripto-

2124 3024 2211 3064 res
2250 3009 2561 3078 esplanatio
2580 3024 2603 3074 ς.
2622 3008 2718 3065 sed
2752 3009 2894 3063 haud
2927 3009 3040 3064 scio
3090 3023 3159 3063 an
3188 3007 3471 3079 operosius
3513 3004 3719 3070 fuerit,

2125 3114 2231 3154 non
2261 3100 2385 3155 dico
2408 3100 2536 3169 quid
2569 3100 2644 3155 illi
2670 3100 2736 3155 de
2764 3099 3274 3155 Christidivinitate
3304 3098 3547 3153 sentiant
3584 3111 3726 3167 per-

2123 3193 2336 3259 spicere
2364 3191 2561 3261 (mirus
2586 3192 2730 3245 enim
2757 3200 2842 3245 est
2862 3190 3081 3245 illorum
3113 3190 3279 3244 ardor
3309 3187 3476 3242 animi
3515 3188 3571 3240 in
3605 3187 3724 3241 hoc

2123 3283 2463 3337 detendendo
2493 3282 2748 3352 dogmate
2776 3292 2830 3337 et
2856 3290 3046 3352 aperta
3085 3284 3142 3337 in
3166 3280 3518 3351 praedicando
3553 3280 3726 3333 testi-

2126 3376 2356 3446 monia),
2403 3375 2497 3430 sed
2550 3383 2868 3445 argumenta
2915 3373 3199 3438 nonnulla,
3252 3373 3451 3445 quibus
3504 3373 3561 3427 in
3602 3375 3723 3429 hoc

2125 3480 2323 3535 genere
2377 3477 2625 3534 utuntur,
2681 3465 2981 3535 explanare
3033 3474 3092 3521 et
3141 3464 3400 3521 omnibus
3454 3465 3725 3535 vestigiis

2123 3560 2397 3628 persequi.

2195 3651 2453 3706 Subsidio
2486 3650 2637 3707 luere
2668 3651 2735 3706 ad
2766 3650 2884 3706 haec
2913 3649 3253 3721 expedienda
3286 3664 3421 3706 mss.
3454 3649 3723 3716 codices,

2123 3743 2578 3812 interpunctionis
2609 3742 2862 3808 mutatio,
2883 3740 3251 3812 parenthesis,
3281 3741 3374 3796 ubi
3411 3755 3553 3809 opus
3580 3740 3722 3805 fuit,

2122 3835 2410 3905 appositio,
2440 3844 2649 3889 attenta
2690 3834 2928 3904 denique
2972 3833 3215 3888 locorum
3250 3832 3547 3887 difﬁcilium
3575 3848 3727 3887 con-

2124 3927 2388 3985 sideratio
2415 3937 2471 3982 et
2503 3941 2630 3983 cum
2669 3926 2793 3981 aliis
2822 3925 3067 3997 ejusdem
3095 3935 3191 3980 aut
3222 3925 3425 3980 diversi
3468 3927 3727 3995 scripto-

2122 4017 2203 4072 ris
2228 4017 2465 4073 collatio.
2493 4016 2619 4072 Hiec
2657 4026 2844 4072 autem
2882 4016 3002 4071 sine
3034 4017 3287 4087 pluribus
3318 4016 3487 4082 notis,
3520 4014 3729 4087 iisque

2124 4111 2403 4166 interdum
2459 4110 2710 4180 prolixis,
2758 4112 2947 4165 navari
2990 4127 3098 4167 non
3130 4120 3458 4181 potuerunt;
3492 4112 3589 4165 sed
3631 4124 3725 4168 ta-

2124 4218 2253 4257 men
2286 4203 2473 4257 habita
2504 4213 2589 4258 est
2626 4218 2757 4258 cura
2782 4204 3093 4260 brevitatis.
3142 4204 3383 4258 Taedium
3415 4204 3550 4258 mihi
3582 4220 3729 4275 pro-

2124 4294 2270 4351 fecto
2320 4304 2377 4351 et
2418 4295 2728 4366 legentibus
2790 4298 3142 4367 peperissem,
3194 4296 3457 4367 justoque
3482 4300 3729 4369 gravior

2123 4386 2420 4442 voluminis
2467 4387 2689 4443 sarcina
2724 4387 2944 4455 fuisset,
2968 4388 3015 4443 si
3046 4388 3469 4443 commentarios
3509 4387 3728 4461 Langi,

435 4482 625 4536 codice
648 4490 703 4536 et
733 4482 885 4551 regio
932 4481 1254 4549 Parisiensi,
1301 4485 1523 4553 suisque
1562 4493 1617 4539 et
1656 4483 1891 4538 aliorum
1923 4494 2022 4537 no-
2051 4485 2102 4546 D
2131 4480 2394 4549 Perionii,
2421 4480 2697 4536 Kortholti
2715 4489 2771 4536 et
2800 4481 3037 4535 aliorum
3068 4480 3463 4551 apposuissem,
3500 4482 3549 4535 si
3574 4480 3728 4538 locis

437 4574 507 4627 tis
554 4572 855 4629 illustravit
899 4587 964 4629 ac
1015 4575 1525 4646 interpretationem
1581 4576 1831 4646 pluribus
1877 4575 2016 4631 locis

433 4664 766 4718 enitendavit.

510 4756 786 4824 Hermias,
833 4759 1013 4830 inquit
1041 4760 1330 4815 Fabricius
1362 4801 1378 4826 ,
1413 4760 1545 4814 vidit
1584 4760 1753 4816 lucem
1786 4762 2020 4831 primum

434 4868 500 4905 es
532 4851 633 4907 lo.
660 4852 850 4909 Jacobi
879 4852 1110 4925 Fuggeri
1134 4854 1314 4908 codice
1355 4871 1476 4907 cum
1508 4856 1745 4910 versione
1776 4854 2018 4923 Raphae-

437 4944 506 4999 lis
538 4944 733 5000 Seileri
754 4945 1091 5016 Augustani,
1109 4946 1450 5003 Basil..1555
1479 4947 1532 5001 in
1559 4948 1636 5013 8',
1662 4947 1884 5006 additus
1916 4946 2019 5002 De-

438 5040 617 5093 metrii
666 5039 891 5110 Cydonii
916 5040 1149 5095 orationi
1173 5038 1239 5093 de
1265 5048 1432 5093 morte
1478 5040 1858 5095 contemnenda
1881 5053 1901 5092 :
1932 5051 2019 5095 at-

438 5149 539 5200 que
562 5134 700 5187 inter
742 5143 937 5188 ueteres
982 5134 1187 5204 aliquot
1213 5132 1484 5202 theologos
1512 5129 1751 5198 ercos,
1797 5148 2028 5187 excusas.

442 5226 631 5296 Tiguri
672 5242 813 5279 anno
839 5225 978 5280 1560
1001 5226 1125 5296 fol.,
1159 5224 1342 5279 Graece
1363 5236 1411 5278 et
1453 5224 1644 5279 Latine
1669 5235 1889 5280 curante
1910 5224 2018 5281 Ge-

438 5334 613 5373 snero.
665 5316 868 5371 Deinde
920 5325 978 5370 ut
1029 5316 1255 5371 Latinas
1284 5317 1543 5371 editiones
1570 5318 1626 5371 in
1667 5316 2017 5375 Bibliothecis

439 5408 669 5464 Patrum
720 5409 969 5480 repetitas
996 5410 1262 5474 omittam,
1300 5407 1484 5463 Graece
1518 5419 1570 5463 et
1592 5408 1781 5464 Latine
1824 5411 2019 5463 iterum

438 5519 559 5555 rum
586 5503 1028 5573 castigationibus
1070 5499 1359 5556 Frontonis
1404 5501 1589 5556 Ducazi
1635 5503 1692 5557 in
1723 5504 2020 5557 Auctuario

440 5596 711 5651 Ducaano
745 5593 922 5650 Paris.
956 5595 1097 5651 1624
1123 5596 1180 5648 in
1222 5594 1345 5663 fol.,
1370 5604 1503 5651 tom.
1530 5593 1584 5663 Ι,
1613 5604 1665 5650 et
1707 5596 1777 5651 ad
1820 5596 2020 5651 calcem

440 5688 646 5742 Justini
676 5689 926 5759 martyris
973 5686 1156 5745 Paris.
1209 5688 1369 5747 1615.
1405 5689 1544 5743 1656
1593 5697 1643 5742 et
1676 5688 1865 5744 Colon.
1903 5694 2018 5743 siue

438 5779 613 5842 potius
664 5779 974 5851 Vittebergw
1008 5780 1147 5836 1686
1170 5782 1224 5835 in
1254 5781 1351 5854 fol.
1380 5780 1616 5849 Denique
1648 5798 1765 5837 cum
1790 5780 1887 5837 Th.
1913 5780 2019 5838 ϐαρ

2126 4574 2509 4631 communibus
2537 4589 2626 4630 res
2656 4574 3062 4629 ecclesiasticas
3091 4583 3146 4628 et
3169 4574 3425 4643 profanas
3456 4574 3726 4632 illustra-

2127 4682 2187 4722 re
2236 4667 2510 4732 lihuisset,
2549 4676 2605 4722 et
2636 4664 2901 4736 quidquid
2944 4664 3036 4720 alii
3088 4676 3180 4720 aut
3220 4667 3399 4722 minus
3420 4672 3730 4726 commode

2124 4759 2472 4833 interpretati
2510 4767 2660 4826 sunt,
2713 4768 2809 4813 aut
2859 4758 3045 4814 minus
3080 4758 3244 4815 docte
3284 4762 3515 4831 opinati,
3550 4762 3731 4830 quid-

2123 4854 2254 4926 quid
2283 4869 2313 4907 a
2342 4852 2534 4909 Bibliis
2591 4853 2797 4908 nostris
2836 4852 3042 4907 habent
3092 4853 3426 4908 discriminis
3476 4854 3653 4909 citata
3692 4874 3731 4913 a

2123 4945 2337 5001 Justino
2366 4954 2423 5000 et
2458 4942 2762 5015 Theophilo
2817 4946 3150 5012 testimonia,
3209 4946 3491 5015 colligere.
3537 4946 3595 5000 lu
3626 4950 3731 5006 his

2123 5037 2380 5095 omnibus
2432 5036 2646 5095 delectu
2690 5052 2828 5107 opus
2877 5052 3000 5093 esse
3061 5038 3229 5094 duxi:
3275 5036 3727 5094 Adnotationnni

2121 5145 2344 5199 operam
2376 5130 2519 5186 intra
2551 5138 2844 5185 contextus
2875 5141 2932 5185 et
2959 5130 3251 5202 scriptoris
3286 5130 3576 5185 sententia:
3633 5134 3732 5188 in-

2127 5223 2495 5295 telligentiatn
2538 5223 2689 5279 soleo
2735 5237 3034 5290 coercere;
3066 5225 3306 5280 virorum
3339 5222 3727 5297 eruditorum,

2123 5318 2214 5386 qui
2252 5326 2381 5371 ante
2408 5332 2495 5373 me
2518 5317 2730 5375 utiliter:
2756 5315 3098 5383 laborarunt,
3150 5315 3586 5380 observationes,
3619 5320 3727 5376 ubi

2124 5409 2256 5464 mihi
2297 5408 2479 5467 minus
2530 5408 2855 5477 probantur,
2895 5408 3089 5478 paucis
3138 5408 3363 5464 refello:
3397 5409 3487 5464 ubi
3519 5409 3731 5467 viden-

2128 5510 2217 5558 tur
2240 5501 2585 5570 adoptandaz,
2618 5500 2854 5557 libenter
2878 5501 3116 5567 ascisco,
3165 5504 3250 5558 sic
3300 5511 3480 5557 tamen
3510 5513 3571 5557 ut
3603 5506 3731 5574 ple-

2125 5610 2357 5666 rumque
2402 5596 2456 5650 in
2487 5596 2712 5651 brevius
2744 5608 3046 5667 cogantur,
3072 5612 3176 5653 nec
3202 5596 3387 5652 debila
3416 5597 3725 5667 quisquam

2123 5689 2282 5745 laude
2311 5688 2625 5743 fraudetur.

2192 5778 2401 5837 Novam
2460 5780 2972 5855 interpretationem
3004 5781 3279 5855 prmcipue
3318 5780 3725 5841 desiderabant
