3792 6474
97 324 163 380 ξι
1125 314 1188 370 Β.
1229 307 1496 366 MAR-AN!
1531 299 1922 362 PREFATIO.
1961 329 2030 339 —
2064 297 2248 354 PARS
2273 297 2311 350 l.
3297 277 3367 334 23

101 453 331 508 utraque
381 439 585 494 Justini
629 436 909 507 Apologia,
958 434 1117 488 Liber
1160 435 1224 488 de
1278 432 1591 487 monarchia
1632 436 1685 483 et
1713 433 1763 495 Α
1791 424 1935 478 Actis
1996 420 2257 491 martyrii
2298 416 2358 473 S.
2408 415 2644 478 Justini,
2689 427 2810 482 qua
2857 411 3046 467 Graec
3080 419 3133 464 et
3177 407 3368 461 Latine

102 533 384 600 Dialogus,
412 533 783 600 Athenagora
811 531 968 584 Liber
993 529 1055 583 de
1078 529 1461 582 resurrectione
1490 533 1545 579 et
1576 533 1685 577 tres

104 627 219 678 libri
251 622 574 691 Theophili.
630 622 779 677 Satis
829 618 929 675 fuit
987 620 1042 674 in
1097 617 1355 673 Oratione
1380 615 1596 676 Justini.
1617 615 1685 668 ad

100 716 329 774 Graecos,
381 715 636 784 Epistola
685 717 755 768 ad
799 714 1115 784 Diognetum
1159 721 1215 766 et
1273 710 1506 766 llermia
1554 723 1689 778 opu-

104 803 256 860 sculo
285 809 813 876 interpretationem
839 807 1086 877 pluribus
1108 805 1247 860 locis
1280 803 1593 858 emendare.
1627 799 1684 852 ln

102 901 194 951 hoc
215 909 407 952 autem
443 898 637 952 labore
662 898 715 952 id
743 913 888 953 cura
919 897 1046 962 fuit,
1099 903 1166 949 nt
1186 893 1410 950 verbum
1434 894 1600 947 verbo
1627 890 1688 945 li-

102 992 186 1045 dus
218 991 518 1058 interpres
552 988 866 1053 redderem,
910 1003 1014 1042 nec
1064 986 1195 1040 mihi
1231 987 1348 1040 sine
1377 983 1688 1040 necessaria

101 1098 248 1139 causa
279 1082 578 1135 licentiam
611 1094 905 1134 sumerem.
959 1079 1140 1148 ASch
1163 1078 1310 1133 enim
1338 1076 1527 1147 religio
1548 1085 1691 1130 esset

97 1187 178 1229 aut
197 1175 267 1228 de
294 1175 550 1229 veritate
574 1172 871 1242 quidquam
912 1171 1242 1242 negligentia
1293 1169 1564 1233 deterere,
1596 1176 1690 1221 aut

100 1283 228 1335 eam,
260 1265 431 1337 quasi
468 1265 669 1320 debilis
691 1273 746 1318 et
775 1263 988 1318 infirma
1034 1263 1138 1326 sit,
1162 1271 1282 1316 astu
1330 1274 1686 1332 exaggerare.

98 1361 272 1429 Itaque
308 1357 616 1413 molestum
670 1355 902 1410 fortasse
933 1354 1213 1410 nonnullis
1235 1355 1343 1408 erit
1372 1353 1688 1408 testimonia

101 1453 156 1506 ad
178 1454 508 1520 dogmatum
544 1447 920 1504 defensionem
949 1446 1393 1515 praeclarissima,
1431 1445 1526 1500 sed
1571 1459 1692 1513 qua

102 1546 202 1600 sola
232 1547 616 1614 interpretum
644 1542 972 1596 auctoritate
999 1540 1337 1604 nitebantur,
1363 1539 1416 1593 in
1439 1539 1540 1594 hac
1572 1553 1692 1592 mea

101 1644 563 1714 interpretatione
599 1656 708 1695 non
738 1638 1014 1708 reperire:
1046 1634 1210 1704 quale
1241 1641 1323 1688 est
1346 1630 1480 1686 illud
1511 1646 1577 1686 ex
1597 1629 1692 1683 .Iu.

100 1738 216 1794 Stini
242 1736 510 1805 Dialogo,
541 1732 738 1790 n._88:
777 1729 1084 1784 Humanum
1127 1741 1292 1801 genus
1319 1740 1412 1794 per
1433 1721 1607 1778 Adam
1638 1724 1694 1776 in

1790 524 1911 588 post
1969 511 2399 584 Papebrochium
2450 508 2636 570 edidi,
2681 514 2735 560 et
2783 504 3101 574 fragmentis
3143 515 3366 570 operum

1789 606 2196 677 deperditorum
2233 601 2460 664 Justini,
2499 598 2711 653 Tatiani
2739 606 2795 652 et
2823 594 3131 666 Theophili.

1859 697 1991 754 Usui
2030 696 2181 752 fuere
2225 694 2330 750 duo
2379 701 2628 747 recentes
2691 705 2821 744 mss.
2874 687 3125 754 codices,
3173 685 3369 755 quibus

1788 789 1970 845 omnia
2000 787 2201 844 Justini
2237 796 2347 840 tam
2385 784 2615 855 genuina
2661 797 2824 852 quam
2877 781 3156 849 supposita
3203 791 3370 847 opera

1789 880 2160 944 continentur,
2211 876 2350 931 alter
2396 890 2425 929 e
2459 872 2626 943 Regia
2673 872 2996 927 bibliotheca
3036 869 3162 924 olim
3203 867 3369 932 2270,

1792 986 1936 1026 nunc
1989 969 2136 1036 450,
2186 967 2323 1023 alter
2371 983 2437 1022 ex
2490 963 2934 1020 Clarmnontana.
2981 963 3250 1017 Praterea
3299 961 3369 1014 ad

1796 1063 2226 1118 Cobortationem
2249 1059 2475 1114 adhibiti
2502 1059 2632 1128 regii
2652 1056 2868 1112 codices
2887 1053 3374 1125 perantiqui,nunc

1791 1156 1891 1210 451
1939 1164 1992 1211 et
2023 1155 2161 1220 174,
2197 1153 2326 1208 olim
2361 1153 2499 1207 227i
2524 1192 2540 1218 ,
2573 1161 2628 1206 et
2661 1151 2837 1215 29l9;
2885 1159 2941 1203 et
2985 1147 3367 1210 Colbertinus,

1793 1248 1884 1319 qui
1916 1261 2060 1302 nunc
2091 1247 2274 1316 regius
2301 1256 2384 1302 est
2416 1245 2504 1301 l9.
2535 1246 2617 1298 Ad
2651 1241 2949 1312 Epistolam
2991 1241 3064 1295 ad
3101 1237 3299 1294 Zenant
3325 1247 3375 1292 et

1795 1338 2050 1394 Serenum
2083 1337 2216 1404 regii
2243 1336 2460 1391 codices
2491 1335 2589 1388 451
2619 1343 2674 1388 et
2709 1332 2842 1399 174,
2873 1347 2936 1387 ac
2969 1339 3233 1400 praterea
3263 1329 3373 1384 duo

1791 1430 2234 1496 Claromontani,
2268 1429 2360 1500 qui
2401 1439 2580 1483 tamen
2629 1429 2705 1482 ita
2748 1427 2963 1496 gemelli
3004 1435 3166 1492 sunt,
3200 1435 3262 1480 ut
3306 1439 3377 1479 ex

1792 1523 1980 1578 eodem
2012 1522 2202 1577 codice
2236 1529 2466 1590 uterque
2499 1518 2808 1588 descriptus
2858 1519 2930 1574 sit
2979 1518 3065 1574 vel
3114 1519 3256 1572 alter
3306 1530 3377 1571 ex

1794 1615 1986 1670 altero.
2031 1614 2196 1669 Iidem
2225 1612 2636 1668 Claromontani
2667 1612 2884 1667 codices
2914 1627 3037 1666 cum
3071 1611 3238 1681 regiis
3269 1611 3376 1666 958

1793 1717 1849 1762 ct
1891 1705 2058 1772 1268,
2103 1713 2160 1761 et
2205 1705 2420 1760 duobus
2467 1703 2838 1771 Coislinianis,
2886 1718 3116 1773 quorum
3169 1703 3379 1772 primus

101 1843 310 1887 mortem
341 1841 392 1886 et
434 1828 684 1899 fraudem
726 1798 1192 1890 seductionemque
1218 1819 1473 1887 serpentis
1505 1817 1684 1871 conci-

1859 1801 1982 1856 cimi
2028 1801 2215 1856 saeculi
2252 1791 2375 1856 esSe
2415 1800 2682 1864 creditur,
2714 1798 2784 1852 ad
2825 1796 3220 1864 Expositionem
3252 1795 3377 1863 ﬁdei

101 1928 276 1985 derat;
320 1933 376 1975 ut
403 1921 621 1974 interim
646 1917 920 1986 propriam
953 1929 1048 1982 pro
1082 1928 1137 1965 se
1159 1911 1388 1980 maligne
1418 1909 1686 1978 agentium

101 2017 350 2084 cujusque
391 2014 611 2081 culpam
650 2021 873 2063 taceam.
923 2005 1164 2061 Citatum
1225 2004 1388 2058 etiam
1423 2001 1522 2054 fuit
1554 2000 1687 2054 illud

102 2108 384 2177 Theophili
421 2122 490 2162 ex
518 2106 662 2160 libro
692 2119 763 2159 tt:
798 2101 949 2168 Quod
981 2109 1158 2153 autem
1187 2099 1288 2152 sibi
1309 2114 1402 2166 per
1432 2095 1690 2165 injuriam

104 2213 148 2255 et
197 2199 623 2254 inobedientiam
657 2199 816 2251 homo
867 2195 1238 2256 accersiverat,
1270 2191 1324 2242 id
1347 2191 1394 2244 ei
1424 2204 1564 2242 nunc
1589 2187 1689 2239 do-

107 2305 193 2346 nat
229 2293 392 2357 Deus,
433 2308 530 2361 per
571 2306 726 2345 suam
761 2288 1147 2342 humanitatem
1179 2293 1227 2338 et
1267 2279 1691 2336 misericordiam

107 2389 304 2455 faciens
335 2385 579 2439 homines
611 2383 712 2437 sibi
735 2383 1095 2447 obsequentes.
1119 2378 1425 2432 Contextus
1449 2374 1502 2427 in
1530 2387 1692 2426 causa

110 2478 336 2541 exstitit,
367 2492 471 2530 cur
510 2476 598 2531 his
631 2473 962 2530 testimoniis
988 2485 1110 2525 mea
1141 2467 1521 2536 interpretatio
1546 2478 1697 2520 care-

113 2581 211 2622 ret.
238 2567 346 2622 Sed
372 2569 482 2622 hoc
515 2567 798 2631 damnum,
831 2565 876 2620 si
910 2573 1092 2618 tamen
1119 2561 1378 2616 damnum
1410 2557 1578 2612 videri
1609 2556 1698 2610 de-

110 2661 222 2724 bet,
275 2659 446 2712 multa
496 2660 606 2712 alia
656 2657 1112 2722 compensabunt,
1165 2667 1284 2722 qua
1322 2649 1490 2705 certis
1527 2647 1698 2701 ratio-

113 2753 270 2805 nibus
302 2750 575 2805 adductus
599 2750 678 2804 ita
711 2749 949 2814 reddidi,
983 2756 1044 2800 ut
1086 2744 1374 2815 scriptoris
1416 2739 1692 2796 sententia

115 2844 168 2895 in
199 2841 504 2896 clarissima
551 2839 674 2895 luce
703 2839 882 2909 posita
914 2839 1008 2903 sit,
1036 2852 1097 2891 ac
1121 2844 1238 2890 tota
1281 2834 1349 2888 lis
1386 2833 1693 2888 dirimatur.

182 2933 416 3004 Operam
445 2934 736 2996 ordinem,
768 2932 859 3001 qui
892 2930 958 2985 ad
988 2930 1273 2984 arbitrium
1309 2927 1362 2981 in
1399 2924 1698 2995 superiori-

119 3027 220 3082 bus
251 3028 584 3081 editionibus
619 3026 897 3080 institutus
932 3022 1133 3086 fuerat,
1162 3037 1227 3076 ex
1261 3019 1521 3092 temporis
1553 3016 1696 3071 notis

123 3119 456 3189 dirigendnm
481 3133 609 3173 esse
636 3117 788 3171 duxi.
829 3114 946 3169 Non
978 3124 1157 3168 tamen
1201 3112 1486 3182 disiuncta
1597 3107 1698 3163 Ju-

123 3213 248 3265 stini
270 3213 562 3281 Apologia.
591 3209 800 3278 Rejecti
824 3209 878 3263 in
901 3207 1268 3276 Appendicem
1299 3203 1565 3275 suppositi
1598 3201 1696 3257 Ju-

123 3303 259 3356 stitio
294 3303 454 3367 libri,
496 3303 639 3356 inter
666 3316 802 3370 quos
841 3311 1235 3370 praceptorum
1267 3299 1468 3368 pietate
1499 3295 1702 3350 eminet

129 3396 354 3462 Epistula
395 3396 466 3448 ad
501 3393 701 3448 Zenam
723 3405 770 3448 et
805 3393 1061 3449 Serenum
1089 3408 1108 3446 :
1140 3391 1238 3446 sed
1284 3403 1446 3459 quam
1490 3395 1700 3443 certum

124 3497 177 3540 et
205 3487 550 3540 manifestum
595 3496 680 3540 est
712 3500 832 3539 eam
864 3483 1060 3538 lustini
1099 3498 1206 3537 non
1248 3495 1407 3546 esse,
1454 3489 1562 3534 tam
1608 3479 1707 3533 ob-

129 3594 336 3632 scurum
369 3586 426 3631 et
459 3575 731 3629 incertum
762 3583 849 3628 est
880 3587 986 3641 quo
1023 3571 1364 3641 potissimum
1398 3567 1599 3637 scripta
1634 3566 1706 3620 sit

129 3683 379 3737 tempore.
407 3666 724 3735 Sequuntur
752 3666 857 3719 duo
878 3677 1062 3731 opera,
1099 3662 1155 3716 S.
1190 3659 1451 3731 martyris
1483 3657 1706 3728 quidem

128 3766 334 3816 nomine
360 3761 437 3817 ob
475 3773 727 3815 errorum
767 3771 1034 3810 venenum
1079 3753 1336 3823 indigna,
1381 3752 1476 3806 sed
1525 3763 1706 3804 tamen

128 3857 252 3909 satis
299 3855 535 3919 idonea,
582 3865 704 3921 qua
753 3850 960 3918 legendi
1011 3857 1067 3904 et
1115 3843 1479 3915 cognoscendi
1524 3840 1707 3897 studia

125 3954 498 4001 coummveant
526 3959 544 3998 :
579 3940 854 4010 Expositio
892 3952 1047 3991 recite
1075 3934 1422 4004 confessionis
1453 3972 1469 3999 ,
1509 3932 1564 3987 in
1599 3945 1707 4000 qua

126 4040 286 4107 spirat
313 4037 546 4091 haresis
572 4033 935 4097 Nestoriana;
960 4037 1014 4085 et
1045 4028 1377 4094 Quwstiones
1402 4042 1466 4082 ac
1491 4039 1709 4094 respon-

128 4132 292 4183 siones
335 4131 407 4182 ad
455 4128 808 4190 orthodoxos,
841 4137 959 4194 qua
1001 4121 1311 4192 Pelagianis
1357 4117 1588 4174 maculis
1632 4116 1714 4170 in-

129 4225 303 4290 signes
349 4231 501 4276 sunt.
547 4221 684 4274 Aliae
721 4218 1052 4285 Quwstiones
1079 4225 1134 4270 et
1160 4213 1469 4283 Confutatio
1502 4211 1716 4264 Aristo-

127 4314 244 4368 telis
271 4317 577 4384 dogmalum
608 4314 850 4368 mirabili
885 4312 1011 4382 styli
1059 4307 1420 4366 similitudine
1457 4305 1714 4360 eumdetn

129 4416 398 4472 parentem
429 4407 683 4462 referunt
707 4421 772 4460 ac
806 4403 1135 4470 Questiones
1157 4411 1204 4456 et
1241 4399 1611 4470 responsiones
1644 4398 1714 4451 ad

125 4503 462 4558 ortltodoxos.
501 4499 757 4558 Secunda
789 4513 921 4569 pars
951 4495 1280 4569 Appendicis
1312 4493 1586 4561 assignata
1615 4489 1720 4545 fuit

1789 1893 2188 1949 emendandam
2217 1890 2560 1962 profuerunt.
2612 1889 2917 1959 Confutatio
2949 1888 3247 1942 Aristotelis
3289 1887 3380 1940 do-

1789 1991 2022 2052 gmatum
2051 1983 2247 2038 collata
2277 1997 2400 2036 cum
2419 1981 2566 2052 regio
2587 1981 2752 2034 2153.
2777 1979 3138 2050 Athenagorae
3165 1977 3380 2048 Legatio

1790 2074 1982 2130 collata
2005 2091 2128 2129 cum
2153 2074 2361 2129 duobus
2385 2073 2548 2143 regiis
2570 2073 2700 2138 451,
2733 2071 2860 2137 174,
2887 2071 3062 2126 tribus
3092 2070 3382 2135 Romanis,

1791 2179 2020 2233 quorum
2049 2165 2154 2218 duo
2183 2179 2252 2217 ex
2293 2164 2679 2225 Ottoboniana,
2717 2162 2859 2216 alius
2895 2177 2962 2217 ex
2998 2162 3266 2216 Vaticana
3295 2160 3383 2213 bi-

1793 2255 2086 2319 bliotheca,
2117 2252 2542 2308 Claromontano
2586 2263 2642 2307 et
2671 2252 2782 2306 alio
2830 2267 2902 2306 ex
2935 2252 3258 2307 bibliotheca
3297 2254 3386 2307 in-

1795 2347 2098 2402 stitutionis
2133 2347 2372 2401 Oratorii
2420 2345 2776 2400 Parisiensis.
2832 2345 3086 2413 Ejusdem
3128 2344 3286 2398 Liber
3322 2346 3388 2399 de

1796 2436 2178 2492 resurrectione
2205 2436 2439 2492 collatus
2468 2451 2591 2490 cum
2648 2435 2846 2490 iisdem
2904 2434 3186 2489 codicibus
3223 2435 3388 2504 regiis

1795 2529 1920 2595 451,
1956 2527 2084 2594 tu,
2134 2527 2260 2593 450,
2294 2537 2349 2581 et
2400 2525 2610 2581 duobus
2662 2524 3106 2580 Claromontanis
3133 2563 3149 2589 ,
3183 2526 3383 2594 quibus

1797 2634 2076 2674 accessere
2118 2619 2283 2672 varia
2324 2617 2588 2672 lectiones
2623 2616 2754 2671 olim
2783 2618 2849 2671 ab
2881 2616 3258 2671 eruditissimo
3289 2614 3382 2670 Bi-

1798 2721 1890 2783 got
1913 2727 1943 2767 e
1975 2726 2077 2769 ms.
2106 2711 2296 2766 codice
2324 2710 2611 2774 collecta',
2643 2725 2762 2777 qua
2797 2710 2851 2764 in
2879 2709 3208 2765 bibliotheca
3243 2709 3380 2762 San-

1797 2805 2139 2876 germanensi
2181 2812 2556 2858 asservantur.
2593 2801 2756 2857 Liber
2798 2819 2863 2860 ιιι
2908 2800 3193 2871 Theophili
3224 2801 3391 2856 colla—

1801 2908 1888 2952 tus
1916 2913 2036 2952 cum
2070 2897 2219 2966 regio
2245 2895 2368 2952 887.
2400 2894 2652 2952 llermias
2683 2910 2807 2950 cum
2859 2895 3074 2950 duobus
3106 2894 3392 2959 Romanis,

1804 2989 1980 3044 altero
2013 2989 2271 3044 Vaticano
2310 2998 2365 3044 et
2406 2987 2581 3042 altero
2607 2986 2992 3044 Ottoboniano.
3024 2988 3392 3042 Romanorum

1801 3082 2050 3137 codicum
2099 3083 2281 3136 varias
2331 3081 2594 3136 lectiones
2669 3081 2840 3136 debeo
2899 3079 3108 3135 duobus
3164 3080 3395 3135 eruditis

1725 3195 1772 3258 ς
1803 3185 2004 3230 nostra
2032 3175 2472 3246 congregationis
2519 3175 2572 3227 in
2618 3175 2768 3229 curia
2801 3173 3041 3231 Romana
3072 3182 3394 3244 procurato-

1810 3269 1984 3332 ribus,
2007 3270 2079 3323 ὓ.
2104 3268 2361 3324 Etiennot
2385 3281 2442 3326 et
2470 3269 2533 3324 D.
2567 3267 2732 3323 Petro
2768 3267 2983 3328 Maloet,
3019 3282 3250 3336 quorum
3285 3266 3396 3335 pri-

1811 3374 1932 3414 mus
1970 3357 2312 3429 Legationem
2356 3362 2719 3432 Athenagorae
2765 3373 2890 3414 cum
2925 3358 3138 3412 duobus
3167 3358 3396 3413 Ottobo-

1808 3454 1989 3509 nianis
2019 3454 2275 3511 contulit.
2318 3453 2564 3509 Postulat
2597 3454 2738 3524 grati
2768 3452 2937 3507 animi
2967 3451 3225 3516 ofﬁcium,
3261 3460 3319 3505 ut
3343 3459 3397 3504 et

1807 3547 2250 3603 doctissimorum
2280 3546 2462 3616 Regia:
2495 3544 2837 3600 bibliothecae
2867 3545 3150 3598 custodum
3181 3542 3244 3595 Ι).
3273 3541 3400 3596 Boi-

1810 3641 1901 3694 vin
1933 3649 1988 3694 et
2012 3640 2075 3695 D.
2108 3640 2173 3694 de
2197 3639 2461 3706 Targnies
2483 3648 2538 3692 et
2565 3652 2774 3701 eorum,
2797 3637 2889 3708 qui
2922 3637 3032 3692 illis
3055 3648 3394 3697 successere,

1811 3734 2068 3788 eximiam
2095 3733 2150 3787 in
2180 3747 2266 3787 me
2293 3731 2599 3799 adjuvando
2632 3730 3030 3784 humanitatem
3067 3739 3398 3782 commemo-

1810 3843 1946 3884 rem.
1988 3825 2204 3881 Prolixa
2227 3825 2393 3880 etiam
2423 3833 2479 3878 et
2524 3824 2768 3878 benefica
2811 3821 2865 3875 in
2899 3836 2987 3875 me
3014 3820 3268 3874 voluntas
3304 3832 3398 3870 ex-

1811 3922 1952 3976 stitit
1982 3919 2262 3976 reverendi
2293 3917 2471 3971 Patris
2501 3914 2766 3969 llarduini
2795 3953 2810 3978 ,
2840 3926 3002 3982 quem
3035 3925 3194 3964 nemo
3218 3909 3402 3964 nescit

1817 4013 2173 4072 bibliotheca
2205 4009 2422 4080 collegii
2463 4007 2793 4062 Parisiensis
2835 4005 3113 4061 societatis
3151 4000 3282 4058 Jesu
3313 4000 3406 4056 diu

1815 4109 2129 4181 praefectum
2168 4104 2361 4162 fuisse.
2413 4103 2495 4156 Ad
2543 4099 2851 4157 testimonia
2898 4096 3128 4162 Justini,
3172 4109 3294 4166 qua
3337 4093 3406 4148 ab

1816 4203 2056 4259 Eusebio
2110 4199 2465 4265 referuntur,
2517 4195 2744 4252 adhibui
2799 4195 2981 4250 varias
3030 4192 3292 4248 lectiones
3336 4203 3406 4244 ex

1816 4298 2097 4354 codicibus
2143 4309 2276 4350 mss.
2321 4300 2631 4362 excerptas,
2665 4302 2788 4352 qua
2836 4301 3047 4342 mecum
3092 4283 3161 4338 ab
3192 4295 3300 4335 uno
3335 4290 3405 4333 cx

1820 4390 2021 4446 nostris
2070 4403 2266 4444 novam
2312 4385 2608 4441 editionem
2655 4378 2877 4436 Eusebii
2911 4380 3166 4434 Historiae
3197 4389 3406 4444 prapa-

1824 4494 1984 4540 rante
2035 4481 2459 4538 communicata
2505 4477 2750 4534 fuerunt.
