3796 6476
506 275 579 334 93
1437 281 1493 335 S.
1534 281 1874 339 JUSTINUS
1909 283 2389 341 PHILOSOPHUS
2423 284 2511 342 ET
2550 284 2861 343 MARTYR.
3688 294 3744 345 24

529 440 3631 466 "‘Wm

3633 449 3725 465 C‘

1410 572 2292 668 PREFATIONIS.
2352 574 2644 713 PARS
2719 577 2808 665 ΙΙ

608 751 679 813 ln
728 768 859 832 qua
904 751 1107 818 multa
1135 758 1594 834 expenduntur
1635 759 1715 821 ad
1768 760 2009 822 Justini
2053 759 2426 901 ettaliprum
2476 758 2815 839 religionis
2860 756 3272 821 defensorum
3304 753 3646 816 doctrinam

1966 856 2117 901 snec
2150 856 2226 901 an
2261 855 2342 901 1a.

1966 855 2342 918 speetanna.

1003 1072 1232 1129 CAPUT
1276 1073 1567 1131 PRIMUM.

495 1180 569 1236 An
593 1185 856 1253 cognitum
886 1184 1104 1241 Platoni
1143 1185 1363 1241 Verbum
1400 1192 1585 1243 merito
1612 1192 1928 1247 existimavit
1967 1194 2068 1250 .lu-

559 1256 771 1307 atinas?
794 1255 875 1310 An
902 1257 1012 1323 ipse
1034 1256 1284 1311 Justinus
1314 1259 1453 1313 hanc
1478 1262 1543 1314 de
1578 1260 1743 1316 Verbo
1768 1264 2063 1320 doctrinam

556 1326 614 1378 in
670 1323 915 1381 Platonis
956 1326 1140 1381 schola
1190 1331 1457 1398 percepit?

484 1433 522 1485 Ι.
549 1434 771 1485 Platonis
794 1441 1082 1488 testimonia
1107 1440 1171 1489 de
1209 1440 1336 1491 ideis
1360 1449 1414 1493 et
1451 1456 1551 1496 Mm
1588 1456 1654 1494 ex
1676 1444 1862 1494 Timeo
1885 1444 2058 1496 Locro.

554 1472 570 1485 .
593 1472 771 1485 ...υνυω
795 1472 1082 1488 .ι.......υ...«.
1107 1472 1171 1489 υς
1211 1472 1336 1491 “ms
1360 1472 1414 1493 ει
1454 1472 1494 1495 ιο
1588 1472 1654 1494 ει
1686 1472 1707 1494 ι
1724 1472 1862 1494 ηιιαυ
1885 1472 2058 1496 metu.

544 1498 604 1550 .‘l.
629 1499 816 1566 Ali‘aex
838 1500 1023 1566 Timan
1042 1504 1414 1566 expenduntur.
1440 1472 1551 1555 ΠΕ,
1556 1507 1683 1566 Quid
1708 1508 1772 1557 sit
1796 1509 1924 1566 apud
1950 1510 2063 1558 Pla-

542 1564 1048 1628 t_onetn_unigenitus,
1079 1564 1215 1614 Deus
1237 1566 1455 1628 genitus,
1486 1564 1779 1628 Dei'imago.
1814 1564 1893 1619 IV.
1920 1569 2062 1619 Mun-

536 1621 652 1694 dum
675 1620 1145 1694 Plato'existimavit
1168 1620 1458 1694 perfectam"
1485 1643 1598 1694 esse
1626 1620 1729 1694 κυεῖ
1747 1692 1755 1694 ν
1772 1632 2057 1694 imaginem.

538 1682 597 1753 Χ.
616 1682 781 1753 Locus
800 1684 1033 1753 celebris,
1059 1687 1143 1753 ubi
1168 1682 1309 1738 Plato
1332 1690 1397 1739 de
1421 1690 1600 1739 'l'riade
1624 1692 1756 1753 loqui
1802 1682 1934 1742 visits
1954 1701 2057 1751 est.

536 1743 801 1811 :l‘etradem
837 1741 1211 1811 Pythagoricam
1260 1753 1499 1802 continet.
1544 1753 1628 1803 Vl.
1652 1741 1909 1804 Genitusa
1950 1741 2058 1806 Deo

533 1805 665 1878 {etus
686 1805 1075 1878 scientiaest'et
1113 1814 1313 1878 veritas.
1342 1812 1445 1878 Vili.
1472 1814 1604 1864 Nihil
1640 1817 1703 1864 de
1739 1816 1902 1866 Verbo
1929 1805 2059 1878 apud

534 1868 1074 1939 Platonem__y_idet_'unt_
1106 1876 1372 1939 scriptores
1411 1877 1606 1926 Justino
1645 1868 2059 1939 antiquiores-aut

532 1932 766 2002 aequales.
792 1931 1174 2002 VIIl._Justinus
1199 1931 1347 1998 hujus
1378 1931 1829 2002 doctrinaejejun'us
1862 1942 1922 1990 ad
1960 1940 2056 1990 Ec-

531 1993 732 2040 clcsiam
758 1996 983 2045 accessit.

541 2076 653 2132 Non
684 2082 1019 2150 propositum
1055 2083 1188 2137 mihi
1215 2092 1300 2139 est
1322 2084 1592 2154 quidquid
1622 2084 1708 2141 bis
1735 2086 1789 2140 in
1824 2086 2052 2157 scriptis

467 2171 534 2224 ad
580 2172 889 2228 doctrinam
941 2175 1203 2245 pertinet,
1255 2177 1359 2230 hoc
1408 2177 1528 2231 loco
1582 2175 1844 2248 colligere
1883 2178 2052 2249 (hunc

463 2262 607 2318 enim
657 2264 713 2318 in
754 2280 909 2321 usum
953 2267 1207 2338 copiosus
1242 2268 1403 2324 index
1434 2268 1733 2325 instructus
1773 2269 1920 2341 est),
1949 2270 2044 2325 sed

462 2371 525 2409 ea
571 2364 778 2411 tantum
827 2361 1156 2430 expendere,
1189 2377 1311 2433 quae
1359 2363 1444 2418 vel
1489 2363 1705 2419 alienos
1747 2364 1799 2417 in
1851 2378 2045 2419 sensus

461 2450 695 2513 detorta,
723 2448 807 2503 vel
829 2465 933 2506 sua
958 2462 1150 2521 sponte
1177 2454 1411 2509 obscura
1440 2454 1755 2510 ct'diﬂicilia
1782 2455 1837 2509 in
1869 2455 2038 2510 adno-
2072 2461 2116 2517 Β
2144 2448 2437 2551 ἐκμαγεῖον

460 2542 760 2598 tationihus
787 2542 1051 2599 illustrari
1087 2556 1145 2601 et
1172 2546 1437 2617 explicari
1467 2563 1576 2603 non
1610 2558 1924 2617 potuerunt.
1964 2548 2041 2604 De

457 2632 659 2688 Christi
689 2634 910 2704 quidem
940 2636 1229 2693 divinitate
1258 2637 1535 2693 uberrima
1565 2647 1712 2694 esset
1734 2639 2039 2695 disserendi

455 2738 645 2795 seges,
676 2724 721 2780 si
755 2741 861 2780 non
893 2726 999 2783 hoc
1022 2727 1210 2785 labore
1237 2744 1403 2800 quam
1433 2730 1584 2800 potui
1622 2730 2039 2786 accuratissime

456 2829 508 2867 tu
542 2814 685 2871 notis
713 2815 1002 2873 defunctus
1028 2833 1227 2876 essem.
1259 2820 1367 2877 Sed
1413 2832 1661 2892 superest
1708 2824 1761 2877 in
1808 2824 1911 2880 hoc
1940 2838 2040 2895 ge-

454 2920 586 2961 nere
618 2922 721 2963 non
753 2914 1147 2968 contemnenda
1178 2915 1439 2982 qu:estio,
1471 2930 1593 2985 quae
1633 2915 1767 2970 mihi
1800 2918 2039 2972 maxime

454 2995 667 3052 videtur
691 3000 796 3055 mei
814 3013 937 3055 esse
961 3001 1217 3059 instituti.
1243 3003 1348 3072 Qui
1373 3004 1427 3060 in
1454 3005 1658 3061 Christi
1689 3007 2035 3063 divinitatem

452 3094 742 3157 postremis
822 3094 1040 3149 eteculis
1097 3096 1293 3166 impias
1352 3096 1568 3165 linguas
1622 3110 1927 3167 acuerunt,
1980 3102 2034 3156 hi

449 3182 736 3241 clamitare
781 3201 888 3242 non
938 3187 1155 3244 desiere
1201 3190 1358 3261 λόγον
1391 3192 1532 3256 apud
1581 3191 1862 3249 Platonem
1912 3210 2036 3250 esse

448 3289 738 3344 personam
762 3294 792 3333 a
815 3294 1031 3337 summo
1062 3281 1173 3337 Deo
1194 3282 1531 3352 distinctam,
1564 3295 1620 3340 et
1660 3287 1801 3341 hanc
1828 3286 2032 3342 doctri-

447 3382 574 3422 nam
605 3384 636 3425 e
665 3368 909 3428 Platonis
942 3374 1123 3429 schola
1157 3375 1211 3431 in
1245 3375 1542 3432 Ecclesiam
1564 3420 1583 3445 ,
1604 3378 1745 3434 duce
1773 3378 2035 3436 facinoris

447 3454 731 3515 P‘iatonico
772 3460 992 3519 Iustino
1019 3506 1035 3532 ,
1083 3480 1357 3522 manasse.
1407 3466 1649 3525 Joannes
1682 3470 1929 3526 Clericus
1974 3472 2029 3527 in

447 3550 702 3618 Epistolis
728 3555 929 3610 criticis
954 3555 1010 3620 7,
1046 3556 1098 3625 8,
1129 3558 1183 3624 9,
1217 3557 1434 3615 Judaeos
1472 3561 1621 3631 ipsos
1658 3576 1724 3616 ac
1754 3561 1809 3617 in
1835 3562 2027 3633 primis

443 3640 728 3700 Philonem
773 3660 804 3701 e
833 3645 1079 3704 Platonis
1116 3648 1362 3707 fontibus
1405 3651 1659 3708 hausisse
1698 3653 2024 3723 pronuntiat

443 3733 708 3804 quidquid
757 3737 825 3792 de
872 3736 1051 3795 Verbo
1100 3739 1193 3797 Dei
1246 3741 1387 3798 Filio
1428 3753 1483 3799 et
1529 3744 1774 3799 omnium
1827 3747 2026 3818 opilice

442 3829 768 3883 docuerunt.
801 3829 857 3884 ln
886 3829 990 3887 hoc
1015 3831 1335 3888 Platonismi
1382 3836 1437 3891 in
1480 3836 1781 3893 Ecclesiam
1816 3838 2026 3895 inducti

441 3927 751 3972 commento
777 3959 793 3986 ,
825 3930 1083 3990 tanquam
1116 3923 1169 3979 in
1212 3940 1272 3981 re
1300 3935 1451 3981 certa
1485 3937 1541 3982 et
1571 3929 1848 3998 explorata
1872 3970 1888 3997 ,
1925 3945 2028 3985 nu-

441 4008 679 4076 perrime
724 4008 1052 4072 Laurentius
1105 4015 1446 4077 Moshetnius
1496 4021 1847 4079 fundamenta
1891 4025 2028 4096 iecit

439 4098 682 4156 omnium
716 4118 1009 4175 nugarum,
1040 4124 1177 4179 quas
1208 4111 1260 4166 in
1291 4110 1677 4170 dissertatione
1706 4115 1782 4169 De
1808 4117 2024 4170 turbata

438 4208 532 4259 per
559 4191 869 4251 Platonicos
900 4199 1137 4257 Ecclesia
1167 4202 1421 4260 devolvit.
1452 4205 1587 4261 Cum
1628 4208 1743 4278 ipsa
1782 4208 2024 4267 Platonis

441 4287 881 4347 testimoniorum
913 4295 1283 4354 consideratio
1312 4298 1530 4355 videtur
1567 4302 1868 4373 legentium
1899 4306 2017 4359 ani-

439 4394 557 4437 mos
599 4384 802 4440 morari
843 4396 898 4441 et
928 4387 1205 4447 oblectare
1232 4407 1423 4462 posse;
1458 4403 1569 4449 tum
1602 4407 1735 4451 vero
1764 4396 1832 4452 de
1858 4396 2018 4453 Chri-

437 4474 618 4529 stiana
661 4478 943 4546 doctrina,
990 4497 1155 4552 quam
1195 4492 1373 4541 tamen
1423 4486 1477 4541 in
1528 4495 1679 4543 tanta
1728 4490 2020 4546 evidentiae

436 4566 559 4621 iure
605 4567 782 4625 fateor
810 4586 979 4643 opera
1010 4590 1137 4631 mea
1165 4591 1270 4631 non
1303 4578 1549 4648 indigere
1573 4621 1587 4641 .
1621 4581 1759 4636 bene
1788 4584 2019 4638 meritu-

436 4674 555 4712 rutn
587 4674 674 4714 me
702 4676 891 4732 spero,
909 4666 952 4719 si
980 4666 1352 4723 demonStrem
1370 4708 1386 4734 ,
1418 4686 1517 4726 nec
1546 4672 1829 4731 Platonem
1854 4679 2018 4733 Chri—

434 4752 600 4807 stiani
629 4763 697 4809 de
730 4754 869 4812 Filio
897 4757 991 4812 Dei
1023 4759 1298 4828 dogmatis
1328 4762 1433 4817 ulla
1469 4781 1693 4834 prorsus
1721 4785 1857 4824 aura
1886 4788 2015 4841 per-

431 4844 616 4902 ﬂatum
650 4850 849 4918 fuisse,
883 4869 987 4910 nec
1015 4853 1294 4910 Iustinum
1325 4856 1433 4913 ulle
1464 4858 1710 4918 Platonis
1754 4873 1851 4918 aut
1888 4866 2025 4920 Plat

433 4940 737 4997 Ionicarum
786 4947 1054 5004 beneﬁcio
1102 4949 1205 5005 hac
1253 4952 1305 5005 in
1340 4967 1399 5007 re
1426 4968 1582 5007 usum
1626 4953 1818 5010 fuisse.
1848 4953 2015 5013 Nobis

432 5034 595 5103 igitur
645 5037 1036 5106 inquirendum
1069 5052 1193 5109 est,
1230 5045 1357 5113 quid
1401 5046 1472 5101 sit
1518 5048 1660 5116 apud
1720 5047 2009 5106 Platonem

2095 1090 2141 1144 Α
2167 1104 2379 1177 dialogo
2401 1145 2415 1169 ,
2434 1095 2527 1173 qui
2549 1100 2865 1158 inscribitur
2887 1100 3284 1166 Timwux,tum
3317 1098 3370 1153 in
3403 1097 3517 1152 alio
3534 1096 3744 1161 libello,

2171 1195 2223 1249 iu
2256 1210 2364 1265 quo
2387 1195 2723 1265 dialogorum
2757 1206 2964 1247 morem
2999 1208 3110 1248 non
3142 1192 3393 1262 sequitur
3424 1190 3571 1247 Plato
3592 1231 3608 1255 ,
3647 1191 3744 1245 sed

2166 1287 2281 1357 ipse
2312 1286 2512 1354 refert,
2541 1301 2663 1356 qua;
2705 1300 2771 1342 ex
2806 1285 3012 1341 Timaeo
3043 1282 3217 1339 Locro
3238 1323 3253 1348 ,
3294 1284 3510 1353 insigni
3547 1283 3744 1355 Pytha-

2165 1379 2350 1447 gorico
2390 1418 2406 1443 ,
2439 1378 2714 1434 audierat.
2750 1377 2841 1432 Sic
2886 1377 3075 1447 incipit
3108 1377 3199 1432 hic
3230 1376 3443 1432 libellus
3474 1396 3488 1432 :
3515 1377 3744 1448 Τίμαιος

2160 1472 2189 1524 6
2222 1472 2433 1543 Λόκρος
2479 1470 2607 1525 τάδε
2642 1470 2748 1540 ἔφα
2776 1488 2790 1501 ⁸
2816 1471 2920 1525 Δύο
2960 1468 3143 1535 αἰτίας
3171 1466 3323 1541 εἶμεν
3352 1470 3461 1525 τῶν
3498 1472 3744 1542 ξυμπάν-

2160 1579 2269 1615 των
2289 1578 2303 1591 ο
2340 1563 2458 1615 νόον
2494 1562 2592 1633 μὲν
2622 1561 2728 1615 τῶν
2758 1562 2898 1616 κατὰ
2927 1562 3082 1632 λόγον
3113 1563 3443 1634 γιγνομένων
3467 1564 3744 1634 ’ἀνάγκαν

2157 1654 2213 1707 δὲ
2261 1652 2369 1707 τῶν
2424 1653 2517 1726 βίᾳ
2564 1653 2781 1718 καττάς
2810 1654 3071 1725 δυνάμεις
3121 1654 3229 1710 τῶν
3265 1655 3547 1727 σωμάτων.
3598 1659 3744 1711 Του-

2157 1744 2291 1798 τέων
2323 1745 2381 1798 δὲ
2413 1747 2512 1809 τᾶς
2544 1744 2765 1816 τάγαθῶ
2798 1744 2988 1815 φύσιος
3021 1741 3202 1817 εἶμεν,
3237 1746 3370 1801 Θεόν
3414 1765 3471 1802 τε
3521 1748 3744 1820 ὀνομαί-

2155 1837 2341 1891 νεσθαι
2363 1879 2377 1903 ,
2414 1839 2586 1910 ἀρχάν
2618 1856 2677 1892 τε
2711 1838 2818 1894 τῶν
2850 1839 3033 1913 ἀρχῶν
3057 1857 3073 1871 '
3097 1839 3164 1893 τὰ
3196 1840 3252 1893 δὲ
3278 1840 3521 1911 ἑπόμενά
3551 1859 3608 1894 τε
3645 1843 3744 1895 καὶ

2155 1928 2403 1983 συναίτια
2451 1931 2532 1995 εἰς
2582 1930 2828 1999 ἀνάγκαν
2877 1930 3195 2000 ἀνάγεσθαι.
3232 1931 3314 1985 Τὰ
3346 1932 3402 1985 δὲ
3452 1931 3744 2003 ξύμπαντα

2156 2020 2301 2073 ἰδέαν
2324 2061 2339 2086 ,
2375 2020 2528 2087 ὕλαν,
2563 2021 2819 2093 αἰσθητόν
2852 2039 2931 2088 τε,
2955 2018 3064 2076 οἷον
3097 2022 3320 2091 ἔκγονον
3352 2023 3598 2077 τουτέων.
3625 2024 3744 2077 Καὶ

2150 2110 2212 2165 τὸ
2246 2112 2345 2182 μὲν
2376 2106 2529 2183 εἶμεν
2561 2111 2821 2181 ἀγένατόν
2853 2129 2911 2167 τε
2970 2113 3065 2167 καὶ
3115 2114 3396 2181 ἀκίνατον,
3446 2114 3537 2169 καὶ
3574 2116 3744 2186 μένον

2151 2217 2209 2253 τε
2223 2201 2314 2254 καὶ
2327 2202 2425 2264 τᾶς
2436 2200 2617 2255 ταύτῶ
2630 2201 2839 2271 φύσιος,
2854 2202 3043 2256 νοατόν
3067 2220 3125 2257 τε
3147 2204 3240 2258 καὶ
3253 2204 3600 2275 παράδειγμα
3624 2204 3744 2257 τῶν

2149 2295 2529 2365 γεννωμένων,
2586 2296 2751 2350 ὁκόσα
2819 2298 2877 2351 ὲν
2940 2295 3209 2368 μεταϐολᾷ
3283 2297 3415 2351 ἐντί.
3483 2296 3743 2351 Τοιοῦτον

2145 2385 2254 2457 γάρ
2278 2404 2329 2440 τι
2348 2387 2448 2441 τὰν
2472 2387 2615 2441 ἰδέαν
2630 2387 2882 2457 λέγεσθαί
2898 2405 2957 2442 τε
2981 2390 3073 2442 καὶ
3086 2389 3340 2443 νοεῖσθαι.
3368 2390 3477 2444 Τὰν
3509 2390 3563 2443 δὲ
3598 2390 3743 2443 ὕλαν

2483 2480 2578 2535 καὶ
2614 2482 2821 2553 ματέρα
2844 2522 2858 2547 ,
2900 2482 3124 2537 τιθάναν
3172 2500 3232 2536 τε
3279 2482 3373 2536 καὶ
3405 2484 3743 2551 γεννατικὰν

2142 2568 2294 2643 εἶμεν
2326 2573 2425 2636 τᾶς
2457 2573 2647 2645 τρίτας
2678 2572 2980 2636 coctae"...
3013 2574 3117 2628 Δύο
3148 2568 3227 2628 ὧν
3277 2573 3393 2627 αἵδε
3442 2574 3608 2646 ἀρχαὶ
3652 2576 3744 2627 ὲν-

2142 2664 2320 2717 αντίαι
2343 2680 2356 2693 ⁸
2394 2657 2470 2718 ὧν
2501 2664 2562 2718 τὸ
2599 2665 2698 2736 μὲν
2746 2661 2885 2730 εἶδος
2932 2666 3089 2736 λόγον
3125 2666 3238 2738 ἔχει
3272 2667 3506 2739 ἄρρενός
3538 2684 3597 2721 τε
3634 2668 3743 2721 καὶ

2140 2756 2347 2828 πατρός
2370 2773 2383 2786 ’
2417 2756 2453 2810 ἀ
2486 2757 2543 2810 δὲ
2576 2754 2676 2810 ὕλα
2709 2757 2899 2829 θήλεός
2931 2774 2991 2812 τε
3025 2758 3119 2812 καὶ
3167 2758 3420 2830 ματέρος.
3445 2777 3463 2810 ‹
3492 2758 3743 2815 Timaeus

2140 2844 2347 2901 Locrus
2379 2848 2493 2902 haec
2515 2846 2684 2902 dixit:
2719 2847 2865 2903 Duas
2886 2862 3009 2904 esse
3040 2850 3281 2904 omnium
3314 2864 3537 2905 causas:
3570 2865 3738 2905 men-

2142 2948 2246 2993 tem
2273 2938 2495 3010 quidem
2528 2956 2719 2997 eorum
2748 2956 2870 3010 qua:
2898 2942 3199 2997 secundum
3236 2941 3507 2996 rationem
3543 2943 3688 2997 ﬁunt
3718 2984 3737 3008 ,

2137 3031 2517 3087 necessitatem
2565 3046 2695 3087 vero
2743 3046 2932 3087 eorum
2983 3047 3104 3103 quae
3148 3031 3202 3087 vi
3245 3032 3484 3101 quadam
3528 3046 3739 3086 secun-

2136 3124 2263 3178 dum
2289 3137 2582 3193 corporum
2607 3123 2897 3192 potentias.
2930 3120 3134 3177 Harum
3165 3136 3457 3178 causarum
3496 3123 3737 3178 alteram

2135 3231 2260 3271 esse
2281 3226 2493 3271 natura:
2517 3214 2678 3281 illius,
2698 3229 2820 3283 qute
2847 3214 2972 3269 boni
2993 3213 3222 3282 dicitur;
3242 3224 3298 3270 et
3322 3215 3487 3269 Deum
3511 3216 3743 3281 vocari,

2134 3324 2199 3364 ac
2244 3324 2464 3364 causam
2511 3324 2803 3364 causarum
2836 3322 3001 3378 :qute
3052 3322 3180 3363 vero
3215 3317 3630 3377 consequuntur
3671 3317 3736 3362 ει

2135 3409 2394 3470 tanquam
2429 3400 2753 3470 adiuvantes
2803 3414 2983 3455 causa:
3042 3400 3329 3467 accedunt,
3373 3400 3439 3453 ad
3478 3402 3737 3454 necessi-

2133 3502 2298 3548 tatem
2355 3493 2584 3561 referri;
2636 3496 2853 3549 tandem
2907 3495 3087 3548 omnia
3120 3509 3278 3560 esse,
3316 3494 3514 3559 ideam,
3548 3506 3735 3548 mate-

2131 3582 2289 3651 riam,
2337 3586 2542 3640 sensile
2588 3584 2738 3641 velut
2777 3585 3059 3654 utriusque
3111 3584 3304 3640 fetum.
3355 3585 3536 3655 Atque
3584 3585 3735 3641 illud

2131 3675 2352 3745 quidem
2385 3692 2505 3733 esse
2534 3678 2836 3749 ingenitum
2872 3686 2929 3732 et
2960 3677 3240 3733 immobile
3267 3686 3322 3732 et
3356 3692 3727 3747 permanens,

2131 3776 2184 3823 et
2204 3766 2323 3837 ejus
2360 3778 2598 3840 naturte,
2631 3784 2754 3840 quae
2782 3769 2998 3825 dicitur
3017 3771 3260 3841 ejusdem
3283 3811 3299 3837 ,
3329 3768 3680 3841 intelligibile
3708 3812 3730 3836 ,

2127 3864 2406 3936 exemplar
2434 3865 2745 3936 genitarum
2792 3882 3010 3931 rerum,
3050 3879 3389 3934 quaecunque
3433 3865 3487 3918 in
3536 3874 3731 3918 muta-

2129 3956 2275 4011 tione
2308 3966 2614 4011 versantur.
2647 3956 2779 4012 Tale
2821 3958 2967 4013 enim
3001 3958 3131 4029 quid
3167 3957 3343 4012 ideam
3371 3954 3479 4011 dici
3514 3963 3570 4010 et
3620 3972 3729 4011 co-

2126 4048 2311 4119 gitari.
2341 4048 2624 4104 Materiam
2671 4060 2853 4105 autem
2887 4065 3010 4106 esse
3033 4066 3356 4122 expressum
3399 4066 3584 4107 rerum
3641 4051 3730 4105 sio

2125 4138 2463 4205 mulacrum,
2496 4148 2551 4196 et
2600 4150 2830 4196 matrem
2862 4151 2919 4197 et
2960 4144 3281 4212 genitricem
3322 4145 3495 4200 tertiae
3521 4159 3735 4199 essen-

2126 4228 2356 4283 tite......
2397 4230 2537 4284 Sunt
2584 4230 2749 4297 igitur
2782 4232 2897 4286 [nec
2930 4233 3037 4288 duo
3075 4234 3352 4290 contraria
3390 4235 3673 4306 principia
3708 4254 3725 4291 :

2125 4333 2353 4389 Quorum
2383 4321 2501 4375 idea
2547 4321 2821 4377 rationem
2853 4323 3018 4379 habet
3054 4325 3224 4379 maris
3251 4335 3305 4379 et
3333 4326 3506 4396 patris
3526 4365 3543 4391 ,
3595 4342 3729 4380 ma-

2124 4414 2259 4468 teria
2312 4428 2443 4469 vero
2484 4415 2697 4471 feminae
2720 4426 2773 4471 ct
2800 4418 3009 4473 matris.
3053 4435 3073 4470 ι
3111 4416 3169 4472 ln
3200 4417 3302 4472 hac
3326 4416 3513 4474 Timaai
3546 4417 3728 4474 Locri

2120 4507 2403 4578 oratione,
2474 4525 2650 4576 meus,
2727 4511 2893 4577 Deus,
2934 4504 3107 4575 'idea,
3165 4510 3452 4580 exemplar
3508 4512 3726 4567 eodem

2121 4614 2350 4668 prorsus
2382 4615 2541 4655 sensu
2578 4611 2936 4670 usurpantur.
2963 4600 3085 4656 Idea
3115 4602 3442 4672 principium
3475 4601 3729 4657 minime

2118 4691 2389 4755 otiosum,
2422 4689 2517 4744 sed
2559 4690 2704 4758 quod
2746 4690 2923 4745 locum
2976 4692 3143 4747 habet
3177 4693 3344 4746 maris
3393 4704 3448 4747 et
3495 4693 3725 4761 patris,

2115 4792 2173 4837 et
2216 4782 2515 4853 ingenitum
2543 4781 2823 4851 quidpiam
2854 4791 2937 4838 est
2970 4791 3023 4837 et
3054 4783 3334 4838 immobile
3376 4792 3431 4838 et
3478 4799 3728 4852 perma-

2116 4892 2273 4931 nens.
2323 4875 2541 4929 Nullum
2589 4875 2679 4931 hic
2729 4874 2894 4932 Verbi
2945 4892 2974 4931 a
3025 4892 3239 4932 summo
3288 4879 3399 4932 Deo
3447 4876 3726 4931 distincti

2114 4967 2428 5037 vestigium.

2184 5059 2239 5113 ld
2276 5060 2634 5114 conﬁrmatur
2678 5076 2747 5115 ex
2782 5061 2865 5117 his
2899 5076 3021 5131 qua:
3065 5069 3411 5131 sequuntur:
3449 5059 3595 5132 Πρὶν
3628 5054 3722 5116 ὧν

429 5128 546 5182 idea
595 5138 649 5184 et
680 5130 838 5201 λόγος
888 5149 916 5187 a
962 5137 1164 5204 quibus
1218 5137 1473 5194 conditus
1512 5149 1596 5195 est
1647 5142 1915 5207 mundus,
1947 5153 2046 5217 et]

2177 5150 2318 5204 >ανὸν
2345 5151 2599 5219 γενέσθαι
2651 5153 2814 5222 λόγῳ,
2845 5128 3015 5226 ἤστην
3051 5128 3164 5207 ἰδέα
3210 5171 3269 5206 τε
3301 5154 3395 5207 καὶ
3431 5128 3572 5207 me-
3609 5156 3723 5207 καὶ

426 5219 555 5284 quid
589 5224 728 5291 apud
755 5226 1005 5280 eumdem
1056 5224 1203 5282 illius
1242 5228 1334 5284 Dei
1368 5239 1423 5285 et
1458 5230 1637 5302 imago
1682 5234 1775 5289 Dei
1826 5235 2002 5306 signi-

427 5311 612 5371 licent.

498 5408 572 5461 De
602 5409 740 5464 ideis
769 5424 833 5465 ac
860 5410 927 5466 de
962 5414 1172 5470 ratione
1208 5417 1303 5472 Dei
1347 5432 1452 5473 non
1488 5435 1661 5489 pauca
1695 5437 2003 5481 occurrunt

422 5496 563 5565 apud
611 5498 892 5555 Platonem
926 5520 941 5557 :
978 5505 1077 5561 has
1127 5517 1307 5563 autem
1360 5509 1547 5579 ideas,
1600 5514 1743 5571 hunc
1779 5517 1937 5591 logou
1968 5536 2000 5574 a

422 5601 638 5641 summo
679 5590 791 5644 Deo
826 5592 1145 5671 distinctum
1176 5597 1379 5662 fuisse,
1414 5607 1473 5653 ut
1499 5616 1787 5669 personam
1820 5607 1888 5660 ab
1932 5621 1997 5663 eo

419 5680 696 5746 genitam,
766 5698 833 5739 ne
895 5690 1201 5755 suspicatus
1254 5690 1472 5758 quidem
1527 5692 1759 5749 videtur.
1821 5698 1991 5765 Ipsius

423 5774 747 5829 sententiam
798 5777 1062 5845 pum-lare
1092 5796 1411 5852 expressam
1445 5785 1710 5844 habemus
1734 5830 1748 5857 ,
1781 5806 1902 5845 cum
1939 5791 1993 5846 in

2110 5244 2139 5295 6
2163 5241 2293 5305 Θεὸς
2317 5242 2644 5315 δημιουργὸς
2672 5244 2750 5297 τῶ
2779 5244 3062 5315 βελτίονος.
3102 5246 3251 5299 Ἐπεὶ
3274 5246 3331 5299 δὲ
3360 5245 3418 5300 τὸ
3452 5246 3681 5318 πρεσϐύ
3704 5276 3721 5289 -

2110 5350 2267 5404 τερον
2306 5334 2509 5405 κὰρῤον
2552 5337 2666 5388 ἐστὶ
2698 5334 2775 5389 τῶ
2814 5337 3083 5409 νεωτέρω,
3121 5338 3214 5391 καὶ
3264 5338 3324 5391 τὸ
3363 5338 3724 5410 τεταγμένον

2113 5425 2217 5495 πρὸ
2245 5425 2322 5477 τῶ
2350 5425 2585 5479 ἀτάικτω⁸
2620 5425 2823 5496 ἀγαθὸς
2851 5428 2924 5481 ὢν
2950 5432 2978 5483 6
3010 5429 3161 5494 Θεὸς,
3177 5430 3320 5502 ὁρῶν
3352 5448 3410 5483 τε
3436 5430 3541 5483 τὰν
3570 5430 3723 5485 ὕλαν

2109 5517 2403 5587 δεχομέναν
2425 5518 2522 5571 τὰν
2556 5519 2697 5573 ἰδέαν
2730 5522 2823 5573 καὶ
2856 5522 3237 5594 ἀλλοιουμέναν
3268 5523 3540 5585 παντοίως
3577 5522 3717 5592 μὲν,

2110 5610 2360 5673 ἀτάκτως
2386 5610 2461 5675 δὲ,
2483 5610 2589 5664 ἔδει
2622 5614 2669 5664 τ’
2703 5613 2782 5675 εἰς
2814 5613 2964 5680 τάξιν
2993 5615 3163 5669 αὐτὰν
3198 5616 3349 5682 ἆγεν,
3386 5615 3481 5667 καὶ
3516 5614 3581 5680 ἐξ
3613 5615 3722 5666 ἀο-

2113 5700 2309 5770 ρίστων
2343 5701 2649 5771 μεταϐολῶν
2695 5704 2775 5767 εἰς
2821 5705 3132 5775 ὡρισμέναν
3176 5708 3553 5768 καταστᾶσαι,
3612 5707 3714 5761 ἵνα

2106 5792 2354 5866 ὁμόλογοι
2386 5795 2472 5848 ταὶ
2503 5794 2803 5868 διακρίσεις
2831 5798 2935 5851 τῶν
2964 5799 3230 5870 σωμάτων
3270 5799 3567 5867 γίγνοεντο,
3606 5801 3713 5853 καὶ
