3792 6472
91 293 153 347 Ξὸ
1109 292 1174 349 D.
1222 292 1494 349 MARANI
1531 291 1920 348 PREFATIO.
1951 325 2019 335 —
2050 292 2230 363 PARS
2266 293 2333 348 ll.
3281 299 3354 356 26

90 412 156 482 μὴ
177 411 298 464 κατ’
321 409 632 483 αὐτόματον
652 410 859 483 τροπάς
876 412 1114 482 δέχοιντο
1131 432 1145 446 ·
1164 414 1419 485 εποίησεν
1440 415 1517 469 ὦν
1531 413 1656 468 τόνδι

1839 415 2129 471 ιιίοείηοιίο
2159 414 2330 469 levem
2367 396 2516 467 illam
2541 423 2594 467 et
2626 414 2973 484 aequabilem,
2997 426 3051 470 et
3075 431 3141 472 ex
3172 419 3355 473 medio

88 504 168 554 τὸν
216 502 429 572 κόσμον
480 503 541 570 ἐξ
584 504 803 568 ἁπάσας
836 505 934 565 τᾶς
985 504 1139 571 ὔλας.
1186 525 1207 558 ι
1231 507 1533 576 Antequam
1576 507 1675 577 igi-

89 606 167 648 tur
213 594 413 650 celum
470 595 683 649 ratione
734 596 905 662 fieret,
931 607 1088 653 erant
1127 598 1247 654 idea
1286 608 1344 654 et
1397 600 1671 655 materia:

87 686 223 739 Deus
255 693 438 738 autem
480 685 725 742 melioris
775 687 984 755 opifex,
1034 689 1079 744 si
1130 690 1351 759 quidem
1387 690 1670 761 antiquius

82 776 295 843 juniore
324 786 578 845 praestat,
612 787 670 832 et
698 780 840 846 quod
870 779 1182 836 ordinatum
1218 790 1305 836 est
1335 782 1669 841 inordinate.

90 868 222 921 Deus
267 867 439 937 igitur
490 884 615 923 cum
660 869 733 923 sit
769 870 977 935 bonus,
1020 880 1076 926 et
1119 870 1335 927 videret
1370 872 1664 927 materiam

88 970 331 1025 capacem
364 957 503 1013 idea:
534 973 680 1025 esse,
706 973 772 1014 ac
800 958 1055 1017 omnibus
1089 962 1319 1032 quidem,
1342 963 1543 1029 modis,
1572 962 1669 1018 sed

91 1059 253 1102 tamen
287 1048 434 1103 citra
488 1049 735 1104 ordinem
768 1053 1007 1120 moveri;
1060 1068 1297 1124 cumque
1343 1067 1482 1124 opus
1523 1064 1671 1110 esset

87 1154 193 1193 cam
227 1140 282 1193 in
315 1140 571 1196 ordinem
609 1143 808 1214 redigi,
832 1153 887 1200 et
921 1159 989 1200 ex
1020 1145 1246 1201 infinitis
1276 1148 1671 1205 mutationibus

88 1233 147 1285 ad
174 1242 387 1286 certam
422 1250 490 1288 ac
529 1234 812 1290 definitam
852 1238 1134 1306 constitui,
1177 1248 1235 1293 ut
1263 1254 1553 1310 corporum
1582 1242 1669 1296 di-

84 1322 314 1377 visiones
358 1323 505 1379 inter
547 1341 609 1379 se
650 1341 758 1380 non
791 1327 1188 1397 discreparent,
1234 1344 1335 1385 nec
1369 1339 1569 1386 temere
1604 1345 1670 1385 ac

86 1410 303 1468 fortuito
338 1415 751 1473 vicissitudines
788 1419 1129 1488 accipereut;
1165 1420 1297 1476 fecit
1325 1422 1490 1492 igitur
1522 1425 1669 1480 hunc

84 1509 337 1560 mundum
378 1522 444 1561 ex
485 1518 594 1563 tota
642 1511 890 1565 materia.
914 1529 933 1563 ι
965 1512 1175 1567 leum
1203 1528 1335 1585 ergo
1359 1513 1501 1587 λόγῳ
1533 1531 1667 1571 con-

85 1598 243 1664 ditur,
284 1601 380 1653 sed
417 1600 507 1655 hic
541 1600 701 1669 λόγος
750 1618 857 1658 non
889 1603 1244 1675 distinguitur
1284 1607 1355 1662 ab
1384 1608 1525 1676 idea,
1567 1624 1669 1664 nec

82 1688 195 1742 idea
222 1705 253 1743 a
292 1691 428 1746 Deo.

1778 507 2138 578 undequaqtte
2184 507 2485 576 aequalem,
2531 516 2585 561 et
2624 516 2791 561 totum
2842 519 2898 563 et
2942 508 3239 579 perfectum
3286 527 3351 565 ex

1775 594 2033 665 perfectis
2060 596 2381 666 corporibus
2410 610 2605 666 corpus
2635 594 2834 652 effecit.
2860 616 2879 650 ι

1847 688 2121 743 Immerito
2153 688 2297 743 hunc
2328 698 2658 759 postremum
2690 687 2867 744 locum
2901 689 3153 745 idoneum
3185 689 3355 746 fuisse

1773 779 2019 835 Clericus
2037 778 2335 843 existimat,
2358 778 2452 846 qui
2478 777 2805 833 Christianis
2829 781 3184 848 persuaderet
3210 779 3354 833 idem

1774 874 1841 926 de
1872 871 2049 927 Verbo
2092 869 2405 942 Scripturas
2455 882 2676 927 sanctas
2714 885 2779 926 ac
2816 871 3097 927 Platonem
3132 873 3352 927 docere.

1772 963 1902 1021 Haec
1943 964 2089 1019 enim
2127 963 2221 1019 Dei
2273 965 2640 1031 ratiocinatio,
2684 964 2847 1018 etiam
2890 965 2938 1018 si
2989 966 3113 1034 quis
3162 978 3355 1033 sponte

1772 1056 2046 1121 caccutiat,
2068 1056 2530 1125 nunquamvideri
2562 1055 2739 1125 possit
2778 1069 3009 1126 persona
3042 1070 3071 1108 a
3105 1056 3212 1109 Deo
3241 1055 3355 1109 dis—

1774 1149 1961 1213 tincta,
2003 1162 2103 1203 nec
2138 1148 2286 1202 aliud
2334 1159 2440 1215 est,
2485 1163 2648 1217 quam
2683 1149 2799 1218 ipsa
2850 1147 2943 1201 Dei
2974 1149 3251 1217 cogitatio,
3294 1157 3354 1202 ut

1772 1240 1824 1294 in
1854 1242 2034 1310 priore
2060 1240 2373 1295 testimonio
2395 1241 2625 1310 appellat
2656 1239 2833 1294 Plato.
2863 1239 2939 1293 Eo
2966 1250 3145 1293 autem
3174 1242 3354 1294 minus

1771 1332 1993 1387 dubium
2027 1340 2133 1396 est,
2166 1332 2295 1399 quin
2328 1330 2484 1385 Plato
2515 1332 2581 1385 de
2610 1332 2722 1385 sola
2766 1331 2862 1385 Dei
2897 1331 3229 1401 cogitatione
3274 1331 3356 1385 lo-

1770 1433 1989 1496 quatur,
2025 1425 2168 1494 quod
2202 1425 2256 1479 in
2291 1436 2529 1494 utroque
2578 1422 2697 1477 loco
2746 1423 3079 1493 singularem
3121 1423 3230 1477 Deo
3259 1437 3356 1477 co-

1769 1515 2085 1585 gitationem
2130 1523 2184 1568 et
2229 1514 2703 1569 ratiocinationem
2757 1514 3037 1568 attribuat.
3080 1513 3137 1567 ln
3179 1514 3358 1583 primo

1769 1606 1914 1659 enim
1976 1605 2054 1659 ait
2122 1614 2337 1675 tempus
2393 1604 2570 1660 creari
2643 1605 2926 1669 debuisse,
2981 1614 3040 1658 ut
3096 1605 3357 1673 quemad-

1768 1696 1988 1751 modum
2025 1696 2213 1750 mundi
2247 1696 2529 1765 exemplar
2552 1704 2637 1749 est
2680 1710 2780 1765 per
2823 1709 2987 1749 omne
3016 1711 3212 1759 savum,
3242 1695 3357 1748 sive

146 1780 261 1837 Non
299 1784 471 1840 multo
503 1795 627 1856 post
660 1786 781 1842 idea
823 1798 1047 1844 vocatur
1083 1789 1447 1861 intelligibilis
1476 1807 1665 1847 essen-
1696 1778 1739 1834 Β
1769 1804 1865 1857 per
1909 1803 2131 1843 omnem
2190 1788 2608 1852 aeternitatem;
2667 1787 2739 1840 ita
2798 1785 3031 1840 mundus
3073 1793 3216 1840 esset
3260 1802 3358 1856 per

82 1876 172 1938 tia,
210 1894 332 1944 qua:
361 1882 545 1934 omnia
576 1880 836 1936 animalia
878 1882 931 1935 in
962 1898 1022 1937 se
1050 1884 1455 1953 complectitur.
1504 1886 1664 1957 Κρά-

82 1984 253 2031 τιπος
280 1968 327 2021 δ’
358 1971 477 2022 ἐστὶ
505 1971 798 2038 γεννατῶν,
832 1973 953 2025 ἐπεὶ
974 1974 1079 2027 ὑπὸ
1102 1974 1179 2027 τῶ
1204 1976 1483 2047 κρατίστω
1510 1975 1668 2029 αἰτίω

82 2061 307 2127 ἐγένετο,
322 2060 636 2132 ἀφορῶντος
648 2064 750 2116 οὐκ
770 2066 849 2128 εἰς
869 2067 1055 2136 χειρόκ
1062 2083 1206 2137 ματα
1226 2068 1665 2140 παραδείγματα,

212 2154 291 2214 εἰς
325 2153 427 2207 τάν
464 2154 606 2207 ἰδέαν
637 2156 730 2208 καὶ
757 2158 815 2220 ὲς
846 2156 943 2210 τὰν
970 2158 1171 2212 νοατὰν
1204 2160 1391 2215 οὐσίαν
1412 2179 1425 2191 ·
1458 2162 1576 2215 ποθ’
1600 2164 1667 2217 ἄν

82 2263 183 2317 περ
224 2246 283 2298 τὸ
330 2244 673 2316 γεννώμενον
711 2248 1096 2319 άπακριϐωθὲν
1148 2249 1432 2306 κάλλιστόν
1465 2270 1525 2306 τε
1571 2253 1667 2307 καὶ

80 2338 546 2410 ἀπαρεγχείρητον
592 2340 858 2408 γίγνεται.
906 2341 1122 2406 Τέλειος
1169 2343 1215 2396 δ’
1253 2343 1341 2396 ἀεὶ
1396 2344 1538 2399 κατὰ
1597 2345 1666 2399 τὰ

79 2434 310 2505 αἰσθητά
352 2438 525 2496 ἐστιν,
569 2434 648 2486 ὃτι
685 2435 777 2487 καὶ
810 2434 870 2487 τὸ
919 2436 1273 2507 παράδειγμα
1324 2439 1456 2508 τῆνο
1500 2437 1666 2491 αὐτοῦ

80 2525 324 2595 περιέχον
353 2525 536 2578 πάντα
574 2525 641 2578 τά
669 2527 837 2580 νοατὰ
865 2526 978 2591 ζῶα
1024 2530 1082 2581 ὲν
1110 2527 1278 2599 αὐτῷ,
1313 2529 1468 2583 οὐδὲν
1509 2531 1667 2591 ἐκτὸς

78 2616 336 2670 ἀπέλιπεν
372 2619 523 2683 ἄλλο,
565 2620 691 2692 ὄρος
718 2619 795 2675 ὢν
826 2621 1028 2677 νοατῶν
1060 2622 1350 2694 παντελὴς,
1382 2622 1459 2686 ὡς
1515 2622 1601 2675 ὅδε
1637 2622 1667 2675 ὁ

79 2710 278 2780 κόσμος
334 2711 636 2783 αἰσθητῶν.
698 2712 1001 2782 «Optimus
1056 2722 1236 2768 autem
1295 2722 1379 2769 est
1431 2713 1666 2768 mundus

78 2803 318 2856 omnittttt
376 2820 562 2858 rerum
615 2805 963 2875 genitarttm,
1013 2804 1282 2875 siquidem
1330 2806 1398 2860 ab
1459 2804 1665 2872 optima

79 2912 237 2950 causa
280 2897 462 2952 factus
494 2908 618 2965 est,
667 2914 775 2953 non
811 2914 974 2953 manu
1024 2899 1169 2954 facta
1219 2897 1547 2967 exemplaria
1584 2900 1669 2952 in-

84 2998 281 3057 tuente,
324 2992 418 3045 sed
466 2991 643 3046 ideam
686 3002 743 3047 et
786 2990 1187 3063 intelligibilem
1223 2991 1556 3054 essentiam,
1597 2990 1665 3044 ad

79 3098 238 3147 quam
270 3095 533 3139 accurate
568 3099 886 3155 expressum
920 3084 972 3138 id
1004 3084 1150 3153 quod
1183 3082 1369 3148 fiebat,
1412 3082 1665 3151 pulcher-

82 3173 267 3226 rimum
298 3184 380 3227 est
421 3182 479 3228 et
511 3173 947 3244 inexpugnabile.
988 3173 1269 3231 Perfectus
1306 3183 1487 3229 autem
1518 3187 1663 3228 sem-

79 3279 177 3328 per
199 3274 279 3319 est
309 3268 361 3319 in
409 3268 575 3321 rebus
624 3266 959 3322 sensilibus:
995 3275 1280 3336 propterea
1331 3265 1476 3335 quod
1515 3265 1661 3321 illius

80 3357 383 3423 exemplar,
424 3358 570 3427 quod
621 3359 806 3414 omnia
869 3357 1233 3429 intelligibilia
1289 3357 1547 3412 animalia
1606 3358 1660 3414 in

84 3451 255 3517 seipso
302 3451 729 3520 complectitur,
784 3451 919 3507 nihil
982 3459 1136 3507 extra
1192 3450 1417 3521 reliquit
1464 3451 1657 3517 aliud;

82 3545 268 3614 quippe
300 3560 428 3600 cum
470 3544 898 3616 iutelligibilium
944 3545 1221 3615 perfectus
1259 3545 1329 3600 sit
1371 3545 1658 3611 terminus,

83 3637 531 3702 quemadmodum
561 3634 650 3690 hic
679 3635 911 3689 mundus
942 3634 1248 3691 sensilium.
1269 3652 1289 3687 ι
1337 3633 1482 3690 Nihil
1511 3635 1659 3690 aliud

83 3726 235 3795 Egitur
260 3736 339 3781 est
376 3728 522 3792 idea,
565 3726 772 3782 Timazo
794 3727 1000 3797 judice,
1031 3744 1194 3799 quam
1225 3728 1463 3784 essentia
1499 3727 1662 3784 intel-

86 3818 316 3889 ligibilis,
340 3836 466 3890 quae
499 3822 682 3874 omnia
712 3821 1119 3890 complectitur,
1154 3837 1255 3878 nec
1285 3821 1445 3877 otiosi
1473 3836 1661 3876 exem-

87 3913 239 3978 plaris
268 3922 459 3983 partes
487 3913 724 3967 suStinet
748 3914 801 3967 in
839 3913 1044 3969 mundo
1072 3913 1332 3979 creando,
1361 3910 1661 3967 sedmatris

86 4016 131 4057 et
160 4008 350 4074 patris,
377 4015 570 4073 utpote
601 4007 721 4075 ipse
754 4006 914 4062 Deus.

145 4096 210 4155 ll.
247 4097 425 4153 Totus
456 4096 699 4175 Platonis
744 4096 979 4152 Timwus
1034 4097 1172 4152 nihil
1208 4097 1353 4153 aliud
1394 4097 1509 4153 fere
1547 4106 1658 4165 est,

86 4204 233 4256 quam
270 4189 540 4259 prolixior
588 4190 854 4259 expositio
907 4189 1067 4259 hujus
1115 4190 1303 4245 Timaei
1351 4188 1514 4245 Locri
1558 4190 1658 4244 do-

87 4283 286 4336 ctrinm.
316 4281 373 4336 ln
406 4284 513 4338 hoc
542 4294 723 4337 autem
761 4283 975 4354 dialogo
1010 4284 1152 4339 ratio
1181 4294 1239 4339 et
1288 4285 1423 4340 ideae
1463 4284 1659 4339 divinae

86 4390 341 4444 nusquam
368 4377 437 4431 ab
470 4378 590 4446 ipso
626 4376 731 4429 Deo
756 4376 1192 4446 distinguuntur.
1223 4375 1509 4430 Rationem
1543 4375 1659 4429 sive

1768 1896 1929 1935 omne
1961 1892 2194 1950 tempus,
2224 1889 2280 1935 et
2328 1888 2551 1949 propter
2595 1879 2736 1933 hanc
2789 1880 2881 1934 Dei
2931 1879 3354 1948 cogitationem,

1770 1973 1974 2027 factum
2011 1988 2133 2029 esse
2161 1972 2355 2029 solem.
2389 1970 2446 2027 In
2476 1972 2647 2027 altero
2677 1982 2856 2028 autem
2904 1975 3048 2028 hanc
3084 1974 3352 2028 rationem

1770 2063 1963 2129 affert,
2012 2079 2113 2118 cur
2145 2065 2381 2119 mundus
2430 2066 2532 2118 hac
2570 2063 2741 2117 forma
2786 2065 3020 2118 donatus
3066 2064 3173 2127 sit,
3205 2067 3350 2134 qttod

1770 2161 1911 2214 Deus
1939 2173 2064 2212 eum
2097 2158 2531 2227 praestantiorem
2564 2157 2684 2212 fore
2715 2158 2964 2223 duxerit,
2996 2159 3041 2210 si
3090 2159 3191 2212 sibi
3241 2159 3356 2227 ipse

1768 2253 2072 2320 sufficeret,
2121 2267 2222 2306 nec
2267 2251 2460 2306 alienis
2502 2250 2851 2307 adminiculis
2897 2260 3106 2321 egeret.
3150 2250 3353 2306 Eadem

1768 2344 2025 2416 loquendi
2054 2346 2195 2400 ratio
2224 2346 2426 2415 passim
2452 2345 2716 2397 occurrit.
2740 2342 2832 2398 Sic
2858 2359 2982 2413 pag.
3013 2343 3185 2398 1M8:
3213 2343 3356 2397 Deus

1766 2437 2155 2507 λογισάμενος,
2214 2454 2233 2487 t
2262 2450 2388 2489 cum
2442 2434 2815 2504 cogitasset,t
2873 2434 3077 2487 invenit
3122 2448 3186 2486 ea
3234 2448 3355 2502 qua:

1768 2536 2006 2584 mentem
2067 2526 2268 2582 habent
2315 2524 2627 2595 pulchriora
2676 2524 2743 2578 iis
2788 2538 3083 2594 esse,qu:e
3130 2532 3350 2587 carent,

1768 2629 2004 2675 tuentem
2031 2628 2211 2673 autem
2244 2619 2364 2673 sine
2389 2618 2570 2672 anima
2596 2630 2718 2670 esse
2748 2631 2853 2669 non
2888 2631 3069 2685 posse,
3098 2626 3155 2670 et
3185 2634 3202 2667 ι
3230 2630 3355 2683 pro-

1766 2724 1885 2785 pter
1915 2716 2058 2769 hanc
2103 2714 2511 2785 cogitationem,
2538 2732 2558 2765 ι
2598 2711 2687 2765 διὰ
2728 2711 2820 2765 τὸν
2866 2710 3125 2782 λογισμὸν
3181 2710 3353 2775 τόνδε,

1768 2817 2007 2863 mentem
2041 2808 2095 2861 in
2123 2790 2335 2873 anima,
2380 2807 2619 2861 animam
2664 2806 2718 2861 in
2772 2819 3003 2873 corpore
3048 2803 3353 2859 constituit.

1768 2901 1860 2957 Sic
1890 2901 2057 2955 etiam
2110 2898 2288 2955 1049:
2322 2900 2456 2955 Cum
2489 2898 2701 2953 videret
2734 2898 2877 2951 Deus
2908 2896 3081 2967 frigus
3119 2906 3175 2949 et
3208 2895 3355 2948 calo-

1766 3007 1887 3047 rem
1917 2990 2134 3061 corpori
2181 3004 2409 3055 nocerc;
2456 2988 2546 3042 διὰ
2573 2989 2672 3060 τὴν
2706 2987 2885 3041 αἰτίαν
2932 2986 3026 3040 καὶ
3078 2985 3170 3039 τὸν
3204 2985 3354 3053 λογι-

1768 3082 1902 3153 σμὸν
1928 3082 2101 3147 τόνδε,
2138 3101 2157 3133 ι
2186 3090 2404 3151 propter
2450 3080 2591 3134 hanc
2638 3094 2859 3135 causam
2908 3087 2963 3132 et
3003 3077 3302 3139 rationem,
3326 3093 3348 3127 ι

1765 3191 1935 3230 unum
1984 3184 2158 3228 totunt
2203 3189 2272 3230 ex
2323 3173 2577 3228 omnibus
2629 3170 2960 3242 perfectum,
3008 3184 3075 3226 ac
3120 3168 3260 3225 senii
3299 3178 3355 3223 et

1762 3267 1937 3323 morbi
1965 3275 2249 3336 expertem
2284 3266 2547 3320 mundum
2584 3264 2891 3321 constituit.

1830 3356 1976 3413 Nihil
2006 3372 2211 3422 moror,
2260 3356 2406 3426 quod
2451 3354 2710 3426 obiicitur
2747 3369 2818 3409 ex
2870 3350 3226 3422 Epiuomide,
3261 3351 3354 3405 ubi

1765 3454 2027 3505 mundum
2064 3449 2217 3504 Plato
2253 3464 2284 3502 a
2331 3446 2476 3517 λόγῳ
2521 3456 2766 3500 creatum
2806 3444 2938 3499 dicit
2986 3445 3072 3497 his
3125 3442 3304 3497 verbis
3334 3460 3353 3498 :

1760 3542 1949 3615 Ταύτῃ
1993 3543 2183 3614 μηδεὶς
2226 3541 2385 3606 ἄλλος
2419 3540 2551 3593 ποτὲ
2584 3538 2784 3611 νομίσῃ
2816 3537 3035 3591 πάντων
3077 3538 3109 3606 ἡ
3120 3535 3235 3607 μῶν
3278 3533 3353 3596 ὡς

1759 3635 1809 3689 οἱ
1845 3634 1945 3707 μὲν
1991 3633 2101 3687 θεοί
2153 3634 2289 3687 εἰσιν
2339 3632 2539 3697 αὐτῶν,
2581 3632 2631 3684 οἱ
2678 3631 2723 3684 δ’
2754 3628 2844 3682 οὗ·
2882 3628 3006 3699 μηδ’
3045 3628 3120 3690 ὼς
3160 3628 3208 3679 οἱ
3252 3626 3353 3697 μὲν

1759 3729 1994 3798 γνήσιοι,
2017 3728 2067 3779 οἱ
2102 3726 2159 3779 δὲ
2197 3710 2430 3780 τοιοῦτοί
2462 3740 2605 3787 τινες
2643 3722 2790 3784 οἵους
2821 3721 2940 3773 οὐδὲ
2981 3720 3136 3790 θέμις
3175 3719 3358 3770 εἰπεῖν

1761 3819 1920 3892 ήμῶν
1964 3818 2155 3872 οὐδενί.
2204 3819 2413 3881 Πάντες
2442 3816 2499 3870 δὲ
2544 3816 2609 3885 δὴ
2641 3815 2847 3878 πάντας
2881 3812 3127 3884 λέγωμέν
3158 3827 3219 3863 τε
3256 3810 3353 3862 καὶ

1761 3913 1952 3984 φῶμεν
1999 3910 2267 3981 ἀδελφούς
2307 3912 2354 3963 τ’
2394 3906 2533 3962 εἶναι
2575 3909 2669 3962 καὶ
2703 3910 2760 3961 ὲν
2794 3905 3048 3976 ἀδελφαῖς
3100 3904 3353 3975 μοίραιςδ

1759 4006 1854 4061 καὶ
1886 4003 2052 4075 τιμὰς
2083 4002 2444 4073 ἀποδιδῶμεν,
2491 4001 2563 4074 μὴ
2598 4000 2676 4072 τῷ
2731 4000 2827 4071 μὲν
2881 3997 3145 4061 ἐνιαυτὸν,
3179 3994 3256 4066 τῷ
3291 3994 3351 4047 δὲ

1762 4098 1928 4169 μῆνα,
1955 4098 2067 4160 τοῖς
2096 4095 2153 4148 δὲ
2181 4095 2319 4166 μήτε
2348 4092 2470 4147 τινὰ
2506 4094 2700 4163 μοῖραν
2725 4091 3031 4160 τάττωμεν,
3061 4087 3199 4158 μήτε
3228 4083 3353 4140 τινὰ

1758 4189 1970 4261 χρόνον,
2012 4191 2071 4241 ὲν
2102 4180 2147 4255 ᾧ
2175 4186 2509 4259 διεξέρχεται
2541 4185 2633 4239 τὸν
2680 4183 2846 4237 αὐτοῦ
2900 4180 3081 4244 πόλον,
3119 4177 3350 4245 ξυναπο-

1756 4280 1929 4335 τελῶν
1962 4281 2167 4351 κόσμον
2210 4279 2269 4333 ὃν
2320 4275 2475 4342 ἔταξε
2520 4276 2676 4345 λόγος
2724 4277 2753 4328 ὁ
2800 4274 3017 4328 πάντων
3075 4270 3348 4331 θειότατος

1756 4373 1981 4445 ὁρατόν⁴
2016 4371 2072 4424 ὃν
2100 4373 2128 4424 ὁ
2164 4369 2262 4440 μὲν
2296 4368 2570 4439 εὐδαίμων
2605 4365 2819 4439 πρῶτον
2874 4364 2971 4434 μὲν
3016 4360 3351 4431 ἐθαύμασεν,

86 4467 235 4535 λόγον
285 4467 421 4521 nihil
474 4467 623 4523 aliud
677 4481 828 4529 esse,
875 4483 1035 4537 quam
1090 4467 1185 4522 Dei
1236 4467 1656 4536 cogitationem,

1839 4481 1955 4517 ειτα
1987 4463 2044 4516 δὲ
2070 4461 2251 4533 ἔρωτα
2280 4460 2449 4543 ἔσχεν.
2464 4458 2558 4512 τοῦ
2600 4455 2936 4528 καταμαθεῖν
2972 4454 3147 4508 ὁπόσα
3178 4452 3348 4523 θνητῇ

87 4569 221 4624 patet
250 4575 314 4613 ex
348 4561 437 4613 his
468 4558 652 4614 verbis
686 4558 903 4628 p.1052
929 4576 943 4612 :
986 4559 1076 4625 Ἐξ
1104 4555 1200 4613 οὖν
1231 4558 1391 4627 λόγου
1425 4558 1519 4612 καὶ
1544 4557 1663 4611 δια-

86 4650 217 4713 νοίας
249 4650 387 4703 Θεοῦ
423 4649 678 4719 τοιαύτης
720 4648 857 4721 πρὸς
903 4650 1096 4721 χρόνου
1138 4649 1370 4717 γένεσιν,
1419 4647 1505 4701 ἵνα
1533 4663 1659 4715 γεν-

84 4742 205 4813 νηθῇ
230 4744 445 4813 χρόνος,
472 4741 623 4812 ἥλιος
650 4742 745 4794 καὶ
777 4740 971 4811 σελήνη
998 4742 1089 4794 καὶ
1120 4741 1279 4794 πέντε
1303 4740 1439 4794 ἄλλα
1462 4740 1657 4811 ἄστρα,

85 4834 294 4905 ἐπίκλην
324 4836 523 4905 ἔχοντα
552 4834 841 4903 πλάνητες,
876 4835 954 4898 εἰς
983 4834 1258 4907 διορισμὸν
1290 4835 1383 4888 καὶ
1414 4834 1661 4907 φυλακὴν

84 4926 315 4998 ἀριθμῶν
344 4928 542 4998 χρόνου
586 4928 801 4997 γέγονε.
854 4946 874 4980 ι
909 4929 986 4983 Ex
1036 4929 1138 4983 hac
1185 4928 1348 4999 igitur
1386 4927 1479 4982 Dei
1513 4928 1660 4983 circa

84 5020 325 5087 temporis
354 5020 693 5074 creationem
726 5021 933 5073 ratione
954 5031 1009 5075 et
1034 5019 1389 5089 cogitatione,
1424 5030 1484 5072 ut
1518 5031 1661 5073 tem-

84 5124 173 5175 pus
218 5122 533 5177 crearetur,
562 5112 645 5166 sol
693 5120 749 5166 et
793 5112 918 5165 luna
963 5122 1020 5168 et
1064 5112 1170 5166 alia
1212 5113 1451 5183 quinque
1482 5123 1655 5175 astra,

81 5217 189 5266 qua
229 5204 702 5270 cognominantur
749 5204 1000 5272 planetae,
1045 5206 1115 5259 ad
1160 5205 1568 5261 distinctionem
1601 5213 1659 5260 et

84 5291 515 5348 nbservationcm
563 5311 917 5351 numerorum
963 5298 1224 5368 temporis
1269 5297 1412 5352 facta
1456 5305 1654 5351 sunt.a

82 5382 130 5434 lit
162 5400 211 5451 p.
242 5387 418 5442 l0“):
456 5386 644 5451 Οὕτως
673 5387 732 5440 δὲ
768 5390 873 5453 πᾶς
917 5389 1085 5454 ὅντως
1113 5391 1200 5444 ἀεὶ
1231 5390 1491 5461 λογισμὸς
1524 5388 1658 5443 Θεοῦ

82 5483 193 5550 περὶ
238 5484 330 5536 τὸν
380 5484 513 5536 ποτὲ
566 5485 827 5555 ἐσόμενον
867 5486 998 5538 Θεὸν
1046 5486 1347 5556 λογισθεὶς,
1390 5488 1534 5542 λεῖον
1567 5490 1662 5543 καὶ

79 5573 258 5641 ἀμαλὴν
278 5614 293 5638 ,
338 5576 596 5645 πανταχῆ
644 5593 706 5629 τε
740 5579 807 5629 ὲκ
843 5577 1005 5648 μέσου
1057 5577 1170 5633 ἴσον
1189 5620 1204 5645 ,
1259 5581 1354 5633 καὶ
1403 5580 1521 5634 ὅλον
1566 5581 1661 5635 καὶ

81 5666 239 5720 τέλεον
294 5671 361 5721 ὲκ
412 5669 617 5723 τελέων
676 5671 949 5741 σωμάτων
1002 5672 1162 5745 σῶμα
1220 5672 1464 5743 ἐποίησε.
1513 5691 1532 5725 ι
1569 5674 1662 5730 Sic

84 5758 227 5827 igitur
259 5763 350 5818 Dei
399 5765 549 5819 circa
585 5765 833 5819 futurum
874 5766 1162 5836 aliquando
1198 5765 1366 5822 Deum
1410 5767 1658 5824 instituta

1764 4556 1927 4627 φύσει
1957 4554 2180 4610 δυνατά.
2221 4573 2240 4606 ι
2271 4552 2443 4607 Nemo
2488 4552 2715 4605 omnino
2751 4565 2818 4603 ex
2866 4547 3023 4603 nobis
3069 4546 3349 4602 existimet

1761 4651 1899 4705 alios
1942 4648 2158 4718 quidem
2190 4647 2321 4701 deos
2349 4658 2496 4710 esse,
2538 4643 2676 4698 alios
2716 4656 2843 4696 vero
2887 4654 3029 4705 non;
3068 4647 3160 4693 aut
3205 4636 3345 4692 alios

1768 4741 2076 4809 legitimos,
2105 4738 2241 4794 tales
2269 4753 2401 4793 vero
2432 4736 2590 4802 alios,
2630 4734 2822 4806 quales
2851 4733 3002 4789 nefas
3042 4731 3115 4787 sit
3141 4730 3343 4785 dicere.

1761 4837 1870 4892 Sed
1902 4835 2109 4891 fratres
2150 4848 2344 4888 omnes
2375 4847 2440 4886 ac
2468 4832 2520 4886 in
2552 4830 2809 4885 fraternis
2844 4827 3085 4882 sortibus
3115 4839 3233 4878 esse
3264 4823 3348 4877 di-

1759 4945 1977 4992 camus,
2028 4929 2206 4997 iisque
2250 4930 2487 4982 honores
2525 4922 2914 4982 adhibeamus,
2962 4934 3067 4973 non
3105 4917 3197 4972 alii
3244 4931 3345 4970 au-

1761 5037 1913 5087 num,
1940 5019 2030 5073 alii
2065 5032 2330 5082 mensem,
2360 5016 2451 5069 alii
2484 5029 2613 5070 vero
2639 5013 2840 5068 nullam
2858 5020 3065 5080 partem
3091 5009 3343 5077 assigne-

1760 5128 1913 5177 mtts,
1964 5124 2065 5164 nec
2110 5119 2323 5176 tempus
2364 5107 2572 5168 ullum,
2620 5104 2674 5157 in
2724 5117 2831 5171 quo
2876 5099 3142 5154 circulum
3184 5111 3341 5151 suum

1762 5209 2055 5280 percurrit,
2095 5206 2356 5261 mundum
2385 5204 2696 5274 perficiens,
2732 5216 2893 5270 quem
2930 5200 3070 5253 ratio
3099 5195 3339 5251 omnium

1762 5302 2099 5358 divinissima
2160 5298 2425 5353 visibilem
2480 5295 2674 5351 statuit
2717 5311 2731 5347 :
2774 5307 2938 5362 quem
2988 5289 3208 5360 quidem
3256 5284 3341 5339 vir

1762 5394 1953 5447 beatus
1993 5391 2170 5460 primo
2221 5387 2547 5449 admiratur,
2594 5382 2787 5437 deinde
2836 5381 2992 5435 ardet
3043 5375 3340 5446 cupiditate

1762 5503 1826 5543 ea
1856 5486 2135 5551 discendi,
2164 5495 2503 5553 qumcunque
2542 5488 2737 5534 natura
2775 5473 3020 5529 mortalis
3055 5468 3338 5539 percipere

1762 5588 1961 5651 potest.
1993 5597 2010 5628 ι

1840 5670 1972 5726 Haec
2014 5671 2213 5733 verha,
2261 5683 2418 5735 quem
2458 5669 2639 5721 beatus
2687 5666 2767 5719 vir
2808 5662 2976 5734 primo
3019 5658 3337 5716 admiratur,

1762 5782 1869 5822 non
1904 5766 1967 5819 ad
1998 5764 2174 5833 λόγον,
2201 5763 2293 5819 scd
2323 5764 2389 5817 ad
2423 5762 2682 5816 mundum
2717 5757 2905 5813 referri
2940 5756 3157 5821 dcheut,
3182 5752 3337 5823 cujus
