3792 6484
469 293 539 349 97
1342 295 1403 351 S.
1442 293 1778 351 JUST-INUS
1807 295 2036 352 PHILOE

2142 297 2287 353 ’HUS
2316 300 2403 355 ET
2436 300 2627 356 MART
2636 301 2746 357 ΥΒ.
3640 308 3717 364 ξδ’

472 431 762 486 admiratio
815 431 969 507 initia
1027 433 1185 488 nobis
1237 433 1480 490 discendi
1531 444 1586 490 et
1633 437 1807 505 prima
1867 436 2034 491 veluti

2215 419 2347 475 Caeli
2379 424 2598 477 nomine
2624 423 2882 477 mundum
2913 438 2943 476 a
2995 421 3221 479 Platone
3261 423 3531 495 designari
3562 436 3704 495 patet

472 524 739 577 elementa
770 518 1076 590 suppeditat
1095 564 1120 590 ,,
1159 524 1301 593 quod
1335 525 1403 579 de
1439 524 1641 581 divina:
1682 527 1908 581 rationis
1941 526 2040 579 ad-

473 615 771 669 miratione
814 614 922 669 dici
977 630 1084 669 nou
1136 624 1335 684 potest.
1375 615 1471 670 llle
1514 627 1694 671 autem
1747 617 1903 684 λόγος
1947 616 2039 688 qui

473 707 729 760 mundum
760 707 989 769 ereavit,
1017 723 1121 761 non
1152 708 1327 777 magis
1359 722 1652 778 personam
1680 724 1709 761 a
1742 710 1851 763 Deo
1880 709 2041 763 Patre

471 796 782 848 distinctam
817 796 917 849 hoc
962 794 1082 849 loco
1113 795 1383 866 designat,
1424 812 1586 866 quam
1629 798 1682 851 in
1714 796 1834 852 aliis
1874 813 2037 864 supra

469 886 671 952 allatis,
700 894 791 939 aut
816 885 979 940 etiam
1021 887 1074 940 in
1109 887 1213 942 isto
1241 902 1306 941 ex
1339 887 1607 942 Phaedone
1631 903 1682 957 p.
1709 889 1778 945 85
1805 905 1819 943 :
1861 906 1879 941 ι
1909 889 2038 943 Ela-

471 982 773 1036 borandum
803 990 917 1045 est,
951 988 1010 1033 ut
1059 981 1414 1035 humanarum
1456 982 1729 1035 rationum
1776 981 2038 1052 optimam

469 1079 525 1125 et
556 1086 675 1140 quae
714 1070 937 1127 minime
970 1070 1194 1125 refutari
1240 1073 1451 1141 possit,
1500 1072 1783 1144 eligentes,
1827 1074 1874 1129 ei
1908 1073 2041 1128 insi-

470 1162 720 1225 dcamus,
753 1172 814 1216 ut
850 1160 939 1216 illa
974 1170 1229 1231 tanquam
1264 1173 1380 1218 rate
1408 1164 1569 1230 vecti,
1603 1164 1725 1218 vitae
1765 1164 1918 1219 istius
1950 1179 2042 1234 pe-

472 1253 638 1308 ricula
670 1255 1055 1325 enavigemns;
1091 1258 1195 1312 nisi
1226 1258 1349 1326 quis
1389 1258 1560 1327 possit
1603 1258 1845 1313 certiore
1878 1257 2041 1311 tutio-

470 1359 638 1413 reque
676 1346 854 1411 modo,
897 1346 1092 1403 tutiore
1120 1349 1373 1403 videlicet
1418 1348 1687 1413 vehiculo,
1731 1357 1827 1402 aut
1856 1348 2038 1402 divina

468 1434 646 1505 aliqua
679 1435 893 1491 ratione
924 1437 1130 1492 traduci
1178 1450 1342 1504 atque
1376 1439 1692 1502 transmitti,
1726 1458 1745 1492 ι
1797 1441 1891 1495 ἐπὶ
1950 1436 2039 1509 βε-

467 1526 745 1600 ϐαιοτέρου
793 1529 1066 1601 ὀχήματος
1098 1532 1130 1601 ἢ
1163 1530 1319 1601 λόγου
1369 1531 1513 1586 θείου
1562 1549 1705 1598 τινος
1752 1532 2039 1603 διαπορευ-

465 1617 644 1690 θῆναι.

535 1711 620 1766 lll.
652 1712 880 1784 Pr0pius
910 1714 1174 1772 accedere
1206 1715 1421 1771 videtur
1450 1716 1519 1771 ad
1550 1715 1846 1772 Christiani
1880 1714 2041 1769 iusti-

466 1803 568 1857 tuti
615 1805 1047 1872 similitudinem,
1078 1807 1130 1861 in
1163 1805 1407 1877 Epistola
1441 1807 1509 1861 ad
1559 1805 1857 1871 Ilermt'am,
1894 1805 2038 1860 Fra-

463 1911 602 1951 stum
628 1908 675 1951 et
708 1896 1001 1964 Coriscum,
1029 1914 1163 1969 quos
1190 1899 1463 1963 hortatur,
1490 1909 1548 1953 ut
1577 1899 1871 1953 amicitiam
1901 1896 2042 1951 inter

465 2002 525 2042 se
573 1989 792 2057 ineant,
840 2005 1070 2059 eamque
1129 1991 1233 2046 hoc
1269 1990 1621 2059 jurejurando
1669 1990 2037 2045 confirment:

476 2079 841 2151 Ἐπομνύντας
873 2080 1071 2151 σπουδῇ
1100 2098 1158 2133 τε
1190 2080 1304 2152 ἅμα
1338 2081 1410 2153 μὴ
1446 2081 1669 2152 ἀμούσῳ
1697 2080 1791 2134 καὶ
1834 2082 1898 2151 τῇ
1938 2077 2039 2148 τῆς

463 2171 700 2241 σπουδῆς
731 2172 930 2243 ἀδελφῇ
966 2172 1211 2243 παιδείᾳ,
1248 2171 1339 2225 καὶ
1378 2170 1468 2225 τὸν
1509 2170 1617 2225 τῶν
1659 2170 1874 2224 πάντων
1906 2169 2037 2223 Θεὸν

458 2263 702 2333 ἡγεμόνα
744 2265 852 2316 τῶν
881 2281 939 2317 τε
985 2264 1154 2317 ὄντων
1194 2264 1286 2316 καὶ
1336 2264 1443 2317 τῶν
1492 2262 1810 2334 μελλόντων,
1841 2261 1935 2317 τοῦ
1976 2279 2037 2315 τε

460 2357 723 2426 ἡγεμόνος
751 2358 843 2411 καὶ
879 2358 1051 2412 αἰτίου
1085 2359 1293 2429 πατέρα
1327 2356 1534 2430 κύριον,
1567 2354 1923 2426 ἐπομνύντας,
1955 2354 2035 2420 ὃν,

458 2446 523 2498 ἂν
552 2446 718 2511 ὄντως
754 2448 1148 2520 φιλοσοφῶμεν,
1188 2448 1447 2520 εἰσόμεθα
1479 2449 1679 2511 πάντες
1728 2448 1913 2517 σαφῶς
1957 2450 2037 2512 είς

458 2535 686 2606 δύναμιν
722 2537 1022 2610 ἀνθρώπων
1055 2539 1403 2611 εὐδαιμόνων.
1443 2558 1460 2589 ι
1484 2536 1742 2594 Jurantes
1782 2555 1888 2592 non
1920 2540 2035 2594 siue

460 2626 693 2695 eleganti
729 2629 930 2694 studio,
974 2638 1029 2683 et
1061 2644 1250 2684 sorore
1281 2630 1446 2684 studii
1482 2630 1793 2698 disciplina,
1831 2639 1884 2684 et
1912 2646 2027 2685 om-

460 2718 605 2772 nium
642 2720 805 2773 Deum
851 2720 1039 2776 ducem
1082 2731 1139 2777 et
1179 2736 1367 2777 eorum
1413 2737 1533 2793 qua:
1563 2730 1712 2783 sunt.
1749 2731 1805 2777 et
1844 2736 2031 2777 eorum

459 2825 581 2878 qtae
610 2810 789 2866 futura
830 2820 987 2877 sunt,
1020 2828 1083 2868 ac
1111 2814 1265 2869 ducis
1299 2822 1355 2868 et
1396 2828 1577 2869 causa:
1611 2822 1823 2883 patrem
1854 2823 1908 2868 et
1940 2814 2035 2868 do-

459 2900 664 2954 ntiuum
716 2909 906 2956 testem
960 2903 1313 2959 invocantes:
1345 2919 1506 2973 quem
1554 2904 1793 2973 quidem,
1823 2903 1871 2958 si
1908 2918 2034 2959 vere

459 2987 937 3058 pliilosopltetnur,
995 3006 1185 3047 omnes
1249 2993 1534 3062 perspicue
1605 3007 2030 3062 cognoscemus,

458 3091 720 3147 quantum
753 3080 834 3136 fas
860 3091 943 3137 est
975 3083 1284 3140 hominibus
1315 3084 1510 3141 beatis.
1531 3105 1551 3138 ›

529 3175 655 3232 llaec
697 3178 765 3231 de
808 3177 986 3233 Verbo
1013 3189 1069 3232 et
1096 3179 1235 3234 Filio
1272 3180 1362 3235 Dei
1396 3180 1539 3235 dicta
1581 3179 1755 3235 videri
1785 3188 2028 3250 possent,

458 3267 501 3320 si
551 3268 601 3321 id
642 3284 740 3338 per
784 3268 1066 3325 Platonem
1110 3271 1342 3339 liceret,
1392 3274 1484 3342 qui
1531 3272 1776 3327 omnium
1836 3272 2032 3327 ducem

460 3359 627 3413 Deum
670 3370 725 3414 et
759 3376 977 3415 causam
1025 3363 1143 3432 ipse
1183 3366 1264 3419 sui
1307 3365 1575 3435 interpres
1622 3363 1882 3418 mundum
1912 3379 2035 3421 esse

458 3450 719 3507 declarat.
751 3452 843 3507 Sic
866 3454 1010 3508 enim
1042 3455 1284 3525 loquitur
1314 3456 1365 3510 in
1398 3457 1729 3525 Epinomide,
1764 3473 1815 3526 p.
1855 3457 2030 3512 1005:

456 3541 589 3594 Θεὸν
633 3543 677 3595 δ’
718 3543 881 3597 αὐτὸν
916 3543 1114 3615 μᾶλλον
1146 3546 1179 3616 ἢ
1224 3546 1344 3600 τινὰ
1376 3547 1545 3617 τύχην
1595 3546 1837 3618 ἡγοῦμαι
1878 3547 2035 3601 δόντα

456 3637 589 3705 ἡμῖν
628 3633 820 3699 σώζειν
866 3639 1031 3709 ἡμᾶς.
1075 3638 1171 3691 Ὃν
1208 3637 1265 3691 δὲ
1314 3638 1446 3691 Θεὸν
1492 3640 1764 3712 ἡγοῦμαι,
1810 3640 2034 3712 φράζειν

457 3725 583 3796 χρὴ,
614 3727 815 3799 καίπερ
851 3729 1049 3783 ἄτοπον
1079 3730 1228 3793 ὄντα,
1270 3731 1363 3785 καί
1416 3750 1533 3796 πως
1573 3734 1673 3786 οὐκ
1704 3734 1902 3787 ἄτοπον
1942 3729 2030 3788 αὖ.

456 3817 581 3881 Πῶς
603 3821 711 3890 γὰρ
739 3819 847 3874 τῶν
868 3821 1088 3890 ἀγαθῶν
1124 3824 1295 3877 αἴτιον
1316 3826 1447 3896 ἡμῖν
1470 3824 1817 3897 ξυμπάντων,
1850 3828 1910 3880 ού
1941 3828 2034 3881 καὶ

455 3906 550 3959 τοῦ
583 3907 715 3961 πολὺ
753 3910 1028 3979 μεγίστου,
1063 3912 1163 3982 τῆς
1209 3917 1545 3986 φρονήσεως,
1578 3917 1750 3970 αἴτιον
1784 3916 2036 3988 ἡγεῖσθαι

455 3997 539 4052 δεῖ
563 4002 875 4069 γεγονέναι;
901 4004 1035 4058 Τίνα
1055 4005 1113 4059 δὲ
1134 4007 1228 4059 καὶ
1256 4006 1535 4078 σεμνύνων
1558 4010 1688 4062 ποτὲ
1716 4009 1859 4078 λέγω
1881 4009 2033 4073 Θεὸν,

457 4084 503 4143 ὧ
532 4093 767 4161 Μέγιλλέ
798 4113 857 4149 τε
889 4096 982 4149 καὶ
1015 4096 1268 4165 Κλεινίας
1305 4099 1490 4170 σχεδὸν
1538 4100 1785 4172 οὐρανόν.
1819 4102 1916 4155 Ὃν
1944 4102 2037 4155 καὶ

456 4183 813 4251 ἃικαίοτατον,
845 4186 921 4250 ὼς
963 4184 1270 4259 ξύμπαντες
1312 4189 1459 4243 ἄλλοι
1499 4190 1751 4261 δαίμονες
1783 4191 1899 4261 ἅμα
1944 4194 2037 4246 καὶ

457 4274 591 4341 θεοὶ,
635 4279 798 4349 τιμᾷν
827 4296 887 4332 τε
935 4280 1028 4333 καὶ
1076 4278 1329 4351 εῠχεσθαι
1361 4281 1727 4353 διαφερόντως
1760 4282 1926 4353 αύτῷ.
1965 4285 2038 4337 Τὸ

455 4369 512 4423 δὲ
547 4371 641 4424 καὶ
671 4371 778 4425 τῶν
808 4371 983 4427 ἄλλων
1015 4372 1187 4427 αἴτιον
1219 4373 1437 4443 ἀγαθῶν
1471 4374 1688 4428 πάντων
1720 4376 1852 4446 ἡμῖν
1876 4375 2035 4430 αὑτὸν

2141 527 2208 566 ex
2231 513 2316 567 bis
2339 515 2521 568 verbis
2546 512 2751 580 Timwi,
2794 530 2849 585 p.
2879 514 3017 569 1047
3043 533 3060 569 :
3105 516 3162 568 ὐ
3190 516 3254 586 δὴ
3284 518 3390 579 πᾶς
3413 513 3641 588 οὐρανὸς
3669 518 3703 587 ἢ

2142 604 2366 674 κόσμος,
2398 604 2431 677 ἢ
2460 606 2552 659 καὶ
2579 604 2724 670 ἄλλο,
2755 607 2784 659 ὂ
2809 605 2863 659 τί
2889 623 3018 660 ποτε
3056 606 3454 679 ὀνομαζόμενος
3494 608 3702 679 μάλιστ’

2140 694 2206 749 ἂν
2223 694 2448 766 δέχοιτο,
2463 695 2607 749 τοῦθ’
2637 697 2769 767 ἡμῖν
2787 695 3106 768 ὡνομάσθω.
3131 715 3150 749 t
3174 697 3283 753 Hoc
3300 708 3479 753 autem
3493 701 3705 754 univer-

2141 801 2258 840 sum
2279 787 2474 842 etelum
2498 786 2577 842 vel
2600 789 2851 854 mundus,
2881 803 2976 843 seu
3003 804 3111 859 quo
3144 790 3253 844 alio
3277 790 3498 845 nomine
3516 792 3702 863 appelo

2139 876 2239 930 lari
2257 890 2317 931 se
2343 876 2575 931 maxime
2594 878 2811 948 probet,
2832 894 2860 933 a
2879 879 3038 934 nobis
3054 878 3401 949 appelletur.)
3418 880 3549 936 Cum
3573 897 3711 952 ergo

2142 970 2374 1026 mundus
2430 973 2535 1029 hoc
2586 973 2715 1029 loco
2769 990 2798 1029 a
2859 974 3086 1030 Platone
3146 978 3384 1031 omnium
3436 976 3700 1030 bonorum

2140 1076 2302 1117 causa
2339 1072 2397 1119 et
2436 1063 2578 1119 Deus
2607 1074 2661 1121 et
2686 1080 2716 1120 a
2747 1067 2960 1121 caeteris
2988 1068 3091 1123 diis
3135 1077 3191 1122 et
3231 1068 3567 1122 daemonibus
3597 1068 3701 1123 coli

2139 1152 2331 1208 solitus
2353 1155 2599 1223 dicatur;
2650 1158 2696 1211 is
2725 1157 2791 1212 de
2816 1173 2924 1227 quo
2978 1158 3033 1213 in
3074 1159 3354 1229 superiore
3389 1160 3711 1214 testimonio.

2138 1248 2330 1300 eadem
2390 1247 2687 1315 dicuntur,
2741 1251 2975 1305 mundus
3013 1250 3255 1319 profecto
3305 1250 3715 1305 existimandus.

2139 1345 2244 1393 est.
2277 1337 2418 1405 Quin
2449 1340 2615 1394 etiam
2647 1357 2713 1396 ex
2767 1342 3074 1412 posteriore
3103 1341 3415 1398 testimonio
3447 1344 3700 1410 superius

2139 1426 2219 1482 sic
2239 1427 2456 1483 videtur
2483 1431 2900 1495 emendandum,
2928 1430 3019 1483 τὸν
3041 1431 3148 1484 τῶν
3175 1431 3389 1484 πάντων
3413 1431 3551 1485 θεῶν
3573 1434 3702 1502 ἡγε-

2142 1520 2301 1590 μόνα,
2332 1524 2564 1575 omnium
2590 1522 2808 1576 deorum
2831 1523 3012 1576 ducem
3041 1525 3359 1593 invocantes,
3390 1527 3535 1582 hunc
3555 1526 3710 1583 enim~

2139 1626 2316 1665 omnes
2354 1612 2449 1666 alii
2473 1613 2734 1667 dwmones
2757 1613 2982 1668 simulet
3019 1617 3100 1669 dii
3137 1616 3336 1674 colunt;
3365 1617 3491 1673 Mox
3506 1621 3709 1681 .deeSse

2140 1700 2355 1756 videtur
2390 1704 2580 1768 αἴτιον,
2638 1704 2714 1759 ita
2752 1715 2809 1760 ut
2857 1708 3174 1761 vertendum
3211 1709 3302 1774 sit,
3350 1724 3549 1767 eorum.
3584 1727 3710 1782 qua

2137 1802 2256 1847 sunt
2282 1803 2330 1847 et
2359 1809 2540 1848 eorum
2566 1812 2684 1865 qut:
2705 1797 2888 1865 futura
2938 1809 3084 1863 sunt,
3117 1817 3354 1860 causam.
3405 1800 3605 1857 Vocem
3635 1804 3700 1857 il-

2139 1882 2267 1949 lam,
2323 1886 2514 1951 αἴτιον,
2563 1888 2830 1944 excidisse
2880 1890 3113 1959 probant
3160 1892 3467 1963 sequentia,
3511 1893 3608 1948 τοῦ
3642 1912 3713 1948 τεν

2136 1977 2404 2048 ἡγεμόνος
2437 1981 2530 2033 καὶ
2551 1981 2724 2034 αίτίου
2756 1982 2985 2054 πατέρα.

2207 2069 2371 2124 Multa
2407 2072 2513 2126 alia
2546 2072 2614 2127 de
2646 2076 2845 2130 mundo
2888 2077 2941 2129 in
2971 2076 3212 2132 eamdem
3261 2080 3595 2134 sententiam
3621 2081 3705 2135 di-

2136 2170 2223 2215 eta
2262 2164 2528 2232 reperias.
2561 2164 2618 2219 1n
2672 2166 2896 2233 Timaeo,
2959 2186 3013 2239 p.
3074 2170 3252 2226 {049:
3314 2172 3413 2226 Διά
3439 2175 3618 2228 πάντα
3638 2174 3703 2245 δὴ

2133 2254 2304 2308 ταῦτα
2332 2255 2623 2328 εὐδαίμονα
2655 2258 2786 2312 Θεὸν
2816 2260 2977 2314 αὐτὸν
3006 2263 3348 2334 ἐγεννήσατο.
3400 2282 3420 2311 ι
3454 2265 3553 2319 His
3581 2282 3700 2319 nm-

2136 2345 2297 2400 uibus
2338 2347 2405 2401 de
2458 2351 2640 2403 causis
2694 2351 2910 2405 beatum
2963 2353 3111 2407 illum
3165 2353 3331 2409 Deum
3358 2358 3600 2426 genuit.»
3636 2359 3719 2413 Et-

2135 2454 2191 2508 p.
2248 2440 2422 2495 1072:
2477 2442 2733 2515 Αὐτάρκη
2762 2461 2822 2497 τε
2850 2445 2940 2498 καὶ
2968 2446 3295 2501 τελεώτατον
3328 2448 3460 2503 Θεὸν
3486 2451 3703 2520 ἐγέννα.

2142 2548 2162 2582 ι
2192 2531 2358 2586 Deum
2409 2534 2513 2589 sibi
2571 2535 2674 2604 ipsi
2730 2536 3083 2593 sullieientem
3133 2548 3188 2593 et
3242 2540 3703 2609 perfectissimum

2134 2622 2481 2689 generabat.»
2535 2624 2627 2681 Sic
2682 2627 2953 2697 dialogum
3006 2631 3321 2688 concludit:
3374 2634 3558 2705 Θνητά
3595 2635 3715 2706 γὰρ-

2134 2715 2228 2768 καὶ
2264 2715 2508 2771 ἀθάνατα
2546 2716 2659 2782 ζῶα
2698 2720 2899 2787 λαϐὼν,
2949 2723 3042 2776 καὶ
3100 2724 3518 2797 ξυμπληρωθεὶς
3561 2728 3648 2781 ὅδε
3672 2730 3719 2780 6'

2135 2805 2357 2878 κόσμος,
2420 2809 2563 2864 οὕτω
2610 2812 2747 2877 ζῶον
2778 2814 2991 2885 ὁρατὸν,
3042 2815 3135 2867 καὶ
3182 2816 3353 2888 όρατά
3408 2818 3699 2890 περιέχων,

2134 2901 2297 2955 εἰκὼν
2347 2901 2443 2956 τοῦ
2485 2904 2676 2975 νοητοῦ
2718 2905 2874 2971 Θεοῦ,
2910 2908 3165 2977 μέγιστος
3206 2911 3299 2962 καὶ
3343 2909 3566 2981 ἀριστος
3586 2912 3723 2964 κάλ-κ

2130 2990 2315 3057 λιστός
2343 3011 2401 3046 τε
2441 2995 2535 3049 καὶ
2577 2995 2903 3063 τελεώτατος
2937 3000 3179 3069 γέγονεν,
3213 2996 3294 3064 εἷς
3326 3002 3558 3074 οὐρανὸς
3593 3004 3700 3068 ὅδε,

2057 3127 2100 3185 C
2139 3084 2431 3157 μονογενὴς
2456 3085 2551 3139 ὢν.
2574 3105 2591 3138 ι
2615 3086 2859 3143 Mortalia
2885 3091 3028 3145 enim
3058 3101 3113 3146 et
3140 3094 3463 3148 immortalia
3493 3094 3703 3147 anima-

2138 3175 2206 3230 lia
2245 3178 2494 3247 capiens,
2522 3195 2586 3235 ac
2614 3182 2916 3252 completus
2943 3186 3033 3241 hic
3083 3187 3336 3252 mundus,
3384 3187 3463 3241 sic
3502 3186 3709 3240 animal

2136 3267 2373 3335 visibile,
2398 3270 2632 3325 visibilia
2685 3275 3171 3343 compreltendens,
3218 3277 3580 3346 intelligibilis
3612 3276 3701 3329 Dei

2136 3357 2339 3428 imago,
2374 3361 2674 3429 sensibilis,
2700 3365 2995 3433 maximus,
3025 3367 3423 3437 pulcherrimus
3446 3375 3500 3420 et
3530 3366 3704 3436 perle—

2136 3449 2411 3504 ctissimus
2453 3451 2680 3518 exstitit,
2732 3469 2898 3508 unum
2930 3452 3032 3510 hoc
3075 3456 3297 3522 cmlum,
3336 3457 3700 3526 uuigenitus.»

2137 3539 2228 3595 Sic
2256 3541 2419 3596 etiam
2445 3542 2600 3598 initio
2624 3543 2807 3599 Timaei
2831 3545 3013 3610 Locri,
3040 3548 3271 3601 mundus
3300 3557 3525 3602 vocatur
3549 3564 3712 3613 unus,

2135 3632 2450 3702 unigenitus,
2492 3634 2634 3689 Deus
2656 3638 2883 3706 genitus.
2915 3636 3051 3693 Hine
3083 3637 3318 3692 Velleius
3365 3640 3505 3707 apttd
3553 3639 3707 3693 Cice-

2136 3739 2322 3778 ronem
2358 3724 2493 3781 lib.t
2536 3726 2612 3783 De
2648 3738 2761 3782 nat.
2785 3729 3025 3797 deorum,
3057 3731 3221 3784 multa
3265 3730 3483 3800 jocatur
3510 3730 3565 3784 in
3617 3747 3706 3783 ro-

2135 3816 2356 3871 tundum
2384 3817 2555 3873 Deum
2584 3819 2859 3888 Platonis;
2916 3838 3001 3889 ac,
3048 3824 3103 3879 si
3159 3824 3386 3876 mundus
3435 3835 3511 3876 est
3541 3822 3705 3886 Deus,

2136 3907 2236 3964 Dei
2285 3912 2520 3966 membra
2578 3916 2771 3982 partim
2820 3917 3098 3982 ardentia,
3144 3919 3338 3987 partim
3389 3917 3707 3986 refrigerata

2136 4016 2257 4056 esse
2287 4003 2584 4070 concludit,
2614 4018 2900 4077 propterea
2925 4010 3070 4077 quod
3104 4009 3284 4063 multa:
3308 4009 3492 4062 mundi
3520 4018 3709 4078 partes

2137 4102 2230 4148 aut
2259 4094 2485 4165 appulsu
2536 4097 2669 4153 solis
2700 4100 3029 4165 exarserint,
3060 4111 3155 4155 aut
3209 4100 3556 4170 obriguerint
3587 4100 3710 4154 nive

2136 4188 2443 4260 pruinaque
2472 4190 2770 4261 longinquo
2805 4192 2936 4247 solis
2964 4194 3243 4249 abscessu.

2207 4277 2297 4334 ιν.
2347 4280 2628 4336 Platonem
2685 4284 2800 4337 haec
2851 4284 2903 4338 iu
2944 4284 3261 4353 opinionum
3317 4292 3630 4338 commenta
3656 4292 3709 4335 et

2137 4373 2429 4428 verborum
2462 4374 2727 4445 ampullas
2756 4373 2987 4441 conjecit
3010 4391 3096 4441 ea,
3127 4390 3289 4444 quam
3314 4372 3417 4428 sibi
3448 4373 3709 4438 liuxerat,

455 4461 757 4529 γεγονέναι,
806 4464 1009 4529 πάντες
1050 4464 1116 4519 ἂν
1166 4466 1541 4537 ὁμολογοῖμεν.
1596 4484 1614 4519 ι
1645 4465 1815 4521 Deum
1852 4477 2032 4522 autem

2142 4464 2327 4520 mundi
2369 4464 2667 4521 similitudo
2700 4482 2825 4521 cum
2858 4466 2986 4521 Deo.
3024 4466 3252 4537 Egregie
3282 4464 3370 4521 ille
3404 4464 3625 4534 quidem
3657 4474 3711 4518 et

458 4553 633 4623 magis
659 4555 924 4622 arbitror,
953 4573 1115 4626 quam
1144 4558 1419 4613 fortunam
1451 4558 1712 4627 aliquam,
1743 4559 1849 4614 hoc
1876 4558 2032 4613 nobis

458 4646 761 4714 prudentia:
792 4662 990 4703 munus
1033 4649 1100 4703 ad
1153 4649 1384 4706 salutem
1421 4660 1664 4705 nostram
1711 4651 2029 4705 contulisse.

456 4737 629 4803 Quem
655 4746 834 4793 autem
862 4740 1029 4794 Deum
1050 4739 1355 4795 existimem
1381 4742 1560 4797 dicam
1583 4743 1761 4807 vobis,
1783 4743 2034 4812 quamvis

457 4826 510 4878 id
540 4826 836 4881 absurdum
867 4829 971 4895 sit,
1006 4843 1071 4883 ac
1098 4846 1289 4886 rursus
1323 4831 1502 4901 aliqua
1551 4834 1762 4886 ratione
1793 4847 1901 4886 non
1937 4833 2034 4887 ab-

457 4917 706 4972 surdum.
754 4918 889 4974 Nam
917 4920 1008 4988 qui
1053 4922 1294 4976 omnium
1344 4922 1503 4977 nobis
1551 4921 1822 4977 bonorum
1866 4936 2033 4977 causa

456 5017 560 5073 est,
584 5012 856 5078 quomodo
882 5027 992 5067 non
1039 5027 1161 5069 eum
1210 5013 1369 5085 longe
1401 5014 1645 5079 maximi,
1683 5015 1737 5069 id
1785 5024 1870 5070 est
1901 5030 2031 5084 pru-

458 5101 685 5169 dentiae,
735 5118 956 5159 causam
1006 5104 1178 5161 fuisse
1222 5107 1642 5161 existimandum
1690 5108 1814 5163 est?
1856 5106 2031 5175 Quem

459 5205 640 5250 autem
674 5195 879 5264 Deum,
926 5197 1138 5268 Megille
1183 5208 1240 5253 et
1273 5200 1469 5265 Clinia,
1526 5200 1778 5257 laudibus
1827 5200 2033 5256 eﬂ'ero?

457 5285 665 5340 (Icelum
712 5294 901 5356 procul
948 5290 1147 5356 dubio;
1194 5292 1339 5361 quod
1387 5293 1606 5363 quidem
1662 5278 2031 5364 aequissimum

458 5386 559 5438 est,
609 5388 669 5432 ut
704 5381 1161 5447 quemadmodum
1201 5384 1292 5438 alii
1335 5400 1526 5441 omnes
1556 5388 1829 5442 daemones
1868 5384 2033 5441 simul

459 5479 515 5521 et
548 5470 620 5524 dii
654 5471 880 5540 faciunt,
920 5475 993 5529 ita
1028 5492 1126 5532 nos
1164 5494 1381 5550 quoque
1421 5479 1680 5550 majorem
1713 5479 1771 5534 in
1816 5478 2034 5533 modum

459 5559 703 5616 colamus
744 5574 797 5619 et
834 5581 1142 5636 precemur.
1167 5571 1347 5642 Atque
1375 5572 1506 5627 illud
1549 5572 1769 5643 quidem
1801 5572 2034 5626 aliorum

461 5655 702 5709 omnium
746 5656 1013 5719 bonorum
1043 5678 1269 5721 causam
1316 5665 1473 5723 nobis
1515 5666 1795 5726 exstitisse
1840 5677 2032 5723 ontues

462 5744 864 5805 conﬁtebimur.
900 5771 917 5803 ι

2135 4552 2436 4609 luculenter
2466 4556 2672 4621 docuit,
2704 4557 2875 4611 Deum
2898 4558 3084 4611 omnia
3112 4558 3179 4611 ad
3212 4556 3458 4611 idearum
3483 4570 3711 4611 suarum

2133 4644 2416 4715 exemplar
2441 4661 2678 4713 creasse,
2738 4661 2841 4701 nec
2896 4646 3193 4715 quidquam
3233 4660 3356 4701 esse
3398 4645 3452 4699 in
3482 4646 3711 4708 mundo,

2135 4738 2278 4804 quod
2309 4752 2415 4791 non
2458 4738 2592 4792 idea:
2640 4738 2840 4793 divinae
2889 4739 3237 4808 respondeat.
3292 4737 3364 4795 At
3412 4737 3712 4792 inscienter

2134 4842 2363 4896 prorsus
2392 4840 2450 4881 et
2482 4828 2716 4884 absurde
2768 4829 3026 4884 mundum
3078 4827 3341 4884 essentia:
3391 4827 3595 4882 divinae
3623 4840 3714 4880 ac-

2135 4928 2377 4972 curatam
2402 4933 2523 4973 esse
2549 4929 2604 4973 et
2627 4921 2884 4975 omnibus
2913 4920 3155 4976 numeris
3209 4920 3535 4974 instructam
3572 4919 3711 4972 ima-

2135 5010 2313 5076 ginem
2344 5010 2449 5064 sibi
2486 5009 2743 5080 (ingebat,
2796 5025 2897 5067 nec
2950 5011 3250 5081 quidquam
3283 5023 3407 5065 esse
3466 5009 3524 5063 in
3577 5010 3713 5073 Deo,

2134 5103 2289 5172 cujus
2346 5118 2452 5158 non
2500 5104 2681 5174 aliqua
2733 5118 2992 5174 expressa
3050 5103 3123 5159 sit
3175 5103 3229 5157 in
3277 5101 3478 5156 mundo
3506 5101 3709 5172 imago.

2136 5195 2228 5252 Sic
2277 5195 2542 5265 loquitur,
2593 5212 2648 5267 p.
2707 5196 2886 5253 1057:
2941 5197 3203 5266 Λέγωμεν
3248 5195 3304 5249 δὲ
3337 5193 3404 5247 δι’
3430 5194 3497 5265 ἣν
3527 5195 3719 5247 αἰτίαν

2135 5291 2348 5359 γένεσιν
2395 5290 2491 5344 καὶ
2536 5290 2600 5343 τὸ
2641 5291 2750 5343 πᾶν
2806 5288 2925 5342 τόδε
2972 5290 3001 5343 ό
3038 5287 3291 5355 ξυνιστὰς
3352 5286 3707 5358 ξυνέστησεν.

2149 5381 2372 5451 Ἀγαθὸς
2406 5376 2496 5452 ἦν,
2520 5381 2709 5451 ἀγαθῷ
2750 5380 2806 5434 δὲ
2851 5380 3024 5442 οὐδεὶς
3053 5381 3180 5452 περὶ
3209 5378 3425 5442 οὐδενὸς
3453 5378 3713 5432 οὐδέποτε

2135 5474 2444 5543 ἐγγίγνεται
2476 5472 2686 5543 φθόνος.
2742 5471 2945 5525 Τούτου
2982 5471 3026 5524 δ’
3065 5472 3225 5536 ἐκτὸς
3271 5469 3345 5523 ῶν
3401 5471 3582 5523 πάντα
3625 5471 3711 5523 ὅτι

2139 5567 2373 5638 μάλιστα
2402 5564 2669 5636 ὲὸουλήθη
2694 5564 2942 5633 γενέσθαι
2975 5564 3332 5636 παραπλήσια
3362 5560 3526 5632 αὐτῷ.
3564 5580 3583 5613 ι
3617 5560 3708 5615 Di-

2136 5674 2325 5715 camus
2354 5668 2536 5713 autem
2595 5673 2756 5727 quam
2800 5657 2870 5713 ob
2898 5672 3119 5713 causam
3175 5655 3363 5711 ntuudi
3396 5666 3590 5709 auctor
3619 5671 3710 5725 ge-

2139 5749 2475 5806 nerationem
2545 5757 2706 5819 atque
2761 5749 2864 5821 hoc
2932 5749 3248 5804 universum
3334 5747 3709 5804 constituerit.
