3792 6474
132 296 198 353 29
456 334 459 337 λ
1132 293 1196 351 D.
1238 294 1504 355 MAMNI
1537 295 1703 363 PM.

1829 296 1924 353 'lO.
1960 329 2028 340 —-
2064 297 2242 354 PARS
2262 299 2339 359 ll.
3310 300 3395 359 30'

134 414 306 469 Bonas
336 424 499 482 erat;
522 416 675 472 bono
700 423 889 471 autem
929 413 1077 471 nulla
1121 431 1361 486 unquam
1394 416 1500 473 ulla
1531 418 1597 472 de
1649 432 1709 471 re
1738 423 1784 480 Α
1814 422 1993 491 genita
2024 422 2255 477 mundus
2290 418 2624 487 continebat,
2670 420 2879 477 idcirco
2896 434 3015 474 erat
3059 418 3235 474 adhuc
3263 417 3379 474 dis-

133 506 270 561 iuest
293 507 535 562 invidia.
566 506 735 576 Hujus
766 508 934 575 igitur
956 522 1153 575 expers
1180 523 1308 563 eum
1338 518 1519 573 esset,
1538 508 1708 562 voluit

130 599 307 656 omnia
339 600 447 655 sibi
475 616 640 671 quam
670 599 948 655 simillima
982 600 1161 655 ﬁeri.»

199 691 254 745 lu
277 693 384 747 bac
408 698 481 747 de
509 693 713 747 mundo
754 691 1027 748 sententia
1084 693 1137 748 id
1184 694 1472 749 videbatur
1531 694 1712 752 inesse

131 780 485 847 incommodi,
532 784 679 853 quod
730 783 967 838 mundus
998 784 1071 839 sit
1098 795 1341 851 creatus,
1382 785 1525 840 Deus
1575 800 1709 840 vero

132 874 524 943 sempiternus,
559 891 661 931 nec
705 877 935 946 proinde
986 876 1040 931 id
1088 878 1231 947 quod
1288 892 1411 933 esse
1484 878 1707 948 incepit,

132 970 312 1023 rterni
350 970 535 1042 imago
561 986 683 1027 esse
710 973 904 1042 possit.
945 972 1084 1028 Huic
1131 973 1480 1029 incommodo
1505 974 1586 1029 sic
1612 989 1710 1028 oc-

128 1060 293 1115 currit
319 1059 512 1126 Plato,
547 1078 604 1133 pa
638 1063 780 1119 1052
826 1083 841 1119 :
896 1066 983 1129 Ὠς
1029 1065 1086 1118 δὲ
1110 1064 1331 1136 κινηθὲν
1356 1082 1417 1118 τε
1444 1063 1579 1118 αὐτὸ
1617 1065 1711 1119 καὶ

127 1152 228 1216 ζῶν
250 1154 516 1226 ἐνενόησε
577 1156 688 1210 τῶν
743 1158 930 1213 ἀϊδίων
986 1158 1124 1212 θεῶν
1163 1158 1387 1228 γεγονὸς
1438 1158 1662 1229 ἄγαλμα
1684 1160 1713 1211 ὁ

127 1247 396 1317 γεννήσας
457 1244 663 1321 πατὴρ,
691 1249 906 1322 ἠγάσθη
936 1268 1017 1317 τε,
1070 1251 1165 1305 καὶ
1209 1249 1572 1323 εὐφρανθεὶς,
1631 1249 1712 1303 ἔτι

126 1338 183 1407 δὴ
215 1338 432 1407 μοὶλλον
488 1342 677 1411 ὅμοιον
727 1342 866 1415 πρὸς
898 1343 957 1396 τὸ
1012 1344 1361 1415 παράδειγμα
1420 1341 1712 1412 ἐπενόησεν

122 1431 565 1502 ἀπεργάσασθαι.
622 1434 889 1506 Καθάπερ
932 1430 1025 1488 οὖν
1084 1435 1218 1490 αὐτὸ
1262 1434 1519 1504 τυγχάνει
1575 1432 1714 1498 ζῶον

127 1523 312 1586 ἀϊδιον,
347 1526 444 1578 καὶ
474 1526 591 1580 τόδε
636 1526 700 1580 τὸ
740 1530 850 1581 πᾶν
896 1527 1069 1591 οὕτως
1122 1529 1201 1590 είς
1238 1526 1464 1598 δύναμιν
1496 1526 1711 1596 ἐπεχεί-

127 1630 255 1683 ρησε
306 1615 554 1668 τοιοῦτον
613 1616 916 1670 ἀποτελεῖψ
967 1620 1000 1688 ἡ
1065 1617 1163 1689 μὲν
1228 1613 1320 1672 οὖν
1377 1616 1516 1681 ζώου
1553 1615 1715 1686 φύσις

123 1702 420 1773 ἐτύγχανεν
461 1701 596 1759 οὖσα
656 1704 895 1772 αἰώνιος,
936 1708 1031 1761 καὶ
1071 1707 1230 1762 τοῦτο
1259 1710 1358 1780 μὲν
1396 1709 1463 1782 δὴ
1483 1708 1563 1780 τῷ
1590 1726 1713 1777 γενο

123 1796 264 1867 νητῷ
294 1798 578 1863 παντελῶς
598 1800 934 1871 προσάπτειν
963 1802 1064 1856 οὐκ
1090 1797 1158 1873 ἦν
1186 1802 1430 1856 δυνατόν’
1454 1800 1641 1859 εἰκόνα
1663 1800 1710 1861 δ’

122 1890 329 1940 ἐπινοεῖ
403 1892 633 1959 κινητήν
659 1909 780 1946 τινα
833 1891 1028 1954 αἰῶνος
1070 1893 1321 1962 ποιῆσαι,
1358 1893 1453 1946 καὶ
1524 1888 1707 1941 διακο-

122 1975 268 2041 σμῶν
300 1976 421 2048 ἅμα
468 1981 717 2051 οὐρανὸν,
777 1984 923 2036 ποιεί
976 1982 1229 2054 μένοντος
1280 1982 1476 2047 αἰῶνος
1531 1985 1591 2037 ὲν
1618 1985 1704 2041 ενι

122 2070 241 2120 κατ’
292 2070 532 2141 ἀριθαόν
580 2074 765 2128 ἰοῦσαν
817 2076 1032 2129 αἰώνιον
1077 2077 1280 2139 εἰκόνα,
1316 2075 1506 2130 τοῦτον
1551 2075 1610 2129 ὃν
1645 2076 1710 2149 δὴ

123 2162 316 2230 χρόνον
371 2164 762 2238 ὠνυμακαμεν.
808 2168 1149 2237 «Postquam
1216 2169 1379 2240 igitur
1412 2169 1616 2225 moveri
1656 2178 1711 2224 et

126 2253 314 2308 vivere
351 2256 750 2311 animadvertit
783 2268 1029 2311 creatum
1063 2258 1195 2313 illud
1224 2260 1450 2314 deorum
1484 2260 1710 2314 immor—

132 2343 314 2398 talium
345 2346 705 2402 simulacrum
740 2350 785 2403 is
813 2350 905 2419 qui
946 2352 1133 2420 genuit
1185 2350 1371 2416 Pater,
1408 2351 1711 2407 admiratus

126 2452 192 2491 ac
218 2438 526 2494 oblectatus
558 2450 666 2504 est,
688 2442 968 2512 magisque
1008 2443 1311 2513 exemplari
1339 2444 1518 2499 simile
1547 2444 1711 2513 perii-

127 2543 251 2584 cere
280 2533 573 2601 cogitavit.
625 2533 1093 2599 Quemadmodum
1141 2550 1273 2607 ergo
1320 2536 1494 2607 ipsum
1520 2552 1708 2592 exem-

124 2622 237 2690 plar
262 2634 346 2678 est
380 2624 587 2679 animal
616 2626 1037 2696 sempiternum,
1064 2630 1139 2684 ita
1163 2630 1330 2685 etiam
1360 2630 1463 2685 hoc
1491 2630 1711 2685 univer-

125 2732 238 2768 sum
265 2716 395 2781 tale,
422 2731 694 2786 quantum
722 2721 840 2775 ﬁeri
871 2730 1101 2791 poterat,
1135 2722 1409 2791 perﬁcere
1450 2724 1706 2779 instituit.

126 2811 201 2862 Ac
224 2810 479 2866 animalis
510 2813 731 2882 quidem
764 2824 963 2869 natura
990 2825 1110 2869 erat
1148 2824 1392 2880 aeterna;
1426 2815 1479 2871 id
1528 2825 1707 2872 autem

128 2901 202 2952 rei
228 2911 433 2956 creata:
464 2903 693 2959 omnino
718 2904 904 2975 aliingi
936 2922 1046 2961 non
1073 2917 1311 2976 poterat.
1343 2905 1708 2977 Quamobrem

127 2994 400 3063 excogitat
461 2996 724 3052 mobilem
778 2998 1075 3067 quamdam
1131 2998 1459 3055 aeternitatis.
1510 2999 1708 3066 imagi-

1819 514 2035 571 similis.
2066 513 2222 582 Quod
2270 522 2451 567 autem
2508 512 2589 566 illi
2622 512 2833 577 deerat,
2884 512 2936 567 id
2988 511 3216 581 perfecit
3243 511 3387 568 Deus

1812 614 2068 660 naturam
2095 604 2424 674 exemplaris
2462 605 2773 660 imitatione
2821 603 3151 672 exprimens.
3180 602 3381 670 Quate-

1815 712 1918 751 nus
1945 696 2110 767 igitur
2140 711 2292 750 mens
2326 695 2520 751 insitas
2575 696 2650 763 ei,
2680 694 2823 764 quod
2853 703 2937 748 est
2986 692 3206 756 animal,
3234 691 3383 747 ideas

1812 788 2009 853 cernit,
2045 788 2344 857 qualesque
2394 797 2525 841 sunt
2570 797 2623 842 et
2685 795 2819 857 quot
2874 786 3145 850 intuetur,
3175 785 3307 840 tales
3327 792 3386 839 et

1814 881 2038 935 tmidem
2073 880 2126 934 in
2161 879 2359 935 mundo
2394 892 2515 934 esse
2547 888 2799 950 oportere
2819 877 3135 948 judicavit.)
3163 874 3382 931 Dicebat

1813 986 1976 1041 supra
2026 969 2265 1025 Timaeus
2318 969 2549 1033 Locrus,
2594 968 2854 1023 mundum
2884 981 3006 1023 esse
3054 963 3383 1035 perfectum,

1812 1062 1939 1131 quia
1972 1059 2115 1114 illius
2142 1061 2441 1129 exemplar,
2495 1058 2649 1129 quod
2694 1059 2877 1113 omnia
2934 1056 3292 1127 intelligibilia
3328 1056 3393 1110 in

1812 1152 1992 1220 seipso
2047 1150 2451 1221 complectitur,
2506 1149 2642 1204 nihil
2702 1158 2854 1204 extra
2892 1148 3261 1219 praetermisit,
3290 1147 3386 1202 sed

1815 1244 2235 1316 intelligibilium
2266 1244 2542 1316 perfectus
2569 1253 2653 1300 est
2695 1248 2983 1311 terminus,
3016 1254 3075 1297 ut
3107 1242 3195 1297 hic
3223 1256 3385 1295 mun»

1812 1341 1913 1395 dus
1940 1340 2239 1395 Sensilium.

1887 1433 1952 1487 V.
1987 1433 2157 1488 Venio
2188 1434 2254 1488 ad
2290 1432 2713 1490 celeberrimum
2746 1446 2814 1485 ex
2864 1430 3098 1484 secunda
3145 1427 3396 1483 Platonis

1814 1525 2044 1594 epistola
2074 1525 2448 1580 testimonium
2482 1523 2628 1594 quod
2659 1532 2715 1577 et
2751 1521 2994 1577 Justinus
3044 1521 3098 1574 in
3151 1519 3305 1588 Apol.
3334 1520 3395 1585 Ι,

1814 1628 1871 1674 et
1920 1618 2071 1673 multi
2122 1618 2213 1673 alii
2248 1627 2371 1688 post
2402 1632 2526 1671 eum
2556 1616 2822 1682 citarunt,
2852 1626 2907 1669 et
2935 1614 3260 1669 Christianis
3303 1612 3390 1667 fu-

1816 1726 1939 1765 cum
2010 1710 2209 1766 fecisse
2268 1710 2515 1765 Clericus
2589 1707 2891 1762 existimat.
2973 1704 3390 1775 Signiﬁcaverat

1742 1768 1785 1823 Β
1816 1803 2107 1874 Dionysius
2144 1802 2358 1857 Platoni
2391 1816 2491 1871 per
2522 1799 2929 1854 Archedemnm
2983 1768 3085 1853 sibi
3119 1812 3225 1852 non
3270 1811 3390 1851 om-

1813 1897 1946 1951 nino
1978 1894 2300 1951 satisfacere
2331 1895 2632 1948 institutam
2665 1907 2695 1946 a
2729 1891 2956 1946 Platone
3010 1892 3077 1944 de
3102 1892 3258 1960 primi
3295 1904 3392 1941 na-

1814 1999 1936 2042 tura
1982 1986 2533 2041 demonstrationem.
2578 1984 2669 2039 Sic
2698 1984 2991 2052 respondet
3018 1982 3210 2036 Plato:
3256 1982 3394 2051 Φρα-

1814 2081 1970 2134 στέον
1993 2080 2055 2150 δή
2082 2096 2163 2132 σοι
2193 2078 2259 2131 δι’
2304 2078 2587 2149 αἱνιγμιῖν·
2625 2078 2691 2130 ἵν’
2718 2076 2785 2130 ἄν
2832 2093 2885 2128 τι
2919 2076 2951 2146 ἡ
2987 2073 3167 2137 δέλτος
3198 2070 3232 2141 ἢ
3263 2071 3395 2124 πόν-

1811 2189 1903 2225 του
1958 2173 1991 2243 ἢ
2045 2172 2147 2241 γῆς
2176 2174 2233 2225 ὲν
2270 2176 2500 2243 πτυχαῖς
2554 2169 2741 2244 πάθῃ,
2768 2172 2796 2223 ὁ
2846 2168 3112 2236 ἀναγνοὺς
3148 2165 3220 2237 μὴ
3254 2164 3388 2235 γνῷ.

1811 2258 1939 2315 Ὧδε
1967 2261 2074 2334 γὰρ
2110 2262 2243 2333 ἔχει·
2307 2262 2436 2333 περὶ
2500 2261 2594 2315 τὸν
2660 2261 2879 2314 πάντων
2940 2257 3163 2328 βασιλέα
3209 2255 3392 2307 πάντα

1812 2357 1929 2410 ἐστὶ
1969 2356 2063 2409 καὶ
2113 2356 2322 2409 ἐκείνου
2376 2355 2539 2408 ἕνεκα
2574 2354 2786 2409 πάντα’
2839 2354 2931 2406 καὶ
2985 2352 3161 2404 ἐκεῖνο
3222 2348 3391 2400 αἴτιον

1814 2447 2069 2501 ἁπάντων
2122 2444 2230 2498 τῶν
2268 2444 2468 2499 καλῶν.
2519 2443 2778 2514 Δεύτερον
2805 2441 2861 2494 δὲ
2890 2440 3019 2511 περὶ
3050 2438 3116 2491 τά
3143 2436 3395 2505 δεύτερα,

1812 2540 1911 2593 καὶ
1938 2538 2120 2611 τρίτον
2153 2539 2280 2610 περὶ
2330 2537 2400 2590 τά
2430 2536 2608 2609 τρίτα.
2653 2535 2717 2587 Ἡ
2762 2529 2855 2586 οὖν
2899 2530 3212 2603 ἀνθρωπίνη
3244 2525 3390 2597 ψυχὴ

1812 2631 1941 2704 περὶ
1989 2627 2129 2683 αὑτά
2184 2628 2433 2700 ὀρέγεται
2484 2626 2675 2699 μαθεῖν
2740 2628 2867 2678 ποῖα
2920 2623 3054 2677 ἄττα
3094 2621 3228 2682 ἐστὶ,
3274 2617 3378 2688 βλέ-

1812 2742 1988 2780 πουσα
2043 2726 2122 2788 είς
2179 2722 2248 2776 τὰ
2313 2720 2483 2790 αὐτῆς
2543 2719 2805 2789 συγγενῆ,
2857 2709 2931 2770 ὧν
2983 2715 3134 2769 οὐδὲν
3195 2710 3393 2774 ἱκανῶς

1812 2820 1942 2892 ἔχει.
2004 2816 2110 2869 Τοῦ
2164 2815 2221 2869 δὲ
2280 2813 2542 2885 βασιλέως
2585 2815 2715 2883 πέρι
2764 2810 2858 2865 καὶ
2907 2802 2981 2862 ὧν
3035 2801 3207 2867 εἷπον,
3243 2802 3398 2856 οὐδέν

1811 2911 1927 2965 ἐστι
1957 2907 2187 2963 τοιοῦτο,
2259 2924 2277 2955 t
2319 2904 2617 2959 Dicendum
2660 2903 2755 2957 tibi
2808 2916 2905 2972 per
2946 2898 3278 2967 aenigmata;
3337 2902 3390 2944 ut

1811 3001 1857 3056 si
1890 3002 2021 3070 quid
2063 2998 2191 3054 huic
2215 2996 2427 3052 tabellae
2466 2996 2551 3050 vel
2580 2996 2718 3050 mari
2767 2993 2853 3048 vel
2902 3000 3053 3047 terra
3089 2988 3393 3055 contingat,

129 3102 247 3140 nem
275 3104 291 3151 ;
344 3097 400 3141 et
454 3089 585 3142 dum
618 3092 819 3144 cmlum
851 3101 1107 3157 exornat,
1164 3092 1493 3147 aeternitatis
1522 3092 1577 3146 in
1605 3109 1713 3146 uno
1740 3104 1782 3161 ρ
1817 3094 1909 3162 qui
1946 3093 2139 3162 legerit
2172 3090 2479 3158 intelligere
2526 3103 2635 3143 non
2691 3087 2863 3158 possit
2893 3103 2908 3140 :
2974 3084 3053 3139 sic
3084 3092 3266 3136 autem
3299 3079 3367 3133 ha

129 3180 502 3243 permanentis
550 3192 816 3237 aeternam
870 3183 1161 3255 imaginem
1216 3199 1445 3240 numero
1487 3199 1714 3254 progre-

127 3270 359 3323 dientem
389 3283 583 3335 creat;
614 3289 778 3341 quam
812 3282 1026 3344 tempus
1066 3276 1397 3331 vocavimus.
1435 3294 1456 3329 ι
1507 3276 1576 3331 Ει
1606 3293 1712 3333 non

127 3362 290 3415 multo
325 3371 499 3431 post:
559 3364 765 3435 Χρόνος
822 3365 867 3419 δ’
898 3360 989 3421 οὖν
1044 3367 1161 3437 μετ’
1184 3365 1415 3437 οὐρανοῦ
1467 3366 1711 3437 γέγονεν,

125 3455 205 3506 ἵνα
245 3454 357 3525 ἅμα
409 3457 794 3528 γεννηθέντες,
860 3458 978 3529 ἅμα
1019 3460 1112 3516 καὶ
1159 3457 1418 3526 λυθῶσιν,
1472 3460 1536 3513 ἄν
1580 3477 1711 3513 ποτε

123 3550 263 3613 λύσις
290 3568 375 3615 τις
415 3552 601 3605 αὐτῶν
630 3554 879 3625 γένηται,
920 3556 1016 3610 καὶ
1046 3553 1187 3607 κατά
1245 3554 1307 3608 τὸ
1361 3554 1711 3625 παράδειγμα

122 3643 214 3711 τῆς
237 3644 461 3698 αἰωνίου
506 3645 754 3715 φύσεως·
790 3647 859 3699 ἵν’
912 3648 988 3711 ὡς
1035 3648 1353 3719 ὁμοιότατος
1391 3647 1541 3719 αὑτῷ
1570 3648 1711 3701 κατά

119 3735 341 3807 δύναμιν
534 3737 609 3790 Τὸ
676 3738 774 3809 μὲν
824 3739 933 3811 γὰρ
988 3738 1052 3812 δὴ
1111 3739 1481 3812 παράδειγμα,
1532 3741 1709 3795 πάντα

118 3828 283 3882 animi
309 3832 463 3883 ἐστιν
494 3830 576 3883 δν·
624 3832 654 3884 ὁ
705 3830 750 3883 δ’
786 3828 853 3885 αὖ
883 3831 977 3886 διὰ
1007 3832 1195 3897 τέλους
1229 3832 1321 3886 τὸν
1358 3834 1570 3887 ᾶπαντα
1594 3833 1711 3904 χρό-

118 3938 198 3973 νον
244 3922 489 3992 γεγονώς
542 3940 602 3977 τε
663 3924 761 3981 καὶ
813 3923 888 3977 ὢν
950 3925 1044 3978 καὶ
1108 3925 1369 3997 ὲσόμενός
1442 3926 1562 3979 ἐστι
1612 3924 1709 3995 μό-

117 4030 218 4077 νος.
261 4034 279 4067 ι
316 4016 567 4083 Tempus
598 4030 733 4086 ergo
788 4016 953 4071 simul
1002 4033 1126 4073 cum
1160 4019 1301 4073 coelo
1330 4028 1573 4074 creatum
1601 4028 1704 4083 est,

117 4116 171 4159 at
198 4108 363 4162 simul
402 4109 590 4178 genita
636 4109 800 4164 simul
854 4109 1244 4174 dissolvantur,
1282 4112 1325 4167 si
1364 4127 1471 4181 qua
1515 4127 1705 4167 eorum

115 4201 414 4268 aliquando
472 4202 660 4257 futura
727 4204 802 4258 sit
866 4203 1191 4271 dissolutio;
1262 4215 1374 4259 tum
1432 4206 1595 4260 etiam
1647 4216 1707 4259 ut

116 4304 329 4349 aeterna:
387 4303 604 4349 natura:
664 4295 989 4366 exemplari,
1040 4307 1306 4367 quantum
1350 4299 1467 4354 ﬁeri
1506 4308 1702 4367 potest,

113 4402 277 4454 quam
309 4388 629 4443 simillimus
680 4388 753 4442 sit
803 4391 1057 4445 mundus.
1093 4389 1226 4443 Nam
1272 4392 1554 4459 exemplar
1605 4406 1705 4460 per

110 4494 327 4532 omnem
360 4490 445 4534 est
474 4481 881 4547 aeternitatem;
935 4483 1175 4536 mundus
1218 4496 1349 4537 vero
1394 4496 1494 4552 per
1540 4498 1703 4539 omne
1733 4462 1777 4515 θ

112 4582 318 4638 tempus
347 4572 503 4627 solus
530 4572 653 4640 fuit,
685 4582 771 4627 est
796 4582 852 4627 et
876 4573 1039 4628 erit.»

176 4662 269 4718 Sic
300 4676 498 4719 creato
562 4674 811 4733 tempore
855 4673 912 4719 ut
953 4666 1189 4721 mundus
1230 4667 1614 4737 perfectissimo
1648 4678 1695 4721 et

112 4754 431 4823 intelligibili
485 4755 712 4808 animali
762 4756 1094 4819 simillimus,
1150 4766 1397 4810 naturam
1444 4766 1696 4811 arternam

116 4844 463 4911 imitaretur;
523 4848 636 4901 haec
672 4857 850 4901 tamen
881 4847 1206 4915 similitudo,
1236 4849 1461 4904 Platone
1487 4851 1693 4920 judice,

116 4938 361 4995 inchoata
396 4952 454 4995 et
479 4958 672 4997 manca
700 4945 1022 5010 exstitisset,
1061 4945 1167 5000 nisi
1199 4956 1334 5015 quot
1379 4946 1693 5003 animalium

113 5033 317 5097 species
348 5034 493 5089 ideis
532 5038 725 5091 aeterni
764 5038 1020 5094 animalis
1050 5040 1437 5105 obversantur,
1466 5041 1691 5094 totidem

112 5124 162 5177 in
195 5128 405 5181 mundo
433 5140 634 5183 creatte
662 5130 916 5187 fuissent.
949 5130 1041 5185 Sic
1064 5147 1179 5187 rem
1207 5133 1430 5202 exponit
1457 5148 1471 5183 :
1501 5132 1590 5203 Τῷ
1636 5132 1694 5185 δὲ

112 5222 273 5290 μήπω
300 5221 379 5274 τά
426 5223 602 5276 πάντα
630 5223 748 5288 ζῶα
780 5225 930 5289 ἐντὸς
966 5225 1133 5279 αὑτοῦ
1164 5226 1509 5295 γεγενημένα
1546 5242 1695 5297 περι-

108 5312 406 5384 ειληφέναι,
436 5316 607 5387 ταύτῃ
641 5316 721 5369 ἔτι
784 5311 927 5386 εἶχεν
979 5316 1271 5386 ἀνομοίως.
1315 5316 1487 5371 Τοῦτο
1530 5318 1595 5388 δὴ
1632 5318 1693 5372 τὸ

107 5407 430 5460 κατάλοιπον
488 5408 854 5480 ἀπειργάζετο
896 5410 1057 5463 αὑτοῦ
1090 5410 1229 5481 πρὸς
1260 5409 1357 5480 τὴν
1390 5408 1483 5462 τοῦ
1522 5426 1695 5481 παρα-

105 5499 390 5571 δείγματος
423 5502 874 5573 ἀποτυπούμενος
894 5503 1073 5572 φύσινυ
1106 5497 1252 5574 ᾗπερ
1278 5499 1369 5555 οὖν
1399 5501 1523 5566 νοῦς
1550 5503 1693 5555 ἐνού-

107 5607 198 5655 σας
229 5594 376 5657 ἰδέας
398 5592 478 5665 τῷ
504 5596 660 5649 ὅέστι
683 5593 846 5658 ζῶον,
877 5589 983 5647 οἶαί
1008 5612 1066 5648 τε
1098 5594 1262 5648 ἔνεισι
1296 5594 1391 5648 καὶ
1418 5595 1538 5648 ὅσαι
1567 5594 1692 5648 καθ-

104 5685 217 5753 δρᾷ,
242 5685 504 5749 τοιαύτας
551 5688 650 5740 καὶ
695 5684 962 5749 τοσαύτας
1015 5686 1266 5758 διενοήθη
1299 5687 1409 5740 δεῖν
1443 5688 1537 5740 καὶ
1570 5686 1688 5740 τάδε

109 5780 267 5847 σχεῖν.
314 5800 332 5833 ι
373 5780 482 5837 Sed
512 5782 641 5852 quia
676 5781 921 5837 nondum
955 5782 1135 5839 omnia
1165 5781 1420 5838 animalia
1456 5781 1595 5837 intra
1630 5797 1688 5839 se

1817 3188 1929 3242 bet.
1974 3186 2134 3242 Circa
2188 3185 2432 3239 omnium
2483 3182 2685 3254 Regem
2739 3190 2934 3236 cuncta
2998 3186 3162 3242 sunt;
3222 3172 3394 3246 ipsius

1814 3280 1989 3349 gratia
2025 3279 2241 3345 omnia;
2297 3278 2412 3348 ipse
2465 3273 2822 3347 pulchrorum
2883 3273 3130 3328 cinnium
3187 3280 3392 3331 causa;

1812 3372 2113 3427 secundum
2172 3372 2323 3427 circa
2384 3368 2657 3435 secunda;
2714 3368 2937 3422 tertium
3006 3364 3152 3418 circa
3212 3358 3392 3414 tertia.

1811 3462 2060 3518 Humana
2096 3464 2260 3533 igitur
2288 3462 2470 3516 anima
2524 3461 2637 3514 haec
2668 3458 2848 3529 qualia
2882 3457 2993 3511 siut
3040 3456 3252 3509 discere
3296 3466 3395 3505 cu-

1812 3558 1910 3628 pit,
1937 3558 2006 3611 ad
2038 3571 2099 3611 ea
2140 3556 2443 3625 respiciens
2468 3595 2486 3620 ,
2519 3569 2639 3623 qua:
2668 3552 2772 3607 sibi
2821 3557 3050 3618 cognata
3080 3558 3226 3607 sunt,
3260 3560 3394 3614 quo-

1810 3666 1929 3705 rum
1965 3650 2171 3704 nullum
2208 3650 2342 3704 satis
2369 3658 2553 3717 aptmn
2597 3655 2701 3701 est.
2738 3644 2810 3698 At
2845 3646 2899 3698 iu
2934 3643 3077 3711 Rege
3108 3650 3162 3697 et
3203 3642 3291 3705 iis,
3322 3639 3394 3693 de

1808 3742 2011 3813 quibus
2041 3743 2179 3808 dixi,
2214 3742 2346 3796 nihil
2375 3743 2532 3795 tale.»

1879 3837 2039 3892 Parvi
2072 3835 2242 3892 refert
2301 3836 2463 3905 hujus
2510 3834 2614 3891 loci
2668 3832 2994 3889 sententiam
3038 3828 3387 3898 investigare,

1808 3947 1972 4003 quam
2024 3932 2141 4001 ipse
2201 3929 2359 3985 Plato
2389 3930 2714 3991 quibusdam
2769 3926 2937 3980 veluti
2997 3920 3391 3992 integumentis

1809 4022 2067 4078 consulto
2099 4022 2362 4077 obvolvit.
2392 4023 2627 4079 Videtur
2660 4032 2842 4076 tamen
2890 4018 3036 4073 aliud
3081 4014 3216 4069 nihil
3250 4013 3391 4067 indi-

1810 4131 1962 4181 care,
1994 4131 2158 4186 quam
2185 4116 2331 4186 quod
2367 4130 2513 4183 saepe
2562 4114 2700 4167 alias
2727 4114 2793 4168 de
2825 4112 2994 4165 variis
3026 4104 3387 4177 cognoscendi

1811 4206 1988 4261 modis
2028 4206 2311 4261 disseruit.
2348 4205 2401 4259 In
2436 4206 2578 4259 libro
2621 4221 2671 4258 Vl
2707 4202 2785 4257 De
2810 4220 2949 4273 νειμ,
2974 4202 3078 4256 duo
3105 4196 3390 4267 distinguit

1807 4300 1979 4365 entia,
2011 4299 2230 4354 visibile
2270 4307 2323 4353 et
2352 4298 2654 4361 invisibile,
2693 4306 2748 4351 et
2796 4295 3072 4363 duplicem
3104 4292 3389 4358 utriusque

1808 4393 2175 4461 cognoscendi
2212 4391 2455 4447 modum.
2492 4390 2547 4443 In
2578 4387 2780 4443 visibili
2823 4400 3024 4455 genere
3053 4384 3204 4453 ponit
3251 4382 3389 4434 ima-

1805 4489 1951 4556 gines
1976 4487 2086 4539 sive
2111 4486 2323 4538 umbras
2345 4494 2391 4536 et
2434 4480 2746 4545 simulacra,
2773 4490 2827 4535 et
2850 4480 2995 4548 ipsas
3022 4493 3127 4540 res,
3158 4491 3279 4545 quae
3302 4474 3387 4530 bis

1802 4576 2131 4646 imaginibus
2167 4574 2586 4639 adumbrantur,
2623 4572 2699 4625 ita
2757 4580 2815 4624 ut
2858 4569 3302 4640 quemadmodum
3329 4584 3386 4623 se

1799 4668 1955 4723 habet
1984 4669 2165 4737 opinio
2196 4669 2265 4721 ad
2292 4667 2597 4729 scientiam,
2647 4665 2721 4718 ita
2772 4664 2943 4733 imago
3002 4662 3071 4714 ad
3126 4661 3181 4713 id
3231 4659 3383 4729 cujus

1800 4769 1877 4815 est
1920 4760 2117 4830 imago.
2153 4757 2211 4813 In
2252 4757 2510 4813 invisibili
2542 4771 2744 4827 genere
2774 4754 2909 4808 duos
2958 4751 3166 4823 pariter
3194 4752 3385 4805 distin-

1798 4853 1913 4922 guit
1961 4852 2333 4919 cognoscendi
2364 4850 2553 4904 modos
2581 4868 2595 4905 :
2625 4845 2800 4900 Unum
2838 4846 2891 4899 in
2923 4862 3023 4915 quo
3057 4846 3238 4897 anima
3262 4860 3382 4911 sup-

1795 4944 2147 5013 positionibus
2176 4953 2225 4997 et
2278 4942 2597 5013 imaginibus
2652 4942 2822 4993 utitur
2850 4941 2920 4993 ad
2964 4940 3156 5008 speciei
3196 4939 3383 4992 invisi-

1797 5037 1918 5091 bilis
1960 5036 2476 5103 investigationem;
2534 5033 2761 5087 alterum
2818 5048 2936 5085 cum
3000 5032 3210 5085 animus
3268 5030 3383 5083 sine

1796 5127 2113 5196 imaginibus
2140 5127 2284 5195 ipsas
2321 5127 2523 5194 species
2556 5127 2898 5181 considerat.
2929 5122 3026 5177 His
3051 5123 3210 5192 paulo
3246 5121 3380 5177 ube-

1797 5221 1910 5274 rius
1940 5220 2226 5291 explicatis
2266 5222 2487 5276 tandem
2526 5222 2607 5276 sic
2631 5221 2949 5277 concludit:
3018 5221 3126 5274 Καί
3160 5237 3249 5291 μοι
3281 5219 3377 5274 ἐπὶ

1795 5317 1911 5376 τοῖς
1938 5314 2197 5386 τέτταρσι
2220 5316 2471 5386 τμήμασι
2504 5315 2738 5386 τέτταρα
2774 5317 2947 5371 ταῦτα
2984 5312 3279 5384 παθήματα
3319 5312 3379 5367 ὲν

1792 5408 1861 5477 τῇ
1895 5405 2041 5478 ψυχῇ
2079 5406 2338 5477 γινόμενα
2394 5406 2548 5459 λάϐε.
2601 5406 2803 5475 Νόησιν
2840 5406 2936 5477 μὲν
2985 5404 3076 5456 ἐπὶ
3105 5402 3183 5473 τῷ
3233 5403 3377 5456 ἀνωο

1790 5501 1972 5570 τάτῳσ
2025 5500 2262 5554 διάνοιαν
2305 5500 2362 5554 δὲ
2414 5500 2507 5553 ἐπὶ
2540 5498 2618 5570 τῷ
2668 5498 2937 5569 δευτέρῳ·
2986 5496 3062 5568 τῷ
3104 5496 3276 5568 τρίτῳ
3319 5496 3378 5551 δὲ

1792 5595 1975 5647 πίστιν
2007 5594 2224 5657 ἀπόδος,
2253 5595 2346 5646 καὶ
2367 5592 2445 5664 τῷ
2464 5592 2759 5660 τελευταίῳ
2776 5588 3041 5643 εἰκασίαν.
3092 5608 3111 5640 ί
3140 5589 3222 5643 Ad
3278 5588 3377 5642 bas

1794 5696 2034 5756 quatuor
2059 5687 2454 5757 proportiones
2503 5693 2742 5755 quatuor
2788 5682 2978 5736 itidem
3012 5681 3208 5735 mentis
3239 5677 3373 5733 affe-

1794 5781 2001 5837 ctiones
2015 5778 2219 5850 accipe.
2238 5777 2405 5834 lutcll?
2414 5777 2647 5849 gentiam
2665 5789 2943 5847 supremo,
2976 5772 3370 5846 cogitationem
