3792 6516
454 356 520 411 3|
1339 352 1397 408 S.
1440 347 1775 407 JUSTINUS
1810 340 2292 401 PHILOSOPHUS
2322 338 2407 393 ET
2450 334 2760 392 MARTYB.
3633 327 3693 381 2'»!

458 475 720 533 secundo.
747 474 906 528 ﬁdem
925 473 1084 530 tertio
1106 474 1345 545 assigna,
1373 472 1564 528 ultimo
1584 470 2034 527 assimilatiouem
2065 471 2108 526 Α
2136 471 2353 537 partum
2391 471 2445 515 et
2476 460 2643 515 fetum
2687 454 2814 511 boni
2848 458 3122 545 exponat,
3155 447 3348 545 statuit
3375 460 3439 545 ea
3462 460 3600 545 hqute
3623 448 3694 545 vi:

456 568 572 622 sive
612 567 1106 637 imaginationem.»
1133 567 1334 621 Eadem
1364 566 1523 619 docet
1543 564 1669 620 libr.
1696 579 1794 623 vti.
1815 578 1869 632 p.
1904 560 2028 615 705.
2074 573 2085 593 ε

535 657 755 714 Videtur
793 659 1021 730 epistola
1070 659 1137 714 ad
1170 659 1487 729 Dionysium
1524 657 1626 713 bos
1667 652 2031 727 cognoscendi

456 754 647 808 modos
679 754 939 809 indicare.
974 753 1089 808 Non
1124 754 1269 808 enim
1304 753 1534 808 triadem
1561 751 1749 814 habet,
1777 749 1872 806 sed
1902 764 2035 816 qua-

456 848 785 903 ternionem.
838 847 1086 902 Primum
1142 846 1505 917 cognoscendi
1558 860 1748 917 genus,
1796 844 2034 912 illudque

454 938 620 1007 longe
644 941 1159 1010 praestantissimum
1221 940 1274 993 in
1328 939 1499 1008 ipsius
1523 938 1666 993 entis
1713 937 2034 992 considera-

455 1032 603 1086 tione
653 1040 927 1086 versatur.
986 1029 1100 1084 Hoc
1155 1029 1287 1084 solis
1336 1029 1675 1098 sapientibus
1726 1025 2029 1096 contingit,

450 1123 566 1191 qui,
603 1132 662 1177 ut
691 1123 768 1177 ait
822 1124 976 1177 Plato
1029 1122 1153 1176 libr.
1188 1138 1260 1177 vit
1299 1121 1374 1175 De
1406 1138 1515 1190 rep.
1539 1160 1556 1184 ,
1617 1120 1792 1188 ipsum
1827 1117 2029 1171 bonum

452 1215 757 1279 intuentur,
791 1231 966 1283 eoque
993 1226 1223 1270 utuntur
1256 1222 1514 1283 tauquam
1565 1210 1887 1280 exemplari.
1933 1210 2031 1265 Se-

451 1306 688 1360 cundum
723 1306 1095 1374 cognoscendi
1120 1319 1292 1375 genus
1324 1314 1576 1358 versatur
1592 1302 1740 1357 circa
1765 1302 2027 1365 secunda;

450 1411 573 1451 cum
628 1396 883 1452 videlicet
954 1398 1195 1462 animus,
1241 1407 1298 1452 ut
1350 1398 1415 1452 de
1467 1396 1762 1467 geometria
1816 1404 1870 1451 et
1906 1393 2029 1448 aliis

448 1487 720 1556 ejusmodi
773 1491 985 1545 artibus
1046 1495 1306 1545 observat
1358 1489 1516 1545 Plato
1549 1490 1683 1544 ibid.
1727 1489 1823 1543 lib.
1860 1505 1910 1541 vt
1951 1486 2031 1541 De

451 1594 591 1644 rep.,
637 1578 966 1648 imaginibus
1023 1591 1080 1635 et
1129 1580 1591 1650 suppositionibus
1645 1578 1711 1632 ad
1767 1580 1910 1633 entis
1948 1578 2031 1631 in-

446 1671 865 1740 vestigationem
899 1674 1089 1727 utitur.
1149 1671 1397 1726 Tertium
1454 1674 1600 1727 circa
1646 1671 1805 1725 tertia
1846 1684 2031 1724 versa-

448 1770 561 1825 tur,
609 1775 732 1814 cum
761 1762 814 1814 in
841 1763 1004 1816 rebus
1026 1761 1339 1816 visibilibus
1377 1777 1483 1817 non
1524 1762 1749 1816 umbras
1785 1771 1841 1817 et
1894 1760 2029 1813 ima—

445 1850 625 1919 gines,
653 1851 746 1904 sed
786 1851 932 1919 ipsas
972 1866 1061 1906 res
1090 1851 1589 1920 apprehendimus;
1624 1866 1688 1905 ex
1721 1864 1831 1919 quo
1866 1848 2025 1901 ﬁdem

444 1939 585 1994 cliici
618 1942 863 1994 declarat
894 1941 1069 1995 Plato.
1133 1942 1401 2008 Quartum
1434 1941 1797 2011 cognoscendi
1834 1954 2024 2008 genus,

441 2034 585 2101 quod
615 2033 840 2087 εἰπασία
870 2034 984 2089 sive
1014 2034 1331 2105 imaginatio
1352 2043 1405 2090 et
1431 2034 1763 2089 assimilatio
1795 2042 1899 2097 est,
1920 2047 2023 2086 non

441 2123 678 2178 obscure
716 2125 1259 2179 commen.oraturin
1299 2124 1530 2194 epistola
1574 2126 1640 2178 ad
1680 2124 2022 2195 Dionysium,

442 2216 532 2268 ubi
573 2231 729 2270 mens
767 2216 1014 2272 discendi
1063 2218 1255 2287 cupida
1291 2219 1359 2273 ad
1393 2234 1455 2273 ea
1508 2227 1717 2272 tantum
1752 2217 2025 2287 respicere

440 2305 662 2367 dicitur.
696 2324 817 2376 quae
846 2309 946 2377 ipsi
992 2311 1215 2379 cognita
1268 2319 1435 2378 sunt;
1488 2327 1611 2381 quae
1660 2310 2023 2380 cognoscendi

444 2399 586 2453 ratio
626 2399 869 2454 Platonis
913 2400 1121 2469 judicio
1156 2406 1369 2458 caeteris
1417 2404 1711 2473 plurimum
1749 2402 2020 2456 concedit.

436 2490 555 2545 Non
589 2508 721 2560 ergo
786 2492 878 2547 hic
937 2493 1070 2548 trias
1115 2496 1427 2563 quzerenda,
1467 2497 1561 2550 sed
1622 2503 1793 2549 tetras
1822 2493 2027 2563 Pytha-

437 2582 647 2652 gorica.
699 2599 820 2653 quae
875 2599 940 2638 ex
1007 2596 1243 2654 quatuor
1291 2587 1654 2657 cognoscendi
1714 2586 1889 2640 modis
1926 2600 2024 2639 ex-

435 2674 669 2742 plicatur
706 2674 847 2743 apttd
881 2675 1234 2732 Plutarchum
1270 2678 1363 2731 lib.
1396 2694 1413 2733 t
1444 2677 1522 2730 De
1543 2677 1754 2745 placitis
1782 2677 2018 2743 philoso—

435 2765 712 2833 phorum:
774 2766 837 2819 Ἡ
889 2768 1134 2841 ἡμετέρα
1188 2768 1356 2840 ψυχὴ,
1414 2769 1610 2839 φησὶν,
1657 2770 1721 2823 ὲκ
1764 2770 2020 2840 τετράδος

435 2856 749 2925 σύγκειται·
769 2856 907 2913 εἶναι
937 2861 1045 2932 γὰρ
1075 2860 1219 2926 νοῦν,
1252 2862 1584 2933 ἐπιστήμην,
1615 2860 1794 2928 δόξαν,
1826 2861 2015 2933 αἴσθη-

435 2973 539 3019 σιν,
557 2948 702 3023 ὲξῶν
729 2959 879 3011 πᾶσα
901 2956 1064 3028 τέχνη
1089 2958 1181 3010 καὶ
1204 2958 1397 3029 ἐπιστή
1407 2975 1503 3029 μη,
1518 2957 1613 3010 καὶ
1634 2958 1794 3028 ἡμεῖς
1810 2956 2018 3025 λογικοί

430 3049 618 3119 ἐσμεν.
651 3067 670 3096 ι
703 3050 898 3103 Anima
936 3057 1119 3104 nostra
1150 3053 1457 3103 continetur
1488 3050 1698 3103 tetrade
1723 3066 1737 3103 :
1766 3057 1850 3103 est
1873 3049 2015 3102 enim

403 3156 405 3159 '
434 3158 606 3205 mens,
629 3143 881 3206 scientia,
908 3142 1110 3211 opinio,
1140 3156 1354 3197 sensus.
1389 3141 1464 3195 Ex
1489 3142 1701 3211 quibus
1723 3157 1813 3195 ars
1830 3141 2015 3195 oumis

429 3242 486 3286 et
506 3232 733 3287 scientia
767 3249 831 3288 ac
862 3249 961 3288 nos
988 3234 1089 3303 ipsi
1130 3234 1357 3289 rationis
1390 3234 1681 3303 participes
1706 3246 1948 3285 sumus.»

503 3324 591 3377 VI.
642 3324 1154 3380 Prmtcrmittendus
1188 3342 1292 3380 non
1321 3336 1404 3381 est
1441 3326 1582 3380 alius
1612 3326 1763 3380 locus
1790 3339 1855 3378 ex
1889 3324 2013 3379 libr.

432 3428 483 3467 vt
516 3413 594 3468 De
618 3418 860 3485 rep.,qui
885 3419 1027 3486 apud
1056 3418 1348 3472 Eusebium
1380 3420 1583 3473 citatur
1609 3414 1793 3486 Priap.
1824 3434 2012 3486 evntig.

429 3507 522 3558 lib.
558 3523 618 3569 ll,
647 3524 768 3578 cap.
802 3509 892 3562 2|.
933 3510 1025 3564 Sic
1060 3510 1302 3579 loquitur
1334 3512 1626 3566 Socrates:
1660 3507 1790 3582 τΑρ’
1832 3505 1924 3563 οὖν
1951 3511 2012 3562 οὐ

427 3600 521 3652 καί
548 3601 576 3651 ὁ
606 3599 753 3669 ἥλιος
794 3599 917 3669 ὄψις
973 3600 1071 3671 μὲν
1117 3602 1216 3654 οὐκ
1271 3602 1416 3655 ἔστιν
1435 3642 1448 3665 ,
1478 3603 1648 3665 αἴτιος
1680 3602 1725 3655 δ’
1748 3602 1822 3653 ὢν
1846 3602 2015 3672 αὐτῆς

424 3690 615 3760 ὁρᾶται
662 3690 752 3743 ὑπ’
786 3692 954 3762 αὐτῆς
1000 3691 1237 3762 eadem;
1284 3691 1560 3766 οὖτως,ᾖ
1609 3694 1652 3746 δ’
1679 3694 1756 3755 ὅς.
1812 3694 2013 3746 Τοῦτον

423 3783 602 3835 τοίνυν
655 3779 741 3854 (ἦν
780 3784 836 3837 δὲ
870 3783 1002 3855 ἐγὼ)
1062 3784 1231 3853 φάναι
1292 3804 1357 3856 με
1390 3785 1569 3854 λέγειν
1600 3785 1692 3839 τὸν
1747 3785 1842 3838 τοῦ
1877 3786 2013 3854 ἀγα-

426 3870 521 3924 θοῦ
556 3872 793 3941 ἔκγονον,
826 3874 886 3926 ὃν
915 3875 1151 3943 τάγαθὸν
1183 3875 1472 3947 ἐγέννησεν
1521 3876 1781 3944 ἀνάλογον
1812 3876 2009 3946 ἐαυτῷ,

423 3957 453 4008 ὅ
479 3958 532 4009 τί
562 3975 665 4029 περ
692 3960 821 4012 αὐτὸ
853 3961 910 4012 ὲν
943 3962 1020 4032 τῷ
1048 3962 1221 4033 νοητῷ
1250 3964 1397 4035 τόπῳ
1429 3965 1565 4035 πρός
1591 3982 1650 4017 τε
1677 3966 1801 4018 νοῦν
1830 3965 2012 4019 καὶτὰ

421 4047 709 4119 νοούμενα,
741 4050 899 4103 τοῦτο
938 4052 1126 4107 τοῦτον
1171 4056 1229 4107 ὲν
1275 4054 1354 4125 τῷ
1391 4054 1575 4127 ὀρατῴ
1632 4058 1770 4127 πρός
1808 4075 1865 4109 τε
1890 4057 2011 4128 ὄψιν

423 4140 617 4194 καὶτὰ
644 4142 914 4214 ὁρώμενα.
953 4163 969 4196 ι
1004 4144 1195 4199 Nonne
1220 4148 1382 4217 igitur
1421 4149 1501 4203 sol
1556 4149 1673 4218 ipse
1705 4150 1854 4205 visus
1899 4166 2007 4205 non

422 4244 530 4298 cst,
572 4246 625 4289 et
654 4253 774 4291 cum
808 4255 969 4294 causa
999 4240 1070 4294 sit
1114 4240 1286 4306 visus,
1318 4243 1387 4295 ab
1428 4243 1546 4313 ipso
1592 4243 1686 4299 illo
1725 4246 2012 4300 cernitur?

422 4323 676 4391 Omnino,
708 4329 890 4399 inquit
932 4331 1049 4389 ille.
1085 4332 1177 4387 Sic
1230 4332 1420 4402 igitur,
1472 4334 1695 4405 inquam
1724 4376 1739 4401 ,
1789 4337 1857 4391 de
1914 4336 2010 4391 illo

420 4415 552 4471 boni
585 4417 719 4487 fetu,
761 4438 924 4493 quem
967 4424 1069 4479 sibi
1116 4425 1349 4480 similem
1401 4425 1454 4481 id
1485 4428 1631 4497 quod
1679 4429 1879 4483 bonum
1921 4438 2008 4484 est

2136 536 2350 615 dentur,
2386 551 2612 606 minime
2634 545 2887 615 intelligi,
2922 542 3075 597 ideas
3101 538 3326 608 inteliigi
3349 536 3587 609 quidem,
3612 536 3694 591 sed

2138 648 2360 702 minime
2387 644 2597 699 videri:
2638 656 2705 697 ac
2754 638 2996 695 omnium
3034 635 3251 704 quidem
3283 647 3536 688 sensuum
3570 645 3696 698 prte-

2142 737 2542 795 stautissimum
2588 748 2707 789 esse
2736 732 2936 795 visum,
2975 738 3029 785 et
3069 725 3521 797 quemadmodum
3551 737 3695 775 nemo

2133 833 2321 886 videre
2351 837 2559 898 potest,
2597 826 2702 882 nisi
2736 824 2992 894 all‘ulgeat
3023 821 3111 877 illa
3137 820 3250 883 lux,
3283 831 3445 887 quam
3473 814 3617 869 solus
3635 830 3694 868 ex

2135 923 2238 978 diis
2269 921 2586 977 coelestibus
2625 916 2706 973 sol
2738 914 2923 981 cilicii,
2972 913 3043 968 ita
3079 912 3244 967 etiam
3292 908 3426 964 nihil
3480 905 3692 974 intelligi

2134 1031 2297 1086 posse
2327 1014 2445 1069 sine
2478 1012 2571 1066 illo
2605 1010 2696 1064 Dei
2724 1009 2871 1074 fetu;
2904 1006 3028 1075 quia
3060 1004 3202 1058 Deus
3235 1001 3374 1057 idem
3413 998 3696 1069 przrstatin

2136 1108 2298 1162 rebus
2324 1121 2445 1176 qua?
2469 1103 2865 1172 intelliguntur,
2892 1113 2957 1152 ac
2989 1096 3069 1152 sol
3100 1098 3152 1151 in
3184 1095 3252 1151 iis
3283 1109 3402 1163 quae
3432 1091 3693 1147 videntur.

2136 1200 2382 1268 [togatus
2417 1209 2474 1252 ut
2506 1211 2620 1251 rem
2654 1194 2861 1249 clarius
2888 1190 3163 1260 explanet,
3212 1188 3383 1242 lueret
3425 1184 3478 1237 in
3518 1183 3697 1237 eodem

2133 1291 2407 1361 exemplo,
2457 1299 2511 1345 et
2556 1285 3013 1359 quemadmodum
3043 1281 3189 1338 oculi
3218 1280 3536 1339 crecutiunt,
3582 1291 3696 1330 cum

2132 1383 2199 1437 ad
2226 1398 2289 1438 ea
2320 1389 2624 1444 vertuntur,
2658 1394 2778 1448 quae
2812 1377 2997 1432 noctis
3042 1373 3286 1429 tenebris
3322 1379 3508 1439 operta
3558 1375 3695 1429 sunt,

2132 1492 2291 1532 secus
2337 1490 2466 1529 vero
2518 1490 2641 1529 cum
2692 1473 2759 1528 ad
2798 1487 2860 1527 ea
2911 1484 3034 1540 qua:
3083 1472 3164 1521 sol
3194 1465 3462 1529 illustrat;
3520 1462 3592 1516 ita
3638 1460 3699 1513 de

2131 1571 2315 1625 animo
2338 1568 2690 1639 iudicandum
2726 1564 2938 1621 statuit.
2975 1581 2993 1614 ε
3037 1560 3264 1628 Quando
3292 1559 3460 1619 enim,
3507 1553 3696 1624 inquit,

2132 1677 2198 1717 eo
2226 1660 2418 1725 fertur,
2453 1659 2541 1713 ubi
2573 1657 2777 1713 veritas
2804 1668 2860 1713 et
2885 1657 3061 1727 ipsum
3099 1668 3199 1709 ens
3243 1651 3464 1716 extricat,
3504 1646 3700 1702 intelli-

2132 1753 2210 1823 git
2237 1752 2389 1816 illud,
2420 1750 2812 1820 cognoscitque
2847 1758 2901 1802 et
2938 1754 3175 1801 mentem
3224 1742 3427 1799 habere
3466 1738 3695 1793 videtur.

2059 1816 2101 1871 Β
2131 1816 2365 1913 ῥηθηᾱο
2394 1816 2577 1898 autem
2611 1842 2679 1897 ad
2714 1816 2767 1896 id
2799 1840 2943 1911 quod
2978 1836 3220 1895 tenebris
3256 1833 3577 1905 permistum
3604 1840 3699 1890 est.

2129 1937 2383 2007 quodque
2408 1936 2652 1991 nascitur
2681 1943 2734 1989 et
2764 1934 2938 2004 perit;
2972 1931 3225 2000 opinatur
3247 1936 3301 1982 et
3322 1929 3556 1987 czecutit,
3590 1938 3702 1977 sur-

2128 2043 2247 2083 sum
2279 2028 2531 2083 deorsum
2564 2026 2850 2095 opiniones
2898 2024 3216 2085 immutans,
3269 2034 3334 2073 ac
3368 2016 3569 2072 mentis
3610 2029 3701 2069 ex-

2128 2120 2269 2190 perti
2303 2119 2503 2175 similis
2531 2129 2638 2172 est.
2669 2115 2822 2182 Quod
2855 2114 3022 2185 igitur
3044 2123 3096 2166 et
3123 2113 3406 2167 veritatem
3432 2106 3594 2162 rebus
3613 2119 3701 2159 eo-

2128 2206 2458 2281 g‘nosceudis
2488 2219 2542 2264 et
2591 2208 2852 2263 virtutem
2902 2213 3125 2275 praestat
3162 2199 3531 2273 cognoscenti,
3584 2194 3699 2251 boui

2127 2303 2305 2357 ideam
2336 2316 2459 2357 csse
2487 2301 2679 2365 dicito,
2713 2296 2959 2355 scientia:
2984 2304 3040 2351 et
3071 2294 3340 2359 veritatis,
3380 2306 3500 2363 qua:
3534 2298 3702 2344 mente

2123 2395 2496 2464 cognoscitur,
2529 2407 2770 2447 causam.
2802 2409 2822 2442 ι

2194 2484 2346 2542 Nihil
2378 2487 2522 2541 aliud
2552 2502 2682 2558 ergo
2712 2496 2796 2541 est
2825 2485 2915 2540 ille
2958 2484 3050 2540 Dei
3082 2482 3246 2547 fetus,
3284 2496 3446 2551 quam
3478 2478 3701 2533 scientia

2124 2591 2179 2636 et
2206 2582 2431 2645 veritas,
2459 2595 2582 2650 qua:
2612 2588 2672 2633 ut
2700 2579 2791 2632 lux
2824 2593 2854 2631 a
2885 2577 3023 2639 sole,
3069 2580 3143 2629 ita
3177 2592 3205 2628 a
3244 2576 3354 2629 Deo
3391 2573 3697 2643 gignuntur.

2124 2673 2390 2728 Eumdem
2419 2673 2562 2726 enim
2594 2673 2842 2727 ordinem
2876 2672 3029 2739 ponit
3052 2670 3193 2724 inter
3222 2668 3421 2722 bonum
3461 2674 3517 2719 et
3541 2662 3702 2732 ipsius

2124 2771 2363 2835 partum,
2398 2763 2688 2818 veritatem
2725 2770 2780 2816 et
2829 2762 3145 2825 scientiam,
3184 2774 3246 2812 ac
3283 2759 3426 2812 inter
3456 2753 3626 2810 solem
3652 2761 3701 2804 et

2135 2857 2352 2920 lucem;
2385 2864 2439 2912 et
2468 2856 2914 2925 quemadmodum
2937 2855 3032 2909 lux
3063 2865 3109 2908 et
3148 2855 3293 2908 visus
3333 2858 3459 2905 sunt
3497 2848 3701 2918 quidem

2120 2946 2376 3017 ἡλιοειδῆ,
2404 2947 2454 3000 id
2484 2956 2569 3002 est
2598 2947 2835 3015 speciem
2872 2947 3076 3000 habent
3102 2948 3169 2998 ad
3201 2944 3336 2999 solis
3363 2940 3701 3011 splendorem

2120 3038 2611 3102 accommodatum,
2638 3050 2912 3091 nectamen
2935 3048 3053 3089 sunt
3085 3036 3193 3105 ipse
3205 3035 3319 3095 sol;
3349 3036 3423 3087 ita
3444 3032 3702 3087 veritatem

2117 3142 2165 3185 et
2190 3131 2462 3184 scientiam
2490 3146 2601 3183 esse
2629 3130 2842 3199 quidem
2871 3126 3161 3197 ἀγαθοειδῆ
3182 3167 3196 3191 ,
3233 3126 3285 3180 id
3313 3135 3397 3179 cst
3425 3124 3553 3179 boni
3591 3136 3701 3191 spe-

2118 3225 2257 3279 ciem
2289 3223 2491 3277 habere
2529 3222 2793 3285 declarat,
2839 3222 2930 3275 sed
2961 3229 3135 3274 tamen
3165 3219 3338 3285 ipsum
3381 3218 3573 3270 bonum
3605 3228 3703 3268 non

2117 3331 2250 3369 esse.
2287 3314 2455 3369 Addit
2484 3312 2942 3383 quemadmodum
2971 3310 3049 3366 sol
3075 3313 3143 3365 iis
3163 3327 3280 3379 qua:
3302 3310 3569 3371 videntur,
3604 3322 3700 3358 non

2116 3409 2171 3461 id
2207 3408 2381 3461 solum
2412 3416 2629 3478 prwstat
2676 3416 2733 3460 ut
2774 3406 3074 3467 vidcantur,
3118 3404 3209 3457 sed
3250 3402 3409 3457 etiam
3450 3418 3513 3457 ea
3553 3417 3700 3472 gene-

2117 3515 2256 3566 rare,
2289 3516 2500 3569 augere,
2538 3499 2761 3560 nutrire,
2802 3496 3042 3567 quamvis
3086 3496 3202 3562 ipse
3232 3510 3338 3547 non
3376 3494 3444 3547 sit
3485 3508 3700 3562 genera-

2117 3591 2229 3655 tio;
2291 3591 2363 3643 ita
2402 3593 2595 3643 bonum
2640 3591 2711 3643 iis
2750 3606 2868 3658 qua:
2910 3596 3329 3657 cognoscuntur,
3378 3602 3481 3639 non
3532 3584 3700 3638 solum

2116 3684 2306 3754 largiri
2337 3694 2391 3736 ut
2428 3685 2673 3754 cognosci
2714 3686 2953 3751 possint,
2993 3683 3086 3737 sed
3119 3682 3277 3735 etiam
3316 3681 3483 3750 ipsam
3524 3694 3696 3731 essen-

2114 3777 2241 3828 tiam
2272 3777 2492 3841 donare,
2516 3776 2757 3846 quamvis
2786 3775 2960 3840 ipsum
2986 3774 3197 3827 minime
3231 3774 3298 3826 sit
3325 3773 3580 3836 essentia,
3612 3769 3697 3823 scd

2113 3883 2273 3936 supra
2305 3868 2609 3931 essentiam,
2633 3867 2893 3936 dignitate
2919 3876 2965 3919 et
2988 3865 3220 3933 potentia
3253 3878 3603 3932 exsuperans.

2190 3960 2298 4016 VII.
2328 3960 2411 4014 Ad
2446 3960 2589 4013 hanc
2620 3958 2863 4012 Platonis
2887 3956 3285 4024 interpretandi
3319 3956 3589 4009 rationem
3618 3969 3698 4007 ac-

2113 4054 2258 4109 cedit
2303 4052 2605 4106 auctoritas
2645 4061 2890 4103 veterum
2938 4047 3288 4117 scriptorum,
3336 4048 3428 4117 qui
3481 4048 3537 4101 in
3584 4046 3697 4114 ejus

2114 4146 2269 4201 libris
2320 4146 2557 4198 maxime
2596 4141 2803 4196 versati
2836 4140 3010 4195 l‘uere.
3064 4138 3279 4194 Nullam
3325 4141 3471 4194 enim
3499 4141 3569 4194 de
3599 4141 3697 4192 hoc

2116 4238 2207 4292 Dei
2234 4236 2370 4291 Filio
2398 4236 2636 4290 litteram
2672 4235 2915 4288 invenias
2947 4248 3123 4303 neque
3161 4233 3305 4301 apud
3337 4232 3683 4293 Ciceronem,

2114 4347 2291 4403 neque
2340 4333 2482 4401 apud
2514 4332 2896 4395 Plutarchum,
2948 4331 3040 4399 qui
3093 4329 3338 4383 Platonis
3388 4329 3692 4382 doctrinam

2113 4425 2369 4480 omnibus
2419 4423 2667 4492 vestigiis
2716 4423 3084 4490 indagarunt,
3140 4436 3319 4492 neque
3367 4420 3507 4489 apud
3563 4421 3696 4473 alios

419 4511 628 4575 genuit,
654 4529 829 4567 meam
850 4516 1039 4584 accipe
1063 4518 1387 4572 sententiam
1424 4537 1438 4572 τ
1465 4519 1627 4588 quale
1653 4519 1783 4575 illud
1809 4522 2004 4576 estbo—
2037 4528 2082 4581 ι)
2111 4518 2434 4585 scriptores,
2466 4516 2556 4585 qui
2581 4514 2647 4569 de
2672 4515 3122 4584 philosophorum
3156 4513 3439 4569 sententiis
3479 4523 3693 4580 ρει-ηει-

420 4616 546 4653 num
586 4602 639 4654 in
670 4603 789 4657 loco
820 4607 1144 4675 intelligibili
1169 4624 1290 4662 cum
1330 4618 1510 4663 mente
1533 4626 1597 4664 ac
1619 4612 1777 4667 rebus
1819 4624 2002 4668 mente

418 4697 686 4764 perceptis
710 4698 1101 4767 comparatum,
1120 4702 1281 4755 talem
1303 4718 1424 4757 esse
1445 4703 1615 4757 solem
1635 4705 1687 4758 in
1713 4705 1937 4769 visibili,
1957 4705 2003 4760 si

418 4802 538 4857 cum
556 4787 669 4841 visu
691 4800 746 4843 et
775 4793 938 4845 rebus
966 4793 1064 4846 sub
1093 4794 1266 4846 visum
1297 4794 1613 4849 cadentibus
1634 4795 1998 4853 conferatur.»

495 4875 677 4932 Prima
713 4882 894 4949 specie
922 4883 1134 4936 videtur
1161 4883 1311 4937 Plato
1340 4883 1505 4937 [ilium
1534 4885 1645 4940 Deo
1680 4888 2001 4955 attribuere,

418 4980 579 5033 quem
615 4968 757 5025 Deus
798 4972 900 5026 sibi
937 4972 1169 5027 similem
1203 4976 1486 5044 genuerit:
1521 4978 1615 5032 sed
1665 4980 1710 5032 si
1756 4981 2003 5034 attenda-

418 5067 536 5105 mus
583 5070 702 5123 qua:
751 5068 1079 5138 sequuntur,
1132 5076 1360 5131 quasque
1409 5066 1739 5129 pra2cedunt,
1794 5082 1900 5121 non
1934 5066 2004 5122 de

416 5142 555 5201 Filio
588 5148 700 5211 Dei,
735 5151 828 5203 sed
859 5152 924 5206 de
956 5154 1186 5208 scientia
1233 5164 1289 5210 et
1337 5158 1593 5225 veritate,
1642 5175 1804 5229 quam
1859 5159 2004 5216 Deus

415 5233 469 5290 in
501 5239 658 5294 nobis
694 5241 888 5311 gignit,
923 5242 1205 5300 Platonem
1241 5247 1389 5317 loqui
1423 5251 1719 5307 constabit.

486 5327 751 5392 Quidnam
782 5336 853 5388 sit
884 5336 1082 5390 bonum
1108 5340 1238 5409 (quo
1269 5345 1485 5397 nomine
1516 5343 1686 5397 Deum
1721 5343 1997 5414 designari

418 5430 579 5472 nemo
609 5426 911 5496 negaverit)
937 5428 1215 5496 explicare
1267 5420 1373 5487 non
1412 5436 1580 5489 audet
1623 5434 1879 5491 Socrates
1922 5435 2001 5491 rei

415 5507 729 5567 difﬁcultate
760 5516 1084 5587 deterritus;
1123 5524 1217 5577 sed
1264 5533 1442 5580 tamen
1477 5526 1595 5593 eius
1623 5527 1835 5592 τόκους,
1885 5528 2001 5583 sive

415 5610 604 5665 partus
628 5618 898 5673 exponere
922 5615 1261 5681 aggreditur,
1286 5635 1303 5668 ι
1326 5620 1518 5687 etquis
1551 5618 1625 5674 sit
1650 5619 1796 5674 illius
1829 5621 1996 5687 fetus,

411 5690 623 5760 ipsique
647 5698 970 5767 simillimus,
985 5724 1004 5755 ι
1024 5705 1081 5768 ὃς
1095 5704 1149 5758 δὲ
1170 5706 1389 5776 ἔκγονος
1412 5710 1504 5763 τοῦ
1527 5712 1732 5780 ἀγαθοῦ
1750 5713 1998 5780 φαίνεται

420 5780 509 5834 καὶ
548 5785 861 5857 ὁμοιότατος
894 5795 1102 5868 ἐκείνῳ.
1155 5798 1221 5857 Ut
1264 5804 1408 5861 hunc
1440 5805 1593 5861 τόκον
1635 5805 1724 5860 καὶ
1754 5805 1993 5877 ἔκγονον,

2108 4618 2281 4664 ctant.
2313 4607 2484 4663 Nemo
2513 4609 2743 4662 ontniuo
2770 4617 3235 4662 commemoratur
3263 4622 3329 4661 ex
3358 4605 3694 4674 philosophis

2106 4700 2359 4764 ethnicis,
2386 4701 2477 4769 qui
2507 4705 2648 4753 hanc
2672 4701 2738 4755 de
2759 4701 2934 4755 Verbo
2954 4701 3048 4756 Dei
3072 4700 3209 4754 Filio
3227 4698 3553 4753 sententiam
3570 4707 3695 4750 ante

2110 4804 2334 4848 exortos
2364 4793 2701 4848 recentiores
2738 4793 3054 4847 Platonicos
3098 4800 3195 4845 aut
3238 4800 3458 4846 secutus
3502 4789 3578 4844 sit
3604 4797 3695 4842 aut

2108 4885 2534 4955 impugnaverit.
2562 4884 2756 4939 Cicero
2786 4885 2840 4938 in
2872 4883 3001 4937 libr.
3027 4898 3063 4937 tt
3087 4882 3280 4952 Deleg.
3306 4896 3489 4935 veram
3516 4879 3693 4949 legem

2108 4977 2392 5032 existimat
2439 4986 2659 5029 mentem
2700 4993 2811 5031 esse
2845 4977 3021 5030 omnia
3065 4975 3271 5028 ratione
3321 4983 3411 5027 aut
3457 4972 3691 5041 cogentis

2107 5080 2200 5123 aut
2234 5070 2458 5123 velantia
2489 5068 2612 5126 Dei.
2646 5069 2812 5122 Paulo
2842 5076 2963 5138 post
2990 5066 3057 5121 de
3086 5066 3274 5120 eadem
3310 5065 3460 5135 lege:
3502 5081 3523 5116 ι
3572 5062 3688 5117 Non

2106 5170 2219 5215 tum
2251 5160 2484 5229 denique
2519 5160 2709 5229 incipit
2745 5158 2831 5215 lex
2864 5174 2986 5214 esse
3015 5199 3030 5223 ,
3068 5160 3266 5228 inquit,
3314 5173 3438 5213 cum
3481 5159 3690 5229 scripta

2105 5261 2210 5315 est,
2244 5250 2340 5305 sed
2374 5260 2486 5304 tum
2516 5266 2639 5304 cum
2672 5259 2790 5304 orta
2824 5258 2929 5303 est.
2979 5250 3109 5303 Orta
3163 5258 3344 5302 autem
3399 5248 3563 5301 simul
3606 5258 3690 5301 est

2104 5358 2229 5396 cum
2278 5350 2460 5396 mente
2507 5342 2709 5397 divina.
2775 5341 3141 5408 Quamobrem
3197 5339 3283 5393 lex
3343 5354 3469 5393 vera
3521 5350 3687 5407 atque

2100 5435 2517 5502 princeps,apta
2548 5430 2921 5501 adjubendum
2941 5441 2991 5485 et
3009 5432 3074 5485 ad
3093 5431 3407 5495 velandum,
3435 5431 3577 5486 ratio
3604 5440 3687 5485 est

2103 5535 2252 5579 recta
2278 5524 2473 5580 summi
2497 5522 2669 5577 Jovis.
2702 5542 2719 5573 ι
2754 5521 3270 5588 VidesCiceronem,
3300 5533 3410 5576 tum
3438 5537 3562 5575 cum
3580 5520 3682 5576 sibi

2102 5618 2382 5673 Platonem
2443 5618 2511 5670 ad
2574 5615 2898 5669 innitendum
2958 5619 3232 5685 proponit,
3299 5630 3367 5669 ne
3415 5616 3680 5686 suspicari

2100 5715 2318 5783 quidem
2340 5713 2495 5781 λόγον
2517 5716 2629 5767 sive
2658 5714 2925 5766 rationem
2948 5727 3068 5766 esse
3094 5710 3288 5766 Filium
3315 5711 3431 5765 Dei.
3469 5709 3683 5763 Plutar-

2102 5808 2235 5863 chus
2270 5808 2320 5863 in
2352 5808 2489 5863 libro
2516 5804 2588 5859 De
2618 5806 2825 5875 placitis
2850 5805 3279 5877 philosoyhorum
3305 5806 3405 5860 tria
3437 5803 3680 5860 Platonis
