3792 6496
100 384 153 439 33

1045 373 1107 424 ι).
1146 373 1413 425 MAKANI
1447 372 1838 427 PMBA'I‘IU.
1863 400 1932 411 -—
1971 371 2149 426 PARS
2187 371 2252 426 ll.

3229 385 3302 443 34

100 495 323 569 principia
374 499 646 558 recenset,
701 490 869 546 Deum
895 529 912 556 ,
968 493 1253 547 materiam
1300 503 1355 548 et
1407 493 1605 548 ideam.
1634 497 1682 553 Α
1714 510 1733 544 ‹
1769 492 2034 547 rationem
2068 492 2324 549 omnibus
2359 493 2715 565 imperantem
2752 514 2774 550 ι
2814 513 2843 552 a
2871 498 2983 556 Deo
3007 509 3061 555 et
3090 504 3300 572 cogita-

99 592 239 645 ldearn
279 597 446 643 autem
475 585 599 639 nihil
633 582 778 637 aliud
827 598 946 637 esse
996 590 1169 653 putat,
1221 598 1382 653 quam
1431 599 1618 639 essen-

98 687 202 738 tiam
243 682 593 750 incorpoream
646 679 706 731 ὲν
746 676 981 748 νοήμασι
1014 676 1107 730 καὶ
1152 676 1476 747 φαντασίαις
1522 675 1613 732 Dei

94 778 429 839 exsistentem;
482 769 537 824 in
581 783 688 839 quo
712 766 869 821 valde
896 785 925 822 a
961 768 1173 823 Clerico
1194 776 1249 823 et
1278 770 1398 824 aliis
1425 770 1615 838 hujus-

96 869 214 923 modi
239 868 509 934 discrepat,
541 865 633 935 qui
671 863 847 919 ideam
877 862 1019 931 apud
1052 862 1333 917 Platonem
1364 863 1615 918 substan-

98 960 199 1014 tiam
218 973 327 1015 esse
351 956 533 1011 volunt
561 971 592 1009 a
623 955 733 1009 Deo
759 963 1069 1022 separatam
1100 961 1155 1008 et
1189 952 1557 1009 dissociatam.

148 1052 306 1105 Celsus
331 1049 465 1119 apud
489 1046 777 1118 Origenem
802 1046 974 1102 Deum
1000 1046 1171 1115 ipsum
1189 1048 1470 1120 rationem
1493 1061 1615 1104 esse

94 1141 285 1195 omnium
312 1153 487 1193 rerum
521 1137 857 1209 pronuntiat,
911 1146 969 1190 ut
1017 1145 1163 1206 patet
1208 1152 1275 1190 ex
1317 1136 1405 1211 his
1433 1137 1612 1192 verbis

94 1249 183 1300 qum
215 1231 273 1286 ab
295 1228 518 1299 Origene
549 1230 863 1284 referuntur
892 1228 984 1282 lib.
1024 1244 1075 1291 v,
1106 1243 1227 1298 pag.
1258 1226 1395 1282 230:
1416 1228 1604 1301 Σὰρκα

92 1324 139 1394 δὴ
161 1324 332 1393 inscript
359 1314 429 1375 ὧν
472 1320 596 1373 οὐδὲ
633 1322 805 1373 εἰπεῖν
844 1319 1029 1382 καλὸν,
1075 1318 1289 1373 αἰώνιον
1331 1320 1608 1392 ἀποφῆναι

93 1415 357 1486 παραλόγως
402 1412 523 1465 οὔτε
561 1411 880 1483 βουλήσεται
902 1413 929 1464 6
953 1410 1104 1476 Θεὸς,
1141 1410 1264 1464 οὔτε
1298 1411 1605 1481 δυνήσεται.

91 1504 221 1568 Αὐτὸς
242 1505 337 1575 γάρ
376 1506 520 1556 ἐστιν
563 1504 593 1555 6
638 1502 853 1555 πάντων
892 1500 999 1555 τῶν
1030 1502 1201 1556 ὄντων
1227 1501 1411 1571 λόγος’
1457 1502 1608 1556 οὐδὲν

90 1596 158 1653 eis
179 1597 269 1662 οἷός
293 1615 345 1651 τε
370 1596 696 1669 παράλογον,
730 1594 848 1648 οὐδὲ
878 1594 1005 1667 παρ’
1033 1594 1221 1648 ἑαυτὸν
1244 1595 1602 1667 ἐργάσασθαι.

93 1710 107 1741 ι
131 1691 319 1744 Carnem
342 1704 464 1743 vero
494 1688 562 1741 iis
591 1687 829 1755 plenam,
853 1702 972 1757 quae
998 1702 1067 1742 ne
1087 1687 1358 1757 appellare
1385 1687 1603 1756 quidem

90 1782 225 1845 decet,
256 1791 499 1835 aaternam
532 1778 768 1832 reddere
802 1789 990 1833 contra
1020 1778 1287 1832 rationem
1316 1792 1415 1832 nec
1459 1780 1603 1831 volet

90 1872 213 1934 Deus,
236 1886 325 1925 nec
350 1873 570 1940 poterit.
626 1868 748 1939 Ipse
795 1869 940 1923 enim
979 1867 1221 1923 omnium
1252 1883 1435 1923 rerum
1465 1869 1602 1921 ratio
1635 1851 1676 1906 Β

89 1972 175 2015 est:
199 1960 311 2015 nihil
334 1976 457 2031 ergo
480 1970 675 2015 contra
707 1959 995 2022 rationem,
1022 1967 1115 2011 aut
1137 1966 1328 2012 contra
1360 1957 1602 2026 seipsum

92 2054 227 2107 facere
263 2052 465 2122 poterit.
500 2071 518 2103 ι
580 2051 907 2107 Christiana:
945 2050 1210 2104 doctrinm
1248 2046 1540 2102 discrimen
1568 2062 1602 2101 a

91 2142 194 2196 Celsi
233 2143 481 2197 sententia
527 2142 615 2196 sic
660 2141 883 2211 exponit
929 2137 1216 2210 Origenes,
1271 2153 1395 2208 pag.
1451 2136 1599 2191 256:

97 2234 217 2285 am:
247 2234 326 2287 καὶ
360 2236 387 2286 6
414 2232 524 2286 τῶν
557 2232 781 2287 πάντων
804 2231 957 2300 λόγος
981 2229 1119 2297 ἐστὶ,
1148 2228 1289 2283 κατὰ
1320 2227 1419 2299 μὲν
1456 2225 1599 2281 Κέλο

94 2343 176 2388 nov,
198 2326 331 2390 αὐτὸς
351 2327 377 2379 6
402 2327 565 2390 Θεός·
598 2325 737 2380 κατὰ
759 2325 815 2379 δὲ
834 2317 1001 2398 ἡμᾶς,
1023 2326 1052 2378 6
1075 2323 1201 2387 Υἱὸς
1228 2322 1412 2377 αὐτοῦ.
1445 2341 1463 2375 t
1496 2322 1604 2378 Sed

92 2418 276 2471 omnium
310 2418 523 2487 quidem
568 2419 715 2473 ratio
747 2427 851 2483 est,
881 2417 1181 2471 secundum
1218 2416 1456 2483 Celsum,
1488 2415 1603 2487 ipse

92 2503 229 2571 Deus;
254 2509 533 2563 secundum
568 2523 693 2572 nos,
724 2508 842 2577 ejus
872 2509 1062 2563 Filius.
1094 2526 1114 2561 ι

142 2597 253 2651 idem
280 2598 476 2666 Celsus,
523 2616 657 2655 cum
708 2614 852 2670 sape
881 2600 1220 2656 Christianos
1250 2600 1417 2654 multa
1456 2599 1603 2655 dicat

94 2701 139 2741 ex
159 2686 345 2743 Platone
371 2689 642 2755 hausisse,
682 2706 949 2761 nusquam
980 2704 1167 2745 eorum
1196 2692 1264 2757 de
1294 2689 1471 2745 Verbo
1508 2693 1603 2744 do-

93 2780 287 2845 ctrinam,
311 2796 467 2851 quam
503 2782 816 2837 sexcenties
840 2782 1100 2850 exagitat,
1143 2784 1285 2837 inter
1314 2781 1428 2836 haec
1454 2778 1601 2835 furta

93 2882 431 2926 commemorat.
463 2872 614 2940 Quin
651 2873 817 2928 etiam
850 2874 1066 2942 penitus
1096 2873 1381 2942 ignorabat
1414 2871 1599 2928 Plato-

94 2976 180 3014 nem
204 2963 258 3017 de
285 2963 413 3019 Filio
446 2965 541 3019 Dei
571 2965 814 3019 locutum
843 2978 983 3019 esse.
1026 2965 1118 3019 Ait
1161 2964 1305 3019 enim
1332 2962 1602 3019 Christia-

96 3068 165 3107 nos
190 3056 289 3110 aliis
313 3073 411 3111 non
453 3045 605 3113 belle
647 3056 1013 3125 contemptis,
1060 3056 1168 3111 alta
1218 3066 1274 3111 et
1323 3056 1472 3111 inani
1507 3070 1602 3127 spe

94 3148 248 3216 plenos,
264 3151 407 3220 quasi
425 3148 720 3219 magniﬁca
740 3152 985 3219 quaedam
1010 3148 1323 3216 didicerint,
1344 3150 1599 3203 nonnulla

96 3248 135 3290 ut
160 3253 258 3293 vera
282 3242 614 3310 praedicare;
656 3242 750 3296 sed
795 3241 909 3295 haec
938 3239 1217 3294 Platonem
1265 3240 1435 3296 multo
1473 3249 1602 3295 ante

93 3330 310 3397 docuisse;
355 3347 455 3387 nec
488 3342 677 3387 tamen
707 3346 833 3387 eum
866 3330 1241 3400 prodigialiter
1280 3330 1452 3400 loqui,
1501 3346 1601 3386 nec

94 3420 326 3479 volentibus
356 3426 719 3498 interrogare,
751 3426 881 3496 quid
913 3426 985 3480 sit
1005 3426 1108 3480 hoc
1132 3425 1275 3495 quod
1300 3426 1599 3496 promittat,

95 3514 299 3587 silentium
328 3519 591 3584 indicere,
615 3527 707 3572 aut
732 3518 945 3588 jubere,
977 3526 1035 3573 ut
1060 3532 1092 3572 e
1126 3518 1357 3591 vestigio
1378 3519 1603 3574 credant

97 3607 211 3659 talem
233 3624 333 3664 esse
364 3612 553 3676 Deum,
597 3611 869 3681 talemque
906 3610 955 3665 ei
976 3624 1098 3666 esse
1120 3609 1160 3664 F
1165 3608 1338 3677 ilium,
1369 3625 1603 3681 eumque

95 3696 168 3753 hnc
185 3701 421 3773 delapsum
444 3719 639 3759 secum
666 3718 786 3758 esse
806 3703 1153 3769 collocutum,
1181 3718 1302 3773 pag.
1337 3700 1476 3774 280..

142 3789 231 3845 Non
258 3794 523 3863 ignorabat
576 3794 772 3849 Celsus
828 3795 1085 3850 nonnulla
1132 3796 1274 3865 apud
1319 3794 1599 3849 Platonem

97 3882 166 3953 legi
199 3887 254 3941 de
274 3888 397 3944 Filio
436 3890 559 3956 Dei;
618 3888 713 3942 sed
765 3888 860 3943 lilii
912 3890 1132 3945 nomine
1172 3892 1428 3945 mundum
1459 3891 1604 3945 desi-

97 3980 205 4042 (nari
226 3984 493 4038 existimat.
521 3983 627 4038 Sic
650 3985 791 4039 enim
843 3984 1083 4053 loquitur
1128 3983 1269 4053 apud
1310 3981 1601 4055 Origenem

97 4070 162 4123 ιιι).
180 4089 220 4134 v,
245 4090 349 4143 pag.
378 4076 514 4131 303:
560 4076 794 4131 Ὀπόθεν
830 4077 886 4130 δὲ
916 4076 1009 4130 καὶ
1034 4074 1164 4128 αὐτὸ
1197 4073 1352 4128 τοῦτο
1372 4073 1602 4146 ἐπῆλθεν

99 4161 229 4226 αὐταῖς
265 4167 381 4221 Θεοῦ
416 4170 545 4224 Υἱὸν
580 4169 767 4224 καλεῖν
809 4170 1078 4241 σημαίνω.
1123 4171 1346 4242 Ἄνδρες
1384 4166 1602 4221 παλαιοὶ

98 4254 206 4307 τόνδε
225 4258 295 4311 τὸν
332 4261 551 4333 κόσμον,
601 4261 681 4325 ὡς
729 4263 794 4314 ἐκ
832 4259 966 4313 Θεοῦ
1006 4262 1311 4333 γενόμενον,
1346 4258 1510 4313 παῖδά
1542 4273 1601 4311 τε

100 4345 222 4398 αὐτοῦ
246 4352 317 4403 καὶ
348 4352 525 4423 ἠίθεον
552 4355 871 4425 προσεῖπον.
908 4354 1054 4408 Πάνυ
1082 4352 1212 4422 γοῦν
1247 4354 1429 4424 ὅμοιος
1451 4347 1601 4417 οὗτος

97 4436 288 4503 me»;
323 4448 461 4510 παῖς.
512 4464 533 4498 ι
578 4443 738 4501 Unde
763 4456 942 4500 autem
970 4455 1025 4500 et
1058 4445 1161 4501 hoc
1208 4446 1381 4515 ipsum
1425 4446 1507 4498 eis
1546 4444 1599 4498 in

1627 3192 1669 3251 C

1722 584 1867 637 tione
1908 585 2109 645 divina,
2153 585 2245 637 sed
2282 586 2574 641 manifeste
2620 590 2836 657 respicit
2870 594 2935 644 ad
2975 592 3150 647 locum
3179 595 3303 651 Pla-

1716 675 1862 730 tonis
1890 692 1956 730 ex
1993 675 2196 731 'l‘imaro
2226 692 2388 746 supra
2418 679 2660 743 allatum,
2710 683 2798 736 ubi
2844 684 3096 741 hortatur
3121 685 3296 753 Plato,

1715 776 1774 819 ttt
1817 768 2173 820 humanarum
2210 771 2478 823 rationum
2528 787 2689 825 unam
2736 776 2972 845 aliquam
3016 781 3300 848 apprehen-

1714 862 1892 915 dentes
1928 861 2074 931 eique
2116 860 2427 929 insidentes,
2470 865 2590 919 vita:
2628 868 2865 931 pericula
2905 880 3157 940 tanquam
3189 885 3300 927 rate

1711 954 2063 1023 enavigemus,
2098 953 2199 1007 nisi
2225 956 2345 1025 quis
2375 957 2538 1023 possit
2572 958 2805 1024 ﬁrmiore
2834 961 3010 1029 aliqua
3037 965 3295 1029 vehiculo,

1713 1046 1790 1100 vel
1818 1047 2000 1099 divina
2039 1047 2219 1117 aliqua
2257 1049 2463 1103 ratione
2493 1050 2817 1118 apprehensa
2860 1054 3024 1108 tutius
3061 1059 3291 1112 traduci.

1782 1135 2100 1191 Justinusin
2125 1136 2371 1204 Cohort,
2398 1141 2541 1208 quod
2563 1158 2698 1210 opus
2733 1142 2786 1195 in
2817 1146 3133 1212 primordiis
3162 1164 3297 1203 eon-

1711 1227 1985 1283 versionis
2036 1230 2278 1299 scripsit,
2328 1230 2613 1287 Platonem
2658 1234 2856 1303 earp‘it,
2910 1252 2964 1289 rt.
3020 1237 3090 1292 29
3114 1250 3168 1293 et
3198 1240 3291 1302 50,

1710 1321 1854 1390 quod
1889 1322 1974 1376 his
2002 1339 2123 1391 qua:
2152 1322 2322 1394 Moysi
2353 1326 2500 1378 dicta
2525 1336 2686 1381 sunt:
2727 1326 3027 1382 Secundum
3064 1330 3291 1399 formam

1708 1415 1804 1468 tibi
1844 1415 1899 1467 in
1939 1426 2113 1470 monte
2158 1428 2507 1471 monstratam
2534 1420 2609 1472 ita
2642 1420 2830 1488 facies,
2868 1422 3026 1477 lectis
3069 1424 3289 1492 quidem

1711 1509 1808 1560 sed
1848 1522 1954 1559 non
2000 1507 2314 1574 intellectis,
2356 1510 2584 1579 formam
2620 1514 2930 1578 quamdam,
2969 1516 3074 1569 sive
3116 1534 3292 1571 exem-

1706 1596 1825 1667 plar
1866 1614 2047 1652 eorum
2094 1617 2211 1669 qua:
2243 1603 2384 1671 facta
2421 1613 2542 1657 sunt
2586 1613 2706 1658 ante
2739 1605 2830 1672 id,
2871 1610 3012 1676 quod
3050 1612 3287 1663 sensibus

1705 1688 1994 1757 subjectum
2037 1702 2136 1757 est,
2184 1696 2469 1761 separatim
2508 1697 2754 1750 exsistere
2801 1698 3183 1764 existimaSset,
3232 1713 3287 1755 et

1705 1783 2175 1850 pmexsistentem
2218 1795 2444 1851 terram,
2486 1788 2867 1855 praecxsistens
2892 1790 3113 1857 cretum,
3149 1807 3291 1860 pra»

1705 1874 2062 1928 exsistentem
2094 1878 2367 1932 hominem
2389 1873 2718 1933 admisisset.
2751 1880 3014 1934 Eumdem
3054 1885 3286 1953 castigat

1705 1984 1759 2020 n.
1788 1966 1841 2034 "i,
1862 1968 2004 2036 quod
2026 1967 2258 2024 formam
2282 1972 2333 2025 in
2356 1971 2452 2024 Dei
2471 1970 2773 2026 nationibus
2803 1986 3101 2039 recenseat,
3122 1992 3287 2045 quam

1703 2058 1828 2113 alibi
1858 2061 2224 2115 substantiam
2251 2064 2543 2131 separatim
2570 2065 2921 2120 exsistentem
2948 2068 3282 2134 pronuntiat.

1773 2151 1847 2204 Ita
1886 2150 2151 2217 Justinus,
2188 2154 2323 2206 nihil
2360 2154 2646 2223 suspicans
2677 2154 2960 2210 Platooem
2992 2159 3057 2211 de
3092 2156 3273 2212 Verbo

1702 2243 1795 2297 Dei
1831 2243 1969 2299 Filio
2000 2253 2055 2299 et
2092 2244 2202 2299 Deo
2233 2245 2566 2315 degustasse,
2596 2247 2704 2300 imo
2737 2263 2803 2302 ne
2837 2249 2950 2317 ipse
2979 2250 3193 2319 quidem
3228 2248 3283 2302 in

1703 2335 1981 2392 Platonica
2031 2338 2275 2393 doctrina
2310 2340 2439 2409 (non
2476 2342 2622 2393 enim
2678 2342 2770 2395 ditt
2813 2357 2937 2395 cum
2980 2340 3281 2397 Platonicis

1701 2427 1916 2499 fuerat)
1982 2429 2209 2483 multum
2274 2441 2546 2486 versatus.
2604 2431 2736 2486 Nam
2791 2431 2946 2487 Plato
3001 2434 3285 2502 exemplar

1704 2520 1888 2574 mundi
1940 2525 1992 2575 in
2041 2520 2135 2575 Dei
2187 2521 2612 2592 cogitationibus
2672 2532 2994 2579 constanter
3041 2525 3277 2592 reponit.

1702 2611 1856 2679 Quod
1904 2613 1947 2669 si
1981 2613 2166 2669 multis
2212 2625 2334 2684 post
2380 2615 2540 2669 annis
2572 2616 2722 2671 visus
2764 2624 2847 2670 est
2893 2615 2994 2670 sibi
3034 2614 3284 2669 Justinus

1702 2705 2028 2760 Chrisziana:
2059 2706 2126 2760 de
2150 2700 2289 2761 Filio
2313 2716 2366 2760 et
2402 2706 2610 2776 Spiritu
2662 2717 2853 2763 sancto
2894 2707 3157 2762 doctrina:
3182 2708 3283 2761 ali-

1703 2809 1892 2864 quam,
1921 2808 2027 2849 non
2057 2795 2180 2849 dico
2210 2797 2596 2865 cognitionem,
2623 2798 2739 2863 sed,
2773 2808 2833 2852 ut
2865 2798 2979 2866 ipse
3029 2798 3127 2864 ait,
3154 2796 3280 2851 imi-

1705 2886 1965 2941 tationem
2005 2888 2148 2958 apud
2188 2885 2475 2941 Platonem
2524 2889 2784 2958 reperire,
2818 2888 2869 2943 id
2898 2903 3020 2943 cum
3065 2898 3119 2943 et
3153 2904 3279 2944 sero

1702 2983 2143 3038 animadversum
2183 2982 2278 3048 sit,
2312 2991 2367 3038 et
2392 2983 2609 3055 longius
2655 2993 2919 3048 tractum,
2956 2993 3280 3053 argumento

1703 3084 1787 3129 est
1818 3090 2098 3144 nunquam
2132 3077 2249 3131 haec
2296 3074 2570 3130 Justinum
2621 3074 3038 3130 observaturum
3083 3074 3277 3141 fuisse,

1704 3167 1807 3220 nisi
1836 3175 1887 3221 et
1915 3164 2229 3221 Christiana
2284 3166 2535 3221 doctrina
2572 3166 2811 3221 imbutus
2837 3176 2891 3221 et
2920 3167 3062 3222 illius
3091 3167 3277 3222 deferr—

1704 3255 1897 3310 denda:
1935 3256 2163 3325 cupidus
2193 3254 2407 3311 fuisset.
2442 3255 2752 3322 Quinetiam
2777 3274 2843 3312 ex
2883 3258 3095 3313 duobus
3120 3257 3278 3312 testi-

1704 3348 1925 3411 moniis,
1943 3363 2063 3419 qua:
2080 3348 2379 3415 citatApol.
2402 3349 2454 3413 l,
2479 3366 2531 3402 n.
2552 3350 2642 3413 60,
2675 3349 2904 3404 altermn
2938 3350 3098 3421 longe
3121 3350 3280 3405 aliter

1703 3440 1899 3510 legitur
1917 3441 2058 3512 apud
2077 3439 2381 3506 Platonem,
2404 3451 2464 3494 ut
2484 3441 2537 3494 in
2565 3450 2691 3496 nota
2714 3441 3023 3507 observavi,
3044 3442 3276 3496 alterum

1703 3549 1810 3588 non
1848 3543 2026 3603 potest
2067 3534 2132 3587 ad
2166 3533 2366 3587 Filium
2398 3532 2492 3585 Dei
2533 3533 2635 3586 nisi
2670 3548 2768 3603 per
2795 3535 2906 3587 vim
2941 3534 3274 3605 detorqueri.

1776 3623 1908 3680 Post
1947 3634 2027 3680 tot
2056 3626 2302 3683 Platonis
2355 3636 2409 3681 et
2442 3641 2653 3691 eorum,
2684 3625 2773 3693 qui
2804 3623 2949 3678 illius
2975 3624 3276 3677 doctrinam

1705 3718 1951 3786 apprime
2002 3715 2332 3783 calluerunt,
2361 3732 2425 3771 ac
2458 3716 2627 3786 ipsius
2674 3716 2838 3770 etiam
2884 3714 3079 3771 Justini
3124 3716 3280 3770 testi-

1705 3810 1910 3876 monia,
1945 3808 2132 3864 videor
2163 3809 2292 3863 mihi
2323 3823 2421 3878 pro
2466 3824 2587 3863 meo
2628 3807 2755 3877 jure
2792 3816 3036 3862 statuere
3083 3823 3272 3877 posse.

1705 3900 1941 3955 fabulam
1970 3899 2284 3954 Platonismi
2325 3915 2354 3954 a
2384 3898 2601 3955 Justino
2646 3901 2697 3954 in
2731 3898 3034 3953 Ecclesiam
3070 3899 3275 3953 inducti

1710 3990 1857 4045 inter
1882 4005 1944 4045 ea
1987 3998 2296 4045 commenta
2349 3988 2546 4044 referri
2584 3988 2805 4053 debere,
2838 4003 3069 4056 quorum
3096 3987 3278 4042 nullus

1704 4096 1951 4151 unquam
1996 4090 2189 4135 auctor
2219 4080 2540 4146 exstitisset,
2579 4090 2673 4135 aut
2714 4080 2905 4135 saltem
2933 4079 3111 4133 nullus
3143 4078 3277 4133 asti-

1702 4173 1940 4243 pulator,
1977 4173 2025 4227 si
2067 4173 2207 4229 alios
2232 4188 2354 4229 esse
2388 4183 2573 4244 posset
2598 4173 2818 4229 absurdi
2863 4173 3070 4227 erroris
3090 4170 3279 4226 deferr-

1701 4266 1861 4322 dendi
1890 4268 2101 4322 modus.

1771 4358 1893 4415 Jam
1923 4373 2053 4415 vero
2109 4360 2153 4415 si
2201 4360 2323 4428 quis
2367 4358 2589 4427 objiciat
2645 4367 2887 4412 veterum
2944 4356 3276 4424 scriptorum

1702 4448 1931 4520 judicia,
1972 4448 2272 4505 Clementis
2305 4449 2682 4514 Alexandrini,
2733 4446 3008 4517 Origenis,
3054 4442 3275 4499 Eusebii

102 4539 515 4603 iacntemrenerit,
544 4548 607 4593 ut
632 4536 1596 4608 FiliumDeiappellarent.indicabo.
1636 4528 1679 4583 Β
1708 4540 2064 4597 Caesariensis
2114 4548 2170 4594 et
2226 4539 2414 4611 Cyrilli
2470 4540 2872 4603 Alexandrini,
2931 4538 3021 4606 qui
3070 4535 3277 4591 Justini

100 4613 292 4680 llundom
331 4638 567 4695 veteres,
618 4637 809 4698 utpote
851 4644 917 4684 ex
958 4629 1071 4685 Deo
1117 4629 1382 4700 genitum,
1434 4629 1602 4699 ipsius

101 4706 243 4766 Filium
262 4728 310 4771 et
336 4718 440 4775 Deo
468 4721 712 4776 similem
744 4721 1038 4776 vocabant.
1075 4720 1221 4777 Bella
1254 4735 1384 4777 vero
1409 4720 1604 4778 simili-

104 4804 192 4858 tudo
213 4806 349 4876 hujus
381 4820 433 4866 et
463 4813 615 4867 illius
646 4811 770 4867 Filii
805 4812 922 4867 Dei.
954 4832 974 4866 ι
1120 4868 1123 4871 ,

151 4891 249 4948 illi.
270 4897 506 4957 Nondum
530 4917 670 4973 ergo
695 4902 804 4967 nati
836 4912 995 4959 erant
1022 4904 1105 4958 vel
1138 4902 1330 4959 saltem
1361 4903 1603 4959 nondum

101 4987 377 5061 Prodicrant,
435 4995 722 5050 scribente
759 4996 1024 5049 adversus
1051 4993 1391 5049 Christianos
1423 4992 1601 5058 Celso,

102 5078 187 5130 novi
210 5080 268 5135 illi
289 5082 570 5151 Platonici,
593 5086 688 5155 qui
715 5100 972 5155 supremo
997 5086 1107 5140 Deo
1131 5087 1265 5141 duas
1288 5086 1424 5141 alias
1447 5085 1604 5154 longe

102 5164 316 5229 interioris
345 5177 662 5231 substantia:
693 5191 955 5245 personas
995 5177 1383 5247 adjunxerunt,
1417 5178 1605 5247 eisque

103 5258 255 5329 aliquas
294 5268 345 5321 in
398 5270 586 5323 mundi
636 5271 913 5325 creatione
957 5278 1145 5340 partes
1188 5272 1602 5326 commiserunt.

103 5346 289 5413 lustinus
331 5359 464 5430 ipse,
499 5378 624 5417 cum
650 5364 717 5416 ad
752 5362 1068 5433 religionem
1102 5363 1471 5419 Christianam
1512 5378 1606 5418 ac-

104 5450 236 5513 cessit,
270 5455 496 5509 nondum
525 5458 827 5528 quidquam
855 5470 884 5509 a
914 5453 1147 5511 Platone
1187 5465 1282 5509 aut
1309 5454 1605 5510 Platonicis

104 5534 247 5595 dictum
278 5548 494 5617 sciebat,
533 5551 674 5619 quod
709 5565 832 5605 cum
866 5546 1171 5603 Christiana
1210 5550 1276 5603 de
1307 5547 1481 5602 Verbo
1509 5547 1608 5601 do-

104 5635 229 5688 ctrina
255 5642 563 5708 quadraret.
610 5641 744 5697 Nam
794 5659 823 5698 a
854 5658 1005 5709 sene,
1041 5642 1134 5709 qui
1160 5656 1283 5695 eum
1311 5640 1484 5710 prima
1519 5654 1607 5694 re-

105 5718 261 5787 ligionis
294 5733 555 5789 elementa
604 5735 810 5800 docuit,
858 5737 1246 5803 interrogatus,
1301 5732 1514 5802 Dialog.
1547 5749 1603 5787 η.

106 5811 152 5878 5,
185 5819 374 5880 minime
418 5824 706 5899 distinguit
746 5824 903 5894 λόγον
940 5822 1312 5897 ἡγεμονοῦντα
1358 5822 1597 5892 πάντων,

1708 4630 1958 4700 exemplo
1988 4630 2268 4685 Platonem
2319 4629 2644 4685 Christiana:
2683 4630 2751 4685 de
2798 4628 2979 4685 Verbo
3015 4627 3279 4682 doctrinas

1707 4730 1902 4778 testem
1937 4722 2176 4778 citarunt
2200 4737 2216 4787 ;
2243 4721 2378 4776 nihil
2418 4721 2471 4776 id
2520 4720 2651 4775 mihi
2687 4718 2906 4785 otiiciet,
2934 4734 3057 4774 cum
3088 4718 3159 4771 ab
3184 4732 3279 4771 eo-

1705 4829 1826 4879 rum
1862 4814 2187 4870 auctoritate
2219 4829 2337 4891 mea
2376 4828 2483 4868 non
2512 4813 2736 4867 multum
2774 4812 3020 4867 discedat
3048 4820 3278 4865 senten-

1706 4906 1803 4961 tia.
1841 4906 1977 4961 Nam
2022 4904 2301 4961 Platonica
2336 4904 2425 4960 illa
2475 4904 2601 4959 Filii
2635 4904 2729 4958 Dei
2764 4903 3080 4971 descriptio,
3112 4915 3275 4971 quem

1707 5001 2073 5070 unigenitum.
2105 4999 2272 5054 Deum
2309 4998 2571 5069 genitum,
2611 4996 2967 5067 intelligibilis
3019 4995 3114 5050 Dei
3144 4994 3279 5049 ima-

1709 5095 1913 5164 ginem,
1945 5093 2112 5147 Deum
2154 5092 2398 5155 beatum,
2433 5090 2599 5145 Deum
2627 5089 2729 5145 sibi
2783 5088 2885 5158 ipsi
2919 5085 3275 5142 sulﬁcientem

1707 5195 1764 5241 et
1809 5182 2291 5254 perfectissimum,
2334 5182 2574 5237 omnium
2612 5182 2874 5237 bonorum
2916 5192 3137 5233 causam
3186 5191 3280 5245 ap-

1706 5275 1893 5349 pellat,
1922 5276 1995 5328 ita
2024 5273 2377 5329 Hebraeorum
2405 5273 2471 5327 de
2496 5282 2700 5327 aeterno
2727 5272 2817 5327 Dei
2847 5270 2987 5325 Filio
3015 5267 3278 5323 doctrina

1705 5364 1982 5437 congruit,
2014 5372 2073 5419 ut
2124 5380 2246 5419 eam
2280 5362 2575 5419 verisimile
2606 5365 2701 5428 sit,
2738 5378 2846 5417 non
2881 5375 3040 5415 secus
3083 5374 3147 5412 ac
3187 5373 3274 5424 ea,

1706 5472 1827 5527 quae
1855 5471 2020 5526 supra
2048 5455 2115 5510 de
2146 5455 2255 5511 Deo
2293 5470 2429 5524 opus
2464 5471 2619 5511 suum
2663 5455 2963 5509 admirante
2994 5458 3048 5505 et
3070 5452 3136 5506 de
3160 5451 3279 5521 pla-

1707 5549 1853 5604 netis
1884 5549 1950 5604 ad
1972 5548 2382 5603 distinctionem
2417 5558 2720 5616 temporum
2753 5545 2914 5600 tactis
2946 5541 3127 5608 retuli,
3151 5543 3278 5598 inde

1707 5641 2008 5696 derivatam
2038 5650 2093 5695 et
2123 5640 2306 5708 inepta
2339 5654 2465 5694 cum
2491 5640 2696 5694 mundo
2715 5635 2974 5704 iunctura
3007 5635 3277 5705 deprava-

1710 5740 1815 5786 tam
1850 5730 2039 5786 fuisse.
2092 5729 2374 5785 Platonem
2420 5739 2583 5799 negat
2624 5729 2870 5786 Justinus
2919 5727 3276 5792 intellexisse,

1707 5836 1827 5894 qua:
1856 5837 1923 5880 ex
1954 5823 2128 5882 sacris
2159 5824 2403 5881 fontibus
2435 5823 2713 5880 hauserat.
