3796 6508
488 394 558 457 3'5
1380 400 1435 455 S.
1479 399 1815 457 JUS'I'INUS
1850 399 2329 456 PHILOSOPHUS
2363 398 2449 456 ET
2486 399 2797 454 MARTYR.
3708 398 3747 450 5

1106 538 1343 599 'CAPUT
1381 543 1441 598 ll.

492 653 571 709 De
598 655 837 709 materia:
863 657 1124 709 creatione
1141 657 1396 709 nonnulla
1424 658 1631 711 Justini
1649 670 1695 711 et
1717 658 2065 727 Athenagorae

1024 726 1142 779 loca
1173 728 1535 794 explicantur.

490 834 529 887 Ι.
560 836 738 885 Justini
766 841 820 897 et
844 836 1175 897 Athenagoras
1198 837 1478 885 testimonia
1519 850 1579 884 ex
1608 838 1718 885 aliis
1743 835 1861 886 locis
1900 838 2064 897 expli-

553 903 744 946 cantur.
764 895 827 945 Π.
855 896 958 944 Non
983 895 1091 945 sine
1115 898 1345 946 causa'de
1370 900 1589 945 materiae
1615 901 1864 947 creatione
1909 895 2066 945 inter-

552 960 669 1006 dum
691 961 861 1008 silent.
882 957 968 1007 ill.
990 958 1126 1009 Sacri
1152 965 1207 1009 et
1227 960 1553 1008 ecclesiastici
1575 963 1844 1022 scriptores
1885 961 2064 1008 eodem

555 1021 701 1068 modo
728 1021 899 1069 locuti.

563 1124 606 1178 1.
641 1124 699 1179 S.
728 1123 977 1179 Justinus
999 1132 1056 1180 et
1082 1124 1463 1194 Athenagoras
1495 1124 1766 1180 de‘mundi
1785 1125 2065 1180 creatione

497 1217 758 1272 nonnulla
797 1217 1082 1281 dixerunt,
1127 1231 1246 1285 quae
1275 1217 1377 1271 hoc
1419 1218 1539 1272 loco
1573 1219 1869 1288 explanare
1899 1232 2064 1272 cona-

494 1305 696 1370 bimur,
722 1320 789 1359 ne
829 1306 1132 1360 molestiam
1177 1307 1489 1376 legentibus
1524 1308 1816 1363 lacessant.
1852 1308 2063 1361 Initium

494 1396 688 1449 ducam
734 1395 799 1453 ab
840 1396 921 1450 his
942 1394 1141 1451 Justiui
1180 1398 1362 1450 verbis
1389 1412 1455 1450 ex
1490 1398 1641 1466 Apol.
1679 1399 1799 1462 i,n.
1832 1397 2067 1451 lO:Kat

495 1487 675 1541 πάντα
692 1487 789 1559 τὴν
834 1488 1028 1559 ἀρχὴν,
1063 1488 1263 1557 ἀγαθὸν
1290 1488 1439 1553 ὄντα,
1476 1490 1876 1561 δημιουργῆσαι
1905 1488 2064 1542 αὐτὸν

496 1580 555 1645 ἐξ
604 1577 853 1649 ἀμόρφου
903 1576 1033 1647 ὕλης
1085 1577 1151 1630 δι’
1176 1578 1495 1650 ἀνθρώπους
1521 1579 1897 1651 δεδιδάγμεϐα.
1957 1580 2068 1634 «Et

494 1688 621 1725 cum
675 1671 850 1724 bonus
891 1669 964 1723 sit
1015 1670 1196 1722 omnia
1243 1670 1390 1723 illum
1429 1672 1498 1724 ab
1540 1671 1696 1725 initio
1744 1685 1808 1725 ex
1845 1670 2064 1724 informi

498 1760 726 1815 materia
759 1769 982 1830 prepter
1017 1760 1267 1813 homines
1293 1761 1610 1815 condidisse
1634 1760 1857 1816 scimus.
1891 1779 1909 1811 ι
1943 1760 2068 1813 Plu-

496 1869 584 1908 res
616 1854 777 1908 torsit
816 1853 967 1917 illud,
999 1852 1060 1919 ἐξ
1087 1852 1337 1922 ἀμόρφου
1372 1851 1525 1923 ὕλης,
1562 1854 1706 1923 quod
1732 1852 1950 1922 quidem
1975 1853 2064 1906 alii
2097 1869 2139 1925 Β

497 1942 911 2011 expungendum
948 1942 1238 2006 duxerunt,
1269 1942 1357 1995 alii
1393 1943 1813 2008 emendandum,
1837 1942 1927 1997 alii
1971 1942 2066 1997 be-

496 2033 710 2103 nignius
751 2032 1244 2102 interpretandum.
1272 2032 1583 2099 Quinetiam
1628 2036 1845 2089 videtur
1890 2036 2064 2104 prima

494 2130 679 2194 specie
710 2120 956 2178 Justinus
996 2140 1119 2180 cum
1152 2124 1385 2180 Platone
1420 2127 1732 2182 consentire
1777 2128 1845 2183 de
1879 2130 2065 2185 mundi

494 2218 794 2281 creatione,
836 2218 1088 2286 quamvis
1142 2217 1233 2271 ille
1285 2218 1570 2272 materiam
1598 2233 1666 2272 ex
1713 2219 1886 2275 nihilo
1918 2236 2068 2275 crea-

501 2318 611 2364 tam
638 2310 802 2364 fuisse
850 2326 916 2365 ne
953 2309 1262 2380 suSpicatus
1304 2310 1523 2378 quidem
1554 2312 1648 2368 sit.
1677 2310 1768 2366 Sic
1810 2314 1952 2367 enim
1997 2313 2070 2367 lo-

494 2402 681 2470 quitur
728 2403 781 2455 in
830 2404 1015 2458 eadem
1063 2401 1216 2469 Apol.
1250 2402 1302 2465 1,
1332 2417 1386 2455 ιι.
1418 2400 1658 2455 59εἽνα
1694 2402 1753 2454 δὲ
1797 2403 1892 2456 καὶ
1918 2404 2069 2476 παρὰ

493 2491 601 2545 τῶν
636 2492 917 2565 ἡμετέρων
943 2492 1273 2545 διδασκάλων
1303 2491 1553 2562 (λέγομεν
1581 2492 1655 2563 δὴ
1671 2492 1765 2546 τοῦ
1786 2494 1943 2563 λόγου
1972 2495 2068 2548 τοῦ

494 2584 583 2639 διὰ
604 2586 710 2638 τῶν
743 2584 1055 2657 προφητῶν)
1088 2584 1318 2638 λαόόντα
1364 2586 1456 2640 τὸν
1485 2588 1745 2642 Πλάτωνα
1770 2589 1979 2662 μάθητε
2007 2591 2069 2645 τὸ

495 2677 691 2739 εἰπεῖν,
742 2675 871 2746 ὓλην
924 2676 1170 2747 ἄμορφον
1221 2672 1384 2729 οὖσαν
1432 2679 1734 2749 στρέψαντα
1778 2680 1869 2733 τὸν
1915 2680 2065 2745 Θεὸν,

495 2769 699 2839 κόσμον
729 2769 974 2840 ποιῆσαι,
1006 2771 1277 2826 ἀκούσατε
1308 2772 1415 2825 τῶν
1444 2772 1718 2837 αὑτολεξεὶ
1763 2773 2067 2845 εἰρημένων

494 2861 586 2915 διὰ
614 2862 855 2926 Μωσέως
879 2862 972 2916 τοῦ
1011 2865 1486 2937 προδεδηλωμένου
1514 2864 1730 2936 πρώτου
1762 2867 2065 2937 προφήτου,

496 2955 591 3008 καὶ⁵
637 2955 1005 3028 πρεσϐυτέρου
1049 2957 1158 3010 τῶν
1202 2959 1259 3011 ὲν
1296 2957 1521 3029 Ἕλλησι
1576 2958 1966 3028 συγγραφέων·
1999 2959 2065 3013 δι’

494 3041 557 3100 οὗ
592 3046 793 3117 μηνύον
816 3048 878 3100 τὸ
906 3050 1239 3120 προφητικὸν
1269 3050 1492 3121 Πνεῦμα
1512 3051 1629 3115 πῶς
1651 3053 1749 3123 τὴν
1778 3052 2067 3124 ἀρχὴνκκαὶ

496 3140 738 3193 ἐκτίνων
797 3140 1225 3214 ἐδημιούργησεν
1284 3144 1313 3196 ὁ
1359 3143 1490 3207 Θεὸς
1541 3143 1631 3197 τὸν
1685 3144 1907 3216 κόσμον,
1961 3146 2063 3218 ἔφη

496 3228 699 3293 οὕτως·
741 3230 836 3284 Ἐν
876 3230 1034 3300 ἀρχῇ
1077 3232 1368 3300 ἐποίησεν
1402 3237 1434 3287 ό
1465 3232 1609 3299 Θεὸς
1652 3234 1759 3287 τὸν
1810 3236 2068 3303 οὐρανὸν
2092 3226 2136 3285 C

498 3323 597 3376 καὶ
641 3322 756 3391 τὴν
790 3323 927 3393 γῆν.
972 3325 1029 3380 Ἠ
1080 3325 1148 3377 δὲ
1194 3325 1270 3395 γῆ
1307 3322 1387 3396 ἦν
1428 3327 1678 3395 ἀόρατος
1715 3327 1813 3382 καὶ
1851 3329 2067 3383 ἀκατασ-

496 3416 861 3484 σκεύαστος,
892 3419 984 3472 καὶ
1016 3419 1235 3484 σκότος
1262 3419 1461 3474 ἐπάνω
1495 3421 1604 3489 τῆς
1634 3422 1935 3477 ἀϐύσσουο
1968 3424 2066 3477 καὶ

497 3505 733 3576 πνεῦμα
765 3508 911 3563 Θεοῦ
940 3508 1259 3577 ἐπεφέρετο
1298 3508 1496 3564 ἐπάνω
1525 3511 1643 3566 τῶν
1680 3511 1933 3569 ὑδάτων.
1958 3513 2069 3567 Καὶ

495 3593 665 3651 εἶπεν
697 3601 729 3652 ό
758 3601 927 3667 Θεός·
951 3601 1267 3669 Γενηθήτω
1293 3601 1440 3672 φῶς,
1476 3602 1573 3657 καὶ
1601 3603 1835 3673 ἐγένετο
1860 3605 2065 3672 οὕτως.

501 3690 667 3743 Ὥστε
713 3691 855 3762 λόγῳ
904 3691 1040 3746 Θεοῦ
1073 3694 1142 3745 ὲκ
1173 3691 1280 3746 τῶν
1328 3695 1700 3765 ὑποκειμένων
1748 3694 1841 3749 καὶ
1869 3695 2070 3768 προδη-

497 3784 777 3839 λωθέντων
827 3785 915 3839 διὰ
962 3786 1226 3851 Μωσέως,
1255 3789 1578 3859 γεγενῆσθαι
1624 3789 1714 3843 τὸν
1758 3791 1935 3845 πάντα
1981 3793 2071 3845 κό-

500 3894 659 3948 σμον,
692 3880 784 3931 καὶ
812 3878 1059 3942 Πλάτων,
1093 3879 1187 3931 καὶ
1218 3879 1268 3931 οἱ
1296 3879 1467 3933 ταῦτα
1494 3880 1761 3950 λέγοντες,
1784 3883 1878 3935 καὶ
1912 3887 2071 3954 ἡμεῖς

498 3969 775 4041 ἐμάθομεν
808 3973 900 4025 καὶ
930 3972 1087 4042 ὑμεῖς
1132 3971 1418 4043 πεισθῆναι
1457 3973 1709 4028 δύνασθε.
1748 3993 1766 4027 ι
1802 3978 1979 4044 Atque
2011 3988 2069 4033 ut

499 4079 532 4118 a
576 4064 892 4119 doctoribus
917 4066 1148 4131 nostris,
1174 4066 1226 4119 id
1265 4074 1349 4120 est
1384 4080 1413 4120 a
1447 4066 1694 4122 doctrina
1721 4084 1819 4138 per
1837 4071 2072 4139 prophe-

501 4164 585 4211 tas
632 4157 869 4225 vnlgata,
903 4167 1188 4227 acceptum
1227 4171 1351 4211 esse
1392 4157 1730 4229 intelligatis,
1758 4162 1899 4229 quod
1932 4162 2072 4217 dixit

498 4246 674 4314 Plato,
721 4250 907 4316 Deum,
939 4266 1059 4305 cum
1102 4252 1387 4307 materiam
1442 4253 1727 4309 informem
1791 4255 2068 4320 vertisset,

499 4344 764 4395 tuumlum
812 4342 1046 4410 fecisse;
1080 4347 1265 4401 audite
1292 4347 1420 4417 quid
1453 4347 1675 4402 IOtidem
1709 4345 1890 4401 verbis
1918 4347 2071 4401 dixe-

499 4431 572 4485 rit
622 4431 855 4504 Moyses,
889 4438 1098 4506 primus
1140 4439 1527 4508 prophetarum
1588 4448 1644 4493 et
1705 4440 2068 4510 scriptoribus

2098 539 2139 594 Α
2169 521 2454 592 prodiisse,
2486 529 2547 575 ut
2580 537 2602 571 ι
2622 517 2989 574 materialium
3015 519 3277 585 omnium,
3305 534 3427 590 qtue
3456 518 3654 573 instar
3686 517 3749 569 in

2168 616 2356 671 formis
2380 627 2586 671 natura:
2610 622 2664 668 et
2691 614 2878 669 inertis
2904 622 3062 668 terrae
3088 614 3334 683 partibus
3367 610 3749 668 crassioribn

2167 707 2471 761 commistis
2495 722 2617 761 cum
2641 705 2957 768 levioribus,
2978 703 3252 773 iacebant,
3279 704 3400 759 idea
3424 709 3675 758 ctactus
3692 699 3750 753 fe

2168 805 2273 850 ret.
2296 813 2315 848 ι
2351 798 2519 852 Deum
2552 807 2605 851 et
2640 796 2925 851 materiam
2949 809 3073 849 cum
3106 794 3500 864 opiﬁceetluto
3526 806 3750 860 compa

2168 897 2271 951 rat,
2319 904 2371 942 ιι.
2421 888 2487 943 15
2519 905 2534 942 :
2570 887 2656 951 Ὠς
2696 886 2806 959 γὰρ
2832 887 2861 939 6
2884 886 3166 957 κεραμεὺς
3221 887 3314 939 καὶ
3344 886 3372 938 6
3402 884 3587 956 πηλὸς
3640 881 3750 952 (ἱί).⁴

2170 981 2267 1050 μὲν
2314 982 2343 1033 6
2380 980 2569 1051 πηλὸς,
2603 979 2852 1049 τεχνίτης
2881 979 2937 1032 δὲ
2986 980 3015 1032 6
3060 976 3375 1049 κεραμεύς),
3410 977 3507 1030 καὶ
3542 978 3575 1029 6
3628 974 3750 1026 Θεθλ

2165 1068 2515 1140 δημιουργὸς,
2561 1067 2917 1121 ὑπακούουσα
2968 1067 3024 1120 δὲ
3070 1066 3217 1138 αὐτῷ
3262 1068 3295 1137 ἡ
3339 1065 3438 1137 ὓλη
3472 1064 3627 1137 πρὸς
3668 1063 3747 1134 τὴ

2164 1162 2379 1233 τέχνην.
2444 1160 2958 1227 «Quemadmodum
3030 1160 3176 1214 enim
3225 1159 3419 1231 ﬁgulus
3465 1171 3522 1213 et
3578 1158 3750 1211 iutun

2168 1253 2413 1319 (materia
2460 1252 2678 1322 quidem
2708 1252 2906 1317 lutum,
2934 1252 3133 1307 artifex
3161 1261 3344 1306 autem
3382 1251 3653 1322 ﬁgulus),
3699 1250 3749 1302 it;

2171 1344 2312 1399 Deus
2345 1344 2551 1415 opifex,
2585 1352 2779 1412 etquae
2809 1345 2926 1414 eius
2958 1346 3059 1399 arti
3092 1345 3409 1414 obsequitur
3440 1343 3723 1396 materia.

2170 1436 2231 1489 Et
2271 1453 2324 1489 ιι.
2361 1436 2425 1491 19
2465 1454 2479 1490 :
2513 1438 2605 1489 Δεῖ
2645 1437 2702 1490 δὲ
2752 1436 2842 1489 καὶ
2869 1439 2935 1508 τῇ
2979 1436 3079 1509 ὕλῃ
3104 1436 3346 1507 τεχνίτου
3381 1436 3474 1490 καὶ
3507 1434 3659 1504 ὕλης
3692 1433 3750 1504 τᾷ

2166 1528 2405 1602 τεχνίτῃ.
2446 1546 2465 1580 ι
2502 1526 2652 1602 Opus
2701 1538 2787 1582 est
2831 1537 3013 1581 autem
3066 1537 3123 1582 et
3163 1529 3408 1583 materia:
3457 1526 3661 1596 opifex
3718 1544 3749 1577 e

2169 1600 2396 1674 materia
2428 1600 2634 1688 opiﬁci.
2660 1638 2679 1672 ι

2236 1708 2579 1765 Utsolvatur
2620 1708 2927 1773 diiiicultas,
2949 1709 2993 1765 si
3022 1724 3129 1776 qua
3174 1709 3307 1765 insit
3353 1712 3447 1767 his
3492 1712 3741 1767 testimo

2168 1801 2300 1863 niis,
2329 1800 2464 1855 illud
2491 1801 2547 1854 1ο
2576 1808 2819 1855 statuere
2844 1816 3159 1870 possumus,
3186 1801 3460 1857 Justinum
3486 1812 3547 1857 et
3576 1805 3750 1857 Albe-

2170 1908 2427 1964 uagoram
2468 1895 2549 1948 sic
2576 1893 2643 1948 de
2692 1894 2937 1948 materia:
2987 1895 3265 1949 creatione
3320 1895 3441 1950 aliis
3491 1892 3553 1948 in
3622 1893 3749 1947 locii

2169 1983 2391 2038 locutos
2423 1998 2566 2047 esse,
2602 1996 2664 2038 ut
2693 1998 2881 2040 eorum
2904 1984 3067 2037 dubia
3108 1998 3214 2038 non
3252 1984 3424 2053 possit
3454 1999 3588 2039 esse
3623 2000 3750 2039 sen-

2171 2074 2362 2129 tentia.
2390 2073 2637 2129 Justinns
2669 2077 2721 2129 in
2756 2074 2998 2142 Cohort.,
3052 2092 3108 2130 ιι.
3154 2074 3249 2139 23,
3303 2076 3405 2129 hoc
3439 2077 3745 2130 discrimen

2168 2175 2291 2216 esse
2312 2160 2507 2216 statuit
2531 2160 2675 2217 inter
2710 2164 2973 2218 factorem
2998 2173 3053 2219 et
3088 2164 3362 2235 opificem,
3392 2166 3534 2235 quod
3576 2165 3750 2235 facta:

2170 2251 2318 2304 nulla
2350 2264 2409 2305 re
2437 2251 2547 2305 alia
2574 2251 2839 2321 indigens,
2872 2267 2937 2306 ea:
2985 2269 3084 2306 sua
3118 2254 3283 2323 ipsius
3311 2255 3503 2309 virtute
3529 2266 3581 2309 et
3611 2266 3748 2326 pote

2168 2350 2304 2397 state
2334 2343 2500 2412 faciat
2530 2342 2591 2396 id
2628 2343 2768 2412 quod
2806 2343 2900 2412 ﬁt;
2943 2345 3184 2399 conditor
3232 2357 3404 2399 autem
3450 2360 3687 2417 accepta
3734 2364 3750 2399 ι

2168 2435 2390 2488 materia
2422 2434 2957 2504 operandi-facultate
2984 2446 3256 2490 construat
3303 2438 3359 2490 id
3382 2440 3524 2507 quod
3558 2440 3750 2493 condi.

2170 2536 2279 2581 tur.
2308 2525 2363 2580 In
2399 2527 2590 2582 eodem
2627 2526 2766 2581 libro
2812 2526 3092 2583 Platonem
3123 2530 3363 2599 exagitat
3391 2532 3538 2601 quod
3577 2543 3741 2587 mate

2169 2616 2307 2670 riam
2340 2625 2601 2671 aeternam
2628 2628 2684 2672 et
2715 2619 3021 2672 increatam
3060 2622 3355 2689 putaverit,
3390 2631 3451 2677 ut
3483 2625 3750 2677 observa

2168 2706 2346 2761 vimus
2381 2708 2445 2761 ad
2482 2724 2538 2762 ιι.
2587 2707 2679 2764 25.
2717 2709 2977 2765 Eumdem
3025 2710 3303 2766 Platonem
3332 2712 3431 2778 ait,
3460 2729 3517 2767 ιι.
3551 2714 3656 2777 50,
3686 2715 3750 2766 Ιες

2170 2797 2312 2867 gisse
2335 2799 2559 2867 quidem
2593 2800 2685 2855 sed
2721 2815 2825 2854 non
2857 2800 3192 2856 intellexisse
3235 2801 3450 2857 initium
3485 2803 3621 2858 libri
3650 2802 3750 2858 Ge.

2169 2890 2328 2955 nesis,
2371 2899 2534 2960 atque
2581 2891 2714 2945 illud
2747 2908 2761 2945 :
2791 2891 2955 2946 Terra
2989 2903 3165 2948 autem
3216 2904 3356 2957 erat,
3401 2895 3750 2951 intellexiss¢

2169 2980 2236 3036 de
2276 2987 2423 3036 terra
2468 2983 2901 3053 prazexsistente,
2926 2984 3056 3053 quia
3104 2984 3318 3039 scilicet
3362 2986 3676 3043 invisibilis
3708 3004 3740 3042 e

2170 3071 2530 3143 incomposita
2576 3074 2800 3129 dicitur.
2847 3075 3016 3130 Docet
3071 3074 3128 3131 in
3170 3076 3421 3145 Dialogo,
3454 3095 3510 3132 n.
3548 3077 3613 3143 5,
3646 3083 3744 3133 ani

2170 3182 2336 3231 mam,
2359 3167 2404 3222 si
2437 3167 2682 3222 increata
2717 3177 2890 3234 esset,
2923 3168 3032 3223 Deo
3071 3169 3332 3238 aequalem
3380 3168 3658 3238 futuram,
3690 3174 3750 3226 it:

2172 3267 2230 3313 ut
2256 3273 2321 3313 ne
2344 3259 2488 3314 Deus
2521 3259 2742 3329 quidem
2769 3274 2963 3330 cogere
2994 3260 3144 3315 illam
3165 3269 3223 3315 et
3249 3262 3358 3315 vim
3398 3260 3612 3318 inferre
3634 3280 3750 3334 pos

2168 3350 2258 3404 sit.
2305 3349 2384 3405 Ex
2426 3364 2535 3420 quo
2582 3353 2712 3405 satis
2764 3353 3138 3423 perspicitur,
3166 3364 3428 3422 quantum
3486 3357 3557 3410 ab
3596 3356 3750 3411 illius

2168 3450 2351 3497 mente
2391 3444 2632 3500 abfuerit
2666 3444 2900 3499 absurda
2961 3447 3207 3502 materias
3246 3448 3507 3502 increatzc
3532 3449 3746 3519 opinio

2167 3531 2226 3588 in
2269 3533 2359 3590 illo
2391 3545 2573 3589 autem
2602 3535 2878 3606 Apologia:
2910 3536 3050 3603 loco,
3080 3537 3171 3592 ubi
3216 3537 3500 3594 Platonem
3537 3539 3745 3595 laudat

2170 3627 2417 3682 materia:
2446 3630 2783 3684 creationem
2831 3629 3025 3684 leviter
3054 3631 3271 3701 quidem
3308 3641 3362 3687 et
3388 3632 3545 3701 quasi
3576 3641 3750 3687 trans

2172 3719 2317 3785 iens,
2352 3720 2447 3774 sed
2500 3731 2684 3775 tamen
2736 3734 2842 3775 non
2908 3722 3140 3776 obscure
3195 3722 3414 3776 indicat.
3457 3723 3550 3777 Ait
3600 3726 3749 3778 enin

2169 3813 2259 3868 his
2290 3814 2472 3868 verbis
2497 3813 2601 3868 ειη
2630 3815 2889 3884 principio
2930 3815 3124 3868 creauit
3173 3813 3315 3869 Deus
3358 3816 3540 3871 mlum
3570 3827 3622 3869 et
3651 3828 3745 3871 ter

2169 3920 2305 3972 ram,
2340 3919 2403 3959 ea
2439 3905 2733 3971 contineri,
2774 3922 2841 3961 ex
2867 3907 3064 3976 quibus
3092 3906 3236 3961 Deus
3260 3909 3519 3962 mundum
3548 3911 3750 3963 condi-

2170 3995 2268 4062 dit,
2297 3994 2425 4064 quia
2454 3995 2652 4050 cmlum
2682 4009 2737 4051 et
2784 4005 3015 4066 terram,
3042 4006 3100 4051 nt
3136 3996 3285 4051 multi
3315 3997 3428 4064 alii,
3458 4000 3749 4054 materian

2170 4086 2311 4151 sive,
2342 4094 2402 4141 ut
2429 4086 2505 4141 ait
2530 4087 2928 4157 Augustinus”,
2957 4104 3141 4143 semen
3171 4090 3296 4144 cceli
3349 4100 3405 4144 et
3454 4098 3623 4145 terras
3686 4094 3749 4147 in

2173 4176 2470 4247 telligebat.
2496 4178 2881 4250 Athenagoras
2911 4180 3094 4244 docet,
3133 4196 3189 4233 ιι.
3222 4180 3278 4244 4,
3308 4181 3593 4236 materiam
3629 4199 3750 4239 esst

2170 4278 2411 4324 creatam
2441 4279 2497 4323 et
2527 4272 2866 4340 corruptioni
2911 4273 3242 4338 obnoxiam;
3270 4282 3401 4327 etn.
3436 4272 3523 4339 10,
3557 4279 3749 4330 canui:

2169 4368 2267 4427 per
2298 4358 2535 4415 Verbum
2567 4370 2751 4416 creata
2775 4371 2831 4415 et
2854 4372 3069 4417 ornata.

2238 4451 2302 4506 ll.
2335 4451 2595 4518 Quamvis
2644 4453 2891 4510 Justinus
2944 4464 2995 4509 et
3042 4456 3425 4528 Athenagoras
3476 4457 3633 4514 idem
3689 4463 3750 4518 dc

497 4525 752 4579 omnibus
786 4532 1078 4596 vetustior,
1109 4540 1167 4586 ut
1204 4547 1367 4601 supra
1410 4533 1927 4597 demonstravimus,
1970 4548 2064 4602 per

2186 4545 2412 4598 naterize
2451 4546 2735 4600 creatione
2764 4546 3059 4611 senserint,
3089 4562 3153 4601 ac
3189 4548 3487 4603 Christiani
3523 4563 3750 4617 omnes,

498 4629 661 4684 quem
692 4617 917 4684 spiritus
944 4622 1294 4689 pr0pheticus
1334 4625 1607 4692 quomodo
1642 4625 1898 4678 mundum
1926 4624 2066 4679 Deus
2096 4617 2138 4633 υ
2170 4634 2445 4691 interdum
2478 4644 2658 4691 tamen
2686 4637 2888 4691 nullam
2925 4636 3011 4691 vel
3052 4637 3225 4693 levem
3261 4640 3418 4709 hujus
3440 4645 3750 4700 creationis

498 4711 657 4766 initio
677 4723 731 4766 et
760 4726 825 4766 ex
856 4715 1053 4782 quibus
1078 4714 1406 4780 condiderit,
1439 4717 1686 4770 declarat
1728 4717 1812 4771 his
1840 4718 2024 4772 verbis
2049 4733 2063 4770 :

498 4801 569 4857 In
594 4804 853 4871 principio
901 4805 1021 4875 fecit
1053 4804 1192 4861 Deus
1221 4808 1408 4861 cretum
1436 4818 1484 4861 et
1513 4817 1732 4864 terram.
1774 4809 1936 4865 Terra
1975 4828 2070 4865 au-

499 4908 603 4950 tem
623 4909 737 4951 erat
769 4899 1049 4954 invisibilis
1079 4910 1130 4954 et
1155 4902 1549 4970 incomposita;
1573 4912 1622 4957 et
1654 4904 1881 4958 tenebrae
1912 4921 2069 4974 super

501 4992 782 5060 abyssum;
807 5004 854 5047 et
878 4993 1106 5061 Spiritus
1128 4993 1227 5048 Dei
1258 4995 1529 5062 ferebatur
1555 5014 1715 5067 super
1749 5015 1964 5066 aquam.
2003 4999 2065 5052 Et

500 5084 633 5137 dixit
683 5083 825 5138 Deus
855 5098 875 5136 :
910 5084 1036 5139 Fiat
1080 5086 1195 5153 lux,
1227 5097 1274 5141 et
1334 5087 1477 5157 facta
1531 5101 1608 5144 est
1672 5090 1830 5147 luz‘.
1892 5090 2067 5147 Verbo

501 5176 668 5247 igitur
702 5177 795 5230 Dei
822 5192 892 5233 ex
917 5179 1180 5248 subjectis
1207 5191 1263 5236 et
1288 5197 1316 5234 a
1356 5181 1539 5252 Moyse
1576 5184 1877 5254 designatis
1902 5187 2065 5240 rebus

500 5270 761 5323 mundum
794 5270 1108 5324 universum
1138 5286 1261 5327 esse
1291 5275 1569 5329 conditum
1597 5285 1650 5329 ct
1688 5274 1867 5339 Plato,
1892 5284 1949 5331 ct
1972 5275 2065 5346 qui

499 5361 690 5414 eadem
715 5372 780 5413 ac
807 5359 898 5414 ille
926 5360 1138 5426 dicunt,
1178 5373 1233 5416 et
1258 5377 1355 5418 nos
1403 5365 1501 5433 ipsi
1536 5366 1846 5432 didicimus,
1879 5368 2068 5424 vobis-

499 5465 609 5517 que
657 5452 780 5507 licet
821 5451 961 5506 idem
1000 5455 1329 5523 pesspicere.
1356 5475 1376 5509 ι
1408 5456 1476 5511 Ει
1509 5473 1566 5514 ιι.
1590 5458 1679 5524 67,
1712 5458 1860 5513 nulla
1892 5472 2065 5516 mate-

497 5542 896 5600 riecreationis
912 5545 1052 5602 facta
1085 5548 1382 5617 mentione,
1404 5553 1569 5607 Deum
1596 5555 1674 5607 ait
1701 5572 1714 5607 :
1743 5572 1761 5605 ι
1789 5553 1923 5608 Cum
1949 5571 2068 5608 mae-

499 5634 691 5688 teriam
718 5644 773 5690 et
803 5640 1051 5695 tenebras
1070 5642 1344 5707 vertisset,
1374 5647 1631 5701 mundum
1653 5645 1905 5702 effecisse
1935 5667 1953 5700 ι

568 5726 948 5799 Athenagoras
980 5734 1139 5789 docet
1177 5737 1229 5790 in
1263 5736 1513 5809 Apolog.,
1568 5757 1621 5796 n.
1672 5740 1740 5797 10
1780 5760 1792 5796 ;
1828 5740 2065 5799 Verbum

603 5838 619 5869 ⁸
650 5837 792 5895 Gen.
814 5855 855 5899 ι.
937 5845 957 5875 ³
983 5843 1184 5901 Contra
1214 5850 1335 5907 adv.
1363 5850 1463 5922 leg.

2166 4724 2505 4779 mentionem
2537 4723 2766 4791 faciunt,
2795 4727 2920 4795 quia
2958 4727 3010 4781 id
3041 4728 3110 4782 ab
3140 4728 3222 4782 eis
3274 4744 3380 4783 non
3428 4732 3750 4799 postulabat

2167 4816 2434 4886 propositi
2499 4817 2661 4873 ratio.
2736 4816 2986 4875 Justinus
3037 4819 3131 4876 ubi
3183 4819 3465 4878 Platonem
3517 4823 3723 4881 laudat

2169 4909 2422 4964 ethnicos
2454 4909 2729 4966 adducere
2756 4921 3008 4978 conatur,
3059 4920 3118 4967 ut
3153 4928 3218 4967 ea
3271 4930 3378 4969 non
3420 4916 3647 4970 oderint
3705 4923 3749 4974 ir

2169 5000 2521 5067 Christianis,
2553 5016 2675 5072 quae
2709 5003 2761 5057 in
2795 5002 3023 5058 Platone
3075 5005 3361 5071 mirantur,
3396 5006 3590 5076 eisque
3621 5007 3750 5065 Pla-

2173 5095 2369 5150 tonicae
2419 5096 2684 5151 doctrina:
2739 5112 2861 5151 cum
2912 5098 3224 5153 Christiana
3277 5099 3750 5170 similitudinem,

2169 5186 2333 5240 veluti
2365 5192 2658 5257 quamdam
2701 5189 3020 5245 illecebram
3051 5192 3363 5261 praetendit.
3391 5193 3573 5260 Quare
3615 5205 3750 5254 tunc

2168 5292 2395 5335 necesse
2424 5296 2532 5334 non
2561 5291 2681 5336 erat
2712 5281 2765 5335 in
2794 5280 3021 5336 Platone
3052 5284 3449 5353 ignorationem
3493 5292 3750 5347 materia

2170 5374 2464 5429 creationis
2493 5377 2794 5447 exagitare,
2825 5381 2917 5434 sed
2949 5380 3121 5433 satius
3158 5381 3453 5437 videbatur
3497 5381 3649 5437 illius
3686 5390 3750 5439 dc

2169 5467 2370 5520 mundo
2403 5468 2495 5522 Dei
2520 5468 2785 5537 sapientia
2814 5481 3002 5526 creato
3033 5474 3356 5527 sententiam
3401 5472 3661 5541 laudare,
3693 5486 3750 5530 ut

2168 5569 2235 5610 ex
2266 5556 2487 5629 LMoysis
2523 5561 2774 5615 haustam
2824 5562 3093 5630 fontibus;
3144 5566 3395 5633 quamvis
3451 5568 3750 5622 materiam

2169 5658 2413 5704 creatam
2437 5650 2648 5723 Moyses
2681 5653 2969 5724 intelligat,
2994 5664 3052 5710 ut
3085 5655 3333 5712 Jusdnus
3364 5674 3471 5713 non
3504 5659 3750 5716 obscure

2169 5738 2433 5805 declarat,
2502 5743 2803 5801 increatam
2847 5745 3025 5804 Plato.
3083 5748 3238 5819 Saepe
3295 5748 3432 5805 alias
3486 5748 3750 5809 laudatus
