3792 6496
94 417 146 471 37
1008 403 1073 463 Β.
1109 390 1378 457 MARANI
1402 390 1610 456 ῬΒᾸΞῈ

1791 441 1803 454 .
1836 430 1904 440 -—
1945 390 2127 452 PARS
2157 390 2220 451 il.
3216 393 3288 452 33

94 534 231 595 Plato,
255 530 392 601 quod
424 510 633 599 rejectis
676 510 910 581 aliorum
962 524 1415 598 philosophorum
1448 538 1599 579 som—
1628 531 1676 586 Α
1707 521 1875 577 verba
1916 520 2145 575 Latinus
2198 520 2484 588 interpres.
2506 516 2787 590 {Observat
2814 514 3086 588 Origenes
3124 516 3217 572 lib.
3255 531 3289 570 ν

92 628 175 683 niis
203 623 441 678 mundum
464 638 492 676 a
515 624 620 678 Deo
662 620 944 677 conditum
976 619 1253 681 docuerit,
1284 625 1344 671 ut
1361 617 1432 671 ad
1459 616 1603 669 hunc

90 714 317 785 Apologia
358 715 379 769 Ι
412 713 586 768 locum
619 710 933 768 observavi.
963 707 1020 763 In
1052 708 1162 762 alio
1210 708 1352 769 loco.
1384 706 1474 761 ubi
1503 704 1602 761 Ju-

91 806 237 859 stinus
260 802 424 858 omnia
447 817 513 857 ex
545 800 763 855 informi
800 798 1025 854 materia
1058 797 1217 853 docet
1243 812 1273 851 a
1302 796 1409 851 Deo
1435 795 1606 850 fuisse

90 906 260 959 creata,
288 906 403 964 apte
435 904 489 950 et
536 903 943 963 consequenter
978 889 1367 944 ratiocinatur.
1397 888 1603 942 Probat

94 990 202 1042 enim
228 986 379 1041 Desint
406 1003 515 1040 non
542 986 777 1055 indigere
804 982 1166 1037 materialibus
1189 981 1462 1035 hominum
1504 979 1604 1031 do-

96 1085 183 1145 sis;
206 1080 363 1134 omnia
390 1079 527 1133 enim
549 1078 703 1132 illum
734 1078 1190 1145 suppeditare.....
1216 1082 1265 1129 et
1296 1088 1416 1127 cum
1440 1072 1604 1125 bonus

88 1176 180 1237 sit,
212 1173 367 1226 omnia
399 1172 551 1225 illum
592 1170 657 1223 ab
691 1170 843 1223 initio
873 1184 938 1223 ea:
967 1168 1189 1237 informi
1220 1167 1449 1221 materia
1476 1182 1603 1235 pro-

92 1276 179 1331 pter
203 1263 413 1316 homines
443 1278 671 1316 creasse.
702 1259 937 1315 Necesse
978 1276 1084 1315 non
1112 1260 1304 1314 eratin
1339 1256 1604 1326 ejusmodi

92 1364 359 1426 argumento
426 1355 716 1410 materiam
770 1353 1055 1422 conceptis
1119 1352 1304 1407 verbis
1356 1358 1602 1406 creatam

92 1449 258 1511 dicere;
280 1447 365 1501 sed
384 1460 507 1500 cum
536 1444 685 1499 illam
710 1444 1041 1513 dispositam
1068 1451 1125 1498 et
1147 1450 1397 1498 ornatam
1432 1439 1603 1495 fuisse

91 1539 251 1594 ethnici
279 1538 657 1602 concederent,
701 1538 836 1591 satis
871 1545 989 1593 erat
1018 1535 1122 1591 hoc
1154 1534 1424 1605 principio
1449 1541 1605 1588 uten-

84 1638 171 1684 tem
227 1631 609 1694 demonstrare,
662 1629 832 1684 Deum
889 1627 1264 1682 materialibus
1320 1625 1602 1680 hominum

90 1720 212 1775 donis
258 1736 353 1776 non
400 1720 667 1791 indigere.
723 1722 817 1776 Sic
862 1722 1027 1776 etiam
1070 1735 1193 1774 cum
1237 1718 1315 1772 ait
1348 1718 1437 1772 die
1473 1716 1606 1772 solis

90 1813 373 1867 Christianos
427 1813 756 1877 convenire,
794 1813 922 1884 quia
962 1813 1076 1866 lucc
1113 1810 1230 1865 dies
1277 1819 1382 1874 est,
1412 1808 1466 1861 in
1497 1823 1601 1878 qua

84 1903 200 1957 Deus
224 1903 457 1957 tenebras
480 1913 549 1959 et
591 1904 878 1959 materiam
931 1903 1119 1965 vertit,
1152 1916 1214 1954 ac
1234 1900 1490 1956 Christus
1516 1913 1604 1952 re-
1633 1901 1676 1957 Β

89 1995 298 2059 surrexit,
324 1992 454 2048 nihil
487 1994 627 2048 dicit
659 1994 803 2060 quod
853 2008 959 2048 non
1014 1991 1365 2046 verissimum
1418 1989 1509 2053 sit,
1544 1997 1600 2043 el

91 2086 137 2137 ad
159 2083 565 2138 Christianorum
618 2082 791 2137 cultui
824 2082 1273 2153 approbationem
1295 2080 1597 2135 conci-lian-

82 2180 182 2231 οδω
206 2178 455 2233 idoneum.

142 2267 235 2323 Non
274 2270 531 2326 absimilis
560 2285 729 2326 causa
765 2269 1174 2339 Athenagoram
1221 2268 1447 2333 detinet,
1473 2281 1604 2336 quo-

94 2362 228 2416 minus
253 2364 524 2418 materiam
555 2362 845 2432 conceptis
872 2362 1328 2416 verbis-creatatn
1358 2358 1502 2413 dicat
1546 2357 1599 2411 in

94 2454 193 2507 locis
223 2453 365 2510 modo
415 2455 627 2510 allatis.
665 2454 822 2521 Quod
879 2451 1087 2506 ethnici
1132 2451 1367 2505 libenter
1401 2449 1603 2503 dabant

95 2548 319 2601 materiam
369 2547 476 2602 Deo
513 2548 589 2603 ad
628 2558 805 2601 artem
855 2546 1085 2601 obedire
1114 2554 1171 2600 et
1200 2543 1419 2612 subjici,
1454 2557 1604 2597 eam-

95 2654 210 2707 quea
236 2640 331 2695 Deo
364 2649 619 2695 ornatam
663 2649 719 2695 et
758 2639 989 2694 divisam
1034 2636 1228 2699 fuisse,
1261 2636 1315 2690 id
1356 2635 1600 2688 Athena-

95 2745 213 2798 goras
247 2731 539 2799 argumenti
595 2731 716 2787 loco
764 2731 990 2802 accipit,
1016 2745 1074 2783 n.
1107 2727 1197 2790 is,
1222 2736 1279 2781 ut
1318 2726 1600 2780 materiam

95 2823 236 2887 probet
255 2825 351 2879 Deo
373 2826 773 2894 adaequandam
826 2840 931 2879 non
965 2839 1109 2887 esse,
1144 2837 1207 2876 ac
1241 2819 1466 2890 proinde
1495 2833 1600 2873 non

96 2917 266 2971 colenda
290 2917 613 2973 simulacra.
642 2916 879 2979 Statuit,
908 2932 963 2970 n.
995 2915 1084 2983 i9,
1116 2930 1254 2984 Opus
1281 2927 1404 2968 esse
1432 2919 1607 2968 mate-

97 3011 196 3089 riam
214 3012 371 3081 opifici
397 3023 451 3066 et
476 3012 736 3082 opificem
772 3011 1043 3075 materiae;
1096 3010 1190 3063 sed
1223 3009 1274 3063 id
1306 3007 1515 3074 statuit,
1546 3013 1605 3060 ut

97 3116 240 3172 aquam
267 3118 363 3159 non
394 3120 518 3160 esse
567 3103 817 3159 omnium
869 3101 1226 3173 principium,
1258 3098 1475 3153 nemine
1515 3113 1603 3152 re-

94 3206 327 3264 pugnante,
353 3200 727 3253 demonstret.
754 3195 934 3265 Atque
967 3206 1028 3249 ut
1075 3195 1485 3261 Athenagoram
1511 3206 1604 3263 pa-

94 3296 177 3342 teat
200 3290 403 3360 quadam
432 3291 609 3346 veluti
633 3290 700 3344 ad
748 3288 1015 3359 principia
1044 3288 1488 3341 adversariorum
1520 3299 1606 3338 ac-

99 3386 463 3440 commodatione
510 3385 622 3448 uti,
660 3393 720 3438 ut
752 3398 845 3439 eos
895 3381 1114 3436 facilius
1147 3378 1403 3445 refellat;
1440 3392 1608 3448 appo-

100 3489 187 3529 nam
210 3476 490 3547 exemplum
537 3491 613 3532 ex
656 3475 804 3531 'libro
836 3475 913 3529 De
942 3473 1331 3528 resurrectione
1364 3481 1606 3525 mortuo-

102 3582 201 3631 rum,
223 3568 301 3622 ubi
327 3568 489 3625 Deum
525 3568 602 3623 ad
632 3570 801 3623 vitam
851 3581 1014 3636 posse
1052 3574 1301 3620 mortuos
1351 3574 1610 3617 revocare

99 3656 153 3712 sic
190 3661 368 3729 probat,
417 3677 474 3715 ιι.
521 3654 728 3724 5ε⁷Ης
757 3658 864 3731 γάρ
913 3660 1030 3712 ἐστι
1072 3656 1357 3727 δυνάμεως
1386 3654 1478 3707 καί
1508 3652 1609 3724 τὴν

100 3753 359 3819 πιράὺτοῖς
388 3754 793 3825 νενομισμένην
834 3752 1080 3824 ἄμορφον
1100 3746 1266 3803 οὖσαν
1298 3747 1606 3820 μορφῶσαι,

100 3847 166 3899 καὶ
183 3848 264 3919 τὴν
285 3851 506 3905 ἀνείδεον
554 3849 657 3903 καὶ
701 3847 1096 3918 ἀδιακόσμητον
1125 3845 1337 3907 πολλοῖς
1369 3843 1462 3897 καὶ
1493 3842 1609 3896 δια-

104 3936 235 4007 φόμκς
273 3940 425 3994 εἴδεσι
471 3940 870 4011 κοσμῆσαι.....
908 3938 1009 4009 τῆς
1058 3936 1226 4007 αὐτῆς
1266 3937 1382 3988 ἐστι
1426 3932 1612 3988 καὶτὸ

104 4023 404 4102 ζιιὶελυμὲνον
428 4033 656 4095 ὲνῶσαι,
679 4033 771 4084 καὶ
800 4030 863 4083 τὸ
889 4030 1139 4101 κείμενον
1168 4027 1492 4098 ἀναστῆσαι,
1519 4026 1613 4080 καὶ

106 4116 145 4166 τὸ
162 4118 375 4192 τεθνηκὸς
404 4123 741 4193 ζωοποιῆσαι
774 4120 956 4182 πάλιν,
986 4117 1161 4172 καὶτὸ
1182 4115 1417 4187 φθαρτὸν
1450 4130 1616 4186 μετα-

105 4206 241 4263 ΰιλεῖν
263 4216 329 4278 εἰς
358 4215 692 4287 ἀφθαρσίαν.
732 4232 751 4265 ‹
776 4212 944 4281 Cujus
986 4211 1132 4265 enim
1193 4209 1480 4279 potestatis
1530 4212 1615 4260 est

106 4299 292 4369 informi,
318 4319 372 4362 ut
396 4309 472 4362 illi
521 4306 870 4369 existimant,
908 4304 1151 4359 materiae
1198 4301 1432 4356 formam
1462 4298 1617 4353 aﬂin-

105 4405 219 4459 Eere,
240 4404 281 4448 et
302 4400 467 4467 specie
494 4415 561 4455 ac
591 4407 790 4453 ornatu
811 4407 1092 4453 carentem
1127 4393 1314 4449 multis
1340 4392 1618 4461 variisque

104 4481 251 4552 ﬁguris
272 4503 572 4547 ornare.....
609 4489 854 4559 ejusdem
886 4501 1108 4558 quoque
1157 4495 1242 4541 est
1271 4492 1327 4540 et
1350 4483 1615 4539 dissoluta

1703 614 1782 670 De
1803 615 2075 683 principiis
2100 613 2204 668 hoc
2243 621 2451 667 tantum
2482 612 2535 666 in
2576 610 2871 681 Scriptura:
2900 611 3020 667 loco
3048 610 3287 666 vocabu-

1705 708 1812 761 lum
1846 702 2085 757 materite
2110 702 2212 757 hoc
2237 715 2401 757 sensu
2427 703 2696 771 usurpari.
2738 701 2883 756 Citat
2924 701 3175 757 eumdem
3207 700 3290 753 Io-

1705 810 1827 850 cum
1858 794 2193 864 Augustinus
2218 794 2313 849 lib.
2342 809 2355 846 l
2383 794 2581 847 Contra
2615 791 2966 862 advers.iegis
2981 801 3031 846 et
3047 795 3290 862 prophet.

1704 901 1795 942 acc
1810 886 1981 941 Deum
1995 887 2246 941 observat
2262 886 2328 940 tle
2343 886 2568 940 materia
2590 884 2809 955 quidem
2830 884 3053 938 informi
3090 883 3290 939 fecisse

1706 977 1990 1042 mundum,
2018 977 2110 1031 sed
2143 974 2306 1029 simul
2342 990 2463 1029 eam
2530 988 2990 1029 concreassecum
3010 975 3231 1027 mundo.
3265 991 3288 1024 ι

1776 1066 2070 1137 Gregorius
2096 1066 2371 1122 Nazianz.
2396 1081 2568 1120 carm.
2594 1064 2759 1119 iamb.
2786 1065 2874 1129 18,
2908 1079 3030 1137 pag.
3056 1063 3185 1129 295,
3211 1065 3292 1119 sic

1710 1159 1955 1231 loquitur
1991 1176 2005 1211 :

1857 1269 1917 1321 '0
1948 1268 2058 1341 γὰρ
2086 1268 2236 1341 σοφῷ
2279 1268 2348 1322 τὰ
2386 1270 2564 1324 πάντα
2592 1269 2836 1340 ’ποιήσας
2864 1268 3076 1339 λόγῳ...

1844 1362 2065 1432 Κόσμον
2094 1377 2155 1413 τε
2183 1359 2349 1425 τάξας
2378 1360 2565 1413 (τοῦτον
2594 1360 2658 1425 ἐξ
2691 1361 2982 1431 ἀκοσμίας.

1780 1497 1802 1531 ‹
1824 1479 2084 1547 Sapiente
2108 1494 2232 1532 nam
2260 1478 2353 1547 qui
2378 1487 2570 1533 cuncta
2587 1478 2764 1533 Verbo
2777 1477 3117 1533 condidit....
3138 1476 3290 1531 inor-

1707 1571 1999 1640 dinatoque
2026 1570 2276 1625 ordinem
2306 1569 2434 1624 huic
2459 1569 2658 1623 mundo
2678 1569 2845 1622 dedit.
2869 1586 2887 1621 υ
2918 1566 3050 1621 Etin
3069 1565 3218 1619 Orat.
3240 1568 3287 1628 l,

1704 1678 1834 1733 pag.
1858 1663 1956 1728 33,
1983 1669 2270 1731 comparat
2309 1659 2654 1715 turbulentos
2700 1668 2900 1723 motus,
2952 1673 3181 1727 quorum
3208 1668 3290 1710 te-

1705 1755 1804 1809 stis
1851 1762 1991 1817 erat,
2025 1766 2148 1807 cum
2204 1747 2470 1820 indigesta
2521 1748 2761 1803 materiae
2800 1746 2942 1802 mole
2997 1758 3286 1813 antequam

1707 1848 1849 1902 Dens
1868 1845 2111 1900 ordinem
2137 1854 2193 1900 et
2213 1852 2493 1907 ornatum,
2526 1855 2687 1912 quem
2714 1838 3111 1907 conspicimus,
3130 1834 3291 1891 intln-

1701 1953 1868 1993 ceret.
1893 1934 2088 2005 Γέγονε
2114 1933 2173 1988 δὲ
2198 1933 2265 1987 τὰ
2295 1930 2472 1986 πάντα
2497 1931 2573 1995 ὡς
2600 1931 2658 1984 τὸ
2687 1930 2783 1984 ἀπ’
2804 1929 3001 2002 ἀρχῆς,
3029 1928 3117 1981 ὅτε
3142 1920 3295 1980 οὔπω

1700 2029 1903 2099 κόσμος
1950 2022 2040 2098 ἢν,
2089 2026 2211 2079 οὑδὲ
2250 2026 2284 2097 ἡ
2326 2025 2418 2078 νῦν
2452 2021 2671 2087 εὐταξία
2698 2022 2791 2075 καὶ
2822 2021 3120 2094 μόρφωσις,
3157 2016 3292 2071 ἀλλὰ

1701 2114 2105 2189 συγκεχυμένον
2137 2115 2197 2169 τὸ
2230 2112 2336 2168 πᾶν
2367 2115 2459 2168 καὶ
2486 2114 2771 2185 ἀνώμαλον
2799 2112 2968 2165 ἐδεῖτο
3014 2110 3114 2180 τῆς
3161 2109 3295 2162 εἰδο-

1700 2208 1856 2263 ποιοῦ
1896 2207 2076 2280 χειρὸς
2118 2206 2214 2259 καὶ
2260 2206 2561 2275 δυνάμεως.
2600 2224 2618 2255 ι
2652 2203 2924 2272 Factaque
2952 2201 3131 2256 omnia
3165 2211 3295 2254 sunt

1700 2311 1759 2356 ut
1788 2304 1856 2357 ab
1880 2302 2059 2366 initio,
2086 2315 2209 2355 cum
2234 2298 2475 2353 nondum
2505 2297 2737 2351 mundus
2765 2305 2907 2362 erat,
2938 2308 3037 2347 nec
3065 2292 3293 2363 pulchra

1701 2409 1764 2450 ea
1789 2394 2108 2451 constitutio
2128 2404 2183 2449 et
2206 2392 2483 2452 formatio.
2512 2404 2673 2459 quam
2703 2402 2848 2441 nunc
2871 2386 3168 2447 cernimus,
3196 2385 3291 2439 sed

1700 2483 1883 2538 omnia
1914 2480 2141 2538 confusa
2171 2491 2226 2537 et
2270 2480 2543 2535 incondita
2583 2476 2952 2530 formatricem
2987 2489 3206 2527 manum
3240 2466 3314 2527 ct‘

1702 2578 1996 2649 potentiam
2056 2575 2426 2645 requirebant.
2462 2590 2483 2625 ι
2544 2570 2665 2627 Vid.
2716 2567 2871 2623 Orat.
2907 2567 2999 2634 43,
3052 2582 3105 2636 p.
3152 2565 3294 2649 699;

1705 2647 2089 2739 Hieronymus,
2113 2681 2201 2736 cp.
2225 2665 2294 2720 82
2318 2681 2337 2719 :
2374 2683 2393 2717 ‹
2426 2662 2597 2719 Rudis
2634 2662 2886 2727 mundus,
2920 2660 3150 2715 necdum
3180 2647 3298 2713 sole

1658 2804 1665 2811 .
1706 2758 1984 2825 rutilante,
2014 2774 2117 2813 nec
2162 2756 2400 2826 pallente
2433 2755 2581 2820 luna,
2620 2769 2721 2809 nec
2744 2752 2909 2808 astris
2946 2750 3298 2812 micantibus,

1706 2850 2117 2919 incompositam
2170 2858 2227 2905 et
2272 2847 2599 2903 invisibilem
2635 2845 2943 2911 materiam,
2970 2844 3295 2911 abyssorum

1705 2943 2076 3015 magnitudine
2119 2952 2174 2998 et
2218 2941 2551 2997 deformibus
2607 2937 2844 2993 tenebris
2878 2936 3237 3005 opprimebat.
3274 2954 3293 2987 ι

1704 3036 1867 3089 Addit
1885 3033 1949 3088 ad
1975 3032 2499 3088 commendationem
2522 3026 2778 3097 baptismi
2803 3045 2817 3081 :
2842 3045 2861 3078 ι
2885 3025 3043 3081 Solus
3067 3024 3301 3094 Spiritus

1710 3127 1803 3182 Dci
1834 3127 1886 3181 in
1923 3125 2128 3195 aurigae
2161 3124 2381 3180 modum
2412 3137 2577 3192 super
2606 3136 2778 3192 aquas
2812 3119 3090 3175 ferebatur
3115 3127 3170 3172 et
3200 3131 3299 3169 na-

1631 3240 1673 3298 ο
1707 3225 1950 3274 scentem
1980 3218 2238 3271 mundum
2270 3216 2323 3270 in
2352 3214 2523 3285 figura
2573 3210 2832 3282 baptismi
2881 3208 3241 3279 parturiebat.
3275 3226 3295 3259 ι

1707 3309 2157 3367 Observationem
2187 3314 2467 3362 mutuatus
2493 3314 2579 3361 est
2604 3304 2971 3374 Hieronymus
3002 3318 3031 3355 a
3079 3298 3301 3356 Tertul-

1707 3404 1877 3468 liano,
1906 3402 1998 3473 qui
2033 3402 2085 3456 in
2114 3398 2252 3457 libro
2285 3400 2357 3453 De
2388 3398 2806 3468 baptismo,cap.
2841 3396 2896 3458 5,
2919 3395 3000 3449 sic
3022 3392 3298 3461 loquitur:

1712 3512 1731 3545 ι
1762 3491 1897 3546 Nam
1926 3499 1981 3547 et
2001 3491 2237 3545 tenebra:
2274 3497 2401 3544 tota:
2448 3489 2624 3542 adhuc
2672 3486 2792 3543 sine
2845 3485 2999 3541 cultu
3057 3484 3300 3539 siderum

1709 3584 1994 3649 informes,
2031 3592 2086 3638 et
2139 3581 2311 3638 tristis
2363 3582 2622 3653 abyssus,
2658 3590 2711 3635 et
2745 3589 2889 3635 terra
2928 3579 3216 3646 imparata,
3248 3586 3307 3631 ct

1708 3677 1904 3733 coelum
1938 3679 2069 3731 rude
2094 3658 2271 3730 isolus
2304 3672 2501 3745 liquor,
2529 3687 2748 3741 semper
2772 3671 3001 3725 materia
3030 3667 3300 3737 perfecta,

1712 3766 1859 3833 ιω,
1897 3764 2148 3836 simplex,
2179 3763 2247 3818 de
2292 3778 2390 3818 suo
2416 3777 2571 3832 pura,
2603 3764 2826 3831 dignum
2855 3759 3165 3816 vehiculum
3194 3756 3306 3811 Deo

1711 3856 2056 3925 subjiciebat.
2095 3873 2115 3907 ι
2154 3851 2282 3908 Vid.
2313 3853 2579 3908 Albanas.
2610 3852 2763 3908 Orat.
2786 3853 2908 3908 adv.
2934 3860 3100 3922 genl.,
3126 3866 3181 3904 n.
3210 3848 3304 3904 38.

1714 3950 1810 4015 41,
1848 3948 1935 4004 42.
1974 3948 2037 4002 In
2061 3946 2149 4002 bis
2179 3944 2504 4001 testimoniis
2526 3944 2707 3999 divina
2756 3942 3000 4015 potentia
3052 3957 3159 3997 non
3198 3949 3308 3993 tam

1714 4044 1785 4098 ab
1815 4043 1929 4113 ipsa
1952 4055 2018 4096 ex
2049 4039 2215 4094 nihilo
2245 4038 2526 4092 creatione
2573 4032 2849 4102 laudatur,
2881 4050 3041 4105 quam
3073 4050 3104 4089 a
3139 4032 3310 4087 mira-

1714 4133 1807 4188 bili
1837 4141 2032 4187 ornatu
2061 4145 2220 4200 quem
2266 4130 2433 4182 rebus
2482 4127 2683 4182 creatis
2734 4120 2983 4181 afﬁnxit:
3013 4123 3309 4195 quominus

1717 4225 1997 4288 miremur,
2029 4224 2075 4278 si
2099 4221 2396 4289 scriptores
2429 4218 2481 4273 in
2520 4218 2829 4275 refellendis
2862 4216 3097 4272 ethnicis
3139 4228 3305 4269 occu-

1717 4318 1827 4387 pati
1882 4316 2217 4372 creationem
2277 4313 2517 4370 materia:
2576 4312 2770 4367 leviter
2814 4310 3113 4378 attingunt,
3139 4321 3205 4360 ac
3252 4306 3307 4359 iu

1720 4407 2114 4463 considerando
2141 4409 2325 4462 mundi
2354 4406 2545 4461 ordine
2566 4413 2622 4459 et
2651 4400 3021 4469 descriptione
3041 4395 3306 4452 libentius

1721 4507 2026 4565 morantur,
2053 4498 2178 4568 quia
2206 4499 2258 4554 id
2288 4500 2461 4569 magis
2483 4496 2551 4550 ad
2570 4493 2932 4564 profligandos
2956 4488 3308 4545 adversarios

106 4588 421 4647 coagmentare
468 4594 527 4639 et
576 4582 825 4654 jacentia
870 4580 1140 4643 excitare,
1189 4584 1246 4632 et
1296 4585 1509 4632 mortua
1547 4575 1613 4628 ad
1646 4592 1693 4653 ι)
1720 4590 2025 4662 appositum
2056 4589 2363 4645 videbatur,

106 4665 227 4723 vitam
249 4687 507 4740 revocare,
542 4684 601 4730 et
647 4683 904 4742 corrupta
941 4672 1010 4727 ad
1059 4679 1266 4726 statum
1303 4666 1614 4738 corruptio-

109 4758 167 4812 nis
188 4774 430 4833 expertem
464 4775 819 4824 convertere.
848 4782 867 4816 ι
911 4763 1006 4819 His
1056 4764 1261 4824 verbis,
1301 4760 1539 4831 informi,
1560 4768 1616 4813 ut

107 4849 163 4903 illi
183 4856 472 4923 existimant,
499 4858 767 4922 materia,
801 4857 941 4910 Satis
967 4854 1214 4910 declarat
1239 4854 1621 4922 Athenagoras

109 4944 220 4998 sede
246 4949 413 5004 mundi
462 4950 752 5005 creatione
795 4947 1118 5018 praeclarius
1162 4961 1324 5015 quam
1356 4944 1619 4998 adversa-

111 5036 190 5092 rios
213 5044 410 5108 sentire,
446 5043 549 5099 sed
579 5053 762 5098 tamen
794 5052 1116 5115 argumenta
1155 5056 1223 5094 ex
1249 5038 1421 5108 ipsius
1450 5044 1624 5091 mate-

112 5127 179 5181 rie
206 5137 458 5191 creatione
498 5151 608 5191 non
656 5135 947 5203 deducere,
984 5148 1105 5188 cum
1136 5130 1294 5186 facile
1316 5137 1528 5199 posset;
1561 5143 1624 5183 ac

112 5217 299 5292 “aqua
344 5231 410 5282 ab
460 5228 801 5284 adversariis
857 5226 1253 5288 conceduntur,
1305 5228 1622 5276 contentum

114 5320 211 5375 me.
243 5326 293 5369 ut
322 5330 413 5372 eos
459 5316 912 5385 validiusieriat,
942 5332 1009 5372 ac
1041 5328 1262 5371 omnem
1292 5310 1625 5384 repugnandi

116 5399 245 5461 locum
272 5412 580 5479 praecludal.

162 5495 227 5551 ΙΙΙ.
252 5500 483 5560 Justinus
509 5515 565 5560 et
595 5505 965 5573 Athenagoras
1023 5503 1092 5557 ab
1144 5489 1343 5557 usitata
1381 5496 1553 5553 sacris
1575 5503 1632 5550 et

118 5590 436 5652 ecclesiasticis
464 5597 827 5667 scriptoribus
876 5594 1125 5665 loquendi
1174 5591 1385 5647 ratione
1412 5589 1633 5643 minime

118 5676 357 5742 discedunt.
398 5690 453 5743 In
492 5691 632 5745 libro
686 5690 995 5758 Sapientia,
1036 5702 1155 5756 cap.
1188 5702 1252 5751 tt,
1279 5700 1331 5740 ν.
1361 5683 1427 5738 18
1460 5698 1474 5734 :
1503 5678 1632 5735 Otu-

121 5776 313 5845 bipatens
363 5784 453 5840 Dei
500 5801 694 5841 manus
738 5787 993 5842 mundum
1057 5783 1118 5848 ἐξ
1174 5780 1422 5851 ἀμόρφου
1478 5774 1631 5846 ὕλης,

126 5881 205 5921 εει
228 5874 426 5931 informi
456 5879 681 5933 materia
715 5878 963 5953 s_fccisse
1015 5875 1229 5930 dicitur.
1264 5868 1473 5945 “Omisit
1522 5867 1637 5923 haec

2334 4710 2563 4769 CAPUT
2598 4709 2663 4765 ΙΙΙ

1722 4826 1840 4894 Quo
1878 4843 2037 4883 sensu
2061 4823 2312 4880 Justinus
2341 4835 2489 4948 astza
2520 4823 2759 4947 g‘entibus
2786 4823 2914 4876 data
2941 4821 3011 4874 ad
3039 4818 3317 4874 colendum

2466 4911 2536 4948 tau
2575 4936 2585 4947 .

2466 4911 2585 4948 και.

1722 5011 1762 5062 1.
1788 5014 1842 5063 S.
1882 5011 2114 5072 martyris
2160 5011 2409 5059 sententia
2455 5009 2826 5072 explicaturget
2869 5003 3106 5072 adversus
3129 5001 3319 5057 Jurium

1788 5065 2100 5123 defenditur.
2129 5073 2188 5122 fl.
2216 5073 2418 5132 Iniquus
2436 5065 2606 5120 Jurius
2624 5071 2673 5118 in
2696 5070 2818 5117 alios
2838 5065 3102 5114 nonnullos
3116 5076 3172 5111 ac
3193 5076 3320 5123 prte-

1787 5140 1937 5198 cipue
1960 5139 2011 5184 in
2035 5134 2088 5183 S.
2113 5137 2467 5195 Augustinum.

1798 5218 1839 5273 l.
1874 5217 2058 5273 Jurius
2083 5218 2133 5271 in
2160 5214 2402 5269 Historia
2429 5213 2614 5267 critica
2650 5212 2958 5282 dogmatum
2989 5215 3040 5261 et
3080 5204 3316 5259 culmum

1734 5308 2005 5375 Ecclesia‘,
2033 5314 2177 5375 part.
2206 5320 2277 5369 tv,
2304 5321 2357 5375 p.
2392 5303 2519 5367 7H,
2568 5301 2887 5371 praclarum
2939 5297 3040 5353 sibi
3070 5294 3321 5349 occasio-

1726 5408 1852 5458 nem
1877 5402 1943 5457 de
1965 5399 2182 5456 Justino
2205 5395 2524 5452 detrahendi
2576 5405 2768 5450 nactus
2813 5392 3051 5454 videtur,
3097 5386 3226 5455 quia
3257 5386 3320 5440 S.

1733 5504 1944 5563 martyr
1991 5494 2121 5547 dicit
2159 5490 2396 5560 Dialog.,
2429 5508 2483 5543 ιι.
2516 5489 2610 5543 ηι
2644 5504 2658 5541 :
2687 5486 2791 5539 Τὸν
2827 5484 2925 5555 μὲν
2956 5481 3107 5551 ἣλιον
3134 5480 3163 5531 ὁ
3189 5476 3323 5540 Θεὸς

1733 5585 1983 5641 ἐδεδώκει
2015 5584 2280 5657 πρότερον
2296 5584 2374 5646 εἰς
2394 5582 2453 5635 τὸ
2482 5580 2802 5655 προσκυνεῖν
2832 5572 2991 5627 αὑτὸν
3015 5571 3090 5634 ὡς
3118 5568 3323 5641 γέγρα-

1736 5696 1889 5743 πται,
1914 5678 2008 5730 καὶ
2032 5676 2222 5729 οὐδένα
2253 5674 2505 5726 οὐδέποτε
2531 5672 2655 5725 ἰδεῖν
2679 5668 2824 5720 ἔστιν
2852 5661 3217 5734 ὑπομείναντα
3235 5658 3325 5712 διὰ

1735 5771 1835 5842 τὴν
1866 5768 2002 5839 πρὸς
2028 5768 2117 5821 τὸν
2146 5766 2296 5837 ἥλιον
2327 5764 2505 5817 πίστιν
2535 5757 2842 5815 ἀποθανεῖν.
2867 5774 2884 5807 ι
2908 5753 3086 5809 Solem
3108 5748 3323 5820 quidem

1744 5864 1884 5919 Deus
1916 5862 2136 5917 dederat
2164 5858 2319 5929 prius
2350 5858 2415 5912 ad
2460 5851 2822 5919 adorandum,
2874 5847 3014 5905 sicut
3060 5842 3323 5910 scriptum
