3796 6518
454 400 526 457 39
1352 397 1409 452 S.
1447 391 1785 451 JUSTINUS
1822 389 2304 447 PHILOSOPHUS
2341 390 2430 447 ET
2470 390 2786 446 MARTYR.
3294 456 3301 462 .
3700 385 3739 439 ζι

448 530 572 599 est;
611 533 713 573 nec
750 516 1052 589 quisquam
1104 532 1343 586 unquam
1386 516 1620 579 exstitit,
1668 515 1763 584 qui
1814 523 2045 569 mortem
2076 518 2121 574 Α
2149 528 2218 567 no
2243 511 2372 567 facti
2405 512 2576 575 athci,
2604 510 2825 567 omnino
2842 509 3007 566 etiam
3036 506 3345 564 interirent.
3372 523 3392 559 ι
3420 504 3536 561 Etsi
3565 512 3739 558 auter

433 592 677 682 ipropter
712 610 871 666 [idem
896 611 949 664 in
982 609 1152 665 solem
1191 618 1496 679 oppeteret.
1535 627 1554 660 ›
1590 607 1773 663 Locus
1800 606 2048 676 Scriptu-

455 719 531 758 τω
554 719 582 757 a
625 701 841 757 Iustino
888 702 1160 756 indicatus
1198 708 1375 756 exstat
1428 700 1815 755 Deuteronom.
1847 714 1923 764 tv,
1956 697 2046 761 l9,

456 796 548 851 ubi
578 795 658 851 sic
687 795 884 866 legitur
917 811 933 848 :
972 792 1055 848 Ne
1084 793 1220 863 forte
1265 793 1490 849 elevatis
1536 791 1702 845 oculis
1741 791 1832 845 ad"
1859 789 2047 844 caelum

456 889 636 945 videas
666 887 831 941 solem
860 899 909 941 et
940 885 1122 940 lunam
1169 893 1219 939 et
1261 885 1438 940 omnia
1461 892 1608 937 astra
1636 880 1751 935 creti
1788 891 1840 936 et
1868 895 2045 935 errore

455 986 698 1053 deceptus
729 982 917 1036 adores
939 991 1064 1035 eaet
1089 980 1235 1034 colas
1262 994 1378 1045 aute
1396 977 1590 1032 creavit
1621 976 1876 1031 Dominus
1902 974 2045 1029 Deus

456 1087 578 1130 tuus
615 1075 671 1129 in
713 1073 1065 1127 ministerium
1092 1071 1295 1124 cunctis
1325 1069 1587 1137 gentibus,
1620 1083 1741 1137 qua:
1769 1067 1865 1121 sub
1921 1065 2047 1121 calo

455 1176 596 1222 sunt.
643 1165 850 1220 Habent
887 1163 1029 1219 LXX
1060 1184 1071 1217 :
1111 1164 1178 1215 Ἃ
1210 1162 1472 1233 ἀπένειμε
1493 1159 1699 1231 Κύριος
1732 1161 1759 1212 ὁ
1781 1158 1912 1221 Θεός
1948 1174 2047 1211 σου

455 1260 595 1314 αὐτὰ
642 1260 774 1313 πᾶσι
815 1260 927 1322 τοῖς
971 1256 1149 1310 ἔθνεσι
1198 1257 1309 1317 τοῖς
1357 1252 1611 1306 ὑποκάτω
1656 1250 1749 1303 τοῦ
1793 1247 2044 1322 οὐρανοῦ.

455 1346 725 1402 Justinum
757 1347 923 1418 igitur
948 1347 1188 1412 exagitat
1220 1342 1409 1398 Jurius
1439 1351 1496 1397 et
1518 1340 1679 1406 alios,
1706 1355 1846 1409 quos
1875 1342 1922 1394 ei
1951 1340 2047 1393 ad-

450 1438 651 1509 jnngit,
684 1438 939 1491 nimirum
994 1436 1327 1491 Clementem
1358 1432 1811 1499 Alexandrinum,
1852 1430 2045 1500 Orige-

456 1544 577 1583 netn
603 1538 657 1583 et
681 1527 1064 1598 Augustinum,
1096 1526 1236 1597 quod
1265 1526 1361 1579 sibi
1391 1525 1648 1596 ﬁnxerint
1684 1522 1905 1592 Moysen
1956 1524 2044 1575 di-

452 1621 595 1672 xisse
650 1618 819 1672 Deum
872 1619 1205 1672 distribuisse
1264 1616 1424 1670 solem
1472 1624 1523 1670 et
1573 1614 1754 1668 lunam
1783 1624 1831 1667 et
1861 1614 2044 1667 stellas

454 1709 760 1779 gentilibus,
788 1717 846 1763 ut
875 1720 1042 1763 essent
1070 1725 1251 1763 eorum
1284 1708 1382 1773 dii,
1418 1724 1479 1761 ac
1513 1722 1576 1760 ea
1624 1706 1936 1769 adorarent,
1962 1706 2042 1758 si-

455 1803 605 1859 biane
630 1818 919 1857 reservasse
944 1800 1193 1870 papulum
1232 1800 1422 1855 Israel.
1454 1800 1569 1854 Non
1598 1799 1651 1853 in
1681 1798 1827 1853 solos
1852 1799 2044 1853 Patres

2150 610 2451 666 deteriores
2480 609 2601 664 illos
2631 617 2787 678 putat
2814 607 2906 677 qui
2957 606 3024 660 ad
3070 602 3491 659 simulacrorum
3534 599 3740 655 cultum

2150 699 2497 763 delabuntur,
2527 713 2625 755 eos
2662 706 2842 752 tamen
2872 695 3121 751 damnari
3160 693 3422 755 declarat,
3454 690 3553 761 qui
3599 698 3735 744 astr

2148 793 2355 848 colunt.
2396 792 2505 846 Ναὶ
2549 790 2654 863 μὴν
2697 791 2937 844 κάκεῖνοι
2975 789 3025 840 ei
3066 786 3176 840 ἀπὸ
3216 786 3317 855 τῆς
3362 786 3471 839 τῶν
3525 782 3740 852 ἄστρω

2150 882 2422 946 σεϐάσεως
2466 882 2541 955 μὴ
2582 881 3055 953 ὲπαναδραμόντες
3087 879 3179 932 ἐπὶ
3218 877 3308 931 τὸν
3348 875 3559 931 τούτων
3596 891 3740 945 ποιη

2148 974 2265 1045 τήν.
2306 974 2454 1037 Ὁδὸς
2494 974 2604 1045 γὰρ
2640 969 2709 1045 ἦν
2752 972 2889 1043 αὐτὴ
2932 969 3148 1024 δοθεῖσα
3191 971 3302 1032 τοῖς
3337 967 3575 1031 ἔθνεσιν,
3624 966 3740 1019 ἀνα

2149 1067 2317 1137 κύψαι
2369 1065 2506 1136 πρὸς
2558 1064 2648 1118 τῦν
2695 1063 2826 1117 Θεὸν
2876 1062 2965 1116 διὰ
3019 1060 3118 1132 τῆς
3165 1060 3271 1114 τῶν
3328 1060 3551 1133 ἄστρων
3624 1055 3740 1128 θρη

2151 1161 2359 1224 σκεὶας.
2422 1177 2442 1210 ι
2484 1159 2591 1213 Sed
2641 1165 2697 1212 et
2746 1157 2824 1211 illi
2875 1170 3092 1226 quoque
3145 1155 3485 1226 judicantur,
3544 1151 3649 1220 qui
3700 1166 3728 1205 a

2150 1261 2424 1306 astrorum
2452 1248 2601 1305 ουιιυ
2633 1264 2740 1303 ηοη
2785 1258 3139 1304 recurrerunt
3166 1247 3234 1303 ad
3265 1261 3457 1302 eorum
3506 1243 3739 1300 Creato

2149 1342 2429 1400 rem.H:ee
2455 1342 2601 1397 enim
2628 1340 2715 1395 via
2744 1342 2870 1396 data
2902 1341 3006 1394 fuit
3030 1340 3302 1411 gentibus,
3321 1349 3381 1394 ut
3403 1353 3502 1409 per
3538 1336 3740 1393 culturi

2148 1444 2418 1490 astrorum
2448 1432 2788 1501 suspicerent
2810 1431 2999 1486 Deum.
3046 1450 3067 1484 ι

2215 1528 2502 1601 Origenes,
2534 1537 2667 1582 tom.
2698 1539 2739 1581 tt
2809 1526 2865 1581 in
2911 1525 3105 1589 loan.,
3160 1539 3256 1581 eos
3283 1523 3373 1593 qui
3404 1532 3536 1577 ante
3573 1522 3740 1591 ipsum

2148 1623 2399 1679 dixerant
2433 1620 2602 1675 solem
2631 1627 2685 1674 et
2715 1618 2900 1673 lunam
2930 1629 2985 1674 et
3016 1628 3163 1673 astra
3194 1619 3260 1674 iis
3289 1619 3413 1672 data
3450 1628 3609 1679 esse,
3670 1628 3740 1681 qu

2149 1715 2326 1770 minus
2353 1713 2499 1783 digni
2526 1721 2674 1777 sunt,
2718 1721 2777 1766 ut
2807 1710 2950 1766 Deus
3013 1709 3266 1774 deorum,
3314 1707 3457 1763 Deus
3495 1706 3740 1776 ipsorum

2148 1807 2240 1873 sit,
2271 1808 2323 1860 in
2355 1806 2498 1860 hanc
2540 1801 2869 1859 sententiam
2930 1802 3095 1857 verba
3144 1799 3561 1856 Deuteronomii
3596 1809 3740 1851 acce

455 1888 677 1963 iniquus
702 1903 787 1948 est
808 1893 1019 1958 Jurius,
1042 1892 1239 1962 quibus
1267 1907 1386 1946 eam
1416 1894 1740 1945 sententiam
1769 1891 2047 1945 attribuit.
2079 1872 2124 1926 Β
2155 1898 2298 1968 pisse
2324 1897 2420 1961 ait,
2445 1906 2499 1949 ut
2521 1895 2611 1967 qui
2636 1910 2738 1949 non
2766 1902 2987 1963 possunt
3010 1892 3081 1945 ad
3131 1891 3513 1961 intelligibilem
3560 1881 3735 1942 recur

455 1994 616 2047 quam
644 1981 825 2034 sensui
853 1981 1143 2044 communi,
1173 1979 1369 2032 rationi
1401 1989 1450 2031 et
1468 1979 1707 2050 religioni
1732 1981 1811 2033 ita
1833 1990 2051 2032 contra-

455 2076 590 2128 riam
615 2091 745 2140 esse,
778 2072 877 2138 ait,
908 2082 964 2126 ut
989 2074 1182 2127 mirum
1222 2074 1288 2126 sit
1315 2076 1369 2128 in
1424 2091 1540 2129 eam
1592 2074 1845 2126 incidisse
1894 2070 2052 2124 Chri-

453 2164 687 2228 stianos;
714 2164 809 2219 sed
837 2163 941 2232 ipsi
970 2163 1136 2218 etiam
1155 2161 1326 2232 Moysi
1360 2163 1616 2231 injuriam
1651 2162 1802 2227 facit,
1822 2162 1950 2216 dum
1969 2159 2052 2215 fa-

454 2263 600 2311 tetur
623 2256 739 2325 ejus
769 2257 921 2310 verba
949 2256 1087 2309 hunc
1114 2271 1325 2310 sensum
1349 2255 1615 2323 suscipere
1642 2270 1818 2324 posse.

526 2346 634 2402 Sed
666 2356 842 2401 tamen
872 2347 931 2406 S.
960 2346 1159 2402 Justini
1193 2349 1355 2403 verba
1387 2347 1558 2418 aequis
1589 2346 1791 2401 animis
1819 2358 2048 2418 accepta

456 2435 660 2491 nullam
716 2438 924 2493 erroris
974 2438 1339 2507 suspicionem
1386 2437 1685 2505 injiciunt:
1736 2451 1843 2491 non
1901 2438 2048 2493 enim

458 2527 625 2582 Deum
656 2528 788 2583 dicit
808 2529 933 2583 huic
964 2528 1131 2582 cultui
1160 2529 1373 2582 veniam
1400 2526 1634 2592 dedisse,
1676 2537 1771 2581 aut
1798 2527 1967 2582 solem
1995 2536 2061 2582 eo

454 2620 642 2674 stellas
667 2634 885 2676 creasse
932 2628 993 2675 ut
1036 2619 1430 2683 adorerentur;
1453 2618 1659 2688 justam
1688 2619 1871 2687 potius
1912 2618 2047 2672 indi-

454 2722 545 2766 cat
574 2711 996 2766 cxceecationem
1026 2711 1288 2781 gentium,
1321 2725 1441 2779 qua:
1469 2711 1586 2779 lege
1608 2718 1662 2763 et
1690 2710 1970 2765 miraculis
1995 2717 2049 2764 et

456 2805 845 2876 prophetarum
868 2803 1106 2858 oraculis
1133 2802 1407 2858 deterrita:
1434 2804 1501 2857 ab
1525 2801 1629 2855 hoc
1657 2800 1826 2864 cultu,
1862 2810 1920 2853 ut
1945 2798 2044 2855 Ju-

458 2897 581 2963 daei,
612 2912 717 2950 non
738 2895 979 2953 fuerunt.
1006 2895 1185 2950 Alium
1221 2894 1485 2950 habemus
1514 2894 1567 2948 in
1598 2893 1792 2949 eodem
1822 2892 2047 2964 Dialogo

459 2987 658 3053 locum,
686 2989 777 3059 qui
814 2985 1012 3043 Justini
1038 2987 1204 3041 verba
1229 2986 1392 3041 aliter
1422 2986 1773 3056 interpretari
1823 3001 1930 3039 non
1967 2986 2047 3041 si-

456 3080 556 3135 nit.
588 3078 859 3135 Justiuuin
914 3086 1068 3150 rogat
1121 3077 1365 3149 Trypho,
1406 3094 1462 3132 n.
1493 3077 1584 3143 55,
1619 3087 1676 3132 ut
1714 3087 2048 3147 exsequatur

2152 2006 2267 2043 rere
2284 1998 2555 2050 naturam,
2569 1988 2720 2041 rebus
2732 1984 2997 2052 corporeis
3012 2001 3073 2037 ar
3087 1983 3180 2037 sub
3198 1998 3404 2037 sensum
3425 1980 3685 2035 cadmrib
3698 1995 3739 2030 ut

2152 2081 2273 2136 Divi
2279 2081 2495 2135 nitatem
2508 2080 2525 2133 i
2532 2095 2678 2133 nesse
2692 2078 2962 2148 suspicati,
2979 2076 3055 2131 vel
3068 2077 3301 2131 lubenter
3316 2076 3369 2128 in
3381 2075 3463 2128 Itis
3475 2074 3677 2126 sistere
3685 2079 3740 2123 nt

2152 2192 2257 2229 non
2282 2173 2515 2243 prolapsi
2545 2173 2615 2226 ad
2643 2172 2789 2225 idola
2826 2181 2875 2224 et
2911 2169 3176 2223 dwmonia
3207 2180 3227 2220 :
3256 2167 3358 2222 etsi
3394 2166 3543 2221 enim
3580 2182 3614 2217 α
3648 2163 3740 2217 Περ

2151 2266 2421 2328 aberrant,
2447 2272 2624 2317 tamen
2649 2261 2865 2316 illorum
2894 2274 3136 2314 errorem
3163 2259 3319 2328 longe
3346 2256 3740 2328 pra-ferendun

2149 2368 2341 2409 eorum
2372 2352 2571 2415 errori,
2612 2351 2702 2419 qui
2751 2350 2884 2403 deos
2912 2357 3113 2403 vocant
3148 2364 3309 2420 opt-ra
3338 2349 3657 2404 hominum.

2220 2443 2489 2499 Eusebius
2512 2440 2868 2497 Caesariensis
2908 2440 3210 2495 Demonstr.
3234 2457 3417 2510 evang.
3458 2439 3535 2494 lib
3580 2455 3667 2501 tv,
3712 2452 3740 2492 c

2150 2536 2204 2601 8,
2235 2536 2375 2591 idem
2404 2534 2599 2589 docere
2626 2534 2730 2588 hoc
2760 2533 2886 2588 loco
2909 2531 3131 2603 Moysen
3179 2534 3459 2589 existimat
3485 2548 3555 2588 ac
3595 2531 3739 2586 Paul

2149 2630 2261 2683 lum
2307 2629 2360 2682 in
2403 2625 2576 2694 Epist.
2622 2624 2691 2679 ad
2735 2624 3014 2680 Romanos
3040 2642 3079 2692 t,
3109 2625 3191 2690 l9,
3229 2636 3285 2679 et
3315 2635 3462 2681 astra
3492 2625 3735 2696 gentilia

2151 2718 2347 2773 tradita
2375 2716 2533 2781 dicit,
2567 2731 2631 2770 ne
2659 2716 2729 2769 ad
2751 2718 3052 2770 contrarias
3074 2726 3360 2786 potestates
3391 2728 3439 2772 et
3470 2718 3740 2771 daemonii

2148 2810 2482 2880 deﬂecterent
2510 2823 2530 2864 :
2559 2806 2681 2860 inde
2728 2808 2870 2860 enim
2917 2810 3309 2879 quodammodo
3351 2810 3519 2878 illius,
3545 2812 3648 2881 qui
3679 2811 3740 2864 in

2149 2901 2371 2956 visibilis
2406 2908 2507 2965 est,
2538 2909 2897 2969 conspectum,
2924 2901 3083 2957 veluti
3114 2918 3208 2972 per
3234 2903 3504 2973 quoddam
3556 2919 3733 2972 specu

2148 2995 2259 3049 lum
2287 2994 2548 3049 exhiberi.

2217 3086 2499 3157 Praecipue
2528 3103 2661 3146 vero
2686 3088 2741 3145 in
2774 3089 2834 3146 S.
2863 3088 3232 3162 Augustinum
3278 3088 3500 3158 iniquus
3526 3097 3622 3144 est
3654 3088 3730 3143 ,ιιι

454 3176 597 3245 quod
654 3190 714 3230 se
763 3177 1262 3230 demonstraturum
1309 3171 1661 3242 promiserat.
1711 3169 1880 3225 alium
1926 3184 2114 3268 esscc
2151 3179 2285 3245 rius,
2316 3193 2480 3249 quem
2542 3182 2670 3235 dum
2721 3181 2802 3235 ait
2845 3182 2913 3236 ad
2960 3181 3192 3236 aliorum
3221 3194 3463 3235 errorem
3494 3182 3740 3248 proxittn

456 3274 652 3335 praeter
679 3267 844 3321 Deum
870 3264 1107 3333 Patrem,
1134 3265 1226 3335 qui
1259 3265 1311 3318 in
1343 3262 1644 3332 Scripturis
1672 3264 1814 3317 Deus
1845 3276 1911 3317 ac
1936 3261 2043 3316 Do‘

459 3358 638 3412 minus
661 3368 917 3424 vocatur;
955 3357 1048 3412 sed
1076 3366 1261 3410 monet
1305 3371 1369 3409 ne
1399 3354 1561 3408 solem
1586 3363 1633 3407 et
1659 3353 1841 3407 lunam
1874 3353 2037 3419 dicat,

460 3468 578 3523 qua:
609 3453 864 3520 scriptum
917 3462 991 3505 est
1028 3452 1268 3522 gentibus
1293 3468 1539 3504 concessa
1564 3467 1596 3504 a
1631 3450 1739 3505 Deo
1770 3450 1959 3519 fuisse,
1991 3462 2047 3503 ut

460 3561 523 3598 ea
545 3555 793 3612 tanquam
807 3546 931 3600 deos
947 3545 1338 3600 colerent.Tum
1354 3544 1381 3599 .l
1391 3545 1693 3600 ustinussic
1717 3546 2006 3615 respondet
2030 3561 2045 3597 :

466 3656 486 3689 ‹
510 3637 629 3693 Non
656 3654 806 3693 eram
834 3639 1098 3693 allaturos
1120 3638 1363 3710 Trypho,
1410 3638 1506 3693 has
1529 3639 2047 3707 demonstrationes,

457 3730 655 3800 quibus
678 3746 771 3786 eos
800 3730 1150 3786 condemnari
1182 3732 1293 3785 scio
1312 3730 1402 3800 qui
1424 3732 1538 3785 htec
1553 3741 1606 3787 et
1623 3731 1820 3785 similia
1835 3731 2046 3796 colunt,

456 3824 552 3875 sed
571 3837 682 3884 eas,
701 3836 837 3890 quas
852 3831 1041 3876 contra
1064 3836 1224 3875 neruo
1243 3821 1424 3875 dicere
1444 3821 1664 3891 poterit.
1679 3840 1697 3873 ι
1721 3820 1776 3876 Si
1795 3823 1850 3877 in
1870 3821 2049 3875 verbis

457 3911 662 3982 Moysis
689 3911 1198 3966 condemnationem
1222 3926 1434 3978 eorum,
1456 3913 1549 3982 qui
1579 3912 1751 3968 solem
1783 3923 1839 3968 et
1864 3913 2050 3968 stellas

452 4002 660 4067 colunt,
680 4004 1051 4073 perspiciebat
1078 4003 1357 4068 Justinus;
1388 4004 1513 4072 quis
1556 4003 1768 4058 dubitet
1792 4004 1922 4073 quin
1955 4003 2049 4058 illa

456 4098 645 4153 eodem
678 4084 841 4152 Sensu
868 4098 1164 4166 acceperit,
1190 4111 1295 4166 quo
1321 4097 1435 4151 htec
1453 4096 1513 4151 S.
1534 4096 1796 4166 Stephani
1820 4098 1886 4152 de
1917 4097 2051 4167 ipsis

458 4188 657 4243 Judzeis
676 4189 817 4244 dicta
843 4188 1191 4257 accipiuntur
1224 4186 1362 4259 (Act.
1391 4204 1487 4254 vn,
1515 4187 1610 4258 42)
1630 4209 1642 4244 :
1666 4186 1932 4244 Convertit
1957 4205 2052 4242 au-

454 4298 557 4342 ¢em
591 4281 729 4334 Deus
752 4293 802 4335 et
830 4281 1051 4334 tradidit
1078 4297 1164 4335 eos
1190 4281 1385 4335 servire
1414 4280 1621 4335 militia:
1650 4282 1786 4335 cali.

530 4360 646 4428 Non
682 4372 920 4427 absimili
974 4387 1137 4428 sensu
1167 4370 1541 4428 Tertulliauus
1578 4372 1672 4431 lib.
1703 4373 1777 4427 De
1816 4374 2047 4429 idolola-

461 4467 590 4528 tria,
614 4481 739 4535 cap.
768 4465 827 4530 9,
852 4465 934 4520 sic
964 4464 1203 4537 loquitur
1263 4466 1331 4519 de
1376 4465 1550 4536 magia
1600 4475 1654 4519 et
1704 4466 1999 4537 astrologia
2033 4482 2049 4521 :

2151 3271 2435 3337 accedere,
2465 3272 2777 3342 opinionem
2823 3273 2873 3329 ei
2924 3272 3152 3342 aliingit,
3183 3288 3345 3341 quant
3383 3273 3427 3327 si
3462 3272 3739 3327 habuisse

2147 3362 2507 3435 Augustinus,
2529 3365 2686 3436 longe
2700 3366 2942 3421 deterius
2957 3374 3217 3419 errasset.
3238 3363 3329 3419 Sic
3352 3364 3727 3432 interpretatu

2154 3453 2561 3509 Deuteroaomii
2591 3454 2851 3510 locum’:
2898 3473 2917 3507 ι
2952 3454 3068 3511 Non
3106 3454 3182 3510 ita
3226 3455 3432 3510 dictum
3477 3464 3585 3517 est,
3629 3465 3733 3508 tan

2150 3559 2312 3614 quam
2352 3545 2494 3601 Deus
2534 3546 2853 3617 pratceperit
2882 3562 2944 3600 ea
2979 3546 3082 3602 coli
3135 3563 3164 3601 a
3217 3546 3492 3617 gentibus,
3547 3562 3578 3599 a
3629 3547 3740 3602 solt

2150 3647 2331 3692 autem
2372 3638 2569 3708 papulo
2594 3652 2694 3693 suo
2723 3655 2827 3694 non
2851 3638 2955 3695 coli
2981 3655 2997 3701 ;
3030 3639 3127 3694 sed
3156 3648 3250 3692 aut
3292 3641 3363 3693 ita
3403 3639 3612 3694 dictum
3642 3653 3735 3695 est

2150 3728 2295 3794 quod
2321 3727 2464 3783 Deus
2503 3729 2808 3797 prmscierit
2854 3739 3043 3801 gentes
3088 3729 3358 3785 culturam
3393 3730 3740 3786 exhibitura:

2151 3817 2235 3873 his
2261 3819 2616 3886 coelestibus,
2645 3831 2697 3876 et
2732 3831 2917 3877 tamen
2967 3824 3069 3877 hoc
3126 3824 3417 3894 praesciens
3473 3825 3735 3879 creaveri

2150 3927 2238 3979 ea,
2267 3928 2391 3968 eum
2417 3929 2543 3969 vero
2569 3914 2823 3984 populum
2855 3931 3009 3969 suum
3038 3914 3278 3970 futurum
3306 3931 3429 3970 esse
3453 3917 3733 3982 praescive

2152 4005 2243 4071 rit,
2268 4006 2361 4076 qui
2395 4006 2499 4060 ista
2546 4021 2652 4060 non
2682 4006 2922 4075 coleret;
2950 4017 3044 4061 aut
3093 4008 3361 4061 distribuit
3400 4009 3607 4062 dictum
3639 4020 3737 4065 est

2151 4106 2212 4151 ut
2262 4097 2595 4168 intelligatur
2634 4114 2763 4154 usus
2802 4101 2893 4170 qui
2931 4102 3349 4156 commendatur
3406 4102 3457 4155 in
3511 4101 3732 4157 Genesi

2151 4199 2209 4243 ut
2233 4190 2342 4244 sint
2373 4190 2427 4244 in
2456 4190 2632 4261 signa,
2673 4204 2783 4246 etc.
2821 4213 2840 4246 ι
2880 4192 3480 4255 lnexcusabilisJurius
3502 4195 3594 4261 qui
3630 4196 3740 4248 luet

2152 4286 2314 4338 verba
2354 4284 2642 4351 Augustini
2674 4300 2688 4338 :
2718 4283 2787 4337 Et
2815 4292 2992 4340 tamen
3025 4287 3123 4340 hoc
3150 4286 3434 4355 prwsciens
3462 4289 3733 4340 creaverit

2151 4387 2229 4431 tta
2257 4377 2458 4443 reddit,
2499 4377 2537 4431 il
2560 4377 2645 4432 n’a
2668 4396 2765 4449 pas
2807 4381 2967 4434 laissé
3008 4382 3073 4435 de
3120 4380 3193 4433 les
3241 4382 3387 4435 créer
3435 4380 3572 4433 dam
3613 4394 3740 4434 ceu.

2151 4484 2268 4533 vue,
2319 4470 2476 4538 quasi
2517 4472 2835 4541 scripsisset
2882 4472 3269 4541 Augustinus:
3325 4472 3395 4526 Et
3450 4480 3631 4526 tamen
3694 4490 3740 4526 et

464 4576 483 4609 ι
520 4559 588 4611 At
614 4559 758 4610 enim
806 4558 1040 4612 scientia
1093 4558 1195 4613 ista
1240 4573 1412 4627 usque
1442 4560 1511 4613 ad
1550 4558 1907 4629 Evangelium
1959 4558 2058 4613 fuit
2092 4578 2138 4634 ι)
2164 4561 2385 4615 consilio
2407 4565 2661 4619 creaverit
2698 4574 2753 4618 ut
2782 4565 3102 4619 colerentur.

458 4662 742 4713 concessa,
778 4658 838 4702 ut
867 4649 1088 4703 Christo
1118 4651 1266 4704 edito
1293 4664 1451 4704 nemo
1483 4649 1679 4705 exinde
1711 4652 2056 4705 nativitatem

460 4740 689 4809 alicujus
715 4741 782 4795 de
808 4740 947 4796 caelo
983 4742 1392 4810 interpretetur.
1418 4760 1436 4793 ι
1470 4741 1537 4795 Et
1560 4757 1668 4797 non
1699 4743 1867 4797 multo
1885 4752 2010 4813 post
2040 4768 2056 4804 ς

462 4851 483 4885 σ
521 4833 628 4887 Sed
660 4841 715 4887 et
744 4832 849 4887 alia
905 4832 999 4887 illa
1064 4834 1277 4904 species
1328 4835 1543 4903 magne,
1600 4849 1723 4903 quae
1774 4836 2059 4890 miraculis

456 4933 740 4994 operatur,
768 4926 932 4979 etiam
961 4925 1223 4980 adversus
1262 4926 1481 4996 Moysen
1519 4927 1806 4991 aemulata,
1836 4927 2051 4997 patien-

459 5019 588 5072 tiam
622 5017 715 5072 Dei
742 5020 911 5074 traxit
940 5019 1006 5074 ad
1030 5020 1383 5090 Evangelium
1416 5035 1607 5092 usque.
1650 5040 1670 5075 ι

527 5112 589 5165 ll.
613 5111 669 5165 S.
702 5110 953 5167 Clemens
979 5113 1378 5169 Alexandrinus
1406 5124 1558 5170 astra
1605 5113 1902 5185 gentilibus
1927 5112 2056 5165 data

456 5204 734 5258 exiStimat
777 5213 835 5257 ut
866 5220 933 5259 ex
963 5220 1151 5260 eorum
1185 5216 1409 5277 aspectu
1442 5207 1508 5261 ad
1538 5205 1820 5261 Creatoris
1847 5203 2053 5258 cultutn

457 5303 767 5364 assurgunt.
784 5292 876 5349 Sic
889 5295 1035 5350 enim
1051 5295 1292 5364 loquitur
1324 5296 1524 5352 Strom.
1558 5312 1634 5359 vr,
1654 5310 1707 5362 p.
1726 5294 1861 5349 669:
1886 5293 2058 5346 Ἔδω-

358 5442 361 5443 ,
457 5402 550 5439 κεν
582 5385 640 5438 δὲ
677 5385 768 5439 τὸν
800 5386 948 5458 ἣλιον
999 5389 1093 5441 καὶ
1127 5387 1225 5460 τὴν
1270 5389 1499 5460 σελήνην
1532 5387 1625 5441 καὶ
1658 5386 1727 5441 τὰ
1758 5387 1935 5457 ἄστρα
1972 5387 2055 5449 εἰς

456 5475 770 5548 θρησκείαν,
800 5480 835 5533 ἂ
860 5480 1115 5552 ἐποίησεν
1142 5483 1169 5533 ὁ
1192 5481 1323 5545 Θεὸς
1347 5484 1456 5544 τοῖς
1488 5480 1687 5542 ἔθνεσι,
1718 5479 1882 5550 φησὶν
1908 5478 1936 5529 ὁ
1970 5477 2057 5530 νό-

460 5585 579 5641 μος,
614 5569 699 5621 ἵνα
731 5572 802 5643 μὴ
835 5571 1013 5625 τέλεον
1045 5568 1192 5626 ἄθεοι
1227 5573 1529 5644 γενόμενοι,
1549 5571 1745 5633 τελέως
1780 5571 1873 5623 καὶ
1941 5570 2057 5623 δια-

453 5660 756 5734 φθαρῶσιν.
787 5663 976 5718 »υθάὶι
1004 5666 1171 5719 solem
1204 5673 1260 5718 et
1294 5664 1473 5717 lunam
1498 5672 1552 5718 et
1584 5672 1733 5716 astra
1763 5663 1829 5715 ad
1862 5660 2049 5715 colen-

419 5787 435 5809 .
457 5754 608 5819 dum,
644 5770 764 5820 qua:
787 5754 929 5811 Deus
974 5757 1101 5812 iecit
1132 5756 1406 5827 gentibus,
1435 5756 1614 5827 inquit
1635 5756 1742 5824 lex,
1771 5771 1840 5812 ne
1864 5756 2047 5839 omni-

551 5864 573 5893 ⁸
602 5863 806 5931 Qumst.
846 5868 899 5923 in
937 5866 1307 5924 Deuteronom.

2236 4653 2494 4708 Statuere
2538 4669 2669 4725 ergo
2712 4670 3008 4725 possumus
3067 4656 3339 4711 neminem
3378 4670 3445 4710 ex
3499 4656 3740 4726 antiqui:

2160 4744 2418 4801 Patribus
2465 4748 2702 4802 sensisse
2746 4748 2951 4803 cultum
3014 4758 3288 4803 astrorum
3332 4748 3428 4803 Dei
3474 4764 3740 4804 concessr

2160 4837 2489 4905 permissum
2521 4837 2688 4892 fuisse
2716 4839 3006 4909 gentibus;
3041 4841 3135 4895 sed
3164 4853 3353 4895 omnes
3382 4839 3523 4893 hanc
3544 4852 3740 4909 super-

2160 4930 2438 4983 stitionem
2481 4932 2855 4985 condemnant
2893 4942 2950 4987 et
2992 4941 3139 4985 astra
3192 4932 3441 5003 gentibus
3476 4933 3603 4986 data
3660 4933 3740 4985 di.

2158 5029 2326 5089 cunt,
2360 5021 2443 5076 vel
2476 5030 2536 5077 ut
2567 5023 2633 5078 ad
2673 5021 2951 5079 Creatoris
2996 5024 3510 5094 contemplationem
3545 5024 3740 5078 incita.

2161 5122 2316 5178 rent,
2351 5113 2437 5169 vel
2467 5122 2525 5168 ut
2549 5115 2928 5173 ministrarent
2952 5117 3203 5186 gentibus
3244 5117 3299 5171 in
3330 5118 3485 5187 signa
3513 5126 3570 5172 et
3599 5126 3740 5172 tem-

2158 5222 2290 5275 pora
2312 5245 2330 5273 ,
2359 5207 2446 5263 vel
2471 5208 2599 5277 quia
2626 5208 2776 5277 justa
2821 5210 3187 5265 excaecatione
3226 5208 3506 5266 derelictte
3542 5221 3740 5282 gentes

2159 5298 2227 5351 ad
2275 5298 2423 5353 hunc
2452 5300 2660 5354 cultum
2709 5303 2975 5370 prolapsa:
3006 5309 3151 5355 sunt.
3186 5300 3428 5356 Isidorus
3459 5301 3740 5358 Pelusiota

2158 5389 2429 5443 neminem
2454 5400 2685 5445 noverat
2724 5392 2815 5460 qui
2850 5407 2914 5446 eo
2942 5407 3134 5447 errore
3176 5392 3483 5451 laborasset
3526 5405 3622 5449 aut
3658 5396 3740 5451 la-

2157 5479 2415 5546 boraret,
2456 5496 2616 5551 quem
2656 5484 2987 5538 venerandis
3032 5486 3393 5554 scriptoribus
3424 5484 3613 5540 Jurius
3644 5498 3740 5541 at-

2160 5573 2389 5639 tribuit;
2417 5575 2512 5629 sed
2535 5576 2579 5629 si
2604 5577 2694 5644 qui
2732 5577 2805 5629 ita
2833 5575 3093 5640 sentiant,
3129 5592 3224 5631 eos
3255 5578 3486 5634 inscitiae
3511 5582 3740 5636 nomine

2154 5663 2500 5719 condemnat.
2530 5664 2592 5716 Ei
2620 5664 2675 5716 δέ
2709 5681 2853 5727 τινες
2882 5664 3082 5718 οἴονται
3116 5665 3554 5739 ἀπονενεμῆσθαι
3590 5671 3740 5741 πρὸς

2154 5752 2214 5807 τὸ
2242 5753 2616 5830 προσκυνῆσαι
2649 5756 2831 5821 αὐτοῖς
2864 5756 3153 5828 λαμπρῶς,
3182 5759 3277 5829 τὴν
3322 5756 3525 5811 οἰκείαν
3566 5762 3739 5814 ἀπαι-
