3792 6498
132 373 181 426 ιι
1084 380 1148 440 D.
1188 385 1450 441 MARANI
1487 389 1573 443 PR

1690 392 1876 452 ‘ATIO.
1909 428 1976 438 α-
2011 398 2192 457 PARS
2227 404 2289 461 ll.
3242 429 3311 483 5‘2

127 491 309 546 δευσιαν
353 494 731 564 στηλιτεύουσι.
773 517 793 550 ι
824 499 976 567 Quod
1010 504 1054 558 si
1087 507 1180 575 qui
1221 509 1508 567 distributa
1540 528 1573 582 ι)

1690 519 1716 575 ι
1745 517 1863 571 istis
1895 519 2154 576 honorem
2201 536 2258 579 et
2305 527 2512 584 cultum
2537 546 2659 588 esse
2687 535 3098 597 adhibendum?
3126 546 3308 602 Altera

128 593 221 638 tant
246 594 295 637 ut
328 586 637 655 adorentur,
690 592 961 648 inscitiam
1012 612 1168 652 suam
1207 601 1306 670 ipsi
1350 606 1637 664 manifeste
1741 610 2117 679 interpretatio
2163 619 2499 684 perabsurde
2550 627 2742 681 statuit
2787 638 2841 684 et
2889 648 2989 687 nos
3039 645 3093 689 et
3138 638 3309 694 bonos

125 676 337 743 produnt.
366 694 385 727 ι
417 677 533 746 Ipse
554 695 720 747 vero,
766 685 949 740 itidem
997 698 1054 741 ut
1089 691 1181 743 alii
1231 692 1454 761 Patres,
1488 707 1635 755 astra
1738 702 1963 770 angelos
1994 720 2023 758 a
2054 705 2274 763 Christo
2304 711 2407 765 ista
2448 716 2673 773 edoctos
2718 735 2875 785 esse,
2907 725 3165 782 nimirum
3198 746 3304 786 non

123 766 330 832 gentibus
355 768 474 823 data
506 775 853 841 pronuntiat,
880 779 939 831 in
962 781 1300 846 disciplinain
1331 796 1383 840 et
1418 788 1633 844 inatitu-
1734 766 1992 850 colendos
2031 812 2154 852 esse
2204 800 2377 857 malos
2418 803 2714 869 daemones.
2766 766 2912 868 Niliil
2960 819 3107 872 enim
3158 821 3306 877 aliud

121 858 277 910 tionem
324 868 373 912 et
425 864 808 931 cognitionem,
859 879 917 922 ut
967 887 1033 925 ea:
1090 892 1266 929 rerum
1329 891 1629 938 creatarunt
1733 896 1837 939 vox
1862 886 1967 941 ista
1999 891 2271 959 signilicat
2303 896 2403 951 hoc
2438 899 2572 956 loco.

121 950 420 1018 magnitudine
492 964 543 1007 et
599 958 998 1027 pulchritudine
1059 969 1335 1023 invisibilis
1406 972 1629 1029 Greater

118 1048 434 1115 conspiciatur.

645 1170 873 1227 CAPUT
935 1175 1023 1234 IV.

526 1298 606 1354 De
634 1307 937 1373 angelorum
969 1311 1135 1366 cultu.

113 1423 143 1470 Ι.
158 1425 335 1498 insignis
355 1429 442 1498 loci
463 1445 526 1481 ex
567 1434 726 1498 Apulo

154 1556 229 1599 tur.
250 1549 323 1599 lll.
346 1550 583 1607 Nonnulla
601 1549 939 1617 solvuntur};
960 1549 1289 1633 έὶῥιξὲἓὶῖῖυτῖ

158 1720 188 1773 Ι.
222 1721 390 1780 Exstat
415 1725 467 1781 in
496 1729 756 1801 Apologia
788 1735 813 1789 1
849 1734 908 1790 S.
939 1736 1134 1795 Justini
1167 1743 1392 1815 insignis
1419 1750 1485 1804 de
1512 1766 1609 1805 an-

560 1440 825 1517 :tpologzl‘l
847 1440 901 1490 S.
922 1444 1103 1517 Justini
1127 1462 1289 1517 prava;
1314 1455 1617 1517 interpreta-

154 1489 603 1571 tiqnesnrefelluntur.
613 1489 689 1571 ’1.
714 1489 1065 1567 Ᾰιίιειιειέῐῖιῖειξ

1813 996 2074 1068 Quisquis
2117 1004 2254 1060 sciet
2292 1014 2628 1080 propositum
2674 1030 2795 1073 esse
2840 1020 2899 1074 S.
2942 1024 3202 1095 martyri,
3243 1036 3303 1082 ut

1724 1082 2077 1145 Christianos
2119 1097 2314 1164 probet
2342 1117 2447 1156 non
2473 1117 2594 1159 esse
2633 1109 2846 1173 atheos,
2877 1111 3035 1167 lateri
3066 1128 3301 1183 cogetur

1726 1179 2046 1247 angelorum
2074 1188 2278 1242 cultum
2311 1192 2379 1246 ab
2407 1208 2473 1249 eo
2500 1198 2812 1264 praedicari.
2864 1202 2920 1256 ld
2947 1206 3091 1259 enim
3128 1208 3301 1275 pluri-

1723 1281 1868 1321 mum
1901 1270 2117 1328 valebat
2165 1280 2232 1331 ad
2276 1284 2696 1353 propulsandam
2740 1293 2992 1347 atheismi
3035 1298 3296 1351 crimina-

1723 1359 1950 1417 tionem.
1970 1362 2158 1436 Neque
2183 1370 2293 1427 alio
2316 1388 2476 1429 sensu
2511 1379 2871 1448 imperatores
2895 1385 3090 1441 Justini
3122 1391 3290 1446 verba

1713 1744 1829 1782 rum
1880 1735 2185 1802 angelorum
2223 1743 2510 1797 exercitum
2542 1748 2784 1803 colimus.
2817 1753 3086 1808 Praeterea
3121 1758 3283 1810 malis

105 1813 203 1878 gens
243 1814 405 1884 locus,
435 1821 525 1889 qui
561 1831 617 1876 ει
647 1839 745 1878 sua
795 1837 987 1898 spome
1036 1834 1242 1906 indiga
1279 1813 1463 1911 ‘aliqua
1508 1859 1605 1898 ex-
1637 1870 1680 1923 Β
1710 1821 2102 1923 angelis,“quos
2129 1827 2426 1923 Christiani
2451 1835 2637 1893 colere
2668 1842 2882 1909 nolunt,
2927 1856 3279 1916 opponuntur

105 1903 353 1969 planatione
380 1921 432 1963 et
460 1928 525 1967 ex
556 1916 727 1969 variis
770 1903 1355 1997 interpretationibus,
1405 1933 1604 2003 quibus

102 1999 305 2065 agitatum
351 2002 476 2070 luit,
526 2007 583 2061 in
616 2025 777 2065 unam
808 2013 1042 2085 aliquam
1066 2058 1082 2083 ,
1115 2036 1237 2090 qua:
1267 2023 1373 2079 lixa
1405 1999 1461 2082 et
1501 2032 1601 2084 itu-

102 2100 207 2145 mota
243 2094 337 2159 sit,
375 2097 732 2156 vindicandus
770 2116 871 2159 est.
927 2107 1017 2163 Sic
1060 2112 1228 2180 igitur
1275 2115 1335 2171 S.
1367 2131 1597 2192 martyr,

102 2197 139 2233 ιι.
166 2181 191 2235 6
225 2198 239 2236 :
278 2186 375 2239 Kal.
403 2190 775 2263 ὁμολογοῦμεν
804 2196 911 2250 τῶν
945 2200 1198 2255 τοιούτων
1227 2181 1596 2280 νομιζομένων

98 2270 197 2327 θεῶν
235 2278 361 2331 ἄθεοι
404 2277 579 2351 εἶναι,
631 2286 743 2339 ἀλλ’
786 2290 905 2360 οὐχὶ
938 2294 1031 2347 τοῦ
1065 2270 1467 2367 ἀληθεστάτοιι,
1504 2309 1597 2361 καὶ

97 2365 253 2437 Πιτρός
272 2371 607 2447 δικαιοσύνης
640 2380 731 2432 καὶ
763 2386 1130 2460 σωφροσύνης,
1157 2365 1254 2446 καὶ
1281 2396 1389 2450 τῶν
1420 2365 1594 2455 ἄλλων

95 2456 275 2525 ἀρετῶν,
305 2465 655 2538 ἁνεπιμίκτου
699 2492 757 2527 τε
793 2480 989 2545 κακίας
1026 2456 1191 2538 Θεοῦο
1226 2489 1341 2542 ἀλλ’
1387 2492 1594 2550 ἐκεῖνόν

97 2566 165 2614 τε,
193 2556 265 2608 καὶ
292 2558 372 2611 τὸν
398 2566 526 2635 παρ’
563 2566 732 2621 αὑτοῦ
768 2570 895 2625 Υὶδν
924 2574 1143 2630 ἐλθόντα
1182 2580 1273 2634 καὶ
1306 2582 1591 2653 διδάξαντα

95 2645 198 2712 ἡμεῖς
209 2651 370 2718 ταῦτα,
386 2658 473 2710 καὶ
489 2659 585 2712 τὸν
600 2662 708 2717 τῶν
724 2665 895 2720 ἄλλων
911 2670 1193 2741 ἑπομένων
1211 2675 1302 2728 καὶ
1317 2645 1589 2750 ἐξομοιου-

96 2738 222 2803 μένων
246 2745 440 2813 ἀγαθῶν
465 2752 722 2822 ἀγγέλων
756 2738 1255 2837 στρατὺνξΠνεῦμά
1278 2786 1337 2822 τε
1452 2789 1587 2845 προ-

95 2833 259 2896 φητικὸν
296 2842 551 2912 σεϐόμεθα
584 2886 599 2910 ,
652 2849 744 2901 καὶ
797 2833 1245 2928 προσκυνοῦμεν,
1298 2860 1445 2933 λόγῳ
1494 2833 1586 2919 καὶ

92 2923 256 2998 ἀληθεῐᾳ.
277 2934 522 3001 τιμῶντες
545 2984 559 3001 ,
602 2940 695 2993 καὶ
730 2946 888 2996 παντὶ
921 2923 1237 3022 βουλομένῳ*
1258 2923 1476 3023 μαθεῖν,
1509 2956 1585 3021 ὡς

93 3015 386 3115 why“,
404 3028 659 3097 ἀφθόνως
691 3015 1094 3106 παραδιδόντεςξ
1136 3063 1157 3095 ‹
1184 3015 1363 3115 Atque
1393 3015 1582 3107 λιιιωέ

93 3108 246 3171 qudem
288 3133 375 3173 nos
416 3135 536 3177 esse
587 3126 942 3195 conﬁtemur,
988 3133 1033 3187 si
1064 3133 1133 3189 de
1162 3139 1397 3206 opinatis
1436 3142 1581 3213 ejus-

92 3203 190 3255 modi
215 3207 300 3263 diis
325 3224 544 3283 agatur;
588 3232 751 3275 secus
794 3236 923 3278 vero
966 3226 1012 3281 si
1044 3226 1113 3283 de
1144 3232 1429 3290 verissimo
1459 3235 1572 3304 illo,
1604 3208 1648 3268 (ί

91 3303 127 3346 el
143 3295 317 3361 iustitia:
338 3321 397 3361 ac
426 3314 828 3382 temperantiae,
859 3333 923 3374 ac
952 3330 1275 3382 exterarum
1308 3329 1573 3390 virtutum

93 3383 229 3482 faue,
273 3398 400 3451 nulla
432 3403 676 3457 admisto
721 3407 1018 3468 vitiositate
1056 3415 1186 3471 Deo.
1222 3417 1329 3476 Sed
1356 3437 1481 3477 eum
1516 3433 1571 3482 el.

91 3474 257 3552 Filium,
286 3489 369 3559 qui
397 3494 463 3547 ab
494 3510 564 3550 eo
600 3498 749 3552 venit
782 3516 847 3555 ac
877 3518 977 3558 nos
1002 3505 1103 3561 ista
1144 3510 1355 3575 docuit,
1396 3525 1449 3568 et
1476 3530 1603 3571 cast

91 3576 258 3631 terarum
297 3583 378 3649 qui
430 3585 585 3641 illum
638 3601 1011 3660 assectantur,
1077 3598 1238 3669 eique
1286 3604 1570 3662 assimilati

89 3674 193 3729 sunt,
228 3668 459 3731 bonorum
500 3680 822 3750 angelorum
852 3689 1149 3745 exercitum
1170 3731 1186 3755 ,
1216 3704 1274 3748 et
1308 3693 1569 3767 Spiritum

89 3759 376 3821 propheticum
408 3771 647 3827 colimus
677 3783 735 3828 et
772 3776 1064 3836 adoramus
1084 3822 1099 3845 ,
1148 3787 1360 3842 ratione
1397 3796 1449 3843 et
1477 3805 1569 3846 ve-

91 3846 197 3904 ritate
251 3869 594 3925 venerantes.
654 3875 709 3921 et
779 3879 839 3923 ut
900 3873 1130 3944 quisque
1195 3878 1408 3936 discere
1473 3898 1567 3939 vo-

88 3933 219 4006 luerit,
256 3948 375 4005 citra
423 3955 692 4012 invidiam
716 3999 732 4023 ,
775 3973 836 4016 ut
874 3966 1054 4021 edocti
1101 3983 1324 4035 sumus,
1363 3974 1567 4045 imper-

89 4030 234 4092 tientes.
268 4060 286 4093 ι

135 4152 256 4209 Aliter
294 4160 426 4218 hunc
468 4166 651 4221 locum
698 4167 1127 4239 interpretantur
1164 4176 1559 4238 Protestantes.

87 4238 277 4311 Quidam,
314 4266 364 4309 ut
402 4256 590 4313 Bullus
648 4261 702 4314 in
752 4263 1071 4319 defensione
1120 4267 1243 4323 ﬁdei
1295 4270 1557 4340 Nictenaa,

86 4344 121 4395 βο
147 4336 249 4404 ll8,
274 4346 335 4399 sic
360 4354 634 4422 accipiunt
666 4356 822 4421 quasi
856 4357 999 4411 dicat
1022 4356 1270 4415 Justinus
1302 4380 1402 4419 nos
1431 4367 1553 4432 ista,

85 4436 225 4495 ηεηψε
244 4448 334 4501 qua:
352 4442 412 4494 ad
442 4445 621 4499 malos
649 4447 872 4515 angelos
893 4456 1331 4519 persecutionum
1364 4468 1557 4512 aucto-

1708 1911 1872 1981 boni;
1933 1918 2081 1988 iique
2132 1921 2329 1979 Filium
2403 1938 2664 2001 tanquam
2718 1936 2904 1992 famuli
2970 1944 3277 2009 assectari,

1706 2019 1939 2076 eumque
1968 2010 2170 2067 imitari
2205 2016 2488 2085 dicuntur,
2520 2033 2578 2078 ut
2603 2028 2795 2083 merito
2821 2045 2914 2084 eos
2941 2032 3045 2087 coli
3076 2043 3131 2087 et
3167 2051 3278 2089 ma-

1705 2096 1785 2153 los
1817 2099 1965 2169 rejici
1994 2114 2192 2175 pateat.

1772 2230 1834 2284 ll.
1903 2232 1961 2288 S.
2006 2234 2207 2294 Justini
2264 2244 2488 2314 vestigia
2539 2249 2740 2315 premit
2787 2251 3165 2325 Athenagoras
3217 2259 3270 2313 in

1697 2322 1887 2377 eodem
1921 2325 2220 2385 refellendo
2241 2333 2493 2389 crimine.
2520 2335 2815 2407 Postquam
2846 2342 2990 2395 enim
3021 2360 3185 2399 unum
3212 2348 3267 2402 in

1698 2413 1875 2469 tribus
1916 2419 2167 2485 personis
2195 2421 2394 2489 Deum,
2427 2424 2641 2481 Patrem
2686 2438 2742 2483 et
2782 2430 2976 2485 Filium
3007 2444 3063 2489 et
3095 2436 3269 2505 Spiri-

1695 2512 1808 2558 tum
1844 2518 2096 2563 sanctum
2142 2526 2172 2565 a
2201 2511 2529 2572 Christianis
2559 2518 2663 2574 coli
2709 2520 2931 2588 docuit;
2975 2533 3085 2579 tum
3134 2543 3265 2583 vero

1692 2593 1774 2649 sic
1803 2597 1871 2651 ad
1904 2599 2129 2668 angelos
2160 2605 2358 2659 transit
2394 2605 2613 2676 Legat.,
2649 2626 2705 2665 ιι.
2741 2612 2806 2666 10
2848 2629 2862 2665 :
2909 2614 3017 2668 Καὶ
3046 2618 3148 2671 οὐκ
3172 2620 3265 2672 ἐπὶ

1692 2686 1901 2752 τούτοις
1932 2689 1992 2743 τὸ
2022 2690 2329 2762 Θεολογικδν
2359 2698 2515 2769 ἡμῶν
2543 2700 2755 2756 ἵσταται
2783 2706 2946 2777 μέρος
2965 2725 2978 2737 ·
3007 2710 3141 2764 ἀλλὰ
3171 2715 3265 2768 καὶ

1689 2776 1891 2850 πλῆθος
1912 2781 2157 2851 ἀγγέλων
2174 2786 2265 2839 καί
2287 2787 2614 2862 λειτουργῶν
2640 2811 2839 2865 φαμεν,
2856 2776 2952 2862 οὒς
2980 2801 3009 2852 ὁ
3032 2806 3263 2874 ποιητὴς

1688 2873 1781 2926 καὶ
1808 2874 2137 2947 δημιουργὸς
2166 2880 2371 2951 κόσμου
2401 2882 2533 2947 Θεὸς
2557 2884 2644 2939 διὰ
2678 2888 2771 2940 τοῦ
2799 2891 2928 2961 παρ’
2959 2895 3125 2948 αὑτοῦ
3158 2901 3264 2952 Λο-

1684 2984 1783 3035 γου
1812 2968 2046 3041 διένειμε
2093 2974 2186 3025 καὶ
2224 2974 2432 3040 διέταξε
2474 2980 2599 3050 περι
2644 2998 2694 3033 τε
2730 2983 2798 3037 τὰ
2842 2990 3081 3057 στοιχεῖα
3119 2986 3257 3046 εἶναι

1684 3059 1777 3111 καὶ
1818 3062 1941 3126 τοὺς
1967 3063 2230 3135 οὐρανοὺς
2263 3068 2354 3119 καὶ
2394 3069 2483 3122 τὸν
2524 3071 2727 3143 κόσμον
2762 3077 2852 3129 καὶ
2886 3078 2954 3131 τὰ
2980 3080 3040 3133 ὲν
3071 3082 3253 3154 αὐτῷ,

1681 3151 1774 3203 καὶ
1803 3152 1899 3224 τὴν
1929 3154 2135 3210 τούτων
2159 3158 2433 3224 εὐταξίαν.
2484 3179 2505 3212 ι
2534 3160 2722 3232 Neque
2764 3166 2847 3221 his
2876 3179 3056 3227 tamen
3099 3177 3255 3231 tlteo~

1680 3240 1837 3308 legite
1866 3254 2065 3301 nostrae
2096 3250 2236 3302 ratio
2268 3254 2619 3320 continetur;
2653 3257 2747 3310 sed
2770 3267 2820 3311 et
2849 3261 3249 3322 multitudinem

1679 3334 1996 3403 angelorum
2030 3347 2085 3392 et
2123 3340 2498 3396 tninistrorum
2531 3348 2896 3413 agnoscimus,
2927 3367 3061 3421 quos
3083 3356 3253 3410 Crea-

1677 3431 1763 3477 tor
1792 3434 1847 3479 et
1877 3427 2064 3496 opifex
2094 3431 2278 3486 mundi
2311 3431 2454 3487 Deus
2483 3449 2580 3504 per
2609 3436 2846 3493 Verbum
2873 3456 3032 3497 suum
3067 3447 3248 3502 distri-

1674 3516 1791 3572 buit
1819 3528 1875 3573 et
1898 3522 2209 3588 ordinavit,
2238 3534 2298 3580 ut
2343 3525 2491 3582 circa
2527 3528 2832 3598 elementa,
2864 3535 3054 3597 caelos.
3089 3554 3247 3595 mun-

1673 3606 1800 3660 dum
1829 3618 1883 3662 et
1913 3622 2035 3680 quas
2064 3612 2119 3667 in
2155 3628 2221 3669 eo
2262 3623 2429 3681 sunt,
2458 3631 2755 3688 eorumque
2786 3626 3238 3693 temperationem

1670 3711 2046 3757 versarentur.
2077 3723 2095 3756 ι

1740 3788 1866 3846 Haec
1932 3794 2244 3864 angelorum
2289 3808 2344 3854 et
2398 3801 2825 3871 beneﬁciorum,
2877 3807 2995 3878 Quae
3039 3810 3105 3863 ab
3159 3812 3240 3869 eis

1668 3884 1986 3953 accipimus,
2045 3896 2102 3941 et
2161 3890 2445 3961 obsequii,
2506 3899 2650 3965 quod
2713 3899 2886 3955 Verbo
2939 3902 3238 3970 exhibent,

1668 3980 2124 4035 commemoratio
2166 3984 2415 4040 eumdem
2461 3987 2623 4045 habet
2683 4006 2838 4047 nsunt
2897 3996 3036 4064 apud
3092 3997 3235 4052 hunc

1664 4067 1985 4137 scriptorem
2027 4086 2090 4128 ac
2129 4076 2269 4143 apud
2305 4076 2612 4145 Justinum,
2659 4098 2853 4154 nempe
2896 4096 2951 4140 ut
2992 4104 3020 4141 a
3075 4090 3239 4143 Chri-

1665 4160 1861 4216 stianis
1916 4164 2167 4221 atheismi
2224 4171 2430 4225 crimen
2493 4174 2817 4243 depellatur.
2880 4177 3018 4245 Quin
3068 4182 3233 4235 etiam

1663 4251 1876 4307 videtur
1923 4257 2098 4323 prima
2156 4261 2340 4327 specie
2395 4261 2775 4334 Athenagoras
2822 4268 3034 4337 longius
3100 4272 3233 4325 lerri

1662 4354 1825 4408 quam
1857 4342 2127 4402 Justinus.
2162 4346 2453 4419 Theologia
2484 4352 2631 4405 enim
2664 4356 2806 4422 apud
2853 4358 3106 4425 antiquos
3158 4362 3233 4413 si—

1660 4433 1925 4501 gniﬁcare
1946 4438 2086 4492 solet
2114 4447 2322 4495 naturae
2349 4441 2549 4496 divina:
2576 4446 3041 4515 praedicationem;
3068 4460 3234 4518 atque

88 4529 141 4569 re,
174 4537 387 4597 specum,
422 4551 489 4591 ac
526 4540 695 4593 simul
726 4557 848 4610 qua:
877 4545 943 4598 ad
972 4546 1198 4608 bonos’a
1227 4548 1447 4606 Christo
1475 4554 1556 4606 αἱ,
1589 4544 1633 4599 D
1664 4526 1792 4580 hinc
1823 4542 2013 4583 ansam
2053 4530 2290 4599 arripuit
2335 4532 2717 4605 Barbeyraeus
2758 4538 2828 4592 ad
2871 4539 3230 4598 iucusandum

87 4608 221 4669 «licisse
258 4635 271 4673 :
315 4628 400 4680 sed
450 4628 569 4685 haec
631 4636 924 4702 explicatio
982 4640 1176 4694 merito
1227 4643 1472 4711 rejicitur
1521 4660 1551 4699 a

84 4699 235 4774 Granio,
257 4719 333 4783 qui
370 4731 549 4780 tamen
588 4741 696 4781 non
733 4728 885 4782 valde
912 4732 1186 4786 meliorem
1217 4733 1398 4789 affert.
1433 4736 1554 4792 Sta-

85 4797 145 4847 tuit
162 4805 269 4859 enim
293 4810 361 4865 sic
390 4819 711 4872 vertendum
734 4861 749 4883 ,
784 4829 840 4873 ut
872 4838 969 4875 nos
1002 4822 1253 4880 Christus
1281 4827 1551 4899 simulque

85 4896 230 4957 al1559105
255 4904 372 4969 ista,
402 4925 596 4979 nempe
626 4927 751 4981 quae
784 4915 946 4983 paulo
977 4928 1106 4971 ante
1133 4918 1200 4973 de
1219 4918 1447 4986 justitia:
1486 4938 1551 4975 ac

84 4988 339 5051 “Manliae
364 5018 421 5054 ac
446 5016 765 5059 cwterarum
795 5009 1041 5062 virtutum
1076 5007 1238 5064 Patre
1273 5011 1381 5065 Deo
1404 5013 1549 5069 dicta

85 5086 173 5137 Still.
196 5084 440 5147 edocuisse
477 5095 720 5150 dicatur.
758 5096 1001 5168 Utraque
1042 5102 1421 5171 interpretatio
1446 5105 1549 5160 hoc

88 5161 165 5221 tilio
184 5170 393 5248 laborat,
421 5188 566 5254 quod
607 5188 808 5244 Justini
841 5190 1004 5245 verba
1044 5192 1277 5247 miriﬁce
1310 5195 1450 5249 inter
1490 5210 1549 5251 se

88 5268 166 5309 neu
194 5278 244 5318 ac
268 5268 313 5322 in
352 5288 512 5329 unum
554 5288 612 5332 et
657 5278 796 5333 idem
846 5282 1545 5352 pr0positum-pertinentia

88 5346 262 5412 “denter
294 5362 621 5436 detorqueat.
657 5346 931 5425 Phalerea
961 5390 1027 5428 ex
1075 5376 1250 5444 printa
1284 5376 1544 5445 interpre-

90 5442 216 5500 tatione
250 5467 442 5526 semper
488 5462 740 5531 sequitur
774 5464 1033 5521 colendos
1070 5481 1192 5521 esse
1240 5467 1413 5521 honos
1443 5483 1545 5520 an~

90 5528 314 5630 filis-Nam
342 5551 382 5604 si
409 5528 660 5612 Christus
686 5561 790 5613 ista
822 5573 923 5613 nos
959 5562 1168 5624 docuit,
1201 5576 1393 5630 nempe
1427 5576 1543 5614 ma-

92 5617 231 5719 ξθεεεεο
259 5640 512 5703 daemones
539 5652 631 5719 qui
665 5652 879 5708 colendi
914 5670 1019 5709 non
1057 5662 1221 5719 sunt,
1249 5668 1313 5707 ac
1342 5654 1538 5709 deinde

91 5710 189 5816 9m“?
213 5742 309 5788 esse
358 5742 449 5807 qui
510 5710 707 5798 Filium
756 5744 853 5800 Dei
899 5710 1257 5813 assectantu'r,
1310 5746 1538 5816 ejusque

92 5813 277 5879 Lmtinem
319 5827 367 5882 in
408 5846 465 5885 se
506 5832 726 5900 ferunt;
781 5853 957 5894 annon
1021 5838 1144 5895 inde
1208 5848 1527 5909 sequeretur

142 5963 171 5986 λ
266 5918 503 5987 Parnm.
553 5929 664 5991 Gn.
709 5932 813 5997 Vl.

1655 4618 2086 4689 Athenagoram.
2156 4621 2265 4677 Sed
2334 4626 2436 4679 hac
2490 4641 2623 4683 voce
2693 4629 2988 4700 signiﬁcari
3055 4646 3233 4703 potest

1657 4711 1907 4766 doctrina
1956 4714 2219 4770 divinitus
2265 4718 2540 4785 revelata;
2577 4722 2663 4775 vel
2702 4723 2748 4777 si
2786 4724 2984 4780 divina:
3022 4737 3232 4782 natura:

1656 4801 1862 4856 cultum
1902 4805 2205 4875 signiﬁcet,
2260 4824 2367 4864 non
2420 4809 2694 4867 innuerito
2737 4830 2860 4868 eum
2896 4817 3001 4872 hoc
3030 4818 3230 4873 divina:

1655 4901 1865 4945 natura:
1902 4894 2046 4947 cultu
2084 4897 2463 4967 Athenagoras
2488 4901 2751 4957 honorem
2783 4906 2992 4974 angelis
3013 4908 3230 4961 adhibi-

1654 4991 1766 5037 tum
1800 4986 2117 5057 conjungit,
2161 4991 2289 5057 quia
2339 4992 2405 5044 ad
2460 4992 2628 5048 Deum
2682 4996 2922 5051 refertur
2958 5000 3224 5070 quidquid

1652 5072 1877 5129 honoris
1906 5078 2116 5147 angelis
2142 5082 2490 5137 exhibemus.

1731 5188 1818 5244 lll.
1864 5190 2165 5259 Displicere
2196 5206 2246 5245 et
2277 5195 2579 5248 molestiam
2607 5196 2877 5253 lacessere
2906 5215 3010 5253 non
3041 5200 3221 5263 debet,
3268 5232 3273 5242 .

1647 5283 1789 5350 quod
1822 5280 2003 5335 Verbo
2056 5283 2280 5352 angelos
2332 5285 2582 5355 adjungit
2638 5285 2910 5342 Justinus.
2967 5289 3221 5358 Adjungit

1646 5378 1790 5429 enim
1844 5386 1901 5429 ut
1948 5376 2182 5431 fatnulos
2224 5389 2274 5432 et
2323 5389 2657 5445 sectatores,
2711 5383 2873 5451 idque
2921 5382 3219 5451 Scriptum

1645 5476 2093 5521 consentaneum.
2119 5467 2253 5521 Nam
2287 5471 2337 5522 ιιι
2357 5472 2677 5541 Apocalypsi
2707 5489 2821 5535 th,
2849 5471 2929 5531 Η,
2950 5474 3016 5525 de
3043 5473 3217 5527 Verbo

1643 5559 1844 5613 dicitur
1875 5574 1890 5612 :
1924 5559 1988 5613 Et
2019 5563 2279 5616 exercitus
2315 5566 2405 5631 qui
2432 5575 2551 5617 sunt
2590 5566 2643 5618 in
2676 5565 2824 5627 mlo,
2867 5566 3219 5633 sequebantur

1641 5668 1759 5704 eum
1799 5654 1853 5704 in
1902 5655 2049 5724 equis
2102 5655 2277 5720 albis,
2320 5658 2491 5710 vestiti
2547 5660 2699 5726 bysso
2737 5656 2857 5708 albo
2900 5667 2951 5709 et
2994 5660 3211 5710 mundo.

1641 5743 1827 5814 Neque
1858 5749 2076 5802 errandi
2103 5749 2282 5803 locum
2318 5750 2536 5818 reliquit
2587 5750 2645 5802 ὃ.
2691 5758 2922 5818 martyr,
2951 5764 3070 5801 eum
3105 5761 3212 5800 tam

1640 5849 1829 5908 aperte
1870 5839 2111 5895 declaret
2142 5850 2422 5910 quantum
2472 5837 2688 5895 intersit
2732 5840 2875 5894 inter
2924 5839 3121 5894 Filium
3159 5849 3211 5890 et

2842 5934 2886 5994 2
