3792 6480
500 366 567 421 4⁸5
1437 370 1493 425 S.
1529 368 1862 426 JUSTINUS
1896 369 2376 429 PHILOSOPHUS
2410 369 2498 425 ET
2535 368 2847 426 MARTYR.
3651 370 3714 427 ιι

494 486 717 557 angelos
750 502 762 537 :
800 502 906 543 non
953 488 1125 562 magis
1175 489 1417 559 profecto
1456 506 1621 560 quam
1672 491 1733 546 S.
1775 490 2014 560 ignatius
2048 531 2063 558 ,
2095 498 2141 553 Α
2171 494 2300 547 tiam
2333 493 2658 562 perciperet.
2689 491 2819 545 Nam
2850 498 2907 547 et
2935 505 3077 546 nunc
3112 489 3323 559 infans,
3352 504 3474 545 cum
3505 492 3705 560 genitus

497 583 589 649 qui
615 582 691 636 ait
733 582 787 635 in
816 582 1042 650 epistola
1080 580 1148 635 ad
1174 581 1467 648 Romanos,
1500 599 1557 639 ιι.
1580 582 1679 637 l2:
1709 584 1920 655 Πρέπει
1956 585 2065 657 γὰρ

499 676 625 747 ὑμῖν
649 675 761 738 τοῖς
782 674 903 729 καθ’
933 674 1048 738 ἕνα,
1080 675 1369 747 ἐξαιρέτως
1390 675 1485 729 καὶ
1516 679 1628 739 τοῖς
1654 676 2064 747 πρεσϐυτέροις,

494 767 789 837 ἀναψύχειν
820 766 911 820 τὸν
944 767 1240 821 ἐπίσκοπον
1283 770 1364 832 εἰς
1407 767 1571 839 τιμὴν
1599 767 1812 839 [ἰατρὸς
1832 807 1846 831 ,
1888 766 2063 839 Ἰησοῦ

495 858 753 930 Χριστοῦ,
782 859 874 913 καὶ
900 859 1008 913 τῶν
1036 858 1367 914 ἀποστόλων.
1399 875 1420 911 s
1447 857 1617 915 Decet
1645 861 1790 913 enim
1822 860 2066 928 singulos

496 961 739 1006 vestrum
759 993 775 1018 ,
805 962 861 1008 et
888 952 1165 1022 praecipue
1191 951 1545 1021 presbyteros
1571 991 1587 1015 ,
1615 949 1925 1004 refocillare
1952 950 2066 1020 epi-

496 1059 719 1112 scopum
740 1084 757 1109 ,
808 1044 862 1099 in
891 1045 1152 1100 honorem
1201 1042 1411 1108 Patris,
1438 1040 1567 1098 Jesu
1594 1042 1795 1099 Christi
1828 1051 1884 1097 et
1927 1057 2063 1112 apo-

498 1138 781 1193 stolorum.
812 1157 832 1190 ι

568 1231 793 1285 Frustra
821 1228 1080 1300 objicitur
1114 1228 1305 1297 duplex
1342 1229 1473 1284 illud
1515 1229 1737 1284 verbum
1760 1269 1776 1293 ,
1822 1228 2061 1299 σέϐομεν

497 1324 589 1377 καὶ
610 1323 1310 1395 προσκυνοῦμενμοοιίιηιιε
1337 1331 1392 1377 et
1436 1320 1915 1377 adoramus.iNam
1952 1321 2066 1391 pri-

497 1432 641 1470 mum
673 1416 893 1485 quidem
925 1417 992 1469 ad
1023 1415 1244 1486 angelos
1278 1416 1427 1483 ipsos
1456 1414 1712 1477 refertur,
1742 1413 1927 1467 habita
1973 1428 2062 1467 ra-

495 1510 645 1562 tione
692 1507 1055 1572 discriminis,
1099 1508 1242 1576 quod
1298 1510 1441 1560 inter
1480 1504 1797 1561 Creatorem
1849 1512 1904 1559 et
1946 1520 2061 1560 rem

494 1611 733 1654 creatam
760 1600 1068 1655 intercedit.
1100 1599 1344 1653 Alterum
1372 1607 1553 1653 autem
1588 1612 1930 1667 nequaquam
1962 1612 2061 1650 an-

495 1691 647 1759 gelos
694 1690 1004 1744 necessario
1042 1688 1475 1757 comprehendit.
1527 1686 1681 1755 Saepe
1728 1688 1835 1742 duo
1892 1688 2059 1741 verba

495 1781 659 1834 simul
685 1780 977 1849 conjuncta
1011 1795 1120 1835 non
1149 1779 1217 1833 ad
1241 1794 1403 1833 unam
1432 1788 1487 1834 et
1526 1779 1772 1833 eamdem
1797 1793 1934 1844 rem,
1964 1779 2057 1833 sed

2169 584 2367 649 fuerit,
2398 585 2631 639 nondum
2665 591 2839 652 potest
2880 596 3075 651 panem
3107 584 3304 648 edere,
3353 583 3445 637 sed
3491 582 3707 652 primum

2168 673 2311 729 lacte
2343 676 2606 740 nutritur,
2629 674 2825 729 deinde
2854 674 3235 743 progrediente
3262 682 3420 728 aetate
3450 674 3610 727 etiam
3650 674 3708 726 ad

2168 764 2400 819 solidum
2441 766 2620 820 cibum
2660 766 2891 820 accedit.
2934 765 3080 819 ldem
3111 780 3328 833 quoque
3370 766 3577 819 Adamo
3602 780 3711 820 eve-

2167 856 2364 911 nisset.
2396 856 2741 926 Quapropter
2766 871 2873 910 non
2915 855 3163 910 invidens
3191 857 3240 909 ei
3274 856 3449 921 Deus,
3504 866 3562 911 ut
3604 858 3711 925 qui-

2166 947 2289 1002 dam
2327 948 2681 1012 existimant,
2737 946 3021 1001 interdixit
3074 961 3141 1001 ne
3188 947 3255 1001 de
3295 947 3439 1017 ligno
3484 948 3710 1002 scientiae

2165 1038 2495 1093 comederet.
2532 1038 2725 1092 Adhuc
2765 1036 2929 1091 etiam
2974 1036 3190 1091 volebat
3236 1051 3358 1092 eum
3395 1039 3626 1107 experiri
3660 1048 3710 1093 et

2166 1129 2462 1199 periclitari
2496 1138 2676 1184 utrum
2726 1130 2829 1185 sibi
2856 1129 3002 1185 dicto
3030 1130 3316 1185 auditurus
3346 1142 3511 1186 esset.
3552 1131 3707 1185 Simul

2165 1219 2369 1274 diutius
2404 1221 2618 1276 volebat
2662 1222 2966 1291 simplicem
3000 1231 3053 1277 et
3089 1224 3357 1278 sincerum
3408 1238 3708 1291 permanere

2164 1310 2438 1365 hominem
2488 1324 2925 1381 puerascentem.
2976 1313 3090 1369 Hoc
3151 1316 3296 1368 enim
3343 1325 3588 1369 sanctum
3635 1324 3709 1369 est

2162 1416 2269 1456 non
2299 1404 2472 1457 solum
2501 1404 2640 1473 apud
2688 1403 2855 1458 Deum
2881 1447 2895 1471 ,
2932 1405 3026 1458 sed
3061 1405 3228 1460 etiam
3278 1408 3419 1476 apud
3456 1407 3705 1473 homines,

2162 1494 2217 1547 in
2264 1494 2619 1566 simplicitate
2680 1506 2735 1549 et
2782 1496 3098 1551 innocentia
3141 1496 3333 1567 subjici
3384 1500 3705 1567 parentibus.

2162 1583 2315 1651 Quod
2366 1585 2411 1639 si
2457 1586 2610 1654 pueri
2658 1585 2914 1640 submissi
2955 1600 3076 1641 esse
3125 1587 3439 1654 parentibus
3492 1588 3704 1652 debent,

2161 1684 2365 1744 quanto
2394 1677 2568 1746 magis
2607 1677 2820 1747 parenti
2864 1677 3111 1731 omnium
3157 1676 3301 1731 Deo?
3330 1677 3591 1732 Praeterea
3631 1680 3707 1731 in-

2162 1769 2418 1824 decorum
2453 1780 2537 1823 est
2562 1784 2759 1838 pueros
2780 1768 3016 1824 infantes
3035 1769 3153 1839 plus
3184 1785 3376 1839 sapere
3403 1787 3562 1841 quam
3592 1783 3709 1825 astas

494 1875 559 1926 ad
586 1871 1057 1940 diversasjudicio
1088 1870 1381 1939 legentium
1408 1868 1759 1924 referuntur:
1791 1869 1947 1937 cujus
1976 1870 2053 1923 rei
2087 1860 2131 1915 Β
2159 1861 2433 1931 postulet:
2465 1862 2930 1930 quemadmodum
2961 1863 3105 1917 enim
3136 1878 3299 1918 nemo
3338 1864 3539 1919 crescit
3567 1874 3708 1918 male

493 1963 799 2034 exemplum
830 1964 1067 2017 maxime
1099 1962 1406 2032 appositum
1425 1960 1715 2017 observavi
1746 1962 1800 2016 in
1836 1970 1967 2017 nota
1991 1961 2060 2017 ad

492 2065 683 2127 (ιιιιιιει.
718 2056 818 2111 157
846 2058 915 2111 ad
944 2056 1284 2110 orthodoxae.

1114 2209 1342 2267 CAPUT
1380 2212 1447 2267 γ.

493 2318 771 2391 Theophili
815 2323 1075 2377 sententia
1141 2323 1224 2444 ﬁt;
1260 2330 1403 2376 statu
1444 2322 1503 2376 in
1546 2336 1649 2393 quo
1703 2328 1908 2374 creatus
1953 2317 2058 2388 fuit

1226 2408 1397 2444 amns.

1226 2408 1397 2445 amns.

488 2503 810 2555 l."Infantiam
834 2504 1019 2554 Adamo
1038 2499 1212 2552 tribuit
1252 2501 1562 2563 Theophilus
1588 2501 1669 2552 vel
1717 2500 1780 2550 ob
1822 2502 2061 2550 innocen-

528 2610 531 2611 ,
552 2570 686 2627 tiam,
706 2569 787 2616 vel
808 2565 871 2614 ob
890 2572 1144 2627 recentem
1159 2565 1479 2627 creationem:
1506 2564 1567 2627 ll.
1592 2563 1728 2611 Multi
1756 2563 1840 2627 alii
1880 2563 2059 2627 eodem

551 2624 695 2677 modo
715 2629 866 2676 locuti
889 2633 1022 2677 sunt.
1044 2626 1130 2677 IlI.
1150 2626 1425 2688 Singularis
1445 2625 1498 2675 S.
1521 2624 1793 2677 Clementis
1834 2625 2059 2675 Alexan-

549 2690 683 2739 drini
700 2690 887 2751 opinio.

558 2838 599 2891 l.
641 2835 869 2892 Videtur
902 2837 1081 2908 prima
1127 2836 1313 2908 specie
1347 2835 1683 2906 Theophilus
1736 2834 2058 2893 existimem

488 2933 753 2989 Adamum
787 2932 840 2986 in
867 2932 1103 3002 quodam
1131 2930 1372 2985 infantiae
1402 2940 1544 2986 statu
1578 2940 1824 2986 creatum
1863 2930 2054 2998 fuisse,

487 3040 552 3079 ac
575 3039 640 3079 ea
670 3024 897 3079 scientia
929 3024 1253 3078 destitutum
1278 3062 1294 3087 ,
1335 3037 1456 3093 quae
1497 3023 1641 3077 virili
1680 3022 1825 3077 aetati
1857 3037 2059 3078 conve-

487 3116 622 3169 niat.
670 3114 776 3170 Sed
817 3129 883 3169 ne
914 3114 1120 3169 indicta
1150 3128 1317 3168 causa
1350 3113 1679 3180 damnetur,
1710 3113 1856 3169 illius
1888 3114 2056 3168 verba

485 3222 594 3263 non
626 3205 1001 3276 perfunctorie
1026 3205 1418 3261 examinanda.
1449 3204 1541 3260 Sic
1571 3206 1736 3275 igitur
1764 3205 1855 3258 ille
1880 3204 2052 3271 lib.tt,
2082 3189 2125 3248 (ἶ

487 3316 541 3352 ιι.
574 3298 647 3353 25
676 3314 690 3352 :
718 3298 793 3354 Οὐ
822 3296 931 3369 γὰρ
960 3297 1037 3361 ὼς
1059 3297 1259 3351 οἴονταί
1284 3314 1456 3361 τινες,
1489 3296 1716 3351 θάνατον
1737 3291 1849 3367 εἶχε
1883 3296 1942 3350 τὸ
1967 3295 2058 3363 ξύ·-

485 3390 594 3455 λον,
627 3390 740 3444 ἀλλ’
776 3392 809 3461 ἡ
849 3396 1122 3462 παρακοὴ.
1172 3390 1245 3444 Οὑ
1289 3389 1397 3462 γάρ
1443 3407 1496 3443 τι
1543 3388 1729 3459 ἕτερον
1773 3384 1842 3458 ἦν
1887 3390 1946 3442 ὲν
1978 3385 2056 3458 τῷ

485 3482 680 3555 καρπῷ
716 3482 749 3555 ἢ
782 3483 940 3555 μόνον
962 3482 1162 3551 γνῶσις
1180 3500 1194 3513 ·
1227 3483 1262 3553 ἡ
1287 3482 1344 3535 δὲ
1373 3481 1571 3551 γνῶσις
1601 3481 1762 3551 καλὴ,
1790 3481 1928 3535 ἐπὰν
1955 3482 2055 3534 αὑ-

483 3578 548 3646 τῇ
577 3573 792 3638 οἰκείως
818 3591 900 3637 τις
932 3576 1219 3646 χρήσηται.
1249 3575 1327 3645 Τῇ
1353 3573 1410 3626 δὲ
1444 3572 1577 3645 οὔσῃ
1604 3573 1788 3645 ἡλικίᾳ
1812 3576 1841 3627 ὁ
1883 3574 2054 3645 mea

482 3667 565 3720 ἔτι
593 3669 784 3739 νήπιος
840 3662 939 3737 ἦν,
974 3667 1054 3720 διὸ
1102 3665 1254 3721 οῠπω
1288 3665 1520 3737 ἠδύνατο
1548 3666 1645 3736 τὴν
1680 3666 1880 3735 γνῶσιν
1912 3666 2055 3720 κατὰ

482 3757 639 3824 ἀξίαν
662 3760 887 3830 χωρεῖν.
936 3758 1045 3812 Καὶ
1074 3758 1181 3830 γὰρ
1219 3758 1350 3825 νῦν,
1400 3758 1538 3811 ἐπεὰν
1570 3758 1771 3829 γενηθῇ
1803 3757 2014 3811 παιδίον
2036 3795 2052 3820 ,

481 3851 583 3904 οὑκ
602 3850 704 3921 ήδη
731 3850 954 3904 δύναται
984 3850 1146 3923 ἄρτον
1172 3850 1392 3915 ἐσθίειν,
1414 3849 1550 3903 ἀλλὰ
1578 3849 1792 3922 πρῶτον
1821 3849 2053 3918 γάλακτι

482 3942 883 4014 ἀνατρέφεται,
926 3942 1116 3995 ἔπειτα
1152 3942 1293 3996 κατὰ
1344 3942 1646 4013 πρόσϐασιν
1679 3942 1777 4013 τῆς
1814 3940 2052 4012 ἡλικίας,

484 4033 579 4086 καὶ
612 4034 706 4086 ὲπὶ
739 4033 837 4105 τὴν
867 4032 1092 4104 στερεὰν
1121 4033 1328 4104 τροφὴν
1355 4032 1592 4103 ἔρχεται.
1629 4033 1816 4097 Οὕτως
1844 4033 1910 4086 ἂν
1934 4035 2055 4104 ὲγε-

482 4125 631 4193 γάνει
675 4124 770 4178 καὶ
816 4123 895 4195 τῷ
942 4109 1137 4195 Ἀδάμ.
1168 4124 1260 4176 Διὸ
1302 4123 1399 4185 οὑχ
1450 4124 1526 4189 ὡς
1571 4125 1781 4195 φθονῶν
1826 4124 1975 4195 αὑτῷ
2024 4128 2053 4179 ὁ

480 4214 635 4280 Θεὸς,
650 4215 727 4279 ὡς
753 4214 954 4268 οἴονταί
980 4231 1146 4279 τινες,
1177 4215 1431 4283 ἐκέλευσε
1473 4215 1548 4286 μὴ
1584 4214 1782 4269 ἐσθίειν
1814 4214 1922 4268 ἀπὸ
1952 4216 2053 4287 τῆς

480 4306 749 4374 γνώσεως.
790 4307 910 4359 Ἔτι
942 4306 1049 4376 μὴν
1076 4306 1168 4359 καὶ
1194 4305 1442 4359 ἐϐούλετο
1465 4306 1756 4377 δοκιμάσαι
1788 4306 1971 4369 αὑτὸν,
2003 4310 2051 4360 ει

480 4399 717 4469 ὑπήκοος
753 4397 962 4465 γίνεται
996 4399 1060 4467 τῇ
1104 4395 1289 4467 ἐντολῇ
1330 4395 1514 4449 αὑτοῦ.
1548 4397 1698 4467 ’Ἅμα
1728 4396 1793 4468 δὴ
1831 4397 1924 4451 καὶ
1956 4397 2050 4452 ἐπὶ

2163 1955 2263 2009 nisi
2298 1956 2620 2024 quibusdam
2651 1954 2816 2010 veluti
2849 1955 3130 2026 gradibus,
3161 1955 3233 2009 ita
3258 1969 3361 2010 nec
3389 1954 3665 2023 sapientia.
3685 1972 3703 2004 ν

2232 2046 2431 2116 Ecquis
2484 2062 2591 2102 non
2634 2048 2818 2111 videt,
2876 2047 2922 2101 si
2981 2048 3139 2101 modo
3176 2047 3415 2101 animum
3450 2048 3703 2107 advertat.

2161 2138 2445 2193 infantiam
2478 2139 2650 2204 illam,
2692 2154 2813 2209 qua;
2840 2139 3052 2195 Adamo
3083 2139 3361 2204 tribuitur,
3409 2140 3707 2208 metaphora

2162 2246 2271 2287 non
2300 2232 2526 2288 carere?
2556 2233 2613 2288 l°
2638 2230 3009 2303 Appareutem
3045 2231 3187 2286 hanc
3214 2230 3498 2285 infantiam
3534 2231 3709 2299 repetit

2161 2320 2496 2393 Theophilus
2524 2333 2636 2379 tum
2676 2340 2743 2380 ex
2785 2324 2992 2381 recenti
3028 2324 3221 2378 Adami
3249 2325 3568 2386 creatione,
3609 2331 3704 2375 lum

2160 2427 2225 2468 ex
2260 2414 2439 2469 medio
2467 2413 2559 2471 illo
2593 2423 2759 2478 statu.
2781 2416 2836 2469 in
2865 2430 2972 2485 quo
2998 2424 3217 2470 creatus
3254 2416 3451 2469 fuerat.
3499 2411 3705 2466 Vixdum

2159 2504 2303 2560 enim
2328 2515 2549 2565 creatus
2585 2504 2786 2571 fuerat,
2820 2520 2941 2561 cum
2984 2504 3132 2559 illum
3164 2505 3306 2560 Deus
3332 2506 3383 2559 in
3415 2505 3704 2575 paradisum

2163 2595 2471 2659 transtulit,
2501 2594 2745 2650 stimulos
2768 2595 2818 2649 ei
2858 2595 3141 2664 subjiciens
3185 2596 3517 2664 proﬁciendi,
3543 2603 3597 2647 ut
3622 2610 3708 2646 au-

2160 2701 2370 2755 gescens
2392 2695 2437 2739 et
2474 2686 2683 2739 tandem
2713 2684 2997 2754 perfectus,
3022 2686 3129 2741 imo
3152 2687 3456 2740 declaratus
3490 2687 3614 2738 deus
3640 2684 3707 2736 sic

2159 2776 2214 2830 in
2251 2777 2434 2831 caelum
2458 2777 2782 2832 ascenderet.
2809 2776 3020 2832 Medius
3041 2780 3178 2833 enim
3211 2777 3362 2832 homo
3405 2789 3558 2831 natus
3587 2788 3706 2837 erat,

2161 2882 2254 2921 nec
2282 2867 2495 2921 omnino
2529 2867 2771 2922 mortalis
2792 2908 2808 2935 ,
2853 2886 2943 2924 nec
2972 2885 3189 2940 prorsus
3225 2868 3559 2922 immortalis.
3596 2868 3708 2920 Inde

2160 2973 2293 3029 ergo
2328 2958 2420 3012 illa
2450 2957 2700 3023 infantia,
2736 2961 2881 3030 quod
2912 2971 2967 3016 et
2998 2974 3189 3015 recens
3228 2970 3447 3015 creatus
3478 2967 3633 3022 esset,
3655 2965 3709 3037 et

2160 3050 2375 3105 medius
2404 3050 2807 3120 quodammodo
2838 3061 3081 3107 creatus.
3114 3050 3229 3105 Etsi
3267 3052 3411 3105 enim
3460 3051 3707 3105 maxima-

2161 3156 2283 3195 rum
2340 3156 2525 3197 rerum
2578 3142 2895 3213 cognitione
2954 3143 3251 3199 instructus
3298 3152 3458 3208 erat,
3499 3140 3708 3196 infantia

2160 3233 2447 3289 videbatur
2484 3233 2601 3290 haec
2630 3234 2867 3290 scientia
2911 3250 3034 3290 cum
3068 3250 3153 3299 ea,
3191 3250 3311 3306 quae
3338 3236 3391 3290 in
3430 3234 3565 3290 casio
3593 3248 3707 3303 pro-

2158 3323 2515 3391 mittebatur,
2566 3333 2909 3394 comparata.
2957 3323 3180 3391 Qualem
3221 3334 3400 3381 autem
3443 3326 3706 3380 scientiam

2158 3411 2492 3482 Theophilus
2541 3412 2750 3468 Adamo
2784 3412 2998 3468 deferat
3047 3414 3210 3468 etiam
3269 3414 3322 3468 in
3367 3414 3501 3478 illo,
3558 3427 3704 3482 quem

2157 3514 2342 3569 vocat,
2374 3504 2556 3559 medio
2590 3510 2733 3559 statu
2755 3544 2771 3570 ,
2813 3504 3046 3574 perspici
3088 3514 3266 3576 potest
3295 3518 3358 3560 ex
3392 3506 3703 3563 nominibus.

2157 3611 2279 3665 qua:
2312 3596 2568 3651 omnibus
2607 3598 2937 3652 animalibus
2970 3582 3141 3652 Adam
3177 3597 3457 3665 imposuit.
3487 3596 3541 3650 ld
3576 3596 3707 3649 enim

2158 3687 2410 3739 maxima:
2426 3686 2667 3741 scientia:
2690 3686 2946 3742 indicium
2968 3701 3087 3741 esse
3106 3688 3376 3741 existimat
3392 3685 3707 3757 Theophilus

2157 3775 2253 3832 lib.
2290 3792 2351 3845 ιι,
2397 3794 2450 3831 ιι.
2489 3778 2577 3833 15.
2605 3779 2664 3832 2-
2715 3777 2947 3833 Puerum
2983 3780 3380 3849 quodammodo
3420 3779 3552 3834 dicit
3580 3778 3709 3831 Ada-

2157 3885 2328 3935 mum,
2357 3870 2427 3925 ob
2448 3870 2851 3939 simplicitatem
2882 3878 2937 3925 et
2963 3871 3304 3940 obsequium,
3336 3871 3478 3938 quod
3502 3870 3624 3933 Deo,
3655 3877 3707 3920 ut

2157 3957 2301 4015 ﬁlius
2328 3961 2487 4029 patri,
2514 3961 2761 4016 debebat.
2792 3960 2931 4016 Hinc
2954 3970 3279 4030 praeceptum
3304 3960 3381 4014 illi
3407 3962 3703 4031 impositum

2156 4042 2324 4099 fuisse
2355 4046 2505 4114 dicit,
2534 4056 2593 4101 ut
2622 4048 2714 4102 diu
2767 4048 2822 4103 in
2866 4048 2955 4102 illa
3000 4048 3171 4103 veluti
3205 4050 3433 4116 pueritia
3472 4063 3707 4118 perseve-

2157 4145 2303 4189 raret
2329 4150 2345 4190 :
2381 4138 2528 4207 quod
2554 4138 2773 4207 quidem
2822 4154 2983 4194 nemo
3011 4154 3247 4209 unquam
3277 4141 3345 4195 de
3371 4141 3599 4209 pueritia
3631 4140 3707 4193 di-

2156 4227 2318 4292 xerit,
2347 4242 2468 4295 qua:
2493 4242 2615 4283 cum
2646 4228 3022 4285 imbecillitate
3050 4230 3211 4284 animi
3237 4240 3290 4285 et
3321 4232 3568 4302 corporis
3590 4244 3708 4283 con-

2148 4315 2334 4383 juncta
2366 4319 2456 4373 sit.
2746 4304 2749 4307 r

2226 4406 2289 4461 ll.
2316 4408 2683 4480 TheOphilum
2712 4410 2956 4466 imitatur
2984 4411 3044 4466 S.
3069 4411 3320 4479 Irenteus,
3359 4427 3459 4468 nec
3483 4414 3549 4466 ab
3573 4412 3707 4466 illius

478 4488 698 4540 πλείονα
734 4489 923 4558 χρόνον
965 4488 1223 4557 ἠϐούλετο
1269 4488 1470 4542 ἁπλοῦν
1512 4489 1605 4541 καὶ
1645 4489 1897 4561 ἀκέραιον
1938 4488 2052 4541 δια-

2159 4502 2426 4554 sententia
2485 4503 2709 4557 recedit.
2748 4503 2901 4569 Quod
2934 4503 3078 4557 enim
3115 4504 3192 4558 ait
3221 4504 3315 4559 lib.
3343 4519 3441 4567 ιιι,
3479 4519 3594 4574 cap.
3623 4503 3705 4566 22,

482 4581 660 4649 μεῖναι
704 4580 794 4632 τὸν
840 4580 1125 4651 ἄνθρωπον
1165 4581 1514 4650 νηπιάζοντα.
1558 4580 1728 4633 Τοῦτο
1760 4581 1869 4652 γὰρ
1900 4582 2047 4633 ὅσιόν

476 4674 644 4735 ἐστιν,
661 4670 722 4723 οὐ
753 4670 913 4741 μόνον
936 4671 1087 4742 παρὰ
1106 4670 1244 4740 Θεῷ,
1265 4671 1401 4724 ἀλλὰ
1428 4671 1522 4724 καὶ
1544 4671 1694 4741 παρὰ
1715 4670 2043 4741 ἀνθρώποις,

384 4791 390 4797 ο
474 4761 535 4815 τὸ
565 4764 621 4814 ὲν
637 4761 905 4833 ἁπλότητι
930 4762 1022 4815 καὶ
1051 4761 1258 4833 ἁκακὶᾳ
1287 4761 1690 4814 ὑποτάσσεσθαι
1715 4763 1827 4823 τοῖς
1855 4760 2044 4829 γονεῦ-

476 4854 710 4906 σιν.“Ἐτι
735 4854 792 4906 δὲ
819 4854 925 4926 χρὴ
946 4854 1015 4907 τὰ
1035 4854 1201 4907 τέκνα
1221 4856 1334 4917 τοῖς
1362 4852 1608 4920 γονεῦσιν
1625 4851 2041 4905 ὑποτάσσεσθαι.

474 4943 537 4996 El
584 4943 641 4996 δὲ
681 4943 787 5015 χρὴ
833 4944 902 4998 τὰ
948 4944 1111 4997 τέκνα
1151 4947 1262 5008 τοῖς
1304 4944 1551 5013 γονεῦσιν
1599 4945 2040 5011 ὑποτάσσεσθαι,

474 5033 625 5103 πόσῳ
655 5034 851 5104 μᾶλλον
868 5034 945 5106 τῷ
972 5034 1089 5105 Θεῷ
1113 5034 1206 5089 καὶ
1238 5036 1413 5107 Πατρὶ
1442 5036 1551 5089 τῶν
1581 5036 1752 5100 ὃλων;
1786 5037 1904 5089 Ἔτι
1936 5037 2042 5107 μὴν

472 5126 566 5179 καὶ
600 5126 847 5197 ἄσχημόν
871 5129 988 5180 ἐστι
1023 5128 1091 5182 τὰ
1112 5127 1305 5180 κπαιδία
1351 5127 1418 5181 τὰ
1443 5129 1612 5198 νήπια
1648 5129 1787 5199 ὑπὲρ
1825 5128 2040 5200 ἠλικίαν

470 5220 713 5290 φρονεῖν·
768 5218 1018 5291 καθάπερ
1068 5219 1177 5291 γὰρ
1231 5222 1297 5291 τῇ
1345 5219 1529 5292 ἡλικίᾳ
1572 5238 1653 5284 τις
1702 5223 1838 5292 πρὸς
1887 5222 2039 5285 τάξιν

470 5309 657 5376 αὔξει,
685 5309 830 5365 οὕτω
871 5310 966 5364 καὶ
998 5312 1057 5363 ἐν
1086 5310 1164 5380 τῷ
1200 5313 1435 5382 φρονεῖν.
1480 5330 1498 5363 ι
1528 5311 1715 5381 Neque
1760 5314 1937 5379 enim,
1982 5323 2041 5367 ut

472 5404 690 5472 quidam
724 5404 1085 5468 existimant,
1138 5405 1479 5459 mortiferum
1511 5416 1631 5459 erat
1659 5406 1862 5475 lignum
1886 5444 1903 5471 ,
1943 5407 2039 5461 sed

470 5496 714 5551 mandati
742 5498 1175 5567 prtetergressio.
1211 5497 1374 5552 Aliud
1404 5500 1549 5554 enim
1581 5487 1689 5553 non
1725 5507 1849 5555 erat
1881 5499 1936 5553 in
1969 5499 2065 5555 li-.

470 5602 579 5656 gno
607 5587 712 5642 nisi
746 5589 1011 5656 scientia;
1038 5589 1183 5643 bona
1210 5599 1395 5644 autem
1426 5590 1655 5645 scientia
1676 5629 1692 5656 ,
1724 5591 1772 5647 si
1820 5591 1944 5660 quis
1974 5604 2037 5645 ea

467 5688 592 5746 apte
624 5687 826 5735 utatur.
850 5681 965 5748 Qua
992 5690 1173 5737 autem
1203 5692 1363 5738 aetate
1382 5693 1503 5738 erat
1520 5684 1718 5751 Adam,
1742 5686 1923 5741 adhuc
1954 5684 2036 5740 in—

469 5771 593 5825 fans
614 5778 754 5839 erat,
780 5773 1010 5829 necdum
1038 5774 1264 5833 idoneus
1298 5789 1419 5832 esse
1448 5786 1701 5847 poterat,
1724 5779 1814 5849 qui
1842 5778 1994 5835 scien
2017 5806 2030 5817 -

2156 4606 2214 4645 ιι.
2243 4591 2317 4646 4:
2355 4611 2372 4644 t
2410 4593 2579 4649 Erant
2626 4596 2845 4664 utrique
2889 4596 3020 4650 nudi
3057 4597 3150 4665 (in
3184 4597 3477 4667 paradiso)
3517 4605 3570 4651 et
3609 4610 3707 4647 non

2153 4684 2641 4751 confundebantur,
2668 4688 2926 4757 quoniam
2956 4689 3113 4758 paulo
3146 4699 3271 4743 ante
3315 4689 3445 4743 facti
3480 4705 3583 4744 non
3630 4688 3708 4739 in—

2152 4773 2428 4828 tellectum
2454 4775 2724 4832 habebant
2747 4778 2977 4833 filiorum
3004 4781 3406 4848 generationis;
3432 4781 3707 4849 oportebat

2150 4866 2298 4918 enim
2341 4865 2463 4921 illos
2492 4868 2670 4935 primo
2697 4868 3048 4934 adolescere,
3089 4870 3289 4925 dehinc
3328 4872 3409 4926 sic
3457 4868 3707 4936 multipli-

2148 4958 2298 5021 cari;
2328 4975 2347 5009 ι
2404 4957 2455 5011 id
2484 4959 2745 5029 explicari
2778 4971 2960 5030 potest
3001 4976 3069 5016 ex
3096 4976 3217 5031 cap.
3260 4961 3353 5024 25.
3392 4962 3481 5016 ubi
3523 4963 3599 5015 sic
3646 4962 3707 5013 de

2148 5048 2469 5115 pmnitentia
2500 5051 2673 5105 Adam
2710 5051 2952 5120 loquitur
2993 5068 3049 5107 ιι.
3088 5053 3157 5107 5:
3196 5072 3214 5106 ι
3246 5053 3513 5120 Quoniam
3563 5054 3707 5106 indo-

2145 5134 2249 5189 lem
2289 5147 2343 5191 et
2375 5139 2637 5207 puerilem
2684 5142 2944 5196 amiserat
2994 5157 3250 5209 sensum,
3294 5153 3351 5197 et
3401 5144 3454 5197 in
3507 5142 3731 5221 cogitaﬁ

2148 5229 2346 5283 tionem
2377 5230 2620 5313 pejorum
2651 5242 2913 5299 venerat,
2955 5233 3170 5288 frenum
3216 5234 3566 5288 continentia:
3606 5229 3701 5285 sibi

2142 5332 2199 5376 et
2230 5323 2386 5376 uxori
2417 5337 2529 5377 sua:
2557 5324 2944 5392 circumdedit,
2972 5326 3189 5391 ,timens
3217 5325 3387 5380 Deum
3423 5336 3479 5380 et
3510 5325 3705 5380 adven-

2144 5422 2254 5466 tum
2279 5413 2398 5482 eius
2419 5424 2769 5484 exspectans.
2800 5434 2821 5469 ι
2857 5416 3094 5473 Puerilis
3139 5418 3347 5474 indoles
3394 5428 3449 5473 et
3485 5431 3698 5475 sensus,

2140 5518 2259 5572 quae
2284 5505 2568 5573 peccando
2601 5507 2952 5574 amittuntur,
2979 5509 3114 5579 quid
3140 5509 3285 5564 aliud
3308 5524 3429 5564 esse
3457 5514 3698 5578 possunt.

2138 5609 2302 5664 quam
2338 5595 2691 5654 innocentia?
2716 5598 2810 5654 Sic
2860 5600 3028 5655 etiam
3061 5600 3436 5656 Tertullianus
3464 5601 3518 5654 in
3566 5597 3702 5651 libro

2138 5684 2217 5738 De
2257 5685 2487 5743 vetandis
2515 5689 2841 5760 virginibus,
2882 5706 3005 5762 cap.
3040 5691 3101 5746 ll
3132 5708 3149 5747 :
3186 5711 3205 5744 s
3237 5690 3373 5747 Nam
3413 5698 3468 5746 et
3504 5686 3701 5760 princi-

2136 5788 2232 5842 pes
2261 5778 2480 5845 generis
2510 5779 2682 5835 Adam
2715 5788 2770 5836 et
2798 5780 2928 5846 Eva,
2964 5780 3205 5851 quandiu
3236 5779 3513 5838 intellectu
3544 5791 3695 5834 care-
