3792 6480
95 369 107 385 ·
142 370 200 422 ,εδ
1105 367 1168 424 D.
1208 367 1470 425 MARAN]
1506 369 1615 425 PR.

1722 373 1900 429 mo.
1938 400 2006 415 -
2040 375 2220 433 rans
2254 378 2320 437 ll.
3252 406 3319 461 ,ιδ

143 497 267 549 natu,
298 486 421 541 nihil
459 486 707 557 agebant.
762 488 831 541 At
883 488 972 543 ubi
1016 493 1084 543 de
1131 489 1326 543 arbore
1362 491 1654 560 agnitionis
1681 501 1727 556 Α
1758 495 1939 551 radiso
1970 498 2178 551 solutus
2213 500 2456 568 ludebat,
2492 516 2610 560 erat
2639 510 2817 567 adhuc
2846 514 2937 570 Dei
2976 534 3125 587 puer.
3160 522 3316 581 Post-

140 589 478 651 gustat'erunt,
509 579 642 633 nihil
689 580 919 648 pritnum
948 596 1236 637 senserunt
1260 600 1420 654 quam
1459 587 1651 639 erube-

139 671 380 724 scendum.
426 670 607 738 ltaque
663 673 744 723 sui
801 686 1018 740 quoque
1089 689 1255 730 sexus
1310 675 1643 731 intellectum

139 760 338 831 tegmine
361 772 701 818 notaverunt.
744 781 763 812 ι

193 856 477 910 Andiendus
510 856 565 909 in
595 857 842 910 eamdem
873 859 1196 913 sententiam
1223 860 1516 929 Gregorius
1544 863 1652 917 Na-

134 949 380 1002 zianzenus
405 948 493 1018 qui
524 949 606 1003 sic
638 948 875 1019 loquitur
905 951 1058 1004 Orat.
1084 952 1173 1015 38,
1199 968 1251 1022 p.
1272 954 1410 1009 619:
1436 955 1648 1027 Θεωρία

133 1042 216 1110 γὰρ
239 1036 298 1110 ἦν
338 1043 392 1094 τὸ
424 1041 607 1109 φυτὸν,
644 1042 719 1105 ὡς
752 1045 785 1112 ἡ
826 1044 933 1113 ἐμὴ
952 1042 1177 1115 θεωρία,
1218 1040 1285 1115 ἧς
1324 1048 1502 1118 μόνοις
1525 1050 1645 1101 ἐπι-

131 1133 296 1185 ϐαίνειν
315 1134 543 1201 ἀσφαλὲς
574 1138 687 1198 τοῖς
721 1135 815 1207 τὴν
839 1136 950 1202 ’ἐξιν
984 1138 1356 1210 τελεωτέροις,
1393 1143 1452 1194 οὐ
1486 1141 1647 1195 καλὸν

129 1225 171 1275 δὲ
198 1228 289 1287 τοῖς
317 1225 693 1297 ἁπλουστέροις
724 1227 801 1280 ἔτι
824 1228 915 1281 καὶ
937 1228 1033 1299 τὴν
1066 1229 1249 1298 ἔφεσιν
1288 1232 1609 1305 λιχνοτέροις
1627 1251 1639 1263 ·

129 1318 276 1391 ὥσπερ
297 1318 405 1370 οὐδὲ
431 1317 603 1389 τροφὴ
623 1319 800 1372 τελεία
825 1319 1107 1392 λυσιτελὴς
1140 1326 1251 1387 τοῖς
1292 1326 1517 1389 ἁπαλοῖς
1563 1327 1643 1381 ἔτι

128 1410 199 1463 καὶ
230 1411 480 1479 δεομένοις
513 1410 809 1478 γάλακτος,
854 1430 873 1463 ι
919 1410 1315 1483 Contemplatio
1358 1428 1477 1470 crat
1528 1419 1643 1472 lucc

126 1503 288 1564 arbor,
320 1511 575 1570 quantum
622 1502 737 1571 ipse
770 1506 1188 1572 contemplando
1234 1522 1521 1576 asscquor,
1573 1512 1640 1565 ad

126 1608 253 1660 quam
277 1593 335 1645 iis
369 1592 497 1647 solis
530 1601 682 1648 tutus
710 1604 795 1648 est
819 1610 1101 1661 ascensus,
1134 1597 1225 1666 qui
1258 1601 1420 1652 animi
1454 1601 1639 1654 habitu

125 1683 386 1751 perfectiori
412 1695 562 1749 sunt,
595 1686 1021 1756 haudquaquam
1053 1700 1235 1744 autem
1259 1692 1395 1745 bona
1428 1693 1638 1763 simpli-

123 1774 324 1827 cioribus
348 1774 521 1828 adhuc
543 1776 747 1828 animis
777 1785 938 1845 atque
968 1780 1211 1849 appetitu
1243 1782 1471 1836 avidiori
1504 1800 1638 1852 prtic-

121 1865 238 1928 ditis,
265 1868 709 1933 quemadmodum
734 1886 835 1925 nec
858 1873 1135 1939 perfectus
1160 1888 1223 1928 ac
1250 1875 1453 1930 solidus
1482 1877 1637 1933 cibus

120 1956 171 2009 iis
190 1957 414 2011 conducit
439 1958 531 2027 qui
566 1970 753 2013 tenera
781 1961 957 2015 adhuc
998 1970 1124 2017 sunt
1157 1972 1340 2028 aetate,
1388 1964 1637 2035 lautaque

118 2064 225 2116 opus
249 2052 454 2107 habent.
485 2071 505 2103 ι
543 2050 642 2105 His
666 2050 727 2106 S.
752 2052 1001 2121 Gregorii
1026 2057 1208 2110 verbis
1236 2058 1408 2111 utitur
1438 2069 1494 2112 ut
1521 2060 1636 2113 suis

118 2138 161 2192 S.
187 2138 396 2196 Joannes
442 2141 820 2198 Damascenus
866 2144 959 2200 lib.
994 2161 1032 2200 ll
1073 2145 1146 2201 De
1171 2148 1275 2215 ﬁde
1314 2149 1630 2215 orthodoxa,

118 2246 211 2299 cap.
241 2234 317 2285 ll.

168 2320 370 2379 Joannes
397 2326 861 2398 Chrysostomus,
893 2332 996 2385 etsi
1028 2333 1250 2401 copiose
1300 2348 1394 2389 eos
1432 2334 1633 2389 refellit

118 2412 263 2469 homil.
292 2415 353 2469 l6
382 2418 432 2471 in
463 2418 752 2484 Genesim,
790 2424 879 2490 qui
910 2423 1204 2489 Adamum,
1248 2435 1532 2495 postquam
1562 2428 1630 2480 de

119 2502 228 2572 ligno
252 2509 491 2575 comedit,
526 2510 886 2579 acquisivisse
924 2515 1208 2569 scientiam
1244 2515 1374 2570 boui
1408 2527 1464 2571 et
1499 2517 1625 2571 mali

116 2596 337 2663 dicebant,
363 2617 467 2656 non
510 2612 697 2659 tamen
742 2620 863 2658 eum
905 2604 1115 2660 dubitat
1146 2622 1345 2663 vocare
1380 2618 1624 2664 tenerum

113 2702 292 2756 puerum
331 2693 378 2747 in
427 2695 623 2751 homil.
674 2695 760 2749 l4.
802 2697 892 2751 Ait
933 2698 1076 2752 enim
1125 2718 1144 2751 ι
1171 2702 1624 2769 quemadmodum

114 2790 235 2846 pater
258 2784 411 2852 prolis
456 2801 659 2842 amans
695 2796 881 2844 tenero
903 2789 1012 2844 ﬁlio
1035 2830 1049 2854 ,
1082 2810 1101 2843 ι
1151 2791 1399 2865 καθάπερ
1442 2795 1624 2866 πατὴρ

114 2872 405 2949 φιλόστοργος
429 2878 589 2932 παιδὶ
617 2880 743 2951 νέῳ,
775 2881 1110 2937 moderatam
1143 2898 1331 2939 curam
1365 2886 1620 2956 imponit,

111 2979 161 3018 ne
181 2966 271 3022 otio
309 2969 625 3035 insolescat,
663 2971 739 3025 ita
777 2972 945 3029 Deum
984 2976 1194 3031 Adamo
1247 2978 1619 3046 operationem

111 3064 150 3106 et
178 3060 445 3114 custodiam
502 3063 751 3131 paradisi
819 3066 1133 3122 tradidisse.
1198 3067 1617 3136 'l‘heodoretus,

1755 604 1919 656 quam
1970 601 2152 645 autem
2206 598 2493 651 succubuit
2535 601 2889 671 voluptati....
2923 612 3191 670 abductus
3230 630 3317 673 est

1754 681 2138 746 cupiditatibus
2165 699 2318 751 puer,
2344 689 2427 741 vir
2463 689 2641 747 factus
2688 696 3077 766 inobedicntia,
3108 717 3163 761 et
3193 711 3312 763 vio-

1752 771 1859 824 lato
1886 774 2055 842 patris
2098 789 2369 848 praecepto
2399 782 2566 836 Deum
2600 785 2779 842 affecit
2810 797 3165 862 contumelia.
3198 820 3217 853 ι

1826 864 2080 922 Eumdem
2105 870 2429 938 scriptorem
2462 891 2713 947 suscepta
2742 897 2864 937 cum
2892 887 3163 947 haereticis
3185 910 3315 949 con-

1752 960 2013 1013 troversia
2059 961 2112 1015 in
2166 966 2456 1021 nonnullas
2510 970 2723 1041 impulit
2775 977 3140 1049 conjecturas,
3175 1000 3313 1053 quas

1748 1047 1838 1101 hic
1874 1048 2077 1105 referre
2120 1068 2229 1109 non
2264 1056 2489 1124 pigebit.
2524 1059 2659 1115 Nam
2695 1080 2817 1119 cum
2862 1069 3101 1126 haeretici
3127 1047 3315 1130 VC-rea-

1748 1149 1923 1195 torem
1949 1141 2172 1212 ejusque
2206 1160 2366 1216 opera
2404 1151 2813 1223 vituperarent,
2858 1176 2921 1214 ac
2958 1165 3222 1220 Atlamum
3257 1180 3313 1223 et

1748 1231 1913 1284 Evam
1944 1248 2219 1303 nunquam
2251 1242 2600 1297 matrimonio
2639 1262 2833 1303 usuros
2878 1250 3050 1308 fuisse
3089 1269 3315 1312 conten-

1744 1322 1960 1388 derent,
1985 1327 2091 1382 nisi
2122 1332 2393 1396 serpentis
2422 1334 2654 1404 impulsu
2693 1341 2758 1393 ad
2798 1344 2938 1399 hanc
2973 1348 3312 1418 conjunctio-

1745 1429 1866 1468 nem
1914 1416 2124 1473 incitati
2172 1420 2441 1491 fuissent;
2476 1440 2639 1499 negat
2690 1432 2941 1491 Clemens
2979 1440 3030 1493 iu
3078 1416 3152 1495 eo
3180 1460 3312 1513 pec-

1742 1522 1896 1563 casse
1936 1512 2142 1577 primos
2191 1528 2468 1582 parentes,
2514 1524 2656 1588 quod
2700 1529 3051 1585 matrimonio
3074 1512 3310 1591 usifue-

1744 1598 1876 1663 rint,
1946 1603 2036 1655 sed
2070 1606 2208 1673 quod
2253 1620 2373 1662 ante
2428 1623 2627 1676 tempus
2698 1620 2777 1671 usi
2834 1622 3071 1690 fuerint,
3134 1640 3309 1695 utpote

1741 1692 1912 1744 adhuc
1932 1692 2167 1761 juvenes.
2235 1698 2590 1773 Ἐκινήθησαν
2640 1706 2694 1761 δὲ
2739 1709 2989 1786 θᾶττονῆ
3035 1692 3308 1791 προσῆκον

1738 1776 1806 1852 ἦν
1836 1784 1913 1837 ἔτι
1960 1786 2068 1840 νέοι
2112 1793 2412 1857 πεφυκότες
2452 1796 2632 1870 ἀπάτῃ
2668 1776 3307 1873 παραχθέντεςίδινοηι.

1740 1888 1823 1938 ιιι.
1861 1892 1985 1948 pag.
2010 1877 2136 1934 470.
2165 1883 2306 1937 Idem
2341 1887 2504 1953 paulo
2537 1903 2665 1946 ante
2700 1896 3041 1964 conjitzieudo
3065 1902 3302 1969 dixerat,

1738 1982 1932 2036 nempe
1984 1987 2108 2042 pag.
2148 1973 2294 2040 466,
2339 1979 2613 2037 hominem
2668 2002 2773 2042 non
2827 1992 2961 2046 vitio
3006 1997 3305 2054 creationis

1737 2058 2044 2126 aberrasse,
2108 2065 2202 2119 sed
2255 2082 2445 2126 amore
2508 2075 2839 2146 voluptatis,
2886 2084 3109 2147 fortasse
3173 2091 3302 2158 quia

1732 2152 2088 2218 protoplastus
2115 2168 2291 2210 noster
2316 2169 2519 2229 tempus
2552 2184 2875 2233 prevenerat
2921 2188 3078 2246 atque
3112 2152 3300 2235 intem-

1730 2243 1977 2309 pestivam
2057 2252 2385 2307 matrimonii
2460 2262 2686 2326 gratiam
2747 2243 3096 2336 oppetiverat,
3140 2272 3300 2347 Τάχα

1731 2352 1833 2387 που
1860 2338 2219 2408 προλαϐόντος
2239 2346 2393 2415 ἡμῶν
2423 2349 2513 2402 τὸν
2543 2356 2731 2427 καιρὸν
2760 2359 2851 2412 τοῦ
2874 2338 3296 2434 πρωτοπλάστου

1730 2427 1823 2527 καὶ
1865 2429 1967 2527 πρὸ
2006 2430 2156 2502 ὥρας
2183 2435 2281 2505 τῆς
2328 2437 2420 2491 τοῦ
2468 2444 2644 2513 γάμου
2701 2427 2928 2521 χάριτος·
2956 2454 3292 2527 ὀρεχθέντος.

1728 2515 1845 2573 Non
1878 2520 2058 2588 ignota
2087 2526 2259 2581 fuitS.
2280 2531 2581 2601 Augustino
2611 2515 2727 2593 haec
2750 2515 2956 2609 peccati
2988 2515 3292 2614 primorum

1728 2622 2016 2675 parentum
2047 2616 2354 2684 explicandi
2390 2624 2551 2677 ratio.
2586 2644 2604 2675 ι
2644 2629 2831 2684 Visum
2867 2646 3028 2690 estet
3058 2638 3290 2705 quibus-

1726 2700 1877 2767 dam,
1923 2704 2118 2773 inquit,
2158 2708 2255 2765 lib.
2290 2727 2329 2765 tt
2373 2713 2451 2767 De
2478 2713 2665 2772 Genesi
2707 2724 2777 2774 ad
2807 2700 3159 2792 litteram,-n.
3198 2731 3288 2796 57,

1726 2789 1881 2847 duos
1912 2794 2031 2850 illos
2086 2799 2292 2867 primos
2349 2804 2600 2864 homines
2645 2814 2862 2881 nuptias
2904 2789 3288 2879 suas'furatos

1722 2884 1914 2951 fuisse,
1950 2898 2007 2942 et
2057 2902 2183 2948 ante
2239 2898 2430 2952 mistos
2471 2917 2592 2957 esse
2622 2909 2935 2975 concubitu,
2977 2929 3140 2982 quam
3193 2933 3289 2971 eos

1721 2980 1813 3048 qui
1848 2994 2133 3037 creaverat
2161 2990 2493 3058 copulasset,
2540 3008 2703 3063 quam
2749 3015 2860 3054 rem
2894 3007 3114 3061 nomine
3149 3009 3284 3077 ligni

1722 3070 1893 3129 fuisse
1930 3075 2333 3148 signilieatam,
2382 3089 2523 3141 unde
2574 3092 2832 3156 prohibiti
2865 3108 3058 3162 erant,
3111 3099 3285 3155 donec

109 3160 257 3213 quasi.
285 3150 347 3205 28
380 3154 430 3207 in
456 3154 827 3215 Genesim,sic
850 3156 1125 3227 loquitur:
1163 3159 1297 3213 Οὐδὲ
1329 3160 1395 3214 τὰ
1420 3164 1610 3236 κομιδῇ
1641 3172 1681 3229 c
1717 3177 2018 3234 opportuno
2050 3180 2289 3241 tempore
2310 3176 2689 3247 jnugerentur.
2723 3203 2743 3235 ι
2784 3185 2933 3242 lianc
2965 3191 3279 3257 opinionem

108 3238 176 3289 νέα
199 3244 357 3296 παιδία
388 3246 652 3319 ἐρυθριᾷν
690 3250 899 3318 πέφυκε
936 3250 1034 3321 τῆς
1070 3250 1292 3323 ἐσθῆτος
1333 3268 1615 3325 γεγυμνω-

112 3328 223 3394 μένα.
250 3336 389 3389 Κατὰ
416 3337 597 3410 βραχὺ
629 3339 685 3392 δὲ
719 3341 810 3394 τοῦ
842 3340 1090 3411 σώματος
1118 3341 1479 3414 αὐξανομένου
1520 3346 1613 3398 καὶ

109 3424 173 3475 τοῦ
193 3427 266 3479 νοῦ
298 3428 473 3485 λοιπὸν
496 3434 805 3505 ἀρχομένου
836 3435 931 3505 τὴν
968 3436 1170 3489 οἰκείαν
1213 3437 1373 3505 φύσιν
1412 3439 1613 3492 ἐπιδει-

109 3518 265 3582 κνύναι,
290 3522 380 3576 οὐκ
407 3524 484 3578 ἔτι
507 3526 703 3579 λοιπὸν
732 3526 941 3597 φορητὴ
961 3531 1073 3592 τοῖς
1110 3530 1412 3602 μειρακίοις
1442 3533 1474 3601 ἡ
1510 3531 1609 3599 γύ-

110 3620 277 3673 μνωσις,
314 3613 421 3667 ἀλλ’
450 3615 753 3688 ἐρυθριῶσι
790 3618 880 3669 καὶ
913 3620 1409 3689 περιϐάλλονται....
1454 3621 1610 3676 Οὕτω

106 3700 173 3749 tui
198 3704 236 3754 οἱ
265 3706 376 3776 περὶ
403 3707 491 3761 τὸν
534 3709 714 3778 Ἀδὰμ
741 3708 899 3773 εὐθὺς
930 3712 1027 3781 μὲν
1056 3712 1491 3778 διαπλασθέντες,
1522 3710 1609 3769 οἷα

107 3787 151 3857 δὴ
176 3794 323 3861 νήπιοι
350 3800 437 3851 καὶ
461 3798 780 3868 εὐθυγενεῑς
813 3801 904 3852 καὶ
932 3802 1029 3871 τῆς
1065 3804 1335 3875 ἁμαρτίας
1372 3805 1606 3876 ἀμύητοι

108 3883 175 3935 ὡκ
199 3887 456 3955 ᾐσχύνοντο
492 3891 621 3962 δίχα
652 3892 1007 3963 περιϐολαίων
1045 3895 1338 3964 διάγοντες.
1371 3898 1521 3952 Μετὰ
1549 3898 1607 3951 δὲ

107 3973 173 4041 τὴν
193 3982 350 4049 πεῖραν
372 3985 476 4045 τοῖς
512 3984 735 4051 φύλλοις
760 3984 873 4038 ἔνια
901 3985 992 4038 τοῦ
1027 3986 1274 4058 σώματος
1312 3988 1605 4041 συνεκάλυ-

106 4062 179 4130 ᾧτε
197 4070 351 4140 μόρια.
375 4093 391 4123 ι
423 4071 581 4128 Pueri
604 4074 860 4144 iuniores
892 4087 1039 4132 veste
1065 4081 1250 4134 nudati
1278 4079 1605 4135 erubescere

108 4168 251 4211 natura
278 4178 370 4216 non
402 4165 616 4230 solent;
648 4167 909 4235 paulatim
945 4179 1123 4225 autem
1155 4180 1437 4226 crescente
1476 4186 1600 4226 cor-

104 4260 221 4313 pore,
242 4267 343 4307 cum
366 4271 521 4310 mens
550 4267 747 4326 postea
788 4259 1061 4328 propriam
1082 4272 1331 4317 naturam
1352 4276 1602 4319 exserere

102 4342 297 4408 crepet-it,
318 4348 479 4402 adulti
506 4349 625 4417 jam
661 4363 769 4402 non
809 4350 1081 4417 patienter
1115 4349 1298 4404 ferunt
1335 4365 1393 4405 se
1419 4351 1598 4407 nuda-

103 4428 153 4492 ri,
183 4433 258 4486 sed
282 4439 601 4495 erubescunt
652 4449 709 4495 et
740 4450 1192 4511 conteguntur....
1224 4442 1301 4495 lla
1333 4444 1398 4497 de
1425 4443 1597 4498 Adam

103 4522 215 4576 etde
242 4526 340 4594 ejus
384 4545 560 4586 uxore
616 4534 961 4589 sentiendum
1012 4542 1119 4597 est,
1151 4534 1239 4603 qui
1285 4535 1469 4589 statim
1504 4536 1595 4591 ubi

103 4607 266 4670 formati
289 4628 423 4684 sunt,
456 4622 611 4675 velut
645 4622 879 4677 infantes
906 4633 959 4677 et
989 4640 1176 4679 recens
1205 4626 1338 4689 nati,
1374 4640 1439 4680 ac
1465 4641 1594 4695 pec-

100 4714 187 4755 cato
220 4710 428 4766 nondum
461 4714 691 4777 initiati,
721 4729 825 4768 non
857 4713 1230 4769 adiciebantur
1269 4717 1594 4771 verecundia

101 4792 181 4847 Siue
196 4800 366 4857 amictu
397 4815 645 4873 agentes.
669 4806 734 4858 At
762 4817 882 4875 post
906 4808 1299 4875 experientiam
1329 4810 1591 4876 quasdam

101 4895 233 4946 Partes
262 4898 496 4960 corporis
527 4898 676 4951 foliis
705 4899 1134 4952 occultaverunt.
1173 4918 1192 4950 ι
1242 4900 1340 4954 llic
1375 4916 1587 4968 quoque

102 4972 266 5033 infantia
297 4999 392 5038 non
426 4987 480 5039 in
522 4988 873 5056 ignoratione
906 4990 1179 5055 consistit,
1220 4991 1312 5045 sed
1346 4992 1396 5044 in
1434 4992 1591 5044 inno-

100 5073 245 5135 tentia,
267 5091 360 5142 qua
397 5091 625 5147 peccato
656 5081 876 5139 amissa.
900 5083 1149 5137 stimulos
1192 5086 1588 5154 concupiscen-

101 5159 157 5214 tiae
178 5178 424 5224 senserunt
454 5181 507 5226 et
531 5174 742 5243 pudore
764 5172 951 5228 suﬂ'usi
984 5186 1129 5229 sunt.

141 5312 203 5367 lll.
242 5318 472 5374 Clemens
504 5321 907 5377 Alexandrinus
956 5321 1244 5391 Protrept.,
1290 5340 1341 5393 p.
1384 5325 1485 5379 (i9:
1526 5326 1585 5377 '0

101 5406 247 5472 πρῶτος
274 5413 353 5465 ὅτε
375 5417 431 5466 ἐν
455 5415 771 5485 παραδείσῳ
790 5413 977 5477 ἔπαιζε
997 5413 1283 5486 λελυμένος
1312 5417 1435 5469 ἐπεὶ
1464 5418 1483 5484 (
1501 5417 1582 5471 le-

100 5500 261 5579 gendum
292 5506 494 5559 videtur
540 5508 652 5578 ἔτι)
688 5506 898 5559 παιδίον
930 5503 996 5579 ἦν
1041 5507 1133 5560 τοῦ
1174 5508 1329 5561 Θεοῦ.
1360 5510 1489 5562 Ὅτε
1523 5509 1580 5562 δὲ

100 5578 322 5670 βπέπιπτεν
366 5598 621 5669 ἡδονῇ...
656 5578 959 5669 παρήγετο
990 5600 1303 5670 ἐπιθυμίαις
1345 5603 1373 5654 ὁ
1402 5603 1532 5664 παῖς
1563 5641 1577 5666 ,

100 5668 387 5750 ὼῲιξὸμενος
415 5689 668 5761 ἀπειθείᾳ
686 5730 701 5754 ,
731 5668 826 5743 καὶ
860 5668 1208 5761 παρακούσας
1234 5693 1325 5744 τοῦ
1364 5691 1583 5763 Πατρὸς’

99 5760 283 5833 tilium
312 5777 395 5831 τὸν
430 5780 586 5835 Θεόν.
621 5760 651 5835 ιν
675 5781 889 5837 Primus
920 5782 1077 5838 homo
1099 5824 1113 5851 ,
1142 5784 1355 5853 quando
1388 5784 1441 5839 in
1479 5760 1575 5855 pa-

1716 3258 1897 3328 rejicit
1952 3261 2010 3316 S.
2058 3263 2429 3334 Augustinus,
2474 3283 2529 3325 ut
2582 3276 2862 3331 ridiculam
2916 3292 2965 3334 et
3014 3299 3045 3336 a
3102 3300 3279 3338 rerum

1713 3363 1977 3419 gestarum
2008 3361 2329 3426 proprietate
2356 3364 2729 3421 discedentem.
2772 3371 2973 3427 Leuius
3012 3376 3124 3443 agit
3152 3392 3276 3430 cum

1714 3441 1783 3497 iis
1831 3446 1920 3512 qui
1972 3447 2359 3506 existimabant
2399 3456 2734 3522 festinatione
2783 3441 3110 3528 prwvertisse
3154 3468 3275 3522 illos

1712 3533 1946 3591 homines
1976 3542 2262 3608 appetitum
2292 3547 2527 3602 scientia:
2556 3550 2677 3603 boni
2719 3562 2769 3605 et
2810 3556 2961 3620 ntali,
3000 3568 3049 3610 et
3087 3559 3277 3612 imma-

1712 3635 1830 3679 turo
1878 3638 2106 3693 tempore
2150 3635 2414 3703 percipere
2442 3638 2699 3706 voluisse,
2731 3645 2871 3711 quod
2928 3646 3002 3698 eis
3042 3646 3273 3702 dilatum

1710 3722 2053 3786 opportunius
2085 3726 2416 3783 servabatur.
2468 3730 2617 3786 Hanc
2655 3736 2980 3793 sententiam
3012 3753 3118 3792 non
3166 3741 3274 3794 im~

1708 3808 1926 3877 probat,
1965 3815 2124 3868 modo
2157 3818 2358 3873 veritas
2388 3822 2630 3881 historia:
2656 3843 2762 3881 non
2798 3842 3045 3897 negetur.
3080 3850 3100 3883 ι
3130 3831 3267 3901 Hoc,

1708 3902 1906 3970 inquit,
1938 3904 1983 3959 si
2031 3905 2169 3961 forte
2208 3909 2412 3979 lignum
2448 3916 2576 3971 illud
2609 3934 2715 3972 non
2748 3923 2815 3975 ad
2853 3926 3270 3994 proprietatem,

1706 4007 1766 4051 ut
1789 4012 1975 4052 verum
2006 4000 2206 4071 lignum
2233 4016 2287 4059 et
2316 4025 2439 4061 vera
2469 4026 2625 4078 poma
2657 4015 2794 4079 ejus,
2827 4018 2920 4071 sed
2944 4019 3009 4071 ad
3042 4020 3272 4089 ﬁguram

1705 4090 1873 4144 velint
1903 4094 2177 4163 accipere,
2213 4099 2409 4161 habeat
2432 4104 2640 4158 exitum
2674 4106 2909 4175 aliquem
2947 4120 3108 4166 rectae
3138 4113 3274 4169 fidei

1702 4183 2029 4254 veritatique
2078 4190 2433 4256 probabilem.
2467 4213 2485 4245 ι
2554 4194 2866 4265 Legendum
2895 4239 2909 4262 ,
2953 4199 3074 4254 Nisi
3132 4202 3272 4270 forte

1703 4275 1922 4347 lignum,
1952 4293 2042 4335 aut
2073 4297 2291 4338 sensum
2326 4284 2528 4340 frustra
2566 4290 2907 4345 venabimur.

1773 4387 2000 4446 Videtur
2020 4408 2050 4447 e
2080 4393 2324 4450 Philonis
2350 4398 2543 4451 hausta
2578 4398 2821 4454 fontibus
2846 4403 2957 4456 haec
2980 4402 3048 4457 dc
3078 4406 3268 4458 matri-

1631 4509 1675 4563 υ
1705 4485 1871 4538 monii
1912 4486 2204 4541 immaturo
2237 4504 2335 4543 usu
2368 4492 2572 4559 opinio.
2620 4492 2669 4546 Is
2702 4494 2845 4547 enim
2894 4495 2947 4548 in
3000 4496 3139 4549 libro
3187 4497 3267 4550 De

1700 4576 1884 4636 mundi
1922 4578 2129 4646 opiﬁcio
2178 4597 2283 4635 non
2322 4584 2481 4637 modo
2514 4594 2822 4654 serpentem
2867 4586 3269 4656 interpretatur

1697 4672 2064 4741 voluptatem,
2097 4675 2191 4727 sed
2240 4674 2407 4728 etiam
2457 4692 2690 4728 amorem
2735 4677 2874 4729 inter
2904 4677 3167 4730 Adamum
3215 4688 3266 4731 et

1698 4764 1861 4819 Evam
1892 4766 2252 4832 supervenisse
2269 4766 2450 4831 docet,
2469 4778 2517 4820 et
2551 4778 2803 4837 tanquam
2829 4770 2986 4821 unius
3011 4771 3262 4823 animalis

1693 4858 1799 4911 duo
1848 4858 2066 4911 dimidia
2111 4867 2355 4924 separata
2397 4863 2452 4912 in
2495 4876 2659 4912 unum
2695 4861 2914 4913 collecta
2964 4873 3257 4928 coaptasse,

1693 4951 1864 5005 indita
1897 4954 2105 5022 utrique
2136 4953 2380 5020 cupidine
2407 4954 2658 5023 gignendi
2689 4955 2916 5009 similent
2944 4956 3146 5023 prolem
3168 4974 3261 5024 per

1691 5054 1930 5097 mutuam
1972 5045 2588 5102 consuetudineanme
2618 5049 2839 5117 cupido,
2870 5048 3064 5118 inquit,
3092 5051 3257 5103 etiam

1690 5150 1979 5205 corporum
2013 5139 2342 5206 voluptatem
2383 5142 2601 5208 genuit,
2645 5156 2764 5209 quae
2816 5150 2901 5195 est
2949 5144 3101 5213 origo
3152 5143 3259 5195 ini-

1687 5230 1958 5297 quitatum
1991 5238 2045 5282 et
2084 5231 2620 5298 pt-azvaricatiouum,
2657 5235 3093 5303 quandoquidem
3132 5234 3255 5287 talis

1687 5321 1936 5389 voluptas
1985 5323 2201 5375 mortali
2264 5332 2319 5375 et
2367 5324 2563 5377 misera
2620 5325 2727 5377 vita
2780 5325 3141 5379 immortalem
3196 5335 3254 5377 et

1685 5413 1902 5467 beatam
1954 5415 2370 5468 commutavit.»
2420 5415 2477 5467 Ὁ
2521 5415 2578 5467 δὲ
2612 5415 2775 5479 πόθος
2818 5412 2970 5479 οὗτος
3014 5415 3109 5468 καὶ
3150 5418 3252 5489 τὴν

1681 5506 1789 5560 τῶν
1822 5506 2089 5577 σωμάτων
2108 5508 2296 5579 ἡδονὴν
2328 5509 2632 5579 ἐγέννησεν,
2651 5512 2774 5580 ἥτις
2805 5510 2951 5562 ἐστὶν
2974 5510 3250 5581 ἀδικημά-

1680 5618 1787 5653 των
1815 5600 1908 5653 καὶ
1936 5600 2412 5671 παρανομημάτων
2438 5601 2599 5672 ἀρχὴ,
2626 5601 2691 5653 δι’
2724 5596 2785 5655 οὗ
2818 5601 3248 5657 ὑπαλλάττονταιι

1680 5690 1769 5742 τὸν
1802 5690 1990 5760 θνητὸν
2022 5693 2114 5744 καὶ
2165 5692 2527 5763 κακοδαίμονα
2559 5692 2675 5763 βίον
2707 5694 2821 5747 ἀντ’
2851 5693 3119 5749 ἀθανάτου
3150 5694 3245 5751 καὶ

1679 5783 2006 5854 εὐδαίμονος.
