3792 6512
423 393 488 446 47
1339 393 1396 448 S.
1434 392 1770 449 JUSTINUS
1809 394 2291 450 PHILOSOPHUS
2328 395 2414 449 ET
2457 395 2766 450 MAliTYR.
3580 401 3640 456 48

1033 512 1259 569 CAPUT
1301 513 1389 568 VI.

903 628 981 682 De
1011 639 1216 698 peccato
1249 631 1514 699 originali.

417 761 452 809 l.
488 760 710 810 Justinus
751 761 1148 821 regenerationis
1173 759 1521 808 necessitatem
1559 759 1758 807 deducit
1783 772 1846 809 ex
1874 761 1994 809 vitio

483 825 650 931 prima:
673 818 1028 894 generationis.
1053 818 1114 870 II.
1147 823 1297 893 Multa
1322 824 1416 870 alia
1444 822 1670 893 ejusdem
1691 824 1989 870 testimonia.

511 886 566 931 ll.
593 885 826 931 Tattanus
845 884 1092 931 Justmum
1123 892 1350 931 sequitur
1373 888 1425 930 et
1462 889 1697 931 imitatur.
1726 882 1804 930 IV.
1831 884 1989 931 Theo-

511 886 566 933 ll.
593 882 826 933 Tatianus
845 884 1092 931 Justinum
1123 885 1350 945 sequitur
1373 888 1425 930 et
1462 885 1697 931 imitatur.
1726 882 1804 930 IV.
1831 884 1995 932 Theo-

483 948 648 1008 philus
690 960 785 994 non
821 947 982 994 minus
1010 946 1198 995 diserte
1236 947 1286 993 in
1320 947 1545 994 eamdem
1580 947 1878 994 sententiam
1919 946 1995 995 lo-

482 1011 667 1070 quitur.

491 1167 532 1220 l.
573 1166 706 1222 Cum
747 1164 1026 1235 permagni
1059 1171 1201 1218 esset
1235 1161 1495 1216 momenti
1525 1175 1715 1216 eorum
1745 1173 1995 1216 errorem

421 1258 692 1321 refellere,
745 1258 836 1327 qui
890 1256 1136 1311 homines
1189 1269 1296 1308 non
1349 1253 1521 1307 libera
1566 1251 1861 1318 voluntate,
1901 1252 1994 1305 sed

421 1363 609 1406 natura
645 1361 698 1406 et
730 1349 1057 1405 necessitate
1106 1349 1278 1402 bonos
1310 1357 1404 1401 aut
1457 1347 1628 1402 malos
1668 1361 1787 1402 esse
1829 1345 1996 1417 finge-

418 1445 586 1508 bant;
638 1458 780 1512 smpe
823 1440 1069 1495 Justinus
1109 1440 1274 1508 impio
1318 1447 1626 1492 commento
1670 1437 1993 1494 catholicam

419 1537 719 1589 doctrinam
753 1534 1001 1603 opponit.
1045 1531 1150 1586 Sed
1191 1530 1360 1584 altera
1402 1547 1466 1585 ex
1499 1540 1660 1600 parte
1697 1546 1806 1586 non
1843 1531 1997 1600 igno-

420 1627 557 1681 ravit
585 1626 643 1678 S.
677 1634 898 1694 martyr,
945 1637 1047 1676 nec
1076 1621 1244 1675 Iacuit
1280 1621 1409 1689 quid
1454 1620 1519 1673 de
1551 1619 1726 1674 libero
1758 1620 1991 1675 arbitrio

417 1718 606 1770 Adami
640 1715 788 1768 ruina
816 1714 1114 1777 debilitate,
1142 1712 1270 1776 quid
1297 1712 1362 1767 de
1378 1711 1776 1780 Omnipotentis
1804 1713 1994 1782 gratim

419 1808 740 1862 necessitate
802 1805 990 1875 religio
1043 1805 1259 1858 doceat.
1319 1802 1624 1872 Operosius
1671 1804 1992 1873 vestiganda

419 1903 564 1958 illius
609 1902 877 1966 doctrina,
919 1909 980 1952 ut
1031 1900 1084 1953 in
1136 1915 1194 1954 re
1234 1898 1401 1953 variis
1447 1898 1730 1953 hominum
1772 1898 1993 1967 iudiciis

415 1995 708 2062 exagitata,
748 1993 944 2060 partim
973 1990 1247 2045 Justinum
1285 1988 1429 2042 nulla
1465 1990 1677 2059 peccati
1710 1989 1995 2060 originalis

417 2085 730 2153 cognitione
767 2083 1028 2136 imbutum
1076 2078 1243 2133 fuisse
1289 2079 1745 2147 existimantium,
1792 2081 1995 2149 partim

417 2175 648 2229 absurda
684 2174 759 2227 illi
790 2174 854 2227 de
881 2172 1082 2226 Christi
1116 2169 1292 2240 gratia
1336 2179 1390 2224 et
1417 2170 1484 2225 de
1510 2169 1854 2226 ethnicorum
1901 2185 1994 2226 sa-

416 2261 525 2317 lute
557 2270 863 2316 commenta
896 2261 1290 2330 aiﬁngentium.

489 2353 698 2407 Diserte
725 2355 881 2406 docet
913 2353 970 2406 S.
996 2362 1202 2419 martyr
1235 2351 1504 2421 baptismo
1539 2365 1651 2407 non
1683 2366 1780 2407 eas
1817 2351 1995 2409 solum

418 2445 568 2499 labes
602 2446 787 2505 deleri,
817 2460 954 2513 quas
983 2444 1156 2499 libere
1186 2445 1485 2514 peccando,
1527 2444 1623 2499 sed
1654 2458 1774 2499 eam
1805 2444 1998 2512 etiam,

417 2553 578 2604 quam
633 2537 906 2592 nascendo
961 2537 1353 2590 contraximus.
1414 2535 1506 2592 Sic
1557 2536 1703 2591 enim
1761 2535 2001 2605 loquitur

417 2629 572 2698 Apol.
602 2630 655 2693 1,
695 2646 750 2683 n.
773 2627 834 2681 6|
872 2646 884 2680 :
931 2627 1150 2699 Ἐπειδὴ
1203 2629 1302 2698 τὴν
1335 2627 1560 2700 πρώτην
1590 2629 1802 2697 γένεσιν
1841 2627 2000 2699 ἡμῶν

415 2719 738 2790 ἀγνοοῦντες
767 2719 888 2773 κατ’
918 2718 1163 2788 ἀνάγκην
1188 2718 1561 2789 γεγεννήμεθα
1591 2718 1648 2785 ἐξ
1677 2719 1850 2790 ὑγρᾶς
1879 2735 2001 2772 σπο-

419 2814 522 2883 ρᾶς
551 2809 695 2864 κατὰ
729 2809 874 2881 μίξιν
902 2809 1003 2880 τὴν
1030 2808 1141 2862 τῶν
1167 2810 1370 2877 γονέων
1404 2810 1542 2882 πρὸς
1572 2809 1832 2881 ἀλλήλους
1855 2826 1870 2843 ο
1907 2809 2001 2872 καὶ

417 2907 476 2958 ὲν
506 2903 652 2956 ἔθεσι
684 2901 909 2973 φαύλοις
945 2905 1040 2956 καὶ
1087 2905 1350 2974 πονηραῖς
1397 2905 1727 2976 ἀνατροφαῖς
1775 2904 2002 2975 γεγόνα-

413 3013 539 3067 μεν,
567 2998 716 3061 ὅπως
751 2995 825 3068 μὴ
847 2995 1093 3067 ἀνάγκης
1121 2997 1285 3049 τέκνα
1317 2996 1449 3068 μηδὲ
1475 2997 1698 3065 ἀγνοίας
1728 2997 2000 3070 μένωμεν,

414 3087 553 3142 ἀλλὰ
576 3089 944 3160 προαιρέσεως
979 3088 1072 3142 καὶ
1097 3089 1425 3159 ἐπιστήμης,
1452 3087 1699 3159 ἀφέσεως
1731 3106 1791 3143 τε
1823 3090 2004 3164 ἀμαρ-

413 3180 545 3234 τιῶν
578 3181 717 3252 ὑπὲρ
755 3175 828 3235 ὧν
861 3181 1288 3253 προημάρτομεν
1334 3179 1587 3252 τύχωμεν
1619 3182 1676 3235 ὲν
1717 3180 1794 3253 τῷ
1824 3180 1999 3248 ὕδατι,

2024 521 2069 576 Α
2102 518 2355 582 buerunt,
2396 517 2491 572 sed
2539 532 2645 571 non
2684 516 2794 586 jam
2845 513 3076 582 amplius
3116 529 3146 567 a
3177 514 3288 569 Deo
3322 513 3495 571 nullos
3537 531 3641 574 esse

2099 610 2230 666 deos
2260 613 2434 667 cdocti
2479 621 2725 669 sunt.....
2770 608 2942 680 Ejecti
2986 608 3151 679 igitur
3179 609 3457 678 paradiso,
3497 624 3643 680 seque

2104 702 2173 754 ob
2207 717 2325 756 eam
2362 711 2570 757 tantum
2600 715 2820 755 causam
2847 697 3047 767 ejectos
3087 698 3212 763 rati,
3240 700 3381 768 quod
3417 699 3524 755 Deo
3550 716 3642 755 non

2097 792 2424 861 paruissent,
2455 791 2676 846 minime
2704 805 2832 845 vero
2861 791 2929 845 ob
2958 789 3104 842 illam
3140 791 3332 854 etiam,
3363 792 3502 859 quod
3533 791 3644 846 deos

2097 898 2238 949 esse,
2268 885 2358 953 qui
2402 883 2530 937 nulli
2573 891 2721 948 sunt,
2763 882 3143 949 credidissent,
3197 897 3394 938 nomen
3435 884 3644 937 deorum

2095 978 2296 1049 genitis
2319 992 2384 1032 ex
2415 992 2476 1032 se
2504 989 2690 1048 postea
2723 976 3039 1031 hominibus
3065 977 3463 1032 tradiderunt.»
3492 977 3645 1033 Primi

2098 1070 2171 1124 illi
2233 1069 2510 1136 homines,
2564 1068 2657 1139 qui
2712 1067 2764 1122 in
2808 1068 3069 1121 memoria
3119 1068 3359 1121 habuere
3418 1065 3647 1121 fraudem

2099 1162 2397 1233 majoribus
2421 1162 2532 1218 suis
2559 1161 2688 1217 Atia:
2713 1170 2768 1215 et
2801 1161 2923 1213 Evae
2951 1159 3173 1222 factam,
3197 1175 3258 1215 ac
3291 1160 3522 1230 posteris
3547 1160 3649 1214 suis

2099 1270 2293 1310 nomen
2333 1256 2556 1310 deorum
2592 1254 2954 1314 tradiderunt,
2988 1253 3260 1322 quomodo
3292 1253 3400 1306 dici
3439 1261 3648 1320 possunt

2099 1352 2325 1405 daemoni
2362 1351 2629 1420 paruisse,
2664 1358 2993 1420 praeceptum
3033 1346 3125 1400 Dei
3161 1346 3393 1399 violasse
3421 1353 3475 1397 et
3505 1359 3534 1397 e
3559 1359 3649 1414 pa-

2098 1445 2282 1499 radiso
2311 1443 2469 1510 ejecti
2519 1443 2711 1507 fuisse,
2748 1441 2850 1496 nisi
2886 1440 3012 1513 quia
3062 1438 3117 1493 in
3153 1439 3363 1493 Adamo
3407 1450 3653 1506 peccave-

2101 1536 2259 1590 runt?
2295 1535 2504 1590 Similia
2534 1551 2656 1590 mox
2692 1534 3031 1604 proferemus
3058 1547 3122 1586 ex
3151 1530 3406 1585 Tatiano.

2167 1628 2223 1682 ln
2260 1631 2502 1684 eamdem
2549 1628 2877 1683 sententiam
2907 1627 3150 1695 loquitur
3189 1625 3242 1679 in
3286 1621 3507 1690 Dialogo
3549 1635 3654 1673 cum

2107 1719 2407 1792 Tryphone,
2453 1737 2509 1778 n.
2536 1722 2603 1777 88
2640 1738 2656 1776 :
2697 1739 2716 1772 ι
2746 1721 2930 1790 Neque
2974 1719 3135 1774 etiam
3173 1718 3408 1782 idcirco,
3466 1718 3652 1786 inquit,

2101 1811 2250 1865 nasci
2280 1819 2333 1865 et
2362 1811 2604 1881 crucifigi
2634 1811 2892 1866 sustinuit
2914 1809 3186 1874 Christus,
3210 1810 3354 1878 quod
3389 1809 3473 1863 his
3504 1808 3654 1862 rebus

2023 1925 2066 1982 Β
2100 1903 2382 1973 indigeret,
2415 1905 2508 1959 sed
2541 1920 2639 1973 pro
2670 1919 2868 1972 genere
2900 1905 3156 1968 humano,
3191 1903 3331 1972 quod
3361 1903 3429 1956 ab
3464 1902 3657 1956 Adamo

2103 1997 2154 2050 in
2197 2005 2426 2051 mortem
2451 2008 2505 2051 et
2534 1997 2802 2066 serpentis
2830 1996 3076 2051 fraudem
3110 1994 3399 2058 inciderat,
3432 2009 3658 2063 unoquo-

2097 2101 2204 2156 que
2227 2101 2323 2141 sua
2356 2087 2510 2157 culpa
2539 2086 2781 2156 improbe
2812 2095 3026 2156 agente.
3052 2104 3072 2138 ι
3110 2084 3207 2140 Hic
3235 2085 3428 2153 duplex
3462 2085 3656 2156 peccati

2099 2189 2270 2245 genus
2309 2176 2663 2246 distinguitur
2709 2177 2989 2231 :alterum
3043 2177 3296 2232 omnibus
3347 2190 3656 2238 commune;

2098 2265 2391 2322 humanum
2426 2269 2572 2323 enim
2621 2283 2792 2339 genus
2823 2270 3096 2339 serpentis
3145 2269 3316 2323 fraudi
3361 2270 3655 2331 succubuit,

2099 2369 2153 2414 et
2181 2369 2357 2415 morte
2406 2361 2723 2415 damnatum
2757 2360 2860 2414 fuit
2898 2361 2968 2414 ob
3001 2361 3102 2415 hoc
3143 2361 3422 2417 delictum.
3449 2363 3517 2415 At
3562 2361 3657 2414 alia

2099 2461 2224 2506 sunt
2255 2461 2502 2521 peccata,
2533 2467 2654 2521 quae
2691 2467 2786 2506 sua
2831 2455 3065 2524 quisque
3103 2453 3262 2522 culpa
3305 2453 3473 2508 libere
3520 2469 3660 2508 com-

2103 2545 2287 2600 mittit.
2339 2545 2472 2600 Illud
2521 2547 2629 2599 ἀπὸ
2655 2534 2750 2598 eos
2793 2545 2962 2616 Ἀδάμ
2990 2533 3172 2615 posset
3207 2547 3375 2611 verti,
3410 2563 3500 2615 per
3533 2547 3664 2599 Αιια-

2100 2651 2266 2691 mnm.
2308 2635 2415 2691 Sed
2452 2635 2516 2690 ab
2559 2636 2763 2692 Adamo
2809 2638 3048 2692 retinere
3079 2637 3285 2703 malim,
3331 2637 3454 2706 quia
3501 2637 3663 2704 magis

2102 2725 2359 2780 conducit
2412 2727 2694 2796 proposito
2755 2725 2994 2793 Justini,
3043 2728 3134 2797 qui
3184 2726 3399 2782 videtur
3450 2730 3660 2782 demon-

2102 2825 2284 2872 strare
2333 2815 2474 2871 velle
2520 2831 2708 2873 omnes
2768 2818 3046 2883 homines,
3095 2815 3295 2871 Judzeis
3355 2833 3465 2871 non
3515 2830 3660 2872 exce-

2104 2907 2235 2978 ptis,
2278 2907 2331 2962 in
2378 2907 2588 2965 Adamo
2633 2924 2911 2980 peccasse.
2947 2910 3012 2964 Et
3058 2908 3284 2963 n.100:
3324 2927 3342 2962 ι
3371 2909 3543 2964 Filius
3578 2908 3662 2962 Dei

2102 3013 2166 3054 ex
2220 2997 2442 3070 Virgine
2473 3001 2715 3072 genitus,
2754 3009 2815 3055 ut
2840 3015 2945 3070 qua
2978 3000 3066 3055 via
3109 3016 3138 3054 a
3180 3011 3436 3070 serpente
3484 3000 3664 3056 inobeo

2103 3095 2303 3150 dientia
2335 3095 2547 3149 initium
2591 3096 2826 3165 accepit,
2854 3094 3046 3149 eadem
3080 3093 3496 3149 dissolutionem
3530 3093 3667 3147 acci-

2102 3194 2278 3254 peret.
2321 3183 2456 3238 Nam
2505 3199 2627 3240 cum
2665 3186 2817 3255 virgo
2863 3192 3010 3240 esset
3061 3183 3168 3237 Eva
3212 3194 3268 3238 et
3318 3185 3666 3253 incorrupta,

415 3273 812 3344 ἐπονομάζεται
858 3273 934 3344 τῷ
986 3273 1334 3345 προελομένῳ
1387 3272 1854 3344 ἀναγεννηθῆναι,
1905 3274 1997 3329 καὶ

2104 3293 2352 3336 sermone
2375 3279 2644 3350 serpentis
2671 3289 2958 3347 concepto,
2987 3276 3410 3331 inobcdientiam
3441 3287 3498 3330 et
3530 3290 3668 3330 mor-

419 3369 811 3439 μετανοήσαντι
841 3367 932 3418 ἐπὶ
963 3368 1073 3429 τοῖς
1107 3365 1535 3437 ἡμαρτημένοις,
1564 3366 1624 3420 τὸ
1652 3366 1746 3420 τοῦ
1784 3367 1997 3440 Πατρδς

416 3458 526 3511 τῶν
549 3457 686 3510 ὅλων
709 3457 802 3510 καὶ
827 3457 1084 3510 δεσπότου
1110 3456 1245 3509 Θεοῦ
1274 3456 1464 3528 ὄνομα.
1500 3473 1519 3507 s
1547 3457 1994 3526 Quandoquidem

418 3547 649 3615 primam
685 3557 925 3601 nostram
963 3547 1376 3616 generationem
1409 3547 1724 3617 ignorantes
1760 3547 1997 3602 necessi-

421 3649 534 3694 tate
567 3640 800 3709 quadam
839 3654 903 3693 ex
950 3639 1171 3694 humido
1217 3638 1426 3694 semine
1466 3653 1564 3708 per
1610 3648 1853 3695 mutuam
1896 3655 1996 3711 pa-

419 3741 634 3786 rentum
688 3733 998 3786 mistionem
1053 3731 1215 3801 geniti
1264 3746 1475 3798 sumus,
1515 3741 1678 3802 atque
1708 3733 1764 3788 in
1813 3735 1999 3804 pravis

423 3822 665 3876 moribus
704 3832 759 3877 et
803 3821 1027 3876 nefariis
1065 3820 1332 3875 institutis
1370 3821 1614 3886 educati;
1654 3832 1714 3876 ut
1755 3821 1999 3877 necessi-

425 3913 550 3969 tatis
577 3921 631 3967 et
666 3913 1029 3984 ignorationis
1073 3913 1166 3967 ﬁlii
1214 3929 1320 3969 non
1370 3926 1711 3978 maneamus,
1743 3913 1838 3968 sed
1882 3912 1997 3969 ele-

423 4005 624 4059 ctionis
665 4015 721 4059 et
763 4005 1043 4070 scientize;
1092 4014 1147 4057 et
1193 4003 1572 4059 remissionem
1611 4012 1995 4073 peccatorum,

422 4112 543 4166 quae
593 4097 745 4166 prius
793 4097 1202 4163 commisimus,
1253 4112 1658 4166 consequamur
1701 4097 1754 4151 in
1818 4111 1995 4166 aqua;

423 4205 586 4259 super
632 4205 698 4245 eo
739 4190 828 4259 qui
892 4190 1202 4260 regenerari
1251 4189 1491 4244 voluerit
1534 4199 1589 4244 et
1644 4197 1998 4258 peccatorum

425 4282 596 4353 egerit
644 4283 1054 4352 pmnitentiam,
1093 4296 1294 4337 nomen
1327 4280 1572 4340 Parentis
1621 4280 1998 4335 universorum

424 4386 479 4428 at
528 4376 739 4430 Domini
776 4376 865 4430 Dei
915 4376 1318 4445 pronuntiatur.
1349 4393 1367 4426 ι
1421 4373 1710 4429 Nascimur
1761 4387 1891 4444 ergo
1944 4373 1998 4428 in

425 4477 682 4536 peccato,
733 4469 1000 4535 siquidem
1051 4470 1121 4523 ob
1180 4468 1323 4522 hanc
1371 4469 1602 4537 primam
1637 4466 1998 4522 nativitatem

421 4573 646 4626 egemus
681 4559 952 4625 baptismo
980 4559 1070 4628 qui
1107 4574 1204 4613 nos
1241 4567 1546 4628 regeneret.
1583 4558 1872 4613 Naseimur
1904 4557 1998 4612 lilii

427 4648 772 4703 necessitatis
800 4660 855 4702 et
889 4649 1271 4718 ignorationis,
1308 4638 1409 4704 nec
1439 4665 1726 4718 possumus
1756 4649 1876 4704 sine
1905 4649 2000 4703 ba-

427 4743 622 4809 ptismo
667 4758 733 4797 ex
789 4743 892 4796 hoc
940 4742 1177 4796 miseria:
1231 4753 1378 4796 statu
1437 4757 1741 4811 emergere.
1790 4741 2001 4798 Idcirco

425 4835 570 4887 enim
602 4833 966 4903 baptizamur,
991 4844 1048 4886 ut
1080 4849 1182 4887 non
1218 4835 1568 4904 ignorationis
1593 4844 1640 4888 et
1675 4835 2000 4888 necessitatis

426 4927 527 4995 ﬁlii
564 4944 891 4982 maneamus.

501 5017 563 5072 Il.
595 5018 655 5072 ltt
686 5015 934 5082 Cohort.,
962 5033 1017 5071 υ.
1043 5016 1136 5081 2|,
1170 5025 1456 5085 postquam
1497 5015 1636 5070 dixit
1678 5016 1875 5084 primos
1908 5017 2003 5068 ho-

429 5113 615 5176 mines,
648 5125 678 5163 a
709 5109 905 5179 quibus
941 5109 1158 5164 inducta
1194 5111 1418 5164 deorum
1461 5107 1771 5174 multitudo,
1798 5108 1852 5160 in
1888 5124 1997 5160 me-

429 5205 596 5259 moria
643 5203 886 5257 habuisse
933 5204 1204 5272 antiquam
1247 5202 1396 5254 illam
1438 5200 1704 5269 fraudem,
1735 5217 1840 5271 qua
1885 5217 2002 5254 ma-

421 5299 568 5366 jores
611 5297 847 5365 ipsorum
884 5295 1123 5364 decipere
1154 5295 1317 5347 voluit
1353 5293 1570 5346 humani
1601 5294 1805 5362 generis
1841 5293 2002 5346 hostis

431 5398 657 5455 uwmon,
688 5402 806 5440 cum
844 5386 963 5439 illos
992 5386 1067 5439 sic
1104 5384 1460 5454 alloqueretur
1484 5399 1503 5438 :
1542 5401 1560 5434 ι
1594 5383 1649 5437 Si
1681 5383 1812 5437 mihi
1840 5382 2000 5438 obse-

432 5481 542 5534 cuti
587 5479 824 5545 fueritis,
856 5477 1014 5535 eritis
1043 5477 1188 5532 sicut
1233 5476 1332 5542 dii,
1355 5493 1374 5526 ›
1412 5477 1526 5532 haec
1557 5476 1709 5530 addit
1737 5491 1750 5529 :
1785 5492 1804 5526 ι
1833 5474 2004 5546 Igitur

434 5587 555 5624 cum
586 5571 828 5626 obsecuti
863 5569 1212 5625 fraudulento
1245 5569 1478 5622 dzetnoni
1513 5568 1782 5634 homines,
1808 5583 1872 5623 ac
1905 5567 1999 5621 Dei

435 5673 762 5733 praeceptum
811 5664 1025 5718 violare
1076 5662 1192 5717 ausi
1247 5671 1459 5728 essent,
1498 5676 1530 5718 e
1562 5662 1821 5730 paradiso
1852 5661 2004 5715 exie-

438 5765 602 5810 runt:
645 5771 708 5810 ac
765 5757 988 5812 deorum
1035 5755 1252 5824 quidem
1288 5768 1485 5808 nomen
1511 5754 1566 5810 in
1602 5754 1860 5813 memoria
1903 5755 2000 5809 ha-

506 5872 528 5902 ⁸
557 5870 689 5929 Luc.
729 5888 766 5940 ι,
808 5872 897 5930 58.
975 5875 994 5904 ⁵
1031 5871 1185 5927 Deut.
1229 5887 1379 5940 xxix,
1414 5872 1503 5928 ‘21.

2100 3381 2207 3428 lein
2259 3373 2492 3444 peperit.
2540 3371 2710 3426 Maria
2766 3381 2953 3425 autem
3003 3370 3185 3440 virgo,
3232 3385 3354 3423 cum
3422 3369 3583 3424 fidem
3619 3378 3668 3423 et

2099 3465 2352 3537 gaudium
2385 3466 2745 3536 percepisset,
2785 3463 3058 3517 nuntianti
3085 3461 3278 3533 angelo
3318 3461 3502 3517 laetum
3533 3476 3666 3516 nun-

2097 3561 2231 3614 tium
2298 3557 2638 3630 respondit:
2709 3554 2836 3610 Fiat
2908 3557 3037 3610 mihi
3113 3555 3402 3609 secundum
3463 3555 3669 3610 verbum

2099 3662 2244 3706 tuum
2273 3650 2362 3707 ⁵.»
2406 3650 2688 3706 Christum
2737 3648 2858 3702 sine
2914 3655 3137 3717 peccato
3192 3647 3439 3716 genitum
3501 3646 3668 3700 fuisse

2099 3746 2252 3814 dicit,
2272 3763 2327 3803 n.
2345 3746 2436 3812 23,
2457 3753 2516 3800 ut
2532 3759 2656 3799 eum
2674 3744 2741 3796 ab
2758 3741 2878 3795 aliis
2894 3740 3084 3793 Adami
3109 3739 3234 3794 filiis
3252 3747 3521 3794 secernat.
3563 3757 3584 3790 ι
3616 3732 3671 3789 Si

2099 3839 2243 3895 enim
2290 3853 2392 3894 nec
2419 3847 2546 3892 ante
2591 3836 2868 3890 Abraham
2917 3833 3359 3899 circumcisione,
3400 3847 3503 3887 nec
3549 3838 3671 3883 ante

2099 3928 2598 4000 MoysenSabbsto,
2658 3927 2809 3982 feriis
2859 3937 2915 3982 et
2960 3929 3274 3983 muneribus
3323 3942 3462 3995 opus
3516 3932 3670 3988 erat;

2100 4033 2274 4088 neque
2320 4020 2483 4075 etiam
2526 4019 2783 4075 similiter
2820 4034 2954 4088 Opus
2987 4030 3102 4085 est,
3139 4028 3429 4088 postquam
3478 4030 3672 4072 secun-

2101 4111 2227 4166 dum
2276 4110 2600 4165 voluntatem
2643 4109 2817 4164 Patris
2845 4113 3050 4179 absque
3100 4121 3325 4179 peccato
3352 4125 3419 4163 ex
3461 4107 3674 4178 virgine

2102 4205 2169 4258 ab
2196 4203 2467 4257 Abraham
2515 4203 2745 4257 oriunda
2789 4203 3008 4272 genitus
3045 4213 3128 4258 est
3169 4203 3339 4258 Filius
3381 4203 3478 4258 Dei
3522 4202 3676 4256 Jesus

2101 4295 2369 4350 Christus.
2404 4313 2423 4347 ι

2174 4386 2290 4442 Νου
2318 4387 2528 4441 dubitat
2555 4387 2614 4441 S.
2633 4394 2839 4455 martyr
2860 4386 2991 4455 quin
3016 4400 3176 4440 omne
3200 4385 3483 4440 hominum
3509 4396 3676 4452 genus

2101 4478 2472 4533 maledictioni
2507 4477 2803 4531 obnoxium
2849 4476 3009 4530 fuerit
3037 4478 3106 4531 ob
3134 4477 3273 4530 hanc
3323 4477 3535 4544 peccati
3569 4475 3678 4528 ori-

2105 4569 2298 4641 ginalis
2343 4569 2550 4634 labem,
2585 4569 2745 4636 idque
2791 4568 2984 4637 probat
3030 4568 3197 4622 ducto
3243 4577 3570 4638 argumento
3614 4580 3679 4619 ex

2110 4663 2175 4716 iis
2211 4662 2300 4730 qui
2344 4662 2444 4716 sub
2477 4661 2615 4728 lege,
2653 4669 2706 4713 et
2738 4674 2801 4712 ex
2835 4659 2900 4713 iis
2939 4660 3034 4729 qui
3077 4660 3195 4713 sine
3239 4659 3356 4728 lege
3395 4659 3676 4712 vixerunt.

2117 4753 2328 4808 tOtnne
2360 4752 2635 4805 hominum
2664 4765 2852 4820 genus,
2885 4751 3060 4819 inquit
3101 4749 3399 4818 Dialog.,n.
3443 4750 3539 4814 95,
3569 4763 3686 4802 ma-

2111 4843 2387 4897 ledictioni
2437 4841 2730 4895 obnoxium
2781 4828 3099 4908 reperietur.
3163 4837 3482 4890 Maledictus
3534 4837 3684 4891 enim

2109 4936 2409 4989 secundum
2470 4932 2642 5001 legem
2679 4931 2880 5005 Moysis
2916 4931 3093 4986 dictus
3139 4939 3251 4992 est,
3290 4930 3533 4998 quisquis
3580 4943 3686 4982 non

2108 5035 2374 5094 permanet
2416 5025 2470 5077 in
2499 5029 2572 5077 eis
2619 5039 2735 5092 quia
2769 5023 2964 5085 scripta
3008 5030 3127 5075 sunt
3167 5022 3222 5074 in
3265 5021 3399 5073 libro
3437 5019 3597 5090 legis,
3627 5027 3686 5072 ut

2106 5118 2268 5185 faciat
2300 5134 2361 5172 ea
2385 5123 2427 5170 ³.
2465 5115 2635 5170 Nemo
2661 5123 2809 5169 certe
2841 5113 3021 5168 omnia
3055 5119 3312 5166 accurate
3341 5111 3686 5176 observavit,

2109 5222 2280 5277 neque
2329 5208 2382 5261 id
2417 5221 2513 5262 vos
2544 5219 2742 5273 negare
2779 5203 3081 5269 audebitis;
3120 5201 3214 5257 sed
3261 5201 3350 5254 alii
3385 5201 3516 5256 aliis
3567 5202 3688 5271 plus

2106 5307 2196 5351 aut
2230 5299 2410 5354 minus
2439 5304 2708 5368 praecepta
2745 5295 3146 5350 observarunt:
3181 5293 3323 5362 quod
3357 5292 3403 5347 si
3432 5306 3556 5360 eos,
3594 5293 3689 5362 qui

2105 5393 2205 5445 sub
2235 5397 2334 5445 hac
2354 5391 2470 5461 lege
2495 5399 2641 5454 sunt,
2665 5389 2766 5444 sub
2793 5383 3172 5440 maledictione
3193 5399 3311 5440 esse
3339 5393 3516 5454 patet,
3539 5385 3691 5454 quod

2112 5498 2219 5536 non
2249 5482 2432 5535 omnia
2463 5479 2906 5546 obscrvaverint,
2937 5492 3117 5532 annon
3165 5475 3330 5531 multo
3373 5477 3557 5548 magis
3592 5490 3693 5546 pa-

2113 5572 2246 5627 tebit
2275 5579 2466 5640 gentes
2501 5585 2711 5637 omnes,
2757 5585 2878 5640 quae
2923 5568 3211 5624 simulacra
3253 5566 3461 5633 colunt,
3497 5567 3693 5638 pueris

2107 5672 2298 5731 stupra
2335 5659 2600 5724 inferunt,
2631 5670 2686 5715 et
2719 5658 2826 5714 alia
2861 5657 3070 5714 nefaria
3105 5656 3333 5720 faciunt,
3364 5653 3464 5709 sub
3514 5652 3693 5708 male-

2108 5751 2346 5808 dictione
2374 5748 2531 5806 esse?
2559 5768 2579 5800 ι
