3796 6514
493 326 554 416 ἐι
1408 366 1465 423 s.
1501 365 1834 425 JUSTINUS
1866 366 2338 426 meosopnus
2374 369 2460 425 ET
2498 369 2806 429 manu.
3666 372 3714 429 δε

498 481 657 534 ritate
687 481 1085 550 proﬁciscatur.
1120 502 1137 535 ι
1167 484 1425 541 Bil‘ariatn
1458 489 1643 558 igitur,
1692 492 1866 559 inqttit
1888 508 1942 545 ιι.
1968 492 2059 555 93,
2088 498 2133 555 Α
2166 493 2346 548 miletu
2382 493 2537 547 ﬁdem
2578 494 2767 550 simus.
2802 492 3263 559 Quemadmodum
3294 494 3440 549 enim
3482 493 3577 550 ille
3605 509 3714 549 voc

496 573 785 627 distributa
821 577 965 628 omni
993 576 1229 645 justitia,
1260 578 1309 630 in
1342 579 1505 633 Deum
1538 590 1593 634 et
1626 582 1902 647 homines,
1933 586 2055 654 qui-

496 678 733 733 cunque,
766 666 842 718 ait
878 666 1184 735 Scriptura,
1219 669 1401 739 diligit
1450 670 1737 727 Dominum
1778 675 1944 729 Deum
1989 690 2055 730 ex

494 764 607 808 toto
634 756 796 810 corde
825 766 877 810 et
906 774 973 813 ex
1018 760 1148 813 totis
1191 760 1396 815 viribus
1422 770 1477 815 et
1508 764 1813 830 proximum
1860 776 1920 819 ut
1964 781 2053 822 se-

494 845 670 914 ipsum
702 848 741 911 ',
788 849 833 902 is
881 864 1006 903 vere
1047 850 1226 919 justus
1275 852 1459 906 fuerit.
1500 872 1519 906 ι
1577 854 1789 909 Nullam
1829 872 2053 927 prorsus

492 938 883 1005 ignorationem
929 942 1166 997 admittit
1199 959 1267 997 ne
1300 945 1353 998 in
1386 946 1771 1012 perditissimis
1806 951 2051 1018 quidem,

392 1074 395 1077 .
491 1044 595 1095 qua
619 1033 827 1098 peccati
869 1048 1063 1102 expers
1088 1035 1159 1087 sit
1190 1036 1452 1104 quidquid
1486 1036 1546 1091 ﬁt
1574 1050 1763 1093 contra
1813 1043 1913 1097 hoc
1952 1044 2054 1097 dn-

490 1121 611 1187 plex
643 1136 995 1191 praeceptum.
1028 1125 1118 1179 Sic
1149 1127 1292 1179 enim
1320 1128 1518 1184 ibidem
1545 1130 1786 1200 loquitur
1813 1149 1827 1187 :
1864 1152 1884 1185 ‹
1918 1132 2050 1189 Nam

491 1228 610 1281 quae
630 1229 847 1285 semper
880 1226 935 1270 et
968 1218 1168 1286 ubique
1189 1217 1332 1286 justa
1355 1231 1481 1275 sunt
1506 1237 1571 1278 ac
1596 1232 1759 1278 totam
1782 1223 2047 1293 justitiam

490 1304 544 1357 in
575 1307 723 1360 omni
755 1307 1033 1363 hominum
1068 1326 1265 1381 genere
1294 1314 1512 1368 exhibet
1544 1314 1721 1383 Deus;
1759 1332 1858 1373 nec
1884 1319 2049 1373 ullum

488 1407 572 1452 est
600 1414 793 1470 genus,
820 1403 963 1470 quod
995 1404 1206 1474 ignoret
1246 1405 1573 1460 adulterium
1615 1424 1737 1464 esse
1768 1411 1966 1463 malum
1998 1421 2051 1465 et

486 1487 903 1545 fornicationem
956 1501 1011 1547 et
1059 1493 1413 1549 homicidium
1462 1508 1516 1552 et
1557 1513 1892 1569 quaecunque
1945 1503 2049 1556 alia

483 1580 705 1634 similia.
745 1581 876 1648 Qum
918 1587 1135 1654 quidem
1162 1589 1377 1644 etiamsi
1423 1604 1612 1647 omnes
1660 1592 1886 1661 faciant,
1940 1611 2046 1650 non

486 1681 668 1728 tamen
697 1686 1061 1745 assequuntur
1088 1688 1170 1745 ut,
1198 1695 1320 1734 cum
1348 1696 1409 1736 ea
1442 1682 1666 1751 faciunt,
1697 1685 1881 1754 inique
1919 1701 1949 1739 a
1992 1701 2052 1741 se

486 1764 603 1819 ﬁeri
635 1766 908 1837 ignorent,
945 1770 1012 1823 iis
1046 1773 1312 1841 exceptis,
1346 1774 1658 1844 quicunque
1699 1777 1914 1845 impuro
1940 1780 2051 1847 spi-

2160 584 2251 637 Dci
2298 584 2527 638 credidit
2555 595 2604 639 et
2651 595 2947 653 reputatum
2983 594 3055 637 est
3091 586 3140 639 ei
3177 586 3245 637 ad
3274 586 3543 655 justitiam
3568 585 3626 651 ⁸;
3658 587 3714 639 it:

2157 682 2211 727 et
2237 689 2335 729 nos
2366 684 2648 742 postquam
2676 675 2795 728 voci
2827 674 2920 727 Dei
2950 684 3061 727 tum
3086 690 3183 743 per
3211 675 3482 740 apostolos
3513 676 3714 731 ChriSt

2157 766 2331 821 denuo
2374 765 2698 833 prazdicatae,
2746 774 2857 818 tttm
2906 778 3002 832 per
3025 767 3318 833 prophetas
3364 767 3714 834 promulgata

2155 858 2492 912 credidimus
2516 899 2531 922 ,
2565 857 2634 911 ad
2658 864 2884 910 mortem
2929 870 3102 924 usque
3132 856 3383 910 omnibus
3412 858 3581 911 rebus
3608 870 3714 923 qua

2156 953 2210 1007 in
2241 952 2439 1005 mundo
2474 960 2603 1005 sunt
2628 947 3078 1004 renuntiavimus.
3114 966 3133 999 ›
3170 947 3322 1017 Saepe
3345 947 3481 1002 alias
3511 946 3713 1000 deseri

2152 1044 2234 1100 bit
2261 1047 2610 1100 deterrimam
2658 1043 2803 1097 illam
2831 1041 3113 1113 gentilium
3156 1042 3319 1094 vitam
3362 1055 3426 1094 ac
3466 1038 3713 1093 omnibu:

2153 1136 2303 1191 vitiis
2332 1133 2682 1201 cumulatam,
2709 1131 2920 1200 qualem
2946 1128 3239 1184 Christiani
3270 1127 3539 1181 duxerant
3564 1134 3713 1178 ante

2151 1242 2313 1295 quam
2341 1242 2370 1279 a
2400 1226 2618 1280 Christo
2648 1232 2993 1279 vocarentur.
3018 1219 3157 1275 Hinc
3184 1236 3304 1274 cum
3335 1219 3439 1274 sibi
3463 1214 3714 1272 consciu:

2152 1325 2299 1372 esset
2339 1332 2444 1371 non
2476 1315 2741 1370 meruisse
2766 1328 2824 1369 se
2850 1320 2910 1367 ut
2950 1312 3016 1366 ad
3063 1312 3221 1366 ﬁdetn
3249 1308 3588 1381 perveniret,
3629 1319 3714 1373 prt

2152 1409 2354 1464 Judmis
2386 1407 2598 1478 precari
2631 1421 2736 1461 non
2775 1406 3090 1469 dubitabat,
3118 1419 3255 1473 quos
3277 1418 3385 1457 non
3416 1399 3583 1455 modo
3615 1412 3714 1451 nor

2153 1500 2371 1564 mereri,
2402 1510 2463 1553 ut
2499 1498 2793 1554 a'Christo
2824 1503 3168 1560 vocarentur,
3200 1492 3294 1548 sed
3319 1491 3487 1544 etiam
3526 1500 3714 1542 omne:

2152 1591 2355 1646 furoris
2401 1591 2485 1645 sui
2531 1598 2759 1646 conatus
2818 1589 2871 1642 in
2930 1586 3366 1643 Christianorum
3412 1579 3713 1651 pernicien

2151 1696 2477 1742 convertere
2516 1683 2776 1739 videbat:
2823 1700 2843 1736 ι
2881 1681 2991 1737 Nos
3027 1690 3239 1744 autem,
3271 1676 3449 1746 inquit
3481 1672 3713 1735 Iudaeis1

2150 1793 2208 1831 n.
2238 1776 2362 1840 108,
2396 1790 2498 1831 nec
2522 1788 2619 1831 vos
2642 1775 2876 1839 odimus,
2900 1786 3005 1827 nec
3034 1786 3131 1827 eos
3160 1772 3248 1840 qui
3276 1769 3439 1824 talem
3464 1768 3532 1821 de
3563 1763 3714 1820 nobi:

484 1857 591 1911 ritu
622 1859 791 1926 pleni,
820 1860 904 1915 vel
938 1876 1105 1930 prava
1140 1863 1487 1921 institutione
1529 1877 1582 1921 et
1616 1868 1771 1922 malis
1806 1846 2047 1924 moribus
2078 1846 2122 1901 Β
2148 1869 2454 1939 Opinionem
2489 1882 2520 1921 a
2544 1868 2699 1923 vobis
2720 1865 3191 1936 acceperunt;sed
3224 1876 3513 1930 precamur
3540 1866 3604 1912 ttt
3638 1872 3710 1910 ve

484 1963 550 2005 ac
604 1949 831 2007 nefariis
880 1952 1088 2023 legibus
1141 1957 1429 2024 corrupti,
1477 1960 1754 2014 naturales
1800 1962 2048 2017 notiones

482 2040 805 2106 amiserunt,
843 2044 927 2098 vel
958 2045 1137 2112 potius
1167 2046 1426 2101 inltibitas
1458 2056 1662 2102 tenent.
1694 2067 1713 2099 ι

561 2130 667 2186 Sed
698 2133 1050 2200 charitalem,
1084 2151 1207 2204 quae
1236 2138 1348 2191 sola
1391 2138 1563 2208 legem
1608 2140 1899 2209 adimplet,
1944 2141 2050 2197 ﬁde

480 2225 785 2290 comparari
812 2229 989 2282 docet.
1029 2247 1048 2279 ι
1097 2228 1199 2294 Qui
1229 2244 1295 2283 ex
1338 2233 1626 2300 gentibus,
1662 2233 1837 2302 inquit
1871 2250 1923 2288 ιι.
1956 2234 2045 2301 52,

478 2329 578 2383 per
600 2317 796 2371 Christi
829 2320 987 2373 ﬁdetn
1020 2322 1116 2376 Dei
1143 2324 1380 2378 cultores
1410 2334 1467 2378 et
1501 2326 1635 2396 justi
1664 2328 1792 2381 facti
1833 2342 2043 2392 sumus,

479 2419 672 2460 rursus
729 2422 852 2461 eum
898 2419 1189 2465 venturum
1221 2422 1624 2483 exspectamus.
1660 2433 1677 2466 ι
1708 2414 1858 2470 Hanc
1889 2417 2046 2471 Iidem

480 2498 753 2554 cbaritate
788 2501 1087 2557 animatam
1129 2519 1317 2560 eorum
1359 2509 1634 2578 propriam
1665 2524 1787 2565 esse
1832 2511 2046 2578 statuit,

478 2603 533 2641 ιι.
569 2588 637 2642 15
666 2599 720 2643 et
755 2591 842 2650 Η,
886 2611 907 2646 ‹
949 2596 1043 2662 qui
1068 2611 1173 2651 non
1195 2597 1307 2666 jam
1338 2599 1617 2655 hircorum
1641 2610 1694 2656 et
1718 2603 1899 2657 ovium
1923 2618 2050 2658 san~

480 2682 644 2751 gniue
677 2685 992 2753 expiantur,
1024 2698 1119 2743 aut
1146 2690 1333 2746 vitula:
1360 2692 1565 2758 cinere,
1592 2694 1854 2751 similteve
1896 2697 2049 2752 obla-

479 2774 741 2839 tionibns,
773 2778 866 2830 sed
897 2778 1002 2833 ﬁde
1032 2796 1131 2849 per
1157 2784 1481 2852 sanguinem
1509 2784 1708 2840 Christi
1740 2796 1796 2841 et
1815 2798 2044 2841 mortem

476 2863 614 2935 ejus,
645 2867 734 2935 qui
766 2883 831 2922 ea
861 2870 975 2937 ipsa
1007 2872 1075 2925 de
1106 2885 1273 2926 causa
1300 2884 1550 2929 mortuus
1573 2884 1678 2931 est.
1714 2896 1733 2928 ι
1762 2877 1964 2933 Probat
1994 2877 2049 2932 id

475 2971 699 3017 sanctus
734 2975 943 3036 martyr
983 2983 1051 3021 ex
1096 2968 1273 3038 capite
1300 2986 1395 3024 LIII
1429 2970 1617 3033 Isaiae,
1657 2971 1751 3026 ubi
1797 2972 2048 3027 Christus

474 3065 700 3123 peccata
745 3068 1230 3129 nostra.portare,
1260 3070 1315 3116 et
1351 3063 1669 3119 vulneratus
1700 3076 1923 3136 propter
1952 3068 2046 3123 de—

2150 1976 2291 2014 nunc
2326 1959 2513 2013 saltem
2558 1959 2934 2029 ptenitentiam
2982 1966 3240 2027 agentes,
3276 1951 3714 2008 misericordian

2150 2051 2558 2121 consequamini
2602 2066 2629 2105 a
2680 2052 3013 2119 perhumano
3055 2056 3108 2103 et
3156 2048 3353 2099 mirum
3396 2045 3448 2098 in
3495 2040 3714 2096 modun

2149 2145 2503 2200 misericorde
2544 2143 2922 2198 universorum
2960 2149 3182 2209 parente
3220 2138 3349 2192 Deo.
3386 2154 3404 2186 ι
3436 2133 3530 2188 Dei
3565 2132 3714 2201 judi‘

2149 2238 2292 2291 cium
2320 2236 2617 2290 admiratur
2650 2234 2891 2289 Justinus
2924 2233 2975 2286 in
3007 2233 3110 2286 hoc
3141 2228 3445 2283 Judzeorutn
3475 2233 3531 2280 et
3554 2222 3714 2277 Chri-

2150 2328 2451 2381 stianorum
2500 2324 2835 2380 discrimine.
2867 2341 2886 2373 ι
2922 2320 3033 2376 Nec
3081 2317 3281 2373 frustra
3332 2330 3432 2370 nos
3487 2314 3541 2367 in
3592 2326 3714 2365 eurr

2149 2418 2499 2483 credidimus,
2526 2416 2697 2486 inquit
2725 2431 2872 2469 num.
2900 2413 3026 2478 118,
3055 2427 3154 2467 nec
3181 2412 3247 2465 ab
3279 2409 3366 2477 iis,
3391 2407 3482 2478 qui
3516 2407 3591 2459 ita
3628 2406 3706 2458 do

2149 2518 2398 2572 cuerunt,
2430 2507 2638 2575 decepti
2667 2519 2893 2569 sumus;
2930 2502 3024 2557 sed
3054 2510 3108 2557 et
3133 2497 3433 2555 admirabili
3467 2494 3561 2549 Dei
3588 2508 3714 2564 pro

2148 2599 2384 2653 videntia
2414 2599 2465 2652 id
2492 2594 2753 2667 contigit,
2785 2604 2843 2649 ut
2886 2594 3075 2658 vobis,
3107 2591 3196 2661 qui
3244 2590 3338 2644 Dei
3373 2595 3625 2641 amantes
3671 2596 3714 2637 et

2149 2691 2439 2760 prudentes
2466 2685 2988 2747 existimamini,nec
3013 2683 3145 2740 estis
3168 2693 3368 2746 tamen,
3396 2675 3714 2747 prudentie

2151 2798 2237 2837 res
2267 2796 2364 2836 nos
2386 2790 2438 2837 et
2466 2779 2832 2850 religiosiores
2862 2777 3230 2832 ittv’eniremur
3255 2788 3351 2843 per
3377 2769 3714 2825 vocationem

2149 2877 2271 2930 novi
2304 2886 2357 2931 et
2379 2876 2567 2930 aeterni
2603 2874 2934 2939 testamenti,
2967 2873 3019 2926 id
3052 2880 3136 2926 est
3164 2868 3386 2924 Christi.

2218 2967 2368 3021 Hanc
2416 2967 2715 3021 doctrinam
2771 2973 3059 3033 acceperat
3105 2961 3348 3017 Justinus
3395 2959 3463 3012 ab
3508 2956 3714 3024 optima

2148 3072 2302 3121 sene,
2335 3057 2489 3125 cujus
2519 3072 2586 3111 ex
2612 3069 2867 3111 sermone
2916 3053 3127 3106 initium
3161 3049 3350 3104 habuit
3388 3045 3595 3102 Christi
3628 3057 3714 3097 c).

476 3143 602 3197 licta
634 3154 819 3200 nostra
847 3148 1066 3211 dicitur.
1114 3166 1321 3221 nosque
1364 3154 1483 3223 ejus
1522 3155 1695 3212 livore
1732 3159 1937 3212 sanari.
1965 3158 2042 3213 Ex
2070 3180 2115 3239 ρ
2148 3147 2464 3217 εηοεεθιιάίο
2519 3146 2610 3202 δίο
2664 3145 2754 3199 me
2804 3146 3083 3200 discede“
3141 3157 3172 3195 ³
3218 3140 3434 3195 Juslino
3490 3152 3713 3239 Peior?

475 3252 581 3304 quo
610 3239 886 3294 concludit
936 3252 1140 3311 quanta
1188 3245 1259 3299 sit
1306 3246 1563 3316 baptismi
1608 3248 2043 3306 Christianorum

472 3330 759 3386 sanctitas.
796 3350 817 3383 ι
863 3330 1052 3405 Itaque
1094 3349 1191 3404 per
1235 3336 1510 3392 lavacrum
1557 3340 1927 3409 paenitentiae,
1957 3342 2045 3397 in-

473 3420 591 3487 quit
616 3460 633 3485 ,
661 3432 717 3475 et
756 3424 1085 3492 cognitionis
1115 3425 1384 3496 Dei,quod
1414 3443 1514 3498 pro
1542 3431 1789 3500 peccatis
1813 3432 2045 3502 populo-

473 3526 593 3566 rum
634 3512 728 3567 Dei
762 3514 1074 3571 institutum
1108 3528 1216 3585 est,
1247 3529 1306 3573 ut
1332 3518 1533 3574 clamat
1559 3520 1751 3587 Isaias,
1788 3538 1887 3578 nos
1918 3539 2042 3579 cre~

471 3602 739 3669 didimus;
769 3616 824 3661 et
855 3614 1120 3663 testamur
1148 3610 1323 3678 ipsum
1345 3608 1478 3664 illud
1504 3609 1573 3665 ab
1602 3624 1669 3666 eo
1709 3614 2045 3681 praenuntia-

472 3700 588 3749 tum
642 3695 913 3765 baptisma
943 3737 959 3763 ,
1004 3700 1149 3769 quod
1198 3701 1377 3756 solum
1434 3700 1765 3772 poenitentes
1822 3704 2047 3774 expiare

469 3795 674 3855 potest,
707 3789 846 3844 banc
873 3805 997 3846 esse
1026 3808 1221 3862 aquam
1255 3794 1399 3848 vitae.
1424 3815 1443 3849 ι

543 3876 608 3936 IL
671 3880 884 3949 Duplici
919 3885 1139 3938 nomine
1170 3886 1581 3940 conversionem
1615 3887 1797 3942 cordis
1828 3887 2047 3944 Christo

471 3970 740 4037 attribuit,
774 3983 886 4026 tum
914 3976 1040 4043 quia
1068 3980 1303 4046 gratuita
1342 3980 1518 4048 gratia
1550 3978 1883 4034 voluntatem
1912 3996 2047 4048 prae-

470 4070 722 4127 occupat,
755 4071 867 4115 tum
894 4063 1020 4130 quia
1056 4073 1306 4132 potenter
1340 4065 1395 4117 in
1430 4066 1591 4120 nobis
1618 4076 1878 4134 operatur
1908 4066 2048 4120 velle

472 4157 529 4202 et
570 4149 857 4218 perﬁcere.
907 4152 1217 4207 Gratuitam
1269 4154 1474 4209 Christi
1525 4156 1755 4225 gratiam
1805 4156 2047 4224 pluribus

473 4236 608 4292 locis
637 4241 915 4309 praedicat.
948 4260 967 4294 ‹
1003 4242 1142 4308 Quid
1172 4244 1370 4308 dicam,
1404 4245 1580 4312 inquit
1608 4245 1759 4311 Apol.
1788 4247 1838 4311 Ι,
1870 4261 1921 4313 p.
1958 4247 2045 4309 62,

475 4329 934 4388 innumerabilem
967 4349 1154 4388 eorum
1180 4335 1608 4401 multitudinem,
1640 4338 1731 4405 qui
1762 4352 1826 4390 ex
1859 4339 2049 4393 intem-

473 4421 726 4487 perantia
755 4425 1005 4478 conversi
1039 4434 1185 4489 sunt,
1221 4434 1390 4494 atque
1415 4426 1531 4481 haec
1561 4426 1903 4481 didicerunt?
1930 4428 2046 4481 Non

2150 3239 2387 3309 Dialog.,
2411 3254 2468 3293 ιι.
2499 3237 2529 3289 7
2553 3253 2569 3291 :
2609 3256 2629 3289 ι
2666 3236 2786 3291 Tibi
2815 3252 2944 3291 vero
2972 3248 3196 3305 precare
3219 3241 3345 3287 ante
3370 3228 3554 3285 omnia
3580 3227 3714 3282 lucit

2147 3338 2333 3399 portas
2357 3330 2579 3396 recludi,
2598 3343 2774 3399 neque
2796 3329 2938 3383 enim
2964 3329 3078 3381 haec
3104 3326 3388 3395 quisquam
3414 3320 3714 3390 intelligere

2148 3430 2203 3476 et
2232 3423 2547 3491 perspicere
2576 3421 2768 3490 possit,
2796 3419 2897 3473 nisi
2922 3418 3007 3473 cui
3038 3418 3180 3470 Deus
3223 3413 3524 3481 intelligere
3551 3412 3714 3465 dede.

2147 3514 2219 3568 rit
2242 3522 2298 3566 et
2326 3512 2572 3567 Christus
2612 3511 2749 3581 ejus.
2786 3530 2805 3562 ι
2836 3510 2961 3564 Haec
2988 3518 3166 3562 autem
3206 3521 3310 3560 non
3354 3504 3421 3559 de
3453 3502 3713 3573 singulari

2148 3605 2383 3673 quadam
2416 3617 2479 3656 ac
2505 3601 2808 3658 sublimiori
2842 3600 3227 3669 mysteriorum
3263 3594 3598 3675 cognitione,
3626 3607 3713 3644 set

2148 3697 2214 3750 de
2236 3695 2341 3750 ﬁde
2364 3695 2535 3763 accipi
2559 3694 2755 3747 debere
2777 3705 2844 3745 ex
2871 3706 2935 3745 eo
2962 3688 3310 3758 perspicitur,
3334 3686 3475 3754 quod
3502 3682 3714 3736 Justint

2148 3788 2385 3842 nondum
2417 3787 2485 3840 ad
2501 3786 2773 3841 Christum
2792 3795 3059 3836 converso
3090 3794 3198 3834 non
3227 3775 3564 3847 congruebat
3592 3774 3714 3827 sub-

2149 3878 2292 3933 limis
2320 3878 2408 3932 illa
2434 3887 2491 3931 et
2526 3886 2677 3931 extra
2735 3875 2983 3929 ordinem
3034 3870 3419 3941 mysteriorum
3452 3866 3713 3934 cognitio.

2149 3968 2243 4022 sed
2283 3966 2417 4022 ﬁdes
2442 3978 2497 4021 et
2542 3977 2795 4022 assensus
2826 3961 2947 4016 ﬁdei
2976 3961 3279 4023 elementis,
3308 3972 3428 4027 qua:
3456 3970 3633 4009 senex
3675 3958 3713 4009 ei

2152 4058 2369 4111 tradere
2391 4063 2652 4124 cmperat.
2676 4053 2730 4106 Id
2756 4051 3109 4106 conﬁrmatur
3136 4064 3203 4102 cx
3229 4048 3350 4101 aliis
3376 4046 3529 4100 locus.
3563 4063 3583 4095 ‹
3616 4043 3714 4099 No-

2151 4150 2234 4205 bis
2273 4151 2456 4221 igilttr,
2493 4148 2669 4215 inquit
2698 4145 3008 4215 Dialog.,n.
3056 4142 3180 4204 100,
3219 4141 3472 4195 Christus
3505 4138 3714 4193 revela

2149 4245 2229 4298 vit
2261 4244 2477 4306 omnia,
2515 4251 2848 4309 quacunque
2891 4251 2957 4289 ex
3008 4234 3308 4302 Scripturis
3356 4246 3453 4300 per
3483 4231 3713 4298 gratiatr

2149 4335 2265 4403 ejus
2295 4333 2687 4394 intelleximus,
2722 4344 2844 4382 eum
2892 4334 3247 4395 agnoscentes
3295 4323 3713 4391 primogenitun

2153 4429 2249 4483 Dei
2280 4442 2402 4481 esse
2428 4435 2482 4479 et
2513 4433 2638 4477 ante
2667 4438 2755 4477 res
2785 4433 2975 4474 omnes
3017 4426 3258 4478 creatas,
3295 4424 3349 4467 et
3379 4415 3714 4482 patriarcha

475 4512 619 4565 enim
648 4513 828 4580 justos
870 4524 964 4568 aut
1004 4515 1229 4585 pudicos
1280 4517 1349 4570 ad
1391 4516 1778 4586 paenitentiam
1832 4520 2047 4573 vocavit
2077 4511 2123 4565 D
2155 4535 2274 4575 rum
2306 4518 2495 4579 ﬁlium,
2531 4514 2705 4583 utqui
2753 4527 2816 4567 ex
2864 4511 3086 4578 Virgine
3123 4509 3187 4561 ab
3217 4507 3295 4561 eis
3320 4515 3437 4561 orta
3482 4519 3613 4559 caro
3642 4505 3714 4557 fa-

473 4604 750 4668 Cbristus,
792 4608 887 4660 sed
929 4608 1123 4676 impios
1154 4616 1209 4662 et
1248 4608 1548 4677 impudicos
1580 4617 1636 4663 et
1662 4610 1921 4678 injustos.
1956 4610 2048 4669 Sic

474 4696 621 4749 enim
649 4697 725 4750 ait
758 4712 773 4750 :
812 4697 936 4751 Non
968 4702 1083 4751 veni
1110 4715 1294 4753 vocare
1310 4700 1511 4769 justas,
1532 4701 1623 4754 sed
1649 4712 1943 4771 peccatores
1977 4702 2045 4754 ad

472 4790 1262 4857 pamz‘tentiam’.thristianos
1284 4792 1474 4848 eodem
1500 4795 1658 4849 modo
1687 4808 1749 4848 ac
1772 4793 2044 4848 Abraham

477 4889 702 4934 vocatos
732 4896 852 4935 esse
883 4884 1205 4951 pronuntiat
1243 4883 1540 4955 Dialog.,n.
1568 4886 1691 4950 H9,
1738 4885 1826 4940 ubi
1859 4886 1938 4939 sic
1963 4886 2046 4939 lo-

476 4971 664 5038 quitur
700 4989 713 5024 :
752 4991 769 5021 ι
806 4973 946 5039 Quid
991 4974 1156 5041 igitur
1198 4975 1428 5043 amplius
1453 4976 1542 5030 hic
1567 4978 1803 5031 Abrahae
1833 4977 2046 5045 gratiﬁ-

474 5076 633 5118 catur
663 5064 955 5121 Christus?
979 5066 1128 5133 Quod
1154 5065 1319 5121 simili
1346 5068 1633 5123 vocatione
1658 5083 1780 5121 eum
1810 5068 2046 5131 vocavit,

476 5173 601 5212 cum
635 5173 665 5211 e
695 5168 865 5226 terra,
899 5175 1063 5230 quam
1097 5161 1391 5225 incolebat,
1436 5165 1589 5220 exire
1629 5162 1814 5233 jussit,
1852 5178 1915 5218 ac
1952 5180 2048 5233 per

474 5256 623 5311 illam
654 5271 840 5313 vocem
876 5274 974 5314 nos
1016 5274 1208 5315 omnes
1236 5260 1532 5323 vocavit,et
1560 5261 1829 5316 exivimus
1858 5276 1925 5313 ex
1957 5259 2048 5312 illo

479 5347 748 5413 instituto,
784 5350 835 5401 in
860 5366 967 5418 quo
999 5365 1164 5420 prave
1194 5352 1469 5406 communi
1508 5351 1740 5405 aliorum
1776 5358 1935 5403 terrm
1966 5349 2048 5402 iu-

476 5440 716 5496 colarum
749 5457 899 5497 more
924 5443 1278 5504 vivebamus;
1306 5452 1359 5497 et
1390 5458 1511 5497 cum
1542 5444 1815 5498 Abraham
1841 5454 2044 5503 sanctae

478 5541 641 5589 terrae
666 5537 910 5591 ltzeredes
949 5537 1181 5602 erimus,
1232 5536 1606 5592 bzereditatem
1664 5535 1716 5588 in
1774 5534 2040 5587 inﬁnitum

478 5640 648 5680 aevum
691 5626 1045 5697 accipientes,
1069 5629 1269 5697 quippe
1311 5642 1432 5681 cum
1467 5627 1558 5680 lilii
1587 5626 1815 5681 Abrahae
1848 5640 1943 5699 per
1969 5625 2040 5677 si-

555 5799 571 5827 ‘
612 5797 803 5855 Matth.
848 5802 1099 5866 xxtt,37.
1201 5802 1217 5831 ⁷
1264 5801 1429 5855 Matth
1489 5818 1561 5863 ιι,
1601 5799 1679 5852 15.

1776 5802 1793 5829 ⁸
1827 5801 1939 5853 Jac.
1978 5815 2031 5857 ll,
2065 5796 2156 5854 25.

2150 4619 2270 4665 ctus
2294 4650 2309 4675 ,
2346 4606 2594 4661 informis
2635 4606 2798 4659 homo
2824 4613 2879 4655 et
2907 4601 3169 4669 inglorius
3198 4609 3250 4653 et
3280 4597 3714 4667 perpcssionihu:

2155 4700 2425 4755 obnoxius
2470 4698 2585 4752 ﬁeri
2620 4696 2962 4752 sustinuerit.
3001 4714 3019 4746 ι
3055 4694 3118 4746 Et
3150 4709 3207 4749 n.
3256 4691 3355 4745 “9
3388 4707 3402 4742 :
3438 4708 3457 4740 ι
3510 4689 3714 4742 Putatis

2152 4795 2388 4847 futurum
2424 4805 2659 4858 unquam
2684 4788 2872 4851 fuisse,
2899 4794 2958 4838 ut
2982 4786 3098 4839 haec
3123 4786 3173 4837 in
3201 4783 3498 4849 Scripturis
3521 4781 3714 4835 intelli‘

2150 4898 2277 4955 gere
2322 4897 2632 4953 possemus,
2666 4881 2771 4935 nisi
2811 4880 3092 4933 voluntate
3131 4877 3275 4932 illius
3297 4915 3312 4941 ,
3346 4874 3439 4944 qui
3471 4875 3590 4929 haec
3628 4892 3714 4927 vos

2151 4977 2294 5038 luit;
2346 4974 2578 5043 gratiam
2632 4971 3031 5040 accepissemus
3078 4970 3461 5038 intelligendi?
3514 4989 3532 5020 ι
3586 4970 3714 5023 llittt

2148 5068 2315 5121 etiam
2343 5082 2398 5118 n.
2425 5066 2521 5120 12!
2552 5081 2567 5117 :
2601 5083 2621 5116 ‹
2653 5065 2819 5120 Nobis
2843 5065 3030 5118 datum
3055 5074 3161 5127 est,
3193 5071 3253 5115 ttt
3285 5077 3408 5115 eum
3439 5062 3714 5115 audiamu:

2149 5167 2207 5213 et
2239 5158 2627 5229 intelligamus,
2658 5167 2714 5211 et
2742 5156 3015 5211 salvctnur
3042 5168 3137 5223 per
3170 5155 3313 5206 hunc
3339 5152 3643 5218 Christum,
3676 5168 3713 5208 et

2151 5267 2239 5306 res
2282 5250 2464 5305 Patris
2506 5265 2697 5306 omnes
2742 5262 3155 5319 cognoscamus.
3202 5264 3223 5297 ι
3267 5244 3383 5298 Non
3436 5246 3713 5300 dubitabat

2152 5344 2421 5411 Justinus,
2468 5344 2597 5413 quin
2647 5358 2782 5412 quos
2824 5344 2961 5396 Deus
2992 5340 3382 5410 prazdestinavil
3427 5342 3714 5409 conformat

2154 5437 2268 5505 fieri
2311 5436 2558 5506 imaginis
2586 5434 2715 5489 Filii
2756 5436 2905 5499 sui’,
2937 5435 3004 5488 iis
3049 5434 3351 5488 certissima
3392 5436 3460 5487 ad
3492 5436 3714 5489 salutcn‘

2152 5529 2353 5583 auxilia
2387 5530 2795 5597 praeparaverit.
2827 5526 2884 5581 In
2916 5526 3140 5595 Dialogo
3174 5540 3333 5593 quem
3370 5525 3560 5579 habuit
3599 5544 3707 5579 cun

2149 5622 2369 5687 Judaeis,
2415 5621 2759 5685 molestiam,
2811 5635 2973 5689 quam
3020 5634 3083 5675 ex
3128 5618 3345 5674 illorum
3391 5620 3713 5688 percipiebat

2253 5796 2273 5827 ³
2310 5796 2462 5850 Rom.
2492 5811 2609 5861 \‘ttt,
2646 5793 2733 5850 ‘2‘).
