3792 6510
125 361 192 417 53
1118 350 1183 406 ἰ).
1222 349 1487 405 MARANI
1520 349 1622 405 PR.

1848 349 1914 409 Ο.
1948 382 2017 393 ——
2049 350 2229 407 PARS
2262 349 2323 405 Η.
3274 348 3342 402 56

127 474 424 543 pertinacia,
457 489 512 529 ea
543 489 643 544 spe
663 470 964 536 molliebat,
997 473 1189 528 horum
1226 472 1456 539 aliquem
1494 488 1560 527 ea:
1604 490 1665 528 eo
1693 473 1741 530 Δ
1768 472 2022 528 virtutem
2053 473 2261 528 habuit.
2295 489 2315 524 ι
2344 469 2497 538 Quod
2542 484 2675 540 ergo
2709 483 2738 521 a
2776 467 3107 525 daemonibus
3148 465 3344 522 libera-

126 567 315 637 reperiri
356 581 503 633 posse
543 567 780 631 semine,
818 564 960 633 quod
1008 565 1268 632 reliquum
1319 565 1388 616 ad
1440 563 1663 619 salutem
1767 580 1888 620 mur
1918 577 1975 623 et
2004 569 2278 623 daemones
2320 577 2661 634 superamus,
2703 577 2826 617 cum
2871 576 2937 615 ex
2964 561 3096 613 vitio
3126 560 3192 613 ad
3230 560 3340 613 vir-

125 669 346 711 rrmnam
373 656 569 722 factum
589 664 691 715 est,
715 670 774 708 ιι.
800 653 891 707 52.
924 653 989 708 Ει
1014 670 1069 706 ιι.
1095 654 1164 708 (54
1192 669 1207 705 :
1243 673 1261 704 ι
1294 653 1445 708 Nunc
1476 664 1658 709 autem
1767 667 1938 716 tutem
1974 658 2321 729 emergimus,
2364 654 2415 708 id
2444 652 2643 709 Christi
2690 652 2940 719 potentiae
2996 649 3340 705 tribuendum

123 748 233 818 quia
264 746 521 815 judicium
558 747 650 801 Dei
685 746 939 811 formido,
976 746 1043 800 de
1076 744 1225 799 nullo
1254 760 1319 799 ex
1356 756 1538 800 vestro
1564 761 1658 817 ge-
1762 764 1876 819 est;
1919 768 2022 806 non
2078 753 2255 806 minus
2292 749 2554 819 profecto,
2593 760 2753 813 quant
2804 759 2927 799 cum
2975 743 3239 798 daemonia
3270 758 3341 795 ex

124 855 236 894 nere
258 838 560 909 pmjudiCO.
589 849 770 893 uirum
796 840 840 893 is
875 854 982 892 non
1016 839 1087 892 Sil
1117 852 1183 892 εἰ
1213 853 1399 894 eorum
1434 853 1659 907 genere.
1762 844 2082 914 corporibus
2112 841 2403 912 pelluntur.
2448 838 2500 893 ld
2543 850 2765 907 quoque
2805 835 3046 889 declarat
3072 833 3339 888 Justinus.

124 932 199 1000 qui
222 934 506 986 secundum
537 933 765 985 aratiam
793 930 1005 987 Domini
1036 930 1275 985 Sabaoth
1307 930 1503 985 salvari
1537 943 1659 998 pos-
1768 955 1787 990 ι
1824 935 2140 1003 Adjutorem
2204 932 2346 988 enim
2392 930 2563 994 illum,
2614 930 2787 997 inquit
2836 927 3074 996 ejusdem
3105 924 3339 993 Dialog.,

124 1036 246 1079 SUHL
269 1024 604 1093 Quapropter
619 1025 867 1095 quamvis
887 1041 992 1081 non
1014 1025 1182 1094 probe
1204 1024 1412 1093 agatis;
1434 1038 1657 1093 pergam
1760 1045 1817 1085 n.
1852 1029 1943 1095 30,
1988 1036 2043 1083 et
2072 1025 2483 1093 Redemptorem
2521 1022 2874 1092 appellamus,
2912 1017 3068 1087 cujus
3118 1016 3201 1070 vel
3250 1030 3342 1069 no-

124 1130 273 1172 tamen
325 1117 585 1186 quidquid
634 1132 665 1171 a
713 1117 869 1172 vobis
919 1119 1254 1187 propositum
1312 1124 1408 1171 aut
1463 1127 1654 1171 contra
1761 1121 1923 1175 minis
1976 1119 2273 1190 potentiam
2319 1114 2584 1171 dmmonia
2633 1114 2750 1182 ipsa
2804 1111 3250 1180 perhorrescunt,
3276 1122 3341 1161 ac

122 1211 258 1265 fuerit
290 1211 514 1275 dictum,
557 1210 627 1264 ad
674 1210 726 1266 id
768 1212 1119 1278 respondere.
1152 1229 1170 1263 ι
1220 1211 1373 1278 Quod
1418 1212 1659 1279 gratuita
1759 1214 1923 1271 hodie
1974 1228 2071 1282 per
2114 1227 2308 1266 nomen
2348 1210 2473 1269 .iesu
2522 1207 2720 1263 Christi
2771 1204 2871 1258 sub
2921 1202 3114 1257 Pontio
3163 1200 3339 1255 Pilato

123 1302 461 1357 miscricordia
501 1302 627 1356 aliis
662 1303 1005 1367 conceditur,
1041 1303 1092 1357 id
1125 1302 1273 1371 justo
1294 1302 1502 1373 jttdicio
1534 1302 1658 1357 aliis
1757 1305 1956 1362 Judma’
1986 1303 2212 1375 praeside
2237 1300 2485 1358 cruciﬁxi
2514 1300 2757 1367 adjurata
2789 1294 3171 1363 subjiciuntur.
3208 1309 3228 1343 ι

122 1412 205 1449 non
231 1397 442 1449 concedi
476 1395 636 1450 docet
662 1411 718 1451 n.
742 1396 812 1451 55
844 1413 859 1450 :
891 1415 909 1447 ι
943 1394 1060 1450 Non
1087 1411 1259 1459 eram,
1298 1397 1547 1466 inquam,
1574 1395 1654 1449 al-
1829 1397 2099 1456 Concessa
2141 1396 2196 1451 in
2238 1397 2455 1449 deserto
2503 1389 2718 1445 curatio
2757 1388 2842 1442 his
2884 1385 2973 1453 qui
3023 1390 3336 1452 serpentum

122 1490 315 1552 laturus,
346 1488 568 1559 Trypho
590 1530 606 1555 ,
639 1488 740 1543 has
768 1489 1293 1555 demonstrationes,
1334 1490 1529 1559 quibus
1561 1504 1654 1544 eos
1757 1491 2030 1547 morsibus
2064 1487 2277 1542 fuerant
2311 1481 2604 1546 vulnerati,
2642 1480 2821 1548 imago
2847 1488 2901 1531 et
2928 1478 3097 1546 ﬁgura
3128 1474 3339 1529 exstitit

119 1579 428 1633 condemnari
455 1580 594 1645 scio,
624 1580 716 1649 qui
742 1579 859 1635 haec
885 1588 939 1635 et
964 1580 1158 1637 similia
1185 1580 1395 1647 colunt,
1422 1582 1513 1636 sed
1538 1597 1653 1645 eas,
1756 1583 1947 1638 salutis
1972 1622 1985 1641 .
2039 1593 2203 1650 quam
2234 1594 2261 1630 a
2296 1574 2515 1631 Christo
2561 1571 2878 1641 accipimus.
2912 1570 3141 1635 «.Atque
3190 1563 3335 1617 illam

118 1686 227 1738 quas
250 1683 432 1725 contra
468 1686 633 1727 nemo
666 1671 850 1728 dicere
878 1673 1095 1741 poterit.
1143 1671 1309 1726 Novae
1342 1682 1522 1726 autem
1557 1674 1652 1728 tibi
1756 1677 1922 1732 etiam
1972 1677 2235 1743 ﬁguram,
2284 1670 2525 1738 illudque
2605 1665 2838 1734 signum,
2899 1661 3074 1729 inquit
3123 1656 3332 1725 Diulog.

119 1764 419 1831 videbuntur,
447 1767 710 1835 quamvis
749 1767 994 1837 quotidie
1022 1783 1053 1821 a
1089 1770 1243 1825 vobis
1287 1770 1564 1839 legantur,
1595 1775 1653 1821 ιιι
1682 1811 1725 1839 ι,
1757 1785 1812 1823 n.
1842 1766 1933 1833 9i,
1966 1766 2107 1835 quod
2140 1763 2400 1818 adversus
2433 1757 2761 1826 serpentium
2792 1767 3007 1807 morsus
3034 1749 3217 1804 israeli
3249 1748 3337 1801 in-

119 1855 183 1908 νει
202 1869 260 1908 ει
285 1856 379 1911 hoc
404 1868 760 1927 perspectum
786 1860 1103 1925 habeamus,
1134 1861 1287 1915 vobis
1316 1861 1385 1916 ob
1415 1870 1647 1915 vestram
1684 1842 1726 1867 υ
1753 1860 1998 1916 stitutum
2028 1867 2131 1920 eet,
2162 1856 2229 1909 ad
2252 1866 2439 1909 eorum
2465 1849 2696 1905 salutem
2718 1855 2962 1901 erectum
2995 1857 3118 1898 esse
3145 1842 3334 1909 liquet,

119 1948 375 2017 nequitiam
422 1964 452 2003 a
499 1950 617 2005 Deo
647 1959 967 2021 potestatem
1011 1952 1329 2022 sapientiae,
1358 1967 1479 2020 quae
1507 1952 1649 2007 illius
1750 1952 1841 2023 qui
1862 1949 1973 2019 jam
2006 1958 2116 2003 tum
2147 1944 2564 2018 praenuntiatam
2600 1939 2768 1993 fuisse
2800 1934 3035 1992 credunt
3078 1942 3135 1987 et
3184 1946 3335 2023 mor-

118 2041 444 2108 verbisinest,
476 2020 851 2113 intelligenda:
878 2020 1247 2099 absconditam
1289 2044 1477 2110 fuisse,
1512 2060 1651 2099 nono
1752 2020 1861 2097 tem
1889 2038 2126 2111 serpenti
2166 2050 2260 2105 per
2285 2048 2430 2099 eum,
2464 2031 2554 2102 qui
2579 2026 3154 2113 cruciﬁgendus.erat,
3188 2020 3335 2113 futui

119 2133 245 2188 nullis
268 2134 525 2204 exceptis,
558 2110 762 2203 quibus
789 2136 1090 2190 secundum
1137 2150 1363 2191 summa:
1403 2151 1514 2191 suae
1549 2135 1652 2189 mi-
1750 2147 1891 2197 ram,
1915 2140 1970 2185 et
2002 2128 2233 2184 salutem
2265 2125 2330 2179 iis
2355 2124 2443 2193 qui
2494 2118 2777 2188 serpentis
2798 2115 3067 2172 morsibus
3111 2110 3222 2165 laesi
3265 2110 3332 2162 ad

117 2224 379 2279 sericordize
403 2226 639 2294 gratiam
660 2265 677 2292 ,
702 2235 761 2281 ut
789 2227 866 2280 ait
888 2224 1076 2288 Isaias,
1107 2240 1291 2282 semen
1320 2230 1387 2281 ad
1419 2226 1647 2281 salutem
1749 2240 1898 2289 eum,
1940 2238 1968 2276 a
1997 2235 2110 2292 quo
2139 2217 2435 2275 cruciﬁxus
2474 2213 2561 2269 ille
2583 2213 2771 2268 Filius
2810 2210 2861 2264 in
2899 2207 3158 2264 mundum
3205 2204 3335 2258 mis-

119 2315 323 2383 reliquit‘,
371 2332 439 2371 ne
490 2326 553 2372 ut
607 2318 1013 2374 Sodomitarum
1044 2328 1099 2373 et
1129 2316 1608 2374 Gomorrhmorum
1630 2353 1648 2381 ,
1751 2334 1845 2376 sus
1868 2327 1973 2381 est,
2008 2312 2350 2383 conﬁngiunt.
2383 2330 2401 2362 ι

119 2408 241 2463 itaet
264 2424 422 2477 genus
449 2422 699 2467 vesnum
728 2412 953 2481 periret.
988 2430 1007 2464 ι
1821 2412 2014 2470 Crucis
2059 2408 2375 2480 potentiam,
2417 2418 2581 2474 quam
2638 2398 2921 2455 unicorn-is
2963 2395 3223 2452 cornibus
3280 2394 3331 2445 in

174 2500 239 2554 ΙΙΙ.
265 2503 419 2568 Quam
448 2514 649 2571 potens
685 2506 758 2557 sit
788 2520 1052 2575 quamque
1080 2503 1268 2562 cllicax
1298 2504 1650 2573 Chrisﬁgra-
1754 2508 2035 2578 Scriptura
2084 2500 2357 2570 designari
2406 2506 2592 2569 putat,
2636 2496 2717 2550 sic
2764 2493 2963 2549 ibidem
3016 2490 3076 2544 S.
3128 2497 3335 2557 martyr

121 2594 192 2658 lia,
219 2611 324 2664 quae
355 2612 451 2650 nos
479 2613 547 2650 ex
584 2598 845 2653 servitute
877 2598 929 2652 in
961 2598 1264 2655 libertatem
1292 2597 1554 2662 vindicat,
1583 2612 1649 2651 ex
1752 2600 2010 2675 prmdicat
2036 2614 2051 2653 :
2097 2614 2116 2649 ι
2155 2593 2288 2649 illud
2320 2600 2523 2655 autem,
2568 2588 2668 2643 His
2711 2585 2955 2641 cornibus
2990 2589 3167 2653 gentes
3198 2588 3334 2648 petet

119 2688 343 2742 nonnullis
366 2688 701 2745 testimoniis
724 2689 884 2745 modo
914 2690 1094 2746 citatis
1123 2690 1422 2745 existimari
1451 2697 1649 2759 potest,
1751 2673 1876 2747 inde
1914 2705 2075 2760 usque
2107 2688 2173 2741 ab
2203 2693 2434 2740 extremo
2464 2692 2640 2743 terrm,
2677 2679 2731 2733 id
2760 2674 2901 2746 quod
2940 2673 3099 2728 hodie
3135 2673 3186 2725 in
3218 2685 3335 2724 om-

118 2777 231 2829 velut
252 2793 308 2832 ex
339 2779 401 2833 iis
429 2795 555 2848 quae
584 2778 802 2835 Iustino
832 2795 861 2834 a
892 2781 1186 2837 venerabili
1232 2797 1362 2838 sene
1391 2784 1534 2840 dicta
1561 2800 1650 2840 re-
1754 2788 1914 2842 nibus
1949 2781 2199 2854 gentibus
2235 2777 2438 2832 factum
2468 2773 2719 2828 videmus
2758 2769 3116 2825 demonstrat.
3151 2764 3331 2819 Cornu

120 2867 212 2920 tuli.
251 2867 422 2925 Fidem
472 2872 626 2927 illam
672 2873 726 2928 in
773 2874 941 2929 Deum
991 2875 1352 2943 incarnatum,
1392 2892 1511 2947 qua:
1554 2893 1652 2934 nos
1753 2878 1897 2933 enim
1929 2874 2109 2946 petiti,
2138 2872 2190 2928 id
2218 2878 2301 2927 est
2338 2864 2651 2936 compuncti
2689 2878 2755 2918 ex
2801 2859 3056 2916 omnibus
3080 2856 3334 2927 gentibus

118 2965 288 3030 penitus
332 2978 561 3020 renovat
590 3006 609 3029 ,
658 2981 727 3021 ex
780 2965 922 3023 illius
968 2967 1322 3036 omnipotenti
1374 2968 1655 3025 voluntate
1754 2972 1823 3028 ab
1845 2968 2094 3026 inanibus
2120 2960 2427 3019 simulacris
2456 2967 2510 3013 et
2549 2954 2884 3011 daemonibus
2914 2951 2981 3005 ad
3008 2949 3176 3002 Deum
3202 2962 3335 3001 cou-

119 3057 290 3123 repetit,
307 3060 391 3128 qui
428 3059 631 3113 Filium
661 3073 820 3137 suum
851 3060 1126 3115 incaruari
1155 3060 1346 3117 voluit.
1380 3077 1402 3113 ι
1448 3062 1656 3120 Putatis
1754 3062 1897 3120 versi
1928 3068 2075 3117 sunt.
2115 3075 2133 3110 ι
2167 3054 2450 3114 Charitas,
2490 3064 2653 3120 quam
2704 3046 2953 3101 Christus
2982 3041 3231 3100 diﬁ‘und‘t
3278 3041 3330 3092 in

120 3145 314 3201 futurum
344 3165 589 3218 unquam
622 3132 813 3215 fuisse,
841 3158 899 3205 ut
928 3150 1044 3205 inec
1089 3151 1143 3204 in
1172 3150 1471 3221 Scripturis
1499 3151 1617 3207 inte!

1836 3155 1925 3210 rda
1957 3158 2164 3213 nostra,
2185 3161 2326 3216 saepe
2348 3162 2377 3197 a
2400 3142 2611 3198 Justino
2639 3137 2944 3208 depingitur
2972 3135 3071 3191 sub
3103 3132 3333 3227 imagine

120 3234 248 3301 ligere
270 3254 569 3307 possemus,
610 3241 666 3295 ni
698 3241 973 3297 voluntate
1018 3241 1160 3297 illius
1187 3242 1276 3312 qui
1314 3242 1430 3298 haec
1460 3244 1617 3298 voluit

1835 3241 2193 3307 'cumcisionis
2236 3257 2252 3293 :
2299 3245 2356 3292 et
2406 3232 2909 3292 circumcisionem,
2959 3240 3118 3294 quam
3170 3223 3332 3278 Josue

121 3331 299 3399 gratiam
330 3336 739 3403 accepissemus
788 3335 1122 3406 intelligendi
1154 3332 1273 3386 “in
1309 3335 1510 3391 ChriSti
1556 3352 1651 3406 po-
1751 3344 1940 3404 συκῆς,
1986 3333 2208 3408 lapideis
2255 3329 2466 3402 peregit
2492 3329 2557 3389 ι’,
2584 3325 2810 3395 ﬁguram
2858 3320 3134 3375 exstitisse
3181 3324 3334 3386 putat

123 3423 295 3477 tentiam
341 3428 391 3480 in
444 3428 696 3498 gentium
739 3428 1096 3483 conversione
1149 3428 1377 3483 miriﬁce
1434 3427 1620 3483 eluceri

1835 3453 1896 3492 us
1942 3425 2410 3490 circumcisionis,
2448 3434 2607 3489 quam
2660 3431 2689 3470 a
2742 3415 2965 3469 Christo
3009 3413 3330 3479 accipimus.

123 3514 255 3569 docet.
286 3537 305 3569 ι
340 3518 481 3587 Haec,
553 3520 739 3587 inquit
793 3519 950 3587 Apol.
998 3534 1062 3585 tt,
1102 3535 1157 3573 n.
1226 3519 1314 3581 10,
1402 3518 1651 3577 Christus
1759 3549 1777 3583 ι
1816 3525 2081 3583 Praeclare
2127 3532 2257 3587 ergo
2306 3515 2359 3568 in
2408 3509 2563 3564 nobis
2614 3508 2810 3577 agitur,
2883 3504 3055 3572 inquit
3122 3500 3330 3567 Dialog.

124 3616 265 3662 noster
283 3611 489 3680 propria
527 3627 635 3667 sua
666 3612 867 3667 virtute
907 3611 1157 3681 perfecit.
1188 3630 1209 3665 ι
1235 3610 1358 3667 Mox
1383 3609 1649 3668 Cbristia-
1750 3638 1806 3677 ιι,
1858 3617 1983 3679 us,
2016 3612 2107 3683 qui
2148 3606 2336 3664 cultris
2383 3599 2630 3670 lapideis.
2654 3594 2960 3652 circumcisi
3010 3608 3200 3683 sumus
3244 3606 3332 3645 se-

124 3711 267 3751 natum
310 3703 674 3758 constantiam
726 3703 1069 3769 describens,
1117 3702 1193 3758 ait
1225 3720 1243 3759 :
1272 3722 1292 3756 ι
1332 3702 1459 3758 Hac
1502 3702 1621 3758 enin

1833 3712 1926 3765 nda
1955 3682 2396 3762 circumcisione.
2429 3694 2609 3748 Prima
2637 3689 2792 3776 ‘enim
2835 3688 2924 3742 illa
2957 3697 3135 3741 vestra
3185 3682 3330 3736 lcrro

124 3786 253 3842 τίτιιιε
288 3790 451 3847 Patris
498 3792 901 3849 inenarrabilis
948 3794 1097 3858 fecit.
1134 3808 1241 3849 non
1278 3792 1497 3848 humani
1530 3807 1648 3847 ser-
1748 3810 1972 3875 peracta
2002 3807 2088 3853 est
2116 3803 2170 3850 et
2204 3790 2521 3863 peragitur:
2550 3787 2688 3840 duro
2721 3783 2867 3838 enim
2914 3780 3080 3833 corde
3109 3790 3328 3845 perma-

126 3879 257 3933 tuonis
290 3882 667 3939 instrumenta.
709 3901 730 3937 ι
764 3883 966 3939 Christi
998 3891 1177 3940 autem
1210 3884 1509 3954 patentiam
1541 3899 1646 3939 non
1750 3869 1915 3950 netis.
1949 3890 2142 3945 Nostra
2181 3892 2359 3939 autem
2392 3877 2757 3939 circumcisio,
2792 3888 2915 3943 qua:
2954 3869 3187 3926 secunda
3229 3884 3329 3921 nu-

126 3977 218 4021 "'“°
254 3973 414 4027 εθιυηι
452 3975 727 4028 enituisse
769 3974 1064 4042 εκίειίηιθῑο
1113 3990 1236 4031 cum
1279 3983 1335 4030 εί
1386 3974 1647 4045 a90310“!
1749 3997 1901 4040 mero
1935 3986 2058 4051 post
2082 3986 2319 4034 vestram
2351 3973 2596 4028 instituta
2622 3982 2723 4036 est,
2755 3985 2850 4040 per
2877 3967 3080 4036 lapides
3115 3972 3325 4024 acutos,

125 4056 325 4115 invictam
350 4064 415 4116 ad
448 4062 863 4134 praedicandum
906 4063 1253 4135 Evangelium
1286 4066 1622 4121 constantian

1836 4084 1911 4132 est
1938 4088 2035 4145 per
2058 4084 2335 4127 sermones
2368 4066 2733 4136 apostolorum
2757 4062 2956 4118 summi
2995 4060 3142 4113 illius
3170 4071 3333 4125 angu-

124 4147 295 4216 amnit,
343 4167 395 4209 et
444 4170 640 4211 eorum
692 4159 784 4226 qui
839 4157 1112 4227 apostolos
1146 4160 1439 4214 audiebant
1482 4160 1645 4216 corda
1748 4168 1879 4225 laris
1916 4165 2116 4236 lapidis
2146 4173 2199 4218 et
2232 4162 2351 4217 sine
2397 4159 2647 4214 manibus
2690 4155 2943 4219 abscissi,
2989 4149 3333 4209 circumcidit

124 4247 303 4311 δβετιιὶι,
337 4248 427 4303 sed
466 4251 639 4306 etiam
672 4264 795 4304 cum
834 4266 1020 4320 magos
1049 4251 1115 4305 ad
1145 4265 1407 4321 praesepe,
1436 4253 1493 4307 in
1537 4269 1621 4323 qtlt

1830 4276 1849 4316 ι
1877 4274 1907 4313 a
1943 4255 2357 4315 simulacrorum
2386 4253 2533 4308 cultu
2572 4260 2627 4306 et
2665 4246 2740 4305 ab'
2776 4248 2922 4303 omni
2952 4258 3172 4315 prorsus
3201 4255 3327 4310 pra-

125 4333 260 4391 infans
280 4340 507 4408 iacebat,
539 4343 793 4398 attraxit.
830 4341 921 4397 Sic
967 4344 1113 4396 enim
1148 4342 1385 4411 loquitur
1434 4342 1642 4414 Dialog.
1747 4350 1937 4404 vitate.
1963 4347 2202 4413 Quorum
2233 4343 2395 4399 corda
2424 4342 2499 4394 ita
2532 4347 2658 4395 sunt
2683 4337 2953 4409 pravitate
2980 4329 3329 4392 circumcisa,

122 4425 274 4483 11.78:
304 4448 322 4481 ι
357 4429 493 4487 Nam
531 4443 591 4488 et
621 4435 765 4501 quod
800 4434 933 4487 dicit
963 4432 1167 4487 Isaias:
1218 4435 1445 4498 Accipiet
1482 4436 1645 4488 virtu-
1747 4450 1809 4497 ιιι
1860 4439 1967 4494 laeti
2019 4446 2249 4491 mortem
2294 4444 2619 4504 oppetamus
2671 4439 2892 4501 propter
2943 4440 3137 4480 nomen
3192 4437 3333 4491 pra:-

124 4524 194 4569 lem
220 4520 439 4578 Damasci
464 4535 517 4578 et
552 4525 725 4592 spolia
759 4524 1020 4579 Samaria!
1070 4525 1133 4589 ι’.
1161 4526 1505 4593 signiﬁcabat
1555 4540 1649 4579 ne-
1680 4524 1725 4579 Ι)
1754 4531 1915 4586 clara;
1944 4529 2090 4584 illius
2118 4528 2309 4591 Petrae,
2347 4541 2469 4596 qua:
2502 4534 2558 4579 et
2589 4525 2641 4577 in
2679 4520 2866 4576 eorum
2898 4517 3083 4579 corda.
3114 4514 3206 4583 qui
3235 4526 3332 4580 Pel‘

122 4603 211 4661 larii
244 4614 505 4681 damonis,
536 4619 634 4684 qui
688 4616 969 4671 habitabat
1002 4615 1274 4682 Damasci,
1321 4626 1642 4685 potestatem
1755 4623 1928 4692 ipsum
1955 4619 2186 4688 diligunt
2220 4617 2457 4672 Patrem.
2482 4615 2883 4693 universorum,
2912 4623 3109 4678 aquam
3151 4605 3329 4658 vivam

122 4707 142 4743 δ
166 4695 343 4756 Christo
390 4708 579 4760 statim
641 4715 802 4776 atque
853 4718 1010 4763 natus
1066 4716 1246 4772 esset,
1299 4707 1502 4763 victum
1556 4709 1642 4775 iri,
1751 4712 1947 4769 emittit
1970 4720 2024 4766 et
2054 4725 2149 4766 eos
2181 4718 2348 4779 potat,
2378 4710 2467 4778 qui
2502 4723 2695 4776 aquam
2730 4705 2853 4759 vitae
2884 4704 3095 4758 sitiunt.
3125 4716 3143 4750 ι

124 4792 225 4853 Quod
242 4797 436 4860 quidem
468 4799 677 4853 factum
701 4814 821 4854 esse
850 4800 1270 4854 demonstratur.
1306 4798 1445 4868 Magi
1476 4801 1644 4866 enim,
1814 4801 2118 4858 Mirabilem
2157 4801 2303 4856 illam
2342 4800 2524 4857 cordis
2568 4796 3060 4860 circumcisionem,
3091 4805 3255 4861 quam
3298 4804 3329 4843 a

123 4881 188 4943 qui
213 4894 257 4936 ut
279 4888 439 4954 spolia
466 4890 612 4956 rapti
641 4888 854 4943 fuerant
883 4889 951 4942 ad
986 4888 1155 4942 malas
1189 4904 1433 4958 quasque
1470 4891 1642 4945 actio-
1751 4893 1977 4949 Christo
2005 4895 2323 4966 accipimus,
2360 4909 2555 4949 novam
2587 4890 2878 4961 quamdam
2920 4887 3329 4956 generationem

125 4982 208 5031 nes.
231 4977 287 5027 ad
310 4994 438 5046 quas
470 4993 571 5033 eos
616 4978 704 5032 ille
737 4979 958 5032 daemon.
989 4979 1322 5048 impellebat,
1358 4982 1446 5035 ubi
1483 4982 1644 5036 Chri-
1750 4996 1806 5041 et
1834 4986 2168 5043 creationem
2216 5001 2337 5041 esse
2384 4984 2705 5055 pronuntiat
2740 4981 2800 5037 S.
2847 4990 3053 5048 martyr
3086 4978 3332 5044 Scriptu—

124 5071 227 5116 stum
250 5073 513 5125 adoratum
556 5080 851 5136 venerunt,
892 5071 1159 5139 defecere,
1195 5083 1257 5129 ut
1292 5074 1639 5128 manifestum
1746 5092 1931 5131 rarum
1985 5077 2311 5132 auctoritate
2361 5076 2552 5131 fretus.
2591 5092 2612 5125 ι
2644 5072 2786 5138 Nos,
2841 5070 3040 5139 inquit,
3097 5087 3153 5123 ιι.
3204 5066 3329 5129 155.

123 5163 199 5217 est,
221 5158 277 5210 ab
304 5175 527 5232 ea,quae
567 5161 694 5217 illos
724 5170 783 5215 ut
828 5162 999 5230 spolia
1039 5174 1316 5233 rapuerat,
1344 5173 1618 5233 potestate

1860 5170 2063 5225 Christi
2115 5179 2271 5225 utero
2313 5169 2471 5225 recisi
2515 5180 2703 5221 verum
2756 5181 2944 5221 smnus
2974 5162 3327 5218 lsraeliticum

123 5259 242 5313 quam
268 5254 409 5309 nobis
441 5270 649 5311 arcane
686 5253 966 5323 Scriptura
998 5254 1248 5312 Damasci
1278 5256 1527 5311 habitare
1558 5258 1642 5310 in-
1745 5275 1933 5331 genus.
1976 5279 1996 5315 ι
2034 5260 2101 5316 Ει
2131 5277 2186 5317 n.
2226 5261 2331 5318 158
2361 5280 2374 5316 :
2415 5280 2433 5312 ι
2472 5260 2723 5316 Christus
2763 5274 2886 5314 cum
2938 5254 3331 5327 primogenitus

125 5339 245 5395 dicat.
281 5362 299 5397 ι
332 5344 394 5400 Ει
421 5363 479 5402 ιι.
504 5347 581 5403 88
611 5366 627 5403 :
661 5368 678 5401 ι
710 5350 887 5417 Atque
907 5349 1051 5419 gillud
1091 5350 1256 5403 etiam
1294 5349 1452 5404 vobis
1488 5350 1640 5403 testi-
1745 5361 1892 5407 esset
1917 5355 2100 5409 omnis
2128 5364 2413 5420 creaturae,
2448 5367 2639 5408 rursus
2668 5352 2832 5407 etiam
2860 5349 3038 5403 factus
3068 5353 3150 5401 est
3178 5345 3330 5413 prin-

125 5433 254 5530 monio
280 5438 362 5502 sit,
390 5440 536 5508 quod
567 5440 725 5497 vobis
747 5440 856 5496 dixi
882 5440 1189 5501 abArabiae
1215 5440 1387 5509 magis
1414 5439 1637 5505 factum,
1744 5442 1945 5512 cipium
2010 5445 2234 5502 alterius
2292 5447 2512 5518 generis
2568 5446 2637 5500 ab
2694 5445 2810 5514 ipso
2868 5438 3172 5513 regenerati
3230 5452 3331 5506 per

126 5534 186 5581 ίῑυι
210 5539 312 5581 cum
336 5533 519 5586 statim
549 5547 622 5587 ac
643 5547 774 5603 puer
798 5541 959 5588 natus
980 5542 1087 5599 est,
1116 5532 1408 5595 venissent,
1439 5532 1639 5586 adora-
1745 5550 1941 5603 aquam
1968 5546 2025 5593 et
2066 5538 2229 5597 ﬁdem
2269 5549 2333 5596 et
2361 5539 2596 5610 lignum,
2648 5552 2756 5613 quo
2802 5532 3117 5609 mysterium
3147 5531 3329 5591 crucis

130 5624 431 5676 temuteum.
473 5623 615 5679 Nam
664 5635 724 5679 ut
776 5624 830 5679 in
881 5624 1053 5680 lucem
1104 5624 1281 5680 editus
1331 5633 1434 5688 est,
1479 5638 1633 5679 suam
1742 5628 2120 5688 continetur»

178 5753 207 5785 ⁸⁵
234 5754 446 5829 Dialem,
473 5780 529 5820 n.
564 5765 689 5821 119.
770 5766 804 5798 ¹¹
844 5766 946 5824 lsa.
1002 5784 1121 5836 vttt,
1151 5768 1204 5822 4.
1288 5768 1328 5798 ¹¹
1364 5765 1521 5823 Iosue
1577 5786 1628 5833 γ,
1657 5770 1713 5824 ‘2.
