3792 6494
513 351 583 404 55
1393 347 1451 403 S.
1487 345 1825 404 JUSTINUS
1855 345 2335 403 PHILOSOPHUS
2369 349 2454 402 ET
2491 345 2805 404 MARTYR.
3656 349 3706 404 56

579 444 696 499 Non
747 445 926 502 minus
960 446 1138 502 elucet
1185 441 1389 500 Christi
1433 447 1671 515 potentia
1720 445 1773 499 in
1825 461 2077 514 perseve-
2102 454 2151 510 Α
2180 447 2496 500 charitatem
2527 445 2872 508 deelarastis,
2903 444 2998 499 sed
3041 458 3272 514 semper,
3307 451 3364 496 ut
3395 443 3705 500 manifestum

512 539 702 592 rantias
735 540 900 594 dono.
961 559 981 592 ι
1027 539 1231 595 Stolam
1273 539 1414 607 ejus,
1477 539 1650 608 inquit
1689 555 1743 593 n.
1813 538 1902 605 54,
1957 538 2078 608 Spi-

509 631 648 688 ritus
675 643 896 689 sanctus
925 649 1019 690 eos
1050 636 1288 699 vocavit,
1315 635 1405 703 qui
1437 649 1530 703 per
1553 650 1674 690 eum
1700 635 2074 690 remissionem

509 735 856 791 peccatorum
905 736 1248 796 acceperunt,
1293 728 1571 795 inquibus
1611 729 1811 782 virtute
1855 729 2072 799 quidem

509 829 721 884 semper
749 817 923 880 adest,
963 817 1248 872 manifeste
1298 826 1475 870 autem
1522 819 1697 873 aderit
1735 819 1790 873 in
1836 819 2076 874 secundo

506 906 761 965 adventu.
802 924 823 959 ι
853 908 1098 962 Victores
1143 909 1275 964 facit
1311 911 1512 965 Christi
1559 911 1732 978 gratia
1779 925 1848 965 ex
1895 918 2072 964 tenta-

508 999 764 1063 tionibus,
797 999 992 1068 quibus
1031 1015 1130 1055 nos
1160 1001 1406 1057 diabolus
1446 1002 1759 1072 impugnare
1786 1017 1892 1058 non
1925 1002 2068 1057 desi-

503 1091 604 1144 nit.
645 1109 664 1143 ς
703 1092 808 1146 Sed
865 1103 923 1146 ut
980 1093 1136 1150 vobis
1182 1098 1441 1152 rationem
1501 1099 1747 1164 reddam,
1797 1099 1972 1169 inquit
2011 1116 2065 1154 n.

503 1181 627 1246 “6,
697 1184 764 1237 de
811 1185 1140 1240 revelatione
1186 1186 1312 1242 Jesu
1361 1188 1562 1244 Christi
1629 1189 1824 1253 sancti,
1882 1198 2068 1260 repeto

500 1283 828 1334 sermonem,
867 1288 930 1327 ac
981 1273 1103 1328 dico
1149 1274 1289 1330 hanc
1326 1292 1540 1347 quoque
1589 1278 1971 1334 revelationem
2012 1281 2064 1333 in

499 1377 600 1416 nos
639 1363 834 1418 factam
869 1379 1012 1432 esse,
1045 1368 1136 1434 qui
1180 1368 1234 1421 in
1270 1368 1545 1425 Christum
1577 1385 1845 1425 summum
1883 1386 2066 1427 sacer-

497 1454 701 1519 dotem,
755 1455 898 1510 hunc
942 1458 1298 1525 cruciﬁxum,
1347 1462 1643 1526 credimus;
1697 1463 1785 1531 qui
1839 1477 1959 1516 cum
2009 1463 2062 1517 in

495 1546 697 1614 stupris
720 1563 783 1601 ac
810 1550 956 1603 omni
982 1565 1204 1618 prorsus
1230 1551 1447 1607 sordida
1475 1553 1685 1608 actione
1702 1567 2059 1620 versaremur,

494 1655 589 1708 per
619 1641 844 1710 gratiam
883 1658 912 1696 a
949 1655 1137 1699 nostro
1173 1645 1336 1712 Jesu,
1385 1647 1682 1699 secundum
1732 1644 2061 1700 voluntatem

495 1731 665 1797 ipsius
694 1733 891 1796 Patris,
922 1749 1258 1798 concessam,
1285 1733 1500 1788 sordida
1535 1733 1715 1787 omnia
1747 1734 1940 1802 quibus
1969 1734 2052 1786 in-

2179 548 2280 603 est,
2315 548 2368 594 et
2396 538 2805 593 simulacrorum
2852 536 3087 592 cultores
3121 546 3176 592 et
3213 537 3479 607 iustorum
3521 535 3708 590 interfe-

2175 638 2355 684 ctores
2401 644 2496 683 vos
2541 628 2862 698 praebuistis.
2901 646 2922 679 ι
2966 628 3102 682 llinc
3149 637 3256 681 tam
3294 641 3434 696 saepe
3483 627 3706 681 observat

2177 717 2662 784 circumcisionem,
2686 717 2942 782 Sabbata,
2969 717 3136 772 ferias
3166 727 3219 773 et
3249 718 3511 774 sacrificia
3535 715 3707 770 Judaeis

2174 811 2244 865 ob
2275 822 2513 881 peccata,
2547 810 2712 866 veluti
2747 810 2957 880 jugum,
2991 811 3241 880 imposita
3270 811 3453 873 fuisse,
3484 819 3636 877 atque
3667 823 3708 860 ut

2174 917 2359 956 eorum
2408 904 2794 972 reprimeretur
2844 903 3181 971 improbitas,
3204 920 3256 956 n.
3301 903 3386 966 18,
3421 901 3509 966 l9,
3539 902 3623 961 23.
3657 900 3702 952 9|

2173 1007 2228 1051 et
2262 1011 2412 1065 seqq.
2459 997 2883 1050 Christianorum
2935 1005 3112 1049 autem
3162 995 3422 1063 baptismo
3474 993 3704 1060 Spiritum

2172 1100 2416 1144 sanctum
2440 1088 2705 1153 conferri;
2724 1104 2919 1141 novum
2945 1096 3340 1147 testamentum,
3359 1101 3465 1138 non
3489 1094 3544 1136 ut
3560 1086 3706 1153 prius,

2171 1185 2264 1238 sed
2303 1183 2421 1236 sine
2461 1190 2603 1235 metu
2635 1194 2683 1236 et
2724 1192 2956 1235 tremore
3002 1193 3055 1234 et
3093 1179 3390 1248 fulguribus
3427 1178 3703 1230 institutum

2171 1273 2420 1333 fuissem.
2453 1273 2542 1337 67,
2572 1289 2634 1326 ac
2661 1277 2764 1325 duo
2799 1273 3140 1341 intelligenda
3185 1288 3297 1324 esse
3337 1270 3494 1323 Judw
3530 1271 3703 1321 seruilia

2166 1375 2214 1418 et
2231 1367 2334 1419 duo
2359 1382 2566 1435 genera,
2595 1366 3029 1436 quemadmodum
3054 1367 3188 1416 duas
3215 1365 3402 1417 domus
3425 1362 3611 1426 Iacob,
3639 1362 3704 1413 al-

2167 1468 2329 1512 terum
2359 1473 2424 1512 ex
2450 1459 2703 1528 sanguine
2749 1467 2798 1510 et
2845 1473 3020 1522 carne,
3059 1457 3279 1509 alterum
3321 1472 3385 1509 ea:
3431 1456 3702 1523 spiritu,n.

2169 1551 2289 1605 155.
2317 1550 2471 1604 Tanti
2503 1550 2755 1604 momenti
2782 1564 2902 1604 esse
2919 1547 3256 1617 ducit-legem
3282 1563 3310 1601 a
3335 1548 3506 1616 gratia
3536 1546 3703 1601 distin-

2163 1656 2346 1709 guere,
2386 1651 2441 1694 ut
2481 1641 2535 1694 in
2569 1641 2667 1695 hac
2707 1639 3052 1694 distinctione
3095 1640 3454 1710 cognitionem
3483 1639 3701 1691 omnium

2170 1734 2547 1804 mysteriorum
2574 1748 2835 1802 reponere
2873 1748 2976 1786 non
3005 1731 3234 1796 dubitet,
3269 1747 3323 1788 n.
3355 1731 3469 1795 M;
3507 1729 3700 1800 religio-

493 1823 606 1875 duti
636 1838 872 1886 eramus,
915 1823 1052 1876 mala
1079 1823 1366 1877 exuimus:
1395 1821 1591 1890 quibus
1621 1820 1864 1874 diabolus
1897 1820 2060 1873 instat
2091 1828 2134 1888 Β
2164 1827 2244 1880 nis
2274 1825 2589 1880 Christianae
2611 1828 2884 1895 proprium
2915 1841 3036 1882 esse
3061 1827 3219 1880 docet
3249 1825 3391 1879 hanc
3421 1825 3701 1880 distinctio-

493 1927 708 1980 semper
730 1916 1045 1977 adversans,
1073 1928 1135 1968 ac
1173 1928 1362 1968 omnes
1396 1914 1464 1966 ad
1495 1926 1553 1966 se
1584 1913 1803 1965 trahere
1832 1909 2056 1975 volens;

491 2005 586 2058 sed
613 2005 830 2073 angelus
877 2007 992 2068 Dei,
1023 2007 1074 2059 id
1109 2015 1194 2061 est
1219 2006 1392 2060 virtus
1423 2004 1518 2058 Dei
1560 2004 1715 2058 nobis
1758 2018 1853 2071 per
1874 2002 2060 2056 Jesum

489 2095 763 2149 Christum
799 2099 1060 2163 immissa,
1099 2101 1344 2168 increpat
1368 2115 1490 2152 eum
1523 2108 1578 2152 et
1609 2113 1639 2151 a
1681 2097 1838 2152 nobis
1886 2097 2059 2152 disce-

489 2186 586 2239 dit.
620 2193 697 2240 Ac
727 2196 979 2254 tanquam
1011 2204 1072 2243 ex
1103 2190 1224 2258 igne
1255 2188 1483 2243 extracti
1528 2203 1734 2251 sumus,
1763 2202 1885 2240 cum
1911 2186 2058 2254 prio-

488 2280 639 2333 ribus
670 2283 909 2348 peccatis
944 2281 1114 2345 exuti,
1149 2292 1260 2334 tum
1303 2295 1368 2334 ex
1412 2279 1758 2334 tribulatione
1807 2277 2054 2344 eruendi,

484 2380 539 2424 et
567 2385 632 2424 ex
667 2371 918 2427 incendio
947 2372 1103 2427 nobis
1128 2388 1156 2426 a
1183 2373 1398 2428 diabolo
1427 2371 1650 2441 ejusque
1675 2369 1923 2428 omnibus
1951 2369 2054 2423 mi-

484 2463 671 2517 nistris
718 2463 995 2531 immisso;
1044 2479 1109 2518 ex
1157 2464 1355 2534 quibus
1400 2478 1496 2519 nos
1543 2463 1705 2517 etiam
1759 2478 1950 2516 rursus
1996 2475 2055 2516 se

483 2563 856 2609 extracturum
883 2553 1041 2610 Jesus
1065 2555 1156 2610 Dei
1181 2555 1374 2620 Filius,
1398 2569 1458 2608 ac
1476 2553 1792 2624 praeparatis
1814 2553 2054 2608 vestibus

481 2661 582 2700 nos
630 2647 966 2711 induturum,
1018 2647 1064 2700 si
1121 2649 1374 2702 mandata
1424 2647 1542 2716 ejus
1593 2644 1962 2710 observemus,
1997 2653 2052 2700 et

481 2751 706 2805 regnum
742 2747 1007 2792 aeternum
1033 2740 1374 2806 provisurum
1400 2737 1667 2806 promisit.
1707 2757 1726 2790 ι

550 2829 628 2883 Ex
661 2845 798 2884 nova
829 2830 930 2884 hac
969 2831 1338 2899 generatione,
1377 2845 1540 2898 quam
1577 2845 1605 2882 a
1642 2829 1859 2884 Christo
1890 2844 2048 2884 acce-

478 2922 678 2990 pimus,
706 2922 821 2977 sive
851 2937 918 2977 ex
949 2923 1039 2999 illa
1081 2924 1350 2978 charitate
1378 2939 1536 2992 quam
1581 2923 1632 2977 in
1672 2924 1834 2978 corda
1863 2931 2050 2976 nostra

479 3015 750 3080 diffundit,
780 3016 1038 3085 prmelara
1067 3016 1310 3072 Justinus
1340 3026 1654 3087 argumenta
1686 3016 1836 3071 ducit
1861 3031 1924 3070 ac
1951 3016 2046 3070 de-

477 3109 777 3164 fensionem
816 3109 1096 3179 religionis
1146 3111 1487 3164 Christiarue.
1526 3128 1543 3160 ι
1584 3109 1638 3164 Si
1675 3125 1806 3179 ergo
1849 3122 2047 3162 novum

2163 1929 2283 1967 nem
2315 1915 2764 1976 demonstrare,n.
2790 1917 2878 1972 67.

2234 2005 2321 2060 lV.
2369 2005 2553 2060 Fidem
2597 2007 2742 2061 illam
2780 2009 3044 2064 charitate
3086 2010 3404 2073 animatam,
3436 2024 3557 2077 quae
3591 2024 3699 2078 gra-

2161 2099 2307 2153 tuita:
2335 2109 2390 2153 ct
2421 2101 2657 2168 potentis
2686 2103 2876 2172 gratiae
2907 2103 3104 2156 donum
3133 2113 3249 2168 est,
3282 2117 3496 2171 semper
3528 2103 3591 2156 ad
3623 2118 3699 2157 sa-

2159 2191 2321 2246 lutem
2356 2193 2525 2248 fuisse
2555 2196 2949 2257 necessariam,
2986 2195 3036 2248 id
3067 2204 3148 2249 est
3184 2195 3283 2249 sub
3317 2193 3434 2264 lege
3452 2192 3641 2264 Moysis
3657 2204 3700 2247 et

2158 2294 2284 2338 ante
2317 2284 2489 2351 ipsam
2533 2286 2731 2356 legem,
2781 2287 3025 2355 pluribus
3065 2287 3196 2342 locis
3235 2287 3538 2341 luculenter
3565 2288 3700 2339 docet

2156 2373 2414 2430 Justinus.
2451 2395 2467 2427 ι
2505 2376 2638 2432 Nam
2684 2389 2737 2433 et
2776 2378 2890 2447 ipse
2943 2381 3251 2444 Abraham,
3294 2379 3472 2448 inquit
3525 2395 3576 2431 η.
3607 2378 3696 2443 25,

2155 2481 2276 2521 cum
2303 2469 2352 2520 in
2385 2472 2646 2539 praeputio
2665 2481 2830 2534 esset,
2859 2486 2953 2540 per
2983 2471 3164 2538 fidem,
3195 2485 3298 2539 qua
3331 2471 3561 2524 credidit
3585 2471 3699 2530 Deo,

2148 2557 2477 2626 justificatus
2504 2573 2558 2614 et
2589 2562 2907 2618 benedictus
2936 2571 3018 2618 est
3050 2563 3114 2617 “.
3151 2580 3172 2614 ι
3209 2562 3330 2617 Vid.
3364 2577 3422 2615 n.
3452 2561 3554 2617 92.
3588 2559 3698 2613 Nul-

2155 2653 2235 2706 los
2266 2669 2488 2721 prorsus
2514 2655 2718 2711 electos
2747 2658 2991 2728 agnoscit
3026 2658 3117 2728 qui
3162 2673 3267 2712 non
3314 2657 3456 2711 hanc
3486 2654 3701 2709 Abralue

2152 2743 2314 2796 fidem
2345 2745 2540 2800 imitati
2575 2746 2800 2802 fuerint.
2846 2747 2937 2803 Sic
2965 2750 3107 2803 enim
3159 2748 3355 2804 refellit
3391 2749 3608 2803 stultam
3648 2745 3698 2800 il-

2151 2833 2256 2886 lam
2289 2837 2594 2903 opinionem
2617 2877 2632 2900 ,
2665 2853 2771 2907 qua
2815 2837 2982 2892 inﬂati
3014 2838 3180 2893 Judzei
3215 2839 3399 2894 salvos
3430 2854 3490 2894 se
3516 2840 3582 2894 ob
3613 2838 3696 2890 de-

2152 2927 2366 2982 ductam
2414 2931 2482 2984 ab
2527 2930 2840 3003 Abrahamo
2873 2932 3138 3002 originem
3176 2931 3388 2986 futuros
3427 2932 3694 3002 putabant.

2156 3034 2174 3066 ι
2211 3017 2412 3082 Nemo,
2466 3022 2643 3092 inquit
2687 3039 2742 3076 n.
2777 3023 2877 3088 M,
2920 3039 2988 3079 ne
3028 3037 3093 3076 ex
3124 3023 3213 3078 illo
3246 3026 3463 3092 quidem
3508 3024 3695 3079 semine

2149 3109 2439 3180 quidquam
2483 3115 2728 3182 accipere
2767 3124 2978 3182 potest,
3016 3124 3213 3183 praeter
3242 3131 3357 3178 eos.
3404 3117 3497 3186 qui
3535 3116 3700 3168 animo

476 3209 888 3267 testamentum,
928 3202 1106 3270 inquit
1145 3201 1354 3271 Dialog.
1408 3219 1463 3255 n.
1501 3202 1589 3264 ll,
1640 3201 1780 3255 Deus
1827 3199 2044 3252 institu-
2070 3205 2113 3262 (ζ
2148 3200 2430 3255 assimilati
2459 3201 2662 3257 fuerint
2704 3204 2826 3259 fidei
2868 3208 3122 3271 Abrahae,
3152 3216 3207 3263 et
3241 3209 3504 3277 mysteria
3533 3208 3698 3262 omnia

475 3303 589 3346 tum
622 3294 687 3348 irl
722 3293 1058 3363 prmdicavit,
1093 3295 1333 3364 illudque
1379 3295 1430 3349 in
1467 3293 1637 3347 lucem
1672 3291 1933 3362 gentium,
1963 3289 2045 3343 vi—

474 3391 664 3441 demus
704 3397 881 3441 autem
930 3402 994 3442 ac
1043 3400 1361 3455 persuasum
1413 3385 1672 3439 habemus
1710 3398 1805 3454 per
1849 3397 2044 3436 nomen

473 3477 645 3547 ipsius
673 3479 799 3534 Jesu
832 3479 1035 3533 Christi
1064 3477 1333 3543 crucifixi,
1367 3493 1394 3528 a
1434 3475 1740 3531 simulacris
1763 3480 1817 3528 et
1843 3473 1912 3528 ab
1941 3473 2043 3526 alia

471 3573 714 3641 nequitia
745 3573 993 3627 homines
1036 3572 1102 3625 ad
1143 3571 1312 3625 Deum
1360 3571 1640 3633 accedere,
1683 3582 1745 3620 ac
1775 3582 1840 3620 ne
1870 3575 2045 3618 morte

473 3664 687 3731 quidem
729 3665 1003 3735 proposita
1053 3679 1083 3716 a
1135 3663 1476 3717 confessione
1529 3671 1582 3714 et
1627 3660 1828 3727 pietate
1867 3658 2043 3712 disce-

472 3758 629 3819 dere;
661 3772 784 3811 cum
816 3771 880 3809 ex
910 3757 1186 3824 operibus,
1223 3763 1332 3807 tum
1361 3769 1426 3807 ex
1457 3754 1911 3822 consequentibus
1943 3752 2044 3806 mi-

473 3848 672 3902 raculis
712 3848 842 3902 licet
869 3849 1174 3918 intelligere
1220 3848 1364 3900 hunc
1403 3861 1523 3900 esse
1567 3862 1759 3900 novam
1791 3847 1957 3915 legem
1987 3854 2041 3898 et

471 3953 666 3991 novum
706 3949 1110 4004 testamentum,
1150 3949 1203 3994 et
1244 3939 1698 4008 exspectationem
1731 3953 1918 3994 eorum
1950 3938 2042 4005 qui

469 4048 535 4085 ex
558 4032 809 4086 omnibus
831 4031 1078 4099 gentibus
1107 4048 1135 4084 a
1163 4031 1274 4085 Deo
1316 4033 1452 4084 bona
1479 4040 1816 4098 exspectant.
1842 4049 1861 4082 ι
1889 4030 2044 4099 Saepe

471 4125 606 4178 alias
639 4123 914 4177 Christum
960 4139 1082 4178 esse
1133 4139 1329 4178 novam
1375 4124 1518 4176 illam
1565 4123 1735 4192 legem
1775 4124 1825 4176 in
1857 4133 2041 4176 vetere

466 4216 793 4286 promissam
822 4216 1123 4281 contendit,
1151 4218 1276 4285 quia
1307 4215 1514 4269 scilicet
1535 4216 1780 4269 Christus
1810 4215 1921 4283 ipse
1949 4231 2042 4282 per

468 4307 731 4374 Spiritum
767 4322 922 4361 suum
961 4307 1015 4361 in
1058 4308 1212 4361 nobis
1251 4307 1458 4360 habitat
1489 4307 1551 4373 ”,
1584 4317 1744 4375 atque
1782 4307 1922 4361 hanc
1965 4307 2040 4360 le-

466 4415 585 4467 gem
614 4400 666 4453 in
699 4401 950 4453 cordibus
974 4401 1177 4455 nostris
1205 4400 1415 4454 scribit.
1443 4401 1618 4469 Atque
1648 4400 1700 4453 in
1733 4400 1834 4453 hoc
1867 4400 2040 4452 maxi-

465 4509 612 4546 nium
648 4493 940 4547 Christiani
974 4503 1027 4547 et
1059 4493 1229 4548 Judaai
1271 4494 1562 4548 discrimen
1605 4491 1904 4547 constituit.
1936 4492 2037 4545 Fa-

2145 3295 2516 3364 cognoverint,
2556 3295 2608 3351 id
2658 3306 2741 3351 est
2791 3297 2892 3352 alia
2922 3300 3168 3367 quzedam
3208 3308 3469 3368 praecepta
3514 3300 3580 3353 ad
3616 3298 3700 3352 Dei

2145 3384 2346 3439 cultum
2371 3386 2670 3456 etjustitiae
2697 3390 3160 3456 observationem,
3207 3392 3311 3445 alia
3361 3403 3545 3446 autem
3577 3406 3699 3459 prie-

2145 3487 2296 3546 cepta
2326 3487 2380 3533 et
2405 3494 2567 3548 opera
2600 3481 2683 3535 vel
2709 3483 2776 3535 ad
2808 3483 3008 3536 Christi
3041 3485 3374 3553 mysterium,
3407 3484 3489 3537 vel
3521 3485 3588 3538 ob
3616 3485 3700 3534 du-

2145 3569 2327 3621 ritiam
2352 3570 2532 3624 cordis
2559 3571 2736 3639 populi
2761 3573 2924 3625 vestri
2951 3573 3204 3627 similiter
3227 3587 3347 3626 esse
3383 3572 3697 3640 descripta.»

2145 3659 2296 3715 lianc
2323 3663 2725 3716 distinctionem
2759 3676 3152 3732 praeceptorum
3201 3666 3430 3734 requirit
3469 3666 3534 3717 ad
3565 3665 3698 3716 salu-

2145 3761 2272 3814 tem,
2303 3755 2428 3821 quia
2461 3754 2506 3808 si
2537 3755 2658 3822 quis
2680 3756 2948 3824 justitiam
2984 3758 3036 3810 in
3067 3756 3180 3810 sola
3213 3757 3628 3812 circumcisione
3653 3764 3699 3806 et

2143 3845 2383 3900 Sabbato
2427 3855 2479 3900 et
2523 3845 2674 3900 feriis
2714 3848 2948 3916 positam
2978 3850 3272 3914 existimet,
3303 3859 3357 3904 et
3391 3863 3598 3904 summa
3627 3847 3691 3899 le-

2141 3941 2223 4008 gis
2248 3949 2464 3996 aeterna:
2495 3941 2764 3997 oblivione
2799 3943 3125 4009 versabitur,
3151 3961 3248 3998 nec
3276 3946 3507 4014 proinde
3531 3943 3700 3998 salvus

2141 4046 2262 4087 esse
2292 4033 2508 4099 poterit.
2538 4031 2805 4088 Justinum
2836 4045 3013 4089 autem
3037 4037 3103 4090 de
3135 4035 3238 4090 illis
3268 4037 3428 4090 etiam
3458 4034 3699 4102 tempori-

2142 4121 2242 4176 bus
2277 4121 2447 4191 loqui,
2484 4137 2604 4189 quaa
2634 4133 2760 4175 ante
2800 4123 3230 4177 lncaruationem
3279 4124 3490 4178 Domini
3538 4122 3698 4175 fluxe-

2142 4223 2305 4279 runt,
2352 4214 2700 4268 manifestum
2753 4223 2838 4269 est
2879 4230 2943 4268 ex
2992 4215 3074 4268 his
3113 4231 3232 4284 quae
3270 4217 3453 4270 statim
3515 4215 3696 4268 addit:

2147 4321 2166 4354 ι
2204 4305 2379 4372 Atque
2427 4304 2501 4357 ita
2547 4319 2669 4359 sese
2705 4320 2818 4360 rem
2853 4307 3053 4360 habere
3089 4306 3230 4360 Deus
3261 4306 3401 4374 apud
3452 4305 3697 4360 Ezechie-

2139 4397 2242 4448 lein
2285 4395 2595 4463 pronuntiat
2640 4397 2691 4450 in
2740 4398 2855 4451 haec
2886 4400 3049 4451 verba
3084 4417 3098 4451 :
3137 4398 3192 4452 Si
3238 4397 3376 4462 Noe,
3420 4407 3476 4453 et
3521 4396 3616 4452 Job
3653 4403 3699 4446 ct

2143 4488 2330 4542 Daniel
2363 4490 2780 4558 depoposcerint
2804 4492 2884 4545 vel
2921 4491 3056 4545 filios
3088 4492 3170 4544 vel
3214 4491 3371 4554 tilias,
3415 4507 3520 4544 non
3552 4489 3697 4543 dabi-

467 4595 612 4639 tetur
643 4601 760 4652 qum
796 4595 986 4637 natura
1024 4587 1282 4653 prwclara
1320 4597 1365 4639 et
1404 4588 1492 4653 pia
1523 4597 1568 4638 et
1606 4585 1756 4653 justa
1801 4592 1947 4647 sunt,
1979 4602 2039 4638 ea
2071 4566 2117 4616 D
2149 4589 2236 4632 tur
2258 4581 2338 4634 eis
2364 4581 2427 4635 “’.
2469 4600 2486 4631 ι
2521 4581 2634 4650 Ipse
2665 4582 2906 4636 Justinus
2938 4584 3097 4651 paulo
3130 4593 3247 4650 post
3275 4583 3516 4637 declarat
3557 4598 3612 4635 se
3640 4581 3699 4632 de

464 4679 519 4729 in
565 4676 674 4747 lege
715 4675 878 4730 Nosis
904 4677 984 4730 Itis
1025 4679 1115 4742 qui
1168 4678 1270 4746 legi
1317 4687 1519 4744 parent,
1567 4693 1621 4730 ιι.
1662 4677 1755 4742 45,
1793 4678 2038 4744 facienda

476 4767 752 4827 n-wscribi,
783 4767 980 4835 Legem
1021 4775 1201 4819 autem
1253 4765 1436 4829 illam,
1478 4781 1596 4834 quae
1641 4775 1762 4834 post
1807 4777 2035 4820 mortem

462 4856 626 4910 Mosis
670 4857 901 4925 prodiit.
963 4866 1148 4925 utpote
1206 4858 1256 4910 in
1307 4857 1512 4926 psalmo
1563 4873 1654 4909 xix
1714 4866 2030 4917 memorata.

462 4948 895 5002 Christianorum
926 4948 1196 5016 propriam
1235 4962 1354 5002 esse
1385 4957 1439 5001 et
1475 4948 1527 5000 in
1558 4963 1748 5001 eorum
1779 4949 2033 5003 cordibus

461 5037 718 5105 scriptam
770 5037 849 5090 sic
885 5036 1099 5105 probat,
1141 5052 1197 5089 n.
1240 5036 1348 5089 30:
1384 5055 1402 5087 ί
1437 5035 1561 5090 llaec
1607 5044 1783 5090 autem
1830 5036 2029 5104 judicia

460 5128 671 5182 Domini
704 5127 880 5192 nobis,
914 5127 1108 5196 quibus
1146 5127 1462 5194 sapientiam
1508 5128 1877 5197 praestiterunt
1914 5128 2031 5180 dul-

459 5217 610 5270 ciora
639 5231 802 5285 super
839 5217 942 5271 mel
974 5225 1030 5270 et
1060 5217 1240 5271 favum
1267 5218 1460 5281 videri,
1491 5232 1555 5272 cx
1587 5233 1651 5272 eo
1683 5218 2026 5287 perspicitur,

459 5309 602 5376 quod
630 5323 697 5362 ne
725 5316 900 5362 morte
926 5308 1140 5376 quidem
1166 5311 1437 5377 proposita
1466 5310 1823 5375 adducamur,
1850 5319 1906 5362 ut
1931 5324 2028 5363 no-

459 5414 580 5452 men
607 5400 724 5467 ejus
751 5401 1100 5469 abnegemus.
1128 5420 1146 5452 i
1167 5399 1380 5456 Judseos
1408 5411 1584 5456 autem
1616 5403 1695 5456 sic
1722 5401 2027 5469 compellat,

458 5504 515 5544 ιι.
549 5489 619 5544 95
651 5507 663 5544 :
704 5510 723 5543 ι
762 5493 866 5547 Vos
898 5505 1076 5547 autem
1109 5508 1283 5563 neque
1315 5495 1367 5548 in
1397 5495 1589 5567 Deum,
1619 5508 1790 5564 neque
1821 5495 1872 5548 in
1907 5509 2031 5562 pro-

457 5583 671 5650 phetas,
705 5601 878 5653 neque
911 5588 961 5639 in
991 5588 1348 5654 vosmetipsos
1393 5601 1630 5640 amorem
1657 5602 1892 5655 unquam
1933 5597 2025 5639 aut

535 5730 575 5758 ”
597 5729 750 5783 Rom.
783 5747 895 5800 \‘Ill,
935 5735 1018 5790 il.

1101 5736 1139 5766 "’
1167 5735 1278 5789 Jac.
1310 5752 1367 5802 ιι,
1395 5738 1482 5789 23.
1521 5737 1558 5765 ”
1594 5737 1793 5789 lizcch.
1830 5751 1940 5798 \l\',
1973 5735 2054 5789 '20.

2149 4671 2235 4731 iis.
2269 4671 2359 4740 qui
2392 4672 2494 4726 sub
2537 4674 2653 4743 lege
2700 4674 2954 4739 fuerunt,
3010 4676 3121 4730 haec
3163 4677 3382 4730 dixisse.
3437 4673 3698 4741 Quaerenti

2144 4763 2285 4816 enim
2315 4764 2588 4831 Tryphoni
2623 4780 2749 4818 num
2779 4766 2836 4831 ii,
2871 4767 2960 4834 qui
3001 4766 3171 4832 legent
3200 4765 3361 4820 Musis
3399 4773 3697 4829 servarunt,

2142 4854 2274 4908 salvi
2323 4855 2432 4908 sint
2479 4856 2642 4928 futuri
2684 4871 2805 4909 cum
2839 4856 3022 4922 justis,
3054 4859 3143 4925 qui
3191 4865 3316 4911 ante
3363 4855 3564 4910 Mosem
3626 4850 3700 4903 Vi-

2137 4949 2444 5014 xerunt,sic
2485 4949 2772 5017 respondet
2811 4946 3099 5003 Justinus:
3142 4969 3160 5000 t
3197 4951 3329 5004 Cum
3371 4964 3434 5004 ea
3470 4946 3698 5018 pratuli,

2141 5040 2383 5110 Trypho,
2414 5054 2534 5109 quze
2557 5041 2623 5094 ab
2655 5040 2938 5096 Ezechiele
2970 5041 3112 5096 dicta
3140 5051 3286 5109 sunt,
3313 5042 3538 5096 Etiamsi
3568 5039 3696 5101 Noe,

2134 5128 2325 5183 Daniel
2357 5139 2406 5182 et
2434 5128 2535 5182 Job
2566 5129 2707 5198 ﬁlios
2736 5141 2784 5183 et
2806 5133 2949 5200 ﬁlias
2989 5149 3112 5186 suas
3156 5135 3515 5201 deprecentur,
3549 5132 3699 5186 mini-

2137 5233 2224 5274 me
2251 5219 2332 5274 eis
2361 5235 2677 5275 concessum
2707 5222 2790 5286 iri,
2827 5224 2920 5276 sed
2957 5239 3055 5293 pro
3097 5239 3155 5278 se
3184 5241 3453 5294 quemque
3496 5242 3591 5280 sua
3622 5228 3698 5293 ip-

2135 5313 2247 5366 sius
2265 5313 2515 5367 videlicet
2549 5313 2757 5382 justitia
2800 5315 3004 5370 salvum
3050 5316 3208 5384 fore;
3238 5333 3332 5372 eos
3363 5334 3576 5388 quoque
3609 5319 3694 5386 qui

2134 5405 2429 5458 secundum
2477 5406 2648 5475 legem
2684 5409 2888 5482 Moysis
2907 5408 3181 5474 vixerunt,
3229 5412 3406 5468 salvos
3451 5412 3698 5466 similiter

2134 5498 2347 5553 futuros
2378 5499 2514 5553 dixi.
2557 5519 2575 5552 ι

2202 5590 2280 5642 Ad
2303 5604 2392 5655 ea,
2425 5606 2542 5658 quae
2575 5591 2674 5647 hoc
2704 5592 2822 5649 loco
2852 5593 3089 5663 disputat
3133 5593 3395 5662 Justinus,
3439 5597 3576 5651 infra
3621 5609 3692 5646 re—
