3792 6474
76 360 124 417 51
999 349 1063 407 D.
1095 351 1362 407 MARANI
1396 350 1788 411 PREFATIO.
1821 380 1889 392 -—-
1915 349 2098 405 PARS
2130 348 2199 407 Il.
3163 341 3232 398 53

75 473 551 546 vmtTryphonem,
577 472 689 543 qui,
720 487 778 527 n.
810 471 902 537 64,
933 475 1088 544 quasi
1135 489 1241 529 non
1284 474 1556 530 meminis-
1589 480 1638 537 Α
1666 489 1786 527 nem
1819 481 1874 528 et
1906 471 2110 528 Christi
2154 469 2271 540 ejus
2314 477 2371 523 et
2416 466 2746 537 sempiterna
2785 464 2932 533 justa
2960 463 3235 526 observet,

74 582 136 627 set
159 580 234 624 aut
256 581 427 639 parum
450 575 657 621 curaret
682 581 804 635 qua:
830 567 1093 621 hactenus
1121 567 1400 636 disputata
1440 564 1559 620 fue-

76 674 187 728 raut,
226 676 309 731 per
350 675 405 715 se
451 661 609 715 licere
658 659 841 713 aiebat
884 658 1244 725 Christianis,
1289 668 1349 713 ut
1376 656 1561 713 Jesum

75 753 292 809 Christum
317 750 523 815 colant;
552 761 607 803 at
634 748 836 804 Judaeis
860 750 1027 805 Deum
1058 750 1234 819 ipsum
1260 749 1564 806 colentibus

76 844 176 897 nihil
201 859 316 909 opus
346 856 458 896 esse
500 850 557 894 ut
598 840 874 895 Christum
918 842 1276 897 conﬁteantur
1327 849 1423 896 aut
1467 840 1565 894 ad-

78 942 209 989 orent.
232 933 349 987 Tum
373 931 608 986 Justinus
633 932 825 987 leniter
847 934 1107 1002 castigata
1138 933 1240 988 hac
1261 930 1566 1003 Tryphonis

80 1023 316 1093 pertinacia
344 1024 454 1077 ait:
490 1042 509 1073 I
546 1022 601 1077 Si
652 1023 817 1092 igitur
861 1024 1100 1079 animout
1133 1024 1199 1077 ad
1229 1038 1314 1089 ea,
1342 1038 1462 1092 qua:
1498 1036 1566 1076 ex

84 1116 311 1185 Scripturis
349 1116 541 1181 attuli,
589 1116 981 1183 advertissetis,
1024 1130 1120 1171 eos
1146 1115 1309 1169 etiam
1332 1155 1348 1179 ,
1380 1114 1472 1182 qui
1500 1127 1567 1167 ex

80 1216 211 1261 vestro
229 1222 403 1276 genere
427 1206 725 1274 salvantur,
759 1222 852 1276 per
886 1208 1027 1261 hunc
1053 1206 1277 1270 salvari,
1309 1214 1471 1274 atque
1512 1204 1567 1259 in

81 1299 162 1365 ejus
187 1308 317 1367 parte
338 1313 450 1352 esse
483 1298 887 1354 intellexissetis
920 1298 1163 1369 profecto
1186 1340 1201 1363 ,
1234 1312 1337 1353 nec
1365 1310 1453 1351 me
1485 1295 1568 1350 vi-

82 1392 224 1445 delicet
250 1406 303 1443 ea
327 1392 387 1445 de
414 1404 473 1444 re
514 1394 708 1444 essetis
736 1392 1055 1461 percontati.
1091 1409 1111 1442 ι
1163 1392 1235 1444 Ea
1264 1404 1392 1459 ergo
1419 1402 1571 1443 revo—

81 1491 143 1534 rat
165 1482 207 1535 in
224 1482 541 1547 memoriam,
562 1497 706 1551 quas,
740 1498 795 1539 n.
819 1483 910 1546 44,
937 1483 1004 1538 de
1038 1482 1202 1552 iustis
1231 1490 1357 1536 ante
1386 1479 1572 1535 lucar-

82 1575 288 1629 uatiouem
316 1576 536 1630 mortuis
562 1576 798 1632 dixerat.

128 1684 312 1739 Causam
350 1702 498 1740 suam
542 1685 791 1757 profecto
838 1688 1159 1756 prodidisset
1201 1686 1469 1748 Justinus,
1517 1691 1575 1739 et

83 1792 187 1828 arma
210 1777 508 1831 adversariis
537 1777 933 1844 ministrasset,
964 1780 1009 1833 si
1039 1794 1196 1847 quem
1223 1780 1343 1832 sine
1374 1777 1480 1830 ﬁde
1518 1774 1571 1828 in

81 1864 287 1920 Christum
320 1877 569 1921 aeternam
605 1868 833 1923 salutem
866 1878 1175 1923 assecutum
1205 1882 1328 1923 esse
1346 1880 1571 1922 conces-

80 1953 219 2019 sisset;
242 1957 322 2009 sed
350 1971 503 2009 unam
541 1972 762 2026 semper
803 1972 870 2011 ac
914 1958 1158 2012 eamdem
1197 1956 1391 2013 salutis
1422 1956 1566 2010 viam

81 2046 288 2101 exstitisse
331 2048 631 2103 contendit.
669 2066 689 2100 ι
732 2050 809 2104 Ac
860 2064 962 2105 nos
1002 2048 1240 2120 quidem,
1282 2047 1480 2116 inquit,
1513 2060 1569 2099 n.

80 2139 141 2200 ιδ,
171 2142 242 2209 qui
280 2156 365 2210 per
405 2140 686 2197 Christum
725 2143 789 2195 ad
839 2141 1008 2196 Deum
1034 2140 1401 2203 accessimus,
1463 2152 1571 2191 non

80 2229 192 2282 istam
217 2232 373 2285 carnis
402 2233 880 2287 circumcisionem
911 2232 1242 2303 accepimus,
1282 2230 1377 2285 sed
1414 2229 1572 2298 apiri-

80 2321 255 2386 tualem,
300 2338 449 2393 quam
514 2323 740 2379 Henocb
800 2324 1025 2393 ejusque
1074 2321 1280 2377 similes
1336 2319 1573 2376 custodi-

78 2423 209 2465 erunt.
232 2432 248 2465 ι
274 2413 331 2467 Et
357 2431 409 2468 ιι.
432 2414 572 2469 H3:
616 2434 635 2467 ‹
668 2413 936 2484 Lapideos
962 2414 1127 2485 igitur
1157 2413 1368 2468 cultros
1405 2410 1573 2466 verba

79 2501 162 2571 ejus
184 2502 390 2575 (Christi)
421 2506 819 2575 intelligemus,
853 2520 952 2575 per
976 2520 1096 2575 qua:
1133 2512 1217 2558 tot
1253 2519 1283 2557 a
1310 2501 1575 2574 prmputio

80 2591 279 2659 homines,
299 2595 383 2665 qui
415 2596 466 2649 in
503 2611 702 2651 errore
728 2595 1107 2661 versabantur,
1135 2592 1315 2648 cordis
1346 2591 1579 2646 circum-

81 2683 231 2740 cisione
256 2687 543 2743 circumcisi
570 2697 724 2751 sunt,
752 2703 856 2758 qua
872 2688 1091 2758 quidem
1121 2694 1178 2741 ut
1210 2684 1247 2739 ii
1276 2684 1439 2739 etiam
1462 2685 1574 2737 cir-

83 2775 470 2842 cumcidereutur,
513 2778 608 2846 qui
660 2777 1129 2833 circumcisionem
1172 2775 1240 2831 ab
1266 2773 1577 2830 Abrahatuo

84 2861 237 2918 initium
264 2868 530 2924 ducentem
560 2871 859 2933 habebant,
881 2868 995 2936 jam
1016 2876 1128 2921 tum
1171 2866 1314 2922 Deus
1360 2880 1457 2935 per
1484 2864 1575 2921 Je-

85 2970 165 3010 lllln
203 2959 456 3027 hortatur;
507 2964 715 3033 quippe
756 2978 879 3018 cum
929 2977 1046 3028 eos,
1083 2961 1174 3031 qui
1225 2960 1278 3014 in
1331 2966 1586 3015 sanctam

86 3045 183 3101 ilam
223 3062 396 3106 terram
436 3054 908 3119 ingrediebantur,
960 3070 989 3107 a
1025 3052 1161 3109 Jesu
1204 3053 1576 3109 circumcisio-

87 3154 169 3192 netu
187 3142 345 3199 cultris
373 3144 599 3214 lapideis
628 3146 776 3200 dicat
804 3147 1101 3210 accepisse.

131 3232 243 3289 Adeo
276 3242 547 3293 constabat
591 3237 812 3294 Justino
853 3238 1011 3293 fidem
1060 3239 1311 3293 omnibus
1361 3248 1577 3305 semper

88 3327 361 3381 necessariam
393 3331 458 3383 ad
486 3330 723 3384 salutem
750 3329 940 3395 fuisse,
967 3340 1025 3385 ut
1066 3338 1308 3386 statuere
1337 3343 1444 3383 non
1477 3326 1577 3381 du-

89 3410 178 3467 bitet
207 3416 344 3473 Deum
386 3422 681 3478 calumniis
718 3424 1022 3492 expositum
1064 3423 1203 3487 fore,
1232 3422 1278 3477 si
1322 3420 1429 3485 lex,
1454 3434 1576 3490 quas

92 3504 203 3560 certis
230 3506 343 3565 locis
371 3520 425 3565 et
457 3512 801 3582 temporibus
839 3512 1058 3567 definita
1084 3510 1210 3579 fuit,
1245 3509 1578 3579 justificasse

90 3593 253 3649 dicatur.
283 3599 466 3666 «Quod
496 3602 542 3656 si
587 3602 727 3669 hanc,
774 3602 948 3672 inquit
992 3619 1045 3656 η.
1082 3600 1190 3665 25,
1225 3600 1381 3655 fateri
1432 3598 1576 3654 noli-

92 3696 187 3748 mus,
207 3691 386 3744 eveniet
428 3693 590 3747 nobis
621 3701 686 3746 ut
714 3694 767 3748 in
799 3693 1063 3747 absurdas
1092 3691 1451 3759 cogitationes
1495 3689 1581 3743 in-

94 3775 288 3845 tidamus,
327 3786 474 3853 quasi
517 3801 629 3840 non
670 3785 812 3839 idem
847 3783 993 3838 Deus
1035 3783 1203 3837 fuerit
1245 3782 1580 3853 temporibus

94 3865 247 3927 lienocb
272 3885 320 3928 et
347 3876 600 3943 aliorum,
624 3876 722 3947 qui
756 3891 855 3931 nec
881 3874 1353 3931 circumcisionem
1396 3873 1581 3928 carnis

94 3958 259 4019 habuere
278 3982 368 4022 nec
391 3969 636 4024 Sabltata
662 3977 719 4022 et
747 3968 852 4022 alia
883 3967 1147 4036 ejusmodi
1194 3964 1580 4029 observarunt,

93 4053 230 4122 quippe
262 4074 368 4114 cum
404 4078 431 4115 a
485 4061 638 4117 Mose
680 4061 925 4116 instituta
962 4060 1198 4124 fuerint;
1231 4057 1317 4113 vel
1345 4071 1450 4112 non
1485 4070 1581 4110 ea-

96 4140 304 4213 demjusta
326 4152 388 4205 ab
420 4154 565 4206 omni
589 4167 809 4220 semper
842 4153 1118 4206 hominum
1156 4165 1358 4220 genere
1397 4148 1583 4204 obser-

96 4235 173 4286 vari
197 4237 406 4296 voluerit.
443 4263 463 4296 ι
498 4243 642 4299 Hinc
666 4244 853 4309 etiam,
878 4259 930 4296 n.
964 4242 1056 4309 92,
1076 4241 1303 4297 Judaica
1335 4241 1584 4296 instituta

96 4334 323 4395 contemptu
354 4333 510 4402 digna
555 4333 805 4403 plurimis
843 4333 1019 4388 visum
1082 4332 1149 4386 iri
1197 4332 1582 4395 demonstrat,

98 4411 164 4466 nisi
199 4415 307 4473 idem
349 4437 411 4476 ac
435 4423 737 4478 Christiani
773 4420 1347 4493 respondeantJudtei,
1384 4421 1430 4475 si
1463 4419 1585 4489 quis

1661 565 2025 621 circumcisus
2064 573 2148 619 est
2174 561 2434 631 przcclara
2468 568 2524 614 cl.
2544 557 2665 612 utili
2696 554 3107 611 circumcisione
3127 591 3143 617 ,
3173 562 3233 606 et

1661 658 1873 712 amicus
1901 656 2032 721 Deo,
2063 652 2289 725 ejusque
2321 651 2476 708 donis
2502 659 2557 706 et
2586 648 2951 706 oblationibus
2974 648 3116 702 Deus
3146 645 3236 700 dc-

1662 753 1915 808 lectatur.
1949 768 1969 803 ι

1738 844 1800 898 ν.
1827 844 2119 913 Postquam
2146 841 2389 897 Justinus
2414 848 2521 896 tam
2551 850 2864 896 accuratum
2897 846 3117 906 tamque
3148 848 3240 887 vc-

1664 937 1970 992 hementem
2021 936 2409 1005 redemptionis
2468 933 2711 1004 mysterii
2779 928 3121 986 defensorem
3176 940 3247 980 se

1666 1026 1926 1095 praebuit;
1964 1026 2087 1095 quis
2128 1024 2456 1080 credidisset
2489 1024 2635 1077 illum
2665 1022 2734 1076 ob
2764 1033 3081 1076 concessam
3130 1017 3237 1069 So-

1666 1119 1803 1171 crati
1830 1127 1887 1173 et
1912 1116 2183 1171 lleraclito
2208 1126 2263 1171 et
2287 1114 2411 1170 aliis
2433 1113 2697 1184 ejusmodi
2718 1120 2975 1166 aeternam
3009 1108 3247 1163 salutem

1667 1218 1761 1264 aut
1789 1208 2001 1263 laudari
2032 1218 2125 1262 aut
2155 1207 2451 1277 vituperari
2480 1204 2761 1275 potuisse?
2796 1201 2949 1256 Hanc
2981 1210 3161 1253 tamen
3186 1198 3243 1250 ei

1669 1299 1979 1368 opinionem
2029 1296 2321 1367 afﬁngunt,
2372 1312 2478 1351 non
2519 1296 2693 1350 solum
2741 1290 2946 1345 laudati
2993 1290 3046 1343 in
3079 1288 3238 1357 epist.

1671 1392 1857 1446 select.
1888 1391 1957 1445 24
1985 1390 2217 1446 Simonii
2250 1400 2289 1444 I.
2320 1389 2405 1455 Ill,
2434 1397 2623 1443 auctor
2650 1383 2793 1440 Nodi
2819 1380 3243 1453 prwdestinatio-

1672 1486 1752 1537 nis
1781 1483 1940 1537 soluti
1974 1492 2029 1538 et
2062 1480 2300 1537 Iacobus
2322 1481 2513 1551 "Payva
2559 1480 2611 1533 in
2660 1474 3112 1544 Explicationibus
3154 1488 3244 1524 or-

1672 1576 1949 1639 thodozis,
1976 1575 2070 1631 sed
2104 1575 2292 1638 etiam,
2325 1572 2467 1641 quod
2500 1570 2670 1639 magis
2700 1567 2917 1622 mireris
2940 1607 2956 1631 ,
2989 1561 3243 1619 doctissi-

1674 1682 1791 1721 mus
1842 1664 2174 1721 Senoncnsis
2228 1663 2396 1718 abbas
2450 1661 2673 1716 Dissert.
2727 1659 2783 1713 in
2830 1656 3003 1723 Epist.
3043 1652 3242 1717 Pauli,

1674 1771 1797 1825 pag.
1826 1756 1895 1810 67
1922 1774 1937 1811 :
1971 1773 1991 1805 ι
2023 1754 2268 1810 Justinus
2295 1762 2531 1824 martyr,
2559 1750 2765 1821 inquit,
2804 1747 2993 1804 statuit
3034 1754 3245 1798 veteres

1676 1847 2047 1916 philosophos,
2068 1845 2159 1915 qui
2188 1855 2553 1900 consentanee
2600 1841 2794 1896 rationi
2828 1840 3103 1897 vixerunt,
3131 1834 3245 1904 jam

1671 1947 1807 2003 tum,
1840 1937 1941 1992 etsi
1964 1935 2149 1990 Jesum
2176 1934 2456 1990 Christum
2495 1948 2602 1988 non
2634 1931 3057 2002 cognoscebant,
3079 1928 3248 1981 fuisse

1668 2030 2047 2097 Christianos,
2081 2031 2209 2101 quia
2258 2030 2404 2085 illius
2431 2039 2699 2099 praecepta
2742 2036 2797 2082 et
2828 2024 3129 2081 doctrinam
3160 2036 3250 2076 se-

1670 2125 2012 2192 quebantur,
2053 2123 2187 2177 tales
2236 2121 2403 2178 fuisse
2440 2122 2577 2191 apud
2603 2120 2827 2175 Graecos
2868 2118 3150 2173 Socratem
3194 2120 3250 2169 et

1670 2213 2002 2269 Heraclitum
2033 2228 2087 2270 et
2109 2212 2389 2268 nonnullos
2407 2214 2559 2267 alios.
2590 2231 2609 2264 ι
3268 2196 3281 2270 i

1742 2309 1923 2365 Locus
1952 2309 2017 2362 ad
2049 2306 2247 2363 Justini
2292 2308 2738 2363 criminationem
2784 2304 3028 2374 jactatus
3072 2308 3250 2357 exstat

1672 2402 1825 2470 Apol.
1872 2403 1924 2469 l,
1949 2418 2002 2455 η.
2046 2400 2157 2455 46:
2194 2401 2298 2454 Τὸν
2344 2399 2576 2470 Χριστὸν
2603 2397 2943 2471 πρωτότοκον
2986 2394 3081 2449 τοῦ
3113 2390 3251 2447 Θεοῦ

1674 2490 1812 2548 εἶναι
1859 2493 2233 2564 ἐδιδάχθημεν,
2276 2492 2368 2546 καὶ
2420 2490 2871 2564 προεμηνύσαμεν
2902 2487 3059 2557 λόγον
3098 2486 3251 2546 ὄντα,

1673 2580 1733 2639 οὗ
1766 2586 1872 2638 πᾶν
1902 2586 2058 2653 γένος
2088 2582 2389 2655 ἀνθρώπων
2426 2581 2652 2653 μετέσχε
2681 2597 2695 2609 ⁸
2728 2580 2821 2632 καὶ
2853 2581 2900 2631 οἱ
2929 2576 3066 2650 μετὰ
3093 2576 3254 2644 λόγου

1677 2675 1972 2747 βιώσαντες
2030 2674 2342 2748 Χριστιανοί
2372 2675 2509 2737 εἰσι,
2558 2672 2661 2727 κᾶν
2694 2671 2839 2727 ἄθεοι
2872 2667 3252 2740 ἐνομίσθησαψ

1674 2765 1775 2823 οἷοι
1808 2768 1865 2822 ὲν
1889 2766 2115 2838 Ἕλλησι
2162 2766 2259 2837 μὲν
2304 2766 2602 2839 Σωκράτης
2635 2763 2729 2817 καὶ
2782 2761 3129 2833 Ἡράκλειτος
3163 2758 3254 2811 καὶ

1675 2861 1723 2914 οἱ
1744 2860 1916 2930 ὅμοιοι
1950 2858 2151 2921 αὐτοῖς·
2190 2858 2247 2909 ὲν
2282 2855 2576 2926 βαρϐάροις
2603 2853 2659 2905 δὲ
2691 2849 2959 2922 Ἀϐραὰμ,
2994 2848 3084 2902 καὶ
3110 2848 3260 2899 Ἀνα-

1674 2949 1795 3013 νῑας
1824 2948 1919 3002 καὶ
1948 2947 2203 3018 Ἀζαρίας
2234 2947 2329 2999 καὶ
2358 2943 2598 3013 Μισαὴλ,
2632 2942 2724 2995 καὶ
2755 2940 2958 3003 Ἠλίας,
2990 2938 3081 2992 καὶ
3107 2936 3255 2990 ἄλλοι

1677 3040 1881 3105 πολλοὶ,
1915 3033 1991 3094 ὧν
2021 3040 2121 3103 τὰς
2155 3037 2414 3111 πράξεις,
2462 3036 2496 3107 ἢ
2542 3034 2611 3089 τὰ
2660 3034 2897 3104 ὀνόματα
2941 3028 3257 3096 καταλέγειν

1682 3132 1888 3205 μακρὸν
1920 3127 2059 3184 εἶναι
2089 3131 2462 3200 ἐπιστάμενοι,
2493 3126 2661 3180 τανῦν
2689 3121 3120 3197 παραιτούμεθα,
3148 3129 3256 3174 etc.

1686 3243 1706 3277 ι
1743 3223 2021 3279 Christum
2051 3223 2472 3293 primogenitum
2506 3220 2598 3274 Dei
2627 3233 2750 3275 esse
2783 3232 2847 3272 ac
2885 3216 3153 3271 rationem
3191 3211 3255 3264 il-

1681 3314 1815 3379 lam,
1847 3315 2004 3384 cujus
2037 3328 2200 3370 omne
2230 3312 2512 3368 hominum
2541 3325 2711 3384 genus
2742 3308 3013 3378 particeps
3042 3316 3147 3369 est,
3170 3303 3254 3357 di-

1682 3407 1914 3463 dicimus
1953 3413 2009 3461 et
2036 3419 2197 3476 supra
2229 3403 2645 3459 declaravimus.
2678 3401 2744 3455 Et
2765 3399 2852 3469 qui
2885 3412 3005 3453 cum
3045 3394 3259 3450 ratione

1680 3498 1972 3562 vixerunt,
2008 3496 2303 3553 Christiani
2331 3504 2481 3561 sunt,
2513 3491 2725 3549 etiamsi
2768 3489 2912 3544 athei
2957 3482 3254 3542 existimati

1682 3589 1811 3653 sint,
1844 3589 2033 3657 quales
2057 3586 2198 3656 apud
2221 3585 2444 3641 Graecos
2473 3583 2622 3638 fuere
2653 3581 2908 3636 Socrates
2934 3586 2986 3632 et
3020 3574 3256 3630 Heracli-

1685 3690 1772 3736 tus
1792 3689 1846 3736 et
1877 3695 2064 3735 eorum
2099 3678 2338 3742 similes;
2381 3675 2521 3745 apud
2553 3674 2814 3728 barbaros
2859 3678 3040 3726 autem
3081 3669 3255 3720 Abra-

1685 3770 1833 3836 ham,
1887 3769 2147 3833 Ananias,
2192 3767 2436 3831 Azarias,
2490 3764 2675 3819 Misael
2707 3771 2762 3818 et
2810 3762 2970 3825 Elias,
3014 3772 3251 3829 quorum

1687 3860 1991 3914 actionibus
2017 3868 2107 3913 aut
2131 3856 2443 3913 nominibus
2468 3852 2814 3909 recensendis
2838 3892 2852 3917 ,
2885 3851 3013 3921 quia
3039 3850 3253 3918 longum

1689 3952 1738 4006 id
1768 3967 1890 4007 esse
1924 3951 2167 4017 scimus,
2211 3964 2353 4004 nunc
2393 3949 2831 4018 supersedemus.
2864 3942 3130 3998 Similiter
3159 3940 3256 4010 qui

1686 4042 1814 4098 olim
1847 4042 2054 4113 absque
2081 4041 2289 4096 ratione
2314 4040 2523 4105 vixere,
2554 4038 2783 4108 improbi
2829 4046 2882 4091 et
2910 4035 3129 4090 Christo
3159 4033 3259 4086 ini-

1687 4137 1811 4192 mici
1843 4136 2013 4201 fuere,
2042 4144 2093 4190 et
2120 4149 2330 4198 eorum,
2359 4133 2449 4203 qui
2477 4148 2601 4191 cum
2626 4133 2837 4186 ratione
2866 4128 3141 4187 vivebant,
3160 4124 3257 4178 ho-

1686 4228 1919 4283 micidas.
1955 4226 2059 4294 Qui
2092 4240 2223 4280 vero
2260 4240 2383 4280 cum
2417 4224 2629 4278 ratione
2654 4223 2911 4276 vixerunt
2955 4228 3010 4273 et
3039 4217 3253 4279 vivunt,

1689 4320 1983 4376 Christiani
2009 4326 2136 4373 sunt
2157 4327 2212 4372 et
2238 4315 2490 4384 impavidi
2522 4324 2685 4383 atque
2709 4311 2982 4380 intrepidi.
3019 4327 3039 4361 ι

1760 4412 1891 4465 Illud
1924 4410 2097 4477 primo
2128 4406 2531 4461 observandum
2560 4405 2718 4458 nobis
2749 4413 2866 4469 est,
2904 4419 3009 4457 non
3051 4402 3103 4457 id
3149 4402 3253 4458 hoc

97 4514 139 4553 es
157 4504 426 4578 eisquzerat,
468 4531 568 4567 cur
596 4530 714 4568 cum
748 4514 925 4569 Enoch
954 4524 1001 4568 et
1040 4511 1158 4567 Noe
1188 4530 1306 4567 cum
1332 4511 1484 4580 ﬁliis,
1534 4518 1585 4564 et
1615 4524 1659 4579 ι)
1692 4502 1810 4557 loco
1833 4501 2061 4568 expendi
2096 4515 2123 4549 a
2158 4498 2216 4552 S.
2243 4506 2505 4566 martyre,
2540 4496 2813 4565 quomodo
2840 4493 3071 4550 salutem
3104 4509 3257 4549 asse-

98 4592 125 4644 ιὶ
153 4599 217 4663 qui
238 4602 316 4655 alii
345 4604 636 4674 ejusmodi,
670 4606 784 4659 sine
819 4607 1212 4660 circumcisione
1249 4612 1298 4659 et
1335 4602 1582 4658 Sabbatis

99 4684 169 4739 διο
189 4692 473 4763 placuerint;
502 4709 580 4753 tot
629 4697 821 4767 elapsis
868 4698 1109 4753 wtatibus
1140 4697 1283 4752 Deus
1328 4713 1419 4766 per
1447 4695 1582 4748 alios

98 4776 204 4833 dum
226 4794 264 4837 et
282 4785 380 4840 alia
406 4790 652 4843 instituta
667 4787 956 4857 justiﬁcari
988 4788 1207 4842 voluerit
1229 4804 1317 4842 eos
1346 4788 1581 4857 quidem,

97 4874 220 4930 filioli
254 4880 499 4936 Abraham
539 4882 613 4935 ad
638 4880 836 4934 Mosam
888 4881 1122 4949 fuerunt,
1162 4897 1255 4950 per
1300 4880 1580 4934 circumci-

99 4961 262 5031 n’om;
286 4986 362 5024 eos
387 4982 563 5028 autem
599 4973 692 5043 qui
721 4981 835 5039 post
873 4971 1092 5038 Mosam,
1116 4983 1225 5026 tum
1256 4989 1348 5039 per
1365 4974 1585 5025 circuat-

99 5052 292 5123 cisionem,
317 5072 419 5115 tum
448 5081 542 5132 per
584 5066 695 5117 alia
743 5073 1023 5132 praecepta,
1055 5064 1110 5116 id
1148 5073 1222 5117 est
1267 5061 1580 5126 Sabbatum,

100 5146 286 5215 naturus,
320 5154 616 5221 librationes,
660 5156 821 5208 dona.
872 5154 1012 5209 Num
1043 5169 1174 5225 ergo
1208 5153 1442 5220 Judaaos,
1489 5154 1581 5224 qui

100 5232 450 5299 illitiﬁcationem
508 5249 563 5301 in
638 5245 772 5315 legis
836 5247 1223 5301 observatione
1281 5243 1582 5314 ponebant,

105 5324 292 5390 eilliutodi
320 5347 631 5407 argumento
660 5337 999 5393 confutasset
1019 5334 1291 5399 Justinus,
1324 5333 1424 5388 nisi
1469 5333 1584 5401 ipse

107 5414 226 5482 ﬁdem,
251 5428 322 5480 cui
356 5427 796 5495 justilicationem
824 5428 1090 5492 attribuit,
1125 5427 1192 5481 ad
1234 5439 1425 5480 omnes
1451 5434 1586 5480 aeta-

109 5512 159 5558 tes
182 5520 220 5562 et
237 5517 551 5573 conditiones
589 5520 863 5589 pertinere
890 5517 1258 5573 credidisset?

150 5601 204 5651 Ad
228 5620 391 5662 omnes
411 5623 540 5679 ergo
570 5618 760 5664 aetates
787 5619 843 5663 et
872 5608 1214 5664 conditiones
1238 5606 1580 5661 referendum

112 5691 199 5749 Ψιοά
229 5695 289 5748 ait
308 5698 361 5751 ε.
390 5710 618 5770 martyr,
643 5716 790 5754 num.
818 5700 890 5753 28
909 5718 932 5766 ,ε
964 5718 982 5750 s
1010 5698 1148 5765 Quin
1185 5697 1348 5753 etiam
1374 5698 1420 5753 si
1461 5698 1583 5767 quis

113 5772 248 5845 scltlta
286 5787 347 5841 sit
384 5800 476 5843 aut
515 5789 707 5858 Persa,
740 5789 933 5845 habeat
981 5797 1154 5845 autem
1185 5787 1276 5844 Dei
1313 5789 1578 5858 cognitioe

1688 4592 1799 4648 cuti
1825 4592 1951 4653 sint,
1985 4588 2077 4660 qui
2111 4596 2237 4641 ante
2257 4586 2537 4641 Christum
2562 4584 2613 4637 in
2645 4584 2901 4654 gentibus
2930 4587 3133 4647 vixere,
3159 4584 3253 4637 sed

1687 4679 2125 4753 quomodojuste
2156 4676 2422 4732 damnati.
2467 4673 2561 4728 Sic
2608 4673 2758 4727 enim
2794 4674 2909 4743 ipse
2957 4672 3059 4726 sibi
3113 4672 3255 4723 hanc

1686 4776 2040 4845 quaestionem
2073 4770 2322 4841 proponit
2346 4784 2361 4821 :
2395 4765 2479 4820 Ne
2502 4767 2591 4836 qui
2623 4776 2797 4820 autem
2823 4782 2855 4818 a
2880 4766 3080 4818 ratione
3105 4763 3257 4817 aber-

1687 4878 1885 4930 rantes,
1907 4866 1974 4918 ad
1988 4882 2046 4918 ea
2062 4879 2178 4934 qua:
2189 4863 2463 4915 docuimus
2485 4860 2866 4929 detorquenda,
2884 4857 3152 4911 Christum
3168 4856 3253 4907 (li-

1687 4971 1805 5013 cant
1835 4968 1953 5010 ante
1973 4972 2138 5009 annos
2161 4962 2367 5007 centum
2390 4952 2828 5021 etquinquaginta
2852 4960 3032 5003 natum
3057 4966 3088 5001 a
3108 4949 3255 5001 nobis

1686 5054 1790 5106 dici
1818 5052 1911 5104 sub
1936 5048 2179 5119 Cyrenio,
2202 5062 2265 5099 ac
2287 5053 2403 5113 post
2421 5045 2553 5097 illud
2570 5054 2771 5111 tempus
2786 5060 2847 5096 ea
2861 5042 3120 5108 docuisse,
3137 5056 3254 5112 qua:

1685 5143 1833 5195 illum
1849 5141 2085 5193 docuisse
2097 5137 2325 5190 diximus
2339 5134 2434 5188 sub
2456 5135 2647 5187 Pontio
2668 5133 2883 5197 Pilato;
2904 5134 3126 5202 indeque
3139 5148 3255 5184 εοηο

1686 5236 1829 5303 sequi
1853 5232 2131 5299 objiciunt,
2152 5238 2207 5281 ut
2224 5230 2454 5282 insontes
2468 5228 2569 5281 sint
2589 5228 2824 5281 homines
2839 5242 3016 5280 omnes
3028 5226 3253 5296 quiante
3322 5214 3330 5221 ’

1685 5324 1818 5376 illud
1851 5332 2051 5387 tempus
2084 5320 2259 5388 fuere;
2296 5316 2646 5370 dubitationis
2674 5316 2989 5370 solutionem
3032 5329 3255 5378 occupa-

1687 5416 1878 5467 bimus.
1901 5410 2167 5480 Quidquid
2203 5410 2371 5479 igitur
2392 5408 2613 5462 virtutis
2644 5407 2854 5462 Socrati
2886 5415 2935 5460 et
2979 5404 3253 5460 lleraelito

1684 5516 1738 5559 et
1779 5518 1966 5558 eorum
1998 5501 2265 5556 similibus
2308 5499 2609 5555 attribuere
2657 5499 2892 5562 videtur,
2937 5497 2990 5551 id
3022 5511 3086 5551 eo
3129 5511 3254 5564 spe-

1685 5605 1815 5661 ctat,
1852 5604 1913 5648 ut
1947 5592 2091 5649 nulla
2122 5594 2260 5664 juris
2305 5592 2568 5647 naturalis
2619 5589 2838 5644 violatio
2881 5586 3259 5643 excusationis

1687 5690 1902 5744 veniam
1933 5688 2155 5750 habeat;
2184 5687 2381 5755 quippe
2420 5700 2542 5739 cum
2570 5682 2820 5737 Christus
2847 5690 2972 5737 ante
2996 5679 3251 5736 locarim.-

1688 5784 1911 5848 tionem,
1942 5789 2205 5853 quatenus
2233 5779 2466 5835 Verbum
2511 5783 2624 5840 est,
2657 5774 2909 5829 onmibus
2940 5771 3250 5830 hominibus
