3796 6496
555 370 626 426 59
1434 371 1493 426 S.
1534 368 1869 427 JUSTINUS
1900 365 2377 425 PWS
2400 365 2491 420 ET
2526 364 2832 421 MARTYR.
3722 388 3726 417 ν

555 491 729 545 lucem
769 506 922 547 suam
977 490 1365 561 praetenderit."
1393 491 1539 549 Idem
1596 494 1764 551 decu
1805 493 2018 561 Dialog.
2066 508 2127 546 n.
2153 497 2201 555 Α
2231 490 2522 545 observare
2551 487 2864 544 debuissent
2901 486 2994 557 qui
3023 487 3090 544 de
3122 488 3213 544 illo
3243 487 3611 544 detraxerunt
3639 509 3652 544 :
3685 498 3726 545 st

553 581 644 645 95,
675 598 865 650 nempe
896 583 1028 638 nihil
1062 600 1289 654 prum
1316 584 1551 654 "praetexi
1600 600 1761 653 posse
1811 585 1879 639 ab
1906 583 1989 637 his
2033 581 2124 650 qui

544 675 724 744 legem
764 677 857 729 Dei
890 677 1141 742 violant,
1188 676 1399 731 etiamsi
1441 675 1796 746 perditissimi
1831 683 1886 729 et
1931 687 2123 727 corru—

551 769 784 836 ptissimi
816 769 946 823 sint.

621 879 680 931 2°
709 879 762 933 Si
788 878 1033 935 Justinus
1064 882 1302 935 salutem
1333 890 1592 935 aeternam
1620 879 1987 949 philosophis,
2029 879 2120 950 qui

547 979 671 1023 ante
716 969 993 1024 Christum
1038 970 1273 1036 fuerant,
1321 971 1656 1026 concessisse
1681 970 1899 1035 dicitur,
1933 969 2121 1026 eadem

548 1060 625 1113 illi
658 1076 784 1129 erga
817 1077 911 1115 eos
940 1063 1030 1131 qui
1069 1075 1189 1131 post
1228 1062 1505 1117 Christum
1533 1062 1703 1127 fuere,
1732 1077 1797 1117 ac
1823 1062 1920 1132 ipsi
1954 1060 2123 1117 Justi-

547 1168 620 1205 no
649 1154 880 1221 aequales
907 1165 1085 1219 erant,
1113 1154 1307 1209 lenitas
1350 1163 1404 1209 et
1448 1155 1785 1224 indulgentia
1832 1156 1938 1209 erit
1968 1155 2125 1207 attri-

546 1244 787 1299 buenda.
841 1246 971 1298 Nam
1026 1247 1091 1300 de
1134 1247 1382 1316 utrisque
1415 1248 1585 1301 dicit:
1618 1248 1721 1312 Qui
1760 1263 1878 1299 cum
1921 1248 2123 1299 ratione

546 1338 793 1390 vixerunt
827 1348 873 1390 et
913 1340 1105 1407 vivunt,
1132 1338 1421 1394 Christiani
1450 1350 1571 1394 sunt
1602 1351 1649 1394 et
1679 1339 1931 1407 impavidi
1962 1354 2025 1391 ac
2049 1338 2125 1390 in-

544 1429 758 1496 trepidi.

611 1538 670 1592 3°
697 1540 1036 1595 Christianos
1081 1558 1202 1598 esse
1252 1543 1385 1599 dicit
1434 1559 1550 1608 eos,
1606 1545 1696 1613 qui
1725 1543 1886 1597 vitam
1923 1543 2119 1596 rationi

542 1642 963 1687 consentaneam
1005 1635 1311 1701 duxerunt,
1352 1646 1410 1691 ut
1457 1636 1742 1692 Socratem
1783 1644 1839 1691 et
1874 1634 2120 1690 Heracli-

545 1730 658 1776 tum
684 1740 698 1788 ;
734 1740 840 1778 non
864 1727 1004 1794 quod
1033 1727 1116 1781 isti
1145 1743 1238 1797 per
1267 1728 1424 1783 tidem
1468 1728 1520 1783 in
1563 1726 1769 1783 Christi
1799 1727 2117 1795 sanguinem

540 1814 758 1869 liberati
789 1832 815 1869 a
849 1820 1084 1886 peccatis
1112 1818 1339 1885 fuerint,
1369 1821 1463 1875 sed
1494 1819 1619 1889 quia
1650 1819 1909 1888 quidquid
1938 1818 2116 1873 scien-

542 1910 630 1961 tia:
652 1920 707 1963 et
737 1909 954 1963 virtutis
983 1912 1037 1964 in
1068 1913 1148 1967 eis
1187 1913 1381 1975 eluxit,
1414 1912 1467 1966 id
1497 1911 1865 1967 Christianum
1901 1918 2005 1975 est,
2030 1919 2117 1963 ut-

539 2010 665 2069 pote
719 2017 840 2055 cum
892 2004 1217 2059 Christianis
1269 2005 1477 2059 faciens
1507 2012 1561 2058 et
1608 2018 1639 2056 a
1672 2002 1852 2057 Verbo
1895 2015 2113 2055 omnem

540 2089 814 2145 hominem
867 2094 1209 2149 illuminante
1253 2096 1530 2149 donatum.
1562 2110 1582 2144 ς
1618 2091 1997 2160 Quaecunque,
2034 2090 2117 2143 in-

536 2181 652 2247 quit
681 2182 831 2247 Apol.
860 2183 917 2246 2,
957 2200 1010 2236 n.
1071 2184 1157 2247 10,
1208 2184 1467 2251 praeclare
1507 2197 1743 2251 unquam
1797 2180 1985 2234 dixere
2023 2188 2116 2233 aut

536 2274 919 2342 excogitavere
951 2275 1257 2344 philosophi
1291 2286 1385 2329 aut
1418 2275 1593 2345 legum
1621 2273 1843 2336 latores,
1874 2272 1991 2325 hrec
2024 2271 2111 2325 in-

536 2374 700 2418 vento
726 2376 778 2418 et
811 2368 1152 2421 considerato
1201 2368 1383 2436 aliqua
1417 2384 1479 2422 ex
1529 2377 1685 2435 parte
1717 2364 1894 2420 Verbo
1922 2362 2111 2418 elabo-

534 2465 743 2509 rarunt.
774 2475 791 2508 ι
826 2457 890 2510 Et
922 2474 975 2512 n.
1004 2459 1070 2513 l3
1100 2477 1113 2512 :
1151 2476 1169 2509 ι
1208 2460 1553 2526 Quaacunque
1583 2457 1724 2526 apud
1759 2457 1898 2511 alios
1921 2470 2112 2511 omnes

533 2547 795 2615 praeclare
836 2550 999 2612 dicta,
1033 2564 1095 2602 ea
1124 2559 1307 2603 nostra
1341 2556 1467 2603 sunt
1495 2548 1986 2603 Christianorum.»
2015 2544 2109 2597 Sic

532 2634 901 2692 Teriullianus
927 2654 1114 2693 omnes
1151 2640 1398 2694 homines
1421 2630 1744 2693 naturaliter
1773 2636 2110 2691 Christianos

545 2742 667 2782 esse
690 2729 842 2793 dicit,
885 2732 1034 2799 quia,
1085 2740 1275 2785 natura
1306 2732 1467 2797 duce,
1511 2730 1764 2785 nonnulla
1807 2730 1986 2782 dicere
2015 2742 2108 2781 so-

532 2824 665 2888 lent,
700 2840 815 2893 qum
840 2826 1144 2880 Christiana
1173 2834 1323 2881 sunt.
1400 2826 1541 2879 Deus
1612 2839 1843 2895 magnus
1882 2831 1935 2874 ct
1966 2822 2107 2876 Deus

530 2915 731 2979 bonus,
756 2925 811 2972 et
836 2919 980 2987 quod
1013 2918 1153 2973 Deus
1181 2919 1410 2983 dederit,
1452 2918 1692 2972 omnium
1729 2931 1833 2969 vox
1867 2922 1972 2969 est.
2011 2913 2109 2969 Ju-

529 3009 708 3062 dcem
764 3024 983 3078 quoque
1037 3020 1377 3064 contestatur
1431 3008 1611 3073 illum,
1664 3009 1803 3061 Deus
1850 3005 2017 3067 videt,
2052 3012 2107 3057 et

529 3100 642 3154 Deo
670 3103 996 3155 commendo
1043 3109 1097 3154 ct
1140 3102 1281 3156 Deus
1332 3101 1463 3154 mihi
1512 3100 1719 3154 reddet.
1771 3098 1815 3151 Ο
1866 3098 2107 3151 testimo-

529 3192 680 3243 nium
714 3193 909 3246 anima:
943 3193 1265 3246 naturaliter
1292 3191 1649 3247 Christiana!
1688 3209 1707 3243 ι
1736 3190 1873 3257 Quid
1905 3189 2101 3244 mirum
2130 3179 2178 3243 C

527 3298 659 3352 ergo
704 3286 749 3339 si
793 3284 1134 3339 Christianos
1172 3294 1330 3339 vocat
1363 3283 1609 3339 Justinus
1651 3298 1744 3338 eos
1791 3282 1881 3352 qui
1934 3297 2102 3337 unum

529 3373 701 3429 Deum
742 3390 863 3429 esse
912 3375 1253 3429 docuerunt?
1297 3392 1316 3427 ‹
1359 3373 1564 3428 Horum
1602 3374 1880 3437 omnium,
1928 3374 2103 3444 inquit

527 3466 684 3532 Apol.
708 3465 766 3530 2,
815 3483 867 3518 n.
891 3465 979 3530 10,
1019 3467 1178 3537 longe
1206 3466 1547 3520 firmissimus
1575 3464 1678 3519 hac
1720 3465 1771 3519 in
1804 3482 1864 3520 re
1903 3465 2101 3520 Socra-

528 3567 610 3612 les
640 3558 690 3611 in
714 3558 900 3611 eadem
936 3573 1002 3612 ac
1042 3572 1142 3613 nos
1171 3558 1398 3612 crimina
1421 3571 1648 3614 vocatus
1662 3570 1764 3613 est.
1790 3558 1935 3612 Nova
1955 3561 2097 3611 enim

526 3652 791 3705 daemonia
826 3652 1079 3704 dixerunt
1108 3652 1174 3702 ab
1197 3664 1260 3704 eo
1290 3650 1494 3713 induci,
1525 3663 1578 3703 et
1610 3663 1747 3719 quos
1773 3650 1964 3704 civitas
1988 3648 2101 3702 exi-

524 3746 713 3798 stimat
744 3744 894 3807 deos,
945 3744 1011 3797 ab
1054 3758 1118 3797 eo
1170 3758 1274 3798 non
1319 3743 1646 3797 existimari.
1687 3763 1706 3796 ι
1759 3744 1827 3796 At
1878 3743 2100 3798 minime

525 3838 883 3894 dissimulavit
926 3837 1171 3893 Justinus
1213 3838 1340 3907 quid
1384 3838 1646 3905 ejusmodi
1696 3839 2003 3892 hominibus
2043 3838 2096 3892 in

523 3929 761 3983 Verbum
798 3930 1143 3984 incarnatum
1171 3944 1273 3982 non
1306 3930 1652 3984 credentibus
1683 3928 1939 3992 defuerit,
1983 3938 2096 3983 tum

524 4022 578 4076 in
611 4021 695 4085 iis,
728 4036 847 4090 quae
894 4023 962 4075 ad
992 4024 1354 4090 cognitionem
1387 4022 1632 4077 veritatis
1675 4030 1945 4090 spectant,
1980 4030 2094 4074 tum

522 4112 577 4167 in
608 4113 675 4167 iis
697 4129 817 4183 qua:
847 4115 912 4167 ad
946 4115 1108 4167 vitam
1137 4127 1191 4167 et
1218 4130 1413 4169 mores.
1446 4114 1735 4184 Postquam
1761 4114 1904 4167 enim
1932 4110 2093 4166 Verbi

520 4218 683 4258 omne
709 4205 1004 4258 humanum
1030 4219 1199 4274 genus
1224 4208 1495 4275 particeps
1526 4220 1647 4260 esse
1674 4206 1886 4266 docuit,
1918 4204 2093 4271 proti-

522 4310 626 4349 nus
666 4306 884 4350 revocat
916 4296 970 4350 in
1015 4298 1362 4359 memoriam,
1400 4312 1519 4366 quae
1543 4306 1699 4349 antea
1726 4296 1792 4348 de
1836 4295 2097 4349 incarna-

523 4387 685 4440 tionis
709 4402 871 4441 causa
899 4389 1144 4453 dixerat;
1180 4388 1435 4442 nimirum
1466 4397 1526 4442 ut
1549 4388 1749 4443 indicet
1772 4387 1901 4457 quid
1933 4386 2099 4441 inter-

521 4484 593 4536 sit
620 4484 762 4537 inter
787 4499 913 4549 eos,
960 4487 1108 4554 quia
1146 4483 1321 4539 Verbo
1367 4483 1604 4552 aliquam
1642 4483 1890 4538 veritatis
1919 4481 2093 4550 parti-

521 4576 695 4630 culam
752 4588 1100 4645 acceperunt,
1158 4588 1215 4631 et
1256 4592 1374 4641 eos,
1424 4579 1516 4647 qui
1567 4578 1621 4633 in
1672 4578 1813 4630 idem
1858 4575 2093 4630 Verbum

521 4669 867 4721 incarnatum
913 4668 1283 4721 crediderunt.
1339 4667 1477 4723 Hinc
1522 4669 1575 4722 in
1624 4668 1781 4737 Apol.
1810 4667 1865 4731 2,
1898 4682 1951 4719 n.
1981 4667 2014 4721 8
2041 4675 2097 4719 et

522 4760 611 4824 10,
665 4760 909 4814 declarat
955 4760 1299 4815 Christianos
1346 4777 1449 4814 non
1486 4761 1555 4813 ad
1602 4770 1805 4827 portent
1858 4758 2094 4826 aliquam

521 4853 876 4906 disseminata:
906 4854 1126 4907 rationis
1171 4856 1331 4907 vitam
1362 4854 1654 4917 instituere,
1684 4853 1774 4906 sed
1801 4854 1868 4904 ad
1908 4854 2092 4916 totius,

520 4944 577 4997 id
606 4954 681 4997 est
725 4944 919 4998 Christi
965 4945 1319 5011 cognitionem
1348 4951 1397 4997 et
1420 4942 1929 5011 contemplationem.
1958 4941 2093 4994 Par-

524 5034 744 5091 ticulam
782 5036 1031 5089 veritatis
1072 5035 1342 5104 cognitam
1374 5032 1543 5088 fuisse
1584 5034 1922 5102 philosophis
1954 5033 2093 5088 fate-

520 5138 633 5194 tur,
660 5129 753 5183 sed
782 5129 1031 5189 obscure,
1054 5128 1126 5180 ita
1153 5137 1211 5181 ut
1232 5142 1415 5181 secum
1449 5126 1549 5195 ipsi
1574 5125 1866 5195 pugnantia
1896 5125 2092 5179 docue—

519 5223 653 5287 rint,
687 5239 741 5276 n.
780 5221 869 5285 15,
900 5231 955 5273 at
1001 5236 1096 5275 eos
1132 5229 1341 5273 tantum
1378 5220 1536 5273 docet
1566 5217 1748 5272 sanari
1786 5230 1966 5285 posse,
1997 5217 2089 5286 qui

521 5317 578 5373 in
603 5316 881 5372 Christum
911 5313 1163 5366 credunt.
1202 5328 1221 5362 ι
1256 5309 1447 5365 Natum
1489 5310 1657 5373 enim,
1689 5309 1887 5377 inquit,
1917 5323 1981 5362 ex
2009 5310 2091 5362 itt-

521 5410 705 5480 genito
747 5416 801 5461 et
838 5420 946 5460 non
992 5403 1284 5458 enarrabili
1344 5402 1456 5456 Deo
1499 5402 1735 5456 Verbum
1789 5401 2087 5455 secundum

524 5504 690 5557 Deum
727 5502 1048 5562 adoramus;
1081 5494 1521 5565 quandoquidem
1548 5504 1771 5563 propter
1800 5507 1899 5547 nos
1924 5492 2089 5547 homo

525 5598 724 5649 factum
755 5605 867 5657 est,
901 5601 958 5646 ut
988 5589 1401 5661 perpessionum
1456 5597 1764 5643 nostrarum
1814 5588 2089 5659 particeps

522 5688 725 5742 factum
759 5685 1022 5739 medelam
1060 5682 1166 5738 illis
1192 5682 1413 5739 faceret.
1456 5701 1477 5731 ι

592 5802 648 5852 4ο
678 5798 817 5852 inest
845 5793 1037 5854 Justini
1077 5795 1256 5852 verbis
1288 5808 1442 5852 acuta
1489 5797 1856 5862 ratiocinatio,
1915 5809 2074 5865 quam

2228 578 2332 632 tuit
2359 578 2622 633 malorum
2656 579 2959 632 daemonum
2990 576 3270 632 molitione
3296 579 3711 647 persecutiones

2224 670 2562 726 Christianos
2588 672 2814 727 excitari
2846 689 2861 725 :
2899 672 3039 741 quod
3068 670 3288 738 quidem
3320 685 3388 725 ne
3432 672 3683 724 videatur
3713 672 3726 725 i

2224 760 2512 825 credibile,
2542 775 2605 815 ea
2644 762 2809 816 sumit
2844 762 3149 831 argumenti
3180 762 3319 825 loco,
3360 776 3481 830 qua:
3514 761 3649 815 viris
3681 762 3726 816 vi

2224 852 2357 907 tutis
2382 852 2539 907 laude
2565 852 2868 922 insignibus
2888 860 3207 906 evenerunt.
3246 852 3385 906 Vera
3420 866 3596 905 necne
3623 866 3725 904 exs

2223 943 2352 997 terit
2378 943 2592 998 illorum
2624 944 2801 1000 virtus
2840 958 2949 998 non
2996 946 3274 999 examinat
3303 962 3317 998 :
3345 944 3480 1000 satis
3514 944 3565 998 ei
3595 958 3679 997 cst
3701 946 3726 997 d

2221 1044 2545 1101 monstrare,
2585 1036 2706 1090 odio
2749 1035 2958 1089 habitos
3002 1035 3205 1103 fuisse,
3255 1036 3348 1105 qui
3394 1035 3584 1105 quovis
3634 1051 3726 1087 mo.

2221 1131 2505 1182 secundum
2541 1128 2795 1183 rationem
2830 1130 2998 1182 vivere
3042 1140 3089 1181 et
3129 1129 3311 1183 vitium
3348 1128 3535 1198 fugere
3561 1128 3721 1180 studii

2221 1220 2347 1283 rint,
2392 1219 2547 1287 Apol.
2593 1219 2655 1284 2,
2726 1236 2874 1273 num.
2910 1219 2960 1273 8.
2986 1218 3155 1274 Nemo
3202 1234 3334 1273 sane
3384 1218 3590 1273 dixerit
3635 1232 3726 1269 ver

2221 1313 2445 1366 virtutes
2468 1327 2495 1365 a
2523 1311 2740 1367 Justino
2768 1314 2819 1366 in
2868 1312 3095 1367 athletis
3134 1311 3382 1365 laudatas
3424 1308 3638 1375 fuisse;
3665 1325 3726 1377 qu

2221 1414 2403 1457 tamen
2434 1403 2735 1458 honorifica
2770 1403 2838 1458 de
2864 1402 2970 1458 illis
2993 1415 3150 1458 erant
3176 1402 3451 1456 hominum
3481 1400 3709 1469 judicia,

2219 1493 2287 1547 ad
2316 1508 2443 1548 usus
2474 1509 2603 1549 suos
2632 1495 2874 1565 adiungit
2910 1502 2970 1548 ut
2995 1492 3341 1555 Christianis,
3368 1506 3604 1561 quorum
3641 1499 3726 1542 tan

2219 1594 2338 1640 erat
2366 1585 2419 1639 in
2453 1597 2629 1642 morte
2678 1586 2981 1657 oppetenda
3034 1584 3200 1638 animi
3246 1583 3537 1649 fortitudo,
3594 1582 3726 1637 eade

2228 1677 2346 1733 laus
2370 1694 2476 1733 non
2510 1680 2894 1748 denegaretur.
2940 1697 2959 1730 ι
2994 1678 3095 1746 Qui
3120 1686 3301 1732 autem
3346 1693 3478 1733 vera
3505 1679 3677 1739 bona,
3710 1677 3723 1729 i

2221 1769 2340 1836 quit
2360 1769 2513 1838 Apol.
2537 1769 2593 1835 2,
2628 1785 2683 1824 n.
2705 1771 2755 1826 ll
2778 1809 2793 1833 ,
2826 1783 2889 1824 ac
2916 1770 3136 1825 minime
3165 1770 3340 1824 fucata
3384 1771 3720 1824 internoscut

2146 1848 2189 1906 Β
2219 1860 2255 1913 ii
2304 1860 2520 1915 virtutis
2558 1859 2820 1915 beneficio
2863 1860 3185 1929 incorrupti.
3235 1860 3391 1927 Quod
3451 1860 3676 1930 quidem

2221 1950 2286 2004 de
2328 1949 2659 2007 Christianis
2691 1967 2753 2007 ac
2798 1951 2863 2007 de
2908 1951 3147 2018 athletis,
3183 1951 3357 2021 iisque
3382 1952 3477 2021 qui
3514 1966 3604 2005 res
3640 1950 3725 2017 eju

2220 2042 2367 2096 modi
2397 2056 2617 2111 gessere
2645 2043 2833 2114 quales
2871 2054 3045 2114 poetae
3073 2044 3139 2098 de
3174 2043 3467 2098 celebratis
3500 2043 3725 2096 hominu

2220 2135 2478 2204 Opinione
2521 2135 2625 2189 diis
2650 2136 2946 2206 scripsere,
2983 2150 3088 2191 non
3119 2136 3517 2191 insulsissimus
3560 2135 3726 2203 quisq:

2218 2225 2541 2280 existimare
2588 2227 2771 2291 debet,
2824 2230 2929 2284 hoc
2977 2229 3174 2283 ductus
3233 2237 3586 2299 argumento,
3640 2243 3726 2297 qut

2218 2326 2469 2380 mortem,
2522 2331 2644 2385 qua:
2692 2318 2903 2373 videtur
2950 2317 3232 2389 fugienda,
3271 2330 3717 2375 contemnamus.

2221 2408 2294 2465 Ut
2326 2409 2393 2463 de
2425 2409 2667 2471 athletis,
2688 2410 2758 2464 ita
2792 2420 2847 2466 et
2877 2410 2945 2465 de
2973 2412 3317 2481 philosophis
3345 2413 3599 2481 loquitur
3622 2410 3726 2464 Just

2215 2515 2365 2555 nus:
2400 2515 2466 2555 ex
2503 2500 2722 2569 opinata
2774 2510 3140 2573 utrorumque
3182 2504 3389 2557 virtute
3435 2504 3488 2557 id
3539 2517 3726 2570 execr;

2217 2592 2485 2646 commodi
2522 2593 2590 2645 ad
2623 2592 2999 2648 defensionem
3028 2594 3329 2663 religionis,
3362 2604 3421 2648 ut
3449 2594 3542 2664 qui
3568 2595 3639 2647 de
3671 2594 3726 2647 isl

2213 2684 2517 2739 lionorilice
2558 2683 2827 2753 iudicant,
2868 2700 2964 2739 eos
3010 2688 3077 2741 de
3125 2686 3458 2742 Christianis
3506 2701 3616 2741 non
3672 2686 3726 2739 sit

2210 2790 2421 2829 summa
2461 2775 2750 2845 iniquitate
2785 2777 3079 2833 detrahere
3109 2778 3465 2834 demonstret.

2280 2866 2367 2923 νι.
2391 2866 2864 2922 Praestantissima
2887 2869 2955 2923 ad
2982 2869 3302 2939 Diognetum
3326 2868 3570 2936 epistola:
3593 2877 3725 2921 auct

2208 2956 2459 3012 observat
2480 3028 2483 3029 ν
2506 2958 2690 3013 tandiu
2722 2959 2973 3013 homines
3005 2958 3059 3011 in
3093 2972 3308 3013 summo
3350 2958 3586 3012 miseriae
3636 2968 3722 3012 sta

2209 3050 2430 3104 relictos
2450 3048 2642 3115 fuisse,
2674 3060 2734 3104 ut
2766 3050 2985 3104 tandem
3020 3050 3311 3119 aliquando
3334 3064 3362 3103 a
3389 3049 3536 3104 Filio
3566 3049 3664 3103 Dei
3699 3064 3725 3102 r

2208 3140 2409 3209 dempti
2446 3139 2746 3195 immeritos
2786 3153 2845 3195 se
2872 3140 3106 3210 gratiam
3150 3140 3429 3209 accepisse
3452 3139 3726 3193 faterentu

2212 3250 2232 3284 σ
2259 3231 2507 3298 Quandiu
2540 3230 2725 3302 igitur,
2754 3230 2930 3299 inquit
2972 3247 3027 3285 n.
3065 3229 3121 3295 8,
3156 3231 3396 3298 prudens
3448 3245 3605 3284 suum
3650 3244 3726 3283 σοι

2203 3323 2384 3380 silium
2408 3323 2460 3376 in
2495 3323 2763 3393 mysterio
2796 3324 3089 3389 retinebat,
3124 3322 3393 3384 neglectui
3424 3337 3525 3377 nos
3548 3322 3725 3376 haber

2203 3418 2517 3485 nullamque
2543 3417 2716 3472 nostri
2758 3431 2943 3471 curam
2977 3430 3169 3486 gerere
3209 3414 3618 3470 videbatur.....
3658 3414 3726 3469 Or

2202 3507 2290 3561 nia
2331 3507 2496 3577 igitur
2531 3508 2675 3576 apud
2706 3508 2769 3562 se
2795 3507 3006 3562 sciebat
3037 3521 3143 3561 una
3187 3521 3316 3561 cum
3353 3505 3516 3570 Filio,
3556 3520 3726 3560 (econi

2202 3598 2340 3652 mica
2396 3612 2494 3652 sua
2537 3598 2792 3652 scientia.
2845 3597 3119 3652 Caeterum
3172 3611 3349 3666 usque
3397 3597 3465 3651 ad
3518 3597 3726 3664 superi:

2201 3697 2412 3757 tempus
2428 3691 2555 3744 sivit
2580 3703 2678 3743 nos
2705 3703 2806 3759 pro
2830 3687 2989 3743 libito
3017 3688 3246 3742 incertis
3275 3687 3517 3742 motibus
3548 3687 3725 3756 agitat

2199 3775 2324 3831 dum
2351 3791 2381 3829 a
2416 3775 2787 3847 voluptatibus
2812 3786 2878 3830 et
2907 3776 3301 3846 cupiditatibus
3334 3777 3648 3831 transversi
3687 3789 3726 3831 rt

2197 3880 2491 3936 peremur:
2540 3881 2647 3921 non
2697 3867 2918 3938 quidem
2971 3867 3118 3938 quod
3169 3867 3279 3922 ullo
3324 3868 3486 3922 modo
3535 3876 3726 3936 peccat

2203 3960 2409 4013 nostris
2444 3960 2730 4029 gauderet,
2762 3960 2858 4015 sed
2886 3975 2951 4015 ea
2994 3952 3268 4026 tolerans;
3296 3975 3476 4031 neque
3512 3960 3642 4014 illud
3678 3976 3726 4028 qi

2196 4051 2463 4121 iniustitia
2493 4054 2861 4108 exercebatur
2892 4064 3104 4122 tempus
3140 4055 3469 4123 approbatis,
3504 4053 3601 4107 sed
3631 4069 3726 4107 mm

2195 4152 2302 4198 tem
2349 4144 2572 4214 iustitia:
2606 4160 2826 4211 creans,
2858 4156 2917 4199 ut
2966 4162 3090 4201 cum
3140 4160 3205 4201 eo
3242 4157 3491 4215 tempore
3531 4145 3726 4199 COIH‘iL‘

2195 4250 2437 4291 essemus
2465 4252 2496 4292 e
2526 4238 2762 4307 propriis
2782 4240 3060 4308 operibus,
3084 4239 3193 4294 vita
3222 4256 3342 4296 esse
3375 4240 3613 4310 indigni,
3653 4252 3726 4293 tut

2196 4328 2288 4382 Dei
2321 4326 2626 4400 benignitas
2651 4344 2747 4385 nos
2768 4344 2830 4385 ea
2868 4332 3208 4401 dignaretur.
3251 4350 3270 4383 ι

2265 4421 2433 4475 Deum
2465 4422 2739 4477 hominem
2769 4422 2968 4479 factum
2998 4423 3167 4479 fuisse
3188 4423 3380 4492 probat
3405 4438 3474 4475 ex
3502 4422 3652 4475 illius
3684 4438 3726 4474 at

2127 4519 2171 4576 ι)
2202 4522 2392 4569 ventus
2445 4514 2766 4584 dignissimo
2816 4522 3199 4579 monumento,
3242 4513 3487 4567 cordlum
3532 4529 3725 4569 coni-es

2198 4606 2354 4659 sione
2380 4616 2434 4660 et
2463 4606 2644 4659 stabili
2672 4622 2736 4661 ac
2760 4606 2917 4659 firma
2940 4606 3177 4675 justitia,
3206 4617 3367 4673 quam
3410 4603 3479 4657 ab
3520 4618 3591 4659 eo
3618 4605 3726 4657 Chr

2200 4696 2363 4748 stiani
2398 4696 2689 4764 accipiunt.
2718 4695 2996 4752 Observat
3043 4710 3150 4749 non
3184 4695 3496 4749 ministrum
3529 4694 3719 4763 alique

2197 4796 2291 4839 aut
2321 4786 2575 4855 angelum
2609 4804 2638 4841 a
2674 4787 2781 4842 Deo
2826 4788 3053 4842 missum
3085 4785 3275 4851 fuiSse,
3304 4788 3397 4840 sed
3431 4784 3615 4855 ipsum
3648 4801 3720 4855 op

2199 4874 2352 4928 licem
2402 4885 2456 4929 et
2502 4875 2817 4933 Creatorem
2860 4877 3123 4931 omnium.
3158 4895 3176 4927 ι
3208 4873 3325 4930 Non
3378 4876 3552 4942 vides,
3600 4876 3726 4945 inqu

2196 4979 2253 5019 ιι.
2286 4965 2338 5028 7,
2371 4981 2481 5034 quo
2511 4968 2695 5036 plures
2724 4967 3008 5037 suppliciis
3053 4966 3385 5032 afﬁciuntur,
3415 4974 3569 5020 tanto
3598 4968 3726 5035 maji

2195 5071 2310 5111 rem
2344 5058 2575 5112 aliorum
2602 5074 2725 5114 esse
2762 5060 3084 5113 numerum?
3111 5060 3235 5114 Hch
3269 5075 3373 5113 non
3409 5060 3673 5114 videntur
3707 5078 3726 5113 ελ

2197 5149 2510 5204 hominibus
2542 5149 2659 5204 fieri
2688 5166 2702 5202 :
2736 5151 2850 5204 hate
2899 5150 3166 5203 adventus
3191 5149 3310 5219 ejus
3351 5159 3479 5205 sunt
3520 5150 3726 5206 indicia

2193 5240 2331 5305 Quis
2358 5242 2504 5295 enim
2545 5256 2612 5294 ex
2642 5241 2952 5296 hominibus
2997 5244 3250 5296 omnibus
3274 5252 3434 5296 norat
3457 5243 3588 5310 quid
3626 5260 3725 5298 esst

2194 5335 2362 5399 Deus,
2391 5334 2708 5404 priusquam
2735 5336 2849 5404 ipse
2880 5334 3166 5388 venisset?
3199 5354 3217 5387 ι
3256 5335 3351 5389 Dei
3379 5334 3653 5390 voluntati
3684 5352 3726 5391 at

2192 5438 2405 5497 ceptum
2460 5427 2632 5481 refert
2682 5426 2948 5497 quidquid
3005 5426 3164 5481 nobis
3236 5426 3381 5481 inest
3448 5426 3725 5483 charitati:

2191 5520 2483 5587 Postquam
2527 5527 2732 5581 autem,
2772 5515 2969 5583 inquit,
3000 5529 3056 5568 ιι.
3088 5514 3177 5578 10,
3206 5514 3355 5568 illum
3397 5515 3726 5582 cognoveris

2191 5616 2390 5677 quanta
2417 5616 2469 5662 te
2495 5607 2774 5677 impletum
2802 5606 2866 5659 iri
2894 5605 3080 5659 laetitia
3113 5605 3432 5659 existimas?
3454 5604 3562 5656 Aut
3590 5618 3726 5672 quat

2194 5712 2303 5754 tum
2332 5699 2524 5768 diliges
2569 5714 2690 5751 eum
2746 5698 2835 5766 qui
2886 5696 3034 5765 prior
3082 5706 3134 5750 te
3181 5699 3254 5751 ita
3302 5695 3602 5750 dilexerit?
3626 5694 3726 5748 CUI

2190 5802 2369 5847 autem
2397 5790 2619 5861 diligere
2651 5790 2907 5857 cmporis,
2956 5790 3197 5844 imitator
3248 5788 3607 5861 benignitatis
3643 5786 3726 5857 ain
