3792 6544
85 406 131 462 6|

80 532 181 585 eris.
209 531 278 584 Ac
313 544 380 585 ne
423 528 643 584 mireris
682 540 840 597 posse
878 523 1155 581 hominem
1199 536 1321 577 esse
1347 515 1591 573 imitato-

82 640 167 679 rem
191 622 291 676 Dei.
323 622 506 675 Potest
536 637 600 676 eo
624 622 857 675 volente.
902 642 921 673 ι

132 716 385 775 Tatianns,
438 693 532 783 qui
580 714 815 767 nonduin
862 720 1142 780 acceptam
1187 726 1216 764 a
1270 708 1328 763 S.
1374 706 1587 761 Justino

80 809 333 863 doctrinam
360 808 688 877 projecerat,
729 821 850 862 cum
888 806 1114 875 scripsit
1154 804 1412 857 adversus
1452 816 1584 871 gen-

77 900 184 963 tiles,
212 901 270 953 de
298 902 494 956 auxilio
524 901 761 970 Spiritus
785 902 987 963 sancti,
1013 910 1175 967 quem
1204 910 1234 949 a
1260 897 1372 951 Deo
1405 895 1587 949 incar-

80 1008 179 1049 nato
197 992 493 1061 accipimus,
531 996 791 1049 nonnulla
825 998 1066 1060 disserit,
1113 1009 1232 1064 quae
1258 994 1585 1063 praetermit-

83 1086 201 1139 tenda
238 1086 328 1140 hoc
364 1085 479 1138 loco
522 1101 629 1138 non
664 1086 939 1142 videntur.
980 1105 999 1137 ι
1033 1087 1137 1141 Per
1165 1101 1224 1141 se
1262 1086 1467 1150 anima,
1502 1086 1582 1137 iu-

85 1177 169 1247 quit
202 1193 331 1231 num.
364 1176 448 1243 15,
481 1177 616 1230 nihil
652 1178 794 1233 aliud
840 1188 923 1233 est
972 1193 1136 1247 quam
1192 1179 1447 1243 tenebrae,
1483 1193 1580 1230 nec

81 1272 317 1339 quidquam
348 1271 399 1323 in
446 1285 509 1325 ea
549 1270 910 1325 luminosutu.
946 1271 1125 1339 Atque
1170 1271 1221 1324 id
1276 1270 1449 1340 ipsum
1495 1278 1581 1324 est

81 1363 187 1432 quod
228 1362 407 1415 dicitur
446 1379 462 1417 :
508 1360 762 1416 Tenebrae
801 1361 969 1415 lucem
1020 1379 1123 1415 non
1171 1364 1577 1429 comprehende-

85 1453 241 1505 runt“.
280 1451 451 1521 Neque
496 1453 651 1507 enim
686 1452 867 1507 anima
896 1455 1148 1523 spiritum
1182 1458 1443 1526 servavit,
1483 1461 1575 1513 sed

85 1546 200 1598 abeo
224 1554 415 1599 servata
441 1554 528 1598 est
555 1555 613 1598 et
656 1544 753 1599 lux
786 1548 1039 1602 tenebras
1067 1551 1450 1618 apprehendit.
1481 1551 1574 1606 Est

82 1650 214 1689 autem
250 1636 465 1691 Verbum
495 1637 686 1690 divina
731 1637 858 1702 lux;
888 1640 1125 1693 tenebrae
1160 1655 1291 1695 vero
1323 1644 1570 1712 imperita

82 1729 232 1779 anima.
260 1727 594 1796 Quapropter
638 1730 682 1782 si
718 1730 881 1799 degat
923 1731 1195 1795 solitaria,
1220 1734 1472 1787 deorsum
1505 1736 1571 1788 ad

1024 395 1091 452 Βδ
1127 392 1393 451 ΜΔΕΔΝΙ
1431 386 1822 446 ΡΒᾹΞΡΑΤΙΟ.
1860 422 1926 431 -—
1963 388 2140 445 PARS
2172 389 2238 448 ll.

3185 399 3259 458 62

1620 518 1666 574 Α
1694 526 1837 570 stum
1878 516 2225 578 cruciﬁxum.
2254 528 2619 587 agnoscentes
2661 536 2785 576 eum
2822 538 2945 580 esse
2974 524 3253 586 Christum

1689 608 1810 671 Dei,
1840 608 1998 676 eique
2030 610 2216 663 datum
2249 623 2374 665 esse
2404 626 2597 667 omnes
2623 616 2844 671 omnino
2877 615 3153 683 judicare,
3188 637 3253 675 ac

1692 719 1918 775 regnum
1957 703 2073 771 ejus
2101 720 2221 760 esse
2245 708 2675 775 serupiternttm;
2709 726 2776 763 an
2804 710 2839 764 ii
2870 727 3085 779 quoque
3116 714 3252 769 salvi

1687 812 1806 851 esse
1840 799 2102 866 possunt?
2140 817 2158 850 ι
2202 798 2322 853 Visa
2357 808 2443 853 est
2470 802 2705 867 quaestio
2740 801 2800 854 S.
2850 804 3079 873 martyri
3138 820 3249 858 nou

1687 892 1863 947 facilis
1912 894 1975 946 ad
2028 894 2388 947 solvendum:
2432 896 2856 950 examinandum
2905 913 3032 953 esse
3088 908 3250 967 putat

1686 994 1869 1037 utrum
1899 986 2013 1037 haec
2040 985 2174 1056 legis
2192 987 2503 1042 observatio
2526 989 2595 1041 ab
2619 990 2992 1044 imbecillitate
3015 990 3249 1059 quadam

1685 1078 1849 1131 animi
1878 1078 2280 1146 proﬁciscatur,
2310 1096 2377 1133 an
2423 1094 2451 1132 a
2483 1080 2646 1134 stulta
2680 1082 2934 1151 opinione
2972 1084 3127 1152 quasi
3161 1082 3247 1138 lex

1683 1173 1990 1225 necessaria
2039 1173 2112 1225 sit
2156 1172 2223 1224 ad
2270 1172 2522 1227 salutem.
2553 1173 2735 1240 Quare
2773 1174 3014 1230 breviter
3051 1176 3248 1244 repetit

1680 1263 1823 1330 quod
1878 1262 2124 1332 pluribus
2171 1274 2331 1319 antea
2379 1266 2751 1329 disseruerat,
2802 1267 2938 1337 legis
2989 1266 3241 1321 Mosaicae

1681 1363 1947 1423 praecepta
1976 1356 2047 1409 ob
2090 1355 2354 1410 duritiam
2399 1358 2581 1411 cordis
2627 1356 2940 1412 Iudaeorum
2987 1359 3241 1413 instituta

1678 1459 1822 1507 esse,
1854 1453 1914 1497 ut
1957 1444 2125 1499 variis
2164 1446 2315 1501 hisce
2338 1448 2499 1503 rebus
2535 1447 2803 1503 admoniti
2834 1449 2999 1503 Deum
3027 1466 3242 1517 semper

1675 1549 1802 1592 ante
1831 1538 2018 1593 oculos
2061 1540 2350 1605 haberent,
2401 1545 2495 1597 sed
2528 1558 2595 1598 ne
2646 1545 2726 1599 sic
2773 1546 2991 1614 quidem
3041 1545 3165 1600 illos
3209 1560 3242 1598 a

1674 1632 2089 1687 simulacrorum
2125 1635 2271 1689 cultu
2305 1646 2585 1692 revocatos
2616 1637 2821 1693 fuisse:
2867 1648 3057 1691 contra
3085 1636 3245 1692 Chri-

1674 1726 1883 1780 SIianos
1917 1742 1983 1781 ne
2014 1727 2079 1782 iis
2109 1730 2445 1794 sacriﬁcent,
2491 1730 2687 1799 quibus
2714 1730 2841 1784 olim
2884 1729 3237 1785 sacriﬁcave-

81 1821 298 1874 materiam
324 1821 510 1889 vergit,
541 1836 654 1875 una
685 1837 809 1875 cum
844 1838 1013 1877 carne
1044 1828 1303 1879 moriens.
1333 1826 1464 1879 Cum
1488 1826 1571 1877 di-
1602 1857 1643 1910 Β
1675 1828 1817 1879 rant.
1854 1830 2098 1874 extrema
2123 1821 2386 1889 supplicia
2410 1822 2677 1891 perferre,
2706 1832 2760 1876 et
2787 1838 3106 1891 persuasum
3141 1822 3238 1876 ha-

79 1914 168 1967 viuo
195 1924 347 1968 autem
398 1913 605 1982 Spiritu
661 1915 930 1984 c0pulata,
982 1932 1087 1970 non
1132 1929 1285 1972 caret
1326 1920 1563 1984 auxilio;

81 2009 145 2061 sed
184 2023 235 2060 eo
268 2008 497 2062 ascendit
548 2022 662 2077 quo
710 2009 1003 2065 deducitur
1046 2026 1075 2063 a
1118 2009 1348 2073 Spiritu.
1397 2010 1568 2078 llujus

80 2100 178 2152 enim
199 2101 329 2154 sedes
357 2101 407 2154 in
436 2104 696 2169 supernis
723 2119 738 2166 ;
766 2103 909 2158 illius
940 2108 1226 2173 generatio
1258 2106 1309 2159 itt
1341 2107 1567 2161 inferio-

81 2192 184 2244 ribus
209 2193 338 2246 locis.
372 2194 445 2246 Ac
471 2192 636 2249 initio
666 2195 890 2262 quidem
928 2194 1161 2264 spiritus
1195 2197 1393 2251 anima:
1424 2214 1562 2252 con-

80 2282 207 2333 victor
227 2292 344 2343 erat,
370 2284 459 2338 sed
489 2300 617 2338 eam
648 2288 798 2354 sequi
828 2287 1100 2342 nolentem
1131 2287 1392 2343 deseruit.
1427 2307 1444 2339 ι
1473 2289 1561 2349 Et,

81 2374 283 2427 η.15;‹
309 2376 377 2429 Ac
418 2377 539 2430 talis
584 2379 809 2447 quidem
859 2390 1068 2433 natura:
1119 2381 1331 2449 species
1358 2419 1371 2443 ,
1418 2382 1462 2434 si
1505 2396 1563 2436 se

78 2460 365 2534 iustartempli
400 2467 628 2532 habeat,
650 2468 1033 2525 libenterillud
1068 2470 1259 2528 incolit
1292 2475 1434 2529 Deus
1466 2492 1561 2544 per

82 2551 250 2620 legatum
280 2554 549 2622 Spiritum.
579 2557 645 2613 Si
677 2575 805 2615 vero
835 2563 944 2618 tale
974 2579 1083 2619 non
1110 2564 1277 2618 fuerit
1303 2566 1559 2619 taberna-

80 2645 219 2712 culum,
245 2660 437 2717 praestat
473 2652 644 2707 homo
680 2652 876 2709 belluis
907 2656 1021 2710 sola
1066 2672 1199 2713 voce
1226 2660 1553 2725 articulata;

84 2748 219 2791 cetera
236 2756 343 2796 vero
369 2742 605 2809 ejusdem
640 2757 727 2801 cst
749 2762 812 2801 ac
834 2747 939 2802 illae
973 2749 1184 2803 vivendi
1217 2752 1468 2815 rationis,
1498 2763 1557 2807 ut

87 2831 146 2897 qui
167 2848 242 2885 non
268 2836 326 2887 sit
355 2838 651 2893 similitudo
694 2840 810 2895 Dei.
838 2861 858 2895 ι
888 2844 975 2907 Ει,
1004 2860 1059 2897 n.
1091 2840 1160 2894 20
1187 2860 1200 2895 :
1226 2860 1244 2892 ι
1276 2841 1388 2894 Ahe
1408 2844 1553 2896 enim

88 2935 194 2977 erant
217 2928 376 2982 anima:
402 2929 639 2998 Spiritus
671 2943 916 2997 sanctus,
937 2954 1098 3006 quem
1117 2950 1241 2988 cum
1278 2936 1553 3003 peccando

86 3017 332 3083 projecisset,
370 3023 563 3078 volavit
621 3026 803 3081 instar
845 3028 975 3096 pulli
1016 3039 1070 3084 et
1112 3031 1262 3085 humi
1310 3030 1547 3095 decidit;

88 3107 227 3162 relesti
251 3124 405 3167 autem
453 3119 714 3173 convictu
764 3120 981 3189 delapsa
1041 3122 1359 3177 inferiorum
1390 3138 1549 3177 com-

1672 1913 1817 1972 bere,
1850 1928 1965 1981 qua:
2000 1914 2061 1965 ob
2104 1914 2358 1967 duritiam
2407 1916 2581 1969 cordis
2624 1915 2940 1970 Iudaeorum
2982 1917 3236 1971 instituta

1668 2019 1809 2068 sum,
1841 2024 1901 2060 ea
1944 2008 2071 2061 nihil
2118 2010 2185 2060 ad
2207 2008 2439 2076 justitiw
2476 2017 2526 2061 et
2552 2009 2767 2071 pietatis
2807 2010 3221 2063 observationem

1668 2096 1925 2165 conferre.

1737 2187 1872 2241 Ttnu
1892 2188 2110 2259 Trypho
2135 2206 2149 2241 :
2176 2208 2195 2241 ι
2227 2189 2283 2244 Si
2309 2191 2428 2258 quis
2452 2190 2565 2245 haec
2591 2193 2665 2245 ita
2696 2207 2754 2246 se
2782 2193 2987 2247 habere
3020 2190 3223 2251 sciens.

1666 2291 2025 2350 praeterquam
2076 2284 2218 2350 quod
2269 2282 2413 2337 hunc
2455 2282 2733 2337 Christum
2778 2299 2899 2338 esse
2955 2291 3216 2353 agnoscat

1664 2376 1823 2445 eique
1872 2375 2127 2428 videlicet
2184 2375 2372 2429 credat
2430 2382 2484 2430 et
2535 2376 2790 2440 obediat,
2840 2378 2957 2431 hac
3013 2391 3231 2446 quoque

1663 2469 1912 2522 instituta
1947 2482 2169 2522 servare
2210 2468 2475 2533 voluerit;
2506 2478 2683 2521 utrum
2713 2470 2757 2523 is
2801 2470 3148 2524 salvabitur?
3182 2488 3204 2521 ι

1734 2560 1820 2615 Sic
1872 2560 2163 2628 respondet
2204 2558 2455 2615 Justinus
2493 2577 2507 2614 :
2542 2578 2561 2612 ι
2607 2560 2676 2616 Ut
2717 2562 2849 2615 mihi
2881 2562 3101 2629 quidem
3145 2562 3227 2617 vl-

1659 2654 1837 2717 detur,
1868 2670 1901 2709 o
1930 2654 2173 2725 Trypho,
2216 2654 2485 2723 ejusmodi
2526 2655 2804 2709 hominem
2851 2656 3058 2709 salvum
3105 2655 3226 2711 dico

1658 2748 1933 2813 futurum;
1965 2749 2010 2801 si
2050 2749 2208 2803 modo
2236 2749 2453 2803 czeteris
2480 2748 2811 2810 hominibus,
2847 2751 2896 2805 id
2927 2760 3013 2805 est
3042 2751 3107 2805 iis
3133 2750 3223 2820 qui

1656 2853 1725 2891 ex
1764 2838 2017 2909 gentibus
2078 2855 2175 2908 per
2226 2839 2504 2895 Christum
2552 2842 2618 2895 ab
2662 2856 2851 2896 errore
2911 2842 3221 2897 circumcisi

1657 2938 1805 2993 sunt,
1850 2931 2074 2985 omnino
2111 2934 2444 3001 persuadere
2488 2949 2597 2987 non
2639 2945 2890 2998 conetur,
2938 2943 2997 2988 ut
3030 2935 3218 2989 eadem

1656 3037 1719 3077 ac
1747 3022 1862 3090 ipse
1884 3023 2199 3079 observent.
2233 3024 2402 3089 Quale
2430 3035 2511 3079 est
2548 3028 2693 3095 quod
2729 3038 2784 3081 et
2805 3028 2960 3080 initio
2985 3027 3199 3095 disputa

1656 3116 1819 3169 tionis
1849 3116 2115 3176 faciebas,
2165 3132 2288 3171 cum
2323 3120 2708 3186 pronuntiarcs
2735 3120 2947 3175 Salvum
2984 3134 3068 3175 me
3112 3136 3218 3175 non

89 3203 267 3256 mercium
286 3209 644 3275 appetivit.....
674 3210 863 3268 Potest
885 3223 1067 3269 autem
1094 3216 1340 3285 quisquis
1372 3219 1550 3275 nudus

1657 3204 1922 3272 futurum,
1952 3209 2054 3263 nisi
2084 3211 2199 3264 haec
2225 3211 2596 3266 observarem.
2633 3231 2652 3265 ι

90 3296 238 3351 esthoc
273 3313 633 3359 ornamentum
676 3310 935 3376 consequi
969 3319 1024 3362 et
1071 3311 1138 3363 ad
1185 3319 1425 3364 veterem
1457 3326 1548 3366 co-
1586 3372 1593 3377 .

91 3388 303 3451 gnatioaetu
323 3393 505 3449 redire.
527 3416 549 3449 ι
1554 3442 1561 3478 δ

559 3509 794 3567 CAPUT
827 3511 962 3571 Vill.

93 3600 321 3671 Exprnditar
348 3613 403 3667 S.
428 3615 629 3670 Justini
658 3621 847 3686 agendi
878 3622 1015 3674 ratio
1061 3637 1178 3674 cum
1209 3621 1529 3676 Christianis

364 3687 526 3739 adhuc
559 3688 727 3759 legem
756 3692 1168 3746 observantibus.

94 3777 117 3823 1»
131 3781 494 3851 Εςιῃφιιηῇςειωω
514 3792 593 3839 his
614 3791 900 3841 hominibus
923 3793 1165 3851 Justinus,
1179 3795 1269 3843 sed
1287 3797 1541 3845 cautiones

132 3843 775 3919 adhibek.ll;'llanc_len_itatem
803 3854 958 3919 ipsum
981 3858 1131 3904 etiam
1156 3843 1349 3918 tempus
1371 3843 1541 3919 posto;

130 3904 226 3952 labat.
245 3907 310 3958 ΙΙΙ.
332 3911 423 3961 Non
440 3916 570 3963 solus
591 3916 661 3964 ita
690 3904 847 3966 sensit
870 3918 1110 3966 Justinus.

136 4008 160 4060 Ι.
180 4012 250 4078 Qui
279 4014 520 4075 Justinum
553 4038 684 4077 cum
729 4023 999 4077 Ebiouitis
1029 4023 1230 4078 Christi
1283 4025 1538 4080 divinita-

96 4112 159 4155 ινιίι
178 4114 425 4168 negantibus
452 4131 637 4184 pacem
692 4128 746 4171 et
777 4118 1213 4171 communionem
1247 4119 1449 4175 fovisse
1482 4129 1536 4174 et

97 4194 287 4255 intendant
320 4207 652 4263 existimasse
686 4211 896 4273 volunt,
931 4211 1013 4263 his
1051 4212 1185 4265 satis
1211 4227 1532 4279 responsum

97 4296 145 4337 est
163 4288 196 4339 in
212 4294 628 4354 observationibus
655 4302 720 4353 ad
755 4320 813 4354 u.
850 4301 918 4355 48
949 4300 1188 4374 Dialoqi,
1230 4304 1315 4359 vel
1350 4305 1531 4373 potius

96 4382 179 4432 satis
194 4396 259 4437 eos
296 4388 467 4444 refellit
496 4392 669 4462 ipsius
704 4395 833 4458 loci,
865 4411 971 4465 quo
1017 4397 1405 4461 abutebantur,
1440 4413 1532 4452 ac—

1721 3299 1954 3355 Rursum
2006 3302 2088 3357 sic
2138 3303 2443 3375 interrogat
2480 3305 2701 3375 Trypho
2745 3320 2760 3359 ε
2813 3324 2832 3359 ε
2874 3306 2985 3362 Cur
3043 3307 3212 3378 igitur

1648 3393 1831 3448 dixisti
1865 3412 1879 3449 :
1911 3393 1982 3448 Ut
2030 3395 2158 3449 mihi
2198 3397 2407 3466 quidem
2444 3398 2669 3463 videtur,
2745 3399 2921 3453 salvus
2955 3400 3074 3467 erit,
3108 3400 3214 3453 nisi

1646 3482 1773 3550 quia
1805 3488 1952 3546 sunt,
1984 3483 2075 3553 qui
2128 3484 2264 3539 tales
2302 3496 2504 3555 negent
2540 3487 2718 3541 salvos
2757 3486 2971 3542 futuros
3000 3488 3024 3541 ἱ)
3055 3506 3073 3538 ο
3108 3487 3215 3541 Rc-

1647 3574 1879 3643 spondet
1912 3573 2165 3630 Justinus
2195 3591 2210 3628 :
2247 3594 2265 3627 ι
2299 3578 2459 3641 Sunt,
2492 3577 2736 3647 inquam,
2763 3592 2796 3632 o
2821 3578 3062 3648 Trypho,
3092 3578 3214 3648 qui-

1644 3683 1749 3737 que
1788 3683 1910 3722 cum
1943 3669 2023 3723 eis
2066 3683 2168 3724 nec
2211 3668 2503 3735 sermonis,
2544 3685 2647 3725 nec
2695 3669 2915 3736 hospitii
2964 3684 3213 3723 commu-

1644 3763 1807 3816 nione
1832 3759 2085 3831 conjungi
2115 3761 2351 3816 audeant
2378 3779 2391 3828 ;
2421 3760 2621 3831 quibus
2648 3774 2751 3831 ego
2777 3775 2882 3815 non
2902 3758 3175 3814 assentior
3195 3803 3208 3814 .

1640 3854 1733 3908 sed
1790 3854 1835 3906 si
1883 3854 1963 3907 ob.
2002 3853 2171 3907 animi
2221 3853 2603 3907 inﬁrmitatem
2656 3852 2823 3907 etiam
2873 3866 3212 3920 quaecunque

1640 3964 1782 4002 nunc
1813 3956 2039 4018 possunt
2066 3962 2135 4001 ex
2167 3947 2254 4010 iis,
2280 3962 2401 4016 qua:
2441 3962 2470 4000 a
2496 3945 2643 4001 Mose
2695 3957 2919 4016 propter
2950 3945 3208 4001 duritiam

1638 4039 1821 4093 cordis
1850 4038 2032 4108 p0puli
2078 4037 2331 4092 instituta
2374 4038 2645 4103 novimus,
2689 4054 2812 4091 cum
2847 4052 2943 4107 spe
2978 4038 3030 4090 in
3065 4038 3210 4089 hunc

1636 4129 1913 4185 Christum
1942 4139 1996 4184 et
2045 4140 2378 4184 aeternorum
2408 4143 2472 4183 ac
2508 4129 2839 4183 naturalium
2868 4128 3100 4198 justitia:
3150 4138 3205 4182 et

1636 4219 1858 4288 pietatis
1887 4230 2286 4290 praeceptorum
2330 4219 2715 4276 observatione
2745 4219 3082 4291 conjungere
3106 4235 3203 4274 vo-

1634 4311 1878 4376 luerint;
1912 4312 2073 4368 modo
2110 4328 2231 4366 cum
2276 4311 2608 4367 Christianis
2632 4321 2687 4367 et
2740 4313 2987 4367 ﬁdelibus
3022 4311 3204 4365 vivere

1634 4420 1739 4458 non
1772 4415 2047 4469 recusent,
2076 4419 2180 4459 nec
2207 4406 2293 4468 iis,
2326 4414 2385 4459 ut
2412 4406 2528 4473 jam
2556 4406 2689 4469 dixi,
2724 4406 3014 4469 suadeant,
3044 4415 3103 4459 ut
3129 4406 3205 4459 si-

98 4475 251 4528 mralim'
268 4496 400 4547 quam
427 4484 474 4537 in
507 4487 880 4554 superioribus
906 4488 1235 4543 editionibus
1264 4488 1530 4556 interpre-
1559 4522 1604 4577 ι)
1636 4497 1837 4552 utiliter
1867 4513 1931 4551 ac
1960 4498 2060 4567 ipsi
2092 4499 2576 4561 circumciduntur,
2608 4509 2700 4551 aut
2742 4498 2979 4554 Sabbata
3014 4508 3069 4553 et
3096 4499 3200 4553 alia

100 4566 192 4655 nuo.
217 4568 331 4633 Quod
358 4586 525 4630 autem
571 4589 785 4648 spectat
818 4582 883 4655 ad
919 4596 1034 4643 eos.
1061 4581 1152 4650 qui
1182 4594 1211 4634 e
1237 4581 1527 4635 circumci-

98 4651 189 4708 sione
204 4662 248 4711 ad
270 4661 512 4722 Christum
531 4671 801 4734 conversi,
834 4674 1091 4727 nonnulla
1113 4673 1334 4729 Judaica
1372 4674 1530 4727 insti-

101 4751 269 4802 multum
301 4769 524 4813 accurata
560 4761 612 4815 in
648 4764 923 4817 Christum
964 4765 1248 4818 Dominum
1284 4764 1528 4834 ﬁdejun-

100 4834 244 4929 relatu;
266 4845 343 4900 bos
362 4860 554 4905 constat
573 4869 600 4907 δ
621 4852 679 4907 S.
701 4863 939 4924 martyre
956 4854 1186 4923 rejectos
1209 4872 1314 4910 non
1334 4858 1523 4911 fuisse.

100 4922 167 4979 Non
188 4944 315 4991 tamen
337 4943 717 5011 vituperabitur
750 4962 1007 5002 concessa
1040 4950 1271 5003 inﬁrmis
1292 4950 1527 5005 Immitti-

102 5020 158 5072 itus
175 5029 349 5113 ψιὶωί
371 5038 765 5095 consideremus
781 5057 903 5095 cum
935 5041 1298 5111 Tillcmontio,
1329 5044 1525 5113 quibus

102 5111 372 5203 thInJustinus
405 5129 803 5186 conditionibus
858 5134 1177 5203 restringat,
1213 5149 1441 5203 quasque
1469 5135 1521 5188 in

106 5197 251 5303 Milesia
279 5214 331 5269 de
358 5218 597 5284 ejusmodi
649 5226 954 5303 hominibus
994 5197 1202 5297 judicia
1230 5197 1331 5282 aut
1352 5197 1520 5298 paulo

106 5296 403 5429 :lelustinum
432 5313 560 5369 facta
609 5299 857 5384 fuissent,
900 5296 1007 5375 aut,
1045 5328 1172 5376 tunc
1222 5322 1386 5377 etiam
1422 5323 1521 5376 tie-

140 5394 182 5429 nL

140 5394 182 5437 ηι.

144 5471 334 5580 iustitium
361 5494 429 5547 sic
459 5498 748 5570 interrogat
777 5503 1019 5578 Trypho,
1046 5523 1102 5560 n.
1131 5507 1200 5562 46
1230 5526 1245 5562 :
1280 5526 1299 5559 ι
1338 5507 1394 5564 Si
1425 5509 1518 5580 qui

112 5570 398 5673 inquit,
416 5587 699 5646 etiamnum
730 5595 800 5649 ita
827 5597 1009 5652 vivere
1030 5600 1216 5664 velint,
1245 5612 1304 5653 ut
1328 5602 1526 5673 Moysis

115 5662 261 5715 militum
290 5682 493 5742 servent,
518 5692 569 5736 et
603 5686 820 5741 credant
866 5690 915 5743 in
958 5691 1099 5747 hunc
1144 5690 1324 5747 Jesum
1362 5662 1518 5749 Chri‘

154 5810 179 5839 “
201 5812 291 5875 Juan
336 5829 380 5895 1,
400 5833 446 5887 5.

1631 4588 1894 4655 ejusmodi
1926 4588 2255 4653 custodiant,
2281 4605 2374 4644 eos
2399 4590 2776 4659 suscipiendos
2808 4605 2951 4654 esse,
2981 4600 3035 4645 et
3073 4606 3195 4645 cum

1631 4678 1699 4732 iis
1728 4679 1967 4732 omnium
2000 4694 2182 4733 rerum
2217 4683 2680 4747 communionem,
2721 4696 2778 4735 ut
2812 4698 2932 4737 cum
2966 4684 3199 4738 homini-

1630 4770 1731 4825 bus
1756 4771 1943 4826 eodem
1971 4773 2130 4827 modo
2160 4771 2371 4827 affectis
2395 4784 2451 4827 et
2478 4774 2741 4829 fratribus
2764 4776 3050 4830 tenendam
3077 4792 3200 4831 esse

1629 4877 1851 4919 censeo.
1887 4883 1905 4915 ι
1947 4865 2001 4919 Si
2036 4882 2171 4935 quos
2214 4875 2392 4921 tamen
2435 4882 2501 4921 ex
2555 4867 2887 4923 Christianis
2926 4867 3094 4923 Judaei
3132 4870 3197 4923 ad

1628 4954 1802 5024 legem
1835 4955 1954 5010 ﬁdei
1979 4958 2278 5012 addendam
2314 4959 2664 5023 adduxerint,
2704 4975 2913 5023 eorum,
2956 4962 3047 5030 qui
3080 4961 3199 5015 fuc-

1628 5047 1741 5101 rint
1770 5048 2003 5116 decepti,
2062 5049 2294 5102 salutem
2360 5066 2465 5104 non
2509 5051 2728 5105 omnino
2767 5052 3195 5121 deSperat.«Qui

1625 5156 1756 5197 vero
1779 5143 1846 5196 ab
1863 5143 1942 5197 eis
1975 5143 2039 5195 ad
2071 5143 2203 5212 legis
2232 5143 2664 5199 observationem
2698 5162 2821 5201 cum
2848 5146 3195 5202 confessione

1626 5235 1681 5288 in
1710 5234 1985 5289 Christum
2014 5235 2108 5288 Dei
2136 5236 2565 5303 conjungeudam
2593 5238 2812 5291 adducti
2843 5237 3062 5300 fuerint,
3095 5253 3192 5291 eos

1624 5323 1859 5380 forsitan
1887 5326 2047 5379 etiam
2075 5326 2304 5382 salutent
2332 5328 2627 5397 adepturus
2651 5331 2917 5398 suspicor.
2955 5349 2973 5382 ι
2996 5329 3192 5396 Liquet

1624 5431 1653 5470 a
1690 5415 1906 5473 Justino
1948 5419 2034 5485 iis,
2078 5435 2215 5489 quos
2256 5431 2315 5473 ut
2364 5420 2565 5476 fratres
2613 5422 2914 5492 diligentlos
2959 5430 3011 5475 et
3040 5420 3186 5475 omni

1622 5508 1902 5565 charitatis
1920 5527 1978 5567 ac
1998 5512 2391 5568 communionis
2407 5513 2798 5582 signiﬁcatione
2814 5513 3189 5568 devinciendos

1620 5603 1947 5672 putat,duas
1981 5614 2157 5658 tamen
2178 5606 2375 5674 imponi
2407 5607 2767 5661 conditiones.
2798 5603 2974 5658 Prima
3016 5614 3099 5659 est
3130 5615 3187 5659 ιιι

1622 5710 1688 5750 ne
1718 5695 1885 5767 legem
1904 5698 1966 5752 ad
1986 5698 2209 5755 salutent
2233 5700 2593 5755 necessariam
2609 5698 2941 5755 existiment.
2968 5699 3065 5754 Dat
3082 5685 3204 5755 illis
