3796 6494
612 345 683 405 63
1534 350 1593 409 S.
1632 350 1964 409 JUSTINUS
1992 344 2472 407 PHILOSOPHUS
2509 346 2597 403 ET
2626 346 2936 404 MARTTR.

612 466 849 531 veniam,
881 466 927 522 si
953 468 1015 522 ob
1039 469 1203 525 animi
1230 468 1640 525 imbecillitatem
1666 471 1842 540 legem
1868 469 2180 531 observent;
2211 468 2258 525 Α
2285 467 2448 520 etiam
2502 464 2914 537 Scripturarum
2954 464 3285 522 auctoritate
3319 465 3715 536 declinandos;

612 572 771 614 secus
794 576 945 626 vero,
970 562 1015 618 si
1046 578 1196 633 spem
1226 579 1381 619 suam
1412 565 1466 619 in
1485 565 1742 621 Mosaicis
1769 564 2051 628 institutis,
2072 579 2177 618 non

612 648 668 702 lu
695 648 899 704 Christi
930 654 1198 724 sanguine
1234 656 1592 711 constituant.
1639 656 1759 726 ipse
1789 657 2013 728 Trypho
2038 657 2180 712 hanc

611 741 981 799 conditionem
1007 756 1327 816 acceperat;
1354 764 1478 803 nam
1511 765 1633 803 cum
1662 751 1887 805 dixisset
1907 749 2174 815 Justinus,

606 847 728 901 qua
756 833 826 886 ad
853 836 1109 891 duritiam
1134 840 1308 893 cordis
1329 841 1569 893 instituta
1594 851 1738 901 sunt.
1770 841 1905 894 nihil
1926 843 1993 895 ad
2014 842 2178 912 justi-

610 924 702 977 tiaz
736 934 783 978 et
812 928 1023 993 pietatis
1068 931 1473 984 observatione»:
1504 932 1780 1000 conferre;
1823 935 1904 987 sic
1935 949 2056 987 eum
2081 950 2178 989 ex-

608 1014 743 1084 cipit
773 1016 991 1088 Trypho
1023 1038 1038 1076 :
1072 1022 1213 1087 Quid
1245 1025 1291 1075 si
1327 1026 1468 1093 quis,
1493 1042 1610 1078 cum
1643 1027 1755 1078 lucc
1783 1028 1857 1080 ita
1887 1044 1942 1079 se
1986 1029 2178 1084 habere

606 1109 765 1175 sciat,
790 1119 898 1165 etc.
923 1111 1109 1167 Altera
1139 1115 1381 1169 conditio
1409 1125 1493 1170 est
1521 1128 1578 1170 ut
1601 1116 1771 1172 Judai
1799 1118 1867 1173 ad
1897 1118 2174 1175 Christum

607 1206 859 1256 conversi
891 1206 1143 1273 aquabili
1187 1206 1313 1273 jure
1341 1222 1463 1263 cum
1500 1209 1831 1265 Christianis
1876 1212 2176 1267 incircum-

605 1292 735 1346 cisis
758 1294 964 1359 vivant,
993 1310 1093 1350 nec
1115 1312 1441 1367 quemquam
1475 1300 1541 1353 ad
1568 1300 1706 1369 legis
1729 1303 2173 1357 observationem

605 1382 980 1439 adhortentur.
1011 1387 1374 1454 Quamobrem
1410 1406 1514 1444 non
1544 1400 1748 1447 temere
1784 1394 1836 1447 in
1864 1393 2004 1449 hanc
2046 1410 2174 1451 sen-

606 1474 830 1527 tentiam
874 1477 1139 1532 adductus
1169 1488 1253 1533 est
1274 1478 1545 1543 Justinus.
1576 1483 1668 1537 sed
1712 1483 1845 1537 inita
1872 1485 2175 1541 subducta-

604 1579 713 1632 que
759 1566 991 1633 ratione,
1035 1585 1133 1625 nec
1175 1571 1293 1627 sine
1329 1573 1637 1642 provisione
1679 1576 2174 1646 incommodorum,

604 1671 725 1724 qua
756 1672 819 1712 ex
848 1675 912 1715 ea
946 1665 1207 1732 consequi
1238 1676 1519 1734 poterant.

676 1749 738 1804 ΙΙ.
765 1751 891 1816 Sed,
915 1756 1056 1822 quod
1081 1754 1356 1812 Justinum
1387 1761 1625 1817 maxime
1654 1772 1883 1831 tutatur,
1911 1776 2021 1820 tum
2049 1782 2170 1823 cum

610 1840 725 1896 hac
771 1845 1082 1908 dissereret,
1122 1847 1342 1903 vixdum
1390 1851 1585 1921 viginti
1634 1855 1784 1918 anni,
1820 1865 1879 1908 ut
1915 1857 2173 1912 observat

602 1931 997 2003 Tillemontius,
1021 1937 1362 2006 elliuxerant,
1394 1958 1459 1996 ex
1478 1958 1586 2014 quo
1612 1945 1694 2000 lex
1724 1946 1959 2002 Mosaica
1988 1949 2040 2002 in
2072 1949 2173 2004 Ec-

600 2024 764 2079 clesia
801 2026 1291 2100 Hierosolyniitana
1322 2034 1494 2089 desita
1530 2047 1651 2090 erat
1676 2040 1981 2095 observari.
2006 2040 2169 2097 Certa

599 2123 654 2169 et
684 2118 965 2186 explorata
998 2136 1082 2177 res
1124 2133 1208 2177 est
1250 2139 1318 2179 ex
1352 2124 1572 2181 Eusebii
1619 2136 1674 2182 et
1714 2128 1941 2200 Sulpicii
1978 2131 2165 2189 Severi

601 2209 949 2265 testimoniis.
1009 2213 1273 2271 Eusebius
1330 2220 1408 2273 sic
1457 2217 1698 2290 loquitur
1725 2221 1892 2288 Hist.,
1939 2223 2039 2279 lib.
2090 2241 2167 2292 iv,

600 2314 631 2352 c
675 2299 749 2354 5:
792 2319 811 2354 ι
845 2302 979 2359 illud
1004 2314 1210 2362 tantum
1236 2323 1304 2365 ex
1332 2320 1579 2367 veterum
1607 2315 1940 2384 scriptorum
1978 2332 2171 2373 monu-

596 2392 796 2448 mentis
822 2394 1007 2462 didici,
1049 2399 1116 2453 ad
1147 2399 1294 2455 illam
1325 2416 1499 2472 usque
1542 2403 1919 2461 obsessionem
1957 2406 2170 2463 ludam

596 2498 738 2549 rum,
772 2499 895 2555 qua
924 2488 1231 2557 imperante
1277 2493 1523 2551 Adriano
1568 2496 1820 2567 contigit,
1850 2500 2165 2569 quindecim

595 2575 885 2646 episcopos
921 2580 1178 2636 continua
1225 2585 1571 2642 successione
1607 2587 1682 2642 illi
1720 2589 1987 2647 Ecclesia
2026 2608 2167 2663 pra-

594 2666 783 2736 fuisse,
825 2686 962 2740 quos
990 2690 1182 2731 omnes
1212 2678 1424 2748 origine
1466 2679 1725 2736 Hebraos
1753 2680 1924 2738 fuisse
1956 2700 2167 2740 memo-

594 2767 737 2822 rant,
761 2768 817 2815 et
849 2760 1008 2817 fidem
1041 2765 1243 2821 Christi
1286 2768 1502 2825 sincere
1532 2780 1696 2840 atque
1722 2787 1787 2827 ex
1818 2775 2004 2829 animo
2041 2791 2167 2830 sus-

592 2848 829 2917 cepisse.
862 2852 1015 2907 Adeo
1043 2864 1100 2909 ut
1141 2856 1211 2910 ab
1256 2858 1382 2919 illis,
1423 2861 1514 2929 qui
1557 2860 1625 2916 de
1658 2862 1968 2933 bujusmodi
1998 2865 2164 2921 rebus

587 2937 851 3007 judicium
880 2941 1029 2999 ferre
1086 2958 1361 3016 paterant,
1393 2953 1685 3024 episcopali
1734 2955 1912 3012 oflicio
1942 2957 2158 3026 dignis-

591 3029 715 3083 simi
762 3045 1143 3091 censerentur.
1176 3037 1385 3110 Quippe
1436 3051 1566 3099 tunc
1603 3048 1865 3118 temporis
1907 3051 2161 3108 universa

588 3115 1085 3193 Hierosolymorum
1103 3128 1343 3187 Ecclesia
1379 3134 1612 3192 conflata
1659 3115 1778 3194 erat
1803 3155 1868 3196 ex
1913 3141 2161 3201 Hebrais

594 3208 869 3280 ﬁdelibus,
899 3217 991 3285 qui
1022 3217 1134 3286 jam
1185 3222 1310 3279 inde
1346 3226 1416 3281 ab
1468 3231 1843 3299 apostolorum
1882 3245 2045 3293 atate
2093 3240 2162 3295 ad

591 3300 740 3358 illam
790 3322 960 3375 usque
989 3312 1326 3370 obsidionem
1367 3335 1802 3392 permanserant,
1847 3342 1957 3397 quo
1988 3329 2159 3387 Judai

588 3391 786 3449 iterum
817 3414 843 3451 a
872 3399 1135 3459 Romanis
1179 3407 1515 3478 deficientes,
1556 3418 1812 3474 maximis
1837 3420 2036 3489 praliis
2062 3424 2161 3479 do-

590 3485 711 3578 ιιιὶιί
742 3499 905 3557 atque
929 3499 1221 3565 expugnati
1253 3511 1401 3558 sunt.
1443 3523 1463 3557 ι
1504 3505 1779 3578 Sulpicius
1816 3485 2054 3570 Severus
2093 3517 2161 3572 de

587 3574 694 3631 hac
722 3578 949 3649 loquens
971 3597 1217 3645 extrema
1243 3592 1549 3663 obsidione,
1581 3574 1694 3655 hac
1717 3604 1869 3658 addit
1901 3623 1915 3658 :
1950 3623 1971 3658 ι
2003 3606 2157 3673 Quod

585 3669 805 3736 quidem
834 3674 1159 3736 Christiana
1190 3682 1312 3739 fidei
1347 3688 1703 3758 proficiebat;
1727 3695 1853 3765 quia
1886 3669 2161 3770 tumpene

585 3774 774 3818 omnes
802 3765 1078 3825 Christum
1110 3773 1276 3829 Deum
1316 3779 1418 3833 sub
1451 3780 1587 3852 legis
1614 3765 2157 3848 observationecre-

585 3851 803 3911 debent.
834 3859 1100 3920 Nimirum
1138 3868 1194 3922 id
1227 3870 1456 3927 Domino
1494 3851 1785 3933 ordinante
1809 3881 2157 3952 dispositum,

582 3955 643 4040 ut
667 3946 801 4018 legis
828 3957 1058 4013 servitus
1094 3973 1123 4013 a
1160 3961 1409 4020 libertate
1431 3966 1552 4023 fidei
1575 3980 1735 4040 atque
1766 3946 2021 4031 Ecclesia
2058 3946 2159 4032 to];

582 4036 806 4142 leretur.
855 4044 932 4101 lta
975 4058 1085 4105 tum
1114 4055 1351 4123 primum
1381 4058 1595 4117 Marcus
1632 4036 1696 4118 ex
1737 4068 1992 4134 gentibus
2015 4073 2155 4142 apud

580 4125 1010 4206 Hierosolymam
1046 4142 1333 4211 episc0pus
1373 4148 1492 4204 fuit.
1527 4170 1546 4204 ι

651 4221 735 4276 lll.
763 4223 879 4281 Non
925 4231 1071 4286 solus
1112 4233 1165 4288 in
1198 4235 1478 4295 lenitatem
1531 4243 1833 4302 inclinabat
1863 4248 2149 4321 Justinus;

577 4327 781 4381 paucos
828 4320 930 4375 sibi
983 4325 1260 4383 adversari
1318 4331 1543 4390 indicat.
1580 4355 1599 4389 ι
1639 4337 1798 4405 Sunt,
1831 4342 2074 4412 inquam,
2121 4361 2154 4401 ο

579 4405 821 4502 Trypho,
852 4415 1051 4485 quique
1090 4435 1213 4474 cum
1244 4423 1438 4481 talibus
1474 4444 1573 4483 nec
1601 4431 1858 4502 colloquii
1902 4405 2003 4490 nec
2049 4405 2151 4491 ho-

2278 558 2515 629 jusmodi
2543 560 2816 614 hominem
2847 559 2890 613 si
2916 572 3211 629 perurgeas
3239 560 3306 613 ad
3332 576 3651 618 communes
3677 566 3718 618 h.

2285 667 2411 706 num
2439 651 2613 715 cibos,
2643 667 2743 707 nec
2778 651 2925 707 dicas
2950 666 3072 705 eum
3098 649 3260 706 aliter
3312 668 3471 722 posse
3499 658 3718 724 salvari,

2280 745 2346 797 ad
2373 744 2535 799 fidem
2562 744 2765 800 Christi
2793 755 2847 799 et
2877 747 3107 815 gratiam
3140 749 3445 816 pervenire,
3480 749 3582 805 nisi
3614 766 3717 805 sun

2278 835 2364 891 his
2396 851 2532 905 quos
2565 836 2762 907 refugit
2790 838 2951 906 cibis,
2993 847 3128 895 tunc
3182 856 3311 896 vere
3341 843 3538 897 bonum
3574 846 3709 914 spiri

2277 928 2564 982 sententia
2613 928 3045 999 blasphematur.
3094 948 3115 983 ι
3166 930 3312 987 Idem
3366 934 3631 1005 Origenes
3682 939 3718 992 ii

2278 1016 2400 1071 libri
2439 1032 2474 1071 ιι
2511 1027 2694 1073 contra
2749 1018 2960 1075 Celsum
3014 1022 3117 1076 tria
3182 1023 3466 1092 distinguit
3524 1024 3714 1082 Judao

2277 1105 2646 1162 Christianam
2674 1108 2833 1164 fidem
2863 1110 3232 1181 profitentium
3259 1128 3479 1183 genera.
3510 1116 3617 1171 Alii
3653 1136 3717 1188 pr

2278 1211 2377 1252 nos
2407 1197 2543 1253 ritus
2592 1199 2952 1269 reliquerant,
2981 1218 3104 1258 cum
3135 1219 3231 1258 eos
3266 1207 3629 1275 spiritualiter
3681 1210 3717 1261 ir

2278 1288 2369 1360 ligi
2416 1292 2615 1348 debere
2656 1294 3073 1361 existimarent;
3112 1296 3202 1351 alii
3246 1299 3517 1366 spirituali
3562 1317 3718 1357 sensu

2279 1384 2742 1450 terpretabantur,
2781 1400 2880 1440 nec
2920 1395 3103 1441 tamen
3149 1388 3440 1444 observare
3479 1391 3718 1446 desineb:

2278 1471 2367 1526 alii
2405 1473 2637 1544 denique
2665 1474 2887 1531 litterali
2929 1478 3113 1534 sensui
3144 1479 3286 1534 affixi
3317 1482 3704 1539 observabant.

2277 1582 2398 1622 cum
2428 1570 2698 1638 spirituali
2731 1572 3097 1641 explicatione
3134 1575 3536 1646 conjungebant
3564 1578 3718 1647 ipsan

2279 1668 2424 1715 tuum
2456 1663 2913 1730 observationem,
2945 1679 3050 1720 non
3099 1665 3192 1721 alii
3222 1668 3477 1723 videntur
3502 1685 3649 1735 esse,
3676 1688 3718 1740 ιιι

2280 1754 2338 1815 ii,
2379 1756 2470 1824 qui
2505 1756 2677 1825 legem
2712 1757 2777 1810 ad
2810 1757 3039 1814 salutem
3072 1762 3443 1817 necessariam
3469 1779 3576 1817 non
3611 1781 3718 1821 esse

2278 1845 2548 1912 tehantur,
2567 1862 2629 1901 ac
2653 1853 2822 1903 solam
2839 1866 2988 1918 spem
3012 1853 3064 1906 in
3085 1853 3308 1909 Christo
3332 1857 3658 1925 ponendam,
3687 1874 3713 1912 c

2273 1935 2612 1992 divinitatem
2639 1956 2766 1995 cum
2794 1940 2915 1997 aliis
2942 1944 3198 2001 omnibus
3216 1946 3472 2004 Ecclesia
3495 1949 3710 2021 dogma:

2271 2025 2584 2082 credebant.

2343 2117 2444 2184 Qui
2472 2118 2909 2189 Recogniliossum
2929 2126 3099 2185 libros
3126 2140 3180 2185 et
3210 2129 3564 2189 Clementinas
3593 2136 3718 2189 hami

2271 2207 2329 2263 S.
2361 2209 2632 2268 Clementi
2656 2219 2964 2288 supposuit,
2993 2222 3230 2291 scriptor
3253 2222 3470 2281 Iustino
3498 2230 3718 2298 aqualis

2269 2316 2491 2372 suppar,
2514 2306 2727 2363 videtur
2746 2325 2811 2367 ex
2829 2311 2930 2367 hoc
2952 2311 3356 2382 Nazaraorum,
3378 2316 3493 2372 sive
3505 2318 3718 2375 Christi:

2269 2409 2389 2448 rum
2414 2394 2585 2467 legem
2616 2398 3022 2459 observantium
3061 2421 3291 2463 numero
3322 2407 3511 2465 fuisse.
3545 2410 3678 2465 Nam
3706 2429 3718 2466 t

2269 2483 2471 2542 Christi
2498 2488 2834 2547 divinitatem
2856 2493 3103 2563 pluribus
3132 2498 3266 2553 locis
3288 2502 3571 2568 pradicet,
3606 2520 3718 2557 eum

2268 2571 2465 2629 Filium
2509 2575 2601 2631 Dei
2634 2587 2689 2632 et
2724 2578 2890 2633 filium
2919 2581 3175 2651 hominis,
3217 2584 3416 2642 Filium
3456 2590 3525 2644 ab
3562 2590 3712 2646 initio

2266 2666 2572 2729 sistentem,
2597 2667 2796 2723 Filium
2826 2671 2949 2726 cali
2974 2682 3026 2728 et
3053 2683 3208 2730 terra
3225 2679 3641 2736 constitutorem
3676 2699 3718 2736 Vt

2267 2756 2458 2811 homil.
2494 2757 2585 2824 l8,
2617 2759 2760 2815 idem
2793 2768 2974 2818 tamen
3037 2763 3291 2822 Mosaica
3332 2769 3462 2839 legis
3512 2772 3713 2825 retineu

2264 2849 2498 2904 videtur.
2526 2849 2663 2907 Hinc
2685 2851 2881 2910 Petrus
2900 2858 3174 2912 sexcentis
3189 2857 3323 2913 locis
3344 2858 3621 2916 inducitur
3640 2864 3717 2917 lus

2268 2941 2443 2997 tiones
2463 2941 2724 2999 Judaicas
2751 2955 2847 3000 aut
2879 2946 2994 3015 ipse
3033 2964 3326 3017 usurpans,
3357 2962 3451 3004 aut
3482 2953 3606 3007 aliis
3636 2972 3718 3023 pra

2264 3032 2443 3103 piens,
2474 3050 2574 3089 nec
2603 3052 2725 3090 cum
2753 3038 2989 3093 ethnicis
3026 3039 3299 3109 baptismo
3325 3043 3565 3098 nondum
3604 3047 3714 3099 initi

2266 3127 2581 3180 comedens.
2621 3125 2751 3181 Post
2783 3128 3068 3196 epistolam
3095 3130 3240 3185 Petri
3272 3133 3337 3186 ad
3361 3130 3646 3200 Jacobum,
3675 3140 3718 3191 in

2272 3214 2417 3268 citur
2437 3213 2672 3270 Jacobus
2701 3217 2942 3285 graviter
2982 3220 3254 3287 sanciens,
3296 3232 3355 3276 ut
3393 3222 3518 3278 libri
3556 3224 3718 3279 Prwdi

2270 3305 2432 3360 tionis
2466 3305 2631 3375 Petri,
2657 3308 2762 3363 nisi
2801 3308 2946 3363 fideli
2974 3310 3331 3377 circumciso,
3356 3316 3558 3370 nemini
3584 3334 3715 3373 conn

2271 3405 2476 3452 tantur.
2527 3397 2688 3455 Hunc
2735 3398 3319 3460 Pseudo-Clementem
3356 3422 3421 3462 eo
3470 3418 3705 3480 tempore

2270 3490 2439 3554 xisse,
2478 3504 2586 3558 quo
2638 3488 2776 3562 legis
2819 3493 3131 3550 observatio
3178 3500 3415 3553 nondum
3466 3503 3537 3555 ab
3577 3507 3717 3555 omni

2269 3579 2446 3635 instar
2484 3582 2706 3637 haresis
2752 3585 3138 3654 damnabatur,
3175 3599 3502 3658 argumento
3535 3606 3656 3646 esse
3703 3608 3718 3661 ι

2267 3681 2419 3736 sunt,
2452 3688 2573 3742 qua
2607 3684 2660 3728 et
2701 3677 2769 3730 de
2810 3676 3052 3733 Ecclesia
3087 3688 3142 3734 et
3176 3681 3244 3735 de
3270 3681 3544 3753 episcopis
3569 3684 3718 3754 pracl

2266 3764 2409 3819 dicta
2450 3766 2716 3822 interdum
2738 3779 3055 3824 occurrunt.
3085 3770 3378 3827 Ecclesiam
3402 3776 3524 3829 navi
3551 3791 3718 3845 comp:

2265 3858 2319 3911 in
2347 3872 2434 3927 ep.
2465 3859 2637 3914 Clem.
2667 3862 2733 3915 ad
2759 3860 2948 3918 Jacob.
2995 3880 3051 3934 p.
3084 3864 3210 3931 5'58,
3236 3863 3388 3935 cujus
3412 3878 3683 3937 proretam
3709 3886 3718 3922 t

2263 3963 2511 4019 SCOpllllt,
2547 3962 2740 4007 nautas
2756 3956 3105 4026 presbyteros
3137 3958 3395 4027 appellat.
3432 3959 3676 4014 Debitam
3710 3978 3718 4013 t

2263 4045 2445 4113 scopis
2486 4044 2857 4101 obedientiam
2902 4050 3251 4103 commendat
3296 4050 3548 4120 pluribus
3575 4054 3718 4116 locis,

2261 4132 2487 4204 Recogn.
2519 4136 2613 4190 lih.
2654 4152 2737 4202 ιιι,
2769 4152 2889 4207 cap.
2928 4139 3018 4210 66,
3053 4141 3239 4197 homil.
3272 4142 3325 4207 3,
3361 4159 3415 4213 p.
3459 4145 3564 4200 597
3604 4156 3656 4201 et
3692 4145 3718 4197 5

2333 4227 2629 4282 Laudanda
2674 4244 2806 4284 sane
2855 4246 3043 4286 eorum
3111 4234 3277 4288 animi
3339 4237 3674 4300 moderatio,

2260 4320 2619 4391 Evangelium
2650 4321 2902 4377 Mosaicis
2945 4324 3283 4379 caeremoniis
3312 4323 3717 4394 permiscerede

2255 4421 2407 4480 runt,
2466 4414 2558 4468 ubi
2589 4429 2682 4470 eas
2704 4415 3205 4472 animadverterunt
3244 4418 3362 4472 sine
3391 4420 3617 4473 aliorum
3640 4415 3718 4472 θαι

578 4498 725 4565 spitii
778 4508 1161 4565 connnunioue
1190 4514 1444 4585 conjungi
1498 4498 1774 4584 audeant;
1810 4525 2009 4594 quibus
2053 4542 2153 4596 ego

2266 4507 2412 4563 sione
2441 4506 2725 4563 observari
2755 4526 2864 4564 non
2890 4525 3071 4579 posse.
3094 4512 3163 4565 At
3186 4526 3291 4564 non
3322 4512 3612 4567 defuerunt
3636 4510 3718 4579 qui

578 4603 685 4642 non
719 4598 1015 4652 assentior.
1056 4619 1074 4653 ι
1110 4602 1413 4661 Lenitatem
1454 4608 1658 4666 Justini
1710 4616 2000 4672 confirmat
2028 4617 2152 4673 Ori-

577 4695 744 4777 genes
772 4682 868 4738 lib.
917 4702 987 4740 vn
1012 4689 1064 4741 in
1102 4692 1276 4761 Epist.
1308 4697 1374 4748 ad
1412 4697 1596 4765 Rom.,
1630 4704 1718 4757 ubi
1749 4705 1830 4759 sic
1857 4706 2100 4777 loquitur
2131 4725 2148 4763 :

582 4786 604 4821 ι
637 4771 893 4830 Christus
929 4780 1144 4835 etiamsi
1190 4785 1510 4844 incarnatus
1546 4808 1649 4847 non
1701 4795 1917 4861 fuisset,
1970 4808 2149 4854 tamen

577 4869 768 4916 natura
796 4866 1086 4937 imperium
1117 4873 1171 4927 in
1197 4891 1387 4933 omnes
1419 4881 1664 4941 haberet.
1695 4884 1815 4939 Non
1840 4887 1953 4941 vult
1981 4889 2151 4945 ratio-

577 4954 791 5011 nabilcs
817 4960 1039 5028 spiritus
1069 4966 1135 5019 ad
1158 4968 1530 5025 obedientiam
1564 4974 1696 5046 legis
1742 4993 1855 5033 sua
1882 4980 2151 5039 violenter

579 5043 877 5116 inflectere,
910 5056 1004 5108 sed
1049 5071 1333 5129 exspectat
1362 5073 1422 5118 ut
1464 5043 1659 5136 sponte
1691 5071 1936 5140 veniant,
1963 5084 2017 5129 et
2048 5091 2147 5132 vo-

580 5135 787 5194 luntale
815 5158 920 5199 non
954 5153 1276 5209 necessitate
1302 5156 1499 5212 bonum
1521 5172 1789 5231 quarant,
1814 5175 1868 5221 et
1898 5168 2148 5224 docendo

583 5233 754 5301 magis
798 5249 961 5303 quam
1010 5248 1385 5314 temperando,
1433 5250 1714 5310 invitando
1752 5258 1933 5325 potius
1982 5277 2145 5330 quam

580 5329 977 5395 extorquendo,
1017 5339 1362 5401 persuadeat.
1419 5341 1658 5399 Tametsi
1714 5349 1841 5416 quis
1897 5329 2143 5421 Judaus,

578 5414 727 5510 verbi
752 5419 947 5485 gratia,
984 5431 1078 5477 aut
1117 5439 1183 5479 ex
1219 5426 1325 5494 bis,
1366 5432 1462 5499 qui
1498 5414 1781 5491 Severiani
1817 5414 2147 5512 Tatinnique

526 5570 535 5579 θ
579 5500 939 5578 appellantur,
966 5513 1096 5567 velit
1118 5513 1338 5574 Christo
1367 5525 1629 5591 credere;
1650 5537 1803 5595 putet
1827 5538 2004 5585 tamen
2037 5500 2143 5589 non

580 5606 769 5659 parum
799 5599 980 5659 inesse
1009 5612 1273 5664 momenti
1304 5613 1354 5665 in
1387 5614 1736 5674 observantia
1774 5624 2143 5691 continentia,

580 5685 663 5736 vel
693 5701 879 5745 eorum
908 5695 1156 5752 ciborum
1198 5702 1290 5771 qui
1327 5703 1444 5775 lege
1481 5709 1859 5781 prohibentur,
1894 5714 1976 5770 vel
2005 5730 2144 5784 quos

582 5778 735 5844 quasi
799 5788 1033 5845 castitati
1102 5793 1457 5855 adversantes
1516 5778 1853 5860 existimant
1895 5778 2141 5865 nonnulli

2258 4598 2327 4651 ab
2367 4597 2452 4653 his
2485 4599 2775 4666 institutis,
2822 4602 2875 4655 in
2911 4602 3108 4671 quibus
3142 4603 3256 4657 nati
3298 4602 3541 4668 fuerant,
3581 4603 3718 4657 abstr

2254 4705 2362 4745 non
2395 4703 2733 4760 paterentur.
2758 4693 3009 4749 Nondum
3044 4696 3180 4750 victa
3216 4697 3400 4751 fuerat
3432 4713 3621 4753 eorum
3651 4712 3711 4766 pe

2252 4783 2412 4837 nacia
2459 4785 2657 4840 saeculo
2686 4796 2908 4856 quarto,
2942 4799 2999 4841 ut
3039 4803 3106 4842 ex
3154 4788 3490 4863 Hieronymo
3537 4791 3717 4845 discim

2258 4891 2277 4925 ι
2316 4874 2498 4945 Usque
2522 4877 2704 4942 hodie,
2733 4878 2913 4948 inquit
2944 4880 2996 4934 in
3028 4882 3192 4951 epist.
3222 4881 3314 4946 80,
3334 4898 3430 4951 per
3462 4892 3601 4939 totas
3630 4882 3713 4939 Ori

2252 4967 2323 5022 tis
2354 4967 2671 5041 Synagogas
2714 4972 2856 5027 inter
2899 4972 3113 5029 Judaos
3147 4975 3372 5031 baresis
3398 4988 3505 5043 est,
3536 4994 3652 5048 qua
3682 4976 3709 5029 d

2253 5067 2343 5113 tur
2366 5060 2681 5118 Minaorum
2704 5073 2758 5119 et
2785 5081 2813 5119 a
2840 5064 3132 5122 Pharisais
3150 5084 3320 5139 usque
3337 5085 3485 5126 nunc
3506 5073 3718 5126 damnat

2250 5167 2389 5223 quos
2436 5154 2595 5225 vulgo
2643 5155 2932 5213 Nazaraos
2980 5171 3320 5231 nuncupant,
3369 5165 3463 5233 qui
3495 5164 3711 5220 credunt

2250 5246 2449 5302 Filium
2484 5248 2579 5304 Dei
2625 5260 2816 5304 natum
2865 5251 2931 5305 de
2966 5253 3173 5322 virgine
3224 5253 3417 5320 Maria,
3451 5266 3506 5310 et
3541 5270 3658 5308 eum
3688 5268 3717 5305 et

2250 5339 2439 5395 dicunt
2464 5342 2555 5411 qui
2594 5342 2697 5396 sub
2729 5342 2927 5398 Pontio
2964 5343 3140 5399 Pilato
3185 5361 3380 5413 passus
3424 5358 3508 5402 est
3537 5359 3591 5402 et
3629 5361 3717 5399 res

2250 5436 2413 5499 rexit,
2449 5435 2502 5489 in
2532 5448 2692 5505 quem
2722 5448 2776 5492 et
2804 5453 2901 5492 nos
2927 5438 3223 5493 credimus.
3252 5438 3359 5494 Sed
3389 5441 3518 5494 dum
3545 5439 3718 5493 volunt

2247 5525 2418 5582 Judai
2446 5543 2567 5584 esse
2597 5538 2653 5585 et
2685 5527 3009 5594 Christiani,
3040 5545 3139 5584 nec
3168 5528 3339 5585 Judai
3374 5542 3503 5587 sunt
3530 5547 3627 5586 nec
3655 5528 3718 5582 Ch

2248 5619 2438 5672 stiani.
2471 5638 2491 5671 ι
2519 5618 2635 5673 Non
2678 5620 2960 5676 immerito
3006 5618 3372 5693 Hieronymus
3405 5632 3609 5678 tantam
3641 5635 3718 5690 pet

2249 5711 2461 5765 naciam
2494 5722 2553 5766 ut
2585 5713 2834 5768 haresim
2885 5716 3113 5783 notavit,
3161 5730 3286 5769 cum
3319 5718 3620 5785 prasertim
3658 5712 3718 5781 cjt

2251 5804 2396 5861 modi
2427 5805 2671 5861 homines
2698 5805 2767 5860 ab
2808 5805 3054 5861 Ecclesia
3086 5807 3354 5864 catholica
3393 5808 3717 5866 discessisset
