3796 6516
44 397 79 453 t!
982 387 1059 448 D.
1101 390 1366 447 MABANI
1400 388 1531 446 PRA

1637 390 1786 447 LTlO.
1822 423 1891 434 —
1926 392 2109 450 PARS
2141 389 2206 450 ll.
3140 399 3212 457 66

44 516 203 570 Scirum
237 505 457 563 Justinus
509 508 653 561 hunc
705 505 1051 581 Dialogum
1101 514 1351 575 haberet,
1383 513 1531 567 idest

1637 528 1773 580 μου·
1786 512 1968 566 Τοῦτό
1978 513 2109 567 ἐστι
2126 513 2192 567 τὸ
2207 513 2376 584 σῶμά
2386 533 2505 585 μου
2526 534 2539 547 ·
2560 516 2653 571 καὶ
2673 517 2731 571 τὸ
2747 519 3001 591 ποτήριον
3016 518 3215 590 ὁμοίως

44 608 129 661 tusis
146 602 294 671 viginti
330 611 609 669 postquam
638 599 845 670 legem
880 607 1136 661 nemine
1166 606 1539 674 interpellante

44 695 303 767 Hégosslymis
324 693 791 759 observaverunt,
836 710 1059 751 nonne
1088 699 1295 765 aequius
1323 697 1420 752 fuit
1445 711 1539 752 eos

44 800 170 848 estut:
188 788 386 850 allicere,
420 801 587 854 quam
619 796 684 839 ut
712 788 1066 846 haereticos
1109 801 1216 846 tam
1252 792 1359 846 cito
1385 806 1539 847 avet"-

44 886 125 943 est}?

490 989 746 1046 CAPUT
806 990 927 1047 1X.

144 1109 196 1164 De
211 1117 529 1162 unosancto
557 1106 963 1163 mharistia:
993 1118 1348 1163 sacmmento.

316 1200 375 1247 de
409 1198 739 1248 eucharistia
794 1200 1111 1250 doctrinam
1139 1200 1268 1248 clare
1304 1202 1357 1246 et
1381 1197 1537 1246 nitide

72 1264 428 1327 ngamtlustiuus.
458 1257 525 1308 ll.
554 1259 717 1309 Nulla
756 1262 821 1309 in
851 1264 1017 1312 illius
1043 1261 1212 1310 verbis
1246 1262 1413 1327 ﬁgurae
1434 1273 1539 1327 Δε’»υτ

66 1319 166 1379 τέω.
187 1325 249 1374 lll.
268 1325 371 1373 Tam
402 1327 549 1371 certo
572 1332 878 1386 asseverat
931 1338 1125 1386 panem
1147 1329 1199 1386 et
1220 1319 1397 1386 sinum
1428 1319 1531 1369 ﬁeri

65 1404 181 1437 unam
199 1388 553 1455 etsanguinem.
581 1398 751 1455 quam
770 1381 1061 1455 Christum
1090 1381 1316 1455 habuisse
1342 1394 1536 1455 carnem

63 1443 430 1507 amasium—IV.
452 1443 886 1507 Omnipotentia
918 1448 1114 1497 Christi
1145 1458 1280 1507 teque
1302 1443 1536 1507 mirabilis

63 1518 87 1560 η
102 1505 245 1572 BMG
260 1510 496 1567 mysterio.
524 1508 589 1555 ν.
617 1505 703 1572 Ex
714 1510 997 1572 penditur
1017 1510 1137 1571 quid
1159 1505 1251 1555 sibi
1273 1505 1535 1567 velitapud

61 1570 209 1621 am
230 1572 505 1620 eneharistia
534 1582 607 1617 ex
622 1570 854 1619 duabus
864 1570 1049 1620 rebus
1065 1576 1307 1625 constans,
1338 1575 1536 1615 terrena

60 1631 322 1683 iitsiifSil-\1.
340 1634 444 1691 Quo
468 1644 636 1697 sensu
662 1634 819 1681 dixit
847 1634 1213 1697 Tertullianus
1233 1628 1379 1697 verba
1398 1629 1536 1697 Chri-

60 1700 193 1746 iinlea
209 1697 350 1745 valere
362 1690 549 1756 atque,
575 1693 682 1742 hoc
708 1700 794 1743 est
840 1692 1030 1756 ﬁgura
1051 1690 1268 1755 corporis
1286 1690 1397 1740 mei.
1423 1690 1529 1740 Vll.

60 1762 285 1820 Athenagoras
298 1757 533 1805 adversus
546 1756 850 1805 Allixium’
864 1756 1190 1806 defenditur.

68 1862 147 1917 L5.
180 1870 351 1933 martyr
401 1874 534 1915 cum
598 1860 807 1930 probe
872 1859 1223 1928 intelligeret
1272 1857 1526 1930 mysteria
1559 1849 1601 1903 Β

44 1958 143 2023 τῷγε
163 1971 241 2007 non
265 1955 475 2018 debere,
514 1953 606 2007 sic
643 1968 796 2007 cum
823 1951 1055 2006 Jttdmis
1081 1951 1134 2004 in
1164 1949 1381 2015 Dialogo
1414 1950 1527 2011 dise

44 2056 132 2113 est,
164 2056 204 2103 nt
244 2048 301 2103 de
342 2047 739 2123 eucharistia,
807 2046 993 2115 cujus
1037 2053 1170 2098 tunc
1203 2043 1531 2113 explicandae

44 2144 277 2195 insanust
300 2138 642 2202 necessitas,
681 2138 749 2191 id
782 2144 1028 2190 tantum
1064 2135 1287 2201 diceret,
1314 2134 1415 2190 hoc
1441 2148 1531 2188 sa-

44 2235 179 2287 nies:
200 2248 225 2285 a
246 2231 501 2286 Malachia
532 2229 927 2301 pradictum
964 2242 1119 2292 esse,
1161 2241 1350 2297 panem
1379 2227 1432 2281 in
1463 2240 1529 2281 eo

44 2331 185 2379 tum
209 2325 433 2380 adhiberi
470 2334 529 2380 et
574 2324 840 2379 Domini
888 2323 1180 2395 passionis
1215 2318 1529 2377 memoriam

44 2415 299 2469 sui.me
342 2415 445 2469 hac
492 2412 735 2468 silentii
792 2411 937 2482 lege
994 2410 1280 2466 astrictum
1316 2420 1374 2463 se
1409 2420 1531 2461 esse

44 2508 264 2575 capiebat,
292 2522 409 2562 cum
444 2507 967 2563 Christianorum
999 2516 1222 2557 causam
1255 2499 1397 2570 apud
1428 2499 1532 2553 im-

44 2612 206 2652 munes
224 2598 549 2653 Antoninum
588 2606 851 2668 ageret.
890 2594 1065 2650 Tunc
1104 2593 1248 2649 enim
1281 2591 1416 2646 vidit
1447 2600 1531 2646 to-

44 2707 167 2744 metu
201 2691 346 2746 oculis
384 2690 788 2761 imperatoris
848 2686 1248 2757 exponendam
1299 2699 1443 2749 esse,
1470 2691 1531 2739 ut

44 2786 109 2835 ita
130 2786 160 2836 si
182 2786 388 2839 absurda
415 2793 480 2839 et
511 2782 953 2846 incredibilis,
990 2779 1181 2836 saltem
1211 2794 1314 2835 non
1342 2776 1526 2847 impia,

44 2892 77 2929 ω
101 2878 343 2933 detestanda
370 2886 428 2932 et
450 2875 713 2948 capitali
764 2872 1075 2945 supplicio
1122 2872 1281 2942 digna
1312 2870 1528 2925 videre-

44 2984 85 3023 'JZ
104 2984 143 3021 ac
159 2970 191 3021 si
208 2970 365 3025 minus
385 2972 730 3041 imperator
768 2966 1070 3023 doctrinae
1095 2961 1527 3019 Christianorum

44 3066 264 3127 satiatur,
291 3062 481 3118 saltem
515 3062 669 3117 dum
708 3074 833 3115 eos
874 3058 1122 3125 ingenue
1157 3054 1305 3109 videt
1323 3053 1529 3108 edisse-

44 3166 97 3211 at.
115 3152 310 3220 quidquid
333 3154 585 3207 maxime
615 3146 1025 3211 incredibile,
1070 3144 1409 3210 maximeque
1430 3143 1526 3196 ab-

44 3248 147 3297 usa
184 3244 325 3300 rideri
371 3253 634 3314 poterat,
703 3238 875 3295 nihil
914 3238 991 3293 ab
1042 3237 1122 3291 eis
1171 3234 1523 3299 dissimulari,

44 3336 377 3394 amissorum
432 3335 769 3409 mysteriis
833 3331 1034 3387 scelus
1084 3329 1293 3383 admitti
1331 3328 1527 3383 intelli-

44 3437 115 3483 tal.
134 3426 281 3484 Narrat
308 3428 475 3501 igitur
496 3442 731 3500 panem
772 3439 853 3479 ac
880 3421 1145 3492 poculum
1169 3434 1319 3491 aquae
1344 3429 1400 3475 et
1418 3418 1528 3474 vini

44 3538 63 3573 ι.
82 3522 132 3586 qui
153 3522 369 3577 fratribus
400 3529 648 3593 praeest,
672 3525 834 3590 post
873 3514 1184 3583 Scriptura:
1211 3513 1526 3576 lectionem,

44 3621 87 3662 ut
110 3613 448 3670 adhortationes
477 3621 541 3671 et
591 3623 837 3683 preces
872 3604 1107 3672 oﬂ'erri;
1139 3607 1335 3676 quibus
1368 3619 1528 3660 acce-

46 3710 171 3757 ssam
199 3708 568 3763 universon
617 3703 893 3760 Parenti
940 3716 1044 3771 per
1077 3714 1275 3755 nomen
1318 3697 1438 3753 Filii
1471 3705 1528 3752 et

44 3797 155 3861 tanta:
174 3800 316 3856 sancti
353 3800 603 3872 gloriam
664 3808 740 3854 et
810 3793 1047 3849 laudem
1082 3792 1333 3847 emittere
1353 3799 1409 3845 et
1433 3805 1528 3846 eu-

44 3894 211 3946 meum
234 3895 428 3964 prolixe
458 3894 676 3949 facere
702 3907 723 3957 ;
776 3889 896 3943 hoc
920 3886 1241 3940 alimentum
1283 3884 1361 3939 sic
1391 3897 1527 3938 con-

44 3996 181 4039 unum
204 4003 227 4040 a
253 3986 538 4043 sacerdote
569 3979 1037 4040 eucharistiam
1072 3976 1284 4040 vocari,
1316 3989 1417 4029 nec
1443 3973 1528 4029 fas

44 4090 134 4130 Sitti
152 4085 392 4149 quisquam
422 4082 590 4136 illius
649 4075 980 4147 particeps
1027 4070 1123 4125 ﬁat
1154 4071 1255 4124 nisi
1283 4070 1374 4138 qui
1397 4083 1527 4122 vera

44 4175 221 4227 sem-lat
245 4189 355 4244 qua:
391 4190 423 4228 a
464 4166 871 4229 Christianis
915 4165 1207 4227 docentur,
1232 4172 1285 4217 et
1308 4162 1529 4217 lavacro

44 4265 383 4321 mansionem
456 4273 884 4336 peccatorum
942 4264 1001 4311 et
1056 4255 1526 4319 regenerationem

44 4356 227 4421 saeuit,
258 4366 416 4429 atque
464 4359 549 4412 ita
614 4355 828 4409 vitam
891 4346 1170 4411 instituat,
1197 4354 1255 4401 ut
1282 4346 1527 4401 Christus

44 4445 159 4497 vadat.
191 4448 278 4501 Cur
317 4458 509 4503 autem
580 4450 781 4501 tanta
840 4439 921 4495 sit
988 4436 1332 4493 eucharistia:
1383 4437 1526 4506 apud

1642 601 1877 657 λαϐόντα
1903 604 1997 656 καὶ
2038 605 2512 677 εὐχαριστήσαντα
2560 610 2751 660 εἰπεῖν’
2787 608 2969 662 Τοῦτό
2985 609 3114 663 ἐστι
3145 611 3214 662 τὸ

1637 688 1781 763 afﬁci
1811 711 1961 763 μου⁶
1993 696 2087 749 καὶ
2141 696 2320 767 μόνοις
2357 699 2539 763 αὐτοῖς
2585 700 2922 770 μεταδοῦναι.
2975 721 2993 752 ι
3034 702 3217 771 Neque

1639 785 1783 841 enim
1806 797 2223 842 utcommunem
2251 804 2467 859 panem,
2502 791 2680 862 inquit
2703 793 2855 862 Apol.
2877 794 2929 859 l,
2950 810 3094 847 nunt.
3121 793 3213 858 66,

1642 868 1817 946 neqtte
1874 887 1934 931 ut
1974 893 2323 934 communem
2374 889 2559 950 potum
2617 883 2718 937 ista
2768 885 3055 939 sumimus.
3107 883 3215 939 Sed

1639 970 2095 1035 quemadmodum
2149 987 2245 1041 per
2296 973 2389 1027 Dei
2424 970 2663 1028 Verbum
2692 989 2818 1029 caro
2842 973 3018 1029 factus
3055 973 3215 1031 Jesus

1637 1059 1887 1115 Christus
1925 1060 2176 1117 Salvator
2199 1071 2384 1117 noster
2422 1079 2645 1119 carnem
2668 1074 2722 1119 et
2761 1066 3081 1135 sanguinem
3107 1065 3212 1120 ha-

1638 1150 1754 1205 buit
1797 1162 1995 1207 nostra:
2031 1153 2222 1209 salutis
2252 1169 2450 1215 causa;
2486 1155 2558 1209 ita
2593 1156 2758 1210 etiam
2804 1155 2973 1221 illam,
3006 1157 3060 1210 in
3092 1170 3206 1229 qua

1639 1258 1735 1311 per
1761 1257 1981 1312 precem
2028 1244 2194 1299 verba
2241 1246 2410 1314 ipsius
2457 1246 2832 1301 continentem
2859 1247 3048 1317 gratia:
3073 1258 3212 1302 acta:

1637 1344 1789 1399 sunt,
1822 1335 2161 1402 alimoniam,
2196 1351 2263 1390 ex
2286 1352 2389 1404 qua
2423 1338 2643 1407 sanguis
2673 1347 2727 1392 et
2747 1353 2880 1393 caro
2908 1349 3094 1393 nostra
3114 1355 3214 1410 per

1640 1427 2000 1481 mutationem
2045 1427 2289 1492 aluntur,
2340 1428 2609 1483 incarnati
2660 1429 2807 1483 illius
2842 1428 2966 1485 Jesu
3002 1438 3059 1485 et
3088 1447 3214 1485 car-

1638 1534 1761 1574 nem
1785 1528 1840 1574 et
1865 1519 2188 1588 sanguinem
2217 1534 2335 1574 esse
2362 1520 2536 1574 edocti
2562 1536 2771 1575 sumus.
2797 1519 2933 1575 Nam
2976 1521 3209 1591 apostoli

1639 1612 1692 1666 itt
1719 1612 2133 1666 commentariis
2159 1611 2295 1675 suis,
2326 1626 2445 1680 quae
2476 1610 2771 1680 Evangelia
2819 1623 3104 1678 vocantur,
3129 1614 3211 1668 sic

1637 1705 1739 1761 sibi
1792 1705 2109 1759 mandatum
2159 1718 2283 1759 esse
2334 1704 2713 1761 tradiderunt:
2746 1705 2951 1773 Jesutn,
2988 1718 3211 1780 accepto

1636 1808 1802 1863 pane,
1835 1808 1957 1849 cum
2003 1793 2212 1863 gratias
2262 1796 2492 1865 egisset,
2540 1796 2772 1853 dixisse:
2808 1798 2923 1852 Hoc
2956 1799 3115 1868 facite
3151 1802 3210 1855 in

1631 1899 1800 1938 meam
1841 1888 2431 1942 commemorationem:
2475 1889 2592 1944 Hoc
2610 1900 2685 1945 est
2721 1907 2908 1959 corpus
2942 1909 3111 1945 meum
3130 1892 3206 1949 νε

1640 1978 1891 2033 similiter
1923 1989 2149 2049 accepto
2197 1981 2365 2035 calice
2417 1997 2538 2035 cum
2597 1983 2801 2053 gratias
2850 1984 3070 2052 egisset,
3127 1985 3211 2039 di-

1634 2068 1781 2125 xisse
1809 2088 1822 2123 :
1861 2068 1961 2122 Hic
1987 2079 2063 2124 est
2086 2072 2303 2141 sanguis
2334 2071 2582 2139 meus“;
2614 2087 2679 2127 ac
2704 2072 2839 2142 ipsis
2870 2074 3004 2129 solis
3035 2075 3208 2129 tradi-

1632 2161 1797 2216 disse.
1836 2177 1855 2211 ι

1706 2251 1768 2306 ll.
1809 2251 1956 2307 Nihil
1988 2251 2147 2307 estin
2180 2251 2284 2307 hoc
2312 2253 2647 2321 testimonio,
2675 2254 2820 2326 quod
2862 2254 2930 2309 ad
2971 2256 3206 2327 figuram

1632 2344 1872 2415 pertrahi
1905 2344 2107 2414 possit;
2140 2344 2274 2400 nihil
2315 2346 2457 2415 quod
2497 2360 2601 2400 non
2633 2347 3069 2402 astrualdiserte
3100 2347 3208 2401 mi-

1634 2435 1865 2491 rabilem
1903 2434 2052 2490 illam
2091 2435 2249 2505 panis
2290 2446 2347 2491 et
2400 2436 2511 2491 viui
2552 2439 2989 2503 conversionem,
3029 2454 3199 2508 quam

1630 2543 1846 2598 semper
1874 2527 2060 2582 docuit
2108 2527 2377 2583 Ecclesia.
2412 2526 2546 2582 lllud
2579 2530 2632 2583 l'
2671 2543 2739 2583 ex
2779 2528 2976 2585 Justini
3020 2531 3205 2587 verbis

1631 2621 1980 2691 perspicitur,
2012 2635 2176 2690 quam
2221 2620 2277 2675 in
2322 2620 2653 2676 sententiam
2680 2621 2976 2676 Christiani
3007 2622 3207 2677 saeculo
3234 2692 3235 2695 η

1632 2715 1873 2769 secundo
1899 2714 2065 2769 verba
2107 2712 2313 2769 Christi
2369 2714 2705 2784 acciperent.
2735 2713 2906 2770 Nemo
2936 2716 3080 2771 enim
3104 2732 3206 2771 ne-

1636 2820 1766 2876 gare
1790 2807 1961 2875 possit
1993 2820 2220 2862 necesse
2256 2806 2483 2861 omnino
2512 2806 2702 2873 fuisse,
2731 2808 2777 2863 si
2807 2824 2911 2878 qua
2939 2808 3112 2879 ﬁgura
3143 2811 3203 2865 in

1630 2894 1836 2952 Christi
1873 2897 2057 2953 verbis
2100 2897 2330 2965 latebat,
2363 2906 2422 2952 ut
2467 2898 2519 2951 in
2566 2913 2628 2953 ea
2672 2900 2999 2969 explicanda
3030 2900 3206 2969 pluri-

1629 3003 1779 3043 mum
1810 3004 1991 3060 opera:
2022 2990 2410 3047 iusumerelur.
2457 2989 2591 3045 Nam
2627 2993 2671 3047 si
2714 2993 2853 3047 idem
2883 3008 3099 3062 semper
3129 2995 3201 3047 ab

1628 3079 1883 3136 omnibus
1940 3081 2259 3148 dicebatur,
2311 3081 2451 3136 nulla
2499 3081 2761 3151 ejusmodi
2819 3085 3187 3155 explicatione

1552 3185 1594 3241 ο
1630 3176 1914 3243 adhibita;
1946 3177 1992 3231 si
2018 3177 2331 3232 sacerdotes
2378 3177 2645 3233 docebant
2678 3192 2875 3246 panem
2916 3193 3203 3233 consecra—

1634 3280 1746 3324 tum
1778 3284 1901 3326 esse
1942 3285 2138 3340 corpus
2180 3270 2407 3337 Christi,
2464 3272 2593 3342 quia
2650 3270 2922 3335 Chrisuts,
2975 3281 3203 3341 accepto

1628 3378 1790 3441 pane,
1819 3362 1989 3418 dixit:
2022 3361 2138 3417 Hoc
2166 3370 2244 3416 est
2277 3380 2464 3433 corpus
2515 3381 2729 3430 meum;
2776 3364 2961 3418 vinum
3000 3379 3202 3419 consc-

1629 3465 1843 3510 cratum
1863 3470 1985 3511 esse
2017 3455 2336 3526 sanguinem
2375 3455 2603 3522 Christi,
2644 3458 2769 3527 quia
2805 3457 3040 3512 Verbum
3068 3456 3201 3511 illud

1636 3547 2002 3613 incarnatum,
2038 3557 2261 3619 accepto
2292 3548 2484 3613 calice,
2523 3549 2697 3604 dixit:
2727 3547 2833 3602 Hic
2870 3560 2946 3604 est
2982 3551 3202 3620 sanguis

1629 3653 1812 3703 meus;
1848 3641 1891 3692 si
1920 3639 2212 3693 Christiani
2244 3653 2435 3694 omnes
2466 3638 2603 3692 nihil
2646 3638 2793 3692 aliud
2823 3654 2888 3693 ex
2920 3640 3006 3694 his
3038 3640 3204 3694 Chri-

1628 3728 1699 3782 sti
1753 3730 1936 3784 verbis
1998 3729 2433 3794 concludebant,
2476 3729 2581 3783 nisi
2634 3730 3019 3784 eucharistiam
3077 3744 3203 3785 esse

1629 3838 1848 3878 carnem
1886 3832 1941 3878 et
1965 3826 2283 3895 sanguinem
2323 3824 2564 3891 Christi;
2594 3837 2774 3878 nonne
2814 3823 2865 3876 in
2904 3823 3199 3879 certissimi

1629 3915 1881 3984 principii
1936 3914 2056 3970 loco
2102 3924 2343 3973 statuere
2402 3930 2730 3986 possumus,
2793 3914 2933 3969 idem
2992 3925 3204 3970 veteres

1630 4008 1978 4063 Christianos
2014 4006 2314 4063 credidisse
2342 4008 2483 4077 quod
2536 4007 2697 4063 hodie
2727 4007 3004 4061 credimus
3036 4017 3090 4062 et
3119 4017 3200 4061 te-

1630 4098 1866 4154 nemus?
1893 4099 1965 4154 At
1995 4097 2125 4169 quid
2172 4097 2473 4154 Christiani
2519 4097 2718 4153 saeculo
2765 4099 3003 4153 secundo
3024 4098 3198 4153 edocti

1630 4190 1862 4256 fuerint,
1897 4190 2027 4261 quid
2063 4204 2131 4245 ex
2160 4188 2365 4244 Christi
2389 4189 2572 4245 verbis
2590 4190 2982 4252 concluset‘int,
3002 4205 3068 4242 an
3095 4206 3203 4242 am-

1630 4284 1854 4354 biguum
1903 4296 2026 4338 esse
2060 4282 2253 4352 possit,
2305 4297 2426 4336 cum
2459 4282 2612 4336 testis
2662 4280 2902 4350 locuples
2953 4281 3202 4335 Justinus

1628 4392 1693 4432 ex
1721 4392 1785 4431 eo
1812 4376 1954 4446 quod
1980 4373 2230 4430 Christus
2260 4374 2494 4428 dixerit:
2534 4372 2650 4426 lloc
2676 4383 2749 4425 est
2779 4389 2970 4440 corpus
2990 4386 3198 4435 meum;

1631 4470 1715 4523 hic
1766 4476 1841 4522 est
1884 4468 2099 4536 sanguis
2150 4482 2314 4528 meus,
2350 4479 2539 4519 omnes
2575 4463 2906 4517 concludere
2960 4462 3203 4516 declaret

44 4531 228 4592 mm
253 4537 599 4598 re'erenlia’
659 4534 775 4589 Sic
822 4528 1106 4583 rationem
1155 4525 1370 4594 subiicit
1400 4542 1414 4578 ³
1452 4524 1527 4577 Οὐ
1558 4535 1604 4591 D
1632 4524 2023 4615 eucharistiam
2051 4571 2173 4612 esse
2219 4572 2440 4611 carnem
2482 4567 2536 4612 et
2566 4557 2885 4616 sanguinem
2919 4556 3077 4610 Verbi
3115 4556 3201 4609 itt—

153 4634 285 4686 mei
310 4636 502 4704 ἄρτον,
538 4630 686 4685 οὐδὲ
712 4624 924 4681 κοινὸν
954 4622 1108 4693 πόμα
1133 4618 1301 4674 ταῦτα
1320 4616 1528 4689 λαμϐά-

44 4736 131 4783 λτπεν
346 4728 562 4798 τρόπον
621 4721 731 4776 διὰ
763 4718 963 4785 Λόγον
1011 4712 1145 4767 Θεοῦ
1201 4727 1529 4783 σαρκοποιη-

44 4828 82 4871 εις
114 4814 260 4885 iam);
282 4821 520 4889 Χριστὸς
547 4820 581 4871 ὁ
626 4812 863 4883 Σωτὴρ
894 4807 1080 4878 ἡμῶν,
1109 4805 1202 4859 καὶ
1231 4804 1409 4876 σάρκα
1431 4802 1528 4857 καὶ

44 4890 98 4957 ζμ
128 4904 225 4976 id?
272 4906 549 4978 σωτηρίας
608 4901 808 4974 ἡμῶν
862 4897 1051 4966 ἔσχεν,
1094 4894 1264 4958 οὕτως
1309 4895 1399 4948 καὶ
1427 4894 1527 4964 τὴν

44 4994 59 5032 ί
78 4993 172 5061 sip};
191 4998 320 5065 167w
346 4998 443 5051 τοῦ
478 4997 624 5068 παρ’
662 4987 864 5048 αὐτοῦ
890 4984 1379 5056 εὐχαριστηθεῖσαν
1405 4999 1529 5053 τρο-

167 5084 218 5159 ﬁ;
248 5088 375 5162 αἷμα
424 5092 528 5145 καὶ
580 5090 828 5159 σάρκες
876 5079 1032 5134 κατὰ
1070 5077 1364 5149 μεταϐολὴν
1405 5077 1529 5149 τρέε

44 5187 127 5227 ma
167 5183 310 5251 ἡξει-ὦν,
356 5186 578 5238 ἐκείνου
634 5179 753 5234 τοῦ
807 5169 1311 5245 σαρκοποιηθέντος
1353 5168 1546 5240 Ἰησοῦ,

44 5266 209 5338 πέπεικα
232 5277 314 5328 καὶ
354 5272 497 5348 αἷμα
527 5269 952 5342 ἐδιδάχθημεν
980 5259 1136 5316 εἶναι.
1168 5265 1231 5316 υἱ
1258 5262 1368 5334 γὰρ
1395 5262 1529 5315 ἀπό-

44 5358 176 5414 πιὶῡιέν
197 5372 289 5430 ταῖς
338 5370 674 5440 γενομένοις
733 5360 845 5416 ὑπ’
894 5356 1083 5412 αὐτῶν
1113 5358 1329 5429 ἀπομνη
1340 5357 1531 5428 μονεύ-

44 5458 165 5510 seu
186 5462 401 5518 mea...
419 5458 801 5529 Εὑαγγέλια,
838 5451 1029 5512 οὕτως
1053 5448 1369 5520 παρέδωκαν
1391 5451 1533 5502 ἐντε-

44 5545 325 5618 ﬁliani-“nl;-
358 5557 450 5610 τὸν
484 5551 728 5626 Ἰησοῦν
767 5544 1027 5600 λαϐόντα
1068 5542 1248 5613 ἄρτον,
1308 5542 1528 5614 εὐχαρι-

44 5650 189 5702 3am
219 5650 391 5703 εἰπεῖν⁸
405 5650 602 5705 Τοῦτο
629 5641 892 5700 ποιεῖτε
918 5639 1013 5705 εις
1040 5635 1154 5707 τὴν
1182 5635 1528 5707 ἀνάμνησίν

80 5800 202 5861 Ἴδης.
225 5826 346 5880 uti,
374 5814 465 5870 i9.
551 5812 600 5844 ⁸⁸
636 5806 809 5866 Ibid.

1631 4647 1879 4704 carnali?

1703 4741 1792 4795 lll.
1827 4740 1884 4794 2°
1912 4739 2167 4795 Declarat
2188 4737 2246 4793 S.
2287 4749 2497 4808 martyr
2525 4754 2632 4794 non
2663 4739 2845 4793 minus
2879 4746 3204 4793 constanter

1635 4830 1861 4884 credere
1904 4828 2245 4883 Christianos
2290 4828 2680 4882 eucharistiam
2732 4844 2853 4883 esse
2902 4843 3118 4883 carnem
3148 4835 3204 4883 et

1632 4922 1955 4991 sanguinem
1990 4920 2152 4976 Verbi
2186 4920 2479 4986 incantati,
2526 4937 2688 4988 quant
2742 4922 2916 4990 ipsum
2971 4920 3202 4975 Verbum

1631 5024 1831 5065 nostrae
1848 5012 2043 5067 salutis
2071 5027 2230 5066 causa
2261 5028 2481 5067 carnem
2503 5023 2553 5065 et
2584 5014 2900 5083 sanguinem
2926 5012 3201 5069 habuisse.

1632 5103 2093 5167 Quemadmodum
2135 5101 2293 5157 Jestts
2346 5102 2589 5157 Christus
2625 5120 2838 5157 carnem
2894 5113 2941 5157 et
2993 5105 3206 5173 sangui-

1631 5212 1748 5249 nem
1792 5195 1977 5248 habuit
2013 5203 2208 5249 nostra:
2250 5195 2435 5249 salutis
2459 5212 2644 5262 causa,
2677 5195 2751 5250 ita
2777 5196 2937 5248 etiam
2961 5212 3075 5248 eam
3100 5196 3205 5248 ali-

1631 5288 1864 5340 moniam
1905 5285 2172 5340 incantati
2216 5286 2362 5340 illius
2408 5285 2538 5340 Iesu
2586 5303 2796 5341 carnem
2821 5296 2868 5340 et
2892 5286 3203 5355 sanguinem

1630 5394 1743 5432 esse
1790 5379 1963 5433 edocti
1988 5393 2193 5435 sumus.
2226 5376 2510 5432 Manifesta
2556 5376 2898 5447 comparatio
2923 5377 3205 5442 utriusque

1630 5469 1902 5538 mySterii,
1927 5467 2327 5523 lncarnationis
2355 5476 2410 5522 et
2448 5467 2816 5523 eucharistite.
2850 5465 3052 5520 Christi
3090 5481 3208 5518 car-

1632 5576 1755 5615 nem
1812 5571 1939 5616 tuuc
1994 5562 2386 5632 impugnabant
2435 5575 2625 5617 omnes
2669 5559 2785 5615 fere
2827 5557 3102 5622 haereses;
3148 5567 3206 5612 ut

1630 5654 1880 5710 omittam
1915 5654 2082 5708 Deum
2116 5653 2464 5710 incarnatum
2505 5649 2740 5707 ethnicis
2772 5660 2985 5715 semper
3024 5658 3079 5701 et
3107 5647 3204 5701 Ju-
