3796 6534
572 348 638 401 67
1492 336 1549 390 S.
1586 332 1921 391 JUSTINUS
1954 330 2434 400 PHILOSOPHUS
2458 331 2544 386 ET
2583 329 2892 385 MARTYR.

576 466 708 520 daaEs
745 461 1107 533 displicuisse.
1158 458 1227 512 At
1252 474 1361 528 quo
1386 457 1620 525 majores
1653 456 2052 510 incredulorum
2080 453 2131 506 in
2162 458 2210 514 Α
2238 452 2355 506 vide
2386 451 2818 507 dissertationem
2850 449 2884 502 ὅ
2922 447 2975 500 in
3017 443 3188 508 Iren.,
3219 451 3322 498 art.
3357 442 3412 506 7,
3447 458 3505 496 n.
3542 440 3621 495 94
3654 456 3687 494 e

576 559 676 610 hoc
721 552 977 625 mysterio
1020 552 1315 604 everteudo
1359 559 1611 611 conatus,
1643 562 1708 600 eo
1739 547 1908 616 major
1944 546 1996 600 in
2042 545 2136 599 de-

574 647 841 702 fende:.Jo
873 643 1271 699 catholicorum
1300 642 1626 694 constantia.
1662 638 1795 693 Num
1834 653 1966 707 ergo
1989 637 2137 690 anti-

573 756 692 809 qua:
734 739 854 792 ﬁdei
906 737 1171 791 illustrius
1242 733 1610 787 testimonium
1666 730 1868 799 requiri
1940 729 2132 798 possit,

573 847 733 900 quam
774 831 875 883 hoc
923 826 1160 882 Justini?
1202 824 1257 878 Si
1300 823 1695 878 eucharistiam
1737 822 1981 875 absentis
2014 836 2137 875 cor—

573 924 718 992 poris
738 922 966 990 ﬁguram
994 934 1113 973 esse
1144 919 1536 979 existimasset,
1563 930 1629 968 an
1654 913 1997 968 Christianos
2026 927 2138 967 cre-

572 1017 701 1071 dere
722 1015 968 1078 dixisset,
996 1026 1190 1082 panem
1220 1023 1275 1065 et
1304 1011 1486 1063 vinum
1522 1017 1643 1078 post
1667 1006 2135 1071 consecrationem

571 1123 693 1162 esse
720 1121 936 1160 carnem
968 1115 1022 1160 et
1059 1105 1379 1175 sanguinem
1423 1101 1658 1166 Domini,
1685 1102 2134 1170 quemadmodum

569 1199 822 1253 Christus
858 1212 960 1251 non
994 1195 1225 1249 formam
1262 1204 1318 1249 et
1348 1193 1575 1265 ﬁguram
1603 1193 1787 1247 carnis
1825 1204 1878 1248 et
1914 1194 2134 1263 sangui-

572 1291 678 1349 nis,
712 1298 766 1340 ut
800 1296 877 1338 tot
930 1286 1167 1339 hrereses
1217 1283 1517 1352 ﬁngebant,
1560 1284 1654 1337 sed
1685 1297 1868 1337 veram
1916 1296 2134 1336 carnem

570 1392 865 1445 verumque
903 1377 1219 1443 sanguinem
1256 1374 1482 1430 habuit?

640 1469 726 1523 IV.
761 1470 816 1523 3°
849 1466 1008 1522 Verbi
1041 1465 1488 1535 omnipotentiam
1534 1479 1641 1519 non
1680 1462 1857 1517 minus
1900 1463 2137 1516 admira-

569 1572 657 1616 tur
706 1559 765 1615 S.
814 1571 1021 1629 martyr
1070 1560 1124 1613 in
1165 1558 1517 1622 eucharistia,
1569 1572 1730 1626 quam
1764 1558 1822 1610 in
1880 1556 2134 1611 incarna-

569 1654 738 1709 tione.
790 1652 884 1707 liis
927 1652 1070 1705 enim
1119 1651 1335 1705 verbis:
1374 1649 1478 1703 Per
1511 1646 1737 1702 Verbum
1772 1649 1866 1702 Dei
1906 1666 2027 1702 caro
2060 1649 2135 1715 [α-

566 1756 681 1799 ctus
726 1742 884 1798 Iesus
931 1742 1199 1808 Christus,
1230 1756 1468 1811 persona
1502 1740 1666 1795 Verbi
1710 1755 1815 1794 non
1848 1748 2133 1810 separatur

568 1836 638 1891 ab
674 1837 896 1890 homine
927 1852 996 1889 ex
1026 1834 1246 1905 Virgine
1276 1834 1480 1902 genito,
1534 1848 1632 1887 nec
1665 1833 1771 1885 ulla
1806 1831 1964 1899 hujus
1984 1847 2134 1886 erro-

568 1927 645 1981 ris
675 1927 728 1979 in
762 1925 826 1980 S.
859 1936 1098 1996 martyre
1147 1924 1424 1992 suspicio;
1478 1923 1574 1976 sed
1621 1922 1760 1975 idem
1812 1923 1900 1976 hic
1955 1923 2132 1983 docet,

562 2022 709 2089 quod
735 2029 814 2073 tot
839 2020 961 2074 aliis
993 2021 1145 2078 locis,
1174 2019 1352 2087 ipsum
1378 2015 1613 2070 Verbum
1645 2015 1746 2068 sibi
1766 2016 1818 2067 in
1841 2024 1993 2069 utero
2020 2014 2139 2069 Vir-

568 2111 710 2179 ginis
746 2125 965 2163 carnem
1006 2108 1295 2162 formasse.
1350 2106 1716 2172 Quamobrem
1758 2107 1812 2159 in
1840 2121 1905 2160 eo
1932 2107 2136 2159 eucha-

567 2202 776 2254 ristiam
799 2216 920 2252 eum
950 2199 1329 2252 lncarnatione
1377 2208 1684 2267 comparat,
1708 2198 1851 2267 quod
1875 2200 2136 2267 quemad-

567 2292 784 2346 modum
822 2290 877 2344 in
905 2290 1289 2345 lncarnatione
1337 2306 1465 2345 caro
1495 2290 1659 2347 Verbi
1695 2292 1763 2345 ab
1811 2291 1925 2361 ipso
1955 2289 2135 2344 Verbo

567 2398 766 2451 corpus
797 2394 1109 2438 assumente
1146 2383 1391 2453 perfecta
1419 2393 1525 2448 est,
1559 2384 1633 2437 ita
1658 2382 1820 2438 etiam
1855 2384 1907 2436 in
1937 2382 2137 2436 eucha-

570 2474 723 2527 ristia
757 2475 915 2542 panis
941 2486 997 2528 et
1026 2475 1209 2527 vinum
1242 2490 1374 2528 caro
1406 2484 1459 2528 et
1483 2474 1702 2544 sanguis
1738 2473 1872 2526 ﬁant
1898 2490 1989 2541 per
2016 2489 2138 2542 pre-

567 2579 677 2616 cem
714 2565 866 2617 verba
900 2565 1068 2631 ipsius
1118 2567 1492 2631 continentem,
1538 2565 1591 2618 id
1620 2574 1706 2620 est
1738 2565 2135 2633 omnipotentia

567 2652 811 2722 ejusdem
847 2654 1035 2715 Verbi.
1076 2654 1230 2721 cujus
1261 2658 1425 2710 verba
1467 2657 1688 2711 exhibet
1717 2657 1980 2727 precatio.
2006 2657 2137 2711 Cre-

567 2747 729 2801 debat
770 2762 901 2815 ergo
930 2746 1176 2804 Justinus
1216 2764 1435 2803 carnem
1480 2750 1682 2805 Christi
1717 2752 1907 2805 eadem
1956 2751 2134 2805 omni-

564 2838 832 2907 potentia,
859 2854 964 2908 qua
991 2838 1045 2892 in
1082 2849 1237 2894 utero
1267 2840 1505 2909 Virginis
1555 2842 1784 2896 formata
1813 2850 1919 2909 est,
1961 2842 2013 2896 in
2041 2857 2130 2895 eu-

564 2928 838 2985 charistiae
869 2940 1214 2985 sacramento
1246 2940 1571 3000 praesentem
1604 2932 1826 3002 apponi.

635 3022 699 3075 4ο
726 3022 971 3077 Justinus
1014 3024 1370 3091 imperatores
1414 3022 1814 3091 alloquebatur,
1840 3037 1978 3094 quos
2006 3038 2133 3093 per-

2308 544 2373 598 V.
2418 544 2473 597 Si
2513 543 2727 597 Justino
2787 542 3035 595 ethnicos
3085 537 3382 607 alloquenti
3437 536 3613 588 talem
3669 550 3689 587 ι

2236 637 2469 706 praebuit
2507 636 2872 699 eucharistia;
2904 642 3111 701 quanto
3143 630 3314 701 magis
3344 630 3625 682 adversus
3651 627 3686 680 h

2239 732 2375 785 ticos
2408 729 2663 783 scribenti
2697 743 2848 780 arma
2902 723 3253 785 ministravit,
3289 736 3530 791 quorum
3566 720 3640 772 ad
3673 733 3690 773 <

2236 836 2324 875 res
2364 819 2723 889 proﬁigandos
2791 817 3028 870 maxime
3079 811 3325 882 apposita
3364 810 3490 865 est?
3528 809 3685 877 Nega

2236 910 2310 964 illi
2346 909 2619 965 Christum
2651 907 2833 962 mundi
2863 904 3142 959 Creatoris
3164 901 3359 957 Filium
3384 914 3550 954 esse:
3581 898 3683 951 sed

2238 1010 2376 1055 trem
2405 999 2606 1054 Christi
2630 998 2798 1052 Deum
2827 994 3113 1065 quemdam
3165 1000 3419 1046 creatore
3444 986 3690 1043 excelsic

2236 1092 2340 1148 sibi
2374 1091 2663 1160 ﬁngebant.
2713 1090 2784 1143 At
2824 1086 3095 1159 quomodo
3121 1084 3371 1139 Christus
3398 1080 3587 1135 aliena
3628 1088 3684 1132 et

2237 1201 2342 1240 non
2393 1196 2576 1239 creata
2624 1185 2692 1238 ad
2744 1181 3210 1237 consecrationem
3260 1174 3625 1231 eucharistia:
3662 1190 3690 1226 a

2235 1278 2476 1333 buisset?
2509 1275 2790 1346 Negabant
2834 1275 3016 1329 carnis
3050 1272 3540 1327 resurrectionem.
3575 1269 3690 1321 Att

2236 1372 2394 1424 modo
2416 1384 2564 1434 caro,
2598 1383 2717 1436 qua:
2763 1379 2993 1434 corpore
3026 1374 3082 1418 et
3122 1364 3393 1432 sanguine
3427 1360 3657 1415 Domini

2230 1459 2640 1520 scitur,a:teruo
2672 1459 2885 1512 addicta
2931 1470 3051 1511 esse
3096 1456 3263 1525 possit
3308 1451 3607 1507 interitui?
3638 1449 3690 1502 Ν.

2236 1555 2365 1608 bant
2393 1567 2577 1606 veram
2635 1567 2853 1607 carnem
2890 1564 2919 1603 a
2964 1550 3186 1605 Christo
3237 1556 3608 1615 assumptam.
3662 1543 3689 1595 ll

2235 1662 2449 1716 quoque
2498 1645 2830 1721 impietatem
2865 1642 3143 1697 refellebat
3174 1639 3541 1705 eucharistia,
3580 1652 3689 1705 qua

2236 1734 2655 1797 communicatio
2709 1738 2951 1807 corporis
2984 1749 3049 1793 et
3066 1737 3342 1806 sanguinis
3376 1733 3612 1789 Christi.
3672 1732 3690 1785 ἔ

2235 1836 2351 1903 guis
2383 1833 2519 1886 enim
2557 1849 2659 1885 non
2689 1840 2762 1883 est
2792 1831 2894 1882 nisi
2930 1848 2961 1882 α
3000 1831 3141 1883 venis
3178 1840 3221 1881 et
3255 1830 3512 1881 carnibus
3543 1837 3592 1879 et
3619 1844 3649 1877 a
3684 1841 3690 1877 ι

2231 1942 2357 1995 qua,
2400 1940 2517 1992 qua:
2563 1925 2852 1977 secundum
2898 1925 3157 1974 hominem
3185 1932 3283 1984 est,
3313 1920 3642 1979 substantia,
3688 1954 3689 1959 η

2234 2032 2346 2071 uere
2383 2017 2581 2084 factum
2612 2025 2685 2068 est
2724 2012 2949 2067 Verbum
2982 2013 3096 2076 Dei,
3129 2014 3303 2077 inquit
3326 2012 3594 2075 Irenzeus,
3628 2008 3689 2061 ltl;

2233 2123 2284 2163 c.
2309 2109 2365 2162 2.
2402 2107 2517 2162 Non
2557 2108 2777 2162 dubium
2806 2107 2971 2175 igitur
2992 2106 3120 2174 quin
3155 2104 3211 2158 S.
3239 2114 3447 2174 martyr
3477 2103 3595 2155 haec
3644 2117 3690 2154 at

2235 2211 2413 2254 menta
2434 2199 2832 2253 antelrenteum
2867 2207 2921 2252 et
2943 2196 3336 2250 Tertullianum
3367 2195 3690 2263 frequentav

2237 2298 2346 2343 tum
2375 2291 2428 2343 in
2462 2290 2598 2344 libro
2624 2299 2817 2343 contra
2851 2288 3204 2351 Mareionem,
3250 2296 3358 2340 tum
3387 2286 3444 2341 in
3469 2285 3579 2338 alio
3607 2287 3690 2337 adt

2235 2396 2327 2436 sus
2347 2396 2538 2436 omnes
2579 2382 2817 2436 barreses
2846 2381 3071 2449 scripto.
3118 2386 3296 2446 Quare
3337 2395 3442 2432 nun
3486 2378 3622 2431 mihi
3658 2392 3684 2429 v

2234 2472 2335 2528 hor
2366 2474 2435 2528 ab
2460 2474 2605 2528 illius
2631 2474 2982 2530 defendendre
3008 2475 3272 2529 doctrinae
3316 2474 3601 2541 proposito
3627 2469 3690 2524 di:

2235 2566 2384 2629 dere,
2417 2567 2460 2620 si
2498 2567 2600 2622 hoc
2650 2566 2769 2621 loco
2812 2566 3111 2635 explanare
3147 2565 3433 2635 aggrediar
3468 2567 3577 2617 duo
3618 2578 3690 2615 ma

2234 2658 2491 2714 momenti
2537 2659 2870 2725 testimonia,
2920 2658 3151 2711 alterum
3202 2659 3259 2711 S.
3304 2656 3516 2721 lrenazi,
3567 2655 3690 2707 aitet

2234 2750 2577 2815 Tertulliani,
2615 2766 2735 2822 quae
2764 2752 2866 2806 etsi
2893 2760 3146 2805 strenuos
3168 2750 3486 2805 defensores
3534 2746 3690 2801 habui

2232 2846 2488 2901 videntur
2533 2854 2710 2899 tamen
2760 2843 3071 2898 uberiorem
3121 2842 3296 2897 lucem
3335 2842 3403 2895 ad
3439 2847 3689 2894 contexti

2235 2936 2650 3006 intelligentiam
2700 2935 3000 3003 requirere.
3048 2932 3318 2987 Praeterea
3366 2931 3468 2983 hac
3510 2927 3690 2982 Irenari

2235 3025 2558 3080 Tertulliani
2593 3026 2856 3079 adversus
2881 3038 2998 3085 eos,
3026 3023 3117 3090 qui
3167 3036 3387 3075 carnem
3415 3018 3618 3073 Christi
3644 3035 3690 3070 lit

566 3116 747 3183 magni
800 3115 1063 3169 intererat
1107 3118 1173 3170 de
1222 3115 1386 3170 rebus
1434 3115 1870 3171 Christianorum
1910 3125 2033 3185 apte
2079 3126 2134 3169 et
2161 3139 2203 3197 α
2236 3120 2385 3179 bant,
2409 3117 2779 3188 disputatione
2822 3116 2874 3168 in
2912 3124 3027 3168 tuto
3052 3114 3410 3168 collocabitur
3432 3112 3689 3177 Athenag

566 3205 804 3259 dilucide
840 3207 1079 3273 erudiri;
1133 3208 1333 3277 quippe
1374 3223 1496 3262 cum
1557 3209 1827 3263 hactenus
1875 3208 1939 3262 de
1976 3206 2137 3262 Chri-

565 3297 757 3351 stianis
780 3313 845 3350 ex
875 3298 1061 3368 iniquo
1098 3314 1315 3353 rumore
1362 3300 1771 3367 dijudicassent.
1805 3299 1985 3365 Quare
2028 3315 2137 3353 nta-

566 3401 668 3455 gna
701 3388 883 3442 cantio
925 3389 1154 3451 exstitit,
1187 3403 1255 3443 ne
1285 3399 1380 3441 aut
1419 3389 1677 3443 latentem
1708 3389 1759 3442 in
1787 3388 1986 3443 Christi
2012 3404 2128 3442 ver—

566 3479 650 3532 bis
702 3480 926 3548 ﬁguram
977 3496 1081 3534 non
1115 3481 1387 3545 viderent,
1420 3481 1467 3534 si
1512 3495 1710 3549 corpus
1755 3479 1956 3534 Christi
2005 3495 2134 3534 vere

566 3571 909 3625 eucharistiae
956 3580 1304 3627 sacramento
1362 3587 1469 3627 non
1521 3573 1855 3634 continetur,
1911 3580 2036 3633 aut,
2085 3570 2129 3623 si

566 3678 694 3719 vere
724 3667 1053 3728 continetur,
1105 3680 1173 3719 ne
1198 3676 1363 3721 totam
1395 3680 1532 3729 rem,
1564 3674 1621 3718 ut
1644 3663 1879 3719 fabulam
1911 3662 2128 3728 anilem,

567 3756 882 3825 rejicerent.
934 3758 1119 3814 Primo
1160 3757 1509 3812 incommodo
1541 3756 1699 3811 facile
1727 3756 1942 3811 occurri
1975 3766 2130 3823 pote—-

568 3856 687 3900 rat:
727 3857 935 3901 tantum
984 3865 1149 3903 voces
1207 3848 1509 3917 explicaret
1542 3847 1808 3911 Justinus,
1865 3847 1997 3901 nihil
2041 3862 2133 3899 su-

565 3950 785 4007 pererat
810 3942 1053 4005 absurdi,
1081 3944 1173 3996 sed
1205 3944 1381 3997 Solnta
1410 3954 1461 3996 et
1484 3941 1731 4011 expedita
1757 3938 2129 3994 erantomnia.

567 4031 646 4084 Ad
669 4031 899 4085 alterum
932 4044 1112 4086 autem
1150 4035 1559 4104 requirebatur,
1592 4044 1649 4087 ut
1681 4035 1782 4087 hoc
1815 4032 2129 4100 mysterium

567 4137 672 4176 non
705 4122 823 4177 sine
860 4123 1185 4179 certissimis
1217 4126 1551 4195 argumentis
1580 4140 1610 4177 a
1640 4123 1964 4179 Christianis
1982 4122 2129 4177 credi

567 4214 967 4270 demonstraret

636 4306 826 4362 Utram
860 4307 999 4360 viam
1026 4318 1250 4364 secutus
1281 4309 1354 4363 sit
1375 4309 1427 4363 in
1454 4308 1710 4378 ambiguo
1748 4320 1868 4361 esse
1898 4321 2003 4360 non
2035 4319 2133 4375 po-

568 4405 692 4451 test.
728 4396 1005 4466 Nusquam
1040 4399 1187 4454 enim
1220 4400 1286 4454 ad
1330 4416 1448 4454 eam
1479 4401 1556 4455 rei
1585 4398 1920 4469 explicandae
1964 4399 2131 4452 ratio-

567 4505 688 4543 nem
726 4492 1034 4558 descendit,
1078 4507 1199 4562 qua:
1250 4503 1357 4547 tam
1402 4493 1578 4548 facilis
1607 4503 1823 4564 tamque
1851 4492 2127 4561 expedita,
2162 4477 2209 4536 υ

567 4594 631 4632 ac
656 4581 813 4635 simul
849 4594 957 4638 tam
985 4586 1293 4641 necessaria
1322 4585 1538 4654 fuisset,
1564 4598 1622 4641 ut
1645 4602 1835 4655 panem
1866 4597 1919 4640 et
1944 4587 2130 4639 vinum

567 4684 694 4724 vere
739 4687 937 4743 corpus
982 4677 1193 4731 Christi
1246 4694 1351 4733 non
1396 4694 1539 4744 esse,
1577 4681 1672 4734 sed
1702 4681 1766 4733 ad
1799 4681 1902 4733 hoc
1929 4693 2133 4746 corpus

568 4762 983 4832 signiﬁcandum
1018 4768 1264 4823 adhiberi
1303 4771 1644 4825 admoneret.
1694 4768 1837 4823 Nihil
1862 4767 2131 4837 ejusmodi

568 4851 770 4906 factum
803 4871 831 4907 a
863 4853 921 4909 S.
957 4868 1231 4927 martyre;
1274 4859 1369 4914 sed
1398 4861 1453 4913 in
1484 4860 1536 4913 id
1567 4869 1711 4914 totus
1747 4858 2034 4923 incumbit,
2078 4866 2134 4911 ut

569 4942 673 4997 hoc
726 4950 1042 5016 mysterium
1077 4966 1180 5003 non
1213 4949 1331 5004 sine
1373 4950 1712 5019 gravissimis
1758 4950 1941 5005 causis
1984 4950 2130 5004 credi

569 5034 929 5091 demonstret.
980 5039 1095 5093 Duo
1145 5041 1567 5110 requirebantur
1621 5042 1674 5095 in
1730 5056 1792 5095 re
1844 5041 1979 5095 tanti
2018 5056 2135 5095 mo-

568 5127 734 5182 menti
756 5143 766 5176 :
785 5131 979 5197 primo,
1006 5141 1063 5185 ut
1086 5133 1429 5201 omnipotens
1451 5132 1543 5199 sit,
1563 5133 1652 5202 qui
1669 5148 1787 5188 eam
1814 5148 1843 5187 a
1870 5148 1928 5189 se
1947 5134 2132 5202 perﬁci

569 5219 816 5281 dixerat;
871 5221 1067 5278 deinde
1111 5233 1168 5276 ut
1198 5224 1340 5277 nulla
1369 5225 1483 5293 ejus
1525 5226 1710 5281 verbis
1762 5227 1893 5280 insit
1937 5227 2134 5281 obscu-

569 5312 723 5368 ritas.
780 5312 1027 5383 Utroque
1081 5327 1397 5385 argumento
1444 5318 1638 5372 nititur
1680 5316 1945 5384 Justinus,
1998 5319 2127 5372 dum

569 5403 1002 5459 Christianorum
1040 5406 1200 5463 ﬁdem
1247 5407 1372 5463 inde
1424 5409 1645 5478 repetit,
1689 5411 1834 5480 quod
1886 5410 2132 5465 Verbum

571 5494 720 5559 illud,
760 5496 900 5565 quod
928 5498 1031 5552 sibi
1064 5500 1116 5553 in
1142 5508 1296 5554 utero
1331 5498 1570 5569 Virginis
1601 5517 1821 5557 carnem
1849 5502 2130 5569 formavit,

569 5599 792 5658 accepto
827 5606 981 5660 pane,
1037 5592 1267 5650 dixerit:
1317 5592 1432 5648 Hoc
1461 5604 1536 5648 est
1582 5610 1769 5665 corpus
1813 5613 2023 5662 meum;
2056 5609 2129 5664 et,

572 5688 792 5747 accepto
821 5682 1030 5738 ealice:
1066 5682 1166 5738 Hic
1197 5696 1272 5740 est
1312 5688 1528 5755 sanguis
1570 5704 1736 5746 meus.
1793 5690 1910 5758 Quo
1969 5706 2135 5746 sensu

574 5786 671 5826 uos
724 5772 1050 5832 eucharistia
1084 5778 1151 5833 ali
1196 5781 1407 5845 doceat,
1456 5781 1639 5837 itidem
1690 5793 1747 5838 ut
1781 5784 1870 5839 alii
1916 5784 2130 5853 Patres,

2232 3212 2505 3277 doctrina,
2529 3224 2691 3280 quem
2723 3208 2920 3261 Petrus
2954 3206 3099 3262 Allix
3138 3220 3167 3258 a
3196 3205 3512 3273 corporibus
3540 3203 3689 3255 rediv

2232 3301 2551 3371 sanguinem
2584 3300 2900 3362 removisse,
2930 3312 2994 3351 ac
3023 3296 3076 3350 in
3113 3296 3444 3351 eucharistia
3473 3295 3689 3362 sanguit

2231 3394 2432 3448 Christi
2462 3408 2563 3447 non
2591 3392 2883 3463 agnovisse
2907 3390 3207 3445 contendit.

2303 3485 2395 3538 Sic
2418 3486 2581 3553 igitur
2613 3485 2864 3546 Irenteus,
2891 3483 2984 3536 lib.
3010 3496 3083 3545 tv,
3108 3496 3156 3534 c.
3187 3478 3276 3545 18,
3297 3495 3352 3534 n.
3381 3478 3449 3534 5:
3472 3477 3664 3539 Πῶς...

2232 3578 2407 3648 σάρκα
2440 3575 2686 3644 λέγουσιν
2715 3578 2795 3637 εἰς
2823 3573 3027 3645 φθορὰν
3056 3576 3271 3644 χωρεῖν,
3316 3572 3409 3625 καὶ
3449 3571 3520 3642 μὴ
3551 3569 3690 3640 μετέῖ

2230 3673 2325 3740 τῆς
2356 3669 2519 3740 ζωῆς,
2549 3668 2646 3739 τὴν
2678 3668 2786 3722 ἀπὸ
2816 3667 2908 3720 τοῦ
2937 3666 3185 3737 σώματος
3212 3664 3306 3718 τοῦ
3326 3664 3545 3735 Κυρίου,
3577 3669 3674 3715 καὶ

2230 3763 2455 3833 αἵματος
2499 3762 2662 3817 αὐτοῦ
2695 3763 3027 3834 τρεφομένην
3052 3779 3065 3827 ;
3094 3762 3127 3832 ἢ
3159 3760 3255 3831 τὴν
3302 3760 3522 3829 γνώμην
3565 3756 3690 3810 ἀλλα

2229 3856 2552 3925 τωσαν,ἢτὸ
2583 3855 2906 3927 προσφέρειν
2926 3853 2993 3907 τὰ
3021 3854 3282 3925 εἰρημένα
3310 3851 3690 3923 παραιτείσθωι

2243 3946 2425 4016 Ἠμῶν
2438 3946 2494 3999 δὲ
2508 3944 2790 4015 σύμφωνος
2807 3948 2839 4016 ἡ
2854 3942 3042 4014 γνώμη
3054 3946 3119 4015 τῇ
3136 3942 3473 4013 εὐχαριστίᾳ,
3487 3941 3575 3995 καὶ
3592 3943 3624 4011 ἡ
3644 3940 3690 3991 εἰ

2233 4036 2700 4111 ριστία...βε6αιοί
2719 4038 2817 4107 τὴν
2846 4034 3520 4107 γνώμην...προσφέρομεν
3559 4035 3611 4088 δὲ
3648 4049 3690 4085 ατ

2231 4129 2297 4182 τὰ
2322 4128 2446 4192 ἴδια,
2466 4125 2716 4198 ἐμμελῶς
2733 4128 3013 4181 κοινωνίαν
3030 4128 3121 4183 καὶ
3142 4126 3332 4181 ἕνωσιν
3343 4126 3690 4194 ἁπαγγέλλονη

2232 4222 2326 4275 καὶ
2358 4220 2743 4291 ὁμολογοῦντες
2803 4222 3001 4293 σαρκὸς
3055 4221 3150 4274 καὶ
3201 4219 3502 4290 πνεύματος
3555 4217 3689 4287 ἔγεμ

2245 4315 2330 4377 Ὠς
2358 4315 2466 4385 γὰρ
2499 4316 2605 4368 ἀπὸ
2633 4315 2735 4384 γῆς
2781 4316 2943 4385 ἄρτος
3001 4313 3541 4384 προσλαμϐάνομενος
3573 4311 3668 4380 τὴν

2233 4406 2421 4477 κλησιν
2443 4407 2533 4459 τοῦ
2566 4406 2720 4471 Θεοῦ,
2756 4407 2937 4469 οὐκέτι
2971 4406 3144 4469 κοινὸς
3174 4405 3336 4475 ἄρτος
3369 4403 3531 4467 ἐστὶν,
3566 4401 3675 4455 ἀλλ’

2234 4500 2506 4570 χαριστία,
2525 4502 2589 4553 ὲκ
2603 4498 2695 4552 δύο
2712 4498 3048 4570 πραγμάτων
3068 4498 3444 4566 συνεστηκυῖα,
3463 4494 3690 4562 ἐπιγείου

2233 4592 2326 4644 καὶ
2353 4592 2600 4662 οὐρανίου
2626 4608 2638 4621 ο
2670 4591 2841 4655 οὕτως
2862 4591 2954 4644 καὶ.
2978 4590 3044 4643 τὰ
3079 4589 3306 4660 σώματα
3338 4589 3489 4660 ἡμῶν
3522 4587 3689 4658 μεταλ

2232 4683 2461 4737 ϐάνοντα
2487 4684 2584 4754 τῆς
2616 4684 2982 4754 εὐχαριστίας,
3012 4683 3206 4755 μηκέτι
3224 4677 3360 4734 εἶναι
3378 4680 3535 4750 (ἐστὶ)
3556 4679 3690 4749 φΘαρ

2232 4779 2330 4848 τὴν
2388 4778 2575 4829 ἐλπίδα
2636 4778 2734 4848 τῆς
2783 4779 2863 4840 εἰς
2916 4776 3119 4838 αἰῶνας
3178 4774 3523 4835 ἀναστάσεως
3574 4774 3690 4842 ἕχον

2240 4890 2260 4923 ι
2293 4872 2575 4937 Quomodo
2622 4882 2804 4925 autem
2855 4886 3043 4925 rursus
3082 4871 3271 4924 dicunt
3312 4882 3524 4924 carnem
3567 4868 3618 4920 in
3664 4882 3690 4919 c

2237 4964 2545 5032 ruptionem
2569 4963 2862 5030 devenire,
2890 4975 2941 5019 et
2975 4979 3079 5018 non
3127 4964 3408 5031 percipere
3438 4961 3617 5025 vitam,
3666 4976 3690 5028 q

2236 5068 2468 5122 corpore
2497 5054 2709 5108 Domini
2752 5068 2807 5109 et
2856 5055 3117 5123 sanguine
3151 5053 3504 5122 alitur?Ergo
3533 5062 3623 5104 aut
3658 5067 3690 5104 Si

2238 5144 2464 5198 tentiam
2504 5155 2716 5199 mutent
2738 5157 2836 5200 aut
2877 5146 3187 5201 abstineant
3215 5144 3486 5199 offerendo
3517 5158 3632 5211 qua:
3656 5159 3686 5210 p

2237 5237 2379 5291 diota
2412 5246 2559 5292 sunt.
2592 5236 2790 5294 Nostra
2840 5248 3020 5292 autem
3066 5252 3375 5293 consonans
3408 5246 3486 5289 est
3517 5246 3690 5290 senten

2234 5328 2601 5393 eucharistiaa,
2636 5338 2691 5383 et
2729 5327 3060 5383 eucharistia
3111 5344 3299 5383 rursus
3350 5329 3627 5383 conﬁrmat
3659 5343 3690 5379 Si

2237 5420 2465 5473 tentiam
2499 5428 2760 5473 nostram.
2795 5419 3085 5475 Oﬁ‘erimus
3112 5422 3256 5475 enim
3282 5422 3331 5475 ei
3364 5434 3477 5489 qua:
3501 5427 3621 5473 sunt
3642 5419 3686 5487 ej

2236 5521 2601 5579 congruenter
2646 5512 3194 5567 communicationem
3227 5525 3282 5566 et
3322 5513 3564 5573 unitatem
3592 5525 3690 5577 pra‘

2238 5615 2422 5657 cautes
2455 5601 2663 5674 [Graece
2712 5603 3040 5659 conﬁtentes
3090 5602 3555 5674 resurrectionem]
3600 5620 3690 5656 car

2236 5703 2293 5749 et
2348 5695 2593 5763 spiritus.
2635 5695 3106 5762 Quemadmodum
3164 5699 3303 5751 enim
3338 5696 3532 5767 quiest
3566 5710 3593 5747 a
3637 5705 3689 5748 te;

2236 5786 2409 5855 panis,
2446 5786 2750 5857 percipiens
2782 5789 3181 5846 invocationem
3214 5790 3327 5855 Dei,
3366 5785 3471 5857 jam
3497 5802 3591 5841 non
3631 5802 3690 5839 co
