3792 6542
70 394 121 455 69

1044 393 1105 448 D.
1142 388 1408 451 MABANI
1447 390 1841 450 PREFATIO.
1875 425 1945 437 —
1976 392 2157 449 PARS
2183 388 2248 450 ll.

3187 390 3256 448 70

69 516 210 569 munis
231 520 310 568 est
328 514 505 583 panis,
547 515 635 570 sed
662 513 1015 577 eucharistia,
1061 528 1124 569 ex
1167 515 1379 569 duabus
1411 516 1574 569 rebus
1606 518 1648 572 Α
1678 515 1906 577 tionem,
1937 529 2059 582 quae
2086 513 2144 567 ﬁt
2175 515 2228 567 irt
2256 511 2623 576 eucharistia,
2654 521 2709 567 et
2751 526 2870 567 eam
2906 526 3025 581 qua:
3056 525 3251 579 corpoa

67 617 299 669 constans,
332 613 549 660 terrena
580 615 633 660 et
662 605 908 670 cmlesti;
949 604 1031 660 sic
1058 614 1111 659 et
1142 620 1370 675 corpora
1394 616 1577 662 nostra

65 697 370 765 percipientia
401 696 818 761 eucharistiam,
861 695 969 766 jam
1015 712 1123 752 non
1148 707 1275 751 sunt
1305 699 1575 768 corrupti-

65 788 183 851 biiia,
209 802 345 857 spem
382 787 797 843 resurrectionis
823 788 1095 843 habentia.
1124 808 1144 841 ι
1174 788 1299 844 Sola
1334 790 1575 846 Ecclesia

66 880 107 932 in
153 876 448 931 celebranda
510 878 843 932 eucharistia
915 878 1467 934 communicationem
1523 888 1577 936 et

68 970 277 1023 unitatem
316 967 594 1036 praedicat,
624 972 750 1038 quia
786 979 950 1023 secta:
979 986 1083 1025 non
1117 981 1267 1026 recte
1304 971 1573 1037 dividunt,

72 1071 115 1111 ut
136 1076 175 1111 η.
200 1059 229 1111 5
251 1059 471 1123 dicebat,
504 1076 619 1113 eam
647 1078 765 1129 qua
794 1070 869 1114 est
918 1064 987 1113 ad
1014 1064 1310 1125 proximum
1340 1080 1574 1118 commu-

74 1152 245 1202 nionem.
287 1148 637 1207 Resurrectio
686 1153 932 1223 corporis
959 1161 1014 1205 et
1040 1155 1266 1223 spiritus
1299 1162 1414 1210 sive
1452 1159 1573 1213 ani-

70 1257 158 1302 ma,
186 1256 324 1308 quam
358 1241 597 1297 Ecclesia
631 1246 807 1304 docet.
849 1246 1105 1316 loquendi
1142 1251 1282 1302 ratio
1315 1257 1396 1304 eSt
1434 1252 1575 1319 apud

72 1334 264 1398 antiquos
309 1334 523 1400 usitata,
577 1346 637 1389 ut
666 1337 952 1393 observavi
1009 1342 1074 1394 ad
1130 1339 1416 1410 Theophili
1461 1345 1573 1397 An-

74 1425 195 1475 tioch.
229 1424 309 1476 lib.
341 1441 375 1478 ι.

120 1515 200 1566 Sed
236 1516 363 1583 quod
404 1517 679 1586 praecipue
720 1520 1115 1576 observandum
1169 1525 1322 1578 nobis
1358 1535 1465 1589 est,
1515 1527 1570 1579 in

72 1605 130 1657 his
153 1606 330 1659 verbis:
377 1605 723 1661 Euclraristia
764 1626 831 1664 ex
856 1611 1060 1667 duabus
1106 1619 1256 1669 rebus
1304 1631 1571 1683 constans,

70 1706 223 1747 terrena
247 1706 291 1749 ct
317 1698 533 1761 caelesti,
565 1701 684 1753 duo
719 1702 943 1769 diversi,
976 1719 1072 1772 pro
1101 1706 1329 1761 diversis
1364 1718 1572 1778 tempo-

73 1786 196 1851 ribus,
221 1789 543 1843 eucharistiae
571 1800 754 1845 status
783 1794 1224 1851 considerantur.
1265 1797 1449 1852 Primo
1486 1816 1572 1854 res

1680 604 1832 656 ribus
1873 605 2077 658 nostris
2125 603 2389 674 promissa
2436 612 2551 667 est,
2579 603 2721 673 quod
2750 603 2903 672 panis
2940 601 3246 656 substantia

1679 704 1919 748 mutetur
1942 694 1992 747 in
2027 695 2189 748 aliam
2236 694 2395 763 longe
2434 694 2773 758 dissimilem,
2808 694 3012 749 nostris
3054 704 3238 747 autem

1679 785 2001 853 corporibus
2039 785 2402 847 substantiam
2440 802 2593 841 suam
2618 785 2976 839 retinentibus
3011 784 3253 852 qualitas

1680 886 1888 931 tantum
1932 884 2223 933 accessura
2262 879 2356 933 sit.
2395 877 2500 933 Sed
2529 892 2594 931 ex
2626 878 2728 931 hoc
2760 875 3072 930 discrimine
3102 890 3249 944 pra:-

1676 970 1876 1027 clarior
1926 975 2107 1027 evenit
2160 974 2514 1042 comparatio.
2565 971 2763 1025 Probat
2812 971 2956 1025 enim
3009 971 3247 1026 lrenaeus

1676 1062 1857 1119 minus
1899 1063 2221 1118 miraculum
2262 1077 2329 1116 ex
2374 1060 2610 1129 majore,
2638 1070 2695 1114 ut
2745 1072 3154 1115 controversum
3180 1074 3247 1113 ex

1675 1170 1781 1209 non
1838 1164 2212 1212 controverso.
2260 1154 2401 1221 Quin
2432 1155 2598 1208 etiam
2646 1154 2882 1208 absurda
2912 1163 3055 1208 esset
3101 1153 3248 1207 illius

1676 1247 2046 1313 ratiocinatio,
2087 1248 2191 1301 nisi
2220 1247 2580 1301 substantiam
2613 1247 2767 1313 panis
2800 1246 3015 1316 penitus
3049 1247 3249 1300 mutari

1677 1352 1741 1393 ac
1776 1338 1977 1393 nullam
2016 1353 2239 1407 prorsus
2283 1353 2568 1407 superesse
2615 1338 2877 1392 dicamus.
2915 1336 3251 1406 Quocunque

1675 1430 1819 1485 enim
1856 1430 2066 1483 honore
2110 1430 2264 1498 panis
2295 1438 2591 1498 augeatur;
2623 1430 2666 1483 si
2701 1431 2855 1498 panis
2878 1445 2999 1486 esse
3025 1447 3131 1485 non
3154 1432 3251 1485 de-

1679 1522 1845 1585 sinat,
1888 1520 2046 1590 longe
2084 1522 2383 1575 mirabilior
2435 1521 2539 1575 erit
2592 1536 2878 1591 corporum
2935 1518 3243 1577 noStrorum

1679 1614 1909 1667 mutatio
1932 1654 1947 1678 ,
1985 1628 2104 1681 qum
2139 1629 2245 1666 non
2280 1614 2451 1667 solum
2492 1614 2781 1682 acquirent
2826 1615 3247 1682 incorruptionis

1678 1703 1865 1765 decus,
1898 1703 1993 1757 sed
2026 1702 2189 1756 etiam
2220 1718 2284 1756 ex
2330 1702 2557 1756 mortuis
2586 1712 2642 1756 et
2672 1702 2947 1756 dissolutis
2978 1718 3041 1755 ac
3070 1704 3120 1755 in
3153 1719 3247 1755 va-

1680 1793 1789 1847 rias
1823 1795 2009 1847 mundi
2045 1804 2227 1860 partes
2271 1793 2552 1861 dissipatis
2582 1793 2770 1847 eadem
2799 1794 2972 1861 quoad
2995 1795 3248 1847 substan-

70 1886 233 1932 terrena
254 1891 346 1945 est,
372 1883 485 1936 sive
527 1885 689 1949 panis
732 1886 821 1954 qui
863 1896 939 1939 est
969 1904 1002 1940 a
1034 1898 1205 1953 terra,
1235 1906 1341 1943 uno
1380 1893 1567 1956 verbo,
1602 1860 1647 1919 Β
1680 1883 1809 1936 tiam
1863 1883 2000 1937 ﬁant
2046 1898 2299 1952 corpora,
2336 1860 2684 1951 superaddito
2719 1882 3249 1952 incorruptibilitatis

71 1970 178 2035 panis
205 1974 495 2039 communis,
553 1976 751 2029 deinde
797 1978 853 2029 lit
914 1979 1271 2047 eucharistia,
1334 1983 1436 2036 hoc
1486 1991 1571 2037 est

70 2073 214 2126 corpus
237 2071 283 2114 et
307 2063 521 2129 sanguis
564 2063 806 2118 Domini.
834 2064 1113 2134 anlicem
1162 2068 1309 2122 illum
1351 2084 1417 2123 ex
1443 2084 1568 2123 suc—

72 2153 255 2206 cessione
289 2165 477 2207 statum
506 2156 774 2223 praeclare
809 2158 860 2211 in
895 2159 1005 2213 alio
1031 2159 1192 2213 etiam
1219 2159 1339 2214 loco
1363 2161 1570 2215 descri-

71 2244 122 2294 bit
140 2244 357 2299 lrenrus:
388 2247 494 2299 Καὶ
518 2248 695 2318 ὅνπερ
716 2250 917 2321 τρόπον
938 2249 999 2303 τὸ
1026 2249 1179 2314 ξύλον
1205 2252 1303 2321 τῆς
1322 2252 1567 2323 ἀμπέλου

70 2334 201 2387 ιλιθὲν
224 2338 291 2399 εἰς
313 2337 402 2408 τὴν
433 2338 539 2409 γῆν
559 2339 641 2410 τῷ
666 2339 780 2411 ἰδίῳ
805 2339 979 2412 καιρῷ
1007 2344 1442 2416 ὲκαρποφόρησε,
1472 2344 1565 2397 καὶ

68 2427 251 2490 deducito;
268 2428 351 2480 τοῦ
374 2430 519 2483 σίτου
543 2430 734 2484 πεσὼν
761 2434 842 2495 είς
866 2433 966 2505 τὴν
1004 2434 1128 2505 γῆν,
1145 2435 1237 2487 καὶ
1275 2434 1560 2499 διαλυθεὶς,

71 2518 287 2582 miles-ret:
308 2522 503 2593 ἠγέρθη
527 2522 622 2576 διὰ
663 2522 755 2576 τοῦ
788 2524 1103 2595 Πνεύματος
1144 2524 1237 2580 τοῦ
1277 2525 1432 2590 Θεοῦ,
1468 2527 1561 2580 τοῦ

72 2609 307 2677 σλνέχοπος
331 2610 393 2663 τὰ
432 2612 646 2665 πάντα·
672 2611 861 2665 ἔπειτα
892 2613 949 2665 δὲ
990 2613 1078 2667 διὰ
1126 2615 1222 2685 τῆς
1258 2617 1448 2684 σοφίας
1481 2618 1561 2679 εἰς

72 2700 208 2770 χρῆσιν
224 2699 417 2755 ἐλθόντα
432 2702 529 2756 ἀνθ
538 2702 761 2773 ρώπων,
785 2704 878 2775 καὶ
901 2704 1429 2777 προσλαμϐανόμενα
1471 2707 1562 2760 τὸν

73 2792 180 2859 λόγον
196 2792 270 2846 τοῦ
297 2793 420 2846 Θεοῦ
448 2792 774 2867 εὐχαριστία
811 2796 1050 2865 γίνεται,
1074 2798 1209 2869 ὅπερ
1245 2798 1362 2851 ἐστὶ
1402 2798 1560 2870 σῶμα

75 2879 260 2956 καὶαῖμα
285 2886 366 2940 τοῦ
401 2887 641 2961 Χριστοῦ
662 2905 676 2919 ’
711 2888 883 2953 οὕτως
920 2890 1015 2943 καὶ
1058 2890 1126 2945 τὰ
1165 2891 1408 2961 ἡμέτερα
1453 2890 1557 2943 σώ-

80 2993 174 3042 ματα
191 2974 236 3040 ἐξ
256 2978 403 3047 αὐτῆς
424 2979 756 3050 τρεφόμενα,
788 2980 879 3032 καὶ
919 2979 1140 3033 τεθέντα
1185 2984 1264 3045 εἰς
1292 2982 1387 3053 τὴν
1430 2984 1553 3055 γῆν,

78 3065 139 3116 ni
174 3066 440 3121 διαλυθέντα
496 3072 557 3124 ἐν
603 3068 742 3140 αὐτῇ
765 3111 779 3133 ,
821 3073 1185 3143 ἀναστήσεται
1233 3076 1289 3127 ἐν
1324 3074 1401 3145 τῷ
1440 3076 1553 3147 ἰδίῳ

81 3156 209 3257 ξαιρῷ,
234 3158 310 3210 τοῦ
333 3158 481 3227 λόγου
523 3159 619 3212 τοῦ
654 3160 790 3213 Θεοῦ
817 3161 915 3231 τὴν
949 3162 1164 3233 ἔγερσιν
1190 3164 1369 3227 αὐτοῖς
1398 3182 1551 3238 χαρι-
1588 3201 1630 3259 C

1672 1974 1829 2028 dono.

1740 2062 2013 2117 Prteterea
2070 2064 2206 2119 duas
2254 2065 2589 2119 mutationes
2640 2065 2691 2118 in
2744 2079 2882 2134 pane
2927 2065 3244 2121 considerat

1668 2152 1902 2207 lrena:us
1938 2153 2193 2222 :primam
2256 2167 2364 2223 qua
2428 2170 2495 2209 ex
2528 2154 2709 2209 tritico
2737 2140 3019 2210 accidente
3049 2157 3101 2211 in
3137 2169 3243 2212 ter-

1669 2262 1783 2300 ram
1821 2258 1876 2300 et
1903 2246 2163 2301 dissoluto
2202 2247 2473 2317 multiplex
2498 2248 2659 2317 surgit
2698 2264 2791 2315 per
2817 2247 3077 2318 Spiritum
3117 2249 3235 2316 Dei,

1668 2338 1842 2408 ﬁtque
1882 2341 2040 2409 panis
2064 2340 2131 2393 ad
2162 2340 2440 2393 hominum
2481 2357 2643 2408 usus;
2674 2344 2897 2397 alteram
2933 2360 3037 2413 qua
3066 2346 3241 2414 perci-

1666 2432 1821 2502 piens
1853 2432 2090 2486 Verbum
2116 2430 2208 2485 Dei
2244 2434 2302 2485 lit
2336 2446 2531 2500 corpus
2551 2432 2775 2488 Christi.
2808 2435 3084 2489 Posterior
3115 2452 3238 2489 tnu-

1668 2524 1800 2577 tatio
1844 2524 1998 2594 longe
2051 2524 2353 2578 mirabilior
2383 2541 2544 2593 quatit
2595 2528 2791 2592 prima.
2842 2526 2972 2580 Nam
3015 2543 3236 2597 compa-

1665 2622 1855 2666 rantur
1896 2615 2112 2683 quidem
2159 2631 2279 2669 cum
2338 2625 2567 2685 utraque
2618 2626 2802 2671 nostra
2829 2632 3079 2687 corpora,
3119 2634 3239 2687 qua:

1661 2721 1726 2758 ea:
1768 2706 2089 2759 eucharistia
2123 2708 2347 2769 nutrita,
2382 2717 2431 2760 et
2474 2709 2702 2776 reposita
2745 2711 2798 2761 in
2839 2718 3031 2762 terram
3070 2719 3115 2763 et
3156 2726 3240 2764 re-

1660 2796 1835 2849 soluta
1859 2798 1911 2848 in
1930 2812 2013 2860 ea,
2033 2807 2302 2865 resurgent
2328 2812 2425 2850 suo
2459 2805 2704 2865 tempore.
2727 2796 2797 2851 At
2827 2798 3240 2853 resurrectionis

1659 2884 1905 2941 effectrix
1945 2896 2026 2939 est
2062 2886 2173 2941 sola
2204 2887 2293 2941 illa
2319 2887 2476 2956 panis
2505 2888 2557 2941 in
2605 2902 2804 2957 corpus
2830 2887 3030 2941 Christi
3062 2896 3237 2941 mum-

1659 2978 1757 3039 tio,
1793 2990 1913 3044 qua:
1951 2975 2099 3029 nulla
2152 2991 2375 3045 prorsus
2403 2978 2533 3043 erit,
2562 2978 2607 3032 si
2647 2979 2807 3047 panis
2845 2978 3080 3045 supersit
3103 2980 3235 3033 sub-

1657 3069 1881 3122 stantia.

1734 3158 1820 3215 Vl.
1854 3158 2025 3216 Locus
2082 3159 2399 3217 Tertulliani
2461 3160 2659 3232 legitur
2716 3162 2770 3218 in
2819 3163 2958 3217 libro
3006 3180 3060 3218 tv
3104 3164 3227 3218 adv.

80 3240 234 3310 ζῡμένου
258 3252 320 3313 είς
340 3250 489 3317 δόξαν
510 3250 653 3305 Θεοῦ
692 3253 784 3306 καὶ
813 3253 1047 3325 Πατρός.
1082 3273 1099 3305 ι
1132 3254 1195 3308 Et
1215 3260 1558 3325 quemadmo-

1665 3250 2009 3318 Marcionem,
2036 3265 2085 3305 c.
2116 3251 2171 3316 4,
2205 3250 2291 3305 ubi
2319 3252 2399 3307 sic
2436 3251 2713 3323 loquitur:
2765 3272 2783 3306 ι
2814 3254 3099 3310 Professus
3127 3257 3231 3310 ita-

82 3344 163 3389 dum
179 3338 341 3408 lignum
373 3342 515 3407 vitis,
562 3344 740 3413 inquit
781 3345 875 3398 lib.
907 3360 958 3407 ν,
982 3360 1102 3413 cap.
1137 3347 1194 3410 2,
1222 3363 1278 3401 n.
1308 3347 1365 3407 5,
1399 3348 1559 3418 depo-

82 3429 188 3480 situm
213 3432 254 3483 in
280 3442 464 3488 terram
496 3451 598 3491 suo
625 3436 924 3491 fructilicat
948 3447 1214 3507 tempore,
1237 3450 1291 3493 et
1321 3456 1552 3509 granum

84 3520 189 3574 tritici
216 3524 431 3580 decidens
470 3528 523 3581 in
561 3537 775 3583 terram
809 3538 867 3584 et
905 3531 1232 3585 dissolutum
1267 3533 1555 3601 multiplex

83 3616 199 3680 surgit
228 3630 309 3685 per
350 3618 609 3690 Spiritum
655 3620 775 3687 Dei,
802 3622 892 3691 qui
931 3623 1175 3677 continet
1199 3623 1404 3687 omnia,
1434 3639 1556 3693 qua:

84 3704 213 3759 deinde
236 3725 313 3777 per
334 3714 651 3780 sapientiam
683 3714 739 3767 in
782 3729 941 3767 usum
978 3713 1218 3768 hominis
1254 3715 1477 3768 veniunt
1500 3725 1557 3770 et

86 3798 339 3863 percipienda
369 3800 599 3857 Verbum
635 3804 733 3859 Dei
761 3805 1095 3860 eucharistia
1123 3804 1282 3870 ﬁunt,
1302 3807 1445 3875 quod
1470 3816 1555 3863 est

88 3902 221 3954 corpus
244 3902 287 3945 et
308 3895 517 3961 sanguis
546 3893 785 3963 Christi;
819 3896 901 3951 sic
930 3907 988 3951 et
1020 3905 1203 3951 nostra
1235 3912 1463 3965 corpora
1486 3912 1553 3953 ex

90 3990 129 4028 ea
158 3981 311 4035 nutrita
338 3994 389 4037 et
412 3987 652 4055 reposita
695 3986 750 4039 in
775 3994 1001 4049 terram,
1036 3996 1091 4041 et
1133 3986 1370 4041 resoluta
1400 3985 1453 4039 in
1488 4002 1552 4041 ea

90 4081 287 4137 resurgant
315 4075 361 4127 in
394 4090 490 4130 suo
524 4086 778 4145 tempore
798 4116 814 4141 ,
846 4073 1024 4131 Verbo
1060 4075 1155 4131 Dei
1195 4077 1550 4131 resurrectio-

86 4172 164 4210 nem
194 4165 256 4217 eis
276 4166 511 4231 donante,
544 4167 599 4220 in
630 4166 860 4236 gloriam
900 4166 994 4220 Dei
1036 4164 1267 4222 Patris.)
1303 4165 1419 4220 Non
1453 4180 1550 4236 po-

88 4258 155 4300 test
178 4252 240 4307 hic
261 4259 513 4312 successio
532 4258 878 4312 diversorum
909 4266 1143 4311 statuum
1174 4272 1280 4311 non
1304 4256 1548 4310 animad—

87 4342 201 4404 verti,
226 4346 308 4400 nisi
348 4349 463 4416 quis
497 4350 773 4403 ctecutiat.
825 4347 1011 4403 Primo
1047 4363 1136 4403 res
1176 4355 1393 4402 terrena
1441 4356 1546 4412 est,

88 4444 214 4500 nempe
238 4438 279 4492 id
308 4441 431 4509 quod
460 4442 761 4512 depositum
793 4442 851 4495 in
913 4453 1109 4498 terram
1161 4457 1256 4494 suo
1316 4438 1547 4508 fructiﬁ-

1660 3357 1767 3411 que
1795 3357 1856 3397 se
1880 3343 2321 3413 concupiscentia
2365 3348 2690 3414 concupisse
2736 3348 2897 3402 edere
2941 3349 3137 3417 pascha
3175 3360 3231 3403 et

1660 3447 1818 3486 suum
1843 3433 2160 3503 (indignum
2198 3434 2342 3488 enim
2377 3445 2437 3489 ut
2459 3436 2590 3504 quid
2617 3436 2851 3492 alienum
2876 3442 3232 3509 concupisce-

1660 3534 1741 3579 ret
1774 3524 1937 3593 Deus)
1969 3535 2250 3595 acceptum
2276 3541 2471 3596 panem
2498 3536 2553 3581 et
2578 3528 2921 3583 distributum
2948 3531 3228 3600 discipulis

1659 3631 1853 3685 corpus
1884 3616 2031 3671 illum
2075 3633 2233 3672 suum
2275 3618 2434 3674 fecit;
2467 3617 2581 3672 Hoc
2612 3628 2687 3673 est
2716 3636 2904 3689 corpus
2935 3638 3105 3675 meum
3138 3624 3221 3676 di-

1657 3702 1850 3767 cendo,
1885 3703 1942 3758 id
1995 3712 2079 3759 est
2118 3706 2290 3773 ﬁgura
2342 3708 2589 3775 corporis
2632 3708 2758 3761 mei.
2803 3707 3000 3777 Figura
3044 3720 3222 3765 autem

1657 3809 1762 3849 non
1790 3804 1955 3861 esset,
1989 3796 2095 3851 nisi
2129 3797 2379 3852 veritatis
2400 3806 2545 3852 esset
2575 3813 2797 3867 corpus.
2832 3799 3095 3856 Caeterum
3133 3819 3225 3856 va-

1653 3902 1755 3941 cua
1808 3902 1919 3953 res,
1964 3904 2086 3959 quas
2135 3898 2218 3944 est
2269 3891 2590 3959 phantasma
2632 3892 2857 3961 ﬁguram
2887 3908 3082 3962 capere
3114 3909 3221 3950 non

1655 3989 1859 4049 posset.
1892 3981 2004 4036 Aut
2048 3982 2093 4037 si
2124 3992 2408 4052 propterea
2447 3998 2641 4053 partem
2679 3999 2875 4054 corpus
2920 3987 3022 4041 sibi
3067 3986 3222 4055 fecit,

1656 4072 1780 4140 quia
1811 4073 2058 4141 corporis
2096 4075 2318 4127 carebat
2357 4075 2617 4140 veritate;
2649 4090 2779 4145 ergo
2813 4092 3005 4146 panem
3037 4082 3219 4137 debuit

1653 4162 1871 4215 tradere
1894 4177 1992 4232 pro
2020 4163 2200 4218 nobis.
2228 4163 2484 4219 Faciebat
2513 4166 2579 4218 ad
2604 4169 2896 4223 vanitatem
2926 4169 3221 4227 Marcionis

1653 4261 1713 4305 ut
1739 4254 1897 4321 panis
1924 4270 2023 4324 pro
2054 4255 2211 4311 nobis
2245 4257 2674 4326 cruciﬁgeretur.
2708 4278 2727 4312 ι

1719 4341 1892 4413 Hujus
1929 4344 2034 4399 loci
2069 4344 2229 4398 aliam
2259 4347 2677 4413 explicationem
2708 4348 3022 4419 Perronius,
3050 4352 3212 4407 aliam

1651 4445 1903 4490 auctores
1933 4434 2307 4505 Perpetuitatis
2342 4438 2466 4506 fidet
2499 4440 2829 4494 attulerunt:
2857 4441 2950 4496 sed
2984 4452 3214 4510 utraque

88 4533 324 4591 (“tempore
348 4540 395 4584 et
421 4535 567 4586 venit
594 4533 648 4585 in
672 4544 829 4585 usum
852 4531 1361 4598 hominum,estque
1379 4529 1535 4597 panis
1565 4537 1609 4591 1)
1640 4528 1964 4583 Tertulliani
1991 4528 2325 4583 sententiam
2364 4532 2415 4583 in
2445 4540 2556 4585 tuto
2598 4533 2776 4600 posuit
2801 4542 2855 4587 et
2890 4532 3030 4587 illius
3062 4536 3213 4589 testi-

89 4619 317 4682 munuunis,
351 4621 537 4677 deinde
578 4637 772 4689 corpus
815 4629 864 4674 et
908 4620 1123 4690 sanguis
1172 4620 1393 4685 Christi,
1424 4620 1539 4673 sive

88 4715 141 4753 his
159 4707 358 4767 catlestis.

130 4794 209 4861 Ipsa
230 4801 363 4857 etiam
386 4804 727 4859 eucharistias
753 4818 875 4859 cum
902 4800 1103 4872 duplici
1136 4816 1423 4871 corporum
1447 4817 1539 4858 no-

90 4895 247 4945 strorum
263 4905 386 4950 statu
413 4898 748 4968 comparatio
772 4905 902 4950 ante
923 4895 1110 4950 oculos
1133 4894 1285 4963 ponit
1307 4896 1533 4949 duorum

91 4979 395 5044 iiieucbaristia
440 5000 671 5044 statuum
716 4987 1142 5044 successionem.
1177 4985 1537 5057 Comparatur

92 5076 239 5130 mutatio
254 5094 355 5133 cuin
378 5084 686 5147 mutatione,
710 5096 797 5136 res
820 5092 1061 5147 terrena,
1088 5094 1209 5149 qua:
1231 5079 1293 5133 ﬁt
1318 5093 1405 5133 res
1426 5093 1537 5134 cat-

94 5162 201 5229 lcatit,
222 5169 313 5224 sive
331 5174 472 5239 panis
501 5174 831 5240 communis,
864 5171 957 5241 qui
988 5172 1049 5225 lit
1072 5185 1270 5240 corpus
1304 5170 1533 5237 Christi,

93 5264 163 5306 me
185 5272 369 5328 corpore
392 5265 745 5335 corruptibili,
774 5265 921 5334 quod
954 5264 1016 5317 lit
1045 5277 1244 5332 corpus
1285 5263 1534 5317 incorru-

96 5344 231 5407 l‘iihile.
256 5350 348 5407 Res
369 5364 540 5410 autem
560 5354 749 5410 eodem
783 5364 1025 5424 tempore
1048 5368 1112 5409 ac
1141 5352 1261 5408 sine
1286 5352 1391 5407 ulla
1411 5367 1535 5409 suc-

96 5438 255 5495 ﬁssione
288 5453 485 5501 terrena
513 5456 569 5502 et
595 5447 859 5517 ctelestis,
881 5445 1253 5516 corruptibilis
1282 5455 1337 5501 et
1362 5444 1534 5500 incor-

99 5528 274 5589 "Plibilis
299 5534 413 5601 quid
452 5536 666 5593 allerret
700 5537 958 5593 momenti
986 5538 1053 5592 ad
1085 5551 1390 5606 corporum,
1413 5552 1534 5607 quae

100 5630 183 5671 mute
227 5630 555 5699 eorruptibilia
612 5639 779 5698 sunt,
826 5628 1061 5685 futuram
1109 5628 1531 5698 incorruptibili-

101 5711 223 5765 literni

138 5796 225 5855 “1'”
252 5808 433 5878 ‘lﬂidem
463 5813 597 5872 inest
624 5811 961 5871 discriminis
1007 5812 1155 5869 inter
1181 5810 1328 5870 illam
1357 5822 1531 5868 muta-

1639 4623 1821 4676 tnonio
1864 4620 2122 4676 abutendi
2170 4620 2481 4675 facultatem
2535 4624 2863 4678 adversariis
2906 4627 3207 4696 praeripuit.

1636 4710 1779 4765 Nihil
1810 4709 1988 4765 obstat
2035 4709 2327 4779 quominus
2364 4713 2577 4765 tertiam
2624 4710 2915 4768 alleramus
2961 4729 3080 4785 qua:
3122 4718 3207 4772 ei-

1636 4802 1756 4857 dem
1786 4800 2066 4872 proposito
2092 4802 2455 4857 communiter
2481 4805 2765 4859 conducat.

1711 4892 1968 4963 Figuram
2006 4893 2260 4963 intelligit
2291 4893 2653 4949 Tertullianus
2688 4897 2740 4951 id
2768 4902 2909 4967 quod
2949 4900 3206 4953 substan-

1639 4984 1765 5039 tiam
1823 4985 2061 5053 aliquam
2120 4984 2483 5040 exterioribus
2533 4987 2704 5056 signis
2765 4988 3195 5052 circumscribit;

1634 5076 1774 5130 uude
1801 5076 1909 5130 ait:
1964 5074 2138 5130 Vacua
2180 5094 2284 5145 res,
2324 5096 2441 5149 qua:
2484 5092 2557 5133 est
2603 5083 2935 5150 phantasma,
2974 5085 3197 5153 ﬁguram

1634 5183 1817 5235 capere
1848 5184 1951 5222 non
1971 5179 2178 5237 posset:
2212 5170 2387 5224 solum
2417 5185 2613 5240 corpus
2639 5172 2868 5226 solidum
2896 5173 2996 5226 sub
3028 5175 3191 5243 ﬁgura

1632 5260 1802 5314 latere
1849 5270 2047 5330 potest.
2102 5260 2283 5326 Quare
2327 5260 2528 5316 Christi
2582 5262 2760 5317 verbis
2794 5264 2936 5318 hunc
2975 5279 3189 5325 sensum

1632 5351 1893 5422 assignat,
1940 5348 2057 5405 Hoc
2094 5359 2173 5405 est
2202 5367 2390 5420 corpus
2432 5368 2629 5420 meum,
2668 5353 2722 5408 id
2759 5363 2844 5408 est
2873 5354 3042 5424 ﬁgura
3072 5366 3193 5423 qua:

1631 5459 1828 5515 corpus
1875 5457 2055 5499 meum
2107 5443 2537 5507 circumscribit.
2574 5454 2629 5500 et
2654 5455 3051 5501 sacramentum
3083 5461 3191 5515 quo

1629 5536 1735 5592 mei
1760 5534 2006 5606 corporis
2030 5534 2330 5590 substantia
2362 5535 2690 5590 continetur.

1698 5623 1809 5680 Cur
1836 5623 1979 5679 hanc
2005 5622 2210 5679 Christi
2245 5622 2436 5677 verbis
2480 5620 2897 5690 explicationem
2933 5616 3190 5688 subjiciat

1630 5714 2016 5782 Tertullianus,
2050 5713 2212 5769 facile
2254 5726 2417 5767 causa
2470 5710 2731 5780 repetitur
2783 5724 2851 5764 ex
2900 5707 3192 5765 Marcionis

1628 5823 1838 5879 errore,
1859 5823 2022 5879 quem
2049 5804 2405 5864 refellendum
2428 5810 2757 5874 susceperat.
2773 5802 2985 5859 Christi.
2996 5815 3191 5871 corpus
