  <div class='ocr_page' id='page_1' title='image "/cluster/home/n/w/nwhite01/storage/ocr_20150623/6/hvd.32044019206606/043.png"; bbox 0 0 3796 6482; ppageno 0'>
   <div class='ocr_carea' id='block_1_1' title="bbox 508 329 3725 394">
    <p class='ocr_par' dir='ltr' id='par_1_1' title="bbox 508 329 3725 394">
     <span class='ocr_line' id='line_1_1' title="bbox 508 329 3725 394; baseline -0.006 0"><span class='ocrx_word' id='word_1_1' title='bbox 508 336 572 394; x_wconf 74' lang='grc'><strong>’71</strong></span> <span class='ocrx_word' id='word_1_2' title='bbox 1418 333 1474 390; x_wconf 91' lang='lat' dir='ltr'><strong>S.</strong></span> <span class='ocrx_word' id='word_1_3' title='bbox 1517 331 1852 389; x_wconf 81' lang='lat' dir='ltr'><strong>JUSTINUS</strong></span> <span class='ocrx_word' id='word_1_4' title='bbox 1891 329 2370 386; x_wconf 79' lang='lat' dir='ltr'><strong>PHILOSOPHUS</strong></span> <span class='ocrx_word' id='word_1_5' title='bbox 2402 329 2489 385; x_wconf 86' lang='lat' dir='ltr'><strong>ET</strong></span> <span class='ocrx_word' id='word_1_6' title='bbox 2528 329 2837 385; x_wconf 74' lang='lat' dir='ltr'><strong>MARTYR.</strong></span> <span class='ocrx_word' id='word_1_7' title='bbox 3663 336 3725 392; x_wconf 70' lang='grc' dir='ltr'><strong>ἠ</strong></span> 
     </span>
    </p>
   </div>
   <div class='ocr_carea' id='block_1_2' title="bbox 507 449 3723 523">
    <p class='ocr_par' dir='ltr' id='par_1_2' title="bbox 507 449 3723 523">
     <span class='ocr_line' id='line_1_2' title="bbox 507 449 3723 523; baseline 0.001 -15"><span class='ocrx_word' id='word_1_8' title='bbox 507 455 749 510; x_wconf 78' lang='lat' dir='ltr'><strong>Marcion</strong></span> <span class='ocrx_word' id='word_1_9' title='bbox 801 453 1116 523; x_wconf 74' lang='lat' dir='ltr'><strong>phantasma</strong></span> <span class='ocrx_word' id='word_1_10' title='bbox 1169 469 1290 508; x_wconf 84' lang='lat' dir='ltr'><strong>esse</strong></span> <span class='ocrx_word' id='word_1_11' title='bbox 1334 452 1570 518; x_wconf 86' lang='lat' dir='ltr'><strong>dicebat,</strong></span> <span class='ocrx_word' id='word_1_12' title='bbox 1625 469 1686 506; x_wconf 84' lang='lat' dir='ltr'><strong>ac</strong></span> <span class='ocrx_word' id='word_1_13' title='bbox 1721 468 1942 507; x_wconf 91' lang='lat' dir='ltr'><strong>carnem</strong></span> <span class='ocrx_word' id='word_1_14' title='bbox 1974 453 2075 505; x_wconf 90' lang='lat' dir='ltr'><strong>hu-</strong></span> <span class='ocrx_word' id='word_1_15' title='bbox 2103 457 2146 511; x_wconf 79' lang='grc' dir='ltr'><strong>Α</strong></span> <span class='ocrx_word' id='word_1_16' title='bbox 2181 457 2238 501; x_wconf 83' lang='grc' dir='ltr'><strong>ιιι</strong></span> <span class='ocrx_word' id='word_1_17' title='bbox 2265 449 2418 517; x_wconf 88' lang='lat' dir='ltr'><strong>panis</strong></span> <span class='ocrx_word' id='word_1_18' title='bbox 2465 451 2687 504; x_wconf 88' lang='lat' dir='ltr'><strong>minime</strong></span> <span class='ocrx_word' id='word_1_19' title='bbox 2727 459 2990 516; x_wconf 89' lang='lat' dir='ltr'><strong>mutatus,</strong></span> <span class='ocrx_word' id='word_1_20' title='bbox 3034 455 3126 508; x_wconf 92' lang='lat' dir='ltr'><strong>sed</strong></span> <span class='ocrx_word' id='word_1_21' title='bbox 3170 470 3196 508; x_wconf 93' lang='lat' dir='ltr'><strong>a</strong></span> <span class='ocrx_word' id='word_1_22' title='bbox 3232 453 3449 510; x_wconf 92' lang='lat' dir='ltr'><strong>Christo</strong></span> <span class='ocrx_word' id='word_1_23' title='bbox 3490 463 3723 523; x_wconf 84' lang='lat' dir='ltr'><strong>corporis</strong></span> 
     </span>
    </p>
   </div>
   <div class='ocr_carea' id='block_1_3' title="bbox 507 541 2070 616">
    <p class='ocr_par' dir='ltr' id='par_1_3' title="bbox 507 541 2070 616">
     <span class='ocr_line' id='line_1_3' title="bbox 507 541 2070 616; baseline -0.004 -15"><span class='ocrx_word' id='word_1_24' title='bbox 507 562 724 601; x_wconf 89' lang='lat' dir='ltr'><strong>manam</strong></span> <span class='ocrx_word' id='word_1_25' title='bbox 760 546 1039 616; x_wconf 74' lang='lat' dir='ltr'><strong>indignam</strong></span> <span class='ocrx_word' id='word_1_26' title='bbox 1075 560 1297 614; x_wconf 92' lang='lat' dir='ltr'><strong>prorsus</strong></span> <span class='ocrx_word' id='word_1_27' title='bbox 1339 559 1462 598; x_wconf 90' lang='lat' dir='ltr'><strong>esse</strong></span> <span class='ocrx_word' id='word_1_28' title='bbox 1513 545 1798 607; x_wconf 91' lang='lat' dir='ltr'><strong>sentiebat,</strong></span> <span class='ocrx_word' id='word_1_29' title='bbox 1825 559 1943 611; x_wconf 76' lang='lat' dir='ltr'><strong>qua:</strong></span> <span class='ocrx_word' id='word_1_30' title='bbox 1975 541 2070 595; x_wconf 88' lang='lat' dir='ltr'><strong>Dei</strong></span> 
     </span>
    </p>
   </div>
   <div class='ocr_carea' id='block_1_4' title="bbox 507 636 2071 705">
    <p class='ocr_par' dir='ltr' id='par_1_4' title="bbox 507 636 2071 705">
     <span class='ocr_line' id='line_1_4' title="bbox 507 636 2071 705; baseline -0.004 -12"><span class='ocrx_word' id='word_1_31' title='bbox 507 654 637 693; x_wconf 90' lang='lat' dir='ltr'><strong>caro</strong></span> <span class='ocrx_word' id='word_1_32' title='bbox 663 639 849 691; x_wconf 86' lang='lat' dir='ltr'><strong>ﬁeret:</strong></span> <span class='ocrx_word' id='word_1_33' title='bbox 901 651 1059 690; x_wconf 91' lang='lat' dir='ltr'><strong>error</strong></span> <span class='ocrx_word' id='word_1_34' title='bbox 1095 636 1296 705; x_wconf 85' lang='lat' dir='ltr'><strong>impius</strong></span> <span class='ocrx_word' id='word_1_35' title='bbox 1340 645 1489 690; x_wconf 87' lang='lat' dir='ltr'><strong>stare</strong></span> <span class='ocrx_word' id='word_1_36' title='bbox 1543 651 1647 688; x_wconf 92' lang='lat' dir='ltr'><strong>non</strong></span> <span class='ocrx_word' id='word_1_37' title='bbox 1693 643 1902 702; x_wconf 83' lang='lat' dir='ltr'><strong>poterat</strong></span> <span class='ocrx_word' id='word_1_38' title='bbox 1947 649 2071 686; x_wconf 91' lang='lat' dir='ltr'><strong>cum</strong></span> 
     </span>
    </p>
   </div>
   <div class='ocr_carea' id='block_1_5' title="bbox 506 729 2073 794">
    <p class='ocr_par' dir='ltr' id='par_1_5' title="bbox 506 729 2073 794">
     <span class='ocr_line' id='line_1_5' title="bbox 506 729 2073 794; baseline -0.001 -9"><span class='ocrx_word' id='word_1_39' title='bbox 506 731 764 786; x_wconf 73' lang='lat' dir='ltr'><strong>Ecclesia:</strong></span> <span class='ocrx_word' id='word_1_40' title='bbox 790 729 899 782; x_wconf 83' lang='lat' dir='ltr'><strong>ﬁde</strong></span> <span class='ocrx_word' id='word_1_41' title='bbox 931 730 998 784; x_wconf 88' lang='lat' dir='ltr'><strong>de</strong></span> <span class='ocrx_word' id='word_1_42' title='bbox 1021 729 1368 783; x_wconf 76' lang='lat' dir='ltr'><strong>eucharistia:</strong></span> <span class='ocrx_word' id='word_1_43' title='bbox 1397 739 1763 783; x_wconf 82' lang='lat' dir='ltr'><strong>sacramento.</strong></span> <span class='ocrx_word' id='word_1_44' title='bbox 1794 729 1851 782; x_wconf 92' lang='lat' dir='ltr'><strong>Si</strong></span> <span class='ocrx_word' id='word_1_45' title='bbox 1877 743 2073 794; x_wconf 79' lang='lat' dir='ltr'><strong>corpus</strong></span> 
     </span>
    </p>
   </div>
   <div class='ocr_carea' id='block_1_6' title="bbox 506 820 2071 885">
    <p class='ocr_par' dir='ltr' id='par_1_6' title="bbox 506 820 2071 885">
     <span class='ocr_line' id='line_1_6' title="bbox 506 820 2071 885; baseline -0.003 -9"><span class='ocrx_word' id='word_1_46' title='bbox 506 822 741 876; x_wconf 83' lang='lat' dir='ltr'><strong>animale</strong></span> <span class='ocrx_word' id='word_1_47' title='bbox 769 821 989 876; x_wconf 88' lang='lat' dir='ltr'><strong>Christo</strong></span> <span class='ocrx_word' id='word_1_48' title='bbox 1029 832 1083 875; x_wconf 90' lang='lat' dir='ltr'><strong>et</strong></span> <span class='ocrx_word' id='word_1_49' title='bbox 1125 836 1342 874; x_wconf 90' lang='lat' dir='ltr'><strong>carnem</strong></span> <span class='ocrx_word' id='word_1_50' title='bbox 1394 821 1690 885; x_wconf 60' lang='lat' dir='ltr'><strong>caelestem,</strong></span> <span class='ocrx_word' id='word_1_51' title='bbox 1733 830 1791 874; x_wconf 93' lang='lat' dir='ltr'><strong>ut</strong></span> <span class='ocrx_word' id='word_1_52' title='bbox 1831 820 2071 874; x_wconf 76' lang='lat' dir='ltr'><strong>Valenti-</strong></span> 
     </span>
    </p>
   </div>
   <div class='ocr_carea' id='block_1_7' title="bbox 505 910 2068 976">
    <p class='ocr_par' dir='ltr' id='par_1_7' title="bbox 505 910 2068 976">
     <span class='ocr_line' id='line_1_7' title="bbox 505 910 2068 976; baseline -0.003 -10"><span class='ocrx_word' id='word_1_53' title='bbox 505 914 680 976; x_wconf 88' lang='lat' dir='ltr'><strong>niani,</strong></span> <span class='ocrx_word' id='word_1_54' title='bbox 709 913 1048 966; x_wconf 87' lang='lat' dir='ltr'><strong>attribuisset</strong></span> <span class='ocrx_word' id='word_1_55' title='bbox 1072 910 1330 971; x_wconf 79' lang='lat' dir='ltr'><strong>Marciou,</strong></span> <span class='ocrx_word' id='word_1_56' title='bbox 1362 925 1467 963; x_wconf 91' lang='lat' dir='ltr'><strong>non</strong></span> <span class='ocrx_word' id='word_1_57' title='bbox 1496 919 1604 964; x_wconf 91' lang='lat' dir='ltr'><strong>tam</strong></span> <span class='ocrx_word' id='word_1_58' title='bbox 1632 910 1862 964; x_wconf 87' lang='lat' dir='ltr'><strong>absurde</strong></span> <span class='ocrx_word' id='word_1_59' title='bbox 1887 924 2068 964; x_wconf 83' lang='lat' dir='ltr'><strong>secum</strong></span> 
     </span>
    </p>
   </div>
   <div class='ocr_carea' id='block_1_8' title="bbox 505 1001 2067 1077">
    <p class='ocr_par' dir='ltr' id='par_1_8' title="bbox 505 1001 2067 1077">
     <span class='ocr_line' id='line_1_8' title="bbox 505 1001 2067 1077; baseline -0.001 -17"><span class='ocrx_word' id='word_1_60' title='bbox 505 1014 800 1077; x_wconf 73' lang='lat' dir='ltr'><strong>pugnasset</strong></span> <span class='ocrx_word' id='word_1_61' title='bbox 848 1006 902 1059; x_wconf 93' lang='lat' dir='ltr'><strong>in</strong></span> <span class='ocrx_word' id='word_1_62' title='bbox 948 1003 1275 1058; x_wconf 89' lang='lat' dir='ltr'><strong>celebrando</strong></span> <span class='ocrx_word' id='word_1_63' title='bbox 1313 1001 1660 1057; x_wconf 69' lang='lat' dir='ltr'><strong>eucharistia:</strong></span> <span class='ocrx_word' id='word_1_64' title='bbox 1706 1012 2067 1058; x_wconf 88' lang='lat' dir='ltr'><strong>sacramento.</strong></span> 
     </span>
    </p>
   </div>
   <div class='ocr_carea' id='block_1_9' title="bbox 507 1095 2071 1162">
    <p class='ocr_par' dir='ltr' id='par_1_9' title="bbox 507 1095 2071 1162">
     <span class='ocr_line' id='line_1_9' title="bbox 507 1095 2071 1162; baseline -0.003 -10"><span class='ocrx_word' id='word_1_65' title='bbox 507 1097 614 1152; x_wconf 87' lang='lat' dir='ltr'><strong>Sed</strong></span> <span class='ocrx_word' id='word_1_66' title='bbox 654 1113 777 1152; x_wconf 92' lang='lat' dir='ltr'><strong>cum</strong></span> <span class='ocrx_word' id='word_1_67' title='bbox 825 1095 1028 1150; x_wconf 89' lang='lat' dir='ltr'><strong>Christi</strong></span> <span class='ocrx_word' id='word_1_68' title='bbox 1078 1109 1277 1162; x_wconf 90' lang='lat' dir='ltr'><strong>corpus</strong></span> <span class='ocrx_word' id='word_1_69' title='bbox 1333 1108 1539 1147; x_wconf 91' lang='lat' dir='ltr'><strong>merum</strong></span> <span class='ocrx_word' id='word_1_70' title='bbox 1586 1096 1905 1161; x_wconf 82' lang='lat' dir='ltr'><strong>phantasma</strong></span> <span class='ocrx_word' id='word_1_71' title='bbox 1949 1107 2071 1148; x_wconf 89' lang='lat' dir='ltr'><strong>esse</strong></span> 
     </span>
    </p>
   </div>
   <div class='ocr_carea' id='block_1_10' title="bbox 505 1184 2070 1253">
    <p class='ocr_par' dir='ltr' id='par_1_10' title="bbox 505 1184 2070 1253">
     <span class='ocr_line' id='line_1_10' title="bbox 505 1184 2070 1253; baseline -0.004 -9"><span class='ocrx_word' id='word_1_72' title='bbox 505 1191 880 1253; x_wconf 84' lang='lat' dir='ltr'><strong>contenderet,</strong></span> <span class='ocrx_word' id='word_1_73' title='bbox 907 1188 1045 1241; x_wconf 90' lang='lat' dir='ltr'><strong>idem</strong></span> <span class='ocrx_word' id='word_1_74' title='bbox 1081 1187 1145 1241; x_wconf 90' lang='lat' dir='ltr'><strong>de</strong></span> <span class='ocrx_word' id='word_1_75' title='bbox 1193 1185 1288 1240; x_wconf 92' lang='lat' dir='ltr'><strong>illo</strong></span> <span class='ocrx_word' id='word_1_76' title='bbox 1322 1186 1624 1240; x_wconf 88' lang='lat' dir='ltr'><strong>asseverari</strong></span> <span class='ocrx_word' id='word_1_77' title='bbox 1655 1194 1886 1253; x_wconf 87' lang='lat' dir='ltr'><strong>poterat,</strong></span> <span class='ocrx_word' id='word_1_78' title='bbox 1924 1184 2070 1253; x_wconf 91' lang='lat' dir='ltr'><strong>quod</strong></span> 
     </span>
    </p>
   </div>
   <div class='ocr_carea' id='block_1_11' title="bbox 505 1274 2069 1344">
    <p class='ocr_par' dir='ltr' id='par_1_11' title="bbox 505 1274 2069 1344">
     <span class='ocr_line' id='line_1_11' title="bbox 505 1274 2069 1344; baseline -0.003 -10"><span class='ocrx_word' id='word_1_79' title='bbox 505 1281 573 1334; x_wconf 89' lang='lat' dir='ltr'><strong>de</strong></span> <span class='ocrx_word' id='word_1_80' title='bbox 607 1278 882 1333; x_wconf 57' lang='lat' dir='ltr'><strong>haereticis</strong></span> <span class='ocrx_word' id='word_1_81' title='bbox 910 1278 1052 1331; x_wconf 89' lang='lat' dir='ltr'><strong>idem</strong></span> <span class='ocrx_word' id='word_1_82' title='bbox 1085 1277 1446 1332; x_wconf 80' lang='lat' dir='ltr'><strong>sentientibus</strong></span> <span class='ocrx_word' id='word_1_83' title='bbox 1497 1276 1708 1330; x_wconf 82' lang='lat' dir='ltr'><strong>dixerat</strong></span> <span class='ocrx_word' id='word_1_84' title='bbox 1748 1274 1806 1328; x_wconf 89' lang='lat' dir='ltr'><strong>S.</strong></span> <span class='ocrx_word' id='word_1_85' title='bbox 1835 1275 2069 1344; x_wconf 85' lang='lat' dir='ltr'><strong>Ignatius</strong></span> 
     </span>
    </p>
   </div>
   <div class='ocr_carea' id='block_1_12' title="bbox 503 1367 2066 1441">
    <p class='ocr_par' dir='ltr' id='par_1_12' title="bbox 503 1367 2066 1441">
     <span class='ocr_line' id='line_1_12' title="bbox 503 1367 2066 1441; baseline -0.004 -15"><span class='ocrx_word' id='word_1_86' title='bbox 503 1373 558 1426; x_wconf 91' lang='lat' dir='ltr'><strong>in</strong></span> <span class='ocrx_word' id='word_1_87' title='bbox 607 1373 764 1440; x_wconf 84' lang='lat' dir='ltr'><strong>epist.</strong></span> <span class='ocrx_word' id='word_1_88' title='bbox 801 1372 867 1424; x_wconf 89' lang='lat' dir='ltr'><strong>ad</strong></span> <span class='ocrx_word' id='word_1_89' title='bbox 922 1370 1174 1441; x_wconf 85' lang='lat' dir='ltr'><strong>Smyrn.,</strong></span> <span class='ocrx_word' id='word_1_90' title='bbox 1220 1384 1316 1425; x_wconf 89' lang='lat' dir='ltr'><strong>eos</strong></span> <span class='ocrx_word' id='word_1_91' title='bbox 1365 1384 1471 1422; x_wconf 91' lang='lat' dir='ltr'><strong>non</strong></span> <span class='ocrx_word' id='word_1_92' title='bbox 1520 1367 1771 1422; x_wconf 90' lang='lat' dir='ltr'><strong>conﬁteri</strong></span> <span class='ocrx_word' id='word_1_93' title='bbox 1822 1367 2066 1422; x_wconf 82' lang='lat' dir='ltr'><strong>euchari-</strong></span> 
     </span>
    </p>
   </div>
   <div class='ocr_carea' id='block_1_13' title="bbox 501 1458 2067 1529">
    <p class='ocr_par' dir='ltr' id='par_1_13' title="bbox 501 1458 2067 1529">
     <span class='ocr_line' id='line_1_13' title="bbox 501 1458 2067 1529; baseline -0.003 -12"><span class='ocrx_word' id='word_1_94' title='bbox 501 1465 659 1517; x_wconf 89' lang='lat' dir='ltr'><strong>stiam</strong></span> <span class='ocrx_word' id='word_1_95' title='bbox 687 1479 796 1516; x_wconf 83' lang='lat' dir='ltr'><strong>esse</strong></span> <span class='ocrx_word' id='word_1_96' title='bbox 825 1478 1033 1515; x_wconf 83' lang='lat' dir='ltr'><strong>carnem</strong></span> <span class='ocrx_word' id='word_1_97' title='bbox 1060 1460 1355 1516; x_wconf 73' lang='lat' dir='ltr'><strong>Saluatoris</strong></span> <span class='ocrx_word' id='word_1_98' title='bbox 1375 1461 1540 1513; x_wconf 89' lang='lat' dir='ltr'><strong>nostri</strong></span> <span class='ocrx_word' id='word_1_99' title='bbox 1560 1459 1689 1514; x_wconf 75' lang='lat' dir='ltr'><strong>Iesu</strong></span> <span class='ocrx_word' id='word_1_100' title='bbox 1711 1458 1928 1526; x_wconf 81' lang='lat' dir='ltr'><strong>Christi,</strong></span> <span class='ocrx_word' id='word_1_101' title='bbox 1949 1474 2067 1529; x_wconf 72' lang='lat' dir='ltr'><strong>qua:</strong></span> 
     </span>
    </p>
   </div>
   <div class='ocr_carea' id='block_1_14' title="bbox 498 1556 1366 1624">
    <p class='ocr_par' dir='ltr' id='par_1_14' title="bbox 498 1556 1366 1624">
     <span class='ocr_line' id='line_1_14' title="bbox 498 1556 1366 1624; baseline -0.003 -16"><span class='ocrx_word' id='word_1_102' title='bbox 498 1571 592 1623; x_wconf 73' lang='lat' dir='ltr'><strong>pro</strong></span> <span class='ocrx_word' id='word_1_103' title='bbox 619 1556 840 1624; x_wconf 79' lang='lat' dir='ltr'><strong>peccatis</strong></span> <span class='ocrx_word' id='word_1_104' title='bbox 865 1556 1056 1608; x_wconf 84' lang='lat' dir='ltr'><strong>nostris</strong></span> <span class='ocrx_word' id='word_1_105' title='bbox 1083 1570 1240 1622; x_wconf 88' lang='lat' dir='ltr'><strong>passa</strong></span> <span class='ocrx_word' id='word_1_106' title='bbox 1268 1562 1366 1606; x_wconf 84' lang='lat' dir='ltr'><strong>est.</strong></span> 
     </span>
    </p>
   </div>
   <div class='ocr_carea' id='block_1_15' title="bbox 574 1641 2066 1716">
    <p class='ocr_par' dir='ltr' id='par_1_15' title="bbox 574 1641 2066 1716">
     <span class='ocr_line' id='line_1_15' title="bbox 574 1641 2066 1716; baseline -0.005 -14"><span class='ocrx_word' id='word_1_107' title='bbox 574 1648 680 1702; x_wconf 92' lang='lat' dir='ltr'><strong>Sed</strong></span> <span class='ocrx_word' id='word_1_108' title='bbox 715 1655 898 1701; x_wconf 90' lang='lat' dir='ltr'><strong>tamen</strong></span> <span class='ocrx_word' id='word_1_109' title='bbox 928 1647 1190 1711; x_wconf 83' lang='lat' dir='ltr'><strong>Marcion,</strong></span> <span class='ocrx_word' id='word_1_110' title='bbox 1215 1645 1467 1716; x_wconf 88' lang='lat' dir='ltr'><strong>quamvis</strong></span> <span class='ocrx_word' id='word_1_111' title='bbox 1496 1643 1597 1698; x_wconf 89' lang='lat' dir='ltr'><strong>sibi</strong></span> <span class='ocrx_word' id='word_1_112' title='bbox 1621 1643 1736 1712; x_wconf 90' lang='lat' dir='ltr'><strong>ipse</strong></span> <span class='ocrx_word' id='word_1_113' title='bbox 1770 1641 2066 1696; x_wconf 85' lang='lat' dir='ltr'><strong>necessita-</strong></span> 
     </span>
    </p>
   </div>
   <div class='ocr_carea' id='block_1_16' title="bbox 500 1734 2064 1806">
    <p class='ocr_par' dir='ltr' id='par_1_16' title="bbox 500 1734 2064 1806">
     <span class='ocr_line' id='line_1_16' title="bbox 500 1734 2064 1806; baseline -0.004 -14"><span class='ocrx_word' id='word_1_114' title='bbox 500 1748 610 1792; x_wconf 86' lang='lat' dir='ltr'><strong>tem</strong></span> <span class='ocrx_word' id='word_1_115' title='bbox 661 1738 1012 1806; x_wconf 88' lang='lat' dir='ltr'><strong>imposuisset</strong></span> <span class='ocrx_word' id='word_1_116' title='bbox 1063 1738 1204 1792; x_wconf 89' lang='lat' dir='ltr'><strong>idem</strong></span> <span class='ocrx_word' id='word_1_117' title='bbox 1255 1734 1559 1800; x_wconf 88' lang='lat' dir='ltr'><strong>sentiendi,</strong></span> <span class='ocrx_word' id='word_1_118' title='bbox 1609 1749 1672 1788; x_wconf 91' lang='lat' dir='ltr'><strong>ac</strong></span> <span class='ocrx_word' id='word_1_119' title='bbox 1735 1734 2064 1788; x_wconf 77' lang='lat' dir='ltr'><strong>vetustiores</strong></span> 
     </span>
    </p>
   </div>
   <div class='ocr_carea' id='block_1_17' title="bbox 501 1826 2064 1896">
    <p class='ocr_par' dir='ltr' id='par_1_17' title="bbox 501 1826 2064 1896">
     <span class='ocr_line' id='line_1_17' title="bbox 501 1826 2064 1896; baseline -0.004 -12"><span class='ocrx_word' id='word_1_120' title='bbox 501 1832 574 1884; x_wconf 88' lang='lat' dir='ltr'><strong>illi</strong></span> <span class='ocrx_word' id='word_1_121' title='bbox 610 1831 885 1894; x_wconf 67' lang='lat' dir='ltr'><strong>haeretici,</strong></span> <span class='ocrx_word' id='word_1_122' title='bbox 927 1831 1061 1884; x_wconf 89' lang='lat' dir='ltr'><strong>nihil</strong></span> <span class='ocrx_word' id='word_1_123' title='bbox 1109 1830 1365 1883; x_wconf 85' lang='lat' dir='ltr'><strong>tamenin</strong></span> <span class='ocrx_word' id='word_1_124' title='bbox 1398 1828 1504 1892; x_wconf 90' lang='lat' dir='ltr'><strong>his,</strong></span> <span class='ocrx_word' id='word_1_125' title='bbox 1548 1842 1666 1896; x_wconf 73' lang='lat' dir='ltr'><strong>qua:</strong></span> <span class='ocrx_word' id='word_1_126' title='bbox 1701 1829 1768 1879; x_wconf 88' lang='lat' dir='ltr'><strong>ad</strong></span> <span class='ocrx_word' id='word_1_127' title='bbox 1812 1826 2064 1880; x_wconf 76' lang='lat' dir='ltr'><strong>euchari-</strong></span> 
     </span>
    </p>
   </div>
   <div class='ocr_carea' id='block_1_18' title="bbox 499 1918 2066 1992">
    <p class='ocr_par' dir='ltr' id='par_1_18' title="bbox 499 1918 2066 1992">
     <span class='ocr_line' id='line_1_18' title="bbox 499 1918 2066 1992; baseline -0.004 -16"><span class='ocrx_word' id='word_1_128' title='bbox 499 1923 660 1976; x_wconf 89' lang='lat' dir='ltr'><strong>stiam</strong></span> <span class='ocrx_word' id='word_1_129' title='bbox 693 1933 967 1992; x_wconf 82' lang='lat' dir='ltr'><strong>spectant,</strong></span> <span class='ocrx_word' id='word_1_130' title='bbox 1001 1923 1222 1976; x_wconf 86' lang='lat' dir='ltr'><strong>turbare</strong></span> <span class='ocrx_word' id='word_1_131' title='bbox 1260 1921 1534 1975; x_wconf 78' lang='lat' dir='ltr'><strong>audebat:</strong></span> <span class='ocrx_word' id='word_1_132' title='bbox 1575 1918 1769 1973; x_wconf 89' lang='lat' dir='ltr'><strong>solitus</strong></span> <span class='ocrx_word' id='word_1_133' title='bbox 1795 1932 1862 1971; x_wconf 82' lang='lat' dir='ltr'><strong>ex</strong></span> <span class='ocrx_word' id='word_1_134' title='bbox 1891 1918 2066 1970; x_wconf 86' lang='lat' dir='ltr'><strong>Evan-</strong></span> 
     </span>
    </p>
   </div>
   <div class='ocr_carea' id='block_1_19' title="bbox 499 2010 2066 2086">
    <p class='ocr_par' dir='ltr' id='par_1_19' title="bbox 499 2010 2066 2086">
     <span class='ocr_line' id='line_1_19' title="bbox 499 2010 2066 2086; baseline -0.004 -17"><span class='ocrx_word' id='word_1_135' title='bbox 499 2015 641 2086; x_wconf 88' lang='lat' dir='ltr'><strong>gelio</strong></span> <span class='ocrx_word' id='word_1_136' title='bbox 671 2015 912 2068; x_wconf 89' lang='lat' dir='ltr'><strong>recidere</strong></span> <span class='ocrx_word' id='word_1_137' title='bbox 935 2013 1196 2083; x_wconf 89' lang='lat' dir='ltr'><strong>quidquid</strong></span> <span class='ocrx_word' id='word_1_138' title='bbox 1240 2028 1364 2067; x_wconf 91' lang='lat' dir='ltr'><strong>eum</strong></span> <span class='ocrx_word' id='word_1_139' title='bbox 1415 2011 1694 2065; x_wconf 89' lang='lat' dir='ltr'><strong>errorilms</strong></span> <span class='ocrx_word' id='word_1_140' title='bbox 1742 2011 1856 2064; x_wconf 91' lang='lat' dir='ltr'><strong>suis</strong></span> <span class='ocrx_word' id='word_1_141' title='bbox 1881 2010 2066 2064; x_wconf 88' lang='lat' dir='ltr'><strong>conci-</strong></span> 
     </span>
    </p>
   </div>
   <div class='ocr_carea' id='block_1_20' title="bbox 499 2097 2064 2171">
    <p class='ocr_par' dir='ltr' id='par_1_20' title="bbox 499 2097 2064 2171">
     <span class='ocr_line' id='line_1_20' title="bbox 499 2097 2064 2171; baseline -0.001 -17"><span class='ocrx_word' id='word_1_142' title='bbox 499 2101 633 2154; x_wconf 89' lang='lat' dir='ltr'><strong>liare</strong></span> <span class='ocrx_word' id='word_1_143' title='bbox 684 2116 842 2169; x_wconf 85' lang='lat' dir='ltr'><strong>posse</strong></span> <span class='ocrx_word' id='word_1_144' title='bbox 893 2101 1239 2171; x_wconf 82' lang='lat' dir='ltr'><strong>desperabat,</strong></span> <span class='ocrx_word' id='word_1_145' title='bbox 1283 2100 1548 2152; x_wconf 83' lang='lat' dir='ltr'><strong>reveritus</strong></span> <span class='ocrx_word' id='word_1_146' title='bbox 1595 2097 1771 2152; x_wconf 84' lang='lat' dir='ltr'><strong>fuerat</strong></span> <span class='ocrx_word' id='word_1_147' title='bbox 1821 2100 1983 2152; x_wconf 88' lang='lat' dir='ltr'><strong>verba</strong></span> <span class='ocrx_word' id='word_1_148' title='bbox 2035 2115 2064 2153; x_wconf 91' lang='lat' dir='ltr'><strong>a</strong></span> 
     </span>
    </p>
   </div>
   <div class='ocr_carea' id='block_1_21' title="bbox 497 2191 2063 2260">
    <p class='ocr_par' dir='ltr' id='par_1_21' title="bbox 497 2191 2063 2260">
     <span class='ocr_line' id='line_1_21' title="bbox 497 2191 2063 2260; baseline -0.002 -13"><span class='ocrx_word' id='word_1_149' title='bbox 497 2191 720 2247; x_wconf 87' lang='lat' dir='ltr'><strong>Christo</strong></span> <span class='ocrx_word' id='word_1_150' title='bbox 775 2194 827 2246; x_wconf 91' lang='lat' dir='ltr'><strong>in</strong></span> <span class='ocrx_word' id='word_1_151' title='bbox 879 2193 1250 2247; x_wconf 88' lang='lat' dir='ltr'><strong>consecranda</strong></span> <span class='ocrx_word' id='word_1_152' title='bbox 1297 2192 1630 2246; x_wconf 84' lang='lat' dir='ltr'><strong>eucharistia</strong></span> <span class='ocrx_word' id='word_1_153' title='bbox 1681 2192 2063 2260; x_wconf 90' lang='lat' dir='ltr'><strong>pronuntiata,</strong></span> 
     </span>
    </p>
   </div>
   <div class='ocr_carea' id='block_1_22' title="bbox 499 2284 2067 2354">
    <p class='ocr_par' dir='ltr' id='par_1_22' title="bbox 499 2284 2067 2354">
     <span class='ocr_line' id='line_1_22' title="bbox 499 2284 2067 2354; baseline -0.001 -15"><span class='ocrx_word' id='word_1_154' title='bbox 499 2296 560 2340; x_wconf 92' lang='lat' dir='ltr'><strong>ut</strong></span> <span class='ocrx_word' id='word_1_155' title='bbox 587 2295 818 2341; x_wconf 88' lang='lat' dir='ltr'><strong>testatur</strong></span> <span class='ocrx_word' id='word_1_156' title='bbox 845 2284 1236 2349; x_wconf 89' lang='lat' dir='ltr'><strong>Tertullianus,</strong></span> <span class='ocrx_word' id='word_1_157' title='bbox 1260 2285 1355 2338; x_wconf 92' lang='lat' dir='ltr'><strong>lib.</strong></span> <span class='ocrx_word' id='word_1_158' title='bbox 1387 2299 1469 2348; x_wconf 86' lang='grc' dir='ltr'>ιιι,</span> <span class='ocrx_word' id='word_1_159' title='bbox 1496 2301 1546 2339; x_wconf 89' lang='lat' dir='ltr'><strong>c.</strong></span> <span class='ocrx_word' id='word_1_160' title='bbox 1587 2285 1674 2339; x_wconf 80' lang='lat' dir='ltr'><strong>l9.</strong></span> <span class='ocrx_word' id='word_1_161' title='bbox 1710 2285 1912 2338; x_wconf 91' lang='lat' dir='ltr'><strong>Dubius</strong></span> <span class='ocrx_word' id='word_1_162' title='bbox 1937 2299 2067 2354; x_wconf 87' lang='lat' dir='ltr'><strong>ergo</strong></span> 
     </span>
    </p>
   </div>
   <div class='ocr_carea' id='block_1_23' title="bbox 497 2375 2066 2446">
    <p class='ocr_par' dir='ltr' id='par_1_23' title="bbox 497 2375 2066 2446">
     <span class='ocr_line' id='line_1_23' title="bbox 497 2375 2066 2446; baseline -0.004 -12"><span class='ocrx_word' id='word_1_163' title='bbox 497 2391 552 2434; x_wconf 91' lang='lat' dir='ltr'><strong>et</strong></span> <span class='ocrx_word' id='word_1_164' title='bbox 585 2379 830 2433; x_wconf 90' lang='lat' dir='ltr'><strong>incertus</strong></span> <span class='ocrx_word' id='word_1_165' title='bbox 857 2376 1224 2431; x_wconf 89' lang='lat' dir='ltr'><strong>Tertullianus</strong></span> <span class='ocrx_word' id='word_1_166' title='bbox 1266 2391 1502 2446; x_wconf 85' lang='lat' dir='ltr'><strong>quonam</strong></span> <span class='ocrx_word' id='word_1_167' title='bbox 1548 2377 1748 2429; x_wconf 88' lang='lat' dir='ltr'><strong>evadat</strong></span> <span class='ocrx_word' id='word_1_168' title='bbox 1803 2375 2066 2436; x_wconf 78' lang='lat' dir='ltr'><strong>Marcion,</strong></span> 
     </span>
    </p>
   </div>
   <div class='ocr_carea' id='block_1_24' title="bbox 497 2466 2067 2539">
    <p class='ocr_par' dir='ltr' id='par_1_24' title="bbox 497 2466 2067 2539">
     <span class='ocr_line' id='line_1_24' title="bbox 497 2466 2067 2539; baseline -0.003 -16"><span class='ocrx_word' id='word_1_169' title='bbox 497 2469 701 2539; x_wconf 81' lang='lat' dir='ltr'><strong>duplici</strong></span> <span class='ocrx_word' id='word_1_170' title='bbox 746 2469 898 2522; x_wconf 90' lang='lat' dir='ltr'><strong>illum</strong></span> <span class='ocrx_word' id='word_1_171' title='bbox 927 2470 1067 2523; x_wconf 91' lang='lat' dir='ltr'><strong>nodo</strong></span> <span class='ocrx_word' id='word_1_172' title='bbox 1094 2469 1479 2538; x_wconf 80' lang='lat' dir='ltr'><strong>constringere</strong></span> <span class='ocrx_word' id='word_1_173' title='bbox 1519 2477 1773 2528; x_wconf 87' lang='lat' dir='ltr'><strong>conatur.</strong></span> <span class='ocrx_word' id='word_1_174' title='bbox 1807 2466 2067 2533; x_wconf 88' lang='lat' dir='ltr'><strong>illumque</strong></span> 
     </span>
    </p>
   </div>
   <div class='ocr_carea' id='block_1_25' title="bbox 496 2557 2067 2632">
    <p class='ocr_par' dir='ltr' id='par_1_25' title="bbox 496 2557 2067 2632">
     <span class='ocr_line' id='line_1_25' title="bbox 496 2557 2067 2632; baseline -0.002 -18"><span class='ocrx_word' id='word_1_175' title='bbox 496 2575 562 2614; x_wconf 91' lang='lat' dir='ltr'><strong>eo</strong></span> <span class='ocrx_word' id='word_1_176' title='bbox 594 2561 863 2632; x_wconf 84' lang='lat' dir='ltr'><strong>redigere,</strong></span> <span class='ocrx_word' id='word_1_177' title='bbox 895 2570 954 2614; x_wconf 91' lang='lat' dir='ltr'><strong>ut</strong></span> <span class='ocrx_word' id='word_1_178' title='bbox 984 2561 1064 2614; x_wconf 87' lang='lat' dir='ltr'><strong>vel</strong></span> <span class='ocrx_word' id='word_1_179' title='bbox 1097 2575 1340 2614; x_wconf 89' lang='lat' dir='ltr'><strong>errorem</strong></span> <span class='ocrx_word' id='word_1_180' title='bbox 1370 2574 1526 2613; x_wconf 92' lang='lat' dir='ltr'><strong>suum</strong></span> <span class='ocrx_word' id='word_1_181' title='bbox 1557 2559 1623 2612; x_wconf 92' lang='lat' dir='ltr'><strong>de</strong></span> <span class='ocrx_word' id='word_1_182' title='bbox 1652 2557 1860 2612; x_wconf 90' lang='lat' dir='ltr'><strong>Christi</strong></span> <span class='ocrx_word' id='word_1_183' title='bbox 1903 2572 2067 2612; x_wconf 89' lang='lat' dir='ltr'><strong>carne</strong></span> 
     </span>
    </p>
   </div>
   <div class='ocr_carea' id='block_1_26' title="bbox 496 2650 2064 2722">
    <p class='ocr_par' dir='ltr' id='par_1_26' title="bbox 496 2650 2064 2722">
     <span class='ocr_line' id='line_1_26' title="bbox 496 2650 2064 2722; baseline -0.003 -16"><span class='ocrx_word' id='word_1_184' title='bbox 496 2653 697 2722; x_wconf 86' lang='lat' dir='ltr'><strong>ejurct,</strong></span> <span class='ocrx_word' id='word_1_185' title='bbox 725 2653 770 2707; x_wconf 92' lang='lat' dir='ltr'><strong>si</strong></span> <span class='ocrx_word' id='word_1_186' title='bbox 814 2651 1138 2706; x_wconf 88' lang='lat' dir='ltr'><strong>catholicam</strong></span> <span class='ocrx_word' id='word_1_187' title='bbox 1173 2653 1238 2706; x_wconf 93' lang='lat' dir='ltr'><strong>de</strong></span> <span class='ocrx_word' id='word_1_188' title='bbox 1267 2650 1592 2706; x_wconf 84' lang='lat' dir='ltr'><strong>eucharistia</strong></span> <span class='ocrx_word' id='word_1_189' title='bbox 1639 2650 1796 2704; x_wconf 91' lang='lat' dir='ltr'><strong>ﬁdem</strong></span> <span class='ocrx_word' id='word_1_190' title='bbox 1835 2651 2064 2715; x_wconf 87' lang='lat' dir='ltr'><strong>retinet;</strong></span> 
     </span>
    </p>
   </div>
   <div class='ocr_carea' id='block_1_27' title="bbox 496 2742 2064 2814">
    <p class='ocr_par' dir='ltr' id='par_1_27' title="bbox 496 2742 2064 2814">
     <span class='ocr_line' id='line_1_27' title="bbox 496 2742 2064 2814; baseline 0 -18"><span class='ocrx_word' id='word_1_191' title='bbox 496 2745 580 2799; x_wconf 86' lang='lat' dir='ltr'><strong>vel</strong></span> <span class='ocrx_word' id='word_1_192' title='bbox 605 2747 648 2799; x_wconf 92' lang='lat' dir='ltr'><strong>si</strong></span> <span class='ocrx_word' id='word_1_193' title='bbox 673 2744 814 2798; x_wconf 88' lang='lat' dir='ltr'><strong>illam</strong></span> <span class='ocrx_word' id='word_1_194' title='bbox 840 2743 1092 2814; x_wconf 87' lang='lat' dir='ltr'><strong>abnegat,</strong></span> <span class='ocrx_word' id='word_1_195' title='bbox 1115 2743 1449 2812; x_wconf 89' lang='lat' dir='ltr'><strong>impietatem</strong></span> <span class='ocrx_word' id='word_1_196' title='bbox 1475 2757 1627 2797; x_wconf 91' lang='lat' dir='ltr'><strong>suam</strong></span> <span class='ocrx_word' id='word_1_197' title='bbox 1648 2750 1831 2812; x_wconf 91' lang='lat' dir='ltr'><strong>aperte</strong></span> <span class='ocrx_word' id='word_1_198' title='bbox 1852 2742 2064 2810; x_wconf 89' lang='lat' dir='ltr'><strong>prodat.</strong></span> 
     </span>
    </p>
   </div>
   <div class='ocr_carea' id='block_1_28' title="bbox 573 2833 2066 2906">
    <p class='ocr_par' dir='ltr' id='par_1_28' title="bbox 573 2833 2066 2906">
     <span class='ocr_line' id='line_1_28' title="bbox 573 2833 2066 2906; baseline -0.001 -15"><span class='ocrx_word' id='word_1_199' title='bbox 573 2838 759 2906; x_wconf 89' lang='lat' dir='ltr'><strong>Itaque</strong></span> <span class='ocrx_word' id='word_1_200' title='bbox 805 2837 1057 2892; x_wconf 85' lang='lat' dir='ltr'><strong>observat</strong></span> <span class='ocrx_word' id='word_1_201' title='bbox 1094 2835 1466 2890; x_wconf 89' lang='lat' dir='ltr'><strong>Tertullianus</strong></span> <span class='ocrx_word' id='word_1_202' title='bbox 1515 2849 1713 2904; x_wconf 90' lang='lat' dir='ltr'><strong>corpus</strong></span> <span class='ocrx_word' id='word_1_203' title='bbox 1762 2833 1965 2888; x_wconf 89' lang='lat' dir='ltr'><strong>Christi</strong></span> <span class='ocrx_word' id='word_1_204' title='bbox 2012 2835 2066 2890; x_wconf 90' lang='lat' dir='ltr'><strong>in</strong></span> 
     </span>
    </p>
   </div>
   <div class='ocr_carea' id='block_1_29' title="bbox 498 2927 2068 2996">
    <p class='ocr_par' dir='ltr' id='par_1_29' title="bbox 498 2927 2068 2996">
     <span class='ocr_line' id='line_1_29' title="bbox 498 2927 2068 2996; baseline -0.001 -12"><span class='ocrx_word' id='word_1_205' title='bbox 498 2930 828 2985; x_wconf 86' lang='lat' dir='ltr'><strong>eucharistia</strong></span> <span class='ocrx_word' id='word_1_206' title='bbox 879 2946 984 2984; x_wconf 90' lang='lat' dir='ltr'><strong>non</strong></span> <span class='ocrx_word' id='word_1_207' title='bbox 1028 2930 1082 2983; x_wconf 90' lang='lat' dir='ltr'><strong>in</strong></span> <span class='ocrx_word' id='word_1_208' title='bbox 1110 2945 1179 2983; x_wconf 87' lang='lat' dir='ltr'><strong>eo</strong></span> <span class='ocrx_word' id='word_1_209' title='bbox 1208 2937 1351 2982; x_wconf 91' lang='lat' dir='ltr'><strong>statu</strong></span> <span class='ocrx_word' id='word_1_210' title='bbox 1378 2928 1534 2982; x_wconf 87' lang='lat' dir='ltr'><strong>nobis</strong></span> <span class='ocrx_word' id='word_1_211' title='bbox 1571 2927 1840 2992; x_wconf 81' lang='lat' dir='ltr'><strong>exhiberi,</strong></span> <span class='ocrx_word' id='word_1_212' title='bbox 1877 2928 1928 2981; x_wconf 91' lang='lat' dir='ltr'><strong>in</strong></span> <span class='ocrx_word' id='word_1_213' title='bbox 1961 2943 2068 2996; x_wconf 93' lang='lat' dir='ltr'><strong>quo</strong></span> 
     </span>
    </p>
   </div>
   <div class='ocr_carea' id='block_1_30' title="bbox 501 3020 2069 3092">
    <p class='ocr_par' dir='ltr' id='par_1_30' title="bbox 501 3020 2069 3092">
     <span class='ocr_line' id='line_1_30' title="bbox 501 3020 2069 3092; baseline -0.003 -14"><span class='ocrx_word' id='word_1_214' title='bbox 501 3023 804 3078; x_wconf 79' lang='lat' dir='ltr'><strong>exhibitum</strong></span> <span class='ocrx_word' id='word_1_215' title='bbox 832 3022 1032 3084; x_wconf 78' lang='lat' dir='ltr'><strong>fuerat,</strong></span> <span class='ocrx_word' id='word_1_216' title='bbox 1061 3022 1184 3074; x_wconf 90' lang='lat' dir='ltr'><strong>dum</strong></span> <span class='ocrx_word' id='word_1_217' title='bbox 1209 3023 1277 3092; x_wconf 86' lang='lat' dir='ltr'><strong>in</strong></span> <span class='ocrx_word' id='word_1_218' title='bbox 1303 3020 1464 3076; x_wconf 89' lang='lat' dir='ltr'><strong>terris</strong></span> <span class='ocrx_word' id='word_1_219' title='bbox 1489 3022 1554 3074; x_wconf 91' lang='lat' dir='ltr'><strong>ab</strong></span> <span class='ocrx_word' id='word_1_220' title='bbox 1587 3020 1896 3074; x_wconf 91' lang='lat' dir='ltr'><strong>hominibus</strong></span> <span class='ocrx_word' id='word_1_221' title='bbox 1917 3021 2069 3075; x_wconf 83' lang='lat' dir='ltr'><strong>vide-</strong></span> 
     </span>
    </p>
   </div>
   <div class='ocr_carea' id='block_1_31' title="bbox 500 3111 2067 3183">
    <p class='ocr_par' dir='ltr' id='par_1_31' title="bbox 500 3111 2067 3183">
     <span class='ocr_line' id='line_1_31' title="bbox 500 3111 2067 3183; baseline -0.003 -14"><span class='ocrx_word' id='word_1_222' title='bbox 500 3125 672 3178; x_wconf 87' lang='lat' dir='ltr'><strong>retur,</strong></span> <span class='ocrx_word' id='word_1_223' title='bbox 703 3116 795 3169; x_wconf 89' lang='lat' dir='ltr'><strong>sed</strong></span> <span class='ocrx_word' id='word_1_224' title='bbox 847 3115 897 3167; x_wconf 93' lang='lat' dir='ltr'><strong>in</strong></span> <span class='ocrx_word' id='word_1_225' title='bbox 948 3114 1145 3183; x_wconf 82' lang='lat' dir='ltr'><strong>ﬁgura,</strong></span> <span class='ocrx_word' id='word_1_226' title='bbox 1176 3112 1291 3167; x_wconf 88' lang='lat' dir='ltr'><strong>sive</strong></span> <span class='ocrx_word' id='word_1_227' title='bbox 1341 3112 1396 3165; x_wconf 93' lang='lat' dir='ltr'><strong>in</strong></span> <span class='ocrx_word' id='word_1_228' title='bbox 1442 3121 1784 3166; x_wconf 87' lang='lat' dir='ltr'><strong>sacramento</strong></span> <span class='ocrx_word' id='word_1_229' title='bbox 1829 3111 1987 3180; x_wconf 91' lang='lat' dir='ltr'><strong>panis</strong></span> <span class='ocrx_word' id='word_1_230' title='bbox 2013 3120 2067 3166; x_wconf 91' lang='lat' dir='ltr'><strong>et</strong></span> 
     </span>
    </p>
   </div>
   <div class='ocr_carea' id='block_1_32' title="bbox 498 3201 2064 3274">
    <p class='ocr_par' dir='ltr' id='par_1_32' title="bbox 498 3201 2064 3274">
     <span class='ocr_line' id='line_1_32' title="bbox 498 3201 2064 3274; baseline 0 -18"><span class='ocrx_word' id='word_1_231' title='bbox 498 3206 637 3259; x_wconf 87' lang='lat' dir='ltr'><strong>vini.</strong></span> <span class='ocrx_word' id='word_1_232' title='bbox 661 3204 789 3259; x_wconf 88' lang='lat' dir='ltr'><strong>lude</strong></span> <span class='ocrx_word' id='word_1_233' title='bbox 813 3206 1090 3274; x_wconf 84' lang='lat' dir='ltr'><strong>aptissima</strong></span> <span class='ocrx_word' id='word_1_234' title='bbox 1121 3203 1337 3257; x_wconf 88' lang='lat' dir='ltr'><strong>ducitur</strong></span> <span class='ocrx_word' id='word_1_235' title='bbox 1362 3201 1662 3264; x_wconf 88' lang='lat' dir='ltr'><strong>conclusio,</strong></span> <span class='ocrx_word' id='word_1_236' title='bbox 1687 3202 1916 3256; x_wconf 88' lang='lat' dir='ltr'><strong>solidum</strong></span> <span class='ocrx_word' id='word_1_237' title='bbox 1940 3218 2064 3257; x_wconf 85' lang='lat' dir='ltr'><strong>cor-</strong></span> 
     </span>
    </p>
   </div>
   <div class='ocr_carea' id='block_1_33' title="bbox 500 3294 2063 3365">
    <p class='ocr_par' dir='ltr' id='par_1_33' title="bbox 500 3294 2063 3365">
     <span class='ocr_line' id='line_1_33' title="bbox 500 3294 2063 3365; baseline -0.001 -17"><span class='ocrx_word' id='word_1_238' title='bbox 500 3313 621 3365; x_wconf 90' lang='lat' dir='ltr'><strong>pus,</strong></span> <span class='ocrx_word' id='word_1_239' title='bbox 644 3311 747 3349; x_wconf 92' lang='lat' dir='ltr'><strong>non</strong></span> <span class='ocrx_word' id='word_1_240' title='bbox 781 3297 1108 3365; x_wconf 87' lang='lat' dir='ltr'><strong>phantasma</strong></span> <span class='ocrx_word' id='word_1_241' title='bbox 1139 3294 1356 3348; x_wconf 87' lang='lat' dir='ltr'><strong>Christo</strong></span> <span class='ocrx_word' id='word_1_242' title='bbox 1387 3294 1768 3356; x_wconf 88' lang='lat' dir='ltr'><strong>tribuendum;</strong></span> <span class='ocrx_word' id='word_1_243' title='bbox 1795 3294 2063 3362; x_wconf 88' lang='lat' dir='ltr'><strong>siquidem</strong></span> 
     </span>
    </p>
   </div>
   <div class='ocr_carea' id='block_1_34' title="bbox 499 3384 2066 3454">
    <p class='ocr_par' dir='ltr' id='par_1_34' title="bbox 499 3384 2066 3454">
     <span class='ocr_line' id='line_1_34' title="bbox 499 3384 2066 3454; baseline 0.001 -18"><span class='ocrx_word' id='word_1_244' title='bbox 499 3387 811 3452; x_wconf 82' lang='lat' dir='ltr'><strong>phantasma</strong></span> <span class='ocrx_word' id='word_1_245' title='bbox 837 3385 1066 3454; x_wconf 73' lang='lat' dir='ltr'><strong>ﬁguram</strong></span> <span class='ocrx_word' id='word_1_246' title='bbox 1092 3401 1272 3452; x_wconf 80' lang='lat' dir='ltr'><strong>rapere</strong></span> <span class='ocrx_word' id='word_1_247' title='bbox 1297 3401 1400 3437; x_wconf 88' lang='lat' dir='ltr'><strong>non</strong></span> <span class='ocrx_word' id='word_1_248' title='bbox 1428 3393 1618 3452; x_wconf 83' lang='lat' dir='ltr'><strong>potest,</strong></span> <span class='ocrx_word' id='word_1_249' title='bbox 1649 3399 1735 3438; x_wconf 85' lang='lat' dir='ltr'><strong>res</strong></span> <span class='ocrx_word' id='word_1_250' title='bbox 1765 3399 1934 3438; x_wconf 85' lang='lat' dir='ltr'><strong>vacua</strong></span> <span class='ocrx_word' id='word_1_251' title='bbox 1961 3384 2066 3437; x_wconf 83' lang='lat' dir='ltr'><strong>cir-</strong></span> 
     </span>
    </p>
   </div>
   <div class='ocr_carea' id='block_1_35' title="bbox 501 3474 2066 3543">
    <p class='ocr_par' dir='ltr' id='par_1_35' title="bbox 501 3474 2066 3543">
     <span class='ocr_line' id='line_1_35' title="bbox 501 3474 2066 3543; baseline -0.001 -14"><span class='ocrx_word' id='word_1_252' title='bbox 501 3477 797 3530; x_wconf 91' lang='lat' dir='ltr'><strong>cumscribi</strong></span> <span class='ocrx_word' id='word_1_253' title='bbox 847 3491 952 3528; x_wconf 93' lang='lat' dir='ltr'><strong>non</strong></span> <span class='ocrx_word' id='word_1_254' title='bbox 994 3485 1170 3542; x_wconf 89' lang='lat' dir='ltr'><strong>potest</strong></span> <span class='ocrx_word' id='word_1_255' title='bbox 1211 3475 1380 3542; x_wconf 84' lang='lat' dir='ltr'><strong>signis</strong></span> <span class='ocrx_word' id='word_1_256' title='bbox 1419 3475 1784 3528; x_wconf 79' lang='lat' dir='ltr'><strong>exterioribus</strong></span> <span class='ocrx_word' id='word_1_257' title='bbox 1826 3474 1981 3543; x_wconf 91' lang='lat' dir='ltr'><strong>panis</strong></span> <span class='ocrx_word' id='word_1_258' title='bbox 2009 3482 2066 3528; x_wconf 89' lang='lat' dir='ltr'><strong>et</strong></span> 
     </span>
    </p>
   </div>
   <div class='ocr_carea' id='block_1_36' title="bbox 501 3565 2062 3636">
    <p class='ocr_par' dir='ltr' id='par_1_36' title="bbox 501 3565 2062 3636">
     <span class='ocr_line' id='line_1_36' title="bbox 501 3565 2062 3636; baseline -0.001 -16"><span class='ocrx_word' id='word_1_259' title='bbox 501 3568 749 3633; x_wconf 91' lang='lat' dir='ltr'><strong>vini,nee</strong></span> <span class='ocrx_word' id='word_1_260' title='bbox 783 3568 1078 3636; x_wconf 87' lang='lat' dir='ltr'><strong>quidquam</strong></span> <span class='ocrx_word' id='word_1_261' title='bbox 1111 3567 1400 3620; x_wconf 88' lang='lat' dir='ltr'><strong>absurdius</strong></span> <span class='ocrx_word' id='word_1_262' title='bbox 1424 3565 1585 3630; x_wconf 82' lang='lat' dir='ltr'><strong>foret,</strong></span> <span class='ocrx_word' id='word_1_263' title='bbox 1613 3581 1774 3634; x_wconf 83' lang='lat' dir='ltr'><strong>quam</strong></span> <span class='ocrx_word' id='word_1_264' title='bbox 1821 3579 1851 3617; x_wconf 91' lang='lat' dir='ltr'><strong>a</strong></span> <span class='ocrx_word' id='word_1_265' title='bbox 1893 3579 2062 3619; x_wconf 87' lang='lat' dir='ltr'><strong>vacuo</strong></span> 
     </span>
    </p>
   </div>
   <div class='ocr_carea' id='block_1_37' title="bbox 504 3655 2062 3728">
    <p class='ocr_par' dir='ltr' id='par_1_37' title="bbox 504 3655 2062 3728">
     <span class='ocr_line' id='line_1_37' title="bbox 504 3655 2062 3728; baseline -0.003 -15"><span class='ocrx_word' id='word_1_266' title='bbox 504 3659 740 3713; x_wconf 85' lang='lat' dir='ltr'><strong>hominis</strong></span> <span class='ocrx_word' id='word_1_267' title='bbox 790 3659 1169 3728; x_wconf 76' lang='lat' dir='ltr'><strong>phantasmate</strong></span> <span class='ocrx_word' id='word_1_268' title='bbox 1217 3666 1272 3711; x_wconf 91' lang='lat' dir='ltr'><strong>et</strong></span> <span class='ocrx_word' id='word_1_269' title='bbox 1322 3671 1494 3710; x_wconf 88' lang='lat' dir='ltr'><strong>vacua</strong></span> <span class='ocrx_word' id='word_1_270' title='bbox 1544 3655 1789 3725; x_wconf 89' lang='lat' dir='ltr'><strong>corporis</strong></span> <span class='ocrx_word' id='word_1_271' title='bbox 1841 3655 2062 3709; x_wconf 89' lang='lat' dir='ltr'><strong>humani</strong></span> 
     </span>
    </p>
   </div>
   <div class='ocr_carea' id='block_1_38' title="bbox 500 3747 2066 3821">
    <p class='ocr_par' dir='ltr' id='par_1_38' title="bbox 500 3747 2066 3821">
     <span class='ocr_line' id='line_1_38' title="bbox 500 3747 2066 3821; baseline -0.002 -16"><span class='ocrx_word' id='word_1_272' title='bbox 500 3751 710 3821; x_wconf 87' lang='lat' dir='ltr'><strong>elligie,</strong></span> <span class='ocrx_word' id='word_1_273' title='bbox 743 3749 902 3804; x_wconf 91' lang='lat' dir='ltr'><strong>aliam</strong></span> <span class='ocrx_word' id='word_1_274' title='bbox 950 3748 1176 3818; x_wconf 83' lang='lat' dir='ltr'><strong>eﬁigiem</strong></span> <span class='ocrx_word' id='word_1_275' title='bbox 1218 3759 1273 3802; x_wconf 91' lang='lat' dir='ltr'><strong>et</strong></span> <span class='ocrx_word' id='word_1_276' title='bbox 1316 3749 1567 3819; x_wconf 81' lang='lat' dir='ltr'><strong>ﬁguram,</strong></span> <span class='ocrx_word' id='word_1_277' title='bbox 1603 3749 1704 3801; x_wconf 86' lang='lat' dir='ltr'><strong>sub</strong></span> <span class='ocrx_word' id='word_1_278' title='bbox 1739 3761 1846 3815; x_wconf 79' lang='lat' dir='ltr'><strong>qua</strong></span> <span class='ocrx_word' id='word_1_279' title='bbox 1877 3747 2066 3802; x_wconf 89' lang='lat' dir='ltr'><strong>delite-</strong></span> 
     </span>
    </p>
   </div>
   <div class='ocr_carea' id='block_1_39' title="bbox 501 3843 887 3906">
    <p class='ocr_par' dir='ltr' id='par_1_39' title="bbox 501 3843 887 3906">
     <span class='ocr_line' id='line_1_39' title="bbox 501 3843 887 3906; baseline 0 -9"><span class='ocrx_word' id='word_1_280' title='bbox 501 3854 637 3906; x_wconf 86' lang='lat' dir='ltr'><strong>scat,</strong></span> <span class='ocrx_word' id='word_1_281' title='bbox 665 3843 887 3897; x_wconf 88' lang='lat' dir='ltr'><strong>assumi.</strong></span> 
     </span>
    </p>
   </div>
   <div class='ocr_carea' id='block_1_40' title="bbox 572 3953 2066 4022">
    <p class='ocr_par' dir='ltr' id='par_1_40' title="bbox 572 3953 2066 4022">
     <span class='ocr_line' id='line_1_40' title="bbox 572 3953 2066 4022; baseline -0.002 -12"><span class='ocrx_word' id='word_1_282' title='bbox 572 3956 841 4010; x_wconf 89' lang='lat' dir='ltr'><strong>Intererat</strong></span> <span class='ocrx_word' id='word_1_283' title='bbox 867 3971 997 4022; x_wconf 85' lang='lat' dir='ltr'><strong>ergo</strong></span> <span class='ocrx_word' id='word_1_284' title='bbox 1023 3954 1339 4008; x_wconf 88' lang='lat' dir='ltr'><strong>Tertulliani</strong></span> <span class='ocrx_word' id='word_1_285' title='bbox 1371 3956 1664 4010; x_wconf 90' lang='lat' dir='ltr'><strong>observare</strong></span> <span class='ocrx_word' id='word_1_286' title='bbox 1694 3963 1750 4008; x_wconf 89' lang='lat' dir='ltr'><strong>et</strong></span> <span class='ocrx_word' id='word_1_287' title='bbox 1775 3953 2066 4007; x_wconf 77' lang='lat' dir='ltr'><strong>admonere</strong></span> 
     </span>
    </p>
   </div>
   <div class='ocr_carea' id='block_1_41' title="bbox 501 4046 2067 4117">
    <p class='ocr_par' dir='ltr' id='par_1_41' title="bbox 501 4046 2067 4117">
     <span class='ocr_line' id='line_1_41' title="bbox 501 4046 2067 4117; baseline -0.002 -17"><span class='ocrx_word' id='word_1_288' title='bbox 501 4063 700 4117; x_wconf 91' lang='lat' dir='ltr'><strong>corpus</strong></span> <span class='ocrx_word' id='word_1_289' title='bbox 732 4047 937 4103; x_wconf 89' lang='lat' dir='ltr'><strong>Christi</strong></span> <span class='ocrx_word' id='word_1_290' title='bbox 963 4048 1385 4101; x_wconf 88' lang='lat' dir='ltr'><strong>eucharisticum</strong></span> <span class='ocrx_word' id='word_1_291' title='bbox 1418 4063 1522 4101; x_wconf 92' lang='lat' dir='ltr'><strong>non</strong></span> <span class='ocrx_word' id='word_1_292' title='bbox 1559 4047 1611 4100; x_wconf 94' lang='lat' dir='ltr'><strong>in</strong></span> <span class='ocrx_word' id='word_1_293' title='bbox 1642 4062 1702 4100; x_wconf 90' lang='lat' dir='ltr'><strong>ea</strong></span> <span class='ocrx_word' id='word_1_294' title='bbox 1739 4047 1928 4115; x_wconf 88' lang='lat' dir='ltr'><strong>ﬁgura,</strong></span> <span class='ocrx_word' id='word_1_295' title='bbox 1953 4046 2067 4099; x_wconf 87' lang='lat' dir='ltr'><strong>sive</strong></span> 
     </span>
    </p>
   </div>
   <div class='ocr_carea' id='block_1_42' title="bbox 504 4137 2065 4209">
    <p class='ocr_par' dir='ltr' id='par_1_42' title="bbox 504 4137 2065 4209">
     <span class='ocr_line' id='line_1_42' title="bbox 504 4137 2065 4209; baseline -0.003 -14"><span class='ocrx_word' id='word_1_296' title='bbox 504 4141 682 4209; x_wconf 76' lang='lat' dir='ltr'><strong>efﬁgie</strong></span> <span class='ocrx_word' id='word_1_297' title='bbox 711 4151 765 4194; x_wconf 91' lang='lat' dir='ltr'><strong>et</strong></span> <span class='ocrx_word' id='word_1_298' title='bbox 800 4141 983 4209; x_wconf 77' lang='lat' dir='ltr'><strong>specie</strong></span> <span class='ocrx_word' id='word_1_299' title='bbox 1012 4140 1232 4208; x_wconf 88' lang='lat' dir='ltr'><strong>apponi,</strong></span> <span class='ocrx_word' id='word_1_300' title='bbox 1263 4154 1423 4206; x_wconf 87' lang='lat' dir='ltr'><strong>quam</strong></span> <span class='ocrx_word' id='word_1_301' title='bbox 1460 4139 1646 4192; x_wconf 91' lang='lat' dir='ltr'><strong>habuit</strong></span> <span class='ocrx_word' id='word_1_302' title='bbox 1675 4139 1726 4190; x_wconf 91' lang='lat' dir='ltr'><strong>in</strong></span> <span class='ocrx_word' id='word_1_303' title='bbox 1760 4137 1944 4200; x_wconf 91' lang='lat' dir='ltr'><strong>terris,</strong></span> <span class='ocrx_word' id='word_1_304' title='bbox 1971 4137 2065 4190; x_wconf 90' lang='lat' dir='ltr'><strong>sed</strong></span> 
     </span>
    </p>
   </div>
   <div class='ocr_carea' id='block_1_43' title="bbox 507 4229 2067 4304">
    <p class='ocr_par' dir='ltr' id='par_1_43' title="bbox 507 4229 2067 4304">
     <span class='ocr_line' id='line_1_43' title="bbox 507 4229 2067 4304; baseline -0.003 -17"><span class='ocrx_word' id='word_1_305' title='bbox 507 4234 559 4287; x_wconf 93' lang='lat' dir='ltr'><strong>in</strong></span> <span class='ocrx_word' id='word_1_306' title='bbox 593 4237 758 4304; x_wconf 86' lang='lat' dir='ltr'><strong>ﬁgura</strong></span> <span class='ocrx_word' id='word_1_307' title='bbox 790 4243 844 4288; x_wconf 91' lang='lat' dir='ltr'><strong>et</strong></span> <span class='ocrx_word' id='word_1_308' title='bbox 874 4233 1056 4301; x_wconf 89' lang='lat' dir='ltr'><strong>specie</strong></span> <span class='ocrx_word' id='word_1_309' title='bbox 1098 4233 1276 4300; x_wconf 88' lang='lat' dir='ltr'><strong>panis.</strong></span> <span class='ocrx_word' id='word_1_310' title='bbox 1317 4231 1494 4299; x_wconf 77' lang='lat' dir='ltr'><strong>Atque</strong></span> <span class='ocrx_word' id='word_1_311' title='bbox 1538 4233 1651 4284; x_wconf 62' lang='lat' dir='ltr'><strong>haec</strong></span> <span class='ocrx_word' id='word_1_312' title='bbox 1680 4230 1821 4282; x_wconf 91' lang='lat' dir='ltr'><strong>illius</strong></span> <span class='ocrx_word' id='word_1_313' title='bbox 1854 4229 2067 4283; x_wconf 89' lang='lat' dir='ltr'><strong>ratioci-</strong></span> 
     </span>
    </p>
   </div>
   <div class='ocr_carea' id='block_1_44' title="bbox 505 4322 2132 4392">
    <p class='ocr_par' dir='ltr' id='par_1_44' title="bbox 505 4322 2132 4392">
     <span class='ocr_line' id='line_1_44' title="bbox 505 4322 2132 4392; baseline -0.001 -14"><span class='ocrx_word' id='word_1_314' title='bbox 505 4330 652 4380; x_wconf 88' lang='lat' dir='ltr'><strong>natio</strong></span> <span class='ocrx_word' id='word_1_315' title='bbox 683 4342 788 4380; x_wconf 91' lang='lat' dir='ltr'><strong>uon</strong></span> <span class='ocrx_word' id='word_1_316' title='bbox 825 4326 1002 4381; x_wconf 91' lang='lat' dir='ltr'><strong>solum</strong></span> <span class='ocrx_word' id='word_1_317' title='bbox 1047 4325 1375 4379; x_wconf 85' lang='lat' dir='ltr'><strong>Marcionem</strong></span> <span class='ocrx_word' id='word_1_318' title='bbox 1421 4324 1724 4378; x_wconf 79' lang='lat' dir='ltr'><strong>arctissiine</strong></span> <span class='ocrx_word' id='word_1_319' title='bbox 1764 4322 2062 4392; x_wconf 88' lang='lat' dir='ltr'><strong>premebat,</strong></span> <span class='ocrx_word' id='word_1_320' title='bbox 2127 4379 2132 4386; x_wconf 70' lang='grc'>,</span> 
     </span>
    </p>
   </div>
   <div class='ocr_carea' id='block_1_45' title="bbox 502 4412 2062 4473">
    <p class='ocr_par' dir='ltr' id='par_1_45' title="bbox 502 4412 2062 4473">
     <span class='ocr_line' id='line_1_45' title="bbox 502 4412 2062 4473; baseline -0.004 -1"><span class='ocrx_word' id='word_1_321' title='bbox 502 4421 596 4473; x_wconf 89' lang='lat' dir='ltr'><strong>sed</strong></span> <span class='ocrx_word' id='word_1_322' title='bbox 647 4421 810 4472; x_wconf 90' lang='lat' dir='ltr'><strong>etiam</strong></span> <span class='ocrx_word' id='word_1_323' title='bbox 862 4419 969 4473; x_wconf 93' lang='lat' dir='ltr'><strong>duo</strong></span> <span class='ocrx_word' id='word_1_324' title='bbox 1022 4417 1174 4471; x_wconf 90' lang='lat' dir='ltr'><strong>nobis</strong></span> <span class='ocrx_word' id='word_1_325' title='bbox 1213 4417 1552 4470; x_wconf 86' lang='lat' dir='ltr'><strong>observanda</strong></span> <span class='ocrx_word' id='word_1_326' title='bbox 1599 4425 1652 4469; x_wconf 88' lang='lat' dir='ltr'><strong>et</strong></span> <span class='ocrx_word' id='word_1_327' title='bbox 1694 4412 2062 4469; x_wconf 84' lang='lat' dir='ltr'><strong>concludenda</strong></span> 
     </span>
    </p>
   </div>
   <div class='ocr_carea' id='block_1_46' title="bbox 2176 539 3723 617">
    <p class='ocr_par' dir='ltr' id='par_1_46' title="bbox 2176 539 3723 617">
     <span class='ocr_line' id='line_1_46' title="bbox 2176 539 3723 617; baseline 0.008 -27"><span class='ocrx_word' id='word_1_328' title='bbox 2176 539 2295 593; x_wconf 89' lang='lat' dir='ltr'><strong>vice</strong></span> <span class='ocrx_word' id='word_1_329' title='bbox 2321 540 2610 608; x_wconf 88' lang='lat' dir='ltr'><strong>adoptatus</strong></span> <span class='ocrx_word' id='word_1_330' title='bbox 2640 541 2890 597; x_wconf 88' lang='lat' dir='ltr'><strong>dicatur:</strong></span> <span class='ocrx_word' id='word_1_331' title='bbox 2943 561 2962 594; x_wconf 82' lang='grc' dir='ltr'><strong>ι</strong></span> <span class='ocrx_word' id='word_1_332' title='bbox 3004 544 3112 599; x_wconf 85' lang='lat' dir='ltr'><strong>Aut</strong></span> <span class='ocrx_word' id='word_1_333' title='bbox 3151 546 3192 600; x_wconf 91' lang='lat' dir='ltr'><strong>si</strong></span> <span class='ocrx_word' id='word_1_334' title='bbox 3230 559 3512 617; x_wconf 86' lang='lat' dir='ltr'><strong>propterea</strong></span> <span class='ocrx_word' id='word_1_335' title='bbox 3546 565 3723 617; x_wconf 84' lang='lat' dir='ltr'><strong>panem</strong></span> 
     </span>
    </p>
   </div>
   <div class='ocr_carea' id='block_1_47' title="bbox 2174 629 3719 704">
    <p class='ocr_par' dir='ltr' id='par_1_47' title="bbox 2174 629 3719 704">
     <span class='ocr_line' id='line_1_47' title="bbox 2174 629 3719 704; baseline 0.008 -24"><span class='ocrx_word' id='word_1_336' title='bbox 2174 642 2373 697; x_wconf 90' lang='lat' dir='ltr'><strong>corpus</strong></span> <span class='ocrx_word' id='word_1_337' title='bbox 2405 631 2506 683; x_wconf 90' lang='lat' dir='ltr'><strong>sibi</strong></span> <span class='ocrx_word' id='word_1_338' title='bbox 2545 629 2695 695; x_wconf 80' lang='lat' dir='ltr'><strong>fecit,</strong></span> <span class='ocrx_word' id='word_1_339' title='bbox 2745 633 2870 700; x_wconf 88' lang='lat' dir='ltr'><strong>quia</strong></span> <span class='ocrx_word' id='word_1_340' title='bbox 2922 637 3167 704; x_wconf 87' lang='lat' dir='ltr'><strong>corporis</strong></span> <span class='ocrx_word' id='word_1_341' title='bbox 3213 638 3433 691; x_wconf 87' lang='lat' dir='ltr'><strong>carebat</strong></span> <span class='ocrx_word' id='word_1_342' title='bbox 3466 640 3719 693; x_wconf 87' lang='lat' dir='ltr'><strong>veritate:</strong></span> 
     </span>
    </p>
   </div>
   <div class='ocr_carea' id='block_1_48' title="bbox 2172 725 3723 798">
    <p class='ocr_par' dir='ltr' id='par_1_48' title="bbox 2172 725 3723 798">
     <span class='ocr_line' id='line_1_48' title="bbox 2172 725 3723 798; baseline 0.009 -26"><span class='ocrx_word' id='word_1_343' title='bbox 2172 734 2304 790; x_wconf 88' lang='lat' dir='ltr'><strong>ergo</strong></span> <span class='ocrx_word' id='word_1_344' title='bbox 2335 736 2528 789; x_wconf 91' lang='lat' dir='ltr'><strong>panem</strong></span> <span class='ocrx_word' id='word_1_345' title='bbox 2559 725 2747 779; x_wconf 90' lang='lat' dir='ltr'><strong>debuit</strong></span> <span class='ocrx_word' id='word_1_346' title='bbox 2777 727 2991 782; x_wconf 89' lang='lat' dir='ltr'><strong>tradere</strong></span> <span class='ocrx_word' id='word_1_347' title='bbox 3025 745 3122 798; x_wconf 92' lang='lat' dir='ltr'><strong>pro</strong></span> <span class='ocrx_word' id='word_1_348' title='bbox 3151 733 3327 785; x_wconf 90' lang='lat' dir='ltr'><strong>nobis.</strong></span> <span class='ocrx_word' id='word_1_349' title='bbox 3377 731 3634 785; x_wconf 83' lang='lat' dir='ltr'><strong>Faciebat</strong></span> <span class='ocrx_word' id='word_1_350' title='bbox 3666 735 3723 786; x_wconf 89' lang='lat' dir='ltr'><strong>ad</strong></span> 
     </span>
    </p>
   </div>
   <div class='ocr_carea' id='block_1_49' title="bbox 2173 812 3724 894">
    <p class='ocr_par' dir='ltr' id='par_1_49' title="bbox 2173 812 3724 894">
     <span class='ocr_line' id='line_1_49' title="bbox 2173 812 3724 894; baseline 0.01 -32"><span class='ocrx_word' id='word_1_351' title='bbox 2173 812 2471 866; x_wconf 86' lang='lat' dir='ltr'><strong>vanitatem</strong></span> <span class='ocrx_word' id='word_1_352' title='bbox 2500 813 2815 884; x_wconf 86' lang='lat' dir='ltr'><strong>Marcionis,</strong></span> <span class='ocrx_word' id='word_1_353' title='bbox 2851 830 2908 872; x_wconf 93' lang='lat' dir='ltr'><strong>ut</strong></span> <span class='ocrx_word' id='word_1_354' title='bbox 2942 822 3098 888; x_wconf 90' lang='lat' dir='ltr'><strong>panis</strong></span> <span class='ocrx_word' id='word_1_355' title='bbox 3129 837 3225 890; x_wconf 91' lang='lat' dir='ltr'><strong>pro</strong></span> <span class='ocrx_word' id='word_1_356' title='bbox 3253 824 3408 877; x_wconf 92' lang='lat' dir='ltr'><strong>nobis</strong></span> <span class='ocrx_word' id='word_1_357' title='bbox 3443 824 3724 894; x_wconf 83' lang='lat' dir='ltr'><strong>cruciﬁge-</strong></span> 
     </span>
    </p>
   </div>
   <div class='ocr_carea' id='block_1_50' title="bbox 2173 905 3724 976">
    <p class='ocr_par' dir='ltr' id='par_1_50' title="bbox 2173 905 3724 976">
     <span class='ocr_line' id='line_1_50' title="bbox 2173 905 3724 976; baseline 0.011 -22"><span class='ocrx_word' id='word_1_358' title='bbox 2173 913 2347 959; x_wconf 89' lang='lat' dir='ltr'><strong>retur.</strong></span> <span class='ocrx_word' id='word_1_359' title='bbox 2381 923 2400 956; x_wconf 78' lang='grc' dir='ltr'><strong>ι</strong></span> <span class='ocrx_word' id='word_1_360' title='bbox 2443 905 2784 976; x_wconf 89' lang='lat' dir='ltr'><strong>Suspicatur,</strong></span> <span class='ocrx_word' id='word_1_361' title='bbox 2818 925 2923 964; x_wconf 93' lang='lat' dir='ltr'><strong>non</strong></span> <span class='ocrx_word' id='word_1_362' title='bbox 2949 925 3231 969; x_wconf 88' lang='lat' dir='ltr'><strong>asseverat</strong></span> <span class='ocrx_word' id='word_1_363' title='bbox 3261 915 3631 970; x_wconf 89' lang='lat' dir='ltr'><strong>Tertullianus</strong></span> <span class='ocrx_word' id='word_1_364' title='bbox 3661 918 3724 971; x_wconf 55' lang='lat' dir='ltr'><strong>iga</strong></span> 
     </span>
    </p>
   </div>
   <div class='ocr_carea' id='block_1_51' title="bbox 2170 995 3722 1075">
    <p class='ocr_par' dir='ltr' id='par_1_51' title="bbox 2170 995 3722 1075">
     <span class='ocr_line' id='line_1_51' title="bbox 2170 995 3722 1075; baseline 0.01 -30"><span class='ocrx_word' id='word_1_365' title='bbox 2170 995 2412 1048; x_wconf 89' lang='lat' dir='ltr'><strong>sensisse</strong></span> <span class='ocrx_word' id='word_1_366' title='bbox 2437 995 2793 1056; x_wconf 86' lang='lat' dir='ltr'><strong>Mareionem:</strong></span> <span class='ocrx_word' id='word_1_367' title='bbox 2833 1003 2926 1055; x_wconf 90' lang='lat' dir='ltr'><strong>sed</strong></span> <span class='ocrx_word' id='word_1_368' title='bbox 2970 1005 3099 1071; x_wconf 85' lang='lat' dir='ltr'><strong>quid</strong></span> <span class='ocrx_word' id='word_1_369' title='bbox 3141 1005 3316 1060; x_wconf 88' lang='lat' dir='ltr'><strong>valeat</strong></span> <span class='ocrx_word' id='word_1_370' title='bbox 3355 1006 3470 1060; x_wconf 67' lang='lat' dir='ltr'><strong>haec</strong></span> <span class='ocrx_word' id='word_1_371' title='bbox 3497 1007 3722 1075; x_wconf 86' lang='lat' dir='ltr'><strong>suspicio</strong></span> 
     </span>
    </p>
   </div>
   <div class='ocr_carea' id='block_1_52' title="bbox 2172 1088 3724 1170">
    <p class='ocr_par' dir='ltr' id='par_1_52' title="bbox 2172 1088 3724 1170">
     <span class='ocr_line' id='line_1_52' title="bbox 2172 1088 3724 1170; baseline 0.009 -30"><span class='ocrx_word' id='word_1_372' title='bbox 2172 1088 2330 1142; x_wconf 91' lang='lat' dir='ltr'><strong>nobis</strong></span> <span class='ocrx_word' id='word_1_373' title='bbox 2357 1094 2768 1158; x_wconf 82' lang='lat' dir='ltr'><strong>expeudeudum</strong></span> <span class='ocrx_word' id='word_1_374' title='bbox 2800 1107 2905 1149; x_wconf 89' lang='lat' dir='ltr'><strong>est.</strong></span> <span class='ocrx_word' id='word_1_375' title='bbox 2958 1096 3011 1150; x_wconf 77' lang='grc' dir='ltr'><strong>1ο</strong></span> <span class='ocrx_word' id='word_1_376' title='bbox 3061 1098 3306 1152; x_wconf 88' lang='lat' dir='ltr'><strong>Absurda</strong></span> <span class='ocrx_word' id='word_1_377' title='bbox 3357 1100 3447 1154; x_wconf 90' lang='lat' dir='ltr'><strong>illa</strong></span> <span class='ocrx_word' id='word_1_378' title='bbox 3497 1100 3651 1170; x_wconf 89' lang='lat' dir='ltr'><strong>panis</strong></span> <span class='ocrx_word' id='word_1_379' title='bbox 3680 1102 3724 1154; x_wconf 91' lang='lat' dir='ltr'><strong>in</strong></span> 
     </span>
    </p>
   </div>
   <div class='ocr_carea' id='block_1_53' title="bbox 2171 1183 3724 1259">
    <p class='ocr_par' dir='ltr' id='par_1_53' title="bbox 2171 1183 3724 1259">
     <span class='ocr_line' id='line_1_53' title="bbox 2171 1183 3724 1259; baseline 0.01 -27"><span class='ocrx_word' id='word_1_380' title='bbox 2171 1195 2371 1248; x_wconf 90' lang='lat' dir='ltr'><strong>corpus</strong></span> <span class='ocrx_word' id='word_1_381' title='bbox 2402 1183 2606 1238; x_wconf 86' lang='lat' dir='ltr'><strong>Christi</strong></span> <span class='ocrx_word' id='word_1_382' title='bbox 2646 1186 2865 1254; x_wconf 89' lang='lat' dir='ltr'><strong>adoptio</strong></span> <span class='ocrx_word' id='word_1_383' title='bbox 2897 1206 3173 1259; x_wconf 89' lang='lat' dir='ltr'><strong>nunquam</strong></span> <span class='ocrx_word' id='word_1_384' title='bbox 3199 1191 3458 1246; x_wconf 83' lang='lat' dir='ltr'><strong>Marcioni</strong></span> <span class='ocrx_word' id='word_1_385' title='bbox 3493 1193 3546 1246; x_wconf 92' lang='lat' dir='ltr'><strong>in</strong></span> <span class='ocrx_word' id='word_1_386' title='bbox 3587 1208 3724 1247; x_wconf 84' lang='lat' dir='ltr'><strong>men-</strong></span> 
     </span>
    </p>
   </div>
   <div class='ocr_carea' id='block_1_54' title="bbox 2172 1273 3726 1354">
    <p class='ocr_par' dir='ltr' id='par_1_54' title="bbox 2172 1273 3726 1354">
     <span class='ocr_line' id='line_1_54' title="bbox 2172 1273 3726 1354; baseline 0.01 -32"><span class='ocrx_word' id='word_1_387' title='bbox 2172 1277 2278 1323; x_wconf 80' lang='lat' dir='ltr'><strong>tem</strong></span> <span class='ocrx_word' id='word_1_388' title='bbox 2309 1273 2570 1338; x_wconf 87' lang='lat' dir='ltr'><strong>venisset,</strong></span> <span class='ocrx_word' id='word_1_389' title='bbox 2601 1276 2704 1329; x_wconf 91' lang='lat' dir='ltr'><strong>nisi</strong></span> <span class='ocrx_word' id='word_1_390' title='bbox 2732 1278 2874 1332; x_wconf 89' lang='lat' dir='ltr'><strong>hanc</strong></span> <span class='ocrx_word' id='word_1_391' title='bbox 2901 1278 2949 1332; x_wconf 92' lang='lat' dir='ltr'><strong>ei</strong></span> <span class='ocrx_word' id='word_1_392' title='bbox 2980 1282 3357 1336; x_wconf 75' lang='lat' dir='ltr'><strong>necessitatem</strong></span> <span class='ocrx_word' id='word_1_393' title='bbox 3387 1283 3726 1354; x_wconf 88' lang='lat' dir='ltr'><strong>_i_mposuisset</strong></span> 
     </span>
    </p>
   </div>
   <div class='ocr_carea' id='block_1_55' title="bbox 2170 1351 3722 1445">
    <p class='ocr_par' dir='ltr' id='par_1_55' title="bbox 2170 1351 3722 1445">
     <span class='ocr_line' id='line_1_55' title="bbox 2170 1351 3722 1445; baseline 0.01 -30"><span class='ocrx_word' id='word_1_394' title='bbox 2170 1363 2395 1432; x_wconf 86' lang='lat' dir='ltr'><strong>impium</strong></span> <span class='ocrx_word' id='word_1_395' title='bbox 2429 1369 2760 1436; x_wconf 89' lang='lat' dir='ltr'><strong>phantastici</strong></span> <span class='ocrx_word' id='word_1_396' title='bbox 2809 1376 3058 1442; x_wconf 89' lang='lat' dir='ltr'><strong>corporis</strong></span> <span class='ocrx_word' id='word_1_397' title='bbox 3087 1375 3287 1430; x_wconf 88' lang='lat' dir='ltr'><strong>Christi</strong></span> <span class='ocrx_word' id='word_1_398' title='bbox 3329 1351 3722 1445; x_wconf 63' lang='lat' dir='ltr'><strong>cointnentum;</strong></span> 
     </span>
    </p>
   </div>
   <div class='ocr_carea' id='block_1_56' title="bbox 2168 1460 3723 1534">
    <p class='ocr_par' dir='ltr' id='par_1_56' title="bbox 2168 1460 3723 1534">
     <span class='ocr_line' id='line_1_56' title="bbox 2168 1460 3723 1534; baseline 0.009 -24"><span class='ocrx_word' id='word_1_399' title='bbox 2168 1472 2276 1512; x_wconf 91' lang='lat' dir='ltr'><strong>non</strong></span> <span class='ocrx_word' id='word_1_400' title='bbox 2306 1460 2675 1516; x_wconf 79' lang='lat' dir='ltr'><strong>existimasset</strong></span> <span class='ocrx_word' id='word_1_401' title='bbox 2714 1465 2872 1534; x_wconf 89' lang='lat' dir='ltr'><strong>panis</strong></span> <span class='ocrx_word' id='word_1_402' title='bbox 2913 1469 3273 1522; x_wconf 89' lang='lat' dir='ltr'><strong>substantiam</strong></span> <span class='ocrx_word' id='word_1_403' title='bbox 3318 1470 3369 1522; x_wconf 88' lang='lat' dir='ltr'><strong>in</strong></span> <span class='ocrx_word' id='word_1_404' title='bbox 3406 1471 3723 1525; x_wconf 87' lang='lat' dir='ltr'><strong>eucharistia</strong></span> 
     </span>
    </p>
   </div>
   <div class='ocr_carea' id='block_1_57' title="bbox 2169 1553 3722 1628">
    <p class='ocr_par' dir='ltr' id='par_1_57' title="bbox 2169 1553 3722 1628">
     <span class='ocr_line' id='line_1_57' title="bbox 2169 1553 3722 1628; baseline 0.01 -28"><span class='ocrx_word' id='word_1_405' title='bbox 2169 1563 2412 1616; x_wconf 88' lang='lat' dir='ltr'><strong>manere,</strong></span> <span class='ocrx_word' id='word_1_406' title='bbox 2466 1553 2509 1606; x_wconf 93' lang='lat' dir='ltr'><strong>si</strong></span> <span class='ocrx_word' id='word_1_407' title='bbox 2552 1568 2704 1608; x_wconf 90' lang='lat' dir='ltr'><strong>suam</strong></span> <span class='ocrx_word' id='word_1_408' title='bbox 2735 1555 2938 1611; x_wconf 89' lang='lat' dir='ltr'><strong>Christi</strong></span> <span class='ocrx_word' id='word_1_409' title='bbox 2967 1560 3177 1628; x_wconf 86' lang='lat' dir='ltr'><strong>corpori</strong></span> <span class='ocrx_word' id='word_1_410' title='bbox 3208 1561 3567 1614; x_wconf 87' lang='lat' dir='ltr'><strong>substantiam</strong></span> <span class='ocrx_word' id='word_1_411' title='bbox 3609 1562 3722 1615; x_wconf 81' lang='lat' dir='ltr'><strong>reli-</strong></span> 
     </span>
    </p>
   </div>
   <div class='ocr_carea' id='block_1_58' title="bbox 2168 1641 3722 1718">
    <p class='ocr_par' dir='ltr' id='par_1_58' title="bbox 2168 1641 3722 1718">
     <span class='ocr_line' id='line_1_58' title="bbox 2168 1641 3722 1718; baseline 0.008 -24"><span class='ocrx_word' id='word_1_412' title='bbox 2168 1641 2406 1710; x_wconf 91' lang='lat' dir='ltr'><strong>quisset.</strong></span> <span class='ocrx_word' id='word_1_413' title='bbox 2453 1643 2719 1699; x_wconf 88' lang='lat' dir='ltr'><strong>Catholici</strong></span> <span class='ocrx_word' id='word_1_414' title='bbox 2751 1661 2879 1716; x_wconf 87' lang='lat' dir='ltr'><strong>ergo</strong></span> <span class='ocrx_word' id='word_1_415' title='bbox 2908 1663 3121 1712; x_wconf 83' lang='lat' dir='ltr'><strong>omnes,</strong></span> <span class='ocrx_word' id='word_1_416' title='bbox 3148 1652 3463 1718; x_wconf 91' lang='lat' dir='ltr'><strong>quibuscum</strong></span> <span class='ocrx_word' id='word_1_417' title='bbox 3494 1651 3722 1706; x_wconf 82' lang='lat' dir='ltr'><strong>Marcion</strong></span> 
     </span>
    </p>
   </div>
   <div class='ocr_carea' id='block_1_59' title="bbox 2174 1733 3723 1810">
    <p class='ocr_par' dir='ltr' id='par_1_59' title="bbox 2174 1733 3723 1810">
     <span class='ocr_line' id='line_1_59' title="bbox 2174 1733 3723 1810; baseline 0.009 -25"><span class='ocrx_word' id='word_1_418' title='bbox 2174 1733 2403 1787; x_wconf 89' lang='lat' dir='ltr'><strong>adversa</strong></span> <span class='ocrx_word' id='word_1_419' title='bbox 2439 1733 2615 1790; x_wconf 80' lang='lat' dir='ltr'><strong>fronte</strong></span> <span class='ocrx_word' id='word_1_420' title='bbox 2643 1739 2934 1805; x_wconf 76' lang='lat' dir='ltr'><strong>pugnabat,</strong></span> <span class='ocrx_word' id='word_1_421' title='bbox 2983 1755 3089 1793; x_wconf 92' lang='lat' dir='ltr'><strong>non</strong></span> <span class='ocrx_word' id='word_1_422' title='bbox 3132 1757 3324 1810; x_wconf 89' lang='lat' dir='ltr'><strong>panem</strong></span> <span class='ocrx_word' id='word_1_423' title='bbox 3375 1743 3428 1796; x_wconf 91' lang='lat' dir='ltr'><strong>in</strong></span> <span class='ocrx_word' id='word_1_424' title='bbox 3481 1744 3723 1798; x_wconf 88' lang='lat' dir='ltr'><strong>euchari-</strong></span> 
     </span>
    </p>
   </div>
   <div class='ocr_carea' id='block_1_60' title="bbox 2169 1821 3722 1899">
    <p class='ocr_par' dir='ltr' id='par_1_60' title="bbox 2169 1821 3722 1899">
     <span class='ocr_line' id='line_1_60' title="bbox 2169 1821 3722 1899; baseline 0.012 -28"><span class='ocrx_word' id='word_1_425' title='bbox 2169 1821 2320 1885; x_wconf 88' lang='lat' dir='ltr'><strong>stia,</strong></span> <span class='ocrx_word' id='word_1_426' title='bbox 2377 1823 2470 1876; x_wconf 92' lang='lat' dir='ltr'><strong>sed</strong></span> <span class='ocrx_word' id='word_1_427' title='bbox 2529 1839 2711 1878; x_wconf 89' lang='lat' dir='ltr'><strong>verum</strong></span> <span class='ocrx_word' id='word_1_428' title='bbox 2743 1825 2944 1881; x_wconf 91' lang='lat' dir='ltr'><strong>Christi</strong></span> <span class='ocrx_word' id='word_1_429' title='bbox 2993 1844 3189 1899; x_wconf 88' lang='lat' dir='ltr'><strong>corpus</strong></span> <span class='ocrx_word' id='word_1_430' title='bbox 3244 1846 3362 1886; x_wconf 90' lang='lat' dir='ltr'><strong>esse</strong></span> <span class='ocrx_word' id='word_1_431' title='bbox 3415 1835 3722 1889; x_wconf 89' lang='lat' dir='ltr'><strong>credebant.</strong></span> 
     </span>
    </p>
   </div>
   <div class='ocr_carea' id='block_1_61' title="bbox 2170 1912 3721 1990">
    <p class='ocr_par' dir='ltr' id='par_1_61' title="bbox 2170 1912 3721 1990">
     <span class='ocr_line' id='line_1_61' title="bbox 2170 1912 3721 1990; baseline 0.01 -25"><span class='ocrx_word' id='word_1_432' title='bbox 2170 1912 2378 1968; x_wconf 85' lang='lat' dir='ltr'><strong>Deinde</strong></span> <span class='ocrx_word' id='word_1_433' title='bbox 2411 1914 2540 1967; x_wconf 94' lang='lat' dir='ltr'><strong>illud</strong></span> <span class='ocrx_word' id='word_1_434' title='bbox 2585 1915 2776 1971; x_wconf 88' lang='lat' dir='ltr'><strong>saltem</strong></span> <span class='ocrx_word' id='word_1_435' title='bbox 2828 1922 3183 1978; x_wconf 77' lang='lat' dir='ltr'><strong>concessisset</strong></span> <span class='ocrx_word' id='word_1_436' title='bbox 3223 1923 3482 1990; x_wconf 81' lang='lat' dir='ltr'><strong>Marcion,</strong></span> <span class='ocrx_word' id='word_1_437' title='bbox 3529 1927 3572 1980; x_wconf 92' lang='lat' dir='ltr'><strong>si</strong></span> <span class='ocrx_word' id='word_1_438' title='bbox 3608 1942 3721 1980; x_wconf 84' lang='lat' dir='ltr'><strong>vera</strong></span> 
     </span>
    </p>
   </div>
   <div class='ocr_carea' id='block_1_62' title="bbox 2169 2003 3723 2076">
    <p class='ocr_par' dir='ltr' id='par_1_62' title="bbox 2169 2003 3723 2076">
     <span class='ocr_line' id='line_1_62' title="bbox 2169 2003 3723 2076; baseline 0.009 -18"><span class='ocrx_word' id='word_1_439' title='bbox 2169 2003 2489 2060; x_wconf 87' lang='lat' dir='ltr'><strong>Tertulliani</strong></span> <span class='ocrx_word' id='word_1_440' title='bbox 2518 2008 2852 2076; x_wconf 83' lang='lat' dir='ltr'><strong>conjectura,</strong></span> <span class='ocrx_word' id='word_1_441' title='bbox 2904 2011 3140 2067; x_wconf 83' lang='lat' dir='ltr'><strong>Verbum</strong></span> <span class='ocrx_word' id='word_1_442' title='bbox 3173 2017 3225 2067; x_wconf 92' lang='lat' dir='ltr'><strong>in</strong></span> <span class='ocrx_word' id='word_1_443' title='bbox 3251 2017 3582 2072; x_wconf 73' lang='lat' dir='ltr'><strong>eucharistia</strong></span> <span class='ocrx_word' id='word_1_444' title='bbox 3610 2034 3723 2074; x_wconf 92' lang='lat' dir='ltr'><strong>cum</strong></span> 
     </span>
    </p>
   </div>
   <div class='ocr_carea' id='block_1_63' title="bbox 2166 2099 3724 2170">
    <p class='ocr_par' dir='ltr' id='par_1_63' title="bbox 2166 2099 3724 2170">
     <span class='ocr_line' id='line_1_63' title="bbox 2166 2099 3724 2170; baseline 0.01 -20"><span class='ocrx_word' id='word_1_445' title='bbox 2166 2110 2306 2164; x_wconf 89' lang='lat' dir='ltr'><strong>pane</strong></span> <span class='ocrx_word' id='word_1_446' title='bbox 2362 2099 2707 2169; x_wconf 81' lang='lat' dir='ltr'><strong>hypostatice</strong></span> <span class='ocrx_word' id='word_1_447' title='bbox 2764 2102 3113 2170; x_wconf 88' lang='lat' dir='ltr'><strong>conjunctum</strong></span> <span class='ocrx_word' id='word_1_448' title='bbox 3169 2107 3402 2162; x_wconf 90' lang='lat' dir='ltr'><strong>adorari.</strong></span> <span class='ocrx_word' id='word_1_449' title='bbox 3467 2111 3540 2163; x_wconf 78' lang='lat' dir='ltr'><strong>At</strong></span> <span class='ocrx_word' id='word_1_450' title='bbox 3594 2113 3724 2165; x_wconf 89' lang='lat' dir='ltr'><strong>unde</strong></span> 
     </span>
    </p>
   </div>
   <div class='ocr_carea' id='block_1_64' title="bbox 2167 2189 3724 2268">
    <p class='ocr_par' dir='ltr' id='par_1_64' title="bbox 2167 2189 3724 2268">
     <span class='ocr_line' id='line_1_64' title="bbox 2167 2189 3724 2268; baseline 0.01 -28"><span class='ocrx_word' id='word_1_451' title='bbox 2167 2189 2310 2242; x_wconf 89' lang='lat' dir='ltr'><strong>hanc</strong></span> <span class='ocrx_word' id='word_1_452' title='bbox 2357 2190 2667 2258; x_wconf 92' lang='lat' dir='ltr'><strong>opinionem</strong></span> <span class='ocrx_word' id='word_1_453' title='bbox 2707 2203 2799 2247; x_wconf 92' lang='lat' dir='ltr'><strong>aut</strong></span> <span class='ocrx_word' id='word_1_454' title='bbox 2827 2195 3062 2250; x_wconf 77' lang='lat' dir='ltr'><strong>Marcion</strong></span> <span class='ocrx_word' id='word_1_455' title='bbox 3111 2199 3410 2268; x_wconf 88' lang='lat' dir='ltr'><strong>suscipere,</strong></span> <span class='ocrx_word' id='word_1_456' title='bbox 3459 2211 3554 2254; x_wconf 89' lang='lat' dir='ltr'><strong>aut</strong></span> <span class='ocrx_word' id='word_1_457' title='bbox 3590 2201 3724 2255; x_wconf 80' lang='lat' dir='ltr'><strong>Mar-</strong></span> 
     </span>
    </p>
   </div>
   <div class='ocr_carea' id='block_1_65' title="bbox 2167 2278 3726 2361">
    <p class='ocr_par' dir='ltr' id='par_1_65' title="bbox 2167 2278 3726 2361">
     <span class='ocr_line' id='line_1_65' title="bbox 2167 2278 3726 2361; baseline 0.01 -30"><span class='ocrx_word' id='word_1_458' title='bbox 2167 2278 2314 2333; x_wconf 90' lang='lat' dir='ltr'><strong>cioni</strong></span> <span class='ocrx_word' id='word_1_459' title='bbox 2345 2283 2520 2349; x_wconf 89' lang='lat' dir='ltr'><strong>potuit</strong></span> <span class='ocrx_word' id='word_1_460' title='bbox 2545 2285 2844 2340; x_wconf 86' lang='lat' dir='ltr'><strong>attribuere</strong></span> <span class='ocrx_word' id='word_1_461' title='bbox 2872 2286 3262 2356; x_wconf 84' lang='lat' dir='ltr'><strong>Tertullianus,</strong></span> <span class='ocrx_word' id='word_1_462' title='bbox 3295 2291 3394 2344; x_wconf 88' lang='lat' dir='ltr'><strong>nisi</strong></span> <span class='ocrx_word' id='word_1_463' title='bbox 3427 2293 3557 2361; x_wconf 90' lang='lat' dir='ltr'><strong>quia</strong></span> <span class='ocrx_word' id='word_1_464' title='bbox 3587 2306 3726 2347; x_wconf 87' lang='lat' dir='ltr'><strong>uter-</strong></span> 
     </span>
    </p>
   </div>
   <div class='ocr_carea' id='block_1_66' title="bbox 2169 2373 3723 2451">
    <p class='ocr_par' dir='ltr' id='par_1_66' title="bbox 2169 2373 3723 2451">
     <span class='ocr_line' id='line_1_66' title="bbox 2169 2373 3723 2451; baseline 0.011 -28"><span class='ocrx_word' id='word_1_465' title='bbox 2169 2386 2279 2440; x_wconf 86' lang='lat' dir='ltr'><strong>que</strong></span> <span class='ocrx_word' id='word_1_466' title='bbox 2308 2374 2472 2427; x_wconf 90' lang='lat' dir='ltr'><strong>verba</strong></span> <span class='ocrx_word' id='word_1_467' title='bbox 2504 2373 2727 2442; x_wconf 88' lang='lat' dir='ltr'><strong>Christi,</strong></span> <span class='ocrx_word' id='word_1_468' title='bbox 2765 2376 2880 2432; x_wconf 82' lang='lat' dir='ltr'><strong>Hoc</strong></span> <span class='ocrx_word' id='word_1_469' title='bbox 2906 2391 2979 2433; x_wconf 82' lang='lat' dir='ltr'><strong>est</strong></span> <span class='ocrx_word' id='word_1_470' title='bbox 3009 2397 3195 2451; x_wconf 86' lang='lat' dir='ltr'><strong>corpus</strong></span> <span class='ocrx_word' id='word_1_471' title='bbox 3242 2399 3432 2447; x_wconf 68' lang='lat' dir='ltr'><strong>meum,</strong></span> <span class='ocrx_word' id='word_1_472' title='bbox 3458 2401 3522 2439; x_wconf 84' lang='lat' dir='ltr'><strong>eo</strong></span> <span class='ocrx_word' id='word_1_473' title='bbox 3551 2401 3723 2448; x_wconf 90' lang='lat' dir='ltr'><strong>sensu,</strong></span> 
     </span>
    </p>
   </div>
   <div class='ocr_carea' id='block_1_67' title="bbox 2169 2464 3726 2543">
    <p class='ocr_par' dir='ltr' id='par_1_67' title="bbox 2169 2464 3726 2543">
     <span class='ocr_line' id='line_1_67' title="bbox 2169 2464 3726 2543; baseline 0.01 -28"><span class='ocrx_word' id='word_1_474' title='bbox 2169 2465 2260 2531; x_wconf 94' lang='lat' dir='ltr'><strong>qui</strong></span> <span class='ocrx_word' id='word_1_475' title='bbox 2297 2464 2505 2533; x_wconf 89' lang='lat' dir='ltr'><strong>primus</strong></span> <span class='ocrx_word' id='word_1_476' title='bbox 2552 2469 2722 2523; x_wconf 91' lang='lat' dir='ltr'><strong>menti</strong></span> <span class='ocrx_word' id='word_1_477' title='bbox 2767 2473 3036 2536; x_wconf 87' lang='lat' dir='ltr'><strong>occurrit,</strong></span> <span class='ocrx_word' id='word_1_478' title='bbox 3085 2474 3417 2543; x_wconf 89' lang='lat' dir='ltr'><strong>accipiebat,</strong></span> <span class='ocrx_word' id='word_1_479' title='bbox 3471 2491 3537 2531; x_wconf 90' lang='lat' dir='ltr'><strong>ac</strong></span> <span class='ocrx_word' id='word_1_480' title='bbox 3594 2479 3726 2531; x_wconf 90' lang='lat' dir='ltr'><strong>inter</strong></span> 
     </span>
    </p>
   </div>
   <div class='ocr_carea' id='block_1_68' title="bbox 2171 2563 3722 2639">
    <p class='ocr_par' dir='ltr' id='par_1_68' title="bbox 2171 2563 3722 2639">
     <span class='ocr_line' id='line_1_68' title="bbox 2171 2563 3722 2639; baseline 0.01 -30"><span class='ocrx_word' id='word_1_481' title='bbox 2171 2565 2468 2627; x_wconf 91' lang='lat' dir='ltr'><strong>utrumque</strong></span> <span class='ocrx_word' id='word_1_482' title='bbox 2521 2563 2917 2631; x_wconf 83' lang='lat' dir='ltr'><strong>conveniebat,</strong></span> <span class='ocrx_word' id='word_1_483' title='bbox 2968 2565 3118 2620; x_wconf 87' lang='lat' dir='ltr'><strong>clara</strong></span> <span class='ocrx_word' id='word_1_484' title='bbox 3173 2582 3296 2622; x_wconf 90' lang='lat' dir='ltr'><strong>esse</strong></span> <span class='ocrx_word' id='word_1_485' title='bbox 3344 2578 3398 2623; x_wconf 88' lang='lat' dir='ltr'><strong>et</strong></span> <span class='ocrx_word' id='word_1_486' title='bbox 3447 2572 3722 2639; x_wconf 89' lang='lat' dir='ltr'><strong>perspicua</strong></span> 
     </span>
    </p>
   </div>
   <div class='ocr_carea' id='block_1_69' title="bbox 2174 2650 3726 2729">
    <p class='ocr_par' dir='ltr' id='par_1_69' title="bbox 2174 2650 3726 2729">
     <span class='ocr_line' id='line_1_69' title="bbox 2174 2650 3726 2729; baseline 0.01 -28"><span class='ocrx_word' id='word_1_487' title='bbox 2174 2650 2345 2702; x_wconf 89' lang='lat' dir='ltr'><strong>verba</strong></span> <span class='ocrx_word' id='word_1_488' title='bbox 2372 2690 2389 2715; x_wconf 91' lang='lat'><strong>,</strong></span> <span class='ocrx_word' id='word_1_489' title='bbox 2443 2665 2554 2706; x_wconf 89' lang='lat' dir='ltr'><strong>rem</strong></span> <span class='ocrx_word' id='word_1_490' title='bbox 2603 2655 2860 2724; x_wconf 83' lang='lat' dir='ltr'><strong>grandem</strong></span> <span class='ocrx_word' id='word_1_491' title='bbox 2896 2657 2981 2713; x_wconf 82' lang='lat' dir='ltr'><strong>his</strong></span> <span class='ocrx_word' id='word_1_492' title='bbox 3027 2659 3206 2714; x_wconf 89' lang='lat' dir='ltr'><strong>verbis</strong></span> <span class='ocrx_word' id='word_1_493' title='bbox 3250 2660 3492 2729; x_wconf 91' lang='lat' dir='ltr'><strong>promitti</strong></span> <span class='ocrx_word' id='word_1_494' title='bbox 3538 2671 3592 2715; x_wconf 93' lang='lat' dir='ltr'><strong>et</strong></span> <span class='ocrx_word' id='word_1_495' title='bbox 3636 2679 3726 2718; x_wconf 81' lang='lat' dir='ltr'><strong>ex-</strong></span> 
     </span>
    </p>
   </div>
   <div class='ocr_carea' id='block_1_70' title="bbox 2170 2742 2388 2796">
    <p class='ocr_par' dir='ltr' id='par_1_70' title="bbox 2170 2742 2388 2796">
     <span class='ocr_line' id='line_1_70' title="bbox 2170 2742 2388 2796; baseline -0.005 0"><span class='ocrx_word' id='word_1_496' title='bbox 2170 2742 2388 2796; x_wconf 75' lang='lat' dir='ltr'><strong>hiberi?</strong></span> 
     </span>
    </p>
   </div>
   <div class='ocr_carea' id='block_1_71' title="bbox 2240 2833 3726 2914">
    <p class='ocr_par' dir='ltr' id='par_1_71' title="bbox 2240 2833 3726 2914">
     <span class='ocr_line' id='line_1_71' title="bbox 2240 2833 3726 2914; baseline 0.008 -29"><span class='ocrx_word' id='word_1_497' title='bbox 2240 2833 2556 2890; x_wconf 88' lang='lat' dir='ltr'><strong>Tertulliani</strong></span> <span class='ocrx_word' id='word_1_498' title='bbox 2587 2839 2951 2906; x_wconf 88' lang='lat' dir='ltr'><strong>conjecturam</strong></span> <span class='ocrx_word' id='word_1_499' title='bbox 2975 2842 3260 2896; x_wconf 88' lang='lat' dir='ltr'><strong>coutirmat</strong></span> <span class='ocrx_word' id='word_1_500' title='bbox 3278 2841 3602 2914; x_wconf 85' lang='lat' dir='ltr'><strong>Euthymius</strong></span> <span class='ocrx_word' id='word_1_501' title='bbox 3627 2844 3726 2897; x_wconf 88' lang='lat' dir='ltr'><strong>Pa-</strong></span> 
     </span>
    </p>
   </div>
   <div class='ocr_carea' id='block_1_72' title="bbox 2169 2924 3725 3004">
    <p class='ocr_par' dir='ltr' id='par_1_72' title="bbox 2169 2924 3725 3004">
     <span class='ocr_line' id='line_1_72' title="bbox 2169 2924 3725 3004; baseline 0.008 -28"><span class='ocrx_word' id='word_1_502' title='bbox 2169 2924 2336 2994; x_wconf 81' lang='lat' dir='ltr'><strong>nopl.,</strong></span> <span class='ocrx_word' id='word_1_503' title='bbox 2359 2935 2498 2996; x_wconf 86' lang='lat' dir='ltr'><strong>part.</strong></span> <span class='ocrx_word' id='word_1_504' title='bbox 2517 2943 2578 2992; x_wconf 88' lang='lat' dir='ltr'><strong>tt,</strong></span> <span class='ocrx_word' id='word_1_505' title='bbox 2611 2932 2693 2982; x_wconf 92' lang='lat' dir='ltr'><strong>tit.</strong></span> <span class='ocrx_word' id='word_1_506' title='bbox 2720 2931 2776 2984; x_wconf 76' lang='grc'><strong>2.</strong></span> <span class='ocrx_word' id='word_1_507' title='bbox 2819 2930 2868 2984; x_wconf 90' lang='lat' dir='ltr'><strong>Is</strong></span> <span class='ocrx_word' id='word_1_508' title='bbox 2897 2934 3041 2986; x_wconf 91' lang='lat' dir='ltr'><strong>enim</strong></span> <span class='ocrx_word' id='word_1_509' title='bbox 3073 2936 3601 3001; x_wconf 85' lang='lat' dir='ltr'><strong>testaturArmenos,</strong></span> <span class='ocrx_word' id='word_1_510' title='bbox 3642 2937 3725 3004; x_wconf 90' lang='lat' dir='ltr'><strong>qui</strong></span> 
     </span>
    </p>
   </div>
   <div class='ocr_carea' id='block_1_73' title="bbox 2168 3017 3726 3096">
    <p class='ocr_par' dir='ltr' id='par_1_73' title="bbox 2168 3017 3726 3096">
     <span class='ocr_line' id='line_1_73' title="bbox 2168 3017 3726 3096; baseline 0.009 -28"><span class='ocrx_word' id='word_1_511' title='bbox 2168 3030 2330 3070; x_wconf 87' lang='lat' dir='ltr'><strong>unam</strong></span> <span class='ocrx_word' id='word_1_512' title='bbox 2379 3017 2434 3071; x_wconf 88' lang='lat' dir='ltr'><strong>in</strong></span> <span class='ocrx_word' id='word_1_513' title='bbox 2466 3019 2681 3075; x_wconf 83' lang='lat' dir='ltr'><strong>Christo</strong></span> <span class='ocrx_word' id='word_1_514' title='bbox 2731 3033 2981 3076; x_wconf 88' lang='lat' dir='ltr'><strong>naturam</strong></span> <span class='ocrx_word' id='word_1_515' title='bbox 3033 3025 3390 3080; x_wconf 89' lang='lat' dir='ltr'><strong>admittebant</strong></span> <span class='ocrx_word' id='word_1_516' title='bbox 3431 3037 3489 3081; x_wconf 90' lang='lat' dir='ltr'><strong>et</strong></span> <span class='ocrx_word' id='word_1_517' title='bbox 3537 3043 3726 3096; x_wconf 87' lang='lat' dir='ltr'><strong>corpus</strong></span> 
     </span>
    </p>
   </div>
   <div class='ocr_carea' id='block_1_74' title="bbox 2167 3105 3723 3185">
    <p class='ocr_par' dir='ltr' id='par_1_74' title="bbox 2167 3105 3723 3185">
     <span class='ocr_line' id='line_1_74' title="bbox 2167 3105 3723 3185; baseline 0.007 -24"><span class='ocrx_word' id='word_1_518' title='bbox 2167 3105 2375 3162; x_wconf 90' lang='lat' dir='ltr'><strong>Christi</strong></span> <span class='ocrx_word' id='word_1_519' title='bbox 2415 3109 2468 3164; x_wconf 93' lang='lat' dir='ltr'><strong>in</strong></span> <span class='ocrx_word' id='word_1_520' title='bbox 2503 3111 2839 3168; x_wconf 87' lang='lat' dir='ltr'><strong>divinitatem</strong></span> <span class='ocrx_word' id='word_1_521' title='bbox 2887 3130 3205 3171; x_wconf 90' lang='lat' dir='ltr'><strong>conversum</strong></span> <span class='ocrx_word' id='word_1_522' title='bbox 3247 3132 3368 3172; x_wconf 90' lang='lat' dir='ltr'><strong>esse</strong></span> <span class='ocrx_word' id='word_1_523' title='bbox 3399 3121 3723 3185; x_wconf 88' lang='lat' dir='ltr'><strong>sentiebant,</strong></span> 
     </span>
    </p>
   </div>
   <div class='ocr_carea' id='block_1_75' title="bbox 2167 3205 3729 3279">
    <p class='ocr_par' dir='ltr' id='par_1_75' title="bbox 2167 3205 3729 3279">
     <span class='ocr_line' id='line_1_75' title="bbox 2167 3205 3729 3279; baseline 0.008 -24"><span class='ocrx_word' id='word_1_524' title='bbox 2167 3216 2394 3272; x_wconf 86' lang='lat' dir='ltr'><strong>negasse</strong></span> <span class='ocrx_word' id='word_1_525' title='bbox 2422 3205 2814 3261; x_wconf 88' lang='lat' dir='ltr'><strong>eucharistiam</strong></span> <span class='ocrx_word' id='word_1_526' title='bbox 2847 3223 2968 3263; x_wconf 91' lang='lat' dir='ltr'><strong>esse</strong></span> <span class='ocrx_word' id='word_1_527' title='bbox 3000 3225 3200 3279; x_wconf 91' lang='lat' dir='ltr'><strong>corpus</strong></span> <span class='ocrx_word' id='word_1_528' title='bbox 3223 3211 3446 3278; x_wconf 90' lang='lat' dir='ltr'><strong>Christi,</strong></span> <span class='ocrx_word' id='word_1_529' title='bbox 3475 3213 3570 3269; x_wconf 90' lang='lat' dir='ltr'><strong>sed</strong></span> <span class='ocrx_word' id='word_1_530' title='bbox 3598 3214 3729 3268; x_wconf 83' lang='lat' dir='ltr'><strong>divi-</strong></span> 
     </span>
    </p>
   </div>
   <div class='ocr_carea' id='block_1_76' title="bbox 2167 3293 3175 3364">
    <p class='ocr_par' dir='ltr' id='par_1_76' title="bbox 2167 3293 3175 3364">
     <span class='ocr_line' id='line_1_76' title="bbox 2167 3293 3175 3364; baseline 0.013 -20"><span class='ocrx_word' id='word_1_531' title='bbox 2167 3293 2354 3347; x_wconf 92' lang='lat' dir='ltr'><strong>nitatis</strong></span> <span class='ocrx_word' id='word_1_532' title='bbox 2389 3309 2586 3364; x_wconf 91' lang='lat' dir='ltr'><strong>corpus</strong></span> <span class='ocrx_word' id='word_1_533' title='bbox 2613 3299 2791 3353; x_wconf 85' lang='lat' dir='ltr'><strong>dicere</strong></span> <span class='ocrx_word' id='word_1_534' title='bbox 2817 3301 3005 3354; x_wconf 86' lang='lat' dir='ltr'><strong>solitos</strong></span> <span class='ocrx_word' id='word_1_535' title='bbox 3035 3318 3175 3356; x_wconf 91' lang='lat' dir='ltr'><strong>esse.</strong></span> 
     </span>
    </p>
   </div>
   <div class='ocr_carea' id='block_1_77' title="bbox 2237 3382 3726 3464">
    <p class='ocr_par' dir='ltr' id='par_1_77' title="bbox 2237 3382 3726 3464">
     <span class='ocr_line' id='line_1_77' title="bbox 2237 3382 3726 3464; baseline 0.012 -28"><span class='ocrx_word' id='word_1_536' title='bbox 2237 3382 2348 3438; x_wconf 84' lang='lat' dir='ltr'><strong>Vll.</strong></span> <span class='ocrx_word' id='word_1_537' title='bbox 2380 3383 2436 3438; x_wconf 92' lang='lat' dir='ltr'><strong>Si</strong></span> <span class='ocrx_word' id='word_1_538' title='bbox 2467 3402 2534 3440; x_wconf 94' lang='lat' dir='ltr'><strong>ne</strong></span> <span class='ocrx_word' id='word_1_539' title='bbox 2563 3388 2638 3442; x_wconf 92' lang='lat' dir='ltr'><strong>illi</strong></span> <span class='ocrx_word' id='word_1_540' title='bbox 2665 3391 2910 3459; x_wconf 89' lang='lat' dir='ltr'><strong>quidem,</strong></span> <span class='ocrx_word' id='word_1_541' title='bbox 2947 3397 3036 3462; x_wconf 91' lang='lat' dir='ltr'><strong>qui</strong></span> <span class='ocrx_word' id='word_1_542' title='bbox 3067 3396 3289 3450; x_wconf 91' lang='lat' dir='ltr'><strong>Christo</strong></span> <span class='ocrx_word' id='word_1_543' title='bbox 3321 3399 3726 3464; x_wconf 90' lang='lat' dir='ltr'><strong>phantasticum</strong></span> 
     </span>
    </p>
   </div>
   <div class='ocr_carea' id='block_1_78' title="bbox 2166 3478 3729 3560">
    <p class='ocr_par' dir='ltr' id='par_1_78' title="bbox 2166 3478 3729 3560">
     <span class='ocr_line' id='line_1_78' title="bbox 2166 3478 3729 3560; baseline 0.01 -29"><span class='ocrx_word' id='word_1_544' title='bbox 2166 3491 2364 3546; x_wconf 91' lang='lat' dir='ltr'><strong>corpus</strong></span> <span class='ocrx_word' id='word_1_545' title='bbox 2391 3478 2740 3550; x_wconf 81' lang='lat' dir='ltr'><strong>aﬁingebant,</strong></span> <span class='ocrx_word' id='word_1_546' title='bbox 2772 3484 3042 3540; x_wconf 89' lang='lat' dir='ltr'><strong>Christum</strong></span> <span class='ocrx_word' id='word_1_547' title='bbox 3070 3488 3121 3542; x_wconf 92' lang='lat' dir='ltr'><strong>in</strong></span> <span class='ocrx_word' id='word_1_548' title='bbox 3146 3490 3474 3545; x_wconf 86' lang='lat' dir='ltr'><strong>eucharistia</strong></span> <span class='ocrx_word' id='word_1_549' title='bbox 3502 3508 3729 3560; x_wconf 63' lang='lat' dir='ltr'><strong>praesen-</strong></span> 
     </span>
    </p>
   </div>
   <div class='ocr_carea' id='block_1_79' title="bbox 2168 3570 3727 3652">
    <p class='ocr_par' dir='ltr' id='par_1_79' title="bbox 2168 3570 3727 3652">
     <span class='ocr_line' id='line_1_79' title="bbox 2168 3570 3727 3652; baseline 0.01 -31"><span class='ocrx_word' id='word_1_550' title='bbox 2168 3579 2274 3622; x_wconf 90' lang='lat' dir='ltr'><strong>tem</strong></span> <span class='ocrx_word' id='word_1_551' title='bbox 2307 3570 2522 3626; x_wconf 88' lang='lat' dir='ltr'><strong>adorari</strong></span> <span class='ocrx_word' id='word_1_552' title='bbox 2553 3583 2605 3626; x_wconf 93' lang='lat' dir='ltr'><strong>et</strong></span> <span class='ocrx_word' id='word_1_553' title='bbox 2633 3576 2769 3628; x_wconf 92' lang='lat' dir='ltr'><strong>sumi</strong></span> <span class='ocrx_word' id='word_1_554' title='bbox 2805 3577 3105 3646; x_wconf 85' lang='lat' dir='ltr'><strong>negabant;</strong></span> <span class='ocrx_word' id='word_1_555' title='bbox 3137 3591 3342 3648; x_wconf 91' lang='lat' dir='ltr'><strong>quanto</strong></span> <span class='ocrx_word' id='word_1_556' title='bbox 3379 3585 3552 3652; x_wconf 90' lang='lat' dir='ltr'><strong>magis</strong></span> <span class='ocrx_word' id='word_1_557' title='bbox 3581 3597 3727 3639; x_wconf 82' lang='lat' dir='ltr'><strong>extra</strong></span> 
     </span>
    </p>
   </div>
   <div class='ocr_carea' id='block_1_80' title="bbox 2167 3667 3729 3744">
    <p class='ocr_par' dir='ltr' id='par_1_80' title="bbox 2167 3667 3729 3744">
     <span class='ocr_line' id='line_1_80' title="bbox 2167 3667 3729 3744; baseline 0.006 -24"><span class='ocrx_word' id='word_1_558' title='bbox 2167 3667 2532 3734; x_wconf 90' lang='lat' dir='ltr'><strong>suspicionem</strong></span> <span class='ocrx_word' id='word_1_559' title='bbox 2565 3682 2688 3722; x_wconf 90' lang='lat' dir='ltr'><strong>esse</strong></span> <span class='ocrx_word' id='word_1_560' title='bbox 2716 3669 2874 3725; x_wconf 90' lang='lat' dir='ltr'><strong>debet</strong></span> <span class='ocrx_word' id='word_1_561' title='bbox 2895 3675 3145 3741; x_wconf 87' lang='lat' dir='ltr'><strong>egregius</strong></span> <span class='ocrx_word' id='word_1_562' title='bbox 3172 3675 3450 3744; x_wconf 87' lang='lat' dir='ltr'><strong>religionis</strong></span> <span class='ocrx_word' id='word_1_563' title='bbox 3479 3677 3729 3732; x_wconf 84' lang='lat' dir='ltr'><strong>defensor</strong></span> 
     </span>
    </p>
   </div>
   <div class='ocr_carea' id='block_1_81' title="bbox 2168 3758 3728 3828">
    <p class='ocr_par' dir='ltr' id='par_1_81' title="bbox 2168 3758 3728 3828">
     <span class='ocr_line' id='line_1_81' title="bbox 2168 3758 3728 3828; baseline 0.007 -17"><span class='ocrx_word' id='word_1_564' title='bbox 2168 3758 2567 3827; x_wconf 82' lang='lat' dir='ltr'><strong>Athenagoras,</strong></span> <span class='ocrx_word' id='word_1_565' title='bbox 2595 3762 2829 3828; x_wconf 85' lang='lat' dir='ltr'><strong>etiamsi,</strong></span> <span class='ocrx_word' id='word_1_566' title='bbox 2863 3774 2920 3816; x_wconf 93' lang='lat' dir='ltr'><strong>ut</strong></span> <span class='ocrx_word' id='word_1_567' title='bbox 2958 3767 3235 3819; x_wconf 91' lang='lat' dir='ltr'><strong>contendit</strong></span> <span class='ocrx_word' id='word_1_568' title='bbox 3272 3767 3460 3821; x_wconf 89' lang='lat' dir='ltr'><strong>Petrus</strong></span> <span class='ocrx_word' id='word_1_569' title='bbox 3496 3768 3728 3822; x_wconf 79' lang='lat' dir='ltr'><strong>Allixius</strong></span> 
     </span>
    </p>
   </div>
   <div class='ocr_carea' id='block_1_82' title="bbox 2167 3852 3727 3926">
    <p class='ocr_par' dir='ltr' id='par_1_82' title="bbox 2167 3852 3727 3926">
     <span class='ocr_line' id='line_1_82' title="bbox 2167 3852 3727 3926; baseline 0.006 -22"><span class='ocrx_word' id='word_1_570' title='bbox 2167 3852 2220 3905; x_wconf 93' lang='lat' dir='ltr'><strong>in</strong></span> <span class='ocrx_word' id='word_1_571' title='bbox 2253 3853 2472 3906; x_wconf 91' lang='lat' dir='ltr'><strong>dissert.</strong></span> <span class='ocrx_word' id='word_1_572' title='bbox 2501 3853 2577 3908; x_wconf 79' lang='lat' dir='ltr'><strong>De</strong></span> <span class='ocrx_word' id='word_1_573' title='bbox 2607 3857 2862 3924; x_wconf 84' lang='lat' dir='ltr'><strong>sanguine</strong></span> <span class='ocrx_word' id='word_1_574' title='bbox 2892 3855 2955 3910; x_wconf 81' lang='grc' dir='ltr'><strong>υ.</strong></span> <span class='ocrx_word' id='word_1_575' title='bbox 2983 3855 3055 3909; x_wconf 89' lang='grc' dir='ltr'><strong>Ν.</strong></span> <span class='ocrx_word' id='word_1_576' title='bbox 3085 3857 3140 3909; x_wconf 86' lang='lat' dir='ltr'><strong>J.</strong></span> <span class='ocrx_word' id='word_1_577' title='bbox 3165 3858 3251 3922; x_wconf 88' lang='lat' dir='ltr'><strong>C.,</strong></span> <span class='ocrx_word' id='word_1_578' title='bbox 3286 3874 3512 3926; x_wconf 87' lang='lat' dir='ltr'><strong>corpora</strong></span> <span class='ocrx_word' id='word_1_579' title='bbox 3549 3874 3727 3916; x_wconf 78' lang='lat' dir='ltr'><strong>nostra</strong></span> 
     </span>
    </p>
   </div>
   <div class='ocr_carea' id='block_1_83' title="bbox 2165 3948 3726 4018">
    <p class='ocr_par' dir='ltr' id='par_1_83' title="bbox 2165 3948 3726 4018">
     <span class='ocr_line' id='line_1_83' title="bbox 2165 3948 3726 4018; baseline 0.006 -21"><span class='ocrx_word' id='word_1_580' title='bbox 2165 3953 2292 4013; x_wconf 90' lang='lat' dir='ltr'><strong>post</strong></span> <span class='ocrx_word' id='word_1_581' title='bbox 2338 3948 2792 4002; x_wconf 89' lang='lat' dir='ltr'><strong>resurrectionem</strong></span> <span class='ocrx_word' id='word_1_582' title='bbox 2839 3949 2954 4003; x_wconf 92' lang='lat' dir='ltr'><strong>sine</strong></span> <span class='ocrx_word' id='word_1_583' title='bbox 3004 3951 3268 4018; x_wconf 84' lang='lat' dir='ltr'><strong>sanguine</strong></span> <span class='ocrx_word' id='word_1_584' title='bbox 3315 3949 3496 4006; x_wconf 82' lang='lat' dir='ltr'><strong>futura</strong></span> <span class='ocrx_word' id='word_1_585' title='bbox 3539 3955 3726 4008; x_wconf 79' lang='lat' dir='ltr'><strong>existi-</strong></span> 
     </span>
    </p>
   </div>
   <div class='ocr_carea' id='block_1_84' title="bbox 2167 4037 3728 4115">
    <p class='ocr_par' dir='ltr' id='par_1_84' title="bbox 2167 4037 3728 4115">
     <span class='ocr_line' id='line_1_84' title="bbox 2167 4037 3728 4115; baseline 0.006 -26"><span class='ocrx_word' id='word_1_586' title='bbox 2167 4038 2407 4090; x_wconf 84' lang='lat' dir='ltr'><strong>tnasset?</strong></span> <span class='ocrx_word' id='word_1_587' title='bbox 2438 4037 2578 4102; x_wconf 88' lang='lat' dir='ltr'><strong>Quin</strong></span> <span class='ocrx_word' id='word_1_588' title='bbox 2605 4040 2770 4093; x_wconf 89' lang='lat' dir='ltr'><strong>etiam</strong></span> <span class='ocrx_word' id='word_1_589' title='bbox 2810 4042 2921 4110; x_wconf 91' lang='lat' dir='ltr'><strong>ipse</strong></span> <span class='ocrx_word' id='word_1_590' title='bbox 2953 4043 3178 4097; x_wconf 77' lang='lat' dir='ltr'><strong>Allixius</strong></span> <span class='ocrx_word' id='word_1_591' title='bbox 3230 4044 3373 4098; x_wconf 88' lang='lat' dir='ltr'><strong>inter</strong></span> <span class='ocrx_word' id='word_1_592' title='bbox 3415 4059 3546 4108; x_wconf 92' lang='lat' dir='ltr'><strong>eos,</strong></span> <span class='ocrx_word' id='word_1_593' title='bbox 3593 4061 3728 4115; x_wconf 90' lang='lat' dir='ltr'><strong>quos</strong></span> 
     </span>
    </p>
   </div>
   <div class='ocr_carea' id='block_1_85' title="bbox 2167 4129 3730 4206">
    <p class='ocr_par' dir='ltr' id='par_1_85' title="bbox 2167 4129 3730 4206">
     <span class='ocr_line' id='line_1_85' title="bbox 2167 4129 3730 4206; baseline 0.009 -27"><span class='ocrx_word' id='word_1_594' title='bbox 2167 4129 2486 4195; x_wconf 83' lang='lat' dir='ltr'><strong>sanguinem</strong></span> <span class='ocrx_word' id='word_1_595' title='bbox 2549 4131 2602 4185; x_wconf 94' lang='lat' dir='ltr'><strong>in</strong></span> <span class='ocrx_word' id='word_1_596' title='bbox 2649 4135 2968 4202; x_wconf 90' lang='lat' dir='ltr'><strong>corporibus</strong></span> <span class='ocrx_word' id='word_1_597' title='bbox 3021 4138 3276 4192; x_wconf 88' lang='lat' dir='ltr'><strong>redivivis</strong></span> <span class='ocrx_word' id='word_1_598' title='bbox 3343 4150 3504 4206; x_wconf 88' lang='lat' dir='ltr'><strong>negat</strong></span> <span class='ocrx_word' id='word_1_599' title='bbox 3551 4141 3730 4192; x_wconf 65' lang='lat' dir='ltr'><strong>admi~</strong></span> 
     </span>
    </p>
   </div>
   <div class='ocr_carea' id='block_1_86' title="bbox 2169 4220 3734 4301">
    <p class='ocr_par' dir='ltr' id='par_1_86' title="bbox 2169 4220 3734 4301">
     <span class='ocr_line' id='line_1_86' title="bbox 2169 4220 3734 4301; baseline 0.006 -29"><span class='ocrx_word' id='word_1_600' title='bbox 2169 4220 2307 4273; x_wconf 90' lang='lat' dir='ltr'><strong>sisse</strong></span> <span class='ocrx_word' id='word_1_601' title='bbox 2328 4259 2344 4286; x_wconf 88' lang='lat'><strong>,</strong></span> <span class='ocrx_word' id='word_1_602' title='bbox 2397 4224 2527 4277; x_wconf 89' lang='lat' dir='ltr'><strong>citat</strong></span> <span class='ocrx_word' id='word_1_603' title='bbox 2545 4224 2761 4281; x_wconf 87' lang='lat' dir='ltr'><strong>Petrum</strong></span> <span class='ocrx_word' id='word_1_604' title='bbox 2782 4225 3024 4291; x_wconf 85' lang='lat' dir='ltr'><strong>Mansur,</strong></span> <span class='ocrx_word' id='word_1_605' title='bbox 3045 4229 3137 4297; x_wconf 93' lang='lat' dir='ltr'><strong>qui</strong></span> <span class='ocrx_word' id='word_1_606' title='bbox 3158 4229 3210 4283; x_wconf 91' lang='lat' dir='ltr'><strong>in</strong></span> <span class='ocrx_word' id='word_1_607' title='bbox 3231 4231 3390 4298; x_wconf 90' lang='lat' dir='ltr'><strong>epist.</strong></span> <span class='ocrx_word' id='word_1_608' title='bbox 3411 4231 3550 4285; x_wconf 90' lang='lat' dir='ltr'><strong>inter</strong></span> <span class='ocrx_word' id='word_1_609' title='bbox 3568 4245 3734 4301; x_wconf 84' lang='lat' dir='ltr'><strong>Opera</strong></span> 
     </span>
    </p>
   </div>
   <div class='ocr_carea' id='block_1_87' title="bbox 2168 4309 3737 4389">
    <p class='ocr_par' dir='ltr' id='par_1_87' title="bbox 2168 4309 3737 4389">
     <span class='ocr_line' id='line_1_87' title="bbox 2168 4309 3737 4389; baseline 0.001 -24"><span class='ocrx_word' id='word_1_610' title='bbox 2168 4309 2228 4365; x_wconf 92' lang='lat' dir='ltr'><strong>S.</strong></span> <span class='ocrx_word' id='word_1_611' title='bbox 2257 4309 2483 4366; x_wconf 79' lang='lat' dir='ltr'><strong>Joannis</strong></span> <span class='ocrx_word' id='word_1_612' title='bbox 2519 4313 2833 4369; x_wconf 83' lang='lat' dir='ltr'><strong>Damasceni</strong></span> <span class='ocrx_word' id='word_1_613' title='bbox 2883 4325 3011 4370; x_wconf 92' lang='lat' dir='ltr'><strong>tom.</strong></span> <span class='ocrx_word' id='word_1_614' title='bbox 3051 4317 3068 4370; x_wconf 88' lang='grc' dir='ltr'><strong>Ι</strong></span> <span class='ocrx_word' id='word_1_615' title='bbox 3105 4326 3350 4371; x_wconf 78' lang='lat' dir='ltr'><strong>exstante</strong></span> <span class='ocrx_word' id='word_1_616' title='bbox 3391 4319 3591 4372; x_wconf 91' lang='lat' dir='ltr'><strong>asserit</strong></span> <span class='ocrx_word' id='word_1_617' title='bbox 3621 4333 3737 4389; x_wconf 83' lang='lat' dir='ltr'><strong>qui-</strong></span> 
     </span>
    </p>
   </div>
   <div class='ocr_carea' id='block_1_88' title="bbox 2167 4402 3728 4477">
    <p class='ocr_par' dir='ltr' id='par_1_88' title="bbox 2167 4402 3728 4477">
     <span class='ocr_line' id='line_1_88' title="bbox 2167 4402 3728 4477; baseline 0.005 -21"><span class='ocrx_word' id='word_1_618' title='bbox 2167 4402 2286 4457; x_wconf 90' lang='lat' dir='ltr'><strong>dem</strong></span> <span class='ocrx_word' id='word_1_619' title='bbox 2315 4419 2509 4475; x_wconf 90' lang='lat' dir='ltr'><strong>corpus</strong></span> <span class='ocrx_word' id='word_1_620' title='bbox 2538 4407 2842 4461; x_wconf 88' lang='lat' dir='ltr'><strong>immortale</strong></span> <span class='ocrx_word' id='word_1_621' title='bbox 2867 4410 3128 4477; x_wconf 87' lang='lat' dir='ltr'><strong>sanguine</strong></span> <span class='ocrx_word' id='word_1_622' title='bbox 3154 4423 3360 4471; x_wconf 83' lang='lat' dir='ltr'><strong>carere,</strong></span> <span class='ocrx_word' id='word_1_623' title='bbox 3396 4411 3487 4462; x_wconf 89' lang='lat' dir='ltr'><strong>sed</strong></span> <span class='ocrx_word' id='word_1_624' title='bbox 3523 4421 3728 4475; x_wconf 89' lang='lat' dir='ltr'><strong>tamen,</strong></span> 
     </span>
    </p>
   </div>
   <div class='ocr_carea' id='block_1_89' title="bbox 503 4489 3737 4580">
    <p class='ocr_par' dir='ltr' id='par_1_89' title="bbox 503 4489 3737 4580">
     <span class='ocr_line' id='line_1_89' title="bbox 503 4489 3737 4580; baseline -0.002 -16"><span class='ocrx_word' id='word_1_625' title='bbox 503 4512 837 4580; x_wconf 87' lang='lat' dir='ltr'><strong>suppeditat;</strong></span> <span class='ocrx_word' id='word_1_626' title='bbox 867 4511 1064 4580; x_wconf 89' lang='lat' dir='ltr'><strong>primo,</strong></span> <span class='ocrx_word' id='word_1_627' title='bbox 1088 4525 1275 4563; x_wconf 87' lang='lat' dir='ltr'><strong>verum</strong></span> <span class='ocrx_word' id='word_1_628' title='bbox 1306 4509 1508 4564; x_wconf 91' lang='lat' dir='ltr'><strong>Christi</strong></span> <span class='ocrx_word' id='word_1_629' title='bbox 1545 4523 1742 4577; x_wconf 90' lang='lat' dir='ltr'><strong>corpus</strong></span> <span class='ocrx_word' id='word_1_630' title='bbox 1774 4509 1826 4560; x_wconf 92' lang='lat' dir='ltr'><strong>in</strong></span> <span class='ocrx_word' id='word_1_631' title='bbox 1868 4508 2067 4562; x_wconf 88' lang='lat' dir='ltr'><strong>eucha-</strong></span> <span class='ocrx_word' id='word_1_632' title='bbox 2098 4489 2143 4545; x_wconf 85' lang='grc' dir='ltr'><strong>Ῐ)</strong></span> <span class='ocrx_word' id='word_1_633' title='bbox 2176 4499 2229 4553; x_wconf 78' lang='lat' dir='ltr'><strong>id</strong></span> <span class='ocrx_word' id='word_1_634' title='bbox 2273 4501 2420 4569; x_wconf 90' lang='lat' dir='ltr'><strong>quod</strong></span> <span class='ocrx_word' id='word_1_635' title='bbox 2463 4511 2643 4556; x_wconf 81' lang='lat' dir='ltr'><strong>astute</strong></span> <span class='ocrx_word' id='word_1_636' title='bbox 2696 4502 2864 4555; x_wconf 82' lang='lat' dir='ltr'><strong>tacuit</strong></span> <span class='ocrx_word' id='word_1_637' title='bbox 2902 4503 3160 4568; x_wconf 75' lang='lat' dir='ltr'><strong>Allixius,</strong></span> <span class='ocrx_word' id='word_1_638' title='bbox 3203 4504 3549 4556; x_wconf 87' lang='lat' dir='ltr'><strong>deterrimam</strong></span> <span class='ocrx_word' id='word_1_639' title='bbox 3590 4507 3737 4559; x_wconf 89' lang='lat' dir='ltr'><strong>hanc</strong></span> 
     </span>
    </p>
   </div>
   <div class='ocr_carea' id='block_1_90' title="bbox 502 4602 2064 4668">
    <p class='ocr_par' dir='ltr' id='par_1_90' title="bbox 502 4602 2064 4668">
     <span class='ocr_line' id='line_1_90' title="bbox 502 4602 2064 4668; baseline -0.001 -13"><span class='ocrx_word' id='word_1_640' title='bbox 502 4602 661 4656; x_wconf 89' lang='lat' dir='ltr'><strong>ristia</strong></span> <span class='ocrx_word' id='word_1_641' title='bbox 713 4603 872 4655; x_wconf 92' lang='lat' dir='ltr'><strong>nobis</strong></span> <span class='ocrx_word' id='word_1_642' title='bbox 916 4602 1131 4664; x_wconf 90' lang='lat' dir='ltr'><strong>donari,</strong></span> <span class='ocrx_word' id='word_1_643' title='bbox 1167 4602 1430 4668; x_wconf 86' lang='lat' dir='ltr'><strong>siquidem</strong></span> <span class='ocrx_word' id='word_1_644' title='bbox 1483 4603 1534 4654; x_wconf 92' lang='lat' dir='ltr'><strong>in</strong></span> <span class='ocrx_word' id='word_1_645' title='bbox 1587 4602 1687 4653; x_wconf 92' lang='lat' dir='ltr'><strong>hoc</strong></span> <span class='ocrx_word' id='word_1_646' title='bbox 1723 4609 2064 4654; x_wconf 88' lang='lat' dir='ltr'><strong>sacramento</strong></span> 
     </span>
    </p>
   </div>
   <div class='ocr_carea' id='block_1_91' title="bbox 503 4693 2066 4763">
    <p class='ocr_par' dir='ltr' id='par_1_91' title="bbox 503 4693 2066 4763">
     <span class='ocr_line' id='line_1_91' title="bbox 503 4693 2066 4763; baseline -0.003 -15"><span class='ocrx_word' id='word_1_647' title='bbox 503 4695 730 4763; x_wconf 90' lang='lat' dir='ltr'><strong>ﬁguram</strong></span> <span class='ocrx_word' id='word_1_648' title='bbox 761 4694 1010 4762; x_wconf 89' lang='lat' dir='ltr'><strong>accipere</strong></span> <span class='ocrx_word' id='word_1_649' title='bbox 1050 4710 1157 4748; x_wconf 87' lang='lat' dir='ltr'><strong>non</strong></span> <span class='ocrx_word' id='word_1_650' title='bbox 1188 4703 1386 4762; x_wconf 81' lang='lat' dir='ltr'><strong>posset,</strong></span> <span class='ocrx_word' id='word_1_651' title='bbox 1429 4693 1472 4746; x_wconf 89' lang='lat' dir='ltr'><strong>si</strong></span> <span class='ocrx_word' id='word_1_652' title='bbox 1502 4708 1587 4746; x_wconf 90' lang='lat' dir='ltr'><strong>res</strong></span> <span class='ocrx_word' id='word_1_653' title='bbox 1621 4709 1786 4745; x_wconf 84' lang='lat' dir='ltr'><strong>vacua</strong></span> <span class='ocrx_word' id='word_1_654' title='bbox 1817 4702 1872 4745; x_wconf 89' lang='lat' dir='ltr'><strong>et</strong></span> <span class='ocrx_word' id='word_1_655' title='bbox 1904 4693 2066 4760; x_wconf 85' lang='lat' dir='ltr'><strong>phan-</strong></span> 
     </span>
    </p>
   </div>
   <div class='ocr_carea' id='block_1_92' title="bbox 505 4784 2066 4853">
    <p class='ocr_par' dir='ltr' id='par_1_92' title="bbox 505 4784 2066 4853">
     <span class='ocr_line' id='line_1_92' title="bbox 505 4784 2066 4853; baseline -0.002 -13"><span class='ocrx_word' id='word_1_656' title='bbox 505 4795 680 4840; x_wconf 91' lang='lat' dir='ltr'><strong>tasma</strong></span> <span class='ocrx_word' id='word_1_657' title='bbox 707 4794 884 4840; x_wconf 90' lang='lat' dir='ltr'><strong>esset:</strong></span> <span class='ocrx_word' id='word_1_658' title='bbox 923 4785 1119 4839; x_wconf 89' lang='lat' dir='ltr'><strong>deinde</strong></span> <span class='ocrx_word' id='word_1_659' title='bbox 1152 4784 1283 4838; x_wconf 88' lang='lat' dir='ltr'><strong>nihil</strong></span> <span class='ocrx_word' id='word_1_660' title='bbox 1327 4785 1485 4853; x_wconf 90' lang='lat' dir='ltr'><strong>panis</strong></span> <span class='ocrx_word' id='word_1_661' title='bbox 1537 4798 1821 4850; x_wconf 83' lang='lat' dir='ltr'><strong>superesse</strong></span> <span class='ocrx_word' id='word_1_662' title='bbox 1869 4793 2066 4851; x_wconf 68' lang='lat' dir='ltr'><strong>praeter</strong></span> 
     </span>
    </p>
   </div>
   <div class='ocr_carea' id='block_1_93' title="bbox 500 4874 2065 4946">
    <p class='ocr_par' dir='ltr' id='par_1_93' title="bbox 500 4874 2065 4946">
     <span class='ocr_line' id='line_1_93' title="bbox 500 4874 2065 4946; baseline -0.003 -15"><span class='ocrx_word' id='word_1_663' title='bbox 500 4877 903 4946; x_wconf 88' lang='lat' dir='ltr'><strong>speciem,sive</strong></span> <span class='ocrx_word' id='word_1_664' title='bbox 927 4876 1190 4946; x_wconf 88' lang='lat' dir='ltr'><strong>ﬁguram;</strong></span> <span class='ocrx_word' id='word_1_665' title='bbox 1225 4876 1270 4929; x_wconf 88' lang='lat' dir='ltr'><strong>si</strong></span> <span class='ocrx_word' id='word_1_666' title='bbox 1299 4876 1520 4944; x_wconf 87' lang='lat' dir='ltr'><strong>quidem</strong></span> <span class='ocrx_word' id='word_1_667' title='bbox 1547 4891 1610 4929; x_wconf 83' lang='lat' dir='ltr'><strong>ex</strong></span> <span class='ocrx_word' id='word_1_668' title='bbox 1639 4874 1928 4929; x_wconf 84' lang='lat' dir='ltr'><strong>Marcionis</strong></span> <span class='ocrx_word' id='word_1_669' title='bbox 1947 4888 2065 4926; x_wconf 87' lang='lat' dir='ltr'><strong>sen-</strong></span> 
     </span>
    </p>
   </div>
   <div class='ocr_carea' id='block_1_94' title="bbox 505 4965 2062 5039">
    <p class='ocr_par' dir='ltr' id='par_1_94' title="bbox 505 4965 2062 5039">
     <span class='ocr_line' id='line_1_94' title="bbox 505 4965 2062 5039; baseline -0.006 -13"><span class='ocrx_word' id='word_1_670' title='bbox 505 4971 674 5026; x_wconf 88' lang='lat' dir='ltr'><strong>tentia</strong></span> <span class='ocrx_word' id='word_1_671' title='bbox 704 4979 1026 5039; x_wconf 89' lang='lat' dir='ltr'><strong>sequeretur</strong></span> <span class='ocrx_word' id='word_1_672' title='bbox 1048 4968 1276 5039; x_wconf 87' lang='lat' dir='ltr'><strong>ﬁguram</strong></span> <span class='ocrx_word' id='word_1_673' title='bbox 1302 4983 1532 5021; x_wconf 87' lang='lat' dir='ltr'><strong>vacuam</strong></span> <span class='ocrx_word' id='word_1_674' title='bbox 1563 4969 1662 5021; x_wconf 93' lang='lat' dir='ltr'><strong>sub</strong></span> <span class='ocrx_word' id='word_1_675' title='bbox 1689 4982 1858 5020; x_wconf 89' lang='lat' dir='ltr'><strong>vacua</strong></span> <span class='ocrx_word' id='word_1_676' title='bbox 1892 4965 2062 5035; x_wconf 90' lang='lat' dir='ltr'><strong>ﬁgura</strong></span> 
     </span>
    </p>
   </div>
   <div class='ocr_carea' id='block_1_95' title="bbox 506 5061 2066 5130">
    <p class='ocr_par' dir='ltr' id='par_1_95' title="bbox 506 5061 2066 5130">
     <span class='ocr_line' id='line_1_95' title="bbox 506 5061 2066 5130; baseline -0.004 -13"><span class='ocrx_word' id='word_1_677' title='bbox 506 5063 870 5117; x_wconf 88' lang='lat' dir='ltr'><strong>delitescere:</strong></span> <span class='ocrx_word' id='word_1_678' title='bbox 923 5062 1068 5130; x_wconf 90' lang='lat' dir='ltr'><strong>quod</strong></span> <span class='ocrx_word' id='word_1_679' title='bbox 1115 5061 1335 5129; x_wconf 91' lang='lat' dir='ltr'><strong>quidem</strong></span> <span class='ocrx_word' id='word_1_680' title='bbox 1390 5075 1664 5128; x_wconf 89' lang='lat' dir='ltr'><strong>nunquam</strong></span> <span class='ocrx_word' id='word_1_681' title='bbox 1713 5061 2066 5113; x_wconf 89' lang='lat' dir='ltr'><strong>observasset</strong></span> 
     </span>
    </p>
   </div>
   <div class='ocr_carea' id='block_1_96' title="bbox 504 5151 2063 5223">
    <p class='ocr_par' dir='ltr' id='par_1_96' title="bbox 504 5151 2063 5223">
     <span class='ocr_line' id='line_1_96' title="bbox 504 5151 2063 5223; baseline -0.003 -14"><span class='ocrx_word' id='word_1_682' title='bbox 504 5154 901 5219; x_wconf 86' lang='lat' dir='ltr'><strong>Tertullianus,</strong></span> <span class='ocrx_word' id='word_1_683' title='bbox 933 5153 978 5207; x_wconf 91' lang='lat' dir='ltr'><strong>si</strong></span> <span class='ocrx_word' id='word_1_684' title='bbox 1021 5153 1175 5222; x_wconf 90' lang='lat' dir='ltr'><strong>panis</strong></span> <span class='ocrx_word' id='word_1_685' title='bbox 1204 5153 1564 5206; x_wconf 86' lang='lat' dir='ltr'><strong>substantiam</strong></span> <span class='ocrx_word' id='word_1_686' title='bbox 1599 5167 1720 5206; x_wconf 92' lang='lat' dir='ltr'><strong>cum</strong></span> <span class='ocrx_word' id='word_1_687' title='bbox 1753 5152 1869 5220; x_wconf 87' lang='lat' dir='ltr'><strong>ipsa</strong></span> <span class='ocrx_word' id='word_1_688' title='bbox 1894 5151 2063 5223; x_wconf 87' lang='lat' dir='ltr'><strong>ﬁgura</strong></span> 
     </span>
    </p>
   </div>
   <div class='ocr_carea' id='block_1_97' title="bbox 506 5244 1388 5316">
    <p class='ocr_par' dir='ltr' id='par_1_97' title="bbox 506 5244 1388 5316">
     <span class='ocr_line' id='line_1_97' title="bbox 506 5244 1388 5316; baseline -0.006 -14"><span class='ocrx_word' id='word_1_689' title='bbox 506 5263 558 5302; x_wconf 91' lang='lat' dir='ltr'><strong>et</strong></span> <span class='ocrx_word' id='word_1_690' title='bbox 589 5245 768 5316; x_wconf 90' lang='lat' dir='ltr'><strong>specie</strong></span> <span class='ocrx_word' id='word_1_691' title='bbox 794 5258 1076 5314; x_wconf 88' lang='lat' dir='ltr'><strong>superesse</strong></span> <span class='ocrx_word' id='word_1_692' title='bbox 1107 5244 1388 5299; x_wconf 85' lang='lat' dir='ltr'><strong>sensisset.</strong></span> 
     </span>
    </p>
   </div>
   <div class='ocr_carea' id='block_1_98' title="bbox 581 5332 2067 5407">
    <p class='ocr_par' dir='ltr' id='par_1_98' title="bbox 581 5332 2067 5407">
     <span class='ocr_line' id='line_1_98' title="bbox 581 5332 2067 5407; baseline -0.005 -13"><span class='ocrx_word' id='word_1_693' title='bbox 581 5338 689 5394; x_wconf 88' lang='lat' dir='ltr'><strong>Sed</strong></span> <span class='ocrx_word' id='word_1_694' title='bbox 716 5340 841 5407; x_wconf 89' lang='lat' dir='ltr'><strong>quia</strong></span> <span class='ocrx_word' id='word_1_695' title='bbox 869 5334 1166 5388; x_wconf 84' lang='lat' dir='ltr'><strong>verisimile</strong></span> <span class='ocrx_word' id='word_1_696' title='bbox 1195 5352 1300 5390; x_wconf 92' lang='lat' dir='ltr'><strong>non</strong></span> <span class='ocrx_word' id='word_1_697' title='bbox 1331 5345 1448 5390; x_wconf 90' lang='lat' dir='ltr'><strong>erat</strong></span> <span class='ocrx_word' id='word_1_698' title='bbox 1473 5339 1537 5389; x_wconf 92' lang='lat' dir='ltr'><strong>de</strong></span> <span class='ocrx_word' id='word_1_699' title='bbox 1562 5334 1889 5388; x_wconf 90' lang='lat' dir='ltr'><strong>eucharistia</strong></span> <span class='ocrx_word' id='word_1_700' title='bbox 1927 5332 2067 5387; x_wconf 80' lang='lat' dir='ltr'><strong>Mar-</strong></span> 
     </span>
    </p>
   </div>
   <div class='ocr_carea' id='block_1_99' title="bbox 507 5424 2065 5493">
    <p class='ocr_par' dir='ltr' id='par_1_99' title="bbox 507 5424 2065 5493">
     <span class='ocr_line' id='line_1_99' title="bbox 507 5424 2065 5493; baseline -0.005 -7"><span class='ocrx_word' id='word_1_701' title='bbox 507 5431 722 5486; x_wconf 91' lang='lat' dir='ltr'><strong>cionem</strong></span> <span class='ocrx_word' id='word_1_702' title='bbox 753 5442 818 5482; x_wconf 89' lang='lat' dir='ltr'><strong>ac</strong></span> <span class='ocrx_word' id='word_1_703' title='bbox 845 5425 1142 5481; x_wconf 83' lang='lat' dir='ltr'><strong>Eeclesiam</strong></span> <span class='ocrx_word' id='word_1_704' title='bbox 1175 5427 1397 5490; x_wconf 89' lang='lat' dir='ltr'><strong>sentire,</strong></span> <span class='ocrx_word' id='word_1_705' title='bbox 1435 5427 1744 5493; x_wconf 88' lang='lat' dir='ltr'><strong>suspicatur</strong></span> <span class='ocrx_word' id='word_1_706' title='bbox 1775 5424 2065 5480; x_wconf 89' lang='lat' dir='ltr'><strong>Tertullia-</strong></span> 
     </span>
    </p>
   </div>
   <div class='ocr_carea' id='block_1_100' title="bbox 510 5515 2068 5585">
    <p class='ocr_par' dir='ltr' id='par_1_100' title="bbox 510 5515 2068 5585">
     <span class='ocr_line' id='line_1_100' title="bbox 510 5515 2068 5585; baseline -0.004 -10"><span class='ocrx_word' id='word_1_707' title='bbox 510 5537 611 5575; x_wconf 93' lang='lat' dir='ltr'><strong>nus</strong></span> <span class='ocrx_word' id='word_1_708' title='bbox 637 5520 836 5575; x_wconf 87' lang='lat' dir='ltr'><strong>Christi</strong></span> <span class='ocrx_word' id='word_1_709' title='bbox 868 5518 1054 5580; x_wconf 90' lang='lat' dir='ltr'><strong>verba,</strong></span> <span class='ocrx_word' id='word_1_710' title='bbox 1087 5515 1202 5570; x_wconf 84' lang='lat' dir='ltr'><strong>Hoc</strong></span> <span class='ocrx_word' id='word_1_711' title='bbox 1234 5527 1308 5570; x_wconf 85' lang='lat' dir='ltr'><strong>est</strong></span> <span class='ocrx_word' id='word_1_712' title='bbox 1331 5534 1518 5585; x_wconf 82' lang='lat' dir='ltr'><strong>corpus</strong></span> <span class='ocrx_word' id='word_1_713' title='bbox 1543 5533 1735 5583; x_wconf 89' lang='lat' dir='ltr'><strong>meum,</strong></span> <span class='ocrx_word' id='word_1_714' title='bbox 1763 5518 1843 5572; x_wconf 91' lang='lat' dir='ltr'><strong>sic</strong></span> <span class='ocrx_word' id='word_1_715' title='bbox 1872 5532 1902 5570; x_wconf 91' lang='lat' dir='ltr'><strong>a</strong></span> <span class='ocrx_word' id='word_1_716' title='bbox 1934 5516 2068 5570; x_wconf 78' lang='lat' dir='ltr'><strong>Mar-</strong></span> 
     </span>
    </p>
   </div>
   <div class='ocr_carea' id='block_1_101' title="bbox 509 5609 2068 5682">
    <p class='ocr_par' dir='ltr' id='par_1_101' title="bbox 509 5609 2068 5682">
     <span class='ocr_line' id='line_1_101' title="bbox 509 5609 2068 5682; baseline -0.002 -16"><span class='ocrx_word' id='word_1_717' title='bbox 509 5613 667 5666; x_wconf 87' lang='lat' dir='ltr'><strong>cione</strong></span> <span class='ocrx_word' id='word_1_718' title='bbox 690 5611 939 5682; x_wconf 90' lang='lat' dir='ltr'><strong>intelligi,</strong></span> <span class='ocrx_word' id='word_1_719' title='bbox 968 5609 1123 5678; x_wconf 88' lang='lat' dir='ltr'><strong>quasi</strong></span> <span class='ocrx_word' id='word_1_720' title='bbox 1151 5624 1343 5679; x_wconf 90' lang='lat' dir='ltr'><strong>panem</strong></span> <span class='ocrx_word' id='word_1_721' title='bbox 1382 5610 1483 5664; x_wconf 91' lang='lat' dir='ltr'><strong>sibi</strong></span> <span class='ocrx_word' id='word_1_722' title='bbox 1511 5609 1760 5663; x_wconf 90' lang='lat' dir='ltr'><strong>Christus</strong></span> <span class='ocrx_word' id='word_1_723' title='bbox 1789 5610 1840 5662; x_wconf 92' lang='lat' dir='ltr'><strong>in</strong></span> <span class='ocrx_word' id='word_1_724' title='bbox 1871 5624 2068 5679; x_wconf 91' lang='lat' dir='ltr'><strong>corpus</strong></span> 
     </span>
    </p>
   </div>
   <div class='ocr_carea' id='block_1_102' title="bbox 508 5701 2067 5784">
    <p class='ocr_par' dir='ltr' id='par_1_102' title="bbox 508 5701 2067 5784">
     <span class='ocr_line' id='line_1_102' title="bbox 508 5701 2067 5784; baseline -0.001 -27"><span class='ocrx_word' id='word_1_725' title='bbox 508 5705 854 5784; x_wconf 78' lang='lat' dir='ltr'><strong>adoptasset;</strong></span> <span class='ocrx_word' id='word_1_726' title='bbox 900 5704 1043 5757; x_wconf 89' lang='lat' dir='ltr'><strong>unde</strong></span> <span class='ocrx_word' id='word_1_727' title='bbox 1079 5701 1283 5757; x_wconf 74' lang='lat' dir='ltr'><strong>colligit</strong></span> <span class='ocrx_word' id='word_1_728' title='bbox 1308 5717 1501 5770; x_wconf 89' lang='lat' dir='ltr'><strong>panem</strong></span> <span class='ocrx_word' id='word_1_729' title='bbox 1535 5717 1630 5772; x_wconf 84' lang='lat' dir='ltr'><strong>pro</strong></span> <span class='ocrx_word' id='word_1_730' title='bbox 1658 5703 1810 5757; x_wconf 93' lang='lat' dir='ltr'><strong>nobis</strong></span> <span class='ocrx_word' id='word_1_731' title='bbox 1847 5704 1981 5755; x_wconf 90' lang='lat' dir='ltr'><strong>tradi</strong></span> <span class='ocrx_word' id='word_1_732' title='bbox 2011 5712 2067 5755; x_wconf 89' lang='lat' dir='ltr'><strong>et</strong></span> 
     </span>
    </p>
   </div>
   <div class='ocr_carea' id='block_1_103' title="bbox 514 5794 2062 5869">
    <p class='ocr_par' dir='ltr' id='par_1_103' title="bbox 514 5794 2062 5869">
     <span class='ocr_line' id='line_1_103' title="bbox 514 5794 2062 5869; baseline -0.001 -18"><span class='ocrx_word' id='word_1_733' title='bbox 514 5795 755 5864; x_wconf 85' lang='lat' dir='ltr'><strong>crucitigi</strong></span> <span class='ocrx_word' id='word_1_734' title='bbox 784 5794 1058 5869; x_wconf 73' lang='lat' dir='ltr'><strong>debuisse,</strong></span> <span class='ocrx_word' id='word_1_735' title='bbox 1091 5795 1137 5853; x_wconf 87' lang='lat' dir='ltr'><strong>si</strong></span> <span class='ocrx_word' id='word_1_736' title='bbox 1161 5794 1362 5852; x_wconf 85' lang='lat' dir='ltr'><strong>Christi</strong></span> <span class='ocrx_word' id='word_1_737' title='bbox 1397 5796 1560 5851; x_wconf 87' lang='lat' dir='ltr'><strong>verba</strong></span> <span class='ocrx_word' id='word_1_738' title='bbox 1591 5796 1671 5852; x_wconf 88' lang='lat' dir='ltr'><strong>sic</strong></span> <span class='ocrx_word' id='word_1_739' title='bbox 1703 5795 2062 5865; x_wconf 86' lang='lat' dir='ltr'><strong>accipiantur,</strong></span> 
     </span>
    </p>
   </div>
   <div class='ocr_carea' id='block_1_104' title="bbox 2167 4596 3732 4652">
    <p class='ocr_par' dir='ltr' id='par_1_104' title="bbox 2167 4596 3732 4652">
     <span class='ocr_line' id='line_1_104' title="bbox 2167 4596 3732 4652; baseline 0.002 -4"><span class='ocrx_word' id='word_1_740' title='bbox 2167 4596 2488 4648; x_wconf 78' lang='lat' dir='ltr'><strong>sententiam</strong></span> <span class='ocrx_word' id='word_1_741' title='bbox 2533 4611 2656 4648; x_wconf 92' lang='lat' dir='ltr'><strong>cum</strong></span> <span class='ocrx_word' id='word_1_742' title='bbox 2699 4596 2964 4649; x_wconf 89' lang='lat' dir='ltr'><strong>catholica</strong></span> <span class='ocrx_word' id='word_1_743' title='bbox 3012 4598 3077 4648; x_wconf 89' lang='lat' dir='ltr'><strong>de</strong></span> <span class='ocrx_word' id='word_1_744' title='bbox 3126 4596 3452 4649; x_wconf 88' lang='lat' dir='ltr'><strong>eucharistia</strong></span> <span class='ocrx_word' id='word_1_745' title='bbox 3495 4597 3600 4649; x_wconf 87' lang='lat' dir='ltr'><strong>lide</strong></span> <span class='ocrx_word' id='word_1_746' title='bbox 3655 4597 3732 4652; x_wconf 88' lang='lat' dir='ltr'><strong>sic</strong></span> 
     </span>
    </p>
   </div>
   <div class='ocr_carea' id='block_1_105' title="bbox 2166 4687 3728 4757">
    <p class='ocr_par' dir='ltr' id='par_1_105' title="bbox 2166 4687 3728 4757">
     <span class='ocr_line' id='line_1_105' title="bbox 2166 4687 3728 4757; baseline 0.002 -16"><span class='ocrx_word' id='word_1_747' title='bbox 2166 4687 2451 4752; x_wconf 88' lang='lat' dir='ltr'><strong>conciliat,</strong></span> <span class='ocrx_word' id='word_1_748' title='bbox 2503 4699 2562 4742; x_wconf 93' lang='lat' dir='ltr'><strong>ut</strong></span> <span class='ocrx_word' id='word_1_749' title='bbox 2604 4704 2796 4757; x_wconf 85' lang='lat' dir='ltr'><strong>corpus</strong></span> <span class='ocrx_word' id='word_1_750' title='bbox 2832 4689 3028 4742; x_wconf 90' lang='lat' dir='ltr'><strong>Christi</strong></span> <span class='ocrx_word' id='word_1_751' title='bbox 3087 4691 3138 4742; x_wconf 93' lang='lat' dir='ltr'><strong>in</strong></span> <span class='ocrx_word' id='word_1_752' title='bbox 3189 4690 3556 4754; x_wconf 85' lang='lat' dir='ltr'><strong>eucharistia,</strong></span> <span class='ocrx_word' id='word_1_753' title='bbox 3618 4708 3728 4746; x_wconf 87' lang='lat' dir='ltr'><strong>non</strong></span> 
     </span>
    </p>
   </div>
   <div class='ocr_carea' id='block_1_106' title="bbox 2166 4777 3726 4851">
    <p class='ocr_par' dir='ltr' id='par_1_106' title="bbox 2166 4777 3726 4851">
     <span class='ocr_line' id='line_1_106' title="bbox 2166 4777 3726 4851; baseline 0.004 -21"><span class='ocrx_word' id='word_1_754' title='bbox 2166 4777 2325 4848; x_wconf 90' lang='lat' dir='ltr'><strong>quale</strong></span> <span class='ocrx_word' id='word_1_755' title='bbox 2360 4781 2413 4833; x_wconf 92' lang='lat' dir='ltr'><strong>in</strong></span> <span class='ocrx_word' id='word_1_756' title='bbox 2451 4779 2590 4834; x_wconf 66' lang='lat' dir='ltr'><strong>caelo</strong></span> <span class='ocrx_word' id='word_1_757' title='bbox 2618 4791 2721 4846; x_wconf 89' lang='lat' dir='ltr'><strong>est,</strong></span> <span class='ocrx_word' id='word_1_758' title='bbox 2747 4782 2843 4834; x_wconf 92' lang='lat' dir='ltr'><strong>sed</strong></span> <span class='ocrx_word' id='word_1_759' title='bbox 2867 4781 3030 4850; x_wconf 86' lang='lat' dir='ltr'><strong>quale</strong></span> <span class='ocrx_word' id='word_1_760' title='bbox 3057 4782 3107 4833; x_wconf 93' lang='lat' dir='ltr'><strong>in</strong></span> <span class='ocrx_word' id='word_1_761' title='bbox 3139 4791 3289 4834; x_wconf 90' lang='lat' dir='ltr'><strong>utero</strong></span> <span class='ocrx_word' id='word_1_762' title='bbox 3326 4781 3565 4851; x_wconf 86' lang='lat' dir='ltr'><strong>Virginis</strong></span> <span class='ocrx_word' id='word_1_763' title='bbox 3607 4784 3726 4849; x_wconf 79' lang='lat' dir='ltr'><strong>fuit,</strong></span> 
     </span>
    </p>
   </div>
   <div class='ocr_carea' id='block_1_107' title="bbox 2167 4874 3728 4946">
    <p class='ocr_par' dir='ltr' id='par_1_107' title="bbox 2167 4874 3728 4946">
     <span class='ocr_line' id='line_1_107' title="bbox 2167 4874 3728 4946; baseline 0.001 -17"><span class='ocrx_word' id='word_1_764' title='bbox 2167 4875 2363 4944; x_wconf 91' lang='lat' dir='ltr'><strong>apponi</strong></span> <span class='ocrx_word' id='word_1_765' title='bbox 2417 4875 2678 4930; x_wconf 86' lang='lat' dir='ltr'><strong>declaret.</strong></span> <span class='ocrx_word' id='word_1_766' title='bbox 2734 4874 2791 4930; x_wconf 92' lang='lat' dir='ltr'><strong>Si</strong></span> <span class='ocrx_word' id='word_1_767' title='bbox 2852 4876 2941 4943; x_wconf 91' lang='lat' dir='ltr'><strong>qui</strong></span> <span class='ocrx_word' id='word_1_768' title='bbox 2995 4891 3124 4944; x_wconf 90' lang='lat' dir='ltr'><strong>ergo</strong></span> <span class='ocrx_word' id='word_1_769' title='bbox 3172 4876 3377 4944; x_wconf 88' lang='lat' dir='ltr'><strong>antiqui</strong></span> <span class='ocrx_word' id='word_1_770' title='bbox 3431 4877 3728 4946; x_wconf 88' lang='lat' dir='ltr'><strong>scriptores</strong></span> 
     </span>
    </p>
   </div>
   <div class='ocr_carea' id='block_1_108' title="bbox 2167 4968 3728 5038">
    <p class='ocr_par' dir='ltr' id='par_1_108' title="bbox 2167 4968 3728 5038">
     <span class='ocr_line' id='line_1_108' title="bbox 2167 4968 3728 5038; baseline 0.003 -17"><span class='ocrx_word' id='word_1_771' title='bbox 2167 4968 2220 5021; x_wconf 92' lang='lat' dir='ltr'><strong>id</strong></span> <span class='ocrx_word' id='word_1_772' title='bbox 2255 4968 2576 5033; x_wconf 90' lang='lat' dir='ltr'><strong>sensissent,</strong></span> <span class='ocrx_word' id='word_1_773' title='bbox 2619 4970 2764 5036; x_wconf 92' lang='lat' dir='ltr'><strong>quod</strong></span> <span class='ocrx_word' id='word_1_774' title='bbox 2793 4984 2888 5023; x_wconf 87' lang='lat' dir='ltr'><strong>eos</strong></span> <span class='ocrx_word' id='word_1_775' title='bbox 2924 4971 3156 5023; x_wconf 90' lang='lat' dir='ltr'><strong>sensisse</strong></span> <span class='ocrx_word' id='word_1_776' title='bbox 3181 4969 3448 5038; x_wconf 85' lang='lat' dir='ltr'><strong>pertendit</strong></span> <span class='ocrx_word' id='word_1_777' title='bbox 3475 4971 3728 5036; x_wconf 82' lang='lat' dir='ltr'><strong>Allixius,</strong></span> 
     </span>
    </p>
   </div>
   <div class='ocr_carea' id='block_1_109' title="bbox 2167 5059 3725 5115">
    <p class='ocr_par' dir='ltr' id='par_1_109' title="bbox 2167 5059 3725 5115">
     <span class='ocr_line' id='line_1_109' title="bbox 2167 5059 3725 5115; baseline 0.002 -4"><span class='ocrx_word' id='word_1_778' title='bbox 2167 5072 2274 5111; x_wconf 90' lang='lat' dir='ltr'><strong>non</strong></span> <span class='ocrx_word' id='word_1_779' title='bbox 2301 5059 2506 5112; x_wconf 91' lang='lat' dir='ltr'><strong>idcirco</strong></span> <span class='ocrx_word' id='word_1_780' title='bbox 2529 5069 2804 5113; x_wconf 86' lang='lat' dir='ltr'><strong>constaret</strong></span> <span class='ocrx_word' id='word_1_781' title='bbox 2832 5074 2925 5114; x_wconf 89' lang='lat' dir='ltr'><strong>eos</strong></span> <span class='ocrx_word' id='word_1_782' title='bbox 2953 5077 2981 5113; x_wconf 89' lang='lat' dir='ltr'><strong>a</strong></span> <span class='ocrx_word' id='word_1_783' title='bbox 3010 5060 3274 5115; x_wconf 86' lang='lat' dir='ltr'><strong>catholica</strong></span> <span class='ocrx_word' id='word_1_784' title='bbox 3313 5063 3379 5114; x_wconf 92' lang='lat' dir='ltr'><strong>de</strong></span> <span class='ocrx_word' id='word_1_785' title='bbox 3398 5062 3725 5115; x_wconf 90' lang='lat' dir='ltr'><strong>eucharistia</strong></span> 
     </span>
    </p>
   </div>
   <div class='ocr_carea' id='block_1_110' title="bbox 2168 5149 3725 5219">
    <p class='ocr_par' dir='ltr' id='par_1_110' title="bbox 2168 5149 3725 5219">
     <span class='ocr_line' id='line_1_110' title="bbox 2168 5149 3725 5219; baseline 0.001 -18"><span class='ocrx_word' id='word_1_786' title='bbox 2168 5149 2276 5203; x_wconf 87' lang='lat' dir='ltr'><strong>ﬁde</strong></span> <span class='ocrx_word' id='word_1_787' title='bbox 2296 5149 2631 5204; x_wconf 84' lang='lat' dir='ltr'><strong>discessisse.</strong></span> <span class='ocrx_word' id='word_1_788' title='bbox 2665 5149 2735 5202; x_wconf 80' lang='lat' dir='ltr'><strong>At</strong></span> <span class='ocrx_word' id='word_1_789' title='bbox 2760 5150 2905 5203; x_wconf 91' lang='lat' dir='ltr'><strong>nulla</strong></span> <span class='ocrx_word' id='word_1_790' title='bbox 2942 5150 3080 5205; x_wconf 90' lang='lat' dir='ltr'><strong>ratio</strong></span> <span class='ocrx_word' id='word_1_791' title='bbox 3111 5151 3305 5219; x_wconf 84' lang='lat' dir='ltr'><strong>probat</strong></span> <span class='ocrx_word' id='word_1_792' title='bbox 3327 5150 3725 5219; x_wconf 85' lang='lat' dir='ltr'><strong>Athenagoram</strong></span> 
     </span>
    </p>
   </div>
   <div class='ocr_carea' id='block_1_111' title="bbox 2170 5240 3726 5309">
    <p class='ocr_par' dir='ltr' id='par_1_111' title="bbox 2170 5240 3726 5309">
     <span class='ocr_line' id='line_1_111' title="bbox 2170 5240 3726 5309; baseline 0.001 -15"><span class='ocrx_word' id='word_1_793' title='bbox 2170 5241 2271 5294; x_wconf 91' lang='lat' dir='ltr'><strong>hoc</strong></span> <span class='ocrx_word' id='word_1_794' title='bbox 2297 5240 2363 5294; x_wconf 91' lang='lat' dir='ltr'><strong>de</strong></span> <span class='ocrx_word' id='word_1_795' title='bbox 2398 5241 2718 5309; x_wconf 90' lang='lat' dir='ltr'><strong>corporibus</strong></span> <span class='ocrx_word' id='word_1_796' title='bbox 2752 5242 3010 5295; x_wconf 88' lang='lat' dir='ltr'><strong>redivivis</strong></span> <span class='ocrx_word' id='word_1_797' title='bbox 3053 5255 3239 5295; x_wconf 89' lang='lat' dir='ltr'><strong>errore</strong></span> <span class='ocrx_word' id='word_1_798' title='bbox 3269 5241 3568 5295; x_wconf 88' lang='lat' dir='ltr'><strong>laborasse.</strong></span> <span class='ocrx_word' id='word_1_799' title='bbox 3616 5242 3726 5296; x_wconf 76' lang='lat' dir='ltr'><strong>llos</strong></span> 
     </span>
    </p>
   </div>
   <div class='ocr_carea' id='block_1_112' title="bbox 2169 5333 3721 5402">
    <p class='ocr_par' dir='ltr' id='par_1_112' title="bbox 2169 5333 3721 5402">
     <span class='ocr_line' id='line_1_112' title="bbox 2169 5333 3721 5402; baseline -0.001 -12"><span class='ocrx_word' id='word_1_800' title='bbox 2169 5346 2372 5390; x_wconf 89' lang='lat' dir='ltr'><strong>tantum</strong></span> <span class='ocrx_word' id='word_1_801' title='bbox 2419 5335 2733 5402; x_wconf 87' lang='lat' dir='ltr'><strong>contendit,</strong></span> <span class='ocrx_word' id='word_1_802' title='bbox 2769 5344 2828 5387; x_wconf 89' lang='lat' dir='ltr'><strong>ut</strong></span> <span class='ocrx_word' id='word_1_803' title='bbox 2869 5335 3122 5388; x_wconf 89' lang='lat' dir='ltr'><strong>observat</strong></span> <span class='ocrx_word' id='word_1_804' title='bbox 3159 5333 3212 5386; x_wconf 93' lang='lat' dir='ltr'><strong>in</strong></span> <span class='ocrx_word' id='word_1_805' title='bbox 3251 5333 3471 5390; x_wconf 89' lang='lat' dir='ltr'><strong>dissert.</strong></span> <span class='ocrx_word' id='word_1_806' title='bbox 3516 5341 3721 5388; x_wconf 78' lang='lat' dir='ltr'><strong>advers.</strong></span> 
     </span>
    </p>
   </div>
   <div class='ocr_carea' id='block_1_113' title="bbox 2167 5425 3723 5492">
    <p class='ocr_par' dir='ltr' id='par_1_113' title="bbox 2167 5425 3723 5492">
     <span class='ocr_line' id='line_1_113' title="bbox 2167 5425 3723 5492; baseline -0.001 -11"><span class='ocrx_word' id='word_1_807' title='bbox 2167 5429 2331 5481; x_wconf 72' lang='lat' dir='ltr'><strong>Allix.</strong></span> <span class='ocrx_word' id='word_1_808' title='bbox 2365 5428 2449 5480; x_wconf 86' lang='lat' dir='ltr'><strong>vir</strong></span> <span class='ocrx_word' id='word_1_809' title='bbox 2479 5427 2823 5482; x_wconf 84' lang='lat' dir='ltr'><strong>doctissimus</strong></span> <span class='ocrx_word' id='word_1_810' title='bbox 2869 5425 2986 5481; x_wconf 83' lang='lat' dir='ltr'><strong>Jac.</strong></span> <span class='ocrx_word' id='word_1_811' title='bbox 3020 5425 3262 5489; x_wconf 83' lang='lat' dir='ltr'><strong>Boileau,</strong></span> <span class='ocrx_word' id='word_1_812' title='bbox 3293 5434 3397 5478; x_wconf 92' lang='lat' dir='ltr'><strong>art.</strong></span> <span class='ocrx_word' id='word_1_813' title='bbox 3441 5426 3497 5485; x_wconf 76' lang='grc'><strong>2.</strong></span> <span class='ocrx_word' id='word_1_814' title='bbox 3541 5442 3593 5492; x_wconf 89' lang='lat' dir='ltr'><strong>p.</strong></span> <span class='ocrx_word' id='word_1_815' title='bbox 3635 5426 3723 5489; x_wconf 78' lang='lat'><strong>50,</strong></span> 
     </span>
    </p>
   </div>
   <div class='ocr_carea' id='block_1_114' title="bbox 2168 5517 3722 5586">
    <p class='ocr_par' dir='ltr' id='par_1_114' title="bbox 2168 5517 3722 5586">
     <span class='ocr_line' id='line_1_114' title="bbox 2168 5517 3722 5586; baseline -0.002 -13"><span class='ocrx_word' id='word_1_816' title='bbox 2168 5518 2488 5586; x_wconf 90' lang='lat' dir='ltr'><strong>sanguinem</strong></span> <span class='ocrx_word' id='word_1_817' title='bbox 2517 5535 2648 5583; x_wconf 88' lang='lat' dir='ltr'><strong>non,</strong></span> <span class='ocrx_word' id='word_1_818' title='bbox 2674 5527 2733 5572; x_wconf 91' lang='lat' dir='ltr'><strong>ut</strong></span> <span class='ocrx_word' id='word_1_819' title='bbox 2757 5519 2807 5572; x_wconf 92' lang='lat' dir='ltr'><strong>in</strong></span> <span class='ocrx_word' id='word_1_820' title='bbox 2841 5519 2944 5572; x_wconf 89' lang='lat' dir='ltr'><strong>hac</strong></span> <span class='ocrx_word' id='word_1_821' title='bbox 2968 5519 3182 5573; x_wconf 89' lang='lat' dir='ltr'><strong>mortali</strong></span> <span class='ocrx_word' id='word_1_822' title='bbox 3205 5518 3336 5581; x_wconf 90' lang='lat' dir='ltr'><strong>vita,</strong></span> <span class='ocrx_word' id='word_1_823' title='bbox 3367 5517 3440 5570; x_wconf 88' lang='lat' dir='ltr'><strong>ita</strong></span> <span class='ocrx_word' id='word_1_824' title='bbox 3471 5517 3638 5572; x_wconf 88' lang='lat' dir='ltr'><strong>etiam</strong></span> <span class='ocrx_word' id='word_1_825' title='bbox 3674 5519 3722 5570; x_wconf 90' lang='lat' dir='ltr'><strong>in</strong></span> 
     </span>
    </p>
   </div>
   <div class='ocr_carea' id='block_1_115' title="bbox 2169 5611 3441 5682">
    <p class='ocr_par' dir='ltr' id='par_1_115' title="bbox 2169 5611 3441 5682">
     <span class='ocr_line' id='line_1_115' title="bbox 2169 5611 3441 5682; baseline -0.003 -16"><span class='ocrx_word' id='word_1_826' title='bbox 2169 5611 2460 5666; x_wconf 88' lang='lat' dir='ltr'><strong>immortali</strong></span> <span class='ocrx_word' id='word_1_827' title='bbox 2491 5611 2785 5666; x_wconf 76' lang='lat' dir='ltr'><strong>obnoxium</strong></span> <span class='ocrx_word' id='word_1_828' title='bbox 2813 5613 3146 5682; x_wconf 90' lang='lat' dir='ltr'><strong>corruptioni</strong></span> <span class='ocrx_word' id='word_1_829' title='bbox 3181 5611 3441 5664; x_wconf 82' lang='lat' dir='ltr'><strong>futurum.</strong></span> 
     </span>
    </p>
   </div>
   <div class='ocr_carea' id='block_1_116' title="bbox 2238 5702 3720 5775">
    <p class='ocr_par' dir='ltr' id='par_1_116' title="bbox 2238 5702 3720 5775">
     <span class='ocr_line' id='line_1_116' title="bbox 2238 5702 3720 5775; baseline -0.002 -18"><span class='ocrx_word' id='word_1_830' title='bbox 2238 5702 2490 5758; x_wconf 91' lang='lat' dir='ltr'><strong>Occurrit</strong></span> <span class='ocrx_word' id='word_1_831' title='bbox 2528 5704 2904 5775; x_wconf 88' lang='lat' dir='ltr'><strong>Athenagoras</strong></span> <span class='ocrx_word' id='word_1_832' title='bbox 2954 5706 3007 5758; x_wconf 90' lang='lat' dir='ltr'><strong>in</strong></span> <span class='ocrx_word' id='word_1_833' title='bbox 3049 5705 3184 5758; x_wconf 89' lang='lat' dir='ltr'><strong>libro</strong></span> <span class='ocrx_word' id='word_1_834' title='bbox 3217 5702 3290 5755; x_wconf 84' lang='lat' dir='ltr'><strong>De</strong></span> <span class='ocrx_word' id='word_1_835' title='bbox 3333 5716 3505 5755; x_wconf 81' lang='lat' dir='ltr'><strong>resur.</strong></span> <span class='ocrx_word' id='word_1_836' title='bbox 3541 5711 3720 5766; x_wconf 85' lang='lat' dir='ltr'><strong>mort.,</strong></span> 
     </span>
    </p>
   </div>
   <div class='ocr_carea' id='block_1_117' title="bbox 2169 5794 3722 5866">
    <p class='ocr_par' dir='ltr' id='par_1_117' title="bbox 2169 5794 3722 5866">
     <span class='ocr_line' id='line_1_117' title="bbox 2169 5794 3722 5866; baseline 0.001 -17"><span class='ocrx_word' id='word_1_837' title='bbox 2169 5810 2224 5849; x_wconf 87' lang='grc' dir='ltr'>ιι.</span> <span class='ocrx_word' id='word_1_838' title='bbox 2250 5794 2304 5862; x_wconf 68' lang='grc'><strong>4,</strong></span> <span class='ocrx_word' id='word_1_839' title='bbox 2351 5795 2438 5863; x_wconf 90' lang='lat' dir='ltr'><strong>iis,</strong></span> <span class='ocrx_word' id='word_1_840' title='bbox 2487 5796 2578 5865; x_wconf 89' lang='lat' dir='ltr'><strong>qui</strong></span> <span class='ocrx_word' id='word_1_841' title='bbox 2616 5796 2740 5852; x_wconf 86' lang='lat' dir='ltr'><strong>huic</strong></span> <span class='ocrx_word' id='word_1_842' title='bbox 2772 5796 3008 5866; x_wconf 90' lang='lat' dir='ltr'><strong>dogmati</strong></span> <span class='ocrx_word' id='word_1_843' title='bbox 3033 5803 3306 5864; x_wconf 89' lang='lat' dir='ltr'><strong>opponunt</strong></span> <span class='ocrx_word' id='word_1_844' title='bbox 3353 5809 3583 5861; x_wconf 87' lang='lat' dir='ltr'><strong>corpora</strong></span> <span class='ocrx_word' id='word_1_845' title='bbox 3627 5800 3722 5851; x_wconf 80' lang='lat' dir='ltr'><strong>hu-</strong></span> 
     </span>
    </p>
   </div>
  </div>
