3792 6492
113 331 159 385 73

108 454 254 503 mana,
285 452 386 506 qua:
411 449 438 488 a
470 431 655 488 helluis
683 443 870 487 vorata
898 433 1024 488 inde
1050 436 1103 487 in
1137 434 1367 489 aliorum
1405 437 1580 491 homio
1608 445 1653 494 Α

110 549 199 588 ntttll
232 544 394 596 corpus
440 528 676 581 traducta
728 537 897 589 sunt,
944 525 1025 581 vel
1087 527 1216 595 ipsis
1262 528 1576 581 hominibus

108 624 264 691 tragico
291 622 448 687 aliquo
495 617 739 672 facinore
788 618 839 671 in
891 633 1072 671 escam
1131 628 1431 673 cesserunt.
1498 619 1576 672 E1

107 732 185 784 quo
215 713 491 767 concludunt
528 710 613 764 vel
659 711 758 775 iis,
805 711 895 778 qui
938 710 1017 764 sic
1060 712 1367 779 consumpti
1404 712 1575 773 luere,

104 806 254 875 :liquid
280 796 582 865 delaturum,
626 803 673 854 si
720 818 818 856 sua
853 802 958 856 illis
1003 818 1133 856 caro
1161 818 1265 856 non
1318 804 1575 857 restitua-

108 910 191 962 tur;
215 895 281 949 vel
314 896 351 948 si
379 893 709 956 restituatur,
736 909 946 954 eormn,
986 896 1077 962 qui
1104 905 1573 964 consumpserant,

108 1003 286 1043 mancam
312 995 358 1040 et
384 984 742 1053 imperfectam
776 1000 994 1039 carnem
1032 986 1293 1039 futuram.

154 1078 395 1148 Respondet
429 1079 795 1147 Athenagoras
819 1077 1111 1133 humanam
1155 1095 1373 1135 carnem
1396 1080 1575 1135 cibum

108 1186 187 1225 esse
210 1170 337 1223 alteri
364 1168 552 1222 homini
585 1176 773 1221 contra
808 1177 1057 1221 naturam
1094 1183 1110 1222 :
1154 1170 1335 1238 itaque
1372 1171 1415 1224 si
1452 1174 1575 1238 quis

108 1270 169 1313 aut
204 1259 383 1327 proprio
428 1258 627 1312 scelere
682 1267 772 1310 aut
805 1258 980 1312 aliena
1034 1258 1224 1316 fraude
1280 1262 1573 1316 humanam

105 1362 266 1401 carnem
298 1348 595 1411 comederit,
646 1362 985 1417 nequaquam
1031 1350 1150 1404 fore
1200 1362 1257 1405 ut
1296 1361 1402 1405 tam
1448 1369 1575 1407 con-

106 1442 250 1493 trarius
274 1450 454 1493 natura:
478 1440 633 1494 cibus
660 1458 784 1494 cum
812 1442 1060 1510 partibus
1092 1446 1427 1500 comedentis
1455 1461 1578 1501 coa-

105 1533 236 1596 lescat,
275 1536 354 1588 sed
396 1544 447 1587 ut
491 1536 715 1588 noxium
754 1545 810 1590 et
844 1536 1122 1590 inimicum
1174 1538 1433 1608 rejectnm
1487 1541 1575 1594 iri.

102 1630 224 1695 Atque
246 1627 384 1679 etiam
410 1628 449 1679 si
477 1628 637 1681 detur
668 1628 809 1682 hunc
845 1627 1024 1682 cibum
1066 1630 1339 1684 immutari
1373 1632 1430 1685 in
1477 1632 1579 1686 ali-

103 1721 187 1789 quid
220 1719 452 1772 humidum
494 1730 590 1771 aut
635 1720 855 1783 siccum,
899 1734 991 1773 aut
1045 1724 1300 1788 calidum,
1341 1736 1433 1777 aut
1478 1726 1578 1795 [ri-

102 1811 255 1877 gidum.
300 1821 441 1875 negat
491 1810 867 1878 Athenagoras
923 1810 1089 1864 ullam
1146 1829 1331 1866 earum
1389 1831 1570 1870 rerum

103 1909 165 1949 aut
185 1909 347 1967 partem
372 1915 503 1963 esse,
534 1910 627 1952 aut
659 1901 828 1968 partis
860 1903 1093 1969 speciem
1123 1918 1429 1973 occupare;
1463 1908 1574 1961 imo

101 2006 171 2043 non
206 2008 383 2059 semper
425 1994 473 2046 in
517 1996 767 2062 partibus
809 1996 1128 2049 alimentum
1178 1999 1575 2065 accipientibus

101 2096 357 2148 pertinuere,
383 2100 478 2139 nec
504 2100 632 2138 cum
664 2087 1069 2156 resurgentibus
1096 2102 1405 2157 resurgere,
1441 2090 1575 2144 nihil

99 2180 169 2222 tum
190 2173 243 2223 ad
264 2175 398 2226 vitam
433 2175 735 2243 conferente
764 2179 1041 2246 sanguine,
1097 2180 1201 2232 sive
1231 2182 1444 2247 pituita,
1468 2184 1576 2235 sive

100 2261 186 2323 ltiti,
213 2264 295 2315 sive
331 2266 528 2329 spiritu.
578 2263 692 2319 Non
731 2282 862 2336 ergo
904 2273 1225 2339 sanguinem
1266 2289 1296 2324 a
1331 2286 1576 2328 resurre—

96 2356 225 2408 ctione
261 2369 474 2412 removet
516 2359 938 2430 Athenagoras,
1000 2365 1092 2417 sed
1154 2373 1280 2417 tunc
1338 2364 1576 2420 futurum

96 2452 224 2509 negat,
248 2456 294 2498 ut
325 2447 422 2499 vita
467 2462 532 2501 ex
588 2452 853 2519 sanguine
891 2454 1157 2520 pendeat,
1184 2469 1347 2521 quem
1376 2455 1578 2510 idcirco

95 2548 257 2588 necesse
281 2537 342 2589 sit
364 2539 526 2592 variis
556 2539 877 2595 humoribus
919 2547 1231 2613 temperari.
1270 2546 1360 2601 Sic
1396 2547 1581 2615 Augu-

96 2624 238 2689 stinus,
285 2644 429 2694 quem
462 2630 700 2686 Allixius
728 2633 779 2687 in
823 2649 950 2688 suas
992 2647 1176 2703 partes
1216 2639 1430 2692 trahere
1483 2656 1579 2693 co—

96 2726 221 2779 natur,
249 2721 546 2789 sanguinem
583 2724 807 2778 minime
855 2736 1014 2797 negat
1042 2727 1092 2780 in
1122 2729 1287 2795 epist.
1320 2728 1447 2797 205,
1486 2732 1579 2786 sed

96 2811 334 2875 sanguinem
364 2814 469 2867 vult
495 2814 623 2868 sine
654 2819 1033 2885 eorrttptione:
1061 2836 1080 2870 ί
1110 2818 1248 2884 Non,
1276 2834 1332 2874 ut
1364 2824 1579 2891 opinor,

97 2898 217 2967 inquit
235 2918 359 2958 num.
391 2904 473 2969 15,
508 2906 870 2961 dubitandum
896 2921 998 2974 est,
1037 2916 1332 2967 secundum
1366 2916 1470 2969 hoc
1498 2917 1581 2969 di—

96 3002 222 3046 ctum:
260 2992 381 3049 Caro
421 3007 468 3050 et
528 3000 750 3068 sanguis
792 3017 1007 3070 regnum
1056 3002 1153 3056 Dei
1202 3020 1303 3059 non
1351 3010 1585 3075 posside-

98 3082 249 3151 θυεμ,
298 3088 412 3157 quia
450 3104 557 3143 non
608 3089 685 3144 ibi
725 3092 830 3144 erit
866 3094 1147 3163 corruptio
1186 3106 1240 3149 et
1279 3098 1582 3153 tnortalitas

98 3176 223 3230 carnis
249 3190 295 3233 et
320 3185 615 3249 sanguinis.
654 3183 963 3239 Secundum
990 3188 1131 3242 enim
1163 3189 1260 3245 has
1288 3192 1577 3258 qualitates

96 3280 252 3321 carnem
281 3280 327 3325 et
363 3275 687 3343 sanguinem
737 3274 841 3331 hoc
876 3275 999 3332 loco
1037 3280 1357 3335 nominavit.
1395 3300 1415 3333 ι
1456 3282 1577 3337 Mox

97 3356 140 3409 tle
171 3375 297 3417 carne
336 3364 470 3419 idem
516 3367 657 3421 dicit
700 3368 1097 3439 Athenagoras.
1135 3387 1328 3441 nempe
1360 3373 1577 3429 etiamsi

98 3454 299 3509 contraria
345 3469 549 3514 natura:
590 3460 853 3515 alimonia
894 3460 967 3515 ita
1028 3465 1342 3534 digeratur,
1397 3477 1455 3519 ut
1509 3469 1575 3522 ad

98 3554 252 3595 tantem
287 3564 443 3618 usque
476 3565 761 3621 permeet;
812 3572 877 3609 ne
914 3557 966 3609 id
995 3559 1211 3625 quidem
1255 3558 1468 3613 dilIicile
1511 3557 1577 3611 ad

98 3633 388 3699 explicandum
439 3644 591 3711 fore;
638 3648 824 3714 quippe
849 3664 968 3700 cum
1015 3664 1109 3701 nec
1151 3651 1262 3717 ipsa
1300 3666 1423 3702 caro
1460 3666 1577 3718 qua-

95 3726 259 3794 asciuit,
284 3748 384 3785 eam
423 3751 631 3803 semper
660 3739 879 3791 retineat
906 3757 1065 3808 quam
1107 3742 1312 3803 ascivit,
1341 3759 1432 3795 nec
1461 3758 1578 3811 qua:

97 3818 209 3868 ascita
228 3832 307 3883 est,
331 3825 397 3877 ibi
426 3838 735 3882 constanter
753 3841 1053 3896 permaneat
1082 3848 1184 3899 quo
1206 3834 1440 3896 accessit,
1487 3834 1577 3887 sed

95 3912 247 3962 multum
270 3916 314 3966 in
341 3919 539 3972 diversa
582 3921 928 3975 mutationem
958 3924 1203 3991 accipiat,
1250 3940 1305 3978 n.
1354 3925 1405 3978 7.
1446 3924 1577 3990 Quis

100 3999 179 4050 inde
202 4006 381 4075 colligat
400 4027 622 4065 carnem
650 4013 1049 4085 Athenagoram
1082 4016 1135 4069 in
1160 4014 1426 4073 'redivivis
1451 4034 1577 4072 cor—

97 4092 253 4150 Paribus
279 4114 372 4153 non
409 4105 749 4173 relinquere?
784 4104 944 4159 Plura
973 4123 1082 4160 non
1112 4108 1286 4162 dicam
1330 4113 1396 4163 de
1435 4110 1577 4164 illius

96 4187 315 4251 sententia;
356 4192 486 4246 satis
521 4203 607 4248 est
636 4194 815 4264 legere
849 4212 969 4263 qua:
1006 4198 1075 4251 ab
1104 4213 1170 4252 eo
1201 4199 1475 4261 dicuntur,
1519 4218 1573 4255 n.

94 4265 129 4361 ξ,
151 4284 191 4325 ιιι
219 4291 412 4348 carpora
439 4296 630 4340 nostra
663 4289 852 4341 eadem
895 4289 1162 4356 potentia,
1197 4305 1301 4359 qua
1340 4294 1574 4361 primum

94 4358 199 4457 [fere
233 4386 255 4422 a
295 4375 392 4429 Deo
432 4391 837 4448 coagmentata,
888 4384 1087 4437 iterum
1130 4387 1197 4439 ad
1248 4386 1414 4440 vitam
1456 4397 1578 4457 post

93 4452 413 4523 dissolutionem
443 4485 763 4526 revocatum
791 4472 858 4527 iri
885 4476 1243 4532 demonstret.

620 4584 851 4641 CAPUT
888 4585 953 4640 X.

93 4654 348 4750 δπᾷατὶξῑία
384 4691 561 4750 rerum
621 4693 685 4750 ac
723 4680 937 4745 proprie
978 4678 1177 4734 dictum
1227 4684 1569 4750 sacriﬁcium,

125 4742 503 4810 “jusdescriptio
533 4764 565 4798 a
610 4742 832 4799 Jusiiuo’
860 4752 1095 4812 exposita
1131 4742 1519 4807 consideratur.

91 4812 295 4900 “Pituita
313 4836 562 4900 veritatem
586 4835 848 4900 religionis
882 4852 945 4887 ex
973 4854 1089 4888 vero
1109 4843 1347 4891 sacriﬁcio
1368 4845 1576 4893 demon-

130 4890 230 4963 ξξξξξ-
252 4892 305 4963 ll.
318 4894 510 4963 Dbjecta
530 4913 557 4946 a
584 4890 759 4947 Ρωῐῖιο
783 4900 1059 4950 testimonia
1086 4890 1570 4955 defenduntur-Villi.

227 4961 445 5026 nationes
467 4961 516 5026 in
544 4962 793 5026 liturgiam
820 4976 848 5009 a
868 4964 918 5009 S.
960 4963 1172 5022 Martyre
1200 4973 1494 5026 expositam,
1518 4981 1575 5017 ac
1604 5004 1607 5005 ν

128 5015 282 5088 ξ’ξιξυω
303 5019 357 5065 de
379 5019 642 5088 baptismo.
668 5015 745 5070 ἶν’.
760 5015 1116 5088 Decnnveutus
1137 5028 1242 5074 loco
1262 5015 1315 5075 et
1335 5015 1493 5088 prima
1513 5015 1577 5077 li;-

129 5072 257 5149 ffgslat
272 5072 486 5149 partes?
513 5082 591 5129 De
632 5087 843 5149 secunda
873 5087 1087 5149 liturgite
1109 5072 1248 5148 parte
1269 5072 1579 5149 65666st

131 5101 257 5129 υ-ιδιε
273 5101 409 5137 parte.
439 5101 486 5127 ν.
513 5101 591 5129 uc
632 5101 843 5131 secunua
873 5101 992 5133 lllUl‘
1029 5101 1087 5134 ιω
1109 5101 1248 5148 parte
1276 5101 1328 5136 ΘΙ.
1346 5101 1577 5149 prectous

131 5132 201 5206 13th
221 5142 547 5206 continunibus,
573 5150 677 5191 tum
718 5145 937 5206 prolixis.
960 5101 1041 5195 vti.
1070 5149 1145 5196 De
1186 5162 1321 5196 sacra
1360 5164 1577 5198 commu-

129 5198 620 5307 gfgiﬁtrdiacoaor‘um
640 5198 1063 5267 peftunctionibus
1090 5209 1273 5258 Justini
1315 5212 1463 5262 verba
1489 5225 1577 5261 ex-

1607 1782 1647 1836 Β

1607 3139 1649 3195 C

1607 4496 1652 4549 D

139 5355 165 5406 1ο
186 5361 445 5423 Constituto
469 5374 630 5442 panis
652 5382 707 5427 et
725 5374 831 5427 vini
857 5375 908 5429 in
928 5390 1151 5431 carnem
1175 5390 1230 5433 et
1253 5380 1589 5465 sanguineml

96 5444 226 5541 Christi
251 5466 551 5529 mutatione,
589 5469 805 5537 qualem
842 5485 869 5521 a
908 5467 1123 5525 Justino
1160 5474 1454 5530 stabilitam
1490 5478 1571 5530 vi-

98 5548 224 5607 tamus,
244 5549 483 5622 nihiljam
518 5557 725 5609 habent
765 5551 1115 5623 diﬂicultatis,
1150 5574 1272 5628 qua:
1302 5563 1369 5615 ad
1392 5562 1599 5637 sacri-g

139 5674 165 5702 ¹’
193 5676 333 5740 lCor.
363 5707 445 5757 sv,
480 5694 575 5748 50.
653 5695 699 5725 ’°
723 5695 952 5755 Malach.
990 5715 1029 5765 t,
1058 5699 1125 5754 10
1158 5700 1245 5754 Η.

254 5783 506 5850 ιἈτιιοι..
551 5792 673 5852 Gn.
721 5791 805 5852 Vl

1023 320 1084 377 Ι).
1119 320 1379 377 MARANI
1431 319 1821 376 PREFATIO.
1860 349 1928 361 --
1956 318 2136 374 PARS
2172 321 2236 376 ll.

3190 317 3258 371 74

1683 435 1789 488 ﬁcii
1840 436 2105 489 rationem
2158 434 2411 488 attinent.
2473 431 2659 500 Neque
2705 433 2848 488 enim
2889 433 3034 489 aliud
3077 451 3258 492 causa:

1678 526 2005 581 Lutheranis
2048 536 2103 580 et
2139 524 2460 580 Calvinistis
2499 526 2669 588 stetit,
2711 540 2811 578 cur
2864 527 3255 584 eucharistiam

1679 618 2009 672 sacriﬁcium
2039 633 2163 672 esse
2193 626 2475 687 negarent,
2518 617 2619 671 nisi
2660 616 2805 684 quod
2854 617 2941 671 isti
2974 618 3254 673 Christum

1678 711 1903 763 omnino
1943 710 1995 762 in
2038 709 2365 762 eucharistia
2408 724 2511 761 non
2553 709 2780 774 adesse,
2829 708 2881 761 hi
2928 721 3051 763 ante
3097 726 3254 763 ustnu

1680 816 1786 854 non
1841 801 2035 855 adesse
2083 801 2488 870 pertemlerent.
2540 802 2609 853 At
2665 799 2711 853 si
2765 800 2888 867 quis
2954 801 3256 867 passionem

1680 894 1881 946 Christi
1920 894 2000 946 sic
2034 894 2084 947 iu
2118 892 2449 947 eucharistia
2485 893 2861 961 repraesentari
2901 892 3158 957 fateatur,
3199 907 3257 949 ut

1680 987 1796 1053 ipsa
1834 984 1921 1037 illa
1959 984 2200 1047 victima,
2254 1000 2373 1052 quae
2414 1000 2514 1053 pro
2561 984 2719 1037 nobis
2756 984 2885 1037 olim
2924 985 3105 1038 occisa
3147 993 3253 1044 est.

1679 1090 1917 1144 praesens
1947 1077 1997 1129 in
2035 1076 2194 1128 altari
2228 1077 2473 1139 sistatur,
2515 1077 2560 1130 is
2600 1076 2879 1143 ambigere
2916 1091 3023 1130 non
3058 1078 3254 1145 possit,

1678 1168 1807 1238 quin
1837 1167 2090 1222 Christus
2121 1168 2171 1221 in
2198 1169 2299 1222 hoc
2319 1176 2465 1222 statu
2483 1182 2602 1222 sese
2624 1166 2773 1221 Patri
2805 1184 2901 1222 suo
2930 1169 2982 1222 in
3009 1169 3258 1224 manibus

1680 1262 2020 1313 sacerdotum
2048 1258 2239 1312 oll'erat
2278 1277 2291 1311 :
2323 1260 2543 1313 minime
2571 1274 2701 1328 ergo
2729 1260 2925 1312 mirum
2950 1260 2994 1312 si
3021 1260 3077 1313 S.
3112 1276 3259 1314 mar-

1683 1356 1783 1416 tyr,
1836 1347 1925 1415 qui
1978 1362 2081 1399 non
2127 1347 2299 1417 magis
2345 1348 2667 1413 dubitabat,
2710 1364 2778 1402 an
2822 1349 3150 1403 ettcharistia
3186 1350 3258 1405 sit

1678 1452 1809 1491 caro
1841 1448 1896 1491 et
1924 1441 2150 1508 sanguis
2182 1439 2410 1503 Christi,
2440 1456 2600 1510 quam
2633 1451 2811 1494 utrum
2847 1439 3019 1494 Filius
3055 1442 3147 1495 Dei
3175 1442 3258 1496 in-

1680 1542 1936 1584 carnatus
1970 1531 2078 1597 sit,
2120 1531 2451 1587 sacriﬁcium
2490 1532 2926 1589 ChriStianorum
2985 1544 3066 1589 tot
3120 1534 3265 1591 locis
3340 1566 3351 1583 ι

1680 1623 2046 1678 connncndaL

1753 1711 2051 1783 Religionis
2075 1714 2397 1771 Christiana:
2423 1717 2793 1784 praestantiam
2818 1731 3013 1774 contra
3040 1717 3258 1774 Iudaeos

1677 1820 1741 1860 ex
1767 1806 2022 1860 sacrilicii
2059 1810 2227 1861 nostri
2261 1810 2579 1876 praestantia
2613 1812 2972 1865 demonstrat.
2996 1832 3014 1864 ι
3049 1812 3257 1868 Simila:

1674 1911 1911 1965 quoque,
1961 1898 2157 1967 inquit,
2195 1900 2412 1971 Dialogi
2452 1918 2509 1955 n.
2549 1901 2643 1967 H,
2674 1904 2877 1958 oblatio
2914 1920 3013 1973 pro
3038 1906 3127 1971 iis,
3164 1907 3257 1974 qui

1674 2005 1704 2043 a
1754 1990 1898 2059 lepra
1954 1994 2357 2063 purgabantur,
2402 1996 2687 2061 instituta,
2731 1997 2911 2065 imago
2949 2006 3067 2049 erat
3097 1998 3257 2066 panis

1674 2082 2049 2148 eucharistiac,
2073 2101 2234 2153 quem
2262 2085 2522 2140 Dominus
2541 2096 2727 2141 noster
2748 2086 2904 2141 Jesns
2927 2089 3177 2144 Christus
3203 2090 3256 2144 in

1677 2174 1948 2241 passionis
1977 2176 2411 2230 recordationem
2445 2192 2544 2245 pro
2585 2178 2693 2240 his,
2732 2180 2823 2246 qui
2853 2182 2921 2233 ab
2946 2181 3092 2233 omni
3132 2196 3258 2248 pra-

1676 2263 1844 2318 vitate
1880 2277 2205 2334 purgantur,
2239 2279 2511 2339 suscepta:
2548 2270 2663 2323 tieri
2698 2273 2996 2339 prtecepit;
3036 2282 3097 2325 ut
3137 2287 3258 2341 gra-

1680 2355 1784 2411 tias
1838 2357 1995 2411 simul
2051 2372 2276 2427 agamus
2330 2360 2474 2427 Deo,
2531 2368 2641 2414 tum
2702 2364 2845 2431 quod
2894 2364 3159 2417 mundum
3200 2374 3257 2416 et

1677 2450 1856 2502 Omnia
1887 2464 2005 2517 quae
2028 2450 2081 2503 in
2108 2466 2173 2504 eo
2208 2464 2356 2515 sunt,
2396 2463 2616 2522 propter
2652 2455 2927 2507 hominem
2963 2456 3254 2518 creaverit,

1682 2551 1792 2593 tum
1828 2544 1972 2609 quod
2002 2557 2099 2596 nos
2135 2558 2162 2596 a
2198 2545 2466 2612 nequitia,
2510 2546 2561 2597 in
2593 2560 2696 2613 qua
2730 2547 2948 2609 luimus,
2995 2547 3258 2601 liberave-

1682 2633 1773 2697 rit,
1792 2643 1847 2687 et
1864 2634 2202 2702 principatus
2225 2644 2279 2690 et
2298 2648 2596 2704 potestates
2620 2638 2862 2693 funditus
2880 2639 3139 2693 deleverit
3162 2655 3259 2707 per

1680 2739 1845 2787 eum,
1888 2727 1978 2794 qui
2024 2727 2141 2795 ejus
2172 2728 2452 2784 voluntate
2484 2731 2758 2799 passibilis
2804 2732 2984 2786 factus
3027 2741 3135 2788 est.
3183 2730 3260 2784 De

1682 2818 1971 2879 sacriﬁciis
2013 2832 2226 2884 autem,
2268 2836 2389 2889 quae
2425 2831 2553 2875 tunc
2597 2838 2625 2874 a
2672 2822 2828 2877 vobis
2864 2821 3257 2886 oﬁerebanter,

1683 2910 1761 2963 sic
1789 2909 1949 2974 Deus,
1977 2920 2033 2963 ut
2055 2910 2167 2978 jam
2201 2912 2335 2977 dixi,
2369 2928 2465 2981 per
2488 2911 2808 2967 Malachiam
2840 2930 3005 2968 unum
3031 2930 3095 2968 ex
3125 2916 3260 2967 duo-

1685 3002 1863 3055 decim
1908 3002 2176 3070 loquitur;
2240 3001 2364 3056 Non
2406 3013 2482 3057 est
2532 3004 2771 3059 voluntas
2819 3022 2935 3059 mea
2976 3007 3031 3059 in
3068 3008 3211 3061 vobis
3238 3047 3256 3073 ,

1686 3096 1811 3151 dicit
1839 3095 2117 3159 Dominus,
2137 3106 2181 3149 et
2211 3096 2476 3163 sacri/icio
2502 3113 2606 3149 non
2630 3099 2913 3165 suscipiam
2935 3100 2999 3152 de
3019 3101 3258 3155 manibus

1680 3188 1886 3248 vestris,
1907 3197 2182 3254 propterea
2198 3189 2332 3255 quod
2350 3187 2413 3239 ub
2434 3199 2550 3240 ortu
2565 3188 2692 3242 solis
2714 3192 2782 3241 ad
2805 3206 3049 3243 occasum
3071 3208 3259 3247 nomen

1682 3295 1851 3332 meum
1887 3278 2241 3347 glorificatum
2278 3288 2353 3333 est
2382 3282 2436 3332 in
2473 3282 2749 3348 gentibus;
2780 3295 2829 3335 et
2873 3284 2926 3334 in
2968 3286 3109 3336 omni
3140 3283 3259 3337 loco

1680 3371 1903 3439 oﬂ'ertur
1933 3373 2198 3423 incensum
2247 3372 2445 3423 nomini
2481 3387 2595 3423 meo
2617 3382 2665 3425 et
2694 3373 2905 3425 victima
2934 3389 3090 3439 pura,
3127 3389 3258 3443 quo-

1680 3465 1824 3514 niam
1868 3477 2115 3530 magnum
2153 3472 2228 3514 est
2276 3476 2462 3513 nomen
2492 3477 2667 3515 meum
2714 3464 2768 3515 in
2805 3466 3077 3532 gentibus,
3128 3465 3257 3535 dicit

1680 3554 1936 3609 Dominus
1965 3555 2034 3611 ’°.
2083 3554 2158 3609 De
2188 3553 2255 3607 iis
2280 3564 2485 3618 autem,
2528 3568 2649 3622 qua:
2678 3555 2777 3622 ipsi
2814 3558 2864 3608 in
2901 3556 3047 3609 omni
3082 3556 3202 3610 loco
3225 3574 3254 3608 a

1681 3646 1840 3699 nobis
1869 3644 2199 3708 oﬁ‘eruntur,
2224 3645 2533 3709 sacriﬁciis,
2582 3644 2637 3699 id
2679 3656 2763 3699 est
2792 3646 2858 3700 de
2880 3662 3022 3716 pane
3051 3650 3256 3702 eucha—

1681 3736 1850 3789 ristite
1898 3746 1953 3790 et
1988 3735 2055 3790 de
2089 3736 2259 3790 calice
2307 3736 2559 3792 similiter
2600 3738 2945 3791 eucharistia:
2983 3738 3096 3804 jam
3139 3749 3254 3794 tum

1680 3825 1945 3892 praedicit,
1999 3825 2129 3879 illud
2159 3827 2323 3881 etiam
2357 3828 2564 3881 addens
2600 3844 2798 3883 nomen
2827 3843 2985 3883 suum
3025 3847 3056 3886 a
3094 3832 3256 3888 nobis

1681 3917 1997 3986 gloriﬁcari,
2039 3934 2068 3972 a
2105 3920 2260 3974 vobis
2290 3932 2472 3974 autem
2505 3921 2805 3991 prol'auari.
2838 3941 2857 3975 ι

1748 4007 1807 4061 In
1830 4008 1933 4063 hoc
1967 4010 2281 4064 testimonio
2319 4011 2448 4065 illud
2489 4016 2541 4067 1⁸
2583 4015 2984 4071 observandum
3035 4027 3120 4072 est
3155 4014 3255 4070 Ju-

1680 4099 1865 4155 daicas
1898 4101 2204 4157 oblationes
2247 4104 2499 4158 umbram
2534 4113 2588 4159 et
2622 4106 2915 4173 imaginem
2968 4109 3135 4163 fuisse
3159 4123 3253 4162 sa-

1680 4193 1872 4248 criﬁcii
1902 4195 2369 4261 Christianorum;
2405 4197 2508 4251 hoc
2539 4199 2871 4252 sacriﬁcium
2904 4215 3098 4268 purum
3130 4213 3252 4254 esse

1681 4295 1735 4338 et
1783 4285 1892 4339 Deo
1929 4297 2251 4357 acceptum,
2283 4297 2338 4342 et
2364 4303 2394 4341 a
2441 4289 2552 4343 Deo
2590 4304 2692 4359 per
2730 4292 3048 4359 prophetam
3085 4291 3255 4344 Mala-

1680 4377 1858 4431 cbiam
1890 4380 2337 4445 praenuntiatum.
2379 4380 2513 4445 Quis
2539 4395 2666 4447 ergo
2694 4396 2881 4435 verum
2916 4382 3045 4435 illud
3076 4384 3250 4436 sacri—

1682 4466 1863 4521 licium
1890 4483 2013 4523 esse
2054 4470 2284 4533 dubitet,
2331 4472 2476 4539 quod
2514 4480 2569 4525 et
2595 4472 2781 4540 ﬁguris
2817 4471 3025 4525 Veteris
3055 4470 3250 4526 Testa-

1682 4560 1849 4613 menti
1895 4560 2252 4625 adumbrari,
2295 4570 2349 4615 et
2388 4564 2780 4630 prophetarum
2819 4559 3058 4618 oraculis
3106 4564 3253 4619 clare

1678 4660 1734 4705 et
1768 4661 1956 4718 aperte
1992 4654 2341 4722 przenuntiari
2379 4668 2601 4709 necesse
2637 4654 2773 4708 fuit?

1749 4742 1805 4795 2⁸
1828 4742 2117 4812 Conceptis
2150 4745 2332 4800 verbis
2351 4748 2678 4801 sacrilicium
2704 4747 3135 4802 Christianorum
3162 4765 3253 4819 ap-

1679 4831 1840 4899 pellat
1891 4848 2086 4902 panem
2131 4835 2485 4891 eucharistize
2525 4847 2580 4891 et
2617 4839 2841 4892 calicem
2882 4839 3248 4898 eucharistize.

1676 4921 1754 4975 De
1778 4923 1842 4975 iis
1862 4935 2059 4990 autem,
2083 4942 2200 4993 qua:
2225 4928 2327 4997 ipsi
2358 4929 2412 4981 in
2439 4943 2580 4981 omni
2618 4928 2734 4981 loco
2763 4947 2795 4981 a
2830 4930 2978 4983 nobis
3010 4931 3250 4999 offerun-

1678 5023 1767 5066 tur
1784 5017 2083 5084 sacriﬁciis,
2111 5021 2165 5071 id
2195 5028 2273 5072 est
2305 5022 2371 5073 de
2400 5037 2534 5089 pane
2569 5021 2904 5075 eucharistia:
2928 5034 2977 5077 et
3001 5025 3066 5076 de
3088 5026 3252 5078 calice

1678 5107 1924 5163 similiter
1970 5110 2346 5175 eucharistiw,
2386 5122 2494 5168 etc.
2546 5112 2683 5179 Quid
2724 5116 2796 5169 sit
2836 5117 2991 5183 panis
3025 5126 3081 5169 et
3110 5117 3250 5170 calix

1683 5200 2027 5255 eucharistiw
2044 5218 2206 5271 supra
2226 5204 2477 5270 vidimus,
2506 5204 2593 5257 ubi
2615 5203 2861 5259 Justinus
2881 5208 3039 5261 docet
3058 5206 3222 5259 alitno
3247 5232 3253 5238 κ

1681 5293 1826 5345 niam
1875 5292 2385 5364 sbxaptemﬁsicav,
2418 5297 2682 5350 iacarnati
2710 5298 2851 5351 illius
2873 5298 3002 5351 .lesu
3039 5312 3248 5350 carnem

1678 5389 1724 5432 et
1763 5384 2071 5449 sanguinem
2094 5400 2224 5441 esse.
2263 5386 2357 5439 Est
2392 5402 2522 5455 ergo
2548 5387 2878 5442 sacriﬁcium
2908 5388 3250 5441 Christiano-

1677 5487 1797 5526 rum
1825 5473 2249 5535 incarnatiJesu
2280 5492 2409 5534 caro
2439 5489 2493 5533 et
2520 5481 2765 5552 sanguis,
2808 5495 2931 5550 qua:
2975 5478 3083 5533 Deo
3111 5476 3246 5533 olfe-

1675 5574 1887 5621 runtur.
