3792 6492
421 334 488 389 75

1331 324 1388 378 S.
1424 322 1758 378 JUSTlNl'S
1792 315 2271 375 PHILOSOPHUS
2306 312 2391 367 ET
2424 309 2734 365 MAllTYR.

3621 299 3695 354 75

485 454 543 507 5·
575 451 769 502 Panem
809 446 1035 501 encltari.
1055 447 1144 499 tia:
1178 445 1433 497 Dominus
1459 452 1631 497 noster
1662 444 1815 497 Jesus
1840 442 1991 495 Cltri«
2018 448 2065 502 Λ
2100 436 2442 505 possessione
2472 430 2760 491 excidisse.
2794 424 2919 493 ίιυίει
2947 434 3135 478 eorum
3163 419 3431 476 summa
3469 428 3695 487 τειθω

416 556 524 595 stus
568 543 623 593 in
666 541 923 606 passionis
971 552 1082 589 arma
1119 535 1532 587 recordationem
1572 532 1687 600 ﬁeri
1725 532 1987 599 praecepit.

420 632 557 684 llinc
587 631 775 690 etiam,
814 646 867 681 ιι.
898 627 1019 691 H7,
1056 625 1301 678 declarat
1331 623 1391 676 S.
1416 632 1625 691 martyr
1652 620 1991 675 Christianos

418 721 473 774 in
507 721 607 772 hoc
646 717 917 771 sacriﬁcio
939 713 1198 783 passionis
1236 710 1415 771 illius,
1458 724 1613 777 quam
1657 715 1867 775 propter
1904 721 1989 757 eos

416 827 606 882 passus
631 818 703 862 est
737 807 831 860 Dei
864 805 1059 867 Filius,
1094 804 1382 857 recordari.
1423 804 1491 857 At
1516 800 1788 871 quomodo
1813 798 1991 867 passio

423 901 634 957 Domini
667 900 719 952 in
754 899 854 951 hoc
890 894 1161 950 sacriﬁcio
1192 893 1646 963 repratsentatur?
1675 890 1781 944 Res
1808 899 1891 943 est
1925 891 1993 943 ad

420 992 739 1046 discendum
788 986 1069 1056 perfacilis
1118 999 1185 1039 ex
1243 982 1482 1039 Justino.
1551 984 1686 1037 Nam
1740 982 1791 1034 in
1834 979 1990 1042 loco,

420 1097 580 1151 quem
631 1096 793 1151 supra
846 1078 1284 1148 deprompsimus
1324 1091 1391 1131 ex
1440 1075 1644 1144 majore
1693 1072 1990 1143 Apologia,

420 1184 704 1246 postquam
734 1173 876 1225 dixit
911 1170 1226 1225 alimoniam
1252 1177 1627 1224 consecratam
1659 1182 1780 1221 esse
1810 1167 1991 1219 incar—

423 1268 536 1321 nati
582 1264 710 1319 Jesu
765 1278 983 1318 carnem
1031 1272 1087 1315 et
1130 1261 1489 1329 sanguinem,
1530 1258 1679 1313 addit
1720 1255 1993 1327 apostolos

422 1356 715 1411 tradidisse
743 1394 759 1418 ,
808 1353 888 1406 sic
943 1352 1045 1406 sibi
1086 1366 1116 1404 a
1156 1352 1380 1405 Christo
1416 1354 1751 1414 mandatum,
1788 1358 1845 1401 ut
1891 1348 1992 1401 hoc

424 1451 673 1505 facerent
703 1449 755 1501 in
789 1445 906 1512 ejus
929 1443 1525 1499 commemorationem.
1562 1442 1829 1495 Credebat
1866 1455 1993 1510 ergo

423 1543 483 1594 S.
518 1550 723 1608 martyr
752 1537 1058 1606 passionem
1095 1534 1312 1590 Domini
1346 1535 1398 1586 in
1430 1532 1757 1586 eucltaristia
1799 1547 1995 1601 reprae-

423 1632 651 1694 sentari,
698 1644 821 1684 cum
852 1629 1022 1697 ipsius
1052 1640 1184 1680 caro
1228 1635 1284 1679 et
1313 1625 1562 1693 sanguis,
1598 1638 1693 1693 per
1720 1622 1883 1675 verba
1928 1625 1994 1673 at.

426 1723 544 1789 ipso
577 1719 962 1789 pronuntiata,
993 1717 1047 1771 in
1080 1714 1239 1769 altari
1292 1712 1579 1777 sistuntur,
1625 1722 1680 1767 et
1712 1713 1821 1766 Deo
1858 1709 1993 1765 oﬁ‘e—

428 1821 638 1864 τυηιιιν.

498 1900 575 1954 Ex
616 1899 702 1954 his
735 1895 893 1951 facile
917 1893 1184 1950 refellitur
1202 1892 1375 1948 Pfat‘ﬁi
1398 1892 1691 1957 sententia,
1723 1892 1825 1946 viri
1852 1891 1995 1946 inter

430 1994 773 2047 Lutheranos
815 1987 1138 2051 doctissimi,
1182 1987 1274 2041 sed
1308 1987 1399 2055 qui
1441 1984 1642 2040 frustra
1688 1996 1850 2039 sectae
1885 1998 1995 2038 sua

430 2084 797 2154 patrocinium
844 2097 875 2136 a
929 2080 1137 2136 sanctis
1171 2079 1425 2135 Patribus
1460 2082 1598 2149 petit
1662 2079 1715 2132 in
1770 2078 1992 2132 dissert.

432 2180 505 2232 De
550 2177 819 2231 oblatione
848 2185 1075 2229 veterum
1114 2175 1490 2233 eucharistica,
1543 2173 1666 2237 ubi,
1703 2188 1756 2226 [ε.
1781 2171 1872 2234 27,
1916 2171 1997 2225 sic

428 2269 703 2323 Justinttm
753 2268 1172 2336 interpretatur,
1206 2266 1360 2337 quasi
1392 2267 1443 2319 in
1478 2263 1596 2333 ejus
1648 2262 1992 2327 testimoniis,

430 2364 504 2415 vel
532 2362 645 2415 sola
674 2360 927 2413 laicorum
960 2359 1155 2411 oblatio
1180 2360 1438 2427 episcopo,
1464 2374 1565 2411 non
1598 2356 1702 2410 Deo
1734 2355 1897 2424 facta,
1920 2354 1998 2409 vel

431 2454 626 2506 oblatio
667 2451 1001 2506 sacerdotum
1051 2456 1495 2504 consecrationem
1539 2448 1861 2517 prteveniens
1911 2448 1997 2499 in-

433 2560 649 2601 tutatur.

507 2640 613 2694 Sed
648 2640 761 2693 lucc
788 2636 1166 2707 interpretatio
1190 2634 1503 2705 longissime
1528 2633 1735 2687 abludit
1765 2648 1792 2685 a
1824 2640 2002 2686 mente

435 2730 657 2786 Justini.
707 2728 841 2783 Nam
878 2743 1057 2798 neque
1097 2726 1304 2782 oblatio
1342 2725 1603 2781 laicorum
1643 2725 1784 2779 facta
1821 2739 2003 2779 sacer-

434 2823 573 2889 doti,
607 2836 786 2891 neque
819 2820 1174 2875 sacerdotalis
1203 2828 1329 2873 ante
1364 2817 1830 2873 consecrationem
1854 2815 2005 2869 obla-

430 2916 533 2977 tio,
566 2914 782 2967 victima
820 2924 874 2967 et
917 2912 1248 2966 sacrificium
1279 2910 1716 2965 Christianorum
1749 2910 2005 2962 dicuntur

426 3005 577 3074 apud
616 3001 886 3058 Justimun
914 3042 930 3065 ,
987 3017 1085 3056 nee
1123 3003 1427 3071 passionem
1466 3001 1667 3056 Christi
1710 3014 2006 3068 repraasen-

2024 1787 2067 1840 Β

2094 540 2254 592 sunt,
2306 525 2650 580 Christianos
2696 528 2904 581 autem,
2934 529 3167 585 quorum
3217 513 3560 567 sacrificium
3624 512 3699 563 ab

2095 622 2211 690 ipso
2260 621 2370 673 Deo
2407 613 2845 673 commendatur,
2899 622 3068 679 genus
3122 619 3244 662 esse
3302 605 3696 661 sacerdotale.

2092 711 2358 775 Judaei,ut
2381 709 2479 760 hoc
2512 709 2887 774 argumentum
2920 698 3221 764 eluderent,
3238 696 3316 751 sic
3338 696 3697 773 ‘Malachiam

2093 803 2447 874 interpretari
2474 802 2740 865 solebant,
2757 806 2895 851 teste
2923 797 3121 851 ibidem
3140 792 3371 858 Justino,
3398 803 3460 847 ut
3482 808 3699 849 eorum

2096 898 2185 966 qui
2218 892 2573 963 Jerosolymis
2594 889 2934 950 habitabant,
2965 885 3230 941 sacriﬁcia
3265 900 3294 937 a
3328 884 3441 938 Deo
3477 884 3652 952 rejici
3679 901 3699 949 ;

2093 1002 2280 1040 eorum
2322 992 2530 1047 autem,
2560 980 2653 1050 qui
2693 979 2746 1030 in
2785 977 3036 1047 gentibus
3068 974 3299 1042 dispersi
3332 983 3517 1039 erant,
3558 988 3704 1043 pre-

2094 1095 2186 1136 ces
2220 1080 2327 1133 Deo
2353 1081 2605 1142 acceptas
2633 1083 2758 1123 esse
2792 1076 2847 1121 et
2876 1066 3080 1120 idcirco
3110 1063 3379 1118 sacriﬁcia
3406 1061 3703 1131 appellari

2096 1176 2359 1230 dicerent.
2393 1168 2505 1225 Soli
2531 1180 2662 1236 ergo
2684 1160 2855 1216 Judaei
2887 1172 3075 1228 preces
3093 1166 3148 1211 et
3174 1157 3479 1226 gratiarum
3511 1156 3705 1207 actio-

2095 1284 2193 1322 nes
2220 1264 2383 1319 etiam
2413 1262 2534 1315 sine
2561 1256 2836 1312 sacriﬁcio
2883 1251 3161 1307 exteriore
3213 1249 3279 1302 ad
3322 1262 3511 1303 veram
3551 1245 3704 1300 reli—

2096 1359 2641 1429 gionemverumque
2671 1345 2999 1401 sacriﬁcium
3032 1341 3279 1397 sniIicere
3311 1337 3701 1393 contendunt.

2094 1454 2167 1504 At
2194 1464 2316 1503 cum
2343 1448 2426 1501 eis
2454 1452 2658 1512 pugnat
2709 1437 2911 1494 Justini
2960 1434 3258 1499 sententia,
3291 1433 3380 1501 qui
3413 1432 3522 1485 hoc
3569 1430 3705 1498 ipso

2098 1546 2151 1598 in
2189 1544 2310 1597 loco
2349 1536 2537 1608 objicit
2573 1535 2653 1591 eis
2689 1531 2933 1586 exterius
2968 1527 3299 1582 sacrificium
3330 1526 3705 1579 Christiano-

2102 1651 2245 1698 rum,
2278 1633 2332 1686 in
2368 1644 2476 1698 quo
2504 1624 2775 1696 passionis
2814 1622 3108 1677 Dominicat
3149 1620 3247 1673 sub
3286 1617 3441 1687 panis
3472 1628 3530 1671 et
3576 1616 3705 1669 viui

2098 1725 2385 1796 speciebus
2413 1719 2673 1777 memoria
2720 1713 3000 1769 recolitur.
3028 1712 3087 1764 9.0
3116 1712 3246 1765 Cum
3294 1710 3373 1763 eis
3421 1708 3709 1762 concedit

2098 1830 2287 1885 preces
2314 1825 2367 1868 et
2404 1812 2705 1884 gratiarum
2753 1804 2999 1858 actiones
3031 1802 3145 1855 sola
3178 1814 3300 1853 esse
3330 1797 3592 1867 perfecta
3645 1806 3707 1848 et

2097 1909 2209 1963 Deo
2260 1913 2481 1973 accepta
2531 1899 2825 1960 sacriﬁcia,
2860 1910 2964 1949 non
3012 1910 3073 1947 ea
3125 1903 3304 1946 mente
3338 1892 3389 1943 id
3433 1890 3606 1953 facit,
3645 1898 3710 1940 ut

2096 1998 2344 2053 excludat
2367 1993 2656 2049 exterioris
2689 1990 2764 2043 rei
2801 1987 3133 2042 oblationem
3155 2023 3169 2047 ,
3202 1983 3296 2037 sed
3328 1982 3454 2051 quia
3488 1995 3709 2049 preces

2097 2101 2151 2146 et
2173 2089 2469 2160 gratiarum
2498 2086 2741 2137 actiones
2767 2095 2888 2136 cum
2914 2080 3011 2133 hac
3038 2078 3314 2132 oblatione
3339 2074 3711 2143 coniungen-

2099 2188 2195 2237 das
2224 2194 2342 2237 esse
2372 2187 2620 2242 noverat,
2650 2175 2890 2242 alioquin
2933 2171 3237 2243 perfectum
3283 2184 3386 2223 non
3423 2166 3553 2221 fore
3610 2181 3710 2219 sa-

2100 2275 2387 2335 criﬁcium,
2423 2287 2521 2325 nec
2555 2270 2720 2324 ullutn
2762 2269 2869 2322 Deo
2898 2267 3161 2319 honorem
3193 2278 3219 2314 a
3250 2260 3405 2315 nobis
3438 2272 3707 2328 perven-

2101 2378 2304 2423 turum.
2328 2365 2504 2420 Simili
2528 2361 2941 2417 ratiocinatione
2963 2357 3213 2412 Clemens
3237 2354 3419 2413 Alex.,
3446 2349 3708 2412 Strom.,

2102 2475 2175 2525 iv,
2222 2473 2346 2527 pag.
2388 2456 2527 2519 481,
2573 2452 2827 2509 concedit
2864 2447 3158 2510 hazreticis,
3206 2444 3296 2514 qui
3350 2442 3707 2511 martyrium

2102 2548 2518 2618 vituperabant.
2568 2557 2755 2598 verum
2819 2538 3143 2610 martyrium
3209 2537 3260 2589 in
3337 2532 3430 2588 Dei
3481 2534 3710 2602 cogni-

2106 2641 2251 2694 tione
2282 2639 2513 2708 positum
2538 2633 2862 2695 essethve;
2887 2631 2943 2684 δὲ
2966 2628 3073 2682 τῶν
3102 2626 3409 2700 αἱρετικῶν,
3441 2624 3540 2678 τοῦ
3578 2628 3714 2679 Κυ-

2108 2734 2221 2805 ρίου
2252 2728 2681 2801 παρακηκοότες,
2713 2722 2924 2786 ἀσεϐῶς
2958 2722 3071 2792 ἅμα
3101 2720 3194 2773 καὶ
3222 2718 3409 2781 δειλῶς
3448 2716 3715 2785 φιλοζωι

2104 2824 2243 2887 οὖσι,
2276 2821 2575 2894 μαρτυρίαν
2598 2818 2844 2885 λέγοντες
2870 2813 3041 2884 ἁληθῆ
3074 2809 3213 2866 εἶναι
3243 2812 3340 2883 τὴν
3382 2809 3478 2864 τοῦ
3510 2810 3713 2872 ὄντως

2106 2918 2257 2979 ὄντος
2305 2915 2505 2983 γνῶσιν
2559 2909 2713 2963 Θεοῦ.
2764 2910 2970 2980 Ὠσπερ
3028 2907 3122 2959 καὶ
3169 2906 3328 2975 ἡμεῖς
3378 2902 3709 2972 ὁμολογοῦ-

2113 3028 2229 3081 μεν.
2268 3028 2286 3059 ι
2323 3008 2549 3074 Quidam
2578 3004 2845 3067 haeretici,
2872 3017 2990 3055 cum
3023 3000 3161 3054 male
3194 2999 3482 3053 Dominum
3520 2997 3714 3051 irttci-

438 3105 592 3161 tant;
625 3094 718 3149 sed
752 3096 908 3165 panis
937 3094 1288 3149 eucltaristia:
1310 3102 1365 3148 et
1387 3092 1530 3148 calix
1556 3092 1923 3153 eucharistiaa,
1954 3089 2003 3143 id
2031 3118 2078 3179 ο
2110 3100 2361 3164 texerint,
2392 3097 2557 3167 impie
2602 3092 2761 3149 simul
2808 3102 2862 3146 ει
2902 3094 3098 3162 ignave
3137 3090 3303 3142 vitam
3347 3096 3565 3149 ωηίιηι,
3603 3103 3715 3141 γε-

435 3196 542 3254 est,
583 3196 641 3240 ut
678 3187 794 3257 ipse
819 3184 1065 3241 Justinus
1099 3186 1518 3255 interpretatur,
1549 3198 1677 3239 caro
1700 3191 1757 3237 et
1784 3181 2005 3251 sanguis

437 3276 563 3332 Jesu
610 3278 918 3343 incarnati,
951 3286 1078 3332 sunt
1114 3278 1331 3334 victima
1385 3289 1440 3333 et
1486 3277 1813 3332 sacrilicium
1846 3273 2004 3330 Chri-

438 3369 741 3423 stianorum
777 3378 834 3422 et
884 3383 950 3422 ex
1007 3368 1209 3421 Christi
1263 3375 1533 3436 praecepto
1581 3368 1647 3421 ad
1687 3365 2005 3422 memoriam

440 3462 587 3515 illius
615 3460 882 3530 passionis
920 3461 1306 3514 celebrandam
1344 3458 1500 3512 ﬁunt.

509 3551 623 3606 Non
660 3552 854 3607 melius
884 3552 932 3606 ei
978 3551 1224 3606 succedit
1269 3551 1320 3604 in
1369 3550 1476 3603 alio
1514 3548 1725 3620 Dialogi
1762 3549 2009 3605 testimo-

442 3645 564 3705 nio,
597 3660 654 3698 n.
679 3644 804 3707 117,
844 3645 931 3698 ubi
969 3642 1216 3697 Justinus
1238 3642 1319 3696 sic
1344 3641 1617 3710 loquitur:
1655 3660 1672 3692 ι
1710 3641 1829 3709 Ipse
1857 3642 2009 3710 equi-

440 3736 560 3788 dem
592 3749 787 3804 preces
817 3743 873 3789 et
904 3735 1205 3804 gratiarum
1235 3732 1511 3795 actiones,
1542 3748 1662 3802 qua:
1688 3732 1866 3803 dignis
1889 3747 2011 3803 per-

441 3836 694 3895 aguntur,
750 3826 861 3881 sola
909 3841 1029 3880 esse
1063 3825 1301 3895 perfecta
1333 3834 1388 3878 et
1433 3825 1543 3877 Deo
1583 3833 1804 3893 accepta
1840 3823 2012 3877 sacri-

443 3916 563 3969 ttcia
591 3916 849 3971 concedo.
882 3920 1063 3983 Atque
1091 3916 1206 3970 haec
1235 3914 1346 3969 sola
1389 3914 1573 3969 facere
1594 3913 1889 3968 Christiani
1922 3911 2009 3967 di-

440 4006 716 4068 dicerunt,
742 4019 877 4071 ,cum
925 4020 1024 4073 per
1063 4004 1373 4057 alimoniam
1426 4019 1580 4058 suam
1612 4006 1812 4058 siccam
1847 4001 2010 4056 simul

442 4106 499 4150 et
533 4097 791 4165 liquidam
825 4097 1108 4167 passionis
1148 4096 1313 4161 illius,
1348 4111 1509 4165 quam
1543 4105 1761 4165 propter
1800 4108 1895 4148 eos
1923 4093 2013 4147 Fi-

446 4188 549 4243 lius
577 4187 673 4242 Dei
704 4203 899 4259 passus
936 4196 1046 4253 est,
1082 4187 1514 4243 recordationem
1540 4186 1841 4242 celebrant.
1878 4204 1898 4238 ι
1935 4184 2012 4238 Ex

441 4279 529 4333 his
568 4280 674 4335 duo
700 4279 977 4335 concludit
1024 4279 1108 4333 vir
1149 4279 1397 4333 eruditus
1452 4278 1508 4332 1°
1552 4276 1881 4330 Oblationem
1918 4292 2009 4329 eu-

443 4374 778 4427 charisticon:
825 4389 928 4427 non
972 4389 1081 4426 esse
1118 4374 1387 4442 propriam
1413 4381 1506 4425 aut
1539 4370 1853 4440 perfectam,
1896 4386 2012 4423 cum

2114 3207 2228 3243 rum
2269 3204 2392 3246 esse
2424 3185 2796 3241 testimonium
2830 3184 3080 3238 dicentes
3109 3180 3476 3251 cognitionem
3508 3179 3716 3244 illius,

2110 3284 2201 3353 qui
2231 3296 2358 3336 vere
2380 3293 2462 3336 εει
2480 3282 2620 3335 Deus
2640 3298 2654 3334 :
2673 3278 2814 3350 quod
2830 3278 3046 3347 quidem
3072 3284 3124 3328 et
3150 3290 3248 3329 nos
3269 3271 3646 3326 conﬁtemur.
3688 3292 3711 3325 ι

2176 3373 2235 3427 5°
2278 3373 2477 3427 Panem
2516 3371 2963 3436 cucharisticum,
2997 3377 3055 3422 ut
3084 3366 3197 3435 jam
3228 3366 3361 3431 dixi,
3386 3365 3717 3434 conceptis

2111 3466 2293 3519 verbis
2326 3464 2565 3532 appellat
2594 3463 2947 3527 sacriﬁcium,
2984 3476 3039 3513 ιι.
3080 3459 3172 3523 41,
3204 3471 3437 3526 eumque
3485 3456 3719 3509 distin-

2109 3555 2226 3621 guit
2267 3569 2295 3607 a
2334 3554 2609 3623 precibus,
2658 3568 2752 3623 per
2804 3566 2941 3621 quas
2987 3556 3379 3612 consecratur,
3424 3546 3598 3615 Apol.
3653 3551 3717 3614 1,

2112 3661 2167 3700 n.
2196 3644 2284 3698 66.

2180 3736 2241 3789 4ο
2278 3734 2476 3791 Preces
2520 3736 2644 3797 illic,
2686 3750 2821 3804 quas
2878 3734 3171 3789 Christiani
3238 3734 3290 3787 in
3351 3731 3718 3786 celebranda

2114 3827 2390 3897 passionis
2443 3828 2737 3881 Doarinieze
2787 3826 3050 3879 tnemoria
3105 3826 3293 3880 facere
3341 3825 3720 3889 didicerunt,

2116 3919 2249 3973 nihil
2279 3919 2427 3975 aliud
2457 3929 2583 3975 sunt
2616 3936 2777 3991 quam
2805 3920 3012 3973 oblatio
3040 3918 3289 3987 corporis
3317 3928 3370 3972 et
3394 3918 3726 3984 sanguinis

2115 4011 2331 4065 Domini
2364 4028 2460 4079 pro
2495 3992 2635 4065 vivis
2664 4020 2719 4066 et
2751 4014 3003 4074 mortuis,
3030 4020 3087 4065 ut
3122 4010 3311 4079 videre
3342 4018 3425 4062 est
3457 4008 3513 4061 in
3550 4012 3725 4063 anti-

2114 4101 2375 4169 quissima
2412 4101 2624 4170 liturgia
2660 4100 2752 4155 lib.
2789 4116 2880 4153 vm
2930 4099 3215 4171 Constitut.
3248 4098 3724 4167 apostolicarum,

2115 4195 2273 4261 eique
2301 4193 2572 4246 simillima
2605 4206 2766 4260 quam
2800 4192 2851 4245 in
2881 4191 3035 4260 Apol.
3070 4193 3093 4245 1
3127 4191 3383 4245 describit
3406 4186 3723 4243 Justinus.

2117 4283 2210 4337 Sic
2236 4284 2379 4337 enim
2426 4283 2628 4337 habent
2654 4296 2865 4352 preces,
2900 4300 3021 4352 quae
3052 4293 3173 4353 post
3213 4282 3725 4338 consecrationem

2117 4373 2412 4427 funduntur
2452 4389 2467 4427 :
2508 4372 2893 4445 Προσφέρομέν
2938 4392 3041 4440 σοι,
3094 4373 3392 4442 “(ferimus
3444 4373 3550 4425 tibi
3608 4392 3726 4443 pro

443 4464 573 4517 sola:
616 4480 792 4532 preces
831 4465 928 4517 hoc
966 4482 1153 4519 nomen
1208 4474 1525 4519 mereantur.
1572 4466 1637 4516 2°
1695 4463 1941 4516 Eamdem
1985 4480 2016 4515 a
2050 4456 2094 4511 Ι)
2118 4464 2312 4533 pOpulo
2343 4464 2464 4528 hoc,
2493 4476 2603 4522 etc.
2642 4465 2759 4519 Non
2793 4466 2911 4519 alia:
2941 4466 3183 4535 profecto
3218 4475 3341 4517 sttnt
3370 4478 3732 4523 memorata:

446 4552 671 4607 Domino
691 4564 739 4607 et
754 4557 1002 4619 apostolis
1019 4572 1120 4608 non
1139 4556 1441 4607 mandatam
1459 4566 1551 4608 aut
1568 4554 1860 4624 injunctam
1880 4569 2011 4608 esse.

516 4643 676 4698 Ludit
712 4659 926 4714 semper
960 4646 1011 4697 in
1051 4645 1299 4713 ambiguo
1330 4645 1569 4711 Pfaﬁius,
1597 4656 1652 4698 et
1683 4645 2011 4699 oblationem

446 4733 864 4789 cucharisticam
915 4735 1167 4804 intelligit
1209 4751 1352 4801 eam,
1386 4750 1505 4804 qua:
1552 4744 1646 4788 aut
1678 4751 1706 4788 a
1746 4736 1901 4789 Iaicis
1929 4749 2015 4788 sa.

447 4826 674 4887 cerdoti,
702 4835 797 4878 aut
822 4824 890 4877 ab
922 4826 1041 4894 ipso
1075 4836 1198 4879 ante
1226 4825 1703 4879 consecrationem
1744 4826 1801 4878 ﬁt
1829 4840 2013 4879 sacer-

447 4915 592 4969 dote.
625 4915 732 4968 Sed
773 4916 1030 4969 alimonia
1063 4918 1207 4970 sicca
1253 4926 1310 4970 et
1342 4916 1568 4983 liquida,
1602 4929 1697 4983 per
1736 4930 1897 4984 quam
1930 4931 2016 4969 re-

449 5006 701 5059 cordatio
745 5007 1015 5074 passionis
1063 5007 1277 5061 Domini
1320 5006 1652 5071 celebratur,
1685 5007 1820 5060 nihil
1869 5006 2012 5059 aliud

448 5113 574 5153 esse
606 5107 803 5167 potest.
844 5108 901 5153 ut
930 5101 1064 5154 satis
1100 5100 1529 5155 demonstratum
1555 5111 1662 5165 est,
1690 5116 1851 5170 quam
1886 5116 2017 5156 caro

448 5196 505 5241 et
533 5186 754 5257 sanguis
780 5185 905 5242 Jesn
950 5190 1237 5243 incarnati.
1272 5189 1375 5243 Sed
1423 5198 1600 5244 tamen
1632 5206 1700 5244 ne
1729 5192 1884 5246 nobis
1914 5194 2016 5246 ob-

454 5280 635 5332 trudat
659 5277 878 5333 Pfallius
903 5280 1050 5335 solas
1085 5296 1275 5350 preces
1299 5281 1552 5337 sacriﬁcii
1579 5298 1771 5339 nomen
1796 5284 2015 5347 mereri,

446 5373 637 5439 paucis
666 5371 984 5441 explicanda
1014 5370 1215 5427 Justini
1246 5376 1538 5429 sententia.

521 5461 581 5515 ll.
628 5461 743 5519 Non
793 5463 1176 5518 animadvertit
1220 5465 1311 5520 Cl.
1358 5465 1578 5522 Pfallius
1620 5469 1755 5538 quid
1803 5466 2017 5523 Justino

448 5555 787 5624 propositum
818 5557 909 5611 sit.
945 5555 999 5608 1⁸
1034 5555 1290 5612 Utebatur
1342 5558 1399 5613 S.
1437 5571 1648 5630 martyr
1691 5571 2017 5631 argumento

450 5645 516 5696 ad
548 5641 869 5700 refellendos
901 5645 1118 5702 Judatos
1161 5648 1397 5704 maxime
1423 5651 1692 5719 apposito,
1726 5664 1781 5706 et
1804 5669 1868 5706 ex
1902 5651 2018 5706 Ma-

451 5732 636 5790 lachiai
685 5736 943 5794 vaticinia
996 5741 1338 5797 monstrabat
1393 5756 1488 5798 eos
1544 5757 1688 5799 vera:
1738 5744 2018 5815 religionis

2116 4572 2145 4609 ει
2173 4555 2388 4610 Justino
2417 4572 2606 4626 preces
2633 4558 2686 4611 in
2708 4559 2961 4611 omnibus
2981 4557 3348 4611 oblationibus
3366 4572 3461 4625 pro
3480 4569 3725 4612 teterria

2118 4648 2226 4701 vita
2266 4650 2844 4719 consequenda.Apol.
2882 4650 2936 4714 1,
2974 4668 3029 4703 n.
3062 4650 3153 4704 66.

2184 4739 2268 4793 Ill.
2316 4728 2543 4794 Gratum
2594 4758 2682 4796 me
2741 4743 3047 4813 legentibus
3092 4741 3362 4799 facturum
3414 4752 3598 4813 puto,
3672 4750 3727 4802 si

2116 4844 2303 4883 eorum
2353 4832 2527 4886 oculis
2575 4848 2845 4901 exponam
2892 4835 3194 4889 venerandi
3247 4836 3731 4893 Christianorum

2117 4922 2371 4975 sacriﬁcii
2398 4924 2848 4993 descriptionem,
2878 4927 3059 4994 qualis
3092 4943 3120 4979 a
3146 4926 3365 4981 Justino
3390 4929 3495 4981 sub
3528 4930 3733 4989 ﬁnem

2117 5013 2316 5081 Apol.l
2346 5018 2661 5070 summatim
2688 5018 2908 5074 texitur.
2935 5016 3151 5072 Initium
3172 5018 3319 5072 ducit
3346 5034 3375 5069 a
3394 5019 3733 5086 baptismo.

2123 5125 2142 5156 ι
2179 5105 2465 5171 Quomodo
2512 5118 2692 5162 autem
2731 5125 2828 5164 nos
2876 5108 2986 5164 Deo
3018 5112 3567 5176 consecraverimus,
3631 5117 3738 5170 in-

2118 5198 2258 5266 quit,
2301 5197 2457 5261 Apol.
2503 5198 2557 5261 1,
2596 5216 2651 5251 ιι.
2706 5199 2791 5261 6i,
2844 5215 2939 5268 per
2982 5199 3261 5253 Christum
3318 5202 3613 5268 renovati,
3668 5206 3736 5259 id

2120 5304 2340 5358 quoque
2367 5304 2728 5359 exponemus,
2764 5306 2829 5345 ne
2862 5290 2990 5359 quid
3037 5291 3304 5361 improbe,
3337 5290 3380 5345 si
3416 5289 3523 5345 hoc
3554 5306 3737 5362 prae-

2123 5382 2509 5448 termittamus,
2543 5383 2595 5437 in
2628 5383 2960 5438 enarrandis
2988 5384 3151 5439 rebus
3193 5398 3355 5450 agere
3380 5383 3736 5447 videamur.

2123 5471 2451 5542 Quicunque
2519 5488 2842 5543 persuasum
2901 5475 3195 5530 habuerint
3248 5486 3303 5529 et
3354 5476 3734 5533 crediderint

2122 5578 2253 5617 vera
2285 5578 2430 5631 esse,
2464 5579 2584 5633 qnze
2617 5580 2646 5619 a
2672 5563 2829 5619 nobis
2855 5565 3119 5619 docentur
3150 5577 3203 5620 et
3230 5568 3742 5638 dicuutttr,seque

2120 5655 2196 5708 ita
2239 5653 2422 5708 vivere
2466 5670 2628 5724 posse
2680 5655 3063 5725 promiserint,
3106 5658 3141 5711 ii
3191 5655 3405 5728 precari
3450 5666 3509 5711 et
3548 5654 3739 5729 jeju-

2122 5734 2316 5800 nanics
2360 5746 2602 5816 priorum
2654 5755 3017 5817 peccatorum
3046 5749 3260 5804 veniam
3294 5765 3323 5801 a
3356 5748 3467 5803 Deo
3504 5759 3732 5818 petere
