3792 6474
128 353 183 406 77
1059 356 1120 413 D.
1162 357 1430 411 MARANI
1465 353 1860 413 PREFATlO.
1891 386 1962 398 —-
1997 357 2177 412 PARS
2211 358 2276 416 ll.
3267 363 3335 422 73

124 467 387 534 docentur,
418 469 567 526 nobis
613 489 722 527 una
772 475 1126 557 precantibus
1158 489 1212 532 et
1265 478 1655 548 jejunantibus.
1689 482 1736 538 Α
1765 479 1820 531 in
1867 478 2121 532 eumdem
2171 479 2350 534 locum
2391 480 2452 534 lit
2490 489 2814 544 conventus,
2851 489 2905 535 et
2943 486 3337 540 commentaria

125 559 302 614 Deinde
324 577 388 615 eo
415 565 682 620 ducuntur
707 586 735 620 a
761 569 940 635 nobis,
973 570 1064 624 ubi
1096 586 1234 640 aqua
1265 583 1367 634 est.
1387 587 1441 627 et
1467 574 1656 628 eodem

125 654 520 718 regenerationis
575 658 736 712 modo
791 671 1227 729 regenerantur,
1280 677 1387 732 quo
1448 673 1504 718 et
1554 664 1656 733 ipsi

122 761 286 799 sumus
307 750 631 816 regenerali.
662 749 794 802 Nam
824 750 879 803 in
910 753 1132 806 nomine
1163 755 1407 822 parentis
1438 755 1659 809 univer-

122 853 278 891 sorum
327 853 389 892 ac
435 839 642 893 Domini
695 841 788 896 Dei
833 858 895 896 ac
944 842 1249 899 Salvatoris
1303 847 1473 900 nostri
1528 845 1656 902 Jesu

123 929 298 994 Christi
340 943 393 986 et
424 932 667 1000 Spiritus
710 937 886 989 sancti
935 935 1214 990 lavacrum
1259 939 1311 992 in
1358 954 1497 1006 aqua
1529 949 1656 994 tunc

122 1023 408 1093 suscipiunt.
456 1044 475 1076 ι
515 1027 743 1081 Videtur
774 1026 1024 1083 Justinus
1071 1047 1176 1084 non
1217 1047 1279 1086 ea
1323 1031 1498 1085 solum
1542 1048 1657 1087 cre-

121 1115 251 1168 dendi
279 1124 331 1170 et
371 1119 589 1173 vivendi
633 1130 911 1190 prtecepta
945 1123 1216 1188 indicare,
1245 1139 1364 1193 qua:
1411 1126 1655 1196 quotidie

120 1207 494 1262 catechumenis
527 1210 903 1277 tradebantur,
931 1213 1024 1268 sed
1049 1230 1111 1268 ea
1141 1215 1504 1284 potissimum,
1535 1232 1656 1286 qua:

120 1315 217 1352 cum
242 1300 350 1366 ipso
378 1299 652 1369 baptismo
685 1301 1083 1372 iungebantur,
1128 1307 1390 1360 nimirum
1419 1308 1656 1362 interro-

117 1392 328 1458 g'itiones
353 1402 405 1446 et
443 1395 857 1461 responsiones.
893 1398 1404 1455 abrenuntiationes
1449 1411 1502 1453 et
1529 1417 1656 1470 pro-

118 1483 372 1538 fessionem
401 1486 551 1542 fidei.
596 1490 649 1544 Id
683 1493 971 1547 confirmat
1013 1493 1280 1562 Justinus,
1321 1513 1376 1550 n.
1405 1496 1498 1552 65.
1530 1498 1650 1568 Ipsa

117 1577 185 1628 illa
209 1577 382 1639 verba.
416 1579 621 1634 Deinde
650 1600 710 1637 eo
739 1585 1007 1638 ducuntur
1029 1605 1060 1640 a
1095 1589 1242 1642 nobis
1266 1590 1352 1641 ubi
1381 1607 1519 1660 aqua
1549 1600 1649 1658 est,

115 1665 232 1720 aliud
261 1669 519 1738 suspicari
556 1688 665 1725 non
719 1674 927 1728 sinunt.
957 1673 1030 1728 Ex
1067 1677 1264 1744 quibus
1309 1676 1438 1730 illud
1479 1677 1645 1730 etiam

115 1769 233 1825 patet
273 1761 380 1815 htec
422 1764 609 1816 omnia
669 1764 721 1818 in
773 1766 887 1834 ipsa
951 1767 1185 1820 ecclesia
1240 1767 1428 1838 peragi
1488 1767 1644 1821 solita

115 1848 265 1914 fuisse,
303 1863 600 1921 antequam
639 1854 1004 1923 baptizandus
1050 1858 1117 1911 ad
1164 1871 1382 1911 sacrum
1444 1857 1646 1910 fontem
1685 1828 1727 1885 Β

116 1945 389 2000 duceretur.
415 1945 510 2001 Sic
556 1948 723 2001 etiam
769 1948 974 2017 jejunia
1015 1949 1102 2002 hic
1136 1958 1437 2003 memorata
1472 1949 1651 2018 baptiv

112 2049 256 2089 summ
290 2038 457 2108 ipsum
503 2040 757 2110 proxime
784 2043 1133 2105 antecedunt,
1170 2053 1224 2096 et
1255 2044 1322 2097 ab
1343 2042 1463 2096 aliis
1494 2043 1650 2096 Chri-

113 2127 269 2184 stianis
294 2145 392 2184 una
415 2147 542 2185 cum
583 2132 912 2201 baptizando
953 2135 1340 2198 observantur,
1375 2135 1534 2204 quale
1566 2143 1650 2190 est

114 2220 213 2273 illud
243 2221 503 2290 jejunium
539 2225 688 2292 quod
725 2223 923 2278 Petrus
953 2225 1131 2292 pridie
1171 2227 1420 2296 baptismi
1453 2226 1647 2280 indicit

114 2311 153 2366 in
186 2311 505 2370 Clementina
565 2317 754 2369 homil.
797 2316 898 2380 13,
948 2333 1002 2370 ιι.
1051 2317 1138 2370 12.
1189 2317 1308 2372 Vid.
1355 2318 1645 2376 Constitut.

110 2413 266 2472 «post,
295 2405 381 2461 lib.
412 2422 508 2473 vn,
555 2423 607 2461 c.
631 2409 722 2463 22.

162 2494 278 2550 Nihil
324 2499 408 2554 hic
459 2501 532 2554 de
587 2511 941 2557 sacramento
988 2502 1436 2558 confirmationis
1469 2502 1645 2557 Justi-

113 2603 226 2641 nus:
258 2606 420 2660 neque
465 2593 520 2647 id
587 2593 810 2649 mirum.
848 2593 965 2648 Non
1013 2595 1306 2651 catholicis
1351 2597 1644 2662 scribebat,

113 2682 184 2734 sed
211 2682 571 2752 imperatores
605 2686 855 2741 ethnicos
887 2687 1293 2757 alloquebatur,
1326 2689 1467 2756 apud
1502 2703 1645 2756 quos

111 2772 290 2827 minime
313 2777 628 2831 neceSSaria
647 2789 768 2833 erat
795 2780 955 2848 hujus
986 2781 1061 2833 rei
1081 2779 1412 2834 enuntiatio.
1441 2778 1645 2834 Deinde

110 2875 208 2916 vero
230 2865 549 2934 baptismum
591 2868 666 2922 ita
698 2868 1320 2936 describitinstinus,ut
1348 2871 1462 2938 ipse
1493 2871 1643 2924 illum

110 2952 458 3028 (presbyterum
489 2961 648 3015 enim
688 2961 856 3016 fuisse
882 2960 1159 3016 Justinum
1204 2978 1310 3017 non
1344 2962 1478 3018 levis
1509 2978 1643 3016 con-

107 3043 274 3110 jactura
316 3051 417 3121 est)
463 3054 688 3107 solebat
731 3055 1162 3117 administrare;
1212 3053 1468 3108 nimirum
1523 3055 1642 3108 sine

112 3139 493 3208 confirmatione,
527 3160 656 3214 quae
686 3146 958 3216 episcOpis
997 3152 1276 3198 reservata
1314 3152 1454 3198 erat.
1485 3143 1640 3211 Sarpe

112 3232 382 3288 eveniebant
409 3237 766 3309 presbyteris
810 3237 1124 3306 baptizandi
1169 3237 1510 3302 occasiones,
1541 3250 1640 3290 nec

114 3325 271 3379 maturi
290 3328 558 3396 baptismo
586 3331 661 3384 ob
685 3329 948 3384 fervidam
970 3332 1223 3400 pietatem
1256 3330 1639 3384 catcchumeui

113 3413 327 3470 solemnes
350 3420 610 3488 baptismi
640 3420 758 3475 dies
783 3419 1200 3490 exspectabant.
1234 3418 1386 3474 Unde
1421 3419 1639 3474 Tertul-

115 3503 248 3560 lianus
278 3507 365 3562 lib.
405 3509 483 3562 De
531 3510 820 3579 baptismo.
856 3526 904 3565 c.
950 3510 1015 3564 19
1044 3529 1056 3564 :
1085 3529 1103 3562 ι
1148 3510 1416 3566 Cteterum
1461 3512 1641 3566 omnis

117 3595 202 3650 dies
228 3597 421 3653 Domini
455 3610 566 3665 est,
607 3600 793 3654 omnis
831 3601 992 3666 hora,
1026 3617 1190 3656 onme
1217 3610 1428 3672 tempus
1453 3602 1638 3654 habile

117 3689 367 3758 baptismo:
391 3694 435 3748 si
464 3694 537 3749 de
559 3693 912 3748 solemnitate
940 3694 1188 3753 interest.
1216 3695 1282 3750 de
1299 3695 1471 3765 gratia
1503 3694 1636 3749 nihil

115 3779 310 3838 interest.
329 3803 347 3835 ι

166 3872 240 3930 lV.
266 3875 498 3933 Necesse
533 3891 650 3932 non
687 3883 773 3931 est
801 3876 1098 3932 admonere
1137 3879 1188 3933 id
1227 3876 1369 3947 quod
1403 3879 1637 3948 quisque

115 3969 214 4020 satis
245 3972 511 4039 perspicit,
557 3969 841 4039 baptisma
893 3979 1014 4037 post
1065 3970 1325 4025 dimissos
1378 3972 1640 4024 catechu-

116 4075 262 4115 menos
283 4073 332 4114 et
370 4062 710 4132 pmoiteutes
749 4061 866 4116 dari
914 4061 1131 4114 solitum
1164 4061 1351 4116 fuisse.
1386 4061 1545 4127 Nam,
1581 4071 1638 4116 ut

116 4161 228 4213 patet
267 4169 328 4207 ex
374 4154 739 4216 testimonio,
788 4154 931 4223 quod
986 4169 1109 4207 mox
1165 4154 1490 4219 referemus,
1541 4157 1635 4224 qui

115 4241 361 4309 baptizatus
391 4245 593 4310 fuerat,
621 4246 806 4300 statim
836 4245 1204 4298 deducebatur
1229 4246 1296 4298 ad
1320 4246 1632 4317 ecclesiam,

114 4343 154 4382 et
180 4335 378 4404 Iiturgize
402 4353 606 4408 preces
640 4337 862 4390 fiebant.
901 4337 1166 4404 Synaxes,
1203 4337 1256 4389 iu
1291 4337 1491 4405 quibus
1523 4356 1630 4391 non

114 4423 290 4479 dabatur
310 4428 648 4500 baptismus,
674 4431 752 4482 sic
773 4429 1006 4481 breviter
1030 4428 1311 4496 describit,
1344 4445 1398 4482 ιι.
1429 4431 1529 4485 67:
1556 4431 1634 4503 Τῇ

113 4514 181 4566 τιῦ
215 4518 342 4587 ἡλίου
384 4520 664 4592 λεγομένῃ
706 4518 888 4589 ἡμέρᾳ
940 4517 1157 4571 πάντων
1190 4519 1332 4572 κατὰ
1377 4517 1559 4582 πόλεις
1603 4519 1634 4590 ἢ
1671 4522 1713 4574 Ι)

111 4609 263 4678 ἁῖρῡῦς
290 4613 552 4682 μενόντων
583 4611 683 4664 ἐπὶ
707 4611 766 4664 τὸ
793 4610 922 4664 αὐτὸ
957 4609 1264 4674 συνέλευσις
1291 4610 1519 4678 γίνεται,
1545 4611 1637 4663 καὶ

111 4699 159 4749 τὰ
179 4703 530 4773 ampvrjuovsti
539 4720 692 4774 ματα
712 4701 818 4754 τῶν
848 4701 1180 4765 ἀποστόλων,
1204 4702 1236 4773 ἢ
1267 4699 1334 4754 τὰ
1355 4704 1638 4775 συγγράμ-

116 4806 220 4857 ματα
253 4795 346 4846 τῶν
374 4795 681 4870 προφητῶν
713 4793 1140 4863 ἀναγινώσκεται
1168 4793 1359 4865 μέχρις
1382 4796 1633 4866 ἐγχωρεῖ.

114 4878 209 4934 Εἶτα
245 4888 582 4958 παυσαμένου
625 4885 719 4938 τοῦ
770 4885 1260 4952 ἀναγινώσκοντος,
1304 4886 1332 4938 ὁ
1357 4884 1637 4956 προεστὼς

111 4971 172 5026 ἀὲ
192 4974 322 5044 Μγω
344 4979 435 5050 τὴν
456 4977 748 5032 νουθεσίαν
771 4978 863 5030 καὶ
890 4976 1188 5048 πρόκλησιν
1213 4977 1308 5048 τῆς
1330 4977 1436 5029 τῶν
1461 4976 1637 5029 καλῶν

115 5059 266 5115 tostus
284 5068 562 5137 μιμήσεως
589 5068 847 5118 ποιεῖται.
865 5066 1095 5117 Ἔπειτα
1125 5065 1464 5135 ἀνιστάμεθα
1484 5069 1633 5138 κοινῇ

115 5153 285 5219 πει-ηις,
298 5161 384 5212 καὶ
399 5159 563 5229 εὐχὰς
583 5159 894 5230 πέμπομεν
912 5159 1029 5223 καὶ»
1043 5158 1118 5220 ὡς
1144 5157 1478 5228 προέφημενν
1497 5175 1638 5210 mw"

118 5249 469 5322 τιμένιιινὴμῶν
485 5254 590 5323 τῆς
608 5253 794 5322 εὐχῆς,
813 5252 972 5322 ἄρτος
990 5251 1356 5322 προσφέρεται
1385 5250 1478 5302 καὶ
1496 5247 1638 5313 οἶνος

118 5338 329 5413 καὶνιωρ,
353 5346 443 5396 καὶ
465 5341 794 5416 ὁπροεστὼς
827 5343 991 5412 εὐχὰς
1021 5341 1220 5412 ὁμοίως
1263 5342 1354 5395 καὶ
1385 5344 1634 5415 εὐχαρισ-

118 5427 316 5504 132;,an
331 5435 554 5505 δύναμις
569 5434 739 5504 αὐτῷ,
753 5433 1087 5504 ἀναπέμπει,
1103 5432 1192 5485 καὶ
1205 5435 1233 5485 ὁ
1249 5431 1376 5495 λαὸς
1397 5435 1638 5503 ἐπευφη-

123 5521 336 5591 μείὶέτων
350 5528 406 5579 τὸ
421 5527 629 5596 Ἀμήν·
648 5527 742 5579 καὶ
758 5528 792 5596 ἡ
807 5525 1038 5587 διάδοσις
1055 5524 1146 5578 καὶ
1162 5524 1194 5592 ἡ
1213 5541 1276 5593 με
1285 5522 1511 5594 τάληψις
1530 5527 1636 5577 ἀπὸ

122 5610 680 5692 ῖξῗένεῦχαριστηθὲντων
698 5619 912 5689 ἑκάστῳ
923 5616 1152 5685 γίνεται,
1168 5616 1387 5680 καὶτοῖς
1404 5617 1461 5668 οὐ
1495 5633 1635 5688 παρ-

123 5699 298 5761 ιῦςιδιὰ
325 5712 424 5764 τῶν
462 5712 730 5766 διακόνων
764 5711 1062 5780 πέμπεται.
1104 5727 1122 5759 t
1167 5709 1332 5771 Solis,
1381 5718 1438 5762 ιιι
1492 5711 1631 5764 dici-

130 5799 312 5866 inniti»,
336 5808 576 5861 omnium
605 5805 714 5860 sive
740 5806 922 5870 urbes,
952 5808 1065 5859 sive
1089 5818 1245 5875 agros
1279 5803 1630 5860 incolentium

1761 569 2160 638 apostolorum.
2212 583 2308 627 aut
2357 574 2562 644 scripta
2609 575 3001 645 prophetarum
3055 576 3332 649 leguntur.

1761 665 1938 730 quoad
1973 663 2102 719 licet
2134 680 2230 734 per
2249 675 2484 736 tempus.
2513 666 2714 722 Deinde
2743 667 2837 722 ubi
2867 668 3040 722 lector
3070 670 3255 734 desiit,
3289 671 3338 725 is

1759 755 1850 822 qui
1881 766 2080 826 pricest
2107 757 2542 814 admonitionem
2577 762 2761 814 verbis
2792 770 2848 815 et
2893 761 3330 819 adhortationem

1760 847 1826 900 ad
1860 863 1949 902 res
1999 857 2106 902 tam
2153 851 2447 918 praeclaras
2495 852 2790 908 imitandus
2845 856 3095 924 suscipit.
3140 853 3333 911 Postea

1758 952 1948 992 omnes
1995 940 2158 994 simul
2204 943 2586 1012 consurgimus
2637 954 2694 998 et
2744 959 2936 1013 preces
2989 947 3332 1010 emittimus,

1757 1041 1941 1099 atque,
1969 1043 2026 1086 ιιι
2057 1033 2168 1102 jam
2203 1035 2466 1100 diximus,
2503 1035 2592 1090 ubi
2621 1037 2883 1093 desiimus
2916 1043 3151 1108 precari,
3179 1044 3336 1111 panis

1761 1123 1991 1180 affertur
2013 1136 2068 1180 et
2100 1127 2283 1180 vinum
2320 1139 2376 1183 et
2403 1144 2567 1198 aqua,
2602 1139 2655 1182 et
2679 1131 2770 1200 qui
2800 1141 3019 1198 praeest,
3057 1151 3250 1204 preces
3277 1149 3332 1191 et

1760 1219 2062 1286 gratiarum
2091 1221 2335 1273 actiones
2369 1223 2496 1276 totis
2527 1222 2738 1277 viribus
2768 1225 2992 1291 emittit,
3016 1235 3070 1280 et
3102 1230 3336 1297 potiulus

1759 1305 2061 1361 acclamat:
2102 1308 2290 1372 Amen,
2317 1321 2371 1365 et
2402 1327 2614 1379 eorum,
2652 1315 2703 1367 iu
2739 1316 2938 1383 quibus
2977 1321 3167 1387 gratia:
3199 1334 3337 1378 acta:

1756 1408 1926 1462 sunt,
1980 1400 2296 1457 distributio
2348 1403 2406 1456 fit
2455 1414 2511 1457 et
2563 1407 2990 1462 communicatio
3036 1413 3335 1484 unicuique

1755 1490 2136 1559 praesentium,
2170 1502 2224 1547 et
2249 1495 2571 1550 absentibus
2603 1512 2698 1565 per
2728 1499 2987 1556 diaconos
3020 1503 3276 1558 mittitur.
3309 1526 3328 1558 ι

1757 1580 1896 1637 Huic
1931 1586 2166 1655 liturgite
2206 1587 2485 1643 simillima
2517 1601 2600 1645 est
2633 1609 2721 1656 ea,
2746 1608 2866 1661 qua:
2896 1595 2945 1648 in
2983 1594 3335 1654 Constitutio-

1755 1674 1908 1728 nibus
1933 1678 2234 1744 apostolicis
2271 1690 2451 1734 exstat
2485 1682 2582 1735 li'b.
2609 1698 2729 1750 vui,
2757 1695 2813 1738 et
2847 1687 3108 1756 quidquid
3135 1691 3205 1744 ibi
3243 1708 3332 1745 ar-

1761 1763 1983 1821 ticulate
2007 1769 2322 1835 esponitnr,
2361 1770 2410 1824 id
2428 1769 2676 1828 Justinus
2698 1779 3010 1833 summatim
3035 1780 3259 1836 indicat.

1825 1879 1916 1933 Ille
1957 1883 2192 1936 omnium
2241 1885 2349 1938 sive
2399 1887 2550 1940 urbes
2585 1889 2690 1942 sive
2723 1907 2877 1960 agros
2906 1892 3244 1948 incolentium
3276 1897 3333 1950 in

1751 1975 1988 2027 eumdem
2037 1976 2210 2028 locum
2242 1987 2550 2046 conventus,
2609 1996 2714 2035 non
2763 1984 2881 2039 sine
2931 1986 3110 2056 aliqua
3169 2005 3333 2046 esce-

1756 2065 1941 2132 ptioue
1990 2067 2391 2138 intelligendus.
2422 2068 2558 2125 Nam
2589 2074 2678 2127 ubi
2707 2076 3004 2133 vehemens
3055 2090 3174 2134 erat
3204 2097 3334 2150 per-

1753 2158 1984 2221 secutio,
2025 2158 2076 2213 id
2117 2159 2232 2214 fieri
2265 2176 2370 2213 non
2416 2171 2633 2230 poterat
2668 2165 2855 2220 :unde
2903 2167 3268 2238 interrogatus
3299 2188 3330 2224 a

1751 2251 2010 2318 praefecto
2057 2251 2304 2309 Justinus
2346 2271 2497 2326 quem
2535 2258 2590 2311 in
2621 2258 2794 2313 locum
2829 2259 3120 2317 Christiani
3146 2281 3330 2320 conce-

1752 2343 1946 2404 nirent,
1997 2347 2288 2414 respondet
2329 2365 2388 2403 eo
2426 2367 2848 2420 unumquemque
2897 2356 3179 2410 convenire
3226 2375 3329 2428 quo

1751 2437 1868 2488 velit
1929 2448 2019 2490 aut
2094 2440 2281 2507 possit.
2347 2458 2365 2491 ι
2425 2441 2533 2505 Au,
2566 2441 2762 2512 inquit,
2791 2444 3078 2500 existimas
3132 2463 3328 2502 omnes

1751 2543 1850 2581 nos
1898 2528 1952 2582 in
1993 2533 2242 2586 eumdem
2293 2531 2468 2586 locum
2517 2548 2810 2589 convenire
2836 2536 3065 2592 solitos?
3099 2538 3325 2594 Minime

1752 2633 1840 2672 res
1869 2619 1942 2674 ita
1994 2635 2053 2675 se
2104 2621 2287 2678 habet.
2326 2641 2344 2675 ι
2377 2623 2644 2680 Praeterea
2679 2626 2730 2680 in
2773 2629 2981 2698 magnis
3011 2631 3326 2690 civitatibus

1751 2725 1892 2765 unus
1947 2729 2138 2768 omnes
2186 2714 2542 2780 Christianos
2570 2717 2724 2773 locus
2763 2721 3016 2790 excipere
3057 2738 3162 2778 non
3223 2741 3324 2795 po-

1752 2805 1963 2863 tuisset.
2004 2807 2314 2874 Quinetiam
2345 2809 2535 2865 Romae
2575 2812 2827 2868 videntur
2852 2817 3126 2872 nonnullae
3158 2821 3327 2874 exsti-

1753 2898 1880 2950 tisse
1911 2901 2182 2964 ccclesiae,
2225 2902 2277 2955 in
2307 2903 2506 2971 quibus
2533 2905 2598 2957 ad
2630 2907 2973 2962 commodum
2999 2925 3211 2974 eorum,
3231 2914 3326 2982 qui

1748 3001 1812 3040 ex
1843 2986 2066 3043 Oriente
2105 2990 2336 3046 Romam
2371 2996 2686 3061 veniebant,
2734 2997 2954 3070 liturgia
2989 3001 3180 3058 Grazco
3215 3008 3324 3060 ritu

1749 3089 1803 3133 et
1845 3079 2032 3134 Graeca
2087 3083 2264 3154 lingua
2320 3087 2716 3144 celebraretur.
2772 3091 2905 3146 Nam
2959 3095 3326 3166 interrogatus

1671 3184 1711 3239 (ι
1749 3189 1778 3226 a
1827 3174 2105 3242 praefecto,
2138 3191 2195 3232 ιιι
2231 3180 2393 3234 modo
2422 3183 2675 3250 vidimus,
2707 3184 2956 3246 Justinus
2983 3190 3226 3247 declarat
3265 3209 3326 3249 se

1751 3281 1968 3322 manere
1992 3285 2149 3337 prope
2176 3272 2392 3325 dontunt
2419 3274 2638 3331 Martini
2668 3280 2948 3348 cujusdam
2969 3285 3039 3336 ad
3071 3285 3316 3343 balneum

1747 3369 2088 3427 cognomento
2130 3360 2172 3414 Τ
2177 3363 2498 3430 imiotinum,
2525 3384 2588 3422 ac
2615 3385 2710 3438 p‘er
2730 3382 2895 3426 totum
2919 3384 3147 3442 tempus,
3177 3381 3320 3446 quod

1751 3449 1935 3504 Ilomte
1982 3453 2240 3519 traduxit,
2279 3456 2444 3510 alium
2475 3475 2755 3516 concentus
2775 3463 2951 3518 larunt
2981 3484 3084 3521 non
3115 3483 3322 3538 cogno-

1746 3542 1907 3598 vlsse.
1928 3542 1981 3596 ln
2009 3546 2112 3600 hac
2140 3563 2270 3617 ergo
2297 3550 2460 3605 domo
2479 3556 2734 3624 mysteria
2754 3558 3022 3614 celebrari
3049 3560 3320 3628 solebant,

1748 3638 1910 3707 idque
1947 3638 2151 3695 Griecai
2199 3641 2457 3697 Ecclesia:
2491 3645 2594 3698 ritu
2649 3656 2703 3700 et
2749 3647 2970 3716 lingua;
3003 3659 3194 3720 utpote
3245 3655 3316 3707 ab

1747 3727 1864 3796 ipso
1915 3726 2154 3793 Justino,
2204 3741 2262 3784 nt
2311 3733 2608 3790 verisimile
2651 3746 2754 3802 est,
2788 3738 3084 3794 celebrata.
3137 3742 3319 3810 Atque

1747 3819 1796 3873 id
1829 3835 2008 3876 causae
2036 3837 2156 3878 esse
2179 3834 2328 3892 puto,
2363 3839 2462 3880 cur
2501 3827 2720 3898 liturgia
2749 3846 2777 3883 a
2805 3830 2864 3885 S.
2890 3840 3128 3903 martyre
3151 3848 3321 3904 expo-

1744 3913 1872 3976 sita,
1902 3929 2010 3968 non
2055 3913 2336 3982 Romanis,
2367 3919 2461 3972 sed
2493 3919 2570 3986 ei,
2590 3935 2713 3992 quae
2743 3932 2826 3980 est
2875 3923 2927 3977 in
2969 3923 3318 3982 Constitutio-

1744 4004 1898 4057 nibus
1927 4005 2254 4074 apostolicis,
2287 4009 2480 4064 similis
2519 4012 2608 4066 sit.
2637 4013 2741 4079 Qui
2767 4029 2892 4069 cum
2919 4012 3135 4070 Justino
3165 4033 3316 4072 com-

1743 4097 1994 4164 prehensi
2021 4111 2147 4153 sunt
2177 4110 2234 4154 et
2265 4114 2438 4156 morte
2462 4102 2726 4171 damnati,
2757 4107 3012 4161 videntur
3035 4107 3310 4163 Justinnm

1743 4183 2000 4242 habuisse
2058 4188 2364 4244 animarum
2425 4207 2646 4246 suarum
2706 4204 2972 4251 rectorem
3025 4210 3082 4254 et
3125 4214 3192 4252 ex
3245 4201 3318 4254 iis

1743 4276 1896 4342 locis,
1924 4281 2224 4337 ubiGracca
2267 4284 2452 4356 lingua
2505 4287 2743 4356 vigebat,
2784 4287 3011 4343 Romam
3074 4293 3314 4347 venisse.

1741 4370 1946 4436 Quaerit
2020 4377 2164 4428 enim
2220 4393 2285 4431 ex
2340 4378 2408 4432 iis
2475 4379 2762 4444 praefectus
2805 4397 2872 4434 an
2923 4399 3027 4437 non
3066 4399 3160 4440 eos
3215 4383 3314 4438 Ju-

1743 4460 1921 4514 stinus
1987 4462 2329 4518 Christianos
2391 4465 2619 4519 fecerit?
2653 4465 2960 4535 Evclpistus
2999 4486 3054 4523 se
3103 4470 3310 4526 Justini

1741 4568 2003 4607 sermones
2044 4572 2234 4626 magna
2267 4575 2385 4611 cum
2417 4559 2680 4627 voluptate
2701 4562 2887 4616 audire
2919 4562 3136 4618 solitum
3157 4566 3312 4624 dicit.

1741 4649 1790 4704 Is
1847 4659 1877 4699 e
1923 4646 2291 4718 Cappadocia,
2326 4649 2528 4704 llierax
2573 4651 2753 4708 Iconio
2799 4653 3028 4710 Romam
3063 4669 3308 4713 venerat.

1808 4782 2154 4852 Legebantur
2201 4783 2501 4852 Scriptum
2537 4782 2754 4840 Veteris
2809 4796 2865 4840 et
2928 4787 3062 4843 Novi
3115 4789 3312 4844 Testa-

1742 4878 1935 4934 menti.
1967 4887 2149 4943 atque,
2182 4886 2240 4929 ιιι
2278 4873 2656 4941 praescribitur
2686 4877 2780 4932 lib.
2813 4894 2942 4942 n,c.
2972 4879 3064 4943 57,
3095 4896 3314 4936 earum-

1739 4971 1860 5022 dem
1903 4967 2188 5021 Constitut.
2223 4969 2481 5038 pupulum
2533 4970 2895 5023 hortabantur
2947 4971 3144 5042 singuli
3183 4989 3309 5043 prc-

1739 5063 1940 5132 sbyteri
1990 5072 2045 5114 et
2095 5073 2365 5130 postremo
2413 5064 2717 5131 episcopus.
2750 5063 2883 5119 Cum
2918 5065 3021 5120 hoc
3053 5069 3310 5135 praescri-

1741 5163 1834 5218 pto
1867 5167 1970 5204 non
1992 5159 2196 5220 pugnat
2224 5150 2492 5214 Justinus,
2523 5152 2615 5220 qui
2643 5167 2853 5206 summa
2884 5169 3064 5208 rerum
3091 5155 3306 5224 fastigia

1739 5249 1982 5302 enarrat,
2013 5250 2067 5294 et
2102 5240 2305 5294 idcirco
2333 5241 2466 5293 nihil
2496 5241 2562 5294 de
2611 5242 3013 5298 catechumenis
3054 5253 3109 5298 et
3135 5247 3310 5312 ptent-

1742 5333 1977 5385 tentibns
1997 5331 2196 5385 dimitti
2220 5332 2396 5385 solitis
2412 5331 2510 5396 ait,
2534 5347 2596 5384 ac
2621 5343 2880 5401 prmterea
2906 5349 3022 5389 eam
3055 5334 3307 5393 edisserit

1737 5423 2029 5492 liturgiam,
2065 5439 2181 5491 quae
2225 5424 2390 5478 etiam
2439 5423 2685 5477 ecclesiis
2714 5422 2877 5477 unum
2934 5431 3308 5482 tantummodo

1738 5515 2110 5585 presbyterum
2139 5513 2460 5569 habentibus
2479 5515 2857 5581 conveniebat,
2877 5516 2905 5568 ὁ
2927 5519 3227 5587 προεστώς,
3261 5520 3309 5574 is

1736 5615 1828 5683 qui
1843 5625 2053 5683 praeest,
2072 5617 2186 5669 sive
2206 5616 2491 5683 prtesidens
2510 5627 2649 5682 szrpc
2671 5611 2808 5681 apud
2827 5612 3079 5681 antiquos
3094 5614 3308 5682 episco-

1737 5721 1861 5774 pum
1903 5708 2168 5778 designat,
2211 5708 2481 5764 interdum
2525 5707 2689 5761 etiam
2723 5705 3024 5774 presbyteri
3062 5705 3164 5760 hoc
3210 5706 3305 5758 doc

1738 5809 1938 5854 uantur
1969 5802 2204 5868 nomine,
2227 5801 2336 5856 imo
2363 5798 2541 5857 clerus
2558 5797 2858 5869 generatim
2885 5797 3299 5866 comprehendi-
