3792 6508
406 344 476 405 79
1320 350 1375 406 S.
1412 349 1742 405 JUSTINUS
1782 347 2263 408 PHILOSOPHUS
2301 349 2387 406 ET
2425 350 2735 405 MARTYR.
3562 352 3622 407 80

405 476 513 533 tur,
542 480 601 523 ut
630 471 809 525 videre
838 482 921 527 est
947 471 1085 540 apud
1120 470 1341 536 Euseb,
1367 472 1531 533 Hist.,
1553 472 1650 525 lib.
1684 486 1799 531 vin,
1839 489 1887 523 c.
1918 471 1971 523 6.
2004 480 2049 531 Α
2082 473 2519 541 terrumpebatur
2580 470 2970 533 admonitione,
2998 482 3098 520 nec
3149 466 3373 537 populus
3417 481 3627 536 respon-

466 562 528 617 V.
564 560 869 616 Secundam
902 562 1132 630 liturgizn
1182 573 1390 632 partem
1444 565 1754 619 indicathis
1792 563 1975 618 verbis

401 652 650 707 Justinus
686 672 699 707 :
736 651 927 706 Postea
963 671 1138 707 omnes
1157 655 1313 708 simul
1337 656 1701 725 consurgimus
1723 673 1784 709 ac
1802 670 1974 724 preces

402 744 709 797 emittimus.
764 743 963 798 Preces
1003 745 1105 798 illa!
1158 754 1424 799 vocantur
1465 744 1818 817 κηρύγματα,
1863 748 1975 800 sive

402 835 825 903 praedicationes
851 836 904 888 in
937 837 1099 905 epist.
1128 837 1232 891 155
1270 838 1328 890 S.
1360 835 1571 892 Basilii.
1602 836 1975 890 Annuntiabat

401 941 495 980 eas
547 925 830 988 diaconus.
864 936 920 981 ut
964 928 1149 982 videre
1207 939 1290 981 est
1333 928 1383 980 in
1428 926 1521 980 lib.
1552 942 1643 980 vm
1686 926 1975 982 Constitut.

400 1029 596 1087 apost.,
623 1019 711 1072 ubi
752 1020 832 1071 sic
875 1019 1273 1083 describuntur,
1306 1030 1365 1072 ut
1393 1034 1487 1073 eas
1522 1018 1679 1073 facile
1702 1020 1774 1073 sit
1811 1035 1973 1089 agno-

400 1124 554 1163 scere
607 1110 657 1163 in
701 1111 786 1164 his
830 1109 1024 1164 .lustini
1068 1112 1251 1165 verbis
1286 1128 1340 1164 ιι.
1374 1111 1443 1166 65
1482 1130 1495 1165 :
1548 1131 1567 1163 ι
1628 1111 1737 1167 Nos
1791 1123 1969 1167 autem

398 1213 685 1273 postquam
719 1222 865 1266 eum,
897 1207 986 1274 qui
1026 1205 1186 1260 [idem
1233 1221 1388 1259 suam
1438 1213 1493 1260 et
1530 1220 1811 1260 assensum
1877 1206 1972 1259 do-

397 1300 588 1351 ctrinze
638 1310 836 1351 nostra:
888 1308 1114 1352 testatus
1167 1307 1273 1363 est,
1314 1300 1393 1355 sic
1433 1300 1729 1365 abluimus,
1755 1299 1820 1352 ad
1852 1314 1970 1361 eos.

396 1388 486 1457 qui
520 1389 775 1443 dicuntur
808 1388 1027 1454 fratres,
1047 1390 1386 1457 deducimus,
1415 1392 1503 1445 ubi
1541 1391 1616 1445 illi
1654 1392 1965 1463 congregati

395 1490 541 1541 sunt.
600 1497 915 1537 communes
969 1498 1160 1551 preces
1200 1494 1255 1537 et
1308 1499 1407 1550 pro
1436 1484 1867 1552 nobismetipsis.
1915 1493 1970 1540 et

396 1587 496 1637 pro
516 1587 579 1626 eo
607 1573 695 1642 qui
734 1572 1063 1627 illmninatus
1094 1583 1195 1636 est,
1213 1583 1265 1628 et
1288 1588 1383 1643 pro
1419 1573 1538 1627 aliis
1564 1573 1761 1641 ubique
1793 1573 1968 1627 omni-

398 1663 497 1718 bis
535 1664 748 1717 intento
784 1665 1217 1729 animoiaeturi,
1246 1674 1303 1718 ut
1327 1664 1572 1718 veritatis
1600 1663 1968 1732 cognitionem

396 1755 580 1822 adepti
626 1754 727 1808 hac
771 1756 934 1810 etiam
978 1754 1155 1825 gratia
1186 1755 1493 1823 dignemur,
1524 1748 1590 1807 'ut
1618 1762 1817 1808 rectam
1843 1767 1968 1822 ope-

2080 567 2239 621 debat
2274 566 2477 629 Amen,
2519 564 2620 617 nisi
2675 561 2896 615 omnino
2947 559 3195 613 absoluta
3251 566 3413 612 esset.
3460 557 3629 612 Utraso

2079 672 2184 725 que
2236 670 2461 726 preces,
2520 654 2571 707 id
2624 661 2740 716 est,
2795 661 2847 705 et
2897 666 3027 716 eas,
3068 665 3188 719 quae
3225 646 3465 702 dimissis
3499 656 3628 701 cate-

2077 746 2360 801 chumenis
2397 754 2449 799 et
2488 742 2904 814 paenitentibus.
2945 748 2999 793 et
3036 754 3157 803 eas,
3197 754 3318 808 quae
3354 738 3422 791 ad
3460 752 3628 794 conse-

2077 841 2375 893 crationem
2432 834 2777 890 eucharistia:
2827 832 3053 896 ﬁebant,
3107 830 3309 885 indicat
3348 829 3405 883 S.
3447 829 3628 883 Firmi-

2076 928 2253 982 lianus
2311 928 2363 981 in
2421 925 2646 995 epistola
2702 925 2840 978 inter
2897 919 3244 991 Cyprianicas
3284 918 3386 982 75,
3429 916 3518 970 ubi
3570 916 3628 971 de

2074 1018 2305 1087 quadam
2361 1016 2585 1069 ntuliere
2648 1013 2980 1082 nequissima
3039 1019 3093 1063 et
3146 1006 3478 1077 prophetiam
3532 1005 3625 1059 sibi

2074 1118 2356 1179 arrogaute
2407 1108 2487 1163 sic
2546 1107 2786 1176 loquitur
2828 1124 2842 1159 :
2878 1124 2897 1157 ι
2944 1104 3118 1156 Etiam
3171 1101 3274 1154 hoc
3327 1099 3626 1167 frequenter

2076 1215 2206 1254 ausa
2247 1210 2348 1265 est,
2385 1208 2444 1252 ut
2479 1209 2533 1253 et
2571 1198 2908 1253 invocatione
2946 1210 3053 1248 non
3093 1190 3479 1260 contemptibili
3514 1204 3628 1243 san-

2073 1291 2310 1346 ctiﬁcare
2348 1305 2406 1345 se
2445 1305 2637 1359 panem
2678 1298 2730 1344 et
2768 1287 3151 1343 eucharistiam
3196 1282 3372 1337 lacere
3412 1280 3626 1335 simula-

2074 1395 2172 1447 ret,
2212 1392 2265 1439 et
2318 1382 2643 1438 sacrilicium
2702 1380 2929 1435 Domino
2980 1393 3089 1432 non
3142 1376 3259 1430 sine
3296 1381 3624 1427 sacramento

2070 1477 2242 1531 solita:
2279 1474 2680 1546 praedicationis
2728 1471 2965 1526 oli‘erret.
3011 1488 3029 1522 ι
3076 1467 3349 1522 [avocatio
3387 1466 3476 1519 illa
3525 1479 3622 1519 non

2068 1565 2487 1635 contemptibilis
2554 1563 2843 1632 respondet
2920 1559 3143 1631 prolixis
3209 1558 3277 1613 ad
3345 1572 3622 1612 consecra-

2072 1659 2271 1712 tionem
2332 1654 2671 1710 eucharistia:
2737 1652 3018 1723 precibus;
3079 1655 3477 1704 sacramentum
3541 1657 3623 1701 so-

2061 1752 2167 1806 lita:
2207 1738 2606 1820 praedicationis
2645 1745 2893 1815 congruit
2930 1742 3313 1797 communibus
3354 1736 3619 1807 precibus,

396 1846 550 1900 ribus
586 1848 753 1899 vitam
789 1856 1017 1913 agentes
1060 1855 1113 1899 et
1159 1854 1554 1914 praeceptorum
1599 1845 1848 1899 custodes
1884 1845 1966 1898 in-
1997 1831 2039 1887 Β
2062 1859 2198 1914 quas
2229 1842 2342 1912 jam
2380 1839 2489 1895 dixi
2544 1854 2573 1893 a
2613 1849 2801 1893 sancto
2839 1835 3039 1891 Basilio
3079 1831 3493 1905 praedicationes
3526 1839 3621 1883 vo-

393 1939 694 2005 veniamur,
728 1953 834 2007 quo
881 1938 1107 1992 salutem
1165 1947 1427 1990 aeternam
1514 1951 1891 2006 assequamur.
1941 1956 1961 1989 ι

392 2028 564 2083 Recte
620 2029 750 2082 dicit
792 2027 1034 2082 Justinus
1078 2045 1171 2096 pro
1221 2028 1342 2081 aliis
1371 2027 1561 2096 ubique
1585 2029 1827 2081 omnibus
1870 2029 1967 2085 has

393 2138 585 2193 preces
638 2123 772 2176 ﬁeri.
821 2121 979 2186 Nam,
1018 2131 1076 2175 ut
1110 2122 1293 2175 videre
1322 2130 1405 2175 est
1453 2120 1545 2174 lib.
1590 2137 1625 2175 ιι
1660 2121 1965 2190 Constitut.,

390 2226 444 2266 c.
477 2211 566 2274 57,
586 2212 817 2265 orabant
844 2229 938 2276 pro
970 2211 1213 2265 universa
1244 2209 1609 2280 Ecclesia,pro
1631 2222 1736 2266 toto
1770 2217 1966 2267 mundo

389 2312 437 2357 et
490 2306 605 2371 ejus
645 2302 909 2371 partibus,
944 2312 995 2355 et
1022 2302 1260 2372 frugibus
1287 2314 1461 2371 terra’,
1485 2322 1579 2373 pro
1613 2306 1968 2359 sacerdotibus

390 2401 440 2445 et
473 2393 780 2455 rectoribus,
801 2409 894 2460 pro
920 2408 1121 2445 summo
1148 2393 1440 2459 sacerdote,
1480 2411 1573 2462 pro
1607 2410 1724 2463 rege
1747 2411 1808 2446 ac
1834 2412 1961 2461 pace

391 2482 695 2535 universali.
716 2482 871 2534 Plura
891 2483 1009 2535 vide
1029 2482 1119 2535 lib.
1144 2499 1259 2546 vm,
1282 2484 1406 2537 c.ll
1425 2494 1477 2537 et
1494 2484 1651 2553 epist.
1672 2485 1771 2538 155
1802 2483 1963 2538 Basil.

458 2572 933 2626 Consecrationem
962 2574 1468 2643 ettcharistite,qum
1516 2577 1786 2644 przccipua
1841 2592 1967 2644 pars

388 2672 471 2717 est
513 2664 763 2732 litnrgize.
796 2663 874 2717 sic
901 2664 1119 2717 uberius
1157 2666 1407 2720 edisserit
1444 2682 1495 2719 ιι.
1526 2666 1593 2720 65
1621 2681 1636 2720 :
1684 2666 1967 2739 Ἀλλήλους

390 2754 654 2825 φιλήματι
678 2752 1036 2825 ἀσπαζόμεθα
1062 2756 1399 2827 παυσάμενοι
1428 2757 1535 2811 τῶν
1565 2758 1757 2828 εὐχῶν.
1789 2761 1970 2812 Ἔπει-

389 2866 458 2902 τα
492 2848 854 2921 προσφέρεται
888 2848 964 2919 τῷ
998 2850 1297 2921 προεστῶτι
1348 2849 1457 2904 τῶν
1503 2852 1746 2922 ἀδελφῶν
1783 2853 1964 2924 ἄρτος,

390 2938 483 2991 καὶ
517 2945 771 3010 ποτήριον
798 2939 987 3003 ὓδατος
1019 2941 1111 2993 καὶ
1146 2943 1443 3012 κράματος,
1466 2944 1557 2996 καὶ
1584 2940 1735 3008 οὗτος
1767 2943 1963 3009 λαϐὼν,

388 3026 537 3083 αἶνον
587 3030 679 3082 καὶ
723 3030 879 3095 δόξαν
911 3031 987 3101 τῷ
1021 3034 1191 3106 Πατρὶ
1226 3034 1330 3087 τῶν
1362 3035 1496 3088 ὅλων
1528 3035 1615 3089 διὰ
1645 3036 1737 3089 τοῦ
1770 3037 1966 3107 ὀνόμα-

387 3138 478 3184 τος
508 3118 600 3174 τοῦ
626 3120 753 3173 Υίοῦ
800 3122 892 3174 καὶ
925 3122 1018 3175 τοῦ
1052 3123 1367 3195 Πνεύματος
1408 3125 1500 3178 τοῦ
1537 3126 1688 3194 ἁγίου
1731 3127 1967 3197 ὰναπέμ-
1993 3158 2034 3214 C

387 3227 481 3263 πει
504 3227 517 3240 ’
555 3211 647 3263 καὶ
700 3211 1049 3282 εὐχαριστίαν
1083 3213 1224 3284 ὑπὲρ
1254 3213 1346 3266 τοῦ
1368 3212 1732 3283 κατηξιῶσΘαι
1765 3213 1964 3266 τούτων

388 3305 520 3375 παρ’
546 3302 708 3356 αὐτοῦ
743 3306 834 3357 ἐπὶ
868 3305 1004 3359 πολὺ
1041 3309 1295 3359 ποιεῖται.
1332 3301 1406 3360 OB
1444 3304 1849 3368 συντελέσαντος
1868 3307 1964 3367 τὰς

387 3392 553 3462 εὐχὰς
588 3394 681 3447 καὶ
715 3393 810 3465 τὴν
847 3395 1216 3469 εὐχαριστίαν,
1254 3397 1407 3459 πᾶςὸ
1441 3395 1630 3464 παρὼν
1662 3394 1784 3459 λαὸς
1804 3398 1965 3448 ἐπευ-

388 3501 461 3555 φη
470 3488 561 3554 μεῖ
581 3484 771 3552 λέγων,
789 3485 992 3556 Ἀμήν.
1011 3487 1083 3540 Τὸ
1109 3487 1165 3540 δὲ
1198 3486 1375 3557 ἀμήν,
1391 3491 1453 3559 τῇ
1472 3487 1703 3560 Ἑϐραίδι
1720 3491 1888 3558 φωνῇ,
1906 3488 1964 3541 τὸ

302 3576 309 3587 ’
387 3576 615 3645 γένοιτο
633 3579 902 3650 σημαίνει.
959 3580 1463 3651 Εὐχαριστήσαντος
1490 3579 1546 3632 δὲ
1576 3578 1665 3631 τοῦ
1691 3577 1965 3650 προεστῶ-

385 3684 477 3730 τος
505 3670 598 3722 καὶ
632 3672 839 3742 ὲπευφη
849 3673 1117 3741 μήσαντος
1135 3670 1331 3734 παντὸς
1351 3670 1441 3725 τοῦ
1462 3670 1611 3733 λαοῦ,
1637 3674 1683 3725 οἱ
1706 3671 1965 3741 καλούμε-

386 3774 467 3811 νοι
489 3760 615 3829 παρ’
633 3762 764 3829 ἡμῖν
787 3760 1038 3823 διάκονοι,
1056 3760 1287 3813 διδόασιν
1307 3760 1519 3830 ἑκάστῳ
1539 3760 1644 3813 τῶν
1682 3761 1963 3831 παρόντων

391 3849 713 3918 μεταλαϐεῖν
734 3850 840 3904 ἀπὸ
869 3850 961 3904 τοῦ
985 3840 1464 3923 εὐχαριστηθέντος
1487 3850 1649 3921 ἄρτου
1679 3851 1770 3903 καὶ
1794 3850 1958 3915 οἴνου,

389 3940 483 3993 καὶ
500 3939 711 4004 ὕδατος,
729 3942 820 3995 καὶ
838 3944 947 4005 τοῖς
972 3943 1030 3995 οὐ
1053 3942 1314 4014 παροῦσιν
1329 3942 1677 4013 ἀποφέρουσι.
1691 3961 1708 3992 ι
1731 3942 1958 3997 Invicem

395 4031 582 4085 osculo
625 4033 946 4096 salutamus,
972 4035 1057 4087 ubi
1085 4034 1339 4087 desiinms
1382 4034 1609 4101 precari.
1650 4033 1848 4085 Deinde
1887 4035 1957 4096 ei,

390 4122 481 4191 qui
508 4122 765 4175 fratribus
782 4133 996 4189 prmest,
1018 4124 1171 4192 panis
1198 4123 1421 4177 alTertur
1450 4133 1502 4178 et
1532 4124 1783 4192 poculum
1807 4139 1960 4193 aqua:

390 4223 445 4266 et
474 4213 606 4277 viui,
627 4214 826 4282 quibus
854 4214 941 4267 ille
964 4215 1229 4285 acceptis,
1258 4216 1471 4269 laudem
1501 4226 1552 4268 et
1583 4216 1808 4284 gloriam
1840 4217 1960 4268 ιιιιὶ-

388 4319 673 4359 versorum
720 4306 932 4375 parenti
966 4320 1064 4373 per
1100 4322 1294 4361 nomen
1328 4306 1451 4360 Filii
1478 4318 1533 4362 et
1560 4307 1799 4373 Spiritus
1830 4325 1958 4361 sau-

391 4396 465 4450 cti
509 4396 734 4459 emittit,
769 4405 823 4450 et
863 4398 1275 4463 eucharistiam,
1312 4399 1426 4452 sive
1458 4401 1756 4470 gratiarum
1789 4402 1958 4455 actio-

2061 1951 2309 2074 carll’aulo
2337 2017 2611 2073 dillicilius
2639 2018 2704 2071 ad
2736 2016 3113 2087 explicandum
3148 2016 3384 2079 videtur,
3411 2030 3509 2070 cur
3542 2011 3626 2068 Ju-

2068 2112 2248 2166 stinus
2279 2126 2580 2164 communes
2614 2124 2789 2177 preces
2831 2106 3061 2177 appellet
3094 2122 3210 2171 eas,
3256 2123 3373 2176 qua:
3400 2105 3626 2160 dimissis

2069 2200 2478 2255 catechumenis
2518 2206 2577 2254 et
2621 2199 3010 2269 pmnilentibus
3046 2197 3269 2262 ﬁebant,
3298 2211 3498 2266 easque
3532 2195 3626 2249 hac

2070 2298 2289 2353 notione
2342 2304 2591 2351 secernat
2640 2297 2707 2351 ab
2760 2297 2847 2362 iis,
2878 2312 2999 2365 qua:
3044 2298 3111 2351 ad
3166 2296 3625 2351 consecrationem

2068 2388 2414 2444 euehat-istim
2444 2393 2737 2459 pertinent.
2758 2387 3058 2457 Utrumque
3080 2390 3224 2443 enim
3257 2391 3625 2458 precationum

2068 2496 2239 2549 genus
2265 2479 2630 2532 communiter
2664 2476 3095 2531 [iebatEcclesize
3116 2477 3363 2543 nomine;
3392 2478 3458 2530 ad
3488 2491 3627 2531 com-

2071 2586 2261 2627 munes
2298 2583 2490 2639 preces
2528 2569 2790 2623 diaconus
2824 2567 3087 2621 invitabat
3130 2568 3382 2637 populum
3410 2568 3628 2638 ejusque

2069 2661 2233 2714 animi
2264 2659 2616 2713 attentionem
2649 2657 2983 2723 suscitabat;
3012 2658 3076 2711 ad
3104 2659 3499 2714 eucharisticas
3522 2660 3628 2727 ipse

2069 2754 2325 2810 sacerdos
2375 2753 2622 2814 dicendo,
2668 2752 2894 2807 Sursum
2942 2751 3123 2805 corda.
3164 2751 3468 2806 Discrimen
3512 2751 3627 2804 inde

2070 2860 2249 2903 ortum
2303 2854 2434 2917 puto
2482 2846 2625 2914 quod
2666 2846 2843 2915 populi
2881 2862 2974 2901 vos
3015 2848 3069 2899 in
3102 2846 3278 2914 primo
3301 2847 3627 2917 precationis

2070 2955 2270 3012 genere
2290 2937 2592 3001 audiretur,
2615 2937 2669 2990 in
2696 2938 2867 2991 altero
2892 2949 3071 2991 autem
3103 2938 3273 2992 solius
3296 2940 3624 2994 sacerdotis:

2070 3031 2212 3084 unde
2253 3029 2312 3083 S.
2347 3028 2652 3098 Dionysius
2684 3028 3087 3081 Alexandrinus
3129 3029 3195 3081 de
3221 3029 3460 3096 quodam
3498 3028 3626 3082 laico

2068 3124 2145 3176 ait
2198 3122 2338 3190 apud
2392 3119 2584 3173 Euseb.
2622 3120 2715 3172 lib.
2746 3134 2840 3182 vn,
2871 3134 2920 3172 c.
2953 3118 3009 3182 9,
3031 3135 3152 3171 eum
3200 3119 3518 3188 frequenter
3538 3135 3628 3172 au-

2070 3214 2271 3268 vidisse
2305 3211 2713 3274 eucharistiam,
2775 3211 2891 3264 sive
2925 3210 3220 3277 gratiarum
3262 3211 3551 3275 actioaem,
3578 3219 3628 3262 et

2070 3304 2417 3373 respondisse
2444 3302 2627 3355 Amen.
2651 3300 2755 3355 Sed
2780 3301 2920 3354 aliud
2950 3311 3051 3367 est,
3074 3300 3214 3369 quod
3245 3300 3296 3353 in
3324 3300 3424 3354 hoc
3449 3300 3631 3354 discri.

2065 3397 2209 3448 mine
2259 3394 2597 3447 observando
2631 3391 2690 3445 S.
2720 3401 3013 3461 ntartyrem
3065 3400 3309 3444 secutum
3354 3392 3625 3444 existimo.

2066 3485 2285 3541 Sciebat
2333 3499 2524 3554 preces
2578 3484 2716 3546 illas,
2749 3497 2882 3551 quas
2916 3498 3234 3537 communes
3264 3493 3440 3548 vocat,
3467 3497 3532 3535 ex
3563 3495 3625 3533 eo

2064 3589 2182 3629 esse
2203 3574 2582 3644 genere.quod
2614 3574 3004 3626 sacerdotalem
3031 3574 3403 3625 characterem
3440 3584 3625 3626 neces-

2064 3667 2210 3720 sario
2261 3680 2365 3719 non
2422 3665 2694 3733 requirat;
2729 3664 3133 3718 eucharistiras
3179 3675 3359 3717 autem
3391 3666 3542 3717 nullo
3574 3664 3622 3713 in

2063 3766 2330 3812 conventu
2375 3755 2628 3810 eﬂ’ectum
2666 3771 2823 3824 posse
2857 3756 3063 3821 sortiri,
3093 3756 3191 3809 nisi
3218 3770 3313 3824 per
3340 3771 3464 3808 eum
3489 3754 3628 3808 cele-

2063 3846 2311 3913 brentur,
2346 3848 2439 3916 qui
2470 3847 2575 3902 hoc
2614 3848 2936 3901 charactere
2964 3848 3217 3917 signatus.
3240 3855 3295 3901 et
3329 3845 3623 3915 impressus

2062 3940 2156 3993 sit.

2134 4032 2220 4086 Vl.
2261 4033 2336 4086 De
2368 4046 2521 4085 sacra
2575 4031 2955 4084 communione
3005 4045 3110 4085 non
3161 4029 3623 4099 praetermittenda

2061 4132 2187 4178 sunt
2228 4125 2343 4177 haec
2387 4120 2583 4177 Justini
2634 4123 2796 4175 verba
2838 4139 2851 4174 :
2885 4140 2903 4172 ι
2942 4122 3120 4191 Atque
3152 4124 3254 4176 hoc
3304 4124 3618 4176 alimentum

2061 4218 2199 4284 apud
2254 4230 2354 4269 nos
2399 4224 2627 4268 vocatur
2687 4213 3020 4267 eucharistia
3062 4213 3215 4282 cujus
3269 4216 3469 4268 nemini
3499 4214 3623 4267 licet

2059 4321 2179 4361 esse
2223 4304 2496 4375 participi,
2532 4304 2635 4358 nisi
2663 4304 2754 4373 qui
2792 4305 2977 4357 credat
3001 4320 3128 4359 vera
3169 4321 3290 4360 esse
3315 4320 3435 4375 qua:
3458 4305 3622 4359 doce-

2062 4414 2201 4464 mus,
2222 4406 2385 4467 atque
2415 4396 2505 4449 illo
2528 4399 2594 4450 ad
2626 4396 2999 4449 remissionem
3026 4409 3369 4463 peccatorum
3392 4406 3449 4450 et
3472 4409 3622 4463 rege-

388 4502 538 4552 nem,
580 4503 676 4557 pro
719 4489 806 4543 his
859 4490 927 4542 ab
963 4488 1053 4543 illo
1084 4490 1323 4559 acceptis
1356 4490 1511 4544 donis
1555 4491 1768 4560 prolixe
1794 4506 1950 4545 exse-
1984 4508 2028 4561 ι)
2061 4491 2398 4544 nerationem
2456 4488 2675 4542 lavacro
2725 4488 2945 4542 ablutus
2978 4486 3159 4551 fuerit.
3198 4498 3253 4541 et
3286 4489 3357 4540 ita
3389 4488 3535 4541 vivat
3566 4493 3622 4538 ut

386 4580 598 4648 quitur.
635 4579 927 4648 Postquam
958 4593 1157 4651 preces
1179 4590 1231 4633 et
1264 4582 1648 4635 eucharistiam
1698 4582 1947 4645 absolvit,

387 4671 618 4739 populus
668 4672 847 4725 omnis
889 4672 1195 4725 acclamat:
1226 4670 1410 4725 Amen.
1441 4675 1612 4726 Amen
1640 4684 1817 4727 autem
1852 4673 1952 4728 He-

387 4764 529 4815 braea
564 4760 745 4830 lingua
782 4761 921 4815 idem
964 4762 1108 4815 valet
1138 4776 1199 4814 ac
1225 4752 1370 4817 Fiat.
1398 4762 1690 4832 Postquam
1722 4778 1852 4818 vero
1884 4765 1948 4827 is,

386 4852 476 4919 qui
510 4859 732 4919 praeest,
759 4866 949 4919 preces
979 4852 1209 4906 absolvit
1236 4863 1291 4905 et
1323 4853 1553 4923 populus
1573 4855 1751 4908 omnis
1773 4856 1950 4908 accla-

387 4943 585 5006 mavit;
634 4944 724 5011 qui
777 4943 918 5011 apud
980 4958 1079 4998 nos
1109 4944 1365 4998 dicuntur
1397 4945 1611 4998 diaconi
1640 4960 1861 5012 panem,
1896 4956 1950 5001 et

384 5034 597 5099 viuum,
620 5046 673 5088 et
724 5050 942 5104 aquam.
970 5036 1020 5089 in
1046 5036 1242 5106 quibus
1283 5037 1467 5107 gratia:
1495 5047 1630 5092 acta:
1655 5049 1799 5103 sunt,
1828 5041 1947 5092 titti-

384 5124 581 5194 cuique
628 5127 978 5189 praesentium
1028 5127 1399 5196 participanda
1436 5128 1771 5184 distribuunt
1800 5138 1853 5184 et
1881 5131 1947 5184 ad

385 5215 640 5267 absentes
672 5214 973 5282 perferunt.
1007 5234 1024 5266 ι
1057 5215 1171 5270 Non
1202 5217 1417 5272 dillicile
1442 5227 1527 5273 est
1550 5222 1821 5288 explicare
1849 5238 1948 5276 cur

384 5305 528 5358 dicat
580 5303 828 5359 Justinus
887 5307 1224 5361 sacerdotem
1281 5310 1668 5364 eucharistiam
1745 5312 1947 5381 prolixe

385 5396 629 5465 exsequi.
664 5394 794 5449 Erat
843 5397 989 5449 enim
1039 5398 1151 5452 haec
1184 5400 1363 5454 oratio
1402 5401 1573 5456 multo
1604 5400 1813 5470 longior
1859 5403 1944 5471 iis,

385 5501 504 5556 qua:
555 5497 971 5557 praecesserant,
1008 5500 1064 5544 ut
1106 5495 1218 5545 suis
1250 5492 1481 5562 quisque
1525 5494 1697 5548 oculis
1727 5510 1949 5549 cernere

384 5588 559 5647 potest
596 5579 689 5637 lib.
723 5595 815 5636 vnt
847 5582 1156 5647 Constitut.,
1183 5599 1303 5653 cap.
1337 5586 1423 5648 l2,
1458 5596 1513 5639 et
1555 5586 1800 5654 quamvis
1828 5586 1947 5655 plu-

386 5671 523 5722 rima
562 5679 617 5725 et
646 5682 770 5728 ante
797 5683 853 5729 et
893 5685 1013 5745 post
1050 5678 1516 5732 consecrationem
1554 5678 1943 5747 complectere-

383 5770 490 5829 tur,
524 5762 667 5818 nullo
718 5773 897 5821 tamen
940 5767 1295 5823 diaconorum
1336 5767 1669 5838 ministerio,
1689 5770 1830 5823 nulla
1862 5772 1947 5831 ina,

2054 4582 2302 4638 Christus
2352 4581 2587 4636 tradidit.
2623 4600 2642 4633 ι
2672 4580 2896 4635 Videtur
2942 4581 2999 4635 S.
3039 4580 3245 4650 Martyr
3284 4595 3389 4633 non
3444 4581 3617 4635 solum

2052 4677 2394 4731 sacerdotum
2442 4675 2685 4729 indicare
2709 4687 2896 4725 curam
2937 4681 2991 4725 et
3023 4672 3450 4726 sollicitudinem
3487 4680 3546 4725 ut
3590 4683 3620 4722 a

2052 4769 2432 4823 communione
2487 4773 2810 4819 arcerentur
2875 4764 3105 4832 indigni,
3133 4762 3225 4816 sed
3264 4763 3426 4816 etiam
3457 4763 3523 4815 ad
3553 4776 3617 4814 ea

2054 4860 2342 4928 respicere,
2361 4872 2479 4925 qua:
2503 4858 2752 4927 proxime
2782 4864 2910 4907 ante
2928 4855 3365 4908 communionem
3391 4854 3616 4912 fiebant.

2051 4968 2174 5008 cum
2217 4952 2475 5005 sacerdos
2509 4950 2749 5002 diceret:
2778 4946 2977 5001 Sancta
3027 4947 3247 5010 sanctis,
3278 4954 3332 5000 et
3387 4946 3619 5017 pepulus

2052 5042 2413 5111 responderet
2448 5060 2459 5095 :
2494 5038 2642 5093 Unus
2690 5050 2928 5104 sanctus,
2963 5054 3099 5092 unus
3148 5037 3408 5091 Dominus
3457 5038 3616 5092 Iesus

2050 5132 2317 5188 Christus.

2118 5220 2313 5291 Magno
2347 5222 2550 5275 honore
2574 5219 2833 5275 diaconos
2863 5228 3025 5290 auget
3054 5219 3318 5288 Justinus,
3338 5222 3380 5276 si
3412 5232 3617 5275 utram-

2047 5328 2153 5384 que
2178 5315 2411 5383 speciem
2444 5323 2820 5367 coasecratam
2849 5313 2917 5365 ab
2945 5313 3027 5367 eis
3056 5313 3310 5368 distribui
3341 5323 3568 5367 testatur
3596 5352 3609 5364 .

2048 5406 2137 5475 qui
2175 5405 2390 5474 quidem
2450 5405 2586 5458 ritus
2612 5419 2714 5458 nec
2750 5405 2803 5457 in
2847 5404 3086 5458 Romana
3112 5404 3350 5460 Ecclesia
3375 5407 3609 5475 vigebat,

2048 5512 2146 5551 nec
2178 5497 2228 5550 in
2256 5494 2731 5568 Jerosolymitana,
2767 5512 2866 5551 nec
2894 5498 2946 5551 in
2987 5512 3051 5551 ea
3086 5499 3168 5552 cui
3196 5499 3444 5552 addictus
3491 5506 3610 5552 erat

2049 5588 2094 5643 is
2134 5589 2224 5657 qui
2265 5590 2528 5656 apOStolis
2574 5586 2989 5644 Constitutiones
3023 5593 3325 5660 supposuit.
3363 5591 3467 5644 Sed
3505 5590 3610 5643 duo

2046 5679 2183 5746 loca,
2239 5679 2292 5734 in
2340 5682 2535 5750 quibus
2582 5679 2831 5735 Justinus
2872 5682 2939 5737 de
2967 5683 3313 5738 eucharistia:
3347 5681 3606 5736 distribu-

2049 5772 2195 5828 tione
2228 5771 2494 5844 loquitur,
2530 5774 2612 5830 sic
2655 5774 2909 5831 videntur
2940 5775 3300 5846 intelligenda,
3329 5785 3384 5829 ut
3413 5784 3606 5840 panem
