3792 6488
147 422 205 477 81
1160 416 1220 471 D.
1264 415 1527 471 MARANI
1555 411 1941 469 PREFATIO.
1978 442 2049 453 ——
2084 408 2264 464 PARS
2296 406 2358 464 II.
3299 400 3373 454 82

146 546 511 594 consecratum
556 535 769 591 diaconi
817 542 885 592 ad
933 539 1189 592 absentes
1218 538 1537 607 pertulisse,
1570 538 1702 592 cali-
1730 542 1773 597 Α
1802 543 1886 588 est
1945 546 2038 586 eos
2083 528 2564 601 dispensandarum
2594 524 2926 580 oblationum
2954 529 3135 592 partes
3159 518 3369 590 aliquas

146 646 253 683 cem
306 631 663 697 praesentibus
716 631 1064 687 distribuisse
1097 633 1364 693 dicantur,
1400 635 1540 699 quod
1575 632 1677 701 qni-

1804 620 2145 679 sustinuisse.

146 722 255 776 dem
289 721 541 776 Ecclesia:
584 723 963 777 consuetudini
998 734 1421 778 consentaneum
1457 724 1693 791 reperio-

147 822 241 864 tur.
275 809 541 879 Restriugi
600 814 845 879 profecto
897 812 1091 867 debent
1121 812 1180 866 S.
1215 815 1467 883 martyris
1506 813 1692 875 verba,

144 899 222 953 ubi
250 900 314 951 de
334 900 648 955 absentibus
666 903 865 972 agitur,
898 912 953 955 et
981 902 1048 956 de
1068 902 1181 956 solo
1206 918 1345 971 pane
1375 912 1693 958 consecrato

143 990 533 1058 intelligendum
593 994 736 1061 quod
785 994 908 1047 ait:
945 990 1047 1058 Qui
1105 996 1246 1061 apud
1302 1010 1396 1047 nos
1443 995 1694 1047 dicuntur

139 1081 337 1133 diaconi
364 1097 573 1148 panem,
596 1092 644 1134 et
674 1082 864 1148 vinum,
892 1093 937 1136 et
966 1098 1181 1151 aquam,
1204 1083 1258 1136 in
1288 1081 1479 1151 quibus
1508 1084 1693 1151 gratia:

140 1184 260 1224 actm
290 1180 432 1237 sunt,
457 1173 737 1242 unicuique
761 1174 1094 1240 presentium
1116 1175 1484 1243 participanda
1511 1175 1693 1228 distri-

138 1262 291 1315 buunt
340 1276 389 1315 et
439 1265 510 1316 ad
556 1265 794 1318 absentes
822 1266 1117 1333 perferunt.
1144 1265 1224 1319 Ad
1257 1268 1510 1321 absentes
1537 1267 1685 1322 enim

138 1352 270 1406 solus
309 1355 465 1421 panis
518 1364 873 1408 consecratus
919 1353 1152 1424 perferri
1216 1355 1453 1411 solebat.
1509 1356 1685 1411 Simili

137 1444 331 1497 ratione
360 1445 795 1515 restringendum
852 1444 904 1499 id
935 1447 1077 1515 quod
1106 1446 1172 1501 de
1201 1449 1560 1515 pmsentibus
1604 1450 1688 1503 di-

136 1533 290 1598 citur;
335 1533 387 1588 hi
426 1537 575 1588 enim
634 1535 702 1589 ad
756 1535 935 1590 altare
989 1538 1321 1592 accedebant
1356 1549 1410 1593 et
1458 1543 1688 1609 primam

133 1623 348 1690 speciem
380 1623 448 1676 de
478 1639 643 1676 manu
669 1623 969 1678 sacerdotis
996 1630 1306 1691 sumebant;
1336 1626 1477 1680 ealix
1503 1628 1691 1681 distri—

134 1712 382 1767 buebatur
413 1729 444 1766 a
488 1714 757 1771 diacouis.
790 1715 1005 1771 Usitata
1036 1729 1155 1772 erat
1177 1718 1389 1774 Jnstino
1415 1719 1527 1774 haec
1559 1721 1689 1773 duo-

134 1818 235 1857 rum
289 1805 579 1858 verborum
620 1810 686 1860 ad
718 1822 803 1861 res
850 1809 1095 1863 diversas
1140 1811 1528 1878 pertinentium
1557 1826 1684 1865 con-

128 1894 337 1962 juizctio;
376 1897 689 1965 exemplum
724 1912 886 1966 supra
938 1899 1180 1955 vidimus
1220 1916 1344 1969 cap.
1374 1901 1428 1963 .t,
1476 1903 1563 1953 ubi
1613 1901 1678 1954 de

131 1986 314 2053 angi-lis
336 1986 542 2040 Justini
574 1989 939 2043 testimonium
968 1991 1347 2060 expendimus.
1381 1992 1538 2046 Aliud
1577 1994 1678 2047 ha-

132 2076 299 2132 bemus
326 2079 409 2133 bis
446 2080 499 2131 in
537 2080 717 2135 verbis
751 2080 987 2151 Dialog.,
1015 2099 1069 2137 u.
1099 2082 1189 2136 82.
1222 2101 1241 2133 ι
1264 2083 1340 2137 Ne
1363 2083 1678 2153 Scripturas

131 2179 176 2220 et
201 2168 463 2224 Christum
502 2171 853 2235 blasphemiis
884 2176 1154 2242 appetatis
1186 2184 1279 2228 aut
1318 2190 1479 2244 prave
1504 2177 1677 2229 inter-

132 2260 309 2326 pretari
356 2262 651 2317 stndeatis.
692 2283 711 2317 s
753 2262 823 2318 Ut
876 2264 1219 2334 blasphemiae
1265 2268 1332 2322 ad
1372 2266 1675 2331 Christum,

2398 727 2626 783 CAPUT
2667 724 2756 780 XI.

1807 843 1882 897 De
1908 846 2098 897 anima:
2137 843 2531 897 immortalitate
2570 851 2617 894 et
2660 840 2952 892 dmmonum
3002 854 3065 890 ac
3104 837 3363 891 malorum

1978 914 2244 968 hominum
2272 924 2394 966 ante
2422 921 2705 965 extremum
2731 910 2994 980 judicium
3022 917 3184 962 statu.

1796 1047 1833 1096 Ι.
1861 1048 2039 1096 Justini
2074 1048 2348 1095 testimonia
2367 1046 2428 1092 de
2451 1043 2816 1092 immortalitate
2853 1041 3135 1089 animarum.
3158 1038 3217 1088 Il.
3243 1038 3363 1090 Cum

1856 1109 1935 1157 bis
1963 1123 2058 1156 non
2086 1116 2305 1169 pugnant
2348 1119 2459 1168 quae
2485 1107 2720 1169 leguntur
2759 1104 2898 1169 initio
2924 1102 3133 1169 Dialogi.
3158 1100 3241 1150 lli.
3266 1101 3363 1169 Ta-

1858 1172 2019 1219 tianus
2061 1163 2338 1217 defenditur
2368 1163 2611 1215 adversus
2649 1165 2980 1211 doctissimum
3025 1163 3251 1211 abbatem
3296 1163 3365 1210 de

1856 1229 2169 1287 Longuerue.
2194 1229 2275 1277 IV.
2300 1229 2564 1287 Scriptura;
2588 1234 2638 1273 et
2663 1226 2857 1274 Patrum
2885 1225 3161 1287 testimonia
3197 1224 3362 1287 favent

1852 1286 2047 1341 Justino
2070 1297 2123 1339 et
2144 1288 2362 1339 Tatiano.
2386 1286 2443 1338 V.
2473 1290 2729 1337 Demones
2754 1287 2966 1333 nondum
2988 1286 3103 1346 igne
3143 1286 3360 1345 torqueri

1853 1354 2100 1403 existimat
2120 1353 2357 1401 Justinus.
2382 1349 2463 1399 Vl.
2484 1349 2559 1398 De
2584 1346 2723 1398 malis
2744 1348 3020 1396 hominibus
3035 1347 3167 1396 aliud
3187 1348 3357 1395 sentit.

1861 1482 1903 1535 l.
1935 1480 2227 1549 Postquam
2261 1479 2490 1533 disserui
2526 1478 2591 1533 de
2624 1478 2880 1533 subsidiis
2903 1493 2930 1530 a
2970 1477 3189 1532 Christo
3235 1475 3357 1531 Sal-

1791 1582 1977 1626 vatore
2022 1572 2088 1624 ad
2130 1581 2393 1625 :eternam
2440 1570 2604 1621 vitam
2664 1568 2973 1632 concessis,
3004 1569 3250 1636 sequitur
3298 1580 3358 1622 ut

1789 1662 1917 1731 quid
1943 1659 2193 1715 Justinus
2218 1659 2282 1713 de
2302 1659 2608 1712 animarum
2634 1667 2779 1712 statu
2805 1667 2927 1727 post
2954 1660 3203 1721 mortem,
3226 1658 3355 1725 quid

1789 1754 1853 1807 de
1886 1753 2154 1821 iustorum
2206 1765 2639 1813 resurrectione,
2697 1752 2815 1806 sive
2867 1753 2933 1805 de
3000 1766 3164 1819 regno
3208 1752 3355 1804 inille

1714 1861 2051 1924 Bannorum
2106 1844 2377 1909 senserit,
2434 1843 2762 1897 examinem.
2816 1842 2923 1898 Sed
2966 1845 3092 1912 quia
3140 1851 3360 1897 exstant

1782 1937 2034 1991 nonnulla
2060 1952 2183 1991 cum
2209 1936 2347 2004 apud
2383 1935 2441 1989 S.
2463 1942 2773 2003 martyrem,
2805 1944 2912 1988 tum
2948 1936 3086 2003 apud
3120 1934 3359 2002 discipu-

1782 2029 1887 2081 lum
1920 2026 2037 2094 ejus
2064 2026 2372 2092 'l‘atianum,
2428 2038 2548 2094 qua
2580 2039 2701 2078 cum
2734 2024 3035 2078 animarum
3072 2025 3361 2079 immorta-

1780 2120 1928 2172 litate
1951 2132 2192 2187 pugnare
2222 2132 2325 2169 non
2354 2115 2511 2183 pauci
2557 2114 2894 2179 existiment,
2922 2114 3057 2189 nihil
3085 2116 3236 2183 prius
3267 2114 3352 2167 fa-

1778 2208 2053 2270 ciendum,
2076 2220 2234 2274 quam
2260 2213 2318 2257 ut
2363 2212 2613 2257 accurate
2648 2204 2928 2273 vestigem,
2958 2207 3087 2273 quid
3128 2215 3357 2274 uterque

1781 2293 1863 2347 his
1892 2293 1956 2347 de
1993 2294 2152 2347 rebus
2180 2292 2429 2354 senserit;
2463 2309 2529 2346 an
2571 2293 2852 2361 suppliciis
2901 2296 3114 2350 animas
3147 2296 3220 2349 ita
3253 2296 3357 2348 im-

134 2364 279 2415 prara
312 2350 695 2421 interpretatio
725 2355 790 2408 ad
826 2356 1141 2425 Scripturas
1169 2358 1485 2423 referenda,
1521 2359 1591 2411 ita
1622 2360 1675 2413 in

133 2440 449 2497 diaconorunt
510 2446 707 2500 muniis
752 2449 939 2501 eadem
994 2450 1303 2503 adhibenda
1367 2451 1674 2516 distinctio,

134 2532 194 2583 ita
235 2541 286 2584 ut
330 2533 563 2588 calicem
614 2539 975 2605 praesentibus
1028 2540 1396 2606 distribuisse,
1446 2541 1674 2598 alteram

132 2622 333 2701 speciem
358 2624 425 2675 ad
465 2624 726 2681 absentes
757 2631 1046 2697 pertulisse
1073 2630 1347 2686 dicantur.
1384 2632 1475 2686 Sic
1509 2634 1674 2687 etiam

133 2709 464 2770 Tertulliaan
498 2714 578 2769 De
602 2719 802 2784 pudic..
836 2734 886 2774 c.
916 2720 937 2773 1
970 2738 983 2773 :
1018 2719 1101 2775 Ea:
1122 2734 1262 2775 metu
1284 2732 1332 2775 et
1360 2734 1472 2777 voto
1494 2723 1676 2776 ccterni

132 2804 243 2871 ignis
277 2816 320 2858 et
353 2808 522 2876 regni.
548 2809 731 2864 Altero
758 2811 809 2864 in
848 2812 967 2867 loco
1004 2829 1108 2867 non
1144 2814 1539 2870 dicitJustinus
1575 2832 1675 2868 eu-

133 2897 413 2949 charistiam
467 2903 830 2968 praesentibus
876 2904 1128 2957 distribui
1174 2921 1203 2960 a
1244 2906 1514 2970 diaconis,
1575 2908 1673 2962 sed

137 2995 314 3038 tantum
356 2988 422 3041 ad
476 2991 736 3044 absentes
786 2992 938 3059 ferri,
965 2996 1105 3062 quod
1139 2997 1359 3065 quidem
1392 2999 1552 3053 facile
1587 3010 1674 3054 est

137 3074 189 3127 de
214 3077 369 3142 prima
396 3081 584 3147 specie
614 3082 931 3152 intelligere.
963 3086 1051 3139 Ait
1073 3088 1217 3141 enim
1256 3107 1268 3141 :
1313 3108 1333 3139 ι
1364 3090 1583 3153 Eorum,
1620 3092 1671 3145 in

144 3168 316 3235 quibus
336 3173 526 3237 gratia:
562 3184 702 3227 acta:
748 3186 892 3239 sunt,
929 3179 1239 3233 distributio
1271 3181 1327 3236 iit
1350 3190 1403 3234 et
1430 3196 1673 3235 commu-

140 3259 309 3316 nicatio
361 3266 664 3334 unicuique
719 3272 1170 3336 praesentimn,et
1210 3274 1529 3328 absentibus
1575 3290 1672 3342 per

138 3353 361 3409 diaconos
408 3358 667 3413 mittitur.
705 3378 724 3411 ι
753 3361 928 3415 Allata
980 3378 1008 3415 a
1064 3363 1281 3418 Valesio
1318 3367 1564 3435 exempla
1619 3369 1671 3420 in

138 3446 255 3498 notis
284 3447 346 3500 ad
384 3447 527 3503 Ilist.
556 3449 778 3519 Enseb.,
810 3468 861 3522 p.
889 3453 991 3508 156
1017 3465 1069 3508 et
1100 3455 1227 3520 518,
1262 3460 1325 3508 de
1365 3457 1478 3510 solo
1505 3458 1675 3513 calice

140 3536 285 3603 Μοίρι
319 3539 535 3594 debent.
571 3541 724 3607 Quod
776 3547 919 3599 enim
954 3547 1030 3599 ait
1075 3558 1266 3601 auctor
1291 3548 1458 3603 libelli
1485 3548 1559 3601 De
1594 3565 1675 3603 se-

139 3643 250 3689 psem
276 3632 520 3696 gradibus
572 3633 838 3701 Ecclesiae,
876 3646 914 3691 t.
961 3638 1003 3692 V
1046 3637 1384 3710 Hieronymi,
1434 3656 1487 3708 ι).
1523 3641 1626 3695 102
1659 3664 1670 3696 :

140 3712 259 3768 Sicut
303 3720 353 3773 in
392 3724 671 3777 sacerdote
705 3730 1053 3792 consecratio,
1079 3731 1150 3783 ita
1207 3732 1258 3784 in
1310 3732 1550 3785 ministro
1596 3743 1670 3785 est

140 3816 413 3867 sacramenti
463 3816 855 3884 dispensatio...
881 3822 970 3875 ille
1011 3823 1186 3876 oblata
1226 3826 1541 3890 sanctiﬁcat,
1586 3824 1671 3877 hic

141 3904 433 3971 sanctiﬁcata
505 3908 809 3976 dispensat;
890 3914 941 3967 id
990 3914 1103 3980 ipse
1176 3916 1336 3983 paulo
1413 3926 1537 3985 post
1609 3917 1675 3970 de

141 3995 279 4050 calice
316 4001 554 4067 exponit,
600 4015 757 4069 quem
800 4015 913 4071 post
960 4011 1405 4061 consecrationem
1443 4007 1675 4061 omnium

142 4100 553 4162 sacramentorum
601 4110 631 4149 ει
677 4096 905 4150 diacono
962 4098 1099 4151 tradi
1147 4107 1391 4153 testatur.

202 4201 442 4262 Diaconos
485 4206 733 4264 Justinus
784 4211 1072 4265 excludere
1120 4211 1331 4265 videtur
1379 4213 1447 4267 ab
1486 4227 1674 4268 earum

144 4304 295 4348 rerum
334 4298 773 4367 dispensatione,
804 4317 937 4369 quas
979 4301 1163 4355 iideles
1196 4301 1260 4353 ad
1305 4301 1438 4356 cleri
1469 4303 1671 4357 victum

143 4390 188 4435 ct
212 4386 394 4441 cultum
433 4390 756 4445 oﬂ'erehant.
814 4390 905 4446 Sic
959 4393 1102 4446 enim
1161 4393 1430 4460 loquitur,
1476 4411 1530 4447 n.
1559 4393 1672 4447 67:

148 4493 162 4523 ι
193 4476 277 4543 Qui
306 4482 657 4538 abundantet
711 4484 919 4548 volunt,
958 4500 1055 4538 suo
1082 4485 1311 4538 arbitrio
1348 4487 1488 4555 quod
1522 4473 1673 4554 quis-

142 4581 229 4635 que
251 4573 351 4626 vult
381 4574 629 4645 largitur,
662 4585 712 4630 et
739 4577 880 4645 quod
912 4577 1180 4643 colligitur
1205 4579 1344 4646 apud
1382 4594 1505 4631 eum
1531 4618 1547 4643 ,
1578 4579 1673 4648 qui

145 4670 323 4722 pneest.
349 4665 657 4732 deponitur,
685 4682 749 4721 ac
795 4667 909 4735 ipse
961 4667 1212 4720 subvenit
1263 4668 1477 4737 pupillis
1505 4681 1563 4723 et
1593 4673 1675 4723 vi-

142 4748 257 4816 duis,
283 4765 334 4809 et
358 4758 422 4811 iis
453 4761 545 4827 qui
574 4760 655 4813 vel
689 4764 759 4815 ob
801 4766 1066 4828 morbum,
1101 4765 1184 4818 vel
1234 4765 1392 4817 aliam
1432 4765 1501 4817 ob
1549 4779 1676 4817 cau-

146 4851 237 4891 sam
263 4856 429 4912 egent,
482 4858 597 4901 tum
628 4851 790 4903 etiam
849 4853 916 4906 iis
970 4854 1060 4921 qui
1098 4854 1150 4907 in
1188 4854 1420 4908 vinculis
1449 4864 1576 4908 sunt
1622 4865 1677 4909 et

144 4929 516 4991 advenientibus
566 4954 791 5008 peregre
831 4941 1167 5011 hospitibus;
1214 4959 1322 4997 uno
1367 4944 1530 4997 verbo
1556 4959 1677 4998 om-

147 5021 265 5075 nium
300 5027 652 5095 indigentium
693 5046 880 5085 curam
910 5034 1158 5103 suscipit.
1179 5055 1198 5087 s
1239 5035 1365 5090 Hinc
1395 5046 1574 5088 tamen
1599 5037 1676 5091 sic

144 5113 362 5180 explicari
395 5131 641 5186 possunt,
676 5132 734 5176 ut
761 5138 969 5177 sunnua
1020 5130 1317 5181 auctoritas
1368 5142 1537 5196 penes
1564 5126 1677 5197 epi-

145 5218 304 5274 scopos
334 5207 497 5264 fuisse
528 5212 761 5275 dicatur,
802 5214 1200 5271 administratio
1248 5218 1542 5286 episcopali
1578 5233 1673 5270 au-

147 5296 350 5350 ctoritati
404 5299 644 5369 subjecta
695 5318 860 5372 penes
921 5309 1206 5363 diaconos.
1260 5307 1390 5361 Nam
1445 5324 1566 5363 cum
1616 5310 1669 5364 in

148 5381 334 5441 Constit.
359 5401 553 5458 αρσια,
583 5394 674 5448 lib.
702 5412 762 5463 ιι,
799 5416 852 5455 c.
891 5399 983 5466 ‘25,
1013 5402 1201 5454 eadem
1242 5400 1511 5454 tribuatur
1561 5402 1673 5470 epi-

146 5485 278 5542 δεθρο
312 5490 569 5549 potestas,
596 5502 659 5540 ac
686 5489 736 5541 in
771 5490 870 5545 hac
892 5489 1087 5546 Justini
1138 5494 1451 5547 narratione
1476 5510 1491 5558 ;
1521 5504 1671 5562 post-

148 5572 215 5624 ea,
237 5581 282 5621 c.
310 5568 368 5623 3i
402 5583 457 5627 et
484 5575 572 5639 52,
601 5581 971 5646 ριίεεςι-ἰιιὶιιιτ
992 5583 1243 5638 diaconis
1269 5592 1325 5637 ut
1351 5585 1483 5639 nihil
1517 5602 1672 5654 pror-

148 5666 219 5707 sus
261 5659 456 5729 injussu
506 5670 742 5740 episc0pi
788 5671 1125 5743 largiantur;
1159 5677 1299 5746 quod
1350 5686 1668 5747 argumento

200 5814 380 5872 “‘lsai.
412 5836 453 5881 ι,
487 5820 575 5877 20.

1780 2384 2047 2437 minutum
2069 2384 2132 2437 iri
2167 2384 2524 2450 crediderint,
2541 2399 2598 2436 ut
2617 2384 2837 2438 tandem
2857 2386 3149 2455 aliquando
3175 2387 3243 2441 ad
3267 2387 3354 2440 ni-

1781 2472 1949 2527 hilum
1980 2473 2222 2527 redeant.

1850 2564 2003 2631 Quod
2036 2572 2243 2633 spectat
2273 2564 2341 2619 ad
2364 2563 2655 2630 Justinum,
2688 2566 2951 2621 didicerat
2994 2569 3061 2623 ab
3092 2569 3208 2638 ipso
3234 2568 3359 2624 Pla-

1780 2666 1906 2711 tone
1946 2656 2405 2710 immortalitatem
2462 2659 2789 2723 animarum,
2816 2675 2914 2712 nec
2942 2662 3220 2729 probabile
3273 2670 3357 2716 est

1776 2768 1897 2806 eum
1935 2752 1985 2806 in
2016 2753 2322 2808 Christiana
2347 2752 2602 2821 religione
2624 2753 2964 2820 dedidicisse,
2990 2757 3033 2809 si
3063 2758 3191 2823 quid
3227 2755 3355 2810 boui

1777 2858 1808 2897 e
1839 2844 2126 2899 Platonieis
2162 2846 2360 2901 scholis
2407 2847 2701 2902 attulisset.
2749 2847 2888 2913 Quin
2915 2849 3098 2916 potius
3135 2848 3354 2901 aeterni-

1781 2946 1944 2991 tatem
1974 2951 2272 3006 poenarum,
2304 2954 2424 3008 quae
2469 2941 2646 3011 impiis
2683 2940 2735 2994 in
2762 2941 2931 2995 altera
2958 2941 3062 2994 vita
3099 2941 3355 3012 inﬂigun-

1782 3036 1887 3090 tur,
1941 3035 1997 3078 ut
2046 3028 2320 3096 propriqu
2354 3029 2681 3085 Christiana:
2713 3031 2993 3101 religionis
3026 3032 3251 3101 dogma,
3284 3048 3354 3089 ne

1779 3118 1984 3171 Platoni
2019 3119 2237 3185 quidem
2274 3121 2548 3190 cognitum
2582 3122 2844 3178 defendit.
2885 3140 2903 3173 ι
2938 3124 3200 3179 Similiter
3230 3127 3351 3194 qui-

1700 3202 1741 3259 C
1776 3209 1895 3261 dem
1925 3208 2099 3270 Plato,
2121 3212 2253 3265 dicit
2277 3214 2328 3266 in
2357 3214 2612 3283 Apologia
2646 3216 2695 3279 l,
2750 3232 2805 3269 ιι.
2837 3218 2888 3279 8,
2920 3218 3198 3287 improbos
3221 3236 3348 3274 cum

1777 3302 1843 3356 ad
1870 3300 2337 3358 Rhadamanthum
2366 3315 2419 3358 et
2443 3306 2671 3362 Minoem
2706 3311 2972 3375 venerint,
3001 3313 3244 3380 punitmn
3275 3314 3342 3368 iri

1776 3393 1845 3447 ab
1892 3393 2000 3447 illis
2025 3394 2185 3446 dixit.
2225 3393 2332 3448 Nos
2364 3406 2546 3452 autem
2586 3400 2726 3452 idem
2763 3399 2867 3454 illis
2894 3411 3217 3457 eventurum
3264 3404 3347 3459 di-

1776 3484 1968 3549 cimus,
1992 3486 2085 3539 sed
2114 3500 2143 3537 a
2170 3484 2420 3551 Christo;
2464 3487 2626 3557 idque
2660 3492 3050 3547 exsistentibus
3072 3494 3124 3547 in
3157 3494 3346 3547 iisdem

1776 3576 2094 3643 corporibus
2117 3591 2218 3628 una
2245 3591 2368 3630 cum
2394 3578 2506 3631 suis
2530 3582 2837 3647 animabus,
2870 3598 2933 3636 ac
2959 3592 3159 3637 acterna
3183 3598 3343 3652 paena

1776 3664 2088 3732 plectendis.
2118 3681 2224 3719 nou
2267 3666 2412 3720 mille
2442 3685 2704 3723 annorum
2752 3671 3003 3732 circuitu.
3033 3682 3091 3724 ut
3140 3674 3240 3727 iste
3262 3673 3347 3726 di-

1779 3756 1872 3813 xit.
1900 3755 2138 3809 definita.
2167 3775 2186 3808 s
2224 3758 2418 3824 Docet,
2445 3774 2500 3813 ιι.
2537 3759 2631 3824 t7,
2662 3762 3000 3815 Christianos
3043 3763 3268 3817 credere
3293 3773 3348 3819 et

1780 3862 2092 3917 persuasum
2127 3851 2326 3904 habere
2355 3866 2790 3922 umnnqnemque
2814 3871 2905 3922 pro
2939 3858 3135 3909 meritis
3168 3858 3340 3910 actio-

1780 3956 1904 3991 num
1936 3957 2153 3993 suarum
2178 3957 2353 4009 poenas
2402 3945 2520 4011 igne
2551 3954 2747 3999 (eterna
2796 3946 3078 4015 daturum,
3118 3958 3230 4000 tum
3266 3950 3346 4003 sic

1780 4031 2135 4100 imperatores
2170 4034 2503 4103 alloquitur,
2545 4051 2600 4089 ιι.
2655 4037 2763 4090 i8:
2808 4055 2828 4089 ι
2871 4038 3146 4107 Respicite
3182 4041 3344 4093 liuent

1779 4126 2040 4196 cujusque
2067 4129 2407 4197 superiorum
2441 4129 2958 4200 imperatorum,qui
3000 4148 3343 4188 communem

1777 4220 2025 4273 omnibus
2062 4231 2287 4273 mortem
2311 4221 2559 4275 obierunt
2590 4237 2604 4275 :
2636 4237 2754 4289 qua:
2794 4224 2838 4277 si
2882 4224 2931 4276 iu
2972 4235 3175 4278 statum
3219 4241 3346 4278 sen-

1780 4325 1873 4364 sus
1898 4319 2181 4378 expertem
2205 4312 2479 4375 evaderet,
2507 4312 2571 4366 de
2602 4312 2752 4366 lucro
2780 4325 2923 4367 esset
2952 4315 3208 4383 improbis
3226 4331 3344 4368 om-

1778 4401 1958 4455 nibus.
2005 4400 2109 4454 Sed
2130 4402 2254 4471 quia
2299 4416 2491 4457 sensus
2550 4415 2730 4458 manet
2770 4406 2819 4458 in
2867 4408 2931 4459 iis
2964 4408 3215 4461 omnibus
3253 4409 3342 4475 qui

1780 4494 2141 4556 exstiti-runt.
2171 4508 2235 4546 ac
2272 4494 2535 4562 supplicia
2568 4509 2772 4549 aeterna
2808 4500 3042 4566 reposita
3089 4510 3247 4563 sunt;
3278 4515 3345 4552 ne

1780 4598 1878 4636 vos
1909 4584 2088 4652 pigeat
2115 4583 2230 4636 bmc
2263 4598 2387 4637 vera
2420 4600 2542 4639 esse
2590 4586 2992 4653 persuaderi‘ac
3047 4591 3292 4643 credere.
3318 4609 3337 4640 ι

1780 4672 2015 4728 Αὲὶιενηο
2044 4674 2151 4743 igni
2186 4674 2389 4728 nullum
2415 4676 2641 4730 omnino
2680 4677 2837 4731 tinem
2878 4688 3116 4733 statuere
3147 4680 3343 4749 potuit,

1780 4780 1902 4819 cum
1930 4765 2069 4819 hunc
2092 4780 2333 4820 errorem
2384 4768 2436 4820 in
2464 4767 2694 4822 Platone
2737 4771 2973 4838 exagitet
3005 4810 3020 4832 ,
3051 4787 3113 4824 ac
3146 4773 3345 4839 impro-

1777 4855 1863 4910 bis
1891 4855 1957 4910 de
1984 4856 2135 4911 lucro
2168 4856 2415 4911 futurum
2441 4859 2608 4923 dicat,
2632 4861 2675 4913 si
2708 4861 2761 4913 in
2791 4871 2989 4914 statum
3022 4878 3214 4916 sensus
3242 4878 3343 4916 ex-

1778 4955 1987 5014 pertem
2012 4948 2324 5002 evaderent.
2365 4948 2488 5003 Haec
2529 4951 2924 5004 conﬁrmantur
2951 4969 3015 5005 ex
3057 4970 3111 5005 ιι.
3135 4953 3223 5013 52,
3250 4955 3338 5007 ubi

1776 5038 1856 5091 sic
1884 5038 1961 5091 ait
1985 5053 1999 5089 :
2047 5058 2065 5089 ι
2089 5038 2245 5104 Quod
2266 5046 2447 5093 autem
2467 5039 2669 5095 dictum
2687 5050 2770 5098 est
2785 5044 2852 5074 ’θ’
2888 5060 2902 5094 :
2934 5040 3156 5096 Clodius
3181 5045 3341 5104 depa-

1775 5138 1877 5181 scet
1904 5144 2012 5193 vos,
2040 5144 2143 5181 non
2180 5127 2321 5181 hanc
2344 5127 2451 5181 vim
2493 5139 2545 5182 et
2574 5132 2899 5187 sententiam
2933 5132 3116 5195 habet,
3150 5143 3207 5185 ut
3235 5134 3340 5201 glu-

1775 5217 1864 5272 dio
1908 5221 2133 5273 necandi
2165 5223 2278 5275 siut
2325 5222 2549 5290 quinon
2612 5224 2925 5292 paruerint;
2982 5226 3074 5278 sed
3128 5224 3338 5291 gladius

1773 5311 1869 5365 Dei
1904 5311 2045 5380 ignis
2069 5319 2173 5379 est,
2200 5312 2351 5381 cujus
2385 5328 2506 5369 esca
2548 5314 2705 5380 liunt,
2733 5315 2822 5383 qui
2868 5316 3003 5369 mala
3035 5325 3256 5382 patrare
3284 5316 3336 5369 in

1771 5402 2011 5456 animum
2051 5404 2333 5459 inducunt.
2369 5403 2507 5461 Hinc
2537 5407 2610 5459 ait
2644 5423 2657 5460 :
2688 5406 2911 5461 Gladius
2956 5409 3191 5474 deposcet
3224 5424 3335 5462 vos.

1776 5492 1849 5548 0s
1882 5496 2021 5549 enim
2050 5496 2260 5551 Domini
2280 5497 2513 5552 locutum
2547 5511 2646 5554 est.
2677 5502 2830 5564 Quod
2870 5501 2914 5554 si
2953 5501 3017 5554 de
3043 5511 3265 5556 secante
3285 5512 3341 5557 et

1771 5587 2056 5644 confestim
2082 5590 2390 5646 dimittente
2418 5592 2607 5662 gladio
2621 5593 2951 5665 loqueretur,
2977 5608 3081 5648 non
3110 5595 3335 5661 diceret,

1771 5679 2027 5751 deposcet.
2059 5702 2076 5733 s
