3792 6506
388 388 458 442 εδ
1300 397 1356 454 S.
1398 398 1734 457 JUSTINUS
1771 402 2248 461 PHILOSOPHUS
2285 406 2374 462 ET
2411 406 2721 462 MARTYR.
3572 415 3646 468 84

458 508 515 564 la
549 513 778 568 exordio
819 515 1092 586 Apologiw
1120 517 1342 573 alterius
1369 522 1705 582 Christianos
1733 527 1960 594 appellat
1995 537 2040 591 Α
2070 540 2214 584 stras
2247 545 2352 584 non
2385 544 2414 583 a
2444 532 2659 600 seipsis,
2690 531 2851 608 scda
2890 530 3000 584 Deu
3033 531 3489 586 immortalitatem
3540 551 3644 587 ac-

388 615 480 654 eos
507 605 706 671 quibus
738 622 1057 674 persuasum
1103 624 1186 665 est
1244 614 1507 680 improbos
1554 628 1600 669 et
1651 619 1958 674 libidinosas

389 697 736 765 a'ternoigne
766 702 1128 755 excruciatum
1165 705 1254 767 iri,
1288 707 1497 760 virtutis
1517 718 1692 761 autent
1730 710 1960 765 cultores

388 793 536 836 extra
565 802 767 841 omnem
799 795 1182 858 perpessionem
1236 813 1353 850 cunt
1407 797 1515 852 Deo
1563 801 1811 854 victuros.
1844 800 1959 855 Non

391 876 566 945 magis
591 893 722 950 ergo
754 881 1124 950 improborum
1175 890 1458 960 suppliciis
1506 891 1667 946 tinent
1705 896 1964 950 statuisse

390 965 654 1023 dicendus
678 982 783 1036 est,
815 988 976 1042 quam
1014 977 1277 1032 bonorum
1304 982 1558 1047 prtemiis.
1586 983 1787 1037 lbidetn
1810 987 1961 1040 eom-

379 1072 658 1115 memorat
688 1062 956 1121 laudauda
993 1072 1236 1126 mulieris
1259 1073 1580 1128 Christianae
1608 1079 1809 1141 studia,
1843 1093 1962 1146 quae

388 1157 445 1200 ut
475 1153 730 1206 maritum
783 1171 813 1211 e
854 1158 1080 1229 ﬂagitiis
1115 1165 1461 1230 retraheret,
1498 1167 1856 1222 denuntiabat
1912 1171 1961 1223 ei

385 1238 569 1306 futura
593 1242 871 1302 libidinose
897 1267 959 1303 ac
982 1263 1176 1310 prater
1198 1265 1394 1309 rectam
1411 1255 1666 1310 rationem
1683 1259 1963 1314 virentibus

384 1332 440 1382 in
473 1344 670 1390 (eterna
695 1338 812 1406 igne
841 1343 1122 1410 supplicia.

455 1419 523 1474 ll.
548 1424 682 1478 Cum
707 1428 808 1482 hac
838 1428 1041 1486 Justini
1071 1433 1320 1488 doctrina
1351 1438 1648 1492 conciliare
1682 1441 1964 1508 aggrediar

387 1526 507 1579 Qua:
550 1516 603 1568 itt
646 1521 892 1588 speciem
919 1525 1215 1593 pugnantia
1275 1526 1531 1596 leguntur
1562 1531 1714 1585 initio
1759 1532 1961 1600 Dialogi

381 1618 503 1658 cum
534 1606 843 1684 Tryphoue,
897 1629 1000 1669 non
1056 1617 1142 1670 illa
1194 1619 1413 1688 quidem
1476 1623 1548 1674 ab
1583 1622 1699 1691 ipso
1745 1621 1954 1677 ,Ιυειὶιιιι

383 1708 684 1776 diSptttata,
717 1708 810 1761 sed
854 1724 882 1761 a
925 1713 1156 1776 quodam
1212 1728 1342 1767 sene
1385 1711 1713 1780 Christiano,
1742 1729 1806 1767 ex
1852 1729 1958 1783 quo

380 1801 564 1853 audita
601 1799 766 1853 refert
795 1809 848 1853 et
881 1802 1073 1870 probat
1103 1803 1162 1858 S.
1185 1814 1413 1875 martyr.
1427 1804 1719 1874 Postquatu
1748 1805 1961 1860 Justiuo

2062 623 2260 690 cipere.
2303 625 2361 676 Ιο
2393 623 2524 677 Eam
2571 632 2779 678 tantum
2819 624 3285 678 immortalitatem
3343 626 3643 678 animabus

2059 714 2292 784 denegat
2326 714 2566 772 Iustinus
2587 756 2602 780 ,
2636 731 2757 785 qum
2791 731 2914 770 cum
2968 716 3044 771 rei
3087 729 3286 770 creatze
3321 717 3648 770 conditione

2060 809 2357 864 consistere
2408 824 2511 862 non
2571 807 2762 876 possit.
2809 827 2828 860 ι
2863 807 3048 877 Neque
3087 810 3252 862 etiam
3309 809 3646 864 immortalis

2060 899 2239 951 anima
2269 899 2519 952 dicenda.
2556 896 2688 952 Nam
2708 898 2751 952 si
2791 899 3110 954 immortalis
3131 939 3146 963 ,
3176 900 3342 954 etiam
3391 901 3647 970 profecto

2065 990 2320 1060 ingenita.
2359 1009 2377 1041 ι
2415 990 2528 1045 Non
2578 1007 2698 1044 eam
2747 1005 2878 1059 ergo
2913 991 3378 1046 immortalitatem
3435 993 3643 1061 rejicit,

2062 1098 2183 1152 quae
2208 1101 2275 1138 ex
2335 1085 2426 1140 Dei
2471 1087 2743 1142 voluntate
2784 1087 3006 1155 pendet,
3034 1088 3126 1142 sed
3157 1103 3279 1142 eam
3322 1105 3484 1158 quant
3529 1090 3641 1143 sibi

2064 1175 2371 1245 philosophi
2400 1179 2643 1232 nonnulli
2667 1180 3019 1248 arrogabattt,
3047 1181 3137 1249 qui
3156 1220 3172 1245 ,
3207 1189 3266 1234 ut
3293 1190 3452 1234 antea
3483 1181 3638 1235 dice-

2064 1269 2173 1331 hat,
2207 1285 2226 1319 ι
2262 1284 2382 1322 cum
2446 1270 2810 1324 immortalem
2842 1280 2897 1326 et
2953 1271 3332 1339 incorporeum
3391 1270 3640 1324 animant

2062 1373 2180 1414 esse
2201 1371 2425 1429 ponant,
2459 1377 2554 1416 nec
2579 1377 2768 1432 poenas
2799 1363 3024 1416 daturos
3061 1376 3121 1416 se
3165 1371 3376 1432 putant,
3427 1364 3473 1416 si
3500 1363 3642 1432 quid

2065 1453 2187 1507 ntali
2227 1453 2453 1509 fecerint
2483 1457 2616 1526 (pati
2646 1457 2790 1510 enim
2821 1472 2923 1510 non
2959 1466 3133 1525 potest
3161 1454 3419 1524 quidquid
3451 1457 3648 1510 incor-

2065 1560 2283 1611 porcum
2313 1546 2446 1616 est),
2473 1563 2570 1602 nec
2593 1547 2705 1614 jam
2735 1547 2862 1608 Deo,
2895 1565 3016 1603 cum
3051 1549 3372 1604 immortalis
3414 1549 3484 1603 sit
3516 1547 3646 1601 ani-

2064 1649 2168 1695 ma,
2202 1635 2495 1704 quidquam
2527 1637 2789 1709 indigent.

2134 1724 2197 1777 2°
2229 1725 2353 1782 Hice
2389 1728 2785 1784 conﬁrmantur
2831 1746 2894 1788 ex
2936 1733 3019 1788 his
3061 1747 3180 1802 qua:
3222 1733 3373 1786 addit
3420 1747 3639 1786 senex:

2066 1832 2084 1864 ι
2126 1814 2181 1868 Si
2214 1817 2443 1872 mundus
2469 1820 2681 1887 genitus
2721 1829 2828 1885 est,
2870 1835 3094 1876 necesse
3132 1828 3215 1876 est
3245 1823 3456 1874 animas
3500 1837 3646 1889 quo-

389 1891 666 1960 persuasit
704 1907 870 1946 senex
906 1893 1251 1963 philosophos
1292 1897 1344 1949 itt
1395 1897 1509 1952 suis
1552 1899 1617 1952 de
1647 1898 1824 1951 anima
1855 1898 1955 1951 dis-
1993 1894 2032 1947 Β
2062 1921 2166 1975 ψιε
2201 1909 2410 1976 genitas
2437 1924 2582 1972 esse,
2613 1925 2676 1966 ac
2705 1927 2862 1980 posse
2892 1928 2996 1966 non
3030 1913 3316 1968 exsistere.
3352 1911 3468 1966 Non
3507 1920 3646 1968 sunt

379 1982 756 2050 putationibus
792 1992 933 2039 totos
957 2002 1174 2052 errare,
1203 2002 1301 2042 nec
1344 1989 1474 2058 quid
1523 1989 1594 2044 sit
1631 1991 1811 2044 anima
1856 2005 1956 2044 ex-

385 2074 592 2140 plicare
622 2091 804 2144 posse,
839 2076 954 2130 hate
977 2078 1126 2132 addit
1155 2095 1169 2131 :
1206 2098 1222 2128 ι
1257 2079 1442 2148 Neque
1485 2081 1650 2134 etiam
1680 2082 1958 2136 immorta-

379 2163 446 2218 lis
473 2165 648 2218 attinta
684 2166 906 2222 dicenda
932 2177 1046 2235 est;
1068 2185 1190 2222 ttant
1213 2170 1256 2224 si
1282 2171 1600 2226 immortalis
1625 2175 1789 2227 etiam
1826 2188 1957 2241 pro-

378 2259 524 2316 fecto
553 2262 813 2331 ingenita.
841 2281 860 2314 ι
905 2262 1040 2316 Tum
1083 2265 1279 2332 quierit
1325 2279 1390 2318 ex
1435 2263 1649 2320 Justiuo
1675 2282 1744 2319 att
1802 2284 1956 2320 mun-

380 2353 508 2407 dttttt
545 2355 845 2425 ingenitum
877 2357 1084 2409 credat.
1128 2354 1424 2427 Negantem
1459 2358 1738 2412 collaudat
1767 2375 1956 2425 senex,

382 2460 446 2498 ac
475 2446 548 2498 ita
580 2447 983 2501 ratiocinator:
1025 2465 1043 2499 ι
1082 2449 1236 2515 Quod
1261 2449 1305 2503 si
1337 2449 1570 2506 mundus
1598 2451 1809 2520 genitus
1851 2462 1956 2518 est,

377 2551 603 2590 necesse
633 2547 716 2592 est.
746 2539 958 2593 animas
1007 2555 1224 2609 quoque
1265 2543 1478 2608 genitas
1507 2557 1660 2605 esse,
1689 2558 1753 2598 ac
1799 2558 1957 2613 posse

376 2641 482 2679 non
513 2629 798 2683 exsistere.
830 2629 966 2683 Sunt
995 2631 1140 2684 enim
1174 2630 1329 2686 factte
1379 2633 1661 2688 hominum
1707 2650 1770 2690 ac
1795 2645 1956 2690 caete-

377 2733 564 2772 roruut
614 2718 926 2774 animalium
979 2735 1177 2784 causa,
1209 2723 1252 2775 si
1303 2723 1526 2776 omnino
1573 2727 1863 2794 separatim
1894 2741 1956 2782 ac

377 2827 484 2866 non
533 2827 637 2865 una
677 2827 799 2866 cum
862 2813 1099 2883 prepriis
1147 2815 1471 2884 corporibus
1521 2817 1734 2883 genitas
1784 2819 1952 2874 dices.

377 2902 493 2956 Non
519 2919 650 2972 ergo
680 2904 1015 2960 immortales
1044 2915 1190 2961 sunt.
1221 2925 1240 2958 ι
1287 2906 1600 2961 Asseutitur
1627 2907 1872 2964 Justinus
1901 2920 1957 2965 et

378 2996 569 3062 quaerit
589 3010 654 3050 ex
685 3011 813 3050 sene
843 3005 1025 3050 utrum
1049 2996 1189 3050 idem
1220 2998 1287 3052 de
1313 2999 1606 3055 animabus
1629 3001 1792 3064 dicat,
1813 3003 1954 3070 quod

377 3084 532 3142 Plato
563 3090 628 3142 de
657 3088 881 3148 mundo.
912 3104 1074 3156 quem
1109 3089 1444 3158 corruptioni
1478 3091 1793 3157 obnoxium,
1822 3108 1954 3161 qua-

379 3188 534 3233 tenus
559 3191 776 3235 creatus
806 3192 908 3248 est,
928 3181 1023 3236 sed
1057 3192 1234 3236 tamen
1267 3184 1356 3235 Dei
1394 3183 1667 3238 voluntate
1693 3197 1949 3253 perman-

374 3288 561 3326 surum
595 3275 819 3340 statuit;
847 3290 914 3328 an
953 3291 1085 3329 vero
1116 3275 1231 3329 inec
1267 3273 1546 3330 Platonem
1584 3286 1640 3332 et
1678 3275 1952 3348 Pythago-

376 3376 490 3414 ram
535 3363 762 3418 latuisse
800 3364 948 3418 velit.
997 3363 1134 3418 Tum
1183 3379 1395 3418 senex:
1441 3384 1459 3416 ι
1494 3364 1635 3418 Nihil
1671 3365 1949 3422 Platonem

374 3467 560 3506 moror
607 3468 710 3507 nec
765 3453 1158 3524 Pythagoram,
1191 3470 1293 3509 nec
1348 3470 1678 3524 quemquam
1708 3457 1949 3522 omnino,

374 3547 466 3614 qui
500 3547 630 3600 talia
665 3547 940 3616 opinetur.
978 3549 1068 3602 Sic
1100 3557 1284 3602 autem
1317 3564 1377 3602 se
1405 3548 1610 3602 veritas
1640 3549 1835 3602 habet:
1867 3548 1948 3602 id-

373 3651 479 3706 que
509 3638 632 3692 inde
658 3640 958 3707 perspicies
989 3657 1004 3694 :
1043 3641 1223 3694 anima
1276 3641 1359 3694 vel
1391 3641 1502 3694 vita
1535 3650 1638 3704 est,
1671 3641 1753 3695 vel
1787 3641 1947 3694 vitam

376 3729 554 3784 habet.
590 3731 744 3796 Quod
769 3733 812 3786 si
853 3733 963 3785 vita
1004 3742 1108 3797 est,
1146 3746 1250 3786 non
1281 3733 1392 3801 ipsa
1418 3749 1446 3785 a
1476 3747 1564 3798 se,
1589 3733 1682 3786 sed
1712 3731 1852 3784 aliud
1883 3731 1952 3784 ab

373 3839 438 3878 eo
467 3827 633 3878 vitam
666 3826 884 3894 accipit,
913 3829 1366 3896 quemadmodum
1414 3839 1591 3881 motus
1622 3825 1765 3879 aliud
1794 3826 1952 3895 quid-

374 3913 520 3982 piam
552 3924 752 3979 movet,
784 3931 946 3984 quam
969 3917 1232 3984 scipsuut.
1281 3917 1531 3970 Animam
1563 3926 1741 3968 autem
1769 3909 1953 3970 vivere

374 4021 530 4061 nemo
561 4009 859 4078 negaverit.
891 4010 994 4063 Sed
1033 4011 1077 4062 si
1108 4010 1258 4072 vivit,
1300 4024 1409 4062 non
1461 4009 1582 4062 ideo
1628 4008 1780 4071 vivit,
1803 4011 1949 4076 quod

376 4100 482 4153 vita
520 4100 613 4166 sit,
662 4101 756 4155 sed
806 4101 950 4170 quod
1003 4100 1126 4154 vitae
1158 4102 1450 4170 particeps.
1501 4101 1661 4155 Aliud
1690 4109 1869 4154 autem
1900 4101 1949 4154 id

373 4193 516 4261 quod
560 4192 792 4262 alicujus
847 4201 933 4248 est
987 4194 1282 4262 particeps,
1317 4193 1459 4246 aliud
1495 4193 1548 4246 id
1594 4193 1766 4261 ipsum
1797 4195 1951 4261 cujus

369 4293 454 4338 est
479 4285 774 4354 particeps.
811 4285 942 4340 Vita:
972 4295 1152 4339 autent
1191 4285 1371 4338 aninta
1418 4296 1501 4340 est
1551 4286 1838 4356 particeps,
1885 4302 1951 4341 eo

373 4376 516 4444 quod
553 4391 673 4432 eam
706 4378 846 4431 Deus
877 4378 1060 4432 vivere
1091 4379 1258 4443 velit;
1292 4377 1538 4433 similiter
1560 4380 1828 4449 particeps
1851 4381 1951 4433 ali-

370 4470 590 4535 quando
619 4484 724 4522 non
754 4471 880 4534 erit,
918 4486 1040 4525 cum
1073 4488 1195 4526 eant
1244 4471 1390 4526 Deos
1422 4471 1605 4526 vivere
1657 4472 1819 4526 nolet.
1848 4471 1950 4526 Ne-

2059 2012 2188 2067 ergo
2220 2000 2573 2056 immortales.
2606 2021 2623 2054 ι
2667 2003 2722 2055 In
2754 2019 2819 2058 eo
2856 2017 2987 2072 ergo
3032 2004 3366 2060 immortales
3423 2005 3649 2060 animas

2061 2097 2240 2156 negat,
2269 2093 2412 2161 quod
2435 2103 2655 2161 possent
2677 2109 2783 2148 non
2807 2096 3101 2160 exsistere;
3130 2111 3228 2150 nec
3257 2093 3499 2148 futurum
3523 2104 3641 2149 sta-

2061 2181 2184 2246 tttit,
2213 2191 2272 2235 ut
2302 2183 2592 2252 aliquando
2632 2187 2896 2242 exsistere
2967 2187 3237 2252 desinant,
3287 2188 3381 2241 sed
3429 2187 3483 2241 id
3522 2185 3649 2242 ﬁeri

2064 2288 2220 2342 posse
2248 2277 2540 2330 contendit.

2127 2369 2185 2425 5°
2219 2369 2352 2423 Cum
2409 2371 2649 2424 animam
2697 2371 2966 2426 victuram
3020 2381 3205 2440 negat,
3239 2371 3283 2427 si
3335 2369 3479 2426 Deus
3512 2385 3640 2426 eam

2058 2459 2244 2517 vivere
2318 2463 2586 2526 noluerit,
2669 2473 2778 2519 tota
2857 2465 3152 2534 disputatio
3241 2474 3492 2518 versatur
3570 2465 3648 2518 de

2058 2555 2255 2608 animae
2324 2568 2553 2622 natura,
2626 2573 2726 2612 nec
2795 2557 2968 2627 magis
3041 2557 3108 2611 de
3182 2557 3447 2611 malorum
3515 2559 3642 2611 ani-

2060 2646 2250 2700 mabus
2328 2645 2551 2702 disserit
2637 2662 2849 2712 senex,
2923 2661 3087 2717 quam
3165 2647 3234 2703 de
3316 2646 3642 2716 iustorum;

2053 2721 2150 2791 sed
2205 2737 2496 2806 cujuslibet
2546 2739 2744 2794 animae
2803 2739 2882 2793 sic
2932 2749 3307 2808 comparatam
3361 2749 3484 2791 esse
3530 2752 3639 2789 na-

2059 2839 2235 2885 turam
2261 2831 2577 2897 contendit,
2611 2841 2670 2885 ut
2711 2846 2811 2886 nec
2856 2831 2965 2885 vita
3015 2831 3126 2894 sit,
3175 2845 3273 2884 uec
3311 2831 3422 2884 vita
3462 2829 3647 2898 ipsius

2056 2927 2276 2995 propria
2335 2927 2425 2980 sit.
2465 2923 2833 2992 Quamobrem
2897 2941 3006 2980 non
3053 2925 3226 2988 magis
3282 2923 3387 2978 dici
3445 2931 3638 2988 potest

2057 3018 2320 3072 malorum
2355 3019 2637 3090 suppliciis
2670 3020 2830 3074 linem
2877 3019 3156 3080 statuisse,
3184 3032 3346 3087 quam
3379 3015 3642 3070 felicitati

2051 3110 2343 3181 justorum.

2121 3264 2178 3318 4°
2209 3264 2500 3335 Conceptis
2556 3268 2738 3322 verbis
2798 3267 3040 3323 declarat
3084 3282 3252 3323 senex
3289 3265 3464 3321 nullas
3511 3267 3638 3320 ani-

2055 3373 2173 3412 mas
2232 3357 2391 3411 ntori.
2445 3359 2538 3412 Sic
2595 3361 2740 3413 enim
2791 3361 3072 3414 reddenda
3125 3370 3253 3414 sunt
3306 3361 3421 3415 [nec
3482 3358 3638 3412 illius

2053 3449 2239 3514 verba.
2262 3460 2320 3502 ttt
2341 3451 2392 3504 itt
2417 3452 2695 3506 notatione
2717 3453 2782 3506 ad
2809 3452 2954 3506 hunc
2976 3453 3149 3506 locum
3169 3452 3640 3518 ohservavi,ét)ti.&

2055 3542 2161 3613 μὴν
2230 3541 2351 3594 οὐδὲ
2419 3541 2781 3615 ἀποθνήσκειν
2843 3544 2987 3614 φημὶ
3051 3543 3229 3606 πάσας
3289 3542 3388 3606 τὰς
3449 3544 3636 3614 ψυχᾶς

2052 3634 2195 3705 ἐγώ,
2251 3645 2356 3690 etc.
2393 3655 2409 3686 ι
2440 3635 2553 3691 Non
2581 3645 2764 3690 tamen
2800 3638 2980 3706 perire
3028 3637 3155 3693 dico
3203 3635 3341 3691 ullas
3378 3638 3631 3699 animas;

2055 3743 2185 3782 vere
2219 3728 2364 3782 enim
2402 3728 2470 3783 de
2500 3728 2652 3784 lucro
2676 3729 2730 3784 id
2757 3739 2907 3784 esset
2941 3730 3225 3798 improbis.
3259 3728 3395 3797 Quid
3432 3730 3587 3799 igitut
3609 3732 3639 3785 ἲ

2055 3818 2276 3875 Piorum
2323 3822 2549 3891 quidem
2598 3821 2810 3876 animas
2849 3821 2902 3874 itt
2943 3821 3168 3876 meliore
3214 3821 3334 3876 loco
3379 3839 3638 3889 manere,

2055 3912 2366 3981 iniquorutn
2397 3923 2575 3966 autem
2606 3923 2662 3967 et
2705 3913 2972 3968 malorum
3028 3915 3082 3966 in
3113 3915 3405 3979 deteriore,
3430 3913 3636 3982 judicii

2059 4015 2274 4077 tempus
2308 4017 2707 4076 exspectantes.
2729 4007 2822 4062 Sic
2855 4007 2970 4062 ista:
2998 4023 3120 4061 cunt
3140 4006 3316 4077 digna:
3345 4009 3454 4061 Deo
3475 4008 3636 4077 judi-

2053 4110 2191 4154 catzc
2252 4099 2480 4165 fuerint,
2538 4115 2642 4154 non
2691 4099 2806 4168 jam
2863 4099 3097 4169 amplius
3142 4099 3485 4170 tttoriuutur;
3537 4101 3634 4154 ιιω

2053 4206 2184 4246 vero
2235 4191 2540 4260 partiuntur
2589 4192 2834 4260 quaudiu
2866 4207 2960 4246 eas
3013 4208 3135 4246 esse
3166 4204 3222 4245 et
3262 4191 3445 4261 puttiri
3479 4191 3635 4246 Deus

2054 4284 2348 4338 voluerit.»
2390 4282 2448 4338 Si
2475 4286 2541 4338 de
2566 4282 2720 4338 lucro
2750 4293 2898 4340 esset
2954 4284 3224 4354 improbis
3263 4285 3432 4348 mori;
3463 4283 3636 4338 nulla:

2051 4391 2182 4445 ergo
2226 4375 2422 4430 anittta:
2447 4381 2792 4443 moriuntur;
2826 4393 2947 4430 nam
2972 4377 3142 4447 iustis
3170 4381 3437 4432 astrttitur
3462 4388 3634 4431 mter—

2054 4467 2218 4524 nitas.
2275 4467 2544 4538 Usurpata
2573 4485 2600 4522 a
2637 4485 2770 4524 sene
2823 4469 3083 4539 loquendi
3135 4471 3274 4524 ratio
3300 4485 3442 4538 saepe
3475 4469 3632 4524 idem

371 4572 477 4624 que
499 4559 645 4613 enim
682 4571 739 4613 ut
763 4559 883 4625 Dei,
916 4561 988 4613 ita
1020 4563 1184 4615 etiam
1223 4563 1418 4616 anima:
1447 4565 1666 4632 propria
1692 4564 1802 4617 vita
1836 4573 1938 4617 est.
1975 4577 2017 4630 ι)
2053 4563 2328 4630 signiﬁcat
2380 4578 2443 4616 ac
2497 4562 2728 4619 nulluut.
2799 4563 2891 4617 Sic
2932 4565 3073 4632 apud
3124 4562 3390 4628 Paulum,
3456 4561 3629 4620 Rom.

371 4651 477 4704 Sed
505 4651 966 4720 quemadmodum
999 4653 1161 4707 hante
1207 4671 1313 4708 nett
1341 4671 1558 4724 semper
1583 4666 1812 4718 constat,
1842 4671 1939 4710 tte-

370 4759 476 4812 qne
513 4753 772 4813 perpetuo
809 4759 1005 4813 corpus
1055 4761 1178 4799 cum
1230 4747 1412 4800 anima
1459 4745 1806 4814 conjunctum
1836 4757 1942 4808 est,

369 4836 486 4902 sed,
519 4850 640 4888 cunt
667 4835 804 4890 solvi
828 4846 1043 4906 oportet
1073 4838 1434 4900 harmoniam,
1469 4839 1723 4908 relinquit
1746 4853 1944 4906 corpus

370 4929 579 4992 anima,
627 4945 728 4986 nec
767 4926 879 4998 jam
930 4938 1107 4983 exstat
1143 4931 1336 4995 homo;
1393 4931 1668 4994 similiter,
1725 4932 1943 5001 quando

367 5019 604 5075 animam
656 5035 763 5075 non
806 5017 920 5088 jam
962 5034 1082 5076 esse
1139 5031 1428 5092 oporteat,
1485 5023 1712 5078 discedit
1770 5023 1838 5077 ab
1879 5037 1941 5077 ea

368 5115 596 5185 spiritus
636 5113 841 5180 vitalis,
887 5129 988 5168 ttec
1024 5115 1142 5184 jam
1185 5125 1366 5170 exstat
1406 5115 1609 5181 anima,
1654 5119 1748 5172 sed
1802 5118 1943 5172 unde

367 5207 565 5260 educta
598 5215 706 5271 est,
731 5219 796 5259 eo
832 5207 1144 5260 revertitur.

441 5299 500 5355 Si
545 5300 650 5354 rite
696 5299 1061 5360 attendamus,
1089 5315 1194 5354 non
1253 5299 1435 5356 favent
1475 5301 1589 5356 lure
1631 5304 1940 5357 testimonia

369 5392 618 5446 absurdae
648 5391 915 5460 opinioni,
947 5407 1110 5460 quam
1137 5393 1442 5448 Dodwellus
1475 5409 1580 5447 non
1626 5394 1697 5448 ita
1730 5396 1941 5464 pridem

367 5482 508 5550 apud
537 5481 739 5549 Anglos
780 5480 1022 5536 defendit
1052 5497 1116 5536 ac
1166 5486 1371 5538 sanctis
1419 5482 1669 5538 Patribus
1717 5483 1940 5551 alliuxit,

367 5571 584 5626 animas
611 5587 797 5626 eorum
833 5573 927 5642 qui
959 5588 985 5626 a
1017 5572 1221 5642 Spiritu
1271 5584 1458 5629 sancto
1499 5578 1802 5645 rcgenerati
1848 5590 1943 5643 per

369 5661 699 5729 baptismum
747 5679 852 5717 non
901 5663 1074 5729 fuere,
1129 5665 1444 5719 interiturus
1483 5667 1775 5734 aliquando
1805 5668 1939 5720 etin

371 5753 602 5808 nihilum
660 5756 948 5809 redituras.
989 5755 1136 5810 Nihil
1189 5757 1335 5811 aliud
1391 5757 1494 5812 hoc
1542 5761 1662 5814 loco
1694 5756 1941 5813 Justinus

372 5857 466 5900 aut
491 5861 657 5902 senex
694 5848 780 5904 ille
815 5849 1156 5905 Christianus
1197 5850 1414 5918 docent,
1449 5852 1550 5906 nisi
1598 5852 1808 5908 animas
1839 5867 1936 5907 uo-

2051 4668 2149 4717 ttt,‘
2207 4655 2310 4710 ‘20:
2363 4655 2452 4722 Ἐξ
2485 4654 2660 4728 ἔργων
2711 4655 2876 4725 νόμου
2906 4657 2966 4707 οὐ
3007 4655 3426 4723 δικαιωθήσεται
3470 4657 3628 4708 πᾶσα

2047 4746 2202 4818 σάρξ.
2259 4747 2341 4800 Ex
2390 4750 2631 4817 operibus
2689 4748 2816 4817 legis
2862 4764 2966 4800 non
3005 4748 3392 4816 justi/imbitur
3447 4751 3624 4803 omnis

2045 4855 2191 4895 caro.
2231 4839 2386 4905 Quod
2441 4840 2578 4893 dixit
2615 4855 2844 4908 serpens
2891 4839 3106 4893 mulieri
3147 4855 3162 4892 :
3195 4839 3259 4892 Τί
3298 4840 3380 4893 ὅτι
3413 4834 3568 4892 εἶπεν
3594 4842 3625 4893 ὁ

2044 4931 2198 4996 Θεὸς,
2229 4933 2289 4985 οὐ
2336 4932 2410 5003 μὴ
2456 4933 2666 5002 φάγητε
2721 4932 2829 4985 ἀπὸ
2880 4931 3080 4993 παντὸς
3116 4929 3272 4996 ξύλου
3307 4919 3408 4984 ’τοῦ
3441 4947 3625 5001 παρα-

2043 5022 2259 5089 δείσους
2296 5024 2406 5078 Cur
2439 5025 2688 5095 pra'cepit
2721 5024 2863 5078 vobis
2898 5023 3042 5078 Deus
3073 5035 3126 5077 ut
3153 5039 3257 5077 non
3278 5025 3620 5078 comederetis

2045 5116 2108 5169 de
2139 5117 2283 5170 omni
2309 5116 2452 5187 ligno
2474 5117 2743 5184 paradisi?
2763 5115 2902 5171 Gen.
2946 5133 3027 5181 ιιι,
3072 5117 3124 5179 t,
3164 5117 3216 5168 in
3275 5116 3379 5170 hoc
3410 5117 3617 5170 tuenti-

2047 5219 2158 5262 tuttt
2191 5223 2314 5263 esse
2362 5220 2676 5278 serpentem
2725 5209 3042 5262 existimant
3107 5206 3366 5275 lrentcns,
3415 5207 3508 5262 lib.
3560 5223 3616 5272 ν,

2043 5315 2164 5369 eap.
2200 5300 2300 5366 2'5;
2333 5298 2588 5361 Tertull.,
2621 5299 2713 5352 lib.
2765 5314 2800 5352 II
2857 5310 3043 5353 contra
3093 5299 3456 5364 Marcionem,
3487 5313 3614 5368 cap.

2044 5390 2141 5456 10;
2191 5391 2474 5452 Ambros.,
2522 5387 2616 5442 lib.
2661 5387 2738 5443 De
2789 5391 3016 5458 pat‘ad.;
3057 5390 3366 5460 ChrysosL,
3418 5385 3625 5446 houtil.

2044 5484 2112 5536 16
2137 5486 2190 5535 in
2218 5482 2431 5544 Genes.,
2455 5496 2687 5549 eumque
2717 5481 2890 5550 prima
2915 5484 3207 5536 avocanda:
3225 5497 3253 5535 a
3280 5481 3387 5535 Deo
3417 5481 3614 5536 mulie-

2045 5575 2119 5628 ris
2148 5581 2480 5628 teutamenta
2515 5573 2594 5626 sic
2647 5573 2892 5627 molitum
2945 5589 3088 5640 esse,
3125 5576 3278 5645 quasi
3315 5575 3456 5630 Deus
3485 5575 3613 5628 nul-

2047 5667 2150 5720 lius
2179 5665 2318 5734 ligni
2337 5680 2494 5718 nsunt
2524 5665 2907 5721 concessisset.

2113 5758 2170 5812 5°
2195 5757 2498 5822 Quaesierat
2535 5758 2780 5813 Justinus
2810 5773 2875 5812 ex
2901 5774 3029 5814 sene
3067 5775 3135 5812 an
3177 5773 3308 5819 non,
3341 5768 3396 5812 ut
3452 5772 3608 5811 ttttttt—

2042 5851 2169 5906 dum
2197 5849 2382 5916 Plato,
2437 5851 2514 5906 sic
2573 5849 2688 5920 ipse
2737 5851 2950 5906 animas
2998 5865 3094 5905 sua
3155 5849 3376 5920 quidem
3412 5859 3602 5918 sponte
