3792 6472
136 395 207 449 85
1157 400 1217 454 Ι).
1265 401 1530 456 ΜΑΒΑΝΙ
1572 401 1731 458 ΡΒιΕ

1912 403 1964 459 L).
2004 436 2072 445 —
2107 403 2289 461 PARS
2324 405 2391 460 ll.
3347 405 3418 459 86

142 514 483 573 immortales
539 536 646 575 non
695 534 838 585 esse,
901 524 995 577 sed
1057 534 1241 580 tamen
1309 528 1402 581 Dei
1447 528 1733 584 voluntate

1912 547 2037 583 ωσιν
2061 529 2156 583 τοῦ
2191 529 2326 583 Θεοῦ
2361 528 2729 599 πεποιημένη.
2766 545 2783 579 ι
2817 527 2931 581 Non
2964 537 3047 582 est
3093 528 3419 583 immortalis

137 618 377 662 attentas
408 608 525 663 fore
551 612 774 666 diceret.
809 615 1057 669 Addebat
1091 618 1231 670 idem
1291 617 1538 672 Justinus
1594 618 1719 672 Pla-

142 696 357 751 tonicus
382 698 559 752 solum
593 701 759 755 Deum
796 720 893 757 nec
933 706 1173 775 genitum
1224 723 1348 763 esse
1401 726 1501 765 nec
1539 724 1728 764 corru-

143 788 318 856 ptioni
348 790 675 857 obnoxium,
709 806 907 849 caztera
946 813 1077 853 vero
1124 812 1245 868 post
1276 816 1399 855 emn
1459 803 1642 871 genita
1673 813 1730 856 et

138 883 482 951 corruptioni
530 884 789 950 obnoxia,
825 898 880 940 et
916 888 1043 942 talia
1082 902 1140 943 ut
1190 892 1401 947 aboleri
1435 898 1650 962 possint
1675 903 1731 949 et

134 971 248 1039 jam
283 974 435 1028 nulla
463 991 606 1042 esse,
647 987 811 1048 atque
854 983 956 1036 hoc
1002 984 1175 1053 ipsum
1215 1000 1395 1041 causa:
1431 1000 1583 1050 esse,
1633 1002 1731 1039 cur

140 1068 342 1122 anima:
388 1072 693 1126 moriantur
738 1085 795 1128 et
833 1077 1152 1143 puniantur.
1197 1077 1329 1133 Nam
1367 1080 1411 1133 si
1475 1080 1732 1147 ingenitae

140 1171 352 1225 essent,
382 1177 489 1217 non
526 1164 769 1235 futurum
806 1176 864 1219 ut
897 1180 1226 1236 pecearent,
1279 1182 1333 1223 et
1384 1171 1616 1225 stultitia
1649 1186 1732 1225 re-

142 1255 475 1323 dundarent,
499 1272 552 1313 et
582 1262 790 1331 ignavae
823 1276 915 1317 aut
975 1265 1188 1321 feroces
1239 1278 1445 1332 esseut,
1482 1278 1578 1321 aut
1632 1283 1729 1322 sua

139 1360 340 1415 sponte
371 1351 423 1404 in
456 1368 583 1407 sues
644 1357 944 1423 migrarent
999 1368 1052 1412 et
1104 1368 1387 1428 serpentes
1436 1372 1490 1415 et
1541 1377 1729 1417 canes.

139 1438 196 1491 ln
234 1442 341 1492 hac
380 1444 654 1495 sententia
685 1445 820 1498 nihil
854 1446 922 1501 de
953 1449 1257 1503 animarum
1313 1452 1732 1509 immortalitate

140 1532 483 1595 detrahitur;
537 1536 629 1589 sed
681 1540 881 1606 genita:
936 1551 1068 1595 sunt
1121 1557 1188 1597 ac
1227 1543 1362 1598 tales
1418 1556 1477 1599 ut
1521 1546 1731 1601 aboleri

139 1628 381 1692 possint.
428 1627 564 1683 Mori
598 1642 781 1686 autem
816 1632 1097 1699 dicuntur,
1133 1647 1408 1704 quatenus
1444 1639 1731 1693 mutationi

140 1736 205 1773 ac
235 1721 392 1776 vitiis
440 1723 690 1778 obnoxiae
738 1736 883 1781 sunt.
922 1727 1079 1784 Hunc
1117 1730 1487 1799 corruptionis
1527 1742 1731 1787 statum

138 1831 288 1882 saepe
322 1828 557 1870 mortem
590 1819 856 1888 appellari
894 1820 1056 1874 modo
1112 1820 1417 1878 videbimus
1452 1842 1465 1877 :
1502 1823 1617 1893 ipse
1644 1840 1734 1879 se-

1833 623 2032 685 anima,
2067 638 2100 677 o
2135 622 2335 686 Graeci,
2368 637 2463 692 per
2486 623 2745 689 seipsant,
2778 620 2871 675 sed
2924 620 3203 684 mortalis;
3239 631 3419 688 potest

1834 724 2014 769 tamen
2044 718 2234 770 eadem
2284 730 2390 769 non
2437 716 2602 768 mori.
2631 714 2865 768 Moritur
2893 715 3037 767 enim
3074 723 3129 766 et
3168 714 3419 769 dissolvi-

1836 815 1924 859 tur
1952 822 2332 877 cumrorpore
2384 807 2638 861 veritatis
2693 807 2915 876 ignara;
2970 806 3209 873 resurgit
3236 815 3417 858 autem

1834 910 2026 969 postea
2057 901 2109 954 in
2138 899 2244 954 ﬁne
2268 900 2454 954 mundi
2488 916 2595 954 una
2626 915 2749 953 cmn
2775 914 3028 968 corpore,
3070 909 3298 951 mortem
3324 914 3421 965 per

1834 993 2101 1063 supplicia
2134 994 2189 1047 in
2226 993 2646 1048 immortalitate
2681 992 2980 1060 accipiens.
3010 991 3215 1045 Rursus
3238 1001 3421 1045 autem

1835 1100 1941 1137 non
1974 1084 2222 1147 moritur,
2260 1083 2479 1138 etiamsi
2518 1083 2763 1137 solvatur
2792 1084 2859 1135 ad
2910 1092 3156 1152 tempus,
3194 1080 3289 1136 Dei
3323 1096 3420 1135 co-

1836 1176 2083 1245 guitione
2120 1175 2442 1229 instructa.»
3408 1180 3413 1185 ’

1910 1263 2017 1318 Sed
2056 1264 2228 1332 liquet
2266 1263 2461 1317 mortis
2493 1262 2716 1317 nomine
2753 1278 2861 1316 non
2910 1262 3343 1317 destructionem
3369 1270 3426 1315 et

1836 1354 2136 1408 abitionem
2164 1354 2218 1406 in
2249 1353 2477 1407 nihilum
2503 1353 2802 1420 designari,
2826 1352 2920 1405 sed
2946 1352 3205 1405 miserum
3228 1352 3424 1404 annua:

1838 1462 1865 1500 a
1901 1447 2012 1501 Deo
2045 1445 2240 1500 aliena:
2294 1454 2519 1499 statum.
2555 1443 2689 1498 Nam
2726 1444 2897 1513 ipsam
2958 1443 3421 1498 iunnortalitatem

1841 1538 2194 1607 reproborum
2261 1546 2479 1591 mortem
2552 1538 2612 1590 in
2666 1535 3068 1590 immortalitate
3135 1538 3419 1605 appellare

1839 1646 1946 1684 non
1978 1632 2214 1684 dubitat.
2266 1629 2398 1695 ane
2442 1639 2747 1698 sequuntur
2800 1628 3145 1699 expressiora
3194 1640 3321 1684 sunt
3355 1630 3423 1683 ad

1839 1724 1984 1776 illius
2034 1730 2268 1775 mentem
2317 1721 2752 1791 perspiciendam
2799 1738 2813 1774 :
2883 1720 3021 1774 Καθ’
3070 1720 3269 1791 ἑαυτὴν
3315 1721 3425 1791 γὰρ

1840 1812 2032 1875 σκότος
2072 1810 2210 1872 ἐστὶ,
2252 1810 2345 1863 xai
2381 1810 2533 1863 οὐδὲν
2574 1810 2631 1863 ἐν
2662 1810 2800 1880 αὐτῇ
2830 1808 3115 1878 φωτεινόν,
3152 1808 3247 1863 καὶ
3267 1809 3425 1863 τοῦτό

140 1924 247 1961 nex
278 1908 445 1976 paqu
481 1919 642 1964 antea
680 1912 902 1966 dicebat
968 1912 1181 1967 animas
1219 1916 1517 1981 iustorum,
1579 1926 1727 1986 post-

1912 1926 1979 1961 :w
2010 1908 2116 1980 ἄρα
2145 1907 2205 1959 τὸ
2232 1906 2539 1977 εἰρημένον·
2575 1926 2592 1958 ι
2641 1905 2706 1959 Ἠ
2732 1878 2921 1959 σκοτία
2948 1905 3010 1958 τὸ
3031 1905 3147 1975 φῶς
3176 1905 3237 1957 οὐ
3259 1921 3427 1957 κατα-

136 2016 304 2068 quain
336 2010 605 2055 aeternum
648 2003 931 2058 felicitatis
958 2014 1161 2059 statum
1200 2006 1411 2075 adepta:
1446 2018 1598 2072 sunt,
1625 2024 1731 2063 non

134 2093 249 2159 iam
302 2093 543 2161 amplius
605 2098 768 2149 mori.
822 2095 979 2149 Nulla
1033 2113 1165 2167 ergo
1203 2099 1409 2155 residet
1471 2116 1647 2169 neque
1676 2102 1729 2154 in

143 2182 247 2236 hoc
270 2197 431 2249 sene,
458 2200 634 2254 neque
659 2188 711 2241 in
768 2186 988 2243 Justino
1042 2191 1252 2246 erroris
1313 2193 1575 2262 suspicio.
1612 2192 1730 2249 Jam

145 2273 332 2327 citatis
385 2271 585 2328 Justini
637 2278 975 2332 testimoniis
1036 2280 1167 2333 illud
1224 2280 1433 2337 addere
1486 2282 1620 2338 libet
1666 2298 1733 2337 ex

148 2359 401 2432 Dialogo,
435 2380 490 2417 n.
523 2366 650 2419 150.
708 2385 726 2417 ι
755 2368 829 2421 Ex
862 2368 998 2423 Isaia
1027 2371 1321 2426 didicimus
1380 2372 1641 2438 futurum,
1679 2384 1737 2429 ut

149 2453 397 2506 membra
424 2456 907 2523 praevaricatorum
942 2475 971 2515 a
1008 2477 1193 2516 verme
1224 2474 1279 2517 et
1310 2464 1431 2535 igne
1463 2464 1731 2519 inexstin-

148 2552 237 2597 cto
263 2557 559 2613 verentur,
590 2548 919 2605 immortalia
976 2556 1374 2621 permanentia,
1414 2558 1489 2609 ita
1526 2566 1585 2609 ut
1611 2570 1735 2623 spe-

146 2636 368 2691 ctaculo
403 2638 519 2692 sint
552 2642 696 2694 omni
730 2644 904 2697 cerni.
934 2663 951 2695 ι
985 2646 1085 2710 Qui
1116 2647 1333 2716 corpori
1366 2648 1735 2703 immortalita-

148 2738 251 2781 tem
291 2738 407 2783 tam
435 2742 824 2788 asseveranter
875 2737 1152 2803 attribuit,
1208 2756 1277 2793 an
1325 2740 1520 2795 animae
1561 2742 1773 2808 potuit'

148 2821 463 2891 denegare?

215 2908 302 2962 ΙΙΙ.
339 2911 561 2965 Tatiani
597 2914 925 2967 sententiam
966 2916 1228 2984 prmclare
1264 2933 1585 2988 expressam
1642 2920 1739 2973 ha-

149 3001 344 3055 bemus
381 3002 433 3057 in
470 3002 728 3058 Oratione
756 3011 1007 3060 adversus
1039 3008 1277 3072 Cra‘cos.
1309 3011 1360 3064 in
1395 3028 1501 3079 qua
1543 3014 1622 3067 sic
1660 3013 1741 3066 lo-

147 3093 355 3160 quitur,
412 3110 468 3145 n.
517 3094 632 3148 ‘25:
683 3095 854 3165 Σῶμά
898 3115 987 3162 τις
1043 3094 1181 3153 εἶναι
1229 3100 1377 3169 λέγει
1424 3103 1583 3155 Θεόν·
1628 3105 1741 3173 ἐγὼ

1834 2000 2120 2071 λα’μϐἀνει.
2157 2020 2173 2051 ι
2210 2000 2368 2071 Ψυχὴ
2418 1998 2527 2072 γὰρ
2588 1999 2690 2052 οὐκ
2745 1998 2885 2069 αὑτὴ
2932 1998 2993 2051 τὸ
3037 1996 3253 2067 πνεῦμα
3287 1996 3426 2049 ἔσω-

1839 2108 1951 2153 σεν,
1993 2090 2170 2162 ἐσώθη
2244 2090 2301 2143 δὲ
2336 2090 2426 2142 ὑπ’
2486 2089 2675 2153 αὑτοῦ,
2716 2091 2808 2142 καὶ
2841 2088 2901 2141 τὺ
2928 2087 3044 2158 φῶς
3068 2088 3167 2159 τὴν
3208 2087 3428 2140 σκοτίαν

1837 2182 2153 2236 κατέλαϐεν.
2216 2183 2273 2235 Ὁ
2318 2184 2489 2251 Λόγος
2535 2183 2632 2253 μὲν
2668 2182 2781 2234 ἔστι
2829 2182 2890 2234 τὸ
2957 2181 3051 2234 τοῦ
3102 2180 3237 2234 Θεοῦ
3288 2181 3425 2249 φῶς,

1840 2278 2031 2338 σκότος
2080 2275 2135 2327 δὲ
2182 2277 2214 2345 ὴ
2282 2276 2675 2345 ἀνεπιστήμων
2708 2274 2878 2344 ψυχή.
2937 2273 3036 2327 Διὰ
3088 2272 3247 2326 τοῦτο
3289 2274 3425 2344 μόνη

1840 2368 1938 2437 μὲν
1978 2366 2332 2437 διαιτωμένῃ,
2373 2365 2510 2437 πρὸς
2548 2366 2645 2437 τὴν
2702 2364 2833 2435 ὓλην
2887 2365 3033 2417 νεύει
3078 2366 3249 2429 κάτω,
3305 2382 3428 2417 συν-

1838 2460 2255 2529 αποθνήσκουσα
2278 2461 2345 2529 τῇ
2382 2458 2563 2529 σαρκί.
2598 2456 2864 2527 Συζυγίαν
2891 2457 2948 2511 δὲ
2982 2457 3296 2527 κεκτημένη
3325 2456 3427 2526 τὴν

1837 2553 1930 2606 τοῦ
1962 2554 2103 2606 θείου
2150 2552 2485 2623 Πνεύματος,
2527 2552 2627 2604 οὑκ
2667 2551 2813 2604 ἔστιν
2856 2550 3179 2621 ἀϐοήθητος·
3203 2548 3429 2619 ἀνέρχε-

1838 2663 1927 2698 ται
1954 2646 2009 2697 δὲ
2043 2645 2179 2715 πρὸς
2228 2644 2373 2715 ἆπερ
2434 2644 2604 2715 αὐτὴν
2654 2642 2837 2712 ὁδηγεῖ
2870 2642 3043 2713 χωρία
3076 2641 3136 2694 τὸ
3180 2640 3424 2711 Πνεῦμα.

1846 2758 1864 2791 ι
1895 2738 1999 2794 Per
2028 2753 2085 2792 se
2125 2738 2271 2791 enim
2313 2736 2495 2789 anima
2553 2734 2690 2790 nihil
2719 2735 2867 2789 aliud
2922 2744 3027 2801 est,
3060 2748 3227 2803 quam
3274 2743 3427 2787 tene-

1840 2832 1970 2899 brae,
2006 2845 2106 2884 nec
2149 2829 2443 2898 quidquam
2510 2828 2564 2881 in
2620 2842 2684 2880 ea
2747 2826 3097 2881 luminosutn.
3160 2828 3339 2896 Atque
3375 2826 3429 2879 id

1844 2927 2018 2993 ipsum
2061 2933 2139 2978 est
2175 2923 2321 2991 quod
2375 2921 2578 2976 dicitur
2613 2942 2623 2975 :
2652 2918 2900 2975 Tenebra:
2933 2919 3103 2973 lucem
3134 2935 3237 2973 non
3280 2934 3425 2972 com-

1840 3016 2167 3084 prehendunt
2193 3010 2474 3083 "'.Neqne
2496 3012 2643 3067 enim
2667 3012 2851 3066 anima
2878 3011 3129 3082 spiritum
3159 3010 3426 3072 servavit,

1844 3109 1936 3165 sed
1982 3110 2095 3178 ipsa
2124 3109 2190 3162 ab
2224 3121 2289 3162 eo
2322 3115 2540 3161 servata
2574 3116 2678 3170 est,
2720 3114 2779 3160 et
2827 3104 2919 3159 lux
2957 3104 3215 3160 tenebras
3242 3119 3430 3172 appre-

143 3184 197 3236 as
225 3184 559 3255 ἀσώματον·
621 3187 811 3240 ἄλυτον
875 3184 1016 3242 εἶναι
1050 3191 1142 3244 τὸν
1191 3192 1413 3264 κόσμον,
1465 3194 1576 3264 ἐγὼ
1621 3196 1739 3249 λυό-

1912 3200 2057 3253 τιιιιίι.
2094 3198 2188 3253 Est
2240 3206 2422 3251 autem
2471 3196 2713 3252 Verbum
2767 3194 2952 3249 divina
3016 3194 3145 3258 lux;
3180 3194 3431 3247 tenebrae

148 3292 305 3344 μενον
327 3293 340 3305 ·
380 3276 698 3348 ἐκπύρωσιν
733 3281 1051 3335 ἀποϐαίνειν
1090 3283 1231 3337 κατὰ
1281 3288 1523 3357 καιροὺς,
1555 3287 1665 3356 ἐγὼ
1690 3288 1745 3341 δὲ

144 3367 402 3433 εἰσάπαξ.
444 3371 656 3440 Κριτὰς
703 3369 840 3426 εἶναι
891 3375 1046 3429 Μίνω
1074 3377 1167 3429 καὶ
1214 3370 1599 3450 Ῥαδάμανθον,
1635 3382 1746 3451 ἐγὼ

145 3457 198 3510 δὲ
232 3460 409 3512 αὑτὸν
461 3461 554 3515 τὸν
585 3462 737 3515 Θεόν·
774 3466 1273 3532 ἀπαθανατίζεσοαι
1315 3472 1481 3542 μόνην
1509 3474 1607 3543 τὴν
1644 3474 1745 3543 ψυ-

146 3552 264 3621 χὴν,
298 3552 416 3621 ἐγὼ
442 3553 499 3606 δὲ
528 3555 622 3608 καὶ
647 3556 706 3608 τὸ
736 3558 830 3610 σὺν
854 3559 989 3630 αὐτῇ
1019 3561 1262 3631 σαρκίον.
1293 3581 1312 3613 t
1337 3564 1429 3618 Est
1454 3567 1546 3635 qui
1577 3566 1742 3623 Deum

151 3658 353 3711 corpus
384 3661 510 3699 esse
549 3646 721 3708 dient,
751 3664 851 3717 ego
881 3651 1299 3719 incorporeum;
1340 3657 1598 3709 ttntndutn
1623 3672 1743 3714 esse

149 3738 623 3804 indissolubilem,
660 3758 761 3813 ego
789 3744 1230 3809 dissolvendum;
1261 3748 1741 3817 conﬂagrationetn

150 3835 321 3888 variis
349 3834 699 3901 temporibus
746 3837 993 3901 evenire,
1044 3854 1145 3908 ego
1174 3841 1343 3894 semel
1383 3852 1739 3910 eventuram;

144 3926 361 3992 iudices
398 3939 526 3979 esse
562 3925 792 3980 Minoem
824 3940 878 3980 et
912 3929 1407 3995 Rhadamantlnnn,
1440 3949 1543 4002 ego
1569 3934 1739 3990 Deum

149 4020 361 4087 ipsum;
401 4018 580 4071 solam
632 4019 872 4074 animam
928 4022 1343 4077 innnortalitate
1384 4025 1605 4091 donari,
1639 4044 1742 4099 ego

149 4125 377 4163 carnem
408 4124 630 4177 quoque
685 4126 808 4164 cum
839 4113 1045 4166 anima.
1087 4132 1107 4164 ι
1150 4112 1256 4169 Sed
1306 4128 1486 4170 tamen
1542 4119 1743 4173 animae

149 4202 627 4256 iuunortalitatem
653 4218 681 4256 a
699 4202 933 4257 Tatiano
961 4206 1145 4275 negari
1168 4217 1355 4261 censet
1383 4209 1740 4266 doctissimus

151 4294 329 4347 abbas
365 4295 434 4347 de
492 4293 818 4362 Longuerue
869 4295 922 4349 in
984 4298 1415 4366 dissertatione,
1468 4317 1591 4369 qua:
1620 4314 1743 4371 post

149 4387 462 4440 orationem
505 4385 722 4440 Tatiani
758 4396 941 4442 exstat
982 4388 1034 4441 in
1085 4390 1217 4443 edit.
1261 4389 1434 4445 Oxon.
1507 4413 1525 4443 ι
1557 4392 1743 4448 Tatia-

150 4494 273 4541 nus,
308 4478 509 4547 inquit,
563 4479 780 4533 indocte
807 4480 964 4549 juxta
995 4498 1057 4539 ac
1082 4483 1246 4551 impie
1298 4494 1460 4554 negat
1497 4486 1734 4541 animam

1848 3308 1979 3348 vero
2012 3293 2262 3363 imperita
2324 3293 2525 3345 anima.
2581 3288 2935 3359 Quapropter
2960 3290 3003 3343 si
3036 3289 3201 3358 degat
3238 3287 3426 3342 solita—

1847 3388 1949 3450 ria,
1992 3388 2246 3439 deorsum
2276 3384 2343 3437 ad
2377 3382 2667 3438 materiam
2726 3384 2921 3451 vergit,
2953 3397 3061 3434 una
3104 3396 3229 3434 cum
3261 3395 3431 3434 carne

1848 3479 2113 3532 moriens.
2146 3477 2283 3529 Cum
2320 3476 2505 3530 divino
2546 3485 2727 3528 autem
2772 3474 2979 3545 Spiritu
3012 3474 3286 3543 copulata,
3322 3487 3427 3526 non

1845 3582 1995 3623 caret
2021 3567 2250 3629 auxilio,
2278 3568 2370 3620 sed
2404 3582 2471 3621 eo
2496 3565 2770 3629 ascendit,
2794 3580 2903 3636 quo
2930 3566 3218 3619 deducitur
3241 3582 3271 3618 a
3304 3565 3427 3633 Spi-

1849 3663 2007 3717 ritu.»
2045 3660 2160 3715 Huc
2189 3676 2323 3729 ergo
2372 3661 2513 3714 redit
2554 3660 2642 3714 illa
2678 3674 2829 3715 mors
2876 3658 3075 3713 anima:
3113 3660 3202 3713 Dei
3238 3659 3428 3727 cogni-

1847 3756 1994 3810 tione
2024 3755 2320 3820 destitutze,
2385 3765 2445 3809 ut
2505 3755 2759 3809 deorsum
2811 3762 3017 3824 vergat,
3052 3770 3152 3808 nec
3184 3751 3425 3823 Spiritus

1847 3847 2053 3902 auxilio
2110 3846 2327 3902 sursum
2386 3846 2613 3901 feratur.
2644 3848 2715 3901 At
2766 3846 2810 3900 si
2858 3846 3114 3902 deorsum
3167 3846 3338 3915 vergit
3370 3854 3425 3899 et

1845 3941 2130 3994 materiam
2170 3940 2393 4010 quaerit,
2421 3955 2529 3995 non
2575 3948 2663 3994 est
2688 3940 2933 4009 profecto
2977 3949 3193 3992 mortua
3223 3946 3281 3993 et
3328 3938 3424 3993 dc-

1844 4039 2075 4085 structa.
2110 4030 2243 4085 Sine
2278 4048 2442 4085 causa
2478 4048 2609 4100 ergo
2638 4036 2726 4085 vir
2777 4032 3129 4087 doctissimus
3161 4034 3267 4087 duo
3298 4034 3422 4087 ani-

1846 4138 2060 4176 tnarutn
2097 4139 2297 4193 genera
2354 4124 2609 4179 distinxit
2661 4126 2803 4195 apud
2839 4123 3125 4179 Tatianum
3149 4166 3163 4191 ,
3196 4142 3425 4195 quarum

1846 4213 1967 4267 alia:
1997 4217 2324 4276 moriantur,
2385 4215 2511 4269 alia:
2568 4216 2883 4271 solvantur.
2936 4214 3122 4269 Nullas
3180 4218 3429 4281 agnoscit

1846 4303 2131 4369 Tatianus,
2162 4322 2284 4375 quae
2309 4322 2415 4361 non
2446 4308 2779 4362 solvantura
2802 4322 3031 4376 corpore
3061 4324 3075 4373 ;
3110 4308 3285 4362 nullas
3308 4322 3428 4377 qua:

1846 4399 2152 4451 moriantur
2180 4414 2302 4453 cum
2335 4414 2593 4469 corpore.

1914 4486 2100 4541 Multis
2127 4486 2252 4542 aliis
2281 4488 2440 4542 rebus
2468 4488 2711 4542 declarat
2738 4488 3002 4542 Talianus
3029 4488 3239 4542 animas
3257 4490 3426 4543 etiam

153 4572 457 4627 humanam
507 4585 703 4628 natura
767 4576 1133 4633 immortalem
1198 4594 1337 4635 esse.
1414 4580 1746 4637 Pronuntiat
1776 4571 1824 4631 Ι)
1852 4577 2121 4630 malorum
2142 4593 2316 4646 usque
2337 4578 2404 4632 ad
2436 4580 2895 4633 resurrectionem
2933 4579 3426 4649 perntanere.Cum

150 4668 299 4719 enim
335 4672 703 4737 quorumdam
736 4670 1014 4725 hominum
1052 4672 1267 4727 animas
1313 4676 1451 4729 mori
1486 4690 1592 4729 una
1618 4692 1740 4730 cum

150 4761 513 4828 corporibus;
545 4760 773 4815 aliorum
827 4776 963 4818 vero
1012 4764 1147 4818 solvi
1191 4764 1441 4835 quidem,
1478 4768 1574 4820 sed
1629 4783 1739 4821 non

150 4854 315 4906 mori.
349 4852 535 4921 Atque
565 4855 669 4909 hoc
721 4866 1089 4910 commentum
1144 4873 1315 4914 novus
1366 4859 1741 4915 inconsidera-

151 4954 350 5015 tusque
392 4946 657 5014 magister
691 4945 913 5002 Gra‘cos
961 4952 1175 5003 docet.»
1213 4950 1387 5006 Locus
1423 4953 1491 5007 ab
1527 4954 1740 5008 erudito

151 5038 269 5089 viro
300 5039 509 5091 citatus
563 5040 823 5103 occurrit,
855 5041 1026 5104 n.13,
1066 5042 1152 5096 ubi
1207 5044 1286 5097 sic
1343 5042 1582 5113 legitur:
1626 5045 1741 5098 Οὐκ

150 5128 295 5180 ἐστιν
320 5127 611 5192 ἀθάνατος,
645 5129 835 5200 ἄνδρες
856 5130 1133 5203 Ἕλληνες,
1194 5135 1228 5204 ἡ
1276 5134 1422 5205 ψυχὴ
1468 5135 1590 5189 καθ’
1612 5139 1738 5192 ἑαυ-

148 5221 266 5291 τὴν,
300 5218 479 5290 θνητὴ
512 5220 589 5273 δέ.
635 5221 791 5275 Ἀλλὰ
814 5223 1034 5277 δύναται
1075 5226 1108 5295 ἡ
1152 5224 1291 5295 αὐτὴ
1344 5227 1437 5279 καὶ
1476 5227 1550 5298 μὴ
1602 5229 1737 5281 ἀπο-

151 5314 433 5385 θνήσκειν.
464 5314 699 5385 Θνήσκει
729 5316 838 5388 γὰρ
872 5320 966 5371 καὶ
1023 5318 1207 5371 λύεται
1253 5320 1391 5391 μετὰ
1422 5322 1515 5374 τοῦ
1550 5321 1737 5393 σώμα-

150 5424 256 5469 τος,
285 5408 363 5478 μὴ
395 5406 744 5475 γινώσκουσα
776 5410 875 5481 τὴν
918 5410 1194 5481 ἀλήθειαν,
1232 5413 1513 5467 ἀνίσταται
1554 5414 1611 5468 δὲ
1660 5416 1739 5479 εἰς

152 5500 378 5571 ὕστερον
422 5502 518 5553 ἐπὶ
555 5501 833 5573 συντελείᾳ
887 5504 982 5558 τοῦ
1018 5505 1222 5576 κόσμου
1260 5510 1356 5560 σὺν
1400 5508 1479 5579 τῷ
1503 5508 1736 5580 σώματι,

150 5587 377 5645 θάνατον
404 5591 496 5645 διὰ
536 5595 806 5664 τιμωρίας
836 5598 892 5648 ὲν
917 5596 1188 5669 ἀθανασίᾳ
1224 5598 1593 5670 λαμϐάνουσα·
1632 5604 1737 5655 πά-

150 5678 225 5733 Ᾰιν
260 5699 319 5734 τε
353 5682 417 5735 οὐ
459 5683 703 5754 θνήσκει,
742 5684 843 5740 κᾶν
890 5688 1025 5758 πρὸς
1067 5690 1256 5761 καιρὸν
1301 5690 1468 5760 λυθῇ,
1504 5693 1603 5767 τὴν
1630 5694 1740 5747 ὲπί-

216 5836 460 5893 ²¹’.Ιο.ιη.
501 5856 542 5898 1.
569 5840 602 5893 5

1846 4668 2091 4723 nonnulli
2137 4669 2425 4725 animabus
2465 4684 2698 4739 corpore
2754 4670 2950 4725 solutis
2996 4688 3059 4726 ea
3096 4671 3427 4727 tribuorerm.

1844 4774 1963 4829 quae
1984 4761 2286 4815 daemonum
2346 4762 2668 4829 operatione
2708 4761 2825 4815 fieri
2858 4762 3037 4817 solent
3072 4782 3085 4830 ς
3117 4764 3198 4818 sic
3231 4779 3424 4821 eorum

1842 4850 2152 4918 Opinionem
2190 4851 2409 4913 refellit,
2451 4867 2599 4909 num.
2630 4851 2713 4905 l6.
2750 4872 2767 4903 ι
2801 4851 2971 4907 Porro
3004 4855 3303 4919 daemones,
3328 4856 3421 4924 qui

1844 4941 2159 4995 hominibus
2208 4944 2501 5010 imperant,
2557 4957 2663 4997 non
2714 4954 2842 4997 sunt
2886 4944 3085 4999 animae
3118 4946 3420 5001 hominum.

1844 5032 1960 5098 Quo
1988 5033 2137 5086 enim
2170 5043 2333 5102 pacto
2389 5033 2643 5089 eﬂicaces
2699 5035 2864 5089 etiam
2906 5046 3029 5103 post
3074 5044 3305 5092 mortem
3337 5038 3423 5092 lic-

1846 5127 2007 5178 rent?
2037 5124 2155 5179 Nisi
2188 5126 2331 5181 forte
2362 5128 2546 5192 homo,
2577 5128 2818 5196 quandiu
2875 5130 3030 5192 vivit,
3072 5129 3341 5197 insipiens
3371 5144 3426 5184 et

1844 5218 2120 5274 invalidus
2145 5229 2268 5286 est;
2304 5229 2557 5274 mortuus
2597 5226 2777 5273 autem
2815 5220 3127 5276 ellicaeiore
3162 5223 3425 5291 praaditns

1842 5310 2106 5366 facultate
2129 5312 2396 5366 creditur.
2435 5313 2541 5367 Sed
2584 5328 2763 5382 neque
2822 5328 2910 5367 res
2958 5315 3029 5368 ita
3055 5328 3114 5367 se
3142 5314 3326 5380 habet,
3367 5326 3422 5370 ut

1841 5405 1969 5459 alibi
2003 5406 2506 5462 demonstravimus
2527 5425 2541 5474 ;
2564 5417 2619 5463 et
2646 5407 2966 5473 perditlicile
2992 5417 3077 5462 est
3107 5400 3425 5463 exiStimare

1842 5497 2082 5550 animam
2106 5499 2499 5564 immortalem,
2538 5516 2661 5554 cum
2690 5516 2721 5555 e
2752 5515 3003 5569 corpore,
3065 5498 3222 5569 cujus
3254 5517 3415 5554 mem-

1844 5589 1959 5644 bris
2007 5590 2329 5659 impeditur.
2363 5592 2702 5660 migraverit,
2747 5593 3087 5660 sagaciorem
3123 5594 3296 5647 tieri.»
3330 5593 3425 5647 Vi-

1843 5682 1939 5734 des
1971 5678 2260 5735 Tatianum
2301 5682 2387 5736 hic
2414 5698 2577 5752 agere
2612 5684 2675 5738 de
2712 5683 3000 5737 animabus
3046 5684 3360 5756 impiorum,
3391 5704 3420 5739 a
