3796 6504
450 430 519 487 87
1401 428 1462 485 S.
1496 427 1830 484 JUSTINUS
1866 423 2345 480 PHILOSOPHUS
2373 422 2460 477 ET
2487 422 2804 477 MARTYB.

3632 413 3699 468 88

450 552 651 621 quibus
679 552 922 607 nonnulli
972 551 1207 622 plurima
1246 550 1299 605 in
1356 551 1649 605 humanum
1682 565 1851 619 genus
1880 548 2019 601 mala
2052 561 2097 618 Α
2132 547 2351 600 aeternis
2377 544 2711 600 cruciatibus
2746 541 2985 603 ducitur,
3022 537 3155 592 nihil
3202 536 3377 606 magis
3404 543 3699 588 consenta-

450 647 719 713 prolicisci
777 646 1187 700 existimabant.
1240 643 1412 713 Negat
1464 644 1729 698 Tatianns
1751 640 2013 707 ejusmodi

449 738 662 792 animas
688 738 881 791 eadem
910 752 973 790 ac
1002 738 1278 791 daemones
1308 749 1591 803 prteStare,
1620 734 1713 787 sed
1743 734 1795 786 in
1825 732 2020 785 certis-

449 829 572 881 simi
599 829 858 897 principii
899 828 1019 880 loco
1043 827 1236 880 statuit
1266 841 1381 885 eas.
1427 840 1549 878 cum
1591 838 1621 877 e
1665 836 1891 889 corpore
1924 820 2017 873 mi-

449 920 749 988 graverint,
781 931 1066 985 superesse
1094 927 1149 969 et
1180 917 1515 970 immortales
1542 930 1684 968 esse.
1731 913 2014 966 Hominem

448 1010 866 1063 immortalitatis
910 1010 1193 1079 imaginem
1243 1024 1272 1061 a
1330 1006 1511 1063 Verbo
1562 1017 1805 1062 creatum
1860 1006 2013 1073 dicit,

449 1117 599 1154 num.
641 1101 694 1157 7.

514 1190 633 1244 Non
695 1191 855 1244 aliam
908 1207 1039 1260 ergo
1072 1203 1297 1245 mortem
1352 1191 1547 1244 anima:
1593 1189 1899 1259 suspicatus
1929 1196 2014 1242 est

446 1283 731 1348 Tatiauus,
790 1293 985 1351 praeter
1028 1299 1172 1347 eam,
1219 1299 1339 1350 quae
1391 1298 1417 1335 a
1454 1284 1696 1352 peccatis
1748 1281 2010 1350 Spiritum

446 1386 695 1431 sanctum
729 1377 1043 1432 arcentibus
1070 1377 1457 1448 proﬁciscitur.
1518 1376 1611 1430 Sic
1647 1376 1791 1428 enim
1820 1372 2009 1428 statuit

445 1470 742 1535 hominem,
772 1472 818 1525 si
855 1471 1112 1539 templum
1167 1470 1340 1523 sancti
1394 1469 1629 1538 Spiritus
1674 1482 1778 1519 non
1820 1465 2004 1528 fuerit,

441 1561 558 1615 sola
589 1580 706 1616 voce
735 1579 767 1615 a
799 1564 982 1617 belluis
1009 1565 1241 1632 (li/ferre.
1270 1573 1458 1616 ca’tem
1493 1578 1606 1615 vero
1635 1560 1866 1628 ejusdem
1897 1575 2007 1612 esse

442 1669 505 1706 ac
549 1654 672 1705 illas
723 1656 1063 1717 conditionis,
1116 1664 1171 1706 ut
1204 1656 1292 1719 qui
1322 1670 1423 1706 non
1450 1654 1518 1706 sit
1562 1652 1854 1705 similitudo
1888 1650 2004 1705 Dei.

445 1744 673 1800 Minime
703 1761 836 1815 ergo
868 1747 1122 1799 nimirum
1152 1745 1197 1798 si
1225 1755 1468 1798 mortuos
1504 1744 1802 1803 existimat,
1829 1741 1918 1807 qui
1948 1755 2007 1793 se

441 1852 471 1890 a
510 1837 712 1905 Spiritu
754 1847 942 1889 sancto
990 1837 1393 1890 abstraxerunt.
1438 1837 1510 1888 De
1536 1834 1796 1901 ejusmodi
1830 1841 2004 1886 morte

2122 653 2282 693 neum
2317 637 2614 704 Scriptum
2644 644 2697 689 et
2721 634 2945 690 Patrum
2996 630 3253 701 loqtteudi
3283 625 3695 682 consuetudini.

2118 730 2263 786 Nihil
2300 728 2574 783 aliud-sibi
2636 727 2749 781 vult
2793 726 3029 780 secunda
3091 738 3238 776 mors
3271 721 3324 774 in
3361 718 3695 788 Apocalypsi

2119 824 2363 894 pluribus
2420 823 2555 875 locis
2616 830 2916 874 memorata
2978 820 3047 871 ".
3087 817 3233 871 Mors
3276 814 3392 877 illa,
3430 827 3555 880 qua:
3590 825 3695 879 per

2116 933 2283 971 unum
2345 916 2619 969 hominem
2690 912 3005 975 intravit",
3040 924 3183 963 mors
3247 918 3333 961 est
3382 905 3582 958 anima:
3636 910 3694 956 et

2117 1008 2383 1076 corporis.
2417 1027 2434 1058 ι
2455 1006 2710 1059 Diabolus
2742 1006 2806 1057 ad
2834 1002 3163 1069 operandam
3197 998 3414 1067 duplam
3451 1004 3691 1050 mortem

2116 1108 2380 1160 nostram,
2413 1098 2591 1165 inquit
2620 1095 2976 1165 Augustinus.
3003 1094 3094 1146 lib.
3125 1108 3177 1146 tv
3208 1090 3287 1143 De
3320 1088 3495 1150 Trin.,
3527 1082 3691 1143 n.15,

2115 1189 2364 1256 simplam
2419 1189 2603 1241 attulit
2656 1202 2831 1241 suam.
2892 1185 2997 1239 Per
3056 1185 3397 1252 impietatem
3446 1190 3692 1243 namque

2113 1290 2363 1334 mortuus
2428 1289 2513 1334 est
2566 1282 2618 1333 itt
2678 1280 2945 1347 spiritu.»
3012 1278 3180 1341 Idem,
3217 1276 3315 1331 lib.
3365 1292 3482 1338 XIV,
3526 1293 3583 1329 n.
3613 1274 3687 1328 6:

2115 1391 2133 1422 ι
2161 1371 2338 1427 Habet
2367 1374 2566 1440 quippe
2602 1381 2657 1424 et
2680 1372 2861 1424 anima
2917 1382 3147 1425 mortem
3180 1384 3355 1433 suam,
3394 1384 3519 1422 cum
3573 1370 3688 1420 vita

2110 1463 2265 1518 beata
2299 1474 2508 1518 Caret.)
2577 1463 2643 1516 Et
2668 1463 2761 1517 lib.
2793 1480 2855 1529 ιι,
2884 1478 2939 1518 tt.
2972 1462 3079 1516 15:
3146 1481 3164 1513 ε
3189 1460 3305 1531 Ipsa
3341 1460 3688 1516 mutabilitas

2110 1573 2214 1612 non
2256 1557 2697 1608 iuconvenienter
2753 1553 3056 1608 mortalitas
3106 1554 3329 1618 dicitur,
3378 1552 3687 1607 secundum

2108 1664 2266 1717 quant
2307 1656 2361 1699 et
2388 1646 2565 1698 anima
2608 1644 2807 1697 dicitur
2851 1643 3012 1697 mori.
3046 1662 3065 1695 ι
3098 1642 3257 1697 Plura
3291 1643 3553 1712 colligere
3578 1658 3688 1697 non

2110 1740 2240 1793 libet
2275 1739 2328 1792 in
2358 1754 2418 1793 re
2449 1735 2733 1791 manifesta
2776 1744 2831 1788 et
2875 1735 3176 1804 explorata.

441 1895 819 1994 accipiendum
869 1929 1011 1996 quod
1051 1928 1148 1990 ait,
1192 1944 1247 1981 n.
1292 1928 1345 1980 9.
1410 1946 1429 1973 ε
1456 1895 1596 1991 Quid
1627 1936 1708 1979 est
1746 1925 1889 1993 quod
1937 1939 1999 1977 ex
2038 1905 2080 1958 Β
2184 1895 2244 1949 ν·
2283 1897 2429 1996 ξδῄδ
2455 1910 2725 1996 super???
2757 1907 3118 1996 m°"_5m'l"m
3146 1912 3307 1996 δβθῗθ
3339 1896 3479 1951 "mil
3512 1895 3690 1996 "_"s”'

439 2016 552 2072 fato
587 2034 695 2086 pra:
727 2019 958 2073 avaritia
995 2020 1357 2091 vigilas?Cur
1380 2034 1444 2073 ex
1480 2018 1593 2072 fato
1617 2032 1759 2088 szepe
1780 2016 2008 2084 cupidus

439 2126 581 2180 saepe
621 2112 894 2164 moreris?
918 2131 934 2163 ι

510 2246 564 2300 ln
588 2245 831 2298 eamdem
888 2245 1216 2298 sententiam
1258 2243 1335 2295 ait
1380 2244 1650 2297 daemones
1682 2254 1737 2298 et
1764 2244 2007 2313 quotidie

436 2338 573 2392 mori
605 2352 725 2389 cum
770 2337 1016 2390 homines
1049 2351 1280 2403 peccare
1312 2336 1527 2396 docent.
1554 2345 1609 2388 et
1636 2348 1745 2389 tum
1774 2336 2009 2389 maxime

436 2428 762 2491 morituros,
796 2444 917 2482 cmn
962 2430 1014 2481 in
1045 2428 1308 2495 supplicia
1339 2428 1717 2481 detrudcntnr.
1758 2445 1775 2476 ι
1800 2428 2007 2480 [διειιιο-

436 2537 534 2575 nes
568 2538 672 2575 non
705 2520 863 2573 facile
891 2520 1223 2578 moriuntur,
1261 2518 1456 2585 inquit,
1496 2533 1549 2569 η.
1574 2516 1672 2579 14,
1709 2526 1834 2570 sunt
1862 2518 2004 2570 enim

435 2612 621 2666 carnis
665 2620 957 2679 expertes,
1020 2610 1112 2663 sed
1185 2610 1438 2662 viventes
1499 2608 1691 2662 mortis
1753 2609 2003 2664 instituta

435 2712 726 2765 exercent;
790 2704 949 2756 toties
1000 2701 1253 2754 nimirum
1287 2711 1340 2753 et
1372 2701 1471 2769 ipsi
1521 2703 1836 2765 morientes,
1870 2716 2007 2769 quo-

436 2793 539 2846 ties
562 2795 629 2846 ad
657 2794 991 2861 peccandum
1034 2800 1340 2844 sectatores
1371 2806 1497 2851 suos
1539 2792 1860 2845 erndierint.
1899 2791 2007 2845 Ita-

432 2899 542 2954 que
576 2887 716 2954 quod
744 2902 883 2938 nunc
929 2883 1032 2938 illis
1063 2883 1394 2952 prmcipuntn
1427 2892 1532 2945 est,
1569 2894 1624 2935 ut
1652 2884 1903 2937 similiter
1942 2900 2006 2938 ac

434 2977 687 3031 homines
726 2992 831 3030 non
866 2977 1193 3036 moriantur,
1235 2973 1287 3026 id
1317 2972 1536 3026 minime
1567 2973 1851 3041 ellugient,
1878 2990 2000 3028 cum

434 3069 697 3137 incipient
722 3070 927 3136 puniri,
973 3083 1073 3122 nec
1124 3067 1251 3119 vita:
1292 3075 1508 3119 aeterna).
1536 3065 1832 3134 participes
1861 3081 2003 3120 mor-

436 3167 542 3211 tem
598 3158 887 3223 quamdam
927 3159 978 3211 itt
1012 3157 1423 3211 immortalitate
1448 3158 1769 3212 sortientur.
1803 3157 2003 3225 Quem-

2110 2004 2238 2043 num
2269 1989 2334 2041 de
2375 1984 2779 2042 immortalitate
2808 1989 3106 2040 animarum
3131 1987 3545 2054 sensisse,quod
3579 2004 3687 2041 non

2108 2080 2308 2134 Christi
2343 2091 2582 2150 martyre
2613 2080 2990 2146 dignissimum
3024 2077 3122 2137 sit;
3155 2089 3210 2131 at
3243 2079 3347 2131 alia
3395 2095 3502 2130 non
3547 2078 3687 2131 levis

2107 2180 2355 2240 superest
2383 2173 2645 2241 quaestio,
2683 2188 2751 2225 an
2795 2173 3071 2226 dmmoues
3110 2180 3163 2225 et
3209 2170 3381 2225 malos
3425 2172 3685 2226 homines

2102 2263 2211 2331 jam
2242 2280 2383 2319 nunc
2417 2264 2539 2332 igne
2574 2264 2817 2331 torqueri
2845 2263 3159 2318 crediderit.

2180 2427 2280 2481 Vix
2317 2424 2539 2479 dubium
2595 2423 2725 2493 quitt
2762 2421 3007 2477 Justinus
3050 2424 3308 2493 supplicia
3362 2422 3683 2476 da‘tuonutn

2108 2520 2175 2571 ad
2212 2528 2514 2572 extremum
2540 2527 2591 2571 et
2615 2518 2861 2585 generale
2894 2516 3146 2582 iudicium
3176 2516 3338 2568 dilata
3376 2516 3684 2583 putaverit.

2106 2608 2162 2663 ld
2186 2609 2382 2663 diserte
2399 2608 2555 2663 docet
2580 2607 2632 2659 in
2665 2606 2797 2660 locis
2822 2608 2980 2659 modo
2998 2607 3180 2659 citatis
3204 2603 3503 2671 discipulus
3530 2604 3687 2657 illius

2107 2700 2370 2753 Tatianus
2394 2739 2410 2765 ,
2438 2700 2528 2769 qui
2561 2700 2796 2753 nondum
2833 2714 2860 2752 a
2891 2698 3132 2769 magistri
3166 2698 3413 2750 doctrina
3452 2696 3681 2749 defece-

2108 2801 2227 2852 rat,
2278 2806 2399 2844 cum
2446 2789 2750 2843 orationem
2805 2792 3067 2843 adversus
3113 2788 3328 2842 Graecos
3375 2786 3682 2840 scriberet.

2108 2882 2166 2935 S.
2202 2881 2459 2952 martyris
2489 2880 2761 2934 sententia
2796 2896 2859 2933 ex
2898 2880 2982 2933 his
3010 2879 3185 2932 verbis
3222 2877 3456 2947 perspici
3493 2883 3684 2945 potest

2109 2970 2161 3023 in
2197 2968 2375 3036 Apol.,
2397 2970 2446 3033 l,
2475 2984 2531 3022 η.
2567 2968 2675 3023 28:
2707 2987 2725 3021 ι
2756 2969 2910 3036 Apud
2941 2984 3036 3022 nos
3060 2968 3236 3031 enim,
3273 2966 3491 3036 inquit,
3526 2966 3685 3032 prin-

2105 3076 2232 3131 ceps
2267 3062 2532 3116 ntalorum
2569 3062 2868 3115 themonum
2902 3074 3126 3128 serpens
3156 3068 3380 3112 vocatur
3422 3066 3478 3111 et
3510 3057 3684 3111 Sata-

2108 3170 2207 3208 nas
2259 3164 2315 3209 et
2360 3154 2638 3220 diabolus,
2688 3164 2747 3206 ut
2795 3152 3021 3222 potestis
3082 3167 3145 3205 ex
3210 3150 3411 3204 litteris
3468 3150 3685 3203 nostris

433 3250 721 3303 admodum
775 3252 916 3315 enim
977 3267 1107 3315 nos,
1165 3251 1359 3320 quibus
1440 3265 1583 3305 nunc
1647 3251 1783 3304 mori
1842 3239 2073 3304 facileC
2108 3248 2401 3301 scrutando
2449 3248 2777 3316 perSpicere.
2822 3246 2972 3299 Hunc
3021 3244 3464 3313 praemonstravit
3514 3242 3683 3297 Chri-

432 3341 730 3409 cOntingit,
786 3351 972 3411 postea
1008 3358 1130 3397 cuin
1183 3343 1461 3411 voluptate
1506 3342 1997 3410 immortalitatem,

431 3432 519 3485 vel
556 3434 802 3488 dolorem
834 3449 956 3488 cum
998 3436 1412 3490 immortalitate
1461 3437 1866 3506 pcrcipiemus;
1922 3435 2002 3490 sic

431 3531 488 3577 et
521 3524 792 3580 daemones
823 3527 914 3594 qui
951 3529 1203 3596 przcsenti
1254 3529 1369 3582 vita
1403 3530 1467 3583 ad
1507 3534 1839 3597 peccandum
1867 3530 2001 3584 abu-

433 3631 645 3685 tuntur,
677 3637 740 3675 ac
767 3637 864 3690 per
887 3632 1055 3677 totam
1096 3625 1262 3679 vitam
1300 3626 1631 3688 moriuntur,
1673 3642 1862 3681 rursus
1896 3627 1999 3681 im-

431 3712 818 3767 mortalitatem
861 3713 1137 3768 habebunt
1166 3724 1356 3769 natura
1397 3717 1615 3785 quidem
1648 3719 1896 3772 eamdem
1929 3735 1998 3774 ac

430 3802 557 3855 dtttu
593 3803 855 3865 viverent.
900 3807 1148 3874 supplicii
1180 3818 1360 3861 autem
1412 3809 1625 3864 ratione
1663 3788 1896 3865 similem
1935 3811 1999 3866 il-

430 3893 604 3947 lorum
653 3897 954 3962 hominum,
1011 3898 1101 3966 qtti
1133 3915 1197 3953 ex
1234 3902 1397 3953 animi
1440 3904 1523 3956 sui
1579 3903 1848 3959 sententia
1875 3919 2000 3971 ges-

429 3998 584 4049 sere,
628 3985 890 4055 quidquid
954 3987 1231 4044 daemones
1286 3991 1597 4047 viventibus
1653 3994 1997 4064 prtescripse—

431 4085 609 4130 rant.»

498 4209 592 4266 IV.
630 4210 744 4265 Huc
783 4213 950 4283 redigi
986 4224 1164 4282 potest
1202 4224 1313 4269 tota
1345 4214 1544 4270 .lustiui
1585 4227 1640 4270 et
1672 4217 1880 4274 Tatiani
1929 4220 1998 4275 de

428 4304 625 4359 animae
658 4306 1069 4362 immortalitate
1098 4309 1340 4363 doctrina
1364 4328 1378 4362 :
1401 4311 1756 4379 hancnegant
1781 4326 1876 4365 sua
1909 4328 1998 4366 na-

430 4407 547 4451 tura
584 4398 947 4454 immortalem
996 4416 1137 4464 esse,
1170 4402 1261 4456 sed
1295 4412 1503 4456 tantum
1546 4402 1641 4458 Dei
1677 4405 1993 4471 voluntate;

428 4490 711 4544 mortalem
766 4490 912 4543 illam
954 4491 1141 4544 dicunt
1171 4501 1441 4558 quatenus
1490 4493 1545 4547 in
1606 4495 1731 4548 vitia
1773 4495 1991 4549 labitur.

430 4578 674 4646 Utraque
696 4580 947 4645 loquendi
997 4587 1137 4637 ratio
1189 4584 1389 4641 usitata
1448 4587 1587 4654 apud
1623 4590 1895 4654 antiquos.
1934 4589 1993 4643 S.
2026 4575 2071 4629 D

428 4665 665 4723 Irenazns
702 4670 912 4724 animas
946 4671 1038 4725 Dei
1069 4673 1362 4737 voluntate,
1397 4690 1504 4729 non
1542 4690 1641 4729 sua
1671 4686 1864 4729 natura
1896 4676 1994 4729 im-

429 4761 689 4816 mortales
723 4778 844 4817 esse
876 4765 1058 4817 docet.
1118 4766 1626 4830 «Quemadmodum
1682 4770 1825 4821 enim
1883 4784 1996 4824 caa-

428 4848 562 4914 htm,
606 4853 802 4920 inquit,
835 4853 929 4907 lib.
968 4869 1029 4920 tt,
1067 4869 1115 4908 c.
1152 4854 1245 4920 54,
1287 4866 1344 4913 tt.
1376 4857 1430 4926 2,
1461 4868 1517 4913 et
1542 4860 1765 4927 reliquae
1796 4860 1987 4926 stellae,

428 4951 485 4997 et
508 4945 688 4997 omnia
733 4954 1061 4998 ornamenta
1115 4946 1377 5014 ipsorum,
1422 4964 1544 5003 cum
1596 4961 1722 5005 ante
1762 4967 1868 5005 non
1898 4966 1989 5006 es-

428 5044 571 5097 sent,
599 5034 739 5088 facta
773 5046 918 5099 sunt,
953 5046 1005 5090 et
1033 5036 1207 5092 nmlto
1240 5049 1485 5107 tempore
1525 5052 1879 5110 perseverant
1903 5058 1992 5098 se-

428 5126 664 5178 cundum
697 5127 1031 5181 voluntatem
1066 5129 1192 5196 Dei;
1222 5130 1302 5184 sic
1325 5142 1381 5184 et
1412 5133 1479 5187 de
1502 5134 1809 5199 animabus,
1840 5145 1894 5189 et
1925 5137 1991 5191 de

424 5214 729 5281 spiritibus,
766 5226 819 5269 et
861 5219 1083 5272 omnino
1115 5220 1181 5273 de
1234 5220 1486 5276 omnibus
1534 5223 1639 5290 his,
1688 5240 1808 5294 qua:
1844 5227 1989 5280 facta

423 5309 582 5364 sunt,
616 5302 868 5387 cogitans
897 5307 1017 5371 quis
1048 5306 1274 5361 minime
1324 5311 1597 5377 peccabit,
1631 5315 1847 5382 quando
1871 5331 1984 5369 om-

420 5391 532 5455 nia,
564 5404 685 5461 qua:
728 5393 871 5447 facta
904 5405 1047 5457 sunt,
1078 5398 1293 5453 initium
1329 5402 1545 5469 quidem
1609 5406 1834 5462 factura:
1873 5424 1985 5464 sua:

419 5481 678 5549 habeant,
714 5498 1071 5549 perseverant
1115 5499 1293 5545 autem
1344 5497 1701 5567 quoadusque
1744 5515 1806 5555 ea
1842 5500 1983 5556 Deus

416 5580 474 5626 et
502 5588 625 5629 esse
648 5590 704 5630 et
746 5594 1103 5647 perseverare
1136 5584 1419 5642 voluerit.»
1463 5591 1616 5657 Quod
1646 5602 1826 5647 autem
1863 5610 1983 5664 spe-

415 5673 530 5721 ctat
572 5669 641 5724 ad
675 5670 823 5726 illam
860 5674 1055 5731 anima:
1086 5689 1317 5733 mortem
1338 5722 1351 5746 ,
1404 5698 1524 5752 quae
1552 5700 1617 5740 ex
1649 5688 1894 5757 nequitia
1924 5698 1979 5746 et
2012 5690 2015 5691 ⁷

490 5826 535 5857 ’⁸
562 5826 732 5898 Apoc.
766 5846 860 5900 xx,
905 5833 1009 5903 ll;
1044 5852 1157 5906 ut,
1190 5841 1244 5897 8.
1322 5841 1365 5873 ’³
1392 5841 1551 5898 Rom.
1583 5861 1634 5913 ν,
1664 5846 1749 5900 12.

2104 3352 2220 3395 stus
2245 3358 2365 3396 cum
2397 3342 2560 3410 ipsius
2584 3340 2827 3395 exercitu
2855 3350 2909 3394 et
2932 3337 3328 3393 assectantibus
3356 3334 3681 3389 hominibus

2105 3431 2156 3483 itt
2195 3431 2373 3499 ignem
2412 3432 2635 3483 missum
2667 3428 2765 3491 iri.
2796 3438 2856 3482 ttt
2885 3429 2937 3483 in
2966 3429 3233 3482 inﬁnitum
3266 3442 3438 3479 aevum
3470 3441 3677 3478 excru-

2103 3518 2333 3572 cientur.
2375 3517 2693 3585 lnterposita
2719 3518 2862 3570 enim
2902 3534 3050 3570 mora
3072 3558 3086 3580 ,
3117 3516 3409 3586 quominus
3441 3516 3492 3567 id
3533 3516 3681 3569 Deus

2103 3611 2371 3665 hactenus
2403 3609 2718 3679 perﬁceret,
2759 3617 2981 3678 propter
3012 3610 3301 3662 humanum
3337 3622 3509 3673 genus
3535 3622 3678 3661 con-

2104 3705 2241 3773 tigit.
2276 3724 2294 3755 ι
2328 3702 2386 3757 ln
2410 3703 2651 3756 eatndem
2682 3701 3001 3754 sententiam
3033 3710 3242 3768 spectat
3270 3700 3411 3769 quod
3436 3699 3496 3754 S.
3525 3716 3679 3753 mar-

2103 3805 2186 3867 tyr
2215 3796 2419 3849 lrenmo
2442 3803 2576 3847 teste
2604 3793 2838 3855 dicebat,
2857 3792 3480 3859 daetuonem,anteqnam
3510 3790 3677 3844 Clu-l—

2099 3899 2217 3942 stus
2248 3890 2484 3952 veniret,
2507 3886 2739 3939 nondum
2780 3893 2928 3938 certo
2954 3884 3179 3938 scivisse
3204 3899 3322 3937 sese
3351 3884 3676 3936 damnatum

2099 4000 2219 4039 esse
2242 4027 2256 4048 ,
2294 3986 2364 4038 ita
2392 3994 2448 4037 ut
2482 3984 2657 4051 Seipse
2682 3983 2844 4036 stulta
2875 3982 2961 4035 illa
2996 3981 3252 4048 opinione
3284 3978 3675 4037 frustraretur,

2099 4079 2251 4147 quasi
2287 4078 2452 4131 Deutn
2480 4077 2745 4130 latuisset.
2777 4094 2795 4122 ι
2834 4074 2977 4127 Bene
2998 4112 3013 4134 ,
3044 4071 3259 4139 inquit,
3286 4071 3379 4121 lib.
3408 4084 3464 4127 v.
3497 4083 3547 4121 c.
3576 4065 3675 4129 26,

2098 4171 2364 4233 lrenzeus,
2434 4167 2677 4222 Justinus
2744 4166 2883 4219 dixit
2943 4164 3198 4234 quoniam
3267 4171 3394 4214 ante
3453 4160 3675 4213 Domini

2098 4265 2385 4316 adventum
2449 4276 2721 4327 nunquam
2791 4272 2955 4311 ausus
2994 4267 3076 4310 est
3140 4257 3372 4311 Satanas
3416 4254 3678 4322 blasphe-

2099 4371 2247 4409 tuare
2278 4356 2439 4408 Deum
2477 4374 2490 4408 :
2523 4354 2719 4423 quippe
2754 4353 2991 4408 nondum
3022 4351 3203 4404 Sciens
3243 4363 3397 4402 suam
3434 4348 3674 4401 damna—

2098 4447 2321 4500 tionem.
2362 4464 2381 4496 ι
2419 4444 2679 4499 Observat
2729 4442 3002 4503 Petavius,
3038 4442 3130 4495 lib.
3178 4457 3262 4502 tn,
3301 4439 3379 4493 De
3429 4438 3672 4507 angelis,

2099 4553 2148 4592 c.
2178 4539 2211 4591 5
2239 4547 2292 4591 et
2318 4536 2382 4595 4,
2440 4537 2580 4589 hanc
2622 4532 2818 4590 Justini
2861 4533 3173 4602 opinionem
3218 4530 3392 4600 quoad
3444 4531 3673 4597 ignora-

2101 4630 2297 4684 tionem
2334 4629 2697 4681 damnationis
2731 4638 2944 4680 secutos
2973 4638 3092 4677 esse
3139 4632 3414 4676 auctorem
3460 4620 3671 4676 carmi—

2099 4736 2227 4774 num
2263 4720 2319 4773 in
2371 4719 2727 4781 Marcionem,
2756 4718 2792 4770 l.
2827 4733 2879 4781 ι,
2910 4730 2961 4769 c.
2992 4715 3059 4780 3;
3108 4714 3400 4767 Eusebium
3424 4753 3440 4776 ,
3485 4712 3580 4766 lib.
3609 4728 3673 4764 tv

2098 4811 2267 4877 Hist,
2292 4828 2340 4866 c.
2380 4813 2480 4875 18;
2521 4807 2872 4880 Epiphaniam
2911 4808 3104 4860 haeres.
3135 4804 3232 4871 59;
3269 4804 3533 4858 lsidorum
3564 4801 3674 4855 Pe-

2096 4904 2346 4958 lu~iomm
2392 4903 2516 4957 libr.
2562 4919 2619 4967 ll,
2651 4903 2807 4970 epist.
2846 4900 2944 4963 90;
2983 4896 3374 4952 OEcumeuium
3430 4894 3485 4947 in
3537 4908 3669 4961 cap.

2091 4993 2255 5057 ult.,l
2285 4994 2429 5048 Petr.
2456 5011 2471 5059 ;
2504 5008 2600 5048 nec
2637 4990 3045 5046 immeritoinde
3076 4988 3226 5054 sequi
3259 4986 3536 5040 existimat
3562 4984 3674 5038 hos

2095 5088 2386 5157 scriptores
2420 5086 2621 5141 diaboli
2657 5087 2709 5138 in
2741 5096 2944 5140 aeterno
2990 5085 3111 5148 igne
3156 5081 3423 5152 supplicia
3475 5081 3527 5134 in
3568 5093 3671 5132 ex-

2092 5188 2326 5233 tremum
2351 5177 2614 5247 judicium
2652 5176 2816 5231 dilata
2858 5174 3174 5229 credidisse.

2159 5320 2229 5373 At
2252 5321 2394 5389 quod
2430 5318 2618 5373 iisdem
2653 5316 2905 5371 Patribus
2932 5314 3176 5367 attribuit
3205 5314 3297 5368 lib.
3329 5330 3383 5379 t,
3435 5329 3558 5383 cap.
3589 5312 3622 5367 8
3648 5355 3667 5379 ,

2090 5411 2394 5466 Dtemonem
2441 5426 2582 5478 spem
2634 5406 2939 5462 nonnullam
2967 5408 3215 5459 habuisse
3240 5408 3538 5460 obtinendae
3570 5422 3671 5469 per

2090 5505 2361 5559 Christum
2390 5504 2602 5566 salutis,
2640 5504 2690 5555 id
2726 5499 3024 5568 Epiphanio
3056 5498 3278 5567 quidem
3307 5499 3531 5552 attribui
3567 5512 3665 5566 po-

2091 5606 2192 5650 test
2216 5612 2231 5662 ;
2275 5596 2329 5650 id
2356 5598 2499 5649 enim
2532 5603 2717 5663 aperte
2746 5592 3017 5656 declarat;
3042 5600 3095 5642 at
3120 5587 3322 5645 Justini
3349 5599 3404 5645 et
3426 5605 3613 5645 eorum
3637 5629 3657 5652 ,

2089 5690 2179 5757 qui
2237 5688 2382 5744 illius
2449 5687 2614 5740 verba
2668 5693 2759 5738 aut
2821 5682 3138 5749 retulerunt,
3202 5691 3262 5737 ut
3322 5682 3561 5737 lrenaius
3599 5694 3665 5737 es
