3792 6506
87 430 156 488 39
1143 432 1207 487 Ι).
1236 430 1504 487 ΜΑΒΛΝΙ
1535 431 1653 487 PR}

1773 431 1925 488 LTlO.
1961 464 2029 472 —
2062 430 2245 489 PARS
2266 430 2333 487 li.
3277 436 3346 489 90

89 552 391 615 Eusebius,
428 560 518 604 aut
544 593 560 617 ,
595 562 655 605 ut
690 560 885 605 auctor
920 551 1183 606 carminis
1218 553 1273 605 in
1308 552 1633 606 Marciorum
1657 598 1671 619 ,
1704 561 1749 619 Α
1781 555 1847 606 ad
1880 563 2183 607 extremum
2205 553 2469 621 judicium
2499 553 2749 623 rejiciunt
2772 593 2789 618 ,
2817 570 2921 607 non
2951 554 3153 608 idcirco
3176 554 3342 608 videri

87 631 332 699 Isidorus
376 653 431 695 et
454 641 853 703 (Ecnmeuins,
886 641 1079 695 imitati
1116 652 1281 707 sunt,
1320 643 1425 696 alia
1457 646 1671 697 videtur

87 751 210 791 esse
235 751 429 788 causa.
467 734 619 788 llauc
650 734 792 785 enim
825 734 1087 787 rationem
1122 732 1278 787 ali'ert
1305 734 1541 789 Irenmus
1573 752 1670 789 cur

87 827 306 879 diabolo
344 826 590 879 Justinus
632 824 867 878 nondum
919 822 988 877 de
1022 839 1117 876 sua
1167 824 1523 879 damnatione
1569 840 1667 879 ex-

87 919 362 987 ploratum
413 918 579 971 fuisse
610 919 864 977 dixisset,
910 936 929 968 ι
964 918 1222 985 quoniam
1256 925 1312 969 et
1344 918 1398 970 in
1436 919 1669 984 parabo-

86 1011 158 1066 lis
192 1023 247 1064 et
293 1011 569 1079 allegoriis
608 1026 634 1061 λ
678 1010 954 1077 prophetis
1000 1010 1079 1063 sic
1116 1008 1183 1061 de
1215 1024 1280 1063 eo
1312 1010 1512 1062 dictum
1558 1017 1664 1064 est.

90 1107 217 1159 l’nst
240 1115 427 1158 autem
460 1105 744 1157 adventurm
773 1101 983 1154 Domini
1007 1118 1071 1156 ex
1097 1102 1439 1157 sermonibus
1460 1102 1663 1155 Christi

98 1208 155 1248 et
213 1195 591 1265 apostolorum
634 1192 754 1261 ejus
786 1192 999 1246 discens
1043 1192 1363 1258 manifeste,
1407 1194 1664 1260 quoniam

89 1286 232 1353 ignis
277 1295 520 1338 aeternus
569 1283 618 1338 ei
673 1291 1012 1353 przeparatus
1048 1291 1124 1335 est
1164 1297 1228 1335 ex
1262 1296 1357 1336 sua
1392 1282 1666 1335 voluntate

88 1375 406 1430 abscedenti
437 1392 466 1427 a
504 1374 612 1428 Deo
634 1414 650 1438 ,
684 1382 739 1427 et
767 1374 1018 1427 omnibus
1047 1372 1138 1441 qui
1176 1373 1296 1427 sine
1339 1373 1657 1441 ptenitentia

87 1472 445 1517 perseverant
485 1462 537 1515 in
580 1462 850 1530 apostasia
878 1478 892 1514 :
921 1474 1018 1529 per
1048 1461 1353 1528 hujusmodi
1410 1462 1663 1517 homines

86 1555 435 1622 blasphemat
484 1571 607 1607 eunt
664 1554 863 1618 Deum,
912 1554 1003 1621 qui
1055 1553 1315 1621 judicium
1372 1557 1661 1623 importat,

86 1649 239 1716 quasi
266 1647 378 1716 jam
406 1649 813 1706 condemnatus.
836 1656 891 1701 et
914 1657 1194 1716 peccatum
1223 1663 1334 1702 sua!
1365 1651 1659 1716 apostasia!

84 1737 369 1790 Conditori
425 1751 523 1789 suo
572 1736 834 1805 imputat,
888 1746 945 1789 et
997 1750 1104 1788 non
1155 1752 1267 1790 sua:
1292 1737 1555 1793 voluntati
1606 1751 1661 1795 et

84 1828 376 1880 sententia
404 1829 896 1894 :qncmatlmodnm
940 1839 994 1882 et
1036 1830 1128 1898 qui
1171 1833 1663 1898 supergredinntur

1776 646 1974 700 debent
2014 645 2289 698 diabolum
2330 646 2546 699 interim
2594 647 2836 699 cruciatu
2884 647 3032 699 omni
3068 648 3338 702 eximere.

1770 735 1924 802 Quod
1965 736 2183 805 quidem
2227 752 2293 791 ex
2338 736 2422 791 his
2464 737 2523 791 S.
2579 736 2769 790 Hilarii
2818 738 3000 792 verbis
3035 739 3340 805 probatur:

1773 841 1792 875 ι
1832 823 2075 877 Adventu
2107 825 2251 878 enim
2296 825 2539 887 Domini,
2593 826 2769 893 inquit
2814 826 2865 877 in
2903 828 3094 894 psalm.
3141 841 3344 891 cxutt,

1768 916 2044 967 confracta
2073 922 2127 968 et
2152 915 2387 967 contrita
2422 915 2623 967 diaboli
2658 924 2897 983 potestas
2925 925 3038 980 est,
3062 932 3187 969 cum
3220 918 3346 971 ﬁdei

1766 1017 2084 1057 sanctorum
2132 1005 2411 1059 heminam
2444 1006 2723 1073 subjectus
2759 1017 2873 1071 est,
2906 1024 3011 1061 non
3056 1011 3198 1076 quod
3239 1026 3344 1064 non

1768 1096 1945 1149 adhuc
1998 1098 2251 1165 potentize
2302 1113 2417 1151 suae
2458 1098 2727 1152 maximas
2777 1098 2975 1153 haheat
3026 1101 3202 1163 vires,
3251 1102 3346 1155 sed

1766 1204 1865 1259 per
1925 1189 1977 1242 id
2024 1190 2165 1255 quod
2236 1202 2510 1259 utcunque
2560 1193 2837 1261 subjectus
2885 1204 3001 1257 est,
3062 1196 3346 1263 praesentis

1767 1281 2119 1347 subjectionis
2164 1285 2475 1337 conditione
2523 1285 2711 1339 ultioni
2761 1296 2816 1339 et
2876 1302 3051 1355 pmnze
3090 1288 3347 1353 legitima:

1764 1380 2101 1439 prwparatur
2133 1388 2147 1423 :
2188 1382 2244 1424 ut
2272 1388 2414 1427 nunc
2445 1389 2538 1441 per
2570 1375 2709 1429 hanc
2751 1376 2996 1429 eamdem
3041 1378 3363 1446 subjectio-_

1767 1476 1891 1516 nem
1925 1472 2101 1517 tactus
2134 1462 2322 1527 fumet,
2366 1463 2491 1517 licet
2527 1464 2766 1519 nondum
2799 1476 2942 1522 totus
2979 1478 3171 1521 uratur
3204 1484 3220 1521 :
3249 1467 3344 1522 sed

1764 1568 1860 1622 per
1909 1553 1960 1605 id
2006 1553 2147 1621 quod
2190 1553 2409 1607 interim
2448 1554 2660 1610 futuare
2708 1557 2917 1623 potuit,
2957 1569 3011 1611 et
3055 1558 3136 1611 uri
3186 1574 3346 1625 posse

1766 1643 2077 1698 noscendus
2106 1653 2210 1697 est.
2255 1662 2274 1694 ι
2311 1642 2406 1696 His
2438 1644 2735 1715 adjungere
2770 1664 3056 1716 possumus
3085 1650 3227 1717 quod
3269 1650 3347 1702 ait

1764 1733 1903 1788 idem
1954 1732 2194 1787 llilarius
2234 1734 2327 1788 lib.
2358 1745 2538 1787 contra
2584 1736 2956 1792 Constantium
2981 1780 2994 1801 ,
3026 1757 3079 1794 n.
3114 1741 3147 1792 8
3172 1782 3186 1803 ,
3235 1742 3348 1794 dac-

1763 1840 1951 1877 mones
1983 1827 2048 1877 ad
2086 1837 2384 1897 martyrum
2417 1830 2719 1886 veneranda
2752 1846 2872 1882 ossa
2908 1832 3140 1897 mugire,
3173 1841 3221 1883 et
3258 1832 3345 1883 uri

83 1918 233 1986 leges
256 1959 271 1980 ,
298 1930 356 1971 et
385 1933 573 1988 poenas
602 1919 769 1982 dant,
802 1932 1109 1988 queruntur
1136 1924 1203 1975 de
1234 1922 1656 1990 lcgislaloribns,
1694 1934 1733 1988 Β
1762 1917 1873 1969 sine
1902 1917 2110 1984 ignibus
2139 1933 2157 1971 :
2198 1920 2340 1987 quod
2373 1920 2596 1988 quidem
2632 1920 2786 1973 multi
2835 1921 2925 1974 alii
2964 1922 3173 1994 antiqui
3207 1924 3348 1974 scri-

82 2012 176 2064 Scd
228 2025 334 2063 non
389 2012 456 2063 de
504 2012 827 2079 semetipsis.
886 2014 910 2062 ἲ
966 2009 1183 2066 Nullum
1233 2015 1321 2068 hic
1366 2017 1660 2082 vestigium

80 2102 199 2172 spei
246 2102 301 2154 in
338 2100 618 2155 Christum
655 2100 939 2154 Dominum
970 2120 983 2165 ;
1021 2103 1411 2158 dubitationem
1444 2105 1665 2161 Satanas

78 2208 142 2245 ac
190 2193 364 2246 sortis
417 2208 529 2245 sua:
582 2193 978 2261 ignorationem
1024 2210 1091 2248 ex
1134 2209 1199 2247 eo
1250 2197 1468 2265 repetit,
1519 2201 1663 2263 quod

78 2283 225 2337 illius
248 2285 640 2337 condemnatio
672 2299 773 2337 non
807 2298 914 2338 tam
943 2294 1128 2351 aperte
1158 2287 1211 2340 in
1249 2287 1429 2341 Veteri
1459 2288 1655 2343 Testa-

78 2383 286 2433 mento,
311 2389 479 2441 quam
515 2375 565 2427 in
594 2374 743 2429 Novo
775 2376 965 2428 luisset
988 2376 1298 2444 praedicata.
1325 2378 1464 2445 Quin
1499 2381 1663 2434 etiam

76 2468 340 2521 Satanam
378 2468 615 2523 lrenmus
639 2485 705 2523 eo
746 2470 991 2525 stultitia:
1017 2474 1294 2527 existimat
1331 2479 1661 2545 pervenisse,

76 2572 133 2612 ut
166 2560 338 2613 Deum
368 2560 541 2614 latere
575 2571 841 2625 tentaret.
873 2580 978 2618 non
1009 2581 1105 2635 per
1136 2568 1371 2636 seipsum
1395 2610 1411 2634 ,
1439 2570 1532 2624 sed
1566 2585 1665 2638 per

76 2652 375 2706 haereticos
424 2652 875 2721 blasphemando.
924 2674 945 2707 ι
998 2656 1130 2711 Nam
1179 2659 1292 2728 ipse
1323 2675 1420 2729 per
1463 2671 1665 2715 semct-

76 2744 290 2811 ipsnm,
342 2745 523 2814 inquit
573 2746 768 2798 ibidem
822 2747 1097 2812 Irenzeus,
1170 2753 1310 2805 nude
1358 2768 1463 2807 non
1501 2756 1665 2809 audet

75 2836 470 2902 blasphemare
519 2851 676 2889 suum
730 2835 1013 2892 Dominum
1045 2882 1059 2900 ,
1098 2845 1557 2911 quemadmodum
1611 2857 1665 2900 et

78 2926 228 2978 initio
271 2942 379 2995 per
423 2939 739 2996 serpentem
774 2930 991 2984 seduxit
1036 2930 1342 2998 hominem,
1380 2938 1532 3003 quasi
1582 2937 1661 2989 Ia-

79 3027 192 3069 tcns
222 3016 430 3071 Deum.
475 3037 493 3070 »
548 3018 831 3089 Nunquam
873 3037 1005 3092 ergo
1053 3022 1302 3077 Justinus
1343 3037 1398 3079 et
1428 3027 1664 3081 [renuens

76 3106 278 3173 opinati
319 3115 457 3160 sunt
510 3108 769 3161 Satanam
821 3125 1072 3179 sperasse
1123 3112 1175 3165 in
1217 3112 1533 3176 Christum;
1568 3114 1661 3167 sed

78 3199 253 3266 potius
299 3213 581 3251 summam
632 3200 779 3253 illius
820 3201 1108 3255 stultitiam
1154 3214 1423 3273 arguunt,
1460 3205 1552 3272 qui
1605 3218 1662 3258 se

78 3290 244 3343 Deum
282 3291 463 3343 latere
500 3308 658 3360 posse
690 3294 1107 3348 existimaverit.
1145 3297 1296 3362 Quod
1333 3308 1513 3349 autem
1564 3298 1661 3351 de-

78 3384 182 3435 bita
224 3383 305 3436 illi
354 3385 501 3450 ignis
531 3386 793 3453 supplicia
827 3390 892 3441 ad
930 3399 1237 3443 extremum
1266 3390 1537 3456 judicium
1574 3406 1663 3444 re-

76 3473 301 3542 jicinnt;
349 3477 495 3529 hanc
523 3479 830 3545 opinionem
863 3479 1141 3541 Petavius.
1184 3483 1280 3537 lib.
1317 3499 1401 3546 tu,
1448 3482 1521 3536 De
1561 3500 1663 3536 au-

80 3566 236 3633 gelis,
276 3580 404 3634 cap.
448 3565 518 3632 4,
573 3571 989 3635 spectatissimis
1018 3573 1322 3641 quibusque
1370 3571 1659 3637 Patrihus,

80 3656 219 3709 inter
235 3673 385 3725 quos
408 3672 700 3711 recensere.
717 3670 927 3726 poterat
946 3661 1207 3716 Hilarium
1232 3665 1284 3716 in
1306 3662 1448 3716 Psal.
1471 3678 1658 3727 chttt,

77 3746 401 3813 probatam,
446 3762 478 3799 a
508 3748 566 3800 S.
612 3747 820 3803 Thoma
875 3753 992 3806 sine
1035 3754 1243 3807 erroris
1285 3762 1411 3806 nota
1449 3768 1659 3807 memo-

79 3850 245 3891 ratam
299 3850 361 3892 et
411 3855 442 3891 a
488 3839 748 3906 Cajetano
791 3844 908 3897 sine
950 3846 1159 3899 erroris
1208 3845 1438 3899 crimine
1487 3844 1661 3898 fuisse

80 3941 479 4001 propugnatam
514 3935 810 3987 contendit.
846 3951 865 3984 ι
905 3934 1156 3988 Veterum
1197 3936 1415 4004 opinio,
1458 3934 1659 4004 inquit,

77 4026 166 4077 etsi
200 4024 309 4077 hoc
350 4033 596 4090 tempore
647 4037 859 4094 recepta
900 4044 1005 4081 non
1052 4034 1169 4092 est,
1206 4027 1335 4097 quia
1386 4028 1660 4082 dminones

78 4116 452 4172 damnationis
496 4132 609 4171 sua:
659 4133 847 4187 poenas
900 4134 1090 4174 omnes
1148 4121 1489 4189 expendere,
1540 4134 1662 4190 quae

76 4209 294 4277 quidem
321 4213 654 4266 essentiales
676 4219 965 4274 vocantur,
992 4211 1225 4281 theologl
1255 4210 1371 4266 fere
1394 4212 1656 4275 sentiunt;

77 4319 175 4357 non
203 4316 292 4359 est
328 4316 514 4359 tamen
546 4306 791 4369 erroris,
825 4305 1019 4358 nedum
1054 4305 1279 4358 haeresis
1313 4306 1657 4359 accusandus

77 4400 159 4462 qui
207 4404 434 4451 asserat
484 4397 795 4464 diabolum,
844 4405 897 4451 et
933 4397 1051 4464 ejus
1103 4395 1366 4465 angelos,
1418 4396 1657 4449 nomium

77 4500 322 4543 extremo
359 4504 428 4543 ac
466 4503 678 4542 summo
722 4489 991 4557 supplicio
1038 4487 1317 4549 cruciari,
1352 4487 1469 4541 sive
1520 4487 1659 4554 ignis

79 4579 425 4636 ellicientiam
460 4581 732 4649 experiri,
770 4580 821 4633 in
858 4596 963 4648 qua
994 4580 1366 4633 damnationis
1402 4578 1616 4632 illorum
1639 4617 1654 4642 ,
1693 4604 1734 4657 ι)

78 4676 209 4740 quod
241 4677 313 4727 ad
351 4689 578 4728 sensum
630 4682 684 4726 et
722 4674 1125 4741 perpessionem
1174 4672 1406 4733 attinet,
1444 4686 1653 4725 summa

79 4766 345 4820 coasistit.
370 4785 389 4816 ι
417 4765 562 4818 Idem
585 4765 650 4817 de
674 4764 936 4833 Cajetano
964 4767 1041 4820 sic
1069 4766 1337 4834 loquitur:
1362 4782 1381 4815 ι
1412 4762 1655 4831 Cajetani

79 4857 406 4910 sententiam
458 4855 743 4909 catholica:
786 4856 919 4909 '[idei
973 4858 1307 4911 contrariam
1375 4870 1483 4910 non
1538 4868 1658 4910 esse

78 4956 281 5001 certum
323 4954 432 5000 est.
483 4944 615 4998 Nam
656 4961 830 5014 neque
864 4948 1149 5015 Scriptura
1180 4986 1197 5011 ,
1248 4960 1425 5015 neque
1468 4946 1655 5000 conci-

81 5038 199 5093 lium
231 5040 415 5094 ullum
452 5040 715 5094 hactenus
748 5040 936 5094 docuit
971 5042 1245 5095 daemones
1284 5050 1527 5093 extrema
1565 5040 1653 5093 illa

82 5134 340 5203 supplicia
380 5132 626 5201 perpeti,
655 5147 776 5201 quae
825 5143 1015 5199 parata
1059 5133 1125 5186 iis
1168 5148 1289 5186 esse
1338 5134 1456 5200 ipse
1489 5130 1655 5197 jndex

82 5225 218 5281 dicit.
263 5246 284 5276 ι
350 5224 505 5278 Unde
550 5224 796 5277 eruditus
843 5239 1068 5292 operum
1120 5224 1179 5279 S.
1236 5224 1424 5277 lrcmei
1476 5222 1656 5276 editor

83 5312 139 5365 Ι).
170 5315 425 5369 Renatus
458 5312 732 5377 Massnet,
767 5316 986 5369 dissert.
1013 5315 1047 5368 3
1067 5354 1082 5379 ,
1115 5323 1219 5367 art.
1252 5314 1286 5368 9
1310 5354 1323 5373 ,
1356 5320 1569 5381 captum
1600 5311 1652 5363 in

86 5406 367 5459 manifesta
391 5402 668 5457 calumnia
700 5402 962 5459 Grabium
994 5416 1048 5461 et
1073 5405 1431 5459 constrictum
1466 5411 1613 5457 tenet
1635 5442 1650 5467 ,

85 5493 379 5550 Romanam
437 5494 737 5549 Ecclesium
785 5497 1181 5567 reprehendere
1233 5512 1457 5562 ausmn,
1508 5495 1652 5562 quod

85 5596 134 5639 ιιι
158 5589 209 5641 in
236 5590 391 5654 aliis,
418 5589 494 5641 ita
523 5598 571 5641 et
603 5590 656 5642 in
681 5591 779 5642 Itac
818 5607 850 5642 a
876 5600 1181 5644 sanctorum
1213 5589 1435 5642 Patrum
1458 5630 1473 5655 ,
1507 5589 1652 5653 ipso-

86 5693 292 5749 rumque
307 5683 393 5734 sui
423 5680 795 5747 fundatorum,
818 5681 965 5735 Petri
995 5693 1042 5736 et
1068 5679 1250 5748 Pauli,
1270 5681 1523 5734 sententia
1542 5680 1650 5733 dis-

89 5778 305 5829 cesserit.

149 5865 422 5923 Ceterum
476 5866 650 5923 sancti
708 5865 921 5935 Patres,
960 5869 1086 5923 dum
1136 5866 1277 5937 ignis
1323 5864 1648 5935 supplicium

1766 2020 1950 2077 ptorcs
1986 2012 2160 2063 testati
2194 2020 2360 2074 sunt,
2397 2022 2454 2064 ut
2496 2012 2725 2066 eruditae
2765 2014 2830 2065 ad
2882 2013 3025 2067 hunc
3062 2014 3119 2067 S.
3156 2013 3343 2066 llilarii

1765 2098 1941 2154 locum
1972 2102 2351 2156 adnotationcs
2382 2104 2638 2172 prob:mt.

1841 2235 1929 2289 Vl.
1965 2235 2024 2289 S.
2061 2245 2270 2308 martyr
2316 2252 2659 2305 nequaquam
2700 2247 2757 2290 ut
2792 2238 3126 2302 daemonum,
3163 2239 3235 2292 ita
3289 2248 3345 2293 et

1767 2328 2032 2382 malorum
2093 2328 2377 2381 hominum
2432 2331 2708 2383 cruciatus
2753 2330 2803 2383 in
2858 2339 3161 2383 extremum
3197 2329 3346 2397 judi-

1765 2420 1911 2474 cium
1946 2418 2143 2487 rejicit.
2185 2416 2365 2473 Videri
2404 2429 2582 2473 tamen
2617 2431 2802 2489 posset
2834 2421 3064 2487 rejicere
3108 2422 3161 2474 in
3194 2423 3346 2477 testi-

1765 2512 1964 2565 moniis
1989 2527 2149 2581 supra
2179 2511 2390 2576 allatis,
2425 2511 2477 2565 in
2511 2513 2709 2579 quibus
2735 2513 2907 2565 malos
2938 2511 3187 2565 homines
3218 2528 3341 2566 cum

1765 2603 2097 2656 daemonibus
2127 2601 2407 2671 conjungit
2427 2642 2441 2665 ,
2475 2611 2530 2655 et
2560 2601 2805 2670 utrisque
2833 2614 3017 2665 parata
3054 2619 3175 2657 esse
3203 2604 3344 2671 ignis

1764 2696 2032 2765 supplicia
2068 2697 2333 2750 decernit.
2371 2700 2438 2749 At
2481 2695 2610 2748 alibi
2648 2695 2854 2748 diserte
2898 2694 3139 2747 declarat
3176 2697 3345 2749 malo-

1766 2804 1882 2841 rum
1907 2790 2118 2842 animas
2144 2790 2303 2843 modo
2327 2788 2595 2856 torqueri.
2627 2786 2719 2839 Sic
2750 2786 2990 2853 loquitur
3018 2787 3069 2838 in
3096 2785 3341 2849 Cohort.,

1766 2892 1819 2930 ιι.
1853 2877 1961 2931 55:
2000 2896 2017 2929 ι
2055 2876 2198 2931 Nihil
2235 2878 2380 2932 enim
2418 2879 2469 2930 in
2506 2874 2740 2942 majores
2780 2882 2992 2928 vestros
3020 2877 3339 2942 pet-cubitis,

1764 2970 1806 3022 si
1848 2984 1991 3023 nunc
2024 2969 2075 3021 in
2123 2970 2454 3022 contrariam
2491 2966 2702 3020 illorum
2746 2967 2925 3019 errori
2971 2975 3176 3035 partem
3209 2966 3341 3019 ferri

1763 3060 1977 3126 velitis;
2008 3075 2144 3129 quos
2172 3060 2387 3128 quidem
2413 3058 2704 3112 verisimile
2743 3068 2828 3113 est
2856 3072 2998 3110 nunc
3029 3058 3080 3110 in
3124 3056 3342 3113 inferno

1764 3168 1883 3205 sera
1917 3153 2231 3222 pmnitentia
2264 3152 2457 3204 ductos
2487 3150 2691 3217 lugere;
2724 3166 2786 3203 ac
2819 3150 2863 3203 si
2903 3150 3016 3201 lieri
3050 3159 3233 3214 posset
3280 3156 3340 3201 ut

1689 3263 1731 3322 ο
1768 3243 1888 3296 inde
1918 3243 2070 3297 vobis
2113 3243 2455 3305 nuntiarent,
2489 3258 2608 3311 quae
2659 3242 2760 3295 sibi
2816 3252 2937 3311 post
2990 3242 3148 3295 ﬁltctll
3183 3240 3342 3310 hujus

1767 3339 1887 3391 vita:
1933 3348 2263 3399 evenerunt,
2320 3338 2625 3391 noscerctis
2680 3336 2921 3406 profecto
2974 3337 3193 3406 quantis
3246 3352 3341 3391 vos

1764 3431 1920 3485 malis
1953 3430 2207 3485 liberatos
2238 3429 2424 3483 velint.
2467 3448 2486 3481 ι
2528 3428 2591 3482 Ει
2643 3429 2695 3481 in
2733 3427 2985 3497 Apologia
3032 3430 3085 3492 1,
3132 3446 3185 3482 n.
3222 3429 3289 3483 ιε
3322 3446 3335 3481 :

1769 3539 1788 3572 ι
1818 3521 1978 3574 Vobis
2004 3530 2185 3574 autem
2213 3521 2492 3590 adjutores
2514 3520 2756 3574 omnium
2790 3521 3068 3574 hominum
3106 3520 3341 3573 maxime

1762 3624 1817 3668 et
1850 3613 2120 3667 auxiliarii
2170 3613 2237 3666 ad
2282 3627 2475 3681 pacem
2504 3629 2716 3674 sumus,
2747 3613 2841 3680 qui
2894 3615 3008 3666 ha‘c
3060 3611 3335 3671 docemus,

1763 3706 1878 3759 lieri
1906 3706 2131 3758 omnino
2162 3719 2266 3758 non
2298 3719 2480 3771 posse,
2511 3715 2569 3757 ut
2595 3702 2763 3756 Deum
2808 3703 2977 3755 lateat
3019 3701 3299 3755 maleﬁcus
3320 3739 3336 3764 ,

1763 3804 1856 3849 aut
1899 3809 2115 3855 avarus,
2152 3802 2245 3845 aut
2294 3792 2617 3858 insidiator,
2672 3801 2767 3845 aut
2809 3793 3008 3845 virtute
3049 3791 3337 3861 prazditus,

1762 3900 1827 3937 ac
1880 3899 2323 3951 unumquemque
2354 3884 2419 3936 ad
2463 3892 2727 3937 tctcrnum
2782 3884 2896 3935 sive
2940 3898 3184 3950 pugnam,
3222 3883 3337 3935 sive

1762 3976 1988 4029 salutem
2016 3990 2115 4044 pro
2142 3976 2353 4028 meritis
2377 3976 2655 4028 actionum
2683 3974 2975 4043 prolicisci.
3003 3992 3020 4025 ι
3054 3972 3118 4026 Et
3151 3990 3202 4025 n.
3232 3975 3333 4025 20:

1767 4086 1785 4118 ι
1819 4068 1953 4122 Cum
1983 4078 2163 4121 autem
2196 4066 2505 4134 iniquorum
2532 4068 2742 4121 animas
2770 4067 2949 4136 pttniri
2981 4081 3141 4119 sensu
3172 4066 3333 4119 ctiam

1763 4170 1884 4232 post
1920 4174 2151 4214 mortem
2194 4161 2451 4229 praeditas
2480 4160 2716 4214 dicimus
2737 4199 2753 4224 ,
2786 4161 3051 4213 bonorum
3082 4167 3260 4211 autem
3308 4172 3338 4209 a

1761 4252 2042 4321 suppliciis
2088 4252 2348 4306 liberatas
2392 4253 2655 4321 prteclare
2688 4267 2747 4306 se
2779 4251 2982 4304 habere
3008 4290 3021 4313 .
3052 4254 3242 4303 eadem
3275 4265 3339 4305 ac

1760 4356 1935 4414 poeta:
1956 4354 2011 4398 et
2041 4343 2344 4412 philosophi
2388 4344 2575 4396 dicere
2610 4344 2940 4396 videbimur.
2978 4340 3209 4409 tLiquet
3239 4338 3338 4393 Ju-

1762 4437 1962 4489 stinum
2018 4438 2083 4490 de
2139 4438 2451 4489 animarum
2501 4446 2627 4488 ante
2680 4433 3134 4487 resurrectionem
3187 4440 3337 4484 statu

1762 4546 1922 4599 agere
1949 4529 2170 4599 jamque
2208 4528 2425 4595 iniquos
2457 4526 2792 4580 cruciatibus
2821 4526 3065 4579 addictos
3096 4539 3340 4593 pronun-

1788 4625 1919 4678 iare.
1964 4626 2054 4678 Sic
2087 4626 2249 4680 etiam
2282 4640 2445 4677 senex
2475 4623 2562 4675 ille
2586 4622 2953 4681 Christianus,
2985 4619 3142 4688 cujus
3174 4618 3332 4670 testi-

1762 4717 1997 4770 tnoniunt
2033 4733 2194 4786 supra
2223 4718 2403 4785 attuli,
2432 4717 2694 4771 malorum
2723 4715 2932 4766 animas
2966 4713 3016 4763 in
3051 4709 3327 4763 deteriore

1761 4806 1879 4861 loco
1906 4807 2169 4875 judicium
2199 4808 2417 4862 dicebat
2440 4816 2788 4875 exspectare.
2816 4802 3183 4869 Quamobrem
3210 4815 3333 4854 cum

1758 4898 1833 4949 ait
1874 4895 2121 4951 Justinus
2158 4897 2330 4951 malos
2382 4896 2633 4950 homines
2672 4910 2798 4949 cum
2837 4891 3177 4946 daemonibus
3212 4898 3336 4957 post

1751 4988 2013 5056 judicium
2040 4999 2343 5041 extremum
2373 4997 2580 5041 aeterno
2614 4987 2721 5055 igni
2753 4986 3031 5039 addictum
3065 4984 3159 5048 iri,
3189 4982 3241 5036 id
3268 4982 3335 5034 de

1759 5095 1896 5133 novn
1927 5080 2018 5134 illo
2060 5091 2204 5134 statu
2251 5079 2627 5149 accipiendum
2650 5118 2666 5143 ,
2700 5077 2753 5132 in
2785 5093 2892 5146 quo
2942 5092 3051 5131 non
3077 5077 3187 5147 jam
3218 5074 3334 5129 sola

1757 5172 1956 5238 anima,
1988 5170 2083 5226 sed
2114 5170 2286 5240 ipsum
2318 5171 2480 5225 etiam
2506 5185 2706 5240 corpus
2737 5185 2859 5225 cum
2886 5170 3065 5223 anima
3100 5179 3323 5236 torque-

1756 5263 1925 5319 bitur.

1825 5402 1944 5473 lpsa
1967 5399 2163 5457 Justini
2196 5401 2462 5455 sententia
2489 5402 2557 5457 de
2585 5409 2812 5456 venturo
2834 5400 2899 5454 ad
2934 5393 3331 5453 Antichristum

1755 5496 2134 5551 debellandum
2172 5497 2416 5559 Christo,
2459 5512 2521 5549 ac
2566 5495 2716 5548 illum
2756 5504 2805 5547 et
2853 5491 3147 5544 obedientes
3180 5487 3228 5537 ci
3276 5487 3333 5540 in

1755 5600 1999 5657 stagnum
2042 5590 2215 5659 ignis,
2256 5598 2315 5641 ut
2367 5588 2444 5641 ait
2484 5586 2751 5649 Irenaaus,
2795 5584 2887 5637 lib.
2932 5596 3017 5644 tv,
3070 5594 3187 5647 cap.
3221 5579 3326 5643 50,

1757 5682 2027 5744 tnissuro,
2084 5688 2408 5749 argumento
2461 5687 2542 5733 est
2587 5677 2737 5730 illum
2790 5672 3078 5743 agnovisse
3125 5669 3325 5723 inllicta

1755 5768 1913 5824 malis
1962 5770 2273 5824 hominibus
2330 5776 2457 5822 ante
2510 5775 2818 5822 extremum
2864 5762 3131 5832 judicium
3184 5759 3327 5829 ignis

1754 5862 2040 5933 supplicia.
