3796 6522
485 434 542 487 9|
1444 426 1500 481 S.
1540 423 1873 481 JllSTlNUS
1912 416 2393 476 PHILOSOPHUS
2421 415 2507 470 ET
2550 412 2860 469 MARTYR.
3676 409 3743 463 93

1081 544 1314 601 CAPUT
1357 542 1467 599 XII.

524 637 601 693 De
635 638 717 692 his
749 654 867 705 qua:
902 638 972 690 ad
1005 653 1225 708 regnum
1268 636 1413 691 mille
1446 652 1705 689 annorum
1744 635 2030 703 pertinent.

487 754 521 803 ι.
546 752 622 803 Ile
646 755 919 802 animarum
936 756 1067 801 statu
1092 764 1248 812 usque.
1272 753 1329 799 ad
1374 750 1790 797 resurrectionem
1823 751 2071 812 sententia

545 814 745 865 Justini.
774 815 834 863 Η.
862 816 935 862 De
963 811 1278 863 Antichristo.
1308 812 1387 861 Ill.
1411 812 1485 859 De
1514 812 1632 859 Elite
1671 812 1881 859 adventu
1909 818 1962 857 et
1983 811 2072 857 Ju-

544 878 761 925 daeorum
806 878 1147 924 conversione.
1176 875 1254 924 IV.
1280 874 1354 922 De
1379 873 1595 922 secundo
1636 870 1809 919 Christi
1831 872 2066 922 adventu.

546 939 629 1007 Sic
656 939 917 1007 _l_oqu_i_tu_r_
941 938 1191 1007 Justinus,_
1228 938 1368 1007 quasi
1409 933 1571 1007 statim
1593 933 1827 1007 iudicium
1852 932 2069 1007 fatur-nm

547 1003 628 1049 sit.
656 1000 713 1048 V.
735 995 867 1048 Nihil
891 1000 1114 1048 Justinus
1133 995 1364 1058 admittit,
1380 996 1511 1059 quod
1529 997 1764 1044 redivivis
1785 995 2071 1056 corporibus

550 1076 648 1111 non
671 1067 929 1124 congruat.

556 1164 602 1223 l.
629 1164 1003 1220 Celeberrima
1040 1161 1476 1218 Millenariorum
1524 1163 1824 1228 sententia,
1858 1162 1911 1215 in
1959 1176 2066 1232 qua

488 1256 830 1313 defendenda
864 1256 1133 1312 secundas
1179 1265 1304 1325 post
1335 1253 1559 1321 Papiam
1607 1254 1870 1308 sustinuit
1899 1252 2068 1308 Justi-

490 1363 612 1410 nus,
647 1346 800 1416 plura
836 1346 1080 1400 continet
1122 1344 1445 1413 opinionum
1472 1350 1806 1408 commenta,
1832 1357 2065 1411 quorum

488 1440 592 1493 alia
628 1440 686 1494 S.
725 1440 949 1509 martyri
982 1438 1161 1507 allingi
1203 1453 1309 1489 non
1336 1436 1558 1499 debent,
1590 1438 1695 1491 alia
1734 1437 1803 1490 ab
1833 1450 1898 1491 eo
1939 1450 2066 1505 pro-

488 1532 695 1599 pulsari
746 1548 853 1585 non
903 1540 1151 1600 possetut.
1197 1529 1543 1583 ACCUsantur
1589 1528 1879 1594 Millenarii
1918 1528 2064 1597 quod

487 1625 693 1678 sanctis
725 1624 816 1678 Dei
855 1624 1118 1678 visionem
1159 1632 1288 1676 ante
1323 1624 1637 1692 generalem
1680 1621 1923 1674 omnium
1978 1634 2065 1674 re-

486 1715 887 1770 surrectionem
935 1717 1238 1784 denegem;
1286 1715 1429 1782 quod
1475 1724 1604 1768 ante
1649 1715 1789 1769 hanc
1834 1727 2063 1783 genera-

487 1806 594 1859 lem
642 1806 1103 1861 resurrectionem
1146 1804 1324 1873 justos
1364 1822 1555 1858 onmes
1606 1804 1657 1857 in
1711 1804 1852 1857 hanc
1890 1804 2057 1856 vitam

2097 548 2142 603 Α
2171 540 2261 593 nio
2303 553 2408 592 non
2459 536 2679 591 videtur
2717 533 2930 589 Justino
2958 529 3264 597 praecipuus
3292 541 3413 582 esse
3450 525 3742 581 htereuco-

2174 646 2291 684 rum
2321 644 2481 684 error
2509 646 2521 680 :
2560 629 2686 682 inde
2717 625 2865 679 illius
2892 621 3237 692 potissinnnn
3265 628 3384 673 orta
3422 618 3738 687 indignatio,

2171 724 2315 792 quod
2352 721 2772 777 resurrectionis
2814 728 2870 773 et
2921 715 3201 771 Creatoris
3250 715 3378 766 odio
3428 713 3543 766 huic
3591 712 3740 765 dice-

2172 823 2312 868 rent.
2368 813 2425 869 ιιι
2471 812 2616 865 Actis
2648 809 2895 879 martyrii
2943 804 3003 861 S.
3046 804 3253 859 Justini
3302 803 3419 857 hate
3467 802 3735 871 legimus:

2177 908 2357 962 «Tum
2402 905 2690 977 praefectus
2747 916 3048 959 conversus
3093 899 3161 953 ad
3220 896 3496 952 Justinum
3551 896 3736 950 dixit:

2169 999 2308 1054 Audi
2342 1008 2395 1053 tu
2440 998 2531 1065 qui
2562 997 2823 1065 eloquens
2857 1008 2978 1049 esse
3008 991 3234 1052 diceris.
3268 1000 3322 1045 et
3355 1000 3514 1059 putas
3546 998 3595 1043 te
3640 1004 3739 1042 ve-

2172 1105 2287 1144 ram
2335 1086 2687 1155 disciplinam
2720 1094 2928 1138 tenere.
2960 1081 3018 1137 Si
3068 1078 3297 1149 ﬂagellis
3334 1093 3508 1132 caesus
3553 1077 3736 1145 capite

2167 1180 2447 1253 plectaris,
2505 1190 2895 1248 persuasumne
2941 1174 3108 1229 habes
3157 1172 3274 1226 fore
3330 1180 3389 1223 ut
3438 1170 3491 1222 in
3536 1169 3736 1223 ςωιυιιι

2167 1272 2530 1329 ascendas?»
2562 1268 2662 1323 Cui
2700 1268 2985 1322 Justinus:
3016 1285 3034 1317 ι
3061 1265 3256 1334 Spero,
3288 1262 3484 1331 inquit,
3524 1277 3605 1315 me
3635 1261 3736 1314 ha-

2164 1367 2402 1420 biturum
2430 1364 2577 1435 quod
2615 1360 2818 1417 habent
2849 1359 2945 1429 qui
2974 1358 3178 1413 Christi
3239 1357 3495 1426 dogmata
3546 1369 3737 1408 serva-

2165 1457 2364 1524 verint,
2395 1457 2442 1511 si
2473 1456 2588 1511 hree
2618 1456 2735 1524 ipsa
2767 1467 2888 1521 quae
2918 1450 3055 1505 dicis
3084 1464 3375 1519 perpessus
3402 1450 3574 1502 fuero.
3607 1447 3737 1500 Scio

2162 1545 2307 1601 enim
2349 1544 2601 1601 omnibus
2650 1542 2740 1613 qui
2792 1542 2865 1595 ita
2914 1539 3175 1603 vixerint,
3216 1538 3455 1592 divinam
3504 1538 3732 1607 gratiam

2161 1636 2501 1697 conservari,
2548 1634 2726 1704 quoad
2770 1643 2917 1687 tutus
2966 1632 3199 1685 mundus
3243 1637 3675 1684 cousummetur.
3715 1647 3733 1680 ι

2161 1727 2240 1780 Ad
2281 1729 2393 1782 lucc
2445 1727 2735 1795 praefectus
2777 1724 3071 1793 Rusticus:
3106 1745 3124 1774 ι
3149 1722 3292 1792 Ergo
3322 1720 3572 1774 futurum
3618 1722 3744 1788 opi-

2162 1818 2330 1884 naris,
2362 1829 2421 1873 ut
2460 1819 2511 1871 in
2551 1818 2752 1873 costam
2801 1816 3090 1877 ascendas,
3142 1813 3453 1868 mercedem
3502 1812 3739 1881 aliquam

489 1898 785 1962 redituros,
823 1908 877 1952 et
921 1899 1065 1952 mille
1112 1899 1273 1952 annis
1304 1913 1428 1953 cum
1462 1896 1679 1951 Christo
1710 1894 2064 1964 Jerosolymis
2095 1913 2137 1968 Β
2167 1911 2519 1979 recepturus?
2589 1910 2703 1964 Nm,
2746 1910 2959 1978 Opinor,
2997 1908 3167 1974 inquit
3202 1906 3475 1970 ιυειίηυε,
3505 1908 3596 1961 sed
3626 1908 3743 1960 εοῖο

486 1987 732 2043 victuros
763 1989 985 2054 dicant;
1014 1991 1161 2058 quod
1194 1990 1246 2043 in
1280 1991 1383 2044 hoc
1413 2001 1634 2043 terreno
1660 1987 1861 2041 Christi
1898 2000 2065 2056 regno

486 2080 965 2136 circumcisionem
1003 2090 1058 2135 et
1097 2081 1362 2145 Sabbata,
1391 2094 1773 2149 sununamque
1817 2078 2065 2148 volupta-

484 2185 597 2229 tum
628 2178 796 2229 etiam
829 2190 1221 2243 curporearum
1249 2174 1463 2243 copiam
1509 2174 1808 2228 somnient.
1844 2172 2029 2241 Expen
2052 2200 2064 2208 -

485 2270 718 2323 dendum
758 2269 916 2323 nobis
954 2278 1037 2323 cst
1076 2270 1160 2324 bis
1197 2270 1265 2322 de
1304 2270 1465 2323 rebus
1491 2268 1621 2338 quid
1650 2267 1902 2322 Justinus
1950 2274 2063 2320 sta-

487 2368 661 2410 tutum
711 2357 998 2421 habuerit;
1061 2374 1162 2413 nec
1216 2359 1346 2412 illud
1406 2360 1796 2423 omittendum,
1829 2374 1897 2410 an
1956 2358 2063 2410 hoc

483 2460 752 2514 erratum,
782 2453 926 2519 quod
956 2454 1005 2505 ei
1037 2466 1158 2505 cum
1208 2452 1452 2521 pluribus
1486 2451 1739 2505 Patribus
1771 2465 2063 2505 commune

484 2551 590 2606 est,
623 2543 762 2594 tanti
788 2543 1213 2595 existimandum
1248 2544 1338 2610 sit,
1370 2553 1428 2597 Ill.
1453 2558 1643 2598 eorum
1674 2543 1724 2596 in
1753 2542 1875 2596 aliis
1901 2542 2065 2597 rebus

486 2634 786 2689 testimonii
810 2638 1117 2689 auctoritas
1150 2636 1448 2689 minuatur.

554 2725 684 2791 Quae
707 2726 773 2781 de
797 2738 1117 2782 sanctorum
1143 2738 1270 2780 ante
1288 2725 1727 2780 lncarnationcm
1754 2737 1899 2781 statu
1927 2727 2062 2780 dixit

482 2816 756 2885 Justinus,
806 2836 869 2875 ea
924 2821 1200 2878 immerito
1254 2824 1501 2879 nonnulli
1554 2822 1962 2882 existimarunt,
1996 2820 2063 2874 de

487 2910 571 2962 his
596 2912 782 2976 etiam,
815 2913 906 2981 qui
944 2924 1063 2975 post
1104 2915 1310 2969 Christi
1348 2915 1732 2969 ascensionem
1783 2912 2058 2975 obierunt,

483 3001 633 3057 dicta
666 3020 810 3058 esse.
842 3005 976 3060 Cum
1022 3007 1123 3061 sibi
1176 3008 1544 3076 persuasisset
1590 3006 1648 3061 S.
1704 3016 1914 3075 martyr
1943 3003 2063 3058 aui-

487 3112 628 3149 mam
664 3097 937 3154 Samuelis
971 3116 1098 3154 vere
1144 3103 1281 3155 artis
1325 3102 1550 3171 magica:
1575 3115 1740 3170 Opera
1774 3106 2058 3154 evocatam

489 3190 677 3254 fuisse,
713 3192 835 3246 inde
885 3193 1178 3263 colligebat
1230 3195 1445 3249 animas
1478 3193 1755 3263 jttstorum
1812 3192 2052 3245 nomium

486 3282 555 3336 ab
602 3284 748 3335 omni
803 3283 1070 3336 malarmn
1103 3285 1364 3339 virtutum
1391 3284 1673 3340 dominatu
1700 3280 1904 3335 liberas
1932 3292 2061 3333 ante

486 3372 919 3427 lncarnationem
953 3374 1141 3430 fuisse.
1185 3394 1203 3427 ι
1229 3376 1471 3444 Apparet
1498 3383 1700 3436 autem,
1737 3372 1911 3440 inquit
1932 3370 2061 3423 Dia-

486 3461 620 3529 log.,
662 3480 715 3515 n.
745 3464 866 3527 105,
902 3465 1114 3518 animas
1145 3465 1415 3534 ejusmodi
1442 3464 1717 3536 justorum
1749 3475 1803 3515 et
1825 3461 2060 3530 pmpbe-

488 3560 692 3617 tarum,
730 3554 832 3608 sub
885 3565 1214 3623 potestatem
1251 3556 1442 3610 talium
1478 3557 1738 3610 virtutum
1776 3554 2057 3619 cecidisse,

487 3646 704 3716 qualem
740 3648 996 3701 virtutem
1032 3657 1084 3703 et
1118 3649 1169 3702 in
1206 3649 1552 3717 ventriloqua
1587 3648 1675 3701 illa
1704 3647 1870 3702 luisse
1898 3647 2062 3701 rebus

488 3738 620 3808 ipsis
662 3739 993 3792 declaratur.
1023 3756 1040 3788 ι
1077 3738 1325 3791 Absurda
1380 3754 1516 3792 sane
1551 3737 1760 3805 opinio,
1796 3737 1889 3791 sed
1936 3753 2061 3806 quae

488 3829 658 3883 multo
689 3830 983 3883 absurdior
1013 3828 1179 3891 foret,
1221 3829 1291 3891 si,
1326 3829 1378 3882 id
1412 3828 1558 3898 quod
1614 3845 1793 3897 neque
1821 3826 2059 3890 Justino,

490 3935 666 3990 neque
707 3923 853 3985 aliis,
884 3923 975 3990 qui
1015 3922 1218 3976 similia
1257 3921 1538 3987 dixerunt,
1579 3921 1759 3992 alIingi
1799 3922 1982 3987 debet,
2018 3923 2062 3976 is

490 4012 823 4067 tribueretur
854 4015 1015 4069 malis
1042 4014 1338 4069 virtutibus
1369 4014 1421 4067 iu
1454 4025 1681 4069 sanctos
1725 4016 2059 4079 dominatus,

488 4111 547 4156 ut
571 4118 667 4158 eos
692 4104 925 4158 arbitrio
958 4120 1060 4159 suo
1093 4115 1351 4159 vexarent
1375 4114 1424 4158 et
1450 4105 1764 4160 incitarent.
1798 4106 1911 4159 lloc
1941 4116 2060 4159 tan-

491 4205 602 4249 tum
640 4211 709 4249 ex
740 4194 937 4250 Justini
968 4198 1152 4252 verbis
1193 4197 1486 4267 colligitur,
1516 4198 1568 4251 id
1601 4199 1941 4254 dmmouihus
1975 4202 2061 4251 in-

491 4280 726 4355 terdum,
778 4290 887 4344 Deo
938 4290 1318 4359 permittente,
1374 4291 1426 4345 in
1480 4301 1798 4347 sanctorum
1850 4291 2063 4346 animas

489 4382 734 4445 licuisse,
761 4384 902 4451 quod
945 4383 1111 4436 semel
1144 4382 1366 4437 diabolo
1393 4384 1443 4437 in
1495 4385 1667 4453 ipsius
1694 4383 1898 4439 Christi
1934 4398 2060 4437 cor-

488 4493 611 4545 pus,
641 4494 746 4530 non
779 4479 896 4531 sine
922 4477 1122 4531 Christi
1164 4478 1457 4545 permissu,
1486 4478 1663 4533 licuit.

560 4570 713 4634 Quod
739 4579 918 4621 autent
951 4570 1237 4638 spectatad
1258 4580 1477 4625 sanctos
1499 4571 1839 4639 posthristi
1869 4586 2060 4627 ascen-
2092 4603 2134 4657 Β

488 4661 696 4714 sionem
750 4672 1012 4725 mortuos,
1051 4662 1346 4717 vehemens
1396 4677 1528 4717 sane
1574 4664 1787 4717 exstitit
1816 4661 2061 4719 JuSIinus

491 4750 541 4801 in
578 4750 849 4803 haereticis
899 4752 1004 4806 illis
1065 4751 1398 4819 refellendis,
1436 4755 1526 4825 qui
1585 4756 1820 4818 animas,
1877 4755 2060 4808 statim

488 4851 652 4909 atque
678 4860 708 4894 e
736 4858 964 4910 corpore
1019 4845 1212 4899 solutae
1262 4857 1469 4909 essent,
1524 4848 1576 4899 in
1616 4847 1879 4901 cwlorum
1915 4846 2062 4914 apsi-

489 4932 608 4985 tlem
637 4934 963 4999 evehebant,
1011 4936 1082 4990 ita
1120 4948 1177 4990 ut
1206 4938 1341 4991 nihil
1384 4954 1607 5006 prorsus
1642 4940 1707 4991 ad
1762 4938 2062 4992 beatitudi-

491 5038 610 5077 nem
658 5042 1007 5081 acressurnm
1042 5028 1310 5092 dicerent,
1349 5046 1449 5083 nec
1479 5030 1643 5082 ullam
1694 5032 2062 5085 resurrectio-

490 5116 574 5169 nis
604 5132 753 5186 spem
786 5128 878 5172 aut
902 5119 1232 5175 desiderium
1266 5122 1659 5189 relinquerent.
1689 5123 1779 5175 Sic
1817 5123 2060 5191 loquitur

489 5208 727 5278 Dialog.,
763 5228 818 5264 ιι.
855 5214 967 5267 80:
1007 5231 1026 5264 ι
1051 5214 1108 5267 Si
1161 5214 1429 5268 incidistis
1486 5213 1539 5267 in
1607 5215 1919 5283 nonnullos,
1967 5218 2056 5285 qui

488 5305 783 5360 Christiani
832 5308 1057 5376 quidem
1109 5316 1399 5370 vocantur,
1433 5309 1549 5361 base
1597 5317 1781 5363 autem
1838 5311 2061 5365 minime

492 5407 695 5464 tenent,
729 5402 823 5455 sed
853 5403 1018 5456 etiam
1046 5404 1217 5457 Deum
1246 5403 1500 5468 Abrahaz,
1534 5413 1586 5457 et
1612 5403 1777 5457 Deum
1806 5404 1977 5466 Isaae,
2004 5415 2059 5458 et

491 5487 659 5542 Deum
689 5490 859 5546 Jacob
902 5493 1256 5561 blasphemiis
1307 5506 1563 5561 appetere
1587 5494 1813 5557 audent,
1839 5510 1903 5547 ac
1935 5496 2055 5548 nul-

493 5577 599 5632 lam
632 5596 755 5637 esse
803 5593 1145 5637 mortuorum
1194 5585 1681 5649 resurrectionem,
1730 5588 1825 5641 sed
1870 5586 2054 5640 statim

494 5684 655 5741 atque
712 5676 1039 5737 moriantur,
1069 5676 1281 5729 animas
1328 5690 1456 5730 suas
1494 5677 1546 5731 in
1598 5678 1798 5731 collum
1851 5679 2055 5747 suscipi

494 5765 718 5830 dicunt;
765 5777 958 5818 cavete
1014 5780 1080 5819 ne
1129 5782 1223 5820 eos
1278 5766 1605 5821 existimetis
1637 5768 2001 5824 Christianos.
2030 5790 2048 5822 ι

498 5859 588 5912 illa
623 5866 690 5912 dc
724 5859 1011 5913 animabus
1036 5859 1215 5914 statim
1244 5859 1297 5914 in
1324 5858 1521 5915 ctelum
1562 5862 1907 5919 avolantibus
1936 5863 2053 5933 opi-

2165 2013 2219 2057 et
2252 2004 2355 2057 hoc
2381 2012 2488 2056 tant
2520 2011 2728 2057 certum
2760 2002 2951 2065 habeo,
2989 2012 3047 2055 ut
3076 2000 3210 2054 nihil
3238 2000 3508 2054 dubitem.
3539 2018 3559 2051 ι
3591 1999 3742 2052 Dilli-

2166 2096 2270 2150 cile
2302 2110 2407 2149 non
2439 2106 2523 2151 est
2556 2097 2997 2150 animadvertere
3031 2094 3159 2163 quid
3191 2093 3409 2147 intersit
3434 2091 3582 2146 inter
3602 2106 3742 2159 prae-

2166 2184 2295 2241 fecti
2315 2185 2803 2255 interrogationem
2830 2196 2886 2240 et
2905 2186 3315 2255 responsionem
3340 2183 3563 2238 Justini.
3593 2182 3741 2236 Prac—

2165 2277 2342 2333 l’ectus
2382 2279 2615 2345 putabat
2651 2290 2924 2348 martyres
2951 2293 3172 2347 sperare
3201 2292 3259 2331 se
3298 2277 3353 2329 in
3387 2275 3590 2330 ccelum
3630 2286 3742 2327 sta-

2166 2371 2260 2424 tim
2290 2370 2626 2434 evolaturos,
2649 2385 2713 2424 ac
2732 2372 2873 2425 scire
2899 2381 3023 2424 avet
3045 2387 3113 2423 an
3131 2367 3381 2423 Justinus
3418 2370 3607 2421 eadem
3644 2382 3741 2432 Spe

2166 2472 2438 2517 teneatur.
2469 2460 2720 2515 Justinus
2750 2477 2862 2515 non
2893 2462 3133 2517 obscure
3166 2460 3477 2515 mercedem
3507 2458 3653 2512 illam
3690 2458 3739 2511 in

2166 2563 2386 2622 tempus
2432 2553 2859 2607 resurrectionis
2908 2552 3109 2620 reiicit,
3140 2569 3201 2618 ac
3234 2552 3466 2604 divinant
3513 2552 3742 2619 gratiam

2165 2647 2486 2710 conservari,
2521 2646 2619 2708 ait,
2654 2647 2833 2713 quoad
2862 2655 3001 2698 totus
3026 2644 3255 2697 mundus
3291 2654 3713 2717 consummatur.

2236 2736 2343 2791 Sed
2375 2752 2700 2806 quocuuque
2736 2738 2786 2789 in
2821 2736 2942 2789 loco
2994 2737 3205 2790 animas
3250 2744 3571 2789 sanetorum
3618 2744 3744 2787 ante

2167 2829 2629 2883 resurrectionem
2660 2829 2891 2882 collucet
2914 2826 3182 2890 Justinus,
3206 2826 3317 2895 jam
3353 2838 3465 2880 tum
3498 2843 3593 2882 eas
3613 2828 3742 2882 hea-

2167 2918 2399 2973 titudiue
2426 2927 2635 2972 attenta
2670 2929 2727 2973 et
2772 2918 2865 2972 Dei
2898 2918 3110 2972 visione
3140 2921 3346 2984 perl'rui
3379 2934 3487 2971 non
3514 2919 3745 2973 obscure

2162 3012 2403 3068 declarat
2452 3015 2508 3068 in
2558 3026 2791 3083 utraque
2829 3012 3109 3082 Apologia.
3155 3012 3303 3066 llanc
3345 3013 3493 3066 enim
3522 3028 3742 3065 causam

2163 3104 2322 3159 allert
2355 3122 2453 3159 cur
2479 3106 2780 3160 Christiani
2820 3105 3053 3159 libenter
3082 3117 3312 3159 mortem
3339 3114 3605 3175 oppetant
3630 3120 3730 3173 pro

2162 3198 2382 3253 Christo
2406 3199 2589 3268 Apot.,
2623 3199 2674 3265 1,
2710 3214 2765 3253 n.
2801 3198 2874 3254 8:
2907 3218 2925 3250 ι
2966 3196 3162 3253 Vivere
3198 3200 3454 3254 nolumus
3488 3199 3739 3253 obstricti

2166 3291 2466 3345 mendacio.
2496 3289 2739 3345 jEternze
2769 3292 2912 3344 enim
2960 3306 3023 3344 ac
3058 3306 3209 3360 pura:
3262 3292 3389 3344 vita:
3440 3291 3629 3360 cupidi
3678 3291 3741 3343 ad

2161 3380 2495 3435 domicilium
2528 3397 2652 3434 cum
2689 3382 2798 3435 Deo
2832 3382 3218 3436 universorum
3255 3382 3417 3436 Patre
3461 3392 3517 3437 et
3548 3384 3744 3452 cpilice

2163 3474 2490 3541 promissum
2522 3474 2906 3527 contendimus
2951 3488 3015 3527 ac
3065 3490 3422 3542 properamus
3467 3483 3534 3527 ad
3578 3475 3745 3527 conli~

2166 3564 2409 3629 tendum,
2443 3581 2566 3618 cum
2622 3580 2945 3633 persuasum
2992 3567 3292 3620 habeamus
3345 3576 3400 3619 et
3456 3567 3747 3619 credamus

2164 3656 2277 3710 haec
2310 3659 2451 3710 bolia
2481 3658 2546 3710 ab
2589 3656 2699 3710 illis
2730 3661 3039 3726 comparari
3074 3672 3250 3727 posse,
3277 3658 3372 3727 ‘qui
3420 3658 3588 3711 factis
3634 3658 3747 3711 suis

2166 3748 2345 3801 testati
2380 3746 2489 3802 Deo
2528 3747 2735 3801 fuerint
2768 3764 2830 3803 se
2883 3749 3031 3803 illum
3069 3760 3307 3804 sectatos
3344 3764 3484 3812 esse,
3520 3765 3586 3803 ac
3615 3748 3745 3803 illud

2164 3840 2306 3908 apud
2345 3854 2467 3893 cum
2514 3840 2853 3894 domicilium
2886 3844 3195 3907 adamasse,
3226 3844 3314 3896 ubi
3346 3844 3489 3895 nulla
3535 3844 3748 3897 vitiosi-

2167 3940 2248 3984 tas
2274 3931 2635 3986 reluctatur.»
2674 3932 2729 3985 ln
2778 3934 2962 4002 capite
3015 3934 3342 4001 praecedenti
3392 3937 3501 3988 duo
3534 3936 3643 3987 alia
3677 3950 3743 3988 ex

2164 4022 2353 4077 eadem
2382 4023 2638 4093 Apoiogia
2673 4024 2832 4077 retuli
2863 4026 3445 4093 testimonia,quorum
3481 4027 3534 4078 in
3571 4026 3744 4079 altero

2166 4114 2242 4167 ait
2269 4114 2337 4167 ab
2373 4115 2474 4169 hac
2501 4116 2613 4169 vita
2646 4130 3070 4184 unumquemque
3099 4116 3168 4167 ad
3209 4126 3460 4168 retentam
3505 4115 3615 4167 sive
3640 4130 3746 4181 ρω-

2164 4224 2309 4273 nam,
2342 4207 2701 4277 sivesalutem
2740 4224 2835 4277 pro
2884 4208 3087 4261 meritis
3132 4209 3401 4261 actionum
3430 4208 3744 4277 proﬁcisci;

2164 4299 2218 4352 in
2247 4298 2419 4353 altero
2450 4299 2664 4355 animas
2697 4301 2964 4355 bonorum
2996 4319 3027 4355 e
3054 4315 3283 4369 corpore
3319 4311 3590 4355 exeuntes
3614 4302 3742 4355 ben»

2165 4400 2247 4445 tas
2275 4406 2397 4445 esse
2434 4393 2771 4461 pronuntiat.
2805 4392 2859 4446 In
2892 4392 3048 4461 Apol.
3090 4390 3146 4455 2,
3195 4408 3249 4444 ιι.
3279 4390 3331 4453 2.
3365 4393 3442 4446 sic
3476 4393 3544 4446 de
3572 4392 3744 4448 Lucio

2164 4496 2423 4556 martyre,
2458 4486 2630 4555 abripi
2649 4485 2803 4553 jusso
2829 4487 2896 4540 ad
2922 4484 3267 4556 supplicium,
3295 4485 3541 4553 loquitur
3574 4504 3588 4541 :
3630 4507 3649 4541 ι
3676 4489 3745 4543 Αι

2165 4576 2253 4631 ille
2306 4579 2511 4642 gratias
2559 4578 2727 4633 etiam
2783 4578 3001 4646 agebat,
3053 4591 3174 4629 cum
3231 4591 3291 4630 se
3340 4577 3411 4628 ab
3472 4576 3746 4646 improbis

2164 4665 2427 4733 ejusmodi
2469 4667 2707 4721 dominis
2754 4666 2821 4719 ad
2865 4666 3083 4720 Patrem
3135 4682 3201 4719 ac
3253 4680 3430 4734 regem
3469 4667 3741 4722 cwlorutu

2166 4757 2437 4825 prolicisci
2467 4767 2838 4827 cognosceret.
2866 4776 2885 4810 ι
2925 4755 3051 4811 Vid.
3080 4774 3135 4810 n.
3154 4757 3208 4812 4.
3260 4756 3377 4809 Non
3414 4760 3569 4812 solus
3598 4759 3745 4813 inter

2164 4863 2277 4911 eos,
2312 4849 2404 4917 qui
2438 4849 2584 4903 mille
2610 4864 2875 4903 annorum
2907 4864 3136 4920 regnum
3166 4848 3480 4914 admittunt,
3510 4851 3583 4903 ita
3613 4866 3741 4905 sen-

2165 4940 2234 4992 sit
2257 4937 2522 4993 Justinus.
2559 4938 2831 5009 Martyres
2860 4940 3097 4994 eximios
3139 4940 3344 4993 habere
3381 4939 3603 4994 videtur
3639 4942 3745 4995 lre-

2166 5046 2334 5083 incus.
2366 5031 2456 5086 Sic
2480 5031 2625 5084 enim
2674 5030 2738 5086 de
2785 5030 2891 5085 illis
2929 5031 3172 5101 loquitur
3210 5031 3305 5085 lib.
3341 5048 3417 5097 tv,
3453 5048 3505 5086 c.
3554 5034 3651 5098 35,
3684 5052 3738 5088 ιι.

2164 5124 2237 5177 9:
2270 5139 2289 5174 ι
2317 5122 2560 5177 Ecclesia
2612 5122 2758 5177 omni
2816 5124 2869 5177 in
2923 5123 3046 5178 loco
3077 5122 3147 5177 ob
3189 5138 3308 5177 eam
3354 5139 3517 5192 quam
3579 5128 3745 5181 habet

2162 5232 2292 5286 erga
2345 5218 2510 5269 Deum
2558 5216 2926 5281 dilectionem,
2980 5215 3377 5271 multitudinem
3432 5229 3743 5288 martyrum

2161 5310 2443 5379 praetuitlit
2496 5309 2564 5363 ad
2623 5308 2861 5363 Patrem.
2893 5329 2910 5359 ν
2951 5308 3027 5363 De
3074 5308 3330 5363 Ollllliillls
3380 5311 3596 5366 sanctis
3637 5312 3743 5365 La-

2162 5403 2396 5457 ctantius
2428 5401 2525 5455 lib.
2562 5416 2646 5466 In,
2677 5416 2798 5470 cap.
2831 5402 2930 5455 ηε
2963 5420 2980 5452 ι
3003 5402 3077 5454 llli
3111 5412 3309 5465 tamen,
3336 5403 3532 5471 inquit,
3557 5405 3651 5472 qui
3677 5406 3743 5458 de

2161 5494 2583 5549 immortalitate
2626 5494 3127 5563 disputantanimi,
3174 5496 3479 5566 intelligere
3526 5497 3741 5552 debue-

2162 5597 2293 5639 runt
2322 5586 2443 5640 ideo
2485 5587 2825 5655 propositam
2872 5588 3030 5641 nobis
3058 5601 3180 5641 esse
3206 5588 3484 5651 virtutem,
3511 5599 3571 5643 ut
3612 5605 3740 5658 per-

2161 5679 2381 5733 domitis
2399 5679 2731 5743 libidinibus,
2760 5693 3048 5748 rerumque
3067 5680 3408 5733 terrestrium
3430 5682 3739 5748 cupiditate

2162 5781 2441 5840 superata,
2473 5787 2620 5839 purae
2651 5786 2716 5827 ac
2740 5772 2990 5826 victrices
3016 5774 3208 5825 aninne
3232 5777 3296 5829 ad
3319 5773 3513 5839 Deum,
3546 5777 3601 5830 id
3625 5791 3732 5839 est,

2160 5863 2228 5917 ad
2264 5862 2530 5934 originem
2569 5878 2726 5918 suam
2754 5874 3120 5918 revertantur.
3145 5885 3163 5917 ι
3193 5862 3251 5919 S.
3284 5862 3613 5937 Methodius,
3640 5873 3735 5941 qui
