3792 6506
53 407 73 457 5
1008 400 1067 458 D.
1108 402 1369 459 MARANI
1418 404 1550 460 PRA

1717 408 1813 464 '10.
1855 438 1921 447 —
1949 404 2130 462 PARS
2170 405 2233 459 11.
3146 406 3214 461 94

52 521 311 575 inratione
337 533 474 572 nona
522 533 744 587 regnum
802 520 949 575 mille
997 536 1263 578 annorum
1295 526 1538 595 adoptat,
1572 534 1619 590 Α
1720 529 1808 582 Ill.
1840 527 1963 583 Haec
1990 527 2297 582 Judtcorum
2335 528 2619 581 conversio
2660 536 2714 581 et
2755 526 2884 581 Elia:
2930 527 3115 581 missio
3146 530 3213 581 ad

52 634 63 668 ι
103 626 271 668 octava
313 613 511 668 ctelum
562 612 863 684 virginibus
894 631 923 667 e
950 631 1184 687 corpore
1229 619 1424 673 solutis
1457 619 1543 673 di-
1649 623 1751 675 hoc
1789 636 1924 691 opus
1952 622 2360 689 exsequendum
2392 621 2594 673 diserte
2622 636 2650 672 a
2685 619 2743 673 S.
2772 618 2985 675 Justino
3011 637 3215 674 memo-

52 719 134 762 nte
161 706 430 775 promittit.
1648 721 1864 767 rantur.
1925 712 2172 766 Dectarat
2206 711 2399 774 Eliam,
2453 728 2573 765 cum
2622 711 2793 782 gloria
2838 721 2891 765 et
2929 712 3217 780 splendore

77 799 130 853 ll.
153 798 290 863 Quod
315 806 527 866 spectat
560 799 621 852 ad
657 814 885 870 regnum
916 801 1063 856 mille
1090 816 1380 866 annorum,
1408 819 1545 857 non-
1648 813 1965 863 venturum,
2044 813 2102 856 ut
2165 802 2620 871 quemadmodum
2691 801 2809 870 ejus
2861 802 3093 870 spiritus
3162 803 3215 858 in

54 890 137 943 ulla
160 889 204 941 in
230 889 322 943 hoc
344 903 626 957 perperam
655 902 968 960 exspectato
984 903 1179 947 eventu
1204 893 1544 948 observanda
1646 891 1855 946 Joanne
1888 893 2048 961 primi
2082 902 2135 947 et
2165 893 2385 947 humilis
2422 895 2685 946 adventus
2719 908 3021 961 prtecursor
3047 894 3217 946 exsti-

52 981 432 1049 tdistinguenda
465 993 611 1044 sunt,
644 991 701 1035 ut
744 984 989 1037 doctrina
1037 983 1257 1046 Justini,
1308 1001 1425 1053 qua:
1459 1002 1547 1039 tte-
1650 985 1734 1047 tit,
1771 986 1841 1037 ita
1868 986 1980 1054 ipse
2008 986 2237 1039 secundi
2271 995 2320 1039 et
2360 985 2581 1052 gloriosi
2628 995 2929 1054 pt‘zecursor
2960 985 3049 1039 sit.
3080 984 3215 1040 Cum

58 1087 244 1141 unquam
273 1072 461 1126 ordine
480 1076 787 1142 exponitur,
822 1076 917 1130 sed
942 1076 1109 1131 variis
1138 1075 1271 1131 locis
1299 1076 1544 1147 inspersa
1650 1074 1860 1128 diceret
1909 1074 2133 1144 Trypho
2186 1077 2420 1128 nnndtutt
2480 1075 2695 1129 venisse
2734 1076 3025 1141 Christum,
3089 1076 3217 1144 qttia

50 1178 107 1225 st,
131 1166 390 1233 colligatur
408 1176 464 1218 et
499 1167 829 1221 illustretur.
1649 1168 1886 1220 nondum
1925 1167 2072 1220 venit
2104 1167 2245 1221 Elias
2276 1168 2365 1235 qui
2400 1166 2547 1219 illum
2581 1176 2839 1221 tincturus
2866 1176 2969 1233 est,
2996 1184 3219 1238 respou-

82 1260 340 1326 Anteqnam
382 1255 636 1312 Christus
689 1259 926 1328 gloriose
976 1273 1007 1314 e
1048 1260 1289 1316 nubibus
1334 1261 1544 1323 veniat,
1649 1259 1740 1313 det
1790 1256 2038 1313 Justinus
2072 1258 2247 1312 Etiam
2285 1259 2534 1311 terribilis
2568 1266 2617 1311 et
2662 1260 2840 1327 magni
2870 1260 3007 1323 diei,
3047 1260 3101 1312 id
3141 1270 3219 1313 est

47 1351 366 1404 lntichristum
407 1351 461 1403 in
514 1352 680 1407 terris
752 1353 1051 1407 crudeliter
1095 1365 1442 1422 regnaturum
1491 1363 1548 1406 et
1650 1351 1869 1405 secundi
1918 1351 2200 1413 adventus,
2251 1365 2625 1418 pra'cursorem
2655 1350 2915 1414 futurum.
2968 1366 2987 1399 ι
3044 1350 3221 1417 Atque
3264 1356 3274 1368 °

50 1442 259 1495 mrrihilia
291 1442 341 1495 in
379 1443 470 1496 Dei
506 1458 696 1497 servos
739 1445 878 1496 mala
926 1459 991 1497 ac
1032 1446 1295 1513 supplicia
1328 1444 1545 1514 cxcogi-
1650 1442 1753 1496 hoc
1782 1444 1980 1511 ipsum,
2017 1443 2211 1511 inquit,
2248 1458 2301 1494 ιι.
2337 1441 2428 1505 49,
2474 1441 2727 1495 Dominus
2764 1452 2945 1494 noster
2986 1442 3127 1495 inter
3155 1458 3219 1494 ea

48 1546 219 1587 ,aturum
250 1533 527 1604 putabant.
568 1533 687 1587 Jam
741 1536 892 1589 illum
943 1551 1041 1603 pro
1090 1536 1301 1590 foribus
1354 1536 1547 1589 adesse
1647 1551 1770 1605 qua:
1801 1535 2001 1601 docuit,
2033 1533 2273 1587 futurum
2306 1548 2425 1588 esse
2457 1534 2697 1596 tradidit,
2727 1549 2847 1586 etim
2890 1533 3055 1587 Eliam
3084 1549 3220 1602 quo-

46 1624 874 1694 :tistimabatJustintts,Diu!og.,
902 1644 956 1680 ιι.
990 1627 1079 1680 32.
1121 1627 1193 1680 Ex
1228 1643 1336 1696 quo
1362 1627 1547 1695 sequi-
1649 1643 1756 1699 que
1802 1628 1945 1682 dixit
1991 1642 2112 1682 esse
2159 1634 2467 1679 venturum.
2507 1624 2659 1691 Quod
2707 1624 2928 1693 quidem
2981 1622 3218 1676 futurum

46 1732 101 1771 tur
125 1733 427 1786 nequaquam
484 1717 558 1771 ab
594 1734 661 1773 eo
722 1719 1014 1773 adventum
1075 1720 1276 1774 Christi
1320 1720 1545 1773 dilatum
1648 1734 1750 1773 nos
1776 1734 1899 1773 esse
1931 1720 2157 1777 scimus.
2193 1732 2314 1771 cum
2342 1732 2373 1770 e
2409 1716 2560 1769 cmlis
2584 1716 2817 1785 gloriose
2843 1716 3098 1769 Dominus
3126 1732 3223 1769 no-

46 1811 164 1863 luisse
189 1813 233 1863 in
258 1810 466 1879 longum
510 1821 746 1880 tempus.
783 1810 915 1864 Nam
950 1826 1177 1881 regnum
1219 1812 1544 1864 Antichristi
1584 1880 1589 1881 ί
1651 1819 1765 1865 ster
1808 1809 1965 1866 Jesus
2018 1810 2267 1865 Christus
2316 1819 2576 1861 venturus
2618 1817 2740 1875 est;
2794 1809 2948 1873 cujus
3000 1808 3217 1875 quidem

46 1904 155 1955 inuis
176 1904 332 1957 tribus
369 1912 423 1955 et
451 1917 547 1956 sex
578 1902 856 1957 mensibus
895 1880 1204 1967 coercebat,
1232 1904 1363 1957 ibid.
1392 1902 1545 1959 Tunc
1579 1880 1622 1933 Β
1648 1903 1803 1972 primi
1839 1904 2002 1956 etiam
2030 1904 2296 1955 adtentus
2323 1901 2557 1968 Spiritus
2583 1898 2697 1962 Dei,
2730 1900 2819 1967 qui
2848 1909 2968 1953 erat
2999 1900 3051 1951 in
3080 1898 3218 1961 Elia,

46 2004 173 2046 autem
208 1993 467 2048 Christum
500 2010 531 2049 e
557 1996 702 2049 caelo
732 2011 853 2050 cum
878 1996 1051 2065 gloria
1084 2006 1368 2050 venturum
1397 2013 1545 2051 asse-
1647 2010 1828 2063 praeco
1860 1995 2137 2064 przeccssit
2175 1994 2225 2047 in
2265 1991 2476 2046 Joanne
2526 1993 2690 2047 vestri
2741 1992 2954 2061 generis
2988 1990 3219 2060 prophe-~

44 2089 105 2147 rit,
130 2087 307 2154 quando
329 2098 375 2141 et
405 2086 721 2154 defectionis
748 2089 903 2141 homo
926 2091 1153 2158 grandia
1177 2091 1333 2143 etiam
1360 2091 1546 2143 adver-
1650 2099 1721 2142 ta.
1748 2108 1767 2139 ι
1809 2086 1875 2141 ΕΙ.
1902 2085 2061 2155 paulo
2097 2096 2219 2155 post
2253 2101 2268 2140 :
2308 2104 2326 2136 ι
2362 2084 2824 2151 Quemadmodum
2855 2072 2977 2137 etim
3011 2082 3221 2151 Moyses

44 2196 104 2231 snt
129 2179 416 2231 Altissimum
440 2179 492 2231 in
523 2181 681 2233 terris
710 2181 946 2250 loquens,
975 2180 1204 2247 nefanda
1236 2181 1450 2233 audebit
1489 2187 1546 2234 in
1648 2182 1828 2235 adhuc
1859 2183 2002 2234 inter
2029 2179 2279 2232 homines
2314 2188 2645 2239 versaretur,
2674 2174 2945 2229 transtulit
2988 2174 3130 2229 Deus
3166 2175 3219 2227 in

44 2268 441 2333 nosChristianos,
478 2287 535 2323 ιι.
567 2271 692 2325 H0.
729 2272 932 2324 Eadem
968 2271 1229 2325 habemus
1253 2272 1394 2341 apud
1425 2272 1546 2326 lrc—
1646 2271 1831 2327 Jesutn
1860 2287 1925 2327 ex
1954 2287 2019 2325 eo
2056 2270 2275 2340 spiritu,
2307 2271 2399 2339 qui
2446 2278 2563 2323 erat
2593 2269 2646 2322 iu
2675 2268 2859 2333 Mose;
2893 2268 2963 2321 ita
3007 2266 3076 2319 ab
3103 2266 3221 2319 Elia

45 2379 189 2424 tta'tttn,
224 2363 309 2414 lib.
339 2378 391 2425 ν,
421 2378 473 2416 c.
521 2363 615 2427 '50,
657 2364 903 2420 num.4:
937 2384 953 2415 ι
979 2362 1113 2416 Cum
1150 2372 1331 2417 autem
1368 2373 1547 2417 vasta-
1649 2366 1700 2418 iu
1755 2362 2020 2417 Joannem
2066 2362 2363 2417 transferre
2416 2360 2585 2430 potuit
2641 2361 2808 2424 Dens;
2862 2371 2920 2414 ut
2958 2358 3220 2429 quemad-

45 2457 143 2507 verit
164 2454 513 2510 Antichristus
541 2457 631 2510 hic
658 2457 843 2511 omnia
864 2456 916 2510 in
946 2458 1048 2511 hoc
1076 2456 1547 2525 mundo,reguans
1649 2458 1865 2512 modum
1895 2456 2145 2512 Christus
2170 2457 2347 2524 priore
2385 2456 2617 2508 adventu
2651 2454 2913 2521 inglorius
2939 2454 3214 2523 apparuit,

46 2548 157 2599 annis
180 2546 331 2601 tribus
362 2558 416 2601 et
451 2549 742 2603 mensibus
770 2564 888 2614 sex,
921 2558 976 2603 et
1012 2547 1223 2602 sederit
1259 2547 1313 2599 in
1348 2546 1547 2615 templo
1650 2548 1721 2602 ita
1748 2549 1913 2603 etiam
1955 2548 2097 2601 illius
2127 2548 2374 2615 spiritus,
2409 2547 2501 2615 qui
2535 2546 2587 2600 in
2630 2546 2744 2599 Elia
2793 2560 2959 2613 purtts
3002 2558 3222 2612 semper

46 2635 384 2709 Hierosolymis,
411 2649 541 2695 tunc
577 2641 762 2694 veniet
793 2640 1057 2694 Dominus
1094 2640 1161 2692 de
1182 2638 1414 2693 ctelisin
1444 2654 1545 2690 nu-
1648 2650 1705 2695 et
1753 2640 1964 2712 integer
2016 2643 2289 2703 manebat,
2332 2640 2516 2692 itidem
2582 2648 2641 2692 ttt
2697 2637 2902 2692 Christi
2954 2635 3219 2705 inglorius

46 2729 175 2796 bilius,
201 2732 245 2783 iu
270 2730 437 2801 gloria
484 2730 693 2797 Patris,
720 2732 868 2786 illunt
898 2732 1116 2798 quidem
1149 2742 1202 2786 et
1232 2731 1549 2786 obedientes
1651 2734 1861 2803 primus
1900 2733 2164 2786 adventus
2194 2731 2607 2800 intelligeretur.

47 2823 78 2872 ci
101 2823 139 2875 in
160 2826 383 2892 Stagnum
414 2824 558 2895 ignis
588 2824 841 2889 mittens;
876 2823 1157 2877 adducens
1186 2822 1549 2891 autemjustis
1726 2823 1836 2878 lloc
1872 2824 2001 2877 Elize
2026 2822 2387 2877 ministerium
2413 2820 2723 2875 Jndzeorum
2754 2822 2806 2875 iit
2860 2822 3048 2891 primis
3086 2837 3221 2876 con-

52 2914 156 2980 regni
183 2922 425 2982 tempora,
477 2916 581 2969 hoc
628 2924 712 2968 est
774 2915 1197 2984 requietionem,
1260 2915 1547 2983 septimam
1655 2917 1887 2971 versioni
1942 2916 2271 2969 destinatum
2302 2914 2607 2968 videbatur.
2652 2911 2768 2966 Non
2812 2913 2955 2966 enim
2992 2913 3222 2967 dubium

50 3004 149 3053 dtcln
180 3005 585 3070 sanctilicatam,
617 3014 671 3058 et
708 3006 1009 3060 restituens
1046 3004 1279 3059 Abraba:
1317 3005 1550 3074 promis-
1651 3017 1770 3065 erat
1799 3007 2035 3073 Justino,
2065 3008 2193 3076 quin
2234 3005 2450 3061 Jndteos
2482 3005 2737 3060 Christus
2759 3005 3060 3059 adveniens
3096 3021 3221 3059 sus-

49 3098 200 3148 εῖοίιεω
239 3098 561 3153 hereditatis
603 3098 700 3151 :iu
742 3114 849 3167 quo
902 3113 1094 3166 regno,
1138 3096 1215 3150 ait
1267 3097 1548 3160 Dominus,
1652 3112 1913 3170 cepturus
1967 3115 2133 3169 esset,
2161 3112 2216 3156 et
2260 3116 2382 3155 cum
2431 3100 2552 3154 aliis
2594 3100 2841 3154 ﬁdentius
2873 3100 3139 3154 bonorum
3171 3100 3222 3151 in

53 3187 200 3239 multos
230 3186 290 3239 ab
327 3185 548 3241 Oriente
577 3196 635 3241 et
674 3186 971 3242 Occidente
1006 3187 1309 3251 venientes,
1337 3202 1550 3240 recum-

1728 3198 1790 3248 be
1822 3193 2125 3248 Jerusalem
2173 3193 2564 3263 promissorum
2609 3194 2906 3262 participes
2949 3193 3220 3251 facturus.

53 3278 141 3330 here
171 3295 273 3332 cum
306 3281 579 3334 Abraham
624 3290 681 3334 ει
756 3279 903 3334 lsaac
936 3290 989 3334 el
1019 3279 1206 3336 πυροῦ.
1239 3299 1258 3333 θ
1300 3282 1370 3335 Al
1409 3280 1553 3332 illlel‘
1588 3278 1619 3283 i
1661 3303 1679 3336 ι
1720 3286 1816 3340 llis
1850 3286 2051 3347 verbis,
2101 3285 2296 3353 inquit.
2332 3299 2479 3337 num.
2511 3283 2613 3348 '55,
2642 3281 2855 3336 Jurnrit
2894 3282 3146 3337 Dominus
3176 3292 3227 3335 et

53 3372 298 3426 Antichristi
330 3390 555 3444 regnum
602 3387 656 3429 et
683 3374 888 3429 Christi
920 3374 1214 3427 adventum
1247 3373 1354 3426 duo
1385 3373 1555 3425 ittter-
1659 3394 1762 3431 non
1792 3377 2057 3446 pmniiebit
2085 3391 2245 3437 enni;
2281 3383 2335 3426 tn
2368 3388 2419 3427 es
2454 3376 2700 3426 sacerdos
2744 3374 2797 3426 in
2846 3384 3099 3427 a'ternnnt
3140 3390 3225 3425 sc-

55 3463 197 3516 cedunt
223 3466 591 3520 memorabiles
617 3477 867 3532 eventus,
892 3464 1021 3518 Elite
1052 3464 1239 3519 missio
1263 3476 1318 3518 et
1342 3462 1556 3517 Judteo-
1657 3471 1893 3522 cundum
1923 3468 2158 3520 ordinem
2186 3463 2565 3518 Melchisedech
2599 3465 2666 3527 “,
2698 3463 3054 3533 jurejurando
3087 3464 3226 3516 Deus

56 3571 139 3608 rutu
157 3562 430 3615 conversio.
1658 3570 1878 3629 propter
1902 3556 2339 3611 incredulitatem
2377 3566 2616 3608 vestram
2660 3553 3005 3620 interposito,
3041 3553 3225 3621 ponti-

105 3650 311 3714 Quamvis
336 3652 537 3707 Judaais
557 3654 784 3708 minime
807 3651 1115 3707 dissimulet
1137 3650 1381 3705 Justinus
1400 3648 1557 3717 quid-
1658 3653 1814 3706 licem
1858 3650 2006 3703 illum
2040 3650 2339 3701 secundum
2380 3646 2627 3699 ordinem
2675 3644 3073 3699 Melchisedech
3104 3658 3228 3698 esse

57 3742 145 3809 quid
178 3759 339 3798 coram
390 3747 704 3800 obstinatus
755 3746 808 3798 in
860 3759 1052 3798 errore
1102 3742 1320 3796 animus
1359 3740 1556 3793 merito
1657 3741 1951 3799 declaravit
1988 3757 2001 3793 :
2040 3742 2143 3794 hoc
2180 3748 2284 3801 est,
2322 3738 2776 3806 quemadmodum
2830 3735 3226 3790 Melchisedech

59 3835 279 3902 audiebat;
314 3852 579 3907 nusquam
611 3845 791 3890 tamen
824 3835 904 3889 eis
926 3835 1227 3903 exprobrat
1252 3841 1553 3886 extremum
1659 3836 1913 3892 sacerdos
1940 3834 2204 3888 Altissimi
2228 3830 2396 3884 fuisse
2434 3846 2463 3883 a
2497 3827 2646 3883 Mose
2674 3829 2909 3895 scriptus
2941 3836 3043 3895 est,
3074 3827 3227 3895 isque

60 3926 148 3978 illud
185 3930 361 3994 scelus,
403 3931 549 3999 quod
600 3928 1005 3982 Antichristuut
1062 3927 1344 3981 adorando
1389 3938 1557 3993 seque
1658 3945 1871 3993 eorum,
1903 3926 1994 3996 qui
2036 3925 2088 3978 in
2135 3922 2418 3994 prteputio,
2466 3920 2722 3977 sacerdos
2759 3930 2901 3981 erat,
2947 3933 3011 3972 ac
3051 3918 3229 3970 Abra-

63 4020 167 4074 illius
190 4022 375 4093 legibus
418 4022 767 4094 subjicienda
797 4021 1090 4075 adtuissuri
1127 4020 1466 4075 ferebantur.
1500 4017 1557 4072 Id
1661 4023 1821 4076 hamo
1856 4018 2100 4074 decimas
2148 4015 2249 4085 ipsi
2299 4014 2352 4067 in
2406 4011 2823 4066 circumcisione
2859 4008 3107 4063 otierenti
3138 4007 3230 4061 be-

62 4117 268 4181 wnceptis
298 4117 475 4171 verbis
498 4115 748 4171 declarat
784 4114 1038 4177 irenzeus,
1069 4112 1162 4165 lib.
1190 4126 1271 4174 ιιι,
1296 4128 1346 4164 c.
1370 4109 1461 4173 25,
1500 4126 1553 4163 tt.
1660 4114 1898 4176 nedixit;
1937 4112 2018 4163 sic
2042 4109 2183 4163 Deus
2203 4115 2464 4159 aeternum
2496 4118 2650 4157 suuut
2682 4102 3021 4156 sacerdotem
3051 4100 3143 4169 qui
3174 4106 3230 4151 ct.

62 4204 114 4255 ιε
143 4224 157 4254 ι
182 4207 235 4260 Et
260 4196 511 4263 Dominus
539 4216 723 4260 autern
776 4206 879 4259 hoc
911 4206 1039 4259 item
1070 4220 1175 4257 non
1206 4203 1557 4256 credentibus
1662 4205 1924 4261 Dominus
1966 4221 1995 4255 a
2035 4200 2239 4269 Spiritu
2284 4206 2473 4250 sancto
2520 4204 2743 4249 vocatus
2773 4202 2855 4247 est
2879 4233 2895 4258 ,
2926 4206 3114 4245 eorum
3138 4191 3230 4258 qtti

62 4298 331 4354 s'hidirebat
361 4320 374 4355 :
406 4302 517 4371 Ego
553 4300 667 4354 veni
693 4302 745 4353 in
794 4298 1003 4352 nomine
1037 4296 1217 4349 Patris
1248 4296 1348 4348 mei
1376 4307 1421 4347 et
1454 4311 1556 4346 non
1658 4299 1711 4352 in
1765 4296 2028 4366 ριἀψιιιὶο
2081 4291 2421 4347 sacerdotem
2481 4288 2739 4349 futurum,
2773 4295 2827 4339 et
2878 4284 3233 4339 circumcisus

64 4391 262 4456 τιτιιιίειὶε
294 4408 401 4455 me;
435 4407 555 4445 cum
590 4390 729 4442 alius
746 4390 959 4442 [venerit
993 4388 1050 4439 in
1084 4386 1289 4438 nontiue
1328 4401 1445 4451 suo,
1490 4384 1555 4436 il-
1658 4404 1873 4458 quoque
1928 4387 2074 4455 ipsos
2109 4386 2175 4437 ad
2225 4398 2349 4438 euut
2402 4380 2744 4441 accedentes,
2780 4377 2830 4429 id
2871 4384 2956 4429 est
3005 4376 3057 4427 in
3106 4387 3231 4426 euut

64 4478 137 4531 ίια
172 4484 485 4549 "tndem";
537 4482 703 4536 alium
757 4482 949 4533 dicens
999 4478 1399 4532 Anticltristunt
1464 4477 1554 4544 qui
1662 4482 1951 4536 credentes
1980 4488 2031 4532 ct
2062 4476 2491 4531 benedictionem
2518 4471 2584 4524 ab
2617 4485 2682 4523 eo
2709 4478 3016 4537 quaerentes
3046 4479 3234 4517 susce-

66 4570 215 4628 alienus
233 4585 307 4629 est
333 4593 360 4629 a
389 4576 640 4640 Domino,
673 4585 728 4628 et
757 4574 874 4642 ipse
899 4582 985 4626 est
1012 4572 1231 4640 iniquus
1251 4570 1443 4637 judex,
1467 4571 1556 4638 qui
1594 4569 1636 4622 D
1669 4584 1886 4644 pturum
1925 4580 1980 4624 et
2011 4570 2116 4623 illis
2144 4569 2553 4622 benedicturum
2594 4560 2910 4618 declaravit.
2954 4577 2972 4610 ι
3015 4556 3232 4611 Tertul-

68 4680 85 4713 ε
105 4664 279 4721 Domino
306 4672 479 4725 dictus
502 4679 611 4732 est,
638 4668 896 4736 quoniam
925 4664 1092 4718 Deum
1121 4681 1222 4717 non
1254 4664 1464 4716 timebat
1489 4664 1555 4727 ³⁵,
1667 4666 1846 4720 lianus
1881 4666 1948 4717 ad
1977 4663 2121 4716 hunc
2149 4660 2325 4715 lorum
2363 4659 2558 4714 citatus
2588 4657 2702 4709 haec
2737 4655 2803 4709 de
2842 4651 3082 4707 Judaicze
3112 4664 3238 4718 geu-

70 4773 192 4824 ncque
217 4762 468 4815 hominem
511 4762 893 4823 reverebatur,
929 4760 994 4811 ad
1032 4772 1193 4826 quem
1231 4756 1367 4826 fugit
1399 4757 1556 4809 vidua
1668 4759 1738 4813 tis
1789 4757 1971 4810 futura
2014 4753 2369 4809 conversione
2404 4749 2690 4804 intellexit.

68 4851 185 4902 oblita
222 4854 321 4915 Dei,
356 4864 572 4907 terrena
627 4850 928 4907 Jerusalem
985 4851 1052 4903 ad
1081 4848 1453 4903 ulciscendum
1490 4848 1558 4901 de
1737 4848 1864 4901 llzrc
1907 4845 2220 4900 confirmari
2257 4853 2480 4912 possunt
2510 4842 2617 4895 alio
2637 4856 2700 4894 ex
2730 4838 2873 4901 loco,
2904 4835 2992 4889 ubi
3017 4832 3238 4917 Trypho

69 4940 242 4998 inimico.
261 4946 405 5009 Quod
432 4954 487 4998 et
521 4943 689 4997 faciet
714 4943 767 4995 in
803 4952 1048 5010 tempore
1066 4938 1217 5007 regni
1242 4940 1323 4991 sui
1346 4951 1360 4989 :
1383 4948 1560 4989 trans-
1673 4941 1779 5005 his,
1817 4955 1939 5009 qua:
1973 4952 2037 4992 ex
2066 4936 2280 4991 Justiuo
2316 4934 2564 4987 audierat
2594 4932 2659 4984 de
2693 4944 2829 4982 nova
2867 4926 3110 4980 terrestri
3141 4920 3235 4975 Je-

70 5028 374 5103 leretreguum
406 5035 459 5088 in
498 5050 617 5089 eam
661 5044 714 5089 et
758 5034 812 5086 in
842 5034 1041 5101 templo
1070 5032 1164 5084 Dei
1195 5030 1369 5095 sedet,
1397 5031 1558 5083 sedu-
1666 5033 1901 5086 rusalem
1946 5032 2143 5084 mirum
2198 5029 2249 5082 in
2310 5026 2526 5081 modum
2574 5023 2898 5081 delectatus,
2941 5016 3236 5086 quaeritan

71 5135 159 5175 tuis
178 5140 254 5179 eos
275 5128 358 5196 qui
390 5131 618 5182 adorant
640 5142 789 5191 eutn,
817 5123 976 5194 quasi
1008 5124 1123 5191 ipse
1145 5123 1218 5176 sit
1243 5122 1549 5176 (Μήδως.)
1664 5138 1789 5176 vere
1819 5132 1872 5176 et
1897 5136 1962 5174 ex
2002 5120 2182 5172 animo
2211 5115 2456 5171 Justinus
2490 5116 2561 5168 ita
2605 5112 2820 5166 locutus
2862 5108 3027 5162 fuerit
3057 5123 3071 5160 :
3100 5104 3239 5158 Εἰπὲ

73 5212 331 5288 Hieronymo
362 5233 517 5287 teste,
557 5220 847 5275 Millenarii
890 5217 1106 5273 Judteos
1152 5215 1550 5270 Antichristum

1769 5228 1898 5283 μοι’
1945 5210 2158 5283 ἀληθῶς
2204 5211 2359 5280 ὑμεῖς
2404 5202 2882 5275 ἀνοικοῶμηθῆναι
2937 5198 3027 5252 τὸν
3076 5198 3236 5251 τόπον

73 5317 323 5377 sectaturus,
353 5329 416 5369 ac
460 5324 651 5383 postea
687 5312 839 5365 illum
884 5312 1181 5364 relicturos
1213 5308 1549 5363 sentiebant.

1747 5326 1838 5380 ρου
1846 5308 1977 5379 σαλὴ
1987 5326 2025 5379 μ
2042 5305 2227 5360 τοῦτον
2242 5303 2570 5375 ὁμολογεῖτε,
2590 5301 2683 5356 καὶ
2702 5293 3127 5368 συναχθήσεσθαι
3144 5288 3241 5387 τὸν

75 5393 163 5451 Illud
190 5406 312 5457 enim
333 5406 492 5471 Osee,
516 5407 765 5458 seducant
788 5420 927 5467 eam,
952 5418 1019 5457 ex
1050 5418 1170 5471 cap.
1202 5417 1265 5463 ll,
1296 5402 1385 5465 Μ,
1419 5399 1557 5454 refe-

1840 5400 1991 5471 ὑμῶν
2023 5400 2118 5452 σὺν
2146 5397 2224 5468 τῷ
2244 5395 2461 5466 Χριστῷ
2486 5394 2601 5464 ἅμα
2626 5394 2735 5454 τοῖς
2758 5389 3119 5458 πατριάρχαις
3142 5397 3237 5434 και
3288 5448 3290 5451 ι

78 5494 207 5546 reliant
226 5498 284 5547 ad
307 5497 615 5551 Antichristi
644 5508 872 5565 tempus,
900 5507 956 5548 ut
986 5497 1075 5565 qui
1109 5493 1309 5547 Christi
1341 5511 1445 5547 non
1474 5510 1559 5546 re-

1736 5496 1771 5556 ἴς
1794 5494 2120 5564 προφήταις,
2146 5491 2241 5544 καὶ
2264 5492 2374 5552 τοῖς
2406 5486 2513 5540 ἀπὸ
2541 5485 2632 5539 τοῦ
2663 5482 2930 5554 ἡμετέρου
2967 5476 3176 5545 γένους,
3199 5471 3233 5541 ἢ

78 5583 235 5639 τεριτὶιιι
288 5588 574 5649 ceritatem,
616 5589 767 5640 illius
819 5588 1074 5654 recipiant
1126 5586 1478 5651 mendacium,
1511 5594 1558 5639 et

1739 5586 1892 5638 tnbv
1932 5583 2285 5655 προσηλύτων
2337 5580 2639 5651 γενομένων
2685 5575 2814 5646 πρὶν
2861 5571 3033 5624 ἐλθεῖν
3081 5567 3236 5638 ὑμῶν

78 5684 198 5727 intra
220 5675 407 5732 Christo
436 5682 683 5733 advenien
710 5697 737 5733 e
758 5680 1045 5734 solventur.

1738 5696 1750 5730 ι
1804 5676 2032 5748 Χριστὸν
2074 5676 2437 5746 προσδοκᾶτε,
2483 5673 2513 5742 ἢ
2568 5673 2652 5723 ἵνα
2692 5667 2847 5739 δόξῃς
2890 5661 3235 5735 περικρατεῖν

120 5816 293 5877 "lein.
326 5842 375 5893 v,
408 5829 492 5882 5'5.
570 5828 613 5861 “
638 5829 767 5885 Luc.
802 5844 956 5896 ιιιιι,
982 5828 1038 5881 2.
1120 5825 1321 5881 "Psal.
1343 5841 1452 5893 etx,
1490 5825 1540 5880 4.
