3792 6494
518 400 590 457 95
1462 401 1521 457 S’.
1554 396 1887 455 JUSTINUS
1918 389 2397 450 PHILOSOPHUS
2434 388 2521 444 ET
2554 387 2863 443 MARTYR.
3696 401 3757 455 95

517 520 675 590 ἡμῶν
720 521 777 573 ὲν
819 522 935 583 ταῖς
987 519 1275 591 ζητήσεσι,
1310 521 1444 593 πρὸς
1491 523 1551 575 τὸ
1590 523 1759 575 ταῦτα
1805 520 2052 591 ὁμολογεῖ

2183 522 2237 567 et
2267 527 2455 565 omnes
2487 527 2705 581 prorsus
2738 508 3072 580 principatus
3100 515 3149 561 et
3180 512 3479 577 potestates
3516 512 3711 560 terra.
3732 520 3754 559 ο

518 609 837 683 ἐχώρησαςς
877 630 893 662 ι
957 610 1061 664 Sed
1113 628 1210 680 age
1255 612 1341 665 dic
1377 614 1502 666 tnilti
1556 613 1743 667 :Vcre
1793 613 1935 666 hunc
1986 626 2081 666 vos

515 697 978 772 Jerosolymornnt
1016 702 1191 756 locum
1228 702 1583 755 instauratum
1612 704 1674 755 iri
1707 702 1983 769 fatemini;
2017 719 2080 759 ac

517 790 776 858 populum
803 802 1040 845 vestrum
1076 803 1461 863 congregatum
1491 795 1590 857 iri,
1620 805 1673 847 et
1707 810 1828 847 cum
1863 795 2080 849 Christo

519 881 680 936 beate
716 882 986 936 victurum
1020 886 1352 952 exspectatis
1381 901 1483 937 una
1519 899 1637 937 cum
1669 888 1996 954 patriarcltis
2026 896 2079 941 et

514 975 816 1044 prophetis,
844 991 907 1030 ac
935 976 1241 1030 hominibus
1262 978 1431 1030 nosni
1460 980 1694 1046 generis,
1723 988 1815 1032 aut
1841 981 1953 1049 qui,
1978 995 2075 1032 an-

516 1075 730 1132 tequam
762 1065 1011 1120 Christus
1042 1077 1220 1119 vester
1248 1067 1523 1129 adveniat,
1557 1070 1805 1123 conversi
1839 1070 2071 1137 fuerint;

512 1173 580 1211 an
616 1166 671 1211 ttt
702 1174 801 1211 nos
833 1157 1070 1211 videaris
1121 1158 1333 1211 abunde
1384 1158 1437 1211 in
1486 1161 1878 1215 controversiis
1910 1176 2073 1230 supe-

512 1264 657 1313 rare,
696 1264 762 1302 eo
785 1248 1073 1317 confugisti
1105 1258 1161 1300 ut
1194 1250 1305 1301 lucc
1346 1249 1637 1303 fatereris?
1674 1268 1691 1300 ι
1725 1250 2070 1305 Credideram

506 1338 623 1393 lucc
660 1340 841 1403 verba,
871 1338 998 1407 πρὶν
1032 1336 1204 1390 ἐλθεῖν
1228 1338 1380 1408 ὑμῶν
1408 1337 1499 1391 τὸν
1521 1336 1773 1409 Χριστόν,
1807 1340 1872 1391 de
1901 1341 2073 1407 primo

504 1428 736 1480 adventu
774 1428 917 1482 dicta
949 1444 1089 1491 esse,
1122 1445 1185 1482 ac
1215 1428 1443 1495 preinde
1469 1443 1588 1495 quae
1615 1429 1951 1496 praecedunt,
1990 1430 2070 1482 in-

506 1518 794 1586 telligenda
831 1519 897 1573 de
923 1519 1125 1573 Judmis
1155 1534 1454 1589 eorumque
1484 1518 1795 1591 proselytis,
1835 1521 1925 1587 qui
1965 1520 2069 1576 lide

503 1620 634 1663 ante
661 1612 1098 1664 lncarnationem
1130 1611 1263 1664 salvi
1308 1612 1434 1664 facti
1480 1622 1637 1675 sunt;
1669 1612 1763 1665 sed
1806 1628 1863 1665 re
1897 1627 2065 1667 accu-

504 1705 676 1756 ratius
706 1705 1077 1767 considerata,
1113 1703 1455 1773 Tryphonem
1499 1703 1736 1757 locutum
1776 1719 1899 1758 esse
1940 1714 2067 1774 puto

502 1798 566 1847 de
600 1796 838 1848 secundo
867 1795 1099 1847 adventu
1131 1810 1195 1847 ac
1221 1795 1286 1847 de
1329 1793 1549 1846 Judaica
1598 1807 1756 1864 gente
1799 1796 1864 1848 ad
1903 1796 2061 1851 Chri-

2184 604 2286 666 Et,
2318 618 2467 669 num.
2504 602 2596 655 121
2630 618 2644 653 :
2677 621 2694 653 ι
2730 601 2784 670 ip
2820 601 2834 654 i
2880 599 3040 654 etiam
3080 600 3347 653 daemones
3389 597 3511 663 ejus
3541 598 3753 651 nomini

2182 693 2561 760 subjiciuntur,
2589 708 2652 745 ac
2684 692 3016 760 principatus
3044 704 3231 743 omnes
3258 697 3311 743 et
3343 703 3511 757 regna
3546 702 3752 742 nomen

2178 785 2295 855 ejus
2342 798 2503 853 supra
2552 798 2743 836 oumes
2797 780 3082 836 defunctos
3141 779 3525 834 reformidant.
3579 796 3603 830 ι
3662 778 3751 841 Εῑ,

2180 892 2237 930 n.
2271 876 2329 928 ll
2361 891 2376 927 :
2411 893 2430 926 ι
2471 874 2566 927 Est
2594 873 2739 926 enim
2772 882 2824 927 et
2872 880 2989 926 erat
3030 882 3085 926 et
3115 871 3218 924 erit
3250 872 3407 924 unius
3458 886 3531 924 ac
3585 868 3755 926 solius

2177 965 2279 1020 ista
2306 967 2411 1028 vis,
2445 965 2599 1033 cujus
2635 966 2719 1019 vel
2758 981 2950 1019 nomen
2982 963 3318 1034 principatus
3348 963 3535 1016 omnis
3569 961 3751 1015 refor-

2177 1059 2367 1121 midat,
2401 1059 2688 1112 tabescens
2721 1058 2860 1128 quod
2910 1072 3006 1126 per
3048 1056 3194 1110 illum
3225 1057 3559 1110 evertendas
3596 1054 3692 1108 sit.
3730 1072 3745 1102 ι

2175 1148 2297 1205 Viti.
2332 1166 2385 1204 η.
2422 1149 2543 1203 151.

2244 1241 2374 1296 lllttd
2405 1252 2586 1295 autem
2618 1241 2848 1294 maxime
2890 1239 3286 1294 observandum
3326 1250 3407 1292 est
3434 1236 3744 1301 Justinum,

2171 1336 2270 1399 etsi
2319 1334 2461 1388 mille
2492 1348 2663 1387 annos
2696 1332 2989 1401 interponit
3035 1332 3175 1385 inter
3204 1330 3500 1385 secundum
3532 1328 3747 1385 Christi

2172 1427 2483 1488 adventum,
2524 1436 2577 1477 et
2609 1434 2910 1479 extremum
2936 1422 3222 1492 judicium,
3265 1424 3340 1476 sic
3366 1432 3553 1475 tamen
3598 1421 3745 1487 loqui

2170 1516 2350 1570 solere
2382 1516 2538 1585 quasi
2577 1515 2708 1569 nihil
2758 1515 3022 1569 intervalli
3072 1514 3212 1568 inter
3243 1522 3541 1583 utrumque
3575 1529 3745 1567 even-

2168 1616 2282 1660 tum
2329 1607 2649 1660 intercedat.
2682 1605 2905 1667 Judatis,
2957 1621 3010 1657 n.
3056 1604 3145 1667 '55,
3191 1604 3417 1658 salutem
3461 1614 3743 1659 aeternam

2167 1698 2517 1753 credentibus
2547 1698 2813 1767 promittit
2850 1697 2903 1749 in
2947 1696 3171 1750 secundo
3211 1695 3455 1759 adventu,
3486 1694 3587 1763 qui
3621 1693 3739 1763 glo-

2164 1790 2337 1841 riosus
2368 1786 2579 1855 futurus
2612 1795 2720 1851 est;
2753 1802 2856 1840 non
2884 1786 3225 1840 credentibus
3250 1795 3515 1839 aeternum
3552 1786 3740 1854 ignem

504 1897 673 1949 sum.
706 1886 836 1938 Elim
871 1885 1199 1947 minis'erio,
1244 1854 1633 1958 conYermndn:
1666 1894 1721 1940 οι
1760 1886 1826 1940 iis
1855 1887 1947 1955 qui
2003 1902 2062 1943 se
2095 1854 2134 1910 Β
2169 1875 2421 1927 minatur.
2453 1874 2543 1927 Sic
2569 1874 2757 1936 etiam,
2790 1889 2843 1925 n.
2872 1873 2966 1935 45,
2993 1873 3232 1927 futurum
3261 1873 3362 1938 ait,
3403 1882 3461 1927 ut
3498 1890 3658 1926 mors
3690 1873 3741 1927 in

499 1993 565 2030 ex
600 1977 687 2030 illa
740 1986 900 2055 gente.
942 1989 1070 2031 ante
1113 1976 1412 2045 generalem
1464 1975 1606 2029 illam
1654 1978 2063 2033 conversionem

498 2052 1232 2137 Christianisadjunxerant,
1256 2076 1349 2120 attt
1375 2067 1683 2137 adjuncturi
1708 2079 1885 2122 erant.
1912 2069 2063 2134 Quod

498 2160 641 2211 enim
692 2168 1039 2212 concesserat
1090 2156 1356 2223 Justinus,
1415 2159 1467 2213 id
1524 2158 1869 2230 Tryphonem
1916 2170 2062 2215 tanta

497 2244 681 2297 la-titia
735 2242 993 2312 perfudit,
1046 2254 1103 2298 ttt
1158 2246 1244 2299 vix
1298 2245 1426 2300 illud
1476 2249 1708 2302 credat:
1758 2250 2063 2318 suspicatur

493 2331 766 2388 Justinutn
824 2336 892 2388 ita
941 2338 1118 2403 egisse
1173 2337 1365 2392 ﬁducia
1415 2339 1611 2392 virium
1664 2355 1907 2407 suarttm,
1957 2357 2060 2395 non

494 2424 639 2491 quod
676 2438 805 2477 vere
833 2434 887 2478 et
915 2439 980 2478 ex
1015 2427 1200 2480 animo
1233 2429 1305 2481 ita
1346 2430 1595 2484 sentiret.
1641 2430 1709 2482 At
1744 2431 1985 2499 profecto
2012 2434 2057 2487 si

494 2514 601 2567 hoc
648 2523 856 2566 tantum
908 2518 1268 2571 concessisset
1318 2517 1602 2585 Justinus,
1665 2519 2055 2592 Jerosolyntam

492 2603 711 2671 quidem
764 2605 1123 2660 instauratum
1160 2608 1258 2682 jri,
1307 2620 1363 2662 at
1408 2608 1621 2663 Judzos
1674 2610 1729 2665 itt
1783 2625 1901 2665 eam
1950 2628 2055 2666 non

494 2694 859 2761 ingressurus,
901 2696 995 2749 sed
1025 2711 1147 2751 cum
1174 2697 1509 2752 Antichristo
1553 2699 1604 2751 in
1637 2714 1904 2752 summum
1940 2701 2057 2754 esi-

495 2784 627 2839 tium
659 2795 947 2853 venturos;
1001 2788 1268 2856 ejusmodi
1314 2792 1498 2857 opinio
1551 2792 1777 2848 delinire
1803 2793 2053 2865 Trypho-

493 2895 613 2933 nem
648 2895 755 2933 non
788 2880 991 2945 delmit,
1022 2883 1116 2937 sed
1148 2883 1327 2951 potius
1364 2885 1444 2936 ira
1472 2895 1525 2938 et
1556 2884 1711 2939 furiis
1742 2885 2049 2943 incendere.

491 2969 597 3025 Sed
630 2989 751 3025 cum
781 2971 949 3028 Jndtei
984 2986 1270 3043 sperarent
1318 2991 1377 3030 se
1411 2975 1713 3030 Jerusalem
1766 2994 1832 3032 ex
1878 2980 2053 3048 capti-

489 3063 685 3125 vitate,
718 3063 771 3116 in
803 3081 964 3132 quam
1012 3066 1339 3129 inciderant,
1381 3078 1693 3122 revocatum
1744 3071 1833 3133 iri,
1867 3071 2051 3140 ibique

2165 1968 2390 2019 secundo
2427 1965 2587 2030 ipsius
2624 1963 2820 2017 Christi
2865 1964 3090 2016 adventu
3121 1964 3185 2016 ab
3232 1964 3335 2026 Itis,
3378 1965 3470 2035 qui
3523 1966 3582 2017 in
3622 1979 3741 2017 eum

2165 2053 2382 2106 credunt
2409 2061 2457 2106 et
2495 2054 2569 2105 ita
2601 2054 2775 2105 vivunt
2809 2063 2861 2104 ttt
2893 2053 2992 2121 ipsi
3022 2051 3285 2118 placeant,
3316 2054 3527 2119 penitus
3560 2052 3738 2120 [aces-

2163 2155 2267 2208 sat,
2298 2161 2390 2197 nec
2405 2144 2520 2213 jam
2551 2143 2774 2212 amplius
2800 2142 2909 2195 ulla
2940 2144 3005 2195 sit
3025 2182 3041 2208 ,
3071 2160 3190 2196 cum
3237 2141 3329 2194 alii
3370 2144 3422 2195 in
3455 2142 3738 2211 judicium

2161 2248 2208 2290 et
2244 2237 2730 2289 condemnationem
2761 2236 2893 2303 ignis
2930 2246 3173 2302 perpetuo
3209 2234 3481 2288 cruciandi
3514 2235 3737 2286 mitten-

2162 2336 2267 2389 tur,
2296 2328 2388 2379 alii
2420 2345 2533 2381 vero
2565 2327 2927 2397 perpessionis,
2957 2334 3005 2379 et
3029 2328 3403 2393 corruptionis,
3436 2336 3482 2378 et
3525 2326 3733 2379 doloris

2160 2430 2421 2488 expertem
2444 2428 2639 2471 statuat
2662 2428 2818 2489 atque
2846 2418 3289 2472 immortalitatem
3318 2427 3732 2487 consequentur.

2160 2508 2297 2564 Hinc
2326 2526 2466 2579 smpe
2503 2508 2837 2571 Judzeorum,
2867 2510 2959 2579 qui
2998 2509 3274 2563 Christum
3312 2508 3731 2571 crueiltxerunt,

2161 2618 2339 2658 serant
2373 2607 2426 2655 itt
2459 2603 2697 2657 secundo
2729 2605 2958 2656 adventu
3007 2602 3377 2670 pcenitentiam
3409 2610 3465 2653 et
3497 2602 3733 2655 inutiles

2155 2695 2400 2763 planctus
2434 2702 2841 2748 commemorat.
2882 2692 3025 2761 Agit,
3057 2709 3109 2746 ιι.
3158 2692 3256 2755 ll,
3290 2692 3356 2746 de
3392 2693 3603 2761 duplici
3639 2696 3734 2745 ad-

2154 2795 2344 2848 ventu,
2377 2800 2605 2855 quorum
2656 2783 2708 2839 itt
2746 2784 2919 2839 altero
2961 2783 3215 2854 plangent
3262 2781 3429 2837 Judaei
3488 2785 3730 2839 interitu

2153 2888 2333 2933 ctores
2372 2877 2597 2931 Christi.
2634 2877 2718 2939 Et,
2748 2893 2799 2929 n.
2850 2876 2954 2940 3'2,
2994 2891 3259 2930 revocans
3312 2875 3365 2928 in
3400 2877 3729 2929 memoriam

2153 2982 2215 3021 ea
2244 2982 2385 3035 qua},
2421 2983 2473 3021 ιι.
2512 2966 2599 3029 li,
2635 2967 2868 3027 dixerat,
2902 2966 2981 3020 sic
3015 2966 3290 3033 loquitur:
3324 2984 3343 3017 ι
3388 2965 3445 3019 Si
3480 2981 3592 3019 non
3626 2981 3729 3020 es-

2153 3057 2452 3125 posuissem
2500 3056 2770 3124 duplicem
2823 3056 2965 3110 illius
3018 3058 3329 3121 adventum,
3382 3056 3621 3110 alterum
3675 3057 3729 3110 in

489 3165 610 3205 cum
636 3166 700 3206 eo
742 3168 900 3221 quem
950 3155 1054 3208 sibi
1088 3155 1360 3225 ﬁngebant
1387 3156 1602 3210 Christo
1622 3199 1637 3219 ,
1662 3159 1909 3213 omnibus
1946 3161 2048 3213 im-

2161 3162 2258 3215 quo
2288 3148 2588 3216 agnoscatis
2617 3148 2668 3200 in
2703 3162 2861 3215 quem
2893 3147 3212 3217 pupugistis,
3243 3156 3296 3201 et
3328 3147 3591 3216 plangent
3628 3149 3731 3201 tri-

489 3253 774 3313 peraturos
815 3246 1103 3313 gentibus;
1158 3262 1264 3301 non
1311 3251 1484 3317 potuit
1526 3251 1795 3321 Tryphoni
1837 3263 2044 3323 gratum

491 3350 597 3387 non
633 3336 878 3390 accidere
911 3336 1169 3405 quidquid
1211 3338 1275 3389 ad
1310 3339 1448 3393 hanc
1477 3342 1801 3395 sententiam
1831 3357 2049 3397 accom-

488 3425 703 3479 modate
729 3424 975 3481 Justinus
1018 3437 1073 3480 et
1116 3428 1205 3481 alii
1237 3428 1523 3483 Millenarii
1570 3431 1635 3483 de
1662 3430 1863 3487 Judaeis
1891 3432 2046 3489 Jero-

487 3515 750 3584 solymam
784 3518 1109 3571 revocandis
1144 3520 1349 3589 opinati
1380 3531 1525 3574 sunt.
1568 3522 1767 3577 Deinde
1803 3540 1929 3579 vero
1958 3542 2046 3581 re-

486 3606 646 3672 spicit
683 3605 900 3676 Trypho
944 3608 1010 3661 ad
1055 3622 1115 3660 ea
1146 3624 1266 3677 qua:
1310 3608 1556 3664 Justinus
1601 3612 1831 3672 dixerat.
1864 3632 1916 3668 n.
1951 3615 2043 3681 28,

484 3712 607 3752 cum
631 3698 709 3751 sic
730 3696 944 3752 Judacos
971 3699 1377 3755 adhortaretur.
1416 3720 1434 3752 ι
1475 3701 1552 3757 Ne
1586 3704 1869 3769 dili‘eratis,
1913 3721 2046 3763 neve

486 3788 747 3843 dubitetis
815 3790 979 3853 mihi,
1047 3792 1738 3861 homini'incircnmeiso,
1801 3799 2041 3854 credere.

486 3880 657 3934 Breve
683 3882 825 3935 enim
865 3883 969 3937 hoc
998 3884 1149 3939 vobis
1182 3886 1505 3953 relinquitur
1528 3890 1593 3942 ad
1626 3904 1725 3943 nos
1756 3891 2041 3944 accedendi

486 3979 722 4040 tempus.
775 3972 831 4027 Si
891 3974 1137 4028 Christus
1178 3978 1364 4030 venire
1418 3978 1799 4048 occupaverit,
1838 3979 2041 4035 frustra

484 4078 582 4118 vos
633 4065 940 4131 paenitebit,
981 4064 1183 4119 frustra
1234 4067 1549 4134 plorahitis;
1576 4085 1749 4139 neque
1770 4072 1913 4126 enim
1948 4088 2044 4128 vos

485 4158 760 4213 exaudiet.
797 4175 815 4207 ι
862 4156 985 4210 Htec
1035 4158 1086 4211 in
1137 4160 1393 4212 memoria
1446 4161 1648 4216 habens
1700 4161 1937 4232 Trypho,
1970 4164 2041 4218 ita

483 4262 543 4301 se
591 4249 659 4302 ad
703 4246 901 4302 Justini
956 4250 1155 4303 monita
1205 4251 1601 4318 accommodat,
1654 4262 1711 4307 ttt
1748 4270 1811 4308 ex
1843 4254 2042 4310 JtltitBiS

481 4350 608 4393 ante
652 4340 829 4408 gentis
879 4339 1303 4409 conversionem
1344 4344 1569 4397 mortuis
1618 4354 1710 4397 aut
1761 4346 2041 4399 morituris

482 4429 687 4482 nullum
741 4430 792 4483 itt
848 4445 1038 4485 novatn
1091 4429 1387 4488 Jerusalem
1440 4434 1728 4500 admittat,
1786 4436 1889 4489 nisi
1948 4437 2037 4503 qtti

2152 3239 2250 3293 bus
2275 3249 2487 3304 vestrae,
2522 3240 2691 3293 tribus
2730 3242 2795 3293 ad
2828 3240 3026 3293 tribum
3055 3280 3069 3304 ,
3097 3241 3351 3294 mulieres
3385 3254 3639 3294 seorsum
3674 3250 3729 3295 et

2150 3332 2249 3383 viri
2281 3348 2560 3396 seorsum;
2597 3334 2828 3386 obscura
2861 3345 2915 3386 et
2939 3333 3141 3387 incerta
3190 3334 3369 3386 dicere
3408 3334 3656 3387 viderer.
3702 3352 3721 3385 ι

2148 3423 2425 3477 Planctum
2471 3424 2717 3480 Justinus
2762 3443 2864 3479 non
2914 3442 3033 3481 eum
3070 3426 3339 3493 intelligit,
3365 3440 3524 3493 quem
3553 3426 3729 3479 edent

2146 3512 2314 3569 Judsei
2376 3517 2440 3569 ad
2493 3516 2766 3570 Christum
2826 3520 3164 3579 accedentes,
3197 3517 3288 3569 sed
3332 3516 3629 3584 ploratum,
3672 3525 3728 3569 et

2146 3606 2400 3676 ejulatus,
2436 3622 2570 3677 quos
2597 3609 2899 3671 Christum,
2925 3609 2969 3661 si
2999 3610 3172 3661 venire
3194 3610 3515 3675 oeupatterit,
3543 3622 3728 3661 exau-

2146 3702 2382 3754 diturum
2416 3711 2598 3770 negat,
2632 3716 2683 3753 n.
2711 3699 2801 3753 98.
2832 3700 3089 3753 llortatur
3131 3697 3367 3761 Iudaeos,
3405 3717 3459 3754 ιι.
3492 3700 3616 3762 118.
3662 3710 3723 3753 ut

2145 3794 2520 3862 pwttitentiam
2570 3805 2760 3862 agant,
2812 3804 3089 3863 antequam
3145 3793 3314 3847 veniat
3356 3808 3580 3861 magnus
3619 3793 3725 3846 ille

2136 3885 2331 3954 judicii
2376 3886 2510 3945 dies,
2563 3886 2617 3937 in
2649 3900 2750 3953 quo
2795 3884 3046 3951 plangent
3074 3885 3367 3954 quicunque
3394 3898 3458 3936 ex
3493 3882 3722 3938 illorum

2096 4008 2099 4009 ν
2145 3975 2382 4027 tribubus
2412 3974 2679 4028 Christum
2704 3984 3055 4042 papugerunt.

2217 4063 2436 4118 Videtur
2464 4062 2708 4118 Justinus
2739 4062 3215 4130 ideircojudicium
3246 4072 3548 4116 extremum
3582 4079 3719 4117 cum

2143 4157 2381 4211 secundo
2431 4158 2663 4210 adventu
2713 4154 3062 4224 conjungere,
3116 4155 3363 4222 quamvis
3414 4165 3719 4223 utrumque

2142 4258 2444 4319 separaret,
2472 4249 2619 4317 quia,
2650 4257 2937 4314 antequam
2969 4246 3106 4299 hanc
3139 4246 3204 4299 de
3237 4261 3399 4315 regno
3430 4247 3581 4299 mille
3605 4264 3718 4300 an-

2144 4356 2334 4394 norum
2383 4341 2684 4395 doctrinam
2735 4338 3052 4407 adoptaret,
3083 4339 3156 4391 ita
3187 4338 3331 4406 loqui
3360 4350 3714 4398 assueverat,

2144 4451 2241 4488 nec
2291 4450 2414 4487 eum
2469 4448 2601 4486 nova
2657 4431 2842 4500 opinio
2892 4448 2919 4483 a
2964 4430 3355 4485 consuetudine
3398 4436 3717 4487 communis

481 4521 698 4575 Christo
726 4537 918 4577 nomen
945 4524 1174 4579 dederit.
1202 4525 1381 4591 Quare
1407 4526 1523 4594 ejus
1549 4528 1730 4587 verba,
1759 4527 1791 4598 ἢ
1816 4527 1907 4580 καὶ
1933 4527 2038 4580 τῶν
2072 4519 2114 4574 0
2144 4528 2408 4581 sermonis
2458 4525 2745 4578 abstraxit.
2778 4522 2895 4575 Non
2942 4524 3086 4575 enim
3135 4521 3431 4576 verisimile
3459 4532 3544 4576 est
3576 4537 3713 4576 eum

481 4610 833 4681 προσηλύτων
862 4613 1186 4683 γενομένων,
1220 4631 1320 4669 non
1355 4618 1418 4669 de
1452 4616 1756 4671 Judteornm
1799 4628 1922 4670 ante
1957 4618 2042 4669 ln—

481 4702 855 4755 carnationem
907 4703 1195 4774 proselytis
1251 4706 1587 4775 accipienda,
1644 4707 1739 4759 sed
1787 4709 1852 4761 de
1909 4708 2041 4775 ipsis

478 4792 684 4848 Judaeis
716 4794 1154 4849 Christianorum
1189 4797 1346 4851 factis
1374 4797 1660 4866 proselytls
1691 4810 1816 4851 ante
1846 4815 2040 4853 secun-

480 4883 607 4937 dum
635 4885 928 4941 adventum
958 4895 1123 4955 atque
1162 4887 1303 4941 illam
1334 4889 1513 4958 populi
1539 4888 1748 4943 Judaici
1778 4892 1878 4946 sub
1909 4890 2040 4946 Elia:

481 4976 784 5031 ministerio
819 4978 1256 5033 conversionem.
1480 5038 1485 5048 ,

551 5065 642 5121 IV.
679 5066 749 5122 Ut
772 5068 839 5121 de
864 5068 1189 5123 Antichristi
1224 5069 1382 5126 bellis
1409 5081 1459 5127 et
1504 5072 1767 5136 victoriis,
1796 5074 1865 5126 ita
1896 5084 1950 5129 et
1973 5075 2038 5129 de

478 5159 679 5228 pronis,
707 5175 843 5229 quas
868 5163 1117 5218 Christus
1148 5164 1382 5233 gloriose
1419 5179 1450 5217 e
1479 5165 1618 5218 coelo
1642 5166 1934 5221 adveniens
1970 5165 2037 5220 ab

475 5251 815 5307 Antichristo
840 5263 896 5306 et
924 5269 953 5307 a
1002 5257 1221 5325 regibus
1267 5273 1389 5311 cum
1435 5258 1772 5313 Antichristo
1812 5257 2038 5325 conjun-

477 5344 580 5398 ctis
610 5345 939 5415 repetiturus
973 5357 1111 5411 erat,
1149 5364 1253 5402 non
1293 5349 1459 5403 multa
1494 5351 1751 5406 habemus
1775 5352 1914 5416 apud
1941 5350 2037 5404 Ju-

477 5431 701 5486 stinunt.
739 5431 839 5488 Vix
873 5444 1049 5489 tamen
1096 5437 1318 5492 dubittm
1361 5441 1494 5508 quin
1542 5457 1604 5495 ea
1648 5442 1885 5497 senserit
1916 5457 2035 5511 quae

474 5521 717 5579 lrenaeus
766 5534 823 5579 et
874 5525 1189 5582 Lactantius
1236 5528 1320 5585 his
1364 5533 1430 5585 de
1478 5533 1630 5588 bellis
1680 5546 1734 5589 et
1786 5534 2035 5589 victoriis

478 5612 816 5679 scripserunt
847 5632 861 5668 :
894 5616 969 5670 ait
1015 5618 1157 5671 enim
1180 5657 1195 5680 ,
1235 5634 1289 5671 n.
1339 5619 1439 5684 59,
1474 5619 1586 5674 fore
1613 5629 1673 5675 ut
1698 5620 1950 5675 Christus
1980 5620 2031 5673 itt

481 5699 721 5769 glorioso
764 5705 995 5759 adventu
1037 5708 1256 5762 excidat
1287 5724 1476 5763 omnes
1520 5710 1789 5765 inimicos.
1829 5729 1847 5761 t
1876 5709 2033 5765 Chri-

479 5800 624 5846 stum
659 5794 978 5850 crucitixunt
1000 5837 1015 5862 ,
1046 5797 1253 5867 inquit,
1285 5814 1337 5852 n.
1381 5797 1469 5868 49,
1503 5806 1737 5854 tremunt
1769 5797 2029 5853 daemonia

2140 4617 2246 4668 duo
2287 4614 2569 4668 admisisse
2606 4613 2836 4679 judicia,
2885 4612 3071 4664 itidem
3113 4621 3169 4663 ut
3203 4611 3574 4675 Laetantium,
3609 4612 3713 4669 Iih.

2139 4724 2239 4773 vn,
2266 4724 2317 4763 c.
2347 4708 2437 4772 20,
2465 4707 2694 4775 pritnttut
2738 4706 2789 4759 in
2823 4707 2939 4774 ipso
2975 4704 3174 4759 Christi
3207 4705 3465 4769 adventu,
3499 4705 3551 4759 in
3595 4720 3714 4774 quo

2131 4800 2514 4870 jutlicabuntttr
2557 4798 2596 4849 ii
2637 4808 2859 4861 tantum,
2907 4798 2997 4866 qui
3040 4808 3159 4850 sunt
3212 4798 3265 4849 in
3310 4796 3408 4850 Dei
3450 4797 3713 4865 religione

2137 4889 2346 4952 versati,
2376 4887 2603 4941 alterum
2638 4895 2759 4957 post
2800 4888 2945 4942 mille
2976 4904 3170 4943 annos.

2214 4979 2376 5034 Valde
2412 4980 2598 5034 dubito
2629 4995 2695 5033 an
2730 4981 2832 5034 hac
2869 4980 3018 5046 regni
3071 4982 3271 5034 terreni
3306 4980 3562 5050 opinione
3597 4981 3710 5034 im-

2137 5072 2297 5126 butus
2331 5072 2491 5125 fuerit
2516 5071 2780 5135 Justinus,
2812 5088 2934 5125 cum
2962 5072 3190 5139 primam
3215 5073 3525 5140 Apologiam
3560 5074 3703 5127 seri-

2136 5162 2258 5229 psit.
2290 5160 2343 5214 In
2369 5162 2468 5215 hac
2492 5162 2635 5215 enim
2664 5162 2872 5215 nullum
2903 5160 3057 5228 hujus
3081 5163 3372 5215 commenti
3402 5165 3702 5232 vestigium

2138 5253 2372 5321 reperio,
2402 5253 2651 5322 quamvis
2680 5254 2859 5306 mutue
2887 5252 3205 5307 occasiones
3237 5265 3599 5307 occurrerent
3632 5256 3705 5310 de

2136 5344 2220 5398 his
2253 5343 2413 5398 rebus
2454 5343 2782 5407 disserendi,
2822 5344 3090 5413 prrccipue
3131 5359 3260 5397 vero
3290 5344 3356 5403 de
3406 5345 3550 5397 tristi
3591 5346 3707 5399 llo-

2136 5435 2280 5488 mani
2326 5434 2535 5504 imperii
2565 5434 2731 5494 exitu,
2770 5449 2837 5488 ex
2868 5450 2976 5501 quo
3028 5444 3206 5487 terror
3254 5435 3420 5488 incuti
3482 5448 3707 5505 poterat

2134 5525 2591 5595 persecutoribus.
2649 5525 2831 5594 Neque
2879 5526 2923 5580 is
2971 5536 3087 5579 erat
3139 5524 3417 5589 Justinus,
3453 5529 3545 5595 qui
3605 5542 3706 5585 aut

2136 5625 2280 5669 metu
2310 5614 2590 5668 veritatem
2624 5614 3007 5677 dissimularet,
3034 5616 3348 5683 autjnstam
3380 5616 3703 5674 libertatem

2134 5720 2255 5757 cum
2299 5704 2478 5759 debita
2528 5704 2838 5773 imperatori
2895 5707 3199 5759 reverentia
3244 5706 3543 5762 conciliare
3588 5723 3704 5763 non

2135 5805 2336 5867 posset.
2368 5794 2504 5863 Quin
2532 5796 2696 5851 etiam
2726 5797 2778 5851 itt
2812 5797 2911 5853 hac
2942 5795 3193 5866 Apologia
3226 5802 3703 5855 resurrectionem
