3792 6500
2 369 85 423 97
1092 351 1150 404 D.
1196 344 1455 404 MARANI
1489 338 1885 396 PREFATIO.
1923 369 1991 379 —
2021 335 2203 390 PARS
2243 335 2308 389 ll.
3221 329 3290 384 98

1 488 299 538 bonorum
338 490 394 536 et
444 479 714 533 malorum
747 482 801 529 et
837 472 1098 540 judicium
1137 482 1441 526 extremum
1483 483 1603 522 cum
1635 470 1679 525 Α
1707 462 2026 517 haereditate
2054 466 2394 525 accepturos.
2426 472 2445 505 ι
2496 453 2647 508 Μιιίιί
2693 452 3000 522 opinionem
3045 451 3273 508 Millena

0 574 277 629 secundo
307 572 542 625 adventu
596 570 675 623 sic
722 565 1021 632 conjungit,
1051 573 1109 615 ut
1157 579 1261 615 non
1299 574 1601 615 sermonem

8 673 274 728 tantum,
305 663 399 716 sed
440 671 495 715 et
553 658 880 712 sententiam
936 668 1278 708 communem
1319 651 1468 720 sequi
1521 651 1602 701 vi-

2 756 249 807 deatur.
284 776 301 804 ι
338 753 480 806 Duos
504 750 653 804 enim
699 746 842 799 illius
873 744 1168 809 adventus,
1197 744 1394 813 inquit,
1429 758 1483 797 ιι.
1511 740 1602 803 52,

4 846 412 914 praedixerunt
461 839 758 911 prophetae,
802 853 969 891 unum
1022 837 1113 906 qui
1168 836 1277 905 jam
1331 834 1606 888 exhibitas

5 950 130 1000 est.
174 948 445 1005 tauquam
476 938 723 1008 despecti
768 944 826 991 et
867 930 1140 1005 passibilis
1170 928 1437 991 hominis;
1473 925 1607 978 alte-

12 1046 145 1083 rum
180 1040 393 1093 autem,
424 1030 640 1098 quando
673 1043 793 1081 cum
830 1023 1026 1095 gloria,
1059 1037 1089 1075 e
1126 1020 1281 1075 ccelis
1329 1035 1434 1072 una
1483 1031 1603 1070 cum

17 1120 289 1186 angelico
340 1122 512 1191 ipsius
568 1122 805 1173 exercitu
866 1122 1197 1170 adventurus
1243 1112 1605 1182 przedicatur,

16 1214 248 1281 quando
275 1222 329 1266 et
352 1227 579 1280 corpora
620 1210 976 1265 exsuscitahit
1006 1207 1267 1268 omnium,
1299 1203 1608 1273 quicunque

17 1307 390 1369 exstiterunt,
438 1304 743 1366 hominum,
786 1317 849 1354 ac
891 1303 1174 1369 dignorum
1219 1296 1437 1365 quidem
1486 1307 1607 1347 cor-

20 1414 153 1465 pura
219 1398 415 1449 induet
460 1395 909 1460 incorruptione,
958 1392 1269 1460 iniquorum
1326 1397 1505 1440 autem
1554 1385 1605 1437 iu

20 1497 302 1556 perpetuo
352 1501 520 1540 sensu
564 1500 687 1539 cum
741 1484 921 1553 pravis
958 1482 1292 1536 daunonibus
1341 1481 1392 1532 iu
1426 1479 1607 1545 ignem

21 1593 297 1635 aeternmn
325 1582 531 1633 mittet.
566 1595 584 1626 ι

94 1674 356 1739 Quonam
390 1674 443 1726 in
472 1674 587 1725 loco
608 1670 864 1739 judicium
894 1667 960 1721 de
1002 1667 1251 1721 omnibus
1293 1664 1605 1717 hominibus

27 1766 276 1817 facturus
315 1765 394 1817 sit
432 1764 699 1825 Christus,
739 1777 836 1815 nec
872 1762 1136 1822 lremeus,
1170 1772 1265 1809 nec
1294 1754 1609 1810 Laclantius

27 1859 314 1913 dixerunt.
336 1858 407 1909 At
433 1854 685 1909 Justinus
715 1854 764 1906 id
798 1868 901 1907 nou
932 1851 1119 1905 tacuit.
1151 1849 1416 1902 Futurum
1460 1850 1608 1900 enim

29 1951 103 2001 ait
162 1949 410 2019 Dialog.,
459 1966 515 2001 ιι.
572 1947 664 2010 40,
706 1956 761 1997 ιιι
801 1944 968 2000 Judati
1011 1942 1062 1993 in
1116 1942 1294 1994 eodem
1342 1940 1616 2007 Jerosoly-

29 2058 236 2093 morum
269 2042 395 2095 loco
426 2055 549 2094 eum
606 2045 921 2107 agnoscant,
942 2047 1103 2106 quem
1134 2033 1457 2085 contumelia
1489 2030 1617 2086 alle-

31 2144 245 2187 terunt.

104 2223 168 2277 ν.
211 2221 333 2276 Non
370 2236 566 2291 magno
593 2231 785 2274 conatu
817 2233 953 2288 opus
985 2224 1089 2280 est,
1123 2224 1181 2267 ut
1228 2230 1256 2266 a
1306 2212 1519 2267 Justiuo
1568 2221 1622 2265 et

35 2312 239 2366 Irenaeo
289 2322 353 2366 et
405 2312 528 2365 aliis
576 2311 836 2379 ejusmodi
916 2307 1295 2378 propulsemus
1360 2300 1620 2371 quidquid

37 2404 186 2473 regni
217 2403 514 2458 terrestris
542 2403 726 2472 opinio
754 2399 942 2455 habuit
991 2398 1225 2451 maxime
1258 2395 1459 2458 vitiosi,
1490 2393 1626 2447 Sab-

37 2495 182 2556 bata,
209 2492 517 2555 sacriﬁcia,
566 2489 1029 2545 circumcisionem
1072 2498 1121 2541 et
1160 2501 1447 2555 corporeas
1478 2485 1627 2537 volu-

38 2596 237 2653 ptates.
294 2584 442 2649 Quia
493 2593 670 2635 tamen
717 2580 980 2641 nonnulli,
1026 2580 1077 2632 in
1122 2577 1205 2632 his
1254 2576 1629 2631 Tillemoutius

41 2686 167 2729 tam.
196 2675 264 2738 ll,
295 2692 357 2743 p.
395 2672 518 2737 124,
554 2683 744 2741 negant
767 2688 861 2727 eos
913 2671 1214 2726 exclusisse
1264 2670 1332 2722 ab
1358 2670 1459 2723 hoc
1484 2678 1628 2721 statu

40 2772 433 2825 necessitatem
485 2768 678 2822 edendi
706 2778 759 2820 et
790 2767 1045 2828 bibendi;
1096 2779 1203 2818 non
1257 2762 1449 2817 leviter
1496 2776 1633 2829 prae-

43 2859 400 2916 termittenda
441 2873 530 2912 res
560 2868 660 2912 est.
699 2858 943 2911 Justinus
983 2856 1217 2924 Dialog.,
1258 2869 1408 2909 unm.
1437 2852 1525 2915 5|,
1556 2852 1632 2905 ait

42 2950 369 3016 praedixisse
398 2948 696 3010 Christum,
748 2964 802 3001 se
835 2947 1000 3001 multa
1050 2965 1080 2999 a
1126 2947 1326 3001 Scribis
1356 2954 1403 2998 et
1432 2943 1631 2997 Phari-

40 3044 155 3097 sa'is
194 3043 319 3111 pati
348 3052 608 3110 oportere,
630 3052 677 3094 et
705 3040 941 3109 σινιιείΙὶθὶ
975 3049 1025 3093 et
1052 3040 1206 3092 tertio
1231 3039 1315 3092 die
1340 3051 1630 3105 resurgere,

42 3150 99 3185 ac
130 3136 413 3201 futurum,
445 3142 501 3184 ut
533 3133 725 3184 iterum
752 3129 1138 3199 Jerosolymam
1172 3129 1387 3193 veniret,
1425 3137 1633 3196 tumque
1660 3151 1705 3213 ο

46 3242 144 3277 una
170 3242 298 3278 cum
330 3223 610 3292 discipulis
632 3222 807 3277 ederet
833 3237 897 3276 ac
935 3222 1151 3285 biberet,
1180 3235 1242 3271 ac
1274 3220 1473 3271 interea
1507 3222 1630 3269 dum

47 3319 258 3377 renitet,
285 3319 349 3368 in
374 3316 541 3383 ipsius
573 3314 780 3367 nomine
810 3312 1105 3367 sacerdotes
1139 3320 1186 3365 et
1216 3310 1481 3380 propheta:
1506 3307 1634 3376 falsi

48 3408 346 3470 prodirent.
381 3404 518 3459 Cum
543 3404 813 3459 Christum
862 3400 980 3471 lego
1030 3415 1135 3453 una
1182 3414 1305 3452 cum
1350 3396 1636 3465 discipulis

51 3498 201 3550 cdere
232 3508 293 3550 et
322 3496 549 3562 bibere,
583 3513 689 3551 non
720 3506 898 3552 metuo
923 3511 988 3549 ne
1013 3495 1186 3564 justos
1235 3491 1505 3545 redivivos
1549 3504 1638 3543 as-

53 3590 247 3656 tringat
266 3588 531 3643 Justinus
558 3588 871 3658 quntidiana
899 3588 1005 3642 cibi
1032 3595 1086 3639 et
1115 3595 1276 3654 potus
1302 3581 1633 3651 indigentia;

51 3682 133 3733 sed
196 3678 528 3750 spirituales
589 3678 812 3732 delicias
847 3676 1109 3744 intelligo,
1134 3675 1332 3742 quibus
1360 3670 1638 3725 Christum

54 3770 101 3824 iu
144 3787 286 3825 nova
333 3769 638 3824 Jerusalem
680 3768 863 3837 justos
908 3775 1217 3836 potaturmn
1269 3761 1636 3816 existimabat.

55 3860 431 3929 Spiritualiter
479 3860 623 3913 enim
673 3858 921 3927 intelligit
971 3854 1099 3908 illud
1136 3853 1363 3919 Christi,
1405 3869 1459 3906 ιι.
1492 3852 1637 3905 1Ξυε

63 3952 274 4007 Veniant
322 3969 469 4007 enim
498 3952 563 4005 ab
591 3949 808 4005 Oriente
852 3960 900 4001 et
946 3947 1228 4000 Occidente
1264 3954 1311 3997 et
1342 3943 1642 3997 recumbent

57 4063 161 4098 cum
188 4045 495 4110 Abraham,
523 4054 570 4097 et
598 4040 775 4103 Isaac,
793 4050 842 4094 et
864 4039 1028 4093 Jacob
1058 4038 1110 4089 in
1134 4052 1290 4105 regno
1309 4033 1553 4088 cazlorum
1573 4035 1641 4091 ⁸⁷.

60 4137 224 4192 Vitam
253 4139 332 4192 ab
358 4136 508 4190 omni
539 4136 887 4202 corruptione
922 4134 1217 4186 immunem
1248 4132 1298 4183 in
1339 4129 1442 4182 hoc
1473 4137 1645 4181 terre-

59 4248 122 4285 no
170 4247 350 4301 regno
402 4226 690 4298 promittit,
738 4242 886 4279 num.
949 4223 1039 4288 9.4,
1085 4224 1174 4276 ubi
1225 4221 1305 4276 sic
1354 4218 1642 4288 loquitur:

64 4341 80 4371 ι
112 4324 318 4378 Adeste
346 4320 505 4385 mihi,
541 4333 750 4382 omnes,
776 4315 866 4386 qui
893 4315 1095 4369 timetis
1140 4316 1328 4376 Deum,
1367 4312 1457 4380 qui
1512 4311 1648 4363 bona

60 4416 363 4473 Jerusalem
393 4415 581 4467 videre
611 4412 831 4481 cupitis.
864 4409 1075 4470 Venite,
1111 4405 1434 4459 accedamus
1467 4402 1533 4455 ad
1567 4401 1649 4454 lu-

1709 552 1910 605 riorum
1940 549 2163 603 sinistre
2190 559 2411 614 prorsus
2457 544 2801 612 interpretati
2848 552 2997 604 sunt.
3025 544 3152 596 dum
3187 542 3291 598 mi—

1708 658 1810 697 nus
1830 640 2271 695 animadvertunt
2302 635 2599 704 Scriptum
2629 633 2955 696 testimonia,
3007 635 3058 687 in
3094 635 3291 702 quibus

1706 748 1915 787 summa
1962 745 2141 784 rerum
2188 729 2254 781 ad
2309 727 2511 783 victum
2552 737 2607 782 et
2634 726 2840 781 cultum
2895 726 3290 793 pertinentium

1709 825 1882 893 copia.
1909 837 1973 877 ac
2006 837 2200 890 magna
2236 822 2466 874 ﬁliorum
2500 818 2785 871 multitudo
2817 816 3182 887 promittitur,
3210 816 3293 869 sic

1710 915 1980 969 intellecta
2011 930 2039 966 a
2074 913 2326 967 Patribus
2368 910 2559 973 fuisse,
2594 918 2651 962 ut
2696 908 2996 978 spiritttalia
3040 908 3178 961 bona
3206 906 3294 974 ju-

1709 1007 1808 1059 stis
1838 1004 2111 1066 redivivis,
2143 1018 2403 1071 corporea
2430 1001 2501 1055 iis
2541 1000 2919 1063 attribuerent,
2965 1014 3102 1066 quos
3133 998 3294 1051 Chri-

1709 1100 1900 1153 stusiu
1937 1106 2080 1149 terra
2111 1098 2260 1149 vivos
2293 1094 2551 1148 inveniet.
2596 1090 2715 1145 Vid.
2761 1090 3186 1144 Adnotatiouem
3222 1090 3290 1142 ad

1712 1205 1766 1244 ιι.
1797 1189 1886 1243 8|.
1926 1188 2206 1241 Manifesta
2237 1195 2319 1237 est
2349 1186 2460 1240 haec
2492 1183 2770 1238 distinctio
2808 1184 2949 1251 apud
3000 1183 3293 1245 lreumum,

1710 1283 1822 1351 qui,
1853 1281 1945 1337 lib.
1974 1296 2029 1342 v,
2060 1294 2109 1333 e.
2142 1277 2236 1341 55,
2270 1295 2321 1330 n.
2353 1280 2407 1341 1,
2431 1277 2737 1331 testimonia
2772 1274 3071 1344 Scriptura:
3107 1276 3161 1327 in
3214 1291 3299 1327 re-

1709 1373 2080 1427 surrectionem
2111 1380 2411 1437 Jnstorum.
2440 1370 2549 1420 sine
2598 1366 2953 1419 controversia
3004 1366 3144 1418 dicta
3187 1381 3299 1419 esse

1712 1470 1997 1527 contendit,
2032 1481 2148 1533 qua?
2204 1464 2265 1532 ﬁt
2290 1473 2403 1531 post
2446 1463 2729 1515 adventum
2765 1460 3097 1521 Antichristi,
3146 1472 3195 1512 et
3224 1460 3297 1512 il-

1712 1558 1788 1611 los
1830 1574 1958 1623 quos
2015 1555 2273 1608 Dominus
2318 1554 2374 1606 in
2434 1569 2592 1606 carne
2643 1552 2887 1614 inveniet,
2928 1561 3294 1619 exspectantes

1711 1664 1829 1700 eum
1862 1649 1925 1699 de
1954 1647 2119 1707 ralis,
2148 1655 2193 1697 et
2222 1659 2492 1711 perpessos
2526 1642 2941 1704 tribulationem,
2971 1644 3062 1709 qui
3092 1652 3138 1694 et
3163 1642 3302 1709 effu-

1713 1748 1895 1808 gerunt
1934 1737 2102 1807 iniqui
2138 1753 2347 1789 manus.
2377 1733 2488 1799 Ipsi
2517 1743 2690 1785 autem
2727 1742 2846 1785 sunt
2883 1734 2947 1784 de
2982 1734 3173 1799 quibus
3222 1731 3300 1782 nit

1642 1823 1683 1876 Β
1718 1830 1969 1896 propheta
1998 1839 2016 1876 :
2050 1824 2115 1877 Et
2143 1823 2378 1876 derelicti
2414 1819 2902 1886 multiplicabuntur
2958 1817 3012 1869 in
3066 1828 3205 1869 terra
3235 1814 3302 1856 "-

1723 1919 1874 1973 Haud
1901 1918 2121 1971 dubium
2153 1916 2280 1983 quin
2314 1913 2610 1983 postremis
2665 1912 2827 1965 etiam
2874 1909 3137 1961 attrtbuat
3183 1924 3302 1976 qua:

1723 2017 2025 2078 sequuntur
2049 2008 2189 2072 apud
2212 2005 2404 2059 Isaiam
2439 2019 2565 2064 va,
2609 2004 2704 2064 21,
2734 2015 2960 2070 quaeque
2994 2000 3151 2067 paulo
3181 2009 3306 2052 ante

1724 2101 1885 2154 citata
1913 2099 1979 2152 ab
2007 2099 2214 2153 lrenwo
2238 2097 2455 2151 fuerant
2486 2112 2501 2149 :
2539 2095 2603 2147 Et
2634 2093 2969 2160 redi/imbuat
3010 2093 3216 2155 domos,
3256 2102 3306 2141 et

1722 2191 1823 2261 ipsi
1878 2190 2251 2243 inhabitabant
2280 2197 2327 2240 et
2358 2187 2691 2253 pastinabunt
2729 2185 2899 2237 vineas
2926 2194 2973 2236 et
3011 2184 3305 2235 manduca-

1727 2286 1870 2336 bunt.
1895 2281 2072 2349 Quare
2098 2295 2216 2348 quae
2244 2282 2309 2333 de
2347 2280 2507 2348 justis
2556 2293 2677 2331 cum
2735 2277 2956 2331 Christo
2996 2272 3308 2326 bibentibus

1727 2375 1793 2428 de
1842 2374 2114 2444 genimine
2162 2371 2290 2425 vitis
2336 2371 2470 2425 dicit
2510 2370 2771 2433 lreuzeus,
2800 2384 2850 2421 c.
2905 2368 2994 2428 55,
3042 2383 3094 2419 ιι.
3136 2383 3173 2429 ι,
3204 2382 3307 2419 ιιοιι

1729 2474 1835 2519 tam
1869 2464 1996 2518 mihi
2030 2465 2283 2517 videntur
2314 2462 2688 2531 quotidianum
2721 2460 2826 2514 cibi
2856 2469 2911 2511 ct
2958 2470 3116 2526 potus
3169 2459 3311 2510 imii-

1730 2570 1855 2610 care
1887 2571 2041 2609 usum
2074 2556 2140 2607 ad
2173 2553 2503 2606 iniciendam
2538 2550 2914 2619 indigentiam,
2951 2564 3111 2616 quam
3143 2546 3311 2599 facul-

1733 2658 1897 2702 tatem
1919 2647 2110 2702 edendi
2134 2656 2186 2700 et
2214 2644 2448 2704 bibendi,
2474 2643 2688 2711 qualem
2708 2640 2961 2695 Christus
2986 2638 3172 2691 habuit
3195 2644 3314 2705 post

1734 2740 2256 2806 resurrectionucm,
2282 2738 2348 2790 ad
2379 2735 2559 2790 carnis
2590 2733 2877 2786 veritatem
2914 2730 3285 2784 astrueudam.

2315 2867 2543 2924 CAPUT
2585 2865 2719 2920 XIII.

1734 2987 1811 3042 De
1849 2984 2114 3041 nonnullis
2137 2983 2192 3036 in
2224 2980 2437 3034 Iustino
2467 2994 2735 3046 perperam
2774 2974 3129 3046 reprehensis;
3161 2982 3317 3041 atque

1806 3067 1984 3111 utrum
2014 3071 2075 3107 ea
2103 3068 2221 3123 qua:
2254 3051 2434 3123 merito
2465 3042 2920 3123 reprehenduntur
2950 3042 3094 3096 illius
3127 3051 3315 3095 aucto-

1806 3128 2015 3180 ritatem
2041 3126 2096 3176 in
2115 3119 2244 3175 aliis
2276 3120 2428 3172 rebus
2460 3119 2722 3171 minuant.

1736 3236 1773 3286 l.
1796 3237 1955 3286 Leves
1978 3234 2228 3282 nonnulla:
2254 3228 2673 3292 reprehensiones
2693 3226 2855 3274 obiter
2896 3224 3211 3292 refelluntur.
3249 3218 3312 3269 Π.

1797 3301 1872 3348 Au
1915 3298 2091 3346 merito
2125 3287 2349 3343 Justinus
2391 3290 2657 3339 laudaverit
2707 3294 2967 3346 martyres,
3011 3287 3095 3346 qui
3123 3297 3318 3348 sctpsos

1796 3347 2100 3408 obtulerunt.
2133 3356 2212 3404 lll.
2242 3354 2482 3402 Nonnulla
2511 3357 2670 3397 errata
2711 3348 2891 3397 Justini
2918 3348 3027 3406 ejus
3049 3347 3318 3408 auctorita—

1797 3406 1905 3469 iém'
1925 3420 2148 3467 minuere
2189 3430 2285 3463 non
2329 3413 2533 3462 debent.
2578 3409 2657 3458 IV.
2686 3409 2967 3469 Frustraad
2992 3406 3315 3455 evertendam

1800 3468 2116 3531 traditionem
2135 3477 2360 3539 objicitur
2378 3471 2544 3535 opinio
2578 3472 2641 3519 de
2662 3483 2819 3533 regno
2843 3468 2981 3518 mille
3002 3480 3259 3516 annorum.

1810 3584 1848 3637 Ι.
1896 3582 2128 3649 Tempus
2150 3589 2325 3632 terere
2349 3591 2456 3630 non
2498 3575 2622 3628 libet
2671 3573 2723 3627 in
2776 3570 3054 3626 nonnullis
3095 3570 3321 3624 uberius

1742 3673 2075 3735 refellendis,
2100 3682 2220 3736 qua:
2250 3665 2495 3721 censoris
2533 3662 2853 3716 tnalcvolum
2880 3662 3055 3729 potius
3080 3660 3320 3712 aniumm

1743 3767 2038 3827 declarant,
2071 3780 2233 3834 quam
2274 3775 2482 3816 naevum
2512 3765 2815 3825 opportune
2857 3754 3176 3821 castigatum
3226 3768 3322 3802 ar-

1742 3867 1932 3929 guunt.
1957 3855 2227 3911 Justiuum
2263 3851 2475 3905 vellicat
2510 3848 2555 3902 ,1.
2590 3846 2962 3913 Barbeyracus
2990 3846 3042 3896 in
3072 3844 3214 3895 libro
3248 3842 3326 3895 De

1743 3954 1985 4007 doctrina
2013 3948 2201 4003 morali
2228 3944 2450 4000 Patrum
2478 3940 2750 4001 Ecclesiw,
2787 3939 2926 4006 quod
2984 3937 3066 3990 his
3118 3936 3323 3989 Christi

1746 4045 1927 4099 verbis
1954 4062 1968 4097 :
2004 4041 2086 4097 Ne
2108 4040 2303 4111 juretis
2335 4034 2567 4097 omnino,
2613 4028 2757 4083 nulla
2790 4042 3015 4096 prorsus
3047 4024 3326 4093 exceptio-

1748 4150 1815 4188 ne
1842 4131 2106 4187 restrictis
2133 4127 2284 4196 Apol.
2324 4128 2370 4186 1,
2400 4140 2550 4178 ιιιιιιι.
2576 4120 2662 4184 16,
2698 4134 2820 4173 cum
2848 4117 2963 4185 ipse
2991 4115 3043 4168 in
3069 4114 3327 4182 ambiguo

1749 4222 2048 4291 reliquerit,
2073 4212 2644 4284 utrumjusjurandum
2668 4212 2833 4264 etiam
2884 4205 3204 4275 gravissima
3260 4202 3330 4253 de

1749 4330 1911 4371 causa
1962 4311 2257 4382 legitimum
2314 4304 2549 4365 duxerit,
2600 4312 2709 4354 tum
2743 4298 3034 4367 gentilibus
3071 4291 3330 4347 credendi

1753 4406 1929 4460 locum
1954 4381 2161 4455 dederit
2187 4393 2571 4464 jusjurandum
2597 4406 2625 4443 a
2653 4389 2869 4441 Christo
2894 4398 3116 4452 prorsus
3142 4381 3331 4433 subla-

63 4524 169 4562 cem
215 4505 477 4567 Domini;
529 4504 784 4556 ιὶὺεηνὶι
845 4501 992 4556 enim
1045 4498 1299 4567 populum
1338 4511 1518 4557 suum.
1547 4494 1643 4546 do-
1674 4507 1719 4563 ι)
1752 4508 1863 4551 tum
1892 4505 1945 4546 et
1968 4490 2313 4547 interdictum
2348 4485 2537 4537 fuisse.
2573 4481 2820 4549 Magnum
2870 4492 3000 4532 sane
3046 4476 3319 4544 piaculum

65 4618 197 4655 mum
221 4599 429 4654 Jacob.
464 4595 677 4658 Venite,
696 4608 885 4649 omnes
907 4604 1117 4662 gentes,
1163 4589 1553 4645 eonveuiamus
1584 4587 1636 4639 in

64 4691 386 4756 Jerusalem,
415 4704 536 4757 quae
590 4704 695 4740 non
750 4685 980 4755 amplius
1031 4690 1371 4752 expugnatur
1417 4688 1641 4749 propter

67 4795 273 4852 peccata
312 4782 661 4852 populorum.
693 4798 712 4830 ι
742 4777 825 4840 Ει,
861 4793 915 4830 u.
948 4775 1047 4829 159
1073 4788 1086 4824 :
1126 4790 1144 4823 ι
1174 4771 1422 4826 Christus
1447 4784 1643 4824 secun-

68 4881 179 4930 dum
200 4872 603 4943 otnttipotentis
632 4870 810 4924 Patris
832 4870 1087 4920 virtutem
1128 4864 1228 4932 ipsi
1264 4862 1516 4915 traditam
1546 4859 1642 4911 ad-

70 4969 223 5030 venit,
240 4982 313 5019 ac
344 4966 397 5017 iu
418 4963 734 5022 amicitiam,
749 4969 804 5014 et
828 4956 1275 5016 benedictionem,
1302 4962 1355 5005 et
1376 4952 1642 5021 poeniten-

69 5060 206 5123 tiatu,
236 5065 298 5111 et
328 5054 640 5109 convictum
686 5064 906 5112 vocans,
937 5046 1171 5099 futuram
1200 5044 1252 5096 in
1280 5042 1465 5095 eadem
1499 5051 1643 5092 terra

72 5159 377 5202 sanctorum
435 5145 677 5196 euntium
720 5138 1137 5208 possessionem,
1181 5142 1237 5185 ut
1279 5130 1391 5198 jam
1424 5131 1646 5183 demon-

74 5249 290 5292 stratum
325 5244 435 5299 est,
465 5233 731 5303 promisit.
760 5228 909 5283 Unde
939 5238 1265 5297 quacunque
1315 5236 1383 5275 ex
1423 5219 1646 5289 regione

75 5332 173 5386 sive
198 5329 375 5392 servi,
394 5328 511 5381 sive
539 5325 717 5385 iiberi,
745 5318 1031 5376 credentes
1054 5319 1105 5372 in
1136 5314 1429 5378 Christum,
1455 5320 1510 5364 et
1553 5325 1647 5363 eo-

80 5438 200 5489 rum,
242 5438 372 5493 qua:
433 5429 544 5473 tum
590 5419 657 5471 ab
698 5417 837 5485 ipso,
894 5425 1006 5467 tum
1056 5428 1084 5466 a
1135 5407 1414 5479 prephetis
1450 5404 1647 5457 tradita

79 5527 206 5581 sunt,
231 5517 530 5570 veritatem
559 5518 939 5580 agnusceutes,
970 5506 1148 5560 sciunt
1197 5517 1254 5556 se
1303 5515 1404 5553 uua
1431 5512 1553 5551 cum
1582 5509 1648 5549 eo

84 5611 125 5659 iu
152 5608 236 5661 illa
262 5618 410 5661 terra
441 5606 671 5667 futuros,
709 5613 763 5656 et
792 5610 997 5655 mterua
1042 5611 1105 5650 ac
1147 5594 1460 5663 incorrupta
1504 5586 1646 5643 bona

152 5786 186 5817 "
219 5788 407 5842 Matth.
446 5797 567 5845 vut,
608 5782 688 5837 ll.
767 5780 810 5811 ³⁸
839 5778 966 5833 lsai.
989 5774 1167 5841 vni?“

1743 4610 1771 4645 a
1831 4590 1889 4643 S.
1942 4596 2183 4654 martyre
2241 4580 2561 4639 admissum,
2628 4573 2917 4640 magnique
2964 4568 3170 4623 erroris
3206 4567 3333 4620 data

1742 4680 1960 4737 occasio
1989 4675 2301 4746 gentilibus,
2333 4669 2477 4738 quod
2519 4682 2612 4736 per
2661 4664 2848 4719 Jovem
2894 4660 3085 4728 jurare
3137 4658 3331 4712 solitos

1746 4790 1852 4828 non
1877 4768 2123 4827 docuerit
2147 4765 2343 4835 quibus
2363 4748 2492 4814 locis
2509 4769 2559 4813 ct
2591 4755 2920 4825 temporibus
2937 4753 3122 4821 jurare
3151 4750 3335 4803 liceat.

1744 4864 1996 4935 quodque
2043 4859 2149 4913 illis
2190 4852 2524 4924 persuaserit
2576 4848 2913 4903 Christianos
2961 4841 3165 4897 Christi
3200 4856 3338 4904 pra:-

1746 4930 2131 5025 cepto‘parere,
2153 4949 2277 5002 dum
2299 4961 2364 4999 ne
2398 4938 2735 5011 gravissimis
2762 4935 2975 5005 quidem
3001 4930 3338 4986 cruciatibus

1749 5020 1939 5102 all-duci
1981 5051 2227 5112 possunt,
2248 5048 2304 5091 ut
2335 5052 2429 5105 per
2459 5034 2731 5086 fortunam
2752 5024 3200 5090 Czesarisjureut.
3227 5020 3332 5073 Sed

1752 5149 1929 5193 tamen
1961 5133 2166 5189 Christi
2200 5130 2360 5184 verba
2393 5143 2500 5180 nou
2528 5124 2742 5176 videtur
2771 5116 3019 5170 Justinus
3065 5117 3183 5166 sine
3226 5110 3333 5163 ulla

1748 5244 1971 5299 prorsus
1993 5224 2313 5293 exceptione
2335 5218 2606 5285 accipere.
2633 5212 2724 5265 Sic
2741 5207 2883 5261 enim
2912 5205 3057 5258 illius
3077 5204 3139 5257 de
3159 5200 3361 5269 jurcjtt.

1750 5293 1919 5375 rando
1962 5323 2291 5387 praeceptum
2326 5309 2535 5363 refert:
2568 5303 2705 5375 Περὶ
2740 5303 2797 5355 δὲ
2847 5299 2939 5353 τοῦ
2989 5298 3061 5368 μὴ
3113 5293 3339 5387 ὸμνιὸνιιιι

1749 5412 1913 5473 ὅλως,
1963 5381 2173 5476 annos
2241 5400 2297 5453 δὲ
2348 5398 2525 5465 λέγειν
2586 5396 2672 5447 ἀεὶ
2700 5433 2713 5457 ,
2771 5381 3339 5476 οὖτωςῗπαρεκελεύῐ-

1752 5470 1908 5553 cato-ﬁ
1934 5496 2029 5563 Μὴ
2065 5470 2321 5562 optimi“
2364 5487 2537 5552 ὅλως
2586 5485 2742 5539 ἔστω
2774 5480 2842 5533 δὲ
2872 5475 3038 5547 ὑμῶν
3093 5472 3157 5525 τὸ
3212 5470 3337 5536 ναί,

1749 5590 1868 5655 ναι,
1904 5588 2000 5643 καὶ
2036 5586 2102 5641 τὸ
2134 5583 2227 5647 οὔ,
2259 5580 2351 5645 οὔ,
2388 5590 2495 5636 etc.
2535 5597 2553 5630 ι
2586 5575 2665 5631 Ne
2724 5582 2907 5628 autem
2947 5568 3192 5637 juremus
3218 5578 3336 5618 οιιι-
