3792 6498
504 316 574 373 9'1)
1459 315 1516 372 S.
1557 315 1893 372 JUSTINUS
1929 314 2416 374 PHILOSOPHUS
2446 317 2532 372 ET
2570 319 2887 375 MABTYR.
3695 323 3772 378 εω

506 445 654 501 nino,
681 441 775 513 sed
801 453 986 493 verum
1011 451 1226 508 semper
1263 435 1527 502 dicamus,
1557 443 1639 494 sic
1681 442 1939 511 przecepit
1965 456 1980 496 :
2010 440 2091 494 Ne
2121 445 2166 500 Λ
2197 442 2388 498 tertius
2435 442 2653 511 quidam
2707 441 3099 511 superveniens
3151 451 3210 498 et
3250 442 3445 498 eodem
3506 443 3772 510 supplicio

497 535 693 602 poetis
735 534 970 595 omnino,
1027 530 1119 584 sed
1189 531 1260 582 sit
1320 541 1569 594 vestrum,
1634 530 1747 592 Est,
1801 543 1908 597 est;
1960 549 2084 595 non,

507 640 613 677 non
645 623 716 686 “,
761 641 779 674 ι
816 633 924 676 etc.
955 621 1070 675 Non
1127 627 1358 679 obscure
1409 626 1566 678 docet
1611 623 1856 678 Justinus
1882 625 2084 679 nullum

505 713 990 782 forejurisjuramli
1027 731 1206 778 usuin,
1228 716 1271 769 si
1302 731 1428 770 vera
1471 731 1688 786 semper
1731 717 1974 772 homines
2001 719 2086 771 di-

503 818 712 871 cerent,
739 823 840 862 nec
859 807 1002 861 ullus
1025 817 1171 861 esset
1195 807 1484 862 mendacio
1511 807 1682 866 locus.
1716 809 1806 862 Sic
1829 810 1974 862 enim
2005 811 2085 864 in-

504 908 833 968 terpretatur
861 900 1024 954 verba
1048 899 1274 964 Christi,
1308 903 1459 968 quasi
1499 901 1702 954 dictmn
1750 915 1897 956 esset
1929 921 1944 956 :
1972 902 2083 956 No-

502 988 598 1043 lite
620 989 842 1043 omnino
859 990 1066 1060 jurare,
1099 991 1192 1045 sed
1223 1005 1410 1044 verum
1447 1006 1667 1060 semper
1687 993 1868 1048 dicite.
1898 993 2084 1060 Itaque

500 1078 877 1150 jusjurandum
908 1082 978 1136 ob
1025 1081 1257 1151 rigentia
1311 1081 1456 1136 inter
1505 1082 1751 1137 homines
1799 1088 2081 1142 mendacia

503 1174 746 1228 adhiberi
775 1176 967 1228 statuit
1000 1194 1013 1230 :
1047 1174 1422 1228 consuetudini
1440 1174 1656 1242 jurandi
1689 1181 1913 1248 opponit
1953 1197 2083 1236 cor.-

502 1265 844 1321 suetudinem
873 1283 998 1322 vera
1041 1269 1094 1322 in
1140 1269 1394 1322 omnibus
1427 1285 1642 1340 semper
1667 1273 1911 1339 dicendi;
1945 1275 2081 1330 alte-

503 1369 618 1407 ram
652 1371 681 1408 a
708 1354 926 1410 Christo
950 1358 1162 1426 penitus
1189 1359 1452 1414 sublatam
1483 1371 1655 1429 putat,
1686 1365 1780 1418 sed
1808 1376 2079 1434 quatenus

500 1447 724 1500 alteram
747 1447 998 1502 Christus
1025 1450 1202 1504 sancit
1225 1459 1279 1504 et
1305 1453 1633 1521 prwscribit.
1661 1454 1762 1522 Qui
1801 1458 1871 1512 ita
1916 1461 2077 1514 ratio-

502 1540 865 1604 cinatur,non
905 1555 1024 1595 eam
1069 1540 1422 1610 jurisjurandi
1473 1547 1707 1614 speciem
1757 1549 2073 1608 damnatam

498 1630 796 1690 existimat.
849 1633 1006 1701 cujus
1045 1636 1420 1690 necessitatem
1465 1655 1852 1710 nonnunquam
1907 1644 2078 1713 impo-

498 1729 633 1775 nunt
659 1720 819 1790 just-.e
843 1726 1184 1795 suspiciones
1211 1743 1275 1781 ex
1305 1729 1442 1784 dolis
1467 1740 1520 1786 et
1551 1734 1848 1789 mendaciis
1895 1737 2072 1791 socie—-

498 1820 660 1866 tatem
692 1815 1034 1871 turbantibus
1061 1827 1283 1872 exorta}.

568 1907 848 1978 Vituperat
881 1921 1071 1965 auctor
1097 1910 1381 1982 fragmenti
1411 1913 1476 1967 de
1496 1916 1909 1978 resurrectione.
1932 1920 2074 1988 quod

496 1999 548 2053 in
573 2000 872 2068 Appendice
911 2002 1200 2068 edidimus,
1235 2021 1253 2054 ι
1281 2005 1523 2072 iniquum
1550 2023 1612 2060 ex
1638 2010 1937 2077 cupiditate
1965 2028 2079 2064 ma-

495 2091 830 2157 trimonium,
867 2111 884 2144 i
918 2093 1007 2146 τὸν
1040 2093 1108 2146 δι’
1137 2093 1430 2166 ἐπιθυμίας
1457 2098 1655 2168 ἄνομον
1686 2100 1881 2171 γάμον.
1934 2102 2080 2170 Quo-

494 2183 653 2239 modo
673 2182 811 2237 hanc
833 2186 1158 2239 sententiam
1177 2201 1404 2254 carpere
1430 2191 1604 2257 potuit
1631 2192 1769 2246 idem
1803 2193 2078 2265 scriptor?

492 2276 632 2342 Quid
664 2277 807 2329 cnim
843 2277 1018 2346 magis
1054 2289 1476 2334 consentaneum
1529 2283 1655 2337 huic
1698 2295 1987 2354 praecepto,
2020 2297 2079 2342 ut

490 2368 672 2422 omnia
703 2369 757 2422 in
782 2369 1051 2422 charitate
1089 2369 1222 2422 fiant
1268 2380 1324 2424 et
1363 2372 1478 2426 sive
1515 2375 1926 2438 manducamus,
1965 2378 2078 2431 sive

491 2460 750 2524 bibimus,
774 2461 886 2514 sive
917 2461 1061 2513 aliud
1096 2461 1225 2530 quid
1261 2461 1513 2532 facimus,
1543 2467 1718 2518 omnia
1750 2469 1802 2520 in
1853 2467 2076 2536 gloriam

489 2554 588 2610 Dei
617 2556 880 2612 faciamus
907 2557 951 2589 ³³
977 2557 1000 2610 ?

561 2648 715 2714 Quod
746 2661 955 2718 spectat
984 2649 1050 2701 ad
1075 2649 1360 2703 audaciam
1392 2649 1539 2702 illius
1578 2648 1942 2706 adolescentis
1983 2655 2074 2722 qui

491 2739 802 2807 praefectum
834 2740 1176 2795 Alexandria:
1203 2741 1385 2796 libello
1406 2743 1588 2795 obolo
1619 2745 1848 2812 rogavit,
1878 2754 1935 2797 ut
1971 2761 2078 2800 me-

489 2834 612 2887 dico
646 2832 916 2886 licentiam
951 2835 1102 2887 daret
1131 2843 1298 2888 testes
1339 2832 1438 2903 ipsi
1465 2835 1747 2888 resecandi
1771 2852 1786 2902 ;
1809 2835 2074 2892 hocl‘acto

490 2925 662 2978 utitur
680 2922 948 2984 Justinus,
985 2925 1138 2992 Apol.
1170 2927 1216 2987 1,
1245 2942 1302 2979 n.
1341 2925 1436 2990 29,
1470 2937 1528 2980 ut
1567 2939 1890 2998 argumento
1920 2930 2076 2984 inno-

489 3019 688 3073 centia:
719 3019 1194 3085 Christianorum;
1225 3035 1337 3072 rem
1383 3019 1554 3089 ipsam
1585 3021 1686 3090 legi
1720 3021 1916 3076 divina:
1947 3037 2075 3077 con-

2191 539 2496 588 danmatus.
2523 534 2806 602 Quomodo
2831 535 3094 604 ejusmodi
3122 545 3387 606 martyres
3412 536 3770 602 vituperasset

2187 623 2450 691 Justinus,
2476 626 2567 694 qui
2589 642 2692 680 non
2716 627 2886 680 solum
2903 627 3276 681 Christianum
3318 642 3378 682 se
3402 641 3537 681 esse
3560 641 3597 680 a
3625 630 3771 680 nemi-

2191 731 2256 768 ne
2300 715 2350 768 in
2395 716 2656 782 judicium
2703 729 2926 774 vocatus
2977 720 3120 774 ultro
3171 719 3449 789 professus
3509 727 3631 781 est,
3697 722 3770 774 sed

2186 806 2347 860 etiam
2378 808 2810 865 Christianorum
2836 813 3200 878 defensorem,
3241 827 3306 868 ac
3359 814 3518 882 ipsas
3548 813 3792 882 impera-g

2189 908 2335 951 tores
2363 915 2458 968 pro
2482 902 2735 956 tribunali
2769 905 3020 960 sedentes
3047 905 3201 960 adire
3241 921 3345 959 non
3387 904 3721 960 dubitavit?
3790 871 3792 970 ἦ

2254 991 2459 1060 Fugam
2517 995 2569 1048 in
2618 998 3084 1065 persecutiouibas
3147 997 3482 1052 laudabilem
3541 1011 3681 1052 esse
3723 987 3792 1052 ac‘

2183 1101 2326 1152 saepe
2355 1089 2575 1143 omnino
2605 1093 2994 1155 necessariam,
3024 1107 3112 1146 res
3137 1101 3221 1147 est
3249 1092 3562 1162 Scriptura:
3598 1101 3659 1144 ct
3681 1100 3771 1146 tra-

2181 1178 2401 1234 ditionis
2429 1183 2711 1251 praecl-ptis
2731 1195 2786 1238 et
2805 1183 3072 1252 exemplis
3099 1185 3170 1238 ita
3202 1192 3351 1238 certa
3375 1192 3429 1237 et
3457 1183 3768 1253 explorata,

2182 1281 2239 1324 ut
2267 1287 2426 1326 nemo
2449 1273 2708 1344 refragari
2743 1279 2930 1346 possit,
2956 1277 3059 1331 nisi
3105 1293 3264 1346 quem
3295 1289 3389 1331 aut
3413 1277 3767 1331 Montanistit

2179 1375 2268 1418 aut
2293 1370 2732 1436 persecutoribus
2752 1370 2812 1426 S.
2839 1371 3118 1425 Athanasii
3146 1371 3358 1441 adjungi
3388 1385 3503 1424 non
3554 1370 3765 1438 pudeat.

2179 1457 2284 1513 Sed
2319 1469 2498 1514 tamen
2549 1461 2687 1532 fugae
2737 1476 3004 1533 praecepto
3047 1481 3149 1519 non
3194 1479 3386 1518 omnes
3416 1477 3660 1531 semper
3690 1463 3770 1515 ob-

2177 1551 2351 1605 stricti
2391 1559 2642 1607 tenentur
2677 1572 2690 1608 :
2735 1555 2937 1625 alioqui
2989 1573 3089 1612 nec
3131 1573 3362 1626 magnus
3423 1554 3767 1626 Polycarpm

2175 1643 2498 1713 vituperium
2525 1645 2810 1718 effugeret,
2844 1664 2942 1705 nec
2973 1649 3126 1703 multi
3169 1649 3284 1713 alii,
3340 1648 3432 1719 qui
3476 1665 3620 1704 cum
3662 1648 3765 1718 fugi

2175 1735 2279 1791 sibi
2309 1738 2593 1792 consulere
2626 1751 2866 1808 possent,
2901 1743 2952 1796 in
2999 1757 3192 1798 manus
3230 1743 3534 1798 satellitum
3594 1747 3767 1798 venim

2180 1829 2506 1885 maluerunt.
2533 1833 2622 1886 Sic
2661 1834 2822 1887 etiam
2883 1835 3064 1889 debila
3123 1845 3202 1890 tot
3252 1837 3630 1906 iiiartyribus,
3687 1839 3763 1904 qui

2179 1922 2383 1992 seipsos
2429 1924 2764 1990 obtulerunt,
2805 1927 3130 1991 reverentia,
3179 1944 3274 1984 eos
3322 1937 3544 1982 tantum
3596 1929 3763 1982 notari

2178 2024 2234 2068 et
2287 2017 2490 2085 culpari
2548 2020 2697 2083 sinit,
2742 2037 2880 2090 quos
2937 2023 3258 2078 teinerarius
3301 2025 3471 2093 magis
3514 2023 3760 2094 impetus,

2178 2121 2340 2176 quam
2372 2110 2611 2166 Charitas
2648 2113 2881 2183 impulit.

2254 2201 2401 2257 Talis
2420 2205 2630 2258 eXStitit
2663 2204 2893 2272 Quintus
2919 2208 3157 2276 quidam,
3186 2209 3254 2264 de
3280 2226 3384 2280 quo
3409 2209 3764 2280 Smyrnenss

2181 2292 2430 2348 Ecclesia
2455 2296 2534 2349 sic
2559 2297 2824 2364 Iudicium
2854 2315 3010 2354 suum
3046 2301 3334 2368 interponit
3362 2303 3414 2356 in
3440 2301 3688 2372 epistola
3709 2301 3764 2353 de

2181 2385 2440 2453 martyrio
2471 2385 2526 2438 S.
2551 2385 2856 2458 Polycarpi,
2887 2406 2936 2443 η.
2963 2391 3030 2443 4ι
3058 2387 3152 2455 Εἷς
3175 2393 3230 2446 δὲ
3253 2393 3477 2463 ὀνόματι
3513 2394 3760 2454 Κοϊντος,

2177 2476 2340 2545 Φρὺξ,
2361 2481 2688 2548 προσφάτως
2714 2481 2986 2552 ἐληλυθὼς
3011 2483 3118 2538 ἀπὸ
3141 2486 3240 2556 τῆς
3265 2487 3529 2558 Φρυγίας,
3548 2488 3679 2540 ἰδὼν
3705 2487 3762 2540 τὰ

2179 2565 2342 2639 θηρία
2393 2568 2709 2626 ὲδειλίασεν.
2765 2567 2932 2638 Οὗτος
2986 2577 3042 2630 δὲ
3089 2573 3157 2648 ἦν
3197 2579 3226 2630 ὁ
3275 2579 3762 2652 παραϐιασάμενος

2178 2657 2340 2710 αὐτόν
2365 2677 2424 2712 τε
2451 2660 2541 2713 καί
2569 2679 2720 2725 τινας
2734 2664 3048 2736 προσελθεῖν
3069 2667 3308 2730 ἑκόντας,
3337 2667 3547 2721 Τοῦτον
3583 2671 3614 2721 ὁ
3645 2668 3763 2722 ἀνθ-

2180 2750 2382 2816 ύπατος
2428 2755 2600 2808 πολλὰ
2632 2757 3005 2830 ὲκλιπαρήσας
3048 2760 3263 2813 ἔπεισεν
3287 2760 3480 2831 ὀμόσαι
3516 2761 3619 2814 καὶ
3653 2764 3762 2814 ἐπι-

2179 2843 2355 2898 θῦσαι.
2406 2846 2507 2900 Διὰ
2557 2848 2714 2902 τοῦτο
2767 2845 2890 2913 οὖν,
2956 2851 3210 2922 ἀδελφοὶ,
3273 2855 3373 2906 οὐκ
3424 2853 3761 2924 ἐπαινοῦμεν

2175 2937 2300 2999 τοὺς
2331 2939 2650 3009 προσιόντας
2688 2943 2921 3007 ἑαυτοῖς,
2971 2943 3158 3015 ἐπειδὴ
3189 2945 3286 3015 οὐχ
3311 2943 3486 3007 οὕτως
3516 2945 3759 2998 διδάσκει

2177 3029 2236 3081 τὸ
2271 3030 2621 3100 Εὑαγγέλιον.
2661 3052 2680 3084 ι
2708 3033 2936 3099 Quidam
2964 3049 3094 3090 vero
3125 3039 3345 3091 nomine
3369 3037 3639 3104 Quintus,
3671 3055 3761 3090 na-

430 3136 434 3140 '
487 3119 803 3165 sentaneam
853 3125 975 3164 esse
1027 3125 1133 3162 non
1177 3109 1345 3172 dicit;
1403 3109 1805 3163 adolescentem
1859 3109 2067 3172 laudat,
2100 3146 2144 3208 C
2182 3121 2328 3175 tione
2366 3121 2574 3194 Phryx,
2606 3128 2698 3193 qui
2730 3142 2898 3196 nuper
2920 3142 2993 3182 ex,
3014 3127 3248 3200 Phrygia
3282 3131 3607 3196 advenerat,
3641 3147 3760 3184 cum

485 3201 631 3271 quod
670 3211 860 3272 negata
912 3201 1012 3255 hac
1059 3201 1273 3255 licentia
1328 3208 1647 3269 perpetuam
1694 3201 2067 3272 virginitatem

485 3292 735 3359 coluerit,
769 3293 991 3348 minime
1020 3307 1149 3348 vero
1173 3292 1316 3361 quod
1347 3293 1483 3361 ipse,
1516 3302 1574 3346 ut
1598 3287 1780 3362 prava:
1811 3295 2072 3358 interpre-

486 3383 722 3438 tationes
778 3383 1024 3452 pluribus
1069 3392 1476 3452 persuaserant,
1521 3395 1814 3440 exsecutus
1871 3385 2070 3440 luisset

481 3475 626 3545 quod
654 3474 846 3530 medici
873 3486 1220 3546 negaverant.

551 3588 615 3644 ll.
668 3588 835 3645 Paulo
882 3590 1144 3644 attentius
1195 3588 1590 3644 consideranda
1646 3589 1706 3645 S.
1749 3587 1952 3646 Justini
2001 3592 2067 3648 de

481 3681 744 3752 martyrio
765 3682 1062 3743 sententia,
1088 3697 1207 3749 qua:
1233 3682 1474 3748 ejusdem
1503 3682 1705 3736 eruditi
1733 3684 1833 3736 viri
1875 3700 2070 3739 censu-

479 3785 595 3824 ram
624 3786 730 3826 nou
759 3771 962 3841 ellugit.
987 3771 1206 3825 Probati
1239 3771 1388 3827 fuere
1442 3777 1572 3845 (non
1615 3773 1761 3829 enim
1809 3777 2067 3831 dissimu-

479 3863 641 3920 lauda
673 3881 760 3919 res
785 3865 892 3934 est)
923 3863 980 3918 S.
1031 3865 1286 3934 martyri,
1319 3865 1410 3936 qui
1462 3867 1739 3922 charitate
1786 3870 2065 3926 ferventes

476 3967 534 4012 et
555 3957 758 4028 Spiritu
801 3969 993 4012 sancto
1025 3957 1236 4028 repleti,
1269 3960 1612 4028 semetipsos,
1655 3963 1870 4017 nemine
1901 3978 2064 4016 accu-

475 4059 656 4114 sante,
685 4049 1028 4104 Christianos
1051 4063 1172 4104 esse
1191 4050 1469 4118 judicibus
1492 4053 1830 4108 nuntiarunt.
1859 4053 2061 4110 Horum

473 4142 691 4197 virtutis
737 4143 1099 4197 admiratione
1141 4144 1434 4198 adductum
1483 4144 1685 4199 fatetur
1729 4162 1788 4202 se
1831 4164 1973 4210 esse,
2007 4159 2063 4204 ut

474 4235 839 4288 innocentiam
885 4234 1326 4290 Christianorqu
1381 4247 1717 4306 agnosceret.
1778 4257 1797 4291 ‹
1839 4239 1973 4293 Nam
2006 4251 2062 4295 et

475 4325 590 4398 ipse
619 4343 740 4395 ego,
774 4328 971 4398 inquit,
1004 4329 1159 4397 Apol.
1193 4328 1247 4387 2.
1283 4335 1336 4382 n'.
1387 4329 1476 4393 l2,
1516 4345 1638 4383 cum
1698 4331 1937 4386 Platonis
1965 4334 2062 4388 do-

468 4421 642 4475 ctrina
687 4421 1010 4486 delectarer,
1055 4437 1119 4475 ac
1170 4423 1236 4476 de
1263 4422 1584 4477 criminibus
1626 4423 1677 4478 in
1719 4424 2057 4482 Christianos

467 4514 733 4582 conjectis
756 4515 1024 4577 audirem,
1045 4531 1136 4569 eos
1166 4525 1346 4568 autem
1378 4516 1444 4568 ad
1487 4526 1715 4570 mortem
1753 4528 1808 4571 et
1848 4519 1915 4572 ad
1947 4520 2053 4573 alia

467 4605 669 4667 omnia,
707 4620 828 4672 quae
881 4607 1132 4659 videntur
1166 4607 1474 4671 metuenda,
1533 4607 1832 4677 impavidos
1859 4623 2053 4663 eerne-

469 4710 614 4760 rem;
648 4697 768 4750 lieri
793 4713 895 4750 non
925 4713 1084 4763 posse
1111 4698 1502 4768 intelligebam.
1550 4709 1606 4753 ut
1640 4702 1691 4755 in
1725 4701 1967 4770 nequitia
1996 4711 2052 4755 et

467 4790 520 4842 in
549 4789 887 4857 voluptatum
919 4806 1106 4845 amore
1134 4793 1398 4845 viverent.
1455 4793 1589 4860 Quis
1627 4795 1772 4846 enim
1800 4793 2053 4847 libidino-

463 4898 557 4937 sus
579 4893 634 4936 et
666 4883 1056 4951 intemperans,
1087 4897 1151 4937 ac
1180 4883 1428 4937 humana:
1455 4884 1638 4938 carnis
1663 4883 1848 4951 epulas
1877 4884 1928 4936 in
1956 4884 2052 4936 bo-

466 4976 549 5029 nis
573 4989 890 5039 numerans,
924 4985 1152 5029 mortem
1187 4975 1442 5043 amplecti
1475 4976 1642 5043 possit
1669 4986 1726 5028 ut
1751 4975 1910 5029 bonis
1936 4976 2050 5030 suis

462 5074 667 5128 careat,
694 5079 759 5119 ac
782 5080 887 5119 non
917 5066 1098 5135 potius
1129 5067 1180 5118 in
1214 5067 1316 5120 hac
1351 5066 1460 5119 vita
1489 5081 1701 5134 semper
1742 5066 1949 5120 versari
1995 5079 2051 5120 et

463 5159 822 5229 magistratus
848 5159 1021 5213 latere
1052 5168 1316 5224 conetur;
1353 5161 1548 5214 nedum
1576 5161 1812 5228 seipsum
1838 5160 2048 5213 deferat

462 5265 639 5305 morte
657 5249 1068 5304 damnandum?
1107 5270 1126 5302 ι
1159 5250 1378 5304 Minime
1407 5267 1537 5321 ergo
1569 5253 1764 5305 mirum
1789 5251 1832 5305 si
1861 5250 2045 5304 laudes

462 5344 604 5398 illius
631 5343 684 5396 in
714 5339 903 5396 eadem
941 5341 1122 5410 Apol.,
1166 5335 1223 5395 u.
1268 5341 1326 5405 2,
1377 5355 1624 5396 meruere
1666 5359 1786 5396 cum
1842 5341 2043 5396 Lucius

461 5449 690 5509 martyr,
741 5438 831 5505 qui
885 5437 944 5491 S.
1011 5434 1361 5489 Ptoleuueum
1391 5437 1457 5488 ad
1511 5434 1832 5504 supplicium
1862 5434 2040 5504 abripi

460 5527 650 5585 videns
681 5528 1021 5597 iniquitatem
1049 5526 1251 5594 jndicis
1277 5527 1570 5596 redarguit,
1595 5533 1652 5580 et
1678 5527 1864 5582 statim
1907 5543 2038 5584 con-

461 5619 633 5672 l'essus
660 5634 719 5673 se
757 5636 879 5677 esse
908 5618 1280 5676 Christianum
1311 5619 1470 5672 simul
1498 5618 1754 5690 abreptus
1782 5630 1895 5687 cst;
1924 5629 2035 5676 tum

532 5773 572 5807 "
600 5773 788 5830 Matth.
815 5791 862 5842 ν,
899 5775 990 5832 3S.
1065 5775 1108 5808 ³⁸
1145 5775 1161 5830 l
1198 5775 1322 5831 Cor.
1370 5792 1424 5841 χ,
1458 5776 1546 5832 51.

2178 3213 2404 3269 vidisset
2453 3217 2678 3281 bestias,
2711 3219 2907 3273 timore
2957 3223 3239 3289 perculsus
3286 3232 3388 3277 est.
3438 3221 3542 3277 llic
3595 3240 3760 3292 porro

2175 3317 2291 3360 erat
2311 3310 2404 3376 qui
2433 3310 2674 3380 seipsum
2707 3321 2761 3366 et
2798 3312 2934 3367 alios
2956 3315 3187 3383 quodam
3219 3314 3514 3369 temerario
3551 3316 3759 3386 impetu

2175 3397 2448 3462 incitavit,
2477 3411 2536 3454 ut
2565 3402 2710 3457 ultro
2751 3405 3096 3460 accederent.
3127 3405 3262 3462 Huic
3290 3409 3584 3476 proconsul
3617 3410 3759 3463 utul-

2173 3491 2244 3546 tis
2273 3493 2755 3553 obsecrationibus
2784 3502 3056 3568 persuasit
3093 3499 3281 3569 jurare
3326 3511 3382 3556 et
3414 3503 3756 3557 sacriﬁcare.

2171 3581 2406 3654 Propter
2438 3585 2542 3642 hoc
2567 3587 2752 3658 igitur,
2789 3589 3006 3656 fratres,
3035 3607 3140 3645 non
3175 3591 3464 3660 probamus
3488 3609 3611 3661 eos,
3668 3596 3757 3664 qui

2171 3686 2364 3743 sponte
2402 3693 2462 3733 se
2501 3677 2770 3747 offerunt;
2821 3682 3261 3750 quandoquidem
3311 3699 3416 3738 non
3459 3685 3536 3736 ita
3595 3686 3760 3738 docet

2172 3769 2546 3840 Evangelium.
2586 3792 2606 3826 ι
2644 3774 2805 3829 Solus
2851 3777 2938 3830 hic
2981 3776 3211 3842 Quintus
3241 3776 3608 3844 vituperatur,
3659 3794 3756 3831 nec

2169 3876 2292 3916 cum
2330 3877 2396 3917 eo
2423 3867 2679 3934 probrum
2734 3867 3068 3934 partiuntur,
3115 3867 3205 3934 qui
3259 3867 3405 3922 illius
3457 3869 3753 3938 impetum,

2170 3967 2276 4006 non
2306 3953 2512 4024 lapsum
2553 3956 2719 4010 secuti
2747 3966 2906 4013 ‘sunt.
2945 3957 3180 4011 Verbum
3220 3957 3350 4011 illud
3397 3962 3758 4030 παραδιασά-

2171 4063 2330 4116 μενος
2376 4062 2475 4102 sua
2521 4057 2712 4116 Sponte
2762 4051 3113 4104 temerarium
3149 4052 3412 4120 impetum
3459 4053 3752 4116 declarat;

2167 4139 2260 4193 sed
2292 4141 2507 4195 accedit
2552 4142 2850 4196 auctoritas
2883 4142 3124 4208 Eusebii,
3150 4145 3240 4213 qui
3275 4144 3432 4214 hujus
3476 4144 3582 4199 loci
3622 4161 3753 4200 sen-

2167 4244 2287 4282 sum
2321 4245 2427 4285 non
2463 4232 2630 4286 verba
2661 4233 2909 4288 referens
2942 4232 3111 4297 lfist.,
3139 4250 3211 4295 iv,
3247 4234 3334 4298 l5,
3364 4236 3440 4288 ait
3471 4236 3619 4292 hunc
3653 4239 3755 4290 lio-

2167 4323 2365 4377 minem
2397 4326 2850 4398 προπετέστερον,
2878 4326 2994 4381 ἀλλ’
3024 4327 3084 4380 οὐ
3113 4328 3233 4381 κατ’
3265 4327 3573 4392 εὐλάϐειαν,
3608 4349 3626 4380 r
3667 4342 3752 4383 te-

2167 4416 2417 4470 meritate
2441 4418 2674 4486 quadam
2710 4434 2772 4472 ac
2804 4419 3024 4474 levitate
3068 4420 3288 4474 ductum
3309 4460 3325 4483 ,
3359 4435 3466 4475 non
3498 4438 3623 4475 cum
3659 4426 3751 4492 pio

2087 4501 2132 4558 D
2160 4524 2224 4563 ac
2268 4508 2523 4579 religioso
2571 4518 2739 4573 motu,
2777 4526 2880 4564 una
2915 4526 3037 4565 cum
3068 4512 3278 4580 aliquot
3325 4514 3448 4567 aliis
3473 4514 3537 4567 ad
3568 4517 3750 4569 tribu-

2161 4599 2249 4652 nal
2277 4600 2617 4668 prosiluisse.
2658 4619 2676 4651 ι
2715 4601 2819 4654 Pro
2847 4617 2912 4654 eo
2942 4604 3083 4670 quod
3137 4605 3189 4657 in
3240 4603 3470 4672 epistola
3517 4604 3746 4673 legitur,

2156 4692 2256 4744 οὐκ
2296 4692 2626 4763 ἐπαινοῦμεν
2668 4696 2792 4757 τοὺς
2819 4696 3143 4765 προσιόντας
3185 4698 3432 4761 ἑαυτοῖς,
3484 4699 3750 4752 observat

2157 4784 2461 4852 Eusebius,
2495 4805 2513 4837 ι
2563 4802 2668 4839 non
2716 4786 2880 4841 licere
2924 4789 3122 4842 talibus
3175 4790 3482 4843 hominibus
3521 4808 3540 4841 ›
3587 4791 3748 4860 gitti».

2154 4876 2415 4942 κινδύνως
2461 4879 2552 4931 καὶ
2601 4878 2911 4943 divale“);
2960 4880 3341 4952 κατατολμᾷν,
3393 4899 3412 4930 ι
3469 4883 3746 4952 praecipiti

2155 4971 2384 5025 audacia
2413 4987 2476 5025 ac
2507 4971 2627 5027 sine
2658 4974 2767 5027 ullo
2793 4973 3132 5028 inﬁrmitatis
3162 4990 3274 5028 suae
3304 4985 3551 5043 reSpectu
3585 4977 3743 5043 peri-

2153 5063 2294 5117 culis
2334 5078 2394 5117 se
2435 5064 2696 5131 obiicere.
2731 5084 2750 5116 ι
2804 5065 2956 5120 Unde
2988 5067 3101 5120 tunc
3132 5067 3338 5120 natavit
3377 5066 3738 5121 Cotelerius:

2156 5176 2174 5209 ι
2214 5158 2269 5210 ln
2300 5158 2384 5211 his
2421 5160 2747 5212 enarrandis
2790 5158 2946 5228 paulo
2984 5159 3227 5226 liberius,
3264 5176 3363 5214 nec
3385 5162 3520 5214 satis
3558 5161 3743 5216 ﬁdeli-

2149 5257 2238 5304 ter
2268 5260 2517 5304 versatus
2567 5260 2649 5305 est
2698 5251 3009 5316 Eusebius,
3063 5265 3345 5320 metuens,
3392 5254 3609 5323 opinor,
3667 5272 3740 5310 ne

2150 5342 2487 5413 martyribus
2516 5342 2785 5412 plurimis,
2825 5344 2916 5411 qui
2950 5357 3011 5396 se
3051 5341 3355 5410 judicibus,
3413 5345 3522 5398 Deo
3565 5345 3738 5400 insti-

2149 5446 2349 5506 gante,
2398 5435 2755 5499 obtulerunt,
2793 5435 3166 5504 pracjudicium
3219 5437 3393 5490 lieret.
3431 5455 3449 5488 ι
3505 5437 3566 5491 S.
3599 5437 3736 5492 Cleo

2146 5529 2346 5583 mentis
2394 5528 2746 5584 Alexandrini
2801 5529 3108 5592 sententia,
3158 5529 3261 5583 nisi
3313 5530 3502 5584 eodem
3567 5534 3736 5585 modo

2143 5623 2479 5693 explicetur,
2535 5638 2643 5692 quo
2692 5620 2976 5689 epistolam
3021 5619 3412 5692 Smyrncnsem
3459 5622 3736 5694 explicuit
