3796 6482
507 296 616 351 105

1452 292 1507 347 S.
1546 290 1879 349 JUSTINUS
1913 290 2397 348 PHILOSOPHUS
2420 280 2507 344 ET
2538 288 2849 344 MARTYR.

3660 289 3754 345 illi

496 417 640 469 notis
685 414 940 484 cognosci
991 413 1165 482 possit
1207 410 1397 467 Patres
1437 430 1541 467 non
1588 430 1808 477 errare,
1842 431 1966 469 cum
1996 431 2060 467 ea
2093 424 2139 477 Α
2172 413 2413 477 Incarn.,
2445 429 2494 467 c.
2522 413 2572 466 l.
2609 413 2743 479 Quis
2785 425 2890 464 non
2919 409 3065 465 videt
3088 406 3354 477 ejusmodi
3381 405 3753 475 conjecturam

496 519 597 559 nos
622 505 838 569 docent,
859 520 978 574 quae
1000 506 1067 558 ab
1091 505 1350 573 apostolis
1375 506 1652 574 accepisse
1672 520 1733 559 se
1763 507 1947 560 dicunt
1978 516 2073 560 aut

494 597 899 666 ab'apostolicis
928 597 1081 651 viris.
1111 596 1248 650 Ecce
1277 598 1419 651 enim
1445 597 1637 663 dogma
1663 597 1877 659 falsum,
1905 599 2071 649 tradi-

495 687 639 741 tione
672 688 904 741 maxime
926 688 1221 741 venerabili
1245 687 1551 740 fundatum.
1586 706 1605 737 ι
1630 686 1919 756 Postquam
1954 694 2069 743 haec

493 776 675 831 retulit
704 776 1088 846 Barbeyracus,
1118 778 1183 832 de
1219 793 1318 831 suo
1360 779 1546 831 addit:
1582 797 1600 830 ι
1644 780 1740 833 Diu
1784 791 2068 848 exspecta-

490 864 566 919 bit
590 874 779 919 auctor
811 865 982 918 Βίανὶὶ
1013 866 1332 919 solutionem
1376 880 1486 919 sua:
1514 866 1867 922 difﬁcultatis.
1900 888 1919 921 ι

569 954 627 1008 Si
670 955 815 1022 quod
857 970 1092 1023 unquam
1122 956 1331 1009 exstitit
1360 956 1663 1024 sophisma.
1692 958 1806 1012 sive
1833 968 2066 1027 quatuor

490 1062 559 1101 ex
606 1047 856 1101 terminis
882 1056 1141 1101 constans
1173 1047 1547 1118 syllogismus;
1585 1049 1670 1102 hic
1701 1049 1942 1119 profecto
1968 1069 2064 1106 ex-

497 1148 608 1193 stat
658 1150 713 1193 et
760 1139 1045 1193 manifeste
1097 1140 1535 1208 deprehenditur.
1581 1142 1739 1197 Falsa
1790 1145 2061 1211 reperitur

490 1230 695 1299 Opinio,
726 1246 885 1298 quam
920 1230 986 1282 ad
1016 1244 1074 1285 se
1098 1246 1239 1284 unus
1261 1231 1457 1300 aliquis
1485 1234 1721 1303 scriptor
1752 1236 1819 1289 ab
1848 1246 2061 1304 aposto-

487 1320 608 1375 licis
630 1321 763 1375 viris
789 1322 1100 1388 pervenisse
1127 1322 1300 1377 dicit:
1330 1338 1459 1392 ergo
1490 1326 1540 1377 in
1566 1328 1931 1395 suspicionem
1965 1344 2058 1382 ve-

484 1410 606 1467 nire
633 1412 792 1465 debet
820 1420 931 1465 tota
960 1410 1047 1464 illa
1074 1412 1301 1465 traditio
1324 1423 1379 1467 et
1401 1414 1710 1483 dogmatum
1733 1417 2050 1486 complexio,

486 1519 653 1574 quam
703 1503 935 1573 apostoli
968 1518 996 1556 a
1048 1504 1266 1559 Christo
1307 1517 1586 1576 acceptam
1638 1509 1731 1563 toti
1776 1510 2049 1575 Ecclesizc,

484 1611 595 1648 non
628 1594 841 1663 privato
872 1594 1057 1657 alicui,
1090 1596 1487 1663 prmdicandam
1515 1608 1569 1650 et
1600 1601 1848 1653 omnibus
1880 1616 2049 1654 smcn-

480 1686 550 1740 lis
580 1690 1009 1740 conservandam
1040 1688 1454 1740 commiserunt.
1491 1687 1639 1743 Unus
1671 1704 1738 1743 ex
1770 1692 2050 1759 scriptori-

479 1778 583 1831 bus
610 1777 999 1831 ecclesiasticis
1035 1781 1243 1831 erravit
1284 1789 1341 1834 et
1381 1796 1624 1834 errorem
1655 1782 1774 1836 aliis
1798 1784 2054 1851 propina-

477 1869 577 1931 vit,
610 1868 734 1922 dum
772 1868 1027 1922 nonnulla
1072 1884 1132 1923 se
1179 1872 1455 1939 accepisse
1483 1872 1551 1925 ab
1581 1873 1895 1941 apostolicis
1924 1876 2054 1928 viris

479 1959 597 2025 ait;
632 1967 886 2025 suspecta
920 1974 1049 2028 ergo
1078 1961 1334 2014 universa
1373 1962 1639 2028 Ecclesia,
1674 1965 1800 2017 dum
1840 1980 2053 2020 summo

478 2064 749 2103 consensu
811 2049 1054 2103 declarat
1113 2066 1171 2105 se
1213 2053 1281 2104 ah
1329 2054 1588 2121 apostolis
1630 2056 1903 2121 accepisse
1932 2057 2050 2109 'do-

475 2142 732 2193 ctrinani.
760 2139 949 2194 Plures
976 2141 1340 2196 ecclesiastici
1368 2147 1673 2212 scriptores
1712 2146 1888 2199 minus
1914 2146 2051 2201 belle

476 2235 788 2288 ratiocinati
821 2245 966 2295 sunt,
1006 2236 1132 2288 dum
1178 2252 1343 2289 unum
1391 2237 1628 2307 aliquem
1678 2237 2046 2305 antiquiorem

474 2336 778 2394 sequuntur
824 2328 1015 2380 ducem
1073 2329 1123 2381 in
1173 2327 1336 2382 rebus
1380 2330 1633 2384 obscuris
1673 2338 1729 2383 et
1779 2329 2041 2383 incertis:

474 2416 621 2469 nulla
655 2432 787 2487 ergo
821 2418 929 2471 illis
957 2418 1310 2473 attribuenda
1343 2422 1659 2483 auctoritas.
1684 2420 1809 2473 dum
1840 2421 1893 2473 in
1934 2433 2049 2472 nia-

474 2507 694 2561 nifestis
719 2516 773 2561 et
811 2510 1134 2564 certissimis
1176 2525 1276 2579 pro
1324 2513 1592 2566 universae
1638 2511 1897 2567 Ecclesiae
1942 2511 2047 2566 fide

473 2595 781 2651 decertant.

545 2687 699 2741 llaud
728 2689 946 2758 quidem
968 2688 1127 2744 facile
1149 2692 1351 2745 veritas
1378 2692 1733 2757 inveniretur,
1758 2693 1840 2747 vel
1868 2694 2045 2762 potius

473 2778 706 2835 inveniri
753 2781 976 2836 omnino
1011 2798 1117 2835 non
1166 2793 1366 2852 posset,
1414 2784 1459 2838 si
1498 2784 1641 2839 illam
1674 2786 1901 2854 apostoli
1930 2787 2044 2854 pri-

469 2872 613 2927 vatis
654 2873 970 2929 hominibus
1020 2876 1458 2941 commisissent,
1506 2877 1600 2946 qui
1646 2892 1765 2931 eam
1814 2878 2041 2932 arbitrio

470 2980 570 3018 suo
597 3004 612 3026 ,
656 2975 712 3019 ut
762 2968 815 3020 in
860 2967 1023 3020 sectis
1068 2969 1512 3038 philosophorum
1538 3006 1554 3033 ,
1609 2978 1954 3025 tractarent:
1986 2977 2041 3022 at

466 3058 768 3126 pretiosum
818 3058 949 3112 illud
990 3060 1294 3129 depositum
1335 3060 1591 3115 Ecclesia:
1620 3075 1717 3130 per
1746 3069 1915 3114 totum
1942 3074 2035 3114 or-
2063 3097 2106 3154 Ο

468 3148 589 3201 hem
620 3148 829 3204 diffusa:
863 3153 1223 3209 tradiderunt.
1251 3156 1382 3209 Illud
1408 3165 1589 3209 autem
1616 3154 1942 3223 depositum,
1968 3154 2035 3207 de

465 3254 579 3309 quo
608 3241 849 3296 Ecclesia
884 3260 982 3299 nec
1026 3247 1236 3301 detrahi
1284 3248 1578 3316 quidquam
1611 3263 1711 3301 nec
1740 3247 2032 3316 superaddi

464 3333 691 3400 patitur,
722 3350 827 3389 non
877 3337 944 3389 ita
971 3353 1183 3408 semper
1226 3342 1480 3395 omnibus
1509 3341 1623 3394 suis
1655 3343 1899 3409 partibus
1923 3342 2034 3397 cla-

464 3436 586 3475 rum
628 3434 685 3478 et
726 3428 1071 3495 perspicuum
1098 3440 1201 3494 est,
1236 3431 1365 3497 quin
1398 3428 1643 3485 difﬁciles
1668 3432 1918 3485 oriantur
1947 3433 2033 3486 in-

463 3515 677 3568 terdum
711 3519 1039 3585 quaastiones
1066 3559 1081 3583 ,
1123 3536 1190 3575 ac
1235 3522 1486 3590 dogmata
1542 3524 1800 3577 nonnulla
1843 3524 1913 3579 ab
1950 3527 2032 3580 his

462 3603 619 3672 ipsis,
653 3608 745 3675 qui
783 3610 951 3664 totius
976 3609 1286 3666 traditionis
1314 3615 1713 3668 servantissiini
1746 3626 1897 3679 sunt,
1932 3618 2031 3670 nii—

459 3711 564 3750 nus
592 3699 941 3753 considerate
983 3700 1270 3753 laedantur.
1316 3701 1431 3755 lloc
1476 3718 1641 3756 unum
1690 3720 1822 3775 ergo
1860 3708 2028 3776 quaeri

458 3786 705 3851 deberet,
732 3789 927 3857 quibus
954 3794 1098 3845 notis
1125 3793 1472 3862 dignoscatur
1512 3797 1731 3864 propria
1767 3798 2031 3867 cujusque

456 3878 738 3947 scriptoris
773 3882 960 3949 opinio
987 3884 1056 3935 ab
1084 3884 1186 3944 his,
1226 3898 1347 3951 quae
1377 3891 1729 3941 commissam
1771 3889 2030 3943 Ecclesia:

456 3971 809 4025 traditionem
840 3974 1158 4042 przedicant.
1191 3978 1262 4029 At
1292 3978 1435 4032 hunc
1466 3978 1711 4035 laborem
1741 3981 1839 4049 ipsi
1871 3982 2029 4035 nobis

454 4064 633 4115 sancti
668 4061 856 4119 Patres
887 4066 1223 4121 minuerunt.

527 4153 582 4205 1ο
623 4152 798 4221 Ipsam
849 4155 1121 4226 dogmatis
1174 4172 1441 4211 summam
1507 4158 1691 4213 sedulo
1717 4159 2032 4214 discernunt

453 4248 629 4299 sancti
687 4246 878 4300 Patres
915 4248 983 4300 ab
1016 4248 1114 4314 iis,
1147 4264 1267 4316 qua:
1295 4260 1390 4301 aut
1421 4251 1486 4302 ad
1516 4250 1841 4319 explicanda
1884 4250 2030 4305 Scri-

449 4346 621 4406 ptura:
642 4339 956 4392 obscuriora
995 4339 1111 4394 loca
1141 4350 1234 4393 aut
1258 4343 1322 4393 ad
1352 4342 1635 4396 solvendas
1652 4341 2028 4395 haereticorum

452 4425 616 4479 tricas
683 4436 740 4479 et
806 4429 1183 4485 cavillationes
1258 4432 1551 4485 disserunt.
1606 4431 2097 4501 PrimogenitumD

448 4513 619 4565 omnia
648 4526 906 4567 creatum
935 4516 1131 4571 Filium
1167 4518 1258 4572 Dei
1291 4535 1433 4573 nunc
1464 4520 1534 4573 ob
1561 4531 1810 4574 naturain
1832 4521 2021 4573 huma-

447 4618 599 4665 nam,
638 4619 783 4657 nunc
813 4606 883 4658 ob
912 4607 1150 4660 divinam
1180 4610 1381 4663 dictum
1413 4611 1758 4675 existimant;
1786 4610 2021 4663 Ariano-

445 4710 567 4748 rum
596 4706 652 4750 et
684 4695 1146 4753 Eunoniianorum
1175 4704 1513 4770 sophismata
1543 4720 1647 4756 non
1671 4718 1888 4771 semper
1911 4716 2018 4753 uno

444 4797 499 4839 et
546 4787 740 4841 eodem
792 4788 951 4841 modo
1002 4790 1070 4843 ab
1120 4793 1373 4845 omnibus
1426 4793 1742 4856 solvuntur;
1795 4794 1861 4845 de
1909 4790 2012 4843 diei

444 4877 786 4946 ignoratione
823 4896 967 4936 nunc
1017 4882 1141 4946 hoc,
1192 4898 1334 4937 nunc
1367 4883 1495 4936 illud
1536 4883 1640 4936 dici
1690 4883 2011 4950 patiuntur;

444 4967 608 5020 modo
651 4970 783 5023 nihil
816 4972 1034 5027 Christo
1068 4970 1382 5043 alIingatur,
1416 4974 1556 5042 quod
1596 4973 1703 5027 Deo
1738 4974 2010 5041 indignum

444 5062 539 5114 sit.
556 5060 696 5115 Num
714 5062 932 5117 dillicile
959 5066 1117 5118 estin
1143 5064 1406 5130 ejusmodi
1435 5066 1595 5118 rebus
1619 5065 1789 5132 ipsum
1819 5065 2009 5131 dogma

444 5156 514 5207 ab
542 5156 627 5218 iis,
655 5172 775 5222 qua:
804 5156 869 5208 ad
900 5157 1045 5212 illius
1067 5156 1436 5211 defensionem
1465 5155 1783 5221 afferuntur,
1817 5154 2009 5208 distin-

440 5248 641 5316 guere?
673 5246 963 5318 Origenes,
1009 5250 1134 5307 dum
1166 5250 1504 5316 conjiciendo
1530 5248 1792 5311 luxuriat,
1822 5246 2008 5303 nescio

438 5356 547 5409 quo
576 5352 739 5409 pacto
774 5342 826 5394 in
857 5339 1077 5410 Virgine
1115 5341 1366 5409 Deipara,
1401 5356 1521 5409 qua:
1566 5340 1721 5396 cruci
1759 5348 1868 5393 tam
1916 5356 2008 5410 ge-

437 5451 633 5491 nerose
677 5446 896 5503 tamque
942 5443 1261 5489 constanter
1311 5436 1503 5499 astitit,
1534 5434 1896 5489 constantiam
1942 5450 2005 5488 ac

437 5525 651 5580 firmam
680 5526 813 5581 Fllio
858 5525 1098 5596 patiente
1129 5524 1282 5578 fidem
1315 5526 1605 5588 desiderat,
1634 5525 1817 5577 bomil.
1847 5525 1917 5577 27
1952 5526 2004 5578 in

438 5612 656 5670 Lucam.
688 5616 980 5685 Origenem
1021 5617 1263 5670 imitatus
1304 5614 1561 5677 Basilius,
1594 5616 1751 5682 epist.
1779 5613 1906 5681 260,
1939 5630 2003 5669 ac

442 5706 681 5759 nonnulli
734 5706 849 5771 alii,
878 5723 1012 5772 quos
1061 5718 1310 5763 recenset
1344 5705 1620 5772 Petavius,
1664 5706 1753 5760 lib.
1802 5722 1889 5761 χεν
1926 5706 2000 5762 De

2175 503 2405 557 eruditis
2449 502 2831 572 scriptoribus,
2873 510 2933 553 ut
2979 509 3065 554 est
3106 499 3388 553 hominum
3428 496 3711 568 ingenium
3737 540 3750 563 ,

2174 592 2319 647 aliud
2374 593 2665 663 agentibus
2718 590 3024 646 excidisse?
3069 589 3382 656 Quinetiam
3435 589 3490 642 in
3521 588 3611 649 iis,
3642 603 3755 656 qua:

2172 683 2447 737 traditioni
2480 694 2535 737 et
2568 682 2864 751 Scriptura:
2892 684 3129 736 maxime
3177 691 3549 735 consentanea
3582 680 3754 734 disse-

2171 783 2318 834 runt.
2348 775 2392 828 si
2422 783 2603 828 tamen
2640 788 2726 828 res
2751 773 2859 828 sint
2890 774 3125 826 nondum
3154 775 3223 827 ab
3246 774 3505 827 omnibus
3528 774 3754 841 cognita:

2168 875 2225 919 et
2280 864 2611 932 dijudicatze,
2645 881 2751 919 non
2790 867 3038 919 eamdem
3086 866 3341 919 fiduciam
3396 864 3755 933 przescferunt

2166 936 2315 1011 ac‘in
2348 960 2511 1010 rebus
2541 956 2797 1010 Ecclesia:
2820 957 3025 1025 judicio
3058 956 3311 1010 firmatis.
3341 956 3641 1011 Consultus
3687 959 3749 1011 ab

2166 1045 2444 1100 llonorato
2475 1037 2729 1117 episcopo
2762 1050 2821 1102 S.
2853 1049 3215 1117 Augustinus,
3252 1064 3379 1100 nnm
3411 1052 3674 1117 episcopo
3702 1057 3752 1100 et

2162 1136 2381 1191 clericis
2414 1136 2601 1205 fugere
2632 1138 2812 1202 liceat,
2860 1139 3177 1193 imminente
3202 1137 3507 1192 obsidionis
3538 1149 3631 1190 aut
3659 1155 3751 1191 ex-

2158 1228 2286 1283 cidii
2322 1229 2584 1297 periculo,
2621 1230 2834 1298 regulas
2867 1232 3056 1285 statuit
3101 1230 3154 1284 in
3187 1231 3349 1299 epist.
3381 1231 3509 1292 2‘28,
3547 1231 3599 1283 in
3638 1231 3748 1298 qni-

2160 1317 2260 1373 bus
2304 1334 2515 1372 sunnna
2565 1322 2731 1389 ipsius
2766 1322 3030 1389 sapientia
3062 1322 3355 1385 enitescit;
3409 1323 3505 1375 sed
3557 1332 3735 1374 tann-n

2161 1411 2242 1464 sic
2282 1410 2481 1465 desinit
2518 1428 2531 1464 :
2568 1429 2587 1461 ι
2620 1411 2744 1467 llaec
2776 1414 2893 1477 tibi,
2922 1413 3047 1481 quia
3076 1428 3159 1466 me
3190 1414 3540 1476 consuluisti,
3574 1413 3744 1467 frater

2156 1502 2535 1567 dilectissime,
2556 1519 2660 1572 qua
2694 1506 3008 1559 existimavi
3042 1505 3272 1558 veritate
3300 1517 3356 1560 et
3388 1518 3542 1559 certa
3568 1508 3747 1559 chari-

2154 1603 2265 1648 tate
2298 1597 2577 1664 rescripsi,
2630 1598 2725 1650 sed
2766 1615 2832 1652 ne
2864 1598 3169 1665 meliorem,
3215 1602 3263 1654 si
3309 1600 3615 1662 inveneris,
3662 1613 3745 1651 se-

2151 1687 2339 1757 quaris
2369 1689 2692 1741 sententiam
2727 1705 2831 1743 non
2860 1692 3190 1763 prmscripsi.
3220 1712 3238 1747 ι

2223 1779 2283 1833 2ο
2322 1779 2424 1846 Qui
2480 1790 2587 1833 tam
2641 1781 2857 1837 diﬂicile
2899 1799 3024 1839 esse
3062 1795 3257 1855 putant
3286 1801 3452 1839 veras
3482 1794 3539 1840 et
3574 1784 3744 1839 falsas

2158 1871 2471 1925 traditiones
2502 1873 2893 1935 internoscere.
2930 1877 3123 1929 horum
3173 1877 3437 1945 iniquitas
3473 1892 3539 1930 eo
3570 1878 3742 1928 inani-

2154 1960 2367 2025 festior,
2397 1964 2543 2031 quod
2572 1964 2672 2033 ipsi
2719 1966 3014 2031 scriptores
3044 1967 3431 2031 ecclesiastici,
3461 1968 3508 2021 si
3537 1960 3649 2036 qua
3684 1967 3734 2020 in

2154 2067 2213 2105 re
2260 2054 2518 2108 aberrent
2566 2071 2594 2107 a
2641 2072 2791 2123 vero,
2838 2058 3111 2127 opinionis
3160 2070 3534 2113 commentum
3578 2061 3739 2130 longe

2150 2144 2311 2199 aliter
2337 2146 2632 2200 defendant
2676 2163 2741 2203 ac
2782 2149 3109 2205 catholicam
3147 2151 3503 2205 traditionem
3540 2152 3733 2205 defen-

2150 2236 2281 2290 dere
2311 2236 2507 2291 solent.
2540 2238 2613 2293 Ut
2655 2254 2825 2308 pauca
2855 2242 2921 2295 de
2948 2242 3247 2298 innumeris
3284 2242 3510 2297 afferam
3544 2259 3737 2297 exem-

2149 2326 2277 2396 pla;
2311 2344 2438 2379 num
2473 2326 2717 2383 Justinus
2750 2331 3106 2402 Septuaginta
3142 2334 3503 2402 interpretum
3538 2337 3730 2387 eodem

2150 2418 2308 2471 modo
2337 2434 2401 2471 ac
2425 2420 2815 2488 prophetarum
2851 2423 3263 2490 inspiratiouem
3312 2426 3619 2494 priedirat?
3649 2424 3737 2479 Ju-

2146 2508 2292 2563 dtros
2342 2509 2393 2563 in
2444 2511 2545 2565 hoc
2588 2521 2798 2565 tantum
2841 2514 3091 2584 castigat,
3142 2533 3198 2569 ιι.
3225 2515 3314 2578 68,
3350 2516 3436 2577 7|,
3468 2516 3557 2579 72,
3593 2520 3735 2586 quod

2146 2598 2481 2655 elaboratam
2511 2602 2651 2669 apud
2702 2601 3053 2657 Ptoletnzeum
3086 2605 3599 2675 interpretationem
3632 2610 3731 2660 iiii-

2145 2700 2357 2744 tnutare
2388 2702 2441 2745 et
2473 2693 2784 2761 vituperare
2820 2695 3095 2759 audeant;
3142 2697 3366 2750 minime
3398 2712 3555 2761 vero,
3587 2700 3731 2766 quod

2145 2783 2408 2837 divinitus
2443 2785 2762 2853 inspiratam
2809 2802 2913 2841 non
2945 2788 3193 2842 credant.
3229 2788 3579 2844 Christianos
3614 2806 3733 2845 esse

2142 2884 2304 2943 negat
2332 2890 2447 2939 eos,
2492 2878 2583 2944 qui
2633 2879 3089 2933 resurrectionem
3120 2894 3223 2933 non
3258 2880 3517 2947 credunt,
3553 2882 3728 2946 Dial.,

2142 2980 2196 3019 n.
2228 2965 2317 3019 80.
2348 2968 2419 3019 At
2476 2966 2674 3021 ibidem
2728 2968 2878 3038 regni
2924 2970 3202 3024 terrestris
3243 2982 3619 3026 commentum
3656 2976 3729 3027 sic

2142 3053 2411 3117 defendit.
2448 3065 2505 3109 ut
2532 3072 2678 3123 pura:
2710 3069 2763 3111 et
2795 3058 3020 3127 integrae
3066 3060 3183 3112 fidei
3218 3062 3592 3117 testimonium
3629 3067 3723 3117 ad-

2141 3147 2396 3200 versariis
2430 3148 2653 3201 tribuat.
2687 3148 2982 3204 Profitetur
3010 3152 3229 3219 quidem
3262 3167 3319 3205 se
3364 3163 3418 3207 et
3472 3171 3727 3210 resurre-

2138 3238 2375 3290 ctionem
2413 3246 2468 3291 et
2498 3254 2724 3307 regnum
2752 3241 2899 3295 inille
2938 3257 3205 3295 annorum
3233 3259 3559 3314 agnoscere,
3587 3258 3641 3301 et
3677 3249 3728 3301 si

2133 3329 2225 3396 qui
2272 3340 2408 3383 recte
2460 3331 2514 3384 in
2564 3333 2807 3387 omnibus
2840 3335 3077 3388 sentiunt
3106 3336 3424 3400 Christiani,
3460 3338 3513 3393 id
3554 3348 3644 3393 est
3675 3342 3725 3395 in

2138 3421 2205 3475 iis
2224 3421 2414 3487 etiam,
2442 3436 2562 3490 quae
2584 3424 2817 3478 obscura
2841 3434 2897 3477 et
2921 3426 3143 3483 minime
3167 3428 3372 3483 decisa.
3399 3427 3537 3482 Nam
3568 3430 3722 3496 alibi,

2135 3528 2330 3582 nempe
2362 3530 2417 3567 n.
2452 3514 2545 3577 59,
2571 3516 2877 3570 catholicos
2925 3516 3131 3572 fatetur
3182 3520 3347 3573 totius
3394 3522 3668 3576 doctrina:
3694 3538 3721 3576 a

2132 3600 2351 3655 Christo
2401 3603 2612 3656 traditae
2661 3604 3117 3662 retinentissimos
3167 3623 3309 3661 esse.
3357 3610 3491 3676 Quis
3543 3612 3722 3665 nescit

2132 3689 2459 3760 Cyprianum
2510 3701 2567 3745 et
2617 3690 2989 3748 Firmilianum
3048 3696 3101 3750 in
3152 3712 3215 3751 ea
3266 3703 3707 3763 concertatione,

2132 3797 2293 3851 quam
2326 3800 2447 3837 cuni
2480 3783 2753 3853 Stephano
2798 3786 3128 3852 habuerunt,
3158 3790 3236 3844 sic
3270 3795 3551 3860 propriam
3594 3796 3721 3861 opi-

2133 3874 2351 3927 nionem
2392 3876 2655 3939 tenuisse,
2686 3886 2742 3929 ut
2789 3877 2953 3931 aliter
2992 3881 3198 3935 sentire
3236 3881 3318 3934 fas
3353 3897 3480 3935 esse
3509 3898 3719 3937 conce-

2132 3966 2343 4028 derent,
2368 3973 2533 4033 atque
2557 3966 2607 4018 id
2635 3982 2800 4020 unum
2828 3971 3137 4026 arctissime
3159 3972 3543 4038 defenderent,
3569 3977 3718 4043 quod

2131 4054 2199 4141 ab
2230 4056 2558 4110 adversariis
2588 4074 2691 4111 non
2723 4061 2905 4128 negari
2938 4060 3177 4129 quidem,
3205 4065 3298 4116 sed
3325 4073 3506 4117 tamen
3531 4068 3720 4135 suspi-

2130 4150 2322 4204 ciendo
2351 4149 2727 4205 haereticorum
2758 4152 3081 4222 baptismate
3111 4156 3229 4210 laedi
3260 4166 3314 4210 et
3344 4159 3521 4211 everti
3556 4169 3716 4226 puta-

2132 4239 2283 4306 bant,
2313 4254 2506 4311 nempe
2535 4239 2797 4309 Spiritum
2819 4256 3065 4298 sanctum
3093 4256 3247 4299 extra
3272 4246 3584 4301 Ecclesiam
3618 4251 3717 4303 ha-

2131 4330 2247 4385 beri
2281 4346 2385 4384 non
2422 4331 2617 4400 posse?

2201 4422 2257 4475 5°
2294 4420 2518 4488 Quoties
2564 4423 2801 4477 haereses
2846 4424 3131 4494 prodiere,
3193 4442 3448 4495 magnum
3493 4444 3717 4501 semper

2124 4513 2341 4567 veritati
2392 4509 2701 4580 praesidium
2765 4512 2817 4563 in
2871 4513 3111 4581 antiquis
3160 4511 3414 4568 Patrihus
3464 4519 3711 4584 positum

2120 4602 2250 4664 fuit;
2290 4616 2391 4655 nec
2420 4615 2607 4653 eorum
2648 4600 2957 4654 testimonio
3004 4604 3387 4657 anetoritatcm
3437 4605 3709 4675 detraxit,

2118 4695 2162 4746 si
2190 4692 2317 4761 quid
2346 4692 2468 4745 aliis
2501 4692 2553 4745 in
2588 4692 2750 4745 rebus
2793 4705 2885 4745 aut
2929 4693 3108 4747 minus
3142 4696 3427 4757 vidissent,
3466 4709 3567 4751 aut
3605 4702 3711 4753 mi-

2116 4798 2219 4837 nus
2244 4793 2499 4837 accurate
2538 4784 2940 4839 disseruissent.
2974 4783 3243 4836 Nonnulla
3277 4785 3328 4837 in
3358 4788 3603 4854 Origene
3642 4790 3705 4846 S.

2112 4873 2440 4926 Athanasius
2468 4888 2574 4926 non
2611 4876 2903 4942 probabat;
2934 4874 3025 4925 sed
3046 4882 3226 4927 tamen
3260 4874 3405 4929 illius
3440 4879 3703 4935 testimo-

2113 4965 2261 5017 nium
2304 4965 2371 5018 de
2396 4964 2572 5018 Verbo
2604 4964 3077 5028 consubstantiali,
3114 4975 3171 5017 ut
3215 4966 3381 5020 telum
3418 4968 3703 5025 inelucta-

2110 5057 2240 5122 bile,
2289 5058 2340 5111 in
2379 5059 2610 5112 Arianos
2646 5058 2894 5121 vibravit,
2925 5066 3057 5109 tom.
3088 5057 3129 5122 I,
3162 5074 3216 5127 p.
3246 5058 3373 5113 252.
3411 5059 3471 5113 S.
3506 5063 3703 5133 Augu-

2107 5152 2284 5204 stinus
2311 5150 2362 5203 in
2394 5164 2450 5203 re
2480 5152 2710 5203 obscura
2746 5163 2810 5200 ac
2842 5150 3079 5201 nonduin
3125 5149 3307 5203 decisa
3336 5164 3440 5204 non
3479 5156 3703 5221 patitur

2106 5240 2233 5303 sibi,
2268 5239 2540 5308 Origeuis,
2584 5238 2814 5310 Didymi,
2848 5238 3064 5291 Eusebii
3118 5239 3376 5305 Emiseni,
3410 5243 3697 5301 Theodori

2106 5332 2439 5386 Heracleotes
2470 5342 2525 5385 et
2559 5328 2620 5385 S.
2650 5329 2875 5383 Joannis
2900 5329 3280 5399 Chrysostomi
3325 5335 3695 5403 testimoniis,

2105 5422 2277 5493 legem
2315 5424 2515 5493 imponi
2543 5438 2606 5476 ac
2635 5438 2753 5476 eam
2776 5420 3079 5475 libertatem
3110 5424 3268 5492 eripi,
3300 5439 3424 5492 qua:
3453 5428 3507 5479 in
3537 5428 3697 5496 ejus-

2104 5517 2248 5570 modi
2281 5517 2440 5569 rebus
2464 5514 2809 5571 concealenda
2842 5524 2943 5575 est,
2975 5528 3060 5581 ep.
3096 5517 3186 5580 8:2,
3224 5532 3278 5569 n.
3318 5516 3352 5569 5
3397 5528 3454 5570 et
3492 5519 3587 5574 25.
3620 5522 3698 5576 At

2104 5610 2156 5663 in
2187 5608 2518 5663 defendenda
2560 5606 2765 5675 peccati
2800 5605 3082 5675 originalis
3126 5618 3180 5662 et
3211 5610 3401 5677 gratiae
3429 5611 3693 5667 doctrina

2102 5705 2421 5775 Pelagianos
2470 5703 2668 5773 premit
2722 5700 3043 5757 testimoniis
3096 5702 3400 5773 Cypriani,
3466 5705 3693 5776 Hilarii,
