3792 6506
18 423 145 480 105

1088 418 1151 474 D.
1183 417 1449 475 MABANI
1476 414 1873 477 PREFATIO.
1909 450 1974 461 --
2008 417 2193 474 PARS
2226 417 2315 475 ιιι.

17 542 309 614 Gregorii
338 556 395 598 et
425 541 723 608 Ambrosii,
754 498 956 611 eosque
999 543 1082 599 sic
1117 543 1419 613 alloquitur
1448 560 1463 598 :
1500 559 1523 596 ι
1556 540 1665 598 Νο-
1689 548 1740 606 Α
1770 557 1963 599 omnes
1998 542 2052 597 in
2084 543 2405 599 Creatorem
2435 544 2817 600 universorum
2850 545 3021 601 Deum
3053 549 3352 620 credimus,

16 651 130 691 vos
193 636 505 692 haereticos
556 650 655 691 vos
702 636 926 706 antiqua
964 635 1233 691 catholica
1290 636 1448 701 fides,
1496 650 1658 707 quam

16 728 213 783 modo
271 745 597 801 oppugnare
656 728 923 799 coepistis,
976 745 1005 783 a
1063 730 1523 801 praeclarissimis,
1566 730 1661 801 qui

15 820 280 875 fuerunt
302 832 438 877 ante
463 838 583 886 nos,
606 824 921 879 doctoribus
948 824 1235 895 praedicata
1262 824 1620 878 demonstrat.
1638 841 1656 875 ι

21 910 141 977 0p.
182 915 419 984 imperi.
457 916 552 969 lib.
584 916 637 984 ξι,
670 932 724 970 ιι.
754 916 808 970 9.
847 914 1035 985 Neque
1062 930 1191 987 ergo
1221 916 1345 970 nixa
1378 916 1537 969 unius
1568 924 1659 968 aut

13 1004 277 1059 alterius
303 1008 551 1061 hominis
573 1009 884 1063 testimonio
914 1009 1138 1062 traditio
1166 1006 1453 1063 fundatam
1490 1009 1659 1061 tutius

18 1096 316 1152 Ecclesia:
377 1114 651 1155 censensu
708 1100 1053 1155 traditionem
1116 1100 1384 1165 debilitat,
1432 1114 1534 1155 nec
1591 1099 1658 1154 de

18 1203 233 1243 eorum
269 1192 551 1260 pondere,
586 1208 709 1261 qua:
754 1192 821 1246 ad
848 1191 1135 1246 catholica:
1170 1193 1435 1247 doctrina:
1471 1190 1659 1246 defen-

19 1283 257 1337 sionem
291 1286 515 1355 antiqui
550 1286 848 1354 scriptores
872 1286 1199 1348 docuerunt,
1236 1284 1533 1343 detrahere
1564 1286 1657 1338 de-

20 1376 117 1429 bet
148 1376 283 1432 leve
308 1378 539 1447 aliquod
566 1379 618 1431 in
648 1378 811 1432 rebus
855 1377 1107 1431 obscuris
1129 1387 1397 1441 erratum,
1431 1385 1522 1430 aut
1558 1376 1659 1430 mi-

21 1486 127 1524 nus
146 1474 467 1526 commoda
499 1471 733 1527 diﬁicilis
764 1471 1067 1540 Scriptum
1105 1468 1208 1524 loci
1247 1468 1654 1540 interpretatio.

90 1563 159 1617 4⁸
204 1563 271 1620 Si
298 1567 444 1634 quid
496 1566 674 1621 sancti
706 1565 898 1621 Patres
943 1567 1124 1621 minus
1151 1568 1439 1621 commode
1470 1582 1657 1622 sense-

19 1657 135 1711 rint
185 1668 292 1711 aut
328 1658 604 1725 dixerint,
653 1657 707 1713 id
757 1671 933 1727 neque
980 1658 1259 1713 haereticis
1293 1659 1434 1713 tradi
1466 1657 1652 1723 debet,

20 1766 215 1820 neque
276 1752 352 1805 ab
408 1752 688 1806 haereticis
723 1749 851 1820 jure
901 1752 1071 1822 arripi
1123 1760 1323 1822 potest.
1378 1752 1655 1807 Docuerat

18 1842 361 1912 Cyprianus
401 1843 734 1914 baptismum
764 1853 920 1898 extra
950 1844 1253 1900 Ecclesiam
1284 1845 1520 1898 validum
1544 1859 1650 1897 non

20 1954 149 1993 esse
189 1954 207 1993 :
242 1940 405 1993 idem
435 1946 731 1993 senserunt
759 1937 1055 1993 Donatista
1081 1947 1135 1993 et
1167 1938 1425 2008 Cypriani
1457 1953 1654 1992 nomen

18 2033 247 2086 erroris
276 2032 377 2087 sui
410 2030 883 2102 propugnaculum
920 2045 1044 2086 esse
1073 2030 1386 2085 voluerunt.
1432 2030 1539 2085 Sed
1579 2040 1660 2084 ta-

24 2140 151 2179 men
220 2123 290 2177 S.
341 2123 613 2193 martyris
664 2121 1037 2177 testimonium
1070 2123 1407 2191 Augustinus
1444 2124 1659 2189 eripere

23 2216 356 2271 Donatistis
410 2233 520 2271 non
569 2218 802 2279 dubitat,
849 2227 905 2271 et
951 2217 1249 2271 secundum
1285 2216 1361 2270 De
1390 2218 1653 2284 baptismo

24 2307 236 2363 librum
267 2309 359 2362 sic
384 2309 672 2363 exorditur
700 2326 717 2365 :
755 2326 774 2360 ι
798 2311 1074 2376 Quantum
1107 2324 1205 2377 pro
1239 2309 1417 2373 nobis,
1454 2310 1653 2383 inquit.

22 2404 128 2459 hoc
160 2416 256 2460 est
279 2420 396 2475 pro
419 2421 554 2476 pace
580 2406 852 2462 catholica
881 2406 1086 2461 faciant
1110 2420 1197 2469 ea,
1230 2421 1352 2475 qua:
1388 2416 1651 2477 tanquam

23 2517 85 2553 ex
123 2502 486 2555 auctoritate
513 2500 657 2555 beati
691 2499 948 2571 Cypriani
978 2500 1244 2554 adversus
1273 2515 1374 2554 nos
1423 2515 1450 2552 a
1496 2510 1654 2569 parte

24 2594 227 2648 Donni
283 2594 681 2664 proferuntur,
715 2605 772 2649 et
804 2604 1071 2664 quantum
1126 2595 1237 2648 sint
1272 2596 1534 2648 adversus
1560 2608 1655 2648 eos

25 2705 51 2740 a
84 2688 304 2756 quibus
349 2685 736 2756 proferuntur,
773 2687 1066 2755 adjuvante
1121 2686 1373 2749 Domino,
1422 2686 1652 2741 demou—

22 2796 205 2836 strare
256 2781 603 2851 proposui.»
659 2778 714 2834 Si
764 2772 888 2849 quis
940 2781 1106 2851 igitur
1154 2788 1344 2849 spreto
1387 2778 1652 2834 Ecclesire

23 2890 308 2930 consensu
348 2876 407 2929 id
440 2890 589 2929 nunc
617 2874 913 2929 defendere
942 2876 1164 2941 audeat,
1210 2875 1357 2946 quod
1389 2874 1515 2929 olim
1557 2872 1652 2929 Ju-

24 2969 202 3021 stinus
259 2966 339 3022 de
391 2981 563 3036 regno
599 2965 745 3020 mille
788 2980 1058 3019 annorum
1089 2967 1345 3035 opinatus
1381 2976 1485 3029 est,
1524 2965 1650 3019 lmic

26 3062 275 3115 maxime
307 3057 704 3115 adversabitur
734 3056 1003 3123 JnStiuns,
1036 3060 1124 3111 cui
1162 3066 1313 3113 tanto
1366 3059 1418 3111 in
1472 3058 1649 3128 pretio

25 3154 122 3206 fuit
175 3154 461 3209 Ecclesiae
513 3154 834 3208 auctoritas.
867 3152 1142 3221 Quidquid
1178 3152 1322 3206 enim
1376 3152 1442 3205 de
1489 3151 1649 3205 Chri-

1766 648 1868 707 per
1898 651 2094 693 nomen
2121 637 2471 707 primogeniti
2500 637 2646 692 illius
2672 637 2799 693 Filii
2829 640 3065 696 sordidis
3090 641 3353 711 vestibus,

1766 729 1822 784 id
1873 738 1958 785 est
1982 730 2244 800 peccatis,
2272 732 2423 785 exuti
2453 740 2507 785 et
2535 747 2632 803 per
2661 732 2890 786 verbum
2937 733 3244 790 vocationis
3274 737 3357 792 in-

1764 821 2050 889 ﬁammati,
2092 839 2284 879 verum
2333 838 2508 895 genus
2552 826 2899 882 sacerdOtale
2933 825 3028 881 Dei
3080 843 3288 884 sumus.
3330 849 3351 883 ι

1762 915 1864 971 His
1911 927 2094 971 autem
2143 918 2346 984 verbis,
2377 918 2547 972 instar
2589 919 2747 973 unius
2789 920 3038 985 hominis,
3086 922 3356 978 unitatem

1763 1004 2023 1060 Ecclesia:
2052 1006 2337 1061 catholicae
2363 1008 2638 1078 designari
2662 1023 2787 1063 cum
2823 1025 2921 1078 per
2951 1027 3012 1067 se
3038 1022 3211 1081 patet,
3240 1023 3355 1069 tum

1761 1112 1833 1151 ex
1863 1098 1988 1154 aliis
2024 1099 2162 1155 locis
2207 1101 2529 1156 conﬁrmari
2574 1110 2774 1171 potest.
2801 1104 2918 1169 Ait,
2952 1122 3004 1159 ιι.
3032 1106 3124 1171 42,
3157 1124 3358 1178 pravos

1761 1190 2014 1246 homines
2044 1201 2333 1261 postquam
2357 1192 2581 1249 Christo
2608 1195 2865 1250 submissi
2902 1206 2959 1252 et
2994 1198 3199 1254 dociles
3224 1200 3357 1258 facti

1760 1294 1909 1349 sunt,
1938 1300 2117 1339 omnes
2143 1288 2316 1340 instar
2340 1290 2497 1343 unius
2518 1289 2683 1359 puelli
2710 1289 2883 1359 factos
2906 1308 3035 1356 esse,
3066 1308 3131 1348 ac
3163 1294 3313 1349 addit
3338 1312 3354 1351 :

1763 1397 1784 1431 ι
1812 1377 1985 1445 Quale
2012 1388 2097 1434 est
2124 1382 2292 1434 etiam
2313 1384 2456 1451 quod
2488 1383 2541 1436 in
2568 1398 2804 1453 corpore
2834 1384 3026 1440 videre
3061 1386 3213 1452 licet,
3232 1402 3356 1443 cum

1758 1470 1928 1523 multa
1974 1475 2220 1525 membra
2259 1482 2637 1537 numerentur,
2666 1475 2848 1531 omnia
2905 1492 3072 1531 unum
3124 1487 3251 1532 sunt
3303 1489 3358 1534 et

1756 1572 2026 1616 vocantur
2052 1578 2277 1633 corpus.
2312 1582 2331 1616 ι
2366 1564 2568 1619 Eadem
2595 1566 2664 1621 de
2700 1582 2891 1633 causa,
2940 1586 2996 1624 ιι.
3030 1569 3123 1636 65,
3170 1572 3356 1627 Eccle-

1756 1654 1891 1708 siam
1922 1655 1973 1708 in
2002 1655 2213 1723 psalmo
2240 1672 2364 1711 thv
2393 1659 2471 1713 sic
2504 1659 2819 1729 compellari
2845 1661 3101 1717 observat
3128 1680 3143 1717 :
3192 1666 3357 1731 Audi,

1754 1748 1891 1816 ﬁlia,
1932 1759 1979 1802 et
2007 1751 2147 1802 vide.
2184 1750 2545 1805 Adeo‘autem
2594 1751 2941 1822 exploratum
2972 1764 3091 1810 erat
3137 1753 3358 1812 Justino

1760 1859 1861 1897 nec
1888 1844 2154 1899 unitatem
2186 1843 2441 1899 Ecclesia:
2471 1847 2646 1915 rumpi
2677 1863 2863 1916 posse,
2893 1862 2991 1905 nec
3019 1853 3274 1906 traditam
3306 1853 3356 1909 ei

1762 1937 2047 1991 veritatem
2084 1938 2153 1991 ab
2190 1952 2383 1992 errore
2412 1939 2681 2006 superari,
2721 1950 2779 1994 ut
2808 1958 3147 2013 quaecunque
3173 1947 3355 2000 orian-

1763 2038 1850 2081 tur
1880 2038 2063 2092 sectae.
2103 2030 2202 2085 has
2232 2028 2523 2085 catholicis
2558 2046 2661 2083 non
2692 2034 2973 2089 metuendi
3005 2046 3060 2090 et
3090 2036 3355 2105 hmrendi,

1760 2121 1857 2176 sed
1908 2123 2120 2177 ﬁrmius
2169 2133 2227 2179 et
2274 2127 2461 2178 acrius
2506 2123 2560 2177 in
2606 2123 2713 2178 ﬁde
2741 2139 2795 2180 et
2828 2127 3040 2183 unitate
3070 2131 3355 2199 perstandi

1758 2216 2106 2270 occasionem
2151 2232 2275 2273 esse
2322 2218 2585 2274 declaret.
2642 2237 2660 2271 ι
2688 2219 2765 2273 Ex
2836 2236 2901 2276 eo
2942 2223 3128 2285 ctiam,
3180 2222 3357 2294 inquit

1758 2307 1975 2379 Dialog.
2014 2326 2067 2363 ιι.
2103 2312 2198 2373 55.
2232 2314 2373 2381 quod
2403 2313 2668 2381 ejusmodi
2701 2325 2920 2370 exstent
2951 2315 3218 2381 homines,
3264 2319 3356 2387 qui

1757 2416 1817 2457 se
1838 2418 1963 2457 esse
1988 2403 2332 2461 Christianos
2372 2407 2754 2476 proﬁteantur,
2790 2417 2843 2461 et
2869 2405 3081 2473 Jesum,
3108 2410 3199 2480 qui
3227 2425 3357 2465 cruc

1757 2498 1954 2552 cilixns
2010 2509 2117 2566 est,
2164 2500 2454 2555 Dominum
2504 2513 2560 2556 et
2604 2502 2881 2556 Christum
2931 2503 3207 2569 conﬁteri,
3254 2521 3357 2561 nec

1759 2597 1941 2643 tamen
1978 2588 2123 2646 illius
2152 2592 2463 2647 doctrinam
2497 2602 2741 2657 teneant,
2766 2595 2860 2647 sed
2895 2609 3043 2658 eam,
3067 2610 3188 2666 quzc
3217 2606 3301 2651 est
3322 2613 3356 2653 a

1756 2680 2043 2750 spiritibus
2072 2685 2314 2750 erroris;
2350 2699 2447 2738 nos
2480 2688 2574 2755 qui
2606 2700 2747 2741 vera:
2777 2702 2841 2741 ac
2865 2702 3017 2757 purae
3038 2686 3165 2743 Jesu
3193 2689 3355 2745 Chri-

1755 2775 1823 2828 sti
1856 2776 2126 2833 doctrinzr
2158 2778 2413 2848 discipuli
2460 2795 2671 2846 sumus,
2720 2779 2995 2837 ﬁrmiores
3041 2783 3095 2836 in
3145 2781 3254 2839 ﬁde
3299 2794 3353 2839 et

1755 2870 2160 2925 constantiores
2209 2873 2382 2925 simus
2428 2871 2480 2925 in
2535 2887 2630 2941 spe
2675 2874 2744 2927 ab
2794 2888 2861 2928 eo
2918 2874 3190 2929 nuntiata.
3222 2874 3354 2942 Qure

1754 2962 1899 3015 enim
1931 2963 1982 3015 iu
2022 2978 2121 3017 suo
2163 2964 2383 3018 nomine
2407 2974 2672 3020 eventura
2704 2966 2979 3036 praedixit,
3011 2982 3076 3021 ea
3094 2968 3268 3022 oculis
3294 2979 3351 3023 et

1752 3053 1947 3110 eﬁ‘ectu
1976 3056 2040 3109 ad
2070 3057 2280 3111 exitum
2322 3061 2586 3129 perducta
2620 3060 2922 3116 cernimus.
2971 3060 3119 3115 Dixit
3150 3062 3295 3118 enim
3331 3078 3347 3118 :

1754 3144 1915 3199 Multi
1965 3148 2167 3201 venient
2223 3150 2278 3203 in
2330 3152 2540 3205 nomine
2601 3151 2800 3217 meo",
2851 3162 2963 3209 etc.
3024 3153 3090 3207 Et
3126 3168 3141 3206 :
3174 3150 3349 3210 Erunt

38 3247 234 3301 stianae
303 3245 601 3316 religionis
645 3246 984 3301 ornamentis
1037 3255 1092 3298 et
1149 3243 1309 3297 donis
1363 3242 1643 3312 prmdicat,
1676 3246 1720 3305 C
1750 3238 2037 3293 schismata
2066 3250 2112 3294 et
2144 3246 2369 3295 hwreses
2386 3242 2451 3295 ³³.
2487 3262 2505 3293 ι
2530 3240 2677 3299 Nihil
2710 3245 2859 3299 aliud
2896 3260 3028 3317 ergo
3058 3250 3350 3307 catholicis

25 3338 302 3407 quidquid
336 3338 564 3405 entirde
587 3338 939 3391 distinctione
985 3336 1107 3390 novi
1142 3345 1197 3390 et
1247 3335 1447 3388 veteris
1478 3341 1648 3388 testa-

28 3429 221 3494 menti,
261 3428 546 3498 quidquid
594 3428 664 3483 de
716 3443 856 3481 nova
910 3427 1000 3481 illa
1048 3426 1355 3491 creatione,
1396 3439 1559 3494 quam
1612 3439 1641 3479 ιι

24 3522 250 3576 Christo
302 3521 643 3588 accipimus,
684 3520 1044 3573 disserentem
1088 3519 1140 3573 in
1192 3518 1429 3573 secunda
1480 3515 1642 3587 hujus

26 3613 385 3682 prcfationis
416 3623 575 3681 parte
606 3612 866 3679 vidimus,
919 3612 971 3666 id
1026 3609 1285 3666 Ecclesia:
1332 3609 1641 3672 catholicae,

27 3707 275 3761 exclusis
307 3706 582 3760 omnibus
612 3706 797 3771 sectis,
834 3704 1113 3775 proprium
1143 3720 1266 3758 esse
1292 3704 1545 3758 ducebat.
1585 3702 1641 3756 ιιι

29 3804 137 3871 ipse
173 3812 432 3857 testatur
484 3801 537 3855 in
580 3798 833 3869 Dialogo,
876 3816 934 3853 ιι.
963 3798 1087 3864 H6,
1121 3798 1210 3853 ubi
1244 3798 1323 3852 sic
1357 3797 1637 3867 loquitur:

33 3916 49 3945 ι
86 3898 192 3951 Nos
241 3898 347 3965 qui
404 3911 505 3965 per
542 3910 741 3949 nomen
792 3892 923 3950 Jesu
976 3893 1151 3947 instar
1202 3892 1362 3946 unius
1401 3889 1639 3945 hominis

1753 3330 1995 3385 aﬁ'erunt
2023 3331 2319 3387 schismata
2350 3341 2405 3388 et
2434 3333 2705 3399 hmreses,
2740 3336 2845 3391 nisi
2880 3346 2937 3389 ut
2970 3340 3348 3405 pra-dictiones

1749 3423 1953 3478 Christi
1982 3426 2050 3479 ad
2082 3425 2292 3479 exitmn
2341 3427 2571 3495 perduci
2599 3428 2919 3499 intelligant
2953 3440 3009 3484 et
3036 3432 3088 3485 in
3117 3432 3223 3489 ﬁde
3252 3434 3350 3487 llr-

1751 3517 1954 3571 miores
2002 3519 2256 3572 evadant.
2284 3516 2439 3586 Quod
2470 3519 2514 3574 si
2552 3521 2734 3575 unitas
2780 3532 2875 3576 aut
2923 3523 3129 3579 veritas
3157 3525 3211 3580 in
3243 3526 3347 3581 Ec-

1752 3608 1915 3664 clesia
1947 3610 2183 3665 deﬁcere
2216 3622 2461 3681 possent,
2514 3614 2695 3669 nullus
2722 3624 2867 3671 esset
2896 3631 3077 3683 error,
3110 3620 3201 3688 qui
3238 3634 3344 3673 non

1750 3699 2009 3755 Ecclesia:
2037 3702 2342 3756 doctrinam
2370 3703 2423 3755 in
2452 3704 2745 3759 discrimen
2770 3706 3099 3776 adduceret;
3134 3707 3342 3762 nullum

1748 3793 2012 3861 Schisma,
2046 3807 2076 3847 a
2105 3810 2214 3864 quo
2263 3807 2370 3851 non
2403 3804 2549 3850 esset
2580 3800 2893 3852 evertenda:
2937 3799 3164 3855 unitatis
3193 3799 3343 3869 peri-

1746 3886 1945 3941 culum.

940 4268 1804 4363 PREFATIONIS
1877 4272 2169 4364 PARS
2246 4276 2441 4364 III.

336 4455 437 4519 De
467 4455 669 4537 gestis
702 4464 763 4518 et
796 4454 1051 4534 scriptis
1084 4454 1351 4529 Justini,
1385 4454 1662 4527 Tatiani,
1700 4455 2122 4535 Athenagorae
2150 4464 2210 4519 et
2242 4457 2583 4535 'l‘heOphili
2620 4460 3031 4524 Antiocheni.

572 4752 799 4809 CAPUT
844 4753 1135 4810 PRIMUM.

109 4863 181 4918 De
211 4860 431 4918 Justiui
459 4865 637 4933 patria
674 4874 722 4917 et
767 4874 909 4928 ortu,
944 4863 1275 4917 institutione
1304 4864 1496 4931 puerili
1525 4873 1573 4917 et

668 4934 1023 4986 conversione.

47 5026 76 5072 ι.
98 5025 147 5074 S.
171 5027 414 5077 Justinus
436 5027 486 5073 in
510 5022 771 5073 Palaestina
797 5023 1001 5077 gentilis
1022 5028 1182 5073 natus.
1214 5023 1275 5072 Il.
1302 5024 1439 5076 Circa
1461 5037 1643 5075 annum

102 5089 187 5138 ιιι
207 5097 389 5138 natum
412 5087 717 5147 conﬁcimus.
747 5085 833 5134 ιιι.
862 5088 936 5136 De
962 5085 1068 5149 ejus
1098 5086 1276 5149 studiis
1299 5100 1355 5135 ac
1376 5088 1642 5149 magistris.

101 5150 176 5197 lli.
208 5150 465 5200 hlirabilis
502 5150 840 5197 conversionis
884 5148 1075 5196 modus.
1127 5148 1186 5199 γ.
1218 5150 1324 5207 Qua
1350 5150 1401 5197 in
1444 5148 1567 5197 urbe
1590 5154 1645 5197 et

98 5225 191 5271 quo
212 5225 356 5262 anno
380 5223 497 5259 com
509 5222 667 5258 ersus.

107 5317 147 5371 1.
169 5320 245 5374 De
291 5317 581 5389 plerisque
605 5316 665 5371 S.
697 5313 894 5371 Justini
937 5316 1105 5389 gestis
1144 5325 1200 5369 et
1244 5314 1485 5384 scriptis,
1519 5329 1642 5369 cum

54 5421 146 5464 tam
193 5413 389 5466 multa:
452 5409 565 5464 sint
615 5423 836 5479 tamque
876 5410 1254 5480 discrepantes
1301 5408 1640 5463 eruditorum

53 5502 352 5568 sententiae,
388 5501 558 5556 facile
602 5500 845 5571 intelligo
876 5516 961 5556 me
1002 5504 1058 5555 in
1099 5499 1313 5555 lubrico
1343 5508 1399 5555 et
1438 5497 1639 5555 diﬁieili

58 5591 161 5650 loco
190 5594 431 5651 versari.
462 5594 806 5666 Quapropter
829 5605 992 5649 totam
1022 5610 1132 5650 rem
1159 5594 1235 5648 sic
1255 5593 1643 5649 administrare

61 5694 103 5736 et
130 5694 476 5752 pertractare
525 5682 786 5748 cnnabor,
834 5691 891 5736 ut
947 5697 1046 5736 nec
1093 5687 1472 5735 asseveranler
1514 5666 1641 5761 prof

1679 4770 1723 4824 ι)
1753 4769 1952 4826 ponam
1982 4766 2105 4823 qua:
2134 4749 2294 4805 dubia
2320 4757 2375 4804 et
2406 4752 2614 4804 incerta
2646 4760 2793 4816 sunt,
2825 4764 2926 4807 nec
2948 4764 3070 4817 quae
3105 4756 3342 4809 maxime

1749 4844 2059 4918 probabilia
2092 4842 2303 4898 levibus
2352 4841 2676 4897 ratiuncnlis
2707 4841 3086 4913 posthabeam.
3119 4842 3177 4899 Si
3211 4843 3345 4915 quid

1747 4946 1927 4992 autem
1957 4935 2094 4991 certi
2122 4943 2177 4990 et
2210 4933 2476 5005 explorati
2503 4943 2777 4998 occurrat,
2806 4932 2859 4988 id
2886 4935 3060 4990 instar
3088 4936 3341 5005 principii

1748 5027 2122 5083 adhibendum
2173 5025 2313 5090 erit,
2375 5034 2485 5078 tum
2536 5026 2603 5078 ad
2666 5022 2960 5079 refellenda
3018 5024 3338 5093 opinionum

1745 5129 2080 5183 commenta,
2118 5127 2247 5181 tum,
2271 5118 2338 5171 ad
2374 5116 2771 5181 conﬁrmanda,
2817 5132 2936 5185 quas
2975 5115 3157 5172 minus
3198 5114 3340 5169 belle

1747 5212 1800 5266 in
1834 5212 2057 5265 dubium
2091 5217 2281 5265 vocata
2317 5204 2558 5262 fuerant.
2950 5208 2955 5213 '

1818 5304 1878 5360 S.
1921 5312 2128 5374 martyr
2179 5300 2338 5356 initio
2375 5298 2603 5369 majoris
2649 5297 2923 5367 Apologia
2961 5298 3195 5370 patriam
3235 5312 3335 5368 ap-

1747 5397 1913 5467 pellat
1945 5394 2191 5448 Flaviam
2228 5391 2511 5463 Neapolim
2552 5390 2727 5461 Syria:
2772 5388 3098 5457 Palaestinae,
3136 5405 3199 5445 ac
3237 5405 3336 5459 pa—

1750 5497 1886 5543 trem
1932 5488 2034 5542 sibi
2079 5486 2329 5541 Priscum
2377 5484 2568 5549 fuisse,
2620 5499 2780 5537 avum
2829 5480 3124 5539 Bacchium
3167 5489 3337 5541 testa,

1748 5589 1836 5634 tur
1858 5580 1902 5611 “
1930 5598 1943 5633 :
1974 5579 2222 5634 Justinus
2255 5578 2429 5633 Prisci
2458 5578 2628 5648 ﬁlius,
2660 5575 2881 5630 Baccliii
2910 5590 3089 5640 nepos,
3127 5569 3332 5626 Flavia:

1749 5674 2002 5745 Neapolis
2046 5676 2100 5731 in
2151 5672 2305 5746 Syria
2360 5673 2663 5730 I’ala‘sliuw
2684 5672 2897 5726 civium.
2928 5667 3075 5740 ,Περ
3114 5666 3335 5734 civitas,

120 5858 160 5887 ⁸³
185 5857 381 5912 Hatth.
413 5872 568 5919 xxtv,
604 5855 657 5909 5.
736 5854 779 5885 ³⁸
810 5854 823 5907 ι
856 5854 979 5907 Cor.
1016 5871 1091 5921 xx,
1128 5854 1206 5909 I‘J.
1286 5854 1330 5884 "‘
1366 5852 1555 5921 Antiq.
1588 5852 1681 5906 lib.
1720 5864 1797 5915 ιι,
1825 5864 1872 5903 c.
1917 5849 1969 5901 8.

363 5952 643 6012 Ριτιιοι..
676 5951 792 6011 Gs.
840 5948 949 6010 Vl.

3042 5925 3077 5989 lt
