3796 6488
474 401 615 476 ,υτ

1401 406 1458 460 S.
1494 404 1834 463 JUSTINUS
1869 408 2353 467 PHILOSOPHUS
2384 412 2472 467 ET
2510 406 2823 471 MARTYR.
3701 426 3775 482 10

498 537 633 592 qua:
662 521 794 577 olim
834 522 1057 579 Sichem
1089 524 1394 591 dicebatur,
1426 535 1503 594 et,
1542 537 1680 583 teste
1708 527 1966 600 Josepho,
2008 546 2102 586 ca-
2131 538 2174 594 Α
2204 535 2362 605 gicis.
2395 536 2803 607 Papebrochins
2837 538 3109 609 duplicem
3154 558 3363 598 nmvum
3393 544 3590 601 tollere
3626 562 3775 601 eorm

511 623 609 682 put
635 613 903 669 Samaria:
927 616 1104 672 fuerat
1131 617 1431 673 Alexandri
1465 619 1641 691 Magni
1678 629 1942 692 tempore,
1974 621 2099 676 Fla-

509 704 613 759 via:
651 702 907 774 Neapolis
949 722 1147 762 nomen
1187 724 1251 763 ac
1285 708 1376 777 jus
1417 710 1663 766 civitatis
1690 711 1907 766 videtur
1935 728 2095 768 acce-

508 794 658 864 pisse
686 812 714 849 a
742 795 936 852 Flavio
962 797 1320 868 Vespasiano.
1342 798 1527 870 Neque
1557 803 1705 856 enim
1730 802 1941 857 colonia
1966 803 2095 859 illuc

506 887 740 942 deducta
778 897 859 942 est
896 890 964 945 ab
990 889 1107 958 ejus
1138 890 1282 955 ﬁliis,
1318 907 1442 947 cum
1467 891 1582 960 jam
1616 892 1870 963 Neapolis
1903 904 2089 951 vocata

494 979 862 1050 -l‘uerit.paulo
913 992 1032 1051 post
1060 984 1328 1038 excidium
1346 985 1915 1057 ilierosolymitanum,
1939 996 1997 1041 ut
2023 1002 2091 1043 ex

506 1073 662 1127 libris
712 1073 931 1141 Josephi
999 1078 1068 1129 de
1126 1076 1267 1131 bello
1317 1075 1547 1131 Judaico
1582 1078 1684 1133 sub
1731 1078 1833 1134 hoc
1880 1087 2091 1151 tempus

502 1166 728 1236 scriptis
781 1166 1107 1235 perspicitur
1159 1167 1226 1221 ³⁸.
1276 1166 1427 1222 Unus
1474 1182 1542 1222 ex
1596 1169 1682 1224 his
1733 1170 1942 1226 colonis
1992 1174 2091 1229 fuit

501 1254 790 1324 Bacchius,
833 1257 988 1327 cujus
1038 1272 1206 1327 nepos
1248 1257 1525 1314 Justinus.
1566 1260 1944 1318 Samaritanos
1989 1280 2086 1332 po-

499 1349 722 1419 pulares
750 1365 879 1405 suos
909 1350 1169 1421 appellat,
1198 1367 1304 1407 non
1352 1356 1493 1422 quod
1539 1353 1706 1408 ullam
1740 1365 1951 1423 partem
1991 1372 2086 1411 eo-

500 1458 623 1496 rum
679 1442 919 1497 instituti
970 1443 1266 1515 attigisset,
1306 1447 1401 1500 sed
1444 1448 1590 1515 quod
1632 1446 1684 1501 in
1729 1447 1833 1502 hac
1861 1449 1994 1503 urbe
2014 1464 2081 1502 ex

499 1533 706 1589 Graacis
730 1534 938 1589 colonis
968 1547 1127 1591 natus
1157 1546 1323 1592 esset.
1353 1536 1567 1608 Ubique
1608 1540 1752 1594 enim
1782 1555 1905 1597 sese
1939 1542 2084 1596 inter

425 1666 432 1672 -
495 1633 746 1688 ethnicos
786 1633 855 1687 ad
886 1632 1184 1687 Christum
1234 1649 1532 1689 conversos
1573 1644 1855 1700 numerat;
1913 1636 2082 1690 incir-

494 1725 801 1780 cumcisum
844 1740 905 1782 se
948 1739 1070 1781 esse
1112 1725 1356 1783 declarat
1408 1727 1463 1781 in
1522 1727 1744 1798 Dialogo
1792 1744 1910 1782 cum
1948 1728 2081 1798 Try-

491 1815 686 1884 phone.
734 1833 755 1867 ι
788 1814 867 1870 Ne
895 1816 1172 1885 dubitetis,
1230 1817 1428 1887 inquit,
1478 1833 1628 1873 num.
1659 1818 1751 1884 28,
1794 1819 1923 1873 mihi
1975 1819 2075 1873 ho-

2201 632 2626 696 tnr;‘postrema
2676 629 2839 683 verba
2884 629 3233 687 librariorum
3284 636 3623 706 negligentia
3677 639 3776 692 loc.

2198 730 2298 770 suo
2327 717 2623 785 excidisse,
2662 730 2716 775 et
2755 721 2822 776 ad
2847 726 3269 780 conversionem
3319 727 3521 783 Justini
3567 746 3685 785 non
3725 747 3776 785 at

2197 810 2524 880 martyrium
2565 812 2754 866 referri
2789 813 2995 870 debere
3029 820 3389 887 pronuntiat;
3429 836 3531 887 pro
3569 837 3641 877 eo
3692 841 3763 875 an

2196 909 2302 955 tem
2331 903 2476 972 quod
2513 903 2908 973 interpretatur
2940 907 3220 976 Petavius,
3258 913 3353 965 sub
3397 913 3624 969 Rustico
3654 933 3776 981 pran

2192 992 2351 1062 recto,
2383 995 2621 1050 Adriano
2647 999 2964 1067 imperante,
3000 1002 3115 1071 ipse
3168 1006 3246 1059 sic
3288 1007 3467 1061 reddit
3505 1023 3524 1061 :
3572 1009 3776 1063 Consul

2193 1085 2332 1139 libus
2384 1086 2602 1143 Rustico
2655 1099 2703 1143 et
2749 1093 2985 1147 Adriano
3039 1096 3377 1164 imperatore.
3446 1098 3607 1153 Unde
3674 1102 3776 1155 hau

2190 1176 2460 1231 conﬂatur
2490 1182 2759 1235 sententia
2793 1199 2807 1235 :
2843 1183 3093 1239 Justinus
3118 1204 3236 1240 cum
3264 1189 3318 1243 in
3359 1188 3637 1245 Christum
3672 1209 3765 1247 cra

2187 1266 2408 1322 didisset
2436 1270 2530 1323 sub
2564 1275 2848 1328 consulatu
2887 1274 3090 1330 Rustici
3118 1288 3167 1331 et
3204 1280 3453 1344 Adriani,
3481 1299 3663 1336 annos
3693 1302 3776 1336 na.

2187 1369 2272 1412 tus
2309 1362 2551 1430 triginta,
2595 1376 2750 1418 wtate
2771 1368 2951 1434 ﬁrma,
2993 1379 3102 1423 etc.
3144 1369 3404 1440 Sequitur
3438 1388 3505 1426 ex
3527 1376 3649 1428 ‘hac
3698 1380 3776 1429 in-

2189 1455 2522 1519 terpretandi
2570 1468 2623 1509 et
2670 1460 2995 1514 emendandi
3045 1464 3260 1516 ratione
3298 1461 3579 1518 Justinum
3634 1483 3776 1525 anne

2186 1542 2308 1608 H9,
2359 1560 2466 1612 quo
2516 1548 2793 1603 Adrianus
2844 1559 2899 1603 et
2940 1551 3197 1608 Rusticus
3232 1556 3487 1611 consules
3529 1556 3775 1621 fuerunt,

2185 1645 2387 1685 annum
2439 1636 2618 1690 (etatis
2668 1638 3007 1709 tricesimum
3069 1643 3353 1713 attigisse,
3412 1661 3481 1702 ac
3542 1648 3776 1716 proinde

2182 1736 2328 1777 anno
2356 1723 2425 1779 89
2463 1725 2518 1779 in
2542 1726 2720 1783 lucem
2749 1732 2954 1786 editum
2988 1732 3181 1789 fuisse.

2254 1813 2361 1870 Sed
2396 1819 2653 1874 assentiri
2684 1836 2789 1875 non
2826 1839 3044 1892 possum
3079 1827 3476 1897 Papebrochio.
3516 1830 3653 1886 Haec
3698 1831 3776 1886 in‘

495 1908 625 1963 tnini
662 1910 1051 1965 incircumciso
1094 1910 1341 1967 credere.
1388 1931 1404 1962 ι
1452 1911 1590 1966 [line
1630 1912 1791 1967 etiam
1840 1912 1891 1965 in
1930 1913 2059 1980 Apo-

2238 1909 2519 1977 rpretatio,
2576 1911 2669 1965 ἐπὶ
2692 1910 3006 1969 Ῥουστικοῦ
3044 1920 3312 1989 ἡγεμόνος
3352 1922 3448 1974 καὶ
3488 1921 3776 1995 Ἀδριανοῦ

490 2000 598 2068 tog.
642 2002 694 2068 l,
732 2018 786 2055 n.
812 2001 929 2057 55:
969 2002 1135 2057 «Nos
1185 2003 1333 2072 ipsos
1375 2005 1656 2060 cernimus
1705 2020 1774 2059 ex
1824 2005 2079 2076 gentibus

488 2092 675 2163 plures
716 2107 779 2149 ac
818 2092 1065 2149 veriores
1099 2108 1223 2149 esse
1263 2095 1631 2163 Christianos,
1674 2112 1839 2166 quam
1882 2111 1950 2151 ex
1986 2096 2080 2152 Ju-

488 2185 619 2240 da-is
647 2196 701 2241 et
730 2183 1114 2241 Samaritanis.
1146 2205 1176 2239 -ι
1213 2185 1471 2243 Graviter
1501 2203 1632 2260 ergo
1669 2200 1913 2244 errasset
1947 2189 2078 2259 Epi-

489 2279 745 2350 phanius,
799 2278 845 2335 si
892 2278 1168 2334 Justinum
1217 2294 1247 2335 a
1302 2279 1655 2338 Samaritano
1707 2283 1961 2338 instituto
2007 2283 2079 2337 ad

489 2372 804 2440 religionem
851 2370 1219 2426 Christianam
1265 2387 1593 2428 conversum
1657 2373 1834 2429 fuisse
1880 2375 2075 2429 existi-

487 2471 714 2518 masset.
757 2463 864 2517 Sed
904 2464 1051 2519 hanc
1078 2465 1126 2519 ei
1155 2465 1475 2535 Opinionem
1508 2466 1785 2520 immerito
1828 2465 2076 2536 Scaliger

485 2564 535 2610 et
596 2555 849 2611 Petavius
895 2556 1251 2611 aﬂinxerunt.
1304 2556 1396 2613 Sic
1464 2558 1609 2613 enim
1673 2558 1915 2628 loquitur
1952 2559 1999 2591 ³⁶
2056 2572 2072 2612 :

488 2645 748 2700 'l'atianus
810 2646 1013 2700 Justini
1075 2646 1380 2717 philosOplti
1456 2649 1780 2702 sanctissimi
1834 2665 1898 2702 ac
1946 2650 2073 2703 reli-

483 2738 770 2807 giosissimi
813 2739 916 2793 viri
954 2740 1337 2794 consuetudine
1364 2756 1490 2796 usus
1530 2751 1628 2808 est,
1658 2743 1746 2812 qui
1774 2758 1803 2796 e
1829 2740 2074 2796 Samari-

483 2832 625 2887 lanis
664 2835 732 2887 ad
776 2832 977 2888 Christi
1013 2834 1175 2903 ﬁdem
1222 2835 1535 2890 transierat.
1593 2835 1727 2890 Erat
1770 2837 1911 2891 enim
1969 2834 2068 2889 Ju-

482 2925 651 2979 stinus
678 2941 864 2995 genere
902 2925 1307 2983 Samaritanus.
1347 2925 1611 2982 Numerat
1639 2944 1770 3000 ergo
1792 2927 2070 2983 Justinnm

485 3017 629 3072 inter
660 3018 1061 3083 Samaritanos,
1094 3034 1202 3073 non
1232 3020 1376 3088 quod
1399 3032 1590 3074 eorum
1618 3019 1871 3074 instituta
1895 3030 2073 3075 serta-

483 3120 570 3165 tns
601 3119 768 3173 esset,
801 3111 896 3165 sed
931 3111 1059 3180 quia
1095 3112 1148 3166 in
1197 3112 1298 3167 hac
1349 3122 1513 3184 gente
1555 3122 1716 3167 natus
1756 3122 1900 3167 erat.
1952 3113 2071 3179 Quo

484 3218 645 3255 sensu
678 3202 795 3270 ipse
827 3200 1081 3263 Justinus
1122 3200 1501 3259 Samaritanos
1524 3210 1685 3257 vocat
1718 3202 1771 3256 in
1813 3201 2068 3273 Dialogo,

485 3312 539 3348 η.
580 3293 698 3361 120,
724 3309 896 3365 genus
924 3310 1107 3360 suum,
1133 3307 1190 3349 et
1223 3296 1275 3349 in
1312 3295 1465 3365 Apol.
1517 3295 1574 3361 2,
1615 3311 1671 3350 n.
1722 3294 1811 3363 l5,
1852 3306 2068 3365 gentem

485 3405 662 3451 suam.
1093 3432 1096 3435 .

552 3482 619 3538 ll.
662 3483 779 3551 Quo
810 3497 955 3537 anno
1003 3490 1167 3535 natus
1220 3480 1294 3534 sit
1334 3477 1582 3535 Justinus
1619 3480 1894 3551 conjicere
1946 3497 2072 3553 pos-

485 3592 697 3640 sumus,
755 3590 862 3630 non
915 3588 1261 3629 asseverare.
1311 3571 1613 3626 Plurimum
1664 3571 1804 3628 lucis
1850 3571 2071 3628 aﬂ‘erret

484 3668 843 3739 Epiphanius,
896 3668 939 3722 si
967 3668 1084 3737 ejus
1112 3668 1281 3721 verba
1328 3674 1425 3720 aut
1467 3666 1633 3721 nawis
1672 3677 1952 3732 carerent,
1979 3676 2071 3720 aut

484 3775 607 3833 apte
665 3762 1117 3817 emendarentur.
1171 3762 1265 3815 Sic
1317 3772 1501 3816 autem
1557 3760 1800 3831 loquitur
1854 3762 1906 3816 in
1960 3764 2066 3818 luc-

485 3871 595 3909 res.
616 3854 725 3909 46:
764 3848 930 3917 Οὗτος
978 3853 1088 3925 γὰρ
1136 3852 1165 3904 ὁ
1208 3854 1490 3916 ’ἶουστῖνος
1520 3852 1866 3925 Σαμαρείτης
1894 3850 1960 3925 ἦν
2010 3855 2070 3907 τὸ

482 3948 657 4013 γένος,
695 3948 773 4009 εἰς
807 3945 1040 4017 Χριστὸν
1068 3944 1471 4012 πεπιστευκὼς,
1508 3947 1601 3999 καὶ
1631 3946 1884 4017 μεγάλως
1917 3944 2071 4010 ἐξασ-

485 4036 689 4107 κηθεὶς,
733 4036 934 4106 ἀρετῆς
975 4052 1035 4087 τε
1076 4035 1187 4106 βίον
1228 4036 1626 4107 ἐνδειξάμενος,
1664 4038 1723 4090 τὸ
1747 4037 1901 4101 τέλος
1928 4039 2070 4110 ὑπὲρ

483 4130 713 4203 Χριστοῦ
748 4131 1100 4201 μαρτυρήσας
1149 4129 1354 4183 τελείου
1407 4134 1670 4201 στεφάνου
1721 4132 2069 4197 καταξιοῦται

485 4219 572 4272 ἐπὶ
583 4218 681 4288 τῆς
697 4218 1000 4288 Ῥωμαίων,
1021 4218 1111 4270 ἐπὶ
1127 4218 1441 4273 Ῥουστικοῦ
1462 4222 1730 4292 ἡγεμόνος
1747 4223 1841 4276 καὶ
1866 4222 2071 4295 Ἀδρια-

478 4308 571 4361 νοῦ
620 4307 901 4378 βασιλέως,
957 4307 1094 4360 ἐτῶν
1141 4310 1437 4381 τριάκοντα
1492 4312 1755 4383 ὑπάρχων
1807 4315 1865 4367 ὲν
1907 4314 2069 4368 καθε-

482 4397 663 4470 στώσῃ
692 4398 901 4469 ἡλικίᾳ.
941 4417 958 4450 ι
1002 4398 1101 4453 llic
1125 4401 1274 4453 enim
1305 4398 1553 4455 Justinus
1588 4418 1785 4471 genere
1828 4403 2069 4458 Samari-

482 4502 663 4557 tanus,
701 4507 823 4545 cum
854 4492 907 4545 in
942 4491 1223 4547 Christum
1256 4494 1600 4559 credidisset,
1641 4511 1705 4550 ac
1733 4511 2066 4565 magnopere

2184 1998 2469 2069 βασιλέως,
2499 2005 2592 2058 sub
2621 2023 2695 2061 cs.
2756 2006 2975 2063 Rustico
3041 2022 3090 2064 et
3136 2013 3373 2067 Adriano
3428 2017 3776 2085 imperatore,

2178 2094 2399 2163 penitus
2434 2108 2724 2169 repugnat,
2750 2105 3003 2171 quamvis
3037 2103 3244 2160 Grabio
3277 2115 3333 2161 et
3352 2108 3656 2165 'Dodwello
3683 2126 3776 2166 ve-

2179 2186 2466 2242 hementer
2512 2192 2795 2257 probetur.
2856 2194 3035 2264 Atque
3081 2197 3297 2252 etiamsi
3353 2213 3464 2267 quo
3517 2204 3776 2271 exemplo

2181 2276 2385 2332 ﬁrmari
2425 2292 2641 2348 posset,
2686 2284 2890 2337 nullum
2918 2301 3050 2340 sane
3088 2286 3269 2343 alierri
3319 2293 3513 2358 possit,
3566 2302 3630 2346 ut
3681 2294 3776 2347 οὺς

2177 2378 2361 2422 servat
2406 2369 2806 2437 Tillemontius,
2878 2376 2930 2428 in
2983 2392 3091 2445 quo
3156 2378 3482 2448 imperatori
3556 2383 3776 2435 consuli

2177 2457 2380 2528 collega
2402 2472 2777 2530 praeponatur.
2813 2463 2979 2520 Multa
3006 2468 3114 2521 alia
3143 2479 3494 2522 concurrunt
3517 2485 3647 2536 quae
3675 2472 3776 2524 Pa-

2177 2549 2456 2619 pebrochii
2505 2553 2821 2621 Opinionem
2882 2557 3151 2615 minuant.
3201 2560 3538 2616 Credibilius
3583 2565 3767 2618 multo

2174 2656 2253 2699 εει
2283 2639 2483 2698 Justiui
2516 2648 2840 2712 martyrium
2882 2648 3121 2719 prazl'ceti
3158 2656 3441 2710 notatione
3471 2666 3776 2729 consigna-

2177 2744 2288 2789 tum
2319 2735 2513 2804 fuisse,
2540 2754 2703 2809 quam
2735 2744 3152 2801 conversionem
3194 2760 3261 2801 ex
3294 2752 3623 2809 consulibus
3668 2771 3775 2808 no-

2178 2836 2366 2883 tatam.
2400 2828 2535 2885 Eum
2568 2844 2719 2888 certe
2745 2837 2845 2890 sub
2881 2835 3105 2893 Rustico
3134 2841 3394 2907 przelecto
3434 2860 3668 2912 passum
3706 2865 3775 2901 rx

2171 2920 2325 2975 Actis
2372 2924 2767 2994 perspicimus;
2828 2931 2931 2983 sub
2978 2945 3056 2983 cs.
3131 2931 3357 2988 llusﬁco
3405 2944 3463 2990 et
3512 2935 3775 2992 Adriano

2171 3026 2499 3068 conversum
2530 3016 2719 3072 nullibi
2754 3020 2985 3090 legimus
3018 3040 3034 3077 :
3074 3023 3315 3094 denique
3356 3027 3506 3083 illius
3534 3044 3776 3084 conver—

2173 3105 2256 3157 sio
2280 3104 2457 3160 serius
2492 3110 2763 3175 ponenda,
2797 3112 2842 3165 si
2872 3112 3064 3167 ducem
3107 3114 3397 3171 Eusebium
3438 3134 3775 3190 sequantur,

2173 3210 2279 3264 quo
2304 3197 2553 3267 profecto
2594 3200 2681 3258 his
2723 3202 2777 3256 in
2822 3205 2986 3261 rebus
3042 3208 3301 3264 tutiorem
3343 3210 3557 3265 nullum
3592 3214 3770 3270 babes

2174 3300 2312 3341 mus.

2244 3383 2415 3451 Igitur
2445 3386 2617 3443 satius
2644 3396 2728 3444 est
2758 3389 2918 3446 fateri
2955 3391 3316 3462 Epiphaniam
3356 3409 3600 3465 errasse,
3634 3402 3767 3455 dum

2171 3474 2370 3532 Justini
2425 3482 2744 3550 martyrium
2809 3484 2914 3537 sub
2965 3484 3208 3541 Adriano
3256 3488 3528 3555 collocat,
3593 3508 3767 3563 quam

2173 3569 2317 3625 illius
2346 3574 2506 3627 verba
2536 3576 2771 3630 absurde
2816 3577 3195 3647 interpretari.
3238 3582 3562 3640 Sanabiliur
3616 3588 3771 3644 vidc-

2175 3670 2262 3716 tur
2283 3664 2424 3718 alter
2457 3680 2640 3720 naevus
2665 3684 2679 3733 ;
2708 3682 2806 3723 nec
2832 3680 3012 3725 tamen
3048 3687 3275 3727 necesse
3304 3685 3389 3729 est
3417 3677 3539 3732 haec
3570 3681 3768 3747 verba,

2170 3758 2325 3825 ﬁrma
2354 3771 2402 3813 et
2443 3764 2706 3816 constanti
2736 3771 2914 3828 (etate,
2958 3783 3097 3820 anno
3140 3768 3311 3822 wtatis
3359 3772 3658 3839 tricesimo,
3691 3779 3775 3829 al-‘

2175 3850 2281 3905 tius
2315 3852 2639 3919 transferre,
2662 3857 2819 3925 quasi
2860 3858 2928 3911 ad
2958 3862 3377 3918 conversionem
3418 3867 3766 3936 pertineant,

2172 3950 2224 3995 et
2255 3941 2371 3996 loco
2401 3959 2500 3998 suo
2537 3961 2567 3999 a
2610 3947 2849 4004 librariis
2884 3951 3095 4020 dejecta
3139 3951 3367 4009 fuerint.
3418 3956 3573 4013 Nihil
3627 3975 3768 4017 sane

2171 4034 2444 4100 prohibet,
2480 4039 2774 4104 quominus
2802 4039 3051 4097 Jusdnns
3076 4055 3240 4100 aetate
3270 4047 3451 4105 adhuc
3479 4050 3642 4106 ﬁrma
3689 4057 3769 4109 vi-

2174 4132 2283 4177 tam
2324 4139 2423 4193 pro
2472 4126 2687 4185 Christo
2745 4133 3053 4201 profudisse
3108 4139 3354 4207 dicatur;
3398 4158 3581 4213 neque
3636 4148 3770 4204 huic

2172 4214 2463 4286 Epiphauii
2494 4221 2809 4278 testimonio
2860 4228 3155 4296 quidquam
3208 4231 3348 4287 inest
3379 4234 3765 4295 incommodi:

2174 4308 2226 4363 id
2258 4319 2469 4365 tantum
2497 4312 2615 4366 vitii
2646 4317 2890 4371 occurrit
2930 4318 2981 4371 in
3018 4320 3133 4389 ejus
3169 4325 3371 4392 verbis,
3406 4329 3554 4396 quod
3586 4329 3771 4387 Justi-

2174 4417 2276 4456 nus
2308 4418 2454 4459 anno
2477 4409 2655 4461 aetatis
2691 4410 2964 4465 tricesimo
3002 4428 3197 4479 passus
3228 4418 3466 4477 dicatur.
3492 4420 3564 4476 At
3595 4421 3768 4479 facile

2172 4493 2275 4548 fuit
2318 4496 2559 4553 librariis
2584 4515 2771 4555 errare
2813 4502 2864 4555 in
2920 4507 3065 4559 notis
3111 4510 3507 4576 numeralibus,
3555 4524 3613 4568 et
3670 4519 3768 4571 tri-

481 4582 814 4635 exercitatus
864 4593 918 4636 et
968 4584 1303 4640 sanctiorem
1348 4584 1517 4639 vitam
1564 4587 1846 4656 professus
1894 4598 2061 4654 esset,
2097 4591 2142 4645 D
2171 4586 2315 4653 ginta
2349 4602 2447 4656 pro
2470 4590 2869 4663 Quinquaginta
2901 4610 3137 4666 ponere;
3183 4616 3302 4655 cum
3332 4606 3651 4671 praesertim
3682 4610 3770 4663 lit-

484 4675 700 4727 tamlem
730 4690 828 4743 pro
850 4675 1071 4730 Christo
1104 4678 1371 4747 martyrio
1395 4676 1732 4748 perfunctus,
1765 4682 2061 4748 perfectam

483 4782 739 4820 rorouam
777 4767 1003 4837 adeptus
1040 4780 1126 4826 εει
1157 4770 1342 4825 Romae
1377 4770 1478 4826 sub
1507 4767 1738 4827 Rustico
1780 4775 2056 4842 praefecw,

481 4859 721 4912 Adriano
752 4859 1080 4929 imperante,
1119 4862 1270 4916 ﬁrma
1309 4874 1363 4917 et
1397 4865 1664 4917 constanti
1696 4875 1877 4928 relate,
1919 4882 2063 4920 anim

484 4955 742 5010 videlicet
779 4957 1080 5012 tricesimo.
1138 4976 1156 5008 ›
1216 4959 1332 5012 Duo
1375 4958 1463 5012 hic
1508 4970 1807 5014 occurrunt
1857 4963 1994 5015 ηαξνὶ
2044 4982 2057 5016 :

482 5046 693 5115 primus
728 5049 871 5117 quod
910 5049 1010 5103 sub
1039 5048 1317 5114 Adriano;
1354 5048 1494 5104 alter
1536 5053 1680 5120 quod
1713 5068 1857 5107 anno
1886 5055 2063 5109 aetatis

485 5138 764 5192 tricesimo
799 5153 995 5208 passus
1032 5139 1235 5193 dicitur
1276 5139 1547 5195 Justinus.
1595 5140 1905 5199 Verisimile
1955 5161 2056 5200 non

482 5236 566 5282 est
611 5212 670 5282 ut
709 5228 982 5284 Justiuum
1012 5230 1349 5298 Epiphanius
1377 5248 1520 5286 anno
1565 5236 1746 5289 relatis
1781 5236 2059 5293 tricesimo

484 5332 702 5385 passum
733 5319 989 5389 opinatus
1012 5320 1106 5384 sit,
1147 5338 1271 5375 cum
1319 5331 1397 5376 tot
1432 5324 1600 5379 libros
1624 5326 1692 5380 ab
1732 5344 1798 5381 eo
1828 5330 2061 5399 scriptos

488 5410 627 5462 haud
662 5410 969 5480 ignoraret.
1012 5426 1246 5480 eumque
1295 5429 1402 5468 non
1454 5417 1698 5473 obscure
1746 5420 1948 5476 indicet
2006 5425 2060 5478 iu

484 5499 758 5553 sanctiore
800 5499 909 5553 vita
953 5501 1043 5554 diu
1078 5503 1417 5575 multumque
1457 5509 1843 5564 exercitatum.
1882 5510 2060 5570 Minus

485 5586 681 5640 mirum
712 5588 856 5657 quod
880 5588 1023 5645 illius
1045 5596 1367 5662 martyrium
1393 5596 1494 5653 sub
1517 5600 1756 5656 Adriano
1785 5602 2017 5659 collucet
2042 5622 2058 5669 ;

486 5690 593 5729 non
623 5678 764 5732 enim
795 5694 1009 5749 semper
1041 5696 1327 5740 accuratus
1363 5699 1440 5743 est
1475 5690 1526 5744 in
1565 5693 1728 5747 rebus
1767 5696 2061 5750 chronolo—

556 5848 599 5877 ³⁸
633 5846 747 5903 Lib.
786 5865 837 5917 τ,
864 5865 914 5907 c.
941 5850 993 5908 4.
1073 5854 1114 5885 ³⁸
1153 5855 1352 5913 llazres.
1383 5860 1468 5915 46.

2170 4688 2407 4734 terarum
2432 4682 2478 4733 A
2502 4691 2556 4736 et
2578 4683 2627 4735 N
2656 4701 2778 4755 qua
2813 4688 2902 4743 his
2942 4693 3183 4748 numeris
3210 4693 3563 4765 designandis
3595 4702 3767 4755 adhi-

2168 4767 2385 4832 bent-ur,
2435 4772 2826 4831 dissimilitudo
2884 4780 3075 4837 oculos
3130 4797 3237 4836 non
3292 4784 3453 4839 valde
3513 4797 3766 4845 attentus

2168 4860 2340 4915 latere
2372 4865 2631 4928 potuerit.
2662 4868 2719 4920 Si
2751 4882 2882 4937 ergo
2929 4869 3177 4928 lustinus
3204 4889 3350 4928 anno
3376 4878 3558 4932 anatis
3590 4881 3763 4938 circi-

2169 4962 2247 5004 ter
2272 4951 2341 5004 50
2370 4963 2463 5006 aut
2504 4954 2573 5008 54
2602 4971 2797 5026 passus
2841 4970 2925 5015 est
2958 4964 3159 5033 {neque
3192 4966 3335 5020 enim
3366 4967 3484 5023 hanc
3515 4969 3767 5042 Epiphao

2166 5044 2289 5097 nius
2340 5045 2569 5100 ninnium
2611 5049 2807 5105 stricte
2846 5052 2911 5104 ad
2968 5055 3213 5111 calculos
3265 5062 3591 5133 revocabat)
3637 5079 3764 5119 cum

2164 5130 2330 5187 facile
2381 5134 2773 5207 intelligemus,
2829 5157 2930 5195 cur
2976 5154 3137 5199 anate
3180 5145 3334 5200 ﬁrma
3378 5157 3434 5202 et
3473 5130 3765 5210 constanti

2163 5240 2361 5293 passus
2393 5226 2634 5296 dicatur,
2683 5232 2735 5286 id
2783 5242 2866 5287 est
2914 5237 3151 5291 nondum
3198 5254 3390 5306 senex,
3439 5250 3556 5297 tum
3590 5249 3764 5303 etiam

2164 5334 2272 5387 quo
2314 5336 2460 5377 anno
2512 5332 2673 5379 natus
2711 5326 2803 5393 sit,
2843 5327 3100 5383 nimirum
3141 5348 3247 5388 non
3282 5334 3457 5390 multo
3494 5350 3625 5408 post
3668 5360 3767 5397 an-

2164 5429 2293 5467 num
2328 5415 2450 5470 1M.
2489 5416 2625 5473 Nam
2678 5419 2825 5474 illius
2876 5423 3203 5491 martyrium
3249 5428 3421 5481 multa
3477 5430 3765 5489 rationum

2171 5519 2448 5563 momenta
2492 5511 2753 5565 addicuut
2783 5526 2923 5565 anno
2954 5515 3176 5570 circiter
3207 5519 3329 5576 168.
3374 5589 3381 5594 _

2234 5597 2323 5653 Ill.
2367 5600 2639 5658 Traduxit
2669 5604 3096 5661 adolescentiam
3130 5608 3383 5668 Justinus
3436 5614 3492 5668 in
3543 5613 3767 5673 littera-

2165 5707 2281 5744 rum
2307 5694 2534 5761 studiis;
2579 5711 2643 5750 ac
2670 5697 2868 5767 poetis,
2900 5701 3216 5761 oratoribus
3249 5716 3314 5762 et
3351 5709 3671 5780 historicis,
3716 5726 3767 5769 ut
