3796 6504
47 438 139 492 109

1031 430 1094 491 D.
1132 427 1397 486 MARANI
1433 423 1825 484 PREFATIO.
1858 453 1930 468 --
1963 421 2141 481 PARS
2178 421 2264 481 ιιι.

3209 421 3315 477 ιιο

48 573 151 612 nios
171 564 311 619 erat,
344 569 589 623 operam
625 555 780 611 dedit
806 554 995 610 utilem
1025 553 1316 623 aliquando
1345 552 1416 607 ad
1455 551 1635 607 ethni-
1660 562 1709 620 Α
1734 562 1925 613 senex,
1949 547 2022 602 ita
2058 544 2487 616 contemplaris?
2525 563 2545 598 ι
2578 543 2773 600 Mirari
2819 558 2881 601 se
2910 543 3193 615 respondit
3213 542 3305 600 Ju-

43 664 126 703 cos
161 645 507 701 refellendo:
529 644 809 701 futuram.
837 645 1141 701 Rhetorica:
1174 644 1311 698 artis
1336 658 1441 699 non
1466 643 1625 697 valde

42 740 329 793 studiosum
364 737 550 792 fuisse
597 740 779 803 dicas,
828 738 872 793 si
920 738 1172 807 pleraque
1226 736 1372 792 illius
1416 737 1622 806 scripta

41 832 368 895 consideres,
423 831 483 884 in
542 832 754 900 quibus
797 832 1075 885 veritatem
1115 846 1221 884 non
1256 830 1346 884 ille
1401 830 1622 899 quidem

40 927 147 979 sine
174 924 384 987 nervis,
424 938 535 978 nec
584 926 713 979 sine
750 940 959 979 summa
1003 924 1051 978 vi
1098 922 1299 992 ingenii
1344 921 1619 988 defendit;

41 1027 94 1070 at
122 1017 258 1071 nulla
294 1031 541 1085 prorsus
582 1018 860 1071 orationis
892 1022 1217 1072 'ornamenta
1248 1016 1314 1070 ad
1354 1015 1499 1070 illius
1530 1016 1622 1070 de-

41 1109 323 1163 fensionem
378 1108 712 1164 adhibenda
748 1110 1099 1166 existimavit.
1140 1109 1282 1177 Quid
1333 1117 1515 1163 tamen
1565 1108 1617 1162 in

45 1202 134 1255 hoc
152 1215 347 1271 genere
369 1210 597 1268 posset,
628 1201 832 1256 indicio
853 1212 935 1256 est
957 1200 1262 1256 Cohortatio
1286 1203 1355 1255 ad
1381 1199 1617 1266 ercos,

44 1309 145 1362 qua
170 1290 531 1362 elegantiori,
565 1308 741 1362 quam
765 1294 870 1348 alia
914 1293 1030 1362 ejus
1058 1308 1244 1362 Opera,
1278 1295 1490 1349 dicendi
1528 1309 1621 1363 ge-

42 1400 152 1439 nere
185 1385 552 1455 splendescit.
608 1386 682 1440 At
731 1387 932 1442 nullius
974 1386 1279 1457 disciplinae
1329 1388 1621 1442 vehemen-

41 1480 133 1532 tius
154 1494 308 1547 quam
334 1478 731 1549 philosophia
752 1480 946 1534 studiis
969 1480 1178 1534 exarsit
1207 1493 1224 1534 :
1255 1487 1310 1533 et
1339 1494 1463 1535 cum
1508 1482 1619 1534 exi-

40 1574 186 1623 mium
219 1584 473 1623 amorem
520 1571 786 1624 veritatis
820 1570 1126 1636 considero,
1175 1585 1337 1640 quem
1395 1570 1617 1640 pericli-

41 1664 195 1717 taedis
225 1662 707 1731 philosophorum
763 1663 930 1717 sectis
988 1662 1326 1729 declaravit,
1377 1663 1614 1718 divinam

43 1751 423 1806 Providentiam
458 1754 745 1818 admiror,
793 1768 912 1822 quae
951 1754 1029 1809 sic
1082 1752 1225 1807 illius
1275 1754 1517 1808 animum
1548 1754 1614 1808 ad

41 1844 294 1897 amandam
334 1845 652 1901 veritatem
708 1846 1027 1910 inclinabat,
1069 1855 1129 1899 ut
1177 1854 1311 1900 cum
1340 1862 1461 1901 eam
1503 1847 1617 1900 fruo

1726 639 1923 702 stinus,
1951 637 2095 706 quod
2128 636 2201 691 ibi
2224 636 2568 708 potissimum
2601 635 2706 691 sibi
2745 636 3097 699 occurrisset,
3121 634 3213 690 ubi
3251 649 3313 691 se

1726 742 1756 780 a
1781 728 2000 783 nemine
2022 727 2197 783 visum
2232 728 2301 782 iri
2338 728 2613 797 sperabat.
2653 744 2674 779 ι
2709 725 2989 783 Sollicitus
3035 740 3178 792 sum,
3222 727 3314 782 in—

1724 820 1846 886 quit
1868 833 2056 885 senex,
2086 822 2153 876 de
2177 834 2423 876 meorum
2456 818 2738 874 nonnullis
2767 834 2781 870 :
2811 818 2865 872 hi
2896 832 3128 888 peregre
3171 817 3309 873 mihi

1725 908 2017 974 abierunt;
2049 908 2405 978 quamobrem
2436 917 2743 979 spectatum
2778 910 2900 964 veni
2927 924 2994 963 an
3021 922 3146 966 sese
3170 910 3307 966 mihi

1723 999 1976 1055 alicunde
2005 1002 2280 1056 ostensuri
2308 1002 2440 1056 sint.
2466 1002 2545 1057 Tu
2574 1016 2705 1057 vero
2733 1002 2994 1072 quidnam
3021 1004 3110 1058 hic
3129 1017 3313 1058 rerum

1726 1092 1917 1161 geris?
1955 1110 1974 1145 ι
2012 1092 2310 1162 Postquam
2345 1082 2746 1150 demonstravit
2774 1094 3026 1151 Justinus
3056 1110 3116 1150 se
3136 1096 3317 1165 philo-

1723 1183 1931 1252 sophice
1962 1185 2273 1239 studiosum
2306 1199 2431 1241 esse
2454 1201 2519 1240 ac
2550 1183 2845 1241 meditandi
2875 1200 3039 1241 causa
3073 1186 3203 1244 illuc
3222 1202 3316 1243 ve-

1723 1274 1912 1340 nisse;
1945 1286 2057 1329 tum
2088 1291 2254 1332 senex
2288 1276 2471 1331 oblata
2499 1277 2791 1333 occasione
2816 1292 2880 1332 ea
2912 1278 3153 1344 disserit,
3190 1292 3315 1347 quae

1722 1383 1787 1423 ex
1820 1382 1889 1423 eo
1918 1368 2102 1423 audita
2135 1368 2318 1424 retulit
2338 1368 2587 1424 Justinus
2615 1369 2770 1424 initio
2788 1368 3007 1437 Dialogi
3034 1385 3155 1422 cum
3179 1368 3315 1439 Try-

1719 1459 1911 1528 phone.
1940 1459 2184 1531 Longius
2227 1460 2557 1530 colloquium
2590 1476 2752 1531 quam
2782 1468 2841 1515 ut
2886 1461 3017 1515 illud
3051 1461 3156 1515 hoc
3192 1461 3316 1517 loco

1721 1550 1977 1606 referam.
2022 1550 2171 1607 Satis
2216 1560 2299 1607 est
2350 1552 2647 1608 observare
2677 1553 2939 1607 eximiam
2981 1554 3132 1607 senis
3175 1568 3312 1623 pru-

1719 1643 1982 1708 dentiam,
2022 1643 2119 1713 qui
2159 1659 2281 1698 cum
2310 1644 2584 1699 Justinum
2620 1645 2832 1701 videret
2874 1648 2941 1701 de
2971 1646 3315 1717 philosophis

1720 1733 1957 1791 inflatius
1987 1736 2338 1800 sentientem,
2376 1737 2457 1791 sic
2482 1735 2603 1805 ejus
2626 1737 2868 1792 animum
2908 1739 3312 1808 pertractavit,

1722 1834 1778 1878 ut
1803 1826 1982 1895 primo
2013 1826 2158 1881 illius
2183 1826 2447 1891 scientiae,
2472 1828 2539 1882 de
2560 1842 2666 1896 qua
2707 1836 2992 1898 tantopere
3038 1827 3313 1899 gloriaba-

40 1949 134 1989 ειη
175 1937 309 2006 ,ρυά
360 1938 751 2008 philosophos
796 1939 1121 2007 qumsﬁsset,
1178 1938 1419 2008 gramm,
1462 1939 1619 1993 ειπί,
1645 1922 1689 1975 Β
1720 1930 1829 1988 tur,
1860 1919 2179 1975 inanitatem
2211 1922 2559 1985 ostenderet;
2591 1920 2789 1976 deinde
2830 1920 3031 1990 quibus
3067 1937 3138 1977 ex
3184 1920 3311 1977 lon-

42 2030 97 2081 sti
136 2030 267 2082 dono
321 2032 392 2084 ad
445 2031 640 2099 ipsius
692 2030 883 2085 oculos
945 2029 1296 2101 affulgcntem
1351 2030 1623 2100 arriperet

39 2122 191 2183 avide,
216 2131 560 2177 constanter
599 2123 950 2177 defenderet.

95 2212 316 2268 Primum
364 2214 756 2283 philosophiae
793 2216 1114 2284 magistrum
1158 2214 1617 2270 habuitStoicum

39 2307 318 2370 quemdam,
381 2323 454 2361 ac
509 2308 661 2361 satis
710 2308 801 2359 ditt
834 2323 955 2361 cum
984 2322 1049 2361 eo
1073 2317 1325 2363 versatus
1362 2318 1470 2363 est.
1511 2308 1618 2365 Sed

38 2415 139 2451 mm
178 2414 232 2453 se
263 2399 448 2455 nihilo
500 2400 675 2469 plura
719 2400 786 2453 de
821 2399 929 2453 Deo
965 2400 1109 2454 scire
1153 2400 1619 2455 animadverteret

38 2506 162 2550 mall]
189 2508 285 2547 nec
314 2494 549 2547 sciebat
603 2492 731 2560 ipse
769 2492 1005 2556 Stoicus,
1044 2506 1219 2561 neque
1262 2492 1404 2547 hanc
1442 2493 1619 2547 scien-

40 2588 145 2637 tiam
190 2588 576 2640 necessariam
633 2584 994 2656 putabat),ab
1037 2600 1102 2639 eo
1134 2584 1424 2650 discessit,
1453 2598 1620 2654 seque

36 2678 88 2726 ad
121 2676 274 2731 alium
325 2678 616 2740 contulit,
679 2691 841 2744 quem
882 2675 1305 2746 Peripateticum
1339 2675 1615 2742 dicebant,

38 2770 300 2836 hominem,
340 2780 406 2825 ut
445 2770 564 2825 sibi
606 2772 735 2837 ipse
773 2767 1083 2836 videbatur,
1118 2778 1465 2838 peracutum.
1510 2770 1616 2826 Sed

36 2876 132 2914 eum
169 2862 354 2931 paucis
402 2874 541 2930 post
580 2861 787 2915 diebus
814 2861 880 2913 de
913 2860 1163 2915 mercede
1204 2869 1455 2929 agentem
1487 2864 1617 2918 mis-

37 2966 131 3005 Sum
171 2951 327 3019 fecit,
396 2969 472 3009 ne
540 2953 940 3022 phil050pltunt
997 2951 1217 3021 quidem
1267 2951 1611 3011 existimans.

35 3043 129 3097 Non
152 3055 327 3101 tamen
373 3044 731 3109 deterritus,
766 3042 908 3111 quod
952 3041 1054 3097 sibi
1089 3045 1145 3095 in
1195 3043 1407 3098 duobus
1450 3045 1619 3114 magi-

36 3137 139 3190 stris
164 3138 440 3192 adeundis
475 3153 691 3207 parum
734 3135 1118 3198 successisset,
1146 3132 1395 3205 confugit
1430 3138 1497 3190 ad
1525 3153 1618 3193 ce-

37 3230 351 3285 leberrimum
403 3231 862 3300 Pythagoreum,
917 3229 1192 3283 hominem
1237 3229 1303 3282 de
1347 3229 1613 3298 sapientia
1640 3270 1682 3325 α

37 3322 162 3377 valde
189 3323 547 3393 gloriantem.
578 3321 702 3376 Sed
737 3321 783 3375 is
822 3321 962 3376 hanc
993 3323 1358 3378 conditionem
1394 3322 1607 3379 Justino

40 3414 156 3479 tulit,
183 3426 236 3469 ut
264 3426 577 3484 antequam
617 3414 691 3468 ad
726 3414 897 3483 ipsius
923 3414 1068 3480 boni,
1095 3430 1161 3470 ac
1194 3416 1362 3485 ipsius
1394 3416 1606 3485 pulchri

38 3508 513 3561 considerationem
566 3516 916 3576 assurgeret,
960 3509 1204 3573 musicas,
1260 3509 1608 3563 astronomiae

38 3610 80 3654 et
98 3602 397 3670 geometria:
436 3603 612 3657 daret
658 3617 909 3670 operam.
944 3602 1339 3659 Permolestum
1377 3603 1429 3657 id
1471 3602 1611 3657 acci-

39 3695 100 3746 dit
119 3693 345 3763 Jusuno,
375 3698 473 3765 qui
518 3711 654 3749 cum
689 3704 905 3781 te’mpus
936 3696 987 3749 in
1032 3696 1117 3750 his
1155 3695 1459 3764 disciplinis
1486 3710 1615 3749 con-

42 3796 186 3841 terere
205 3788 393 3853 nollet,
424 3787 758 3841 Platonicos
787 3787 941 3851 adiit,
980 3803 1146 3857 seque
1184 3788 1299 3842 viro
1334 3789 1611 3858 prudenti,

42 3881 110 3944 qui
137 3898 328 3948 recens,
374 3883 595 3951 inquit,
633 3881 691 3934 in
733 3879 915 3934 urbem
955 3892 1189 3935 nostram
1221 3881 1529 3949 advenerat,
1558 3880 1614 3936 in

44 3972 348 4042 disciplinam
382 3972 654 4030 tradidit.
959 3962 966 3968 ’

95 4062 167 4118 ιν.
196 4065 521 4121 Plurimum
574 4064 912 4133 proﬁciebat
936 4065 990 4119 in
1035 4065 1136 4121 hoc
1166 4065 1423 4122 instituto
1445 4065 1620 4121 Justi-

44 4170 154 4219 nus;
180 4160 266 4213 sed
295 4160 451 4212 illius
487 4158 544 4211 in
581 4155 1020 4225 contemplandis
1068 4157 1231 4212 rebus
1282 4155 1620 4227 incorporeis

44 4262 325 4317 progressus
360 4268 431 4306 eo
476 4247 775 4312 redibant,
806 4256 867 4300 ut
890 4247 1107 4317 sapiens
1133 4250 1235 4304 sibi
1263 4249 1377 4318 ipse
1404 4249 1621 4305 videre-

47 4352 115 4395 tur
134 4345 391 4410 evasisse,
430 4360 501 4399 ac
526 4359 647 4414 prae
678 4342 976 4396 stoliditate
1002 4342 1054 4395 in
1085 4357 1233 4412 spem
1257 4341 1620 4410 videndipro-

46 4433 159 4490 linus
193 4438 281 4492 Dei
314 4438 570 4491 veniret.
618 4435 737 4488 Non
776 4435 826 4489 ei
856 4432 1098 4504 profecto
1136 4433 1307 4503 magis
1340 4431 1615 4487 Platonica

44 4527 261 4596 decreta,
308 4546 492 4601 quam
538 4528 781 4583 aliorum
841 4525 1291 4596 philosophorum
1340 4534 1501 4580 sect-.e
1548 4526 1614 4579 ad

1725 2012 1872 2066 tibus
1916 2011 2219 2066 haurienda
2270 2012 2344 2066 sit
2409 2013 2615 2067 veritas
2650 2060 2651 2063 η
2682 2013 2962 2068 edoceret.
3017 2013 3315 2085 Postquam

1722 2104 1868 2159 enim
1909 2103 2158 2159 Justinus
2196 2118 2298 2160 nec
2348 2102 2715 2175 Pythagoram
2766 2121 2869 2161 nec
2917 2105 3200 2163 Platonem
3243 2108 3315 2163 ad

1724 2199 1834 2253 veri
1883 2199 2244 2267 cognitionem
2287 2198 2607 2269 pervenisse
2646 2202 2924 2270 cognovit,
2955 2200 3209 2270 quaesivit
3243 2214 3315 2256 ex

1721 2305 1854 2346 sene
1884 2290 2084 2360 quibus
2132 2291 2349 2345 tandem
2387 2291 2666 2357 magistris
2704 2292 2959 2346 utendum
3007 2292 3098 2357 sit,
3128 2292 3173 2347 si
3215 2307 3313 2347 ve-

1721 2398 1937 2438 rumne
1968 2383 2059 2437 isti
2096 2383 2313 2449 quidem
2355 2381 2611 2436 viderint.
2656 2380 2838 2447 Quare
2871 2395 3043 2437 senex
3084 2382 3314 2451 praecla-

1721 2489 1840 2529 rum
1872 2475 2086 2530 dicendi
2128 2488 2384 2544 campum
2432 2472 2737 2543 ingressus,
2775 2474 3066 2528 veritatem
3115 2489 3145 2528 a
3182 2488 3317 2543 pro-

1720 2565 1898 2636 phetis
1925 2564 2214 2635 petendam
2240 2578 2364 2619 esse
2405 2562 2764 2628 demonstrat,
2808 2578 3012 2632 eosque
3040 2562 3228 2620 laudat
3254 2576 3312 2621 et

1720 2658 2158 2714 commendatab
2208 2658 2537 2727 antiquitate
2585 2672 2691 2727 qua
2742 2656 3098 2727 philosophos
3147 2657 3313 2729 longe

1718 2761 2001 2821 superant,
2035 2765 2065 2804 a
2095 2750 2309 2821 Spiritu
2354 2758 2549 2805 sancto
2594 2764 2704 2818 quo
2752 2747 2978 2805 amante
3022 2749 3311 2807 vaticinati

1718 2852 1864 2908 sunt,
1909 2843 1978 2897 ab
2020 2853 2217 2898 eventu
2253 2840 2639 2912 praedictarum
2680 2855 2883 2905 rerum,
2925 2855 2957 2895 a
3005 2855 3217 2896 summa
3254 2841 3312 2896 in

1718 2938 1947 2993 edendis
1971 2936 2211 2993 oraculis
2236 2936 2493 2993 libertate
2523 2944 2579 2991 et
2600 2935 2936 2999 constantia,
2969 2950 3001 2988 a
3027 2934 3310 2990 miraculis

1717 3028 1916 3096 quibus
1953 3028 2214 3083 vaticinia
2247 3044 2343 3084 sua
2385 3027 2799 3091 confirmarunt,
2830 3025 2899 3081 ab
2931 3025 3049 3095 ipsa
3074 3024 3312 3095 denique

1718 3119 2064 3176 oraculorum
2090 3119 2390 3175 sanctitate
2419 3117 2591 3173 Deum
2622 3115 2809 3171 mundi
2842 3123 3144 3171 creatorem
3173 3113 3313 3183 ejus-

1717 3227 1823 3282 que
1853 3212 2132 3267 Christum
2182 3211 2347 3267 unice
2383 3208 2808 3266 celebrantium.
2848 3207 3090 3263 Tandem
3133 3207 3312 3261 disce-

1715 3306 1851 3360 dens
1881 3304 2155 3359 Justiuum
2201 3305 2476 3369 hortatur,
2514 3311 2573 3357 ut
2612 3303 2728 3377 bgc
2768 3300 3084 3357 meditando
3133 3314 3314 3369 perse-

1709 3408 1928 3467 quatur,
1962 3412 2263 3467 eorumque
2285 3396 2702 3468 intelligentiam
2735 3412 2764 3448 a
2803 3396 2911 3450 Deo
2950 3393 3193 3463 postulet
3223 3410 3239 3460 ;
3277 3411 3312 3450 a

1710 3480 1928 3544 nemine
1949 3490 2095 3545 enim
2117 3490 2355 3560 perspici
2376 3499 2432 3543 et
2455 3487 2678 3559 intelligi
2714 3500 2899 3556 posse,
2928 3486 3034 3542 nisi
3055 3486 3145 3541 cui
3164 3486 3313 3543 Deus

1710 3582 2020 3653 intelligere
2046 3581 2259 3636 dederit
2287 3590 2344 3636 et
2368 3580 2627 3636 Christus
2655 3579 2797 3649 ejus.

1791 3674 1912 3729 Non
1952 3673 2185 3742 amplius
2217 3673 2354 3727 vidit
2381 3672 2524 3728 hunc
2557 3687 2744 3728 senem
2788 3671 3036 3729 Justinus
3058 3712 3074 3737 ,
3118 3671 3214 3727 sed
3248 3682 3315 3726 se

1710 3767 1829 3837 ejus
1850 3767 2122 3837 colloquio
2154 3768 2453 3823 adductum
2486 3768 2713 3831 fatetur,
2745 3777 2804 3821 ut
2834 3767 3162 3825 Christianae
3187 3766 3314 3837 pbi-

1713 3860 1975 3931 losophiae
1997 3874 2197 3915 nomen
2230 3862 2404 3915 daret.
2442 3877 2461 3910 t
2493 3859 2619 3914 llaec
2643 3859 2755 3926 ille,
2785 3860 2961 3929 inquit
2982 3860 3037 3914 in
3058 3858 3311 3927 Dialogo,

1714 3966 1772 4009 et
1798 3955 1965 4008 multa
2002 3953 2107 4008 alia
2133 3968 2258 4008 cum
2290 3953 2543 4017 dixisset,
2570 3968 2691 4023 qua:
2723 3953 2933 4009 referre
2967 3967 3076 4008 non
3102 3962 3185 4008 est
3209 3953 3317 4006 hu-

1710 4049 1802 4118 jus
1832 4047 2113 4117 temporis,
2137 4047 2328 4103 abiens
2362 4047 2621 4117 praecepit
2649 4055 2707 4099 ut
2742 4060 2805 4100 ea
2840 4045 3154 4100 meditando
3177 4060 3307 4116 per-

1718 4155 2021 4210 sequerer;
2048 4154 2227 4210 neque
2250 4139 2404 4193 illum
2440 4139 2679 4209 amplius
2714 4137 2846 4193 vidi.
2879 4137 3011 4192 Mihi
3042 4151 3175 4194 vero
3198 4148 3315 4193 sta-

1722 4234 1815 4287 tim
1848 4235 1900 4286 in
1926 4234 2109 4287 anima
2145 4232 2285 4302 ignis
2315 4230 2547 4297 exarsit,
2580 4244 2775 4300 meque
2815 4244 2972 4285 amor
3018 4233 3316 4300 propheta-

1720 4341 1839 4379 rum
1884 4336 1939 4379 et
1983 4324 2189 4380 Christi
2248 4324 2550 4379 amicorum
2602 4322 2824 4376 invasit.
2874 4320 3124 4389 Cumque
3167 4320 3316 4376 illius

1722 4432 2004 4471 sermones
2049 4416 2192 4487 apud
2234 4416 2479 4469 animum
2521 4426 2911 4482 proponerem,
2948 4413 3092 4467 hanc
3136 4410 3312 4467 solam

1724 4510 2061 4579 reperiebam
2088 4507 2513 4578 philosophiam,
2549 4521 2668 4574 qua:
2698 4504 2919 4573 quidem
2955 4514 3071 4558 tuta
3116 4514 3172 4561 et
3214 4505 3317 4559 uti-

44 4617 278 4677 interioris
328 4597 700 4691 vcorruptelae
760 4618 1125 4689 cognitionem
1147 4656 1163 4682 ,
1225 4617 1292 4671 ad
1359 4616 1611 4670 vitiorum
1647 4624 1691 4679 1)
1721 4603 1787 4657 Ιίε
1813 4602 1974 4655 “trel-
2010 4601 2089 4655 Αά
2118 4601 2262 4654 hunc
2302 4613 2405 4667 εεο
2446 4599 2859 4691 ιμιοάυιηγίιιῼξιθ
2891 4597 2996 4651 hac
3041 4598 3113 4652 de
3145 4612 3318 4653 causa

45 4716 452 4769 emendationem
510 4711 897 4782 profuissent,
953 4709 1052 4763 nisi
1097 4723 1218 4763 eum
1261 4707 1516 4764 Christus
1546 4707 1613 4762 ad

45 4805 272 4861 saniorem
298 4804 733 4879 philosophiam
766 4810 1033 4857 vocasset.
1081 4799 1363 4867 Quomodo
1395 4798 1448 4853 id
1478 4812 1612 4852 con-

48 4899 193 4965 egerit
223 4915 287 4955 ex
335 4900 511 4955 initio
538 4895 788 4966 Dialogi,
821 4894 1277 4964 quemadmodum
1300 4902 1355 4947 et
1389 4907 1453 4947 ea
1492 4904 1613 4960 quae

46 4990 169 5043 modo
188 4992 441 5055 narravi,
474 4988 890 5059 cognoscimus.

96 5080 262 5139 Elatus
309 5084 584 5140 idearum
644 5077 1106 5146 contemplatione
1143 5076 1413 5141 Justinus,
1464 5089 1619 5129 como

50 5176 280 5230 mentandi
306 5189 487 5232 causa
513 5174 570 5228 in
605 5184 807 5241 agrum
836 5185 942 5223 non
974 5178 1240 5224 remotum
1271 5184 1300 5223 a
1328 5168 1467 5223 mari
1489 5181 1613 5237 pro-

53 5257 182 5317 fectus
230 5277 356 5332 est;
412 5276 669 5332 cumque
710 5259 927 5328 fugiens
973 5261 1251 5316 hominum
1291 5258 1519 5328 vestigia
1563 5257 1615 5311 ei

53 5354 139 5408 ioco
165 5360 598 5429 propinquaret,
630 5352 730 5407 ubi
769 5366 951 5407 secum
996 5353 1111 5422 ipse
1141 5353 1259 5407 sine
1305 5349 1616 5420 interpella-

54 5444 164 5502 tione
182 5461 507 5506 versaturus
526 5457 685 5503 esset
712 5462 728 5513 ;
760 5456 954 5516 praeter
982 5446 1125 5501 illius
1148 5444 1613 5516 exspectationem

56 5542 250 5611 contigit,
283 5555 340 5600 ul
374 5558 511 5599 eum
541 5538 777 5595 modico
824 5537 1108 5594 intervallo
1137 5544 1506 5592 assectaretur
1531 5548 1618 5589 se-

58 5644 129 5683 nex
152 5636 386 5703 quidam,
422 5634 599 5704 cujus
630 5632 689 5685 io
728 5628 880 5684 vultu
904 5630 1073 5684 comis
1117 5627 1390 5685 residebat
1432 5624 1615 5697 gravi-

60 5733 132 5777 ιῖιε.
166 5728 473 5785 Conversus
506 5725 783 5781 Justinus
807 5723 1059 5789 subSIitit,
1094 5738 1157 5777 ac
1194 5724 1245 5777 in
1271 5735 1393 5776 eum
1424 5720 1618 5775 oculos

62 5818 195 5872 acrius
227 5823 439 5877 deﬁxit.
478 5818 635 5873 Tum
672 5828 881 5869 settex:
914 5834 930 5866 α
960 5814 1130 5883 Mene,
1164 5812 1373 5883 inquit,
1414 5826 1616 5881 cogno-

63 5908 168 5963 scis?
207 5934 224 5966 ι
270 5914 510 5985 Negavit
559 5908 847 5967 Justinus.
888 5926 905 5961 t
935 5907 1068 5976 Quid
1095 5924 1199 5986 _me
1226 5908 1410 5979 igitur,
1436 5905 1615 5973 inquit

1720 4694 2101 4764 philosophus.
2133 4709 2153 4745 ι
2203 4691 2371 4745 Multa
2404 4690 2570 4761 igitur
2614 4689 2717 4742 alia
2748 4686 3083 4744 disseruerat
3122 4704 3315 4753 senex,

1719 4803 1843 4857 quae
1868 4784 2118 4840 Justinus
2163 4784 2268 4838 hoc
2307 4782 2430 4838 loco
2462 4781 2747 4837 relerenda
2790 4795 2898 4836 non
2938 4779 3149 4850 iudicat
3173 4796 3191 4846 ;
3216 4795 3317 4836 nec

1718 4879 2027 4949 generatim
2060 4887 2119 4931 et
2140 4877 2500 4939 subobscure,
2523 4883 2581 4929 ut
2605 4874 2884 4930 existimat
2906 4873 3314 4940 Tillemontius,

1721 4974 1787 5027 de
1825 4973 2050 5026 Christo
2102 4970 2321 5025 locutus
2368 4969 2587 5034 fuerat;
2625 4968 2722 5023 sed
2767 4970 2834 5021 ad
2858 4976 3180 5022 accuratam
3220 4969 3316 5023 de-

1719 5065 2014 5119 scenderat
2039 5063 2322 5135 religionis
2348 5062 2779 5132 expositionem,
2808 5061 2883 5115 ita
2911 5069 2969 5113 ut
2988 5056 3242 5115 Justinus
3261 5058 3313 5114 ei

1719 5164 1999 5224 acceptum
2032 5155 2241 5209 referre
2277 5168 2386 5211 non
2428 5154 2660 5217 dubitet,
2688 5152 2833 5220 quod
2864 5152 2919 5206 in
2948 5149 3175 5220 Dialogo
3218 5164 3317 5203 ex-

1718 5249 1936 5315 quisitis
1966 5248 2269 5302 rationibus
2292 5247 2646 5308 demonstrat,
2687 5259 2797 5298 non
2818 5244 2899 5299 ab
2928 5245 3188 5313 operibus
3224 5241 3316 5295 le-

1718 5342 1822 5410 gis,
1859 5348 1951 5395 seu
1976 5341 2046 5394 ab
2076 5340 2348 5395 incarnati
2381 5338 2507 5394 Filii
2543 5339 2641 5395 Dei
2679 5340 2855 5408 gratia
2883 5338 3111 5395 salutem
3144 5335 3315 5407 protl-

1717 5435 1875 5502 cisci,
1911 5433 2125 5504 Dialog.
2160 5450 2217 5487 ιι.
2242 5433 2337 5487 23.

1791 5527 2112 5599 Suspicatus
2131 5538 2211 5583 est
2251 5526 2552 5581 llalloixius
2579 5522 2900 5596 angelorum
2932 5519 3168 5588 aliquem
3208 5519 3313 5573 sub

1721 5621 1900 5675 forma
1935 5621 2087 5675 senis
2115 5619 2333 5674 Justino
2363 5620 2539 5673 visum
2584 5617 2775 5671 fuisse.
2824 5612 2882 5668 ιιι
2909 5625 3042 5664 vero
3092 5606 3311 5663 similli-

1722 5731 1871 5771 mum
1900 5715 2075 5770 videri
2105 5715 2308 5770 debere
2334 5703 3079 5784 prouuntiatTillemontius,
3109 5702 3159 5757 si
3179 5716 3337 5758 cont

1723 5812 1996 5867 sideretur
2025 5809 2240 5865 subitus
2274 5807 2362 5862 ille
2393 5814 2448 5861 et
2471 5803 2799 5875 improvisus
2836 5798 3073 5854 hominis
3117 5812 3315 5852 occur-

1725 5920 1817 5961 sus
1840 5903 1891 5957 in
1915 5903 2036 5957 loco
2059 5901 2221 5955 nullis
2243 5900 2522 5955 hominum
2544 5894 2790 5963 vestigiis
2812 5893 2967 5954 trito,
2983 5890 3317 5959 colloqututn
