3792 6500
464 406 562 464 ll!

1356 404 1413 461 S.
1448 403 1782 460 JUSTINUS
1815 404 2299 463 PHILOSOPHUS
2330 406 2420 465 ΕΤ
2447 408 2764 467 MARTYR.

3644 425 3741 481 1'12

459 527 528 578 de
555 526 717 581 rebus
746 525 1108 596 gravissimis,
1134 524 1279 594 quOd
1324 540 1436 580 non
1464 534 1576 580 tam
1607 541 1737 581 casu
1771 527 2036 594 oblatum,
2068 533 2115 591 Α
2147 529 2243 584 vit.
2286 527 2404 584 lam
2441 532 2586 587 enim
2638 531 2839 589 multos
2892 532 2945 589 in
2999 535 3341 608 philosophia
3402 554 3740 612 pregressus

452 631 630 687 quam
671 616 904 671 consilio
946 626 1257 686 susceptum
1310 624 1367 671 et
1416 618 1706 686 quaesitum
1759 618 2040 685 videatur,

448 714 845 784 optatissimus
878 713 1113 783 denique
1146 713 1326 770 exitus
1344 713 1622 784 colloquii,
1654 714 1869 769 Justino
1892 730 1922 768 a
1953 731 2047 769 su-

446 808 781 877 perstitione
830 807 896 861 ad
942 821 1130 861 veram
1188 806 1505 875 religionem
1534 846 1550 871 ,
1602 823 1630 860 a
1684 807 2045 876 philosophiae

457 901 829 954 admiratione
884 903 950 954 ad
1010 898 1214 953 Christi
1264 913 1505 953 amorem
1567 900 1831 954 traducto.
1888 900 2043 966 Quod

456 1001 638 1045 autem
686 992 867 1046 aiebat
914 1005 1080 1045 senex
1124 988 1415 1044 sollicitum
1466 1005 1525 1045 se
1567 1005 1689 1044 esse
1715 993 1781 1045 de
1820 1005 2040 1044 suorum

456 1086 756 1149 nonnullis,
800 1086 899 1155 qui
950 1099 1179 1155 peregre
1212 1084 1501 1149 abierant,
1538 1081 1816 1153 designari
1858 1082 2044 1137 existi-

444 1185 570 1231 ‘mat
599 1177 761 1231 idem
792 1175 1177 1231 Tillemontius
1208 1173 1586 1229 ministrorum
1617 1189 1647 1227 a
1682 1172 1794 1227 Deo
1842 1173 2038 1227 misso-

454 1282 573 1322 rum
601 1267 1049 1332 sollicitudinem,
1083 1275 1144 1322 ut
1182 1266 1433 1321 homines
1455 1280 1487 1320 a
1537 1265 1653 1319 Deo
1679 1264 2042 1333 peregrinan-

454 1367 537 1413 tes
568 1364 623 1412 et
666 1358 943 1428 fugitivos,
993 1372 1060 1413 ex
1098 1358 1268 1412 variis
1306 1357 1537 1423 semitis,
1566 1359 1620 1412 in
1662 1359 1865 1426 quibus
1889 1372 2043 1411 erra-

451 1450 616 1503 bundi
653 1459 954 1519 vagantur,
999 1450 1066 1503 ad
1094 1450 1380 1504 veritatem
1422 1458 1477 1504 et
1511 1450 1576 1503 ad
1614 1450 1847 1518 patriam
1883 1449 2044 1501 redu-

453 1550 601 1596 cant.
655 1539 787 1595 Illud
832 1540 1085 1611 profecto
1120 1540 1297 1595 videri
1332 1554 1439 1595 non
1475 1538 1637 1595 debet
1674 1538 2000 1593 incredibile
2023 1586 2038 1610 ,

450 1633 727 1689 Justinum
772 1633 1041 1688 miraculo
1071 1633 1310 1702 quodam
1338 1632 1406 1687 ad
1444 1631 1732 1701 religionis
1766 1632 2033 1717 cognitio:

448 1744 574 1784 nem
602 1728 926 1799 pervenisse
950 1767 966 1794 ,
1002 1742 1130 1782 cum
1164 1727 1249 1781 his
1284 1726 1621 1795 temporibus
1660 1724 1800 1779 idem
1851 1725 2040 1778 multis

449 1821 572 1875 aliis
596 1820 870 1875 evenerit.

2152 619 2407 684 habebat,
2446 631 2500 676 et
2543 638 2665 677 cum
2706 624 2890 692 plures
2934 626 3382 699 philosophorum
3415 644 3611 689 sectas
3649 652 3737 705 gn.

2151 718 2370 775 stasset,
2411 713 2587 766 studia
2651 728 2745 768 sua
2797 713 2851 768 in
2882 715 3157 774 Platonica
3191 719 3407 775 ﬁxerat.
3461 722 3609 776 Eum
3642 727 3737 779 sub

2145 800 2386 854 Adriano
2413 817 2739 858 conversum
2772 804 2942 861 fuisse
2967 818 3200 864 testatur
3219 811 3468 866 Zonaras
3495 830 3510 866 :
3537 815 3615 868 de
3646 816 3738 869 hac

2145 894 2507 947 conversione
2539 896 2809 952 Eusebius
2839 901 2939 953 sub
2966 900 3157 956 eodem
3186 903 3525 973 imperatore
3558 905 3736 975 loqui-

2148 991 2259 1047 tur,
2294 987 2543 1054 satisque
2569 1003 2630 1042 ea
2672 989 2737 1044 de
2760 1005 2820 1045 re
2852 990 2993 1047 inter
3030 994 3278 1049 eruditos
3302 998 3590 1050 convenit.
3624 999 3736 1064 Quo

2146 1083 2325 1128 autem
2355 1075 2582 1132 Adriani
2612 1095 2756 1137 anno
2784 1083 2837 1137 id
2868 1084 3183 1154 contigerit,
3214 1103 3462 1144 nonauna
3497 1100 3585 1144 est
3614 1105 3738 1143 sen-

2147 1164 2338 1220 tentia.

2214 1257 2371 1315 Hunc
2414 1273 2673 1318 eventum
2708 1267 2976 1334 nonnulli,
3011 1269 3065 1324 in
3112 1270 3199 1326 bis
3242 1273 3500 1343 eruditus
3538 1283 3737 1329 auctor

2145 1352 2547 1411 dissertationis
2582 1356 2740 1414 modo
2777 1360 3028 1427 laudatae,
3060 1364 3303 1419 referunt
3352 1366 3421 1420 ad
3472 1381 3735 1436 persecu-

2146 1445 2347 1499 tionum
2376 1446 2625 1513 Adriani,
2660 1450 2711 1503 id
2746 1460 2830 1505 est
2858 1455 2925 1506 ad
2950 1469 3040 1507 an.
3080 1454 3203 1509 126.
3237 1454 3344 1510 Sed
3379 1472 3579 1511 eorum
3614 1457 3734 1525 opi-

2144 1538 2358 1591 nionem
2391 1543 2609 1606 penitus
2638 1544 2833 1597 evertit
2864 1544 3129 1601 Eusebius
3149 1587 3164 1612 ,
3206 1548 3298 1617 qui
3329 1558 3631 1620 postquam
3670 1550 3733 1604 de

2141 1627 2362 1683 Antinoi
2388 1635 2803 1690 consecratione
2836 1634 3049 1690 locutus
3083 1646 3167 1694 est
3191 1641 3422 1714 ,‘statim
3458 1641 3623 1694 addit
3670 1642 3733 1694 de

2140 1719 2356 1777 Justino
2388 1743 2401 1777 :
2434 1725 2592 1779 Κατὰ
2622 1727 2812 1782 τοῦτον
2844 1730 2900 1783 δὲ
2931 1732 3023 1784 καὶ
3063 1732 3342 1798 Ἰουστῖνος
3370 1736 3606 1805 γνήσιος
3636 1735 3732 1804 τῆς

2140 1815 2372 1886 ἀληθοῦς
2404 1818 2717 1889 φιλοσοφίας
2765 1823 2997 1894 ἐραστὴς
3043 1824 3124 1877 ἔτι
3165 1829 3278 1890 τοῖς
3324 1828 3454 1899 παρ’
3508 1828 3733 1898 ἓλλησιν

518 1910 741 1965 Minime
777 1909 997 1964 dubium
1030 1917 1137 1973 est,
1181 1909 1313 1978 quin
1364 1907 1613 1962 Justinus
1659 1906 1788 1959 illud
1826 1906 1883 1961 in
1926 1906 2001 1976 pri

2189 1908 2474 1980 ῖκοὺμενος
2514 1877 2809 1984 ὲνδιέτριϐέ
2833 1877 3029 1984 λόγοιις.
3065 1937 3083 1969 t
3119 1918 3319 1972 Eodem
3354 1877 3607 1990 teinpore
3633 1877 3729 1976 δυο

451 2003 554 2058 mis
586 2002 896 2057 faciendum
950 2002 1051 2056 sibi
1087 2002 1336 2061 duxerit,
1363 2001 1507 2069 quod
1542 2000 1589 2054 ei
1634 2012 1799 2053 senex
1834 2014 2038 2068 praece-

448 2105 623 2165 perat,
651 2105 708 2148 ut
731 2109 790 2149 se
812 2094 1063 2163 precibus
1086 2108 1152 2147 ac
1176 2093 1506 2146 meditandis
1529 2091 1832 2160 Scripturis
1863 2099 2053 2144 totum:

446 2191 620 2245 daret.
651 2188 1053 2242 lnﬂammatum
1104 2185 1251 2240 illius
1292 2185 1536 2238 animum
1574 2184 1681 2237 alia
1710 2198 1799 2237 res
1830 2183 2034 2238 conliro

446 2282 637 2345 mavil,
674 2281 1042 2336 consideratio
1096 2278 1423 2333 constantia:
1476 2276 1914 2332 Christianorum
1968 2276 2024 2331 in

444 2375 781 2429 cruciatibus
818 2372 1190 2443 perferendis;
1237 2372 1352 2425 sive
1383 2383 1549 2425 senex
1602 2369 1705 2423 hoc
1750 2368 2030 2437 religionis

440 2474 820 2535 argumentum
849 2466 991 2518 inter
1016 2463 1122 2517 alia
1155 2462 1466 2532 protulerit,
1493 2462 1608 2515 sive
1634 2462 1749 2530 ipse
1772 2459 2027 2515 Justinus

439 2567 561 2626 post
613 2556 758 2611 senis
805 2556 1107 2611 discessum
1151 2570 1270 2610 rem
1311 2555 1482 2610 oeulis
1521 2555 1633 2609 suis
1676 2554 2021 2624 spectaverit.

447 2672 465 2703 ι
507 2650 642 2705 Nam
667 2660 721 2706 et
746 2654 861 2721 ipse
891 2666 1011 2719 ego,
1046 2650 1224 2720 inquit
1256 2650 1310 2704 in
1339 2648 1599 2720 Apologia
1618 2650 1673 2715 2,
1700 2666 1755 2704 n.
1792 2649 1878 2715 12,
1902 2663 2025 2703 cum

439 2744 685 2798 Platonis
730 2741 979 2797 doctrina
1026 2742 1357 2807 delectarer,
1391 2757 1455 2796 ac
1502 2744 1571 2797 de
1603 2741 1926 2796 criminibus
1966 2741 2022 2795 in

439 2836 781 2891 Christianos
824 2835 1090 2905 conjectis
1136 2835 1410 2900 audirem,
1443 2850 1537 2889 eos
1560 2845 1739 2889 autem
1768 2835 1834 2889 ad
1876 2848 2025 2889 mor-

438 2941 547 2985 tem
580 2939 633 2983 et
657 2928 724 2982 ad
770 2943 832 2983 ea
863 2930 1082 2995 omnia,
1124 2943 1246 2998 qua:
1293 2927 1563 2982 terribilia
1605 2928 2018 2993 existimantur,

438 3022 738 3094 impavidos
785 3022 1058 3087 viderem;
1111 3022 1226 3077 ﬁeri
1267 3036 1375 3075 non
1416 3034 1578 3090 posse
1627 3019 2018 3090 intelligebam,

435 3124 495 3169 ut
529 3116 582 3168 in
606 3112 851 3182 nequitia
887 3121 944 3167 et
976 3113 1317 3182 voluptatum
1345 3126 1531 3165 amore
1570 3111 1838 3168 viverent.
1885 3111 2020 3177 Quis

2140 2002 2339 2070 stinus,
2364 2018 2505 2058 verte
2536 2005 2895 2076 philosophia:
2916 2019 3125 2064 amator
3151 1997 3564 2071 sincerissimos
3584 2053 3602 2077 ,
3636 2014 3730 2066 ad-

2138 2094 2243 2148 huc
2270 2095 2323 2148 in
2356 2095 2638 2164 gentilium
2659 2096 2855 2152 litteris
2883 2099 3263 2155 exercebatur.
3292 2122 3311 2153 ι
3345 2102 3567 2157 Diserte
3598 2118 3729 2173 ergo

2136 2188 2453 2254 pronuntiat
2481 2188 2749 2244 Eusebius
2785 2189 3058 2246 Iustinum
3101 2193 3346 2264 religioni
3391 2195 3727 2250 Christianas

2135 2293 2332 2332 nomen
2358 2293 2466 2332 non
2494 2280 2732 2345 dedisse,
2767 2290 3059 2351 antequam
3109 2285 3401 2340 Antinoum
3439 2286 3725 2340 Adrianus

2131 2369 2417 2424 ordinibus
2446 2371 2667 2425 deorum
2710 2374 3028 2431 ascriberet.
3077 2375 3374 2430 Antinoum
3418 2393 3576 2433 anno
3626 2380 3725 2433 152

2131 2473 2522 2517 consecratum
2564 2464 2734 2519 fuisse
2761 2465 2944 2521 multis
2975 2468 3279 2524 rationibus
3323 2471 3522 2540 probat
3553 2471 3721 2526 Tille—

2129 2553 2394 2619 montios,
2425 2564 2538 2609 not.
2574 2556 2606 2610 9
2634 2558 2688 2611 in
2720 2557 2880 2622 Adr.;
2922 2560 3278 2626 quamobrem
3334 2560 3541 2617 .Iostini
3591 2578 3723 2616 con-

2128 2647 2349 2712 versio,
2380 2662 2502 2717 qua:
2546 2649 2686 2706 hanc
2731 2653 3206 2708 consecrationem
3251 2657 3544 2710 subsecuta
3592 2667 3723 2719 est,

2127 2735 2268 2790 male
2291 2736 2595 2793 collocatur
2625 2750 2752 2795 ante
2779 2757 2982 2797 annum
3010 2743 3132 2799 126.

2196 2828 2309 2883 Hoc
2359 2830 2671 2884 testimonio
2714 2831 2982 2887 adductus
3032 2845 3115 2889 est
3170 2834 3602 2903 Tillemontius,
3662 2850 3720 2893 ut

2124 2921 2538 2976 conversionem
2558 2921 2757 2977 Jostini
2782 2940 2953 2992 usque
2977 2926 3042 2978 ad
3070 2944 3274 2981 annum
3312 2929 3413 2983 155
3437 2930 3717 2987 dill‘erret.

2124 3012 2228 3068 Sed
2261 3016 2421 3083 paulo
2452 3015 2684 3085 amplius
2719 3018 2933 3071 videtur
2956 3016 3276 3083 ditlerenda,
3302 3034 3499 3089 nempe
3536 3038 3722 3093 usque

2120 3106 2187 3158 ad
2224 3122 2425 3160 annum
2473 3107 2695 3162 circiter
2739 3108 2861 3163 1'57.
2906 3109 3039 3163 Nam
3068 3108 3315 3166 Justinus
3346 3114 3589 3167 nondum
3639 3131 3720 3168 se-

436 3204 581 3259 enim
608 3204 934 3260 libidinosus
968 3213 1023 3260 et
1067 3206 1458 3275 intemperans,
1490 3212 1547 3259 et
1572 3204 1818 3257 humanm
1838 3206 2001 3259 carni:

2195 3210 2248 3260 x,
2281 3206 2337 3249 ut
2363 3211 2529 3265 supra
2561 3197 2823 3265 diximus,
2855 3215 2954 3269 pro
3001 3202 3218 3257 Christo
3268 3218 3463 3271 passus
3515 3215 3629 3271 est,
3664 3209 3715 3261 in

432 3298 618 3367 epulas
652 3298 705 3351 in
738 3298 897 3352 bonis
922 3310 1242 3362 numeqans,
1280 3306 1509 3350 mortem
1539 3295 1788 3366 amplecti
1816 3297 2011 3364 possit,

430 3403 489 3447 ut
525 3388 684 3444 bonis
712 3389 825 3443 suis
859 3397 1066 3454 careat,
1104 3403 1167 3442 ac
1201 3403 1308 3443 non
1343 3389 1525 3457 potius
1571 3403 1784 3457 semper
1830 3390 1882 3442 in
1913 3391 2015 3445 hac

435 3482 541 3535 vita
581 3482 788 3536 versari
841 3491 898 3536 et
926 3482 1281 3550 magistratus
1316 3480 1489 3535 latere
1527 3490 1778 3545 conetur,
1814 3481 2011 3535 nedum

430 3590 491 3629 se
521 3576 633 3644 ipse
666 3582 841 3629 morte
871 3574 1238 3628 damnandum
1263 3572 1509 3627 delerat?
1538 3591 1557 3626 ι

501 3666 567 3722 ν.
605 3665 848 3733 Quanam
898 3667 951 3721 in
996 3665 1132 3721 urbe
1172 3663 1455 3730 Justinus,
1492 3665 1619 3719 dum
1657 3663 1836 3720 locum
1870 3664 2008 3720 mari

429 3756 741 3827 proximum
765 3757 922 3827 petit,
952 3771 982 3811 a
1006 3757 1354 3827 philosophia
1379 3758 1446 3811 ad
1477 3756 1754 3812 Christum
1789 3771 2010 3811 conver-

431 3866 527 3906 sus
554 3850 647 3913 sit,
689 3861 781 3903 aut
813 3863 921 3917 quo
953 3862 1098 3904 anno
1137 3859 1285 3903 tanta
1324 3848 1401 3903 illi
1452 3848 1685 3903 felicitas
1727 3849 2004 3918 obtigerit,

431 3960 538 3998 non
585 3942 747 3998 facile
779 3943 1059 3998 statuitur.
1093 3942 1245 4008 Quod
1282 3943 1358 3995 ait
1403 3943 1471 3996 de
1515 3943 1777 4011 magistro
1822 3941 2006 3997 Plato-

432 4038 554 4089 nico
584 4051 601 4089 :
639 4032 743 4100 Qui
766 4050 941 4087 recens
978 4035 1032 4086 in
1064 4033 1241 4085 urbem
1273 4044 1508 4086 nostram
1547 4034 1851 4098 udrenerat,
1881 4048 2005 4102 pera

428 4126 600 4181 suasit
630 4127 907 4188 omnibus,
942 4142 1080 4196 quos
1111 4125 1330 4195 quidem
1362 4126 1529 4178 sciam
1558 4126 1625 4178 de
1654 4125 1806 4182 illius
1839 4127 2003 4179 rebus

426 4222 823 4285 pertractasse,
859 4229 984 4268 eum
1030 4215 1083 4268 in
1128 4215 1305 4282 patria
1340 4228 1458 4278 sua,
1495 4214 1545 4267 id
1580 4224 1662 4267 est
1695 4214 1916 4283 Neapoli
1948 4215 1999 4269 in

429 4308 587 4378 Syria
624 4305 925 4360 Palaestinm
960 4307 1238 4362 studuisse
1272 4307 1632 4376 philosophiae
1661 4316 1716 4361 et
1740 4307 2002 4363 Christia-

425 4416 550 4454 nam
588 4399 906 4471 religionem
934 4401 1243 4471 amplexum
1277 4415 1418 4457 esse.
1454 4401 1558 4457 Sed
1588 4416 1708 4455 cum
1734 4401 1998 4457 deambu-

425 4492 555 4547 latio
586 4494 640 4548 in
672 4494 792 4550 loco
821 4494 958 4549 tnari
991 4496 1239 4564 proximo
1270 4494 1623 4550 occasionem
1642 4493 1841 4551 Justini
1871 4512 2000 4552 con-

2119 3301 2279 3355 quem
2305 3299 2465 3342 aetate
2502 3289 2618 3357 jam
2652 3300 2861 3345 matura
2890 3294 3215 3349 crediderat.
3264 3298 3586 3365 Quarepon
3634 3311 3715 3355 tot

2116 3379 2242 3431 anni
2270 3379 2412 3431 inter
2440 3382 2852 3435 conversionem
2885 3394 2937 3438 et
2972 3387 3287 3455 martyrium
3318 3388 3578 3443 videntur
3606 3407 3714 3443 nu-

2117 3469 2386 3535 merandi,
2411 3479 2543 3539 quot
2584 3486 2613 3525 a
2643 3471 2991 3528 'l‘illemontio
3029 3492 3407 3544 numerantur,
3441 3482 3534 3550 qui
3565 3497 3712 3537 con-

2114 3561 2421 3616 versionem
2457 3562 2626 3616 refert
2656 3564 2723 3617 ad
2750 3580 2949 3617 annum
2986 3567 3110 3635 133,
3134 3572 3540 3639 martyriumad
3578 3588 3698 3626 an-

2113 3668 2240 3707 num
2284 3654 2408 3711 168.
2455 3654 2727 3710 Prteterea
2781 3657 2985 3710 nullum
3035 3670 3216 3714 exstat
3259 3660 3456 3716 Justini
3506 3679 3711 3718 monu—

2114 3758 2385 3814 mentum,
2432 3748 2577 3818 quod
2625 3764 2747 3803 eum
2804 3758 2911 3801 tam
2959 3752 3065 3803 cito
3117 3767 3443 3808 conversum
3477 3758 3707 3826 probet.

2112 3842 2425 3897 Cohortatio
2451 3842 2522 3895 ad
2556 3840 2790 3907 ercos,
2828 3858 2948 3911 quae
2997 3847 3370 3901 conversionis
3396 3850 3708 3916 primordia

2111 3936 2343 4001 redolet,
2372 3944 2495 4003 post
2528 3936 2826 3988 Adrianum
2860 3925 3174 3991 collocanda
3196 3976 3212 4001 ,
3251 3949 3308 3992 ut
3336 3941 3496 3995 modo
3541 3942 3705 3997 vide—

2108 4027 2309 4081 bimus.
2344 4026 2585 4093 Deaique
2612 4025 2880 4080 Eusebius
2910 4034 3035 4078 ante
3065 4028 3131 4081 de
3176 4024 3317 4082 bello
3345 4026 3577 4085 .ludaico
3606 4034 3705 4104 ³⁸⁸,

2104 4118 2248 4189 quod
2275 4118 2418 4171 circa
2447 4132 2649 4169 annum
2682 4117 2784 4171 156
2813 4119 3123 4174 confectum
3154 4131 3258 4184 est,
3288 4136 3452 4190 quam
3485 4125 3553 4177 de
3584 4123 3694 4177 Ju—

2105 4207 2239 4261 Stini
2264 4207 2640 4272 conversione,
2666 4208 2935 4276 loquitur;
2965 4220 3019 4262 et
3049 4219 3337 4279 postquam
3364 4212 3500 4265 dixit
3528 4212 3708 4269 Justi-

2102 4313 2229 4352 num
2264 4298 2451 4352 eodem
2490 4307 2734 4367 temporc
2781 4300 3069 4366 gentilium
3117 4302 3419 4370 disciplinis
3466 4319 3699 4373 operam

2102 4390 2337 4455 dedisse,
2359 4405 2467 4460 quo
2495 4392 2763 4445 Antinous
2790 4406 3177 4459 consecratus;
3207 4402 3318 4448 tum
3352 4398 3700 4452 mentionem

2101 4483 2281 4551 injicit
2311 4485 2379 4537 de
2408 4484 2550 4539 bello
2581 4482 2831 4549 Judaico,
2869 4487 3012 4554 quod
3044 4498 3167 4540 tunc
3205 4488 3455 4557 temporis
3486 4500 3703 4557 gestum

425 4584 664 4638 versioni
696 4585 938 4651 dederit;
974 4602 1207 4656 cumque
1240 4586 1425 4642 Flavia
1459 4587 1711 4658 Neapolis
1742 4589 1796 4642 in
1830 4588 2001 4643 medi—

2189 4582 2279 4632 ηε
2319 4579 2483 4645 dicit,
2532 4579 2583 4633 id
2632 4587 2716 4633 est
2762 4594 2887 4633 cum
2919 4578 3169 4635 Justinus
3198 4582 3378 4636 adhuc
3400 4582 3699 4652 gentilium

428 4676 583 4730 tullio
616 4675 914 4732 Palaestina:
945 4679 1069 4743 sita,
1096 4689 1158 4733 ut
1176 4678 1435 4733 observat
1458 4680 1811 4735 doctissimus
1835 4680 2006 4734 abbas

424 4770 492 4824 de
542 4769 864 4837 Longuerue
914 4772 967 4824 in
1017 4771 1237 4825 dissert.
1290 4786 1392 4824 ms.
1439 4770 1507 4825 de
1557 4770 1739 4825 Gestis
1782 4769 2001 4838 Justini,

424 4862 689 4930 ejusmodi
726 4863 1258 4918 deambulationilms
1292 4875 1547 4927 careret;
1596 4864 1754 4934 longe
1804 4865 2005 4933 proba-

423 4957 587 5009 bilius
634 4965 719 5010 est
773 4956 1046 5012 Iustinum
1096 4957 1148 5010 in
1202 4957 1470 5026 insignem
1529 4956 1765 5027 aliquam
1816 4958 2002 5012 urbem

423 5048 732 5102 studiorum
758 5063 922 5103 causa
954 5050 1203 5116 venisse,
1234 5049 1417 5117 ibique
1451 5048 1654 5103 factum
1700 5064 1821 5104 esse
1848 5048 2004 5104 Chri-

422 5140 681 5194 stianum.
720 5138 776 5192 In
829 5138 1208 5193 Coltorlalione
1251 5141 1321 5193 ad
1370 5138 1625 5207 Gnaeos,
1676 5142 1817 5209 quod
1866 5155 2002 5210 opus

421 5231 642 5301 scripsit
694 5244 799 5283 non
846 5228 1017 5281 multo
1066 5239 1186 5297 post
1242 5231 1698 5295 conversionem,
1755 5231 1999 5285 meminit

342 5358 348 5367 ι
420 5338 613 5377 eorum
656 5338 777 5389 qua:
818 5321 1161 5375 Alexandria:
1209 5324 1458 5387 viderat,
1510 5340 1608 5377 nec
1640 5324 1998 5392 improbabile

420 5422 503 5467 est
530 5429 651 5467 eutn
685 5413 737 5465 in
774 5413 874 5467 hac
910 5415 1044 5467 urbe
1072 5413 1373 5467 litterarum
1407 5414 1600 5467 studiis
1648 5429 1869 5482 operam
1903 5415 1996 5469 dc-

421 5506 585 5558 disse.

496 5593 720 5649 Videtur
743 5604 958 5650 aetatem
989 5596 1202 5650 virilem
1234 5597 1477 5665 attigisse
1497 5595 1746 5655 Ju.-;tiuus
1775 5600 1994 5654 autsal-

421 5695 528 5742 tem
550 5686 614 5741 ad
644 5703 764 5742 eam
798 5704 965 5759 prope
1000 5692 1318 5755 accessisse,
1349 5707 1468 5747 cum
1495 5692 1769 5747 Christum
1794 5707 1995 5762 cogno-

489 5842 553 5874 “‘
580 5842 701 5898 Lib.
734 5862 807 5912 tv,
828 5861 879 5900 c.
901 5847 957 5903 8.

2110 4671 2416 4739 disciplinis
2440 4673 2802 4726 detineretur.

2177 4762 2379 4817 Justini
2420 4766 2830 4819 εοιινωνείοηθιη
2863 4764 3067 4819 idcirco
3103 4776 3230 4818 ante
3260 4763 3459 4819 bellum
3489 4764 3697 4820 Judai-

2108 4870 2232 4910 cum
2272 4856 2512 4910 collocat
2559 4856 2964 4923 Tilletnontius,
3007 4858 3135 4927 quia
3186 4866 3316 4911 tunc
3362 4859 3697 4927 suppetebat

2107 4950 2276 5001 Otium
2322 4950 2542 5003 assidue
2576 4950 3009 5013 commentandi,
3040 4958 3094 5003 et
3124 4950 3370 5018 quaedam
3420 4951 3694 5006 deambu-

2107 5043 2252 5097 landi
2287 5043 2537 5109 libertas,
2566 5059 2689 5114 quae
2716 5043 2845 5098 belli
2877 5043 3196 5097 tumultibus
3226 5058 3289 5097 ac
3315 5046 3562 5098 omnium
3600 5062 3692 5101 re-

2105 5152 2225 5191 rum
2286 5135 2681 5206 perturbationi
2754 5135 2976 5189 minime
3043 5136 3409 5205 congruisset.
3470 5135 3579 5190 Sed
3628 5150 3692 5194 ut

2104 5230 2350 5283 omittam
2375 5227 2648 5283 Justinum
2683 5226 2905 5296 Neapoli
2935 5226 3196 5293 abfuisse,
3221 5243 3343 5281 cum
3374 5242 3689 5285 conversus

2103 5334 2219 5389 est;
2258 5333 2406 5377 certe
2439 5321 2773 5376 Tillemontii
2826 5319 2964 5372 ratio
3005 5319 3211 5388 pariter
3259 5318 3418 5384 valet,
3451 5329 3509 5372 ut
3541 5335 3684 5374 con-

2102 5417 2276 5469 versio
2307 5422 2429 5484 post
2462 5412 2663 5466 bellutn
2697 5409 2998 5466 diﬂ‘erntur.

2171 5508 2272 5574 Qui
2324 5504 2604 5559 Justinutn
2660 5502 2712 5556 in
2763 5500 3148 5570 persecutione
3195 5499 3449 5563 Adriani,
3485 5499 3539 5555 id
3595 5511 3684 5557 est

2099 5612 2225 5656 ante
2272 5614 2473 5653 annum
2527 5595 2651 5659 126,
2691 5608 3022 5648 conversum
3076 5592 3245 5646 fuisse
3302 5590 3521 5656 volunt,
3573 5592 3677 5650 hoc

2100 5702 2325 5750 utuntur
2372 5700 2721 5758 argutnento,
2773 5687 2913 5756 quod
2967 5684 3219 5740 Justinus
3296 5683 3681 5741 innocentiam
