3792 6502
100 401 189 458 H3

97 518 503 576 Christianorum
560 516 849 587 agnovisse
910 531 972 572 se
1024 518 1207 581 dicat,
1265 535 1383 572 cum
1435 536 1521 574 eos
1565 522 1635 573 ad
1663 522 1712 581 Α

96 622 285 667 mortem
308 622 352 664 et
378 611 446 664 ad
474 612 655 665 erunie
682 625 799 680 qua:
827 609 1088 665 terribilia
1114 612 1509 678 existimamur,
1540 615 1639 666 im—

97 702 287 772 pavidos
317 701 529 754 videret.

156 795 247 850 Sed
282 797 327 845 ιο
367 794 467 848 etsi
508 793 818 862 persecutio
849 790 1056 846 resedit
1078 806 1223 845 anno
1248 790 1375 854 126.
1404 792 1522 847 fieri
1556 804 1653 851 ta-t

98 901 201 942 men
225 885 411 955 potuit,
448 886 595 954 quod
626 899 769 955 saepe
815 884 950 940 alias
994 883 1197 941 factum
1231 896 1349 951 est,
1398 897 1457 942 ut
1498 902 1639 955 prae-

98 982 219 1034 sides
244 978 323 1033 vel
358 977 542 1046 populi
572 975 906 1032 clamoribus
933 977 1177 1044 adducti,
1205 977 1292 1032 vel
1319 978 1448 1034 odio
1476 978 1639 1033 Chri-

99 1072 267 1126 stianae
311 1069 593 1139 religionis
642 1068 893 1134 incitati,
939 1069 994 1123 in
1043 1069 1386 1126 Christianos
1428 1070 1640 1141 injuspu

101 1162 412 1231 imperatoris
438 1162 720 1216 saevirent.
772 1161 830 1215 2°
883 1162 1113 1217 Etiamsi
1160 1162 1368 1218 nullum
1417 1177 1641 1234 prorsus

99 1255 356 1309 exstitisset
390 1255 736 1326 martyrium,
763 1270 886 1310 cum
918 1254 1169 1311 Justinus
1198 1271 1500 1311 conversus
1530 1265 1636 1322 est,

99 1347 495 1403 Christianorum
545 1348 914 1402 constantiam
966 1347 1020 1401 in
1074 1348 1415 1403 cruciatibus
1465 1363 1637 1417 agno-

100 1452 229 1492 scere
249 1447 298 1491 et
324 1437 549 1493 laudare
586 1438 780 1507 potuit,
808 1454 913 1493 non
946 1438 1122 1493 solum
1151 1439 1275 1507 quia
1309 1455 1501 1495 recens
1530 1453 1642 1495 mo-

101 1529 243 1582 moria
281 1542 497 1593 eorum,
538 1542 660 1596 quae
702 1529 759 1593 in
799 1530 1181 1597 persecutione
1215 1529 1360 1601 passi
1397 1530 1635 1595 fuerant,

100 1619 216 1671 hanc
254 1617 329 1672 eis
373 1618 588 1671 laudem
636 1619 881 1673 omnium
923 1617 1139 1687 judicio
1182 1620 1500 1685 tribuebat;
1541 1620 1635 1679 sed

99 1713 231 1766 etiam
257 1713 374 1782 quia
401 1713 455 1767 in
489 1714 603 1783 ipsa
633 1729 768 1784 pace
798 1716 1129 1786 impavidum
1148 1731 1270 1786 pra:
1301 1730 1359 1771 se
1390 1715 1639 1771 animum

101 1798 328 1862 ferebant,
360 1800 685 1870 religionem
718 1803 865 1856 illam
902 1808 1248 1874 proﬁtentes,
1272 1820 1395 1874 quae
1423 1805 1636 1874 gravis-

100 1890 222 1945 simis
258 1906 462 1961 semper
496 1895 713 1960 objecta
742 1904 862 1949 crat
892 1897 1171 1965 procellis.
1205 1897 1344 1952 Hinc
1382 1896 1637 1952 Justinus
1668 1931 1710 1986 Β

101 1982 141 2036 in
180 1983 403 2053 Dialogo.
434 2000 601 2056 quem
648 2003 769 2042 cum
808 1987 1014 2045 Iudaeis
1051 1989 1243 2045 habuit
1296 1992 1448 2059 pacis
1504 2002 1639 2045 tem-

101 2088 222 2143 pore,
245 2078 607 2132 constantiam
647 2078 1088 2134 Christianorum
1136 2084 1190 2135 in
1232 2092 1408 2136 morte
1454 2081 1639 2150 perfe-

102 2167 235 2220 renda
271 2178 522 2237 perpetuo
552 2169 763 2237 laudat,
792 2188 893 2225 nec
914 2171 1164 2227 futurum
1193 2183 1379 2241 sperat
1407 2186 1467 2227 ut
1498 2176 1640 2228 hanc

102 2259 373 2329 religionem
423 2262 710 2332 principes
756 2265 1052 2334 aliquando
1102 2280 1306 2320 vexare
1351 2266 1635 2327 desinant,

103 2366 144 2401 ιι.
162 2350 235 2403 50.
267 2350 379 2419 Ipse
409 2352 669 2423 Tryphon
716 2354 873 2410 fateri
923 2358 1159 2425 cogitur,
1198 2357 1367 2422 p.15,
1414 2357 1637 2412 mirabi-

104 2442 185 2496 lem
209 2458 316 2498 esse
360 2444 500 2498 hanc
541 2442 980 2502 ChriStianorum
1026 2448 1432 2515 constantiam;
1476 2448 1640 2519 quin-

104 2534 235 2587 etiam
262 2536 309 2587 in
351 2551 443 2591 eos
474 2538 718 2608 jocatnr,
752 2555 809 2592 n.
838 2540 889 2601 7,
920 2541 1063 2609 quod
1106 2540 1312 2596 Christi
1342 2556 1509 2596 causa
1541 2543 1635 2597 mi.

104 2640 199 2680 sere
239 2639 469 2696 pereant.
516 2629 719 2683 Mirum
766 2647 899 2701 ergo
935 2632 1111 2686 videri
1158 2647 1266 2688 non
1298 2633 1556 2700 deberet,
1589 2634 1636 2689 si

104 2718 307 2775 lustinus
347 2724 495 2791 pacis
529 2735 781 2795 tempore
815 2726 958 2780 hanc
1002 2725 1055 2780 in
1088 2724 1419 2787 Christianis
1463 2729 1640 2787 victu-

107 2819 188 2865 tem
223 2815 542 2882 agnovisset.

688 2933 916 2991 CAPUT
956 2933 1023 2993 ll.

107 3018 164 3074 lle
183 3020 363 3079 Instini
402 3026 613 3081 vivendi
643 3043 852 3095 genere,
897 3029 1205 3082 sacerdotio.
1234 3039 1283 3083 ct
1318 3030 1506 3099 primis
1544 3029 1641 3082 ad-

505 3114 688 3152 versus
718 3099 934 3169 gentiles
960 3100 1192 3168 scriptis.

102 3192 131 3252 l,
159 3197 585 3275 V'idetnr_.lnstinns
609 3212 854 3275 asceta‘et
874 3209 1141 3275 presbyter
1180 3209 1350 3275 fuisse;
1372 3210 1436 3275 ll.
1463 3211 1643 3261 Astru-

154 3269 274 3309 untur
300 3267 367 3330 illi
390 3268 498 3315 duae
518 3269 761 3330 adversus
781 3267 974 3320 Crtécos
993 3267 1259 3321 orationes.
1279 3267 1366 3322 lll.
1391 3274 1497 3330 Quo
1520 3279 1645 3320 tem-

154 3334 251 3383 pore
268 3329 438 3387 scripta
469 3328 773 3381 Cohortatio.
806 3331 884 3381 ιν.
918 3332 1183 3381 llefellitur
1204 3328 1466 3383 Casimirns
1491 3334 1646 3383 Oudiv-

155 3398 244 3433 nus.
264 3386 317 3435 γ.
341 3386 441 3439 Alia
470 3391 638 3440 oratio
662 3396 823 3443 minus
866 3393 1003 3443 belle
1048 3394 1244 3444 Iustino
1270 3396 1466 3444 videtur
1508 3396 1649 3443 attri-

153 3444 263 3495 buta.
284 3449 360 3498 Vl.
390 3451 539 3500 Liber
572 3454 641 3502 De
662 3452 941 3503 monarchia
961 3458 1160 3505 minime
1185 3459 1402 3506 mutilus.
1452 3456 1648 3507 Eusebii

156 3508 651 3581 locus,qui__mutilum
676 3528 789 3564 esse
814 3525 1150 3579 persuaserat,
1179 3532 1313 3568 nova
1343 3520 1649 3581 interpreta-

152 3573 565 3636 tioueexplicatur.
654 3622 657 3625 λ
748 3608 749 3611 η

165 3649 197 3704 l.
220 3654 595 3725 Postqnatns.
637 3669 847 3731 martyr
885 3660 1325 3718 Christianorum
1364 3662 1647 3735 mysteriis

115 3741 313 3802 initiatus
338 3760 454 3815 est,
502 3768 617 3807 non
666 3768 885 3824 segnem
916 3771 1138 3825 Operam
1192 3759 1375 3827 posuit
1411 3760 1464 3813 in
1498 3756 1649 3812 evol-

116 3838 263 3895 vendis
288 3841 588 3913 Scripturis
617 3847 815 3913 sacris,
841 3856 898 3901 et
925 3862 989 3902 ea
1016 3848 1349 3906 Christiania
1383 3852 1647 3905 doctrinae

117 3934 372 4004 cognitione
394 3941 794 4009 comparanda,
821 3955 945 4009 qua:
973 3956 1083 3997 neu
1114 3944 1290 3998 cuivis
1314 3960 1345 3999 e
1374 3943 1648 3999 Christia-

118 4037 270 4080 norum
301 4029 474 4101 vulgo,
519 4032 622 4087 sed
667 4032 875 4088 homini
919 4034 1136 4089 erudito
1178 4046 1233 4089 et
1266 4037 1332 4089 ad
1366 4036 1648 4106 religionis

120 4114 436 4174 defensionem
488 4132 627 4177 nato
666 4134 1015 4193 congrueret.
1061 4126 1338 4193 Quantum
1389 4126 1649 4182 habuerit

122 4226 239 4266 usum
270 4210 556 4285 Scriptura:
595 4232 787 4283 sacrae,
820 4219 1064 4274 declarat
1104 4220 1253 4273 illius
1296 4235 1423 4275 cum
1458 4220 1649 4277 Iudaeo

122 4300 359 4374 Trypbone
391 4310 683 4381 Dialogus,
731 4311 784 4366 in
830 4327 937 4381 quo
987 4324 1041 4367 et
1079 4314 1402 4367 immensam
1454 4329 1651 4384 prope-

121 4399 294 4453 modum
320 4403 756 4459 testimoniorum
788 4404 983 4458 silvam
1013 4404 1306 4473 depromit,
1335 4420 1499 4472 quam
1528 4406 1651 4475 qui-

122 4488 213 4540 dem
238 4496 537 4550 memoriter
583 4494 636 4549 in
675 4495 793 4565 ipso
821 4510 1119 4566 congressu
1159 4506 1214 4549 et
1246 4496 1521 4565 colloquio
1554 4513 1651 4552 ne-

125 4594 241 4637 cesse
268 4583 362 4638 fuit
392 4586 643 4652 recitari,
667 4596 722 4641 et
751 4584 1095 4656 Scripturam
1127 4588 1299 4659 ipsam
1348 4589 1428 4642 sic
1475 4590 1649 4642 inter-
1683 4614 1728 4669 ι)

123 4684 339 4744 pretatur,
368 4688 425 4732 ut
461 4678 755 4733 Iudaicam
787 4679 1144 4749 pertinaciam
1172 4680 1497 4750 perfringat.
1526 4680 1649 4734 Non

125 4762 278 4820 desunt
304 4779 475 4829 tamen
505 4771 599 4840 qui
626 4780 876 4825 sanctum
907 4778 1201 4839 martyrem
1232 4770 1285 4824 in
1320 4770 1425 4826 hoc
1451 4786 1653 4842 genere

124 4859 241 4923 parvi
268 4862 481 4927 faciant,
508 4874 566 4928 et
604 4862 903 4933 Scriptura:
933 4861 1345 4931 intelligentiam
1375 4863 1430 4917 in
1466 4879 1532 4918 eo
1560 4865 1653 4919 de-

125 4952 338 5022 siderent,
372 4968 661 5028 propterea
703 4958 846 5027 quod
902 4957 1206 5025 allegoricis
1248 4954 1654 5025 interpretatio-

126 5042 250 5100 nibus
275 5048 510 5113 nimium,
555 5059 615 5102 ut
646 5049 746 5119 ipsi
782 5049 1124 5113 existimant,
1162 5048 1463 5118 indulgeat.
1499 5047 1654 5102 Haud

126 5138 329 5203 equidem
364 5158 637 5213 negavero
674 5142 934 5197 nonnulla
978 5140 1120 5210 apud
1154 5141 1432 5199 Iustinum
1461 5156 1655 5199 occur-

131 5238 241 5293 rere,
263 5246 374 5300 qua:
410 5234 627 5305 longius
673 5244 848 5288 tracta
893 5232 1212 5299 videantur;
1251 5234 1349 5291 sed
1382 5236 1527 5289 inter
1554 5234 1655 5288 bas

131 5320 309 5379 umbras
328 5326 576 5381 eminent
604 5336 767 5395 atque
793 5328 1101 5382 euitescunt
1125 5326 1227 5380 alia
1260 5326 1516 5396 plurima,
1536 5341 1657 5395 quae

133 5411 720 5489 tnirilice,comprobant,
767 5420 1048 5474 hominum
1082 5418 1525 5474 doctissimorum
1561 5418 1655 5487 ju-

132 5500 257 5571 dicio,
281 5507 328 5562 id
352 5510 492 5579 quod
526 5510 585 5565 S.
614 5522 822 5582 martyr
846 5512 988 5581 grati
1014 5511 1181 5565 animi
1209 5526 1373 5566 causa
1404 5520 1655 5574 testatur,

128 5590 234 5659 illast
271 5603 489 5667 gratiam
536 5604 635 5656 sibi
680 5621 711 5657 a
742 5606 853 5656 Deo
893 5620 1192 5657 concessam
1239 5620 1379 5667 esse,
1412 5613 1470 5657 ut
1513 5603 1657 5657 illius

135 5680 386 5753 écripturas
414 5693 750 5765 intelligeret,
777 5693 985 5764 Dialog.
1020 5711 1073 5748 ιι.
1102 5695 1192 5749 58.

188 5777 282 5836 Non
311 5786 485 5840 minus
517 5788 636 5840 vitae
678 5789 969 5841 sanctitate
1004 5802 1163 5855 quam
1197 5787 1440 5841 doctrina
1474 5772 1660 5841 micuit

140 5865 357 5935 lustinus.
404 5881 518 5936 Non
557 5882 788 5939 obscure
832 5880 1074 5936 indicant
1125 5880 1411 5949 Epiphanii
1444 5881 1651 5951 _vcrba,

1668 3273 1714 3333 C

1030 394 1122 451 μυ.
1160 394 1425 453 ΜΑᾹΑΝΙ
1459 395 1835 452 ΡΒᾸΞἘΑΤΙΟ
1862 402 1932 439 -ὶ
1966 394 2147 451 PARS
2180 394 2289 450 HT.
2376 400 2387 403 λ

3208 398 3323 457 1η

1742 519 1991 590 μεγάλως
2042 518 2395 591 ἐξασκηθεὶς,
2446 532 2572 574 eum
2618 534 2688 575 ex
2743 526 3051 577 ascetarum
3096 528 3323 577 numero

1742 609 1939 676 fuisse,
1987 610 2079 679 qui
2130 609 2516 666 communibus
2568 610 3012 666 Christianorum
3074 612 3320 675 omnium

1742 701 2031 768 praeceptis
2068 701 2288 771 propria
2331 702 2580 769 quaedam
2627 702 2959 759 austerioris
2988 702 3115 757 vitae
3164 704 3320 758 insti-

1744 800 1856 846 tuta
1883 792 2270 863 adjungebaut,
2297 804 2356 848 ut
2381 804 2613 849 testatur
2639 793 2928 865 Origenes.
2956 796 3053 851 lib.
3079 812 3110 849 v
3136 806 3320 851 contra

1743 881 1971 937 Celsum.
1999 882 2133 937 Cum
2165 882 2468 954 Epiphanii.
2504 886 2822 942 testimonio
2860 889 2997 943 satis
3042 888 3321 944 consentit

1716 978 1855 1027 tota
1883 970 2083 1027 Iustini
2112 976 2248 1041 vita,
2289 989 2410 1044 qua:
2441 977 2495 1029 in
2529 977 2826 1032 scribendo
2870 987 2927 1031 et
2975 978 3227 1034 docendo
3259 994 3324 1033 ac

1742 1064 2003 1132 augendis
2030 1063 2292 1121 Ecclesia:
2324 1065 2653 1123 utilitatibus
2686 1077 3015 1139 consumpta
3057 1069 3315 1130 civilibus

1741 1154 1901 1208 undis
1938 1157 2166 1211 mersari
2194 1172 2301 1211 non
2337 1160 2533 1228 potuit.
2566 1160 2731 1216 Forte
2762 1162 2933 1231 hujus
2966 1163 3096 1216 vitae
3136 1172 3321 1219 auste-

1742 1245 1905 1300 rioris
1936 1247 2144 1317 insigne
2179 1248 2280 1303 fuit
2310 1252 2533 1318 pallium
2573 1252 2727 1319 illud,
2758 1255 2904 1322 quod
2940 1252 3194 1310 Iustinus
3235 1271 3323 1326 ge-

1716 1340 1916 1399 ,rebat.
1942 1337 2095 1405 Illum
2123 1342 2267 1397 enim
2298 1344 2455 1401 annis
2490 1344 3063 1414 postconversionem
3097 1346 3324 1403 circiter

1741 1432 1930 1500 viginti
1974 1434 2027 1486 in
2074 1433 2333 1502 Ephosini
2381 1436 2533 1506 Xyin
2585 1439 2783 1506 spatiis
2830 1441 3207 1495 ambulantem
3254 1456 3321 1495 ex

1724 1523 1844 1579 .hoc
1872 1536 2079 1580 ornatu
2102 1527 2489 1596 philosophum
2517 1545 2644 1585 esse
2676 1531 2896 1602 Trypho
2921 1542 2977 1588 et
3007 1534 3102 1586 alii
3147 1532 3318 1590 Iudaei

1735 1614 2074 1684 judicarunt.
2124 1616 2393 1674 Observat
2442 1620 2828 1678 'fillernorntius
2890 1640 2993 1678 non
3044 1626 3321 1685 insuetum

1746 1704 1919 1762 fuisse
1954 1707 2173 1777 pallium
2213 1714 2569 1771 austeriorem
2606 1714 2773 1768 vitam
2825 1716 3232 1784 profitentibus,
3266 1732 3325 1773 ut

1740 1797 2100 1873 Tertulliano,
2128 1811 2189 1857 ut
2224 1806 2453 1874 martyri
2488 1805 2803 1878 Porpltyrio
2842 1809 2985 1877 apud
3027 1808 3322 1866 Eusebium

1740 1888 1817 1956 De
1845 1902 2005 1946 mort.
2036 1889 2289 1960 Palmm,
2318 1910 2441 1965 cap.
2469 1897 2555 1952 li.
2586 1899 2641 1952 Si
2677 1898 2809 1966 quis
2839 1908 3021 1954 tamen
3048 1897 3322 1957 Iustinum

1744 1983 1847 2036 hoc
1892 1983 2239 2052 indumento,
2279 1992 2338 2040 ut
2392 1986 2750 2057 philosophia:
2792 1991 2938 2061 signi
2990 2006 3151 2046 usum
3202 2005 3327 2046 esse

1740 2075 1904 2141 velit;
1937 2087 2099 2141 negat
2126 2078 2270 2141 idem
2302 2078 2541 2148 scriptor
2586 2082 2638 2136 id
2674 2096 2836 2151 posse
2878 2082 3230 2151 reprehendi,
3260 2098 3325 2153 ac

1741 2164 1945 2222 Iustini
1973 2168 2079 2224 hac
2108 2170 2172 2224 in.
2202 2186 2264 2225 re
2294 2171 2631 2230 imitatorem
2679 2175 2889 2243 profert
2928 2191 3186 2245 magnum
3217 2175 3325 2231 lie-

1724 2259 1972 2323 _raclam,
2019 2261 2458 2319 Alexandrinum
2491 2266 2901 2335 patriarcbam,
2944 2268 3037 2335 qui
3083 2266 3327 2335 philoso-

1742 2352 1961 2421 phicum
2025 2352 2246 2421 pallium
2294 2370 2418 2409 cmn
2469 2355 2675 2411 Christi
2724 2358 3035 2413 sacerdotio
3096 2358 3327 2425 conjuné-

1742 2445 1922 2514 gebat.
1969 2445 2114 2500 Idem
2163 2457 2290 2502 aute
2332 2446 2612 2503 Iustinum
2653 2465 2693 2502 a.
2726 2449 2787 2504 S.
2813 2450 3053 2505 Aristide
3116 2449 3322 2527 factum

1745 2543 1978 2591 testatur
2009 2536 2379 2612 Hieronymus
2408 2541 2464 2595 in
2493 2540 2638 2595 libro
2668 2540 2745 2596 De
2780 2543 3131 2612 scriptoribus
3162 2542 3327 2596 eccle-

1730 2628 1993 2701 siaslicis.

1813 2720 2203 2797 Presbyterum
2235 2724 2405 2779 fuisse
2433 2723 2727 2781 Iustinum.
2748 2725 3005 2793 Opinatur
3031 2722 3328 2780 Tillemoné

1726 2814 1877 2883 tius,
1909 2827 2200 2887 propterea
2243 2817 2387 2886 quod
2434 2818 2689 2887 baptismi
2734 2819 3095 2873 caeremonias
3121 2819 3202 2875 sic
3227 2820 3323 2873 de-

1743 2908 1973 2972 scribit,
2009 2918 2073 2963 ut
2101 2909 2248 2963 illius
2296 2910 2717 2966 administrandi
2755 2926 2958 2966 munus
2998 2911 3327 2965 sustinuisse

1726 2999 2011 3063 videatur.
2045 3020 2064 3054 ι
2094 3000 2204 3058 Nos
2234 3012 2439 3068 autem,
2465 3003 2641 3073 inquit
2674 3003 2830 3073 Apol.
2854 3003 2909 3069 i,
2944 3018 3001 3057 n.
3036 3002 3142 3068 65,
3175 3014 3327 3073 post-

1746 3108 1909 3161 quam
1938 3107 2087 3159 eum,
2120 3096 2212 3165 qui
2247 3096 2479 3151 credidit
2503 3105 2560 3150 et
2594 3110 2851 3152 assensus
2888 3104 2992 3159 est,
3023 3096 3104 3151 sic
3148 3095 3326 3151 ablui-

1746 3200 1889 3249 mus,
1914 3185 1982 3239 ad
2008 3201 2102 3241 eos
2127 3188 2222 3257 qui
2247 3186 2503 3245 dicuntur
2528 3188 2757 3253 fratres,
2786 3188 2840 3241 in
2870 3188 3052 3243 locum
3083 3189 3172 3244 ubi
3203 3203 3329 3244 con-

1748 3277 1977 3346 gregali
2001 3288 2153 3344 sunt,
2196 3279 2537 3359 adducimus,
2579 3295 2901 3337 communes
2926 3296 3116 3349 preces
3145 3282 3329 3339 animo

1733 3369 1960 3446 intento
1988 3370 2205 3427 facturi.
2231 3393 2265 3427 ι,
2288 3373 2420 3429 Erat
2460 3390 2591 3445 ergo
2622 3374 2874 3433 Iustinus
2905 3390 2979 3437 es
3002 3388 3191 3430 eorum
3227 3392 3331 3449 nu-

1751 3479 1906 3518 mero
1944 3464 2035 3533 qui
2067 3465 2452 3533 baptizabant.
2500 3477 2554 3520 et
2596 3465 2936 3536 baptizatum
2984 3467 3329 3523 deducebant

1738 3557 1818 3623 ad
1852 3558 2025 3612 locum
2060 3558 2149 3613 ubi
2186 3558 2383 3614 fratres
2407 3560 2727 3630 congregati
2761 3570 2946 3616 erant.
2976 3560 3095 3615 Alio
3124 3562 3177 3614 in
3210 3560 3329 3615 loco

1750 3661 2002 3704 reccnsct
2026 3666 2085 3705 se
2110 3652 2257 3706 inter
2287 3652 2564 3721 principes
2595 3652 2777 3721 populi
2804 3653 3124 3720 Christiani,
3154 3668 3323 3721 seque

1736 3741 1804 3800 .in
1853 3743 1953 3797 hoc
2000 3741 2373 3813 perfungcndo
2421 3759 2648 3801 munere
2693 3759 2725 3798 a
2767 3744 3105 3815 principibus
3144 3744 3329 3813 populi

1750 3832 1961 3890 Iudaici
2003 3834 2160 3904 longe
2194 3837 2510 3905 discrepare
2542 3836 2847 3906 profitetur.
2895 3854 2914 3887 ι
2944 3836 3010 3890 Ει
3038 3852 3139 3893 nos
3164 3837 3331 3905 igitur

1753 3926 1947 3981 timore
1976 3927 2217 3991 adducti.
2246 3928 2422 4000 inquit
2459 3928 2671 4001 Dialog.
2699 3945 2756 3984 n.
2798 3930 2889 3996 82,
2931 3944 3215 3986 sermones
3243 3946 3333 3985 se-

1750 4022 1988 4075 cundum
2022 4021 2338 4093 Scripturas
2367 4021 2622 4080 conferre
2644 4024 2950 4090 studemus,
2981 4024 3206 4081 minime
3234 4037 3331 4079 au-

1753 4122 1860 4168 tem
1897 4115 2142 4181 pecunia:
2176 4124 2265 4169 aut
2298 4115 2483 4185 gloria:
2512 4114 2834 4183 cupiditate,
2866 4129 2960 4172 aut
3001 4132 3193 4174 amore
3238 4132 3334 4172 vo-

1752 4206 1993 4274 luptatis.
2032 4206 2250 4262 Nullum
2294 4210 2439 4263 enim
2478 4225 2545 4264 ex
2582 4209 2669 4264 his
2712 4219 2797 4264 est
2827 4210 3000 4275 vitiis,
3028 4209 3186 4278 cujus
3234 4226 3331 4265 nos

1752 4301 2041 4370 quisquam
2071 4316 2301 4369 arguere
2333 4304 2528 4371 possit.
2568 4301 2755 4371 Neque
2782 4306 2935 4359 enim
2979 4304 3236 4359 similiter
3266 4317 3332 4358 ac

1752 4395 2021 4465 principes
2044 4396 2226 4466 populi
2256 4397 2422 4451 vestri
2450 4396 2634 4451 vivere
2658 4397 2929 4462 volumus,
2954 4397 3155 4466 quibus
3182 4396 3332 4450 Deus

1751 4486 1857 4541 hoc
1897 4489 2156 4556 probrum
2184 4488 2413 4557 objicit:
2457 4486 2730 4560 Principes
2766 4490 2927 4543 uestri
2971 4490 3104 4543 socii
3127 4488 3331 4561 furens,

1753 4579 2032 4649 diligentes
2064 4597 2306 4645 munera,
2334 4591 2696 4651 persequentes
2725 4582 3143 4641 retributionem.
3167 4600 3188 4634 ι
3231 4582 3334 4638 Sa-

1757 4673 2063 4735 cerdotium
2102 4669 2308 4728 Iustini
2347 4689 2415 4729 ex
2446 4674 2566 4743 ejus
2589 4673 3081 4735 Actisconfirmari
3132 4682 3333 4744 potest.

1756 4780 1822 4821 ex
1865 4765 2064 4835 quibus
2098 4766 2228 4819 illud
2278 4766 2471 4822 saltem
2522 4767 2797 4838 colligitur
2839 4766 3127 4822 ecclesiam
3170 4766 3224 4821 in
3271 4778 3335 4819 ea

1756 4860 1941 4925 domo,
1985 4860 2040 4913 in
2080 4876 2189 4928 qua
2222 4860 2479 4931 degebat,
2523 4860 2711 4924 fuisse,
2754 4875 2855 4917 nec
2899 4876 3050 4927 eum,
3096 4858 3337 4928 quandiu

1755 4952 1942 5009 Ronntc
1973 4952 2091 5018 fuit,
2136 4954 2301 5009 alium
2345 4965 2647 5010 conventus
2691 4955 2868 5010 locum
2914 4954 3071 5010 obire
3118 4952 3336 5008 solitum

1756 5046 1949 5100 fuisse.
1995 5046 2271 5112 Quaerenti
2326 5049 2470 5102 enim
2522 5046 2779 5115 praefecto
2830 5060 2993 5116 quem
3042 5046 3094 5100 in
3157 5046 3336 5100 locum

1757 5138 2057 5194 Christiani
2089 5140 2468 5203 convenirent,
2498 5152 2555 5193 et
2586 5155 2718 5197 suos
2748 5138 2997 5195 Iustinus
3043 5138 3340 5206 discipulos

1758 5242 2143 5302 congregaret,
2194 5232 2481 5300 respondet
2529 5231 2777 5286 Iustinus
2817 5248 2878 5287 se
2919 5231 3126 5286 nullum
3166 5230 3338 5283 otium

1758 5333 2037 5378 conventus
2080 5324 2263 5378 locum.
2291 5337 2621 5392 cognoscere
2655 5332 2854 5393 praeter
2888 5324 3107 5378 domum
3136 5321 3191 5376 in
3229 5335 3340 5389 qua

1760 5416 2043 5471 manebat.
2088 5417 2308 5471 Videtur
2349 5417 2465 5486 ipse
2505 5416 2793 5483 praefectus
2844 5414 3237 5471 sacerdotalem
3284 5412 3339 5468 in

1758 5507 1975 5564 Iustino
2003 5511 2322 5578 dignitatem
2368 5524 2687 5579 agnoscere,
2723 5509 2850 5564 dum
2885 5509 3004 5577 ejus
3044 5507 3226 5563 socios
3258 5507 3341 5562 sic

1749 5600 2063 5673 interrogat
2087 5620 2100 5657 :
2141 5602 2473 5659 Christianos
2506 5620 2593 5657 ros
2621 5604 2744 5669 fecit
2771 5601 3017 5655 Justinus
3035 5601 3062 5655 .9
3088 5598 3342 5659 Gratiam

1761 5695 2055 5751 sacerdotii
2086 5695 2139 5750 in
2182 5694 2401 5765 Iustino
2436 5710 2663 5750 vacuam
2700 5708 2804 5747 non
2853 5692 3023 5747 fuisse
3062 5691 3346 5748 declarant

1762 5787 1962 5841 eximia
2009 5787 2063 5841 in
2112 5786 2414 5842 Ecclesiam
2445 5786 2662 5850 merita,
2700 5801 2862 5854 quam
2912 5801 3019 5838 non
3071 5783 3246 5839 solum
3290 5790 3347 5834 et

1764 5882 1884 5935 viva
1915 5863 2046 5937 voce
2074 5889 2125 5937 ct
2155 5880 2373 5951 scriptis
2404 5880 2659 5950 pietatem
2695 5877 3051 5946 spirantibus,
3090 5886 3150 5929 ut
3184 5872 3363 5929 multi;
