3792 6494
442 389 546 446 liii

1339 382 1396 438 s.
1429 380 1765 440 JUSTINUS
1798 378 2282 437 meosornus
2315 379 2404 436 ET
2437 379 2748 437 manu.
3628 383 3720 438 ιιι
3782 343 3783 348 Ν

444 513 535 568 alii
568 511 782 575 Patres,
825 506 1068 564 defendit
1111 515 1165 561 et
1195 507 1435 574 ornavit,
1459 507 1555 563 sed
1588 507 1775 573 etiam,
1809 507 1860 561 id
1890 507 2033 577 quod
2064 511 2109 566 Α
2140 508 2299 560 detur
2330 503 2715 573 abjudicanda.
2738 501 3014 573 Scriptam
3051 501 3226 558 fuisse
3260 516 3366 558 non
3394 501 3575 557 multo
3602 516 3718 573 post

441 603 734 677 perpaucis
766 601 1029 672 contigit,
1066 600 1453 656 molestissimo
1501 611 1744 670 tempore
1774 599 2027 654 aﬂlictam

443 706 500 752 ct
531 705 825 759 vastatam,
858 707 924 748 ex
961 707 1175 748 summa
1205 707 1388 748 rerutn
1435 692 1869 761 perturbatione,
1901 693 2028 746 dum

443 788 833 860 imperatorem
895 786 1081 842 oblata
1149 785 1393 856 apologia
1450 784 1648 854 placat,
1707 787 1760 839 in
1809 794 2029 854 portum

446 881 1014 951 tranquillitatemque
1075 893 1176 949 pro
1234 894 1331 933 sua
1387 887 1543 946 parte
1602 878 1865 934 restituit.
1921 877 2030 933 Sed

444 971 571 1043 quia
612 972 680 1026 de
729 971 1007 1042 plerisque
1060 970 1207 1024 illius
1253 971 1511 1039 operibus
1557 970 1740 1024 multa:
1786 986 2027 1040 magnae-

444 1077 553 1133 que
593 1071 719 1117 sunt
743 1063 1094 1132 quazstiones,
1126 1075 1194 1114 an
1231 1060 1504 1129 genuinus
1548 1060 1659 1115 sint
1688 1060 1834 1115 illius
1863 1059 2025 1126 fetus,

444 1171 514 1212 an
551 1156 760 1226 integra
811 1155 880 1210 ad
931 1170 1029 1210 nos
1078 1154 1469 1225 pervenerint,
1513 1162 1568 1209 et
1617 1169 1724 1223 quo
1783 1163 2028 1222 tempore

444 1249 500 1304 in
529 1249 704 1306 lucem
737 1251 914 1316 edita;
943 1264 1124 1319 operte
1169 1248 1404 1318 pretium
1435 1256 1518 1304 cst
1565 1249 1617 1302 in
1655 1248 1738 1302 his
1769 1249 1951 1312 rebus,
1981 1245 2022 1301 si

444 1355 553 1410 qua
600 1343 811 1398 ratione
878 1342 1118 1414 possint,
1175 1340 1517 1411 explicandis
1577 1349 1634 1395 et
1685 1339 2026 1396 illustrandis

445 1435 753 1490 immorari.

517 1523 583 1582 ll.
617 1524 820 1580 Praeter
847 1525 983 1579 duas
1024 1523 1335 1595 Apologias,
1366 1524 1432 1580 de
1475 1525 1674 1595 quibus
1711 1523 1869 1579 modo
1899 1537 2026 1593 age-

442 1632 589 1696 τηυξ,
616 1617 736 1672 duae
775 1617 894 1672 aliae
917 1625 1136 1672 exstant
1168 1617 1225 1672 S.
1257 1618 1515 1688 martyris
1542 1618 1806 1671 adversus
1843 1615 2026 1671 ethni-

442 1675 1054 1778 coﬁélucubrationes,
1099 1725 1332 1779 quarum
1376 1710 1545 1764 altera
1588 1724 1762 1779 eaque
1809 1709 2024 1766 brevis-

443 1803 580 1856 sima
635 1802 958 1858 inscribitur
999 1804 1184 1858 Oratio
1233 1807 1486 1857 adversus
1543 1803 1801 1868 Graecos;
1852 1803 2023 1858 altera

442 1895 617 1950 multo
661 1895 896 1965 longior,
927 1894 1239 1949 Cohortatio
1275 1897 1344 1949 ad
1377 1895 1612 1951 ercos.
1647 1897 1896 1952 Totidem
1932 1895 2026 1952 Ju-

441 1984 588 2039 stino
629 1985 896 2041 adversus
941 1987 1194 2042 ethnicos
1228 1987 1375 2053 libri,
1417 1997 1616 2058 praeter
1645 1989 1779 2043 duas
1819 1988 2022 2058 Apolo-

441 2078 580 2146 ρεαδ,
616 2078 927 2132 tribuuntur
955 2079 1024 2133 ab
1055 2079 1308 2145 Eusebio,
1347 2079 1673 2151 Hieronymo
1705 2091 1759 2134 et
1794 2079 2017 2144 Photio;

441 2169 539 2223 sed
588 2179 771 2224 utrum
817 2171 984 2225 iidem
1033 2172 1193 2226 hodie
1232 2181 1475 2237 exstent,
1511 2175 1598 2242 qui
1642 2173 1769 2227 olim
1809 2187 1838 2226 a
1870 2182 2022 2227 vete-

441 2261 594 2316 ribus
635 2265 1045 2319 commemorati
1084 2275 1249 2330 sunt,
1294 2265 1745 2320 examinandum.
1797 2264 1891 2320 Sic
1936 2265 2022 2319 lo-

440 2357 624 2424 quitur
655 2357 920 2412 Eusebius
948 2359 1015 2413 de
1047 2359 1131 2413 his
1161 2359 1369 2413 duobus
1415 2359 1569 2412 libris
1598 2378 1610 2413 :
1646 2359 1757 2412 Καὶ
1791 2357 1949 2422 ἄλλος
1992 2359 2021 2410 ὁ

437 2446 579 2519 πρὸς
595 2448 859 2518 ’Έλληνας
877 2454 934 2507 ἐν
954 2449 998 2523 ᾧ
1015 2451 1225 2522 μακρὸν
1236 2452 1362 2523 περὶ
1384 2451 1650 2504 πλείστων
1671 2451 1801 2522 παρ’
1817 2452 1945 2521 ἡμῖν
1961 2467 2022 2503 τε

439 2540 533 2594 καὶ
562 2544 674 2603 τοῖς
707 2541 975 2612 Ἑλλήνων
999 2542 1306 2611 φιλοσόφοις
1330 2543 1674 2613 ζητουμένων
1699 2543 2022 2606 κατατείνας

438 2633 615 2701 λόγον,
649 2634 777 2704 περὶ
806 2635 907 2703 τῆς
936 2634 1043 2687 τῶν
1085 2635 1355 2705 δαιμόνων
1395 2635 1747 2706 διαλαμϐάνει
1785 2635 2018 2704 φύσεως,

437 2726 652 2779 ἃούδὲν
696 2727 762 2780 ἂν
792 2728 999 2794 ἐπείγοι
1043 2727 1208 2780 τανῦν
1239 2728 1656 2799 παρατίθεσθαι.
1700 2729 1810 2782 Καὶ
1865 2724 2022 2794 αὖθις

436 2816 627 2889 ἕτερον
657 2820 793 2890 πρὸς
817 2820 1082 2892 Ἕλληνας
1114 2822 1192 2884 εἰς
1229 2822 1374 2892 ἡμᾶς
1413 2820 1671 2892 ἐλήλυθεν
1701 2819 1866 2874 αὑτοῦ
1892 2819 2021 2889 σύγ-

437 2928 694 2984 γραμμα,
739 2912 768 2966 ὂ
815 2915 908 2967 καὶ
943 2914 1254 2985 ἐπέγραψεν
1277 2915 1555 2985 Ἔλεγχον.
1596 2935 1614 2968 t
1646 2917 1744 2970 Est
1787 2925 1841 2970 et
1883 2917 2023 2970 alius

434 3007 552 3074 ejus
585 3007 722 3063 liber
766 3010 1031 3064 adversus
1079 3009 1332 3080 gentiles,
1375 3011 1429 3066 in
1475 3025 1583 3080 quo
1625 3022 1910 3082 postquam
1953 3013 2021 3066 de

435 3098 690 3167 plurimis
714 3101 1126 3169 quaestionibus,
1162 3116 1282 3171 qua:
1317 3111 1422 3155 tam
1456 3117 1484 3154 a
1519 3103 1747 3167 nostris,
1794 3117 1956 3172 quam
1990 3117 2019 3155 a

2139 598 2552 653 conversionem
2589 595 2787 652 Justiui
2827 596 3117 666 conjicitur
3143 611 3209 650 ex
3239 595 3357 665 ipso
3387 595 3716 665 primordio,

2138 692 2286 760 quod
2320 691 2401 746 sic
2431 691 2596 746 habet
2628 708 2640 744 :
2680 708 2698 742 ι
2731 690 2808 744 Ne
2839 690 3169 756 existimate,
3199 687 3374 744 Graeci
3397 730 3411 755 ,
3448 687 3605 742 nulla
3641 703 3718 742 me

2087 825 2092 830 .
2133 799 2254 838 cum
2287 785 2500 839 ratione
2530 793 2623 839 aut
2655 783 2805 838 nullo
2832 798 2954 838 cum
2981 781 3190 853 judicio
3219 799 3249 838 a
3282 783 3484 838 vestris
3518 782 3717 836 ritibus
3784 795 3785 856 ξ

2134 863 2450 932 descivisse.
2490 895 2508 930 ι

2206 969 2359 1037 Quod
2408 978 2590 1024 autem
2641 977 2853 1039 spectat
2900 969 2964 1024 ad
3023 969 3322 1040 longiorem
3371 969 3715 1034 orationem,

2132 1077 2251 1131 qua:
2281 1075 2426 1115 nunc
2458 1060 2814 1128 inscribitur,
2856 1060 3166 1118 Cohortatio
3207 1061 3277 1115 ad
3308 1059 3526 1115 Greco:
3549 1102 3563 1123 ,
3601 1077 3714 1114 eam

2131 1154 2444 1222 etantiquis
2472 1164 2656 1208 notam
2684 1154 2856 1209 fuisse
2880 1163 2935 1208 et
2965 1156 3016 1208 in
3047 1154 3490 1225 germanissimis
3514 1155 3717 1209 lusum

2130 1246 2351 1315 scriptis
2383 1246 2774 1302 numerandam
2807 1246 2992 1302 multis
3031 1247 3340 1302 rationibus
3369 1246 3718 1302 demonstra-

2133 1347 2238 1392 tur.
2269 1336 2414 1392 Niltil
2450 1338 2502 1393 in
2541 1337 2630 1393 illa
2678 1339 2897 1408 quidem
2929 1339 3128 1409 legitur
3159 1341 3224 1394 de
3261 1338 3582 1394 dazmonum
3623 1354 3717 1392 na-

2131 1439 2273 1495 tura,
2295 1430 2430 1484 nihil
2462 1430 2526 1484 de
2552 1431 2954 1500 quaestionibus
2983 1440 3088 1484 tam
3122 1432 3264 1500 apud
3289 1441 3532 1497 nostros,
3559 1447 3716 1500 quam

2128 1524 2269 1593 apud
2318 1523 2549 1593 gentiles
2600 1524 2958 1593 philos0phos
3023 1522 3222 1593 agitari
3279 1523 3479 1579 solitis.
3540 1524 3719 1591 Quare

2129 1616 2316 1670 eadem
2347 1629 2469 1670 esse
2496 1629 2603 1670 non
2653 1625 2831 1686 potest
2855 1631 2917 1670 ac
2945 1615 3035 1670 illa
3063 1618 3445 1686 pertractatio,
3483 1633 3615 1687 qua:
3658 1617 3717 1670 de

2131 1710 2430 1764 daemonum
2464 1717 2662 1763 natura
2698 1708 3026 1764 disserebat.
3072 1711 3142 1763 At
3190 1711 3324 1764 nihil
3370 1719 3523 1765 vetat
3580 1727 3722 1764 cam-

2130 1800 2250 1854 dem
2281 1816 2504 1871 prorsus
2531 1815 2653 1856 esse
2692 1816 2756 1856 ac
2802 1816 2957 1866 eam,
2989 1817 3108 1871 quae
3143 1801 3404 1856 Elenclms
3434 1803 3563 1856 sive
3594 1801 3720 1856 Con-

2128 1891 2320 1961 {utalio
2355 1893 2779 1948 inscribebatur.
2834 1894 3207 1963 Praeterquam
3259 1895 3400 1963 quod
3444 1894 3716 1948 librorum

2131 1983 2273 2037 tituli
2329 1992 2408 2039 tot
2453 1985 2788 2042 mutationes
2841 1986 3193 2041 librariorunt
3240 1987 3461 2042 licentia
3507 2000 3717 2057 experti

2127 2085 2291 2144 sunt,
2343 2087 2402 2131 ut
2430 2093 2496 2133 ex
2527 2079 2671 2133 tituli
2715 2080 2988 2135 varietate
3032 2079 3166 2135 nihil
3215 2080 3469 2135 concludi
3509 2080 3716 2149 possit;

2127 2177 2278 2223 certe
2313 2183 2382 2224 ex
2432 2171 2596 2226 rebus
2645 2172 2698 2226 in
2747 2173 2852 2229 hac
2903 2175 3158 2230 oratione
3189 2174 3554 2243 pertractatis
3599 2190 3720 2244 per-

2127 2262 2360 2329 spicitur
2415 2279 2535 2318 eam
2587 2267 2794 2334 optime
2836 2267 3063 2322 inscribi
3118 2267 3365 2337 potuisse
3419 2265 3718 2321 Elenchum

2126 2354 2243 2408 sive
2286 2351 2743 2424 Confutationem.
2779 2357 2929 2413 Nihil
2970 2360 3114 2414 enim
3145 2358 3292 2412 aliud
3326 2358 3475 2433 agit,
3511 2359 3622 2413 nisi
3668 2370 3719 2411 ut

2126 2446 2360 2515 gentiles
2390 2449 2707 2506 domesticis
2739 2453 3079 2524 argumentis
3120 2449 3392 2522 proﬂigct,
3425 2463 3480 2506 et
3519 2468 3592 2507 ex
3625 2468 3715 2506 eo-

2126 2553 2245 2593 rum
2280 2541 2641 2611 scriptoribus
2695 2545 3017 2601 inanitatem
3069 2553 3124 2600 et
3175 2546 3446 2600 insaniam
3479 2547 3717 2600 ethnicar

2127 2633 2558 2700 superstitionis,
2589 2637 2973 2707 antiquitatem
3001 2653 3145 2693 vera:
3178 2638 3462 2706 religionis
3488 2637 3715 2692 demon-

2124 2731 2281 2778 stret.
2329 2724 2499 2780 Nemo
2550 2743 2656 2781 non
2689 2729 2835 2783 videt
2885 2745 3048 2799 quatn
3100 2739 3225 2798 apte
3267 2739 3545 2799 congruat
3589 2731 3718 2783 huic

2125 2815 2430 2872 disserendi
2469 2819 2669 2874 rationi
2710 2819 2932 2875 Elenchi
2974 2822 3088 2876 sive
3134 2820 3541 2891 Confutationis
3585 2824 3720 2876 titu-

2125 2905 2228 2960 lus.
2273 2906 2412 2962 lliuc
2464 2925 2585 2964 cum
2635 2911 2949 2981 Stephanus
2997 2914 3250 2968 Gobarus
3279 2913 3591 2978 Tritheita,
3623 2915 3715 2982 qui

2121 3001 2324 3054 saeculo
2354 3011 2510 3057 sexto
2540 3005 2840 3071 scribebat,
2875 3021 3037 3060 unam
3069 3006 3303 3075 aliquam
3358 3006 3415 3059 S.
3450 3007 3718 3076 martyris

2125 3096 2452 3150 sententiam
2489 3099 2751 3161 citasset,
2794 3115 2916 3169 qua:
2966 3101 3018 3153 in
3054 3099 3157 3154 hac
3186 3099 3439 3154 oratione
3485 3098 3714 3168 legitur,

439 3192 724 3260 gentilium
758 3193 1097 3264 philosophis
1131 3194 1324 3264 agitari
1371 3193 1568 3260 solent,
1603 3195 1884 3249 uberrime
1915 3195 2018 3251 dis.
2046 3204 2086 3260 (ς
2120 3201 2298 3257 eaque
2351 3189 2548 3242 mirqu
2602 3191 2654 3244 in
2705 3193 2922 3246 modum
2961 3191 3304 3258 abuteretur,
3343 3190 3546 3246 refellit
3584 3207 3715 3246 eum

439 3285 688 3353 putavit,
720 3299 875 3339 suam
909 3286 976 3340 de
1008 3294 1204 3340 natura
1232 3287 1536 3340 daemonum
1571 3287 1894 3340 sententiam
1928 3302 2022 3341 ex-

437 3377 611 3446 ponit,
641 3391 801 3446 quam
845 3377 1061 3446 quidem
1095 3377 1185 3433 hic
1216 3378 1462 3434 inserere
1491 3379 1630 3434 nihil
1655 3393 1880 3434 necesse
1910 3391 2016 3435 eSt.

434 3468 589 3523 Alius
621 3479 882 3540 praeterea
928 3469 1172 3538 ejusdem
1205 3471 1344 3527 liber
1370 3472 1630 3527 adversus
1674 3471 1909 3541 gentiles
1952 3473 2020 3527 ad

437 3577 540 3616 nos
584 3565 855 3632 pervenit,
890 3579 1048 3633 quem
1085 3565 1175 3619 ille
1207 3564 1637 3632 Confutatiouem
1669 3564 1967 3634 inscripsit.
1994 3585 2014 3619 ι

361 3699 368 3706 .
438 3654 705 3710 Similiter
744 3655 1113 3729 Hieronymus
1157 3657 1210 3712 in
1253 3657 1395 3712 libro
1428 3656 1505 3711 De
1553 3658 1900 3726 scriptoribus
1939 3673 2022 3712 ec-

438 3748 746 3803 clesiasticis
771 3766 790 3805 :
829 3770 846 3803 ι
875 3751 1064 3806 Exstat
1090 3752 1208 3822 ejus
1245 3761 1302 3806 et
1344 3751 1491 3805 aliud
1535 3750 1786 3806 volumen
1829 3760 2017 3807 contra

433 3849 647 3906 gentes,
679 3841 770 3895 ubi
804 3842 870 3896 de
900 3842 1210 3898 da2monum
1252 3855 1470 3911 quoque
1517 3851 1712 3896 natura
1741 3840 2016 3910 disputat;

434 3938 491 3983 et
517 3941 770 3997 quartum
801 3933 1066 3989 adversus
1097 3943 1307 4003 gentes,
1335 3934 1425 3988 cui
1456 3933 1670 3986 titulum
1697 3931 2020 4003 prtenotavit

437 4021 753 4091 Ἔλεγχος.
783 4043 800 4074 ι
859 4025 922 4077 Ει
969 4024 1218 4089 Photius,
1266 4026 1388 4081 cod.
1437 4025 1540 4078 125
1579 4042 1594 4079 :
1637 4025 1924 4096 Τέσσαρας
1963 4023 2021 4076 δὲ

433 4113 819 4183 πραγματείας
853 4116 994 4169 κατὰ
1025 4116 1133 4169 τῶν
1182 4117 1350 4171 ἐθνῶν
1384 4116 1732 4184 συνέταξε....
1769 4119 1826 4170 ὲν
1857 4117 1914 4169 δὲ
1952 4118 2017 4187 τῇ

431 4206 594 4279 τρίτῃ
622 4207 748 4279 περὶ
777 4207 991 4277 φύσεως
1018 4210 1288 4280 δαιμόνων
1315 4210 1624 4263 διείλεκται.
1663 4211 1721 4264 Ὀ
1743 4210 1798 4262 δὲ
1829 4210 2022 4283 τέταρ-

431 4315 523 4361 τος
555 4299 702 4371 αὐτῷ
731 4301 887 4370 λόγος
913 4302 1114 4373 ὁμοίως
1142 4302 1283 4356 κατὰ
1313 4302 1420 4355 τῶν
1449 4302 1617 4358 ἐθνῶν
1643 4303 2018 4374 συγκείμενος,

435 4389 732 4461 Ἔλεγχος
753 4395 1067 4466 ἐπιγραφὴν
1085 4395 1218 4466 ἕχει.
1251 4415 1270 4448 ι
1299 4396 1470 4451 Porro
1494 4405 1728 4466 quatuor
1756 4397 2019 4452 adversus

432 4495 623 4552 gentes
655 4495 920 4542 tractatus
966 4489 1365 4560 composuit....
1396 4490 1448 4544 in
1497 4491 1659 4544 tertio
1701 4490 1770 4546 de
1811 4491 2014 4544 daemo-

2127 3279 2467 3336 Pltotius““
2499 3297 2563 3336 ex
2599 3284 2882 3353 proposito
2914 3283 2972 3340 S.
3006 3282 3232 3348 Justini,
3272 3299 3433 3354 quem
3463 3284 3715 3340 hocloco

2124 3374 2414 3428 Eleae/tum
2466 3377 2583 3430 sive
2623 3374 3057 3445 Confulationem
3103 3377 3378 3441 Platonis,
3411 3373 3714 3428 Elenclmm

2123 3468 2469 3522 ethnicorum
2501 3469 2724 3540 aggredi
2777 3471 3138 3525 demonstrat.
3172 3468 3402 3524 Videtur
3426 3483 3561 3538 ergo
3593 3469 3716 3522 hch

2124 3562 2240 3632 ipsa
2271 3576 2394 3616 esse
2423 3564 2603 3616 oratio
2633 3577 2796 3632 quam
2826 3563 3042 3632 antiqui
3074 3560 3368 3616 Elencltum
3395 3562 3712 3632 appellant,

2121 3664 2173 3709 et
2204 3663 2403 3725 quarto
2436 3653 2556 3710 loco
2585 3655 2727 3710 inter
2756 3654 2956 3710 Justini
2987 3665 3178 3711 contra
3221 3655 3471 3711 ethnicos
3498 3655 3712 3723 scripta

2122 3756 2578 3802 commemorant.

2194 3837 2376 3892 Testis
2425 3849 2607 3894 autem
2659 3849 2743 3895 est
2787 3840 3096 3910 Stephanus
3131 3842 3222 3896 ille
3266 3840 3519 3896 Gobarus
3563 3839 3714 3893 banc

2123 3929 2426 3983 orationem
2456 3938 2612 3984 sexto
2639 3930 2841 3984 saeculo
2882 3935 3027 3987 inter
3067 3933 3308 4003 genuina
3343 3933 3404 3987 S.
3446 3931 3714 4000 martyris

2123 4037 2290 4091 opera
2316 4033 2658 4078 numeratam
2693 4025 2878 4080 fuisse.
2911 4025 3017 4082 Sed
3052 4028 3198 4096 quod
3229 4041 3346 4080 rem
3369 4039 3714 4093 causamque

2124 4113 2362 4168 maxime
2395 4115 2661 4178 continet,
2696 4115 2810 4184 ipsa
2842 4115 3019 4170 oratio
3048 4130 3156 4169 non
3190 4129 3360 4185 pauca
3390 4113 3712 4181 suppeditat

2119 4221 2188 4261 ex
2216 4207 2413 4276 quibus
2435 4218 2716 4276 parentem
2747 4208 3021 4264 Justinum
3051 4224 3339 4280 agnoscas.
3375 4207 3594 4276 Scripta
3622 4217 3717 4260 est

2123 4301 2193 4355 ab
2252 4301 2474 4355 homine
2532 4299 2598 4354 ab
2665 4301 3013 4357 ethnicorum
3083 4299 3564 4371 superstitionibus
3641 4301 3713 4352 ad

2122 4391 2493 4450 Christianam
2549 4392 2873 4462 religionem
2924 4407 3228 4459 converso;
3305 4391 3495 4460 objicit
3553 4391 3712 4444 enim

2121 4483 2390 4546 etlmicis,
2429 4499 2550 4554 quae
2590 4486 2741 4554 prius
2781 4484 3088 4553 didicerat,
3117 4501 3243 4539 cum
3282 4486 3424 4539 inter
3451 4499 3546 4538 eos
3574 4499 3709 4537 ver-

433 4593 563 4631 num
596 4590 791 4634 natura
824 4559 1106 4637 disseruit.
1133 4583 1373 4649 Quartus
1395 4583 1562 4637 etiam
1591 4591 1785 4637 contra
1819 4592 2012 4654 gentes
2048 4559 2090 4614 D
2123 4587 2362 4631 sarelur.
2433 4597 2451 4629 ι
2479 4580 2917 4634 Consentaneum
2967 4580 3238 4644 arbitror,
3289 4579 3466 4647 ianil
3507 4592 3565 4632 η.
3612 4578 3707 4642 il,

432 4671 503 4724 ab
529 4687 596 4726 eo
625 4677 958 4744 compositus
989 4677 1312 4732 inscribitur
1343 4675 1674 4745 Confutatio.
1701 4697 1721 4731 ι

507 4763 583 4821 Ex
623 4767 834 4822 duabus
873 4767 1075 4822 Justini
1109 4769 1373 4824 adversus
1411 4777 1599 4838 gentes
1639 4769 2011 4835 orationibus,

432 4869 556 4922 qua:
583 4857 649 4908 ad
697 4871 796 4911 nos
825 4868 1228 4926 pervenerunt,
1263 4867 1459 4912 neutra
1510 4860 1832 4914 inscribitur
1870 4859 2011 4913 Con-

431 4945 662 5010 ]utatio.
699 4956 894 5000 neutra
927 4947 1150 5003 disserit
1178 4950 1244 5004 de
1279 4957 1475 5002 natura
1520 4949 1846 5004 daemonum.
1882 4950 2014 5016 Quae

430 5037 654 5093 brevior
682 5049 787 5105 est,
811 5040 1046 5096 Eusebio
1070 5051 1196 5096 nota
1223 5051 1318 5096 aut
1347 5041 1539 5096 saltem
1579 5051 1874 5096 memorata
1902 5057 2012 5097 non

431 5132 536 5185 fuit
568 5149 583 5183 :
619 5147 743 5186 nam
791 5147 968 5202 neque
1007 5134 1073 5188 de
1103 5144 1302 5189 natura
1345 5135 1690 5199 dzemonum',
1729 5150 1906 5204 neque
1945 5136 2012 5190 de

429 5223 552 5277 aliis
603 5223 1001 5294 quaestionibus
1053 5224 1122 5279 ab
1181 5224 1418 5280 Eusebio
1465 5226 1720 5281 indicatis
1783 5236 2008 5281 tractat.

430 5314 575 5369 Deos
599 5314 882 5385 gentilium
909 5325 1066 5370 acute
1086 5319 1357 5389 exagitat;
1383 5317 1475 5372 sed
1503 5332 1694 5372 eorum
1724 5317 2010 5386 opiniones

431 5407 557 5457 data
631 5419 799 5474 opera
858 5419 967 5460 non
1024 5409 1291 5461 coniutat.
1355 5407 1538 5475 Quare
1590 5418 1720 5476 gnon
1773 5420 1860 5464 est
1920 5409 2012 5464 ille

431 5497 720 5565 Ἔλεγχος
761 5495 831 5550 ab
863 5496 1097 5553 Eusebio
1132 5498 1399 5554 laudatus.
1457 5499 1650 5554 Mirum
1684 5509 1862 5555 autem
1901 5517 2006 5556 non

431 5598 539 5652 est,
574 5591 619 5640 si
657 5588 801 5644 illius
826 5589 1160 5659 diligentiam
1196 5592 1352 5662 fugit,
1387 5608 1510 5648 cum
1547 5593 1621 5649 sit
1651 5595 2004 5650 brevissima.

429 5678 606 5738 Nemo
636 5680 780 5736 illam
819 5682 1092 5752 abjudicat
1125 5684 1183 5741 S.
1219 5685 1481 5756 martyri;
1514 5701 1615 5742 nec
1645 5686 1892 5757 profecto
1929 5688 2008 5744 vi-

504 5835 594 5870 ’ν’
625 5836 757 5895 Cod.
782 5839 909 5896 232.

2121 4683 2244 4737 quae
2279 4671 2429 4738 prius
2461 4672 2603 4742 apud
2639 4686 2739 4726 vos
2770 4671 2855 4726 his
2885 4672 2951 4726 de
2998 4671 3164 4727 rebus
3201 4672 3424 4735 audivi,
3459 4685 3522 4724 ea
3559 4687 3712 4724 nunc

2118 4761 2171 4816 iu
2212 4773 2458 4832 tempore
2509 4774 2702 4818 contra
2749 4779 2851 4820 vos
2882 4765 3230 4835 depromere.
3270 4782 3288 4816 ι
3327 4763 3481 4830 Quod
3512 4774 3709 4817 autem

2117 4855 2185 4910 de
2201 4856 2445 4928 Moyseet
2475 4857 2757 4927 pr0phetis
2780 4858 2989 4912 dictum
3019 4859 3223 4927 legitur
3255 4857 3310 4910 in
3339 4856 3504 4922 Langi
3534 4856 3710 4910 inter-

2115 4948 2456 5017 pretatione,
2506 4965 2560 5005 tt.
2602 4947 2943 5017 ‘l:Majores
2987 4949 3155 5003 nostri
3211 4947 3376 5000 divini
3432 4947 3706 5010 homines,

2115 5043 2447 5109 persuadere
2502 5043 2778 5098 nonnullis
2811 5051 2993 5112 posset
3040 5050 3323 5096 auctorem
3359 5039 3520 5108 hujus
3569 5056 3707 5093 ora-

2117 5135 2281 5190 tionis
2325 5145 2505 5189 ortum
2550 5149 2616 5190 ex
2659 5135 2861 5191 Judzeis
2924 5149 3070 5190 esse.
3122 5135 3229 5189 Sed
3283 5135 3472 5189 Graeca
3525 5135 3705 5187 verba

2114 5229 2162 5280 οἱ
2195 5228 2454 5300 ἡμέτεροι
2490 5228 2629 5282 κατὰ
2656 5227 2790 5281 Θεὸν
2825 5228 3110 5299 πρόγονοι,
3144 5227 3228 5280 sic
3262 5225 3411 5280 reddi
3443 5224 3650 5279 debent
3687 5243 3702 5279 :

2117 5321 2310 5377 Nostri
2353 5324 2405 5376 in
2442 5323 2594 5377 rebus
2637 5322 2829 5375 diuinis
2861 5322 3128 5391 majores;
3168 5320 3368 5389 quibus
3408 5333 3477 5372 cx
3513 5318 3704 5373 verbis

2112 5416 2440 5485 perspicitur
2468 5415 2766 5484 prophetas
2806 5431 2912 5470 non
2953 5414 3161 5469 idcirco
3193 5414 3262 5466 ab
3288 5413 3390 5467 hoc
3421 5410 3703 5479 scriptore

2111 5507 2192 5562 sic
2230 5507 2513 5576 appellari,
2543 5507 2688 5576 quod
2716 5523 2784 5561 ex
2819 5521 3011 5561 eorum
3040 5515 3202 5576 gente
3228 5514 3382 5559 ortus
3407 5510 3578 5562 esset,
3601 5504 3703 5555 sed

2111 5602 2255 5670 quod
2305 5601 2582 5670 religionis
2627 5609 2870 5670 nostrze,
2937 5610 2996 5656 ut
3045 5601 3162 5671 ipse
3204 5614 3260 5654 n.
3318 5596 3385 5652 10
3435 5603 3699 5662 testatur,

2112 5693 2356 5765 magistri
2387 5692 2611 5752 fuerint.
