  <div class='ocr_page' id='page_1' title='image "/cluster/home/n/w/nwhite01/storage/ocr_20150623/6/hvd.32044019206606/066.png"; bbox 0 0 3792 6542; ppageno 0'>
   <div class='ocr_carea' id='block_1_1' title="bbox 115 349 1663 418">
    <p class='ocr_par' dir='ltr' id='par_1_1' title="bbox 115 356 1657 418">
     <span class='ocr_line' id='line_1_1' title="bbox 115 356 1657 418; baseline -0.003 -1"><span class='ocrx_word' id='word_1_1' title='bbox 115 362 163 418; x_wconf 77' lang='grc' dir='ltr'>Η</span> <span class='ocrx_word' id='word_1_2' title='bbox 178 362 203 414; x_wconf 80' lang='grc' dir='ltr'><em>Ἰ</em></span> <span class='ocrx_word' id='word_1_3' title='bbox 1084 356 1147 415; x_wconf 77' lang='grc' dir='ltr'><strong>Β.</strong></span> <span class='ocrx_word' id='word_1_4' title='bbox 1190 357 1457 413; x_wconf 68' lang='grc' dir='ltr'><strong>ΜΑΚΑΝΙ</strong></span> <span class='ocrx_word' id='word_1_5' title='bbox 1498 357 1657 413; x_wconf 73' lang='grc' dir='ltr'><strong>ΡΒΑΞ</strong></span> 
     </span>
    </p>
   </div>
   <div class='ocr_carea' id='block_1_2' title="bbox 1829 349 2348 418">
    <p class='ocr_par' dir='ltr' id='par_1_2' title="bbox 1829 349 2348 415">
     <span class='ocr_line' id='line_1_2' title="bbox 1829 349 2348 415; baseline 0.002 -3"><span class='ocrx_word' id='word_1_6' title='bbox 1829 355 1891 415; x_wconf 88' lang='grc' dir='ltr'><strong>Ο.</strong></span> <span class='ocrx_word' id='word_1_7' title='bbox 1925 387 1996 398; x_wconf 90' lang='lat'><strong>—-</strong></span> <span class='ocrx_word' id='word_1_8' title='bbox 2028 357 2209 413; x_wconf 80' lang='lat' dir='ltr'><strong>PARS</strong></span> <span class='ocrx_word' id='word_1_9' title='bbox 2242 349 2348 413; x_wconf 79' lang='lat' dir='ltr'><strong>ill.-</strong></span> 
     </span>
    </p>
   </div>
   <div class='ocr_carea' id='block_1_3' title="bbox 3253 359 3355 418">
    <p class='ocr_par' dir='ltr' id='par_1_3' title="bbox 3253 359 3355 418">
     <span class='ocr_line' id='line_1_3' title="bbox 3253 359 3355 418; baseline 0.029 -4"><span class='ocrx_word' id='word_1_10' title='bbox 3253 359 3355 418; x_wconf 73' lang='lat'><strong>“8</strong></span> 
     </span>
    </p>
   </div>
   <div class='ocr_carea' id='block_1_4' title="bbox 170 473 3356 552">
    <p class='ocr_par' dir='ltr' id='par_1_4' title="bbox 170 473 3356 552">
     <span class='ocr_line' id='line_1_4' title="bbox 170 473 3356 552; baseline 0.002 -21"><span class='ocrx_word' id='word_1_11' title='bbox 170 479 368 532; x_wconf 89' lang='lat' dir='ltr'><strong>Pariter</strong></span> <span class='ocrx_word' id='word_1_12' title='bbox 392 478 444 532; x_wconf 88' lang='lat' dir='ltr'><strong>in</strong></span> <span class='ocrx_word' id='word_1_13' title='bbox 476 477 750 539; x_wconf 85' lang='lat' dir='ltr'><strong>Justinum</strong></span> <span class='ocrx_word' id='word_1_14' title='bbox 775 478 981 549; x_wconf 85' lang='lat' dir='ltr'><strong>optime</strong></span> <span class='ocrx_word' id='word_1_15' title='bbox 1001 479 1280 545; x_wconf 86' lang='lat' dir='ltr'><strong>convenit,</strong></span> <span class='ocrx_word' id='word_1_16' title='bbox 1303 482 1447 549; x_wconf 90' lang='lat' dir='ltr'><strong>quod</strong></span> <span class='ocrx_word' id='word_1_17' title='bbox 1476 490 1671 535; x_wconf 89' lang='lat' dir='ltr'><strong>auctor</strong></span> <span class='ocrx_word' id='word_1_18' title='bbox 1702 486 1749 542; x_wconf 79' lang='grc' dir='ltr'><strong>Α</strong></span> <span class='ocrx_word' id='word_1_19' title='bbox 1777 480 2076 551; x_wconf 67' lang='lat' dir='ltr'><strong>praedictio.</strong></span> <span class='ocrx_word' id='word_1_20' title='bbox 2108 489 2168 536; x_wconf 86' lang='lat' dir='ltr'><strong>ut</strong></span> <span class='ocrx_word' id='word_1_21' title='bbox 2194 495 2316 536; x_wconf 88' lang='lat' dir='ltr'><strong>eam</strong></span> <span class='ocrx_word' id='word_1_22' title='bbox 2348 494 2427 539; x_wconf 67' lang='lat' dir='ltr'><strong>ex</strong></span> <span class='ocrx_word' id='word_1_23' title='bbox 2443 490 2656 535; x_wconf 81' lang='lat' dir='ltr'><strong>eventis</strong></span> <span class='ocrx_word' id='word_1_24' title='bbox 2686 473 2867 538; x_wconf 70' lang='lat' dir='ltr'><strong>fictam</strong></span> <span class='ocrx_word' id='word_1_25' title='bbox 2899 480 3067 538; x_wconf 86' lang='lat' dir='ltr'><strong>fuisse</strong></span> <span class='ocrx_word' id='word_1_26' title='bbox 3091 481 3179 537; x_wconf 79' lang='lat' dir='ltr'><strong>vix</strong></span> <span class='ocrx_word' id='word_1_27' title='bbox 3204 482 3356 552; x_wconf 86' lang='lat' dir='ltr'><strong>quis-</strong></span> 
     </span>
    </p>
   </div>
   <div class='ocr_carea' id='block_1_5' title="bbox 111 568 1665 638">
    <p class='ocr_par' dir='ltr' id='par_1_5' title="bbox 111 568 1665 638">
     <span class='ocr_line' id='line_1_5' title="bbox 111 568 1665 638; baseline -0.003 -12"><span class='ocrx_word' id='word_1_28' title='bbox 111 569 250 636; x_wconf 80' lang='lat' dir='ltr'><strong>huius</strong></span> <span class='ocrx_word' id='word_1_29' title='bbox 283 569 463 638; x_wconf 87' lang='lat' dir='ltr'><strong>operis</strong></span> <span class='ocrx_word' id='word_1_30' title='bbox 493 569 698 622; x_wconf 79' lang='lat' dir='ltr'><strong>vidisse</strong></span> <span class='ocrx_word' id='word_1_31' title='bbox 740 584 799 624; x_wconf 90' lang='lat' dir='ltr'><strong>se</strong></span> <span class='ocrx_word' id='word_1_32' title='bbox 831 576 1022 622; x_wconf 90' lang='lat' dir='ltr'><strong>narrat</strong></span> <span class='ocrx_word' id='word_1_33' title='bbox 1052 568 1402 623; x_wconf 61' lang='lat' dir='ltr'><strong>Alexandria:</strong></span> <span class='ocrx_word' id='word_1_34' title='bbox 1438 568 1665 638; x_wconf 81' lang='lat' dir='ltr'><strong>vestigia</strong></span> 
     </span>
    </p>
   </div>
   <div class='ocr_carea' id='block_1_6' title="bbox 108 658 1667 728">
    <p class='ocr_par' dir='ltr' id='par_1_6' title="bbox 108 658 1667 728">
     <span class='ocr_line' id='line_1_6' title="bbox 108 658 1667 728; baseline -0.003 -13"><span class='ocrx_word' id='word_1_35' title='bbox 108 660 397 715; x_wconf 75' lang='lat' dir='ltr'><strong>cellularum</strong></span> <span class='ocrx_word' id='word_1_36' title='bbox 421 701 437 723; x_wconf 93' lang='lat'><strong>,</strong></span> <span class='ocrx_word' id='word_1_37' title='bbox 490 660 545 714; x_wconf 90' lang='lat' dir='ltr'><strong>in</strong></span> <span class='ocrx_word' id='word_1_38' title='bbox 579 659 776 728; x_wconf 80' lang='lat' dir='ltr'><strong>quibus</strong></span> <span class='ocrx_word' id='word_1_39' title='bbox 806 658 1162 728; x_wconf 79' lang='lat' dir='ltr'><strong>Septuaginta</strong></span> <span class='ocrx_word' id='word_1_40' title='bbox 1195 659 1520 727; x_wconf 84' lang='lat' dir='ltr'><strong>interpretes</strong></span> <span class='ocrx_word' id='word_1_41' title='bbox 1552 662 1667 713; x_wconf 88' lang='lat' dir='ltr'><strong>cla-</strong></span> 
     </span>
    </p>
   </div>
   <div class='ocr_carea' id='block_1_7' title="bbox 109 748 1667 819">
    <p class='ocr_par' dir='ltr' id='par_1_7' title="bbox 109 748 1667 819">
     <span class='ocr_line' id='line_1_7' title="bbox 109 748 1667 819; baseline -0.003 -14"><span class='ocrx_word' id='word_1_42' title='bbox 109 754 310 805; x_wconf 87' lang='lat' dir='ltr'><strong>borasse</strong></span> <span class='ocrx_word' id='word_1_43' title='bbox 341 748 696 815; x_wconf 89' lang='lat' dir='ltr'><strong>ferebantur,</strong></span> <span class='ocrx_word' id='word_1_44' title='bbox 740 759 795 806; x_wconf 87' lang='lat' dir='ltr'><strong>et</strong></span> <span class='ocrx_word' id='word_1_45' title='bbox 834 750 1022 804; x_wconf 85' lang='lat' dir='ltr'><strong>Cumis</strong></span> <span class='ocrx_word' id='word_1_46' title='bbox 1057 750 1110 803; x_wconf 93' lang='lat' dir='ltr'><strong>in</strong></span> <span class='ocrx_word' id='word_1_47' title='bbox 1144 750 1440 819; x_wconf 81' lang='lat' dir='ltr'><strong>Campania</strong></span> <span class='ocrx_word' id='word_1_48' title='bbox 1492 749 1667 805; x_wconf 82' lang='lat' dir='ltr'><strong>sacel-</strong></span> 
     </span>
    </p>
   </div>
   <div class='ocr_carea' id='block_1_8' title="bbox 114 841 1669 911">
    <p class='ocr_par' dir='ltr' id='par_1_8' title="bbox 114 841 1669 911">
     <span class='ocr_line' id='line_1_8' title="bbox 114 841 1669 911; baseline 0.002 -17"><span class='ocrx_word' id='word_1_49' title='bbox 114 845 204 895; x_wconf 86' lang='lat' dir='ltr'><strong>lum</strong></span> <span class='ocrx_word' id='word_1_50' title='bbox 229 841 465 911; x_wconf 72' lang='lat' dir='ltr'><strong>Sibyllze.</strong></span> <span class='ocrx_word' id='word_1_51' title='bbox 489 841 628 896; x_wconf 90' lang='lat' dir='ltr'><strong>Cum</strong></span> <span class='ocrx_word' id='word_1_52' title='bbox 660 853 822 899; x_wconf 88' lang='lat' dir='ltr'><strong>natus</strong></span> <span class='ocrx_word' id='word_1_53' title='bbox 846 852 993 897; x_wconf 90' lang='lat' dir='ltr'><strong>esset</strong></span> <span class='ocrx_word' id='word_1_54' title='bbox 1021 844 1073 896; x_wconf 92' lang='lat' dir='ltr'><strong>in</strong></span> <span class='ocrx_word' id='word_1_55' title='bbox 1100 843 1395 898; x_wconf 77' lang='lat' dir='ltr'><strong>Palzestina</strong></span> <span class='ocrx_word' id='word_1_56' title='bbox 1424 842 1669 904; x_wconf 74' lang='lat' dir='ltr'><strong>Justinus</strong></span> 
     </span>
    </p>
   </div>
   <div class='ocr_carea' id='block_1_9' title="bbox 112 932 1665 1002">
    <p class='ocr_par' dir='ltr' id='par_1_9' title="bbox 112 932 1665 1002">
     <span class='ocr_line' id='line_1_9' title="bbox 112 932 1665 1002; baseline -0.002 -14"><span class='ocrx_word' id='word_1_57' title='bbox 112 950 165 988; x_wconf 84' lang='lat' dir='ltr'><strong>ac</strong></span> <span class='ocrx_word' id='word_1_58' title='bbox 189 940 441 1002; x_wconf 69' lang='lat' dir='ltr'><strong>pmterea</strong></span> <span class='ocrx_word' id='word_1_59' title='bbox 487 932 804 987; x_wconf 89' lang='lat' dir='ltr'><strong>studiorum</strong></span> <span class='ocrx_word' id='word_1_60' title='bbox 851 946 1059 998; x_wconf 89' lang='lat' dir='ltr'><strong>causa,</strong></span> <span class='ocrx_word' id='word_1_61' title='bbox 1091 942 1151 985; x_wconf 88' lang='lat' dir='ltr'><strong>ut</strong></span> <span class='ocrx_word' id='word_1_62' title='bbox 1191 934 1461 999; x_wconf 77' lang='lat' dir='ltr'><strong>vidimus,</strong></span> <span class='ocrx_word' id='word_1_63' title='bbox 1506 947 1665 1001; x_wconf 81' lang='lat' dir='ltr'><strong>pere-</strong></span> 
     </span>
    </p>
   </div>
   <div class='ocr_carea' id='block_1_10' title="bbox 112 1024 1664 1096">
    <p class='ocr_par' dir='ltr' id='par_1_10' title="bbox 112 1024 1664 1096">
     <span class='ocr_line' id='line_1_10' title="bbox 112 1024 1664 1096; baseline -0.001 -18"><span class='ocrx_word' id='word_1_64' title='bbox 112 1027 326 1096; x_wconf 73' lang='lat' dir='ltr'><strong>grinatus</strong></span> <span class='ocrx_word' id='word_1_65' title='bbox 355 1024 448 1087; x_wconf 89' lang='lat' dir='ltr'><strong>sit,</strong></span> <span class='ocrx_word' id='word_1_66' title='bbox 468 1024 737 1093; x_wconf 79' lang='lat' dir='ltr'><strong>perfacile</strong></span> <span class='ocrx_word' id='word_1_67' title='bbox 759 1024 1346 1094; x_wconf 78' lang='lat' dir='ltr'><strong>potuitAlexandriam</strong></span> <span class='ocrx_word' id='word_1_68' title='bbox 1372 1025 1664 1094; x_wconf 82' lang='lat' dir='ltr'><strong>proﬁcisci,</strong></span> 
     </span>
    </p>
   </div>
   <div class='ocr_carea' id='block_1_11' title="bbox 116 1113 1663 1185">
    <p class='ocr_par' dir='ltr' id='par_1_11' title="bbox 116 1113 1663 1185">
     <span class='ocr_line' id='line_1_11' title="bbox 116 1113 1663 1185; baseline 0.001 -17"><span class='ocrx_word' id='word_1_69' title='bbox 116 1131 196 1169; x_wconf 87' lang='lat' dir='ltr'><strong>nec</strong></span> <span class='ocrx_word' id='word_1_70' title='bbox 219 1113 479 1170; x_wconf 75' lang='lat' dir='ltr'><strong>difﬁcilius</strong></span> <span class='ocrx_word' id='word_1_71' title='bbox 499 1114 706 1169; x_wconf 87' lang='lat' dir='ltr'><strong>Cumas</strong></span> <span class='ocrx_word' id='word_1_72' title='bbox 736 1117 994 1178; x_wconf 87' lang='lat' dir='ltr'><strong>invisere,</strong></span> <span class='ocrx_word' id='word_1_73' title='bbox 1025 1131 1148 1175; x_wconf 90' lang='lat' dir='ltr'><strong>cum</strong></span> <span class='ocrx_word' id='word_1_74' title='bbox 1172 1115 1403 1173; x_wconf 75' lang='lat' dir='ltr'><strong>Romam</strong></span> <span class='ocrx_word' id='word_1_75' title='bbox 1438 1127 1663 1185; x_wconf 79' lang='lat' dir='ltr'><strong>peteret.</strong></span> 
     </span>
    </p>
   </div>
   <div class='ocr_carea' id='block_1_12' title="bbox 116 1206 1666 1272">
    <p class='ocr_par' dir='ltr' id='par_1_12' title="bbox 116 1206 1666 1272">
     <span class='ocr_line' id='line_1_12' title="bbox 116 1206 1666 1272; baseline 0.004 -17"><span class='ocrx_word' id='word_1_76' title='bbox 116 1207 241 1272; x_wconf 85' lang='lat' dir='ltr'><strong>Quod</strong></span> <span class='ocrx_word' id='word_1_77' title='bbox 271 1214 446 1259; x_wconf 86' lang='lat' dir='ltr'><strong>autem</strong></span> <span class='ocrx_word' id='word_1_78' title='bbox 485 1206 540 1258; x_wconf 90' lang='lat' dir='ltr'><strong>iu</strong></span> <span class='ocrx_word' id='word_1_79' title='bbox 593 1216 707 1259; x_wconf 85' lang='lat' dir='ltr'><strong>tota</strong></span> <span class='ocrx_word' id='word_1_80' title='bbox 753 1208 1005 1260; x_wconf 88' lang='lat' dir='ltr'><strong>oratione</strong></span> <span class='ocrx_word' id='word_1_81' title='bbox 1042 1208 1384 1261; x_wconf 83' lang='lat' dir='ltr'><strong>demonstrat</strong></span> <span class='ocrx_word' id='word_1_82' title='bbox 1416 1207 1666 1261; x_wconf 82' lang='lat' dir='ltr'><strong>veritatis</strong></span> 
     </span>
    </p>
   </div>
   <div class='ocr_carea' id='block_1_13' title="bbox 116 1296 1665 1367">
    <p class='ocr_par' dir='ltr' id='par_1_13' title="bbox 116 1296 1665 1367">
     <span class='ocr_line' id='line_1_13' title="bbox 116 1296 1665 1367; baseline 0.001 -16"><span class='ocrx_word' id='word_1_83' title='bbox 116 1296 443 1367; x_wconf 76' lang='lat' dir='ltr'><strong>cognitionem</strong></span> <span class='ocrx_word' id='word_1_84' title='bbox 492 1310 603 1347; x_wconf 92' lang='lat' dir='ltr'><strong>non</strong></span> <span class='ocrx_word' id='word_1_85' title='bbox 640 1296 709 1353; x_wconf 87' lang='lat' dir='ltr'><strong>ab</strong></span> <span class='ocrx_word' id='word_1_86' title='bbox 757 1298 995 1351; x_wconf 84' lang='lat' dir='ltr'><strong>ethnicis</strong></span> <span class='ocrx_word' id='word_1_87' title='bbox 1040 1298 1443 1365; x_wconf 74' lang='lat' dir='ltr'><strong>scriptoribus,</strong></span> <span class='ocrx_word' id='word_1_88' title='bbox 1498 1300 1591 1352; x_wconf 88' lang='lat' dir='ltr'><strong>sed</strong></span> <span class='ocrx_word' id='word_1_89' title='bbox 1636 1315 1665 1352; x_wconf 84' lang='lat' dir='ltr'><strong>a</strong></span> 
     </span>
    </p>
   </div>
   <div class='ocr_carea' id='block_1_14' title="bbox 116 1389 1668 1458">
    <p class='ocr_par' dir='ltr' id='par_1_14' title="bbox 116 1389 1668 1458">
     <span class='ocr_line' id='line_1_14' title="bbox 116 1389 1668 1458; baseline 0.001 -16"><span class='ocrx_word' id='word_1_90' title='bbox 116 1389 357 1457; x_wconf 85' lang='lat' dir='ltr'><strong>prophetis</strong></span> <span class='ocrx_word' id='word_1_91' title='bbox 413 1390 711 1457; x_wconf 83' lang='lat' dir='ltr'><strong>petendam</strong></span> <span class='ocrx_word' id='word_1_92' title='bbox 758 1404 923 1454; x_wconf 89' lang='lat' dir='ltr'><strong>esse;</strong></span> <span class='ocrx_word' id='word_1_93' title='bbox 971 1404 1036 1442; x_wconf 88' lang='lat' dir='ltr'><strong>an</strong></span> <span class='ocrx_word' id='word_1_94' title='bbox 1094 1390 1393 1458; x_wconf 81' lang='lat' dir='ltr'><strong>quidquam</strong></span> <span class='ocrx_word' id='word_1_95' title='bbox 1449 1389 1668 1443; x_wconf 91' lang='lat' dir='ltr'><strong>Justino</strong></span> 
     </span>
    </p>
   </div>
   <div class='ocr_carea' id='block_1_15' title="bbox 116 1480 1664 1551">
    <p class='ocr_par' dir='ltr' id='par_1_15' title="bbox 116 1480 1664 1551">
     <span class='ocr_line' id='line_1_15' title="bbox 116 1480 1664 1551; baseline 0 -18"><span class='ocrx_word' id='word_1_96' title='bbox 116 1482 258 1549; x_wconf 78' lang='lat' dir='ltr'><strong>magis</strong></span> <span class='ocrx_word' id='word_1_97' title='bbox 299 1494 604 1549; x_wconf 81' lang='lat' dir='ltr'><strong>congruat,</strong></span> <span class='ocrx_word' id='word_1_98' title='bbox 655 1481 749 1551; x_wconf 87' lang='lat' dir='ltr'><strong>qui</strong></span> <span class='ocrx_word' id='word_1_99' title='bbox 804 1480 874 1534; x_wconf 90' lang='lat' dir='ltr'><strong>ad</strong></span> <span class='ocrx_word' id='word_1_100' title='bbox 926 1480 1257 1548; x_wconf 68' lang='lat' dir='ltr'><strong>religionem</strong></span> <span class='ocrx_word' id='word_1_101' title='bbox 1292 1480 1664 1536; x_wconf 78' lang='lat' dir='ltr'><strong>Christianattt</strong></span> 
     </span>
    </p>
   </div>
   <div class='ocr_carea' id='block_1_16' title="bbox 116 1572 1664 1637">
    <p class='ocr_par' dir='ltr' id='par_1_16' title="bbox 116 1572 1664 1637">
     <span class='ocr_line' id='line_1_16' title="bbox 116 1572 1664 1637; baseline -0.001 -11"><span class='ocrx_word' id='word_1_102' title='bbox 116 1586 373 1631; x_wconf 75' lang='lat' dir='ltr'><strong>conversus</strong></span> <span class='ocrx_word' id='word_1_103' title='bbox 410 1572 614 1637; x_wconf 80' lang='lat' dir='ltr'><strong>fuerat,</strong></span> <span class='ocrx_word' id='word_1_104' title='bbox 640 1587 763 1627; x_wconf 90' lang='lat' dir='ltr'><strong>cum</strong></span> <span class='ocrx_word' id='word_1_105' title='bbox 791 1572 983 1628; x_wconf 86' lang='lat' dir='ltr'><strong>eadem</strong></span> <span class='ocrx_word' id='word_1_106' title='bbox 1006 1588 1072 1631; x_wconf 69' lang='lat' dir='ltr'><strong>ex</strong></span> <span class='ocrx_word' id='word_1_107' title='bbox 1100 1588 1235 1627; x_wconf 90' lang='lat' dir='ltr'><strong>sene</strong></span> <span class='ocrx_word' id='word_1_108' title='bbox 1261 1573 1443 1626; x_wconf 89' lang='lat' dir='ltr'><strong>subito</strong></span> <span class='ocrx_word' id='word_1_109' title='bbox 1465 1588 1664 1627; x_wconf 87' lang='lat' dir='ltr'><strong>occur-</strong></span> 
     </span>
    </p>
   </div>
   <div class='ocr_carea' id='block_1_17' title="bbox 118 1664 578 1718">
    <p class='ocr_par' dir='ltr' id='par_1_17' title="bbox 118 1664 578 1718">
     <span class='ocr_line' id='line_1_17' title="bbox 118 1664 578 1718; baseline -0.002 0"><span class='ocrx_word' id='word_1_110' title='bbox 118 1672 242 1718; x_wconf 83' lang='lat' dir='ltr'><strong>rente</strong></span> <span class='ocrx_word' id='word_1_111' title='bbox 266 1664 529 1718; x_wconf 86' lang='lat' dir='ltr'><strong>audiisset</strong></span> <span class='ocrx_word' id='word_1_112' title='bbox 554 1665 578 1717; x_wconf 87' lang='lat'><strong>?</strong></span> 
     </span>
    </p>
   </div>
   <div class='ocr_carea' id='block_1_18' title="bbox 174 1756 1661 1827">
    <p class='ocr_par' dir='ltr' id='par_1_18' title="bbox 174 1756 1661 1827">
     <span class='ocr_line' id='line_1_18' title="bbox 174 1756 1661 1827; baseline 0.001 -17"><span class='ocrx_word' id='word_1_113' title='bbox 174 1756 362 1825; x_wconf 79' lang='lat' dir='ltr'><strong>Stylum</strong></span> <span class='ocrx_word' id='word_1_114' title='bbox 392 1756 438 1810; x_wconf 92' lang='lat' dir='ltr'><strong>si</strong></span> <span class='ocrx_word' id='word_1_115' title='bbox 468 1757 595 1827; x_wconf 89' lang='lat' dir='ltr'><strong>quis</strong></span> <span class='ocrx_word' id='word_1_116' title='bbox 629 1757 945 1813; x_wconf 86' lang='lat' dir='ltr'><strong>consideret</strong></span> <span class='ocrx_word' id='word_1_117' title='bbox 976 1759 1261 1825; x_wconf 89' lang='lat' dir='ltr'><strong>attentius,</strong></span> <span class='ocrx_word' id='word_1_118' title='bbox 1290 1758 1521 1813; x_wconf 90' lang='lat' dir='ltr'><strong>omnino</strong></span> <span class='ocrx_word' id='word_1_119' title='bbox 1538 1772 1661 1812; x_wconf 90' lang='lat' dir='ltr'><strong>cum</strong></span> 
     </span>
    </p>
   </div>
   <div class='ocr_carea' id='block_1_19' title="bbox 1773 571 3356 644">
    <p class='ocr_par' dir='ltr' id='par_1_19' title="bbox 1773 571 3356 644">
     <span class='ocr_line' id='line_1_19' title="bbox 1773 571 3356 644; baseline 0.004 -21"><span class='ocrx_word' id='word_1_120' title='bbox 1773 586 1937 641; x_wconf 88' lang='lat' dir='ltr'><strong>quam</strong></span> <span class='ocrx_word' id='word_1_121' title='bbox 1975 571 2138 631; x_wconf 82' lang='lat' dir='ltr'><strong>hodie</strong></span> <span class='ocrx_word' id='word_1_122' title='bbox 2172 587 2279 626; x_wconf 92' lang='lat' dir='ltr'><strong>non</strong></span> <span class='ocrx_word' id='word_1_123' title='bbox 2331 571 2589 625; x_wconf 83' lang='lat' dir='ltr'><strong>fateatur.</strong></span> <span class='ocrx_word' id='word_1_124' title='bbox 2643 571 2749 629; x_wconf 90' lang='lat' dir='ltr'><strong>Sed</strong></span> <span class='ocrx_word' id='word_1_125' title='bbox 2782 589 2911 633; x_wconf 15' lang='lat' dir='ltr'><strong>cum.</strong></span> <span class='ocrx_word' id='word_1_126' title='bbox 2947 574 3195 644; x_wconf 86' lang='lat' dir='ltr'><strong>pluribus</strong></span> <span class='ocrx_word' id='word_1_127' title='bbox 3224 575 3356 630; x_wconf 78' lang='lat' dir='ltr'><strong>locis</strong></span> 
     </span>
    </p>
   </div>
   <div class='ocr_carea' id='block_1_20' title="bbox 1772 650 3351 736">
    <p class='ocr_par' dir='ltr' id='par_1_20' title="bbox 1772 650 3351 736">
     <span class='ocr_line' id='line_1_20' title="bbox 1772 650 3351 736; baseline 0.004 -21"><span class='ocrx_word' id='word_1_128' title='bbox 1772 678 2032 725; x_wconf 81' lang='lat' dir='ltr'><strong>versuum</strong></span> <span class='ocrx_word' id='word_1_129' title='bbox 2081 664 2520 736; x_wconf 74' lang='lat' dir='ltr'><strong>Sibyllinorum,</strong></span> <span class='ocrx_word' id='word_1_130' title='bbox 2557 668 2858 733; x_wconf 62' lang='lat' dir='ltr'><strong>praesertim</strong></span> <span class='ocrx_word' id='word_1_131' title='bbox 2907 682 3040 723; x_wconf 87' lang='lat' dir='ltr'><strong>vero</strong></span> <span class='ocrx_word' id='word_1_132' title='bbox 3090 667 3186 723; x_wconf 87' lang='lat' dir='ltr'><strong>lib.</strong></span> <span class='ocrx_word' id='word_1_133' title='bbox 3220 650 3351 731; x_wconf 75' lang='lat' dir='ltr'><strong>viti.</strong></span> 
     </span>
    </p>
   </div>
   <div class='ocr_carea' id='block_1_21' title="bbox 1772 755 3354 827">
    <p class='ocr_par' dir='ltr' id='par_1_21' title="bbox 1772 755 3354 827">
     <span class='ocr_line' id='line_1_21' title="bbox 1772 755 3354 827; baseline 0.002 -18"><span class='ocrx_word' id='word_1_134' title='bbox 1772 755 1844 809; x_wconf 86' lang='lat' dir='ltr'><strong>M.</strong></span> <span class='ocrx_word' id='word_1_135' title='bbox 1876 756 2215 823; x_wconf 84' lang='lat' dir='ltr'><strong>Antoninus,</strong></span> <span class='ocrx_word' id='word_1_136' title='bbox 2268 756 2361 825; x_wconf 89' lang='lat' dir='ltr'><strong>qui</strong></span> <span class='ocrx_word' id='word_1_137' title='bbox 2410 758 2477 811; x_wconf 89' lang='lat' dir='ltr'><strong>ab</strong></span> <span class='ocrx_word' id='word_1_138' title='bbox 2505 758 2750 810; x_wconf 83' lang='lat' dir='ltr'><strong>Adriano</strong></span> <span class='ocrx_word' id='word_1_139' title='bbox 2781 757 3068 827; x_wconf 82' lang='lat' dir='ltr'><strong>adoptatus</strong></span> <span class='ocrx_word' id='word_1_140' title='bbox 3097 767 3182 812; x_wconf 92' lang='lat' dir='ltr'><strong>est</strong></span> <span class='ocrx_word' id='word_1_141' title='bbox 3209 773 3354 812; x_wconf 80' lang='lat' dir='ltr'><strong>anno</strong></span> 
     </span>
    </p>
   </div>
   <div class='ocr_carea' id='block_1_22' title="bbox 1772 848 3354 909">
    <p class='ocr_par' dir='ltr' id='par_1_22' title="bbox 1772 848 3354 909">
     <span class='ocr_line' id='line_1_22' title="bbox 1772 848 3354 909; baseline 0.001 -8"><span class='ocrx_word' id='word_1_142' title='bbox 1772 848 1903 909; x_wconf 76' lang='grc'><strong>158,</strong></span> <span class='ocrx_word' id='word_1_143' title='bbox 1955 857 2010 902; x_wconf 90' lang='lat' dir='ltr'><strong>et</strong></span> <span class='ocrx_word' id='word_1_144' title='bbox 2041 848 2112 909; x_wconf 78' lang='lat' dir='ltr'><strong>M.</strong></span> <span class='ocrx_word' id='word_1_145' title='bbox 2159 848 2415 902; x_wconf 84' lang='lat' dir='ltr'><strong>Aurelius</strong></span> <span class='ocrx_word' id='word_1_146' title='bbox 2446 858 2500 905; x_wconf 92' lang='lat' dir='ltr'><strong>et</strong></span> <span class='ocrx_word' id='word_1_147' title='bbox 2535 848 2739 908; x_wconf 85' lang='lat' dir='ltr'><strong>Lucius</strong></span> <span class='ocrx_word' id='word_1_148' title='bbox 2766 848 2940 909; x_wconf 81' lang='lat' dir='ltr'><strong>Verus</strong></span> <span class='ocrx_word' id='word_1_149' title='bbox 2976 851 3166 905; x_wconf 86' lang='lat' dir='ltr'><strong>eodem</strong></span> <span class='ocrx_word' id='word_1_150' title='bbox 3208 864 3354 903; x_wconf 83' lang='lat' dir='ltr'><strong>anno</strong></span> 
     </span>
    </p>
   </div>
   <div class='ocr_carea' id='block_1_23' title="bbox 1770 939 3355 1009">
    <p class='ocr_par' dir='ltr' id='par_1_23' title="bbox 1770 939 3355 1009">
     <span class='ocr_line' id='line_1_23' title="bbox 1770 939 3355 1009; baseline 0.003 -17"><span class='ocrx_word' id='word_1_151' title='bbox 1770 942 1839 993; x_wconf 87' lang='lat' dir='ltr'><strong>ab</strong></span> <span class='ocrx_word' id='word_1_152' title='bbox 1864 940 2138 993; x_wconf 85' lang='lat' dir='ltr'><strong>Antonino</strong></span> <span class='ocrx_word' id='word_1_153' title='bbox 2178 939 2459 1009; x_wconf 89' lang='lat' dir='ltr'><strong>adoptati,</strong></span> <span class='ocrx_word' id='word_1_154' title='bbox 2494 950 2555 996; x_wconf 91' lang='lat' dir='ltr'><strong>ut</strong></span> <span class='ocrx_word' id='word_1_155' title='bbox 2586 942 2814 996; x_wconf 85' lang='lat' dir='ltr'><strong>Adriani</strong></span> <span class='ocrx_word' id='word_1_156' title='bbox 2869 956 3233 1000; x_wconf 72' lang='lat' dir='ltr'><strong>successores</strong></span> <span class='ocrx_word' id='word_1_157' title='bbox 3260 943 3355 996; x_wconf 91' lang='lat' dir='ltr'><strong>de-</strong></span> 
     </span>
    </p>
   </div>
   <div class='ocr_carea' id='block_1_24' title="bbox 1768 1029 3353 1101">
    <p class='ocr_par' dir='ltr' id='par_1_24' title="bbox 1768 1029 3353 1101">
     <span class='ocr_line' id='line_1_24' title="bbox 1768 1029 3353 1101; baseline 0.002 -19"><span class='ocrx_word' id='word_1_158' title='bbox 1768 1029 2091 1099; x_wconf 78' lang='lat' dir='ltr'><strong>signentur;</strong></span> <span class='ocrx_word' id='word_1_159' title='bbox 2139 1029 2315 1101; x_wconf 90' lang='lat' dir='ltr'><strong>liquet</strong></span> <span class='ocrx_word' id='word_1_160' title='bbox 2345 1032 2446 1085; x_wconf 91' lang='lat' dir='ltr'><strong>hos</strong></span> <span class='ocrx_word' id='word_1_161' title='bbox 2479 1031 2649 1089; x_wconf 85' lang='lat' dir='ltr'><strong>libros</strong></span> <span class='ocrx_word' id='word_1_162' title='bbox 2681 1042 2811 1090; x_wconf 89' lang='lat' dir='ltr'><strong>ante</strong></span> <span class='ocrx_word' id='word_1_163' title='bbox 2847 1048 3051 1086; x_wconf 78' lang='lat' dir='ltr'><strong>aiinum</strong></span> <span class='ocrx_word' id='word_1_164' title='bbox 3084 1033 3220 1096; x_wconf 70' lang='lat'><strong>158,</strong></span> <span class='ocrx_word' id='word_1_165' title='bbox 3258 1033 3353 1101; x_wconf 86' lang='lat' dir='ltr'><strong>qui</strong></span> 
     </span>
    </p>
   </div>
   <div class='ocr_carea' id='block_1_25' title="bbox 1769 1118 3351 1186">
    <p class='ocr_par' dir='ltr' id='par_1_25' title="bbox 1769 1118 3351 1186">
     <span class='ocr_line' id='line_1_25' title="bbox 1769 1118 3351 1186; baseline -0.001 -14"><span class='ocrx_word' id='word_1_166' title='bbox 1769 1128 2078 1186; x_wconf 82' lang='lat' dir='ltr'><strong>postremus</strong></span> <span class='ocrx_word' id='word_1_167' title='bbox 2112 1118 2218 1172; x_wconf 72' lang='lat' dir='ltr'><strong>iuit</strong></span> <span class='ocrx_word' id='word_1_168' title='bbox 2260 1119 2525 1183; x_wconf 86' lang='lat' dir='ltr'><strong>Adriani,</strong></span> <span class='ocrx_word' id='word_1_169' title='bbox 2556 1120 2860 1174; x_wconf 87' lang='lat' dir='ltr'><strong>fabricatos</strong></span> <span class='ocrx_word' id='word_1_170' title='bbox 2894 1137 2999 1176; x_wconf 87' lang='lat' dir='ltr'><strong>non</strong></span> <span class='ocrx_word' id='word_1_171' title='bbox 3031 1118 3240 1182; x_wconf 86' lang='lat' dir='ltr'><strong>fuisse;</strong></span> <span class='ocrx_word' id='word_1_172' title='bbox 3285 1132 3351 1171; x_wconf 86' lang='lat' dir='ltr'><strong>ac</strong></span> 
     </span>
    </p>
   </div>
   <div class='ocr_carea' id='block_1_26' title="bbox 1770 1206 3352 1278">
    <p class='ocr_par' dir='ltr' id='par_1_26' title="bbox 1770 1206 3352 1278">
     <span class='ocr_line' id='line_1_26' title="bbox 1770 1206 3352 1278; baseline 0.001 -20"><span class='ocrx_word' id='word_1_173' title='bbox 1770 1206 1997 1277; x_wconf 86' lang='lat' dir='ltr'><strong>proinde</strong></span> <span class='ocrx_word' id='word_1_174' title='bbox 2043 1207 2518 1269; x_wconf 86' lang='lat' dir='ltr'><strong>elucubrationem</strong></span> <span class='ocrx_word' id='word_1_175' title='bbox 2566 1208 2767 1263; x_wconf 90' lang='lat' dir='ltr'><strong>Justini</strong></span> <span class='ocrx_word' id='word_1_176' title='bbox 2796 1247 2813 1273; x_wconf 91' lang='lat'><strong>,</strong></span> <span class='ocrx_word' id='word_1_177' title='bbox 2862 1210 2915 1263; x_wconf 93' lang='lat' dir='ltr'><strong>in</strong></span> <span class='ocrx_word' id='word_1_178' title='bbox 2966 1225 3071 1278; x_wconf 88' lang='lat' dir='ltr'><strong>qua</strong></span> <span class='ocrx_word' id='word_1_179' title='bbox 3123 1209 3176 1262; x_wconf 91' lang='lat' dir='ltr'><strong>hi</strong></span> <span class='ocrx_word' id='word_1_180' title='bbox 3224 1207 3352 1262; x_wconf 86' lang='lat' dir='ltr'><strong>libri</strong></span> 
     </span>
    </p>
   </div>
   <div class='ocr_carea' id='block_1_27' title="bbox 1771 1302 3353 1370">
    <p class='ocr_par' dir='ltr' id='par_1_27' title="bbox 1771 1302 3353 1370">
     <span class='ocr_line' id='line_1_27' title="bbox 1771 1302 3353 1370; baseline 0.001 -17"><span class='ocrx_word' id='word_1_181' title='bbox 1771 1310 1885 1355; x_wconf 88' lang='lat' dir='ltr'><strong>toto</strong></span> <span class='ocrx_word' id='word_1_182' title='bbox 1914 1303 2048 1355; x_wconf 89' lang='lat' dir='ltr'><strong>orbe</strong></span> <span class='ocrx_word' id='word_1_183' title='bbox 2098 1302 2371 1355; x_wconf 88' lang='lat' dir='ltr'><strong>asservari</strong></span> <span class='ocrx_word' id='word_1_184' title='bbox 2408 1302 2687 1366; x_wconf 90' lang='lat' dir='ltr'><strong>dicuntur,</strong></span> <span class='ocrx_word' id='word_1_185' title='bbox 2728 1303 2796 1356; x_wconf 90' lang='lat' dir='ltr'><strong>ad</strong></span> <span class='ocrx_word' id='word_1_186' title='bbox 2838 1302 3097 1356; x_wconf 86' lang='lat' dir='ltr'><strong>Antonini</strong></span> <span class='ocrx_word' id='word_1_187' title='bbox 3173 1302 3353 1370; x_wconf 88' lang='lat' dir='ltr'><strong>potius</strong></span> 
     </span>
    </p>
   </div>
   <div class='ocr_carea' id='block_1_28' title="bbox 1769 1392 3159 1467">
    <p class='ocr_par' dir='ltr' id='par_1_28' title="bbox 1769 1392 3159 1467">
     <span class='ocr_line' id='line_1_28' title="bbox 1769 1392 3159 1467; baseline 0.002 -24"><span class='ocrx_word' id='word_1_188' title='bbox 1769 1407 1928 1461; x_wconf 89' lang='lat' dir='ltr'><strong>quam</strong></span> <span class='ocrx_word' id='word_1_189' title='bbox 1959 1392 2028 1445; x_wconf 89' lang='lat' dir='ltr'><strong>ad</strong></span> <span class='ocrx_word' id='word_1_190' title='bbox 2052 1392 2597 1467; x_wconf 82' lang='lat' dir='ltr'><strong>Adrianiimperium</strong></span> <span class='ocrx_word' id='word_1_191' title='bbox 2633 1410 2754 1449; x_wconf 89' lang='lat' dir='ltr'><strong>esse</strong></span> <span class='ocrx_word' id='word_1_192' title='bbox 2790 1396 3159 1452; x_wconf 84' lang='lat' dir='ltr'><strong>referendam.</strong></span> 
     </span>
    </p>
   </div>
   <div class='ocr_carea' id='block_1_29' title="bbox 1841 1482 3352 1553">
    <p class='ocr_par' dir='ltr' id='par_1_29' title="bbox 1841 1482 3352 1553">
     <span class='ocr_line' id='line_1_29' title="bbox 1841 1482 3352 1553; baseline 0.003 -19"><span class='ocrx_word' id='word_1_193' title='bbox 1841 1482 2022 1535; x_wconf 70' lang='lat' dir='ltr'><strong>Roma:</strong></span> <span class='ocrx_word' id='word_1_194' title='bbox 2050 1482 2309 1553; x_wconf 88' lang='lat' dir='ltr'><strong>scriptum</strong></span> <span class='ocrx_word' id='word_1_195' title='bbox 2339 1492 2422 1537; x_wconf 88' lang='lat' dir='ltr'><strong>est</strong></span> <span class='ocrx_word' id='word_1_196' title='bbox 2457 1484 2558 1537; x_wconf 92' lang='lat' dir='ltr'><strong>hoc</strong></span> <span class='ocrx_word' id='word_1_197' title='bbox 2585 1500 2749 1552; x_wconf 88' lang='lat' dir='ltr'><strong>opus,</strong></span> <span class='ocrx_word' id='word_1_198' title='bbox 2798 1485 3069 1552; x_wconf 87' lang='lat' dir='ltr'><strong>siquidem</strong></span> <span class='ocrx_word' id='word_1_199' title='bbox 3103 1484 3352 1538; x_wconf 85' lang='lat' dir='ltr'><strong>Justinus</strong></span> 
     </span>
    </p>
   </div>
   <div class='ocr_carea' id='block_1_30' title="bbox 1768 1570 3347 1645">
    <p class='ocr_par' dir='ltr' id='par_1_30' title="bbox 1768 1570 3347 1645">
     <span class='ocr_line' id='line_1_30' title="bbox 1768 1570 3347 1645; baseline 0.003 -20"><span class='ocrx_word' id='word_1_200' title='bbox 1768 1570 1977 1625; x_wconf 86' lang='lat' dir='ltr'><strong>italiam</strong></span> <span class='ocrx_word' id='word_1_201' title='bbox 2008 1583 2435 1643; x_wconf 78' lang='lat' dir='ltr'><strong>peragraverat,</strong></span> <span class='ocrx_word' id='word_1_202' title='bbox 2464 1589 2529 1628; x_wconf 91' lang='lat' dir='ltr'><strong>ac</strong></span> <span class='ocrx_word' id='word_1_203' title='bbox 2559 1576 2790 1645; x_wconf 88' lang='lat' dir='ltr'><strong>proinde</strong></span> <span class='ocrx_word' id='word_1_204' title='bbox 2832 1576 3061 1629; x_wconf 80' lang='lat' dir='ltr'><strong>Romam</strong></span> <span class='ocrx_word' id='word_1_205' title='bbox 3098 1585 3347 1629; x_wconf 84' lang='lat' dir='ltr'><strong>venerat.</strong></span> 
     </span>
    </p>
   </div>
   <div class='ocr_carea' id='block_1_31' title="bbox 1765 1665 3347 1736">
    <p class='ocr_par' dir='ltr' id='par_1_31' title="bbox 1765 1665 3347 1736">
     <span class='ocr_line' id='line_1_31' title="bbox 1765 1665 3347 1736; baseline 0.001 -19"><span class='ocrx_word' id='word_1_206' title='bbox 1765 1666 1835 1717; x_wconf 83' lang='lat' dir='ltr'><strong>At</strong></span> <span class='ocrx_word' id='word_1_207' title='bbox 1876 1665 1933 1718; x_wconf 90' lang='lat' dir='ltr'><strong>S.</strong></span> <span class='ocrx_word' id='word_1_208' title='bbox 1987 1675 2194 1736; x_wconf 86' lang='lat' dir='ltr'><strong>martyr</strong></span> <span class='ocrx_word' id='word_1_209' title='bbox 2244 1676 2531 1736; x_wconf 88' lang='lat' dir='ltr'><strong>postquam</strong></span> <span class='ocrx_word' id='word_1_210' title='bbox 2585 1668 2812 1723; x_wconf 79' lang='lat' dir='ltr'><strong>ltomam</strong></span> <span class='ocrx_word' id='word_1_211' title='bbox 2866 1670 3122 1734; x_wconf 81' lang='lat' dir='ltr'><strong>advenit,</strong></span> <span class='ocrx_word' id='word_1_212' title='bbox 3177 1667 3347 1721; x_wconf 80' lang='lat' dir='ltr'><strong>semel</strong></span> 
     </span>
    </p>
   </div>
   <div class='ocr_carea' id='block_1_32' title="bbox 1768 1756 3352 1827">
    <p class='ocr_par' dir='ltr' id='par_1_32' title="bbox 1768 1756 3352 1827">
     <span class='ocr_line' id='line_1_32' title="bbox 1768 1756 3352 1827; baseline 0.002 -20"><span class='ocrx_word' id='word_1_213' title='bbox 1768 1762 1976 1808; x_wconf 89' lang='lat' dir='ltr'><strong>tantum</strong></span> <span class='ocrx_word' id='word_1_214' title='bbox 2013 1772 2079 1809; x_wconf 78' lang='lat' dir='ltr'><strong>ex</strong></span> <span class='ocrx_word' id='word_1_215' title='bbox 2108 1756 2211 1810; x_wconf 89' lang='lat' dir='ltr'><strong>hac</strong></span> <span class='ocrx_word' id='word_1_216' title='bbox 2241 1759 2377 1811; x_wconf 86' lang='lat' dir='ltr'><strong>urbe</strong></span> <span class='ocrx_word' id='word_1_217' title='bbox 2407 1772 2658 1827; x_wconf 77' lang='lat' dir='ltr'><strong>egressus</strong></span> <span class='ocrx_word' id='word_1_218' title='bbox 2696 1769 2780 1813; x_wconf 89' lang='lat' dir='ltr'><strong>est</strong></span> <span class='ocrx_word' id='word_1_219' title='bbox 2800 1798 2816 1824; x_wconf 92' lang='lat'><strong>,</strong></span> <span class='ocrx_word' id='word_1_220' title='bbox 2868 1770 2925 1812; x_wconf 92' lang='lat' dir='ltr'><strong>ut</strong></span> <span class='ocrx_word' id='word_1_221' title='bbox 2953 1760 3113 1814; x_wconf 90' lang='lat' dir='ltr'><strong>modo</strong></span> <span class='ocrx_word' id='word_1_222' title='bbox 3144 1758 3352 1813; x_wconf 87' lang='lat' dir='ltr'><strong>videbi-</strong></span> 
     </span>
    </p>
   </div>
   <div class='ocr_carea' id='block_1_33' title="bbox 119 1825 3353 1921">
    <p class='ocr_par' dir='ltr' id='par_1_33' title="bbox 119 1825 3353 1921">
     <span class='ocr_line' id='line_1_33' title="bbox 119 1825 3353 1921; baseline 0 -19"><span class='ocrx_word' id='word_1_223' title='bbox 119 1850 215 1902; x_wconf 82' lang='lat' dir='ltr'><strong>aliis</strong></span> <span class='ocrx_word' id='word_1_224' title='bbox 235 1848 416 1903; x_wconf 90' lang='lat' dir='ltr'><strong>Justini</strong></span> <span class='ocrx_word' id='word_1_225' title='bbox 463 1825 733 1921; x_wconf 84' lang='lat' dir='ltr'><strong>operibus</strong></span> <span class='ocrx_word' id='word_1_226' title='bbox 782 1852 1102 1907; x_wconf 88' lang='lat' dir='ltr'><strong>consentire</strong></span> <span class='ocrx_word' id='word_1_227' title='bbox 1136 1850 1436 1917; x_wconf 74' lang='lat' dir='ltr'><strong>fatebitur,</strong></span> <span class='ocrx_word' id='word_1_228' title='bbox 1474 1860 1532 1903; x_wconf 94' lang='lat' dir='ltr'><strong>ut</strong></span> <span class='ocrx_word' id='word_1_229' title='bbox 1563 1851 1663 1905; x_wconf 88' lang='lat' dir='ltr'><strong>ob-</strong></span> <span class='ocrx_word' id='word_1_230' title='bbox 1694 1825 1736 1880; x_wconf 77' lang='grc' dir='ltr'><strong>Β</strong></span> <span class='ocrx_word' id='word_1_231' title='bbox 1766 1860 1923 1911; x_wconf 81' lang='lat' dir='ltr'><strong>mu8,</strong></span> <span class='ocrx_word' id='word_1_232' title='bbox 1974 1845 2140 1916; x_wconf 83' lang='lat' dir='ltr'><strong>idque</strong></span> <span class='ocrx_word' id='word_1_233' title='bbox 2211 1857 2334 1917; x_wconf 84' lang='lat' dir='ltr'><strong>post</strong></span> <span class='ocrx_word' id='word_1_234' title='bbox 2384 1825 2613 1917; x_wconf 80' lang='lat' dir='ltr'><strong>primani</strong></span> <span class='ocrx_word' id='word_1_235' title='bbox 2668 1850 2978 1920; x_wconf 81' lang='lat' dir='ltr'><strong>Apologiam</strong></span> <span class='ocrx_word' id='word_1_236' title='bbox 3008 1889 3023 1916; x_wconf 91' lang='lat'><strong>,</strong></span> <span class='ocrx_word' id='word_1_237' title='bbox 3077 1866 3200 1919; x_wconf 76' lang='lat' dir='ltr'><strong>qua:</strong></span> <span class='ocrx_word' id='word_1_238' title='bbox 3248 1849 3353 1906; x_wconf 88' lang='lat' dir='ltr'><strong>hoc</strong></span> 
     </span>
    </p>
   </div>
   <div class='ocr_carea' id='block_1_34' title="bbox 119 1942 1662 2011">
    <p class='ocr_par' dir='ltr' id='par_1_34' title="bbox 119 1942 1662 2011">
     <span class='ocr_line' id='line_1_34' title="bbox 119 1942 1662 2011; baseline 0 -16"><span class='ocrx_word' id='word_1_239' title='bbox 119 1951 269 1996; x_wconf 75' lang='lat' dir='ltr'><strong>servat</strong></span> <span class='ocrx_word' id='word_1_240' title='bbox 310 1942 492 1995; x_wconf 89' lang='lat' dir='ltr'><strong>Bullus</strong></span> <span class='ocrx_word' id='word_1_241' title='bbox 553 1944 823 2011; x_wconf 88' lang='lat' dir='ltr'><strong>probante</strong></span> <span class='ocrx_word' id='word_1_242' title='bbox 872 1942 1240 1998; x_wconf 89' lang='lat' dir='ltr'><strong>Tillemontio.</strong></span> <span class='ocrx_word' id='word_1_243' title='bbox 1291 1942 1436 1996; x_wconf 85' lang='lat' dir='ltr'><strong>inest</strong></span> <span class='ocrx_word' id='word_1_244' title='bbox 1479 1951 1662 1996; x_wconf 87' lang='lat' dir='ltr'><strong>tamen</strong></span> 
     </span>
    </p>
   </div>
   <div class='ocr_carea' id='block_1_35' title="bbox 121 2032 1661 2104">
    <p class='ocr_par' dir='ltr' id='par_1_35' title="bbox 121 2032 1661 2104">
     <span class='ocr_line' id='line_1_35' title="bbox 121 2032 1661 2104; baseline -0.001 -17"><span class='ocrx_word' id='word_1_245' title='bbox 121 2034 220 2087; x_wconf 87' lang='lat' dir='ltr'><strong>huic</strong></span> <span class='ocrx_word' id='word_1_246' title='bbox 248 2035 468 2088; x_wconf 84' lang='lat' dir='ltr'><strong>orationi</strong></span> <span class='ocrx_word' id='word_1_247' title='bbox 518 2035 749 2104; x_wconf 89' lang='lat' dir='ltr'><strong>quidam</strong></span> <span class='ocrx_word' id='word_1_248' title='bbox 800 2035 972 2101; x_wconf 90' lang='lat' dir='ltr'><strong>nitor,</strong></span> <span class='ocrx_word' id='word_1_249' title='bbox 1008 2048 1167 2103; x_wconf 87' lang='lat' dir='ltr'><strong>quem</strong></span> <span class='ocrx_word' id='word_1_250' title='bbox 1210 2035 1259 2088; x_wconf 91' lang='lat' dir='ltr'><strong>in</strong></span> <span class='ocrx_word' id='word_1_251' title='bbox 1302 2034 1425 2089; x_wconf 87' lang='lat' dir='ltr'><strong>aliis</strong></span> <span class='ocrx_word' id='word_1_252' title='bbox 1461 2032 1661 2089; x_wconf 77' lang='lat' dir='ltr'><strong>Jus1ini</strong></span> 
     </span>
    </p>
   </div>
   <div class='ocr_carea' id='block_1_36' title="bbox 121 2126 1661 2197">
    <p class='ocr_par' dir='ltr' id='par_1_36' title="bbox 121 2126 1661 2197">
     <span class='ocr_line' id='line_1_36' title="bbox 121 2126 1661 2197; baseline 0 -18"><span class='ocrx_word' id='word_1_253' title='bbox 121 2127 301 2195; x_wconf 79' lang='lat' dir='ltr'><strong>scriptis</strong></span> <span class='ocrx_word' id='word_1_254' title='bbox 353 2128 659 2182; x_wconf 87' lang='lat' dir='ltr'><strong>desideres.</strong></span> <span class='ocrx_word' id='word_1_255' title='bbox 701 2128 807 2182; x_wconf 89' lang='lat' dir='ltr'><strong>Sed</strong></span> <span class='ocrx_word' id='word_1_256' title='bbox 837 2128 966 2197; x_wconf 91' lang='lat' dir='ltr'><strong>quid</strong></span> <span class='ocrx_word' id='word_1_257' title='bbox 999 2128 1241 2194; x_wconf 90' lang='lat' dir='ltr'><strong>mirum,</strong></span> <span class='ocrx_word' id='word_1_258' title='bbox 1292 2127 1338 2182; x_wconf 92' lang='lat' dir='ltr'><strong>si</strong></span> <span class='ocrx_word' id='word_1_259' title='bbox 1389 2126 1661 2192; x_wconf 90' lang='lat' dir='ltr'><strong>Justinus,</strong></span> 
     </span>
    </p>
   </div>
   <div class='ocr_carea' id='block_1_37' title="bbox 120 2220 1661 2292">
    <p class='ocr_par' dir='ltr' id='par_1_37' title="bbox 120 2220 1661 2292">
     <span class='ocr_line' id='line_1_37' title="bbox 120 2220 1661 2292; baseline 0.001 -20"><span class='ocrx_word' id='word_1_260' title='bbox 120 2222 191 2288; x_wconf 86' lang='lat' dir='ltr'><strong>qui</strong></span> <span class='ocrx_word' id='word_1_261' title='bbox 216 2220 341 2276; x_wconf 86' lang='lat' dir='ltr'><strong>hanc</strong></span> <span class='ocrx_word' id='word_1_262' title='bbox 369 2220 687 2275; x_wconf 85' lang='lat' dir='ltr'><strong>orationem</strong></span> <span class='ocrx_word' id='word_1_263' title='bbox 733 2236 839 2275; x_wconf 91' lang='lat' dir='ltr'><strong>non</strong></span> <span class='ocrx_word' id='word_1_264' title='bbox 879 2222 1048 2276; x_wconf 88' lang='lat' dir='ltr'><strong>multo</strong></span> <span class='ocrx_word' id='word_1_265' title='bbox 1080 2230 1202 2292; x_wconf 92' lang='lat' dir='ltr'><strong>post</strong></span> <span class='ocrx_word' id='word_1_266' title='bbox 1244 2221 1661 2276; x_wconf 84' lang='lat' dir='ltr'><strong>conversionem</strong></span> 
     </span>
    </p>
   </div>
   <div class='ocr_carea' id='block_1_38' title="bbox 127 2312 1661 2383">
    <p class='ocr_par' dir='ltr' id='par_1_38' title="bbox 127 2312 1661 2383">
     <span class='ocr_line' id='line_1_38' title="bbox 127 2312 1661 2383; baseline 0.001 -19"><span class='ocrx_word' id='word_1_267' title='bbox 127 2313 333 2381; x_wconf 81' lang='lat' dir='ltr'><strong>scripsit,</strong></span> <span class='ocrx_word' id='word_1_268' title='bbox 359 2312 655 2383; x_wconf 81' lang='lat' dir='ltr'><strong>expolitius</strong></span> <span class='ocrx_word' id='word_1_269' title='bbox 689 2313 899 2372; x_wconf 83' lang='lat' dir='ltr'><strong>dicendi</strong></span> <span class='ocrx_word' id='word_1_270' title='bbox 937 2329 1112 2383; x_wconf 80' lang='lat' dir='ltr'><strong>genus</strong></span> <span class='ocrx_word' id='word_1_271' title='bbox 1144 2314 1195 2367; x_wconf 91' lang='lat' dir='ltr'><strong>in</strong></span> <span class='ocrx_word' id='word_1_272' title='bbox 1230 2314 1314 2367; x_wconf 91' lang='lat' dir='ltr'><strong>his</strong></span> <span class='ocrx_word' id='word_1_273' title='bbox 1344 2312 1661 2383; x_wconf 87' lang='lat' dir='ltr'><strong>primordiis</strong></span> 
     </span>
    </p>
   </div>
   <div class='ocr_carea' id='block_1_39' title="bbox 120 2403 1659 2473">
    <p class='ocr_par' dir='ltr' id='par_1_39' title="bbox 120 2403 1659 2473">
     <span class='ocr_line' id='line_1_39' title="bbox 120 2403 1659 2473; baseline -0.003 -16"><span class='ocrx_word' id='word_1_274' title='bbox 120 2414 390 2471; x_wconf 85' lang='lat' dir='ltr'><strong>persecutus</strong></span> <span class='ocrx_word' id='word_1_275' title='bbox 423 2405 553 2457; x_wconf 81' lang='lat' dir='ltr'><strong>est?</strong></span> <span class='ocrx_word' id='word_1_276' title='bbox 592 2405 801 2459; x_wconf 82' lang='lat' dir='ltr'><strong>Deinde</strong></span> <span class='ocrx_word' id='word_1_277' title='bbox 855 2420 984 2458; x_wconf 81' lang='lat' dir='ltr'><strong>vero</strong></span> <span class='ocrx_word' id='word_1_278' title='bbox 1032 2405 1172 2457; x_wconf 89' lang='lat' dir='ltr'><strong>idem</strong></span> <span class='ocrx_word' id='word_1_279' title='bbox 1207 2404 1280 2456; x_wconf 89' lang='lat' dir='ltr'><strong>illi</strong></span> <span class='ocrx_word' id='word_1_280' title='bbox 1318 2403 1659 2473; x_wconf 86' lang='lat' dir='ltr'><strong>propositum</strong></span> 
     </span>
    </p>
   </div>
   <div class='ocr_carea' id='block_1_40' title="bbox 123 2494 1662 2571">
    <p class='ocr_par' dir='ltr' id='par_1_40' title="bbox 123 2494 1662 2571">
     <span class='ocr_line' id='line_1_40' title="bbox 123 2494 1662 2571; baseline -0.001 -24"><span class='ocrx_word' id='word_1_281' title='bbox 123 2510 205 2548; x_wconf 89' lang='lat' dir='ltr'><strong>non</strong></span> <span class='ocrx_word' id='word_1_282' title='bbox 230 2495 313 2549; x_wconf 86' lang='lat' dir='ltr'><strong>fuit</strong></span> <span class='ocrx_word' id='word_1_283' title='bbox 342 2496 390 2558; x_wconf 83' lang='lat' dir='ltr'><strong>in</strong></span> <span class='ocrx_word' id='word_1_284' title='bbox 426 2497 527 2550; x_wconf 86' lang='lat' dir='ltr'><strong>hoc</strong></span> <span class='ocrx_word' id='word_1_285' title='bbox 569 2511 737 2571; x_wconf 86' lang='lat' dir='ltr'><strong>opere</strong></span> <span class='ocrx_word' id='word_1_286' title='bbox 766 2511 829 2550; x_wconf 91' lang='lat' dir='ltr'><strong>ac</strong></span> <span class='ocrx_word' id='word_1_287' title='bbox 864 2497 916 2549; x_wconf 91' lang='lat' dir='ltr'><strong>in</strong></span> <span class='ocrx_word' id='word_1_288' title='bbox 952 2495 1229 2565; x_wconf 73' lang='lat' dir='ltr'><strong>Apologiis</strong></span> <span class='ocrx_word' id='word_1_289' title='bbox 1255 2535 1270 2559; x_wconf 92' lang='lat'><strong>,</strong></span> <span class='ocrx_word' id='word_1_290' title='bbox 1303 2511 1439 2560; x_wconf 87' lang='lat' dir='ltr'><strong>quas</strong></span> <span class='ocrx_word' id='word_1_291' title='bbox 1467 2494 1662 2548; x_wconf 87' lang='lat' dir='ltr'><strong>obtulit</strong></span> 
     </span>
    </p>
   </div>
   <div class='ocr_carea' id='block_1_41' title="bbox 123 2587 1659 2656">
    <p class='ocr_par' dir='ltr' id='par_1_41' title="bbox 123 2587 1659 2656">
     <span class='ocr_line' id='line_1_41' title="bbox 123 2587 1659 2656; baseline 0.003 -18"><span class='ocrx_word' id='word_1_292' title='bbox 123 2588 515 2655; x_wconf 83' lang='lat' dir='ltr'><strong>imperatoribus.</strong></span> <span class='ocrx_word' id='word_1_293' title='bbox 566 2587 670 2641; x_wconf 85' lang='lat' dir='ltr'><strong>llic</strong></span> <span class='ocrx_word' id='word_1_294' title='bbox 714 2588 913 2642; x_wconf 88' lang='lat' dir='ltr'><strong>leniter</strong></span> <span class='ocrx_word' id='word_1_295' title='bbox 939 2590 1180 2656; x_wconf 73' lang='lat' dir='ltr'><strong>disputat</strong></span> <span class='ocrx_word' id='word_1_296' title='bbox 1229 2603 1353 2643; x_wconf 89' lang='lat' dir='ltr'><strong>cum</strong></span> <span class='ocrx_word' id='word_1_297' title='bbox 1397 2588 1659 2655; x_wconf 86' lang='lat' dir='ltr'><strong>ethnicis,</strong></span> 
     </span>
    </p>
   </div>
   <div class='ocr_carea' id='block_1_42' title="bbox 123 2679 1660 2748">
    <p class='ocr_par' dir='ltr' id='par_1_42' title="bbox 123 2679 1660 2748">
     <span class='ocr_line' id='line_1_42' title="bbox 123 2679 1660 2748; baseline 0.002 -16"><span class='ocrx_word' id='word_1_298' title='bbox 123 2689 235 2733; x_wconf 84' lang='lat' dir='ltr'><strong>ctea</strong></span> <span class='ocrx_word' id='word_1_299' title='bbox 266 2688 579 2747; x_wconf 83' lang='lat' dir='ltr'><strong>pertractat,</strong></span> <span class='ocrx_word' id='word_1_300' title='bbox 630 2694 750 2748; x_wconf 80' lang='lat' dir='ltr'><strong>qua:</strong></span> <span class='ocrx_word' id='word_1_301' title='bbox 779 2680 1052 2733; x_wconf 89' lang='lat' dir='ltr'><strong>sermonis</strong></span> <span class='ocrx_word' id='word_1_302' title='bbox 1084 2679 1446 2734; x_wconf 56' lang='lat' dir='ltr'><strong>concinnitati</strong></span> <span class='ocrx_word' id='word_1_303' title='bbox 1481 2680 1660 2735; x_wconf 90' lang='lat' dir='ltr'><strong>locum</strong></span> 
     </span>
    </p>
   </div>
   <div class='ocr_carea' id='block_1_43' title="bbox 125 2771 1664 2842">
    <p class='ocr_par' dir='ltr' id='par_1_43' title="bbox 125 2771 1664 2842">
     <span class='ocr_line' id='line_1_43' title="bbox 125 2771 1664 2842; baseline 0.002 -19"><span class='ocrx_word' id='word_1_304' title='bbox 125 2771 303 2825; x_wconf 83' lang='lat' dir='ltr'><strong>dabant.</strong></span> <span class='ocrx_word' id='word_1_305' title='bbox 350 2771 627 2842; x_wconf 64' lang='lat' dir='ltr'><strong>Apologia</strong></span> <span class='ocrx_word' id='word_1_306' title='bbox 677 2782 858 2827; x_wconf 90' lang='lat' dir='ltr'><strong>autem</strong></span> <span class='ocrx_word' id='word_1_307' title='bbox 914 2788 1025 2827; x_wconf 89' lang='lat' dir='ltr'><strong>non</strong></span> <span class='ocrx_word' id='word_1_308' title='bbox 1079 2780 1362 2826; x_wconf 88' lang='lat' dir='ltr'><strong>mansueta</strong></span> <span class='ocrx_word' id='word_1_309' title='bbox 1413 2771 1664 2842; x_wconf 89' lang='lat' dir='ltr'><strong>disputa-</strong></span> 
     </span>
    </p>
   </div>
   <div class='ocr_carea' id='block_1_44' title="bbox 126 2868 1663 2940">
    <p class='ocr_par' dir='ltr' id='par_1_44' title="bbox 126 2868 1663 2940">
     <span class='ocr_line' id='line_1_44' title="bbox 126 2868 1663 2940; baseline 0.005 -21"><span class='ocrx_word' id='word_1_310' title='bbox 126 2868 273 2933; x_wconf 84' lang='lat' dir='ltr'><strong>tione,</strong></span> <span class='ocrx_word' id='word_1_311' title='bbox 329 2870 422 2925; x_wconf 89' lang='lat' dir='ltr'><strong>sed</strong></span> <span class='ocrx_word' id='word_1_312' title='bbox 475 2870 781 2925; x_wconf 72' lang='lat' dir='ltr'><strong>acerrimis</strong></span> <span class='ocrx_word' id='word_1_313' title='bbox 823 2869 1067 2940; x_wconf 87' lang='lat' dir='ltr'><strong>querelis</strong></span> <span class='ocrx_word' id='word_1_314' title='bbox 1121 2869 1505 2936; x_wconf 83' lang='lat' dir='ltr'><strong>continentur;</strong></span> <span class='ocrx_word' id='word_1_315' title='bbox 1558 2884 1663 2926; x_wconf 90' lang='lat' dir='ltr'><strong>nec</strong></span> 
     </span>
    </p>
   </div>
   <div class='ocr_carea' id='block_1_45' title="bbox 126 2956 1663 3031">
    <p class='ocr_par' dir='ltr' id='par_1_45' title="bbox 126 2956 1663 3031">
     <span class='ocr_line' id='line_1_45' title="bbox 126 2956 1663 3031; baseline 0.005 -21"><span class='ocrx_word' id='word_1_316' title='bbox 126 2956 325 3015; x_wconf 81' lang='lat' dir='ltr'><strong>Justinus</strong></span> <span class='ocrx_word' id='word_1_317' title='bbox 383 2962 438 3017; x_wconf 90' lang='lat' dir='ltr'><strong>in</strong></span> <span class='ocrx_word' id='word_1_318' title='bbox 489 2962 590 3016; x_wconf 90' lang='lat' dir='ltr'><strong>illo</strong></span> <span class='ocrx_word' id='word_1_319' title='bbox 654 2962 878 3027; x_wconf 89' lang='lat' dir='ltr'><strong>dolore,</strong></span> <span class='ocrx_word' id='word_1_320' title='bbox 944 2977 1106 3031; x_wconf 83' lang='lat' dir='ltr'><strong>quem</strong></span> <span class='ocrx_word' id='word_1_321' title='bbox 1153 2978 1220 3021; x_wconf 76' lang='lat' dir='ltr'><strong>ex</strong></span> <span class='ocrx_word' id='word_1_322' title='bbox 1275 2962 1663 3023; x_wconf 88' lang='lat' dir='ltr'><strong>molestissimo</strong></span> 
     </span>
    </p>
   </div>
   <div class='ocr_carea' id='block_1_46' title="bbox 129 3050 1659 3127">
    <p class='ocr_par' dir='ltr' id='par_1_46' title="bbox 129 3050 1659 3127">
     <span class='ocr_line' id='line_1_46' title="bbox 129 3050 1659 3127; baseline 0.005 -24"><span class='ocrx_word' id='word_1_323' title='bbox 129 3050 337 3109; x_wconf 63' lang='lat' dir='ltr'><strong>Ecclesiae</strong></span> <span class='ocrx_word' id='word_1_324' title='bbox 365 3063 617 3126; x_wconf 89' lang='lat' dir='ltr'><strong>tempore</strong></span> <span class='ocrx_word' id='word_1_325' title='bbox 647 3056 927 3125; x_wconf 86' lang='lat' dir='ltr'><strong>capiebat,</strong></span> <span class='ocrx_word' id='word_1_326' title='bbox 959 3056 1118 3109; x_wconf 82' lang='lat' dir='ltr'><strong>valde</strong></span> <span class='ocrx_word' id='word_1_327' title='bbox 1150 3055 1460 3126; x_wconf 80' lang='lat' dir='ltr'><strong>laborabat,</strong></span> <span class='ocrx_word' id='word_1_328' title='bbox 1496 3071 1659 3127; x_wconf 85' lang='lat' dir='ltr'><strong>quam</strong></span> 
     </span>
    </p>
   </div>
   <div class='ocr_carea' id='block_1_47' title="bbox 128 3143 941 3212">
    <p class='ocr_par' dir='ltr' id='par_1_47' title="bbox 128 3143 941 3212">
     <span class='ocr_line' id='line_1_47' title="bbox 128 3143 941 3212; baseline 0.006 -15"><span class='ocrx_word' id='word_1_329' title='bbox 128 3143 354 3212; x_wconf 80' lang='lat' dir='ltr'><strong>eleganter</strong></span> <span class='ocrx_word' id='word_1_330' title='bbox 380 3161 433 3201; x_wconf 86' lang='lat' dir='ltr'><strong>et</strong></span> <span class='ocrx_word' id='word_1_331' title='bbox 470 3158 674 3201; x_wconf 87' lang='lat' dir='ltr'><strong>ornate</strong></span> <span class='ocrx_word' id='word_1_332' title='bbox 705 3148 941 3206; x_wconf 88' lang='lat' dir='ltr'><strong>diceret.</strong></span> 
     </span>
    </p>
   </div>
   <div class='ocr_carea' id='block_1_48' title="bbox 182 3236 1665 3299">
    <p class='ocr_par' dir='ltr' id='par_1_48' title="bbox 182 3236 1665 3299">
     <span class='ocr_line' id='line_1_48' title="bbox 182 3236 1665 3299; baseline 0.005 -8"><span class='ocrx_word' id='word_1_333' title='bbox 182 3236 250 3291; x_wconf 84' lang='lat' dir='ltr'><strong>lli.</strong></span> <span class='ocrx_word' id='word_1_334' title='bbox 287 3238 359 3293; x_wconf 76' lang='lat' dir='ltr'><strong>Ex</strong></span> <span class='ocrx_word' id='word_1_335' title='bbox 388 3240 491 3295; x_wconf 89' lang='lat' dir='ltr'><strong>hac</strong></span> <span class='ocrx_word' id='word_1_336' title='bbox 522 3249 708 3294; x_wconf 88' lang='lat' dir='ltr'><strong>autem</strong></span> <span class='ocrx_word' id='word_1_337' title='bbox 753 3242 1057 3297; x_wconf 88' lang='lat' dir='ltr'><strong>disserendi</strong></span> <span class='ocrx_word' id='word_1_338' title='bbox 1107 3242 1317 3297; x_wconf 90' lang='lat' dir='ltr'><strong>ratione</strong></span> <span class='ocrx_word' id='word_1_339' title='bbox 1345 3243 1665 3299; x_wconf 85' lang='lat' dir='ltr'><strong>existimare</strong></span> 
     </span>
    </p>
   </div>
   <div class='ocr_carea' id='block_1_49' title="bbox 130 3328 1668 3401">
    <p class='ocr_par' dir='ltr' id='par_1_49' title="bbox 130 3328 1668 3401">
     <span class='ocr_line' id='line_1_49' title="bbox 130 3328 1668 3401; baseline 0.007 -22"><span class='ocrx_word' id='word_1_340' title='bbox 130 3328 230 3382; x_wconf 80' lang='lat' dir='ltr'><strong>licet</strong></span> <span class='ocrx_word' id='word_1_341' title='bbox 268 3346 369 3399; x_wconf 87' lang='lat' dir='ltr'><strong>quo</strong></span> <span class='ocrx_word' id='word_1_342' title='bbox 418 3339 665 3400; x_wconf 78' lang='lat' dir='ltr'><strong>tempore</strong></span> <span class='ocrx_word' id='word_1_343' title='bbox 715 3332 919 3401; x_wconf 80' lang='lat' dir='ltr'><strong>scripta</strong></span> <span class='ocrx_word' id='word_1_344' title='bbox 974 3332 1143 3386; x_wconf 84' lang='lat' dir='ltr'><strong>fuerit</strong></span> <span class='ocrx_word' id='word_1_345' title='bbox 1194 3333 1393 3387; x_wconf 86' lang='lat' dir='ltr'><strong>oratio.</strong></span> <span class='ocrx_word' id='word_1_346' title='bbox 1446 3334 1668 3389; x_wconf 79' lang='lat' dir='ltr'><strong>Videtur</strong></span> 
     </span>
    </p>
   </div>
   <div class='ocr_carea' id='block_1_50' title="bbox 133 3421 1665 3495">
    <p class='ocr_par' dir='ltr' id='par_1_50' title="bbox 133 3421 1665 3495">
     <span class='ocr_line' id='line_1_50' title="bbox 133 3421 1665 3495; baseline 0.003 -20"><span class='ocrx_word' id='word_1_347' title='bbox 133 3421 242 3475; x_wconf 80' lang='lat' dir='ltr'><strong>nulla</strong></span> <span class='ocrx_word' id='word_1_348' title='bbox 278 3433 396 3479; x_wconf 88' lang='lat' dir='ltr'><strong>tunc</strong></span> <span class='ocrx_word' id='word_1_349' title='bbox 450 3425 705 3479; x_wconf 68' lang='lat' dir='ltr'><strong>sceviisse</strong></span> <span class='ocrx_word' id='word_1_350' title='bbox 757 3425 1091 3494; x_wconf 88' lang='lat' dir='ltr'><strong>persecutio.</strong></span> <span class='ocrx_word' id='word_1_351' title='bbox 1144 3423 1330 3495; x_wconf 73' lang='lat' dir='ltr'><strong>Neque</strong></span> <span class='ocrx_word' id='word_1_352' title='bbox 1388 3425 1567 3489; x_wconf 90' lang='lat' dir='ltr'><strong>enim,</strong></span> <span class='ocrx_word' id='word_1_353' title='bbox 1619 3425 1665 3479; x_wconf 90' lang='lat' dir='ltr'><strong>si</strong></span> 
     </span>
    </p>
   </div>
   <div class='ocr_carea' id='block_1_51' title="bbox 131 3515 1665 3587">
    <p class='ocr_par' dir='ltr' id='par_1_51' title="bbox 131 3515 1665 3587">
     <span class='ocr_line' id='line_1_51' title="bbox 131 3515 1665 3587; baseline 0.001 -20"><span class='ocrx_word' id='word_1_354' title='bbox 131 3515 327 3581; x_wconf 82' lang='lat' dir='ltr'><strong>quotidie</strong></span> <span class='ocrx_word' id='word_1_355' title='bbox 355 3515 503 3571; x_wconf 85' lang='lat' dir='ltr'><strong>fusus</strong></span> <span class='ocrx_word' id='word_1_356' title='bbox 528 3517 734 3572; x_wconf 82' lang='lat' dir='ltr'><strong>fuisset</strong></span> <span class='ocrx_word' id='word_1_357' title='bbox 759 3516 1204 3571; x_wconf 85' lang='lat' dir='ltr'><strong>Christianorum</strong></span> <span class='ocrx_word' id='word_1_358' title='bbox 1228 3518 1470 3587; x_wconf 80' lang='lat' dir='ltr'><strong>sanguis,</strong></span> <span class='ocrx_word' id='word_1_359' title='bbox 1496 3516 1665 3569; x_wconf 88' lang='lat' dir='ltr'><strong>otium</strong></span> 
     </span>
    </p>
   </div>
   <div class='ocr_carea' id='block_1_52' title="bbox 135 3607 1668 3677">
    <p class='ocr_par' dir='ltr' id='par_1_52' title="bbox 135 3607 1668 3677">
     <span class='ocr_line' id='line_1_52' title="bbox 135 3607 1668 3677; baseline 0.003 -22"><span class='ocrx_word' id='word_1_360' title='bbox 135 3615 203 3658; x_wconf 87' lang='lat' dir='ltr'><strong>aut</strong></span> <span class='ocrx_word' id='word_1_361' title='bbox 237 3607 468 3662; x_wconf 82' lang='lat' dir='ltr'><strong>voluntas</strong></span> <span class='ocrx_word' id='word_1_362' title='bbox 516 3608 722 3663; x_wconf 87' lang='lat' dir='ltr'><strong>fuisset</strong></span> <span class='ocrx_word' id='word_1_363' title='bbox 770 3607 831 3661; x_wconf 85' lang='lat' dir='ltr'><strong>S.</strong></span> <span class='ocrx_word' id='word_1_364' title='bbox 886 3608 1118 3677; x_wconf 77' lang='lat' dir='ltr'><strong>martyri</strong></span> <span class='ocrx_word' id='word_1_365' title='bbox 1194 3607 1262 3662; x_wconf 91' lang='lat' dir='ltr'><strong>de</strong></span> <span class='ocrx_word' id='word_1_366' title='bbox 1318 3607 1563 3662; x_wconf 87' lang='lat' dir='ltr'><strong>Platonis</strong></span> <span class='ocrx_word' id='word_1_367' title='bbox 1612 3615 1668 3662; x_wconf 91' lang='lat' dir='ltr'><strong>et</strong></span> 
     </span>
    </p>
   </div>
   <div class='ocr_carea' id='block_1_53' title="bbox 134 3699 1667 3768">
    <p class='ocr_par' dir='ltr' id='par_1_53' title="bbox 134 3699 1667 3768">
     <span class='ocr_line' id='line_1_53' title="bbox 134 3699 1667 3768; baseline 0.004 -19"><span class='ocrx_word' id='word_1_368' title='bbox 134 3699 385 3753; x_wconf 84' lang='lat' dir='ltr'><strong>Aristotelis</strong></span> <span class='ocrx_word' id='word_1_369' title='bbox 413 3700 765 3756; x_wconf 88' lang='lat' dir='ltr'><strong>dissensione</strong></span> <span class='ocrx_word' id='word_1_370' title='bbox 784 3739 799 3766; x_wconf 94' lang='lat'><strong>,</strong></span> <span class='ocrx_word' id='word_1_371' title='bbox 827 3715 892 3755; x_wconf 89' lang='lat' dir='ltr'><strong>ac</strong></span> <span class='ocrx_word' id='word_1_372' title='bbox 923 3701 988 3754; x_wconf 90' lang='lat' dir='ltr'><strong>de</strong></span> <span class='ocrx_word' id='word_1_373' title='bbox 1015 3701 1140 3754; x_wconf 90' lang='lat' dir='ltr'><strong>aliis</strong></span> <span class='ocrx_word' id='word_1_374' title='bbox 1181 3701 1453 3768; x_wconf 69' lang='lat' dir='ltr'><strong>ejusmodi</strong></span> <span class='ocrx_word' id='word_1_375' title='bbox 1498 3702 1667 3755; x_wconf 87' lang='lat' dir='ltr'><strong>rebus</strong></span> 
     </span>
    </p>
   </div>
   <div class='ocr_carea' id='block_1_54' title="bbox 138 3792 1663 3861">
    <p class='ocr_par' dir='ltr' id='par_1_54' title="bbox 138 3792 1663 3861">
     <span class='ocr_line' id='line_1_54' title="bbox 138 3792 1663 3861; baseline 0.003 -19"><span class='ocrx_word' id='word_1_376' title='bbox 138 3802 224 3844; x_wconf 80' lang='lat' dir='ltr'><strong>tatu</strong></span> <span class='ocrx_word' id='word_1_377' title='bbox 270 3793 474 3860; x_wconf 88' lang='lat' dir='ltr'><strong>copiose</strong></span> <span class='ocrx_word' id='word_1_378' title='bbox 532 3794 891 3857; x_wconf 84' lang='lat' dir='ltr'><strong>disserendi,</strong></span> <span class='ocrx_word' id='word_1_379' title='bbox 942 3802 1000 3847; x_wconf 89' lang='lat' dir='ltr'><strong>et</strong></span> <span class='ocrx_word' id='word_1_380' title='bbox 1049 3794 1396 3861; x_wconf 81' lang='lat' dir='ltr'><strong>antiquitatis</strong></span> <span class='ocrx_word' id='word_1_381' title='bbox 1449 3792 1663 3849; x_wconf 84' lang='lat' dir='ltr'><strong>laudem</strong></span> 
     </span>
    </p>
   </div>
   <div class='ocr_carea' id='block_1_55' title="bbox 135 3882 1667 3952">
    <p class='ocr_par' dir='ltr' id='par_1_55' title="bbox 135 3882 1667 3952">
     <span class='ocr_line' id='line_1_55' title="bbox 135 3882 1667 3952; baseline 0.003 -18"><span class='ocrx_word' id='word_1_382' title='bbox 135 3882 318 3937; x_wconf 88' lang='lat' dir='ltr'><strong>ethnicis</strong></span> <span class='ocrx_word' id='word_1_383' title='bbox 351 3884 712 3952; x_wconf 86' lang='lat' dir='ltr'><strong>scriptoribus</strong></span> <span class='ocrx_word' id='word_1_384' title='bbox 740 3883 1088 3952; x_wconf 66' lang='lat' dir='ltr'><strong>praeripiendi</strong></span> <span class='ocrx_word' id='word_1_385' title='bbox 1119 3923 1135 3948; x_wconf 85' lang='lat'><strong>,</strong></span> <span class='ocrx_word' id='word_1_386' title='bbox 1170 3884 1314 3937; x_wconf 89' lang='lat' dir='ltr'><strong>nulla</strong></span> <span class='ocrx_word' id='word_1_387' title='bbox 1348 3885 1569 3939; x_wconf 87' lang='lat' dir='ltr'><strong>interim</strong></span> <span class='ocrx_word' id='word_1_388' title='bbox 1598 3886 1667 3939; x_wconf 87' lang='lat' dir='ltr'><strong>de</strong></span> 
     </span>
    </p>
   </div>
   <div class='ocr_carea' id='block_1_56' title="bbox 138 3972 1668 4046">
    <p class='ocr_par' dir='ltr' id='par_1_56' title="bbox 138 3972 1668 4046">
     <span class='ocr_line' id='line_1_56' title="bbox 138 3972 1668 4046; baseline 0.003 -19"><span class='ocrx_word' id='word_1_389' title='bbox 138 3972 513 4033; x_wconf 84' lang='lat' dir='ltr'><strong>Christianorum</strong></span> <span class='ocrx_word' id='word_1_390' title='bbox 535 3977 826 4046; x_wconf 90' lang='lat' dir='ltr'><strong>suppliciis</strong></span> <span class='ocrx_word' id='word_1_391' title='bbox 856 3976 1004 4032; x_wconf 87' lang='lat' dir='ltr'><strong>facta</strong></span> <span class='ocrx_word' id='word_1_392' title='bbox 1035 3977 1334 4030; x_wconf 90' lang='lat' dir='ltr'><strong>mentione.</strong></span> <span class='ocrx_word' id='word_1_393' title='bbox 1360 3975 1668 4031; x_wconf 84' lang='lat' dir='ltr'><strong>Verisimile</strong></span> 
     </span>
    </p>
   </div>
   <div class='ocr_carea' id='block_1_57' title="bbox 138 4070 1668 4141">
    <p class='ocr_par' dir='ltr' id='par_1_57' title="bbox 138 4070 1668 4141">
     <span class='ocr_line' id='line_1_57' title="bbox 138 4070 1668 4141; baseline 0.001 -19"><span class='ocrx_word' id='word_1_394' title='bbox 138 4082 235 4137; x_wconf 69' lang='lat' dir='ltr'><strong>ergo</strong></span> <span class='ocrx_word' id='word_1_395' title='bbox 269 4079 344 4124; x_wconf 89' lang='lat' dir='ltr'><strong>est</strong></span> <span class='ocrx_word' id='word_1_396' title='bbox 384 4071 525 4125; x_wconf 88' lang='lat' dir='ltr'><strong>hanc</strong></span> <span class='ocrx_word' id='word_1_397' title='bbox 580 4070 890 4124; x_wconf 88' lang='lat' dir='ltr'><strong>orationem</strong></span> <span class='ocrx_word' id='word_1_398' title='bbox 947 4072 1212 4141; x_wconf 85' lang='lat' dir='ltr'><strong>scriptam</strong></span> <span class='ocrx_word' id='word_1_399' title='bbox 1262 4070 1433 4124; x_wconf 80' lang='lat' dir='ltr'><strong>fuisse</strong></span> <span class='ocrx_word' id='word_1_400' title='bbox 1479 4071 1668 4139; x_wconf 88' lang='lat' dir='ltr'><strong>primis</strong></span> 
     </span>
    </p>
   </div>
   <div class='ocr_carea' id='block_1_58' title="bbox 139 4159 1665 4233">
    <p class='ocr_par' dir='ltr' id='par_1_58' title="bbox 139 4159 1665 4233">
     <span class='ocr_line' id='line_1_58' title="bbox 139 4159 1665 4233; baseline 0.003 -22"><span class='ocrx_word' id='word_1_401' title='bbox 139 4159 349 4217; x_wconf 77' lang='lat' dir='ltr'><strong>Antonini</strong></span> <span class='ocrx_word' id='word_1_402' title='bbox 382 4164 558 4228; x_wconf 90' lang='lat' dir='ltr'><strong>annis,</strong></span> <span class='ocrx_word' id='word_1_403' title='bbox 595 4172 886 4231; x_wconf 88' lang='lat' dir='ltr'><strong>antequam</strong></span> <span class='ocrx_word' id='word_1_404' title='bbox 912 4163 1253 4233; x_wconf 89' lang='lat' dir='ltr'><strong>persecutio,</strong></span> <span class='ocrx_word' id='word_1_405' title='bbox 1286 4178 1406 4231; x_wconf 67' lang='lat' dir='ltr'><strong>qua:</strong></span> <span class='ocrx_word' id='word_1_406' title='bbox 1434 4165 1536 4217; x_wconf 86' lang='lat' dir='ltr'><strong>sub</strong></span> <span class='ocrx_word' id='word_1_407' title='bbox 1564 4164 1665 4221; x_wconf 91' lang='lat' dir='ltr'><strong>hoc</strong></span> 
     </span>
    </p>
   </div>
   <div class='ocr_carea' id='block_1_59' title="bbox 141 4254 1664 4321">
    <p class='ocr_par' dir='ltr' id='par_1_59' title="bbox 141 4254 1664 4321">
     <span class='ocr_line' id='line_1_59' title="bbox 141 4254 1664 4321; baseline 0.003 -17"><span class='ocrx_word' id='word_1_408' title='bbox 141 4254 410 4321; x_wconf 84' lang='lat' dir='ltr'><strong>imperatore</strong></span> <span class='ocrx_word' id='word_1_409' title='bbox 427 4258 735 4311; x_wconf 86' lang='lat' dir='ltr'><strong>Ecclesiam</strong></span> <span class='ocrx_word' id='word_1_410' title='bbox 766 4256 981 4318; x_wconf 82' lang='lat' dir='ltr'><strong>alllixit,</strong></span> <span class='ocrx_word' id='word_1_411' title='bbox 1003 4257 1216 4309; x_wconf 83' lang='lat' dir='ltr'><strong>acriora</strong></span> <span class='ocrx_word' id='word_1_412' title='bbox 1249 4254 1451 4310; x_wconf 86' lang='lat' dir='ltr'><strong>Justini</strong></span> <span class='ocrx_word' id='word_1_413' title='bbox 1485 4256 1664 4311; x_wconf 87' lang='lat' dir='ltr'><strong>studia</strong></span> 
     </span>
    </p>
   </div>
   <div class='ocr_carea' id='block_1_60' title="bbox 141 4343 1665 4417">
    <p class='ocr_par' dir='ltr' id='par_1_60' title="bbox 141 4343 1665 4417">
     <span class='ocr_line' id='line_1_60' title="bbox 141 4343 1665 4417; baseline 0.004 -22"><span class='ocrx_word' id='word_1_414' title='bbox 141 4343 190 4405; x_wconf 69' lang='lat' dir='ltr'><strong>ad</strong></span> <span class='ocrx_word' id='word_1_415' title='bbox 212 4346 453 4417; x_wconf 77' lang='lat' dir='ltr'><strong>religionis</strong></span> <span class='ocrx_word' id='word_1_416' title='bbox 482 4348 861 4403; x_wconf 82' lang='lat' dir='ltr'><strong>defensionem</strong></span> <span class='ocrx_word' id='word_1_417' title='bbox 894 4347 1187 4405; x_wconf 76' lang='lat' dir='ltr'><strong>excitaret.</strong></span> <span class='ocrx_word' id='word_1_418' title='bbox 1227 4346 1369 4407; x_wconf 86' lang='lat' dir='ltr'><strong>Illud</strong></span> <span class='ocrx_word' id='word_1_419' title='bbox 1400 4355 1553 4403; x_wconf 87' lang='lat' dir='ltr'><strong>certe</strong></span> <span class='ocrx_word' id='word_1_420' title='bbox 1579 4350 1665 4401; x_wconf 74' lang='lat' dir='ltr'><strong>vix</strong></span> 
     </span>
    </p>
   </div>
   <div class='ocr_carea' id='block_1_61' title="bbox 144 4435 1666 4510">
    <p class='ocr_par' dir='ltr' id='par_1_61' title="bbox 144 4435 1666 4510">
     <span class='ocr_line' id='line_1_61' title="bbox 144 4435 1666 4510; baseline 0.005 -21"><span class='ocrx_word' id='word_1_421' title='bbox 144 4435 327 4493; x_wconf 86' lang='lat' dir='ltr'><strong>dubitari</strong></span> <span class='ocrx_word' id='word_1_422' title='bbox 351 4441 537 4510; x_wconf 87' lang='lat' dir='ltr'><strong>possit,</strong></span> <span class='ocrx_word' id='word_1_423' title='bbox 591 4452 719 4495; x_wconf 88' lang='lat' dir='ltr'><strong>ante</strong></span> <span class='ocrx_word' id='word_1_424' title='bbox 748 4441 1033 4510; x_wconf 72' lang='lat' dir='ltr'><strong>Apologias</strong></span> <span class='ocrx_word' id='word_1_425' title='bbox 1067 4442 1171 4501; x_wconf 81' lang='lat' dir='ltr'><strong>hoc</strong></span> <span class='ocrx_word' id='word_1_426' title='bbox 1214 4455 1351 4508; x_wconf 84' lang='lat' dir='ltr'><strong>opus</strong></span> <span class='ocrx_word' id='word_1_427' title='bbox 1380 4440 1666 4496; x_wconf 71' lang='lat' dir='ltr'><strong>elucubra~</strong></span> 
     </span>
    </p>
   </div>
   <div class='ocr_carea' id='block_1_62' title="bbox 146 4532 1666 4603">
    <p class='ocr_par' dir='ltr' id='par_1_62' title="bbox 146 4532 1666 4603">
     <span class='ocr_line' id='line_1_62' title="bbox 146 4532 1666 4603; baseline 0.003 -21"><span class='ocrx_word' id='word_1_428' title='bbox 146 4537 228 4582; x_wconf 86' lang='lat' dir='ltr'><strong>lum</strong></span> <span class='ocrx_word' id='word_1_429' title='bbox 252 4548 389 4598; x_wconf 79' lang='lat' dir='ltr'><strong>esse,</strong></span> <span class='ocrx_word' id='word_1_430' title='bbox 420 4534 565 4603; x_wconf 90' lang='lat' dir='ltr'><strong>quod</strong></span> <span class='ocrx_word' id='word_1_431' title='bbox 601 4534 847 4602; x_wconf 66' lang='lat' dir='ltr'><strong>quasdam</strong></span> <span class='ocrx_word' id='word_1_432' title='bbox 904 4535 1086 4603; x_wconf 89' lang='lat' dir='ltr'><strong>p0tius</strong></span> <span class='ocrx_word' id='word_1_433' title='bbox 1119 4534 1387 4587; x_wconf 83' lang='lat' dir='ltr'><strong>adversus</strong></span> <span class='ocrx_word' id='word_1_434' title='bbox 1415 4532 1666 4593; x_wconf 78' lang='lat' dir='ltr'><strong>ethnicos</strong></span> 
     </span>
    </p>
   </div>
   <div class='ocr_carea' id='block_1_63' title="bbox 145 4622 1662 4695">
    <p class='ocr_par' dir='ltr' id='par_1_63' title="bbox 145 4622 1662 4695">
     <span class='ocr_line' id='line_1_63' title="bbox 145 4622 1662 4695; baseline 0.007 -24"><span class='ocrx_word' id='word_1_435' title='bbox 145 4622 358 4691; x_wconf 75' lang='lat' dir='ltr'><strong>velitatio,</strong></span> <span class='ocrx_word' id='word_1_436' title='bbox 386 4641 546 4693; x_wconf 90' lang='lat' dir='ltr'><strong>quam</strong></span> <span class='ocrx_word' id='word_1_437' title='bbox 584 4626 742 4695; x_wconf 87' lang='lat' dir='ltr'><strong>plena</strong></span> <span class='ocrx_word' id='word_1_438' title='bbox 778 4626 1058 4694; x_wconf 70' lang='lat' dir='ltr'><strong>religionis</strong></span> <span class='ocrx_word' id='word_1_439' title='bbox 1088 4624 1335 4683; x_wconf 79' lang='lat' dir='ltr'><strong>defensio</strong></span> <span class='ocrx_word' id='word_1_440' title='bbox 1363 4640 1488 4683; x_wconf 89' lang='lat' dir='ltr'><strong>esse</strong></span> <span class='ocrx_word' id='word_1_441' title='bbox 1518 4627 1662 4680; x_wconf 79' lang='lat' dir='ltr'><strong>vide-</strong></span> 
     </span>
    </p>
   </div>
   <div class='ocr_carea' id='block_1_64' title="bbox 147 4715 1667 4788">
    <p class='ocr_par' dir='ltr' id='par_1_64' title="bbox 147 4715 1667 4788">
     <span class='ocr_line' id='line_1_64' title="bbox 147 4715 1667 4788; baseline 0.005 -24"><span class='ocrx_word' id='word_1_442' title='bbox 147 4722 230 4778; x_wconf 87' lang='lat' dir='ltr'><strong>tur,</strong></span> <span class='ocrx_word' id='word_1_443' title='bbox 249 4723 294 4767; x_wconf 89' lang='lat' dir='ltr'><strong>et</strong></span> <span class='ocrx_word' id='word_1_444' title='bbox 321 4718 449 4774; x_wconf 85' lang='lat' dir='ltr'><strong>satis</strong></span> <span class='ocrx_word' id='word_1_445' title='bbox 474 4720 699 4788; x_wconf 89' lang='lat' dir='ltr'><strong>quidem</strong></span> <span class='ocrx_word' id='word_1_446' title='bbox 732 4717 870 4772; x_wconf 87' lang='lat' dir='ltr'><strong>scite</strong></span> <span class='ocrx_word' id='word_1_447' title='bbox 892 4717 1174 4787; x_wconf 74' lang='lat' dir='ltr'><strong>profanam</strong></span> <span class='ocrx_word' id='word_1_448' title='bbox 1208 4715 1574 4773; x_wconf 87' lang='lat' dir='ltr'><strong>eruditionem</strong></span> <span class='ocrx_word' id='word_1_449' title='bbox 1598 4717 1667 4771; x_wconf 90' lang='lat' dir='ltr'><strong>ad</strong></span> 
     </span>
    </p>
   </div>
   <div class='ocr_carea' id='block_1_65' title="bbox 146 4811 1668 4883">
    <p class='ocr_par' dir='ltr' id='par_1_65' title="bbox 146 4811 1668 4883">
     <span class='ocr_line' id='line_1_65' title="bbox 146 4811 1668 4883; baseline 0.005 -24"><span class='ocrx_word' id='word_1_450' title='bbox 146 4811 345 4867; x_wconf 81' lang='lat' dir='ltr'><strong>ethnicos</strong></span> <span class='ocrx_word' id='word_1_451' title='bbox 374 4816 711 4871; x_wconf 84' lang='lat' dir='ltr'><strong>refellendos.</strong></span> <span class='ocrx_word' id='word_1_452' title='bbox 754 4814 1075 4878; x_wconf 84' lang='lat' dir='ltr'><strong>convertit,</strong></span> <span class='ocrx_word' id='word_1_453' title='bbox 1119 4822 1174 4866; x_wconf 89' lang='lat' dir='ltr'><strong>at</strong></span> <span class='ocrx_word' id='word_1_454' title='bbox 1229 4814 1295 4873; x_wconf 58' lang='lat' dir='ltr'><strong>in,</strong></span> <span class='ocrx_word' id='word_1_455' title='bbox 1331 4812 1668 4883; x_wconf 81' lang='lat' dir='ltr'><strong>explicandis</strong></span> 
     </span>
    </p>
   </div>
   <div class='ocr_carea' id='block_1_66' title="bbox 147 4899 1663 4976">
    <p class='ocr_par' dir='ltr' id='par_1_66' title="bbox 147 4899 1663 4976">
     <span class='ocr_line' id='line_1_66' title="bbox 147 4899 1663 4976; baseline 0.005 -27"><span class='ocrx_word' id='word_1_456' title='bbox 147 4899 374 4971; x_wconf 71' lang='lat' dir='ltr'><strong>religionis</strong></span> <span class='ocrx_word' id='word_1_457' title='bbox 426 4905 755 4961; x_wconf 74' lang='lat' dir='ltr'><strong>Christianae</strong></span> <span class='ocrx_word' id='word_1_458' title='bbox 803 4906 1094 4976; x_wconf 86' lang='lat' dir='ltr'><strong>principiis</strong></span> <span class='ocrx_word' id='word_1_459' title='bbox 1159 4921 1266 4960; x_wconf 89' lang='lat' dir='ltr'><strong>non</strong></span> <span class='ocrx_word' id='word_1_460' title='bbox 1320 4905 1663 4958; x_wconf 90' lang='lat' dir='ltr'><strong>immoratur.</strong></span> 
     </span>
    </p>
   </div>
   <div class='ocr_carea' id='block_1_67' title="bbox 147 4989 1662 5069">
    <p class='ocr_par' dir='ltr' id='par_1_67' title="bbox 147 4989 1662 5069">
     <span class='ocr_line' id='line_1_67' title="bbox 147 4989 1662 5069; baseline 0.005 -27"><span class='ocrx_word' id='word_1_461' title='bbox 147 4989 229 5045; x_wconf 86' lang='lat' dir='ltr'><strong>Cur</strong></span> <span class='ocrx_word' id='word_1_462' title='bbox 245 5006 402 5051; x_wconf 89' lang='lat' dir='ltr'><strong>autem</strong></span> <span class='ocrx_word' id='word_1_463' title='bbox 424 4998 552 5054; x_wconf 91' lang='lat' dir='ltr'><strong>illud</strong></span> <span class='ocrx_word' id='word_1_464' title='bbox 579 5001 646 5052; x_wconf 82' lang='lat' dir='ltr'><strong>ad</strong></span> <span class='ocrx_word' id='word_1_465' title='bbox 666 4998 925 5053; x_wconf 84' lang='lat' dir='ltr'><strong>Antonini</strong></span> <span class='ocrx_word' id='word_1_466' title='bbox 953 4998 1133 5069; x_wconf 76' lang='lat' dir='ltr'><strong>potius</strong></span> <span class='ocrx_word' id='word_1_467' title='bbox 1162 5014 1325 5068; x_wconf 83' lang='lat' dir='ltr'><strong>quam</strong></span> <span class='ocrx_word' id='word_1_468' title='bbox 1353 4998 1662 5053; x_wconf 76' lang='lat' dir='ltr'><strong>adAdriani</strong></span> 
     </span>
    </p>
   </div>
   <div class='ocr_carea' id='block_1_68' title="bbox 148 5092 1666 5161">
    <p class='ocr_par' dir='ltr' id='par_1_68' title="bbox 148 5092 1666 5161">
     <span class='ocr_line' id='line_1_68' title="bbox 148 5092 1666 5161; baseline 0.004 -24"><span class='ocrx_word' id='word_1_469' title='bbox 148 5092 340 5155; x_wconf 83' lang='lat' dir='ltr'><strong>tempora</strong></span> <span class='ocrx_word' id='word_1_470' title='bbox 374 5092 791 5157; x_wconf 77' lang='lat' dir='ltr'><strong>referam,hoe</strong></span> <span class='ocrx_word' id='word_1_471' title='bbox 834 5100 958 5153; x_wconf 87' lang='lat' dir='ltr'><strong>utor</strong></span> <span class='ocrx_word' id='word_1_472' title='bbox 995 5101 1343 5161; x_wconf 83' lang='lat' dir='ltr'><strong>argumento,</strong></span> <span class='ocrx_word' id='word_1_473' title='bbox 1401 5092 1545 5160; x_wconf 91' lang='lat' dir='ltr'><strong>quod</strong></span> <span class='ocrx_word' id='word_1_474' title='bbox 1586 5092 1666 5144; x_wconf 90' lang='lat' dir='ltr'><strong>ci-</strong></span> 
     </span>
    </p>
   </div>
   <div class='ocr_carea' id='block_1_69' title="bbox 151 5181 1661 5254">
    <p class='ocr_par' dir='ltr' id='par_1_69' title="bbox 151 5181 1661 5254">
     <span class='ocr_line' id='line_1_69' title="bbox 151 5181 1661 5254; baseline 0.003 -25"><span class='ocrx_word' id='word_1_475' title='bbox 151 5182 291 5232; x_wconf 79' lang='lat' dir='ltr'><strong>tentur</strong></span> <span class='ocrx_word' id='word_1_476' title='bbox 321 5181 368 5234; x_wconf 93' lang='lat' dir='ltr'><strong>in</strong></span> <span class='ocrx_word' id='word_1_477' title='bbox 395 5198 457 5237; x_wconf 91' lang='lat' dir='ltr'><strong>eo</strong></span> <span class='ocrx_word' id='word_1_478' title='bbox 500 5183 754 5254; x_wconf 81' lang='lat' dir='ltr'><strong>Sibyllini</strong></span> <span class='ocrx_word' id='word_1_479' title='bbox 798 5195 1016 5244; x_wconf 80' lang='lat' dir='ltr'><strong>versus.</strong></span> <span class='ocrx_word' id='word_1_480' title='bbox 1063 5182 1237 5253; x_wconf 81' lang='lat' dir='ltr'><strong>Quod</strong></span> <span class='ocrx_word' id='word_1_481' title='bbox 1264 5184 1409 5237; x_wconf 87' lang='lat' dir='ltr'><strong>enim</strong></span> <span class='ocrx_word' id='word_1_482' title='bbox 1444 5182 1661 5253; x_wconf 80' lang='lat' dir='ltr'><strong>legitur,</strong></span> 
     </span>
    </p>
   </div>
   <div class='ocr_carea' id='block_1_70' title="bbox 151 5268 1663 5345">
    <p class='ocr_par' dir='ltr' id='par_1_70' title="bbox 151 5268 1663 5345">
     <span class='ocr_line' id='line_1_70' title="bbox 151 5268 1663 5345; baseline 0.004 -23"><span class='ocrx_word' id='word_1_483' title='bbox 151 5282 189 5320; x_wconf 80' lang='grc' dir='ltr'><strong>ιι.</strong></span> <span class='ocrx_word' id='word_1_484' title='bbox 212 5268 287 5337; x_wconf 76' lang='lat'><strong>38,</strong></span> <span class='ocrx_word' id='word_1_485' title='bbox 310 5272 516 5345; x_wconf 61' lang='lat' dir='ltr'><strong>Sibyllae</strong></span> <span class='ocrx_word' id='word_1_486' title='bbox 542 5277 712 5331; x_wconf 88' lang='lat' dir='ltr'><strong>libros</strong></span> <span class='ocrx_word' id='word_1_487' title='bbox 748 5285 863 5331; x_wconf 90' lang='lat' dir='ltr'><strong>toto</strong></span> <span class='ocrx_word' id='word_1_488' title='bbox 892 5277 1027 5331; x_wconf 89' lang='lat' dir='ltr'><strong>orbe</strong></span> <span class='ocrx_word' id='word_1_489' title='bbox 1069 5276 1300 5340; x_wconf 91' lang='lat' dir='ltr'><strong>servari,</strong></span> <span class='ocrx_word' id='word_1_490' title='bbox 1328 5290 1561 5345; x_wconf 88' lang='lat' dir='ltr'><strong>eamque</strong></span> <span class='ocrx_word' id='word_1_491' title='bbox 1600 5278 1663 5328; x_wconf 84' lang='lat' dir='ltr'><strong>de</strong></span> 
     </span>
    </p>
   </div>
   <div class='ocr_carea' id='block_1_71' title="bbox 155 5363 1663 5439">
    <p class='ocr_par' dir='ltr' id='par_1_71' title="bbox 155 5363 1663 5439">
     <span class='ocr_line' id='line_1_71' title="bbox 155 5363 1663 5439; baseline 0.007 -26"><span class='ocrx_word' id='word_1_492' title='bbox 155 5363 293 5429; x_wconf 72' lang='lat' dir='ltr'><strong>futuro</strong></span> <span class='ocrx_word' id='word_1_493' title='bbox 326 5370 610 5428; x_wconf 76' lang='lat' dir='ltr'><strong>Saluatoris</strong></span> <span class='ocrx_word' id='word_1_494' title='bbox 650 5378 876 5425; x_wconf 77' lang='lat' dir='ltr'><strong>adventu</strong></span> <span class='ocrx_word' id='word_1_495' title='bbox 903 5382 953 5424; x_wconf 89' lang='lat' dir='ltr'><strong>et</strong></span> <span class='ocrx_word' id='word_1_496' title='bbox 979 5370 1043 5423; x_wconf 85' lang='lat' dir='ltr'><strong>de</strong></span> <span class='ocrx_word' id='word_1_497' title='bbox 1076 5369 1319 5423; x_wconf 82' lang='lat' dir='ltr'><strong>omnibus</strong></span> <span class='ocrx_word' id='word_1_498' title='bbox 1352 5372 1504 5424; x_wconf 80' lang='lat' dir='ltr'><strong>rebus</strong></span> <span class='ocrx_word' id='word_1_499' title='bbox 1530 5386 1663 5439; x_wconf 83' lang='lat' dir='ltr'><strong>quas</strong></span> 
     </span>
    </p>
   </div>
   <div class='ocr_carea' id='block_1_72' title="bbox 154 5462 1662 5533">
    <p class='ocr_par' dir='ltr' id='par_1_72' title="bbox 154 5462 1662 5533">
     <span class='ocr_line' id='line_1_72' title="bbox 154 5462 1662 5533; baseline 0.008 -28"><span class='ocrx_word' id='word_1_500' title='bbox 154 5467 337 5518; x_wconf 71' lang='lat' dir='ltr'><strong>gesturus</strong></span> <span class='ocrx_word' id='word_1_501' title='bbox 357 5463 637 5529; x_wconf 83' lang='lat' dir='ltr'><strong>erat,clare</strong></span> <span class='ocrx_word' id='word_1_502' title='bbox 662 5472 712 5521; x_wconf 79' lang='lat' dir='ltr'><strong>et</strong></span> <span class='ocrx_word' id='word_1_503' title='bbox 738 5475 921 5530; x_wconf 83' lang='lat' dir='ltr'><strong>aperte</strong></span> <span class='ocrx_word' id='word_1_504' title='bbox 948 5465 1340 5533; x_wconf 75' lang='lat' dir='ltr'><strong>prwnuntiare,</strong></span> <span class='ocrx_word' id='word_1_505' title='bbox 1370 5463 1457 5517; x_wconf 90' lang='lat' dir='ltr'><strong>his</strong></span> <span class='ocrx_word' id='word_1_506' title='bbox 1482 5462 1662 5517; x_wconf 87' lang='lat' dir='ltr'><strong>verbis</strong></span> 
     </span>
    </p>
   </div>
   <div class='ocr_carea' id='block_1_73' title="bbox 156 5546 1659 5625">
    <p class='ocr_par' dir='ltr' id='par_1_73' title="bbox 156 5546 1659 5625">
     <span class='ocr_line' id='line_1_73' title="bbox 156 5546 1659 5625; baseline 0.003 -23"><span class='ocrx_word' id='word_1_507' title='bbox 156 5546 371 5621; x_wconf 76' lang='lat' dir='ltr'><strong>Sibyllini,</strong></span> <span class='ocrx_word' id='word_1_508' title='bbox 397 5556 584 5625; x_wconf 81' lang='lat' dir='ltr'><strong>quales</strong></span> <span class='ocrx_word' id='word_1_509' title='bbox 617 5558 774 5613; x_wconf 81' lang='lat' dir='ltr'><strong>hodie</strong></span> <span class='ocrx_word' id='word_1_510' title='bbox 802 5564 1058 5621; x_wconf 84' lang='lat' dir='ltr'><strong>exstant,</strong></span> <span class='ocrx_word' id='word_1_511' title='bbox 1088 5556 1211 5612; x_wconf 88' lang='lat' dir='ltr'><strong>libri</strong></span> <span class='ocrx_word' id='word_1_512' title='bbox 1243 5556 1576 5620; x_wconf 80' lang='lat' dir='ltr'><strong>indicantur,</strong></span> <span class='ocrx_word' id='word_1_513' title='bbox 1609 5556 1659 5607; x_wconf 92' lang='lat' dir='ltr'><strong>in</strong></span> 
     </span>
    </p>
   </div>
   <div class='ocr_carea' id='block_1_74' title="bbox 157 5640 1659 5727">
    <p class='ocr_par' dir='ltr' id='par_1_74' title="bbox 157 5640 1659 5727">
     <span class='ocr_line' id='line_1_74' title="bbox 157 5640 1659 5727; baseline -0.004 -21"><span class='ocrx_word' id='word_1_514' title='bbox 157 5640 307 5705; x_wconf 66' lang='lat' dir='ltr'><strong>tluibus</strong></span> <span class='ocrx_word' id='word_1_515' title='bbox 327 5658 425 5727; x_wconf 80' lang='lat' dir='ltr'><strong>tam</strong></span> <span class='ocrx_word' id='word_1_516' title='bbox 456 5659 643 5719; x_wconf 87' lang='lat' dir='ltr'><strong>aperta</strong></span> <span class='ocrx_word' id='word_1_517' title='bbox 673 5659 758 5704; x_wconf 88' lang='lat' dir='ltr'><strong>est</strong></span> <span class='ocrx_word' id='word_1_518' title='bbox 790 5666 972 5704; x_wconf 89' lang='lat' dir='ltr'><strong>rerum</strong></span> <span class='ocrx_word' id='word_1_519' title='bbox 1002 5668 1031 5705; x_wconf 87' lang='lat' dir='ltr'><strong>a</strong></span> <span class='ocrx_word' id='word_1_520' title='bbox 1053 5649 1274 5706; x_wconf 87' lang='lat' dir='ltr'><strong>Christo</strong></span> <span class='ocrx_word' id='word_1_521' title='bbox 1300 5648 1659 5720; x_wconf 78' lang='lat' dir='ltr'><strong>gerendarum</strong></span> 
     </span>
    </p>
   </div>
   <div class='ocr_carea' id='block_1_75' title="bbox 203 5799 902 5882">
    <p class='ocr_par' dir='ltr' id='par_1_75' title="bbox 203 5799 902 5882">
     <span class='ocr_line' id='line_1_75' title="bbox 203 5799 902 5882; baseline 0.006 -21"><span class='ocrx_word' id='word_1_522' title='bbox 203 5799 287 5839; x_wconf 51' lang='grc' dir='ltr'><strong>’θ’</strong></span> <span class='ocrx_word' id='word_1_523' title='bbox 316 5803 544 5878; x_wconf 81' lang='lat' dir='ltr'><strong>Cohort.,</strong></span> <span class='ocrx_word' id='word_1_524' title='bbox 581 5822 614 5865; x_wconf 88' lang='lat' dir='ltr'><strong>t.</strong></span> <span class='ocrx_word' id='word_1_525' title='bbox 646 5807 686 5875; x_wconf 86' lang='grc'><strong>1,</strong></span> <span class='ocrx_word' id='word_1_526' title='bbox 718 5829 770 5882; x_wconf 81' lang='lat' dir='ltr'><strong>p.</strong></span> <span class='ocrx_word' id='word_1_527' title='bbox 807 5810 902 5865; x_wconf 76' lang='grc'><strong>187</strong></span> 
     </span>
    </p>
   </div>
   <div class='ocr_carea' id='block_1_76' title="bbox 1765 1938 2374 2007">
    <p class='ocr_par' dir='ltr' id='par_1_76' title="bbox 1765 1938 2374 2007">
     <span class='ocr_line' id='line_1_76' title="bbox 1765 1938 2374 2007; baseline 0.005 -17"><span class='ocrx_word' id='word_1_528' title='bbox 1765 1951 1932 2005; x_wconf 87' lang='lat' dir='ltr'><strong>opere</strong></span> <span class='ocrx_word' id='word_1_529' title='bbox 1962 1938 2241 2007; x_wconf 35' lang='lat' dir='ltr'><strong>posterior.</strong></span> <span class='ocrx_word' id='word_1_530' title='bbox 2266 1951 2374 1995; x_wconf 89' lang='lat' dir='ltr'><strong>est.</strong></span> 
     </span>
    </p>
   </div>
   <div class='ocr_carea' id='block_1_77' title="bbox 1832 2028 3351 2100">
    <p class='ocr_par' dir='ltr' id='par_1_77' title="bbox 1832 2028 3351 2100">
     <span class='ocr_line' id='line_1_77' title="bbox 1832 2028 3351 2100; baseline 0.004 -15"><span class='ocrx_word' id='word_1_531' title='bbox 1832 2028 1922 2095; x_wconf 68' lang='grc' dir='ltr'><strong>ιγ.</strong></span> <span class='ocrx_word' id='word_1_532' title='bbox 1964 2031 2076 2086; x_wconf 76' lang='lat' dir='ltr'><strong>Nec</strong></span> <span class='ocrx_word' id='word_1_533' title='bbox 2114 2033 2435 2095; x_wconf 89' lang='lat' dir='ltr'><strong>criticorum</strong></span> <span class='ocrx_word' id='word_1_534' title='bbox 2464 2035 2709 2089; x_wconf 90' lang='lat' dir='ltr'><strong>omnium</strong></span> <span class='ocrx_word' id='word_1_535' title='bbox 2746 2050 3088 2100; x_wconf 89' lang='lat' dir='ltr'><strong>consensus,</strong></span> <span class='ocrx_word' id='word_1_536' title='bbox 3123 2050 3225 2091; x_wconf 91' lang='lat' dir='ltr'><strong>nec</strong></span> <span class='ocrx_word' id='word_1_537' title='bbox 3265 2046 3351 2091; x_wconf 91' lang='lat' dir='ltr'><strong>tot</strong></span> 
     </span>
    </p>
   </div>
   <div class='ocr_carea' id='block_1_78' title="bbox 1765 2124 3351 2204">
    <p class='ocr_par' dir='ltr' id='par_1_78' title="bbox 1765 2124 3351 2204">
     <span class='ocr_line' id='line_1_78' title="bbox 1765 2124 3351 2204; baseline 0.005 -29"><span class='ocrx_word' id='word_1_538' title='bbox 1765 2135 1906 2177; x_wconf 66' lang='lat' dir='ltr'><strong>notae</strong></span> <span class='ocrx_word' id='word_1_539' title='bbox 1939 2125 2139 2192; x_wconf 87' lang='lat' dir='ltr'><strong>quibus</strong></span> <span class='ocrx_word' id='word_1_540' title='bbox 2186 2124 2434 2181; x_wconf 89' lang='lat' dir='ltr'><strong>Justinus</strong></span> <span class='ocrx_word' id='word_1_541' title='bbox 2486 2127 2647 2204; x_wconf 82' lang='lat' dir='ltr'><strong>hujus</strong></span> <span class='ocrx_word' id='word_1_542' title='bbox 2692 2129 2967 2185; x_wconf 87' lang='lat' dir='ltr'><strong>orationis</strong></span> <span class='ocrx_word' id='word_1_543' title='bbox 3020 2144 3221 2199; x_wconf 89' lang='lat' dir='ltr'><strong>parens</strong></span> <span class='ocrx_word' id='word_1_544' title='bbox 3267 2128 3351 2183; x_wconf 91' lang='lat' dir='ltr'><strong>di-</strong></span> 
     </span>
    </p>
   </div>
   <div class='ocr_carea' id='block_1_79' title="bbox 1765 2216 3352 2289">
    <p class='ocr_par' dir='ltr' id='par_1_79' title="bbox 1765 2216 3352 2289">
     <span class='ocr_line' id='line_1_79' title="bbox 1765 2216 3352 2289; baseline 0.005 -22"><span class='ocrx_word' id='word_1_545' title='bbox 1765 2216 2078 2282; x_wconf 80' lang='lat' dir='ltr'><strong>gnoscitur,</strong></span> <span class='ocrx_word' id='word_1_546' title='bbox 2108 2216 2440 2273; x_wconf 88' lang='lat' dir='ltr'><strong>Casimirum</strong></span> <span class='ocrx_word' id='word_1_547' title='bbox 2471 2218 2743 2273; x_wconf 90' lang='lat' dir='ltr'><strong>Oudinum</strong></span> <span class='ocrx_word' id='word_1_548' title='bbox 2773 2220 3184 2284; x_wconf 88' lang='lat' dir='ltr'><strong>deterruerunt,</strong></span> <span class='ocrx_word' id='word_1_549' title='bbox 3215 2236 3352 2289; x_wconf 91' lang='lat' dir='ltr'><strong>quo-</strong></span> 
     </span>
    </p>
   </div>
   <div class='ocr_carea' id='block_1_80' title="bbox 1764 2307 3351 2379">
    <p class='ocr_par' dir='ltr' id='par_1_80' title="bbox 1764 2307 3351 2379">
     <span class='ocr_line' id='line_1_80' title="bbox 1764 2307 3351 2379; baseline 0.003 -20"><span class='ocrx_word' id='word_1_550' title='bbox 1764 2307 1949 2361; x_wconf 84' lang='lat' dir='ltr'><strong>minus</strong></span> <span class='ocrx_word' id='word_1_551' title='bbox 1975 2308 2028 2361; x_wconf 90' lang='lat' dir='ltr'><strong>in</strong></span> <span class='ocrx_word' id='word_1_552' title='bbox 2056 2322 2157 2363; x_wconf 87' lang='lat' dir='ltr'><strong>suo</strong></span> <span class='ocrx_word' id='word_1_553' title='bbox 2191 2309 2265 2363; x_wconf 84' lang='lat' dir='ltr'><strong>De</strong></span> <span class='ocrx_word' id='word_1_554' title='bbox 2292 2311 2639 2379; x_wconf 77' lang='lat' dir='ltr'><strong>scriptoribus</strong></span> <span class='ocrx_word' id='word_1_555' title='bbox 2667 2310 3046 2367; x_wconf 78' lang='lat' dir='ltr'><strong>ecclesiasticis</strong></span> <span class='ocrx_word' id='word_1_556' title='bbox 3074 2326 3351 2366; x_wconf 87' lang='lat' dir='ltr'><strong>commen-</strong></span> 
     </span>
    </p>
   </div>
   <div class='ocr_carea' id='block_1_81' title="bbox 1767 2398 3352 2475">
    <p class='ocr_par' dir='ltr' id='par_1_81' title="bbox 1767 2398 3352 2475">
     <span class='ocr_line' id='line_1_81' title="bbox 1767 2398 3352 2475; baseline 0.002 -24"><span class='ocrx_word' id='word_1_557' title='bbox 1767 2398 1905 2452; x_wconf 88' lang='lat' dir='ltr'><strong>tario</strong></span> <span class='ocrx_word' id='word_1_558' title='bbox 1936 2400 2277 2468; x_wconf 89' lang='lat' dir='ltr'><strong>suppositum</strong></span> <span class='ocrx_word' id='word_1_559' title='bbox 2310 2399 2371 2452; x_wconf 90' lang='lat' dir='ltr'><strong>S.</strong></span> <span class='ocrx_word' id='word_1_560' title='bbox 2400 2401 2629 2471; x_wconf 84' lang='lat' dir='ltr'><strong>martyri</strong></span> <span class='ocrx_word' id='word_1_561' title='bbox 2659 2401 3063 2469; x_wconf 88' lang='lat' dir='ltr'><strong>pronuntiaret.</strong></span> <span class='ocrx_word' id='word_1_562' title='bbox 3097 2399 3352 2475; x_wconf 82' lang='lat' dir='ltr'><strong>Quinque</strong></span> 
     </span>
    </p>
   </div>
   <div class='ocr_carea' id='block_1_82' title="bbox 1762 2488 3348 2560">
    <p class='ocr_par' dir='ltr' id='par_1_82' title="bbox 1762 2488 3348 2560">
     <span class='ocr_line' id='line_1_82' title="bbox 1762 2488 3348 2560; baseline 0.001 -18"><span class='ocrx_word' id='word_1_563' title='bbox 1762 2490 2068 2544; x_wconf 87' lang='lat' dir='ltr'><strong>rationibus</strong></span> <span class='ocrx_word' id='word_1_564' title='bbox 2086 2491 2276 2553; x_wconf 82' lang='lat' dir='ltr'><strong>nititur</strong></span> <span class='ocrx_word' id='word_1_565' title='bbox 2291 2491 2426 2554; x_wconf 52' lang='lat'><strong>“&quot;3</strong></span> <span class='ocrx_word' id='word_1_566' title='bbox 2442 2492 2509 2546; x_wconf 90' lang='lat' dir='ltr'><strong>de</strong></span> <span class='ocrx_word' id='word_1_567' title='bbox 2525 2491 2996 2560; x_wconf 84' lang='lat' dir='ltr'><strong>quibusjndicium</strong></span> <span class='ocrx_word' id='word_1_568' title='bbox 3017 2492 3123 2547; x_wconf 89' lang='lat' dir='ltr'><strong>erit</strong></span> <span class='ocrx_word' id='word_1_569' title='bbox 3145 2488 3348 2546; x_wconf 82' lang='lat' dir='ltr'><strong>eruditi</strong></span> 
     </span>
    </p>
   </div>
   <div class='ocr_carea' id='block_1_83' title="bbox 1763 2581 3350 2655">
    <p class='ocr_par' dir='ltr' id='par_1_83' title="bbox 1763 2581 3350 2655">
     <span class='ocr_line' id='line_1_83' title="bbox 1763 2581 3350 2655; baseline 0.003 -21"><span class='ocrx_word' id='word_1_570' title='bbox 1763 2581 2010 2637; x_wconf 87' lang='lat' dir='ltr'><strong>lectoris.</strong></span> <span class='ocrx_word' id='word_1_571' title='bbox 2041 2585 2094 2636; x_wconf 72' lang='lat'><strong>1°</strong></span> <span class='ocrx_word' id='word_1_572' title='bbox 2123 2581 2300 2653; x_wconf 81' lang='lat' dir='ltr'><strong>Negat</strong></span> <span class='ocrx_word' id='word_1_573' title='bbox 2332 2584 2384 2638; x_wconf 89' lang='lat' dir='ltr'><strong>in</strong></span> <span class='ocrx_word' id='word_1_574' title='bbox 2414 2583 2694 2647; x_wconf 89' lang='lat' dir='ltr'><strong>Justinum</strong></span> <span class='ocrx_word' id='word_1_575' title='bbox 2718 2600 2785 2643; x_wconf 74' lang='lat' dir='ltr'><strong>ex</strong></span> <span class='ocrx_word' id='word_1_576' title='bbox 2807 2585 3135 2655; x_wconf 85' lang='lat' dir='ltr'><strong>parentibus</strong></span> <span class='ocrx_word' id='word_1_577' title='bbox 3165 2586 3350 2638; x_wconf 87' lang='lat' dir='ltr'><strong>ethni-</strong></span> 
     </span>
    </p>
   </div>
   <div class='ocr_carea' id='block_1_84' title="bbox 1763 2674 3349 2751">
    <p class='ocr_par' dir='ltr' id='par_1_84' title="bbox 1763 2674 3349 2751">
     <span class='ocr_line' id='line_1_84' title="bbox 1763 2674 3349 2751; baseline 0.003 -21"><span class='ocrx_word' id='word_1_578' title='bbox 1763 2674 1856 2731; x_wconf 78' lang='lat' dir='ltr'><strong>cis.</strong></span> <span class='ocrx_word' id='word_1_579' title='bbox 1890 2688 2076 2737; x_wconf 87' lang='lat' dir='ltr'><strong>natum</strong></span> <span class='ocrx_word' id='word_1_580' title='bbox 2107 2681 2434 2744; x_wconf 82' lang='lat' dir='ltr'><strong>convenire,</strong></span> <span class='ocrx_word' id='word_1_581' title='bbox 2474 2684 2618 2751; x_wconf 90' lang='lat' dir='ltr'><strong>quod</strong></span> <span class='ocrx_word' id='word_1_582' title='bbox 2661 2681 2740 2735; x_wconf 88' lang='lat' dir='ltr'><strong>ait</strong></span> <span class='ocrx_word' id='word_1_583' title='bbox 2770 2689 2966 2735; x_wconf 91' lang='lat' dir='ltr'><strong>auctor</strong></span> <span class='ocrx_word' id='word_1_584' title='bbox 3012 2681 3172 2750; x_wconf 81' lang='lat' dir='ltr'><strong>hujus</strong></span> <span class='ocrx_word' id='word_1_585' title='bbox 3221 2696 3349 2734; x_wconf 89' lang='lat' dir='ltr'><strong>ora-</strong></span> 
     </span>
    </p>
   </div>
   <div class='ocr_carea' id='block_1_85' title="bbox 1765 2770 3350 2843">
    <p class='ocr_par' dir='ltr' id='par_1_85' title="bbox 1765 2770 3350 2843">
     <span class='ocr_line' id='line_1_85' title="bbox 1765 2770 3350 2843; baseline 0.002 -19"><span class='ocrx_word' id='word_1_586' title='bbox 1765 2770 1927 2824; x_wconf 87' lang='lat' dir='ltr'><strong>tionis</strong></span> <span class='ocrx_word' id='word_1_587' title='bbox 1977 2785 2035 2825; x_wconf 91' lang='lat' dir='ltr'><strong>se</strong></span> <span class='ocrx_word' id='word_1_588' title='bbox 2080 2772 2390 2835; x_wconf 71' lang='lat' dir='ltr'><strong>divinorum</strong></span> <span class='ocrx_word' id='word_1_589' title='bbox 2445 2774 2715 2843; x_wconf 82' lang='lat' dir='ltr'><strong>majorum</strong></span> <span class='ocrx_word' id='word_1_590' title='bbox 2767 2791 2923 2828; x_wconf 83' lang='lat' dir='ltr'><strong>sacra</strong></span> <span class='ocrx_word' id='word_1_591' title='bbox 2996 2784 3047 2827; x_wconf 89' lang='lat' dir='ltr'><strong>et</strong></span> <span class='ocrx_word' id='word_1_592' title='bbox 3099 2774 3350 2841; x_wconf 65' lang='lat' dir='ltr'><strong>pietatem</strong></span> 
     </span>
    </p>
   </div>
   <div class='ocr_carea' id='block_1_86' title="bbox 1762 2864 3348 2936">
    <p class='ocr_par' dir='ltr' id='par_1_86' title="bbox 1762 2864 3348 2936">
     <span class='ocr_line' id='line_1_86' title="bbox 1762 2864 3348 2936; baseline 0.002 -19"><span class='ocrx_word' id='word_1_593' title='bbox 1762 2864 1928 2933; x_wconf 79' lang='lat' dir='ltr'><strong>sequi.</strong></span> <span class='ocrx_word' id='word_1_594' title='bbox 1961 2865 2029 2917; x_wconf 84' lang='lat' dir='ltr'><strong>At</strong></span> <span class='ocrx_word' id='word_1_595' title='bbox 2058 2864 2336 2929; x_wconf 86' lang='lat' dir='ltr'><strong>Oudinum</strong></span> <span class='ocrx_word' id='word_1_596' title='bbox 2367 2867 2580 2936; x_wconf 85' lang='lat' dir='ltr'><strong>decepit</strong></span> <span class='ocrx_word' id='word_1_597' title='bbox 2629 2868 2808 2921; x_wconf 89' lang='lat' dir='ltr'><strong>minus</strong></span> <span class='ocrx_word' id='word_1_598' title='bbox 2854 2877 3105 2921; x_wconf 85' lang='lat' dir='ltr'><strong>accurata</strong></span> <span class='ocrx_word' id='word_1_599' title='bbox 3147 2866 3348 2936; x_wconf 82' lang='lat' dir='ltr'><strong>Laugi,</strong></span> 
     </span>
    </p>
   </div>
   <div class='ocr_carea' id='block_1_87' title="bbox 1765 2952 2883 3027">
    <p class='ocr_par' dir='ltr' id='par_1_87' title="bbox 1765 2952 2883 3027">
     <span class='ocr_line' id='line_1_87' title="bbox 1765 2952 2883 3027; baseline 0.005 -20"><span class='ocrx_word' id='word_1_600' title='bbox 1765 2961 1823 3007; x_wconf 92' lang='lat' dir='ltr'><strong>ut</strong></span> <span class='ocrx_word' id='word_1_601' title='bbox 1848 2952 1963 3021; x_wconf 87' lang='lat' dir='ltr'><strong>jam</strong></span> <span class='ocrx_word' id='word_1_602' title='bbox 1992 2954 2437 3022; x_wconf 89' lang='lat' dir='ltr'><strong>observavimus,</strong></span> <span class='ocrx_word' id='word_1_603' title='bbox 2476 2958 2883 3027; x_wconf 85' lang='lat' dir='ltr'><strong>interpretatio.</strong></span> 
     </span>
    </p>
   </div>
   <div class='ocr_carea' id='block_1_88' title="bbox 1833 3046 3348 3119">
    <p class='ocr_par' dir='ltr' id='par_1_88' title="bbox 1833 3046 3348 3119">
     <span class='ocr_line' id='line_1_88' title="bbox 1833 3046 3348 3119; baseline 0.003 -20"><span class='ocrx_word' id='word_1_604' title='bbox 1833 3046 1893 3100; x_wconf 69' lang='lat'><strong>‘2&#39;</strong></span> <span class='ocrx_word' id='word_1_605' title='bbox 1933 3046 2199 3107; x_wconf 84' lang='lat' dir='ltr'><strong>Observat</strong></span> <span class='ocrx_word' id='word_1_606' title='bbox 2246 3047 2519 3103; x_wconf 90' lang='lat' dir='ltr'><strong>Justinum</strong></span> <span class='ocrx_word' id='word_1_607' title='bbox 2574 3050 2626 3104; x_wconf 91' lang='lat' dir='ltr'><strong>in</strong></span> <span class='ocrx_word' id='word_1_608' title='bbox 2682 3050 2907 3119; x_wconf 82' lang='lat' dir='ltr'><strong>Dia/ago</strong></span> <span class='ocrx_word' id='word_1_609' title='bbox 2961 3050 3164 3107; x_wconf 73' lang='lat' dir='ltr'><strong>Judaeis</strong></span> <span class='ocrx_word' id='word_1_610' title='bbox 3212 3051 3348 3119; x_wconf 82' lang='lat' dir='ltr'><strong>obji-</strong></span> 
     </span>
    </p>
   </div>
   <div class='ocr_carea' id='block_1_89' title="bbox 1691 3139 3346 3225">
    <p class='ocr_par' dir='ltr' id='par_1_89' title="bbox 1691 3139 3346 3225">
     <span class='ocr_line' id='line_1_89' title="bbox 1691 3139 3346 3225; baseline 0.007 -38"><span class='ocrx_word' id='word_1_611' title='bbox 1691 3167 1733 3225; x_wconf 75' lang='lat' dir='ltr'><strong><em>C</em></strong></span> <span class='ocrx_word' id='word_1_612' title='bbox 1768 3152 1911 3197; x_wconf 82' lang='lat' dir='ltr'><strong>cere,</strong></span> <span class='ocrx_word' id='word_1_613' title='bbox 1944 3139 2087 3206; x_wconf 89' lang='lat' dir='ltr'><strong>quod</strong></span> <span class='ocrx_word' id='word_1_614' title='bbox 2113 3139 2625 3208; x_wconf 84' lang='lat' dir='ltr'><strong>interpretationem</strong></span> <span class='ocrx_word' id='word_1_615' title='bbox 2660 3142 3021 3213; x_wconf 78' lang='lat' dir='ltr'><strong>Septuaginta</strong></span> <span class='ocrx_word' id='word_1_616' title='bbox 3067 3145 3346 3213; x_wconf 79' lang='lat' dir='ltr'><strong>rejiciant,</strong></span> 
     </span>
    </p>
   </div>
   <div class='ocr_carea' id='block_1_90' title="bbox 1767 3231 3350 3301">
    <p class='ocr_par' dir='ltr' id='par_1_90' title="bbox 1767 3231 3350 3301">
     <span class='ocr_line' id='line_1_90' title="bbox 1767 3231 3350 3301; baseline 0.006 -20"><span class='ocrx_word' id='word_1_617' title='bbox 1767 3242 2000 3297; x_wconf 85' lang='lat' dir='ltr'><strong>eamque</strong></span> <span class='ocrx_word' id='word_1_618' title='bbox 2054 3231 2434 3301; x_wconf 89' lang='lat' dir='ltr'><strong>corruperint;</strong></span> <span class='ocrx_word' id='word_1_619' title='bbox 2492 3244 2769 3288; x_wconf 86' lang='lat' dir='ltr'><strong>auctorem</strong></span> <span class='ocrx_word' id='word_1_620' title='bbox 2827 3250 2952 3289; x_wconf 89' lang='lat' dir='ltr'><strong>vero</strong></span> <span class='ocrx_word' id='word_1_621' title='bbox 3007 3234 3350 3301; x_wconf 69' lang='lat' dir='ltr'><strong>I’anenetica:</strong></span> 
     </span>
    </p>
   </div>
   <div class='ocr_carea' id='block_1_91' title="bbox 1768 3321 3349 3399">
    <p class='ocr_par' dir='ltr' id='par_1_91' title="bbox 1768 3321 3349 3399">
     <span class='ocr_line' id='line_1_91' title="bbox 1768 3321 3349 3399; baseline 0.005 -24"><span class='ocrx_word' id='word_1_622' title='bbox 1768 3321 2025 3375; x_wconf 82' lang='lat' dir='ltr'><strong>orationis</strong></span> <span class='ocrx_word' id='word_1_623' title='bbox 2060 3330 2302 3377; x_wconf 80' lang='lat' dir='ltr'><strong>statuere</strong></span> <span class='ocrx_word' id='word_1_624' title='bbox 2334 3323 2630 3378; x_wconf 81' lang='lat' dir='ltr'><strong>versionem</strong></span> <span class='ocrx_word' id='word_1_625' title='bbox 2683 3325 3033 3399; x_wconf 78' lang='lat' dir='ltr'><strong>Septuaginta</strong></span> <span class='ocrx_word' id='word_1_626' title='bbox 3090 3329 3349 3397; x_wconf 77' lang='lat' dir='ltr'><strong>interpre-</strong></span> 
     </span>
    </p>
   </div>
   <div class='ocr_carea' id='block_1_92' title="bbox 1768 3412 3348 3493">
    <p class='ocr_par' dir='ltr' id='par_1_92' title="bbox 1768 3412 3348 3493">
     <span class='ocr_line' id='line_1_92' title="bbox 1768 3412 3348 3493; baseline 0.005 -29"><span class='ocrx_word' id='word_1_627' title='bbox 1768 3421 1879 3464; x_wconf 87' lang='lat' dir='ltr'><strong>tum</strong></span> <span class='ocrx_word' id='word_1_628' title='bbox 1904 3412 2205 3480; x_wconf 86' lang='lat' dir='ltr'><strong>incorrupte</strong></span> <span class='ocrx_word' id='word_1_629' title='bbox 2232 3412 2285 3466; x_wconf 74' lang='lat' dir='ltr'><strong>in</strong></span> <span class='ocrx_word' id='word_1_630' title='bbox 2311 3414 2623 3475; x_wconf 60' lang='lat' dir='ltr'><strong>Iudaeorum</strong></span> <span class='ocrx_word' id='word_1_631' title='bbox 2667 3420 2944 3493; x_wconf 76' lang='lat' dir='ltr'><strong>synagogis</strong></span> <span class='ocrx_word' id='word_1_632' title='bbox 3000 3428 3348 3483; x_wconf 79' lang='lat' dir='ltr'><strong>asservatam,</strong></span> 
     </span>
    </p>
   </div>
   <div class='ocr_carea' id='block_1_93' title="bbox 1768 3501 3350 3573">
    <p class='ocr_par' dir='ltr' id='par_1_93' title="bbox 1768 3501 3350 3573">
     <span class='ocr_line' id='line_1_93' title="bbox 1768 3501 3350 3573; baseline 0.006 -19"><span class='ocrx_word' id='word_1_633' title='bbox 1768 3519 1799 3555; x_wconf 91' lang='lat' dir='ltr'><strong>a</strong></span> <span class='ocrx_word' id='word_1_634' title='bbox 1847 3501 2055 3556; x_wconf 75' lang='lat' dir='ltr'><strong>Judwis</strong></span> <span class='ocrx_word' id='word_1_635' title='bbox 2106 3503 2346 3573; x_wconf 87' lang='lat' dir='ltr'><strong>aguitam</strong></span> <span class='ocrx_word' id='word_1_636' title='bbox 2403 3507 2606 3572; x_wconf 68' lang='lat' dir='ltr'><strong>fuisse,</strong></span> <span class='ocrx_word' id='word_1_637' title='bbox 2665 3515 2715 3557; x_wconf 89' lang='lat' dir='ltr'><strong>et</strong></span> <span class='ocrx_word' id='word_1_638' title='bbox 2780 3517 2964 3558; x_wconf 86' lang='lat' dir='ltr'><strong>contra</strong></span> <span class='ocrx_word' id='word_1_639' title='bbox 3014 3508 3350 3563; x_wconf 70' lang='lat' dir='ltr'><strong>adversarios</strong></span> 
     </span>
    </p>
   </div>
   <div class='ocr_carea' id='block_1_94' title="bbox 1768 3594 3349 3671">
    <p class='ocr_par' dir='ltr' id='par_1_94' title="bbox 1768 3594 3349 3671">
     <span class='ocr_line' id='line_1_94' title="bbox 1768 3594 3349 3671; baseline 0.005 -26"><span class='ocrx_word' id='word_1_640' title='bbox 1768 3610 2104 3665; x_wconf 66' lang='lat' dir='ltr'><strong>quoscunque</strong></span> <span class='ocrx_word' id='word_1_641' title='bbox 2153 3595 2469 3648; x_wconf 78' lang='lat' dir='ltr'><strong>adhibitam.</strong></span> <span class='ocrx_word' id='word_1_642' title='bbox 2522 3594 2628 3661; x_wconf 79' lang='lat' dir='ltr'><strong>Sed</strong></span> <span class='ocrx_word' id='word_1_643' title='bbox 2681 3611 2860 3649; x_wconf 88' lang='lat' dir='ltr'><strong>annon</strong></span> <span class='ocrx_word' id='word_1_644' title='bbox 2912 3598 3026 3657; x_wconf 78' lang='lat' dir='ltr'><strong>[lori</strong></span> <span class='ocrx_word' id='word_1_645' title='bbox 3075 3598 3251 3671; x_wconf 87' lang='lat' dir='ltr'><strong>potuit</strong></span> <span class='ocrx_word' id='word_1_646' title='bbox 3291 3610 3349 3653; x_wconf 90' lang='lat' dir='ltr'><strong>ut</strong></span> 
     </span>
    </p>
   </div>
   <div class='ocr_carea' id='block_1_95' title="bbox 1767 3687 3349 3757">
    <p class='ocr_par' dir='ltr' id='par_1_95' title="bbox 1767 3687 3349 3757">
     <span class='ocr_line' id='line_1_95' title="bbox 1767 3687 3349 3757; baseline 0.003 -14"><span class='ocrx_word' id='word_1_647' title='bbox 1767 3687 2013 3743; x_wconf 86' lang='lat' dir='ltr'><strong>Justinus</strong></span> <span class='ocrx_word' id='word_1_648' title='bbox 2040 3729 2055 3753; x_wconf 90' lang='lat'><strong>,</strong></span> <span class='ocrx_word' id='word_1_649' title='bbox 2093 3704 2217 3743; x_wconf 89' lang='lat' dir='ltr'><strong>cum</strong></span> <span class='ocrx_word' id='word_1_650' title='bbox 2254 3691 2397 3749; x_wconf 87' lang='lat' dir='ltr'><strong>hanc</strong></span> <span class='ocrx_word' id='word_1_651' title='bbox 2428 3690 2735 3745; x_wconf 87' lang='lat' dir='ltr'><strong>orationem</strong></span> <span class='ocrx_word' id='word_1_652' title='bbox 2766 3692 3054 3757; x_wconf 89' lang='lat' dir='ltr'><strong>scriberet,</strong></span> <span class='ocrx_word' id='word_1_653' title='bbox 3106 3694 3349 3748; x_wconf 80' lang='lat' dir='ltr'><strong>nondum</strong></span> 
     </span>
    </p>
   </div>
   <div class='ocr_carea' id='block_1_96' title="bbox 1769 3779 3351 3850">
    <p class='ocr_par' dir='ltr' id='par_1_96' title="bbox 1769 3779 3351 3850">
     <span class='ocr_line' id='line_1_96' title="bbox 1769 3779 3351 3850; baseline 0.005 -19"><span class='ocrx_word' id='word_1_654' title='bbox 1769 3779 2066 3848; x_wconf 89' lang='lat' dir='ltr'><strong>quidquam</strong></span> <span class='ocrx_word' id='word_1_655' title='bbox 2094 3780 2364 3836; x_wconf 84' lang='lat' dir='ltr'><strong>audiisset</strong></span> <span class='ocrx_word' id='word_1_656' title='bbox 2396 3783 2463 3834; x_wconf 91' lang='lat' dir='ltr'><strong>de</strong></span> <span class='ocrx_word' id='word_1_657' title='bbox 2491 3779 2807 3836; x_wconf 65' lang='lat' dir='ltr'><strong>Judasorum</strong></span> <span class='ocrx_word' id='word_1_658' title='bbox 2850 3782 3130 3841; x_wconf 79' lang='lat' dir='ltr'><strong>facinore?</strong></span> <span class='ocrx_word' id='word_1_659' title='bbox 3176 3784 3351 3850; x_wconf 85' lang='lat' dir='ltr'><strong>Quin-</strong></span> 
     </span>
    </p>
   </div>
   <div class='ocr_carea' id='block_1_97' title="bbox 1768 3868 3354 3939">
    <p class='ocr_par' dir='ltr' id='par_1_97' title="bbox 1768 3868 3354 3939">
     <span class='ocr_line' id='line_1_97' title="bbox 1768 3868 3354 3939; baseline 0.004 -18"><span class='ocrx_word' id='word_1_660' title='bbox 1768 3868 1932 3923; x_wconf 90' lang='lat' dir='ltr'><strong>etiam</strong></span> <span class='ocrx_word' id='word_1_661' title='bbox 1969 3870 2266 3927; x_wconf 75' lang='lat' dir='ltr'><strong>verisimile</strong></span> <span class='ocrx_word' id='word_1_662' title='bbox 2314 3880 2397 3925; x_wconf 91' lang='lat' dir='ltr'><strong>est</strong></span> <span class='ocrx_word' id='word_1_663' title='bbox 2440 3872 2681 3925; x_wconf 89' lang='lat' dir='ltr'><strong>nondum</strong></span> <span class='ocrx_word' id='word_1_664' title='bbox 2724 3872 2944 3939; x_wconf 74' lang='lat' dir='ltr'><strong>Judaeos</strong></span> <span class='ocrx_word' id='word_1_665' title='bbox 2979 3875 3197 3928; x_wconf 88' lang='lat' dir='ltr'><strong>dedisse</strong></span> <span class='ocrx_word' id='word_1_666' title='bbox 3236 3889 3354 3927; x_wconf 83' lang='lat' dir='ltr'><strong>ma-</strong></span> 
     </span>
    </p>
   </div>
   <div class='ocr_carea' id='block_1_98' title="bbox 1771 3960 3353 4037">
    <p class='ocr_par' dir='ltr' id='par_1_98' title="bbox 1771 3960 3353 4037">
     <span class='ocr_line' id='line_1_98' title="bbox 1771 3960 3353 4037; baseline 0.005 -23"><span class='ocrx_word' id='word_1_667' title='bbox 1771 3960 1964 4015; x_wconf 88' lang='lat' dir='ltr'><strong>teriam</strong></span> <span class='ocrx_word' id='word_1_668' title='bbox 1994 3961 2471 4027; x_wconf 83' lang='lat' dir='ltr'><strong>criminationibus</strong></span> <span class='ocrx_word' id='word_1_669' title='bbox 2503 3964 2703 4033; x_wconf 86' lang='lat' dir='ltr'><strong>quibus</strong></span> <span class='ocrx_word' id='word_1_670' title='bbox 2745 3981 2840 4020; x_wconf 86' lang='lat' dir='ltr'><strong>eos</strong></span> <span class='ocrx_word' id='word_1_671' title='bbox 2871 3965 3184 4037; x_wconf 15' lang='lat' dir='ltr'><strong>in‘Dialogo</strong></span> <span class='ocrx_word' id='word_1_672' title='bbox 3230 3983 3353 4037; x_wconf 89' lang='lat' dir='ltr'><strong>pre-</strong></span> 
     </span>
    </p>
   </div>
   <div class='ocr_carea' id='block_1_99' title="bbox 1770 4052 3351 4121">
    <p class='ocr_par' dir='ltr' id='par_1_99' title="bbox 1770 4052 3351 4121">
     <span class='ocr_line' id='line_1_99' title="bbox 1770 4052 3351 4121; baseline 0.006 -16"><span class='ocrx_word' id='word_1_673' title='bbox 1770 4053 1870 4107; x_wconf 88' lang='lat' dir='ltr'><strong>mit</strong></span> <span class='ocrx_word' id='word_1_674' title='bbox 1896 4052 2144 4109; x_wconf 87' lang='lat' dir='ltr'><strong>Justinus</strong></span> <span class='ocrx_word' id='word_1_675' title='bbox 2173 4072 2187 4108; x_wconf 89' lang='lat'><strong>:</strong></span> <span class='ocrx_word' id='word_1_676' title='bbox 2221 4055 2293 4111; x_wconf 91' lang='lat' dir='ltr'><strong>ibi</strong></span> <span class='ocrx_word' id='word_1_677' title='bbox 2321 4057 2491 4117; x_wconf 83' lang='lat' dir='ltr'><strong>enim.</strong></span> <span class='ocrx_word' id='word_1_678' title='bbox 2526 4074 2580 4111; x_wconf 85' lang='grc' dir='ltr'><strong>ιι.</strong></span> <span class='ocrx_word' id='word_1_679' title='bbox 2620 4057 2710 4121; x_wconf 81' lang='lat'><strong>75,</strong></span> <span class='ocrx_word' id='word_1_680' title='bbox 2758 4073 2954 4114; x_wconf 90' lang='lat' dir='ltr'><strong>recens</strong></span> <span class='ocrx_word' id='word_1_681' title='bbox 3000 4074 3123 4115; x_wconf 89' lang='lat' dir='ltr'><strong>esse</strong></span> <span class='ocrx_word' id='word_1_682' title='bbox 3160 4074 3351 4114; x_wconf 87' lang='lat' dir='ltr'><strong>eorum</strong></span> 
     </span>
    </p>
   </div>
   <div class='ocr_carea' id='block_1_100' title="bbox 1771 4147 2277 4209">
    <p class='ocr_par' dir='ltr' id='par_1_100' title="bbox 1771 4147 2277 4209">
     <span class='ocr_line' id='line_1_100' title="bbox 1771 4147 2277 4209; baseline 0.01 -11"><span class='ocrx_word' id='word_1_683' title='bbox 1771 4147 1984 4207; x_wconf 82' lang='lat' dir='ltr'><strong>facinus</strong></span> <span class='ocrx_word' id='word_1_684' title='bbox 2012 4147 2277 4209; x_wconf 79' lang='lat' dir='ltr'><strong>declarat.</strong></span> 
     </span>
    </p>
   </div>
   <div class='ocr_carea' id='block_1_101' title="bbox 1844 4236 3353 4317">
    <p class='ocr_par' dir='ltr' id='par_1_101' title="bbox 1844 4236 3353 4317">
     <span class='ocr_line' id='line_1_101' title="bbox 1844 4236 3353 4317; baseline 0.006 -28"><span class='ocrx_word' id='word_1_685' title='bbox 1844 4236 1959 4290; x_wconf 77' lang='lat' dir='ltr'><strong>Non</strong></span> <span class='ocrx_word' id='word_1_686' title='bbox 1992 4238 2214 4306; x_wconf 86' lang='lat' dir='ltr'><strong>majoris</strong></span> <span class='ocrx_word' id='word_1_687' title='bbox 2243 4242 2500 4317; x_wconf 89' lang='lat' dir='ltr'><strong>ponderis</strong></span> <span class='ocrx_word' id='word_1_688' title='bbox 2552 4243 2715 4298; x_wconf 88' lang='lat' dir='ltr'><strong>tertia</strong></span> <span class='ocrx_word' id='word_1_689' title='bbox 2740 4255 2795 4299; x_wconf 89' lang='lat' dir='ltr'><strong>et</strong></span> <span class='ocrx_word' id='word_1_690' title='bbox 2825 4257 3021 4315; x_wconf 87' lang='lat' dir='ltr'><strong>quarta</strong></span> <span class='ocrx_word' id='word_1_691' title='bbox 3055 4247 3215 4300; x_wconf 89' lang='lat' dir='ltr'><strong>ratio.</strong></span> <span class='ocrx_word' id='word_1_692' title='bbox 3247 4245 3353 4298; x_wconf 86' lang='lat' dir='ltr'><strong>Su-</strong></span> 
     </span>
    </p>
   </div>
   <div class='ocr_carea' id='block_1_102' title="bbox 1769 4331 3351 4406">
    <p class='ocr_par' dir='ltr' id='par_1_102' title="bbox 1769 4331 3351 4406">
     <span class='ocr_line' id='line_1_102' title="bbox 1769 4331 3351 4406; baseline 0.001 -18"><span class='ocrx_word' id='word_1_693' title='bbox 1769 4331 1870 4388; x_wconf 84' lang='lat' dir='ltr'><strong>mit</strong></span> <span class='ocrx_word' id='word_1_694' title='bbox 1938 4336 2247 4405; x_wconf 81' lang='lat' dir='ltr'><strong>argumenti</strong></span> <span class='ocrx_word' id='word_1_695' title='bbox 2309 4335 2429 4390; x_wconf 92' lang='lat' dir='ltr'><strong>loco</strong></span> <span class='ocrx_word' id='word_1_696' title='bbox 2492 4338 2634 4405; x_wconf 85' lang='lat' dir='ltr'><strong>quod</strong></span> <span class='ocrx_word' id='word_1_697' title='bbox 2692 4338 2940 4393; x_wconf 89' lang='lat' dir='ltr'><strong>Justinus</strong></span> <span class='ocrx_word' id='word_1_698' title='bbox 2989 4338 3041 4391; x_wconf 91' lang='lat' dir='ltr'><strong>iu</strong></span> <span class='ocrx_word' id='word_1_699' title='bbox 3093 4337 3351 4406; x_wconf 74' lang='lat' dir='ltr'><strong>Apologia</strong></span> 
     </span>
    </p>
   </div>
   <div class='ocr_carea' id='block_1_103' title="bbox 1770 4425 3348 4499">
    <p class='ocr_par' dir='ltr' id='par_1_103' title="bbox 1770 4425 3348 4499">
     <span class='ocr_line' id='line_1_103' title="bbox 1770 4425 3348 4499; baseline 0.003 -21"><span class='ocrx_word' id='word_1_700' title='bbox 1770 4425 2063 4481; x_wconf 91' lang='lat' dir='ltr'><strong>lectionem</strong></span> <span class='ocrx_word' id='word_1_701' title='bbox 2103 4426 2388 4498; x_wconf 81' lang='lat' dir='ltr'><strong>Hystaspis</strong></span> <span class='ocrx_word' id='word_1_702' title='bbox 2432 4438 2493 4496; x_wconf 18' lang='lat' dir='ltr'><strong>et,</strong></span> <span class='ocrx_word' id='word_1_703' title='bbox 2524 4429 2856 4499; x_wconf 84' lang='lat' dir='ltr'><strong>Sibyllarum</strong></span> <span class='ocrx_word' id='word_1_704' title='bbox 2879 4439 2935 4484; x_wconf 92' lang='lat' dir='ltr'><strong>et</strong></span> <span class='ocrx_word' id='word_1_705' title='bbox 2959 4431 3348 4499; x_wconf 88' lang='lat' dir='ltr'><strong>prophetarum</strong></span> 
     </span>
    </p>
   </div>
   <div class='ocr_carea' id='block_1_104' title="bbox 1696 4502 3352 4597">
    <p class='ocr_par' dir='ltr' id='par_1_104' title="bbox 1696 4502 3352 4597">
     <span class='ocr_line' id='line_1_104' title="bbox 1696 4502 3352 4597; baseline 0.004 -25"><span class='ocrx_word' id='word_1_706' title='bbox 1696 4504 1745 4559; x_wconf 73' lang='grc' dir='ltr'>Π</span> <span class='ocrx_word' id='word_1_707' title='bbox 1772 4521 1993 4597; x_wconf 87' lang='lat' dir='ltr'><strong>capitali</strong></span> <span class='ocrx_word' id='word_1_708' title='bbox 2045 4502 2312 4591; x_wconf 90' lang='lat' dir='ltr'><strong>supplicio</strong></span> <span class='ocrx_word' id='word_1_709' title='bbox 2344 4523 2689 4577; x_wconf 89' lang='lat' dir='ltr'><strong>interdictam</strong></span> <span class='ocrx_word' id='word_1_710' title='bbox 2728 4524 3016 4594; x_wconf 86' lang='lat' dir='ltr'><strong>queritur,</strong></span> <span class='ocrx_word' id='word_1_711' title='bbox 3050 4523 3194 4595; x_wconf 89' lang='lat' dir='ltr'><strong>quod</strong></span> <span class='ocrx_word' id='word_1_712' title='bbox 3228 4522 3352 4578; x_wconf 88' lang='lat' dir='ltr'><strong>Pla-</strong></span> 
     </span>
    </p>
   </div>
   <div class='ocr_carea' id='block_1_105' title="bbox 1780 4616 3349 4688">
    <p class='ocr_par' dir='ltr' id='par_1_105' title="bbox 1780 4616 3349 4688">
     <span class='ocr_line' id='line_1_105' title="bbox 1780 4616 3349 4688; baseline 0.004 -21"><span class='ocrx_word' id='word_1_713' title='bbox 1780 4622 1960 4668; x_wconf 90' lang='lat' dir='ltr'><strong>tonem</strong></span> <span class='ocrx_word' id='word_1_714' title='bbox 2024 4616 2077 4668; x_wconf 94' lang='lat' dir='ltr'><strong>in</strong></span> <span class='ocrx_word' id='word_1_715' title='bbox 2138 4616 2393 4670; x_wconf 88' lang='lat' dir='ltr'><strong>omnibus</strong></span> <span class='ocrx_word' id='word_1_716' title='bbox 2460 4618 2715 4685; x_wconf 90' lang='lat' dir='ltr'><strong>operibus</strong></span> <span class='ocrx_word' id='word_1_717' title='bbox 2774 4618 2963 4673; x_wconf 87' lang='lat' dir='ltr'><strong>laudat</strong></span> <span class='ocrx_word' id='word_1_718' title='bbox 3040 4618 3349 4688; x_wconf 87' lang='lat' dir='ltr'><strong>impendio;</strong></span> 
     </span>
    </p>
   </div>
   <div class='ocr_carea' id='block_1_106' title="bbox 1769 4706 3352 4769">
    <p class='ocr_par' dir='ltr' id='par_1_106' title="bbox 1769 4706 3352 4769">
     <span class='ocr_line' id='line_1_106' title="bbox 1769 4706 3352 4769; baseline 0.006 -9"><span class='ocrx_word' id='word_1_719' title='bbox 1769 4718 1959 4761; x_wconf 82' lang='lat' dir='ltr'><strong>contra</strong></span> <span class='ocrx_word' id='word_1_720' title='bbox 1996 4717 2190 4761; x_wconf 87' lang='lat' dir='ltr'><strong>auctor</strong></span> <span class='ocrx_word' id='word_1_721' title='bbox 2231 4706 2582 4764; x_wconf 72' lang='lat' dir='ltr'><strong>Parwneticw</strong></span> <span class='ocrx_word' id='word_1_722' title='bbox 2613 4711 2865 4766; x_wconf 83' lang='lat' dir='ltr'><strong>orationis</strong></span> <span class='ocrx_word' id='word_1_723' title='bbox 2894 4712 3172 4769; x_wconf 88' lang='lat' dir='ltr'><strong>Platonem</strong></span> <span class='ocrx_word' id='word_1_724' title='bbox 3218 4712 3352 4769; x_wconf 83' lang='lat' dir='ltr'><strong>ﬂoc-</strong></span> 
     </span>
    </p>
   </div>
   <div class='ocr_carea' id='block_1_107' title="bbox 1770 4802 3349 4881">
    <p class='ocr_par' dir='ltr' id='par_1_107' title="bbox 1770 4802 3349 4881">
     <span class='ocr_line' id='line_1_107' title="bbox 1770 4802 3349 4881; baseline 0.005 -26"><span class='ocrx_word' id='word_1_725' title='bbox 1770 4802 1957 4856; x_wconf 79' lang='lat' dir='ltr'><strong>cifacit</strong></span> <span class='ocrx_word' id='word_1_726' title='bbox 1984 4812 2038 4857; x_wconf 89' lang='lat' dir='ltr'><strong>et</strong></span> <span class='ocrx_word' id='word_1_727' title='bbox 2069 4804 2393 4871; x_wconf 86' lang='lat' dir='ltr'><strong>insectatur,</strong></span> <span class='ocrx_word' id='word_1_728' title='bbox 2420 4821 2484 4861; x_wconf 90' lang='lat' dir='ltr'><strong>ac</strong></span> <span class='ocrx_word' id='word_1_729' title='bbox 2512 4821 2623 4862; x_wconf 91' lang='lat' dir='ltr'><strong>non</strong></span> <span class='ocrx_word' id='word_1_730' title='bbox 2653 4808 2820 4862; x_wconf 91' lang='lat' dir='ltr'><strong>modo</strong></span> <span class='ocrx_word' id='word_1_731' title='bbox 2846 4808 3022 4871; x_wconf 84' lang='lat' dir='ltr'><strong>libros</strong></span> <span class='ocrx_word' id='word_1_732' title='bbox 3054 4809 3349 4881; x_wconf 86' lang='lat' dir='ltr'><strong>Sibyllinos</strong></span> 
     </span>
    </p>
   </div>
   <div class='ocr_carea' id='block_1_108' title="bbox 1770 4886 3346 4967">
    <p class='ocr_par' dir='ltr' id='par_1_108' title="bbox 1770 4886 3346 4967">
     <span class='ocr_line' id='line_1_108' title="bbox 1770 4886 3346 4967; baseline 0.006 -22"><span class='ocrx_word' id='word_1_733' title='bbox 1770 4910 1867 4963; x_wconf 86' lang='lat' dir='ltr'><strong>per</strong></span> <span class='ocrx_word' id='word_1_734' title='bbox 1898 4905 2069 4949; x_wconf 89' lang='lat' dir='ltr'><strong>totum</strong></span> <span class='ocrx_word' id='word_1_735' title='bbox 2108 4896 2300 4951; x_wconf 89' lang='lat' dir='ltr'><strong>orbem</strong></span> <span class='ocrx_word' id='word_1_736' title='bbox 2341 4914 2564 4967; x_wconf 89' lang='lat' dir='ltr'><strong>sparsos</strong></span> <span class='ocrx_word' id='word_1_737' title='bbox 2591 4914 2714 4956; x_wconf 89' lang='lat' dir='ltr'><strong>esse</strong></span> <span class='ocrx_word' id='word_1_738' title='bbox 2758 4909 3010 4965; x_wconf 86' lang='lat' dir='ltr'><strong>testatur,</strong></span> <span class='ocrx_word' id='word_1_739' title='bbox 3056 4903 3153 4963; x_wconf 85' lang='lat' dir='ltr'><strong>sed</strong></span> <span class='ocrx_word' id='word_1_740' title='bbox 3178 4886 3346 4955; x_wconf 84' lang='lat' dir='ltr'><strong>etiam</strong></span> 
     </span>
    </p>
   </div>
   <div class='ocr_carea' id='block_1_109' title="bbox 1768 4985 3346 5065">
    <p class='ocr_par' dir='ltr' id='par_1_109' title="bbox 1768 4985 3346 5065">
     <span class='ocr_line' id='line_1_109' title="bbox 1768 4985 3346 5065; baseline 0.004 -25"><span class='ocrx_word' id='word_1_741' title='bbox 1768 4985 1933 5042; x_wconf 77' lang='lat' dir='ltr'><strong>facile</strong></span> <span class='ocrx_word' id='word_1_742' title='bbox 1980 5003 2105 5043; x_wconf 91' lang='lat' dir='ltr'><strong>esse</strong></span> <span class='ocrx_word' id='word_1_743' title='bbox 2133 4988 2239 5045; x_wconf 86' lang='lat' dir='ltr'><strong>illis</strong></span> <span class='ocrx_word' id='word_1_744' title='bbox 2261 5029 2276 5054; x_wconf 87' lang='lat'><strong>,</strong></span> <span class='ocrx_word' id='word_1_745' title='bbox 2312 4991 2404 5059; x_wconf 86' lang='lat' dir='ltr'><strong>qui</strong></span> <span class='ocrx_word' id='word_1_746' title='bbox 2446 5006 2635 5050; x_wconf 78' lang='lat' dir='ltr'><strong>sacras</strong></span> <span class='ocrx_word' id='word_1_747' title='bbox 2666 4992 2982 5065; x_wconf 78' lang='lat' dir='ltr'><strong>Scripturas</strong></span> <span class='ocrx_word' id='word_1_748' title='bbox 3014 4994 3194 5064; x_wconf 84' lang='lat' dir='ltr'><strong>legere</strong></span> <span class='ocrx_word' id='word_1_749' title='bbox 3227 4993 3346 5047; x_wconf 88' lang='lat' dir='ltr'><strong>nol-</strong></span> 
     </span>
    </p>
   </div>
   <div class='ocr_carea' id='block_1_110' title="bbox 1770 5080 3349 5155">
    <p class='ocr_par' dir='ltr' id='par_1_110' title="bbox 1770 5080 3349 5155">
     <span class='ocr_line' id='line_1_110' title="bbox 1770 5080 3349 5155; baseline 0.003 -22"><span class='ocrx_word' id='word_1_750' title='bbox 1770 5080 1904 5148; x_wconf 89' lang='lat' dir='ltr'><strong>lent,</strong></span> <span class='ocrx_word' id='word_1_751' title='bbox 1936 5098 1999 5135; x_wconf 82' lang='lat' dir='ltr'><strong>ex</strong></span> <span class='ocrx_word' id='word_1_752' title='bbox 2036 5082 2258 5155; x_wconf 62' lang='lat' dir='ltr'><strong>Sibylla:</strong></span> <span class='ocrx_word' id='word_1_753' title='bbox 2286 5084 2530 5141; x_wconf 87' lang='lat' dir='ltr'><strong>carmine</strong></span> <span class='ocrx_word' id='word_1_754' title='bbox 2561 5086 2859 5155; x_wconf 81' lang='lat' dir='ltr'><strong>primordia</strong></span> <span class='ocrx_word' id='word_1_755' title='bbox 2906 5095 3104 5145; x_wconf 73' lang='lat' dir='ltr'><strong>nostra:</strong></span> <span class='ocrx_word' id='word_1_756' title='bbox 3129 5086 3349 5153; x_wconf 75' lang='lat' dir='ltr'><strong>religio-</strong></span> 
     </span>
    </p>
   </div>
   <div class='ocr_carea' id='block_1_111' title="bbox 1768 5173 3346 5241">
    <p class='ocr_par' dir='ltr' id='par_1_111' title="bbox 1768 5173 3346 5241">
     <span class='ocr_line' id='line_1_111' title="bbox 1768 5173 3346 5241; baseline 0.001 -14"><span class='ocrx_word' id='word_1_757' title='bbox 1768 5175 1854 5228; x_wconf 87' lang='lat' dir='ltr'><strong>nis</strong></span> <span class='ocrx_word' id='word_1_758' title='bbox 1884 5175 2191 5230; x_wconf 82' lang='lat' dir='ltr'><strong>addiscere.</strong></span> <span class='ocrx_word' id='word_1_759' title='bbox 2218 5173 2369 5230; x_wconf 90' lang='lat' dir='ltr'><strong>Uude</strong></span> <span class='ocrx_word' id='word_1_760' title='bbox 2392 5176 2778 5233; x_wconf 85' lang='lat' dir='ltr'><strong>etiamomues</strong></span> <span class='ocrx_word' id='word_1_761' title='bbox 2806 5174 3005 5229; x_wconf 83' lang='lat' dir='ltr'><strong>ibidem</strong></span> <span class='ocrx_word' id='word_1_762' title='bbox 3031 5177 3097 5229; x_wconf 88' lang='lat' dir='ltr'><strong>ad</strong></span> <span class='ocrx_word' id='word_1_763' title='bbox 3131 5174 3346 5241; x_wconf 80' lang='lat' dir='ltr'><strong>illorum</strong></span> 
     </span>
    </p>
   </div>
   <div class='ocr_carea' id='block_1_112' title="bbox 1768 5266 2359 5324">
    <p class='ocr_par' dir='ltr' id='par_1_112' title="bbox 1768 5266 2359 5324">
     <span class='ocr_line' id='line_1_112' title="bbox 1768 5266 2359 5324; baseline 0.008 -5"><span class='ocrx_word' id='word_1_764' title='bbox 1768 5266 2057 5321; x_wconf 89' lang='lat' dir='ltr'><strong>lectionem</strong></span> <span class='ocrx_word' id='word_1_765' title='bbox 2088 5268 2359 5324; x_wconf 87' lang='lat' dir='ltr'><strong>hortatur.</strong></span> 
     </span>
    </p>
   </div>
   <div class='ocr_carea' id='block_1_113' title="bbox 1844 5357 3346 5428">
    <p class='ocr_par' dir='ltr' id='par_1_113' title="bbox 1844 5357 3346 5428">
     <span class='ocr_line' id='line_1_113' title="bbox 1844 5357 3346 5428; baseline -0.002 -15"><span class='ocrx_word' id='word_1_766' title='bbox 1844 5357 2047 5415; x_wconf 84' lang='lat' dir='ltr'><strong>Vereor</strong></span> <span class='ocrx_word' id='word_1_767' title='bbox 2082 5377 2149 5414; x_wconf 89' lang='lat' dir='ltr'><strong>ne</strong></span> <span class='ocrx_word' id='word_1_768' title='bbox 2196 5361 2311 5415; x_wconf 92' lang='lat' dir='ltr'><strong>0tio</strong></span> <span class='ocrx_word' id='word_1_769' title='bbox 2366 5361 2515 5416; x_wconf 90' lang='lat' dir='ltr'><strong>abuti</strong></span> <span class='ocrx_word' id='word_1_770' title='bbox 2554 5364 2759 5426; x_wconf 81' lang='lat' dir='ltr'><strong>videar,</strong></span> <span class='ocrx_word' id='word_1_771' title='bbox 2792 5362 2920 5416; x_wconf 92' lang='lat' dir='ltr'><strong>dum</strong></span> <span class='ocrx_word' id='word_1_772' title='bbox 2961 5357 3226 5428; x_wconf 84' lang='lat' dir='ltr'><strong>ejusmodi</strong></span> <span class='ocrx_word' id='word_1_773' title='bbox 3261 5373 3346 5425; x_wconf 86' lang='lat' dir='ltr'><strong>ra-</strong></span> 
     </span>
    </p>
   </div>
   <div class='ocr_carea' id='block_1_114' title="bbox 1770 5452 3347 5522">
    <p class='ocr_par' dir='ltr' id='par_1_114' title="bbox 1770 5452 3347 5522">
     <span class='ocr_line' id='line_1_114' title="bbox 1770 5452 3347 5522; baseline 0 -16"><span class='ocrx_word' id='word_1_774' title='bbox 1770 5453 2043 5509; x_wconf 88' lang='lat' dir='ltr'><strong>tiunculas</strong></span> <span class='ocrx_word' id='word_1_775' title='bbox 2072 5454 2282 5510; x_wconf 83' lang='lat' dir='ltr'><strong>refello.</strong></span> <span class='ocrx_word' id='word_1_776' title='bbox 2312 5452 2559 5510; x_wconf 88' lang='lat' dir='ltr'><strong>Justinus</strong></span> <span class='ocrx_word' id='word_1_777' title='bbox 2607 5468 2663 5509; x_wconf 90' lang='lat' dir='ltr'><strong>ut</strong></span> <span class='ocrx_word' id='word_1_778' title='bbox 2695 5456 2748 5508; x_wconf 88' lang='lat' dir='ltr'><strong>in</strong></span> <span class='ocrx_word' id='word_1_779' title='bbox 2781 5455 2906 5509; x_wconf 89' lang='lat' dir='ltr'><strong>aliis</strong></span> <span class='ocrx_word' id='word_1_780' title='bbox 2932 5453 3213 5522; x_wconf 89' lang='lat' dir='ltr'><strong>operibus,</strong></span> <span class='ocrx_word' id='word_1_781' title='bbox 3265 5455 3347 5506; x_wconf 82' lang='lat' dir='ltr'><strong>ita</strong></span> 
     </span>
    </p>
   </div>
   <div class='ocr_carea' id='block_1_115' title="bbox 1766 5542 3340 5611">
    <p class='ocr_par' dir='ltr' id='par_1_115' title="bbox 1766 5542 3340 5611">
     <span class='ocr_line' id='line_1_115' title="bbox 1766 5542 3340 5611; baseline -0.003 -11"><span class='ocrx_word' id='word_1_782' title='bbox 1766 5548 1930 5600; x_wconf 88' lang='lat' dir='ltr'><strong>etiam</strong></span> <span class='ocrx_word' id='word_1_783' title='bbox 1966 5546 2017 5599; x_wconf 92' lang='lat' dir='ltr'><strong>in</strong></span> <span class='ocrx_word' id='word_1_784' title='bbox 2064 5547 2165 5600; x_wconf 86' lang='lat' dir='ltr'><strong>hac</strong></span> <span class='ocrx_word' id='word_1_785' title='bbox 2194 5547 2442 5600; x_wconf 88' lang='lat' dir='ltr'><strong>oratione</strong></span> <span class='ocrx_word' id='word_1_786' title='bbox 2477 5545 2663 5599; x_wconf 86' lang='lat' dir='ltr'><strong>laudat</strong></span> <span class='ocrx_word' id='word_1_787' title='bbox 2706 5546 2757 5599; x_wconf 94' lang='lat' dir='ltr'><strong>in</strong></span> <span class='ocrx_word' id='word_1_788' title='bbox 2787 5543 3012 5599; x_wconf 84' lang='lat' dir='ltr'><strong>Platone</strong></span> <span class='ocrx_word' id='word_1_789' title='bbox 3047 5542 3340 5611; x_wconf 69' lang='lat' dir='ltr'><strong>nonnulla-</strong></span> 
     </span>
    </p>
   </div>
   <div class='ocr_carea' id='block_1_116' title="bbox 1767 5636 3359 5712">
    <p class='ocr_par' dir='ltr' id='par_1_116' title="bbox 1767 5636 3359 5712">
     <span class='ocr_line' id='line_1_116' title="bbox 1767 5636 3359 5712; baseline -0.005 -15"><span class='ocrx_word' id='word_1_790' title='bbox 1767 5657 1886 5697; x_wconf 85' lang='lat' dir='ltr'><strong>rum</strong></span> <span class='ocrx_word' id='word_1_791' title='bbox 1921 5640 2321 5703; x_wconf 85' lang='lat' dir='ltr'><strong>scntentiarnm</strong></span> <span class='ocrx_word' id='word_1_792' title='bbox 2355 5656 2481 5695; x_wconf 82' lang='lat' dir='ltr'><strong>cuin</strong></span> <span class='ocrx_word' id='word_1_793' title='bbox 2510 5639 2709 5712; x_wconf 79' lang='lat' dir='ltr'><strong>Moysis</strong></span> <span class='ocrx_word' id='word_1_794' title='bbox 2734 5637 2981 5694; x_wconf 89' lang='lat' dir='ltr'><strong>doctrina</strong></span> <span class='ocrx_word' id='word_1_795' title='bbox 3032 5636 3359 5703; x_wconf 43' lang='lat' dir='ltr'><strong>sintilitudip.</strong></span> 
     </span>
    </p>
   </div>
  </div>
