3792 6492
426 326 532 385 “9

1328 335 1384 391 s.
1422 316 1763 393 JUSTINUS
1795 337 2280 396 PHILOSOPHUS
2314 340 2401 396 ET
2440 328 2751 396 MARTYR.

3612 344 3711 399 120

422 465 570 508 nem.
599 448 703 509 Sed
730 454 874 522 quod
905 455 982 511 ait
1017 458 1070 513 in
1099 457 1482 514 Cohortatione
1508 459 1792 517 Platonem
1822 478 2006 518 secum
2040 470 2085 527 Α
2116 474 2394 520 ntunerat.
2442 462 2653 517 Natalis
2711 461 3026 518 Alexander
3068 452 3305 520 Justino‘
3342 464 3411 520 ab
3471 466 3710 522 eruditis

420 559 667 615 pugnare
694 562 794 603 nec
822 548 967 606 belle
998 551 1300 622 accepisse,
1320 566 1443 620 quae
1472 569 1538 609 ex
1555 553 2007 627 Moysisfontihus

420 636 714 705 hauserat,
768 641 908 696 idem
950 642 1110 699 docet
1158 647 1211 701 in
1258 647 1414 717 Apol.
1465 664 1519 705 n.
1551 649 1662 705 Set
1706 652 1795 706 60.
1839 651 2009 718 Quin-

426 730 594 784 etiam
636 730 839 789 fatetur
868 735 1028 791 initio
1060 736 1298 810 Dialogi,
1335 742 1469 795 nihil
1498 741 1778 797 Platonem
1802 785 1817 809 ,
1874 746 2010 800 nihil

424 819 799 894 Pythagoram
850 827 1059 884 vidisse
1100 829 1152 884 in
1189 832 1255 886 iis
1302 831 1504 897 rebus,
1536 835 1601 887 de
1643 833 1840 903 quibus
1881 846 2011 891 tunc

422 911 672 971 Justinus
701 934 823 972 cum
870 935 999 975 sene
1041 923 1374 992 disputabat.
1410 924 1485 979 De
1534 924 1817 998 Sibyllinis
1854 928 2010 984 libris

423 1004 656 1061 mirifice
708 1011 985 1065 consentit
1053 1009 1359 1067 Cohortatio
1419 1031 1543 1069 cum
1603 1017 1879 1088 Apologia.
1949 1019 2009 1074 ln

425 1097 601 1166 prima
630 1101 776 1155 enim
821 1101 1074 1160 Justinus
1120 1107 1221 1163 hos
1254 1108 1428 1164 libros
1468 1118 1581 1166 toto
1610 1110 1745 1167 orbe
1777 1114 2009 1179 servari,

423 1205 452 1242 a
483 1186 817 1252 Christianis
845 1197 1132 1264 videlicet;
1173 1200 1227 1255 in
1255 1202 1516 1273 Apologia
1547 1210 1729 1258 autem
1751 1216 2011 1261 constan-

426 1289 509 1337 ter
539 1299 569 1337 a
596 1284 928 1345 Christianis
962 1291 1066 1361 legi
1100 1302 1363 1349 testatur.

494 1373 699 1441 Quinto
734 1379 968 1450 denique
1014 1383 1133 1438 loco
1173 1386 1255 1441 sic
1299 1390 1703 1444 ratiocinatur:
1749 1407 1767 1441 ι
1804 1387 2008 1445 Obser-

422 1475 555 1561 vant
600 1466 904 1535 Tatianus,
952 1473 1255 1543 Eusebius,
1292 1477 1658 1551 llieronymus
1692 1489 1745 1536 et
1781 1480 2009 1561 Phptius

423 1554 702 1615 Justinum
765 1562 819 1618 in
876 1563 1135 1620 Oratione
1176 1572 1503 1638 parmnetica
1547 1573 1615 1627 ad
1671 1554 1903 1645 gentiles
1945 1573 2012 1627 de

423 1649 730 1705 daemonum
775 1662 971 1709 natura
1003 1658 1385 1728 ‘disseruisse;
1436 1663 1594 1735 cujus
1622 1672 1802 1719 tamen
1845 1680 2009 1737 argu-

425 1740 594 1795 menti
625 1742 767 1797 nulla
804 1744 858 1799 in
893 1747 995 1802 hoc
1025 1763 1283 1806 sermone
1321 1754 1555 1825 vestigia
1587 1767 1829 1811 exstant.
1868 1776 1885 1810 ι

2114 560 2397 615 existimat
2445 558 2786 626 abjudicari;
2836 557 3265 625 Tillemoutius,
3320 573 3487 629 quem
3536 559 3708 629 pleri-

2114 669 2220 724 que
2244 652 2334 707 alii
2368 652 2538 706 secuti
2570 659 2724 715 sunt,
2770 661 2864 704 aut
2894 651 3062 705 alium
3094 666 3324 720 prorsus
3359 654 3428 706 ab
3463 666 3533 705 eo
3564 668 3706 714 esse,

2114 760 2273 815 quem
2333 744 2604 799 Eusebius
2650 758 2717 799 ex
2775 744 2953 798 sacris
2992 753 3048 797 et
3092 742 3340 814 profanis
3374 742 3709 797 testimoniis

2114 846 2368 889 constare
2400 834 2690 900 declarat,
2733 842 2827 887 aut
2868 834 2915 889 si
2958 832 3103 888 idem
3160 834 3265 897 sit,
3306 834 3507 888 saltem
3562 834 3707 886 illam

2114 937 2345 996 partem,
2376 942 2497 996 quae
2522 927 2827 997 Scriptura:
2857 926 3170 981 testimonia
3202 925 3508 990 referebat,
3534 935 3708 980 totam

2113 1020 2362 1087 periisse,
2379 1035 2499 1074 eum
2516 1019 2718 1072 tmllum
2735 1018 2877 1073 illius
2890 1029 3067 1074 exstet
3081 1004 3563 1089 vestigium.'Satis
3580 1018 3709 1085 lepi-

2113 1111 2181 1167 de
2197 1110 2500 1166 Halloixius
2542 1112 2831 1167 Eusebium
2860 1113 2911 1165 in
2934 1112 3035 1165 hoc
3058 1110 3196 1165 libro
3220 1111 3521 1180 Scriptura:
3546 1110 3706 1163 testi-

2115 1206 2296 1259 monia
2328 1220 2433 1259 non
2450 1204 2670 1270 vidisse,
2700 1206 2794 1260 sed
2825 1205 3010 1259 videre
3038 1217 3096 1259 se
3119 1213 3339 1273 putasse
3369 1202 3706 1269 suspicatur.

2185 1298 2449 1366 Quamvis
2489 1299 2759 1355 Eusebius
2803 1299 3052 1354 eruditos
3074 1298 3223 1352 viros
3254 1298 3306 1350 in
3348 1297 3494 1351 hanc
3525 1298 3708 1349 varie-

2116 1398 2287 1443 tatem
2320 1391 2715 1444 sententiarum
2744 1390 3077 1458 conjecerit;
3111 1389 3154 1443 si
3184 1398 3364 1442 tamen
3400 1388 3555 1443 illius
3584 1402 3708 1440 ver-

2115 1480 2205 1544 ba,
2235 1488 2293 1532 ut
2318 1495 2418 1548 par
2452 1491 2537 1535 est
2560 1520 2576 1545 ,
2612 1481 3070 1551 interpretemur,
3097 1488 3273 1535 totum
3314 1479 3463 1534 hunc
3499 1478 3703 1533 librum

2112 1569 2328 1628 Justino
2376 1574 2663 1639 vindicat,
2717 1589 2817 1628 nec
2864 1573 3014 1628 illius
3060 1573 3428 1644 integritatem
3496 1573 3552 1626 iu
3612 1573 3707 1625 du-

2114 1666 2263 1720 bium
2291 1666 2475 1720 venire
2505 1668 2734 1734 patitur.
2774 1665 2866 1720 Sic
2901 1665 3148 1734 loquitur
3190 1665 3285 1720 lib.
3329 1680 3406 1733 1v,
3435 1680 3565 1734 cap.
3606 1666 3705 1719 18:

2117 1757 2275 1830 Παρὰ
2298 1750 2520 1823 totitoth
2541 1758 2698 1821 ἄλλος
2721 1759 2847 1830 περὶ
2861 1757 2995 1812 Θεοῦ
3016 1757 3315 1833 μοναρχίας
3337 1760 3423 1828 ’ἢν
3450 1759 3515 1811 οὐ
3548 1758 3708 1829 μόνον

496 1829 641 1886 Citat
671 1831 935 1891 Tatianus
975 1854 1140 1893 unum
1192 1841 1414 1911 aliquod
1454 1841 1652 1898 Justini
1698 1845 1766 1900 de
1803 1845 2006 1899 dmmo-
2038 1851 2082 1909 Β
2111 1850 2163 1902 ἐκ

2207 1849 2318 1904 τῶν
2354 1852 2485 1922 παρ’
2517 1852 2649 1921 ἡμῖν
2673 1829 2928 1922 Γραφῶν,
2956 1850 3094 1906 ἀλλὰ
3127 1829 3222 1905 καὶ
3244 1853 3309 1904 ἐκ
3341 1850 3447 1904 τῶν
3464 1850 3708 1922 Ἐλληνιο

424 1927 586 1983 nibus
612 1928 852 1999 dietum;
884 1942 939 1987 at
967 1946 1247 2005 sumptum
1272 1953 1392 1992 esse
1416 1955 1481 1993 ex
1516 1939 1855 1994 Parrenelica
1885 1958 2008 1994 ora-

423 2012 566 2074 tione
596 2036 702 2076 non
733 2023 892 2079 dicit.
920 2025 1108 2096 Neque
1130 2030 1295 2083 etiam
1323 2031 1611 2094 Eusebius,
1640 2032 2008 2105 Hieronymus

423 2119 481 2163 et
511 2110 763 2182 Photius,
784 2130 905 2170 cum
930 2116 1206 2174 Justinum
1238 2121 1306 2176 de
1334 2132 1527 2176 natura
1556 2123 1862 2178 dmmonum
1896 2125 2008 2180 dis-

423 2207 665 2261 seruisse
696 2210 964 2277 dicerent,
995 2214 1061 2267 de
1087 2230 1173 2279 ea,
1210 2230 1328 2284 qua:
1354 2231 1497 2270 nunc
1534 2216 1585 2270 in
1621 2220 1876 2273 manibus
1901 2228 2007 2286 est,

422 2297 674 2355 oratione
698 2301 1090 2374 loquebantur,
1115 2307 1210 2362 sed
1242 2308 1307 2362 de
1336 2307 1463 2377 alia,
1486 2309 1552 2363 de
1579 2324 1683 2380 qua
1714 2326 1857 2365 nunc
1882 2327 2010 2382 pau-

422 2389 504 2444 cis
530 2393 799 2461 agendum
828 2396 986 2452 nobis
1017 2407 1125 2453 est.
1216 2412 1217 2415 ‘
1420 2451 1425 2456 .

424 2556 427 2557 ν
493 2481 560 2535 ν.
594 2483 783 2542 Oratio
812 2488 924 2557 illa,
953 2490 1007 2545 in
1053 2507 1161 2561 qua
1193 2493 1473 2547 Iustinum
1504 2494 1780 2550 Eusebius
1811 2495 1877 2549 de
1910 2510 2009 2548 na-

426 2582 547 2629 tura
581 2577 886 2635 daemonum
942 2582 1228 2653 disputare
1272 2594 1505 2641 testatur
1547 2596 1603 2640 et
1632 2580 1713 2642 ‘de
1762 2586 2009 2657 pluribus

424 2667 593 2724 rebus
615 2680 728 2747 tum
762 2675 904 2742 apud
932 2690 1053 2739 nos,
1077 2686 1191 2732 tum
1224 2680 1365 2748 apud
1393 2680 1625 2750 gentiles
1659 2679 2009 2750 philosophos

426 2761 625 2831 agitari
652 2764 850 2831 solitis,
896 2768 1032 2822 nihil
1058 2768 1208 2824 aliud
1243 2770 1462 2825 videtur
1494 2786 1615 2826 esse
1637 2811 1653 2837 ,
1676 2788 1839 2842 quam
1874 2772 2011 2827 liber

423 2851 503 2908 De
536 2858 801 2925 universo,
833 2874 996 2929 quem
1019 2861 1247 2917 Photius
1277 2862 1411 2919 Caio
1442 2864 1662 2934 quidem
1689 2862 2010 2935 presbytero

422 2950 707 3019 proprium
743 2953 934 3020 tradit,
953 2955 1046 3011 sed
1081 2965 1263 3012 tamen
1289 2957 1508 3013 Justino
1537 2959 1607 3013 ab
1635 2959 1777 3019 aliis.
1805 2960 2009 3015 Irenaeo

424 3046 481 3092 et
505 3036 741 3112 Josepho
770 3060 799 3099 a
842 3046 1121 3102 nonnullis
1157 3048 1324 3103 tribui
1377 3050 1605 3107 fatetur.
1633 3050 1688 3104 l°
1725 3048 1892 3107 Liber
1921 3051 2010 3106 ille

426 3130 506 3186 De
529 3136 800 3204 universo,
835 3138 1023 3194 itidem
1055 3148 1114 3194 ut
1156 3141 1382 3211 Oratio,
1413 3158 1578 3213 quam
1604 3144 1876 3201 Eusebius
1915 3145 2011 3200 Ju-

426 3223 575 3278 stino
607 3226 820 3289 tribuit,
858 3238 1054 3304 contra
1083 3222 1304 3288 Graecos
1333 3234 1571 3304 scriptus
1598 3245 1739 3302 erat,
1775 3246 1834 3292 ut
1862 3249 2012 3307 patet

425 3324 494 3365 ex
532 3312 838 3386 fragmento
861 3320 1004 3388 quod
1031 3320 1085 3376 in
1134 3324 1280 3378 notis
1320 3323 1617 3381 llaaschelii
1660 3328 1743 3383 sic
1779 3329 2008 3397 incipit:

437 3402 703 3477 Ἰωσήπου
752 3410 815 3463 ὲκ
859 3411 954 3464 τοῦ
995 3413 1132 3484 πρὸς
1180 3415 1445 3489 ’Έλληνας
1485 3417 1642 3488 λόγου
1692 3407 1787 3474 τοῦ
1824 3422 2012 3490 ἐπιγε-

424 3500 747 3570 γραμμένου
806 3504 949 3557 κατὰ
1009 3506 1271 3563 Πλάτωνα
1337 3510 1466 3581 περὶ
1514 3510 1612 3581 τῆς
1658 3510 1753 3565 τοῦ
1812 3512 2013 3577 παντὸς

425 3591 626 3656 αἰτίας.
660 3611 677 3644 ι
706 3593 784 3648 Ex
813 3593 1032 3665 Josephi
1068 3599 1121 3653 in
1160 3599 1381 3656 Gnaeos
1439 3605 1721 3669 oratione,
1776 3620 1897 3673 quae
1932 3606 2015 3658 in-

425 3685 690 3740 scribitur
744 3700 936 3743 contra
1001 3690 1290 3749 Platonem
1339 3695 1407 3750 de
1463 3697 1703 3751 universi
1755 3712 1945 3753 causa.
1986 3717 2005 3750 ι

424 3776 485 3829 2ο
511 3778 720 3835 Auctor
764 3780 891 3835 libri
942 3783 1017 3838 De
1049 3786 1295 3840 universo
1347 3787 1659 3843 disserebat
1709 3788 1775 3842 de
1815 3799 2011 3843 natura

426 3867 731 3924 dmmonum
755 3910 773 3936 ,
812 3882 872 3927 ut
915 3884 1063 3942 patet
1095 3890 1165 3929 ex
1210 3876 1369 3931 initio
1406 3878 1701 3948 fragmenti
1751 3860 2013 3934 llmsehe-

428 3957 559 4014 liani
584 3983 595 4016 :
622 3962 733 4016 Καὶ
758 3964 930 4029 οὕτως
958 3966 1057 4037 μὲν
1079 3970 1107 4021 ὁ
1137 3970 1267 4042 περὶ
1286 3969 1554 4042 δαιμόνων
1583 3970 1767 4036 τόπος,
1796 3990 1813 4022 ι
1834 3973 2012 4042 Atque

426 4052 518 4106 hic
549 4054 771 4123 quidem
804 4057 869 4111 de
899 4058 1240 4116 daemonibus
1277 4061 1453 4127 lucus,
1484 4082 1502 4115 ι
1538 4064 1588 4117 id
1628 4073 1714 4118 est
1746 4065 2012 4120 hactenus

427 4143 495 4196 de
525 4144 865 4203 daemonibus
889 4158 1305 4219 pertractatum.
1321 4152 1379 4206 ὅθ
1398 4152 1473 4207 De
1494 4152 1662 4207 variis
1681 4154 1847 4208 etiam
1866 4170 2013 4225 qua:-

427 4237 703 4294 stionibus
758 4249 871 4295 tum
931 4243 1073 4310 apud
1122 4259 1258 4311 nos,
1296 4254 1414 4300 tum
1466 4246 1609 4316 apud
1656 4246 2013 4318 philosophos

426 4330 558 4399 poni
589 4332 768 4389 solitis
790 4335 1128 4406 disputabat,
1160 4338 1310 4394 velut
1339 4340 1407 4394 de
1455 4340 1654 4394 animae
1684 4351 1907 4405 natura,
1944 4341 2013 4396 de

400 4425 736 4499 animarum
775 4440 896 4501 post
944 4442 1175 4487 mortem
1203 4437 1333 4489 sede
1369 4441 1425 4487 et
1454 4442 1623 4500 statu,
1668 4434 1828 4504 idque
1859 4445 2013 4504 patet

2114 1941 2227 1999 κῶν
2255 1943 2536 2014 συνίστησι
2562 1942 2805 2014 βιϐλίων.
2824 1943 2916 1999 Sic
2936 1944 3173 2000 reddidit
3196 1943 3447 1999 Valesius
3469 1961 3485 1996 :
3518 1962 3537 1993 ι
3563 1944 3707 1997 Przc-

2113 2044 2196 2091 ter
2226 2036 2324 2090 hos
2342 2036 2513 2091 libros
2538 2036 2796 2091 estetiam
2821 2036 2959 2091 alius
2976 2036 3053 2090 De
3076 2037 3380 2091 monarchia
3401 2035 3708 2108 Dei,quam

2111 2127 2332 2198 quidem
2359 2144 2465 2183 non
2504 2129 2677 2184 solum
2715 2128 3049 2185 auctoritate
3077 2144 3362 2184 sacrorum
3410 2132 3559 2198 apud
3598 2146 3699 2182 nos

2112 2221 2474 2283 voluminum,
2507 2224 2602 2276 sed
2627 2221 2910 2291 gentilium
2953 2222 3120 2277 etiam
3160 2221 3490 2291 scriptorum
3544 2224 3703 2276 testi-

2116 2312 2316 2367 moniis
2376 2312 2595 2366 asserit.
2657 2330 2677 2365 ι
2742 2313 2851 2367 Sed
2918 2313 2997 2367 sic
3053 2313 3532 2383 interpretandum
3582 2328 3709 2367 esse

2113 2406 2304 2459 multis
2340 2405 2650 2460 rationibus
2700 2414 2755 2460 et
2793 2405 3060 2476 exemplis
3108 2406 3374 2460 adductus
3406 2406 3709 2459 contendo:

2123 2514 2141 2548 ι
2178 2495 2385 2550 Praeter
2415 2496 2514 2551 hos
2558 2495 2750 2561 libros,
2779 2506 2861 2551 est
2895 2498 3061 2551 etiam
3095 2496 3236 2551 alius
3272 2495 3348 2550 De
3389 2496 3705 2549 monarchia

2112 2585 2247 2649 Dei,
2285 2601 2447 2656 quam
2495 2586 2716 2655 quidem
2755 2602 2857 2641 non
2912 2587 3072 2641 modo
3102 2603 3209 2642 non
3252 2602 3319 2641 ex
3348 2586 3526 2640 sacris
3559 2587 3703 2655 apud

2112 2692 2214 2733 nos
2248 2654 2551 2746 scripturis
2576 2717 2592 2743 ,
2624 2677 2719 2731 sed
2749 2677 2916 2732 etiam
2963 2654 3191 2747 ex'ipsis
3223 2677 3509 2747 gentilium
3548 2654 3706 2730 libris

2113 2770 2337 2824 asserit.
2362 2788 2381 2822 ι

2184 2856 2238 2909 1⁹
2286 2854 2573 2911 Sententia
2629 2858 2682 2912 in
2733 2858 2837 2912 hac
2876 2858 3335 2929 interpretatione
3387 2858 3708 2928 prmclarior

2113 2961 2278 3020 quam
2314 2949 2367 3003 in
2413 2950 2610 3021 prima.
2648 2948 2863 3005 Laudat
2908 2952 3055 3004 enim
3108 2949 3379 3004 Eusebius
3420 2948 3706 3019 singulare

2115 3040 2324 3113 aliquid
2371 3056 2436 3096 ac
2479 3040 2703 3096 minime
2734 3041 3140 3111 quotidianum.
3173 3041 3329 3107 Quod
3376 3042 3423 3095 si
3470 3042 3706 3110 gentiles

2114 3131 2366 3189 Justinus
2412 3132 2712 3202 Scriptura:
2742 3144 2797 3187 et
2841 3135 3201 3202 profanorum
3235 3133 3570 3203 scriptorum
3610 3147 3707 3186 au-

2116 3226 2376 3280 ctoritate
2433 3233 2842 3295 oppugnasset,
2893 3224 3030 3279 nihil
3088 3224 3311 3280 fecisset
3354 3225 3500 3299 quod
3547 3226 3707 3279 valde

2110 3318 2472 3381 miraremur,
2502 3317 2635 3371 nihil
2683 3329 2887 3385 prmter
2920 3331 3076 3373 suam
3108 3325 3163 3371 et
3195 3316 3432 3372 aliorum
3469 3331 3707 3371 consue-

2117 3409 2381 3465 tudinem.
2437 3409 2546 3465 Sed
2594 3411 2639 3465 si
2680 3411 2886 3465 omissa
2929 3410 3217 3480 Scriptura
3245 3450 3260 3474 ,
3294 3411 3410 3464 suis
3463 3409 3707 3480 gentiles

2116 3502 2287 3558 armis
2324 3503 2393 3557 ab
2424 3516 2490 3557 eo
2524 3502 2835 3575 proﬂigati,
2887 3504 2941 3559 in
3000 3505 3102 3559 hoc
3136 3504 3381 3561 victoriae
3412 3502 3614 3557 fiducia
3652 3513 3707 3557 et

2116 3596 2300 3666 operis
2330 3597 2547 3655 novitas
2578 3597 2775 3651 merito
2802 3596 3193 3651 laudabuntur.

2185 3690 2246 3743 2·
2278 3688 2656 3745 Observarunt
2680 3690 2985 3745 doctissimi
3009 3690 3354 3761 grammatici
3387 3705 3537 3759 saepe
3561 3690 3707 3759 apud

2121 3789 2339 3835 veteres
2370 3797 2474 3834 non
2498 3782 2652 3835 modo
2687 3781 2829 3836 idem
2868 3781 3051 3835 valere
3082 3796 3145 3834 ac
3173 3797 3274 3833 non
3304 3782 3457 3833 modo
3480 3796 3608 3841 non,
3650 3788 3707 3831 ut

2117 3874 2170 3925 in
2222 3873 2325 3926 hoc
2367 3872 2618 3942 exemplo
2661 3889 2727 3928 ex
2764 3873 3078 3941 _Ciceronis
3118 3873 3216 3927 lib.
3258 3888 3297 3929 ιι
3350 3871 3427 3925 De
3478 3872 3704 3941 oﬁia‘is:

2126 3981 2147 4018 ι
2182 3964 2245 4019 lli
2274 3966 2437 4019 simul
2479 3981 2543 4019 ac
2581 3966 2811 4034 juvenes
2854 3980 2976 4020 esse
3006 3974 3313 4036 cmperunt,
3341 3980 3541 4035 magn:
3581 3978 3707 4034 spe-

2117 4067 2266 4112 ctare
2288 4070 2342 4112 et
2368 4058 2434 4113 ad
2463 4074 2525 4115 ea
2556 4059 2717 4114 reetis
2738 4060 2934 4115 studiis
2953 4060 3152 4114 debent
3172 4059 3526 4115 contendere.
3548 4058 3708 4126 Quod

2118 4164 2183 4206 eo
2215 4151 2459 4209 firmiore
2483 4151 2667 4206 animo
2693 4151 2919 4215 facient,
2947 4151 3076 4220 quia
3110 4166 3219 4205 non
3243 4151 3400 4203 modo
3425 4150 3706 4203 invidetur

2118 4243 2193 4297 illi
2229 4244 2373 4297 aetati
2404 4284 2417 4309 ,
2476 4257 2666 4297 verum
2717 4244 2884 4297 etiam
2925 4243 3163 4297 favetur.
3194 4260 3213 4294 ι
3274 4242 3391 4295 Alia
3427 4240 3705 4310 ejusmodi

2118 4337 2369 4407 exempla
2404 4336 2614 4406 colligit
2646 4336 2887 4393 Muretus
2934 4336 3067 4391 Var.
3099 4339 3242 4403 lect.,
3273 4338 3370 4393 lib.
3397 4350 3452 4399 ι,
3485 4350 3609 4405 cap.
3647 4335 3702 4389 7.

2119 4428 2245 4487 Hice
2273 4438 2458 4483 autem
2491 4429 2717 4486 Latinos
2748 4431 2812 4485 de
2841 4430 3048 4485 Graecis
3079 4430 3381 4485 verisimile
3421 4439 3506 4483 est
3550 4442 3706 4482 sum-

430 4523 544 4569 tum
578 4533 644 4570 ex
677 4519 761 4573 his
784 4559 798 4581 ,
825 4535 943 4585 qua:
986 4521 1155 4578 refert
1206 4523 1436 4580 Photius
1483 4524 1606 4581 cod.
1640 4524 1743 4590 48,
1788 4536 1900 4579 ιιιιη
1943 4540 2010 4581 ex
2042 4541 2088 4597 ι)
2119 4526 2320 4593 psisse,
2358 4524 2500 4593 apud
2530 4538 2666 4594 quos
2703 4533 2923 4577 constat
2956 4524 3056 4595 οὐχ
3087 4517 3196 4576 οἷον
3229 4524 3373 4577 idem
3406 4522 3595 4576 valere
3641 4537 3705 4575 ac

431 4603 747 4676 fragmento
783 4608 1182 4669 Hmscheliano.
1216 4616 1549 4673 Contiuebat
1588 4634 1718 4687 ergo
1746 4620 1886 4674 liber
1921 4619 2013 4674 ille

428 4696 507 4751 De
528 4700 768 4755 universo
800 4704 1062 4775 quidquid
1087 4707 1353 4765 Eusebius
1378 4711 1429 4764 in
1461 4726 1525 4765 ea
1554 4713 1826 4776 oratione,
1846 4727 2009 4781 quam

427 4787 646 4845 Justino
677 4796 949 4861 attribuit,
983 4798 1451 4856 animadverterat
1478 4820 1491 4857 :
1526 4812 1727 4857 etcum
1759 4803 1900 4858 liber
1923 4805 2013 4861 ille

428 4881 632 4939 Justini
672 4901 866 4940 nomen
894 4888 947 4943 in
991 4891 1270 4947 nonnullis
1299 4894 1709 4963 exemplaribus
1745 4895 2006 4960 haberet,

432 4976 725 5045 Eusebius,
762 4989 823 5034 ut
866 4984 1171 5039 verisimile
1211 4995 1331 5051 est,
1370 4987 1487 5041 viso
1524 4987 1711 5059 aliquo
1741 4990 2010 5057 ejusmodi

429 5071 735 5139 exemplari
786 5074 1045 5145 deceptus
1085 5086 1201 5142 est,
1244 5093 1309 5133 ac
1344 5078 1673 5151 Hieronymo
1716 5093 1772 5137 et
1814 5081 2011 5139 Photio

431 5163 711 5230 persuasit
769 5180 907 5236 opus
957 5167 1175 5238 aliquod
1225 5185 1254 5221 a
1295 5167 1513 5225 Justino
1570 5173 1838 5245 scriptum
1887 5190 2010 5230 esse

437 5262 633 5307 contra
668 5256 922 5326 gentiles,
956 5258 1008 5313 iu
1036 5274 1143 5331 quo
1172 5260 1241 5315 de
1270 5269 1465 5316 natura
1498 5264 1803 5320 dmmonum
1837 5267 2011 5323 disse-

429 5346 610 5400 rebat.
1828 5370 1829 5373 ‘

504 5438 591 5495 Vl.
631 5440 762 5498 Post
793 5443 931 5500 duas
958 5444 1011 5499 in
1041 5444 1263 5502 Graecos
1288 5450 1572 5507 orationes
1596 5463 1917 5511 recensetur
1942 5455 2011 5509 ab

429 5532 690 5599 Eusebio,
726 5535 1061 5608 Hieronymo
1090 5549 1146 5593 et
1175 5538 1375 5596 PhOtio
1406 5542 1545 5597 liber
1580 5544 1653 5599 De
1678 5547 2006 5613 manat-chio,

429 5628 547 5683 sive
577 5626 653 5682 De
678 5631 1047 5701 singularitate
1080 5632 1198 5698 Dei,
1228 5635 1293 5687 de
1317 5651 1424 5704 quo
1451 5636 1592 5694 libro
1617 5655 1725 5695 non
1762 5643 1896 5695 levis
1926 5650 2013 5694 est

430 5720 574 5775 inter
607 5726 941 5781 recentiores
982 5730 1384 5796 controversia,
1433 5734 1689 5802 quamvis
1730 5734 1877 5789 nulla
1937 5735 2010 5787 sit

432 5814 575 5873 inter
603 5815 873 5887 antiquos.
899 5820 1051 5878 llunc
1076 5821 1315 5881 libellum
1339 5825 1621 5884 Scultetus
1647 5828 1788 5884 inter
1816 5828 2008 5884 dubios

2118 4634 2223 4673 non
2255 4621 2409 4672 modo
2445 4633 2572 4674 non.
2614 4617 2721 4672 Sed
2751 4616 2876 4686 quia
2909 4616 3143 4671 fortasse
3178 4631 3283 4670 non
3328 4616 3564 4669 deerunt
3604 4616 3700 4682 qui

2114 4712 2169 4765 in
2195 4712 2438 4765 animum
2477 4725 2582 4764 non
2621 4708 2782 4764 facile
2816 4708 3078 4763 inducant
3103 4708 3164 4760 οὐ
3192 4706 3351 4776 μόνον
3380 4708 3522 4774 apud
3550 4704 3706 4759 Gm—

2114 4824 2211 4864 cos
2243 4808 2514 4862 interdum
2550 4808 2691 4862 idem
2739 4820 2936 4860 sonare
2973 4820 3037 4859 ac
3066 4803 3128 4857 οὐ
3166 4801 3324 4874 μόνον
3350 4800 3434 4864 οὐ,
3481 4800 3705 4854 videtur

2114 4902 2491 4972 exemplorum
2529 4900 2873 4970 appositione
2910 4913 2999 4953 res
3038 4896 3386 4950 illustranda.
3417 4894 3561 4947 lluic
3593 4892 3705 4946 Eu-

2114 4997 2252 5054 sebii
2301 4997 2424 5050 loco
2458 4993 2722 5064 gemellus
2759 4992 3003 5046 occurrit
3034 4988 3176 5057 apud
3209 4988 3383 5056 ipsum
3415 4982 3701 5038 Justinum

2116 5092 2169 5146 in
2202 5088 2456 5157 .Cohortq
2493 5104 2551 5145 ιι.
2580 5086 2613 5140 9
2633 5126 2648 5151 ,
2698 5085 2790 5140 ubi
2836 5084 3223 5152 antiquitatem
3248 5079 3447 5150 Moysis
3468 5081 3703 5131 demon-

2115 5194 2289 5239 strare
2344 5182 2638 5236 instituens
2690 5178 2773 5232 sic
2820 5176 3103 5244 loquitur:
3154 5172 3230 5226 Οὐ
3273 5170 3384 5243 γὰρ
3433 5169 3547 5224 ἀπὸ
3592 5168 3704 5223 τῶν

2114 5270 2273 5323 θείων
2306 5269 2400 5322 καὶ
2431 5266 2559 5341 παρ’
2592 5268 2720 5337 ἡμῖν
2754 5262 3005 5335 ἱστοριῶν
3041 5262 3198 5333 μόνον
3223 5260 3395 5315 ταῦτα
3416 5255 3705 5325 ἀποδεῖξαι

2114 5360 2489 5434 πειρῶμαι....
2532 5358 2670 5414 Ἀλλ’
2700 5356 2809 5412 ἀπὸ
2837 5354 2945 5409 τῶν
2977 5354 3259 5427 ὑμετέρων
3297 5354 3391 5405 καὶ
3430 5352 3604 5423 μηδὲν
3634 5354 3703 5421 τῇ

2117 5454 2362 5527 ἡμετέρᾳ
2412 5451 2680 5525 Θρησκείᾳ
2711 5448 3085 5524 διαφερουσῶν
3115 5445 3389 5519 ἱστοριῶν.
3427 5445 3566 5501 Cum
3605 5445 3705 5499 Ju-

2115 5550 2291 5601 stinus
2320 5544 2712 5616 antiquitatem
2732 5526 2933 5613 Moysis
2952 5557 3057 5597 non
3097 5556 3165 5595 ex
3196 5541 3368 5596 sacris
3407 5540 3703 5609 scriptori—

2115 5640 2240 5705 bus,
2279 5639 2373 5693 sed
2417 5653 2487 5692 ex
2518 5635 2768 5708 profanis
2814 5636 3184 5699 demonstret,
3224 5634 3373 5689 illius
3404 5632 3575 5686 verba
3620 5632 3702 5689 sic

2118 5730 2344 5786 reddere
2390 5744 2498 5784 non
2544 5730 2827 5785 dubitavi:
2860 5746 2878 5779 ι
2910 5727 3043 5782 Nam
3101 5743 3206 5781 non
3262 5726 3424 5782 modo
3451 5726 3573 5781 haec
3630 5742 3700 5783 ex

2118 5828 2315 5883 divinis
2349 5825 2489 5895 apud
2522 5840 2621 5881 nos
2656 5824 2903 5880 historiis
2937 5824 3313 5879 demonstrare
3354 5837 3460 5878 non
3499 5836 3696 5890 θείνει
