3792 6502
80 389 159 448 1ξί

82 602 191 661 nihil
219 592 629 671 pertinentibus.
663 607 681 640 ι
712 579 824 642 Cur
846 582 1149 639 Eusebium
1181 580 1238 634 in
1270 594 1332 633 re
1353 587 1408 632 et
1438 574 1627 631 verbis

82 666 341 755 simillimis
372 690 563 744 eodem
602 683 762 739 modo
798 674 1150 746 interpretari
1182 672 1493 727 dubitemus
1514 668 1540 721 '!
1566 666 1625 721 Si

84 790 347 857 Scripturze
379 776 695 835 testimonia
729 774 793 827 in.
812 770 954 825 libro
983 768 1057 822 De
1084 764 1394 820 monarcltia
1416 760 1630 816 deside—

84 897 236 940 remus
259 919 273 944 ,
306 875 498 932 similis
524 870 779 938 ﬁngenda
801 866 908 921 erit
938 864 1134 918 lacuna
1168 862 1231 927 in,
1249 850 1629 914 Cohortatione

82 979 140 1032 ad
185 973 419 1035 Gra'cos;
454 966 598 1038 quod
648 978 786 1034 opus
835 971 1089 1013 mancum
1138 963 1193 1010 et
1242 950 1628 1023 imperfectum

86 1084 181 1125 esse
208 1080 355 1121 nemo
384 1062 609 1118 dixerit.

144 1185 189 1237 In
220 1178 432 1246 Dialogo
470 1174 532 1229 S.
588 1170 790 1247 Justini
822 1212 835 1236 ,
862 1187 1013 1226 num.
1042 1169 1130 1232 l7,
1164 1162 1454 1235 legendum
1507 1172 1631 1212 esse

90 1279 134 1333 οὐ
167 1274 305 1347 μόνον
358 1269 755 1342 μετενοήσατε,
812 1281 911 1335 pro
954 1264 1016 1317 οὐ
1070 1262 1229 1335 μόνον
1261 1258 1346 1322 οὐ,
1399 1254 1635 1325 probant

94 1364 407 1424 vetustissimi
460 1360 683 1415 codices
730 1356 988 1412 Historia:
1039 1351 1297 1412 Eusebii,
1344 1346 1436 1417 qui
1485 1344 1635 1399 hunc

92 1459 251 1520 Justiui
278 1460 447 1510 locum
482 1452 675 1508 citavit
708 1450 801 1505 lib.
847 1464 926 1511 tv,
953 1463 1079 1516 cap.
1109 1443 1195 1499 l8.
1222 1443 1633 1505 Athenagoras,

97 1555 238 1621 Legat.
281 1565 334 1604 rt.
370 1548 434 1609 l,
474 1545 541 1598 de
574 1540 911 1597 Christianis
938 1540 1016 1593 sic
1050 1537 1325 1605 loquitur:
1367 1532 1439 1585 Οὐ
1474 1530 1634 1601 μόνον

93 1620 474 1701 ὼῗὰντιπαὶειν,
502 1635 628 1689 οὐδὲ
672 1636 779 1706 μὴν
819 1629 1137 1696 δικάζεσθαι
1173 1629 1285 1689 τοῖς
1312 1623 1503 1682 ἄγουσι
1543 1620 1637 1674 καὶ

95 1734 382 1806 ἁρπάζουσιν
396 1730 568 1802 ἡμᾶς,
602 1725 1000 1799 μεμαθηκότες*
1027 1722 1184 1786 ἀλλὰ,
1220 1722 1330 1782 τοῖς
1376 1718 1494 1788 μὲν,
1531 1715 1636 1770 κᾶν

1029 342 1395 422 numiui
1432 342 1829 414 ramento.
1870 342 1940 393 £-
1975 349 2159 405 eans
2190 346 2277 406 lll‘.

79 516 201 573 dior,
222 506 309 563 sed
336 471 510 559 etiam.
529 512 595 554 ex
628 470 828 553 vestris
849 498 907 549 et
933 490 1001 546 ad
1034 489 1356 560 religionem
1382 490 1627 539 nostram
1658 480 1707 537 Α

1688 828 1697 841 ιη
1731 796 1771 846 ῐ.
1803 794 2029 843 Justinus
2047 791 2216 839 Romae
2238 799 2356 835 OCCU

3217 329 3321 386 l2!

2350 482 2582 543 CAPUT
2620 473 2706 537 tu.
2795 459 2801 462 ’
2883 474 2889 481 '

1771 609 1847 666 De
1898 606 2105 664 Justini
2151 603 2392 660 veritatis
2434 591 3025 669 propagaudtestgudio
3075 590 3287 661 ejusque

2101 654 2675 731 adversus—[tieretic'os
2717 666 2945 735 scriptis.
3095 654 3112 661 ’
3203 654 3213 660 ’
3306 654 3311 667 ’

1803 794 2029 843 Justinus
2047 791 2216 839 Romae
2238 799 2356 835 occn
2396 788 2507 833 atur
2530 784 2578 831 in
2605 778 2845 829 docendo.
2872 774 2936 825 ιι.
2962 775 3143 824 Amore
3195 772 3321 820 veri-

1798 858 1915 906 tatis
1934 858 2171 904 incensus
2196 855 2290 898 est.
2318 799 2399 896 lli).
2428 844 2613 906 Scribit
2630 845 2798 891 contra
2816 837 3218 906 __Mareionem_et
3242 834 3329 906 ati-

1993 894 2179 964 ἶ)ῌὲἑᾷ
2202 894 2449 960 haereses.
2477 905 2561 955 Ν.
2590 905 2666 954 De
2686 901 2925 966 operibus
2943 896 3242 964 deperditis.
3266 894 3324 944 ν.

1794 980 1870 1030 De
1899 978 2111 1042 epistola
2131 974 2190 1024 ad
2217 974 2536 1033 Diognetum.

1806 1083 1849 1143 l.
1889 1083 2025 1139 Cum
2062 1062 2329 1148 temporis
2364 1074 2632 1144 spatium,
2667 1079 2725 1125 ut
2766 1067 2878 1138 jam
2913 1066 3178 1128 diximus,
3215 1076 3326 1116 non

1736 1176 2016 1241 modicum
2046 1190 2077 1241 a
2111 1169 2313 1233 Justini
2358 1164 2741 1243 Cohortatione
2784 1175 2958 1231 usque
2996 1159 3065 1213 ad
3098 1156 3330 1227 primam

1738 1267 2056 1337 Apologiam
2102 1258 2412 1324 eﬂluxerit,
2469 1263 2638 1311 totum
2697 1253 2828 1309 illud
2878 1262 3093 1328 tempus
3144 1248 3332 1324 Roma:

1738 1361 2000 1428 traduxit,
2020 1359 2141 1415 etin
2166 1352 2417 1419 docendo.
2440 1365 2502 1405 ac
2520 1349 2812 1405 scribendo
2839 1347 3148 1421 insumpsit.
3176 1342 3334 1399 Unde

1736 1464 2007 1521 Eusebius
2033 1462 2099 1515 de
2126 1458 2185 1513 S.
2213 1463 2453 1524 martyre
2486 1449 2634 1504 Hist.
2667 1447 2766 1500 lib.
2802 1460 2880 1507 tv,
2922 1456 3042 1510 cap.
3074 1439 3132 1493 ll
3165 1454 3177 1490 :
3215 1435 3331 1490 Καὶ

1738 1553 1846 1625 γὰρ
1887 1553 1983 1615 ἐπὶ
2019 1550 2118 1620 τῆς
2152 1544 2373 1616 Ῥώμης
2399 1541 2501 1605 τὰς
2536 1535 2821 1609 διατριϐὰς
2850 1534 3106 1587 ἐποιεῖτο.
3136 1548 3154 1580 ι
3199 1526 3333 1581 Nam

1740 1622 1793 1703 in
1818 1622 1959 1702 urbe
1988 1644 2162 1701 Roma
2196 1636 2538 1694 domicilium
2567 1632 2827 1687 habebat.
2849 1647 2869 1681 ι
2899 1625 3134 1681 Ubinam
3168 1622 3339 1675 cuba-

1741 1751 1849 1808 ret,
1887 1736 2097 1809 etquid
2136 1735 2283 1790 domi
2329 1739 2544 1803 ageret,
2590 1741 2659 1782 ex
2690 1722 2861 1795 ipsius
2901 1716 3147 1787 martyrii
3179 1715 3328 1767 Actis

98 1804 209 1882 me:
234 1827 426 1897 κόῤῥης
489 1818 969 1894 προπηλακίζωσι,
996 1816 1088 1870 καὶ
1129 1814 1189 1869 τὸ
1228 1812 1414 1884 ἕτερον
1453 1808 1638 1863 παίειν

1800 1804 2039 1888 scimus.
2094 1845 2113 1879 ι
2149 1824 2304 1898 Ego,
2356 1822 2582 1894 inquit,
2616 1828 2788 1887 prOpe
2836 1813 3059 1867 domum
3121 1804 3340 1881 Martini

98 1918 311 1990 παρέχειν
342 1916 439 1986 τῆς
468 1912 743 1984 κεφαλῆςο
782 1912 895 1973 τοῖς
916 1908 994 1973 δὲ,
1036 1908 1084 1961 εἰ
1118 1905 1210 1959 τὸν
1240 1902 1444 1974 χιτῶνα
1475 1899 1641 1970 ἀφαί-

100 2028 258 2083 ροιντο,
292 2007 583 2062 ἐπιδιδόναι
618 2005 715 2059 καὶ
758 2003 819 2057 τὸ
848 2002 1084 2074 ἱμάτιον.
1132 2017 1152 2051 t
1180 1998 1282 2065 Qui
1325 2011 1430 2051 non
1484 1994 1645 2049 modo

101 2120 184 2160 non
223 2110 562 2173 repercutere
585 2140 601 2164 ,
653 2112 757 2153 nec
803 2094 1196 2149 invadentibus
1220 2102 1275 2147 et
1306 2089 1646 2160 rapientibus

103 2193 214 2246 diem
236 2193 427 2259 dicere,
453 2193 552 2246 sed
584 2191 727 2254 istis,
753 2186 971 2244 etiamsi
1001 2184 1291 2254 colaphum
1322 2180 1645 2242 inﬂixeriut,

103 2287 292 2342 alteram
324 2286 520 2356 capitis
544 2294 761 2355 partem
788 2279 1202 2353 percutiendum
1226 2277 1524 2348 praebere;
1561 2274 1648 2329 his

105 2381 333 2444 autem,si
366 2380 611 2434 tunicam
640 2375 991 2440 abstulerint,
1025 2371 1248 2442 pallium
1281 2368 1649 2438 superaddere

106 2470 369 2528 didicimus.
403 2490 422 2523 ι
462 2468 756 2530 Tatianus,
790 2484 847 2521 ιι.
880 2464 951 2521 56
985 2485 997 2520 :
1036 2463 1185 2534 Πλὴν
1228 2464 1479 2533 ’Όμηρος
1504 2459 1651 2521 ἔστω

108 2564 165 2635 μὴ
194 2564 331 2634 μόνον
378 2563 610 2635 ὕστερον
660 2562 768 2616 τῶν
806 2559 1051 2614 Ἰλιακῶν
1072 2598 1087 2622 ,
1131 2556 1268 2611 ἀλλὰ
1297 2554 1415 2608 κατ’
1444 2554 1650 2606 ἐκεῖνον

106 2656 232 2710 αὐτὸν
260 2654 567 2727 ὑπειλήφθω
610 2654 700 2708 τὸν
730 2652 824 2708 τοῦ
851 2651 1090 2723 πολέμου
1124 2648 1335 2719 καιρόν.
1374 2664 1391 2697 ι
1418 2646 1653 2701 Sitsaue

108 2746 330 2803 Homerus
361 2763 467 2803 non
503 2746 675 2802 modo
728 2761 835 2801 non
880 2745 1069 2815 junior
1098 2742 1281 2796 Iliacis
1324 2740 1521 2804 rebus,
1554 2736 1650 2791 sed

110 2839 189 2908 ipsi
245 2840 374 2895 bello
424 2839 682 2911 aequalis.
719 2857 738 2892 ι
812 2836 872 2892 S.
927 2834 1237 2906 Cyprianus
1288 2840 1569 2899 acceptam
1620 2843 1653 2882 a

113 2932 159 2990 S.
194 2932 489 2989 Firmiliano
532 2930 828 3001 epistolam
856 2968 873 2995 ,
905 2943 1028 2999 qua:
1074 2936 1157 2981 est
1189 2925 1335 2979 inter
1366 2920 1653 2992 Cypriani-

111 3042 179 3082 cas
213 3026 299 3091 75,
332 3025 531 3082 nemini
583 3024 780 3089 Latine
830 3020 1165 3079 reddendam
1210 3016 1525 3081 commisit,
1556 3014 1652 3069 sed

112 3119 205 3188 ipse
249 3119 382 3175 hunc
428 3117 706 3179 laborem,
743 3122 802 3168 ut
854 3128 924 3168 ex
957 3112 1102 3181 style
1147 3107 1388 3180 perspici
1442 3114 1651 3175 potest,

1747 1924 2039 1996 cujusdam
2090 1922 2160 1976 ad
2225 1917 2483 1975 balneum
2538 1914 2913 1985 cognomento
2984 1899 3340 1958 Timiotinum

1750 2018 2023 2074 hactenus
2088 2011 2288 2075 mansi.
2336 2008 2473 2063 Veni
2522 2014 2704 2060 autem
2763 2002 2818 2058 in
2867 1998 3059 2055 urbem
3108 1995 3338 2073 Romam

1746 2108 2008 2166 secundo.
2041 2105 2226 2174 Neque
2255 2102 2420 2155 alium
2447 2096 2766 2168 quempiam
2797 2098 3106 2169 conventus
3132 2064 3341 2151 locum,

1751 2200 1857 2255 nisi
1901 2212 2063 2269 quem
2089 2194 2227 2259 dixi,
2261 2204 2571 2261 cognosco;
2602 2202 2668 2242 ac
2699 2186 2746 2240 si
2781 2166 2906 2254 quis
2939 2180 3004 2234 ad
3034 2193 3123 2232 me
3150 2175 3338 2229 venire

1752 2292 1949 2355 voluit,
1974 2284 2383 2359 communicavi
2413 2297 2539 2338 cum
2571 2279 2663 2334 illo
2687 2274 2943 2332 veritatis
2974 2269 3339 2326 doctrinam.»

1754 2385 1909 2442 Unus
1939 2397 2005 2436 ex
2040 2357 2147 2434 illis
2169 2418 2184 2444 ,
2222 2378 2315 2447 qui
2346 2389 2473 2429 cum
2519 2370 2742 2427 Justino
2774 2365 2921 2437 passi
2953 2370 3102 2441 sunt,
3130 2357 3347 2426 Evelpi-

1754 2486 1879 2543 stus
1924 2473 2168 2544 nomine,
2206 2476 2444 2524 testatur
2484 2482 2547 2521 se
2596 2461 2800 2529 Justini
2850 2469 3117 2529 sermones
3154 2466 3347 2519 magna

1758 2586 1879 2625 cum
1918 2565 2188 2636 voluptate
2219 2561 2505 2616 audivisse.
2535 2556 2641 2625 Ipsi
2671 2555 2839 2609 etiam
2865 2546 3126 2618 pra-lecto
3159 2552 3346 2623 notum

1753 2671 1876 2719 erat
1896 2634 2102 2717 Iusti—ni
2131 2656 2374 2713 studium
2406 2652 2458 2706 in
2488 2645 2769 2717 discipulis
2793 2639 3119 2699 edocendis.
3141 2634 3349 2703 Quaerit

1762 2755 1909 2812 enim
1942 2766 2093 2824 quem
2120 2751 2176 2802 in
2222 2748 2396 2801 locum
2428 2740 2741 2815 conueniant
2785 2743 2835 2790 et
2883 2730 3175 2802 discipulos
3221 2742 3350 2781 suos

1755 2856 2038 2917 congreget
2061 2841 2336 2897 Justinus.
2372 2834 2583 2893 Deinde
2610 2843 2914 2888 conversus
2945 2826 3013 2880 ad
3040 2823 3189 2877 illius
3219 2835 3356 2875 con-

1749 2914 2015 3001 fessionis
2046 2943 2099 2988 et
2120 2928 2374 3002 martyrii
2406 2926 2587 2983 socios
2613 2941 2628 2978 :
2654 2922 2758 2987 An,
2790 2917 2987 2989 inquit,
3008 2914 3352 2969 Christianos

1759 3044 1847 3082 vos
1876 3025 1998 3095 fecit
2028 3021 2279 3077 Justinus
2304 3020 2328 3072 ?

1828 3118 1894 3173 ll.
1928 3115 2043 3172 lloc
2081 3128 2280 3169 munus
2317 3110 2377 3168 S.
2407 3120 2635 3178 martyr,
2662 3115 2779 3161 uta
2813 3104 2926 3158 Deo
2957 3098 3345 3174 commissum,

117 3167 203 3188 τη
249 3167 380 3175 -η-
430 3167 706 3179 --η---ηη
760 3167 793 3168 η
1011 3167 1030 3181 .
1147 3167 1161 3180 ,
1280 3167 1296 3177 ,
1442 3167 1456 3175 ,
1636 3167 1645 3170 _

117 3214 334 3283 suscepit.
363 3211 738 3268 Hellenismos
775 3215 961 3262 autem
996 3221 1103 3260 non
1137 3217 1343 3275 paucos
1384 3200 1528 3255 ﬁdus
1564 3197 1652 3252 in-

1800 3218 1913 3266 tnto
1944 3206 2111 3263 animi
2146 3204 2368 3267 ardore,
2398 3167 2958 3280 tanta-observatione
2981 3200 3036 3246 et
3060 3167 3350 3267 diligentia

118 3313 290 3374 tepres
335 3305 563 3369 retinuit
592 3342 607 3368 ,
647 3317 715 3357 ex
746 3301 948 3371 quibus
978 3311 1146 3352 unum
1180 3295 1247 3350 ad
1287 3294 1340 3348 id
1366 3334 1385 3359 ,
1420 3291 1567 3362 quod
1598 3289 1654 3343 in

120 3398 329 3454 manibus
373 3408 474 3467 est,
515 3394 763 3452 maxime
816 3391 1075 3448 idoneum
1124 3400 1415 3459 apponam.
1447 3382 1541 3451 Sic
1572 3380 1658 3434 lo-

123 3490 269 3558 quitur
314 3492 376 3547 de
408 3491 625 3564 angelis
677 3491 735 3548 S.
770 3490 1171 3548 Firmilianus:
1221 3506 1241 3541 ι
1270 3485 1473 3554 Utique
1523 3495 1660 3539 con-

126 3582 410 3652 tristantur,
468 3585 695 3655 quando
750 3583 942 3641 vident
999 3582 1250 3637 diversas
1294 3573 1659 3646 quorumdam

128 3688 299 3731 mentes
330 3688 383 3733 et
435 3680 648 3734 scissas
679 3676 994 3733 voluntates
1024 3713 1042 3741 ,
1093 3672 1248 3744 quasi
1287 3685 1397 3725 non
1450 3676 1661 3722 tantum

129 3782 261 3823 unum
300 3784 352 3826 ct
387 3774 640 3828 eumdem
672 3770 962 3827 Dominum
1023 3766 1187 3823 simul
1235 3764 1527 3825 invocent,
1568 3758 1665 3815 sed

129 3862 351 3929 separatis
377 3872 430 3917 et
455 3861 652 3918 divisis
680 3861 749 3916 ab
776 3859 1012 3914 invicem
1034 3872 1135 3912 nec
1157 3852 1531 3913 confabulatio
1550 3849 1665 3919 jam

133 3955 265 4018 possit
286 3968 417 4020 esse,
442 3970 544 4011 nec
575 3968 758 4010 sermo
784 3950 1114 4011 communis.
1148 3966 1166 4000 ι
1200 3944 1405 4000 Sensus
1432 3951 1510 3997 est
1538 3956 1553 3993 :
1580 3939 1668 3993 Ita

132 4053 173 4095 tu
200 4062 287 4100 non
317 4050 464 4103 modo
512 4064 621 4102 non
663 4062 827 4101 unum
848 4054 899 4101 et
928 4042 1169 4099 eumdem
1194 4036 1484 4092 Dominum
1506 4031 1670 4097 simul

142 4137 378 4206 invocent,
428 4142 523 4196 sed
551 4180 571 4205 ,
608 4149 717 4195 etc.
760 4136 994 4195 Videtur
1052 4134 1106 4188 in
1170 4132 1360 4189 Graeco
1409 4134 1669 4184 contextu

138 4224 285 4295 luisse,
312 4232 382 4295 ὡς
408 4233 470 4297 οὐ
510 4236 693 4304 μόνον.

193 4342 240 4396 ὅ*
265 4344 437 4416 Neque
456 4347 512 4401 in
545 4346 781 4403 exordio
811 4357 992 4413 neque
1016 4342 1071 4397 in
1096 4339 1345 4400 clausula
1378 4335 1673 4392 consilium

144 4447 215 4490 aut
231 4437 460 4493 voluntas
492 4438 605 4493 ulla
632 4435 1067 4507 deprehenditur
1085 4433 1413 4501 objiciendus
1439 4426 1679 4484 ethnicis

1761 3304 2004 3375 gerebat,
2039 3308 2098 3355 ut
2136 3298 2362 3379 grandis
2398 3276 2615 3367 peccati
2649 3303 2802 3343 reum
2851 3300 2912 3341 se
2948 3286 3001 3338 in
3035 3281 3248 3350 judicio
3274 3260 3357 3333 iu-

1763 3408 1947 3454 turum
1966 3375 2206 3465 putaret,
2227 3391 2272 3444 si
2299 3400 2462 3457 quam
2485 3381 2712 3439 docendi
2736 3379 2976 3435 oblatam
3002 3375 3356 3432 occasionem

1762 3486 2225 3561 prmtermisissct,
2255 3486 2303 3536 sl
2334 3479 2509 3551 ipsius
2539 3475 2699 3544 culpa
2733 3462 3081 3542 contigisset,
3115 3478 3174 3522 ut
3216 3465 3362 3543 veri-

1768 3536 2224 3561 ινν--τσ---τ-να-ννπ
2356 3536 2375 3551 ι
2633 3536 2649 3544 -
2889 3536 2915 3542 -

1768 3582 1896 3637 tatis
1923 3580 2045 3633 lucc
2068 3575 2266 3647 aliquis
2297 3577 2537 3628 careret.
2563 3567 2715 3622 Hanc
2750 3566 2896 3619 illius
2925 3563 3110 3616 animo
3135 3536 3363 3616 senten-

1771 3676 1903 3730 tiam
1934 3671 2206 3727 insedisse
2233 3664 2598 3739 perspicimus
2626 3676 2694 3715 ex
2720 3658 2971 3731 pluribus
3003 3655 3160 3709 locis.
3194 3670 3212 3704 ι
3253 3632 3362 3705 No—

1771 3778 1946 3826 strum
1986 3764 2157 3833 igitur
2204 3773 2405 3814 mtmus
2443 3766 2551 3823 est,
2594 3754 2774 3824 inquit
2834 3749 2989 3819 Apol.
3035 3749 3091 3812 l,
3124 3763 3179 3800 ιι.
3217 3745 3274 3811 5,
3308 3754 3366 3817 ut

1770 3862 1896 3914 vita:
1927 3866 1982 3911 et
2012 3852 2276 3927 doctrinae
2309 3860 2511 3905 nostrae
2545 3842 2909 3916 inspicienda:
2935 3841 3147 3910 cupiam
3185 3834 3366 3890 omni-

1772 3954 1875 4019 bus
1905 3950 2195 4015 faciamus,
2224 3960 2293 4000 ne
2320 3958 2418 4014 pro
2448 3942 2534 4007 iis,
2558 3940 2650 4010 qui
2677 3953 2764 3993 res
2792 3946 3017 3992 nosuas
3041 3931 3146 3987 sibi
3178 3928 3368 3984 viden-

1750 4054 1869 4102 tur
1895 4045 2172 4115 ignorare,
2196 4051 2415 4110 pennam
2446 4049 2661 4098 eorum,
2706 4045 2827 4101 qua:
2854 4026 3210 4083 caecutientes
3239 4036 3368 4093 pec-

1776 4137 2050 4202 caverint,
2090 4132 2198 4205 ipsi
2228 4130 2555 4187 debeamus.
2592 4143 2610 4177 ι
2646 4122 3005 4205 Perspectum
3036 4116 3143 4171 sibi
3176 4125 3231 4169 et
3263 4128 3367 4167 ex-

1779 4232 2058 4303 ploratqu
2099 4240 2223 4282 esse
2266 4222 2401 4277 dicit
2428 4218 2644 4289 Dialog.
2683 4231 2737 4271 n.
2777 4213 2892 4269 82:
2931 4209 3249 4276 Quicunque
3276 4219 3365 4285 ue-

1782 4278 2058 4303 r""'“'"'
2106 4278 2182 4282 "‘
2591 4278 2613 4289 ν

1782 4342 1901 4379 rum
1939 4320 2103 4390 possit
2145 4318 2319 4371 dicere
2358 4329 2451 4367 nec
2495 4311 2659 4371 dicat,
2704 4322 2824 4362 eum
2856 4321 2889 4357 a
2928 4303 3037 4357 Deo
3059 4278 3369 4370 judicatum

1782 4417 1872 4469 iri.
1896 4386 2023 4467 για.
2049 4425 2202 4465 num.
2225 4405 2296 4463 '58
2317 4413 2372 4462 et
2400 4404 2488 4459 44.
2528 4400 2621 4456 Sic
2646 4398 2890 4468 loquitur
2927 4410 2982 4448 n.
3014 4391 3083 4446 58
3116 4404 3131 4443 :
3171 4408 3189 4441 ι
3222 4386 3374 4443 Scri-

200 4480 215 4490 .
240 4480 460 4493 .-..........
493 4480 605 4493 ..η-
633 4480 1057 4507 νννηηωηηη-
1088 4480 1411 4501 --,-_----___
1662 4480 1671 4481 ,

144 4540 281 4584 sacra:
307 4530 619 4601 Scriptum.
653 4528 968 4596 Quinetiam
994 4525 1238 4581 libellum
1272 4524 1355 4579 sic
1381 4522 1442 4577 S.
1467 4529 1679 4589 martyr
1713 4521 1758 4576 D
1791 4518 1981 4578 pturas
2006 4504 2161 4558 vobis
2193 4500 2457 4565 referam,
2496 4508 2596 4550 nec
2628 4498 2947 4567 apparatum
2973 4485 3273 4539 verborum
3307 4480 3375 4535 ad

1859 4598 1867 4601 _
2376 4598 2383 4601 Α
2589 4584 2629 4601 ι.
2720 4600 2740 4601 ν-
2765 4596 2891 4601 __-_-
2930 4578 3066 4601 --.:...
3112 4586 3192 4601 ..ρο
3245 4572 3374 4601 ..ιζιιζ

145 4624 339 4687 orditur,
365 4632 423 4681 ιιι
450 4640 509 4679 se
534 4623 863 4693 argumentis
893 4622 1107 4677 omnino
1139 4633 1367 4674 usurum
1390 4614 1684 4685 promittat

145 4729 196 4769 es
222 4726 399 4773 vetusta
444 4715 756 4774 ercorum
810 4717 1048 4771 historia:
1089 4714 1235 4785 poesi
1282 4710 1557 4781 repetitis:
1605 4706 1686 4773 sic

149 4820 330 4875 perorat
364 4822 423 4869 ut
447 4812 672 4868 Graecos
715 4810 1075 4871 adhortetur,
1103 4807 1170 4861 ad
1201 4800 1685 4874 complectendum

150 4915 291 4956 rerum
320 4903 443 4957 illud
469 4914 519 4961 et
538 4901 873 4959 immutabile
896 4915 1087 4961 nomen
1116 4913 1222 4953 non
1245 4912 1344 4951 sua
1370 4894 1542 4950 solum
1567 4907 1688 4947 voce
1756 4944 1759 4951 ,

152 4993 488 5059 medicatum,
520 4993 614 5050 sed
649 4992 810 5048 etiam
840 5005 1027 5044 eorum
1054 4987 1147 5051 qui
1186 4987 1242 5039 in
1280 4984 1453 5054 prima
1484 4983 1693 5035 littera-

154 5097 245 5136 nm
267 5084 508 5140 elementa
538 5086 911 5140 introducunt.
942 5080 1084 5148 Quid
1121 5079 1319 5134 mirum
1346 5089 1483 5147 ergo
1514 5074 1560 5128 si
1588 5074 1692 5129 hoc

155 5179 433 5245 °Pusculum
486 5196 555 5239 ex
603 5178 855 5236 versibus
878 5218 895 5244 ,
942 5190 1084 5246 quos
1118 5181 1333 5229 vetusta
1373 5170 1693 5233 Grtecorum

158 5269 370 5340 historia,
408 5274 460 5328 id
491 5283 576 5332 est
614 5281 846 5329 vetusta:
890 5270 1209 5328 Graecorum
1259 5266 1456 5321 litterae
1496 5277 1696 5334 suppe-

161 5363 397 5435 ditarunt,
450 5378 621 5424 totum
662 5374 752 5423 est
803 5366 1161 5421 intertextum
1191 5399 1206 5426 ,
1247 5373 1349 5415 nec
1395 5356 1696 5428 quidquam

164 5451 331 5514 delibat
358 5460 421 5515 de
447 5460 653 5516 sanctis
687 5456 1034 5528 Scripturis?

1789 4598 1964 4655 solam
2002 4605 2179 4649 artem
2207 4598 2492 4648 ostentare
2518 4584 2680 4650 volo;
2717 4596 2896 4662 neque
2925 4578 3071 4634 enim
3109 4586 3197 4631 est
3244 4572 3377 4627 mihi

1789 4688 2062 4763 ejusmodi
2097 4684 2359 4751 facultas;
2411 4680 2507 4736 sed
2561 4685 2770 4760 tantum
2804 4672 2983 4745 gratia
3031 4666 3165 4722 mihi
3199 4681 3228 4719 a
3269 4662 3381 4749 Deo

1792 4740 2061 4763 viv'vV'f'
2100 4740 2145 4741 ““⁷
2200 4740 2203 4741 ⁷
2344 4740 2359 4751 ν
2676 4740 2683 4749 .
2808 4740 2831 4745 ν

1790 4796 2099 4845 concessa,
2147 4789 2207 4831 ut
2258 4774 2379 4843 ejus
2429 4754 2751 4841 Scripturas
2808 4762 3107 4840 intelligam
3153 4772 3169 4811 :
3222 4740 3382 4825 cujus

1792 4876 1983 4947 gratia:
2013 4886 2206 4927 omnes
2238 4868 2507 4922 adhortor
2557 4838 2618 4917 ut
2650 4838 2824 4928 gratis
2854 4865 2912 4912 et
2960 4853 3183 4931 copiose
3211 4838 3381 4919 parti-

1794 4972 1945 5041 cipes
1978 4968 2136 5031 ﬁant,
2165 4977 2235 5018 ne
2261 4960 2348 5016 vel
2378 4960 2482 5015 hac
2505 4957 2574 5011 de
2599 4966 2764 5010 causa
2789 4948 3128 5021 condemner
3161 4944 3213 4997 iu
3237 4940 3383 5009 judi-

1797 5065 1905 5120 cio.
1939 5080 1960 5114 s
1992 5057 2287 5118 Latissime
2320 5051 2585 5109 nimirum
2614 5045 2838 5118 patebat
2868 5039 3074 5121 Justini
3097 5034 3341 5091 charitas
3369 5051 3380 5085 :

1808 5167 2030 5224 semper
2056 5156 2285 5221 paratus
2313 5146 2380 5200 ad
2425 5139 2731 5198 docendum
2779 5144 2920 5219 erat,
2965 5144 3198 5203 sperans
3244 5126 3387 5180 inter

1799 5261 1897 5303 eos
1928 5210 2076 5317 quos
2115 5238 2503 5311 alloquebatur
2548 5210 2801 5301 aliquem'
2834 5243 2901 5282 ex
2955 5224 3255 5280 electorum
3287 5231 3389 5291 nu-

1804 5309 1963 5395 mero
1986 5309 2272 5391 inventum
2299 5329 2403 5395 iri;
2436 5335 2492 5383 et
2523 5325 2668 5401 quod
2690 5322 2741 5376 ei
2776 5316 3010 5388 contigit
3038 5309 3238 5383 Ephesi
3263 5323 3389 5398 cum

1802 5428 2010 5487 Iudaeis
2037 5422 2365 5495 disputanti,
2400 5428 2461 5474 ut
2487 5432 2584 5489 per
2613 5414 2836 5474 biduum
2867 5423 3059 5464 eorum
3091 5406 3144 5460 in
3170 5408 3393 5458 contra-

1804 5521 2039 5597 dicendo
2077 5528 2133 5575 et
2176 5518 2268 5580 iis,
2309 5529 2431 5586 qua:
2471 5513 2624 5583 prius
2660 5510 3075 5566 concesserant,
3122 5494 3393 5566 negandis

1807 5594 2170 5686 pertinaciam
2204 5608 2396 5674 ferret,
2432 5605 2622 5660 eadem
2661 5614 2722 5657 se
2762 5598 2986 5654 lenitate
3040 5602 3095 5649 et
3127 5588 3393 5662 patientia

1810 5709 1864 5760 in
1886 5719 2063 5760 omnes
2090 5702 2303 5757 omnino
2335 5715 2400 5753 ex
2425 5696 2566 5752 omni
2601 5691 2870 5747 hominum
2902 5700 3089 5758 genere
3114 5682 3193 5738 uti
3217 5678 3397 5736 decla-

1816 5807 1922 5867 rat,
1972 5813 2026 5851 ιι.
2073 5793 2165 5851 6i.
2214 5793 2283 5851 Ut
2329 5788 2526 5848 Justini
2577 5781 2900 5858 patientiam
2953 5787 3008 5836 et
3065 5773 3396 5833 cltaritatem
