3792 6508
398 332 504 389 ηδ

1301 331 1356 387 S.
1392 330 1727 391 JUSTINUS
1757 330 2238 387 PHILOSOPHUS
2269 328 2356 384 ET
2396 326 2706 387 MARTYR.

3573 322 3671 379 131

401 454 550 508 nulla
592 453 877 510 hominum
916 452 1307 523 importunitas
1344 454 1689 519 retardabat,
1739 455 1816 509 ita
1848 469 1981 508 con-
2012 458 2058 516 Α
2087 467 2235 508 reses
2283 460 2463 505 utrum
2493 460 2621 504 ante
2651 447 2848 504 librum
2880 446 3133 501 adversus
3169 444 3498 500 Marcionem
3529 444 3670 498 scri-

401 549 668 605 stantiam
701 556 756 602 et
788 547 958 601 animi
1001 546 1379 601 fortitudinem
1428 546 1574 600 nulla
1604 546 1846 617 pericula
1892 547 1978 600 iu-

404 642 720 712 fringebant
740 657 755 693 :
774 642 922 710 quod
949 639 1167 709 quidem
1197 639 1331 693 satis
1359 637 1639 695 declarant
1662 638 1855 692 oblatw
1878 653 1986 707 pa-

404 734 512 789 lam
552 742 606 788 et
642 742 852 801 aperte,
894 742 951 787 ut
1000 732 1159 786 modo
1200 731 1534 793 videbimus,
1583 730 1985 786 molestissimis

407 824 748 894 temporibus
788 823 1082 893 Apologia.
1130 821 1402 877 Praeclare
1454 822 1693 891 seipsum
1739 822 1986 891 depingit
2014 810 2035 835 τ

407 918 493 972 his
524 916 734 979 verbis.
782 915 990 984 Dialog.
1040 931 1093 970 n.
1142 914 1291 969 1‘28:
1329 932 1349 965 ι
1392 914 1569 983 Atque
1610 915 1725 967 haec
1762 914 1981 982 quidem

407 1014 545 1076 dixi,
572 1014 699 1083 quia
732 1014 804 1067 ita
838 1027 959 1066 sum
987 1011 1216 1067 alfectus
1246 1010 1453 1075 animo,
1493 1019 1552 1064 ut
1582 1008 1718 1064 nihil
1764 1022 1987 1077 prorsus

407 1106 668 1171 dixerim,
712 1106 764 1159 in
790 1120 901 1173 quo
926 1103 1072 1157 aliud
1107 1117 1316 1169 curem,
1347 1116 1514 1171 quam
1561 1110 1623 1155 ut
1663 1115 1853 1153 verum
1903 1099 1987 1153 di-

408 1213 557 1263 cam,
586 1197 862 1253 neminem
900 1196 1262 1261 reverituras,
1305 1193 1523 1249 etiamsi
1558 1207 1589 1247 e
1618 1191 1850 1260 vestigio
1898 1190 1985 1244 di-

407 1291 584 1362 scerpi
615 1306 645 1345 a
673 1290 828 1345 vobis
856 1296 1125 1359 oporteat.
1159 1308 1179 1340 ι

481 1381 568 1436 lll.
593 1379 708 1434 Non
736 1379 938 1435 Judreis
960 1379 1092 1434 solis
1114 1378 1288 1450 atque:
1305 1378 1538 1434 ethnicis
1575 1392 1797 1449 operam
1830 1390 1987 1432 suam

410 1478 691 1532 dicaverat
717 1474 988 1540 Justinus,
1030 1475 1124 1528 sed
1157 1474 1301 1528 illius
1341 1474 1590 1528 laborum
1632 1488 1825 1540 magna
1863 1485 1991 1541 pars

414 1569 660 1625 hmretici
713 1568 957 1621 fuerunt.
1015 1566 1126 1621 llos
1178 1582 1284 1620 non
1347 1568 1522 1620 solum
1574 1564 1864 1633 colloquiis
1923 1562 1991 1617 ab

407 1675 600 1717 errore
632 1661 919 1714 retrahere
938 1660 1263 1721 conabatur,
1296 1648 1353 1712 ut
1386 1660 1496 1728 ipse
1521 1666 1751 1712 testatur
1778 1656 1990 1726 Dialog.

410 1770 466 1809 n.
497 1753 590 1815 84,
625 1752 722 1808 sed
764 1752 928 1806 etiam
968 1753 1203 1805 eruditis
1252 1752 1473 1822 scriptis
1517 1766 1710 1805 omnes
1755 1751 1994 1804 haereses

2084 553 2232 613 ptum
2270 558 2440 598 necne
2468 542 2653 605 fuerit,
2683 548 2928 595 statuere
2955 552 3059 591 non
3092 551 3351 605 possum;
3384 538 3484 591 sed
3514 546 3674 590 certe

2086 644 2381 706 utrumque
2411 649 2551 703 opus
2579 632 2850 701 Apologiis
2882 629 3183 698 antiquius.

2158 728 2245 781 IV.
2273 727 2428 781 Aliud
2453 725 2656 782 Justini
2685 739 2822 792 Opus
2855 730 3105 775 recenset
3141 718 3431 781 Eusebius,
3462 719 3532 773 de
3566 732 3675 786 quo

2088 819 2169 873 sic
2213 818 2456 885 loquitur
2485 836 2498 871 :
2530 818 2641 875 Καὶ
2683 815 2809 869 ἄλλο
2849 813 3096 885 σχολικὸν
3136 814 3263 883 περὶ
3291 812 3498 883 ψυχῆς,
3547 814 3608 863 ἐν
3636 804 3677 876 ᾧ

2088 907 2375 980 διαφόρους
2400 908 2617 970 πεύσεις
2654 906 2940 977 προτείνας
2972 904 3112 957 κατὰ
3137 902 3229 957 τοῦ
3259 904 3387 975 περὶ
3417 902 3521 973 τὴν
3545 902 3679 954 ὑπό-

2091 999 2238 1053 Θεσιν
2262 1000 2468 1071 προϐλή
2478 1015 2665 1070 ματος,
2690 996 2796 1050 τῶν
2830 1014 2903 1050 πα
2914 997 2956 1067 ρ’
2985 996 3209 1067 Ἕλλησι
3233 994 3541 1064 φιλοσόφων
3575 1012 3680 1047 πα-

2093 1094 2371 1167 ρατίθεται
2401 1095 2497 1157 τὰς
2523 1093 2698 1159 δόξας·
2734 1086 2821 1155 αἷς
2860 1092 2951 1143 καὶ
2988 1089 3281 1156 ἀντιλέξειν
3308 1091 3678 1161 ὑπισχνεῖται,

2092 1188 2193 1257 τήν
2223 1203 2279 1239 τε
2298 1185 2461 1248 αὐτὸς
2489 1184 2652 1239 αὑτοῦ
2677 1182 2831 1250 δόξαν
2845 1184 2902 1234 ὲν
2930 1182 3099 1254 ἑτέρῳ
3125 1182 3340 1253 παραθή
3351 1182 3541 1235 σεσθαι
3560 1200 3685 1249 συγ-

2092 1277 2402 1348 γράμματι.
2436 1294 2454 1327 ι
2489 1276 2642 1329 Alius
2678 1276 2805 1327 item
2829 1284 3214 1343 cxcerptorum
3264 1273 3399 1326 liber
3442 1272 3514 1325 de
3562 1272 3683 1324 ani-

2093 1385 2204 1431 ma,
2242 1371 2419 1436 inqua
2443 1368 2737 1438 propositis
2776 1367 2945 1420 variis
2976 1364 3684 1434 iuterrogationibus,quze

2095 1463 2161 1515 ad
2191 1460 2318 1514 illud
2349 1471 2729 1528 argumentum
2764 1460 3061 1529 pertinent,
3094 1459 3378 1531 gentilium
3424 1457 3684 1528 philoso-

2099 1551 2330 1621 phorum
2364 1550 2522 1603 affert
2554 1551 2858 1604 sententias
2891 1566 2906 1606 :
2949 1551 3148 1620 quibus
3170 1550 3331 1603 etiam
3365 1564 3426 1604 se
3458 1560 3686 1603 contra-

2103 1644 2401 1708 dicturum,
2428 1657 2694 1710 suamque
2727 1642 2793 1695 de
2828 1642 2911 1695 his
2943 1642 3272 1695 sententiam
3306 1642 3359 1694 in
3386 1641 3498 1696 alio
3521 1656 3689 1710 opere

2096 1734 2441 1804 prolaturum
2474 1748 2595 1787 esse
2634 1732 2945 1803 pollicetur.
2980 1751 2999 1785 ι
3032 1731 3227 1788 Utrum
3259 1732 3555 1801 promissis
3580 1740 3690 1786 ste-

411 1844 743 1909 coufumvn,
775 1859 840 1898 ac
882 1842 1147 1913 singulari
1196 1856 1359 1912 opere
1399 1856 1688 1913 aggressus
1725 1850 1809 1896 εει
1853 1840 1996 1895 Mar.
2024 1867 2068 1923 Β
2099 1826 2224 1880 terit
2246 1824 2495 1880 Justinus
2526 1838 2625 1879 nec
2652 1825 2917 1880 certiores
2956 1840 3053 1879 nos
3088 1824 3219 1878 facit
3251 1825 3547 1888 Eusebius,
3586 1841 3687 1879 nec

410 1937 650 1996 cionem.
697 1934 813 2003 qui,
862 1934 1077 1990 Justino
1116 1934 1303 1991 Romae
1338 1934 1573 2006 degente
1621 1949 1685 1989 ac
1718 1943 1893 1989 tetum
1935 1946 1995 1987 se

412 2029 677 2098 augendis
716 2026 976 2084 Ecclesiae
1023 2028 1359 2083 utilitatibus
1410 2028 1681 2093 tradente,
1736 2026 1997 2082 haeresim

411 2135 569 2175 suam
622 2121 1018 2175 architectatus
1059 2128 1143 2175 est
1180 2120 1327 2174 circa
1375 2134 1578 2174 annum
1614 2119 1741 2175 H5.
1783 2118 1843 2175 S.
1884 2117 1999 2173 Ire-

412 2224 562 2265 naaus
596 2225 661 2265 ex
685 2209 883 2264 Justini
918 2209 1169 2264 adversus
1214 2208 1541 2265 Marcionem
1568 2209 1712 2266 libro
1748 2210 1997 2264 testimo-

411 2303 564 2357 nium
596 2304 727 2358 citat
746 2306 887 2374 quod
913 2307 1264 2376 apposuimus
1289 2306 1342 2360 in
1359 2303 1693 2372 Appendice.
1723 2302 1839 2359 Hoc
1862 2318 2001 2372 opus

408 2408 637 2451 vocatur
665 2398 736 2454 ab
770 2400 1130 2471 Hieronymo,
1172 2409 1357 2453 contra
1389 2398 1720 2452 Marcionem
1769 2398 2000 2468 insignia

408 2489 711 2555 volumina;
743 2508 773 2545 a
798 2492 1021 2558 Photio,
1053 2492 1321 2555 cod.125,
1350 2493 1635 2561 ἀναγκαῖοι
1660 2491 1829 2560 λόγοι.
1848 2490 1999 2547 Hauc

412 2590 597 2637 autem
654 2583 1126 2639 elucubrationem
1181 2583 1435 2640 Justinus
1482 2584 1815 2654 perfecerat,
1873 2599 1995 2639 cum

410 2673 721 2744 Apologiam
760 2677 993 2745 primam
1031 2676 1231 2731 obtulit
1276 2676 1635 2747 imperatori;
1675 2675 1841 2745 idque
1886 2690 1995 2729 non

413 2768 649 2823 obscure
691 2769 934 2824 declarat
975 2768 1271 2834 Eusebius,
1311 2770 1404 2840 qui
1454 2769 1521 2824 de
1560 2768 1777 2824 Justino
1808 2768 1887 2823 sic
1917 2767 1998 2823 lo-

414 2859 603 2925 quitur
654 2861 729 2914 lib
772 2876 847 2924 tv,
892 2877 1016 2931 cap.
1062 2863 1172 2918 li:
1223 2864 1319 2926 Ὃς
1353 2862 1417 2933 δὴ
1469 2862 1562 2915 καὶ
1599 2860 1817 2933 γράψας
1860 2860 2001 2914 κατὰ

408 2951 738 3022 Μαρκίωνος
766 2953 1105 3025 σύγγραμμα
1138 2954 1465 3026 μνημονεύει
1491 2954 1566 3017 ὡς
1604 2954 1723 3007 καθ’
1758 2954 1815 3006 ὃν
1848 2952 2002 3007 συνὲ-

410 3058 574 3097 ταττε
613 3046 802 3116 καιρὸν
846 3047 1246 3118 γνωριζομένου
1287 3046 1366 3117 τῷ
1422 3046 1522 3117 βίῳ
1562 3045 1806 3115 τάνδρός.
1846 3064 1863 3096 ι
1897 3044 2000 3110 Qui

411 3134 633 3204 quidem
665 3152 788 3190 cum
814 3137 979 3191 etiam
1018 3154 1154 3208 opus
1180 3139 1442 3194 adversus
1483 3137 1819 3193 Marcionem
1859 3138 2001 3192 scri-

2100 1920 2215 1990 ipse
2250 1919 2467 1972 videtur
2502 1929 2847 1987 perspectum
2886 1916 3161 1971 habuisse.
3206 1918 3451 1971 Incertus
3503 1919 3691 1971 haereo

2100 2020 2288 2065 utrum
2321 2012 2422 2064 hoc
2450 2025 2588 2077 opus
2622 2010 2673 2063 in
2712 2009 3031 2077 primordiis
3062 2011 3438 2064 conversionis
3469 2026 3545 2062 an
3587 2012 3691 2064 sub

2103 2102 2225 2155 vita:
2264 2101 2426 2155 finem
2473 2098 2859 2154 elucubratum
2906 2106 3114 2167 putem.
3170 2097 3484 2167 Utrumque
3536 2098 3689 2151 enim

2104 2193 2238 2248 illud
2279 2203 2491 2264 tempus
2514 2191 2714 2247 Justini
2745 2191 3011 2245 adversus
3054 2190 3409 2260 philosophos
3435 2190 3692 2259 disputa-

2102 2284 2342 2338 tionibus
2369 2284 2581 2353 insigne
2619 2282 2849 2338 exstitit.
2895 2280 3010 2336 Non
3040 2282 3397 2338 incommode
3426 2283 3499 2336 ad
3531 2284 3692 2336 initia

2102 2375 2410 2431 referretur
2434 2376 2523 2431 hic
2549 2377 2706 2440 liber,
2734 2379 2825 2447 qui
2865 2377 3086 2432 videtur
3122 2377 3259 2432 levis
3281 2376 3464 2445 potius
3490 2388 3692 2431 contra

2102 2467 2456 2538 philosophos
2479 2469 2807 2524 exercitatio
2846 2468 3043 2535 fuisse,
3070 2485 3237 2540 quam
3267 2483 3405 2538 opus
3444 2467 3691 2525 e'media

2103 2562 2371 2631 religione
2412 2563 2726 2632 repetitum.
2772 2561 2882 2617 Sed
2929 2565 3059 2632 quia
3104 2571 3391 2631 postquam
3434 2560 3694 2615 Justinus

2101 2654 2335 2710 Romam
2382 2656 2576 2720 rediit,
2614 2657 3004 2728 gravissimum
3036 2673 3162 2713 cum
3203 2657 3552 2728 philosophis
3573 2656 3692 2711 bel-

2104 2747 2215 2801 lum
2269 2747 2490 2814 habuit;
2539 2747 2683 2803 forte
2721 2763 2786 2803 eo
2842 2758 3086 2818 tempore
3149 2749 3252 2803 hoc
3281 2764 3414 2818 opus
3460 2763 3695 2818 compo-

2102 2842 2237 2903 suit,
2264 2840 2506 2910 illudque
2539 2858 2685 2897 mors
2726 2842 3009 2897 absolvere
3032 2841 3327 2911 prohibuit.

2179 2934 2317 2988 Ante
2344 2936 2485 2988 hunc
2510 2934 2710 2988 librum
2749 2945 3065 2990 recensetur
3094 2936 3162 2989 ab
3192 2934 3432 2989 Eusebio
3455 2932 3691 2998 Ρεαιια.

2105 3022 2215 3077 alia
2246 3022 2445 3077 Justini
2472 3023 2836 3088 elucubratio,
2870 3023 2937 3079 de
2966 3039 3071 3093 qua
3105 3024 3239 3078 nihil
3265 3025 3484 3078 videtur
3514 3026 3692 3079 statui

2106 3126 2288 3183 posse.
2316 3111 2393 3167 De
2420 3113 2718 3183 suppositis
2766 3115 2975 3169 nomini
3019 3114 3221 3170 JuStini
3258 3115 3538 3184 operibus,
3569 3130 3698 3184 qua

412 3225 634 3294 psisset,
666 3229 915 3283 meminit
940 3230 1205 3295 hominis,
1240 3241 1299 3285 ut
1336 3231 1513 3285 adhuc
1545 3231 1689 3284 inter
1714 3229 1868 3284 vivos
1898 3243 1995 3283 ex-

2189 3208 2557 3279 Appendicem
2581 3206 2782 3275 rejecta
2830 3218 2978 3275 sunt,
3015 3192 3238 3278 przefixa
3266 3206 3565 3276 unicuique
3588 3208 3693 3260 ad-

415 3321 613 3376 stantis
642 3337 765 3375 cum
797 3324 1086 3379 scriberet.
1118 3343 1137 3376 ι
1168 3324 1308 3377 Tum
1344 3324 1553 3393 profert
1571 3323 1839 3378 Eusebius
1869 3322 2003 3377 illud

414 3409 617 3468 Justini
666 3429 732 3468 ex
764 3414 789 3467 1
832 3416 1009 3483 ΑροΙ.,
1042 3432 1098 3473 n.
1134 3415 1206 3469 Q6
1240 3438 1250 3470 :
1292 3434 1309 3466 ι
1347 3416 1620 3470 Praeterea
1670 3415 2001 3469 Marcionem

414 3505 705 3573 quemdam
729 3505 1015 3563 Ponticum
1049 3509 1323 3572 novimus,
1348 3510 1439 3578 qui
1475 3510 1775 3562 etiammun
1806 3522 2003 3576 super-

413 3604 519 3655 est.
554 3615 575 3649 »
620 3596 814 3653 Priora
860 3599 949 3654 illa
995 3601 1180 3665 verba,
1208 3600 1267 3665 ὃς
1298 3601 1362 3673 δὴ
1391 3600 1484 3654 καὶ
1520 3598 1847 3671 γράψας,εἰο
1883 3597 2004 3652 red-

418 3688 557 3744 didit
597 3689 890 3747 Valesius:
934 3692 1039 3758 Qui
1076 3694 1133 3747 in
1166 3692 1301 3747 libro
1338 3694 1593 3747 adversus
1642 3691 2000 3754 Marcionem,

417 3788 551 3846 etc.,
582 3798 759 3853 neque
780 3785 943 3840 aliter
966 3799 1030 3840 ea
1056 3783 1327 3840 intellexit
1344 3783 1708 3854 Nicephorus,
1731 3781 2005 3853 quiztesti-

416 3875 660 3928 monium
700 3874 899 3931 Justini
925 3878 994 3931 ab
1026 3876 1260 3932 Eusebio
1282 3876 1509 3931 citatum
1549 3890 1616 3929 ex
1647 3874 1789 3928 libro
1819 3882 2004 3927 contra

422 3965 751 4022 Marcionem
783 3971 1164 4039 depromptum
1204 3983 1325 4023 esse
1357 3977 1530 4039 putat.
1592 3966 1747 4023 Unde
1779 3966 1868 4019 alii
1894 3966 2005 4019 Eu-

418 4058 571 4115 sebio
604 4063 919 4117 memoriam
954 4061 1246 4126 efﬂuxisse,
1275 4062 1368 4116 alii
1409 4060 1684 4117 Justinum
1713 4057 1903 4114 eadem
1938 4058 2006 4112 de

424 4147 705 4207 Marciane
749 4164 805 4207 et
839 4154 895 4208 in
950 4154 1209 4225 Apologia
1236 4164 1291 4209 et
1322 4155 1376 4209 in
1411 4153 1553 4209 libro
1576 4154 1826 4207 adversus
1853 4151 2005 4206 Mar-

418 4243 625 4298 cionem
662 4244 871 4301 dixisse
901 4247 1226 4317 conjiciunt.
1253 4246 1361 4302 Sed
1394 4247 1665 4304 Eusebius
1691 4247 2002 4313 librum,ex

418 4353 529 4408 quo
559 4337 688 4392 illud
720 4340 1092 4394 testimonium
1119 4340 1474 4411 deprompsit,
1496 4338 1787 4395 manifeste
1810 4339 2007 4394 distin-

422 4430 624 4497 guitab
650 4446 816 4501 opere
847 4431 1109 4488 adversus
1128 4431 1481 4488 Mareionem.
1507 4432 1643 4487 illud
1671 4433 1840 4494 enim,
1858 4432 1917 4495 ὃς
1938 4431 2002 4503 δὴ

420 4522 516 4576 καὶ
546 4523 783 4594 γράψας,
826 4541 933 4579 non
968 4525 1109 4579 idem
1139 4525 1283 4580 valet
1326 4541 1391 4580 ac
1430 4525 1681 4589 scribens,
1729 4526 1821 4580 sed
1857 4526 2000 4579 idem
2038 4554 2083 4608 Ι)

423 4630 491 4668 ac
525 4632 538 4669 :
585 4614 689 4679 Qui
715 4632 836 4668 cum
872 4618 1028 4670 etiam
1059 4618 1349 4685 scripsisset
1398 4634 1527 4687 opus
1569 4618 1822 4671 adversus
1858 4616 2007 4671 illar-

424 4708 647 4767 cionem,
682 4700 1085 4778 vel,postquam
1127 4710 1287 4762 etiant
1334 4726 1463 4771 opus
1496 4711 1710 4777 scripsit
1753 4712 2005 4763 adversus

426 4794 784 4853 Marcionem:
813 4814 877 4853 ac
909 4801 1133 4868 proinde
1155 4799 1479 4856 tlquustini
1499 4817 1662 4871 opera
1684 4802 1775 4857 hic
1802 4802 2006 4856 distin-

428 4888 545 4957 guit
571 4888 874 4954 Eusebius;
906 4891 1140 4946 alterum
1169 4905 1355 4947 contra
1380 4892 1734 4957 Marcionem,
1770 4892 2005 4947 alterum

432 4981 487 5035 in
526 4996 637 5050 quo
655 4980 902 5037 Justinus
924 4987 990 5038 de
1015 4984 1130 5051 illo,
1155 4994 1213 5039 ut
1234 4987 1414 5040 adhuc
1436 4994 1713 5052 exstante,
1739 4986 1973 5055 loqueba
1990 5016 2007 5028 ι

434 5085 544 5128 tur.
575 5072 695 5144 Ipsa
727 5074 815 5129 illa
850 5078 1037 5140 verba,
1083 5075 1351 5133 Prwterea
1377 5077 1702 5133 Marcionem
1722 5080 2003 5149 quemdam

431 5170 699 5234 novimus,
735 5171 971 5229 hominis
1011 5183 1138 5229 sunt
1179 5172 1513 5228 Marciouent
1554 5186 1663 5226 non
1706 5181 1821 5227 toto
1865 5172 2009 5229 libro

432 5262 761 5330 refellentis,
793 5268 889 5321 sed
934 5266 1113 5322 obiter
1145 5267 1405 5325 notantis.
1448 5265 1603 5334 Quod
1635 5274 1822 5321 autem
1858 5266 2010 5321 addit

431 5354 705 5412 Eusebius
734 5357 1012 5413 Justinum
1047 5359 1239 5429 paucis
1277 5359 1579 5429 interjectis
1622 5359 1955 5429 subiungere
1992 5374 2006 5410 :

430 5446 529 5503 Est
554 5450 711 5503 etiam
740 5451 871 5505 liber
905 5468 937 5504 a
970 5452 1117 5505 nobis
1154 5452 1474 5522 compositus
1514 5452 1766 5506 adversus
1801 5466 2005 5514 omnes,

430 5560 550 5612 qua:
581 5561 813 5615 unquam
852 5544 1087 5613 fuerunt,
1129 5546 1376 5607 haereses,
1418 5561 1570 5614 quem
1618 5544 1812 5598 librum
1839 5544 2007 5610 vobis,

436 5634 482 5687 si
517 5635 592 5687 ita
622 5636 906 5700 videbitur,
938 5636 1212 5706 legendum
1256 5638 1555 5700 trademus,
1602 5636 1725 5691 inde
1774 5635 2010 5691 manife-

434 5738 577 5781 stum
602 5738 679 5780 est
714 5728 781 5782 ab
810 5728 1043 5784 Eusebio
1072 5729 1302 5785 indicari
1327 5728 1557 5798 opus,iu
1584 5743 1690 5797 quo
1714 5728 2014 5798 imperato-

438 5834 528 5879 res
557 5820 937 5895 alloquebatur
965 5822 1405 5903 Justinus._lllud
1429 5838 1563 5897 opus
1594 5822 1858 5882 adversus
1896 5824 2013 5883 hae-

2111 3299 2338 3353 tnonitio
2366 3299 2497 3368 quid
2533 3300 2767 3353 sentiam
2788 3300 3033 3369 exponit.
3067 3299 3173 3355 Sed
3201 3299 3417 3354 Eusebii
3443 3309 3697 3368 tempore

2109 3390 2281 3445 multa
2316 3390 2548 3462 genuina
2581 3391 2899 3458 exstabant,
2932 3407 3055 3462 qua:
3085 3406 3184 3447 nec
3215 3393 3285 3447 ab
3315 3391 3559 3446 Eusebio
3599 3407 3695 3446 re-

2108 3495 2431 3551 censentur,
2476 3498 2653 3553 neque
2702 3482 2770 3536 ad
2814 3500 2913 3539 nos
2953 3493 3351 3555 pervenerunt.
3394 3484 3487 3539 Sic
3540 3487 3694 3539 enim

2109 3576 2391 3646 loquitur:
2420 3577 2653 3630 Πλεῖστα
2684 3576 2741 3630 δὲ
2773 3578 2867 3630 xal.
2897 3578 3059 3649 ἕτερα
3091 3577 3243 3650 παρὰ
3286 3577 3500 3641 πολλοῖς
3531 3579 3698 3649 φέρε-

2107 3686 2197 3721 ται
2248 3668 2500 3739 ἀδελφοῖς
2534 3670 2643 3723 τῶν
2688 3668 2856 3723 αὐτοῦ
2896 3670 3098 3723 πόνων.
3136 3688 3157 3721 t
3194 3670 3430 3725 Exstant
3465 3680 3523 3726 et
3578 3670 3693 3725 alia

2108 3761 2341 3829 plurima
2380 3762 2523 3831 apud
2573 3762 2779 3817 multos
2829 3763 3029 3817 fratres
3060 3762 3205 3818 illius
3250 3762 3456 3818 laboris
3493 3778 3696 3817 monu-

2108 3862 2318 3908 menta.
2356 3872 2375 3906 ι
2408 3853 2465 3906 ln
2497 3853 2583 3908 his
2611 3868 2714 3908 nec
2752 3854 3115 3925 Apocalypsis
3147 3854 3571 3925 explicationem
3597 3871 3697 3910 nu-

2109 3946 2427 4002 merandam
2457 3947 2707 4001 duxerim
2743 3946 2909 4017 (hanc
2933 3946 3347 4003 enimJustinus
3380 3958 3434 4002 et
3458 3948 3695 4002 lreuteus

2110 4038 2459 4106 interpretati
2495 4037 2777 4103 dicuntur,
2804 4038 2933 4107 quia
2959 4038 3223 4094 nonnulla
3250 4038 3369 4094 loca
3396 4039 3693 4093 occasione

2109 4129 2234 4185 data
2257 4129 2671 4200 explauaruut),
2710 4147 2813 4185 nec
2842 4131 3291 4186 commentarium
3312 4130 3367 4184 in
3394 4128 3694 4184 Hexaeme-

2109 4238 2225 4287 ron,
2258 4237 2360 4278 nec
2392 4222 2589 4277 librum
2620 4223 2697 4277 De
2730 4224 3131 4287 resurrectione,
3167 4224 3234 4276 de
3270 4224 3471 4293 quibus
3497 4224 3549 4276 in
3583 4224 3696 4288 Ap-

2111 4317 2357 4387 peudicis
2388 4317 2626 4371 secunda
2670 4327 2826 4387 parte
2850 4316 3085 4386 egimus,
3141 4330 3240 4370 nec
3286 4315 3509 4370 citatum
3554 4332 3585 4369 a
3631 4317 3693 4369 S.

2110 4409 2365 4474 Maximo,
2382 4420 2510 4464 tom.
2528 4407 2593 4473 ll,
2623 4426 2746 4478 pag.
2776 4409 2899 4475 154,
2932 4408 3233 4462 Tractatum
3259 4408 3322 4461 de
3347 4405 3695 4463 Providentia

2111 4514 2156 4558 et
2188 4504 2293 4571 ﬁde
2312 4503 2563 4557 adversus
2590 4501 2953 4569 Euphrasium
2986 4502 3295 4571 sophistam.

2190 4619 2255 4673 V.
2285 4619 2357 4673 At
2405 4618 2547 4673 idem
2585 4617 2691 4671 dici
2748 4632 2855 4671 non
2902 4626 3087 4686 potest
3134 4617 3201 4670 de
3237 4617 3693 4684 praestantissima

2113 4714 2179 4767 ad
2206 4713 2523 4784 Diognetum
2552 4712 2800 4782 epistola,
2834 4724 2997 4780 quam
3032 4708 3249 4764 Justino
3294 4708 3544 4762 tribuunt
3568 4723 3695 4763 eru-

2112 4804 2211 4858 diti
2245 4821 2349 4859 non
2382 4807 2559 4875 pauci,
2587 4804 2716 4859 aliis
2762 4802 3174 4872 refragantibus
3204 4811 3260 4856 et
3290 4800 3415 4872 styli
3457 4816 3523 4854 ac
3556 4809 3695 4855 tem-

2113 4913 2305 4966 porum
2350 4897 2645 4951 discrimen
2687 4896 3093 4963 objicientibus.
3138 4894 3402 4963 Equidem
3450 4895 3562 4948 etsi
3598 4910 3695 4949 ne-

2113 4990 2243 5043 mini
2277 4990 2532 5056 concedo,
2566 4991 2658 5060 qui
2693 4996 2865 5058 magis
2884 4987 3258 5043 aveat’Justini
3284 4986 3498 5042 nomini
3524 4990 3691 5042 decus

2115 5086 2218 5138 hoc
2242 5082 2446 5138 eximio
2463 5098 2630 5153 opere
2658 5083 2883 5149 addere,
2917 5098 3024 5137 non
3069 5082 3119 5137 ei
3152 5090 3260 5135 tam
3301 5090 3693 5135 assereranter

2114 5174 2243 5230 illud
2276 5173 2580 5238 tribuerim,
2610 5188 2772 5242 quam
2790 5172 2902 5227 alia
2920 5186 3105 5242 opera,
3129 5186 3250 5241 qua:
3270 5181 3327 5227 et
3348 5172 3418 5226 ab
3447 5171 3693 5240 antiquis

2116 5277 2418 5323 memorata
2466 5276 2614 5331 sunt,
2657 5274 2714 5320 et
2755 5280 2857 5320 sua
2895 5274 3091 5333 sponte
3129 5264 3401 5334 plurimas
3443 5265 3692 5331 parentis

2113 5358 2203 5412 sui
2229 5366 2386 5411 notas
2406 5412 2407 5415 η
2429 5355 2695 5411 referunt.
2734 5354 2920 5424 Neque
2948 5354 3120 5409 etiam
3154 5354 3265 5409 illis
3294 5353 3571 5408 assentiar
3596 5356 3689 5416 qui

2115 5451 2255 5505 hanc
2277 5449 2557 5518 epistolam
2581 5446 2816 5513 Justino,
2850 5456 2909 5501 ut
2944 5447 3089 5502 aetati
3126 5445 3435 5515 apostolica:
3466 5446 3693 5514 propio-

2119 5556 2255 5603 rem,
2290 5542 2504 5611 penitus
2530 5542 2862 5613 abjudicant.
2884 5540 2939 5595 Si
2970 5539 3094 5610 styli
3126 5538 3519 5593 dissimilitudo
3538 5541 3692 5593 exci-

2117 5638 2516 5704 piatur,c:etera
2532 5636 2662 5689 satis
2681 5631 3367 5704 congruent,etsententia:
3379 5642 3433 5684 et
3448 5642 3688 5700 tempus.

2189 5728 2303 5782 Non
2336 5729 2511 5781 solum
2545 5726 2787 5797 epistola:
2818 5725 2883 5779 ad
2926 5727 3244 5794 Diognetum
3282 5724 3421 5777 idem
3462 5721 3579 5777 fere
3606 5733 3693 5778 est

2119 5824 2401 5882 exordium
2443 5836 2504 5880 ac
2550 5819 2943 5879 Cohortationis
2988 5820 3057 5873 ad
3103 5816 3338 5882 ercos,
3378 5817 3473 5871 sed
3518 5817 3693 5875 etiam
