3792 6546
82 364 187 421 125

1104 368 1172 431 Ι).
1213 370 1478 428 MARANI
1513 370 1909 432 PREFATIO.
1944 406 2016 419 --
2043 374 2223 431 PARS
2257 378 2344 435 lll.

3271 378 3304 432 ei
3314 378 3383 432 26

84 489 350 545 nonnulla
385 491 507 547 alia
542 500 842 550 occurrunt
867 509 1019 549 num.
1048 494 1082 550 6
1112 506 1167 551 et
1188 495 1462 567 7,quibus
1490 496 1690 553 similia
1719 501 1769 557 A
1796 498 1943 551 stino
1959 497 2306 568 antiquioris.
2329 498 2662 554 Accnratior
2692 498 2798 554 erit
2818 497 3221 569 interpretatio,
3240 500 3283 551 si
3304 501 3376 554 ita

85 582 466 639 indicavimus
491 585 697 641 Justini
722 587 864 642 loca.

147 675 609 749 Tillemontium,
638 680 729 751 qui
761 682 969 753 primus
992 683 1135 738 hanc
1161 684 1445 754 epistolam
1467 681 1685 737 Justino

84 768 452 837 abjudicavit,
486 772 547 827 in
579 776 724 829 hanc
746 774 1078 830 sententiam
1114 775 1460 831 adduxerunt
1485 784 1684 846 praeter

81 858 199 929 styli
227 860 790 931 dissimilitudinem,
834 867 1114 922 nonnullae
1140 868 1319 922 atatis
1349 867 1562 922 Iustino
1585 884 1681 921 su-

84 952 307 1017 perioris
334 956 545 1020 motae,
611 956 758 1012 velut
810 958 898 1012 illa
931 958 1181 1030 Diogneti
1216 960 1472 1031 quaestio,
1510 962 1619 1017 n.i
1660 977 1674 1013 :

82 1039 180 1091 Cur
202 1056 409 1095 novum
444 1042 552 1097 hoc
580 1062 744 1115 genus
776 1055 874 1100 aut
907 1049 1215 1102 institutum
1237 1047 1675 1103 Christianorum

1790 589 2079 643 reddamus
2097 607 2114 643 :
2138 588 2339 644 Factus
2356 589 2719 656 apostolorum
2740 589 3128 658 discipulus,ﬁo
3145 592 3375 659 gentium

1785 683 1993 735 doctor.
2020 680 2087 737 Ut
2115 680 2352 737 doctoris
2378 681 2615 750 gentium
2641 682 2721 737 ita
2746 694 2800 736 et
2822 681 3073 751 discipuli
3099 682 3375 750 apostolo-

1786 786 1904 826 rum
1941 770 2135 827 titulus
2166 773 2355 827 stricte
2390 773 2615 843 intelligi
2648 788 2754 828 non
2793 772 2971 827 debet.
3013 771 3371 827 Utdoctorem

1780 879 1840 919 se
1866 866 2110 935 gentium
2130 882 2233 920 non
2258 866 2389 920 dicit
2413 865 2482 919 ob
2507 866 2749 920 muneris
2782 864 3129 934 dignitatem,
3171 864 3266 918 sed
3302 866 3371 918 ob

1780 957 2019 1013 studium
2054 958 2415 1028 praedicandm
2445 957 2743 1021 doctrinas,
2773 958 2843 1010 ita
2880 968 3105 1026 accepta
3138 957 3206 1010 ab
3232 971 3366 1025 apo-

1778 1050 1930 1105 stolis
1961 1050 2273 1120 diseiplina,
2306 1065 2417 1104 non
2446 1050 2599 1105 illum
2630 1050 2856 1106 honoris
2888 1050 3135 1105 .titnlum
3158 1048 3369 1119 signili~

86 1132 131 1183 in
149 1135 605 1189 consuetudinem
631 1139 801 1191 venire
825 1154 965 1192 nunc
1004 1138 1217 1207 cmperit
1241 1152 1305 1191 ac
1338 1155 1445 1192 non
1475 1140 1623 1208 prius
1655 1153 1675 1191 :

83 1222 264 1276 deinde
294 1224 481 1278 etiam
509 1227 655 1296 quod
687 1228 1004 1283 existimare
1027 1226 1199 1283 Judaei
1224 1228 1508 1294 dicuntur,
1534 1246 1589 1284 n.
1616 1231 1671 1296 3,

86 1332 129 1367 se
145 1331 230 1381 per
252 1322 592 1387 sanguinem
618 1329 667 1373 et
685 1321 925 1375 nidorem
945 1331 993 1376 et
1024 1322 1338 1377 holocausta
1365 1323 1543 1392 facere
1564 1323 1671 1379 Deo

85 1405 331 1473 sacriﬁcia
356 1415 412 1459 et
448 1408 541 1460 his
572 1425 689 1462 eum
713 1411 1002 1466 honoribus
1026 1428 1221 1466 ornare
1243 1429 1262 1468 :
1289 1412 1408 1482 ipse
1434 1412 1672 1484 denique

85 1495 435 1563 apostolorum
466 1498 731 1566 discipuli
760 1500 975 1569 titulus,
1009 1516 1174 1573 quem
1193 1503 1296 1559 sibi
1326 1513 1525 1561 auctor
1553 1506 1670 1576 epi-

82 1588 217 1641 stola:
246 1591 449 1653 sumit,
485 1605 547 1643 ο.
578 1591 665 1648 Η.

140 1677 248 1733 Non
270 1678 537 1736 difﬁcilia
564 1691 693 1736 sunt
730 1684 800 1738 ad
840 1685 1165 1742 solvendum
1194 1706 1316 1759 qua:
1350 1694 1432 1747 vir
1456 1693 1665 1749 doctis-

83 1770 230 1825 simus
263 1772 492 1839 objicit,
535 1784 594 1828 ut
623 1775 765 1831 hanc
801 1778 1093 1847 epistolam
1123 1779 1339 1839 Justino
1385 1787 1664 1856 antiquio-

83 1878 177 1917 rem
204 1878 324 1918 esse
353 1867 585 1934 probet.
615 1868 724 1923 Cur
751 1870 896 1923 enini
923 1869 1123 1928 Justini
1141 1891 1257 1931 aevo
1281 1878 1472 1948 religio
1502 1880 1662 1933 (thri-

85 1956 232 2008 stiana
265 1971 374 2010 non
409 1959 713 2014 admodum
747 1965 1248 2033 recensvideretur,
1278 1983 1403 2023 cum
1446 1970 1661 2026 Tertul-

83 2044 231 2100 lianus
258 2047 499 2113 dixerit,
546 2048 800 2106 Hesterni
835 2071 1020 2110 sumus
1061 2055 1236 2128 (Apol.
1266 2074 1386 2130 cap.
1412 2061 1541 2134 δην
1563 2062 1659 2119 Ju-

83 2137 228 2192 stinus
266 2139 385 2208 ipse
423 2140 486 2194 iu
521 2142 678 2210 Apol.
731 2145 782 2211 i,
814 2162 871 2201 n.
905 2148 1000 2213 65,
1038 2150 1229 2204 eadem
1263 2152 1514 2221 loquendi
1570 2174 1656 2210 ra-

85 2227 207 2282 tione
234 2229 429 2285 utitur.
486 2231 587 2285 Ait
617 2234 760 2288 enim
800 2234 985 2290 Iesum
1028 2237 1319 2304 Christum,
1354 2259 1471 2294 cum
1497 2253 1655 2300 antea

96 2319 285 2375 Verbum
302 2334 467 2391 esset,
505 2344 576 2382 ac
601 2328 756 2382 modo
779 2329 833 2383 in
853 2333 1024 2397 specie
1062 2331 1220 2400 ignis,
1248 2334 1403 2385 modo
1427 2334 1481 2387 in
1510 2336 1650 2389 ima-

82 2416 177 2479 gine
196 2413 527 2501 incorporea
573 2420 717 2473 visus
737 2431 870 2474 esset
897 2436 915 2473 :
935 2439 954 2471 i
993 2437 1136 2476 nunc
1161 2422 1445 2480 voluntate
1471 2425 1652 2483 Patris

87 2521 162 2573 pro
185 2508 459 2562 hominum
492 2524 699 2580 genere
731 2512 1007 2567 hominem
1038 2512 1265 2580 factum,
1305 2533 1323 2566 ι
1355 2516 1452 2571 νῦν
1482 2518 1539 2571 δὲ
1560 2519 1650 2573 διὰ

86 2599 349 2670 eniam;
383 2602 535 2655 Θεοῦ
570 2603 710 2675 ὑπὲρ
732 2604 827 2657 τοῦ
847 2603 1189 2676 ἀνθρωπείου
1223 2607 1414 2675 γένους
1433 2608 1646 2681 ἄνθρω-

88 2710 166 2754 πθς
190 2694 495 2763 γενόμενος.

140 2782 397 2838 Sacriﬁcia
420 2785 649 2855 quidem
667 2783 835 2842 Judaei
860 2787 1057 2844 oll‘erre
1086 2791 1368 2846 desierunt
1401 2803 1522 2863 post
1554 2810 1645 2850 ur-

94 2875 155 2929 bis
174 2884 218 2929 et
233 2876 412 2946 templi
435 2894 587 2933 anno
604 2879 675 2935 70
691 2880 922 2936 excidia.
954 2882 1062 2938 Sed
1094 2894 1276 2938 tamen
1309 2899 1431 2939 cum
1452 2896 1646 2941 auctor

1777 1146 1887 1203 cat,
1920 1140 2012 1208 qui
2059 1149 2187 1194 tunc
2241 1153 2441 1208 magno
2481 1140 2533 1193 in
2568 1139 2742 1208 pretio
2786 1149 2931 1203 erat,
2978 1139 3070 1192 sed
3109 1138 3366 1193 omnibus

1774 1230 2080 1286 communis
2111 1239 2195 1286 est
2236 1230 2557 1299 quicunque
2598 1232 2797 1301 spretis
2851 1230 3190 1302 philosophis
3229 1248 3366 1301 pra:-

1774 1322 2005 1376 dicatam
2058 1323 2126 1377 ab
2179 1323 2439 1393 apostolis
2484 1323 2643 1377 fidem
2696 1323 2937 1393 amplexi
2974 1332 3124 1380 sunt.
3160 1323 3363 1381 Omnes

1769 1414 1915 1468 enim
1964 1414 2161 1468 invitat
2194 1424 2383 1469 auctor
2420 1414 2684 1484 epistolai,
2731 1425 2791 1470 ut
2839 1416 2980 1470 idem
3031 1416 3359 1471 beneficium

1768 1512 1824 1558 et
1850 1504 2114 1560 honorem
2148 1514 2580 1574 consequantur.
2620 1523 2639 1557 ς
2673 1505 2803 1572 Qua:
2836 1507 3033 1560 tradita
3062 1515 3189 1561 sunt
3226 1507 3356 1563 mihi

1768 1596 2119 1651 subministro
2152 1597 2216 1652 iis
2264 1596 2357 1667 qui
2406 1597 2653 1667 discipuli
2685 1599 2820 1650 liunt
2856 1598 3003 1667 digni
3039 1600 3292 1654 veritate.
3330 1619 3351 1652 ο

1766 1686 1882 1741 Non
1915 1687 2025 1742 alio
2073 1703 2237 1743 sensu
2278 1689 2522 1759 epistola:
2557 1689 2743 1743 Basilii
2793 1690 2900 1745 555
2940 1702 3155 1751 auctor.
3196 1707 3357 1761 quem

1764 1774 2023 1832 Basilium
2057 1793 2181 1833 esse
2229 1794 2332 1833 non
2374 1788 2526 1847 puto,
2575 1780 2902 1847 piscatorum
2937 1782 3261 1848 discipulum
3299 1797 3359 1836 se

1694 1842 1747 1905 B~
1769 1881 1894 1923 esse
1941 1868 2249 1937 proﬁtetur.
2309 1842 2452 1926 Idem
2493 1842 2737 1940 proﬁteri
2788 1870 2945 1925 licuit
2985 1842 3223 1926 Justino.
3259 1872 3357 1926 Ni-

1764 1958 1841 2013 hil
1891 1973 2023 2029 ergo
2070 1959 2122 2013 in
2172 1962 2275 2015 bac
2324 1960 2577 2029 epistola,
2616 1960 2764 2029 quod
2801 1975 2926 2013 cum
2967 1968 3125 2013 natale
3154 1958 3353 2017 Jitstini

1761 2065 1869 2106 non
1893 2054 2159 2122 quadret;
2208 2053 2319 2108 imo
2370 2054 2435 2107 ad
2486 2052 2841 2122 apostolicam
2890 2063 3105 2107 aetatem
3161 2053 3353 2109 referri

1759 2157 1864 2195 non
1898 2152 2079 2212 potest
2100 2145 2331 2213 apostoli
2369 2144 2581 2210 titulus,
2612 2144 2716 2198 sub
2755 2160 2862 2214 quo
2893 2145 3095 2200 Paulus
3132 2146 3353 2199 nomine

1758 2235 1925 2289 tacito
1958 2235 2275 2305 designatur
2344 2252 2494 2290 num.
2536 2236 2623 2291 1‘2.
2676 2237 2806 2292 Sine
2832 2237 2939 2291 ulla
2993 2254 3214 2305 prorsus
3260 2255 3353 2292 ra-

1758 2326 1906 2380 tione
1954 2326 2099 2381 hnnc
2137 2326 2339 2389 locum,
2373 2329 2480 2381 imo
2509 2339 2811 2383 extremam
2864 2331 3107 2399 epistolae
3140 2341 3348 2400 partem

1754 2417 1823 2470 ab
1844 2418 1926 2471 his
1944 2418 2120 2473 verbis
2143 2413 2297 2481 οὗτος
2317 2421 2345 2473 ὁ
2366 2420 2459 2472 ἀπ’
2477 2419 2675 2490 ἀρχῆς,
2695 2420 2763 2473 ab
2785 2420 2890 2474 alio
2909 2431 3148 2475 assutam
3171 2420 3351 2490 suspi-

1751 2519 1910 2563 catur
1954 2508 2370 2573 Tillemontius;
2412 2526 2725 2580 quanquam
2776 2513 2913 2564 hanc
2963 2511 3339 2580 conjecturam

1752 2616 1859 2655 non
1895 2615 2048 2655 suam
2082 2600 2230 2665 facit,
2258 2602 2352 2654 sed
2390 2600 2603 2654 erudito
2634 2601 2770 2667 viro,
2807 2616 2966 2671 quem
3017 2616 3124 2655 non
3158 2600 3345 2670 appel-

1753 2694 1851 2755 lat,
1881 2691 2165 2763 acceptam
2204 2692 2391 2749 refert.

1824 2784 2115 2839 Existimat
2148 2785 2286 2839 idem
2320 2786 2675 2840 doctissimus
2716 2784 2972 2853 scriptor,
3017 2784 3231 2839 etiamsi
3273 2799 3340 2838 ea

1747 2872 2033 2926 solvantur
2076 2886 2197 2940 quae
2247 2872 2464 2939 objccit,
2523 2874 2696 2942 ipsam
2744 2873 2870 2944 styli
2917 2873 3337 2939 discrepantiam

90 2968 286 3034 cpistola:
315 2969 447 3039 quid
496 2972 965 3030 intersitJudzeos
1016 2975 1160 3031 inter
1209 2985 1263 3030 et
1298 2977 1630 3033 Christianos

1793 2962 1881 3016 itis
1909 2963 2213 3031 argumenti
2250 2962 2512 3024 futuram,
2547 2979 2644 3016 cur
2679 2963 2782 3019 hoc
2814 2978 2952 3031 opus
2978 2960 3197 3017 Iustino
3232 2979 3339 3017 non

93 3069 302 3127 εςροηιιι,
327 3076 432 3115 ηοη
456 3061 738 3117 immerito
760 3064 811 3117 in
838 3063 1039 3119 ,ιιιάωίε
1063 3075 1392 3135 aspernatur
1415 3078 1639 3122 οτυεηι,
1747 3053 2037 3107 tribuatur.
2077 3052 2228 3107 llaud
2258 3055 2435 3107 dicam
2468 3054 2723 3123 equidem
2755 3069 2839 3108 me
2873 3054 2987 3121 ,hac
3022 3053 3342 3110 diiiicultate

93 3146 160 3201 illa
206 3149 518 3205 animalium
568 3154 873 3220 sacrificia,
917 3170 1039 3224 quae
1086 3165 1141 3211 et
1184 3155 1397 3213 Judaici
1456 3160 1635 3214 cultus
1663 3179 1709 3242 ο
1744 3144 1935 3200 leviter
1972 3146 2309 3242 {noveriiel
2341 3145 2555 3242 idcirco
2588 3160 2712 3242 cum
2769 3146 3334 3242 incertushmrerem.

95 3254 191 3307 pars
222 3252 367 3296 erant
406 3243 667 3311 insignis,
699 3254 754 3300 et
802 3246 903 3300 sibi
936 3260 1032 3316 per
1070 3249 1177 3301 vim
1220 3259 1404 3321 erepta
1439 3250 1630 3317 Judaei,

1793 3252 1923 3305 eque
1966 3236 2032 3292 de
2065 3236 2319 3306 operibus
2362 3234 2557 3290 Justini
2592 3237 2875 3306 epistolam
2920 3237 3184 3307 disjunxi,
3241 3250 3339 3291 ne—

97 3330 129 3382 si
149 3329 300 3388 minus
329 3350 449 3402 usu,
481 3337 675 3392 saltem
707 3338 886 3393 animo
913 3350 968 3394 et
997 3340 1276 3396 voluntate
1307 3342 1630 3400 retinebant.

1800 3345 1850 3383 ie
1899 3344 1966 3384 eo
2022 3328 2141 3384 loco
2184 3328 2469 3395 collocavi,
2499 3332 2588 3399 qui
2626 3332 2676 3386 ei
2735 3330 3053 3386 tribuendus
3107 3329 3335 3392 fuisset,

94 3419 301 3479 Pluribus
334 3427 457 3482 aliis
500 3430 733 3498 contigit
772 3429 992 3485 Judaeos
1035 3432 1227 3488 eodem
1262 3434 1421 3488 modo
1451 3435 1630 3503 exagi-

1822 3421 2192 3476 certissimum
2223 3431 2369 3475 esset
2404 3419 2602 3475 Justini
2630 3436 2765 3490 opus
2801 3420 2899 3493 (l).
2936 3421 2992 3476 Si
3033 3422 3156 3490 quis
3185 3422 3329 3497 enim

101 3524 205 3570 tare.
233 3520 283 3572 δ.
316 3518 533 3575 Phileas
559 3532 773 3592 martyr
802 3524 867 3578 de
893 3523 1097 3579 Iudaeis
1119 3524 1198 3580 sic
1229 3525 1492 3595 loquitur,
1514 3529 1630 3581 Act.

1793 3511 2037 3576 istinum,
2072 3517 2131 3563 ut
2165 3514 2219 3565 in
2250 3510 2622 3565 Cohortutione
2661 3511 2834 3580 magis
2864 3513 3084 3583 elegans
3115 3512 3328 3566 dicendi

98 3616 254 3674 πιατιο,
291 3624 342 3680 p.
385 3609 541 3664 444:
581 3630 601 3662 ι
642 3611 785 3668 Solis
832 3612 1039 3668 Judaeis
1084 3624 1413 3683 praceptuin
1459 3617 1635 3673 fuerat
1741 3615 1935 3670 genus,
1965 3614 2130 3669 quam
2186 3600 2239 3654 in
2286 3599 2408 3654 aliis
2452 3599 2728 3667 Operibus,
2759 3609 2982 3653 secutus
3024 3606 3129 3666 est,
3164 3599 3239 3652 ita
3275 3597 3329 3651 in

100 3698 355 3755 sacriﬁcare
406 3704 521 3758 Deo
567 3704 667 3758 soli
720 3704 771 3759 in
805 3704 1196 3778 Hierosolyma.
1241 3707 1395 3764 Nunc
1448 3721 1630 3765 autem
1737 3692 1839 3746 hac
1867 3691 2097 3761 ερῖειο¹³
2127 3691 2362 3745 minime
2410 3690 2745 3778 elesansrac
2805 3690 3044 3743 maxime
3096 3686 3333 3778 sublime

100 3790 462 3854 peccantludzei
495 3796 549 3849 in
584 3794 719 3851 locis
749 3796 873 3851 aliis
915 3797 1182 3853 solemnia
1220 3814 1318 3854 sua
1350 3800 1630 3855 celebran-

1793 3791 1983 3836 :cutum
2028 3794 2154 3835 esse
2202 3779 2367 3845 velit;
2424 3777 2709 3833 referenda
2771 3778 2881 3833 erit
2917 3778 2984 3832 ad
3030 3776 3328 3848 primordia

103 3889 176 3933 tes.
205 3899 221 3932 ι
251 3882 504 3941 Eusebius
575 3888 627 3941 in
665 3888 854 3957 psatm,
896 3905 1022 3952 ιιν,
1072 3906 1126 3945 η,
1172 3891 1274 3955 15,
1320 3890 1629 3948 “deorum
1734 3872 2133 3936 conversionis,
2163 3880 2219 3925 et
2258 3870 2535 3939 antiquior
2584 3869 2945 3925 existimanda
2971 3884 3133 3939 quam
3180 3868 3328 3938 Apo—

105 3964 246 4023 irridet
284 3972 489 4044 ineptas
534 3976 765 4043 fabulas,
820 3978 991 4033 Deum
1034 3981 1233 4033 scilicet
1282 3981 1627 4051 holocaustis,
1733 3966 1910 4035 ίοθίατο
1954 3965 2008 4018 in
2060 3966 2258 4034 quibus
2302 3964 2481 4018 διυάίθ
2516 3963 2799 4033 τθιῖεῑοηίε
2842 3959 3190 4017 (Ῑθίθηίῖθῖὶδπ
3240 3960 3326 4043 in,“

107 4054 399 4123 thymiamatis
427 4083 641 4121 sensum
677 4071 1021 4135 moventibus,
1052 4082 1141 4124 aut
1186 4074 1436 4141 arietum,
1473 4075 1628 4129 boum

1793 4068 2039 4114 mnnatus
2105 4068 2423 4113 ornamenta
2464 4056 2695 4124 {dicendi
2764 4055 2987 4110 minime
3056 4062 3323 4108 sectatur.

106 4158 139 4199 et
173 4151 403 4209 hircorum
454 4160 714 4229 sanguine
754 4160 1028 4217 delectari.
1074 4161 1320 4218 Julianus
1372 4166 1514 4234 apud
1565 4165 1624 4222 δ,
1730 4145 1985 4202 Pluribus
2015 4146 2244 4201 eruditis
2294 4146 2522 4216 probata
2562 4144 2821 4200 Hallolxii
2858 4144 3194 4208 coniectura,
3230 4145 3324 4212 q-ui

109 4236 306 4305 Cyrillum
347 4247 526 4313 Alex.,
566 4249 661 4309 lib.
708 4267 789 4315 ιι,
834 4267 889 4321 p.
922 4253 1049 4318 505,
1089 4255 1292 4322 quaerit
1330 4271 1428 4309 cur
1464 4255 1628 4311 ειη-ί-
1735 4239 2083 4308 Diognetum,
2112 4240 2179 4293 ad
2209 4254 2372 4308 quem
2412 4237 2616 4308 scripta
2658 4249 2741 4292 est
2763 4236 3011 4307 epistola,
3058 4236 3235 4306 ipsum
3263 4235 3327 4288 il-

110 4329 227 4386 sliani
250 4351 341 4391 non
363 4339 555 4395 saltem
590 4341 701 4396 Deo
727 4345 1063 4400 sacriﬁcent.
1091 4346 1383 4402 Contendit
1406 4346 1625 4403 Judzeos

1793 4342 1840 4377 Ill
1877 4340 1999 4380 esse
2044 4326 2412 4387 existimavit,
2456 4340 2564 4394 quo
2605 4325 2674 4378 Μ.
2703 4326 2956 4379 Aurelius
2987 4324 3322 4393 etpingendi

113 4421 342 4482 etiamnum
366 4435 680 4488 sacriﬁcare
706 4436 759 4489 in
789 4437 1041 4491 domibus
1067 4440 1182 4493 suis
1204 4447 1257 4493 et
1278 4441 1491 4509 precari
1524 4455 1626 4495 an_
1731 4414 1994 4480 magistro
2024 4423 2079 4468 et
2109 4416 2338 4470 aliarum
2391 4431 2572 4470 rerum
2621 4416 2779 4484 longe
2813 4414 3100 4468 meliorum
3130 4414 3320 4467 horta-

113 4521 272 4580 tmtuam
306 4525 643 4591 sacriﬁcent,
689 4538 742 4583 et
798 4529 1047 4584 dextrum
1094 4546 1305 4585 armqu
1352 4533 1625 4602 primitias
1658 4526 1702 4580 D
1734 4512 1852 4560 mre
1882 4521 2010 4561 ⁸³⁵³⁵
2041 4516 2145 4563 θεῖ·

116 4601 207 4658 dare
241 4618 624 4684 sacerdotibus;
671 4622 764 4674 sed
811 4624 1033 4676 orbatos
1085 4624 1285 4691 templo
1332 4601 1388 4679 et
1436 4625 1625 4690 altari,

114 4707 192 4763 Iul,
222 4713 268 4756 ut
292 4708 443 4777 vulgo
486 4713 791 4781 appellant,
832 4717 1165 4778 sanctuario,
1204 4718 1449 4786 impediri
1487 4733 1623 4788 quo-

119 4788 244 4846 minus
269 4793 365 4851 Deo
392 4802 730 4856 victimarum
772 4806 1043 4874 primitias
1085 4807 1337 4861 oll‘crant.
1383 4808 1622 4866 Hilarius

116 4877 171 4931 sic
197 4882 440 4944 deiisdeni
467 4894 520 4947 in
538 4892 908 4963 psalm.i.-vni,
956 4913 1010 4950 n.
1060 4898 1127 4952 12
1158 4915 1171 4952 :
1211 4917 1230 4950 ι
1266 4898 1367 4954 Per
1405 4903 1616 4956 diversa

121 4974 293 5035 speciem
325 4985 605 5040 sacerdotii
652 4986 798 5045 illius
844 4989 1074 5055 legitimi
1116 5000 1171 5045 et
1222 4992 1520 5054 liolocausti
1565 5004 1619 5048 et

120 5062 469 5159 Circumcisionis
496 5078 823 5134 imitantur:
860 5096 984 5135 cum
1036 5085 1152 5139 haec
1188 5093 1393 5139 tantum
1425 5084 1492 5159 [Γ.
1534 5096 1617 5141 ta-

122 5156 226 5255 Iten]
248 5169 435 5224 nonnisi
462 5172 605 5228 intra
624 5175 1049 5248 Hierosolymam
1062 5177 1173 5232 sint
1209 5156 1448 5246 legitima
1480 5193 1613 5234 eon-

124 5254 272 5312 sttluta.
298 5274 316 5308 ι

168 5337 387 5406 immerito
410 5355 784 5413 'l'illcmontius
812 5359 928 5414 haec
953 5359 1196 5429 epistolae
1225 5363 1391 5416 verba
1424 5381 1435 5416 :
1481 5362 1614 5419 Cum

125 5437 399 5529 fPWiOlorum
436 5448 625 5513 fuerim
671 5451 985 5529 discipulus,
1016 5453 1089 5521 ﬁo
1128 5456 1360 5523 gentium
1404 5458 1610 5525 doctor,

128 5514 299 5582 hominis
318 5547 423 5591 esse
451 5552 601 5607 putat
622 5546 688 5597 ab
718 5527 851 5611 ipsis
877 5546 1138 5615 apostolis
1165 5547 1396 5604 instituti
1428 5567 1492 5606 ac
1519 5551 1612 5607 Ju-

2293 4562 2296 4566 ‘
2335 4576 2567 4634 CAPUT
2622 4575 2713 4633 tv.

1734 4664 1811 4719 De
1850 4666 2023 4735 prima
2074 4665 2137 4740 ᾧ
2193 4666 2394 4740 Justini
2441 4670 2696 4740 Apologia
2745 4681 2794 4725 et
2838 4672 2997 4724 trium
3038 4669 3318 4723 criminum

2070 4736 2389 4795 Christianis
2419 4736 2711 4812 a/ﬁctofum
2753 4742 2977 4811 origine.

1730 4826 1766 4876 l.
1798 4827 1875 4876 De
1898 4830 2159 4889 praecipuis
2180 4829 2457 4880 Christiano
2501 4829 2689 4879 nomini
2725 4829 2898 4880 ametis
2918 4827 3222 4879 criminibus.
3251 4832 3313 4883 ΙΙ.

1792 4890 2016 4955 Justinus
2038 4892 2215 4939 missos
2261 4892 2419 4941 refert
2440 4908 2465 4941 a
2490 4893 2675 4942 Judaais
2702 4898 2815 4955 post
2837 4893 3178 4955 ascensionem
3216 4892 3320 4941 Do-

1791 4953 1913 4999 mini
1933 4953 2142 5013 legatos,
2165 4955 2249 5014 qui
2275 4955 2365 5003 hos
2389 4968 2615 5003 rumores
2655 4952 2969 5065 spargerent.
3013 4952 3096 5002 Ill.
3137 4955 3236 5003 Alii
3267 4957 3317 5005 id

1791 5020 1950 5061 ortum
1976 5026 2088 5062 esse
2134 5016 2305 5064 dicunt
2327 5030 2390 5065 ex
2416 5017 2656 5065 ﬂagitiosa
2714 5018 3026 5065 aareticorum
3046 5017 3165 5065 vita.
3189 5016 3317 5065 Con-

1788 5020 1950 5079 ortum
1976 5026 2092 5079 esse
2134 5016 2305 5079 dicunt
2327 5030 2390 5065 ex
2416 5017 2656 5079 ﬂagitiosa
2680 5016 3026 5065 haereticorum
3046 5017 3165 5079 vita.
3189 5016 3317 5069 Con-

1789 5073 2032 5139 ciliauturg
2047 5077 2351 5127 dissidentes
2400 5079 2452 5125 in
2481 5073 2717 5139 'speeiem
2757 5080 3043 5127 sententiae.
3071 5076 3154 5126 IV.
3180 5079 3313 5128 Ante

1784 5143 1974 5202 captam
2008 5137 2364 5202 ierosolymam
2415 5137 2693 5189 collocanda
2743 5141 3002 5188 criminum
3044 5140 3203 5202 origo.
3253 5140 3310 5192 γ.

1787 5199 2106 5257 Quandouam
2122 5200 2228 5249 hac
2238 5202 2442 5250 crimina
2463 5202 2664 5251 desiere
2682 5201 2876 5264 jactari.

1789 5281 1831 5335 l.
1867 5282 2061 5336 Odium
2085 5281 2411 5338 Christiana:
2435 5284 2717 5355 religionis
2743 5287 2844 5339 sub
2869 5283 3115 5339 Adriano
3143 5283 3307 5338 Chri-

1718 5372 1912 5427 snanis
1946 5371 2160 5428 favente
2181 5390 2581 5444 compressum,
2622 5391 2836 5445 semper
2867 5377 2921 5430 in
2945 5374 3146 5429 animis
3177 5375 3305 5431 eth-

1721 5468 1966 5519 nicorum
2006 5467 2301 5530 residebat,
2333 5483 2398 5522 ac
2442 5469 2710 5524 violenter
2758 5470 2940 5538 erupit
2980 5469 3082 5522 sub
3129 5467 3305 5524 Anto—
3370 5526 3373 5527 ν

1716 5556 1865 5610 nino.
1917 5555 2075 5610 Nullo
2120 5572 2251 5613 sane
2293 5559 2484 5628 optimi
2529 5559 2869 5629 imperatoris
2898 5557 3081 5613 edicto
3128 5559 3305 5616 saeviit

175 5633 413 5734 ﬁcipsa
442 5656 797 5734 certissimum
835 5674 938 5709 non
979 5669 1060 5711 cst
1088 5660 1281 5717 Justini
1315 5680 1470 5734 opus,
1503 5666 1611 5721 imo

130 5711 369 5819 ﬁrmatque.
387 5727 619 5819 unanimi
646 5729 771 5819 fere.
790 5732 1058 5784 editorunt
1083 5711 1470 5805 consensum—iii,

162 5772 408 5867 :Ef‘ram‘nu
430 5793 524 5849 hoc
546 5800 866 5867 opusculum
894 5772 1609 5867 reetnlendigcittaun‘tl211:3;

132 5850 284 5918 Petunt,
306 5852 363 5907 ab
400 5859 505 5934 ipso
555 5850 1185 5937 abjudireantltjttti.’Vide

1713 5672 1779 5723 ad
1828 5669 2129 5742 editionem
2182 5681 2423 5727 nostram
2466 5673 2628 5742 hujus
2669 5670 2945 5742 Epistolaz,
2992 5671 3079 5727 cui
3122 5672 3303 5730 locum

1715 5756 1871 5793 suum
1918 5741 2314 5810 assignavimus
2361 5744 2500 5798 inter
2539 5741 2741 5812 Scripta
2775 5741 2997 5798 Patrum
3044 5744 3301 5811 saeculis,

1721 5826 1861 5878 quos
1892 5812 2276 5880 complectitur
2304 5814 2643 5871 collectiouis
2666 5823 2868 5870 nostra:
2894 5822 3072 5871 tomus
3101 5829 3299 5880 secun-

1723 5882 1843 5935 dus.
1882 5881 2042 5937 Entr'.
2088 5881 2256 5940 Pus.
