3792 6524
420 332 527 390 H7

1359 331 1419 389 Β.
1450 332 1788 391 mSTINES
1821 334 2300 392 PHILOSOPHUS
2337 336 2425 391 ΕΤ
2462 334 2775 395 ΜΑΒἸὝΒ.

3605 339 3703 397 ηε
3762 339 3763 415 ξ

414 458 752 524 persecutio,
781 456 876 512 sed
907 471 1029 510 eam
1077 450 1328 509 videntur
1376 454 1679 510 incend'tsse
1727 459 1990 526 populare;

2115 477 2267 513 καιον
2300 458 2604 531 ἄνθρωπον,
2635 460 2703 513 δι’
2737 452 2799 512 οῦ
2844 456 2953 512 τῶν
2996 458 3279 529 μωλώπων
3307 457 3455 522 ῐασις
3488 458 3702 527 γίνεται
3762 462 3763 469 “

415 552 703 614 tmnultus,
733 557 791 602 ut
820 536 983 602 modo
1002 545 1304 601 videbinms
1326 561 1391 599 ex
1419 546 1614 600 litteris
1638 548 1913 609 Antonini,
1938 551 1991 600 in

414 644 609 716 primis
638 656 767 717 vero
798 626 1002 696 esortae
1031 640 1083 692 in
1122 638 1292 692 variis
1328 639 1538 708 imperii
1567 641 1810 708 partibus
1843 640 1991 694 cala-

414 728 659 795 mitates,
686 746 826 801 quas
861 728 1032 783 stulte
1065 727 1501 782 Christianorum
1527 730 1789 799 sanguine
1822 733 1991 786 averti

411 840 578 896 posse
606 824 921 894 sperabant.
957 821 1213 875 Pluribus
1233 836 1301 875 ex
1332 820 1466 875 locis
1504 821 1697 876 delata
1724 822 1994 878 Antonino

413 932 445 970 a
485 916 819 971 Christianis
850 914 1118 983 querelae;
1168 928 1267 967 nec
1315 911 1550 967 diﬂicilis
1592 912 1696 966 fuit
1739 914 1804 966 ad
1851 913 1993 967 illius

412 1024 578 1064 aures
619 1018 727 1062 tam
768 1007 927 1074 iusta:
965 1020 1144 1061 causa
1186 1005 1645 1061 adituswEnituit
1684 1007 1789 1060 hac
1836 1006 1890 1060 in
1934 1021 1995 1062 re

414 1100 654 1155 studium
684 1098 905 1163 Justini,
936 1098 1024 1167 qui
1056 1098 1179 1150 cum
1231 1096 1415 1152 Romae
1451 1097 1790 1152 domicilium
1825 1097 1995 1152 habe-

410 1203 516 1256 ret,
550 1194 872 1262 imperatori
914 1191 1146 1259 ejusque
1193 1190 1320 1245 filiis
1364 1191 1657 1260 adoptivis,
1681 1200 1736 1245 et
1780 1190 1993 1245 senatui

409 1274 721 1356 populoque
752 1282 999 1339 Romano
1027 1286 1294 1357 insignem
1316 1300 1417 1354 pro
1440 1284 1692 1339 omnibus
1730 1282 1995 1339 Christia-

410 1377 495 1431 nis
524 1376 833 1444 Apologiam
852 1380 947 1430 'obt
960 1377 1076 1431 ulit.
1221 1382 1224 1386 ί
1327 1386 1330 1395 ‘

483 1467 591 1521 Sed
625 1479 919 1537 antequam
949 1471 1325 1524 examinemus
1347 1483 1456 1537 quo
1500 1484 1648 1523 anno
1668 1470 1784 1522 haec
1811 1468 1995 1523 oblata

410 1558 689 1629 Apologia,
715 1576 881 1615 mora:
905 1561 1139 1628 pretium
1166 1561 1380 1615 videtur
1406 1561 1472 1614 de
1494 1561 1781 1614 calumniis
1804 1571 1992 1615 contra

407 1647 748 1726 Christianos
779 1652 1105 1721 excogitatis
1128 1643 1299 1720 pauca
1331 1652 1623 1714 disserere,
1651 1661 1708 1704 et
1734 1666 1763 1704 Α
1797 1652 1993 1720 quibus

409 1742 726 1797 auctoribus
763 1751 818 1797 et
861 1754 890 1796 a
915 1744 1033 1812 quo'
1059 1746 1305 1811 tempore
1336 1757 1542 1813 sparsae
1582 1743 1782 1797 fuerint
1812 1743 1992 1811 inqui;

2094 553 2205 613 τοῖς
2230 550 2295 602 δι’
2324 551 2485 603 αὑτοῦ
2517 550 2609 603 ἐπὶ
2651 550 2741 602 τὸν
2776 549 2995 622 Πατέρα
3040 548 3476 625 προσχωροῦσιν,
3518 550 3701 621 ἐπειδὴ
3762 548 3763 551 “

2094 640 2368 711 ἐγνώκατε
2408 643 2568 697 αὑτὸν
2606 642 2913 696 ἀναστάντα
2945 645 3011 696 ἐκ
3035 643 3383 714 νεκρῶν,κώ¹
3412 642 3703 698 ἀναϐάντα
3762 664 3763 667 η

2092 738 2172 798 είς
2205 735 2294 793 τὸν
2329 734 2575 804 οὐρανὸν,
2599 734 2674 799 ὼς
2704 736 2773 797 αἱΓ
2798 737 3118 808 προφητεῖαι
3147 736 3496 809 προεμήνυον
3541 751 3703 803 γενη-

2098 824 2343 893 σόμενον,
2377 825 2438 877 οὐ
2473 826 2632 895 μόνον
2677 826 2736 878 οὺ
2785 827 3141 897 μετενοήσατε
3176 827 3262 895 ἐφ’
3296 808 3377 889 οἷς
3416 827 3701 897 ἐπράξατε

2093 912 2299 978 κακῶς,
2331 914 2465 969 ἀλλὰ
2505 915 2704 987 ἄνδρας
2736 916 3024 979 ἐκλεκτοὺς
3062 916 3169 969 ἀπὸ
3205 916 3585 988 Ἰερουσαλὴμ
3614 919 3701 969 ἐκ·

2092 1002 2376 1074 λεξάμενοι
2408 1007 2530 1059 τότε
2575 1006 2915 1077 ἐξεπέμψατε
2957 1008 3037 1069 είς
3070 1008 3248 1059 πᾶσαν
3289 1006 3386 1077 τὴν
3427 1006 3569 1076 γῆν,
3618 1006 3702 1057 λέ-
3762 998 3763 1009 ¹

2093 1111 2303 1163 γοντες,
2334 1096 2551 1167 αἵρεσιν
2584 1095 2743 1159 ἄθεον
2780 1096 3120 1167 Χριστιανῶν
3161 1096 3490 1167 πεφηνέναι,
3535 1112 3704 1149 κατα-

2094 1187 2345 1257 λέγοντές
2365 1207 2424 1241 τε
2453 1189 2624 1243 ταῦτα
2648 1190 2790 1261 ἅπερ
2815 1190 2932 1243 καθ’
2951 1192 2983 1260 ἡ
2993 1189 3106 1260 μῶν
3123 1192 3171 1242 οἱ
3187 1188 3522 1257 ἀγνοοῦντες
3553 1191 3703 1260 ἡμᾶς

2095 1280 2297 1343 πάντες
2325 1280 2593 1357 λέγουσιντ
2624 1282 2785 1333 ’Ὥστε
2824 1281 2884 1334 οὑ
2915 1282 3073 1352 μόνον
3113 1282 3323 1343 ἑαυτοῖς
3360 1281 3591 1343 ἀδικίας
3624 1281 3701 1333 αῖ-

2095 1390 2200 1425 τιοι
2236 1373 2531 1443 ὑπάρχετε,
2564 1372 2701 1433 ἀλλὰ,
2734 1373 2837 1426 ,καὶ
2884 1376 2995 1436 τοῖς
3039 1372 3218 1435 ἄλλοις
3264 1373 3473 1426 ἅπασιν
3510 1371 3703 1434 ἁπλῶς

2093 1462 2421 1535 ἀνθρώποις.
2460 1504 2473 1516 .
2552 1502 2568 1519 .
2647 1503 2664 1520 .
2744 1506 2757 1521 .
2832 1464 2988 1519 Κατὰ
3020 1460 3111 1518 οῦν
3137 1462 3229 1517 τοῦ
3264 1462 3427 1534 μόνου
3457 1463 3699 1534 ἀμώμω

2095 1557 2187 1609 καὶ
2226 1556 2430 1608 δικαίου
2464 1556 2638 1624 φωτὸς
2671 1558 2783 1620 τοῖς
2815 1555 3119 1627 ἀνθρώποις
3162 1556 3512 1625 πεμφθέντος
3548 1556 3700 1626 παρὰ

2094 1647 2188 1703 τοῦ
2218 1646 2376 1711 Θεοῦ,
2409 1648 2479 1701 τὰ
2527 1648 2707 1719 πικρὰ
2746 1649 2840 1702 καὶ
2881 1647 3127 1701 σκοτεινὰ
3176 1648 3268 1700 καὶ
3319 1647 3487 1701 ἄδικα
3530 1664 3702 1701 καταο

2094 1739 2348 1811 λεχθῆναι
2390 1742 2447 1795 ὲν
2487 1741 2635 1812 πάσῃ
2673 1743 2740 1812 τῇ
2778 1742 2847 1811 γῇ
2898 1738 3285 1793 ἐσπουδάσατε.
3330 1757 3349 1791 ί
3386 1738 3513 1793 Νοη
3553 1740 3699 1792 enim

408 1847 551 1887 rere.
587 1836 679 1889 Sic
703 1836 846 1889 enim
873 1835 1130 1890 nonnulla
1155 1834 1215 1890 S.
1241 1828 1501 1905 martyris
1538 1833 1846 1889 testimonia
1872 1833 1992 1889 illu-
2022 1813 2070 1873 Β
2097 1830 2311 1899 injuriae
2342 1831 2498 1885 nobis
2526 1838 2582 1885 et
2611 1831 2832 1886 Christo
2858 1830 3021 1883 illatze
3051 1839 3200 1883 tanta
3248 1832 3301 1882 in
3354 1829 3485 1883 aliis
3514 1830 3701 1897 genti-

408 1925 740 1985 strabimus.
774 1941 894 1996 qum
943 1936 1195 1980 notarum
1241 1925 1512 1997 angustiae
1551 1925 1991 1993 explanare-non

407 2015 675 2069 siverunt.
710 2016 838 2071 Tria
873 2018 1218 2087 potissimum
1262 2018 1493 2073 crimina
1521 2017 1847 2073 Christianis
1881 2016 1993 2071 atii-

406 2114 498 2159 cta
534 2123 548 2158 :
593 2109 735 2177 quod
779 2109 928 2163 athei
974 2119 1177 2171 essent,
1207 2108 1352 2177 quod
1402 2108 1728 2177 promiscuis
1774 2107 1993 2178 ﬂagitiis

408 2196 777 2266 indulgerent,
816 2186 959 2268 quod
1000 2200 1229 2254 infantis
1271 2201 1438 2255 occisi
1483 2210 1679 2255 carnes
1708 2201 1758 2253 in
1792 2210 1995 2271 myste-

406 2294 510 2349 riis
536 2294 648 2349 suis
674 2304 951 2349 vorarent.
992 2293 1181 2364 Magna
1209 2304 1293 2347 est
1338 2295 1503 2348 trium
1549 2293 1764 2347 illorum
1805 2294 1995 2347 crimi—

407 2403 535 2443 num
568 2387 859 2442 celebritas
890 2397 1000 2440 tum
1026 2387 1167 2456 apud
1194 2376 1434 2450 Graecos,
1460 2398 1569 2440 tum
1600 2386 1740 2453 apud
1770 2386 1993 2441 Latinos

406 2479 691 2550 religionis
736 2479 1080 2543 defensores,
1123 2479 1259 2533 adeo
1307 2478 1532 2533 utnulla
1575 2494 1798 2547 prorsus
1844 2480 1993 2549 regio

407 2570 496 2626 his
535 2560 858 2625 commcntis
898 2570 1009 2624 n'on‘
1039 2572 1393 2639 perSouuisse
1440 2572 1715 2625 videatur.
1760 2571 1840 2625 Ad
1893 2574 1992 2626 has

405 2660 760 2730 pervulgatas
786 2660 1094 2715 calumnias
1126 2662 1244 2716 alite
1291 2662 1562 2717 nonnulla:
1598 2663 1868 2718 interdum
1899 2677 1991 2717 ac-

406 2740 710 2807 cesserunt.
744 2748 909 2817 Nam,
929 2748 990 2806 ut
1012 2738 1261 2807 omittam
1289 2753 1541 2822 magiam,
1586 2752 1743 2822 cujus
1771 2753 1990 2806 nomine

405 2840 748 2898 Christianos
787 2848 1009 2899 accusat
1039 2842 1229 2900 Celsus
1266 2846 1406 2915 apud
1431 2845 1748 2915 Origenem‘,
1778 2845 1878 2902 lib.
1910 2860 1987 2911 γι,

405 2948 464 3004 p.
496 2923 620 3001 30!,
647 2950 863 2990 crucem
906 2934 993 2989 vel
1030 2936 1197 2990 etiam
1231 2936 1370 2990 asini
1402 2946 1563 3006 caput
1606 2951 1703 3005 pro
1739 2937 1852 2991 Deo
1894 2952 1989 2991 co-

402 3012 522 3082 lere
552 3026 883 3092 ferebantur,
918 3027 1111 3082 saltem
1156 3028 1211 3083 in
1251 3028 1457 3095 Africa,
1488 3040 1543 3084 ut
1573 3046 1639 3084 ex
1672 3029 1988 3085 Tertulliani

2094 1923 2196 1978 bus
2222 1923 2379 1991 culpa
2422 1924 2653 1989 residet,
2679 1933 2881 1993 quanta
2927 1923 2982 1977 in
3029 1922 3205 1987 vobis,
3248 1922 3339 1991 qui
3383 1920 3497 1975 illis
3528 1921 3698 1974 etiam

2093 2013 2407 2085 anticipata}
2446 2017 2513 2069 de
2543 2014 2692 2083 justo
2734 2024 2789 2068 et
2829 2016 2894 2067 de
2931 2012 3107 2075 nobis,
3138 2014 3228 2081 qui
3271 2014 3339 2066 ab
3368 2028 3435 2066 eo
3469 2012 3583 2066 orti
3610 2026 3699 2065 su-

2099 2121 2238 2172 mus,
2266 2108 2419 2161 mala:
2442 2108 2716 2176 opinionis
2738 2116 2992 2185 auctores
3024 2106 3181 2159 estis.
3213 2103 3515 2173 Postquam
3548 2106 3697 2169 enim

2094 2201 2265 2259 solum
2303 2200 2451 2254 illum
2492 2199 2828 2269 inculpatum
2875 2207 2931 2252 et
2951 2197 3159 2266 justum
3198 2198 3505 2261 hominem,
3542 2196 3700 2264 cujus

2092 2293 2406 2347 vulneribus
2446 2302 2716 2347 sanantur
2759 2291 2851 2361 qui
2882 2305 2978 2359 per
3006 2304 3129 2343 eum
3160 2291 3225 2343 ad
3266 2289 3491 2343 Patrem
3518 2289 3694 2356 tucce-

2094 2387 2251 2449 dunt,
2293 2385 2438 2439 cruci
2477 2383 2760 2448 allixistis;
2791 2398 2912 2437 cum
2953 2396 3074 2436 eum
3109 2382 3327 2436 sciretis
3352 2395 3417 2434 ex
3456 2382 3696 2435 mortuis

2093 2479 2461 2535 resurrexisse
2504 2487 2573 2533 et
2603 2478 2656 2532 in
2694 2476 2891 2531 caelum
2923 2474 3255 2538 ascendisse,
3288 2483 3347 2526 ut
3381 2472 3694 2541 prophetia:

2094 2569 2332 2627 futurum
2372 2568 2759 2638 prtedicebant,
2808 2581 2914 2633 non
2963 2566 3121 2620 modo
3166 2560 3558 2632 paenitentiam
3599 2562 3695 2613 ad-

2093 2661 2384 2715 missorum
2411 2660 2680 2714 scelerum
2716 2674 2822 2712 non
2853 2657 3075 2728 egistis;
3114 2656 3208 2710 sed
3251 2655 3417 2709 etiam
3446 2653 3696 2719 selectos

2092 2754 2239 2809 viros
2270 2762 2396 2807 tunc
2419 2753 2807 2825 Hierosolymis
2829 2750 2886 2804 in
2936 2748 3250 2803 universum
3298 2746 3493 2801 orbem
3542 2744 3696 2799 misi-

2093 2846 2214 2911 stis,
2245 2846 2463 2916 impiam
2504 2843 2949 2900 Christianorum
2994 2840 3243 2896 haeresim
3290 2838 3566 2907 prodiisse
3615 2836 3695 2890 di-

2092 2948 2300 3003 centes,
2328 2952 2502 3007 eaque
2539 2946 2881 3006 spargentes,
2912 2949 3031 3004 quae
3071 2934 3121 2987 in
3157 2947 3254 2986 nos
3282 2932 3348 2985 ab
3393 2930 3459 2984 iis
3507 2929 3695 2984 omni-

2093 3032 2196 3086 bus
2226 3031 2424 3101 quibus
2462 3028 2573 3083 noti
2618 3044 2725 3083 non
2777 3042 2986 3092 sumus,
3035 3027 3311 3080 dicuntur.
3361 3021 3555 3090 Itaque
3582 3038 3692 3076 non

408 3116 703 3186 Apologet.,
740 3131 790 3171 c.
830 3112 900 3183 7,
934 3125 990 3171 et
1037 3117 1131 3171 lib.
1179 3133 1197 3191 ι
1235 3118 1304 3171 ad
1346 3115 1502 3201 Nat,
1544 3128 1600 3174 et
1640 3134 1707 3174 ex
1754 3120 1992 3174 Minucio
2023 3151 2067 3210 ο
2099 3125 2252 3180 vobis
2274 3123 2449 3179 solum
2491 3121 2795 3190 iniquitatis
2822 3135 2989 3175 causa
3023 3118 3187 3183 estis,
3231 3116 3327 3171 sed
3366 3115 3492 3170 aliis
3518 3115 3695 3170 etiam

405 3206 591 3262 Felice
618 3208 897 3262 discimus.
934 3205 1143 3261 Novum
1172 3198 1455 3263 calumnia:
1484 3224 1657 3279 genus
1691 3209 1997 3266 indicarent

408 3300 528 3355 haec
574 3298 894 3353 Tertulliani
924 3301 1114 3363 verba,
1149 3300 1193 3355 si
1246 3315 1378 3355 sana
1424 3310 1606 3357 essent
1644 3311 1699 3356 et
1743 3302 1993 3374 integra:

406 3396 436 3445 ἰ
483 3391 670 3460 Igitur,
727 3392 903 3461 inquit
952 3391 1050 3449 lib.
1095 3408 1112 3447 ι
1158 3393 1229 3446 ad
1284 3391 1441 3456 Νίκη
1495 3409 1546 3449 c.
1598 3396 1652 3459 7,
1707 3397 1852 3450 aetati
1897 3411 1995 3451 no-

408 3492 541 3539 stra:
581 3485 843 3550 nondum,
882 3499 973 3538 an.
1006 3482 1136 3551 250,
1170 3493 1247 3538 tot
1276 3485 1446 3553 iniqui
1491 3487 1718 3549 interea,
1755 3496 1835 3541 tot
1868 3500 1995 3540 cru-

398 3589 502 3647 ces
533 3576 873 3629 divinitatem
919 3588 1244 3644 consecutae,
1271 3588 1376 3633 etc.
1420 3597 1439 3631 ι
1474 3578 1582 3633 Sed
1621 3578 1707 3634 his
1745 3580 1994 3647 vocibus,

405 3675 482 3718 tot
516 3653 931 3736 iniquifvitium
964 3666 1104 3722 inest
1132 3664 1188 3723 et
1228 3669 1536 3738 coruptcla,
1576 3672 1678 3725 nec
1716 3672 1876 3742 hujus
1906 3688 1997 3728 ac-

413 3759 714 3813 cusationis
736 3759 901 3814 ullum
928 3750 1107 3816 exstat
1131 3763 1439 3833 vestigium.
1458 3764 1994 3837 Quare’legendum:

414 3848 514 3903 Tot
542 3852 727 3920 onagri
759 3838 981 3916 interea,
1008 3842 1092 3907 tot;
1118 3850 1297 3910 cruos:
1329 3856 1657 3911 divinitatem
1686 3867 1995 3921 conseculre,

408 3951 543 4006 ctc.,
586 3942 747 4011 idque
794 3945 1121 4014 perspicitur
1172 3964 1239 4003 ex
1284 3948 1528 4018 ejusdem
1574 3945 1694 4005 libri
1738 3965 1858 4019 cap.
1886 3951 1996 4013 Ἠ,

413 4032 506 4086 ubi
540 4026 843 4089 divinitatis
874 4036 1132 4092 crucibus
1157 4027 1441 4094 attributae
1473 4049 1837 4113 commentum
1865 4055 2000 4110 prte-

403 4124 555 4180 cedit
597 4125 795 4180 asiniui
829 4125 924 4183 Dei
956 4129 1289 4198 criminatio,
1318 4146 1477 4200 quam
1513 4130 1729 4200 quidem
1771 4147 1836 4186 ex
1862 4122 1996 4187 Cor-

396 4216 555 4285 jnelio
584 4208 776 4273 Tacito
818 4232 991 4274 ortam
1049 4223 1325 4277 existimat
1367 4222 1752 4279 Tertullianus.
1778 4242 1797 4275 ι
1826 4224 1994 4290 Hanc,

408 4307 625 4379 inquit,
699 4309 985 4367 Cornelius
1042 4313 1261 4369 Tacitus
1317 4315 1688 4384 suspicionem
1755 4315 1901 4371 fecit.
1948 4316 1999 4372 ls

407 4387 890 4461 enim...“.lud:eos’
916 4403 1085 4459 refert
1118 4406 1170 4460 iu
1202 4405 1551 4475 expeditione
1579 4409 1751 4462 vastis
1784 4407 1837 4462 in
1864 4407 1998 4464 locis

2097 3215 2352 3273 omnibus
2397 3228 2624 3285 prorsus
2677 3211 3013 3266 hominibus.
3091 3246 3108 3264 .
3185 3245 3202 3261 .
3282 3244 3297 3263 .
3377 3244 3394 3261 .
3472 3243 3489 3260 .
3575 3232 3693 3265 μς.

2096 3307 2285 3376 Itaque
2311 3305 2366 3361 id
2405 3305 2562 3360 vobis
2605 3305 2786 3359 studio
2818 3301 3115 3365 habuistis,
3142 3307 3201 3352 ut
3231 3298 3283 3352 in
3312 3296 3484 3352 solam
3533 3296 3692 3350 illam

2100 3399 2441 3469 inculpatam
2496 3408 2552 3453 et
2605 3396 2811 3465 justam
2861 3397 3083 3455 lucem.
3124 3408 3246 3461 qum
3306 3390 3693 3446 hominibusa

2099 3492 2212 3547 Deo
2248 3491 2413 3546 missa
2456 3489 2657 3552 fuerat,
2697 3488 2899 3543 acerba
2938 3485 3370 3540 ettenebricosa
3393 3493 3448 3538 et
3477 3482 3691 3549 injusta

2099 3584 2154 3638 in
2185 3592 2298 3639 toto
2320 3592 2596 3638 terrarum
2626 3582 2759 3635 orbe
2785 3579 3129 3647 iactarentur
3156 3576 3445 3631 crimina.»
3478 3575 3689 3631 Eadem

2099 3676 2367 3746 postridie
2404 3674 2623 3744 repetiit
2672 3673 2730 3728 S.
2762 3682 2971 3741 martyr
3004 3671 3056 3723 in
3092 3669 3321 3739 gratiam
3360 3683 3555 3721 eorum
3590 3670 3689 3735 qui

2098 3764 2277 3834 pridie
2316 3778 2422 3817 non
2486 3761 2798 3817 adfuerant.
2831 3760 2940 3813 Καὶ
3007 3760 3067 3812 οὐ
3127 3759 3285 3829 μόνον
3326 3758 3388 3810 οὐ
3419 3760 3690 3828 μετενοή-

2102 3874 2298 3913 σατε...
2349 3855 2563 3918 ἀλλ’ὡς
2598 3857 2897 3925 προεῖπον,
2947 3852 3147 3922 ἄνδρας
3207 3852 3690 3923 χειροτονήσαντες

2099 3950 2422 4012 ἐκλεκτοὺς,
2471 3950 2550 4012 εἰς
2596 3949 2776 4000 πᾶσαν
2828 3946 2927 4017 τὴν
2975 3945 3298 4015 οἰκουμένην
3360 3944 3686 4015 ἐπέμψατε,

2099 4041 2477 4114 κηρύσσοντας
2530 4040 2614 4092 ὅτι
2668 4038 2878 4110 αἵρεσίς
2905 4055 2988 4101 τις
3020 4037 3179 4100 ἄθεος
3204 4038 3297 4090 καὶ
3329 4038 3529 4107 ἄνομος
3557 4037 3689 4109 ὲγήο

2096 4149 2291 4204 γερται
2323 4131 2432 4185 ἀπὸ
2467 4130 2641 4200 Ἰησοῦ
2665 4147 2810 4193 τινος
2834 4128 3121 4187 Γαλιλαίου
3166 4128 3370 4181 πλάνου
3389 4144 3402 4157 ·
3431 4128 3489 4180 ὃν
3526 4144 3689 4179 σταυ-

2102 4223 2391 4295 ρωσάντων
2416 4221 2594 4293 ἡμῶν,
2621 4221 2669 4273 οἱ
2704 4219 2943 4290 μαθηταὶ
2985 4217 3148 4282 αὑτοῦ
3195 4217 3490 4287 κλέψαντες
3515 4217 3686 4277 αὐτὸν

2098 4314 2207 4369 ἀπὸ
2232 4314 2326 4367 τοῦ
2369 4316 2649 4385 μνήματος
2693 4312 2904 4377 νυκτὸς,
2933 4311 3126 4365 ὁπόθεν
3154 4309 3417 4379 κατετέθη
3454 4309 3683 4379 ἁφηλωο

2090 4407 2211 4472 θεὶς
2233 4407 2340 4460 ἀπὸ
2370 4407 2466 4460 τοῦ
2503 4405 2761 4477 σταυροῦ,
2814 4402 3056 4459 πλανῶσι
3081 4404 3207 4465 τοὺς
3239 4402 3562 4473 ἀνθρώπους
3589 4403 3681 4455 λέ-

408 4505 565 4560 aquae
616 4494 795 4564 in0pia
842 4495 1191 4563 laborantes,
1260 4499 1504 4570 onagris,
1561 4498 1651 4570 qui
1707 4501 1773 4556 de
1835 4510 1990 4570 pastu

2097 4515 2285 4567 γοντες
2324 4497 2619 4569 έγηγέρθαι
2651 4495 2810 4550 αὐτὸν
2844 4496 2908 4548 ὲκ
2936 4494 3165 4565 νεκρῶν,
3194 4495 3288 4547 καὶ
3336 4495 3414 4556 είς
3447 4492 3681 4563 οὐρανὸν

408 4598 608 4653 aquam
649 4588 871 4655 petituri
919 4591 1357 4658 aestimabantur,
1404 4594 1712 4659 indicibus,
1755 4594 1991 4675 fontibus

410 4691 538 4732 usos
567 4679 846 4745 evasisse;
882 4682 955 4735 ita
984 4684 1055 4737 ob
1076 4699 1195 4737 eam
1220 4687 1453 4753 gratiam
1484 4688 1784 4741 consimilis
1808 4687 1995 4742 bestia:

409 4767 752 4836 superficiem
777 4788 805 4823 a
827 4771 1028 4828 Judtnis
1047 4774 1173 4829 coli.
1196 4775 1325 4829 lnde
1349 4777 1588 4831 arbitror
1609 4787 1991 4847 praesumptum

411 4876 513 4917 nos
542 4877 777 4934 quoque,
832 4875 889 4919 ut
918 4864 1156 4921 Judaica:
1206 4867 1486 4937 religionis
1530 4870 1861 4939 propinquos
1908 4868 1991 4923 ei-

411 4952 535 5007 dem
568 4953 857 5011 simulacro
886 4958 1111 5013 initiari.
1148 4978 1167 5011 ι

422 5102 423 5105 η
483 5042 548 5097 ιι.
582 5038 816 5118 Quinam
838 5058 1090 5104 auctores
1118 5053 1414 5108 teterrima:
1438 5052 1634 5108 fabula:
1656 5052 1989 5119 exstiterint,

410 5144 469 5192 et
501 5151 609 5207 quo
637 5146 880 5209 tempore
927 5150 1136 5202 tantum
1184 5146 1339 5201 nefas
1368 5147 1608 5217 aggressi
1644 5126 1992 5213 fuerint,’ex

414 5227 626 5285 duobus
671 5229 885 5301 Dialogi
926 5249 1045 5287 cum
1105 5233 1382 5307 Tryplwne
1430 5239 1563 5294 locis
1606 5240 1988 5310 perspicimus.

414 5323 508 5380 Sic
536 5324 679 5380 enim
714 5322 931 5381 Iudaeos
958 5326 1251 5397 alloquitur
1295 5330 1353 5385 S.
1392 5342 1621 5402 martyr,
1647 5350 1701 5386 n.
1740 5332 1804 5387 l7
1833 5352 1846 5387 :
1878 5334 1992 5404 Οὐχ

413 5412 586 5478 οὓτως
613 5412 723 5486 γὰρ
746 5414 817 5468 τὰ
840 5414 977 5469 ἄλλα
1006 5415 1133 5487 ἔθνη
1167 5421 1246 5482 εἰς
1276 5419 1478 5491 ταύτην
1521 5422 1620 5488 τὴν
1648 5421 1861 5476 ἀδικίαν
1895 5421 1991 5492 τὴν

414 5507 496 5570 εἰς
509 5508 655 5578 ἡμᾶς
680 5506 876 5561 καὶτὸν
893 5506 1125 5576 Χριστὸν
1151 5508 1443 5580 ἐνέχονται,
1474 5512 1603 5565 ὅσον·
1622 5511 1796 5583 ὑμεῖς,
1825 5513 1875 5566 οἳ
1896 5514 1992 5569 κά-

416 5597 613 5661 κείνοις
641 5599 741 5669 τῆς
773 5599 915 5657 κατὰ
936 5598 1028 5653 τοῦ
1063 5600 1269 5669 δικαίου
1296 5602 1388 5654 καὶ
1416 5601 1572 5673 ἡμῶν
1599 5603 1705 5657 τῶν
1727 5605 1821 5658 ἀπ’
1844 5603 1989 5673 ὲκεί-

414 5705 509 5743 νου
530 5691 724 5773 ’κακῆς
747 5692 1066 5763 προλήψεως
1091 5692 1254 5748 αἴτιοι
1283 5695 1577 5765 ὑπάρχετε.
1608 5696 1761 5751 Μετὰ
1787 5696 1895 5768 γὰρ
1929 5697 1988 5750 τὸ

419 5780 725 5856 σταυρῶσαι
772 5788 912 5859 ὑμᾶς
949 5793 1148 5845 ἐκεῖνον
1188 5789 1475 5867 τὺνιμόνον
1516 5788 1740 5861 ἄμωμον
1788 5790 1879 5845 καὶ
1914 5789 1988 5844 δὶ-

2086 4590 2507 4663 ὰνεληλυθέναι·
2578 4588 2929 4650 κατειπόντες
2968 4586 3298 4657 δεδιδαχέναι
3356 4588 3451 4641 καὶ
3500 4586 3682 4640 ταῦτα

2095 4684 2239 4755 ἆπερ
2272 4681 2412 4737 κατά
2432 4682 2539 4735 τῶν
2563 4679 2964 4752 ὁμολογούντων
3012 4679 3246 4750 Χριστὸν
3286 4681 3379 4733 καὶ
3422 4678 3685 4732 διδάσκει-

2095 4776 2185 4830 λον
2215 4778 2308 4830 καὶ
2332 4777 2462 4829 Υἱὸν
2486 4776 2620 4828 Θεοῦ
2648 4771 2805 4840 εἶναι,
2838 4775 2997 4828 παντὶ
3028 4774 3175 4843 γένει
3197 4772 3496 4844 ἀνθρώπων
3541 4772 3680 4827 ἄθεα

2088 4870 2190 4922 ικαὶ
2225 4871 2402 4937 ἄνομα
2451 4868 2545 4921 καὶ
2584 4867 2773 4920 ἀνόσια
2805 4866 3011 4935 λέγετε.
3068 4865 3212 4936 Πρὸς
3265 4863 3508 4929 τούτοις,
3581 4863 3679 4921 καὶ

2094 4959 2326 5031 ἀλούσης
2355 4958 2504 5031 ὑμῶν
2534 4959 2636 5029 τῆς
2667 4958 2891 5022 πόλεως,
2948 4958 3042 5011 καὶ
3068 4958 3168 5027 τῆς
3205 4958 3310 5028 γῆς
3366 4955 3685 5028 ὲρημωθεί-ν

2094 5071 2213 5123 σης,
2245 5055 2307 5107 οὐ
2338 5055 2663 5124 μετανοεῖτε,
2697 5050 2834 5105 ἀλλὰ
2864 5052 2956 5104 καὶ
2992 5049 3339 5121 καταρᾶσθαι
3380 5048 3545 5103 αὐτοῦ
3579 5051 3677 5103 καὶ

2084 5145 2201 5199 τῶν
2252 5145 2611 5205 πιστευόντων
2654 5146 2735 5209 εἰς
2782 5144 2945 5207 αὐτὸν
2991 5142 3207 5207 πάντων
3254 5141 3509 5211 τολμᾶτε.
3561 5142 3677 5194 Καὶ

2093 5239 2253 5308 ἡμεῖς
2284 5237 2428 5308 ὑμᾶς
2460 5238 2554 5290 καὶ
2602 5236 2729 5297 τοὺς
2783 5235 2849 5287 δι’
2877 5235 3021 5304 ὑμᾶς
3071 5232 3296 5291 τοιαῦτα
3343 5232 3465 5302 καθ’
3511 5232 3675 5303 ἡμῶν

2091 5328 2455 5398 ὑπειληφότας
2495 5326 2556 5380 οὐ
2605 5325 2902 5398 μισοῦμεν,
2949 5326 3064 5380 ἀλλ’
3096 5324 3372 5396 εὐχόμεθα
3425 5324 3528 5378 κᾶν
3574 5323 3673 5377 νῦν

2096 5421 2529 5491 μετανοήσαντας
2593 5418 2801 5481 πάντας
2879 5417 3063 5480 ἐλέους
3119 5420 3301 5487 τυχεῖν
3361 5415 3511 5487 παρὰ
3572 5414 3683 5487 τοῦ.

2092 5508 2463 5578 εὐσπλάγχνου
2530 5508 2623 5562 καὶ
2695 5504 2982 5559 πολυελέου
3045 5505 3259 5583 Πατρὸς
3344 5505 3451 5558 τῶν
3531 5504 3671 5559 ὅλων

2091 5601 2247 5656 Θεοῦ.
2305 5622 2322 5654 ι
2359 5602 2474 5656 Non
2504 5600 2660 5656 modo
2690 5599 3064 5668 paenitentiam
3096 5614 3201 5653 non
3236 5598 3445 5668 egistis,
3485 5597 3667 5667 inquit

2096 5711 2150 5747 n.
2182 5692 2305 5755 108,
2341 5693 2437 5746 sed
2472 5692 2635 5748 etiam
2691 5690 2932 5746 delectos
2985 5690 3231 5746 homines
3274 5690 3671 5751 constituistis,

2092 5804 2153 5844 ac
2180 5804 2272 5859 per
2305 5803 2398 5844 eos
2433 5790 2486 5841 in
2544 5796 2717 5841 totum
2765 5786 2953 5841 orbem
3000 5796 3265 5843 terrarum
3297 5786 3493 5843 missos
3522 5800 3659 5855 pra»
