3792 6502
76 420 156 482 129

1020 410 1087 471 D.
1114 408 1380 469 uanam
1421 398 1818 468 PREFATIO.
1858 439 1929 450 -
1954 394 2267 464 Pansftn.

3204 398 3310 457 150

76 546 270 606 dicastis
314 541 529 613 impiam
580 538 872 610 quamdam
924 548 985 595 "et
1039 538 1289 609 exlegem
1348 547 1560 593 sectam
1591 553 1623 590 a
1655 542 1698 597 Α
1730 534 1885 602 pueri
1930 530 2186 586 carnibus
2218 533 2523 591 sumerent,
2555 533 2610 581 et
2635 524 2921 607 tenebrosa
2949 520 3150 592 flagitia
3186 535 3310 592 per.

74 643 208 713 plano
232 635 455 706 quodam
472 632 606 688 Jesu
638 630 866 686 Galilmo
889 630 1186 686 excitatam
1233 645 1377 694 esse,
1406 639 1461 684 et
1482 644 1604 682 cum

76 735 196 789 illum
225 744 253 783 a
274 728 428 783 nobis
454 723 776 781 cruciﬁxum
827 723 1081 793 discipuli
1115 734 1179 778 e'x
1226 732 1606 785 monitmento,

78 827 120 879 in
148 838 257 892 quo,
280 819 478 874 reﬁxus
533 833 564 872 e
616 830 806 878 cruce,
862 816 1151 884 depositus
1209 816 1637 881 luerat,no,ctu,

79 912 436 984 subripuerinl,
466 908 637 976 decipi
665 906 733 961 ab
765 906 873 962 illis
895 908 1170 971 homines,
1217 906 1346 960 dum
1376 920 1501 959 eum
1542 919 1609 959 ex

79 1006 266 1062 mortuis
292 1005 662 1059 resurrexisse
716 1011 771 1056 et
816 1002 870 1055 in
925 999 1125 1055 caelum
1180 998 1493 1051 ascendisse
1524 998 1607 1050 di-

80 1102 254 1153 ctitant.
283 1094 592 1162 Quinetiam
625 1094 883 1149 docuisse
941 1090 1092 1144 illum
1126 1089 1418 1143 addidistis
1442 1087 1609 1156 impia

82 1194 145 1245 illa
166 1198 210 1243 et
234 1187 460 1241 nefanda
487 1202 551 1240 ac
580 1184 927 1240 detestabilia
964 1183 1232 1245 facinora,
1261 1196 1382 1251 qua:
1413 1183 1613 1234 adver-

83 1299 151 1337 sus
178 1295 275 1344 eos,
303 1278 394 1348 qui
426 1276 577 1331 illum
609 1277 884 1332 Christum
917 1288 973 1331 et
1017 1278 1296 1330 doctorem
1329 1287 1386 1327 et
1413 1272 1608 1328 Filium

86 1377 151 1429 Dei
178 1370 509 1442 proﬁtentur,
542 1368 684 1438 apud
714 1383 876 1423 omne
911 1369 1195 1423 hominum
1228 1380 1403 1434 genus
1454 1379 1613 1433 spur:

86 1469 197 1539 gitis.
222 1467 293 1521 Ad
322 1466 433 1519 haac
490 1472 653 1533 capta
708 1462 844 1515 urbe
893 1470 1095 1525 vestra,
1136 1467 1191 1512 et
1225 1467 1369 1512 terra
1398 1464 1611 1509 vastata

87 1561 413 1628 pmuiteutiam
474 1573 582 1613 non
632 1556 836 1626 agitis:
894 1555 990 1608 scd
1030 1552 1189 1606 illum
1221 1551 1385 1605 etiam
1412 1564 1474 1603 ac
1500 1564 1617 1603 om—

88 1671 173 1717 nes,
203 1654 283 1721 qui
318 1652 369 1706 in
394 1650 550 1705 illum
583 1649 839 1714 credunt,
870 1646 1005 1702 diris
1057 1645 1333 1700 devovere
1381 1642 1612 1697 audetis.

88 1747 167 1800 lius
194 1755 355 1800 autem
386 1760 487 1799 nec
522 1754 622 1797 vos
649 1743 884 1804 odimus,
921 1754 1019 1794 nec
1046 1753 1143 1793 eos
1193 1737 1286 1807 qui
1349 1736 1510 1790 talem
1547 1737 1641 1793 de.

90 1838 527 1907 uobisopinionem
560 1852 587 1891 a
625 1834 780 1890 vobis
829 1846 1131 1900 accepere;
1186 1830 1280 1885 sed
1329 1843 1618 1899 precamur

91 1945 131 1986 ut
168 1947 289 1986 nunc
347 1929 540 1984 saltem
600 1923 981 1997 pmnilentiam
1026 1930 1271 1991 agentes,
1308 1919 1619 1974 misericor-

91 2025 196 2078 diam
223 2037 398 2077 onmes
444 2017 866 2087 consequamini
898 2031 927 2068 a
974 2011 1314 2084 perhenigno
1339 2020 1392 2062 et
1418 2010 1614 2063 mirum

93 2122 127 2172 iu
154 2118 339 2172 modum
367 2115 728 2170 misericorde
760 2114 1142 2163 universorum
1182 2112 1409 2174 parente
1447 2104 1612 2157 Deo.)

93 2210 312 2265 llabernus
338 2210 390 2263 in
416 2209 503 2263 bis
530 2207 751 2261 duobus
783 2200 1115 2257 testimoniis
1152 2198 1332 2253 stulta:
1354 2206 1409 2252 et
1439 2196 1620 2263 impiae
1646 2238 1652 2249 .

96 2303 249 2359 fabula:
286 2301 555 2356 evolutam
606 2298 895 2367 originem.
939 2294 995 2348 lu
1030 2298 1267 2360 utroque
1316 2289 1439 2344 loco
1470 2297 1638 2342 secta'

94 2396 470 2449 Christianorum
524 2390 689 2452 ἄθεος
749 2388 991 2450 dicitur;
1053 2386 1105 2438 in
1168 2392 1400 2451 utroque
1437 2380 1617 2451 Thye-

96 2500 393 2544 steascmnas
444 2494 503 2539 et
558 2482 908 2551 (Edipodeos
946 2478 1273 2533 concubitus
1332 2474 1622 2543 designant

95 2582 245 2635 acerba
275 2579 359 2633 illa
382 2589 436 2633 et
460 2575 785 2636 tenebrosa,
816 2572 981 2642 impia
1010 2580 1066 2626 et
1095 2566 1328 2623 nefanda
1352 2566 1649 2629 facinora,.

96 2689 181 2739 qua!
221 2672 487 2728 Christum
539 2670 724 2739 ipsum
780 2667 1035 2722 docuisse
1094 2662 1263 2718 Judaei
1322 2660 1619 2730 ﬁngebant.

98 2760 353 2816 bnovcrbo
399 2759 717 2815 Judaaorum
772 2756 1033 2825 nequitia:
1080 2753 1333 2808 attribuit
1376 2751 1621 2807 Justinus

102 2854 310 2924 quidquid
344 2856 407 2909 de
441 2852 784 2908 Christianis
814 2847 1141 2904 dictitabant
1185 2846 1246 2912 ii,
1273 2844 1476 2916 quibus
1508 2844 1623 2898 hac

100 2948 243 3017 religio
263 2948 466 3017 Cognita
500 2961 612 2999 non
645 2952 784 2998 erat.

148 3042 194 3095 S.
224 3041 467 3110 martyris
506 3038 818 3093 testimonia
875 3037 1172 3091 conﬁrmat
1229 3030 1653 3086 Tertullianus.-

102 3134 166 3189 Sic
187 3138 308 3190 enim
333 3135 395 3188 de
430 3133 626 3188 Judaao
656 3132 923 3200 loquitur,
974 3146 1003 3184 a
1051 3145 1157 3198 quo
1182 3127 1621 3183 Christianorum

106 3226 209 3281 Deus
237 3227 437 3294 publice
482 3224 807 3296 propositus
866 3223 1046 3276 luerat
1077 3234 1199 3275 cum
1236 3219 1457 3271 auribus
1498 3233 1623 3270 can-
1654 3237 1699 3299 ρ

104 3320 317 3385 tm'omm,
348 3327 395 3372 et
418 3319 473 3370 in
503 3326 649 3386 toga,
684 3332 802 3368 cum
827 3314 987 3373 libro.
1019 3312 1188 3366 altera
1216 3312 1344 3379 pede
1368 3308 1625 3380 ungulan

103 3411 300 3478 depictus.
342 3430 357 3461 ι
388 3410 635 3465 Credidit
661 3407 849 3476 vulgus
895 3405 1104 3471 Iudaeo,
1154 3404 1332 3474 inquit
1366 3401 1455 3455 lib.
1506 3418 1523 3457 ι
1558 3400 1655 3453 adv

107 3502 223 3561 Nan.
252 3518 359 3571 cap.
393 3504 459 3557 Η
485 3520 500 3556 :
536 3500 698 3568 Quod
723 3501 867 3555 enim
896 3498 1041 3551 aliud
1074 3511 1246 3566 genus
1273 3493 1627 3549 seminarium

106 3604 160 3647 est
195 3595 399 3650 infamia:
423 3594 663 3649 nostra)!
713 3612 733 3645 ι
763 3591 908 3645 Idem
938 3590 1101 3644 docet
1133 3588 1227 3643 lib.
1276 3603 1337 3641 tu
1380 3586 1436 3640 in
1478 3585 1630 3638 Mar-

107 3686 277 3753 tionem,
297 3703 411 3757 cap.
435 3686 543 3741 25:
569 3704 590 3738 ι
627 3686 831 3740 Dehinc
851 3700 974 3738 cum
1006 3698 1073 3737 ex
1107 3678 1513 3751 perseverantia
1543 3677 1630 3730 l‘u-

108 3778 209 3831 roris
241 3788 285 3833 et
315 3794 504 3833 nomen
545 3776 764 3832 Domini
815 3789 913 3845 per
959 3774 1106 3844 ipsos
1147 3771 1630 3839 hlasphemaretur

108 3872 212 3925 sicut
236 3874 480 3943 scriptum
507 3881 636 3928 est:
680 3870 907 3939 Propter
946 3884 1033 3922 vos
1070 3881 1258 3919 nomen
1300 3879 1475 3917 meum
1512 3862 1629 3916 bla-

109 3963 349 4027 sphematur
374 3966 425 4016 in
456 3962 765 4017 nationibus
796 3961 839 3991 ⁸⁷
871 3957 962 4026 (ab
990 3957 1095 4011 illis
1126 3957 1271 4011 enim
1297 3955 1464 4024 cmpit
1490 3952 1639 4007 infa-

111 4057 203 4123 mia)
225 4068 269 4110 ct
294 4068 498 4128 tempus
523 4056 764 4111 medium
796 4069 823 4107 a
850 4052 1076 4106 Tiberio
1124 4064 1297 4119 usque
1328 4048 1394 4101 ad
1425 4047 1633 4114 Vespa-

112 4147 294 4216 sianum,
320 4169 420 4206 non
446 4150 839 4223 paenitentiam
887 4144 1317 4209 intellexissent,
1352 4140 1497 4194 facta
1544 4146 1632 4193 est.

116 4250 217 4295 terra
238 4260 403 4297 eorum
434 4248 674 4298 deserta.
689 4260 707 4292 ι

162 4333 230 4387 Sic
259 4337 405 4388 etiam
440 4335 731 4403 Origenes,
770 4332 866 4387 lib.
891 4345 945 4384 vt
978 4336 1164 4383 contra
1191 4325 1419 4386 Celsum,
1462 4339 1517 4377 n.
1539 4322 1628 4375 27:

114 4423 190 4474 Καὶ
207 4425 329 4478 δοκεῖ
379 4444 466 4496 μοι
502 4422 890 4495 παραπλήσιον
944 4419 1224 4481 Ἰουδαίοις
1274 4413 1631 4483 πεποιηκέναι

114 4518 191 4577 τοῖς
231 4520 350 4573 κατὰ
382 4518 477 4590 τὴν
530 4515 709 4591 ἀρχὴν
757 4514 858 4583 τῆς
914 4512 1008 4565 τοῦ
1069 4504 1500 4582 Χριστιανισμοῦ
1549 4503 1631 4556 δι-

115 4606 343 4675 δασκαλίας
396 4610 839 4665 κατασκεδάσασι
872 4604 1185 4676 δυσφημίαν
1213 4598 1308 4653 τοῦ
1342 4597 1522 4665 λόγοιν
1559 4593 1634 4656 ὡς

118 4698 190 4769 ἄρα
233 4705 618 4766 καταθύσαντες
668 4701 882 4756 παιδίον
921 4692 1429 4771 μεταλαμϐάνουσιν
1466 4682 1630 4740 αὐτοῦ

119 4789 190 4843 τῶν
214 4797 422 4865 σαρκῶν·
456 4796 553 4850 καὶ
586 4794 748 4848 πάλιν
778 4793 862 4846 ὅτι
895 4793 945 4844 οἱ
985 4788 1094 4843 ἀπὸ
1125 4784 1218 4838 τοῦ
1244 4784 1406 4851 λόγου
1440 4779 1507 4833 τὰ
1538 4775 1632 4831 τοῦ

120 4884 284 4949 πότους
308 4889 562 4961 πράττειν
599 4885 911 4958 βουλόμενοι
938 4875 1384 4945 σϐεννύουσινμὲν
1404 4870 1465 4925 τὸ
1494 4869 1630 4939 φῶς,

119 4974 286 5043 ἕκαστος
316 4982 366 5034 δὲ
491 4978 884 5053 παρατυχούσῃ
920 4975 1197 5046 μίγνυται.
1245 4968 1402 5027 ’Ἡτις
1429 4963 1635 5030 δυσεξη-

124 5065 189 5133 μία
212 5073 501 5141 παραλόγως
551 5072 718 5124 πάλαι
777 5069 874 5139 μὲν
926 5064 1193 5118 πλείστων
1227 5061 1367 5112 ὅσων
1412 5054 1633 5124 ἐκράτει

124 5159 319 5215 πείθουσα
367 5168 489 5228 τοὺς
530 5162 850 5233 ἀλλοτρίους
904 5156 997 5211 τοῦ
1030 5155 1213 5221 λόγους
1276 5152 1357 5203 ὅτι
1403 5144 1633 5200 τοιοῦτοί

124 5248 194 5300 εἰει
229 5252 537 5323 Χριστιανοὶ·
576 5254 672 5307 καὶ
723 5251 818 5303 νῦν
859 5250 916 5303 δὲ
974 5248 1053 5299 ἔτι
1084 5243 1269 5312 ἁπατᾷ
1300 5255 1470 5301 τιναςν
1506 5238 1636 5290 am

125 5346 417 5413 τρεπομένους
443 5347 531 5401 διὰ
554 5346 622 5399 τὰ
657 5342 879 5398 τοιαῦτα
903 5339 1004 5393 κᾶν
1020 5340 1099 5401 εἰς
1130 5331 1410 5388 κοινωνίαν
1436 5328 1636 5382 ἁπλου-

127 5432 264 5503 στέραν
316 5438 484 5506 λόγων
542 5440 700 5509 ἥκειν
754 5437 890 5507 πρὸς
942 5427 1327 5504 Χριστιανούς.
1360 5442 1379 5475 ι
1413 5424 1636 5478 Viden"

129 5526 216 5579 mihi
238 5528 403 5587 Celsus
425 5534 569 5587 idem
626 5532 821 5586 lecisse
852 5544 916 5585 ac
940 5527 1137 5590 Judzei,
1171 5525 1260 5594 qui
1294 5522 1450 5576 initio
1477 5518 1637 5573 Chri-

130 5616 262 5675 stiana
296 5624 693 5692 praedicationis
745 5622 921 5677 malos
977 5633 1229 5675 rumores
1271 5617 1338 5672 de
1370 5614 1637 5669 Christia-

131 5721 267 5768 norum
312 5718 552 5774 doctrina
612 5724 972 5787 sparserunt,
1026 5712 1182 5783 quasi
1242 5710 1308 5765 de
1368 5704 1635 5763 immolati

174 5869 304 5928 “La.
333 5891 422 5941 tu,
456 5878 511 5933 5.
596 5874 759 5931 "lsa.
796 5889 950 5941 xYIll,
980 5875 1031 5929 Ξ.

1718 637 1941 696 petrare
2008 622 2281 683 volentes,
2337 616 2519 672 lumen
2576 617 3015 686 exstinguerent,
3058 621 3138 696 ‘et
3184 626 3307 668 cum

1717 718 1885 772 obvia
1929 728 2149 783 quaque
2204 710 2580 780 unusquisque
2640 711 2989 762 misceretur.
3021 688 3151 774 Quae
3186 706 3310 775 qui-

1714 812 1836 871 dem
1875 808 2110 885 absurda
2164 778 2477 860 criminatio
2532 804 2664 858 olim
2711 800 3143 872 quamplurimas
3170 778 3322 854 deti:

1714 903 1903 966 nebat,
1925 898 2208 955 extraneis
2243 897 2581 965 persuadens
2604 894 2743 949 tales
2775 909 2896 948 esse
2923 891 3304 955 Christianos;

1715 1010 1858 1049 nunc
1885 1009 2016 1048 vero
2044 991 2340 1047 nonnullos
2371 991 2544 1044 adhuc
2599 987 2822 1057 decipit,
2855 986 3123 1057 ejusmodi
3159 1000 3310 1038 com-

1718 1088 1921 1142 mentis
1973 1086 2282 1150 deterrens,
2333 1082 2627 1152 quominus
2670 1097 2792 1134 cum
2819 1070 3167 1135 Christianis
3220 1076 3309 1132 vel

1718 1178 1989 1248 simplicis
2017 1176 2279 1246 colloquii
2312 1175 2753 1230 communionem
2791 1158 3002 1228 ineant.
3036 1194 3055 1227 ι

1790 1271 1896 1326 Sed
1923 1270 2122 1325 Justlni
2171 1269 2462 1324 sententia:
2519 1268 2853 1336 prtecipuum
2901 1267 3115 1334 pondus
3165 1264 3314 1318 addit

1717 1363 2008 1437 Eusebius,
2034 1362 2128 1430 qui
2160 1378 2266 1415 non
2297 1360 2472 1414 solum
2521 1357 2725 1414 Justini
2778 1359 2946 1411 verba
2980 1372 3046 1410 ex
3082 1355 3343 1425 Dialogo.

1717 1464 1974 1524 exCerpta
2012 1454 2176 1507 refert
2227 1452 2369 1506 Hist.
2424 1451 2497 1505 lib
2544 1466 2622 1514 ιν,
2661 1463 2712 1504 c.
2750 1448 2836 1509 l8,
2902 1448 2996 1501 sed
3045 1447 3212 1501 etiam
3251 1446 3313 1498 il-

1723 1545 1814 1598 lud
1846 1545 2001 1598 Isaia:
2030 1543 2332 1611 explanatis
2359 1560 2371 1594 :
2405 1541 2509 1607 Qui
2561 1539 2723 1593 mittit
2758 1540 2810 1590 in
2851 1553 2997 1591 mare
3021 1537 3227 1590 obsides
3260 1547 3309 1587 et

1723 1636 1978 1702 epistolas
2018 1634 2246 1687 biblinas
2282 1649 2444 1701 super
2464 1649 2656 1700 aquam
2684 1631 2750 1696 ³⁸,
2783 1630 2861 1684 sic
2897 1629 3170 1697 loquitur:
3200 1625 3309 1680 Εὖ-

1724 1744 1889 1799 ρομεν
1923 1729 1981 1779 ὲν
2007 1729 2117 1789 τοῖς
2140 1724 2247 1794 τῶν
2278 1706 2522 1777 παλαιῶν
2551 1721 2998 1795 συγγράμμασιν,
3028 1718 3103 1783 ὡς
3131 1720 3179 1771 οἱ
3213 1718 3312 1789 τὴν

1732 1818 2085 1891 Ἰερουσαλὴμ
2135 1817 2410 1879 οἰκοῦντες
2438 1814 2532 1868 τοῦ
2572 1813 2678 1867 τῶν
2721 1812 2987 1866 Ἰουδαίων
3021 1809 3206 1873 ἔθνους
3236 1810 3314 1862 ἱε-

1650 1892 1837 1981 Β’ρεῖς
1870 1910 1968 1963 καὶ
2016 1908 2382 1981 πρεσϐύτεροι
2428 1907 2733 1978 γράμματα
2775 1901 3200 1974 διαχαράξαντες
3234 1903 3313 1965 εἰς

1721 2004 1904 2057 πάντα
1932 2002 2301 2071 διεπέμψαντο
2352 2000 2419 2053 τὰ
2478 1999 2605 2069 ἔθνη
2652 2001 2765 2061 τοῖς
2825 1994 3136 2066 ἁπανταχοῦ
3184 1995 3315 2046 Ἰου-

1718 2094 1891 2155 δαίοις
1941 2092 2326 2155 διαϐάλλοντες
2376 2090 2473 2160 τὴν
2526 2090 2764 2163 Χριστοῦ
2824 2080 3193 2153 διδασκαλίαν,
3237 2087 3315 2148 ὡς

1726 2183 1939 2257 αἵρεσιν
1968 2181 2183 2253 καινὴν,
2227 2182 2324 2235 καὶ
2355 2181 2642 2251 ἀλλοτρίαν
2675 2179 2767 2233 τοῦ
2804 2178 2962 2242 Θεοῦ,
2996 2176 3313 2249 παρήγγελ-

1734 2273 1825 2328 λόν
1856 2291 1914 2327 τε
1960 2273 2027 2353 δι’
2083 2272 2381 2326 ἐπιστολῶν
2419 2273 2493 2344 μὴ
2536 2270 2941 2344 παραδέξασθαι
2976 2270 3147 2340 αὑτήν
3178 2307 3189 2323 .
3234 2309 3249 2323 .
3294 2308 3310 2323 .

1726 2366 1779 2418 οἵ
1810 2383 1868 2418 τε
1902 2364 2194 2419 ἀπόστολοι
2253 2364 2434 2418 αὐτῶν
2467 2363 2759 2426 ἐπιστολὰς
2802 2362 3046 2434 βιϐλίνας
3094 2359 3316 2431 κομιζό-

1726 2476 1877 2530 μενοι
1911 2459 2167 2531 ὑπεράνω
2200 2475 2259 2511 τε
2285 2456 2393 2511 τῶν
2424 2457 2632 2535 ὑδάτων
2664 2452 3071 2525 ναυτιλλόμενοι
3100 2452 3193 2505 καὶ
3216 2450 3316 2524 τὴν

1723 2552 2000 2623 θάλασσαν
2034 2551 2363 2622 ἐμπλέοντες
2419 2546 2735 2620 ἁπανταχοῦ
2768 2548 2874 2617 γῆς
2900 2547 3195 2621 διέτρεχον,
3223 2544 3315 2599 τὸν

1724 2643 1853 2715 περὶ
1877 2641 1970 2694 τοῦ
1998 2642 2253 2711 Σωτῆρος
2282 2638 2439 2710 ἡμῶν
2480 2638 2915 2700 ὲνδιαϐάλλοντες
2944 2636 3123 2705 λόγον.
3155 2636 3316 2689 Ἀπο-

1724 2732 1946 2796 στόλους
1978 2732 2033 2785 δὲ
2065 2732 2232 2784 εἰσέτι
2268 2730 2363 2783 καὶ
2390 2728 2484 2782 νῦν
2533 2727 2654 2792 ἔθος
2689 2728 2840 2781 ἐστὶν
2885 2724 3167 2789 Ἰουδαίοις
3196 2724 3319 2778 ὀνο-

1728 2823 1921 2896 μάζειν
1952 2825 2079 2888 τοὺς
2123 2804 2398 2891 ἐγκύκλια
2451 2822 2753 2892 γράμματα
2800 2820 2949 2893 παρὰ
2983 2819 3091 2872 τῶν
3121 2818 3319 2889 ἀρχόν-

1644 2982 1651 2990 ,
1724 2934 1831 2993 των
1887 2914 2067 2992 αῦτῶν
2113 2914 2631 2987 ἐπικομιζομένους.
2674 2929 2693 2963 ι
2728 2913 2784 2966 In
2818 2924 3061 2966 veterum
3093 2910 3316 2980 scriptis

1732 3011 2041 3080 reperimus
2067 3005 2854 3084 HierosolymitanosIudaica:
2908 3005 3084 3073 gentis
3130 3016 3317 3057 sacer-

1731 3103 1891 3159 d0tes
1918 3112 1973 3157 et
2002 3101 2252 3158 seniores
2283 3102 2498 3154 litteras
2547 3102 2599 3153 iu
2654 3080 2847 3159 otunes
2877 3106 3065 3166 gentes
3103 3076 3335 3148 misisse

1730 3195 1797 3250 ad
1826 3209 2017 3250 omnes
2048 3194 2249 3263 ubique
2287 3191 2526 3252 Judaaos,
2582 3205 2701 3259 quae
2756 3188 2961 3243 Christi
3011 3185 3315 3241 doctrinam

1734 3290 2107 3351 traducerent,
2139 3295 2198 3339 ut
2229 3300 2427 3340 novam
2480 3293 2534 3339 et
2583 3281 2863 3336 inimicam
2920 3279 3030 3333 Deo
3085 3285 3313 3342 sectam,

1730 3396 1797 3437 ac
1826 3379 2076 3451 epistolis
2130 3378 2410 3433 monuisse
2466 3392 2536 3432 ne
2587 3375 2734 3430 illam
2795 3364 3123 3442 recipiti-ent.
3157 3408 3171 3422 .
3203 3405 3220 3423 .
3246 3405 3265 3424 .
3296 3404 3313 3421 .

1730 3470 2075 3542 apostoliqne
2102 3484 2288 3523 eorum
2318 3467 2582 3536 epistulas
2615 3464 2862 3520 biblinas
2903 3462 3211 3517 deterentes
3244 3473 3314 3513 ac

1729 3578 1898 3632 supra
1931 3564 2153 3615 dorsum
2185 3575 2450 3628 aquarum
2481 3567 2534 3610 et
2567 3557 2618 3610 in
2648 3556 2787 3611 tnari
2817 3555 3160 3624 navigantes,
3194 3550 3319 3605 ubi-

1731 3671 1837 3725 que
1872 3666 2145 3711 terrarum
2176 3654 2585 3715 discurrebant,
2638 3650 2835 3703 famam
2869 3644 3180 3703 Servatoris
3216 3628 3335 3698 no?

1732 3748 1829 3801 stri
1878 3745 2184 3821 calumniis.
2227 3743 2569 3799 vellicantes.
2623 3740 2915 3810 Apostolos
2968 3752 3100 3792 vero
3148 3736 3316 3790 etiam

1732 3854 1879 3893 nunc
1901 3836 2072 3893 Judaei
2115 3850 2435 3906 nuncupare
2489 3834 2663 3889 solent
2714 3847 2833 3895 eos,
2869 3830 2961 3900 qui
3012 3828 3318 3884 circulares

1732 3932 2037 4002 principum
2074 3945 2300 3985 suorum
2359 3927 2576 3982 litteras
2638 3925 3068 3993 circumquaque
3116 3920 3317 3990 depor-

1735 4032 1876 4079 tant.
1905 4042 1923 4075 »
2309 4080 2313 4085 θ
2412 4065 2417 4070 .
2960 4078 2963 4087 Ι

1802 4115 1888 4172 Ill.
1918 4115 2143 4170 Eusebii
2190 4113 2564 4187 testimonium
2604 4125 2669 4164 eo
2706 4106 2932 4176 majoris
2970 4115 3055 4161 est
3103 4103 3329 4179 pondes

1734 4210 1841 4272 ris,
1863 4210 2007 4278 quod
2065 4209 2310 4271 eamdem
2355 4206 2640 4265 historiam
2707 4218 2811 4269 non
2866 4200 3006 4268 apud
3038 4197 3312 4275 Justinttm

1741 4312 1959 4357 tantum
2008 4302 2207 4372 legisse
2260 4299 2534 4363 videatur,
2601 4296 2696 4349 sed
2754 4294 2917 4348 etiam
2980 4290 3120 4358 apud
3156 4288 3317 4365 alios

1739 4396 2062 4466 scriptores,
2096 4409 2125 4446 a
2154 4394 2351 4462 quibus
2382 4389 2593 4456 accepit
2634 4387 2705 4445 id.
2733 4385 2876 4453 quod
2910 4397 2938 4434 a
2965 4379 3182 4455 Justino
3207 4394 3313 4433 non

1742 4490 2100 4547 memoratur,
2132 4480 2352 4536 Judteos
2410 4478 2623 4533 litteras
2684 4476 2751 4529 iis
2791 4473 3026 4532 dedisse,
3092 4483 3229 4538 quos
3258 4469 3314 4523 in

1666 4581 1712 4636 D
1738 4576 2052 4630 universum
2088 4573 2276 4631 orbem
2302 4624 2308 4631 .
2333 4572 2643 4626 mittebant.
2694 4567 2801 4622 Sed
2842 4564 3091 4640 quamvis
3119 4576 3318 4630 magna

1737 4671 1807 4724 sit
1839 4667 2003 4735 hujus
2042 4666 2291 4721 historiae
2314 4663 2651 4725 auctoritas;
2713 4658 2839 4729 quia
2870 4666 3052 4731 tamen
3084 4671 3192 4710 non
3222 4656 3327 4733 de-I

1737 4771 1857 4815 sunt
1892 4760 2191 4828 scriptores
2226 4756 2436 4824 antiqui
2483 4770 2549 4808 ac
2583 4761 2859 4815 recentes,
2894 4750 2982 4817 qui
3013 4748 3211 4823 triplex
3247 4746 3316 4801 il-

1736 4852 1823 4906 lud
1851 4852 2059 4907 crimen
2115 4864 2222 4903 non
2255 4864 2284 4902 a
2333 4845 2652 4918 primordiis
2711 4841 3017 4909 religionis,
3064 4838 3158 4893 sed
3214 4836 3331 4901 sub

1734 4940 1981 4995 Adriano
2017 4947 2227 5001 natum,
2263 4946 2428 5004 atque
2458 4949 2521 4987 ex
2558 4933 2741 5001 pravis
2776 4932 3160 4985 hmreticorum
3196 4943 3325 4999 mo-p

1736 5033 1910 5096 ribus,
1953 5031 2043 5099 qui
2073 5030 2174 5083 sub
2212 5030 2316 5083 hoc
2359 5029 2692 5095 imperatore
2728 5022 3071 5093 prodierunt,
3104 5020 3158 5074 in
3191 5019 3347 5073 uni-«.

1736 5139 1925 5179 versos
1957 5122 2307 5177 Christianos
2344 5119 2677 5175 redundasse
2712 5116 2916 5181 velint;
2950 5113 3113 5183 paulo
3154 5125 3329 5177 accu-_

1733 5215 1908 5269 ratius
1939 5212 2301 5267 examinanda
2331 5226 2418 5265 res
2444 5219 2548 5263 est.

1807 5306 2101 5374 Conceptis
2149 5304 2329 5358 verbis
2392 5302 2637 5357 declarat
2686 5297 2981 5360 Eusebius,
3020 5294 3114 5348 lib.
3153 5305 3225 5355 tv,
3260 5305 3311 5344 c.

1736 5399 1790 5463 7,
1844 5398 2087 5452 nefarios
2151 5395 2463 5459 hatreticos,
2528 5391 2856 5454 Basilidem,
2933 5382 3312 5443 Saturninum,

1736 5492 2126 5560 Carpocratem
2158 5499 2214 5543 et
2245 5487 2380 5542 alios
2416 5485 2681 5555 ejusmodi
2723 5481 2953 5550 amplam
2987 5474 3315 5529 obtrectandi

1736 5592 1785 5637 et
1819 5578 2185 5637 calumniandi
2221 5576 2493 5646 Evangelii
2534 5572 2814 5627 materiam
2862 5563 3312 5623 subministrasse,

1738 5690 1892 5744 atque
1928 5674 2049 5729 hinc
2075 5673 2271 5741 factum
2305 5686 2415 5724 esse
2440 5678 2493 5722 ut
2536 5664 2763 5720 absurda
2791 5659 3031 5733 qutrdam
3072 5666 3119 5710 et
3150 5655 3313 5722 impia
