3792 6492
430 411 525 473 131

1320 411 1377 467 s.
1415 397 1752 468 JUSTINUS
1781 392 2269 466 PHILOSOPHUS
2297 406 2385 461 ET
2415 394 2730 462 unum.

3603 398 3709 454 132

427 544 492 593 de
513 535 659 592 nobis
686 538 862 607 opinio
899 531 1039 604 apud
1089 526 1327 602 inﬁdeles
1377 545 1502 588 tunc
1549 535 1797 601 temporis
1846 548 2009 601 spar-
2037 536 2088 589 Δ
2115 530 2351 585 Cornelii
2386 530 2582 585 Taciti.
2605 528 2717 585 Cur
2749 527 2895 584 enim
2923 528 3129 583 Plinius
3156 528 3210 582 in
3246 525 3507 596 epistola,
3534 538 3705 593 quam

427 640 657 700 geretur,
687 629 841 699 quasi
900 626 1105 695 nefario
1160 627 1438 679 concubitu
1484 643 1603 679 cum
1652 625 1921 679 sororibus
1959 633 2008 677 et

425 724 687 776 matribus
712 721 944 783 misceri,
971 730 1018 772 et
1050 719 1387 773 exsecrandis
1424 719 1648 784 dapibus
1707 718 1841 770 vesci
1871 715 2010 768 sole-

427 832 626 868 remus.
661 806 807 870 idem
846 821 1118 866 testantur
1148 810 1406 875 Irenaeus,
1458 811 1553 865 lib.
1588 826 1630 875 ι,
1662 824 1714 863 c.
1746 808 1854 875 25;
1886 808 2008 863 Cie-

424 921 579 960 mens
612 905 1036 968 Alcxandrinus,
1099 904 1322 968 Strom.,
1376 918 1449 966 Iv,
1483 919 1604 974 pag.
1636 903 1779 968 4‘28;
1816 903 2009 973 Orige-

426 1016 546 1060 nes,
572 1010 706 1053 tom.
737 992 805 1052 111
836 1000 889 1051 in
924 997 1192 1066 Epistolas
1226 994 1378 1049 Pauli
1401 1014 1415 1062 ;
1442 996 1781 1065 Epiphanius
1815 997 1866 1050 in
1898 996 2007 1051 ha:-

422 1091 530 1145 resi
558 1089 1134 1159 Carpocratianorum.
1165 1086 1433 1141 Videntur
1464 1089 1577 1141 haec
1615 1088 1789 1155 prima
1822 1091 2005 1158 specie

420 1196 669 1252 pugnare
692 1196 813 1234 cum
840 1178 1078 1242 Justino,
1111 1194 1212 1232 nec
1245 1178 1440 1231 mirum
1476 1178 1521 1233 si
1554 1176 1878 1243 Dodwellus,
1911 1197 2003 1233 as-

420 1275 695 1329 sentiente
728 1272 1103 1337 Tillemontio,
1138 1281 1268 1327 tom.
1306 1270 1373 1336 Il,
1406 1289 1461 1342 p.
1485 1273 1613 1334 245.
1639 1291 1667 1327 a
1698 1272 2003 1342 Carpoera-

421 1366 585 1419 tianis
615 1374 668 1418 et
701 1364 824 1418 aliis
856 1362 1121 1433 ejusmodi
1157 1364 1455 1428 hmreticis,
1504 1367 1593 1434 qui
1628 1369 1727 1419 sub
1760 1367 2000 1419 Adriano

415 1468 739 1524 eruperunt,
794 1471 1075 1525 aspersam
1132 1457 1339 1510 nomini
1376 1457 1687 1512 Christiano
1716 1468 1795 1513 tot
1825 1459 2002 1514 scele-

415 1563 533 1601 rum
569 1547 854 1602 infamiam
895 1548 1237 1617 pronuntiat.

487 1639 598 1691 Sed
654 1637 936 1691 conciliari
989 1644 1225 1707 possunt
1266 1636 1601 1694 dissidentes
1651 1639 1703 1693 in
1754 1640 1994 1710 speciem

414 1730 705 1783 sententia:
737 1738 1009 1796 veterum,
1048 1731 1122 1784 ita
1160 1740 1218 1784 ut
1253 1730 1655 1786 calumniarum
1688 1734 1842 1801 origo
1874 1750 1998 1802 par-

414 1820 509 1872 tim
551 1836 615 1874 ex
646 1818 957 1874 Judzeorum
990 1820 1371 1890 improbitate,
1398 1823 1597 1892 partim
1653 1838 1719 1877 ex
1748 1823 1988 1895 ﬂagitio-

412 1912 490 1966 sis
527 1912 909 1966 lnereticorum
938 1913 1183 1967 moribus
1226 1923 1524 1983 repetatur.
1587 1913 1819 1984 Utrique
1878 1930 1991 1970 rem

411 2003 842 2073 imquissimam,
904 2004 1152 2059 hmretici
1215 2016 1269 2059 et
1318 2004 1512 2069 Judaei,
1562 2016 1988 2075 promoverunt;

412 2095 655 2149 haeretici
684 2095 981 2151 deterrimo
1014 2096 1280 2161 vivendo;
1330 2094 1501 2150 Judaei
1534 2110 1602 2150 ex
1644 2110 1837 2150 eorum
1871 2111 1992 2151 sce-

411 2186 614 2241 leribus
637 2202 824 2240 ansam
855 2186 1169 2256 arripiendo
1198 2201 1260 2240 ea
1295 2186 1346 2240 in
1374 2186 1579 2242 Christi
1610 2187 1912 2242 doctrinam
1936 2195 1991 2240 et

408 2277 759 2333 Christianos
817 2276 1088 2347 ﬁngendi,
1139 2293 1259 2346 qua;
1312 2279 1532 2346 quidem
1595 2278 1849 2349 ignorare
1880 2295 1987 2334 non

408 2379 663 2438 poterant
714 2368 969 2424 omnibus
1028 2369 1081 2422 in
1141 2370 1491 2423 sanctissima
1555 2370 1761 2425 Christi
1824 2372 1989 2425 disci-

408 2461 550 2530 plina
582 2461 895 2515 viventibus
943 2461 1209 2514 detestata
1264 2476 1407 2514 esse.
1450 2461 1563 2516 lmo
1629 2461 1750 2531 plus
1802 2462 1989 2515 nocuit

405 2552 718 2607 Judazorum
773 2550 1033 2617 perﬁdia,
1082 2566 1246 2619 quam
1303 2550 1507 2620 flagitia
1574 2551 1984 2606 bzereticorum.

404 2640 543 2697 Nam
598 2650 658 2695 ut
697 2640 917 2695 difﬁcile
978 2652 1065 2695 est
1120 2642 1409 2696 haereticos
1464 2642 1757 2697 nonnullos
1801 2657 1829 2696 a
1862 2657 1989 2712 pro-

406 2735 620 2789 miscuo
668 2734 965 2788 concubitu
997 2748 1259 2802 purgare;
1296 2734 1366 2787 ita
1399 2734 1484 2787 vix
1509 2734 1775 2788 credibile
1800 2735 1985 2789 infan-

409 2826 679 2881 ticidium.
741 2824 1009 2879 Atheismi
1072 2826 1279 2879 crimen
1319 2826 1597 2880 roboravit
1640 2835 1986 2895 contemptus

406 2916 677 2980 deorum,
766 2932 928 2986 quem
1017 2917 1309 2971 Christiani
1378 2916 1814 2986 prmscferebant.
1892 2919 1985 2973 Sic

404 3011 571 3065 etiam
605 3009 825 3063 invidiae
859 3008 1294 3063 Christianorum
1348 3004 1540 3063 novant
1575 3008 1847 3062 ﬂammam
1885 3010 1984 3063 ad-

400 3103 657 3171 jecerunt
686 3102 944 3166 hasreses,
992 3118 1111 3169 qua:
1145 3102 1244 3155 sub
1294 3100 1535 3154 Adriano
1574 3100 1845 3167 prodiere,
1888 3101 1985 3155 sed

2113 622 2349 690 Traiano
2386 621 2627 692 scripsit,
2676 635 2769 675 an.
2796 618 2921 683 104,
2954 630 3063 673 tam
3097 624 3358 674 accurate
3394 618 3697 679 describit.

2111 718 2246 787 quid
2291 716 2591 772 Christiani
2639 714 2694 770 in
2742 714 2974 770 coetibus
3005 716 3119 769 suis
3160 723 3421 785 agerent;
3471 728 3577 766 cur
3624 714 3702 765 ait

2111 824 2319 865 morem
2374 808 2483 863 illis
2525 808 2693 862 fuisse
2732 807 2958 862 coeundi
3008 807 3077 859 ad
3129 807 3445 875 capiendum
3501 805 3705 866 cibum,

2108 904 2471 969 promiscuum
2518 912 2691 955 tamen
2740 910 2789 953 et
2833 900 3130 967 iituoxium,
3160 896 3262 950 nisi
3294 896 3421 965 quia
3448 895 3569 964 jam
3613 896 3709 947 fh-

2110 997 2344 1063 grabant
2373 1008 2561 1047 eorum
2587 1006 2769 1062 agapre
2802 990 2959 1045 malis
2984 987 3307 1044 infanticidii
3340 985 3705 1040 rumoribus?

2109 1085 2395 1140 Cornelius
2426 1084 2652 1137 Tacitus
2674 1082 2720 1123 "
2749 1081 2916 1136 etiam
2957 1081 3058 1134 sub
3093 1078 3306 1134 Nerone
3346 1076 3708 1131 Christianos

2108 1176 2160 1229 in
2201 1176 2315 1229 haec
2364 1174 2600 1229 erimina
2627 1180 2852 1225 vocatos
2896 1168 3073 1224 fuisse
3100 1166 3476 1224 existimabat.
3504 1184 3524 1217 ι
3559 1166 3706 1233 Ergo

2106 1264 2372 1321 abolendo
2430 1264 2660 1326 rumori,
2714 1261 2911 1330 inquit,
2964 1259 3107 1315 Nero
3166 1257 3407 1312 subdidit
3453 1272 3611 1320 reos,
3651 1266 3705 1308 et

2104 1356 2506 1426 quaashissimis
2534 1356 2711 1424 poenis
2736 1352 2932 1419 affecit,
2952 1367 3089 1421 quos
3112 1366 3210 1421 per
3246 1349 3450 1419 flagitia
3490 1349 3705 1402 invisos

2106 1449 2295 1517 vulgus
2338 1446 2680 1501 Christianos
2736 1446 3068 1513 appellabat.
3118 1442 3432 1497 Exitiabilis
3496 1456 3701 1509 super-

2103 1538 2256 1591 stitio
2297 1552 2485 1591 rursus
2513 1537 2835 1606 erumpebat
2864 1552 2971 1591 non
3004 1536 3162 1589 modo
3189 1549 3285 1603 per
3307 1534 3554 1589 Iudaeam
3587 1534 3703 1589 ori-

2102 1634 2279 1703 ginem
2310 1632 2426 1702 ejus
2458 1634 2605 1698 mali,
2634 1634 2728 1689 sed
2775 1648 2874 1703 per
2910 1632 3111 1691 Urbem
3143 1634 3325 1696 etiam,
3355 1647 3464 1702 quo
3488 1641 3698 1687 cuncta

2102 1727 2343 1795 undique
2388 1726 2595 1780 atrocia
2646 1735 2741 1781 aut
2787 1726 3038 1795 pudenda
3085 1725 3363 1780 confluunt
3404 1724 3701 1779 celebran-

2109 1828 2329 1887 turque.
2367 1836 2385 1870 ι
2426 1818 2487 1873 S.
2522 1818 2710 1873 Melito
2757 1820 2809 1873 in
2845 1818 3102 1888 Apologia
3131 1819 3202 1872 Μ.
3235 1818 3460 1874 Aurelio
3493 1817 3697 1874 oblata

2104 1912 2360 1965 observat
2400 1910 2669 1965 Neronem
2708 1920 2762 1965 et
2788 1910 3158 1965 Domitianum
3184 1912 3418 1965 voluisse
3460 1910 3696 1979 religio-

2097 2017 2220 2056 nem
2251 2002 2631 2057 Christianam
2662 2002 2957 2056 criminum
2986 2004 3133 2057 notis
3162 2002 3382 2056 inurere
3411 2011 3469 2056 et
3506 2002 3576 2053 ab
3610 2001 3697 2052 his

2093 2104 2266 2145 ortum
2302 2108 2413 2146 esse
2442 2105 2497 2145 ut
2543 2094 2822 2147 calumnia:
2850 2102 3034 2147 contra
3076 2092 3407 2147 Christianos
3459 2091 3693 2144 menda-

2092 2183 2233 2235 cium
2284 2185 2659 2236 consuetudine
2716 2199 2749 2235 a
2797 2183 3001 2237 ratione
3045 2184 3221 2236 aliena
3255 2182 3691 2250 (ti/funderetur.

2106 2275 2222 2342 Ἀφ’
2247 2271 2325 2325 ὧν
2354 2274 2447 2327 καὶ
2470 2274 2529 2326 τὸ
2551 2274 2650 2343 τῆς
2671 2274 3032 2343 συκοφαντίας
3051 2274 3228 2345 ἀλόγῳ
3271 2272 3533 2343 συνηθείᾳ
3560 2270 3698 2341 περὶ

2090 2366 2217 2428 τοὺς
2233 2365 2509 2428 τοιούτους
2534 2366 2726 2436 ῥυῆναι
2756 2366 3090 2438 συμϐέϐηκε,
3111 2368 3252 2435 apud
3274 2364 3577 2426 Euseb.,tv,
3594 2363 3691 2416 26.

2160 2456 2547 2512 Collocandum
2596 2472 2728 2526 ergo
2770 2468 2898 2512 ante
2946 2459 3284 2513 obsidionem
3316 2446 3697 2517 Hierosolimi-

2092 2557 2269 2603 lanam
2318 2550 2531 2604 facinus
2577 2547 2916 2614 Judaeorum;
2972 2550 3064 2605 sed
3116 2559 3297 2605 tamen
3345 2567 3451 2605 non
3503 2562 3685 2609 multo

2089 2652 2216 2696 ante
2245 2643 2641 2709 collocandum,
2674 2644 2721 2699 si
2754 2644 2911 2698 fateri
2966 2645 3216 2700 volumus
3252 2646 3546 2703 hareticos
3592 2651 3687 2704 bis

2089 2736 2415 2789 criminibus
2474 2735 2758 2789 materiam
2797 2736 3035 2792 dedisse.
3068 2738 3321 2793 Testatur
3366 2742 3517 2794 enim
3575 2736 3690 2797 He-

2087 2829 2340 2898 gesippus
2388 2830 2529 2897 apud
2583 2829 2896 2893 Eusebium,
2942 2828 3113 2894 Hist.,
3164 2847 3240 2896 IV,
3283 2831 3375 2896 εἰ,
3432 2831 3689 2890 nefarias

2088 2918 2207 2972 illas
2238 2920 2491 2979 lnereses,
2519 2934 2585 2972 ex
2616 2920 2812 2989 quibus
2840 2920 2961 2976 alia:
3002 2922 3255 2990 deinceps
3280 2924 3683 2992 proseminatae

2087 3012 2812 3083 sunt,liierosolymisnasci
2858 3014 3109 3082 erupisse,
3156 3030 3280 3069 cum
3346 3015 3403 3071 S.
3448 3016 3686 3072 Simeou

2086 3102 2371 3171 episcopus
2394 3099 2896 3172 Hierosolymorum
2924 3104 3130 3160 electus
3177 3105 3299 3160 fuit.
3326 3106 3442 3162 Non
3468 3111 3674 3163 stricte

402 3207 468 3246 ex
533 3192 929 3247 vetustioribus
971 3192 1242 3246 haereticis
1280 3191 1622 3245 occasionem
1683 3201 1978 3260 rapuerunt
2009 3199 2054 3256 (ζ
2087 3189 2405 3242 sumendum
2430 3190 2571 3257 quod
2601 3193 2676 3243 ait
2698 3186 2945 3246 Justinus
2975 3192 3184 3262 legatos
3231 3209 3261 3247 a
3293 3194 3496 3252 Judmis
3542 3199 3683 3253 mis-

401 3282 599 3347 Judzei,
630 3286 932 3352 prwsertim
978 3300 1045 3338 ex
1082 3281 1365 3338 Nicolaitis
1411 3292 1467 3337 et
1500 3281 1779 3337 Menandri
1812 3284 1980 3339 disci-

404 3376 570 3446 pulis,
596 3392 830 3446 quorum
863 3378 1021 3447 primi
1080 3380 1337 3433 videntur
1368 3374 1807 3445 promiscuorum
1851 3392 1984 3431 con-

402 3473 688 3527 cubituum
728 3472 933 3525 rumori
989 3473 1274 3526 materiam
1308 3476 1557 3539 dedisse;
1612 3473 1771 3527 alteri
1802 3481 1981 3526 autem

402 3579 527 3617 cum
558 3564 750 3632 magise
788 3573 976 3617 essent
1003 3563 1197 3628 dediti,
1240 3565 1400 3635 hujus
1445 3564 1670 3620 sceleris
1696 3564 1980 3630 invidiam,

401 3667 470 3707 ex
528 3670 637 3723 quo
686 3654 930 3723 proclive
988 3653 1094 3709 fuit
1151 3655 1551 3711 infanticidium
1600 3656 1890 3725 suspicari,
1927 3656 1981 3709 in

401 3760 593 3800 omnes
645 3745 1016 3813 Christianos,
1052 3757 1190 3803 teste
1223 3746 1482 3813 Eusebio,
1548 3745 1718 3811 Hist.,
1747 3762 1832 3811 tu,
1889 3746 1980 3813 26,

403 3834 743 3887 derivarnnl.
778 3833 969 3903 Itaque
1018 3836 1064 3889 si
1098 3850 1127 3888 a
1160 3836 1355 3903 primis
1403 3837 1679 3891 haereticis
1715 3837 1981 3906 originem

407 3924 561 3988 mali,
595 3940 624 3977 a
674 3927 1074 3991 posterioribus
1124 3928 1463 3981 incrementa
1516 3935 1853 3994 repetantur,
1888 3940 1984 3978 ex-

403 4014 737 4082 plicabimus
773 4018 1047 4084 quomodo
1077 4017 1251 4072 Judaei
1284 4026 1337 4071 et
1369 4018 1609 4071 haeretici
1646 4018 1714 4071 ad
1745 4018 1982 4071 dedecus

402 4108 702 4163 Christiani
735 4110 972 4163 nominis
1001 4110 1404 4163 concurrerint.

474 4198 564 4255 IV.
610 4199 898 4255 Postulant
940 4200 1142 4256 Justini
1183 4202 1368 4264 verba,
1415 4212 1475 4254 ut
1520 4201 1795 4269 apostolos
1824 4216 1855 4253 a
1881 4199 1981 4254 Ju-

401 4293 533 4347 daeis
575 4301 699 4346 ante
734 4301 948 4362 captam
984 4308 1012 4346 a
1052 4292 1174 4347 Tito
1206 4292 1391 4348 urbem
1424 4294 1616 4348 missos
1640 4294 1806 4348 fuisse
1830 4294 1980 4348 dica-

403 4396 543 4436 mus.
569 4382 684 4435 Duo
708 4381 853 4436 enim
885 4379 1089 4435 Judaais
1118 4380 1435 4450 exprobrat,
1451 4390 1505 4433 et
1537 4380 1682 4449 quod
1706 4381 1981 4449 apostolos

403 4474 468 4524 ad
488 4476 822 4543 spargendas
848 4474 1152 4528 calumnias
1175 4472 1447 4538 miserint,
1472 4484 1524 4528 et
1544 4473 1686 4543 quod
1710 4484 1977 4545 praeterea

2086 3292 2177 3333 sos
2202 3278 2388 3346 fuisse,
2422 3292 2702 3350 postquam
2725 3281 2907 3337 Jesum
2932 3300 2997 3338 ex
3039 3288 3266 3341 mortuis
3305 3292 3685 3346 resurrexisse

2084 3380 2139 3425 et
2169 3373 2220 3424 in
2251 3374 2419 3426 castos
2466 3374 2773 3429 ascendisse
2830 3388 3225 3444 cognoverunt.
3258 3378 3351 3433 Sic
3394 3382 3544 3435 enim
3598 3386 3682 3436 ait

2085 3465 2140 3519 in
2170 3465 2324 3533 Apol.
2360 3467 2412 3532 1,
2439 3483 2589 3520 num.
2613 3468 2845 3537 29,'post
2865 3468 3063 3525 Clariin
3091 3473 3143 3525 in
3174 3472 3357 3528 (mlunt
3397 3490 3678 3530 ascensum

2086 3555 2359 3612 immissos
2410 3558 2581 3613 fuisse
2621 3576 2652 3613 a
2707 3562 3041 3618 daemonibus
3090 3562 3409 3631 Simonem,
3443 3566 3679 3623 Meuan-

2084 3650 2238 3704 drum
2271 3658 2325 3703 et
2383 3648 2738 3705 Marcionem.

2159 3740 2220 3795 V.
2278 3742 2621 3797 Incredibilia
2682 3745 2932 3799 omnibus
2989 3746 3226 3801 cordatis
3279 3762 3494 3814 semper
3542 3751 3667 3805 visa

2084 3841 2210 3887 sunt
2261 3833 2376 3887 haec
2422 3844 2729 3889 commenta
2765 3853 2778 3888 :
2813 3835 3013 3890 fatetur
3036 3852 3099 3891 ea
3125 3854 3152 3890 a
3189 3853 3317 3893 vero
3361 3839 3670 3892 abhorrere

2084 3922 2305 3992 Trypho
2351 3921 2575 3979 Iudaeus
2622 3925 2862 3996 Dialog.,
2909 3943 2964 3980 n.
3001 3928 3085 3981 10.
3164 3946 3181 3978 ι
3220 3929 3471 3998 Plerique
3504 3926 3675 3982 ﬁdem

2081 4012 2271 4067 talium
2313 4022 2630 4083 temperant,
2657 4033 2676 4069 ι
2702 4017 2877 4085 inquit
2918 4016 3283 4074 Tertullianus
3339 4037 3355 4074 ι
3390 4020 3461 4072 ad
3504 4018 3671 4084 Nal.,

2081 4117 2135 4156 e.
2166 4102 2220 4159 2.
2251 4101 2358 4157 Sed
2392 4114 2569 4157 tamen
2614 4106 2968 4174 jactationem
3024 4108 3330 4172 habebant,
3380 4106 3427 4161 si
3479 4107 3672 4162 minus

2082 4192 2270 4258 fidem;
2295 4203 2349 4249 et
2372 4194 2579 4249 centies
2605 4196 2776 4251 refuta
2787 4206 2834 4250 ta
2853 4198 3174 4266 exprobrari
3196 4214 3301 4252 non
3323 4198 3668 4254 desinebant.

2084 4283 2356 4354 Tempore
2407 4283 2685 4356 Origenis,
2723 4299 2778 4341 ut
2826 4298 2970 4356 patet
3021 4303 3089 4342 ex
3132 4289 3442 4343 testimonio
3488 4304 3663 4358 supra

2082 4378 2268 4443 allato,
2311 4394 2417 4433 non
2458 4380 2572 4449 jam
2614 4380 2828 4448 quidem
2867 4381 3127 4450 plurimos
3160 4390 3218 4435 ut
3244 4380 3396 4446 olim,
3436 4382 3532 4435 sed
3577 4391 3668 4435 ta—

2084 4487 2209 4525 men
2268 4472 2554 4526 nonnullos
2606 4472 2785 4527 adhuc
2832 4472 3211 4541 decipiebant;
3262 4487 3361 4526 nec
3412 4472 3669 4526 videntur

405 4565 541 4619 urbe
598 4577 755 4634 capta
809 4564 1160 4619 Christianos
1217 4565 1351 4620 diris
1388 4567 1658 4621 devovere
1690 4568 1978 4634 cmperint.
2012 4540 2055 4594 θ
2086 4564 2328 4629 omnino,
2367 4563 2412 4620 si
2471 4563 2753 4619 Lactantio
2786 4564 3085 4631 credimus,
3112 4564 3385 4618 oblivione
3416 4575 3469 4617 et
3494 4566 3669 4618 silen-

402 4655 607 4709 Deinde
637 4671 766 4709 vero
794 4671 918 4709 cum
947 4657 1095 4710 missi
1130 4656 1340 4711 fuerint
1366 4673 1394 4709 a
1428 4658 1992 4713 saeerdotibuslliero—

401 4748 782 4818 solymitauis,
840 4746 891 4800 id
953 4760 1274 4817 argumento
1332 4759 1416 4802 est
1473 4750 1708 4802 nondum
1760 4747 1979 4803 Iudaeos

403 4837 694 4891 sacerdotii
729 4838 1071 4905 splendorem
1111 4848 1165 4892 et
1199 4840 1386 4891 urbem
1422 4839 1692 4892 amisisse.
1716 4838 1981 4894 Eusebius

406 4929 546 4981 idem
578 4928 788 4981 facinus
812 4930 1063 4982 attribuit
1093 4926 2010 4996 sacerdotibusllierosolymitanis.

402 5018 777 5073 Tertullianus
801 5021 962 5073 modo
980 5020 1180 5073 citatus
1207 5020 1485 5087 infamiam
1510 5035 1539 5070 a
1570 5015 1781 5071 Judwis
1806 5030 1974 5073 ortam

402 5112 533 5164 dicit
569 5118 693 5164 ante
718 5123 931 5179 captam
964 5108 1411 5179 Hierosolymam.

472 5200 602 5266 Quae
654 5215 683 5252 a
736 5199 1975 5270 sacerdotibusl-lierosolymitanisacceperant

403 5290 596 5354 Judazi,
624 5306 688 5344 ea
716 5304 975 5358 spargere
1025 5287 1078 5341 in
1132 5305 1292 5341 omne
1318 5289 1611 5342 lnnnanum
1640 5304 1814 5359 genus
1861 5306 1969 5344 non

403 5383 704 5445 desierunt,
750 5391 807 5433 ut
849 5390 1077 5434 testatur
1116 5378 1388 5444 Justinus;
1431 5396 1495 5433 ac
1528 5381 1806 5451 gentilium
1853 5383 1972 5435 ani-

405 5490 522 5527 mos
548 5476 630 5529 bis
651 5475 716 5529 de
744 5474 1055 5529 Christiana
1094 5474 1356 5542 religione
1390 5476 1574 5543 pravis
1615 5476 1966 5544 opinionibus

397 5566 510 5634 jam
566 5566 764 5620 dudum
813 5576 939 5621 ante
995 5575 1212 5621 exortos
1255 5566 1355 5620 sub
1404 5568 1646 5622 Adriano
1678 5569 1967 5625 hmreticos

404 5668 933 5727 praeorcupaverant,
960 5668 1017 5712 ut
1063 5667 1211 5727 patet
1256 5674 1321 5714 es
1354 5659 1679 5727 testimoniis
1722 5660 1883 5717 Plinii
1912 5672 1968 5720 et

481 5795 521 5828 ’θ
548 5795 742 5850 Annal.
776 5796 866 5852 lib.
902 5812 984 5853 xv.
1964 5796 1989 5853 ⁴ί

2086 4656 2161 4711 tio
2209 4657 2420 4726 sepulta
2460 4655 2654 4723 fuisse,
2679 4657 2782 4712 nisi
2807 4667 3093 4726 postquam
3125 4658 3514 4711 Contstantinus
3556 4660 3665 4712 im-

2081 4748 2216 4815 perii
2274 4724 2638 4816 gubernacula
2701 4724 2897 4802 tenuit.
2934 4748 3027 4802 Sic
3074 4749 3220 4802 enim
3258 4748 3368 4815 ille,
3418 4748 3512 4802 lib.
3549 4724 3695 4814 νηί

2081 4854 2130 4894 e.
2162 4838 2234 4893 26
2271 4858 2283 4893 :
2322 4858 2339 4891 ι
2376 4840 2577 4895 Verum
2609 4839 2683 4894 illi
2714 4841 2854 4895 hanc
2911 4841 3337 4895 taciturnitatem
3384 4850 3661 4905 nostram,

2080 4928 2245 4984 veluti
2299 4930 2497 4985 malam
2543 4932 2965 4995 conscientiam,
3021 4932 3387 4986 criminantur
3443 4950 3456 4986 :
3512 4934 3664 4989 unde

2080 5020 2246 5075 etiam
2278 5023 2537 5091 quasdam
2573 5021 2937 5079 exsecrabiles
2959 5024 3241 5091 opiniones
3269 5024 3335 5078 de
3362 5023 3577 5093 pudicis
3605 5038 3662 5079 et

2079 5114 2461 5171 innocentibus
2498 5116 2730 5187 fingunt,
2761 5126 2815 5170 et
2844 5116 3078 5171 libenter
3110 5117 3194 5172 his
3218 5132 3341 5186 quae
3380 5118 3659 5171 finxerunt

2077 5206 2330 5262 credunt.
2384 5206 2489 5262 Sed
2541 5208 2724 5262 omnia
2778 5210 2911 5278 jam,
2940 5208 3286 5263 sanctissime
3332 5209 3661 5278 imperator,

2078 5301 2328 5370 ﬁgmenta
2390 5300 2568 5369 sopita
2617 5310 2766 5366 sunt,
2819 5315 2885 5354 ex
2918 5314 3025 5368 quo
3063 5309 3112 5353 te
3147 5299 3289 5354 Deus
3312 5315 3557 5354 summus
3586 5300 3657 5354 ad

2079 5392 2476 5446 restituendum
2524 5391 2752 5462 justitia:
2806 5391 3139 5446 domicilium
3203 5403 3257 5445 et
3309 5390 3375 5444 ad
3428 5392 3652 5445 tutelam

2074 5487 2290 5553 generis
2334 5486 2557 5541 humani
2600 5484 2881 5540 excitavit.
2916 5504 2934 5540 ι
2972 5483 3197 5539 Videtur
3240 5484 3506 5538 Eusebius
3531 5485 3655 5537 exi-

2074 5578 2295 5633 5timare
2319 5579 2416 5632 has
2444 5576 2747 5632 calumnias
2777 5585 2902 5631 ante
2926 5575 3343 5630 Constantinum
3368 5577 3656 5631 exaruisse

2073 5671 2235 5743 idque
2262 5685 2347 5746 ⁵ει
2391 5669 2477 5725 his
2502 5666 2776 5752 colligitur
2814 5683 2931 5738 qua:
2966 5667 3225 5737 leguntur
3265 5668 3357 5724 lib.
3392 5682 3464 5735 tv,
3488 5682 3543 5723 c.
3571 5668 3601 5721 'l
3632 5678 3645 5709 ’-
