3792 6510
93 452 175 508 tas
1008 438 1069 496 ο.
1107 424 1369 493 uanam
1404 432 1797 491 PBAEFATIO.
1835 464 1903 475 —
1935 430 2118 487 PARS
2154 418 2244 487 nt.

3200 418 3306 477 158

95 588 109 619 ι
137 566 385 621 Exstincta
431 571 516 617 est
539 603 553 626 ,
576 550 779 630 inquit,
832 560 1089 629 temporis
1141 559 1293 629 lapsu
1351 556 1626 613 calumnia
1658 561 1703 616 Α
1734 556 1904 609 nium.
1934 553 2098 608 Solus
2141 552 2287 605 enim
2332 544 2575 603 Justinus
2600 542 2913 613 Apologiam
2943 540 3161 605 obtulit,
3187 554 3303 611 qua

92 659 180 717 illa.
221 666 331 722 qua:
381 655 646 707 universa:
698 651 942 721 religioni
1009 661 1208 707 nostra:
1280 651 1457 706 aliicta
1513 652 1625 703 fuc-

92 759 240 805 rat....
294 746 424 799 adeo
460 752 522 798 ut
560 745 753 799 exinde
775 760 933 799 nemo
966 746 1032 798 ad
1076 756 1260 799 nostra
1286 759 1456 813 usque
1492 758 1626 798 tem-

94 854 202 908 pora
245 852 398 890 ausus
448 838 520 890 sit
552 836 712 890 ullam
757 836 996 890 infamia:
1037 835 1212 889 labem
1254 834 1375 889 fidei
1426 844 1626 888 nostra:

95 949 336 1003 aspergere
357 932 451 1003 (ὡς
488 932 688 1003 μηδένα
712 932 818 987 θεῶν
848 937 926 998 εἰς
946 930 1040 988 νῦν
1078 935 1309 1005 αἰσχρὰν
1346 934 1626 1007 ἐπιφέρειν

94 1028 258 1096 τολμᾷν
281 1025 412 1077 κατὰ
434 1025 533 1093 τῆς
568 1026 802 1089 πίστεως
859 1026 1014 1097 ἡμῶν
1047 1027 1376 1097 δυσφημίαν)
1401 1039 1495 1081 aut
1530 1029 1629 1083 ali-

98 1134 226 1188 quam
254 1117 513 1187 ejusmodi
540 1116 868 1171 calumniam
915 1118 1141 1183 inferre,
1163 1119 1376 1187 qualem
1414 1132 1628 1175 veteres

102 1210 156 1262 illi
182 1217 358 1262 nostra:
410 1202 684 1278 religionis
715 1209 897 1263 hostes
919 1207 1124 1277 jactare
1152 1220 1564 1267 consueverant.
1606 1230 1627 1265 ι

677 1318 906 1376 CAPUT
945 1318 1009 1374 V.

103 1410 336 1475 Quomodo
361 1420 410 1463 et
439 1425 543 1478 quo
586 1428 828 1492 successu
859 1411 1032 1479 prima
1072 1410 1334 1483 Apologia
1365 1411 1543 1467 oblata
1572 1423 1619 1467 et

478 1496 581 1547 quo
612 1490 942 1549 potissimum
973 1492 1228 1551 (corpore.

101 1593 129 1641 l.
146 1584 336 1644 Justinus
358 1584 647 1667 Apologiam
672 1598 798 1667 apud
820 1597 941 1647 Acta
952 1598 1134 1667 deponi
1176 1588 1496 1667 postulatglgl.
1511 1599 1638 1667 gon-

146 1671 295 1723 sensus
316 1660 457 1723 edicti
487 1660 801 1723 imperatoris
823 1673 932 1707 cum
956 1660 1352 1723 hacﬂApolog/ia.
1397 1660 1483 1710 Ill.
1516 1663 1639 1711 Vina-

147 1721 305 1768 :licatur
329 1721 576 1769 Antonino
600 1722 692 1768 hoc
719 1722 993 1769 decretum.
1022 1722 1098 1769 IV.
1131 1721 1336 1772 Videtur
1377 1726 1505 1773 circa
1549 1737 1639 1773 an-

148 1795 241 1828 num
266 1781 344 1829 ιδο
365 1783 563 1842 scripta.
589 1782 735 1831 V.De
763 1784 971 1843 epistola
1000 1783 1061 1831 Μ.
1085 1784 1299 1834 Aurelii.

158 1884 187 1939 l.
234 1886 477 1957 Apologia
538 1887 806 1957 prolixior
856 1886 1078 1956 Justini,
1107 1906 1229 1960 qua:
1276 1890 1331 1945 in
1380 1892 1634 1947 omnibus
1666 1884 1754 1960 3;

106 1979 403 2045 editionibus,
459 1993 687 2057 excepta
766 1983 1106 2045 Londinensi,
1159 1992 1279 2051 post
1324 1985 1626 2039 breviorem

107 2069 312 2133 volvitur,
338 2072 579 2124 omnium
614 2087 878 2128 consensu
906 2074 1080 2142 prima
1116 2076 1452 2145 agnoscitur.
1475 2076 1626 2130 lianc

108 2159 321 2225 Justinus,
352 2171 409 2215 ut
471 2162 588 2231 ipse
641 2172 875 2218 testatur
920 2165 970 2219 in
1023 2165 1269 2237 Dialogo,
1306 2182 1363 2221 n.
1411 2169 1534 2231 120,
1564 2169 1631 2223 ad

108 2251 207 2302 Acta
225 2250 421 2316 obtulit,
453 2266 518 2305 ac
566 2254 722 2320 petiit
750 2262 809 2307 ut
841 2257 1253 2310 commentariis
1280 2257 1513 2327 publicis
1544 2259 1631 2313 in-

110 2348 410 2406 scriberetur.
456 2351 549 2405 Ait
605 2352 748 2405 enim
790 2368 849 2408 se
891 2354 1182 2426 ἐγγράφως
1219 2357 1422 2410 adiisse
1451 2356 1636 2413 Caesa-

113 2454 215 2491 rem.
239 2440 381 2495 Vocis
409 2444 707 2515 ἐγγράφως
744 2446 885 2499 hanc
928 2446 1034 2498 vim
1078 2454 1133 2499 et
1162 2448 1489 2501 sententiam
1514 2462 1638 2504 esse

113 2530 379 2597 observavi;
410 2536 502 2587 sed
532 2544 801 2602 praeterea
826 2545 884 2588 ut
915 2537 985 2589 ita
1014 2537 1416 2607 interpretarer
1448 2550 1640 2595 auctor

115 2618 207 2684 ipse
230 2619 455 2676 Justinus
493 2622 622 2689 fuit,
655 2625 744 2694 qui
791 2627 891 2680 hoc
934 2626 1160 2692 factum,
1202 2639 1262 2685 ut
1318 2632 1482 2685 animi
1532 2648 1638 2688 non

116 2714 249 2769 timidi
269 2716 533 2783 specimen
569 2717 820 2784 exhibet;
860 2720 1001 2787 quod
1035 2722 1288 2776 nimirum
1312 2738 1475 2779 ausus
1499 2733 1645 2780 esset

117 2804 433 2862 Samaritanus
483 2810 536 2863 in
583 2811 788 2879 scripto
831 2812 896 2865 ad
940 2814 1073 2866 Acta
1109 2814 1290 2868 oblato
1325 2822 1381 2868 et
1427 2814 1642 2883 publice

116 2907 342 2952 asservato
366 2915 588 2959 summa:
616 2901 926 2969 impietatis,
960 2920 1067 2957 non
1096 2904 1389 2961 formidata
1430 2908 1642 2965 illorum

120 2986 365 3057 iracundia,
407 3006 690 3045 accusare.
723 2990 779 3046 In
831 2993 944 3063 ipsa
992 2994 1281 3067 Apologia,
1309 3014 1366 3052 n.
1416 2999 1515 3062 26.
1548 3015 1645 3069 po-

121 3080 246 3133 stulat
284 3084 346 3137 ab
384 3084 719 3153 imperatore
749 3095 807 3139 ut
851 3096 1103 3142 senatum
1138 3090 1499 3160 populumque
1532 3092 1645 3146 Ro-

121 3187 290 3226 manum
327 3174 479 3244 hujus
521 3176 690 3232 libelli
741 3178 999 3248 supplicis
1040 3183 1346 3250 cognitores
1389 3184 1643 3240 asciscat.

1726 647 1791 701 de
1820 646 2260 701 Christianorum
2295 641 2459 696 rebus
2499 638 2889 707 imperatorem
2928 634 3159 690 educere
3184 649 3304 703 pos-

1725 747 1827 793 set.
1858 736 2108 791 Nonnulli
2142 734 2359 805 quidem
2391 746 2457 785 ex
2500 728 2628 782 Asia
2674 727 2870 781 l'ratres
2895 725 3150 795 querelas
3181 740 3307 781 suas

1728 828 1869 897 apud
1919 827 2253 882 Antoninum
2301 818 2710 883 detulerunt”;
2769 821 2864 872 sed
2914 830 2977 870 ex
3044 815 3307 883 ejusmodi

1728 918 1969 988 querelis
2019 932 2128 970 non
2185 914 2397 967 videtur
2439 919 2585 964 tanta
2641 906 2928 977 religionis
2978 905 3309 961 Christiana:

1734 1011 1975 1081 cegnitio
2010 1008 2213 1079 percipi
2262 1020 2444 1075 posse,
2478 1010 2682 1072 quanta
2713 1001 2765 1052 in
2798 998 3000 1054 litteris
3050 996 3309 1052 Antonini

1732 1105 1927 1159 elucet.
1959 1102 2069 1156 Soli
2104 1101 2322 1155 Justino
2365 1105 2707 1152 reservatum
2744 1094 2844 1149 fuit
2891 1092 3148 1149 Ecclesia:
3182 1107 3312 1147 cau-

1733 1204 1847 1250 sam
1892 1191 2239 1262 dOgmatibus
2268 1186 2610 1244 etinstitutis
2668 1190 2925 1239 accurate
2974 1180 3311 1251 exponendis

1733 1298 1916 1356 agere.
1971 1284 2286 1351 Quinetiam
2339 1289 2521 1334 tantus
2560 1285 2647 1333 est
2697 1275 2905 1331 decreti
2968 1272 3312 1343 imperatoris

1733 1393 1857 1433 cum
1911 1376 2109 1431 Justini
2157 1372 2413 1442 Apologia
2446 1384 2771 1434 consensus,
2806 1367 2947 1421 utin
2985 1364 3312 1420 sententiam
3353 1405 3362 1419 .

1736 1470 1796 1523 S.
1862 1467 2112 1538 martyris
2182 1471 2562 1520 constructum
2631 1461 2907 1514 videatur.
2962 1458 3315 1511 Demonstrat

1736 1559 1983 1615 Justinus
2035 1558 2223 1611 atheos
2284 1570 2390 1608 non
2438 1567 2562 1607 esse
2608 1552 2979 1614 Christianos,
3011 1561 3112 1602 nec
3144 1544 3313 1600 ullum

1740 1651 2018 1707 hominum
2089 1663 2259 1717 genus
2321 1646 2391 1699 ab
2431 1644 2555 1697 aliis
2608 1641 2953 1705 criminibus,
3006 1653 3128 1708 qua:
3184 1635 3316 1701 ipsis

1739 1740 2165 1809 atiingebantur,
2198 1736 2370 1806 magis
2396 1749 2517 1789 esse
2546 1733 2805 1787 alienum.
2832 1731 2926 1784 Sic
2950 1730 3113 1784 etiam
3146 1727 3320 1796 impe—

1740 1842 1895 1887 rator
1919 1830 1971 1884 in
2002 1830 2198 1883 litteris
2230 1828 2297 1881 ad
2322 1837 2613 1880 commune
2640 1824 2785 1876 Asia:
2807 1821 2949 1875 datis
2977 1818 3319 1873 Christianus

1741 1923 2022 1980 immerito
2051 1921 2247 1975 atheos
2288 1918 2469 1974 vocari
2501 1916 2836 1986 pronuntiat,
2872 1922 2928 1968 et
2964 1913 3088 1965 aliis
3129 1909 3317 1965 crimi-

1730 2017 1917 2078 nibus,
1944 2030 2064 2082 quae
2101 2012 2323 2082 probari
2380 2024 2485 2064 non
2538 2016 2793 2075 possunt,
2828 2007 2881 2061 in
2916 2004 3175 2059 invidiam
3228 2000 3320 2055 ad-

1736 2107 1883 2161 duci.
1915 2106 2047 2161 Orat
2099 2102 2347 2159 Justinus
2378 2113 2435 2155 ut
2479 2104 2531 2154 in
2564 2099 2911 2155 Christianos
2941 2101 3129 2153 eadem
3169 2094 3320 2165 judi-

1733 2196 1939 2253 ciorum
1994 2195 2168 2251 forma
2228 2210 2293 2249 ac
2337 2195 2391 2248 in
2436 2194 2570 2246 alios
2615 2191 2865 2245 homines
2913 2196 3184 2245 servetur.
3227 2187 3321 2242 Sic

1734 2289 1900 2343 etiam
1950 2288 2257 2341 Antoninus
2294 2287 2488 2340 statuit
2552 2282 2685 2337 nihil
2731 2281 2927 2351 negotii
2968 2281 3319 2335 exhibendum

1735 2398 1847 2435 esse
1884 2381 2080 2434 talibus
2106 2378 2426 2442 hominibus,
2454 2377 2556 2430 nisi
2592 2375 2720 2444 quid
2754 2373 3006 2429 adversus
3033 2373 3320 2443 imperium

1739 2471 2038 2525 Romanum
2060 2470 2235 2524 moliri
2272 2467 2755 2537 deprehendantur.
2785 2464 3125 2534 Apposuerat
3148 2461 3321 2517 Justi-

1743 2578 1848 2616 nus
1879 2563 2147 2631 Apologia
2192 2576 2303 2616 suae
2331 2560 2615 2629 epistolam
2645 2558 2869 2613 Adriani
2904 2558 2972 2611 ad
3020 2556 3319 2612 Minucium

1746 2652 2076 2707 Fundanum
2112 2668 2125 2705 :
2164 2652 2473 2705 Antoninus
2516 2649 2796 2703 decretura
2822 2646 3050 2701 Adriani
3078 2661 3321 2702 comme-

1755 2752 1960 2806 morat,
2018 2756 2185 2811 seque
2244 2741 2390 2795 illius
2451 2739 2682 2808 vestigia
2742 2752 2993 2807 premere
3030 2737 3321 2808 gloriatur.

1756 2836 2006 2892 Deelarat
2025 2834 2273 2889 Justinus
2291 2835 2334 2865 “
2355 2833 2696 2889 Christianos
2712 2832 2884 2887 occidi
2903 2831 3120 2900 quidem
3139 2844 3324 2900 posse,

1750 2928 1869 2984 laedi
1923 2942 2053 2981 vero
2102 2941 2477 2995 nequaquam;
2540 2922 2780 2993 optabile
2834 2923 2978 2977 enim
3036 2922 3145 2977 illis
3204 2936 3328 2977 esse

1748 3026 1977 3071 mortem
2025 3027 2377 3088 oppetere,ut
2398 3032 2461 3071 ea
2493 3032 2614 3087 qua:
2646 3027 2865 3085 sperant
2900 3025 3323 3083 consequantur.

1745 3108 1890 3164 Idem
1920 3108 2026 3162 illis
2050 3106 2417 3162 testimonium
2459 3108 2651 3160 tribuit
2688 3107 3019 3161 Antoninus.
3070 3104 3189 3159 Non
3223 3118 3325 3173 po-

1747 3199 1917 3254 stulat
1961 3196 2296 3263 Justinus“,
2325 3205 2384 3251 ut
2429 3196 2697 3251 delatores
2730 3196 3165 3252 Christianorum
3214 3211 3320 3265 pu-

123 3264 162 3316 ¹⁰
184 3269 393 3321 secunda
440 3269 724 3338 Αροίοθίαο
752 3279 815 3324 ιιι
858 3270 1001 3325 intra
1049 3273 1374 3339 Videbimus:
1411 3278 1641 3345 Primam
1670 3242 1714 3301 ο
1748 3294 1990 3358 niantur,
2006 3292 2089 3347 vel
2119 3242 2299 3360 potius
2332 3306 2548 3360 poenam
2577 3290 2684 3345 illis
2708 3290 3107 3361 quodammodo
3137 3242 3330 3358 deprc-

124 3364 165 3406 ut
191 3366 343 3410 notam
396 3369 454 3413 et
495 3361 715 3430 publice
763 3374 1099 3418 asservatam
1148 3366 1487 3437 citat;quod
1516 3372 1643 3439 qui-

124 3447 213 3500 dem
250 3462 549 3520 argumento
579 3464 663 3507 est
686 3452 849 3521 justze
907 3456 1153 3526 petitioni
1185 3459 1385 3514 nullam
1432 3477 1641 3517 moram

126 3540 319 3597 attulisse
340 3544 699 3604 Antoninum.

176 3637 278 3703 Quae
304 3642 349 3695 in
379 3643 476 3695 hac
500 3644 762 3713 Apologia
792 3644 1067 3714 leguntur,
1113 3660 1219 3699 non
1247 3647 1426 3701 minus
1446 3646 1645 3703 Justini

126 3732 427 3786 constantiam
456 3742 511 3788 et
536 3735 707 3789 animi
755 3736 1025 3791 charitate
1055 3738 1245 3791 fervidi
1273 3738 1645 3794 fortitudinem

128 3819 373 3889 declarant,
403 3841 566 3895 quam
626 3826 739 3897 ipsa
791 3827 1052 3883 oderendi
1088 3830 1248 3883 ratio.
1292 3830 1514 3886 Monere
1539 3846 1645 3885 non

129 3910 291 3967 dubitat
316 3915 696 3986 imperatorem
728 3919 953 3989 ejusque
994 3921 1135 3976 ﬁlios
1164 3938 1228 3975 ex
1253 3923 1479 3992 judicio,
1501 3923 1648 3994 quod

130 4000 177 4053 de
190 4002 476 4063 Christianis
501 4008 645 4063 lecta
672 4009 775 4063 hac
801 4011 1058 4080 Apologia
1086 4011 1281 4075 ferent,
1308 4022 1490 4067 utrum
1522 4029 1649 4070 vere

131 4094 182 4156 pii
198 4105 233 4146 et
247 4098 517 4169 philosophi
547 4112 601 4156 et
623 4100 849 4170 iustitia:
872 4104 1111 4157 custodes
1139 4114 1186 4157 et
1216 4108 1471 4161 doctrina:
1500 4125 1650 4162 ama-

134 4191 235 4239 tore:
276 4189 395 4255 sint,
421 4193 753 4248 aestimatum
802 4194 891 4248 iri.
925 4194 1186 4260 Quamvis
1212 4211 1320 4250 non
1371 4197 1650 4267 ignoraret

134 4290 253 4341 quam
290 4279 670 4337 immoderatus
698 4282 893 4338 luisset
924 4283 1231 4341 Antoninus
1259 4285 1313 4340 in
1351 4286 1488 4355 grati
1521 4301 1646 4353 erga

135 4366 376 4428 Adrianum
431 4375 601 4430 animi
661 4376 1186 4445 signiﬁcationibus;
1230 4377 1419 4444 objicit
1468 4386 1648 4436 tamen

138 4462 366 4526 gentilibus
395 4466 445 4521 id
465 4468 611 4537 quod
626 4467 851 4522 Adriani
881 4468 1083 4522 nomini
1106 4469 1493 4537 sempiternam
1513 4469 1652 4524 infa-

138 4553 257 4607 miam
286 4556 501 4625 inussit,
532 4560 761 4614 Antinoi
808 4560 949 4615 inter
986 4562 1117 4616 deos
1153 4566 1646 4618 consecrationem.

140 4640 214 4697 Sed
238 4664 325 4702 non
355 4651 397 4705 is
420 4652 886 4717 eratAntoninus,
914 4667 1073 4722 quem
1130 4653 1392 4723 ejusmodi
1425 4652 1647 4709 libertas

140 4736 396 4797 oll’cnderet.
422 4744 560 4810 Quin
586 4745 786 4812 potius,
820 4755 877 4797 ut
900 4744 967 4798 de
997 4744 1320 4800 Christianis
1344 4761 1491 4815 aequa
1524 4761 1651 4800 sen-

144 4832 250 4899 tiret,
286 4852 341 4892 ac
386 4856 572 4895 eorum
614 4842 868 4911 pietatem
903 4843 1100 4897 debitis
1126 4844 1375 4899 laudibus
1405 4853 1651 4908 ornaret,

143 4924 371 4984 adduxisse
390 4948 509 4985 eum
543 4933 818 4998 videntur,
843 4934 1074 4987 eximius
1103 4935 1267 4988 animi
1300 4936 1526 5001 candor,
1555 4937 1648 5005 qui

146 5013 181 5065 in
200 5026 287 5074 toto
312 5024 474 5078 elucet
502 5040 686 5094 opere,
713 5042 779 5082 ac
806 5031 1116 5094 dogmatum
1140 5024 1466 5082 Christiana
1518 5028 1649 5082 reli-

146 5107 302 5174 Bionis,
340 5126 726 5186 praceptorum
768 5116 1010 5181 Christi,
1068 5118 1476 5186 prophetiarum
1518 5134 1653 5187 quas

147 5208 317 5256 eventus
336 5208 767 5271 continuaverat,
798 5208 1052 5260 virtutum
1077 5222 1212 5275 quas
1232 5206 1531 5263 Christiani
1556 5224 1652 5264 e0-

150 5284 299 5358 |ebant,
324 5296 1292 5370 rituumdeniqueetcaeremoniarum,
1312 5314 1446 5369 quas
1467 5299 1518 5352 in
1541 5314 1656 5371 my-

149 5382 1001 5455 steriissuisobservahant,sincera
1015 5400 1067 5445 et
1086 5400 1338 5445 accurata
1361 5393 1652 5460 expositio.

196 5475 243 5527 ll.
258 5476 493 5535 Testatur
518 5482 763 5536 Zonaras
787 5483 929 5537 hunc
948 5482 1216 5553 Apologia:
1240 5481 1296 5537 S.
1316 5482 1510 5538 Justini
1534 5483 1649 5536 fru-

150 5574 254 5622 ctum
282 5569 455 5637 luisse,
479 5586 539 5628 ut
569 5574 1001 5642 persecutionem
1046 5574 1354 5628 Antoninus
1398 5572 1641 5641 compri-

152 5661 570 5725 tneret.,,Pluribus
622 5667 781 5721 rebus
830 5666 1183 5721 conﬁrmatur
1249 5666 1350 5721 hoc
1402 5665 1645 5719 testimo-

154 5827 305 5892 “i'ilte
326 5839 509 5898 Anton.
544 5858 592 5912 p.
619 5842 740 5895 206.
818 5846 857 5872 ⁸³
902 5841 962 5895 Ν·
1004 5840 1059 5911 9-.
1122 5851 1170 5912 8»

1241 5839 1569 5908 11.12,”.
1637 5838 1681 5871 ι’
1709 5837 1775 5894 N.
1815 5837 1869 5892 7.

1745 3395 1921 3440 catur.
1960 3384 2031 3439 At
2066 3384 2381 3452 imperator.
2414 3381 2540 3435 dum
2585 3395 2680 3435 eos
2730 3380 2908 3449 puniri
2952 3378 3128 3447 jubet,
3153 3379 3328 3448 magis

1749 3477 1985 3537 videtur,
2019 3473 2201 3527 itidem
2237 3482 2295 3526 ut
2326 3472 2621 3536 Adrianus,
2653 3471 3030 3525 considerasse
3066 3472 3208 3537 quod
3237 3468 3327 3537 ju-

1747 3567 1893 3621 Slitin
1946 3566 1999 3619 in
2045 3564 2290 3619 homines
2346 3562 2587 3617 nefarios
2636 3561 2856 3615 decerni
2914 3560 3121 3630 iubeat,
3156 3574 3322 3628 quant

1745 3658 1880 3730 quid
1916 3656 2218 3713 Christiani
2270 3654 2505 3709 inimicis
2554 3654 2670 3707 suis
2698 3660 2948 3721 peterent
2995 3649 3323 3706 condonari.

1747 3751 1902 3818 Quod
1935 3759 2117 3803 autem
2148 3748 2225 3801 ait
2252 3746 2482 3817 gentiles
2507 3744 2604 3798 Dei
2633 3744 2845 3798 colendi
2877 3742 3136 3795 rationem
3172 3743 3326 3811 igno-

1751 3858 1893 3905 rare,
1952 3849 2002 3894 et
2044 3840 2246 3893 idcirco
2277 3840 2364 3903 iis,
2390 3840 2483 3905 qui
2521 3838 2671 3891 illum
2694 3835 2893 3898 colunt,
2917 3834 3147 3888 invidere
3179 3844 3226 3887 et
3254 3833 3327 3886 ad

1747 3938 1964 3983 mortem
1994 3946 2154 3999 usque
2177 3930 2421 3983 insectari
2461 3968 2475 3993 ,
2507 3928 2663 3982 facile
2679 3936 2756 3981 est
2782 3941 2947 3996 quam
2966 3932 3326 3979 consentanea

1750 4022 1865 4076 haec
1887 4023 1995 4076 sint
2020 4020 2218 4075 Justini
2246 4019 2515 4089 Apologia:
2546 4019 2998 4072 animadvertere.
3024 4015 3150 4070 Htec
3183 4015 3328 4070 enim

1761 4113 1909 4167 illius
1940 4128 2119 4182 operae
2149 4127 2251 4166 non
2288 4111 2513 4163 minima
2548 4125 2672 4179 pars
2693 4110 2922 4175 exstitit,
2955 4118 3016 4161 ut
3041 4107 3315 4161 Christia-

1752 4221 1851 4260 nos
1888 4206 1956 4260 ob
1985 4205 2097 4259 veri
2134 4205 2227 4257 Dei
2258 4203 2484 4265 cultum,
2507 4204 2809 4256 daatitonum
2836 4198 3327 4265 tuachinatione,in

1755 4297 2019 4350 invidiam
2056 4296 2242 4350 vocari
2275 4297 2701 4349 demonstraret.
2735 4292 2860 4348 Vid.
2894 4308 2950 4345 η.
2985 4291 3053 4344 1⁴2
3080 4300 3131 4345 et
3153 4290 3246 4344 46.

1827 4386 2003 4442 Unum
2036 4396 2119 4442 est
2157 4387 2210 4440 in
2239 4387 2435 4441 litteris
2462 4384 2827 4453 imperatoris,
2858 4385 2925 4438 de
2952 4398 3061 4452 quo
3091 4397 3195 4437 non
3238 4382 3324 4436 vi-

1754 4479 1950 4534 deatur
1982 4478 2163 4548 egisse
2196 4476 2477 4544 Justinus,
2506 4475 2761 4529 nimirum
2792 4481 3157 4536 terraemotus,
3189 4487 3331 4541 quo-

1758 4589 1876 4626 rum
1925 4586 2145 4626 causam
2196 4571 2515 4641 repetebant
2556 4568 2788 4638 gentiles
2831 4580 2900 4621 ex
2929 4574 3246 4634 contempto
3298 4580 3330 4618 a

1754 4666 2081 4720 Christianis
2112 4665 2334 4718 deorum
2375 4661 2544 4716 cultu.
2580 4660 2686 4715 Sed
2728 4675 2853 4715 cum
2902 4659 3017 4713 btec
3064 4657 3337 4713 scriberet

1754 4758 2027 4825 Justinus,
2059 4758 2298 4813 nondum
2335 4755 2592 4810 videntur
2637 4754 2719 4808 hae
2750 4751 3093 4808 calamitates
3126 4761 3337 4805 exorta:

1760 4851 1944 4902 luisse.

1834 4941 1919 4994 lll.
1972 4938 2087 4995 Non
2136 4937 2585 4993 dissimulandum
2637 4944 2722 4989 est
2770 4934 2871 4988 has
2923 4934 2991 4987 ad
3041 4946 3338 4987 commune

1758 5028 1904 5085 Asia:
1934 5030 2146 5084 litteras
2175 5029 2345 5082 videri
2379 5026 2624 5096 pluribus
2653 5024 2883 5079 eruditis
2928 5023 3294 5093 scriptoribus
3315 5064 3331 5087 ,

1760 5131 1820 5173 ut
1850 5118 2157 5189 Scaligero,
2200 5116 2437 5178 Valesio,
2462 5115 2667 5170 Grabio
2690 5125 2744 5169 et
2770 5112 2918 5178 aliis,
2947 5128 3052 5168 non
3076 5110 3333 5167 Antonini

1763 5227 1901 5272 esse,
1952 5211 2046 5265 sed
2076 5208 2249 5264 Marci
2300 5207 2533 5263 Aurelii.
2569 5206 2677 5262 Sed
2724 5220 2915 5261 eorum
2956 5203 3335 5274 improbabilis

1762 5318 1991 5373 prorsus
2021 5302 2225 5371 Opinio.
2259 5299 2394 5354 Nam
2424 5310 2484 5354 ut
2514 5297 2869 5363 Tillemontii,
2904 5298 3000 5367 qui
3041 5312 3135 5351 eas
3166 5300 3341 5349 Anto-

1766 5390 1894 5443 nino
1925 5390 2185 5456 vindicat,
2216 5388 2485 5443 rationum
2509 5396 2783 5442 momenta
2811 5386 3051 5441 breviter
3074 5383 3334 5439 referant.

1761 5481 1815 5537 1ο
1838 5480 2054 5536 Eusebii
2080 5481 2380 5536 auctoritas
2406 5479 2481 5545 ⁸³,
2505 5480 2597 5548 qui
2647 5494 2742 5534 eas
2780 5476 3054 5532 Antonino
3101 5475 3333 5544 tribuit,

1756 5570 1975 5627 maximi
2020 5572 2181 5626 debet
2212 5586 2335 5627 esse
2366 5570 2647 5642 ponderis.
2670 5571 2730 5624 2ο
2763 5568 2875 5623 Soli
2907 5566 3190 5622 Antonino
3211 5582 3340 5622 con-

1759 5667 2010 5731 veniunt,
2042 5665 2136 5735 qui
2168 5665 2469 5720 Adrianum
2515 5664 2661 5720 solus
2702 5660 2981 5734 appellare
3023 5661 3200 5731 potuit
3238 5676 3340 5735 pa-

1959 5836 2002 5869 “
2047 5834 2184 5893 llist.
2222 5850 2296 5903 tv,
2332 5834 2425 5889 ‘26.
