3796 6460
400 374 506 431 155

1284 364 1342 424 s.
1376 362 1715 443 JUSTINUS
1751 354 2237 433 PHILOSOPHUS
2279 354 2368 419 ET
2419 355 2733 421 MARTYR.

3597 351 3708 408 136

409 504 620 551 rentem
655 507 840 558 suum,
890 507 957 548 ac
1000 490 1150 548 solus
1194 499 1320 561 post
1356 492 1658 546 Adrianum
1696 490 1789 544 illa
1822 497 1988 545 aetate
2016 502 2066 560 Α
2092 488 2185 544 nio
2214 498 2269 545 et
2300 488 2470 543 Sexto
2501 489 2741 544 deditum
2772 484 2946 541 fuisse
2981 493 3211 540 testatur
3239 479 3420 540 Julius
3455 482 3707 554 Capito-

402 586 539 641 favit
564 586 917 643 Christianis.
949 584 1107 639 Hunc
1136 585 1282 639 enim
1311 593 1529 639 constat
1557 597 1618 638 ea
1653 583 1722 637 ad
1754 584 1991 636 civitates

402 697 464 734 ac
492 681 806 736 nominatim
837 679 906 731 ad
935 672 1247 738 Larisaeos,
1277 678 1346 740 ad
1379 675 1895 744 Thessalonicenses,
1922 676 1991 728 ad

401 775 766 839 Athenienses,
796 773 867 826 ad
894 774 1164 826 universos
1186 770 1407 839 denique
1438 756 1650 822 Graecos
1678 769 1989 837 scripsisse,

404 883 525 935 quze
557 867 611 920 in
644 866 844 921 litteris
876 866 945 919 ad
975 879 1267 919 commune
1295 862 1439 916 Asize
1475 861 1750 931 leguntur,
1794 876 1991 930 nempe

404 973 469 1010 ne
512 957 640 1026 quid
687 956 805 1010 novi
845 958 1096 1009 adversus
1144 952 1478 1008 Christianos
1532 952 1869 1006 molirentur.
1920 952 1995 1004 At

404 1045 622 1100 Marcus
654 1060 873 1115 semper
900 1043 1238 1106 Christianis
1269 1043 1491 1111 iniquus
1521 1042 1645 1095 fuit.

471 1139 701 1207 Legitur
729 1140 953 1208 quidem
997 1139 1050 1193 in
1102 1137 1261 1192 titulo
1292 1137 1543 1207 epistolae
1586 1138 1655 1192 ad
1697 1150 1992 1192 commune

402 1228 546 1285 Asiae
576 1230 803 1303 Μάρκος
831 1227 1122 1299 Αὐρήλιος,
1138 1228 1233 1281 sed
1264 1243 1450 1282 naevus
1474 1236 1581 1291 est,
1612 1227 1879 1296 antiquus
1902 1226 1998 1292 ille

402 1320 648 1390 quidem,
671 1337 795 1375 cum
820 1322 899 1375 sic
924 1321 1125 1375 habeat
1150 1317 1420 1384 Bullinus,
1449 1321 1544 1375 sed
1570 1329 1752 1374 tamen
1783 1334 1992 1386 naevus;

403 1411 716 1480 ριόΑῖλιος,
760 1422 817 1464 ut
848 1412 989 1481 apud
1016 1410 1316 1466 Justinum.
1344 1410 1592 1466 Proclivc
1614 1409 1721 1466 fuit
1749 1412 1992 1469 librariis

402 1502 457 1556 in
491 1504 720 1559 vocibus
746 1505 883 1559 adeo
912 1504 1450 1559 siniilibus.errare.-
1522 1546 1533 1551 η.
1694 1541 1699 1547 η
1729 1491 1732 1493 λ
1772 1546 1775 1553 .
1980 1560 1983 1563 .

469 1592 698 1649 Frustra
751 1595 1012 1663 objicitnr
1053 1595 1338 1650 silentium
1383 1593 1680 1651 Melitonis.
1719 1593 1770 1649 Is
1806 1596 1992 1660 enim,

402 1683 505 1738 etsi
556 1684 701 1740 inter
749 1686 1016 1756 epistolas
1070 1688 1141 1742 ab
1187 1687 1467 1742 Antonino
1512 1703 1613 1759 pro
1656 1687 1991 1744 Christianis

403 1775 673 1846 scriptas,
722 1792 831 1831 non
876 1793 970 1832 eas
1022 1779 1348 1834 nominatim
1408 1788 1695 1846 recenset,
1754 1795 1875 1849 quae
1922 1780 1992 1834 ad

2096 581 2261 636 linus.
2290 581 2425 636 lllud
2451 590 2661 646 autem,
2692 580 2899 651 ἐραστῇ
2932 577 3204 645 παιδείας,
3231 576 3497 632 doctrina:
3539 593 3707 630 ama-

2096 674 2219 736 tori,
2247 674 2390 742 quod
2421 688 2542 728 cum
2577 671 2891 742 philos0phi
2937 670 3094 725 titulo
3120 686 3431 741 congruere
3459 679 3706 737 negant,

2095 767 2228 821 satis
2274 781 2579 837 congruere
2628 765 3051 821 observavimus
3103 766 3154 818 in
3204 763 3578 819 adnotatione
3636 764 3711 818 ad

2096 857 2247 912 hunc
2303 857 2517 925 locum;
2580 866 2747 926 atque
2802 855 3020 911 etiamsi
3076 857 3450 912 eruditionem
3509 856 3711 926 potius

2095 963 2261 1017 quam
2290 948 2688 1017 phi1050phiam
2756 947 3103 1017 designaret;
3144 962 3327 1002 annon
3360 948 3548 1017 potuit
3577 945 3714 1001 Jus-

2096 1040 2244 1094 tinus
2275 1048 2565 1109 utramque
2598 1039 2810 1094 laudem
2838 1038 3006 1093 Lucio
3033 1037 3293 1093 deferre?

2120 1198 2123 1201 Α
2165 1132 2366 1186 Natant
2420 1133 2709 1187 Dominum
2756 1132 2890 1186 dicit
2942 1130 3193 1186 Justinus
3224 1130 3270 1163 "
3329 1139 3463 1187 ante
3516 1145 3711 1193 annos

2096 1224 2224 1291 150,
2255 1204 2596 1295 ευὶίίιυὶᾱεηι
2626 1225 2833 1280 Calculo
2879 1225 3089 1294 aliquid
3134 1225 3326 1279 deesse
3365 1236 3463 1279 aut
3495 1239 3707 1293 super-

2095 1332 2217 1375 esse
2249 1326 2451 1387 potest,
2486 1332 2593 1371 non
2638 1316 2712 1370 ita
2747 1326 2929 1370 tamen
2962 1324 3020 1368 ut
3050 1315 3305 1369 undecim
3351 1324 3452 1368 aut
3482 1316 3711 1369 duode-

2095 1410 2201 1464 cim
2241 1406 2403 1462 annis
2436 1392 2755 1461 decurtatus
2785 1407 2893 1471 sit;
2944 1420 3051 1460 non
3096 1407 3243 1462 enim
3297 1405 3468 1475 hujus
3518 1409 3705 1461 errati

1984 1562 1999 1569 4
2079 1508 2309 1570 turpem
2345 1509 2529 1553 notam
2567 1497 2837 1569 etIngeret
2865 1497 3140 1563 Justinus,
3194 1497 3242 1552 si
3293 1513 3387 1553 an.
3444 1497 3551 1552 138
3608 1506 3709 1550 aut

2096 1592 2199 1653 159
2228 1591 2562 1661 scripsisset.

2165 1685 2374 1752 Quibus
2408 1682 2762 1753 argumentis
2807 1681 3049 1736 ostendit
3080 1680 3473 1737 Tillemontius
3515 1682 3709 1737 luere-

2095 1778 2199 1833 sim
2229 1776 2527 1831 Marcionis
2555 1774 2721 1829 citius
2755 1789 2845 1828 an.
2884 1773 2989 1827 142
3010 1776 3232 1845 prodire
3265 1792 3374 1830 non
3421 1778 3707 1845 potuisse,

402 1882 693 1925 commune
724 1870 867 1925 Asia;
901 1872 1041 1925 datm
1078 1883 1231 1937 sum,
1258 1874 1326 1926 ab
1355 1874 1588 1929 Eusebio
1618 1883 1804 1930 tamen
1838 1875 1994 1931 testis
2025 1861 2068 1920 Β
2099 1868 2288 1922 iisdem
2340 1874 2599 1921 constare
2656 1864 2819 1919 debet
2856 1865 3128 1935 Apologia:
3176 1864 3382 1921 Justini
3447 1876 3706 1937 tempus.

402 1958 604 2013 cilatur
632 1960 827 2015 harum
858 1961 1122 2015 Antonini
1152 1962 1480 2019 litterarum.
1520 1964 1820 2033 Postquam
1843 1968 2002 2021 enim-

404 2050 502 2103 has
551 2050 761 2127 litteras
794 2054 1081 2121 apposuit,
1118 2055 1304 2109 statim
1354 2056 1677 2115 addit“:,«
1738 2057 1863 2112 Haec
1916 2058 1999 2111 ita

403 2153 557 2211 gesta
587 2158 711 2199 esse
738 2143 921 2199 Melita
950 2145 1534 2203 SardensisEcclesim
1555 2150 1867 2219 episcopus,
1893 2151 1986 2220 qui

404 2232 599 2289 iisdem
648 2235 988 2303 temporibus
1037 2236 1253 2305 lloruit,
1309 2240 1596 2310 perspicue
1650 2249 1887 2295 testatur
1931 2242 1985 2294 in

401 2324 748 2394 Apologetico
788 2327 882 2383 illo
913 2328 1073 2399 longe
1106 2330 1420 2398 utilissimo,
1449 2348 1611 2401 quem
1656 2334 1725 2388 ad
1754 2335 1992 2403 impera-

404 2425 581 2471 torem
616 2416 819 2472 Verum
874 2436 973 2488 pro
1022 2431 1211 2476 nostra
1264 2423 1527 2491 religione
1572 2426 1926 2495 conscripsit.
1966 2445 1986 2479 ι

401 2506 691 2575 Quomodo
722 2510 775 2564 id
809 2512 1048 2573 tacuisse
1067 2513 1282 2573 dicitur
1312 2514 1519 2590 Melite,
1545 2518 1690 2584 quod
1718 2531 1841 2571 eum
1868 2533 1993 2588 per-

402 2600 591 2667 spicue
622 2611 880 2657 testatum
915 2618 1037 2659 esse
1067 2617 1351 2661 asseverat
1397 2606 1703 2663 Eusebius?
1732 2610 1831 2665 Vel
1859 2606 1991 2681 ergo

403 2692 554 2747 illam
606 2694 674 2749 ad
726 2709 1019 2749 commune
1065 2697 1213 2752 Asia:
1262 2698 1548 2767 epistolam
1586 2701 1710 2755 aliis
1758 2700 1812 2756 in
1859 2703 1994 2761 locis

402 2789 865 2843 commemoravit
892 2787 1104 2856 Melite,
1133 2792 1247 2857 vel,
1278 2794 1425 2861 quod
1466 2793 1673 2860 malim,
1707 2795 1856 2850 illam
1888 2798 1995 2851 Eu-

402 2878 590 2933 sebius
637 2879 729 2941 iis,
760 2895 884 2949 qua:
916 2883 985 2937 ad
1031 2883 1289 2937 civitates
1316 2891 1373 2937 et
1405 2884 1475 2938 ad
1521 2886 1814 2941 universos
1840 2885 1994 2942 Grie-

405 2983 500 3024 cos
543 2970 727 3029 missa:
754 2972 997 3036 fuerant,
1028 2976 1343 3044 generatim.
1376 2977 1769 3045 comprehendi
1799 2978 1996 3033 existi-

404 3063 599 3127 mavit,
632 3065 835 3133 quippe
867 3080 993 3120 cum
1042 3068 1094 3119 in
1137 3069 1385 3121 eamdem
1435 3084 1625 3122 omnes
1661 3070 1994 3124 sententiam

2095 1958 2345 2024 Quantos
2393 1956 2537 2011 enim
2589 1970 2919 2027 progressus
2974 1956 3205 2013 haberet
3252 1959 3369 2015 haec
3423 1960 3708 2029 haeresis,

2093 2067 2216 2105 cum
2253 2050 2504 2104 Justinus
2531 2049 2846 2120 Apologiam
2887 2051 3178 2119 scriberet,
3212 2052 3597 2122 intelligimus
3635 2070 3705 2107 ex

2095 2146 2181 2201 his
2214 2145 2398 2199 verbis
2419 2142 2507 2197 “:
2544 2159 2563 2194 t
2596 2142 2934 2199 Marcionem
2965 2145 3131 2199 etiam
3163 2145 3462 2214 quemdam
3499 2144 3709 2200 Ponti-

2095 2253 2219 2292 cum
2253 2236 2527 2300 novimus,
2563 2234 2656 2304 qui
2688 2235 2990 2289 etiamnum
3024 2245 3358 2305 superestac
3386 2238 3709 2307 discipulos

2093 2336 2257 2388 docet
2300 2331 2472 2385 alium
2520 2327 2813 2399 quemdam
2864 2343 3164 2398 agnoscere
3195 2332 3463 2399 majorem
3511 2332 3708 2386 mundi

2094 2424 2292 2495 Opifice
2344 2424 2541 2478 Deum.
2574 2421 2677 2476 llic
2726 2422 2781 2476 iu
2812 2423 2964 2476 omni
3019 2418 3298 2477 hominum
3338 2438 3549 2493 genere
3596 2425 3711 2478 da:-

2100 2528 2323 2571 monum
2376 2517 2695 2587 adjumento
2742 2517 2993 2586 perfecit,
3048 2524 3105 2569 ut
3146 2515 3301 2571 multi
3342 2517 3395 2570 in
3441 2517 3711 2587 blasphe«

2099 2605 2238 2660 mias
2284 2617 2678 2677 erumperent,
2732 2624 2796 2663 ac
2852 2608 3093 2664 universi
3145 2608 3474 2664 Creatorem
3525 2610 3709 2663 Deum

2096 2696 2301 2752 Christi
2349 2696 2572 2752 Patrem
2604 2713 2727 2754 esse
2760 2707 3047 2768 negarent,
3079 2709 3135 2753 et
3168 2699 3333 2753 alium
3373 2701 3708 2768 quemdam,

2099 2801 2289 2861 utpote
2313 2792 2602 2861 maiorem,
2628 2792 2839 2863 majora
2869 2806 3030 2863 quam
3061 2792 3213 2847 illum
3236 2792 3547 2861 perfecisse
3574 2807 3709 2862 pro.

2102 2881 2412 2938 literentur.
2450 2902 2470 2936 ι
2702 2902 2707 2905 -

2168 2974 2394 3031 Littera:
2438 2974 2508 3030 ad
2539 2991 2830 3031 commune
2875 2974 3043 3040 Asice,
3081 2976 3282 3046 quibus
3332 2993 3455 3031 cum
3498 2976 3711 3043 Apolo-

2097 3068 2185 3137 gia
2230 3065 2429 3122 Justini
2472 3084 2720 3137 magnam
2758 3067 3076 3122 allinitatem
3107 3082 3230 3122 esse
3280 3067 3416 3127 dizi.
3456 3070 3707 3138 probant

405 3154 625 3222 scripta:
678 3153 905 3219 fuerint,
956 3168 1060 3210 nec
1109 3157 1176 3210 ad
1228 3157 1378 3210 aliud
1429 3166 1643 3227 tempus
1688 3168 1783 3212 aut
1825 3160 1993 3213 alium
2033 3217 2065 3229 Α
2099 3157 2413 3229 Apologiam
2450 3159 2595 3213 circa
2639 3174 2844 3213 annum
2878 3158 2981 3212 150
3015 3159 3277 3228 scriptam
3330 3159 3524 3213 fuisse.
3561 3159 3709 3213 Sunt

406 3256 664 3299 eventum
715 3260 804 3313 ea,
846 3261 970 3317 qua:
1012 3257 1097 3302 est
1140 3249 1208 3303 ad
1243 3264 1535 3305 commune
1581 3250 1753 3318 Asiae,
1800 3250 1997 3307 referri

405 3337 603 3404 possit.

478 3425 569 3484 IV.
593 3426 713 3492 Quo
743 3435 927 3484 autem
963 3442 1112 3485 anno
1134 3430 1359 3500 ,scripta
1390 3431 1465 3486 sit
1492 3430 1758 3503 Apologia
1791 3432 1993 3489 Justini

406 3530 513 3570 non
544 3532 653 3570 una
685 3518 1245 3589 eruditorum-opinio
1270 3532 1375 3578 eet.
1410 3523 1682 3595 Scriptam
1716 3542 1862 3583 anno
1893 3528 1997 3583 158

405 3608 730 3663 existimant
754 3610 1062 3667 Dodwellus
1081 3623 1137 3669 et
1166 3615 1396 3686 Pagius;
1429 3618 1693 3674 Petavius
1716 3631 1843 3677 ante
1878 3624 2000 3678 exi-

405 3707 519 3753 tum
553 3700 681 3753 anni
717 3702 851 3769 159;
912 3704 1003 3759 alii
1037 3720 1185 3761 anno
1231 3708 1369 3775 H5;
1438 3708 1817 3769 Tillemoutius
1846 3716 1993 3771 circa

405 3803 611 3843 annum
638 3791 763 3846 150.

474 3878 610 3945 Quae
635 3883 705 3936 de
730 3882 1111 3942 Cohortatione
1152 3888 1353 3945 Justini
1388 3892 1632 3952 diximus
1655 3912 1861 3953 annum
1890 3900 1996 3957 1'59

405 3976 632 4028 omnino
664 3974 892 4044 rejicere
924 3990 1146 4049 cogunt.
1185 3982 1619 4047 Cohortationem
1662 3991 1807 4045 enim
1827 4031 1842 4057 ,
1874 4008 1998 4062 quae

405 4065 572 4120 scribi
608 4082 713 4122 non
748 4072 925 4138 potuit
970 4074 1074 4127 nisi
1095 4088 1363 4145 post-an.
1394 4080 1520 4148 Ml),
1544 4083 1716 4138 multa
1744 4087 1850 4141 alia
1880 4104 1995 4144 ma-

406 4156 496 4223 gni
530 4161 790 4213 momenti
821 4176 987 4228 opera
1023 4166 1318 4221 subsecuta
1354 4181 1508 4236 sunt,
1574 4182 1869 4243 antequam
1897 4175 1997 4231 Ju-

405 4248 589 4304 stinus
613 4249 923 4321 Apologiam
958 4258 1190 4323 primatu
1218 4260 1504 4317 scriberet.
1522 4282 1523 4285 η
1541 4263 1798 4322 Petavius
1817 4278 1872 4322 et
1900 4271 1991 4338 qui

405 4342 457 4395 ei
501 4345 894 4413 astipulantur,
934 4349 1123 4404 minus
1172 4354 1549 4423 attenderunt,
1582 4371 1746 4427 quam
1787 4360 1992 4414 incom-

406 4435 567 4501 mode
607 4436 809 4495 Lucius
855 4441 1053 4509 Verus,
1087 4446 1177 4512 qui
1229 4460 1373 4501 anno
1413 4448 1516 4503 159
1558 4465 1695 4519 puer
1739 4454 1999 4508 octennis

2102 3252 2248 3305 enim
2279 3250 2613 3321 consignatae
2643 3266 2788 3305 anno
2821 3266 2890 3304 xv
2921 3252 3222 3306 tribunitia:
3251 3253 3553 3321 potestatis
3587 3252 3711 3305 An-

2004 3362 2009 3369 ·
2104 3344 2300 3408 tonini,
2333 3344 2423 3412 qui
2457 3344 2677 3413 quidem
2710 3345 2970 3413 congruit
3014 3359 3136 3399 cum
3177 3360 3269 3400 an.
3306 3344 3441 3408 152,
3495 3346 3710 3415 quippe

2103 3448 2240 3488 cum
2280 3436 2563 3489 Antonino
2614 3428 2795 3490 delata
2843 3430 3011 3491 fuerit
3048 3448 3291 3507 potestas
3340 3438 3429 3493 die
3478 3437 3552 3492 25
3602 3440 3712 3493 Fe-

2102 3528 2308 3582 bruarii
2338 3542 2485 3582 anno
2521 3529 2645 3584 l38.
2681 3530 2787 3585 Sed
2818 3540 3003 3585 tamen
3038 3532 3214 3587 fateor
3238 3547 3325 3588 me
3357 3534 3625 3589 numeris
3654 3536 3709 3588 in

2102 3608 2462 3687 inscriptiOne
2507 3618 2667 3688 hujus
2710 3620 2959 3689 epistola:
2994 3623 3197 3677 notatis
3232 3638 3341 3677 non
3395 3623 3707 3693 plurimum

2100 3711 2400 3766 conlidere.
2425 3711 2598 3767 Erant
2624 3712 2770 3767 enim
2798 3714 3196 3783 perversissimi
3223 3714 3368 3784 apud
3390 3714 3708 3782 Justinum,

2101 3803 2187 3857 ubi
2215 3805 2297 3859 sic
2324 3804 2604 3874 legebatur
2634 3823 2649 3859 :
2681 3806 3042 3877 Δημαρχικῆς
3072 3807 3323 3873 ἐξουσίας
3352 3808 3569 3873 ὕπατος
3595 3812 3706 3879 τπδ’,

2100 3895 2202 3967 (ex
2265 3912 2377 3967 quo
2441 3897 2569 3954 fecit
2628 3899 2962 3972 Sylburgius
3024 3902 3086 3955 τὸ
3138 3903 3207 3974 δ’)
3244 3904 3432 3976 πατὴρ
3495 3907 3710 3979 πατρί-

2096 3991 2184 4054 δος
2214 3993 2275 4045 τὸ
2316 4000 2424 4047 κα’.
2458 3992 2651 4064 Itaque
2680 4010 2802 4050 cum
2829 3997 3050 4051 Eusebii
3084 3999 3305 4052 codices
3338 4015 3475 4055 mss.
3509 4002 3565 4055 in
3616 4003 3706 4056 his

2099 4087 2344 4140 numeris
2379 4089 2784 4154 consentirent,
2818 4089 3217 4161 praeferendam
3258 4091 3389 4145 duxi
3420 4095 3571 4147 hanc
3597 4111 3704 4148 auo

2104 4182 2423 4236 ctoritatem
2456 4182 2522 4236 iis
2552 4197 2673 4251 qua:
2701 4192 2810 4237 tam
2844 4195 3103 4255 corrupta
3136 4196 3299 4240 erant
3339 4188 3486 4258 apud
3523 4187 3705 4245 Justid

2099 4288 2252 4327 num.
2284 4272 2392 4328 Sed
2439 4280 2621 4329 tamen
2658 4276 2711 4329 in
2746 4276 2852 4330 hoc
2898 4279 3041 4347 apud
3082 4278 3377 4333 Eusebium
3428 4297 3704 4348 numero,

2098 4365 2305 4431 ὕπατος
2320 4368 2380 4421 τὸ
2400 4374 2470 4438 γ’,
2501 4351 2855 4424 manifestum
2885 4381 2967 4424 est
2998 4381 3266 4437 erratum,
3295 4376 3442 4441 quod
3470 4374 3704 4443 quidem

2096 4461 2206 4514 non
2237 4461 2451 4516 videtur
2474 4461 2687 4517 incuria
2714 4462 3002 4516 inductum
3019 4462 3208 4529 fuisse,
3225 4465 3320 4518 sed
3344 4464 3475 4520 data
3500 4483 3703 4535 opera,

407 4537 554 4594 erat,
583 4546 613 4583 a
638 4528 862 4588 Justino
888 4536 1250 4607 philos0phus
1271 4548 1331 4595 et
1354 4542 1619 4599 doctrinae
1649 4556 1869 4601 amator
1891 4562 1989 4603 νο·
2027 4567 2072 4624 ι)

2183 4568 2307 4608 cum
2340 4552 2525 4609 Marco
2555 4548 2995 4625 Aurelio,‘cujuts
3032 4571 3231 4611 nomen
3274 4566 3461 4611 exstat
3514 4559 3571 4613 in
3618 4562 3707 4613 in-

407 4627 589 4709 cetur.
628 4621 722 4675 Sic
747 4624 893 4678 enim
929 4626 983 4681 in
1012 4628 1377 4699 inscriptione
1408 4635 1610 4705 legitur
1637 4651 1652 4689 :
1681 4636 1849 4691 Lucio
1879 4640 1994 4709 phi-

406 4705 651 4778 losopho,
675 4712 921 4769 Caesaris
964 4728 1157 4772 natura
1182 4722 1337 4789 ﬁlio,
1370 4722 1458 4777 Pii
1489 4736 1668 4780 autem
1689 4705 1956 4799 adoptivo
1979 4772 1994 4797 ,

405 4799 670 4856 doctrina:
696 4809 949 4860 amatori.
983 4808 1215 4865 Frustra
1246 4813 1517 4881 objiciunt
1554 4818 1843 4889 legendum
1876 4838 1998 4878 esse

406 4890 713 4964 φιλοσόφου·
732 4908 838 4951 non
864 4899 1161 4972 φιλόσόφῳ,
1196 4904 1278 4959 ita'
1299 4916 1359 4959 ut
1380 4901 1731 4966 'n'on’Lticius
1757 4914 1999 4982 philoso-

407 4986 549 5053 phus
571 4988 808 5056 dicatur,
824 4993 920 5045 sed
952 4992 1122 5060 ipsius
1140 5000 1433 5068 pater,,qui
1460 5000 1646 5055 Caesar
1667 5004 1733 5058 ab
1754 4998 1997 5063 Adriano

408 5090 629 5135 creatus
651 5080 774 5138 fuit.
812 5084 884 5138 At
913 5085 1121 5143 Lucius
1154 5088 1331 5145 Verus
1360 5103 1418 5148 et
1449 5094 1592 5164 apud
1621 5096 1899 5154 Justiuum
1939 5104 1995 5157 in

447 5172 943 5244 traquedpologia
981 5187 1037 5232 et
1072 5180 1217 5248 apud
1249 5180 1528 5237 Bullinum
1573 5188 1728 5244 et-in
1760 5200 1998 5260 quatuor

408 5276 547 5317 mss.
608 5264 895 5322 codicibus
948 5268 1169 5327 Eusebii
1223 5274 1593 5347 philosophus
1658 5282 1994 5353 appellatur.

407 5356 660 5417 Praeferri
686 5376 817 5434 ergo
846 5376 955 5421 non
985 5366 1187 5424 debent
1211 5373 1487 5429 editiones
1519 5371 1764 5447 Eusebii,
1793 5376 1994 5450 quibus

411 5458 521 5543 tam
556 5455 726 5509 multa
758 5455 1132 5528 refragantur.
1185 5461 1403 5520 Titulus
1434 5467 1795 5542 iphi1050phi,
1830 5488 1991 5543 quem

410 5537 580 5597 Lucio
627 5544 830 5602 Caesari
884 5548 1126 5604 delatum
1172 5550 1344 5611 fuisse
1400 5573 1510 5613 non
1566 5537 1862 5631 videmus,-
1885 5568 2002 5619 non

410 5635 551 5692 male
576 5638 840 5696 tribuitur
870 5640 990 5714 ejus
1017 5645 1150 5713 ﬁlio,
1185 5661 1347 5718 quem
1388 5653 1731 5727 philosophis
1766 5658 1983 5730 Apollo.

481 5810 527 5844 “
560 5810 695 5871 llist.
727 5829 803 5883 tv,
838 5817 931 5874 15.
1003 5820 1047 5852 ⁵⁸
1080 5820 1144 5878 Ν.
1174 5821 1301 5886 464.
1349 5824 1408 5902 ,⁸⁸
1441 5826 1505 5885 Ν.
1543 5829 1631 5886 26.
1684 5840 1689 5845 '

2104 4650 2408 4719 scriptione
2435 4649 2578 4719 apud
2614 4640 2931 4713 Eusebium,
2966 4650 3057 4705 hic
3084 4666 3349 4708 numerus
3373 4653 3703 4724 quadraret.

2100 4741 2147 4796 ls
2176 4743 2323 4796 enim
2359 4744 2574 4796 tertium
2630 4745 3007 4798 tantummodo
3063 4744 3254 4799 habuit
3304 4749 3698 4803 consulatum.

2103 4820 2213 4887 Sed
2240 4848 2365 4888 cum
2398 4833 2734 4902 Antoninus,
2759 4832 2848 4891 eui
2892 4837 3034 4891 hanc
3065 4836 3351 4908 epistolam
3387 4848 3497 4895 tam
3524 4844 3706 4897 multa

2102 4920 2423 4994 vindicant,
2452 4926 2650 4983 consul
2680 4944 2733 4982 ιν
2767 4928 2819 4983 in
2846 4929 3308 5000 {inscriptionibus
3346 4932 3453 4987 dici
3493 4935 3702 5000 soleat,

2099 5015 2391 5089 legendum
2420 5011 2486 5074 in
2519 5018 2884 5091 inscriptione
2924 5023 3085 5093 hujus
3118 5024 3365 5095 epistolm
3393 5025 3609 5092 ὕπατος
3640 5030 3705 5081 τὸ

2096 5108 2310 5166 δαιδεά
2344 5111 2450 5166 alia
2486 5113 2760 5183 .suspicio‘
2787 5115 2839 5168 in
2874 5128 3049 5171 annos
3102 5108 3403 5173 tribunitia:
3445 5130 3705 5189 potesta-

2097 5197 2167 5258 tis
2194 5193 2458 5259 'exoritur
2492 5196 2523 5260 ’τ’
2564 5220 2761 5261 vereor
2796 5202 2942 5261 enim
3000 5223 3069 5264 ne
3130 5210 3197 5264 de
3241 5211 3511 5265 industria
3593 5230 3694 5266 tto-

2098 5296 2230 5352 Inini
2292 5296 2366 5352 Μ.
2400 5298 2608 5353 Aurelii
2656 5298 2862 5356 fuerint
2900 5303 3092 5371 aptati.
3127 5304 3540 5375 Peropportune
3598 5322 3701 5361 ca-

2098 5390 2235 5444 dunt
2266 5390 2321 5445 in
2351 5389 2588 5460 primum
2622 5391 2771 5448 illius
2814 5393 3032 5463 imperii
3066 5411 3295 5463 annum,
3327 5412 3522 5469 nempe
3562 5401 3697 5455 161.

2096 5478 2236 5535 Huic
2282 5480 2431 5534 enim
2474 5479 2665 5536 'delata
2722 5491 2967 5551 potestas
3024 5485 3310 5542 tribunitia
3365 5504 3509 5545 anno
3562 5493 3696 5545 147.

2096 5566 2278 5641 Quare
2303 5572 2351 5628 si
2380 5573 2649 5644 scriptum
2686 5572 2883 5630 fuisset
2916 5582 3008 5646 ιγ’,
3042 5589 3139 5633 aut
3168 5578 3263 5646 ιδ’,
3313 5579 3453 5636 nihil
3496 5581 3547 5635 id
3585 5598 3693 5637 no-

2096 5666 2307 5722 cuisset
2338 5666 2545 5723 nomini
2575 5666 2834 5724 Antonini
2868 5686 2882 5737 ;
2928 5679 2985 5725 at
3020 5686 3253 5730 necesse
3286 5671 3393 5730 fuit
3435 5675 3697 5733 scribere
