3792 6496
99 394 179 448 m
1052 391 1113 448 D.
1151 394 1417 450 MARANI
1446 395 1838 457 Pulcrum.
1870 435 1936 443 -
1976 390 2158 461 rans
2192 407 2281 463 ιιι.

3199 416 3300 483 llis

97 529 129 564 ιε
161 552 175 577 ,
202 520 251 564 ιιι
273 510 466 564 Marcus
517 509 769 565 Aurelius
797 511 1042 581 epistola:
1072 525 1266 570 auctor
1300 518 1602 576 videretur.
1641 532 1687 587 Α
1716 528 1940 595 Spersit,
1975 529 2185 599 adjecta
2231 530 2398 585 etiam
2433 533 2851 593 accusatoribus
2902 539 3294 616 damnatione,

148 603 192 655 Si
212 612 395 654 tantum
425 602 747 656 tribueretur
773 600 1049 658 Chronicis
1076 606 1315 672 Eusebii,
1334 622 1598 680 quantum

96 695 211 748 illius
235 691 467 746 Historiis
491 732 506 757 ,
539 710 642 746 non
688 695 823 749 levis
851 696 1137 753 difﬁcultas
1164 701 1428 768 obstaret,
1468 720 1601 772 quo-

93 787 236 837 minus
255 783 488 852 Apologia
515 784 626 838 haec
659 787 727 840 ad
756 803 960 842 annum
991 790 1216 844 circiter
1248 794 1350 847 150
1391 794 1603 863 rejicia-

96 885 175 928 tur.
214 873 328 926 Nam
361 875 408 927 in
435 874 705 930 Chronicis
747 880 929 934 oblata
973 883 1176 937 dicitur
1203 900 1291 939 an.
1328 886 1449 941 Ml.
1493 888 1601 943 Sed

92 967 317 1033 antiquior
346 964 623 1021 Marcionis
665 970 859 1025 lueresi
890 972 1051 1035 foret,
1085 990 1247 1043 quam
1282 987 1459 1032 tamen
1494 979 1601 1034 Eu-

91 1057 191 1113 sebii
217 1055 434 1111 Historia
462 1069 591 1114 ante
612 1075 814 1115 annum
849 1064 951 1118 ΗΞ
996 1066 1269 1122 collocare
1308 1084 1414 1123 non
1447 1072 1597 1126 sinit.

144 1148 310 1217 Objicit
338 1150 588 1207 Petavius
618 1153 861 1210 Marcum
898 1157 1182 1214 Aurelium
1225 1162 1277 1215 in
1319 1164 1422 1218 hac
1457 1164 1601 1234 Apo-

92 1241 197 1308 logia
218 1239 552 1295 Verissimum
588 1247 793 1309 vocari,
828 1249 972 1317 quod
1014 1266 1233 1317 nomen,
1267 1264 1401 1309 teste
1432 1255 1599 1327 Capi-

93 1333 239 1396 tolino,
267 1343 377 1401 post
410 1336 620 1391 virilczn
653 1349 831 1406 togam
871 1341 1160 1411 deposuit;
1193 1346 1464 1401 Caesarem
1506 1365 1604 1402 aur-

92 1436 171 1477 teni
194 1440 281 1478 non
311 1428 508 1489 vocari,
562 1431 706 1498 quod
742 1443 1073 1501 argumento
1118 1446 1204 1490 est
1234 1438 1377 1492 hanc
1408 1439 1601 1507 Apolo-

89 1518 191 1584 yiam
212 1532 336 1572 anno
363 1518 460 1575 159
491 1522 778 1589 scriptam,
816 1534 1114 1593 antequam
1148 1527 1365 1584 Marcus
1391 1532 1460 1585 ab
1486 1529 1601 1585 An-

92 1608 233 1663 tonino
254 1608 423 1663 Caesar
454 1613 760 1681 appellatus
788 1615 1002 1671 luisset.

139 1698 375 1757 Verissimi
405 1703 594 1759 titulus
625 1706 762 1760 nihil
794 1709 861 1762 ad
893 1724 1005 1763 rem
1028 1710 1180 1766 facit.
1214 1710 1350 1768 Nam
1381 1704 1599 1771 Marcus

89 1793 285 1848 Aurelius
329 1795 532 1849 virilem
594 1808 776 1865 togam
838 1811 1153 1872 sumpserat
1207 1814 1335 1860 ante
1395 1822 1597 1861 annum

1707 627 1764 671 et
1790 618 2009 686 quidem
2043 622 2292 677 tetriore.
2335 640 2354 675 ι

1780 706 1876 761 llis
1912 711 2093 764 verbis
2118 711 2244 767 freti
2300 712 2547 786 Scaliger
2574 727 2628 769 et
2655 712 3052 782 Tillemontius.
3089 722 3301 794 primus

1704 800 1925 870 quidem
1959 812 2121 872 negat
2149 802 2543 866 Tertullianum
2584 809 2685 865 has
2718 810 2931 879 litteras
2962 814 3192 883 vidisse,
3224 816 3303 870 al-

1707 901 1789 946 ter
1817 892 1977 961 longe
2009 895 2205 963 potiori
2234 896 2355 965 jure
2385 912 2685 957 asseverat.
2723 901 3006 970 Quomodo
3043 907 3191 962 enim
3227 921 3296 964 au

1705 985 1804 1038 has
1858 986 2071 1041 litteras
2114 1000 2470 1057 provocasset
2502 993 2753 1051 inimicos
2785 997 3084 1054 Christiani
3118 1000 3298 1054 uomi-

1704 1078 1813 1145 nis,
1845 1080 1954 1133 nisi
1991 1096 2103 1136 rem
2141 1082 2481 1150 exploratam
2512 1086 2834 1145 habuisset?
2865 1091 3149 1158 Quomodo
3184 1102 3292 1146 tam

1703 1182 1961 1227 accurate
1993 1175 2121 1243 quid
2176 1176 2264 1232 his
2311 1178 2509 1235 litteris
2539 1181 2890 1238 contineatur
2920 1185 3246 1240 edissereret
3268 1182 3313 1267 ιν

1702 1263 1835 1331 Quae
1896 1277 2017 1335 post
2054 1265 2251 1322 Justini
2301 1271 2613 1342 Apologiam
2668 1274 2923 1345 leguntur
2968 1276 3165 1332 littera:
3217 1277 3290 1334 Μ.

1701 1355 1935 1421 Aurelii,
1966 1373 2077 1413 non
2111 1376 2190 1416 eae
2224 1372 2351 1417 sunt
2376 1364 2440 1416 de
2462 1364 2663 1433 quibus
2692 1365 3063 1423 Tertullianus
3085 1378 3140 1424 et
3168 1368 3283 1426 llie-

1704 1461 1968 1516 ronymus
2018 1449 2183 1505 locuti
2220 1454 2357 1509 :sed
2406 1455 2804 1512 observandum
2838 1459 2994 1514 nobis
3041 1471 3127 1516 est
3168 1461 3294 1532 quia

1701 1536 1932 1594 busnam
1988 1543 2043 1597 in
2100 1544 2263 1599 rebus
2304 1549 2652 1603 consentiant
2684 1559 2739 1604 et
2769 1550 2822 1604 in
2852 1551 3053 1623 quibus
3074 1552 3293 1611 discreé

1701 1641 1857 1699 pcnt.

1773 1724 1854 1779 Ac
1901 1727 2079 1795 primo
2107 1729 2327 1798 quidem
2356 1730 2424 1785 de
2453 1730 2567 1801 ipsa
2621 1733 2869 1789 miraculi
2903 1749 3113 1791 summa
3155 1734 3293 1792 nihil

1703 1818 1947 1871 occurrit
1996 1819 2354 1875 discriminis.
2385 1821 2599 1892 Ubique
2648 1826 2793 1879 enim
2842 1826 2964 1881 sitis
3011 1841 3082 1882 ex
3126 1827 3294 1898 longo

90 1880 178 1943 l59,
205 1896 295 1951 quo
327 1900 463 1940 anno
491 1888 608 1956 ipse
636 1887 900 1945 Petavius
937 1893 1010 1947 ita
1044 1909 1171 1947 eum
1199 1910 1230 1948 a
1256 1893 1472 1952 Justino
1498 1912 1592 1967 ap-

1706 1910 1972 1977 collecta,
2028 1912 2265 1969 hostium
2323 1914 2801 1972 circumstantium
2848 1925 3049 1985 terror,
3101 1934 3295 1989 preces

91 1974 289 2037 pellatum
320 1972 539 2032 fatetur.
566 1978 802 2036 Caesaris
827 1990 1010 2037 autem
1049 1999 1246 2039 nomen
1276 1985 1362 2040 vel
1399 1987 1598 2057 impruo‘

89 2064 183 2115 deus
202 2065 362 2119 omisit
389 2065 658 2133 Justinus,
684 2073 768 2126 vel
795 2072 1149 2129 librariorum
1175 2077 1333 2147 culpa
1360 2079 1595 2145 excidit;

89 2156 146 2207 vel
168 2172 247 2224 pro
263 2160 535 2215 Antonino
569 2161 669 2216 Pio
697 2163 948 2235 Augusto
967 2165 1190 2223 Caesare
1221 2180 1275 2223 et
1301 2170 1601 2228 Verissime

89 2248 181 2313 lilio,
214 2249 498 2321 legendum,
522 2264 573 2308 et
599 2254 801 2311 Cmart‘
840 2256 1117 2314 Verissime
1150 2262 1291 2331 lilio,
1331 2274 1389 2318 ut
1411 2266 1602 2320 admo-t

86 2340 172 2393 nuit
192 2342 505 2414 Sylburgius.

136 2432 366 2491 Dillicilius
383 2437 737 2497 Tillemontio
762 2443 830 2497 ad
855 2442 1177 2499 solvendum
1198 2445 1435 2514 videtur,
1454 2449 1599 2519 quod

85 2532 132 2578 ab
156 2529 310 2583 eodem
337 2530 558 2587 l'etavio
586 2543 642 2589 et
667 2534 912 2604 pluribus
968 2538 1090 2593 aliis
1116 2539 1392 2607 objicitur,
1424 2539 1599 2595 JuSti-

87 2634 177 2673 lttltn
216 2621 260 2674 in
284 2625 378 2679 hac
409 2626 672 2697 Apologia
707 2630 775 2683 de
811 2630 954 2684 bello
983 2628 1238 2698 Judaico,
1275 2636 1419 2703 quod
1453 2650 1597 2690 anno

87 2712 161 2765 156
189 2715 470 2773 conlectum
518 2730 626 2786 est,
662 2730 719 2774 ut
760 2721 828 2777 de
866 2737 923 2777 re
967 2724 1259 2779 admodum
1292 2727 1500 2781 recenti
1542 2738 1598 2782 et.

86 2817 210 2871 nuper
238 2818 373 2876 gesta
421 2810 598 2880 loqui,
634 2820 693 2865 ut
741 2822 893 2881 patet
921 2828 988 2868 ex
1039 2815 1126 2869 his
1161 2818 1364 2882 verbis,
1408 2835 1463 2872 n.
1502 2819 1594 2885 3i,

85 2896 124 2945 ἐν
228 2898 310 2952 νῦν
346 2902 699 2974 γεγενημένῳ
735 2904 1015 2977 Ἰουδαῖκῷ
1065 2907 1303 2981 πολέμῳ.
1345 2910 1449 2965 Sed
1483 2910 1594 2980 jam

85 2990 306 3045 observavi
334 2992 459 3047 illud
482 2993 584 3048 νῦν
615 2997 681 3051 de
710 2998 871 3053 rebus
900 3001 1099 3054 dudum
1126 3003 1297 3071 gestis
1324 3004 1595 3058 interdum

85 3087 294 3155 usurpari,
335 3104 395 3145 ac
440 3091 772 3163 religionem
816 3092 1194 3148 Christianam
1227 3096 1281 3147 in
1313 3095 1492 3164 Epist.
1526 3097 1594 3152 ad

1703 2002 2172 2071 Christianorum,
2229 2006 2409 2062 imber
2458 2005 2722 2064 Romanis
2776 2009 3054 2077 salutaris,
3087 2010 3290 2067 fulmen

1705 2095 1759 2147 in
1811 2094 1998 2150 hostes
2035 2107 2431 2153 memorantur.
2461 2100 2687 2170 Adjecta
2719 2103 2862 2171 apud
2895 2102 3291 2158 Tertullianum

1702 2181 1982 2237 damnatio
2027 2187 2445 2242 accusatoribus
2484 2188 2950 2257 Christianorum,
2981 2203 3031 2246 et
3076 2195 3293 2262 quidem

1701 2271 1907 2336 tetrior,
1935 2273 2072 2328 satis
2100 2275 2339 2343 quadrat
2371 2291 2495 2331 cum
2524 2277 2725 2334 litteris
2746 2289 2869 2350 post
2892 2280 3163 2338 Justinum
3188 2298 3291 2341 ex-

1701 2366 1996 2431 stantibus,
2036 2367 2088 2420 in
2120 2369 2320 2436 quibus
2348 2369 2525 2424 sancit
2554 2370 2767 2427 Marcus
2798 2382 2860 2429 ut
2887 2375 3155 2444 ejusmodi
3196 2378 3291 2433 dce

1702 2454 1904 2513 latores
1945 2460 2053 2513 vivi
2084 2462 2499 2516 comburantur.
2534 2462 2797 2528 Quamvis
2826 2466 3115 2534 Eusebius,
3144 2468 3289 2527 Hist.

1699 2549 1795 2604 lib.
1829 2566 1881 2616 ν,
1915 2540 2036 2623 cap'.
2066 2553 2121 2619 ὃ,
2150 2553 2473 2612 Tertulliani
2520 2559 2703 2615 verbis
2746 2561 3037 2629 capitalem
3070 2576 3290 2631 ptenant

1697 2646 2002 2715 generatim
2060 2646 2339 2718 designari
2390 2660 2572 2719 putet;
2620 2653 2710 2708 vix
2745 2663 2929 2710 tamen
2959 2656 3289 2715 crediderim

1696 2738 2044 2793 damnatione
2074 2742 2290 2795 tetriore
2337 2757 2445 2798 non
2481 2745 2867 2814 gravissimum
2900 2746 3122 2819 aliquod
3161 2764 3289 2820 sup-

1698 2830 1923 2901 plicium
1975 2831 2301 2901 significari.
2328 2833 2647 2901 Quinetiam
2680 2839 2823 2894 inest
2854 2840 3036 2896 verbis
3071 2841 3286 2898 Tertul-

1697 2923 1828 2977 liani
1872 2923 2077 2993 aliquid
2126 2924 2370 2991 difﬁcile,
2400 2928 2544 2997 quod
2587 2928 2805 2985 videtur
2832 2945 2900 2986 ex
2936 2931 3135 2989 litteris
3166 2946 3286 3003 post

1695 3011 1894 3068 Justini
1942 3014 2258 3085 Apologiam
2309 3018 2545 3073 servatis
2600 3018 2866 3075 illustrari
2918 3036 3102 3091 posse.
3154 3022 3285 3080 Illud

1695 3108 1866 3175 enim,
1921 3106 2350 3163 Christianorum
2406 3110 2543 3179 forte
2590 3113 2820 3168 militum
2870 3116 3283 3184 precationibus,

87 3177 271 3247 θίοὲηει·
305 3182 393 3237 νῦν
442 3199 725 3251 elotum.
770 3186 1049 3240 Christum
1104 3185 1200 3240 νῦν
1252 3187 1589 3243 incultam!“
1621 3228 1665 3290 ο
1698 3202 2016 3272 significare
2050 3177 2645 3261 Tillemontioividetur
2675 3205 2900 3262 dubium
2930 3217 2989 3263 et
3018 3209 3282 3265 incertum

84 3271 157 3323 dici
180 3274 221 3327 in
241 3275 330 3330 hac
372 3276 657 3347 Apologia.
695 3279 753 3333 In
788 3279 984 3332 eadem
1021 3276 1276 3348 Apologia
1301 3279 1591 3345 Antinous,

85 3376 199 3427 quem
236 3368 491 3422 Adrianus
534 3369 685 3424 inter
716 3372 851 3425 deos
886 3373 1233 3426 consecravit
1277 3386 1422 3427 anno
1464 3371 1592 3437 152,

84 3454 149 3505 νῦν
169 3460 336 3515 dicitur
355 3465 660 3530 exstitisse,
694 3483 749 3519 ιι.
774 3467 865 3524 25.

135 3573 181 3626 ιτ.
210 3573 257 3628 S.
296 3574 492 3634 Justiui
545 3573 823 3652 Apologia:
868 3584 1275 3655 subjunguntur
1346 3589 1592 3657 epistola:

86 3666 202 3720 trium
228 3670 626 3741 imperatorum,
656 3674 909 3743 Adriani,
945 3678 1206 3733 Antonini
1238 3677 1385 3734 etM.
1418 3683 1591 3736 Aure-

84 3756 139 3820 lii,
169 3761 208 3813 in
236 3770 450 3831 gratiam
486 3768 955 3826 Christianorum.
995 3769 1228 3824 Primam
1263 3771 1496 3841 quidem,
1525 3773 1592 3827 ab

88 3851 170 3918 ipso
201 3855 390 3916 lastino
424 3863 773 3934 subjunctam
805 3864 976 3919 fuisse
1003 3874 1221 3919 constat
1251 3883 1266 3919 :
1298 3866 1416 3935 ipse
1443 3867 1589 3921 enim

90 3942 205 4012 hujus
224 3952 287 4005 rei
313 3956 465 4009 testis
496 3966 587 4010 est
622 3966 674 4010 et
702 3956 960 4011 monitor.
992 3956 1236 4011 Alteram
1271 3972 1337 4011 ex
1366 3957 1592 4012 Eusebii

86 4034 264 4094 llistoria
290 4044 387 4100 huc
422 4046 748 4100 translatam
773 4047 939 4102 fuisse
963 4049 1241 4102 existimat
1269 4050 1515 4119 Scaliger
1538 4052 1591 4105 in

86 4132 567 4191 Animadversionibus
582 4138 651 4191 ad
669 4137 863 4193 Euseb.
881 4154 970 4196 an.
986 4154 1061 4192 tta
1096 4154 1353 4206 CLXXXIX;
1374 4141 1590 4195 tertiam

85 4232 213 4277 autem
242 4231 545 4285 recentioris
568 4230 771 4294 Graeci,
798 4246 977 4286 rerum
1010 4230 1378 4286 Romanarum
1414 4233 1591 4301 ignari

85 4312 240 4373 facinus
275 4337 385 4377 esse
429 4325 773 4394 pronuntiat,
819 4324 958 4378 infra
992 4326 1249 4381 saxulum
1294 4326 1590 4382 Iustiniani

86 4404 379 4473 inperatoris.

132 4499 221 4556 Non
261 4507 460 4563 videtur
516 4509 723 4580 ambigi
772 4525 931 4580 posse
977 4525 1045 4564 an
1099 4511 1226 4565 olim
1277 4511 1590 4566 exstiterint

1696 3295 1963 3361 animum,
1999 3308 2105 3348 non
2151 3295 2369 3364 quidem
2425 3293 2774 3362 Tertulliani,
2823 3296 2918 3352 sed
2969 3295 3134 3352 Marci
3175 3312 3283 3352 me-

1693 3387 1919 3451 tuentis,
1950 3400 2019 3441 ne
2041 3396 2425 3441 asseveranter
2452 3385 2726 3457 loquendo
2757 3398 2983 3444 noceret
3010 3388 3282 3458 supersti-

1699 3479 1942 3547 tionibus
1972 3477 2285 3548 gentilibus.
2329 3477 2435 3533 Sed
2489 3492 2679 3549 pantm
2711 3479 3007 3535 verisimile
3052 3480 3112 3534 lit
3142 3479 3280 3535 Mar-

1691 3588 1818 3627 cum
1854 3585 2075 3642 operam
2105 3570 2343 3633 dedisse,
2392 3580 2449 3625 ut
2498 3571 2755 3626 dubitare
2805 3572 3110 3626 videretur.
3142 3569 3283 3639 Quid

1693 3666 1841 3720 enim
1875 3664 2171 3733 profuisset
2201 3660 2545 3719 Tertulliauo
2593 3664 2661 3718 ad
2709 3678 2887 3718 causa:
2916 3665 3280 3732 patrocinium

1694 3756 1855 3810 dubia
1890 3766 1945 3810 et
1972 3756 2185 3810 incerta
2216 3755 2574 3811 testificatio?
2623 3754 2830 3811 Deinde
2872 3770 3002 3811 vero
3035 3758 3115 3811 sic
3145 3754 3277 3811 Ter-

1696 3850 1905 3905 tulliani
1951 3850 2115 3903 verba
2163 3847 2335 3903 refert
2363 3848 2655 3915 Eusebius,
2688 3859 2750 3904 ut
2778 3849 2924 3905 nulla
2952 3851 3005 3904 in
3039 3851 3276 3921 impera-

1695 3953 1812 3999 tore
1836 3943 2075 3997 resideat
2098 3942 2457 3998 dubitationis
2485 3942 2838 4013 significatio.
2853 3943 2961 3998 Sed
2984 3942 3117 3997 illud
3142 3942 3276 4010 forte

1692 4035 1950 4092 libentius
1985 4038 2318 4094 crediderint
2367 4037 2514 4093 idem
2543 4036 2726 4091 valere
2756 4050 2818 4091 ac
2849 4052 2976 4090 casu
3004 4038 3275 4105 quodam;

1693 4146 1801 4185 non
1830 4130 1974 4200 quod
2004 4131 2057 4184 in
2086 4144 2274 4183 casum
2299 4128 2514 4199 rejiciat
2538 4126 2754 4182 Marcus
2780 4129 3131 4197 impetratum
3157 4141 3276 4197 pre-

1692 4222 1853 4276 cibus
1879 4220 2312 4275 Christianorum
2346 4218 2604 4285 imbrem,
2636 4218 2734 4271 sed
2761 4217 2907 4287 quod
2954 4232 3085 4271 casu
3137 4232 3273 4286 quo-

1695 4315 1819 4369 dam
1845 4313 1945 4367 sibi
1968 4313 2218 4367 evenisse
2246 4310 2517 4377 crederet,
2548 4320 2608 4363 ιιι
2629 4308 2971 4363 Christianos
2995 4315 3270 4371 evocaret,

1696 4410 1762 4463 de
1794 4408 1991 4477 quibus
2027 4416 2186 4460 antea
2233 4404 2369 4459 nihil
2403 4403 2701 4474 cogitabat,
2734 4401 2839 4455 diis
2869 4401 3160 4472 precandis
3188 4399 3269 4455 iu~

1694 4510 1897 4556 tentus.

88 4592 225 4651 littera.
250 4597 308 4653 lii.
329 4601 555 4668 Aurelii,
593 4603 789 4672 quibus
820 4613 875 4658 et
917 4618 975 4658 sc
1007 4606 1423 4669 tet-exercitum,
1458 4620 1582 4661 cum
1615 4614 1661 4669 ι)
1762 4594 1868 4648 Sed
1894 4593 1939 4647 si
1967 4608 2073 4662 qua
2106 4593 2157 4645 in
2188 4608 2246 4646 re
2270 4591 2519 4661 genuinis
2542 4588 2751 4645 similes
2773 4596 2900 4643 sunt
2941 4588 3026 4643 lite
3052 4587 3267 4653 litterae,

86 4687 145 4736 siti
182 4704 526 4757 premerentur
557 4696 630 4749 ab
681 4696 930 4751 hostibus
963 4697 1318 4763 circumdati,
1372 4709 1584 4752 utrum-

86 4793 157 4844 que
178 4785 444 4850 periculum
472 4787 732 4859 precibus
760 4789 1195 4844 Christianorum
1226 4790 1481 4862 effugisse
1508 4801 1587 4846 te-

88 4876 283 4932 stabatur.
323 4880 427 4935 Has
468 4882 688 4937 litteras
732 4897 838 4935 non
878 4882 1093 4936 viderat
1137 4881 1421 4948 Eusebius,
1462 4897 1585 4935 cum

86 4962 282 5025 Chronica
322 4976 622 5040 scriberet,
671 4990 774 5029 nec
819 4976 884 5029 de
927 4974 1033 5029 illis
1082 4984 1283 5043 praeter
1340 4974 1582 5026 auditum

88 5058 311 5129 ‘lttithltam
341 5067 598 5123 habebat.
624 5070 693 5121 At
722 5064 1085 5138 Hieronymus
1117 5066 1194 5121 ita
1228 5068 1375 5121 httnc
1406 5065 1583 5120 Euse-

89 5150 136 5203 bii
160 5152 299 5211 locum
327 5161 522 5226 reddit,
562 5170 623 5213 ut
670 5162 790 5215 illas
829 5171 1045 5215 exstare
1078 5161 1413 5230 pronuntiet.
1463 5160 1582 5229 Ipse

91 5240 307 5311 Eusebius.
350 5251 489 5308 Hist.
538 5253 637 5308 lib.
697 5268 761 5317 v,
807 5269 857 5307 c.
893 5253 948 5317 5,
994 5270 1106 5307 rem
1154 5267 1220 5305 ex
1272 5254 1582 5308 testimonio

88 5332 335 5398 Tertulliani
365 5356 577 5401 certam
610 5355 664 5399 et
711 5347 1049 5415 exploratam
1084 5346 1268 5399 habet.
1306 5344 1399 5400 Sic
1434 5346 1580 5399 enim

91 5425 393 5504 lcrtultianus,
426 5439 612 5507 Apol.,
637 5454 755 5509 cap.
778 5438 840 5493 5:
867 5457 885 5490 ι
915 5442 981 5492 At
1005 5454 1102 5493 nos
1129 5455 1158 5493 e
1185 5440 1455 5493 contrario
1475 5439 1585 5495 edi-

91 5531 169 5573 mtis
191 5538 552 5598 protectorem;
585 5532 629 5585 si
662 5530 851 5585 littera:
875 5530 1039 5583 Marci
1063 5529 1266 5583 Aurelii
1294 5530 1579 5598 requiran-

93 5618 162 5675 tur,
185 5623 351 5687 quibus
373 5626 521 5679 illam
551 5624 936 5680 Germanicam
966 5624 1112 5677 sitim
1143 5620 1577 5676 Christianorum

92 5698 185 5760 forte
207 5711 408 5768 militum
434 5716 844 5785 precationibus
870 5716 1159 5784 impetrato
1185 5712 1345 5766 imbri
1372 5711 1581 5766 discus-

92 5808 167 5848 sam
190 5815 514 5863 contestatur.
553 5808 705 5862 Sicut
731 5823 837 5861 non
870 5808 1047 5876 palam
1080 5807 1146 5859 ab
1170 5805 1435 5873 ejusmodi
1480 5805 1577 5857 ho-

94 5887 263 5954 minibus
290 5913 497 5971 ptenam
543 5900 786 5966 dimovit,
818 5903 891 5956 ita
928 5900 1036 5955 alio
1084 5902 1241 5955 modo
1271 5899 1449 5968 palam
1491 5896 1575 5951 di-

367 5997 640 6056 Pn‘twL.
689 5996 807 6057 Gn.
858 5994 959 6058 Vl.

1690 4685 1849 4756 longe
1881 4685 2196 4753 discrepant
2249 4684 2304 4737 in
2354 4682 2601 4751 pluribus
2646 4681 2792 4735 aliis.
2819 4681 3150 4736 Christianis
3201 4695 3268 4737 ex

1690 4778 1950 4832 universo
1999 4778 2245 4831 exercitu
2291 4776 2531 4831 evocatis
2563 4774 2887 4830 miraculum
2921 4774 3266 4837 attribuunt;

1688 4881 1877 4925 contra
1910 4870 2049 4941 apud
2086 4880 2297 4924 veteres
2334 4870 2547 4924 laudem
2572 4869 2729 4937 hujus
2763 4868 2840 4922 rei
2879 4874 3119 4932 reportat
3162 4882 3266 4921 una

1689 4964 1849 5033 legio,
1885 4979 2048 5032 quant
2073 4964 2260 5016 exinde
2294 4978 2523 5032 congruo
2546 4963 2620 5015 rei
2657 4960 2905 5015 vocabulo
2926 4957 3265 5011 Fulmineam

1686 5056 1753 5108 ab
1787 5056 2100 5123 imperatore
2128 5053 2553 5121 cognominatam
2579 5067 2689 5105 esse
2720 5058 2953 5104 testatur
2980 5048 3263 5117 Apollina-
3348 5120 3351 5123 Δ

1689 5153 1765 5206 ris
1797 5152 1938 5223 apud
1971 5150 2286 5213 Eusebium,
2317 5149 2409 5204 lib.
2448 5164 2501 5213 v,
2546 5161 2667 5216 cap.
2697 5146 2751 5201 5.
2780 5146 3023 5209 Litterae,
3053 5146 3120 5197 de
3144 5141 3263 5209 qui-
3326 5164 3331 5169 ε

1686 5245 1787 5299 bus
1824 5247 2051 5313 agimus,
2079 5260 2295 5299 omnem
2351 5256 2577 5313 prorsus
2632 5256 2847 5311 ptenam
2883 5256 2911 5293 a
2946 5238 3261 5294 ChriStiano

1686 5338 1962 5408 religionis
2001 5349 2207 5391 tantum
2243 5339 2463 5391 nurnine
2514 5344 2772 5389 accnsato
2820 5331 3156 5403 propulsant.
3190 5331 3260 5381 At

1685 5434 1737 5487 id
1769 5431 1982 5502 penitus
2023 5441 2226 5501 pugnat
2254 5446 2376 5484 cum
2421 5426 2781 5492 Tertulliano,
2813 5436 2869 5480 et
2908 5440 3031 5479 cum
3072 5435 3257 5476 exem-

1682 5525 1785 5593 plis
1830 5533 2129 5593 martyrum
2165 5509 2548 5576 Viennensium
2598 5529 2653 5572 et
2699 5515 2990 5585 Apollonii,
3022 5527 3254 5581 quorum

1682 5598 2001 5685 primi'cum
2038 5615 2089 5669 in
2116 5613 2380 5684 judicium
2417 5612 2595 5666 vocati
2622 5610 2872 5671 fuissent,
2899 5617 3073 5659 morte
3102 5607 3254 5658 datu-

1682 5709 1791 5762 nati
1829 5718 1978 5770 sunt.
2002 5707 2119 5775 ipso
2146 5708 2375 5775 jubente
2403 5703 2585 5758 Marco
2612 5716 2628 5755 :
2652 5711 2956 5771 postremus
2979 5712 3108 5753 vero
3126 5712 3251 5751 cum

1683 5802 1736 5853 in
1762 5799 2026 5870 judicium
2062 5814 2091 5852 a
2119 5798 2489 5869 perditissimo
2512 5787 2744 5865 quodam
2776 5791 2998 5847 homine
3028 5798 3255 5843 vocatus

1682 5895 1898 5964 fuisset,
1933 5902 2214 5949 accusator
2264 5892 2481 5961 quidem
2518 5887 2805 5944 confestim
2852 5884 3043 5940 fractis
3071 5881 3254 5935 cruris

2867 5978 2906 6041 ὃ
