3792 6520
505 361 608 420 139

1423 365 1479 422 S.
1506 363 1840 420 JUSTINUS
1874 363 2354 424 PHILOSOPHUS
2389 369 2472 426 ET
2502 370 2812 429 MARTYR.

3663 379 3767 437 ιω

503 483 602 536 bus
631 482 844 539 occisus
875 491 994 549 est;
1025 483 1147 554 ipse
1179 500 1309 541 vero
1340 488 1558 555 capitali
1608 489 1876 544 sententia
1926 489 2080 543 dam-
2109 492 2152 547 A
2183 493 2440 548 vaticinia
2497 494 2844 566 Sibyllarnm,
2899 510 3023 550 vera
3071 514 3138 552 an
3187 498 3342 565 falsa,
3389 499 3455 556 de
3509 499 3767 565 Christo,

503 587 686 631 natus.
709 575 934 640 Euseb.,
963 591 1016 642 v,
1040 577 1130 631 2|.

571 669 824 725 Pluribus
843 668 1062 735 iocatur
1097 669 1346 740 Scaliger
1391 671 1443 724 in
1495 672 1762 727 artillcem
1813 675 2081 742 epistolae,

496 763 643 833 quod
697 763 1038 819 Christianos
1083 765 1200 818 sine
1234 765 1401 818 armis
1449 773 1506 818 et
1553 764 1675 818 telis
1724 766 1776 819 in
1822 766 2081 822 Romanis

493 853 832 910 exercitibus
859 845 1269 923 conscripserit.
1298 855 1368 908 At
1404 857 1550 909 ιιιιιιο
1585 857 1762 910 locum
1804 857 2080 926 explicare

493 959 725 1005 conatus
753 964 893 1003 sum.
943 948 1086 1002 idem
1121 948 1375 1003 observat
1414 963 1522 1002 non
1557 950 1736 1004 solere
1784 951 2079 1020 imperato-

493 1058 582 1098 res
608 1057 825 1096 sacrum
854 1051 1107 1096 Senatum
1143 1040 1438 1110 appellare,
1464 1056 1528 1095 ac
1550 1041 1830 1098 laureatas
1865 1043 2079 1097 litteras

491 1136 689 1206 populo
721 1145 776 1190 et
800 1133 1012 1190 senatui
1045 1135 1284 1199 mittere,
1314 1136 1408 1189 sed
1437 1145 1648 1189 tantum
1681 1139 1893 1191 senatui
1925 1155 1939 1190 :
1966 1139 2078 1192 hazc

489 1241 674 1287 autem
701 1231 982 1298 desumpta
1005 1238 1158 1298 putat
1183 1244 1246 1284 ex
1283 1228 1438 1283 initio
1461 1229 1733 1299 Apologia:
1759 1231 1817 1285 S.
1849 1230 2069 1288 Justini.

490 1322 582 1376 Sic
607 1320 925 1375 inscribitur
955 1319 1095 1387 apud
1126 1317 1420 1373 Baronium
1451 1320 1796 1388 supposititia
1833 1320 1922 1374 illa
1963 1322 2077 1391 epi-

489 1415 630 1468 stola
665 1432 678 1468 :
715 1413 850 1482 Imp.
901 1411 1100 1472 Caesar,
1161 1410 1232 1464 Μ.
1271 1411 1548 1475 Aurelius,
1603 1412 1934 1479 Antoninus,
1965 1416 2076 1468 Au-

484 1515 701 1569 gustus,
740 1503 1047 1566 Parthicus,
1081 1502 1464 1567 Germanicus,
1493 1503 1853 1568 Sarmaticus,
1889 1506 2071 1573 ponti-

486 1597 574 1653 fex
606 1599 898 1663 maximus,
944 1597 1242 1650 tribunitiae
1269 1598 1556 1665 potestatis
1587 1613 1780 1661 xxvm,
1815 1599 1944 1669 imp.
1974 1616 2070 1666 vn,

479 1704 602 1745 cos.
629 1691 709 1753 tit,
738 1687 899 1743 Pater
930 1690 1144 1757 patriae,
1181 1703 1396 1758 procos.
1433 1689 1493 1746 S.
1528 1687 1589 1742 P.
1624 1690 1690 1756 ρ.
1727 1691 1795 1744 R.
1834 1691 1893 1746 S.
1933 1693 1996 1747 Ι).

1103 1799 1334 1855 CAPUT
1376 1800 1465 1856 Vl.

483 1897 562 1950 An
588 1895 1055 1951 merito-Justinus
1083 1892 1466 1961 Prophetarum
1496 1897 1770 1951 lectionem
1808 1916 1838 1951 a
1864 1897 2060 1954 Roma-

556 1969 636 2020 nis
677 1969 1019 2033 prohibitam,
1057 1976 1105 2019 et
1138 1967 1346 2020 Simoni
1398 1967 1554 2037 Mago
1596 1979 1826 2021 statuam
1869 1981 1921 2023 ut
1962 1972 2058 2024 deo

550 2049 776 2092 erectam
814 2038 1026 2091 dixerit.

480 2129 518 2178 l.
549 2129 652 2178 Lex
679 2144 705 2178 a
730 2130 925 2178 Justino
951 2132 1219 2177 memorata
1243 2127 1550 2177 minusbelle
1571 2130 1829 2180 intellecta
1850 2131 2059 2181 Baronio

542 2191 910 2255 et'Casaubono.
940 2189 1318 2255 l[.AVid_etur_de
1341 2193 1534 2255 curiosa
1556 2191 1826 2240 futurorum
1852 2195 2060 2255 inquisi-

541 2255 678 2301 tione
719 2253 1067 2315 intelligenda.
1109 2251 1196 2315 Ill.
1242 2251 1488 2301 Narrataa
1514 2254 1710 2301 Justino
1756 2251 1955 2304 historia
1996 2258 2060 2304 de

538 2315 752 2363 Simonis
770 2314 932 2363 statua
954 2314 1199 2375 quomodo
1225 2317 1274 2362 in
1298 2316 1632 2375 suspicionem
1659 2319 1812 2364 venit.
1843 2316 1922 2365 IV.
1949 2317 2057 2365 Non

537 2375 735 2424 videtur
756 2389 948 2424 errasse
969 2375 1210 2425 Justinus.
1233 2375 1291 2426 γ.
1319 2377 1420 2425 Aut
1441 2378 1616 2425 saltem
1641 2385 1859 2426 erratum
1887 2392 2059 2428 emen-

536 2439 742 2486 daturus
765 2451 863 2486 non
888 2438 1062 2486 fuisse.

547 2545 586 2598 I.
625 2542 1027 2598 Convenienter
1055 2542 1183 2596 huic
1214 2542 1346 2597 -'loco
1398 2544 1718 2598 examinare
1746 2559 2054 2612 possumus,

477 2652 545 2690 an
569 2637 749 2705 capite
771 2636 1039 2691 sancitum
1059 2634 1235 2690 fuerit
1266 2637 1333 2691 ab
1365 2638 2058 2708 etlmicisimperatoribus,

475 2743 546 2782 ne
569 2730 696 2798 quis
723 2727 1072 2783 Christianus
1100 2727 1384 2800 Hystaspis
1408 2741 1462 2784 et
1491 2730 1711 2801 Sibylla:
1735 2743 1788 2787 et
1823 2731 2060 2803 Prophe-

473 2830 653 2875 tarum
707 2821 875 2874 libros
923 2820 1149 2890 legeret.
1182 2818 1238 2873 Id
1269 2822 1416 2874 enim
1461 2823 1667 2893 colligit
1699 2825 1966 2880 Baronius
1990 2841 2058 2881 ex

474 2917 564 2973 his
610 2915 792 2971 verbis
841 2915 900 2970 S.
935 2913 1160 2978 Justini,
1213 2914 1368 2982 Apol.
1417 2929 1456 2975 ι,
1509 2930 1564 2968 n.
1599 2913 1668 2968 44
1703 2933 1716 2968 :-
1747 2916 1881 2969 Κατ’
1908 2919 2058 2987 ἐνέρ-

471 3029 625 3080 γειαν
656 3011 713 3064 δὲ
745 3009 852 3063 τῶν
875 3009 1091 3078 φαύλων
1125 3008 1392 3080 δαιμόνων
1423 3007 1652 3072 θάνατος
1681 3008 1888 3081 ὡρίσθη
1917 3009 2060 3062 κατὰ

469 3107 578 3160 τῶν
625 3105 724 3169 τὰς
763 3105 1100 3167 Ὑστάσπου,-
1141 3105 1174 3175 ἢ
1207 3103 1489 3174 Σιϐύλλης,
1538 3104 1570 3174 ἢ
1622 3103 1730 3156 τῶν
1761 3101 2058 3174 Τροφητῶν

2186 589 2389 654 putavit
2417 599 2588 644 totum
2614 593 2861 646 volumen
2885 594 3145 648 carminis
3170 591 3436 664 Sibyllini,
3468 591 3624 663 quod
3648 603 3767 646 tan-

2186 689 2240 732 to
2270 682 2447 735 studio
2476 682 2660 736 Roma:
2687 687 3027 750 servabatur,
3055 695 3110 740 et
3135 702 3162 739 a
3195 686 3352 750 cujus
3383 685 3633 740 lectione
3666 703 3767 737 utn-

2185 786 2280 825 nes
2326 772 2655 827 arcebantur
2703 786 2902 845 praeter
2954 777 3427 842 Quindecimviros
3457 811 3473 837 ,
3512 777 3767 846 ejusdem

2183 877 2304 917 esse
2331 868 2655 935 argumenti.
2676 886 2695 920 ι

2256 957 2388 1012 Dtun
2421 975 2585 1013 unum
2619 975 2861 1015 errorem
2895 959 2947 1014 in
2975 959 3208 1018 Baronio
3251 959 3450 1017 refellit
3478 959 3767 1015 Casaubo-

2183 1065 2304 1116 nus,
2348 1050 2530 1120 plures
2579 1051 2713 1106 alios
2761 1053 2973 1110 .lnstino
3001 1054 3229 1126 allingit.
3260 1053 3376 1108 Non
3409 1062 3599 1124 potest
3637 1067 3767 1107 sane

2183 1143 2396 1197 Baronii
2423 1153 2568 1200 stare
2597 1148 2884 1212 sententia,
2921 1162 3016 1202 nec
3053 1147 3134 1200 illa
3167 1147 3275 1211 lex,
3309 1162 3474 1216 quam
3507 1147 3766 1200 nomina-

2183 1237 2274 1290 tim
2298 1235 2625 1292 Christianis
2655 1240 2880 1306 positam
2912 1239 3077 1293 l‘uisse
3107 1248 3280 1308 putat,
3308 1238 3418 1293 ullo
3447 1247 3646 1292 exstat
3671 1253 3764 1290 ve-

2179 1330 2358 1398 stigio.
2390 1330 2616 1394 Quidvis
2645 1331 2790 1384 aliud
2823 1332 3130 1402 signiﬁcant
3162 1334 3326 1387 verba
3361 1331 3420 1387 S.
3465 1334 3764 1402 martyris,

2177 1430 2268 1496 qui
2299 1430 2420 1483 dum
2462 1430 2845 1497 prophetarum
2894 1430 3109 1483 oracula
3153 1428 3469 1496 imperatori
3498 1429 3763 1484 conside-

2179 1524 2341 1575 randa
2373 1527 2646 1592 proponit,
2676 1534 2893 1594 gratum
2944 1538 3002 1577 se
3047 1523 3120 1578 illi
3155 1540 3217 1579 ac
3247 1523 3462 1578 czeteris
3495 1523 3764 1576 omnibus

2178 1619 2443 1672 facturum
2474 1620 2716 1682 conlidit,
2756 1619 2950 1673 nedum
2997 1625 3226 1673 mortem
3265 1618 3634 1672 constitutam
3665 1631 3759 1683 pu-

2177 1704 2314 1761 taret
2362 1707 2684 1763 Christianis
2719 1711 2833 1764 litec
2862 1710 3082 1765 oracula
3114 1709 3434 1777 legentibus.
3465 1707 3761 1773 Quomodo

2093 1841 2136 1896 Β
2172 1801 2338 1866 enim,
2370 1803 2413 1856 si
2446 1813 2557 1883 tam
2586 1818 2775 1857 severa
2802 1803 2885 1858 lex
2915 1804 3124 1857 sancita
3157 1803 3209 1856 in
3237 1802 3592 1857 Christianos
3626 1801 3763 1854 fuis-

2164 1904 2265 1958 set,
2293 1896 2519 1963 gratiam
2550 1910 2609 1948 se
2640 1895 2726 1948 illa
2757 1895 3000 1948 violanda
3031 1894 3274 1949 Justinus
3304 1894 3579 1948 initurum
3638 1909 3755 1963 spe-

2167 1987 2362 2040 rasset?
2379 1986 2581 2040 Deinde
2612 2002 2739 2040 vero
2763 1988 2836 2040 ait
2859 1987 3104 2042 Justinus
3133 1988 3404 2041 daemones
3433 1987 3548 2041 hac
3569 1997 3754 2041 mente

2164 2081 2333 2150 legem
2365 2081 2507 2134 illam
2543 2081 2881 2136 machinatos
2910 2097 3054 2144 esse,
3109 2090 3164 2134 ut
3208 2081 3458 2136 homines
3506 2097 3535 2134 a
3586 2081 3755 2134 bona-

2165 2189 2279 2226 rum
2332 2189 2512 2228 rcrum
2558 2175 2867 2244 cognitione
2896 2181 3229 2235 averterent,
3260 2188 3323 2227 ac
3353 2172 3457 2228 sibi
3501 2173 3751 2228 servien-

2165 2276 2245 2320 tes
2291 2267 2618 2322 detinerent.
2651 2267 2765 2321 Non
2817 2276 2925 2321 tam
2965 2279 3098 2336 ergo
3135 2266 3478 2322 Christianos
3535 2267 3752 2334 petebat

2161 2355 2249 2409 illa
2286 2356 2394 2422 lex,
2433 2373 2594 2426 quam
2636 2374 2730 2413 eos
2780 2359 2870 2428 qui
2921 2360 3102 2413 adhuc
3131 2359 3472 2414 daamonibus
3511 2362 3752 2416 emanci‘

2161 2450 2271 2517 pati
2317 2458 2492 2505 erant.
2537 2452 2782 2522 Denique
2824 2468 2891 2506 ex
2947 2453 3257 2507 testimonio
3293 2453 3589 2508 Aureliani
3644 2457 3748 2509 Au—

2162 2541 2328 2608 gusti,
2358 2543 2501 2610 quod
2554 2543 2712 2596 modo
2761 2543 3082 2609 referemus,
3110 2544 3438 2614 perspicitur
3491 2547 3750 2601 ethnicos

2163 2633 2234 2685 ita
2267 2632 2333 2686 de
2357 2632 2686 2688 Christianis
2712 2633 3009 2699 iudicasse,
3039 2644 3098 2688 ut
3128 2635 3362 2689 invisum
3386 2635 3498 2690 illis
3520 2652 3746 2691 cannea

2164 2725 2493 2796 Sibyllinum
2541 2728 2848 2792 crederent,
2882 2727 3078 2782 nedum
3111 2727 3323 2781 illorum
3360 2728 3554 2782 studia
3598 2729 3748 2799 hujus

2161 2819 2282 2872 libri
2339 2819 2549 2888 legendi
2598 2820 2896 2875 coercenda
2951 2820 3160 2890 legibus
3190 2821 3538 2876 viderentur.
3575 2823 3747 2893 Atque

2165 2913 2276 2966 haec
2307 2913 2526 2980 quidem
2558 2913 2625 2966 de
2655 2912 2874 2967 Baronii
2904 2913 3197 2968 sententia.

2234 3001 2339 3057 Sed
2369 3003 2584 3058 Baronii
2613 3005 3025 3060 animadversor
3047 3004 3398 3061 Casaubonus
3421 3020 3499 3061 an
3536 3008 3746 3063 acutius

2163 3095 2299 3149 vidit
2349 3095 2402 3150 in
2459 3096 2777 3165 explicando
2821 3096 3082 3152 .lnstino?
3127 3098 3184 3153 Si
3211 3112 3335 3153 eum
3369 3099 3664 3166 audimus,
3692 3101 3743 3157 S.

472 3197 688 3268 βίϐλους
721 3195 1225 3265 ἀναγινωσκόντων,
1258 3195 1406 3257 ὅπως
1453 3194 1540 3247 διὰ
1591 3194 1682 3247 τοῦ
1724 3195 1888 3264 φόϐου
1923 3197 2042 3250 ἀπο

2233 3197 2370 3258 irtyr
2408 3188 2640 3243 credidit
2669 3187 2966 3260 Sibyllinos
2999 3190 3198 3256 libros,
3221 3189 3313 3256 qui
3338 3189 3743 3256 aQuindecim-

471 3290 773 3362 στρέψωσιν
803 3289 1227 3360 ἐντυγχάνοντας
1259 3288 1383 3350 τοὺς
1403 3285 1723 3358 ἀνθρώπους
1746 3286 1852 3340 τῶν
1877 3287 2057 3341 καλῶν

466 3383 668 3451 γνῶσιν
718 3381 937 3446 λαϐεῖν,
990 3380 1171 3443 αὐτοῖς
1220 3381 1277 3433 δὲ
1322 3379 1667 3443 δουλεύοντας
1717 3380 2053 3449 κατέχωσινο

465 3477 602 3545 ὅπερ
634 3475 713 3539 εἰς
751 3474 902 3538 τέλος
935 3473 1034 3526 οὐκ
1070 3473 1294 3543 ἴσχυσαν
1325 3471 1549 3542 πρᾶξαι.
1585 3471 1824 3539 Ἀφόϐως
1852 3471 1960 3542 γὰρ
1991 3474 2051 3524 οὐ

470 3567 630 3637 μόνον
658 3565 1055 3636 ἐντυγχάνομεν
1087 3564 1297 3627 αὑταῖς,
1319 3562 1452 3616 ἀλλὰ
1473 3563 1565 3616 καὶ
1595 3563 1741 3632 ὑμῖν,
1765 3563 1840 3626 ὡς
1870 3564 2050 3633 ὁρᾶτε,

463 3661 545 3724 εἰς
577 3659 866 3728 ἐπίσκεψιν
900 3658 1157 3729 φέρομεν,
1193 3656 1543 3726 ἐπιστάμενοι
1591 3656 1755 3709 πᾶσιν
1787 3657 2052 3728 εὑάρεστα

466 3751 820 3823 φανήσεσθαι.
854 3771 871 3802 ι
903 3752 1162 3804 Malorum
1195 3755 1374 3801 autem
1406 3747 1707 3801 dmmonum
1739 3749 2053 3815 operatione

466 3845 673 3899 sancita
725 3858 874 3898 mors
926 3853 1009 3896 est
1055 3844 1108 3897 in
1161 3857 1257 3897 eos
1295 3843 1389 3912 qui
1423 3841 1607 3910 legunt
1637 3840 1920 3911 Hystaspis
1957 3849 2052 3895 aut

463 3937 685 4008 Sibylla:
714 3947 807 3990 aut
839 3937 1233 4006 Prophetarum
1279 3936 1486 4002 libros;
1523 3941 1648 3987 'tmn
1681 3944 1738 3988 ut
1769 3942 1911 3987 metu
1945 3934 2046 3988 ho-

462 4030 640 4085 mines
665 4030 1000 4092 deterreant,
1022 4028 1323 4098 quominus
1370 4027 1455 4082 his
1502 4027 1748 4096 legendis
1780 4029 2045 4082 bonarum

463 4139 649 4178 rerum
684 4121 1049 4194 cognitionem
1082 4133 1475 4192 assequamur;
1529 4131 1641 4174 tum
1696 4127 1754 4174 ut
1806 4135 1900 4175 eos
1945 4120 2047 4178 sibi

461 4231 650 4274 servos
680 4224 948 4272 retineant
986 4238 998 4271 :
1029 4214 1174 4284 quod
1221 4214 1440 4282 quidem
1488 4213 1540 4267 in
1575 4224 1896 4284 perpetuum
1935 4211 2050 4266 efﬁ-

460 4324 588 4365 cere
630 4325 737 4364 non
765 4317 1076 4381 potuerunt.
1109 4307 1384 4378 lmpavide
1409 4308 1554 4362 enim
1589 4322 1693 4361 non
1720 4305 1893 4361 solum
1927 4306 2047 4360 illos

458 4402 712 4474 legimus,
744 4406 838 4457 sed
871 4402 1023 4457 vobis
1054 4401 1241 4465 etiam,
1307 4409 1364 4472 ut
1413 4401 1627 4460 videtis,
1677 4401 2044 4470 inspiciendos

2161 3280 2291 3334 viris
2318 3281 2762 3346 asservabantur,
2799 3281 3042 3349 ejusdem
3067 3297 3187 3339 esse
3212 3286 3525 3354 argumenti
3564 3300 3636 3340 ac
3658 3301 3740 3341 eo:

2157 3374 2250 3442 qui
2285 3374 2521 3428 secundo
2567 3376 2764 3429 sarculo
2811 3377 3071 3446 suppositi
3110 3375 3325 3446 Sibylla:
3349 3375 3624 3443 fuerunt;
3657 3395 3742 3433 ne-

2159 3466 2316 3519 scivit
2344 3468 2443 3522 hos
2470 3467 2636 3522 libros
2658 3469 2867 3522 consuli
2895 3469 3084 3524 s'olitos
3106 3485 3228 3525 esse
3249 3471 3314 3526 de
3341 3469 3738 3540 placandornm

2157 3556 2380 3612 deorum
2429 3560 2639 3626 modis;
2694 3561 2847 3614 tinxit
2892 3561 2991 3617 sibi
3024 3575 3116 3615 eos
3146 3562 3212 3616 de
3240 3562 3417 3617 Verbo
3446 3563 3552 3618 Dei
3589 3565 3738 3631 Filio,

2156 3651 2380 3720 ejusque
2417 3651 2819 3720 lncarnatione,
2856 3654 3157 3720 miraculis,
3185 3663 3357 3710 morte
3387 3668 3442 3711 et
3492 3674 3738 3715 resurre-

2155 3748 2336 3802 ctione
2389 3749 2733 3818 apertissime
2781 3749 2958 3820 loqui;
3008 3758 3170 3820 atque
3197 3751 3248 3804 id
3275 3765 3451 3806 causa:
3503 3756 3737 3822 exstitit,

2154 3857 2253 3894 cur
2289 3857 2502 3910 pmnam
2550 3843 2768 3897 lectioni
2801 3843 3060 3898 carminis
3094 3844 3338 3915 Sibyllini
3368 3848 3733 3902 constitutam

2153 3939 2218 3991 ad
2253 3938 2420 4006 ipsam
2469 3940 2634 3992 etiam
2671 3939 3069 4008 Prophetarum
3119 3940 3405 3995 lectionem
3449 3945 3735 4011 pertinere

2151 4029 2508 4084 existimaret.
2536 4028 2784 4098 Magnum
2813 4044 2946 4083 sane
2971 4039 3208 4084 erratum
3241 4039 3294 4084 et
3323 4030 3406 4084 vix
3439 4034 3734 4088 credibile.

2152 4121 2257 4176 Sed
2289 4137 2416 4176 ecce
2444 4121 2589 4176 aliud
2620 4137 2725 4177 non
2751 4121 2947 4176 levius.
2974 4120 3202 4177 Necesse
3225 4132 3306 4177 est
3333 4124 3484 4177 enim
3515 4137 3576 4180 ut
3601 4128 3735 4181 hanc

2151 4217 2553 4272 similitudinem
2582 4217 2906 4287 argumenti,
2938 4232 3100 4287 quam
3134 4218 3285 4273 libris
3321 4217 3516 4276 Romae
3551 4238 3734 4277 asser-

2151 4312 2288 4365 vatis
2320 4313 2495 4364 inesse
2524 4324 2643 4362 cum
2667 4310 2788 4363 aliis
2816 4310 2882 4364 de
2909 4309 3129 4365 Christo
3163 4318 3346 4379 aperte
3377 4311 3732 4380 loquentibus

2151 4413 2205 4458 ct
2249 4419 2371 4458 cum
2415 4401 2547 4470 ipsis
2589 4402 2750 4456 etiam
2782 4402 3060 4472 prophetis
3092 4403 3336 4468 putabat,
3367 4403 3438 4456 ita
3468 4407 3731 4460 omnibus

458 4498 770 4561 olferimus,
807 4513 930 4553 cum
963 4496 1202 4551 futurum
1231 4495 1490 4561 sciamus,
1524 4503 1581 4549 ut
1606 4497 1745 4564 grati
1783 4496 2039 4561 omnibus
2072 4523 2116 4578 ι)
2148 4495 2422 4564 cognitam
2465 4507 2586 4548 esse
2638 4493 2904 4554 crederet,
2939 4501 2998 4546 ut
3039 4493 3228 4546 horum
3261 4492 3511 4546 omnium
3575 4495 3730 4548 lectio

459 4591 801 4644 videantur.-

533 4679 591 4736 S.
630 4678 887 4750 martyris
935 4679 1100 4732 verba
1151 4677 1327 4733 locum
1368 4680 1633 4734 dederunt
1663 4680 1787 4735 huic
1817 4679 2037 4734 Baronii

458 4769 861 4825 observationi:
886 4787 904 4820 ι
928 4769 1099 4835 Quam
1118 4767 1450 4840 frequentes,
1476 4770 1668 4839 inquit,
1688 4773 1943 4839 Apparat.
1969 4772 2038 4824 ad

460 4861 681 4925 Annal.,
711 4873 866 4914 num.
893 4859 986 4922 20,
1023 4859 1223 4913 fuerint
1251 4859 1550 4914 Christiani
1601 4861 1652 4914 in
1703 4862 1942 4931 legendis
1971 4860 2036 4914 Ii-

463 4951 576 5006 bris
606 4950 913 5022 Sibyllinis,
939 4959 1308 5020 quantamque
1338 4952 1402 5004 ad
1429 4952 1830 5007 convincendos
1856 4954 2035 5022 genti-

459 5048 538 5103 les
566 5062 635 5102 ex
673 5049 742 5103 iis
780 5049 892 5102 vim
924 5058 980 5103 et
1010 5047 1391 5101 auctoritatem
1424 5047 1525 5102 sibi
1558 5063 1878 5118 comparare
1917 5060 2035 5104 Slu-

458 5141 700 5206 duerint,
741 5155 807 5196 ex
853 5156 919 5195 eo
966 5140 1124 5194 facile
1173 5150 1349 5207 potest
1397 5140 1642 5211 intelligi,
1683 5141 1826 5210 quod
1875 5156 2033 5211 plena

457 5236 653 5292 mortis
696 5236 766 5290 ab
812 5249 1001 5289 eorum
1055 5234 1286 5288 lectione
1330 5248 1424 5288 eos
1471 5234 1777 5289 absterrere
1825 5235 2034 5304 legibus

457 5333 760 5403 oportuerit
793 5350 807 5386 :
842 5332 985 5402 quod
1018 5331 1101 5384 his
1130 5331 1310 5386 verbis
1349 5329 1598 5385 Justinus
1633 5342 1838 5402 martyr
1863 5339 2034 5388 testa-

458 5436 565 5481 tnr.
592 5443 610 5478 ι
637 5423 786 5478 llanc
807 5422 1026 5477 Baronii
1055 5422 1376 5477 sententiam
1397 5422 1636 5490 exagitat
1656 5422 2030 5489 Casaubonus,

457 5520 681 5573 exercit.
711 5519 800 5581 Η,
834 5531 898 5570 ac
943 5526 1104 5585 negat
1136 5514 1356 5584 proprie
1398 5515 1464 5568 ad
1505 5513 1844 5570 Christianos
1886 5515 2029 5570 illam

458 5610 880 5678 prohibitionem
913 5609 1260 5678 pertinuisse.
1304 5623 1324 5657 ι
1357 5605 1462 5662 Sed
1495 5607 1638 5673 quod
1690 5606 1859 5663 libros
1889 5605 2027 5662 Pro-

457 5704 742 5770 phetarum
767 5711 821 5756 et
852 5701 1143 5773 Sibyllinos
1183 5701 1363 5770 jungit
1390 5699 1664 5766 Justinus,
1697 5701 1845 5771 pium
1877 5715 2022 5754 mar-

457 5807 631 5866 tyrem
684 5805 966 5868 propterea
1016 5797 1069 5853 id
1117 5795 1335 5864 fecisse,
1377 5794 1503 5868 quia
1553 5803 1746 5852 nactus
1783 5796 2027 5866 quaedam

2143 4586 2332 4642 eadem
2366 4600 2524 4655 ptena
2556 4584 2955 4655 prohiberetur.
2993 4583 3263 4638 Praztcrea
3294 4585 3337 4638 si
3373 4584 3444 4638 ita
3484 4585 3730 4643 duceba-

2143 4692 2229 4736 tur
2261 4695 2449 4736 errore
2477 4677 2746 4742 Justinus,
2770 4679 3041 4748 quomodo
3092 4678 3220 4731 illud
3262 4685 3479 4745 gratum
3513 4680 3572 4734 in
3600 4682 3728 4737 solis

2139 4771 2465 4827 Christianis
2494 4769 2734 4824 futurum
2769 4770 3010 4839 putabat,
3044 4770 3186 4838 quod
3223 4769 3292 4824 ob
3322 4782 3416 4824 eos
3443 4773 3608 4829 solos
3633 4787 3726 4828 ve-

2141 4868 2294 4920 titum
2327 4877 2380 4919 et
2411 4864 2639 4919 invisum
2672 4862 2974 4919 credebat?

2210 4957 2275 5014 ll.
2303 4958 2418 5012 Alia
2445 4973 2575 5030 ergo
2607 4957 2895 5027 qumrenda
2926 4955 3084 5025 hujus
3127 4955 3228 5012 loci
3258 4955 3587 5025 explicatio,
3634 4973 3725 5012 nee

2140 5062 2318 5106 tamen
2354 5051 2515 5121 longe
2563 5051 2875 5121 quazrenda.
2926 5049 3040 5103 Duo
3087 5048 3723 5124 tanturn-observentur

2137 5146 2298 5200 velim
2330 5147 2381 5199 in
2413 5145 2591 5200 verbis
2613 5143 2838 5198 Justini.
2865 5143 3031 5198 Poena
3058 5143 3147 5196 illa
3178 5141 3436 5216 capitalis__
3458 5145 3719 5198 ethnicus

2137 5239 2451 5295 deterrebat
2475 5253 2504 5292 a
2527 5236 2770 5306 legendis
2797 5235 3103 5304 llystaspis,
3135 5233 3354 5307 Sibylla:
3381 5223 3442 5289 et»
3468 5235 3717 5309 Prophe-

2138 5343 2313 5388 tarum
2349 5333 2502 5388 libris
2531 5351 2547 5389 :
2580 5341 2635 5385 at
2677 5331 3160 5387 Christianos-tam
3195 5347 3384 5402 parum
3427 5336 3715 5398 movebat,

2134 5435 2193 5478 ut
2226 5438 2285 5478 se
2337 5424 2422 5478 his
2475 5421 2718 5492 legendis
2747 5421 2901 5476 libris
2931 5423 3144 5478 deditos
3177 5438 3298 5478 esse
3349 5438 3463 5493 pra:
3519 5440 3583 5480 se
3617 5426 3713 5478 fer-

2135 5529 2279 5580 rent,
2317 5531 2381 5570 ae
2413 5515 2757 5584 proferendis
2795 5513 3183 5583 prophetarum
3216 5515 3458 5570 oraculis
3500 5513 3711 5574 neminl

2134 5611 2186 5664 in
2217 5608 2570 5664 offensionem
2601 5617 2859 5663 venturos
2886 5607 3244 5664 confiderent.
3284 5609 3558 5675 Quaenam
3586 5621 3709 5678 erga

2133 5702 2224 5756 illa
2276 5701 2385 5765 lex,
2420 5710 2528 5754 tam
2561 5699 2796 5755 ethnicis
2826 5701 3137 5766 metuenda,
3183 5699 3707 5755 Christianos-vere

2132 5794 2266 5850 nihil
2301 5792 2541 5849 Ιιειιοηεῖ
2567 5790 2682 5848 Non
2717 5792 2822 5848 alia
2861 5792 3104 5862 profecto
3147 5790 3362 5847 videtur
3417 5787 3705 5863 assignari
