3792 6496
101 405 167 459 ill
992 383 1057 439 D.
1097 382 1362 438 MARANI
1402 380 1797 439 PRAFATIO.
1840 411 1901 419 --
1931 374 2113 432 PARS
2144 375 2231 432 III.

3174 371 3279 427 ιη

102 540 241 601 luisse,
268 529 441 593 praeter
466 530 581 571 eam
613 526 733 593 quae
760 511 1071 565 futurorum
1103 510 1380 565 curiosam
1414 507 1597 574 iuqui-
1628 511 1672 565 Α
1703 517 1833 556 num
1861 517 1891 556 e
1923 502 2040 601 vico
2067 499 2274 601 Git'tum
2302 498 2473 601 dicto,
2505 494 2595 563 qui
2632 494 2733 549 sub
2765 492 3002 598 .Claudio
3041 491 3281 595 Caesare.

101 592 297 673 sitionem
345 605 663 681 prohibebat.
696 592 834 657 Erat
861 602 1006 656 enim
1052 602 1159 654 hoc
1192 600 1402 653 crimen
1442 596 1602 667 longe

102 710 338 766 maximum
364 702 461 756 illis
498 697 862 767 temporibus,
900 710 965 749 ac
994 694 1152 747 novis
1190 689 1354 746 rebus
1381 691 1606 745 studere

102 812 141 857 et
165 797 336 854 nefaria
367 793 577 849 consilia
624 789 908 845 intendere
939 786 1260 850 videbatur,
1299 783 1344 837 si
1384 781 1508 851 quis
1535 781 1603 836 de

103 892 234 946 salute
261 884 578 955 imperatoris
611 895 872 950 responsa
920 884 1155 949 peteret.
1193 875 1348 931 Unde
1379 874 1603 928 Tertul-

103 985 254 1043 lianus,
291 978 426 1047 Apol.
481 976 571 1039 55,
605 986 664 1030 ut
696 975 891 1046 probet
936 974 1210 1027 immerito
1253 970 1603 1026 Christianos

104 1073 240 1129 vocari
273 1070 492 1141 publicos
521 1069 727 1130 hostes,
758 1069 888 1137 quia
930 1065 1349 1136 imperatoribus
1377 1104 1391 1128 ,
1440 1078 1604 1133 neque

104 1186 242 1232 ranos,
282 1179 432 1234 neque
468 1162 801 1223 mentientes,
826 1175 991 1229 neque
1039 1157 1351 1212 temerarios
1379 1158 1604 1210 honores

105 1264 254 1323 dicant,
280 1256 514 1311 observat
547 1268 643 1308 eos
665 1294 679 1318 ,
714 1252 807 1321 qui
839 1252 891 1305 in
932 1251 1017 1306 his
1045 1249 1249 1304 Caesari
1296 1248 1605 1304 deferendis

105 1368 250 1422 magna
273 1349 431 1405 studia
470 1347 807 1416 significant,
852 1351 995 1415 saepe
1027 1344 1213 1397 animo
1249 1356 1371 1396 esse
1400 1340 1602 1396 Caesari

109 1463 183 1500 non
219 1444 370 1497 amico
396 1450 447 1495 et
478 1439 779 1507 astrologos
820 1438 887 1491 de
919 1436 1063 1489 illius
1087 1436 1265 1488 salute
1296 1432 1603 1498 consulere,

106 1533 292 1601 cujusrei
314 1531 606 1602 suspicioin
634 1529 977 1585 Christianos
1009 1543 1116 1581 non
1145 1526 1314 1580 cadit.
1347 1534 1365 1575 α
1398 1525 1602 1578 Eadem

107 1629 234 1683 ollicia
259 1627 571 1695 dependunt,
606 1624 806 1692 inquit,
844 1630 899 1675 et
944 1622 1035 1689 qui
1077 1618 1380 1687 astrologos
1426 1626 1482 1670 et
1505 1632 1604 1669 au-

105 1734 222 1790 ειη-ες
263 1727 312 1772 et
355 1716 630 1784 aruspices
668 1725 724 1768 et
776 1722 963 1783 magos
993 1711 1059 1764 de
1104 1710 1384 1765 Cmsarum
1428 1706 1607 1775 capite

107 1808 371 1870 consultant,
392 1820 525 1875 quas
563 1814 713 1858 artes
740 1804 808 1856 ab
837 1801 1047 1872 angelis
1076 1799 1452 1855 desertoribus
1477 1812 1606 1866 pro-

1708 610 1829 649 cum
1853 592 2063 661 magica
2094 589 2383 655 miracula,
2412 588 2722 643 daemonum
2765 587 2818 639 iu
2843 598 2910 639 eo
2939 583 3283 653 operantium

1708 695 1847 747 arte,
1901 685 1955 737 in
2008 682 2154 753 regia
2194 690 2377 735 vestra
2423 680 2561 733 urbe
2612 678 2786 731 Roma
2822 676 3108 738 edidisset,
3145 676 3285 729 deus

1710 774 2062 830 existimatus
2091 784 2177 828 est
2205 782 2258 828 et
2278 787 2307 825 a
2335 772 2491 827 vobis
2526 782 2785 841 tanquam
2817 769 2947 824 deus
2978 778 3157 823 statua
3185 769 3287 822 ho-

1709 877 1942 922 noratus
1966 882 2118 937 :quie
2159 872 2556 920 statuaerecta
2590 871 2676 918 est
2716 863 2767 917 in
2812 860 2988 916 insula
3026 858 3289 915 Tiberina

1708 960 1854 1014 inter
1892 960 2030 1013 duos
2068 968 2282 1029 pontes,
2313 957 2525 1012 habens
2560 956 2701 1010 hanc
2747 954 3050 1010 Romanam
3088 951 3291 1007 inseri.

1706 1050 1949 1120 ptionem
1980 1069 1993 1106 :
2019 1050 2229 1107 Simoni
2252 1050 2349 1104 deo
2385 1059 2591 1105 sancto.
2634 1068 2653 1101 ι
2678 1048 2744 1102 Et
2784 1062 2935 1101 num.
2970 1044 3074 1098 56:
3113 1063 3130 1096 ι
3162 1042 3287 1098 Die-

1710 1159 1901 1200 muues
1929 1145 2279 1199 immiserunt
2301 1143 2581 1198 Simonem
2615 1152 2670 1198 et
2702 1141 3061 1197 Menandrum
3094 1140 3290 1195 Sama-

1707 1240 1941 1300 ritanos,
1980 1237 2073 1306 qui
2118 1236 2347 1307 magicis
2385 1235 2670 1291 miraculis
2699 1235 2865 1290 editis
2890 1233 3095 1288 multos
3123 1233 3292 1288 doce.

1707 1335 1926 1398 perunt,
1959 1335 2121 1397 atque
2148 1327 2446 1382 etiamnum
2476 1326 2734 1396 deceptos
2755 1333 2966 1387 tenent.
2996 1322 3136 1378 Nam
3163 1338 3288 1378 cum

1710 1420 1852 1489 apud
1884 1435 1980 1474 vos
2022 1420 2075 1474 in
2120 1420 2270 1490 regia
2305 1420 2441 1474 urbe
2486 1419 2683 1483 Roma,
2717 1428 2775 1475 ut
2799 1418 2914 1487 jam
2954 1418 3089 1484 dixi,
3120 1418 3294 1485 impe-

1710 1522 1870 1566 raute
1897 1512 2121 1567 Claudio
2147 1511 2382 1579 Caesare,
2416 1512 2602 1567 Simon
2630 1520 2974 1567 versaretur:
2994 1520 3048 1564 et
3074 1525 3292 1565 sacrum

1708 1613 1958 1659 senatum
2012 1614 2068 1659 et
2102 1604 2364 1675 populum
2412 1604 2723 1659 Romanum
2784 1604 2860 1659 ita
2921 1602 3292 1658 admiratione

1708 1698 1992 1766 perculsit,
2041 1707 2101 1751 ut
2144 1697 2277 1753 deus
2333 1699 2770 1763 existimaretur,
2803 1707 2859 1751 et
2916 1695 3297 1751 statua'velut

1708 1791 1821 1857 alii,
1851 1792 1943 1862 qui
1975 1806 2005 1845 a
2024 1792 2183 1847 vobis
2228 1791 2504 1857 coluntur,
2522 1792 2927 1845 diidonaretur.
2952 1789 3296 1858 Quapropter

107 1903 206 1954 ditas
243 1908 288 1953 et
332 1913 359 1952 a
400 1870 508 1951 beo
545 1894 876 1950 interdictas
913 1870 981 1947 ne
1006 1892 1121 1947 suis
1150 1890 1372 1959 quidem
1421 1885 1606 1941 causis
1640 1870 1682 1924 Β
1715 1897 1961 1950 oramus,
1996 1892 2058 1937 ut
2087 1892 2142 1939 et
2174 1898 2394 1938 sacrum
2424 1891 2669 1938 senatum
2720 1892 2776 1937 et
2803 1881 3057 1951 populum
3092 1879 3295 1933 Roma—

108 1993 307 2046 adliibeot
328 1987 644 2044 Christiani.
678 2004 696 2038 ι
721 1984 909 2039 Refert
933 1983 1210 2038 Lucianus
1229 1981 1278 2035 in
1303 1980 1606 2035 Alexandro

108 2082 299 2137 callidum
327 2079 476 2148 huius
499 2078 739 2133 hominis
763 2075 1079 2139 artificium,
1103 2074 1194 2143 qui
1230 2088 1353 2128 cum
1372 2071 1609 2141 undique

108 2187 175 2238 per
197 2171 377 2226 libellos
404 2169 807 2229 consuleretur,
840 2166 885 2219 si
909 2165 999 2234 qui
1032 2178 1101 2217 ex
1127 2163 1389 2217 divitibus
1416 2160 1484 2215 de
1520 2174 1611 2214 re--

108 2260 376 2324 husmagoi
427 2258 690 2314 momenti
760 2256 1137 2319 consulerent,
1187 2269 1293 2308 non
1348 2252 1613 2306 reddebat

106 2367 246 2405 eorum
278 2351 494 2414 libellos,
535 2349 633 2403 sed
683 2348 825 2418 apud
866 2362 926 2402 se
974 2345 1264 2410 retinebat,
1288 2354 1349 2397 ut
1370 2359 1492 2399 eum
1535 2332 1611 2397 illi

108 2450 247 2510 captos
272 2456 326 2497 se
351 2451 402 2497 et
431 2439 774 2496 constrictos
800 2438 1183 2506 intelligerent,
1206 2433 1531 2505 periculum,
1556 2432 1611 2485 in

105 2534 209 2600 quod
230 2549 280 2588 se
313 2534 406 2603 ipsi
432 2531 604 2588 stulte
635 2531 1006 2603 coniecerant,
1047 2528 1261 2598 magnis
1291 2526 1613 2581 muneribus

108 2626 387 2680 redimerem.

153 2715 254 2771 Erat
276 2732 395 2787 ergo
434 2717 620 2787 capite
655 2715 923 2771 sancitum
954 2728 1019 2768 ne
1049 2712 1173 2781 quis
1199 2712 1265 2766 de
1295 2711 1459 2766 rebus
1492 2708 1613 2763 Cir-.-

109 2810 186 2862 sari
210 2820 286 2863 aut
317 2811 628 2882 reipublicae
657 2808 943 2863 eventuris
977 2806 1297 2875 inquireret,
1351 2819 1415 2857 ac
1445 2802 1614 2856 libros

106 2900 335 2969 evolveret,
375 2902 428 2957 in
469 2903 677 2972 quibus
711 2900 895 2955 futura
924 2898 1314 2969 praedicuntur.
1353 2894 1506 2949 llaiic
1535 2895 1612 2949 le-

107 3004 192 3057 gem
223 2990 440 3050 Justinus
488 2996 802 3049 daemonum
857 3001 980 3047 astu
1033 3000 1088 3046 et
1118 2989 1399 3044 molitione
1447 2988 1611 3041 lixam

110 3082 237 3138 luisse
262 3087 540 3153 existimat,
596 3085 853 3139 nimirum
895 3092 956 3138 ut
1002 3081 1250 3137 homines
1286 3094 1316 3133 a
1368 3076 1613 3150 legendis

107 3174 329 3245 Prophetis
352 3179 795 3234 deterrerentur:
835 3190 934 3231 sua
966 3176 1118 3230 illum
1150 3173 1487 3242 experientia
1518 3172 1613 3225 do-

106 3282 196 3323 cere
219 3271 390 3341 potuit,
422 3271 630 3326 multos
663 3272 768 3326 hoc
802 3278 945 3325 metu
980 3269 1235 3323 detentos
1256 3265 1448 3329 fuisse,
1474 3279 1615 3333 quo-
1644 3254 1687 3311 C

108 3363 258 3439 minus
281 3366 659 3433 prophetarum
698 3365 907 3432 scripta
958 3371 1181 3431 tangere
1228 3359 1514 3414 auderent.
1551 3358 1622 3410 At

107 3450 476 3512 Christianorum
520 3458 631 3513 alia
668 3457 881 3512 exstitit
912 3470 1099 3513 causa.
1131 3451 1331 3508 Notum
1362 3448 1619 3505 omnibus

107 3557 195 3599 erat
215 3562 295 3602 eos
322 3549 573 3604 detestari
608 3548 871 3618 quidquid
904 3547 972 3601 ad
1012 3546 1239 3615 auguria
1263 3552 1320 3597 et
1350 3541 1623 3611 aruspici-

112 3648 201 3687 nam
226 3638 458 3705 pertinet,
488 3654 556 3694 ac
573 3638 782 3709 grande
821 3636 1095 3706 piaculum
1119 3633 1380 3689 arbitrari
1414 3634 1621 3687 daemo-

110 3740 182 3777 nes
218 3729 509 3795 consulere;
558 3745 665 3785 nec
719 3729 1018 3799 prophetas
1070 3726 1420 3797 proferebant
1454 3724 1507 3777 in
1554 3724 1622 3778 iis

106 3829 195 3883 quis
214 3818 266 3873 ad
293 3822 602 3891 reipublicae
623 3821 1153 3877 administrationem
1185 3818 1489 3887 pertinent,
1519 3816 1615 3871 sed

110 3907 144 3959 in
169 3910 222 3964 iis
246 3927 351 3981 qua:
383 3914 448 3967 ad
498 3914 739 3968 salutem
785 3922 1086 3975 aeternam;
1122 3924 1299 3979 neque
1328 3918 1385 3961 ut
1430 3909 1616 3961 futura

109 4001 270 4059 curiose
311 4014 740 4074 cognoscerent,
793 4007 887 4060 sed
912 4006 1093 4074 potius
1119 4012 1178 4056 ut
1204 4018 1292 4067 ea,
1335 4016 1454 4071 quae
1489 4000 1620 4055 .lesu

108 4091 273 4149 Christo
298 4108 349 4152 et
371 4099 705 4153 Christianis
726 4107 1043 4160 evenerant,
1074 4096 1259 4150 multis
1293 4106 1421 4149 ante
1449 4107 1622 4148 saecu-

108 4181 155 4237 lis
180 4190 373 4255 przrisa
400 4199 452 4245 et
479 4190 742 4261 praedicta
773 4190 1236 4245 demonstrarent.
1264 4187 1346 4241 Ah
1380 4185 1621 4241 homini-

109 4278 183 4330 bus
207 4280 273 4334 sic
301 4281 735 4351 animo,aﬂ'ectis,
768 4283 905 4337 nihil
932 4282 1239 4336 Caesaribus
1270 4280 1618 4334 metuendum

108 4380 195 4422 erat
218 4387 229 4423 :
250 4372 449 4444 impune
474 4384 731 4444 poterant
769 4374 981 4447 Sibyllze
1011 4383 1066 4429 et
1094 4372 1376 4442 Hystaspis
1408 4381 1462 4424 et
1487 4369 1623 4425 Pro-

108 4464 336 4528 phetarum
380 4471 551 4523 libros
584 4467 869 4530 evolvere;
918 4465 1155 4536 suspicio
1186 4480 1293 4519 non
1327 4473 1446 4520 erat
1472 4463 1621 4516 futu-

109 4567 173 4606 rus
207 4559 491 4628 reipublicae
519 4570 753 4615 eventus
796 4562 865 4615 ab
891 4560 973 4614 eis
1006 4559 1242 4629 inquiri;
1266 4560 1507 4626 satisque
1537 4558 1617 4611 le—

107 4647 196 4710 Pide
219 4652 524 4707 Aurelianus
555 4652 609 4705 in
652 4651 880 4721 epistola
910 4651 979 4705 ad
1005 4660 1279 4715 senatuin,
1321 4665 1485 4721 quam
1513 4647 1618 4703 Vo-

108 4738 244 4803 piscus
265 4745 411 4798 nobis
440 4744 702 4811 prodidit,
734 4743 956 4797 dicebat
982 4756 996 4794 :
1029 4760 1047 4793 ι
1081 4741 1250 4796 Miror
1276 4756 1394 4803 vos,
1426 4736 1616 4794 Patres

107 4834 252 4894 salicti,
299 4846 397 4888 tam
428 4837 521 4889 diu
566 4836 635 4889 de
676 4834 985 4903 aperiendis
1013 4832 1295 4903 Sibyllinis
1338 4832 1616 4885 dubitasse

107 4916 407 4993 libriS,q-lasi
452 4930 506 4982 in
590 4928 1028 4982 Christianorum
1088 4926 1344 4988 ecclesia,
1398 4940 1504 4979 non
1563 4925 1615 4978 iu

107 5014 257 5081 templo
280 5020 496 5073 deorum
538 5018 786 5073 omnium
815 5018 1148 5071 tractaretis.
1194 5036 1213 5069 ι
1258 5015 1373 5070 Non
1408 5016 1613 5070 mirum

107 5116 200 5172 0'80
244 5110 281 5162 Si
330 5115 717 5181 prophetarum
778 5114 980 5181 scripta
1038 5121 1091 5166 et
1134 5110 1245 5163 alia
1291 5109 1378 5163 his
1417 5106 1615 5163 similia

107 5201 281 5260 gentiles
310 5208 421 5259 sine
473 5207 718 5277 periculo
751 5205 937 5276 legere
971 5218 1076 5257 non
1126 5210 1408 5272 poterant;
1456 5200 1619 5255 Chri-

109 5288 224 5344 διὼηί
262 5309 382 5350 vero
426 5307 481 5352 et
519 5299 639 5352 sine
682 5299 991 5366 suspicione
1018 5312 1080 5350 ea
1122 5294 1412 5365 legebant;
1446 5304 1502 5347 et
1530 5307 1620 5347 res

108 5386 337 5459 Przdictas
381 5393 449 5445 ad
490 5393 702 5445 exitum
751 5393 1043 5459 perductas
1087 5405 1208 5444 esse
1250 5388 1617 5453 ostendendo,

110 5486 264 5542 iratam
293 5484 707 5538 admirationem
734 5485 785 5538 in
810 5485 1010 5536 animis
1036 5482 1374 5536 excitabant.

156 5569 630 5633 lll.Coutroversia:
676 5593 781 5629 non
827 5577 931 5629 levi
980 5577 1267 5629 materiam
1327 5576 1616 5638 dederunt,

111 5674 194 5725 quia
225 5682 249 5719 ει
274 5667 480 5725 ιυειὶηο
503 5670 560 5723 in
594 5671 779 5725 eadem
806 5668 1060 5739 Apologia
1087 5670 1153 5723 de
1188 5678 1368 5723 statua
1400 5668 1619 5723 Simoni

110 5751 218 5825 Mago
235 5773 401 5816 erecta
444 5764 723 5819 dicuntur.
756 5762 850 5818 Sic
889 5763 1057 5826 enim,
1092 5776 1240 5815 num.
1270 5761 1340 5815 26
1371 5779 1385 5816 :
1434 5780 1453 5814 ς
1494 5762 1621 5816 Βίρ-

111 5856 249 5906 lIones
283 5854 620 5912 immiserunt
642 5855 946 5913 Simonem
980 5855 1272 5925 quemdam
1306 5855 1613 5911 Samarita-

1711 1992 1840 2031 num
1892 1990 1998 2030 una
2048 1977 2327 2031 vobiscum
2376 1976 2536 2045 hujus
2590 1977 2761 2031 nostri
2809 1975 3081 2044 supplicis
3115 1974 3285 2029 libelli

1712 2069 2022 2140 cognitores
2056 2070 2367 2132 asciscatis,
2397 2079 2458 2122 ut
2498 2069 2542 2123 si
2576 2068 2704 2139 quis
2732 2067 2851 2135 ejus
2882 2068 3135 2121 doctrina
3188 2068 3295 2121 im-

1713 2164 1941 2230 plicatus
1966 2164 2059 2230 sit,
2094 2163 2323 2217 veritate
2359 2163 2599 2233 cognita,
2641 2176 2885 2218 errorem
2937 2160 3116 2231 possit
3150 2157 3293 2214 cllu-

1713 2270 1841 2325 gere
1866 2273 1880 2319 ;
1909 2264 1964 2309 et
1985 2264 2249 2317 statuam,
2277 2254 2322 2309 si
2361 2255 2437 2308 ita
2470 2254 2628 2309 vobis
2656 2255 2857 2323 placet,
2888 2252 3129 2322 dejicite.
3168 2270 3187 2303 ι

1783 2345 2018 2400 Narrata
2065 2360 2095 2399 a
2145 2344 2364 2401 Justino
2418 2347 2648 2401 historia
2688 2359 2905 2416 semper
2937 2346 2990 2399 in
3023 2346 3204 2414 pretio
3240 2353 3300 2398 et

1716 2440 1925 2494 honore
1956 2438 2268 2503 exstiterat,
2292 2439 2452 2507 eique
2483 2439 2695 2507 pondus
2721 2440 3045 2493 addiderant
3081 2436 3301 2491 Tertul-

1718 2531 1868 2595 liani,
1902 2531 2145 2601 Eusebii,
2173 2532 2360 2602 Cyrilli
2397 2530 2868 2602 Jerosolymitani,
2903 2530 3195 2602 Augustini
3231 2541 3292 2585 et

1717 2620 2067 2689 Theodoreti,
2099 2638 2127 2675 a
2154 2623 2354 2691 quibus
2377 2622 2517 2676 idem
2550 2632 2922 2686 asseveratur,
2958 2623 3295 2686 testimonia,

1716 2714 1891 2769 donec
1945 2714 2106 2769 fidem
2152 2724 2207 2770 et
2251 2717 2637 2770 auctoritatem
2701 2715 2843 2783 apud
2897 2715 3146 2769 eruditos
3187 2729 3300 2769 non

1715 2821 1919 2873 paucos
1967 2808 2278 2863 detraheret
2313 2809 2531 2865 inventa
2571 2811 2671 2863 sub
2697 2808 2966 2878 Gregorio
2998 2807 3112 2861 XIII
3144 2822 3295 2877 qua:-

1716 2898 1838 2952 dam
1863 2908 2067 2954 statua.
2098 2919 2117 2952 c
2153 2902 2294 2956 Ante
2328 2918 2498 2956 anuos
2536 2912 2666 2972 puto
2710 2903 2982 2971 quinque,
3018 2902 3195 2972 inquit
3221 2903 3292 2958 ad

1716 3003 1913 3043 annum
1940 2990 2011 3045 M
2044 2990 2331 3057 Baronius,
2361 2992 2628 3064 Gregorio
2659 2991 2770 3048 XIII
2796 2995 3074 3064 pontifice,
3102 2995 3155 3049 in
3193 3008 3291 3049 ea-

1714 3082 1837 3137 dem
1873 3081 2045 3136 insula
2072 3083 2352 3152 Tiberina,
2377 3100 2408 3140 e
2445 3086 2732 3142 ruderibus
2768 3086 2903 3155 lapis
2928 3096 3013 3142 est
3036 3087 3293 3153 effossus,

1720 3175 1812 3231 tali
1862 3176 2218 3246 inscriptione
2251 3189 2473 3233 notatus
2503 3195 2518 3231 :
2766 3188 2772 3195 '

2021 3284 2215 3325 SEHONI
2256 3284 2425 3325 SANGO
2466 3286 2569 3326 Ι)Εο
2604 3286 2753 3326 ῖιυιο
2791 3286 2999 3328 ελοκωι

1800 3388 1806 3395 ·
1897 3377 2016 3417 SEX.
2071 3376 2334 3417 Ροιιηιυε
2380 3377 2427 3417 8.
2471 3378 2520 3416 Ρ.
2572 3379 2624 3418 Ε.
2667 3378 2785 3418 COL.
2829 3379 3122 3421 IUSSIANUS

2003 3469 2431 3517 QUINQUENNALIS
2472 3470 2663 3510 DECUR.
2703 3470 3019 3511 BIDENTALIS

2290 3562 2470 3601 DONUM
2546 3564 2728 3604 DEDIT.

1722 3636 2007 3694 Praesefert
2069 3638 2207 3709 lapis
2251 3642 2366 3708 ipse
2416 3640 2614 3705 basim,
2687 3655 2851 3709 super
2902 3657 3066 3712 quam
3119 3650 3305 3698 statua

1733 3733 1907 3786 locata
1940 3743 2109 3796 esset,
2157 3732 2252 3786 sed
2291 3728 2591 3803 exiguam:
2639 3749 2739 3789 nec
2790 3735 2938 3789 enim
2990 3750 3113 3790 cum
3144 3736 3303 3792 valde

1724 3832 1952 3894 angusta
1983 3822 2075 3886 sit,
2125 3838 2293 3892 capax
2327 3838 2449 3879 esse
2482 3823 2699 3880 videtur
2729 3825 2963 3894 alicujus
3014 3830 3301 3885 simulacri

1726 3916 1975 3970 humanm
2011 3925 2234 3970 staturas
2275 3915 2490 3970 similis.
2522 3935 2557 3983 ,ι
2602 3914 2893 3973 Nominum
2926 3920 3177 3988 quaedam
3215 3930 3302 3975 est

1726 4008 2025 4063 similitudo
2079 4008 2225 4062 inter
2276 4009 2415 4063 hanc
2465 4010 2879 4079 inscriptionem
2911 4018 2965 4065 et
2993 4024 3136 4076 eam,
3177 4025 3302 4079 quae

1728 4118 1755 4154 a
1787 4100 2001 4155 Justiuo
2029 4101 2269 4155 refertur
2296 4118 2311 4168 ;
2342 4103 2597 4171 congruit
2633 4105 2798 4157 etiam
2845 4103 2999 4158 locus
3031 4121 3044 4157 ε
3083 4114 3304 4174 reperta

1676 4208 1687 4217 ο
1726 4194 1873 4248 enim
1919 4200 2098 4246 statua
2127 4192 2380 4246 Semonis
2408 4192 2576 4263 Sangi
2611 4193 2697 4248 dei
2729 4195 2781 4248 in
2810 4194 2987 4250 insula
3018 4194 3302 4261 Tiberina,

1729 4285 1779 4338 in
1826 4300 1930 4353 qua
1979 4285 2259 4339 Simonem
2316 4284 2480 4338 deum
2531 4294 2784 4341 sanctum
2830 4296 3020 4341 narrat
3051 4286 3301 4341 Justinus

1726 4374 1897 4451 fuisse
1951 4384 2355 4431 consecratum.
2407 4376 2537 4430 Inde
2587 4386 2710 4429 nata
2770 4376 3017 4445 pluribus
3064 4376 3301 4431 eruditis

1727 4483 1833 4522 non
1860 4467 2099 4536 suspicio
2129 4466 2329 4532 solum,
2372 4468 2468 4521 sed
2492 4467 2655 4521 etiam
2691 4466 2848 4521 firma
2894 4469 3176 4538 persuasio
3205 4469 3303 4523 dc-

1652 4592 1696 4646 Β
1727 4567 1940 4627 ceptum
1983 4556 2149 4612 fuisse
2185 4557 2461 4612 Justinum
2501 4559 2843 4629 ignoratione
2873 4559 3213 4625 Latinitatis,
3247 4571 3303 4616 et

1726 4650 1795 4703 ab
1822 4666 1887 4705 eo
1930 4650 2208 4705 Simonem
2256 4652 2415 4705 deum
2460 4662 2710 4708 sanctum
2742 4666 2807 4708 ex
2855 4653 3304 4736 Semoue'Sango

1694 4744 1826 4811 rdeo
1858 4742 2190 4797 fabricatum
2223 4742 2411 4800 fuisse.
2434 4744 2553 4800 Sed
2588 4755 2743 4816 parte
2772 4762 2836 4801 ex
2866 4748 2972 4802 alia
3000 4748 3308 4805 reclamant

1724 4834 1814 4888 alii
1856 4850 1962 4889 nou
2014 4835 2279 4904 ignobiles
2312 4824 2534 4902 critici,
2567 4839 2835 4907 imprimis
2878 4838 3292 4909 Tillemontius,

1721 4942 1957 4995 quorum
1989 4927 2317 4989 rationibus,
2346 4928 2564 4985 diIlicile
2586 4940 2669 4984 est
2705 4946 2810 4984 non
2839 4934 3117 4991 assentiri.

1797 5020 1886 5074 IV.
1916 5020 2086 5076 Unico
2111 5038 2337 5099 prorsus
2371 5014 2699 5098 argumento
2724 5023 2981 5079 nituntur
3010 5026 3103 5095 qui
3131 5026 3304 5083 Justi-

1722 5132 1852 5171 num
1906 5120 2231 5174 oscitantem
2279 5133 2501 5174 errasse
2552 5119 2763 5187 volunt,
2792 5134 2988 5189 nempe
3019 5125 3301 5177 nominum

1723 5209 2100 5264 similitudine.
2130 5210 2421 5265 Levissimi
2460 5211 2606 5265 enim
2640 5213 2905 5267 momenti
2928 5221 3012 5267 est
3040 5215 3183 5283 quod
3205 5217 3305 5269 ob-

1717 5301 2105 5368 jicitValesius
2136 5309 2276 5372 (not.
2314 5303 2368 5356 in
2397 5302 2597 5360 Euseb.
2637 5303 2729 5358 lib.
2756 5312 2819 5372 Il)
2848 5319 2955 5358 non
2988 5304 3164 5359 solere
3194 5304 3301 5358 Ro»

1724 5409 1919 5449 manus
1937 5394 2275 5450 divinitatem
2297 5394 2608 5449 hominibus
2624 5394 2762 5449 vivis
2786 5394 3045 5459 tribuere,
3066 5402 3155 5448 aut
3173 5394 3304 5449 deos

1724 5483 2004 5552 appellare
2026 5493 2264 5537 sanctos.
2314 5482 2383 5538 Ut
2416 5484 2665 5539 omittam
2700 5482 2943 5550 exempla
2976 5497 3083 5535 non
3111 5482 3304 5539 deesse

1725 5576 2006 5641 hominum
2027 5585 2154 5629 ante
2180 5585 2408 5628 mortem
2429 5576 2531 5630 diis
2558 5575 2942 5643 ascriptorum,
2961 5582 3015 5624 ut
3036 5570 3304 5643 Neryllini

1725 5670 1864 5737 apud
1910 5669 2355 5739 Athenagoram,
2399 5683 2546 5722 num.
2574 5668 2663 5733 26,
2710 5667 2845 5721 satis
2872 5674 2957 5721 est
2987 5665 3305 5720 meminisse

1729 5772 1856 5818 tunc
1896 5763 2202 5831 imperasse
2230 5761 2551 5828 Claudium,
2591 5762 2747 5831 cujus
2787 5760 2887 5814 sub
2917 5758 3306 5828 imperio,nihil

1730 5866 1835 5910 tam
1868 5854 2162 5911 absurdum
2212 5852 2334 5922 fuit,
2373 5853 2526 5923 quod
2560 5868 2666 5908 non
2704 5851 2985 5923 impetrari
3016 5858 3093 5923 ,et
3116 5847 3306 5921 perﬁci
