3792 6516
421 383 529 435 “3

424 500 682 570 potuerit.

425 604 728 659 eorumque
795 589 1053 658 su'ﬁ'ragio
1104 588 1331 640 Romam
1383 587 1514 641 deus
1552 584 1863 645 advenerat,
1899 599 2002 637 nec

426 686 623 736 mirum
656 692 761 747 est,
787 683 831 736 si
872 682 945 736 ibi
987 682 1205 735 eosdem
1253 670 1507 733 honores
1534 687 1863 732 consecutus
1896 686 2001 743 est,

425 790 552 843 quo,
590 782 650 827 ut
690 773 767 827 ait
802 772 1031 826 Tacitus
1072 771 1140 833 ‘7,
1173 781 1368 823 cuncto
1406 771 1639 839 undique
1665 773 1871 822 atrocia
1909 778 2002 821 aut

424 868 674 937 pudenda
706 868 985 936 conﬂuunt
1041 866 1499 932 ceiebranturque.
1544 862 1872 917 Sanctorum
1910 877 2007 932 ap-

428 959 774 1027 pellationem
810 960 915 1012 diis
943 958 1199 1012 tributam
1227 956 1393 1011 fuisse
1422 955 1679 1010 observat
1712 954 2007 1008 Tillemon-

430 1053 538 1105 tius
575 1052 628 1106 in
674 1052 925 1121 pluribus
976 1051 1119 1120 apud
1169 1049 1465 1103 Gruterum
1528 1047 2003 1117 inscriptionibus.

430 1142 581 1196 Nihil
610 1156 695 1197 est
743 1157 874 1213 ergo
904 1143 1044 1211 quod
1075 1141 1351 1196 Justinum
1386 1154 1639 1209 premere
1679 1139 1849 1208 possit
1873 1154 2010 1207 prae-

432 1247 515 1290 ter
543 1236 917 1305 inscriptionis
934 1236 1001 1290 ab
1025 1250 1091 1290 eo
1117 1245 1434 1289 memoratae
1456 1249 1580 1288 cum
1611 1249 1696 1297 ea,
1718 1250 1839 1303 quae
1872 1232 2010 1286 mul-

431 1326 502 1380 tis
553 1337 674 1396 post
736 1327 954 1383 saeculis
1013 1336 1233 1395 reperta
1294 1335 1400 1389 est,
1449 1325 1889 1380 similitudinem.
1938 1325 2009 1379 At

430 1431 667 1490 utraque
711 1423 763 1475 iu
798 1421 983 1475 multis
1015 1421 1249 1476 diversa.
1306 1420 1489 1475 Potuit
1515 1422 1733 1488 quidem
1765 1422 2008 1476 Simonis

427 1529 627 1569 nomen
670 1529 793 1568 eum
859 1515 1099 1569 Semone
1148 1512 1407 1569 confundi
1444 1528 1459 1566 :
1500 1522 1559 1566 at
1599 1526 1773 1581 neque
1807 1512 2007 1567 Semen

430 1611 648 1679 Sangus
684 1609 818 1662 deus
864 1607 1053 1661 Fidius
1093 1622 1193 1676 pro
1222 1606 1449 1660 Simone.
1474 1607 1791 1660 tleosancto
1819 1608 1886 1660 ab
1912 1608 2010 1659 ho-

428 1700 575 1754 mine
597 1698 809 1768 legendi
846 1698 1024 1766 perito
1056 1697 1199 1750 sumi
1232 1696 1426 1765 potuit,
1453 1712 1553 1750 nec
1576 1697 1643 1749 ab
1667 1694 1889 1751 homine
1914 1711 2008 1751 sa-

430 1811 500 1848 no
542 1794 673 1849 Sex.
705 1791 994 1860 Pompeius
1043 1788 1103 1843 S.
1152 1787 1215 1841 Ρ.
1244 1789 1338 1853 Ε..
1372 1789 1482 1843 col.
1514 1787 1842 1856 Mussianus,
1875 1798 2007 1853 etc.,

430 1901 532 1957 pro
558 1886 893 1956 imperatore
921 1892 974 1937 et
1006 1893 1223 1947 senatu,
1256 1896 1357 1936 nec
1387 1881 1566 1951 imago
1602 1881 1686 1936 dei
1715 1880 1880 1951 Sangi
1915 1897 2012 1952 pro
2043 1909 2084 1964 Β

430 1980 675 2050 imagine
725 1977 971 2033 Simonis
1020 1978 1088 2031 ab
1123 1992 1211 2044 eo,
1261 1976 1353 2046 qui
1386 1977 1529 2031 hanc
1570 1984 1899 2046 postremam
1957 1977 2010 2030 in

434 2071 685 2127 Samaria
718 2072 948 2126 viderat.

504 2165 776 2221 Praeterea
801 2162 1206 2219 observandum
1234 2172 1318 2219 est
1350 2179 1452 2219 nee
1494 2171 1699 2219 temere
1723 2171 1782 2218 et
1813 2163 2007 2218 incon-

431 2260 668 2313 siderate
717 2255 991 2312 Justiuum
1054 2256 1364 2326 postulasse
1410 2256 1480 2311 ab
1543 2257 1895 2325 imperatore,
1955 2262 2013 2307 ut

432 2350 575 2403 hanc
607 2348 849 2402 Simonis
878 2347 1017 2418 Magi
1053 2356 1288 2402 statuam
1328 2347 1562 2402 tolleret.
1599 2346 1723 2401 llzee
1748 2347 1893 2401 enim
1923 2360 2016 2415 pe-

432 2440 564 2496 tenti
618 2454 878 2510 maguum
935 2437 1239 2507 periculum
1292 2438 1616 2493 imminebat
1650 2437 2014 2492 aSamarita-

436 2533 543 2597 nis,
570 2548 633 2587 ac
660 2533 779 2602 ipse
806 2532 860 2585 in
879 2531 1126 2600 Dialogo,
1154 2548 1208 2585 n.
1248 2530 1372 2596 120,
1402 2538 1461 2583 ut
1483 2531 1678 2599 probet
1704 2530 1837 2583 nihil
1864 2529 2011 2583 aliud

433 2626 536 2680 sibi
570 2640 717 2679 cura:
747 2639 869 2680 esse
910 2623 1016 2677 nisi
1049 2631 1105 2676 ut
1139 2637 1327 2677 verum
1360 2622 1532 2687 dicat,
1569 2621 1778 2676 etiamsi
1809 2638 1837 2676 e
1860 2620 2015 2676 vesti-

431 2723 515 2790 gio
552 2718 783 2786 discerpi
817 2728 1091 2787 oporteat;
1132 2715 1441 2786 exemplum
1488 2716 1657 2770 animi
1690 2730 1794 2769 non
1830 2714 2006 2768 timidi

434 2831 462 2864 a
513 2827 574 2866 se
622 2812 829 2865 editum
878 2810 1125 2879 profert,
1165 2824 1289 2864 cum
1339 2809 1610 2864 Caesarem
1646 2808 1894 2878 deposito
1943 2806 2012 2861 ad

433 2904 565 2957 Acta
614 2905 820 2973 scripto
851 2902 1188 2971 compellans
1235 2901 1373 2956 dixit
1412 2900 1794 2956 Samaritanos
1835 2915 2013 2955 errore

433 2996 623 3064 decipi,
672 2996 849 3065 utqui
882 2994 1087 3049 Simoni
1138 2997 1308 3064 gentis
1346 3008 1458 3047 sua:
1507 2991 1670 3061 Mago
1709 2992 1869 3060 ﬁdem
1918 2991 2015 3044 Ita-

435 3091 610 3149 beant,
656 3104 811 3158 quem
854 3088 1007 3143 deum
1043 3104 1202 3151 supra
1235 3102 1439 3139 onmem
1466 3084 1823 3153 principatum
1845 3095 1891 3137 et
1917 3099 1985 3151 ρο

436 3190 679 3234 testatem
714 3190 761 3232 et
788 3182 1028 3233 virtutem
1077 3194 1186 3231 esse
1211 3177 1419 3231 dicunt.
1456 3178 1512 3231 Si
1550 3177 1600 3231 id
1626 3173 1872 3229 Justinus
1903 3188 2009 3228 non

1353 374 1409 429 S.
1446 369 1782 427 JUSTINUS
1813 365 2291 424 PlllLOSOPHUS
2326 364 2412 420 ET
2447 361 2761 418 MARTY-R.

776 500 1245 555 Consecraverant
1331 497 1608 550 Simonem
1694 493 2005 556 Samaritae,
2038 499 2083 555 Α
2112 504 2177 544 ea
2232 489 2289 543 S.
2341 486 2679 556 Augustinus
2719 491 2773 537 et
2812 480 3195 536 Theodoretus
3242 478 3311 533 de
3350 476 3459 532 bac
3513 484 3709 530 statua

2103 582 2312 641 dixere,
2345 596 2576 649 quorum
2629 577 2739 631 illis
2773 584 2963 629 auctor
3004 588 3109 627 non
3136 572 3241 626 fuit
3261 569 3539 626 Justinus.
3577 566 3709 620 Pri-

3599 352 3711 406 164

2106 689 2225 727 mus
2253 672 2397 727 enim
2442 671 2649 725 Simoni
2691 678 2741 721 et
2776 667 2991 720 Helena:
3025 675 3263 719 erectam
3316 661 3506 725 fuisse,
3552 657 3708 712 alter

2104 780 2303 820 aeream
2331 764 2499 817 fuisse
2522 770 2778 821 testatur,
2813 773 3042 828 quorum
3074 767 3323 810 neutrum
3348 754 3569 807 dixerat
3604 748 3707 805 Ju-

2107 858 2299 913 stinus.
2320 855 2412 910 Ha:
2434 855 2695 916 rationes,
2714 866 2852 920 quas
2871 864 3065 920 magna
3086 864 3151 903 ex
3172 856 3325 915 parte
3343 844 3624 898 Duronius
3653 851 3709 895 et

2109 947 2489 1005 Tillemontius
2520 946 2955 1015 suppeditarunt,
2989 943 3240 995 detinent
3282 952 3367 992 me
3390 935 3709 1006 quominus

2111 1042 2163 1096 id
2198 1041 2344 1109 quod
2381 1041 2473 1093 alii
2513 1037 2716 1093 eruditi
2764 1037 2864 1089 viri
2920 1040 3307 1089 asseveranter
3361 1028 3709 1100 pronuntia-

2111 1146 2257 1197 runt,
2284 1134 2457 1202 pluris
2493 1147 2615 1186 esse
2654 1145 2818 1200 quam
2854 1128 3225 1197 conjecturam
3263 1123 3540 1178 incertam
3578 1120 3708 1174 exi-

2111 1229 2353 1282 stituem.

2698 1290 2928 1348 CAPUT
2974 1286 3085 1343 VII.

2498 1389 2574 1443 De
2607 1388 2828 1456 Dialogo
2860 1402 2976 1439 cum
3005 1383 3298 1453 Tryplwne.

2115 1487 2161 1537 1.
2185 1486 2258 1535 De
2280 1478 2972 1544 Justiniperegrinationibus.
2999 1474 3062 1544 ll.
3086 1474 3279 1542 Dialogi
3304 1473 3709 1544 occasio,_gu_em

2172 1532 2359 1609 Ephesi
2380 1532 2689 1609 per'bidrtn‘tm
2715 1555 2823 1589 cum
2869 1538 3148 1609 Tryphone‘
3177 1532 3396 1609 ετμῖδίῖμεξΔ
3616 1532 3709 1609 Ῑξξζ

2174 1593 2306 1657 ὖῦἱὶξ
2324 1593 2407 1657 Ill.
2436 1610 2541 1665 Quo
2564 1607 2612 1653 id
2640 1611 2865 1665 tempore
2890 1593 3157 1665 con-tigerit
3190 1593 3485 1665 inquiritur.
3511 1594 3602 1665 1V.
3627 1593 3705 1641 De

2172 1659 2668 1731 'l‘ryphone‘ejusque
2693 1659 2859 1724 so'ciis,
2879 1678 2933 1731 ac
2956 1659 3153 1731 195‘er
3172 1659 3457 1731 disputandi
3498 1659 3707 1731 ratione

2172 1719 2423 1781 nonnulla:
2466 1719 2854 1794 observationes.
2978 1725 3057 1794 An
3097 1719 3331 1794 Dialogus
3379 1720 3560 1781 prima
3599 1719 3707 1765 diei

2172 1797 2272 1844 ﬁne
2293 1801 2345 1843 et
2364 1792 2594 1841 secundae
2614 1791 2756 1839 initio
2778 1785 2981 1836 mutilus
3002 1789 3067 1834 sit
3085 1785 3409 1834 examinator.

2185 1902 2224 1957 Ι.
2267 1900 2426 1969 Quod
2456 1895 2863 1960 aittEusebius,
2895 1893 2989 1947 lib.
3050 1907 3124 1957 ιν,
3178 1905 3228 1945 e.
3285 1889 3373 1953 ll,
3415 1887 3706 1942 Justinnm

2116 1993 2304 2047 Ruina:
2346 1987 2685 2046 domicilium
2736 1983 3018 2047 habuisse,
3055 1997 3160 2036 non
3203 1980 3278 2035 ita
3311 1978 3706 2048 accipiendum

2116 2090 2222 2145 est,
2253 2080 2410 2150 quasi
2452 2076 2704 2131 Justinus
2748 2077 2916 2129 vitam
2973 2087 3126 2127 suam
3164 2072 3266 2125 hac
3316 2070 3368 2125 in
3402 2069 3545 2124 urbe
3585 2078 3707 2123 tra-

2116 2174 2350 2231 duxerit.
2393 2172 2496 2247 Dip
2528 2170 2673 2225 enim
2700 2169 2944 2222 abfuisse
2968 2174 3086 2236 post
3118 2164 3352 2219 oblatam
3375 2161 3709 2229 imperatori

2120 2266 2434 2338 Apologiam
2462 2273 2515 2318 et
2548 2264 2601 2317 in
2642 2261 2766 2316 aliis
2794 2261 3109 2331 regionibus
3140 2266 3525 2313 commoratus
3556 2256 3711 2308 vide-

2117 2363 2225 2409 tur.
2272 2354 2362 2407 Ait
2421 2351 2566 2407 enim
2617 2351 2673 2405 in
2724 2350 2868 2403 Actia
2915 2348 3220 2417 martyrii:
3258 2344 3383 2400 Veni
3432 2354 3622 2398 autem
3655 2352 3707 2395 tn

2116 2447 2295 2499 urbem
2350 2442 2570 2495 Romam
2624 2444 2851 2495 secundo
2889 2454 2910 2494 :
2959 2438 3280 2510 ἐπεδήμησα
3338 2436 3396 2490 δὲ
3431 2439 3507 2509 τῇ
3573 2436 3711 2489 Ῥω·

2120 2536 2294 2605 μαίων
2324 2534 2477 2587 πόλει
2510 2532 2668 2585 τοῦτο
2696 2532 2966 2601 δεύτερον.
2999 2530 3209 2596 Quibus
3246 2531 3426 2583 verbis
3472 2529 3711 2583 rediiSse

2106 2622 2176 2683 ‘se
2208 2629 2373 2696 longo
2424 2626 2716 2680 intervallo
2763 2623 3072 2693 signiﬁcat;
3106 2638 3283 2691 neque
3326 2625 3501 2685 enim,
3544 2621 3593 2675 si
3644 2623 3707 2673 ad

2118 2721 2288 2773 breve
2336 2727 2550 2785 tempus
2602 2715 2978 2778 discessisset,
3017 2716 3322 2783 interrupta
3356 2713 3711 2786 perpetuitas

2118 2806 2566 2863 commorationis
2616 2788 2832 2861 fuisset.
2865 2804 3123 2872 Quianam
3165 2815 3351 2858 autem
3400 2820 3599 2859 causa:
3650 2803 3710 2859 S.

2117 2908 2411 2971 martyrem
2464 2899 2517 2951 in
2563 2899 2877 2967 provincias
2923 2897 3214 2962 traxerint,
3249 2897 3464 2966 etquid
3504 2897 3712 2951 absens

2116 2992 2308 3063 egerit,
2337 3005 2404 3046 ex
2436 2991 2581 3045 illius
2638 2992 2691 3044 iu
2730 2991 2851 3061 ipsa
2888 2990 3024 3044 urbe
3063 2990 3523 3059 occupationibus
3560 2990 3711 3060 diju-

2118 3084 2304 3138 dieare
2337 3098 2651 3153 possumus.

2190 3175 2479 3229 Existimat
2509 3174 2889 3229 Tillemontius
2926 3171 3205 3227 Justiuum
3256 3174 3536 3228 imitatum
3593 3189 3717 3230 esse

437 3287 722 3342 aggressus
748 3311 763 3338 ,
809 3272 915 3326 nisi
959 3270 1304 3327 considerato
1333 3278 1388 3325 et
1428 3276 1716 3340 perSpeeto
1747 3268 2009 3337 periculo,
2041 3297 2085 3357 Ο
2117 3269 2348 3322 eximios
2395 3267 2515 3322 illos
2541 3266 2914 3337 apostolorum
2965 3268 3281 3336 discipulos,
3325 3281 3463 3337 quos
3515 3278 3717 3323 narrat

438 3365 585 3434 quod
623 3364 673 3418 ei
712 3379 743 3416 a
789 3362 1153 3417 Samaritauis
1206 3363 1556 3417 metuendum
1588 3377 1744 3426 erat;
1788 3362 1873 3415 vix
1914 3364 2014 3415 du-

439 3454 589 3507 bium
622 3454 753 3523 quin
794 3463 943 3508 certa
980 3453 1054 3507 illi
1087 3461 1142 3507 et
1191 3452 1472 3521 explorata
1504 3467 1591 3507 res
1620 3452 1805 3507 fuerit.
1842 3452 2012 3520 Quin-

436 3548 603 3601 etiam
660 3547 1045 3615 imperatorem
1102 3555 1279 3616 rogat,
1336 3557 1396 3600 ut
1436 3557 1687 3601 senatum
1741 3556 1796 3602 et
1840 3561 2014 3617 popu—

439 3643 548 3694 lum
582 3639 743 3709 hujus
778 3640 856 3695 rei
903 3643 1220 3711 cognitores
1266 3642 1501 3696 aseiscat
1535 3651 1591 3696 et
1616 3651 1851 3696 statuam
1885 3641 2019 3711 deji-

439 3733 608 3787 ciant.
652 3732 923 3787 Videntur
956 3733 1059 3802 ipsi
1093 3733 1430 3787 Samaritani
1457 3743 1693 3788 statuam
1726 3738 1943 3787 novisse
1964 3742 2020 3787 et

434 3826 623 3895 magni
661 3824 877 3882 iecisse.
908 3825 963 3878 lu
992 3826 1095 3880 hoc
1127 3828 1277 3881 enim
1328 3828 1652 3882 metuendus
1697 3828 1798 3881 fuit
1825 3841 2015 3880 eorum

443 3919 612 3980 t‘uror,
643 3918 787 3985 quod
818 3916 940 3970 illos
979 3927 1174 3972 statua:
1207 3917 1442 3985 dejectio
1467 3918 1642 3971 latere
1673 3934 1778 3971 non
1813 3918 2019 3986 potuis-

446 4018 552 4073 set,
582 4009 626 4062 si
662 4009 1010 4077 impetrasset
1045 4008 1296 4064 Justinus
1333 4018 1392 4062 ut
1432 4010 1785 4079 dejiceretur.
1823 4011 1891 4063 At
1919 4007 2016 4063 dif-

446 4100 588 4155 ticile
619 4099 739 4163 fuit,
777 4108 835 4153 ut
872 4114 991 4168 quae
1032 4099 1287 4156 Justinus
1317 4102 1384 4156 de
1427 4102 1651 4157 Simone
1688 4102 1867 4157 obiter
1889 4102 2023 4156 serio

444 4192 628 4259 bebat,
660 4207 723 4248 ea
754 4194 821 4246 ad
848 4192 1071 4248 illorum
1103 4196 1473 4263 cognitionem
1504 4196 1875 4265 pervenirent.

514 4284 578 4341 V.
617 4285 844 4342 Etiamsi
894 4301 1135 4342 errasset
1182 4288 1282 4342 hac
1342 4289 1394 4342 in
1429 4305 1485 4343 re
1516 4286 1787 4352 Justinus,
1818 4289 2017 4343 saltem

442 4386 686 4431 erratum
715 4393 1015 4448 agnoscere
1041 4380 1249 4446 debuit,
1272 4378 1357 4433 vel
1406 4396 1503 4434 sua
1539 4391 1731 4449 sponte
1770 4383 1893 4435 dum
1927 4395 2023 4448 per

444 4472 634 4525 urbem
663 4472 919 4526 incedens
947 4473 1132 4541 plures
1169 4473 1308 4528 alias
1334 4474 1589 4528 Semonis
1622 4478 1787 4544 Sangi
1813 4487 2022 4530 statuas

449 4564 653 4631 reperit
694 4564 902 4632 (plures
928 4564 1073 4618 enim
1110 4565 1296 4619 llornaa
1319 4566 1599 4621 exstitisse
1637 4569 1903 4636 constat),
1934 4567 2019 4620 vel

2116 3361 2382 3415 Eusebius
2402 3360 2863 3430 evangelistarum
2892 3375 3090 3415 munus
3117 3361 3284 3415 variis
3310 3362 3360 3413 in
3388 3362 3716 3430 regionihus

2118 3455 2343 3518 obiisse,
2396 3452 2597 3523 partim
2639 3452 2940 3522 Evangelio
2982 3452 3088 3517 his,
3136 3453 3227 3521 qui
3276 3453 3521 3506 nondum
3579 3454 3715 3508 illud

2120 3548 2431 3610 audierant,
2489 3547 2882 3617 praedicando;
2956 3546 3152 3616 partim
3225 3547 3516 3610 Ecclesiis,
3573 3564 3718 3616 quas

2119 3641 2351 3707 apostoli
2392 3639 2781 3703 fundaverant,
2819 3639 3146 3704 invisendis,
3188 3648 3245 3691 ut
3275 3653 3368 3694 eas
3401 3640 3454 3692 in
3505 3639 3625 3695 ﬁde
3654 3655 3716 3694 ac

2120 3733 2354 3787 veritate
2398 3733 2810 3787 conﬁrmarent.
2846 3732 3131 3785 Euituerat
3175 3740 3302 3785 ante
3337 3729 3631 3785 Justinqu
3665 3734 3716 3785 iu

2120 3828 2221 3883 hoc
2246 3828 2425 3882 laudis
2450 3843 2651 3898 genere
2671 3828 3019 3893 Quadratus;
3050 3836 3172 3895 post
3193 3824 3464 3879 Justiuum
3492 3835 3715 3891 autem,

2120 3928 2255 3974 teste
2279 3920 2531 3987 Eusebio,
2572 3920 2663 3973 lib.
2690 3936 2741 3984 v,
2770 3935 2889 3990 cap.
2930 3919 3019 3986 10,
3051 3918 3202 3973 multi
3235 3918 3508 3988 ejusmodi
3541 3932 3718 3972 evan-

2121 4013 2325 4083 gelistze
2361 4014 2703 4083 prodierunt,
2737 4028 2877 4082 quos
2906 4012 3052 4068 inter
3084 4013 3329 4081 insignes
3361 4012 3528 4066 fuere
3561 4011 3711 4065 Pau-

2124 4112 2298 4157 taznus
2320 4114 2376 4157 et
2404 4103 2604 4158 saeculo
2638 4106 2802 4159 tertio
2860 4104 3082 4159 ineunte
3114 4104 3303 4167 Caius,
3332 4117 3501 4171 quem
3561 4101 3715 4158 Pho-

2123 4196 2229 4250 tius
2256 4200 2500 4267 gentium
2526 4200 2845 4269 episcopum
2886 4199 3201 4252 ordinatum
3244 4197 3413 4251 fuisse
3443 4208 3717 4253 testatur.

2124 4293 2237 4347 Hoc
2281 4291 2630 4361 evangelista}
2664 4304 2889 4345 munere
2944 4289 3217 4344 Justinum
3273 4290 3412 4344 idem
3466 4292 3718 4346 eximius

2122 4386 2359 4455 scriptor
2403 4382 2749 4453 perfunctum
2785 4381 2958 4437 fuisse
3002 4394 3186 4437 censet
3224 4381 3276 4436 in
3319 4381 3638 4452 Campania
3665 4395 3720 4439 et

2124 4478 2382 4550 Egypto,
2415 4492 2553 4546 quas
2578 4477 2830 4545 regiones
2866 4490 3190 4545 peragrasse
3221 4490 3280 4529 se
3317 4472 3578 4530 Justinus
3601 4477 3719 4545 ipse

2129 4579 2359 4624 testatur
2384 4569 2437 4621 in
2462 4567 2679 4621 Cohort.
2722 4567 2791 4618 ad
2827 4564 3075 4629 Grcecos;
3109 4575 3217 4618 tum
3259 4564 3424 4618 etiam
3468 4566 3528 4619 in
3557 4567 3713 4633 Asia,

445 4654 684 4707 monitus
721 4658 789 4707 ab
817 4655 1028 4721 aiuicis,
1069 4658 1152 4710 vel
1182 4656 1251 4710 ab
1282 4658 1522 4713 inimicis
1552 4659 1874 4729 castigatus.
1908 4658 2021 4712 Pri-
2054 4636 2099 4691 D
2130 4657 2218 4710 ubi
2250 4670 2374 4708 eum
2414 4665 2693 4709 versatum
2736 4654 2907 4709 fuisse
2942 4666 2995 4709 et
3030 4654 3231 4729 Ephesi
3263 4654 3561 4725 Diutogum
3592 4675 3718 4712 cum

447 4762 534 4799 ma
577 4746 722 4800 illius
752 4746 1012 4816 Apologia
1060 4749 1261 4801 farinam
1310 4758 1363 4802 et
1386 4750 1757 4806 celebritatem
1806 4752 2015 4805 habuit.

448 4839 733 4904 Quomodo
780 4854 914 4908 ergo
959 4850 1066 4891 tam
1120 4842 1333 4909 insigne
1387 4852 1629 4895 erratum
1680 4853 1899 4912 tamque
1953 4844 2021 4896 ad

450 4930 729 4984 feriendus
761 4931 952 4984 oculos
1002 4931 1257 4984 idoneum
1293 4931 1367 4984 ita
1419 4931 1593 4995 latuit,
1628 4943 1685 4985 ut
1714 4935 1763 4986 in
1797 4933 2022 5002 Dialogo

452 5016 583 5067 etin
615 5015 872 5085 Apologia
913 5018 946 5070 2
976 5020 1148 5072 ﬁdens
1193 5028 1249 5073 et
1286 5030 1439 5074 tutus
1471 5021 1755 5076 conﬁrmet
1788 5026 1931 5090 quod
1971 5026 2021 5077 in

453 5105 629 5173 prima
674 5104 926 5159 dixerat?
971 5105 1106 5160 Ctnn
1139 5108 1372 5163 eruditis
1403 5108 1538 5162 viris
1583 5123 1683 5178 pro
1712 5111 2023 5165 Christiana

456 5198 720 5266 religione
755 5212 997 5267 pugnare
1040 5198 1233 5254 solitus
1274 5210 1414 5254 erat.
1447 5199 1561 5266 Cur
1607 5217 1735 5271 ergo
1770 5214 2025 5271 acceptas

456 5289 524 5341 ab
541 5304 607 5343 eo
639 5288 827 5359 plagas
852 5305 1013 5343 nemo
1044 5291 1187 5346 ultus
1213 5301 1317 5356 est,
1351 5310 1415 5347 ac
1436 5310 1502 5347 ne
1526 5294 1615 5347 ille
1645 5296 1865 5365 quidem
1890 5296 2026 5350 Cre-

455 5396 619 5436 scens
669 5394 831 5451 quem
870 5397 900 5435 a
938 5398 997 5437 se
1024 5381 1257 5438 fraetum
1310 5397 1367 5440 et
1411 5389 1722 5441 convictum
1758 5391 2025 5453 declarat,

441 5462 617 5539 ‘Apal.
648 5472 704 5539 2,
750 5488 899 5527 num.
931 5474 984 5528 5.
1012 5477 1291 5541 Quomodo
1341 5489 1583 5533 erratum
1636 5483 1857 5535 minime
1902 5484 2029 5536 sub-

461 5568 679 5620 odorati
713 5577 791 5623 tot
822 5570 1118 5623 venerandi
1141 5571 1456 5641 scriptores,
1488 5575 1578 5645 qui
1606 5576 1745 5629 idem
1774 5559 1837 5630 ac
1861 5574 2032 5631 Justi-

464 5674 568 5713 nus
601 5658 823 5715 dixere?
855 5660 1188 5730 Quinetiam,
1221 5673 1279 5720 nt
1329 5665 1586 5723 observat
1627 5668 2026 5736 'l‘illetnontius,

530 5832 571 5862 "
598 5832 815 5899 Aunal.,
850 5834 939 5890 lib.
968 5851 1055 5891 xv.

2131 4744 2407 4815 Trypltone
2438 4755 2493 4799 et
2523 4744 2643 4799 aliis
2676 4744 2879 4799 Judaeis
2902 4746 3158 4800 habuisse
3188 4728 3376 4799 narrat
3411 4744 3717 4801 Eusebius.

2130 4838 2361 4906 Adjuvat
2402 4838 2546 4891 hanc
2587 4838 2900 4906 opinionem
2953 4838 3197 4907 episcopi
3244 4846 3338 4890 aut
3391 4839 3719 4909 presbyteri

2131 4930 2385 4999 dignitas,
2453 4945 2558 4999 qua
2615 4930 2893 4983 Justiuum
2947 4941 3201 4983 ornatum
3260 4929 3433 4983 fuisse
3484 4932 3726 4998 conjicit

2132 5024 2273 5077 idem
2323 5020 2726 5078 Tillemontius.
2769 5020 2915 5075 Nihil
2953 5039 3063 5092 pra:
3109 5036 3169 5076 se
3218 5021 3403 5076 ferunt
3439 5022 3530 5076 lia:
3581 5039 3722 5078 cono

2126 5115 2354 5184 jecturze
2382 5115 2523 5184 quod
2561 5125 2843 5185 repugnet,
2861 5114 2997 5169 nihil
3020 5102 3162 5184 quod
3199 5129 3305 5168 non
3336 5123 3461 5183 apte
3481 5122 3543 5168 et
3566 5131 3725 5170 eom-

2135 5209 2292 5263 mode
2346 5208 2643 5277 cogitatum
2692 5208 2986 5273 videatur;
3038 5207 3137 5261 sed
3196 5216 3378 5259 tamen
3424 5220 3538 5260 non
3595 5209 3725 5261 sine

2134 5302 2317 5370 aliquo
2350 5301 2563 5355 delectu
2587 5301 2938 5370 adoptandze.

2204 5394 2260 5447 i'
2296 5392 2475 5448 Minus
2524 5401 2778 5448 accurate
2822 5392 3212 5448 Tillemontius
3259 5393 3633 5464 Campaniam
3669 5406 3726 5450 et

2138 5485 2431 5556 Egyptum
2482 5500 2511 5539 a
2554 5486 2770 5541 Justino
2818 5485 3099 5556 Evangelii
3155 5486 3490 5555 praedicandi
3546 5505 3725 5543 causa

2138 5590 2458 5649 peragratas
2504 5577 2671 5633 fuisse
2721 5588 2896 5646 putat.
2929 5578 3117 5647 Neque
3151 5580 3298 5633 enim
3348 5580 3724 5649 improbabile

2137 5681 2218 5727 est
2256 5687 2378 5726 eum
2426 5671 2477 5724 in
2524 5670 2636 5739 ipsa
2692 5667 2924 5739 Egypto
2971 5668 3340 5725 Christianam
3392 5670 3721 5738 religionem
