3792 6498
94 384 175 440 its
1043 378 1107 436 ι).
1148 380 1413 437 MARANI
1450 371 1847 443 PB’EFATIO.
1880 417 1951 428 —
1986 384 2165 441 PARS
2208 382 2298 441 tit.

3206 388 3310 445 H6

94 506 363 576 amplexum
408 518 547 571 esse,
598 518 662 558 ac
712 504 899 561 Omnis
948 505 999 559 in
1045 506 1345 576 Campania
1397 507 1625 564 minime
1656 518 1696 574 Α
1734 510 1886 563 illmn
1922 509 2140 565 fuissea
2178 524 2288 577 quo
2312 505 2581 576 proﬂigati
2609 506 2802 569 Judaei.
2835 506 2917 561 vel
2949 523 3072 563 cum
3105 507 3309 565 Grabio

91 608 465 659 cutntnoratnm,
495 596 585 648 sed
616 596 953 651 diversatum
977 614 1100 650 curn
1121 596 1348 651 Romam
1382 606 1617 665 peteret;

93 698 164 739 ant
195 688 233 740 si
264 686 354 739 has
388 686 635 756 regiones
662 688 989 757 peragravit,
1024 688 1075 741 id
1110 687 1356 756 profecto
1394 692 1622 757 contigit

94 790 195 833 ante
226 779 356 832 illius
410 780 631 832 Romam
681 780 1000 842 adventum,
1057 790 1182 833 ante
1234 779 1496 850 scriptam
1552 782 1620 834 ad

94 871 267 925 Graecos
297 870 737 936 Cahcrtutioncm,
775 887 839 927 ac
860 872 1083 939 proinde
1104 888 1227 925 cum
1259 888 1447 927 recens
1477 882 1621 927 esset

93 964 710 1025 aconversiouc,necdum
732 965 1079 1032 evangelich
1108 966 1318 1019 muneri
1350 976 1617 1021 maturus.

146 1057 194 1110 Ξ·
218 1055 314 1111 Nec
347 1056 475 1110 illud
521 1058 687 1110 statui
728 1066 905 1125 potest
942 1067 1123 1111 utrum
1158 1056 1412 1112 Justinus
1444 1060 1618 1113 Roma

95 1151 332 1206 discedens
372 1150 551 1202 varias
582 1150 835 1215 regiones
865 1150 1266 1217 peragraverit,
1305 1166 1373 1203 an
1409 1161 1617 1206 certum

96 1242 235 1295 locum
266 1240 630 1293 commorandi
672 1254 835 1293 causa
860 1239 1095 1308 petierit.
1131 1237 1245 1292 Hoc
1272 1249 1479 1293 tantum
1514 1240 1621 1293 sci-

95 1350 203 1396 mus,
234 1333 354 1388 nihil
388 1334 643 1403 amplius,
673 1348 816 1397 eum,
851 1340 1138 1403 postquam
1190 1333 1362 1388 Roma
1410 1334 1619 1388 disces-

97 1429 167 1490 sit,
202 1426 375 1493 Ephesi
417 1441 513 1495 per
548 1426 683 1480 duos
733 1425 849 1479 dies
894 1440 1017 1478 cum
1074 1423 1370 1495 Tryphone
1404 1436 1459 1480 et
1497 1427 1617 1481 aliis

94 1516 254 1573 Iudaeis
296 1518 637 1573 disseruisse.
664 1515 839 1588 Hujus
884 1526 1065 1572 autem
1095 1516 1308 1587 Dialogi
1354 1518 1470 1573 hac
1519 1519 1619 1573 fuit

96 1612 303 1666 occasio.

145 1703 193 1759 ll.
229 1703 404 1759 Paucis
435 1704 631 1759 diebus
657 1713 785 1759 ante
811 1718 971 1774 quam
1006 1701 1257 1757 Justinus
1281 1704 1605 1769 discederet,

96 1796 339 1851 ambulanti
387 1812 546 1851 mane
578 1796 631 1851 in
680 1796 835 1867 XySIi
872 1797 1065 1866 spatiis
1098 1798 1346 1853 occurrit
1390 1796 1611 1852 Judazus

1727 599 1965 654 Marcum
1998 600 2549 669 Jerosolymitanum,
2578 600 2695 653 otio
2719 600 2867 653 abuti
2891 610 3060 656 esset.

1792 692 1880 745 lll.
1925 692 2189 746 Sincerus
2219 689 2420 745 Jnstini
2467 691 2688 745 animus
2738 706 2803 744 ac
2830 691 3083 747 veritatis
3118 706 3309 749 amans

1724 784 1775 836 in
1811 786 2069 839 omnilms
2124 783 2389 853 operibus
2434 783 2781 853 depingitur;
2812 785 2904 839 sed
2951 785 3066 853 ipse
3115 785 3218 840 sibi
3254 785 3305 839 in

1724 877 1830 932 hoc
1865 877 2093 947 Dialogo
2148 877 2537 933 necessitatem
2571 877 2828 947 imposuit
2866 891 3123 932 accurate
3164 879 3309 934 refe-

1723 971 1877 1024 rendi
1928 970 2195 1040 quidquid
2226 986 2347 1025 cum
2402 968 2611 1024 Judaeis
2658 970 3015 1027 disseruerat.
3051 971 3127 1025 Ne
3178 972 3307 1039 quid

1720 1061 1864 1115 enim
1898 1062 2228 1131 suspicionis
2282 1063 2335 1115 in
2393 1059 2708 1116 Judaeorum
2762 1065 2961 1119 animis
3016 1066 3305 1132 resideret,

1723 1152 2053 1221 promiserat
2080 1155 2179 1215 eis,
2208 1169 2267 1207 ιι.
2292 1152 2381 1218 80,
2422 1167 2479 1207 se
2515 1152 2717 1207 litteris
2749 1156 3139 1209 mandaturum
3166 1156 3307 1210 hanc

1728 1242 2186 1311 disputationem,
2228 1260 2329 1299 acc
2357 1259 2510 1299 suam
2554 1244 3027 1300 dissimulatnrum
3056 1248 3122 1301 de
3146 1246 3305 1301 Jcro-

1722 1337 2056 1408 solymorum
2088 1338 2439 1392 restitutione
2477 1339 2835 1404 sententiam,
2889 1354 3053 1409 quam
3115 1340 3308 1396 multis

1722 1429 1903 1483 minus
1939 1429 2153 1498 placere
2202 1428 2500 1483 fatebatur.
2545 1429 2843 1485 Promissis
2897 1433 3068 1497 stetit,
3108 1444 3161 1486 et
3192 1431 3308 1488 Βο-

1721 1535 1887 1582 tnam,
1935 1528 1993 1572 ut
2020 1517 2318 1573 verisimile
2341 1528 2448 1585 est,
2476 1534 2732 1573 reversus
2764 1519 2861 1589 (ibi
2889 1519 3034 1573 enim
3080 1520 3308 1573 duinici-

1722 1610 1852 1666 lium
1878 1610 2140 1681 habebat)
2168 1611 2274 1665 hoc
2304 1625 2442 1681 opus
2457 1612 2785 1680 composuit,
2819 1622 2999 1665 utrum
3032 1612 3307 1666 Antonino

1726 1723 1795 1761 an
1850 1705 2038 1760 Marco
2086 1704 2389 1773 imperante
2436 1704 2583 1758 haud
2628 1704 2883 1773 equidem
2941 1704 3195 1757 dixerim.
3238 1705 3308 1758 At

1727 1799 1829 1853 sub
1858 1798 2135 1851 Antonino
2172 1796 2454 1865 Dialogunt
2501 1798 2751 1851 habitum
2818 1796 2988 1851 fuisse
3033 1796 3309 1866 colligitur

97 1891 308 1957 quidam,
365 1888 583 1960 Trypho
652 1890 894 1955 nomine,
950 1906 1075 1945 cum
1126 1890 1252 1945 aliis
1296 1906 1362 1947 ex
1421 1892 1610 1946 cadent

1824 1891 1908 1944 his
1933 1891 2114 1944 verbis
2138 1890 2181 1921 ³⁸
2217 1908 2230 1943 :
2266 1890 2340 1943 Οὐ
2376 1890 2484 1962 γὰρ
2520 1890 2774 1956 ἐξουσίαν
2806 1889 2957 1960 ἔχετε
2993 1890 3308 1962 αὐτόχειρες

98 1993 236 2050 gente,
257 1997 408 2047 seque
449 1981 808 2051 phil050phiae
834 1983 1137 2039 studiosum
1169 2000 1289 2039 esse
1314 1986 1610 2055 significat,

98 2074 330 2129 ctidcirco
379 2090 498 2129 cum
553 2090 621 2129 co
680 2076 1027 2145 colloquendi
1084 2078 1367 2147 cupidum.
1406 2078 1613 2144 Quaerit

98 2164 285 2219 lustinus
312 2182 488 2219 antron
533 2167 711 2222 multo
750 2168 871 2237 plus
920 2168 970 2221 ei
1002 2167 1179 2224 Moses
1219 2180 1273 2222 et
1308 2172 1609 2239 prophetae,

97 2274 219 2324 quam
238 2258 529 2328 philosophi
564 2260 925 2329 prodessent;
953 2264 1096 2317 etab
1126 2278 1191 2319 eo
1227 2275 1448 2331 rogatus
1480 2265 1611 2334 quid

98 2354 144 2405 de
165 2354 252 2407 Deo
278 2354 490 2415 sentiat,
533 2370 701 2423 quam
740 2355 1138 2425 philosOphiam
1190 2368 1455 2421 sectetur,
1492 2375 1615 2413 nar-

98 2454 158 2495 rat
190 2445 255 2498 eis
296 2446 564 2514 quomodo
598 2446 957 2516 philosophia:
992 2447 1288 2504 Platoniczc
1339 2450 1556 2505 deditus
1582 2465 1612 2503 a

96 2533 277 2598 quodam
316 2549 465 2600 sene,
508 2536 563 2588 in
602 2550 765 2603 quem
815 2536 958 2591 forte
994 2537 1282 2603 inciderat,
1319 2540 1609 2595 veritatem

98 2639 177 2677 non
205 2640 229 2677 a
258 2625 608 2697 philoSOphis,
640 2631 734 2685 sed
771 2647 800 2683 a
837 2632 1123 2700 prophetis
1170 2635 1237 2687 de
1267 2633 1490 2689 Christo
1520 2634 1611 2689 Dei

97 2714 200 2770 Filio
230 2718 640 2787 praadieentibus
698 2722 990 2791 petendam
1051 2724 1354 2781 didicisset.
1415 2724 1615 2781 Rident

98 2808 194 2861 socii
213 2807 528 2880 Tryphouis;
552 2813 702 2869 dolet
728 2813 949 2884 Trypho
987 2824 1192 2871 sortem
1224 2814 1446 2884 Justini,
1470 2819 1613 2886 quod

97 2899 376 2971 pbiiosophis
424 2904 637 2960 relictis
695 2920 848 2975 spem
915 2906 969 2961 in
1021 2908 1241 2963 homine
1284 2910 1614 2975 constituat,

100 2990 297 3047 inanibus
333 2997 661 3051 commentis
720 2998 1003 3066 deceptus.
1069 3000 1312 3068 Spondet
1369 2999 1615 3055 Justinus

100 3084 533 3142 demonstraturum
578 3102 657 3154 se,
703 3088 747 3143 si
794 3092 988 3144 audire
1022 3092 1216 3158 velint,
1254 3107 1361 3146 non
1404 3092 1616 3150 fabulis

1717 1982 1969 2053 γενέσθαι
2006 1982 2163 2053 ἡμῶν
2196 1983 2285 2036 διὰ
2320 1984 2447 2048 τοὺς
2481 1983 2576 2039 νῦν
2611 1984 3044 2053 ἐπικρατοῦντας
3068 2000 3080 2012 ·
3119 1984 3308 2048 ὁσάκις

1713 2073 1756 2127 δ’
1795 2073 1859 2127 ἂν
1894 2073 2206 2145 ἐδυνήθητε,
2243 2074 2336 2127 καὶ
2368 2074 2528 2127 τοῦτο
2560 2073 2854 2145 ἐπράξατε.
2899 2095 2916 2125 ί
2945 2074 3133 2144 Neque
3162 2076 3307 2130 enim

1714 2180 1778 2220 ea
1834 2165 1987 2219 vobis
2030 2174 2113 2220 est.
2166 2175 2430 2234 potestas,
2470 2176 2527 2219 ut
2574 2182 2767 2219 manus
2818 2166 2975 2219 nobis
3032 2165 3308 2231 inferatis,

1715 2269 1938 2329 propter
1958 2273 2054 2313 eos
2083 2259 2175 2329 qui
2204 2273 2345 2313 nunc
2376 2272 2559 2313 rerum
2606 2259 2927 2325 potiuntur;
2961 2258 3177 2324 quoties
3215 2272 3311 2310 au-

1715 2358 1823 2405 tem
1876 2348 2072 2416 adfuit,
2129 2364 2244 2405 rem
2294 2348 2637 2403 confecistis.
2667 2368 2685 2400 ›
2724 2348 2859 2402 Tum
2905 2362 3035 2418 ergo
3089 2347 3310 2401 favebat

1716 2443 2045 2498 Christianis
2076 2445 2395 2512 imperator,
2420 2442 2643 2511 ejnSquc
2672 2444 2981 2511 patrocinio
3023 2441 3121 2496 tuti
3149 2450 3309 2495 erant

1718 2536 1786 2590 ab
1816 2535 2166 2590 inimicorum
2220 2536 2451 2589 insidiis.
2490 2535 2547 2589 Si
2578 2550 2685 2605 qua
2708 2536 2853 2589 enim
2886 2535 3152 2588 saeviisset
3182 2549 3308 2604 per-

1716 2628 1952 2690 secutio,
1985 2644 2089 2682 non
2118 2627 2379 2683 defuisset
2404 2624 2607 2681 Judaeis
2636 2627 2871 2682 facultas
2918 2627 3029 2681 odii
3080 2626 3165 2681 sui
3212 2642 3308 2679 cx-

1718 2720 1926 2791 plendi,
1960 2720 2009 2774 si
2046 2720 2227 2773 minus
2255 2736 2353 2790 per
2398 2734 2457 2773 se
2478 2718 2779 2773 occidendo
2812 2718 3176 2778 Christianos.
3202 2718 3309 2771 sal-

1719 2825 1827 2869 tem
1882 2829 1941 2869 se
1984 2813 2250 2877 ethnicis,
2294 2822 2354 2866 ut
2383 2826 2526 2880 scepe
2564 2810 2838 2873 fecerunt,
2875 2810 3223 2880 adjnugendo
3250 2821 3307 2865 et

1716 2921 1914 2961 eorum
1960 2905 2203 2959 furorem
2265 2904 2317 2957 in
2365 2903 2712 2958 Christianos
2748 2902 3053 2956 incitando.
3088 2900 3148 2955 Si
3183 2917 3303 2954 eam

1716 2996 1925 3053 Judaais
1951 3007 2197 3066 ereptam
2230 3004 2557 3065 potestatem
2590 2994 2797 3049 diceret
2825 2993 3102 3057 Justinus,
3136 3007 3303 3060 (utam

1721 3101 1851 3144 tunc
1884 3091 2147 3152 habuere,
2181 3104 2302 3142 cum
2359 3104 2447 3143 res
2494 3103 2623 3142 suas
2674 3087 2841 3140 armis
2867 3096 2920 3139 et
2965 3085 3160 3139 castris
3189 3096 3309 3139 tue-

99 3171 507 3243 Cltristianos,sed
538 3180 874 3236 certissimis
915 3185 1256 3253 argumentis
1287 3185 1609 3241 credidisse.
1641 3210 1684 3267 ο
1721 3194 1943 3249 rentur,
1970 3198 2089 3235 eam
2118 3197 2222 3234 non
2248 3181 2318 3235 ab
2354 3180 2441 3244 iis,
2466 3180 2555 3247 qui
2582 3187 2710 3232 tunc
2736 3193 2916 3232 rerum
2936 3178 3305 3248 potiebantur.

100 3264 250 3321 lterum
281 3271 404 3325 socii
439 3270 759 3343 Tryphonis
790 3274 967 3331 rident
987 3285 1041 3329 et
1061 3276 1317 3333 indecore
1348 3277 1610 3347 clamant;

100 3360 321 3419 discedi-re
362 3368 558 3435 quaerit
601 3366 876 3433 Justinus;
933 3370 1200 3424 retinetur
1232 3386 1262 3424 a
1288 3370 1610 3442 Tryphone.

100 3454 369 3527 sedcalege
418 3464 476 3511 ut
526 3460 670 3513 socii
701 3469 793 3515 aut
826 3461 1048 3526 abeant,
1100 3471 1197 3517 aut
1253 3462 1476 3517 silentio
1517 3480 1617 3516 an-

101 3544 227 3601 diant.
254 3546 374 3604 Tum
410 3550 667 3606 Justinus
702 3562 759 3607 et
808 3554 1025 3627 Trypho
1076 3554 1129 3609 in
1179 3556 1417 3610 medium
1456 3556 1612 3626 Xysti

101 3638 278 3695 stadium
305 3642 542 3708 veniunt,
593 3644 779 3713 ibique
841 3645 893 3697 in
953 3644 1219 3699 sedilibus
1268 3645 1500 3715 lapideis
1548 3663 1612 3702 ex

102 3738 279 3798 utraque
306 3745 449 3801 parte
475 3736 675 3805 positis
717 3735 1035 3800 consident,
1066 3751 1189 3789 cum
1214 3736 1320 3793 duo
1352 3752 1419 3791 ex
1451 3739 1616 3793 sociis

102 3814 343 3890 Tryphonis
376 3825 664 3883 abiissent.
698 3826 823 3881 lianc
854 3828 1104 3897 proludia
1151 3828 1308 3883 fuere
1354 3828 1613 3901 longioris

103 3911 431 3983 disputationis,
458 3933 583 3988 qua:
637 3918 939 3973 decedente
984 3917 1072 3974 die
1119 3919 1487 3988 interpellata,
1517 3936 1616 3991 po—

104 4004 242 4060 stridie
270 4010 515 4066 redeunte
544 4011 843 4081 Tryphone
874 4027 1000 4067 cum
1030 4013 1196 4067 sociis
1222 4026 1276 4068 et
1320 4013 1443 4069 aliis
1478 4031 1616 4068 non-

104 4094 240 4158 nullis,
263 4102 341 4167 qui
365 4101 538 4171 pridie
566 4117 673 4155 non
706 4101 1020 4169 adfuerant,
1043 4104 1199 4171 hora,
1232 4116 1285 4161 ut
1318 4106 1614 4161 verisimile

104 4194 177 4247 est,
200 4195 461 4261 composita
496 4195 733 4264 repetita
766 4204 869 4249 est.

154 4276 397 4350 Postquam
427 4302 489 4341 ea
531 4302 629 4356 per
654 4287 876 4349 biduum
906 4287 1183 4359 disputata
1209 4298 1360 4356 sunt,
1379 4306 1614 4361 quorum

107 4371 250 4429 Ieriem
274 4377 321 4431 in
351 4379 571 4447 praefixa
603 4380 756 4449 Operi
794 4380 1003 4451 analysi
1040 4384 1343 4448 texuimns;
1369 4382 1614 4439 Justinus

106 4473 143 4515 et
166 4466 341 4538 Trypho
383 4488 485 4527 non
523 4474 645 4528 sine
696 4475 976 4544 perpolitis
1030 4476 1287 4530 amicitia:
1334 4476 1615 4545 significa-

1720 3275 1813 3328 sed
1842 3274 1909 3328 ab
1945 3272 2189 3327 Adriano
2227 3286 2531 3339 repressam
2560 3270 2747 3327 dicere
2798 3270 3094 3332 debuisset,
3130 3284 3159 3323 a
3198 3284 3307 3338 quo

1720 3365 1938 3436 penitus
1970 3362 2242 3433 profligati
2276 3372 2333 3415 et
2365 3362 2622 3415 omnibus
2657 3363 2823 3415 rebus
2876 3359 3094 3430 spoliati
3152 3369 3302 3416 sunt.

1719 3458 1832 3514 Etsi
1873 3455 2046 3511 Judaei
2107 3458 2208 3510 sub
2256 3452 2653 3507 Barchochcba
2708 3453 2845 3507 duce
2897 3452 3198 3507 crudeliter
3252 3453 3303 3506 in

1719 3551 2064 3607 Christianos
2119 3548 2511 3610 smvierint,ut
2566 3554 2798 3600 testatur
2828 3544 3100 3609 Justinus,
3148 3546 3305 3614 Apol.

1720 3642 1773 3707 1,
1807 3658 1863 3697 n.
1913 3641 2007 3707 3|,
2059 3642 2173 3695 han
2226 3639 2537 3710 persecutio
2593 3638 2848 3692 diuturna
2911 3655 3016 3692 non
3069 3637 3171 3691 fuit
3208 3649 3306 3690 :at

1719 3734 1891 3791 Judaei
1929 3734 2277 3793 Christianos
2326 3750 2526 3790 vexare
2570 3751 2676 3789 non
2734 3734 3035 3801 desierunt,
3090 3736 3307 3805 quoties

1719 3828 2164 3898 persecutionem
2196 3829 2403 3884 ethnici
2454 3839 2764 3885 moverunt.
2796 3827 2921 3881 Dies
2946 3826 3118 3881 festos
3150 3825 3307 3881 Chri-

1719 3918 2023 3973 stianorum
2066 3919 2453 3981 observabant,
2498 3928 2553 3972 et
2595 3932 2719 3972 cum
2774 3917 3016 3971 ethnicis
3046 3915 3098 3969 in
3124 3914 3305 3970 eccle-

1718 4009 1859 4063 siam
1891 4010 2200 4075 irruebant,
2250 4016 2389 4062 teste
2421 4008 2481 4062 S.
2511 4005 2807 4077 llippolyto
2825 4004 2975 4071 “,ac
3010 4000 3303 4057 nonnullos

1719 4100 2092 4169 apprehensus
2122 4100 2191 4153 ad
2220 4099 2519 4152 tribunalia
2570 4098 2882 4152 trahebant.
2910 4095 3044 4150 llinc
3076 4094 3129 4147 in
3161 4092 3318 4145 Actis-

1722 4204 2017 4262 martyrum
2050 4192 2221 4246 multo
2256 4192 2639 4245 vehementius
2693 4189 2954 4252 clamant,
2986 4202 3148 4256 quam
3201 4183 3304 4252 ipsi

1723 4285 1975 4356 gentiles.
2000 4283 2123 4339 Vid.
2172 4285 2289 4338 Act.
2317 4282 2375 4338 S.
2405 4282 2712 4353 Polycarpi,
2746 4297 2800 4336 n.
2838 4279 2927 4345 l2,
2978 4288 3033 4332 et
3081 4277 3141 4331 S.
3170 4274 3304 4328 Plii-

1721 4378 1847 4447 lippi
1876 4377 2030 4439 Ηεν..
2060 4393 2115 4434 n.
2146 4376 2200 4429 6.
2234 4378 2348 4445 Ipse
2379 4374 2629 4429 Justinus
2678 4374 2729 4427 in
2768 4372 2876 4426 alio
2921 4370 3134 4438 Dialogi
3185 4368 3306 4421 loro

1721 4458 2508 4539 conjunctionemJudmorum
2569 4478 2692 4519 cum
2746 4460 2987 4517 ethnicis
3040 4461 3304 4514 adversus

110 4557 287 4616 tionibus
306 4566 691 4623 discesserunt.
729 4567 981 4623 Declarat
1008 4568 1227 4639 Trypho
1262 4584 1321 4623 se
1349 4570 1450 4623 hoc
1482 4586 1613 4625 con-
1647 4558 1697 4617 D
1725 4560 2072 4617 Christianos
2117 4559 2197 4613 sic
2252 4554 2625 4612 describit":
2661 4572 2679 4605 ι
2704 4552 2977 4620 Quantum
3024 4552 3077 4607 in
3148 4552 3307 4606 vobis

109 4662 243 4713 fressu
275 4657 519 4724 majorem
575 4658 629 4713 in
680 4660 898 4715 modum
944 4660 1271 4715 delectatum
1303 4676 1462 4728 esse;
1513 4676 1613 4717 nec

110 4742 296 4803 dubitare
322 4752 443 4819 quin
483 4753 675 4807 eodem
725 4753 1121 4808 animo-affecti
1149 4754 1262 4809 sint
1290 4754 1446 4809 socii.
1484 4753 1615 4809 Plus

109 4838 210 4892 enim
237 4841 485 4905 invenisse
531 4864 593 4903 se
646 4863 808 4920 quam
846 4850 1269 4918 exspectabant,
1310 4857 1406 4903 aut
1450 4864 1614 4917 quam

112 4941 348 5000 exspectari
391 4956 631 5011 unquam
680 4940 872 5011 possit.
908 4941 1245 4997 Desiderium
1278 4941 1475 5010 sepius
1504 4940 1618 4993 eol-

112 5018 300 5088 lmtuendi
316 5030 613 5099 signiﬁcat;
640 5046 955 5102 prosperam
980 5031 1378 5100 navigationem
1401 5028 1616 5085 Justiuo

112 5125 302 5179 precatur
329 5141 340 5174 :
369 5121 616 5180 Justinus
645 5125 777 5179 nihil
801 5126 974 5195 majus
995 5141 1053 5180 se
1081 5126 1193 5180 illis
1216 5126 1427 5196 precari
1458 5139 1615 5195 posse

114 5208 178 5270 ait.
200 5228 331 5279 quam
362 5228 411 5272 ut
444 5219 588 5273 idem
619 5234 684 5274 ac
710 5217 1011 5274 Christiani
1046 5219 1351 5274 sentientes
1377 5218 1428 5271 in
1458 5217 1615 5274 Chii-

116 5307 211 5354 stum
231 5310 452 5365 credant.

159 5394 270 5465 (lpus
299 5404 561 5459 dedicavit
589 5404 838 5460 Justinus
875 5404 1061 5459 Marco
1112 5403 1397 5473 Pompeio,
1452 5417 1613 5470 Quem

118 5499 199 5542 ('llltt
228 5495 589 5553 amicissimum
632 5508 809 5565 vocet,
842 5514 897 5554 n.
931 5496 965 5551 8
1009 5506 1064 5551 et
1094 5496 1196 5550 sub
1232 5496 1422 5562 finem,
1461 5493 1618 5548 Chri-

119 5584 290 5643 stianum
318 5591 477 5648 fuisse
506 5603 561 5648 et
590 5593 845 5649 veritatis
874 5592 1143 5647 cultorem
1188 5605 1293 5644 non
1344 5589 1618 5642 immerito

121 5676 383 5746 el"dicimus.
420 5685 525 5741 Sed
547 5702 670 5742 eum
700 5702 825 5743 cum
850 5683 1036 5755 Lango
1066 5680 1337 5750 conjicere
1371 5680 1616 5735 Marcum

1722 4662 1888 4709 estet
1934 4652 2149 4707 cmteris
2182 4650 2438 4704 omnibus
2472 4648 2812 4712 hominibus,
2865 4664 2973 4700 non
3024 4645 3199 4699 solum
3235 4660 3304 4699 ex

1722 4746 1962 4817 propriis
1984 4744 2425 4816 possessionibus
2458 4741 2838 4811 unusquisque
2865 4738 3302 4794 Christianorum

1721 4837 1966 4906 pellitur,
2001 4837 2094 4890 sed
2126 4838 2291 4890 etiam
2325 4852 2393 4891 ex
2428 4846 2541 4892 toto
2572 4846 2849 4891 terrarum
2880 4833 3031 4897 orbe,
3064 4846 3165 4885 nec
3207 4829 3299 4883 ulli

1725 4928 2042 4984 Christiano
2075 4930 2244 4984 vitam
2294 4930 2523 4985 liberam
2560 4928 2948 4997 relinquitis.)
2984 4925 3136 4991 Quod
3166 4938 3301 4991 ergo

1723 5024 1954 5078 nocendi
1990 5032 2322 5093 potestatem
2361 5032 2606 5091 ereptam
2661 5019 2862 5075 Judteis
2906 5018 3038 5071 dicit
3071 5017 3137 5069 ab
3192 5015 3300 5079 his,

1721 5115 1813 5184 qni
1846 5124 1975 5168 tunc
2008 5129 2189 5167 rerum
2224 5113 2593 5182 potiebantur,
2628 5112 2681 5165 id
2716 5125 2819 5164 non
2856 5108 3096 5163 Marcum
3125 5108 3299 5159 Aure-

1721 5209 1875 5271 lium,
1910 5209 2003 5271 qui
2049 5222 2271 5277 semper
2302 5207 2543 5261 inimicis
2570 5206 3019 5260 Christianorum
3062 5201 3298 5260 deditus.

1720 5315 2005 5369 nunquam
2044 5300 2253 5353 amicus
2283 5296 2612 5352 Christianis
2661 5296 2786 5362 fuit,
2821 5296 2915 5351 sed
2964 5295 3304 5347 Antoninum

1721 5394 1999 5465 designat,
2035 5394 2190 5463 cujus
2239 5392 2565 5446 beneficium
2620 5392 2859 5444 nondum
2900 5390 3133 5450 videtur,
3178 5401 3301 5438 cum

1722 5488 1843 5542 haec
1890 5488 2191 5543 dissereret
2221 5485 2495 5551 Justinus,
2524 5483 2853 5540 Christianis
2899 5480 3168 5547 eripuisse
3203 5477 3305 5530 ἱιιιε

1721 5582 1853 5650 perii
1880 5582 2131 5635 mutatio.

1796 5671 1883 5727 ιν.
1928 5671 2146 5743 Trypho
2178 5670 2441 5729 Hebraeus
2492 5682 2613 5727 erat
2658 5678 2711 5721 et
2742 5666 3099 5721 circumcisus
3145 5672 3308 5733 atque

169 5842 199 5873 "
224 5846 276 5901 Ν.
299 5851 372 5906 t6.
446 5855 487 5886 δ’
561 5856 616 5911 ln
650 5855 959 5911 Susaonam
998 5854 1140 5925 apud
1174 5852 1466 5909 Combefts.
1502 5852 1614 5907 Auc

1801 5849 1886 5904 55.
1968 5850 2012 5880 '°
2048 5848 2107 5902 Νι
2146 5848 2269 5903 HO.
