3796 6514
472 401 577 456 “7

1367 384 1426 451 Si.
1464 393 1799 452 JUSTlNUS
1832 387 2318 449 PHILOSOPHUS
2349 386 2438 441 ET
2475 382 2788 441 MARTYR.

3624 381 3699 437 ΗΒ

473 537 541 578 οι
568 520 734 588 bello,
765 520 910 592 quod
940 519 1041 577 sub
1070 518 1315 575 Adriano
1361 528 1581 589 gestum
1624 518 1823 582 fuerat,
1867 515 2056 587 prolu-
2088 526 2131 583 Α
2162 521 2666 572 commemorasset,
2698 519 2848 559 num.
2879 500 2968 556 70.
3001 499 3108 555 Sed
3140 506 3322 592 tamen
3355 497 3496 554 inter
3534 500 3697 568 socios,

474 629 599 683 gus,
652 613 710 668 in
757 613 1027 669 Graeciam
1082 619 1329 666 venerat.
1362 611 1529 681 Argis
1576 612 1825 665 audierat
1858 608 2055 663 Corin-

478 706 633 759 thum
666 704 1034 769 Socraticum,
1063 719 1128 758 ac
1153 704 1208 759 in
1236 702 1449 758 Graecia
1482 712 1537 758 et
1581 701 1831 757 Corinthi
1870 716 1936 755 ex
1970 702 2059 754 illo

479 805 728 867 tempore
760 797 959 869 degere
1003 797 1234 852 solebat.
1268 796 1448 851 Minus
1495 796 1637 851 belle
1674 794 2061 850 Tillemontius

478 889 595 944 haec
619 889 931 961 Trypltonis
953 890 1140 954 verba,
1170 888 1356 960 φυγὼν
1386 888 1479 941 τὸν
1516 886 1611 940 νῦν
1642 886 1929 957 γενόμενον
1961 885 2059 940 πό-

477 980 664 1053 λεμον,
694 982 761 1037 de
781 980 929 1036 bello
958 982 1219 1049 quodam,
1250 981 1397 1051 quod
1438 978 1745 1033 Antoninus
1782 978 1912 1032 Pius
1937 993 2060 1031 cum

477 1072 680 1129 Iudaeis
720 1074 933 1139 habuit,
971 1075 1369 1142 interpretatus
1404 1081 1509 1126 est.
1545 1070 1615 1127 Ut
1647 1070 1896 1124 omittam
1929 1068 2061 1123 illud

483 1166 684 1222 bellum
735 1169 1031 1222 obscuram
1086 1177 1142 1222 et
1186 1166 1359 1220 levem
1416 1165 1586 1220 fuisse
1630 1165 2061 1230 expeditionem,

482 1275 585 1316 nec
616 1261 718 1316 sub
758 1261 877 1325 Pio,
933 1259 1026 1314 sed
1076 1260 1177 1314 sub
1219 1259 1463 1315 Adriano
1507 1259 1725 1313 Judzeos
1780 1259 1833 1311 in
1881 1258 2064 1312 varias

482 1360 667 1419 partes
706 1351 989 1421 dispersos
1042 1351 1245 1414 fuisse;
1287 1350 1563 1419 signiﬁcat
1609 1346 1832 1419 Trypho
1884 1346 1953 1400 ab
2000 1361 2064 1401 eo

480 1440 645 1507 bello,
685 1456 752 1494 ex
801 1457 908 1509 quo
958 1442 1223 1513 profugus
1278 1450 1420 1506 erat,
1470 1442 1689 1511 longum
1738 1452 1951 1510 tempus
1987 1441 2066 1496 ef-

480 1530 722 1586 ﬁnxisse.
761 1533 838 1586 Ex
870 1548 980 1602 quo
1000 1534 1143 1586 enim
1179 1531 1411 1601 patriam
1442 1531 1674 1601 fugerat,
1710 1532 2067 1601 pltiIOSOphize

481 1641 706 1695 operam
740 1628 989 1691 dederat,
1013 1637 1069 1683 et
1106 1628 1158 1681 in
1197 1628 1406 1683 Graecia
1441 1642 1505 1681 ac
1530 1627 1777 1683 Corinthi
1816 1638 1873 1680 ut
1900 1626 2069 1696 pluri-

483 1735 630 1774 mum
655 1721 930 1791 degebat:
975 1723 1118 1790 quod
1157 1731 1478 1792 argumento
1506 1733 1587 1775 est
1619 1737 1740 1775 cum
1774 1737 1881 1774 non
1922 1736 2066 1773 sem-

483 1828 581 1883 per
610 1815 662 1869 in
709 1816 813 1871 hac
852 1816 985 1870 urbe
1022 1825 1446 1869 commoratum.
1506 1814 1623 1869 Non
1665 1823 1893 1883 possunt
1936 1828 2068 1880 ergo

484 1906 601 1962 haec
625 1904 815 1971 verba,
847 1905 941 1959 τὸν
979 1906 1074 1959 νῦν
1096 1906 1386 1975 γενόμενον
1411 1906 1666 1977 πόλεμον,
1686 1907 1751 1958 de
1770 1905 1911 1959 bello
1942 1914 2071 1959 tunc

487 1999 751 2068 temporis
797 1999 1065 2066 ﬂagrante
1115 1999 1366 2068 intelligi.
1417 1997 1536 2054 Jatn
1596 1998 1883 2052 observavi
1939 1997 2070 2052 illud

482 2088 581 2143 νῦν
610 2089 677 2144 de
702 2090 865 2145 rebus
894 2097 1021 2143 ante
1062 2088 1261 2143 multos
1294 2104 1469 2143 annos
1511 2088 1753 2159 peractis
1790 2087 2068 2157 usurpari,

484 2197 587 2237 nec
610 2183 807 2238 mirum
838 2182 1011 2241 videri
1036 2181 1197 2237 debet
1221 2182 1265 2236 si
1293 2198 1321 2235 a
1360 2170 1660 2253 Tryphone'
1677 2181 1743 2239 de
1772 2181 1915 2237 bello
1943 2190 2072 2235 ante

485 2290 658 2335 annos
684 2276 829 2335 forte
854 2279 1045 2348 viginti
1076 2281 1329 2335 confecto
1363 2289 1679 2351 usurpetur.

532 2371 905 2447 .Tryphonetu
980 2374 1251 2429 Eusebius
1308 2375 1551 2428 omnium
1613 2385 1741 2439 tunc
1810 2372 2072 2442 temporis

485 2462 843 2519 llebrznorunt
872 2465 1291 2521 celeberrimum
1323 2467 1493 2522 fuisse
1524 2475 1779 2521 testatur.
1809 2466 1901 2521 Sic
1926 2465 2070 2519 enim

486 2557 553 2612 tle
583 2541 784 2612 Justini
841 2557 1063 2626 Dialoqo
1109 2558 1354 2627 loquitur
1393 2558 1486 2612 lib.
1537 2574 1589 2612 IV
1638 2551 1810 2621 Μαίη
1864 2573 1914 2611 c.
1958 2558 2069 2611 ts:

486 2648 596 2701 Καὶ
612 2647 858 2717 διάλογον
881 2647 938 2701 δὲ
964 2648 1100 2719 πρὸς
1136 2649 1423 2713 Ἰουδαίους
1452 2649 1761 2714 συνέταξεν,
1778 2649 1835 2702 ὃν
1864 2649 1956 2701 ἐπὶ
1976 2648 2075 2717 τῆς

484 2740 714 2810 Ἐφέσου
790 2739 998 2805 πόλεως
1024 2742 1160 2813 πρὸς
1191 2742 1463 2814 Τρύφωνα
1511 2744 1618 2796 τῶν
1644 2744 1765 2797 τότε
1802 2742 2071 2814 Ἐϐραίων

486 2833 892 2907 ἐπισημότατον
930 2836 1251 2906 πεποίηται.
1304 2855 1321 2889 ‹
1363 2836 1681 2904 Composuit
1721 2836 1886 2889 etiam
1940 2836 2074 2889 Dia-

485 2920 671 2996 logum'
699 2927 966 2983 adversus
996 2926 1241 2994 Judreos,
1287 2944 1450 2997 quem
1493 2930 1632 2998 apud
1673 2929 1948 2997 Ephesum
1980 2929 2077 2982 ha-

487 3017 604 3087 buit
633 3034 756 3073 cum
796 3018 1092 3091 Tryphone
1138 3020 1493 3076 Hebraeorum
1529 3034 1662 3078 tunc
1694 3024 1958 3092 temporis
1988 3038 2078 3078 ce-

487 3111 805 3179 leberrimo.
840 3132 858 3164 ι
884 3100 1005 3169 Ἠίε
1043 3114 1265 3168 Eusebii
1307 3115 1491 3168 verbis
1527 3114 1839 3169 conﬁrmari
1882 3114 2076 3169 existi.

491 3213 605 3258 mat
634 3203 872 3277 Grabius
903 3206 1276 3276 canjectnram
1304 3205 1491 3270 Cavei,
1517 3208 1607 3275 qui
1646 3206 1792 3260 hunc
1826 3207 2072 3278 Trypho-

2183 3204 2237 3249 et
2266 3194 2357 3259 65,
2384 3194 2484 3246 hoc
2530 3199 2740 3242 tantum
2778 3185 2916 3256 petit
2950 3200 2978 3238 a
3014 3180 3255 3246 Iustino,
3282 3190 3345 3232 ttt
3379 3178 3520 3231 hunc

489 3315 612 3353 nem
638 3300 892 3363 eumtletn
924 3314 1048 3355 esse
1081 3306 1237 3369 putat
1276 3315 1341 3354 ac
1383 3284 1547 3355 rabbi
1577 3298 1926 3369 Tarphonetn
1959 3315 2076 3352 ma-

490 3392 580 3463 gni
610 3394 750 3462 apud
786 3392 1005 3449 JUdiBOS
1056 3394 1321 3459 nominis,
1370 3402 1425 3446 et
1478 3392 1640 3461 vulgo
1692 3398 1886 3455 '1va
1978 3395 2074 3472 in:

490 3488 816 3557 sacerdotem
850 3486 1061 3550 divitem
1089 3486 1442 3555 appellatum.
1475 3484 1582 3539 Sed
1607 3485 1650 3538 si
1681 3483 1903 3554 Trypho
1934 3484 2077 3537 inter

492 3577 756 3633 rabbinos
816 3589 1138 3633 numeratus
1184 3578 1306 3651 fuit,
1355 3577 1419 3630 ad
1463 3578 1610 3631 hunc
1652 3577 1915 3631 honorem
1966 3589 2076 3629 non

490 3673 738 3741 pervenit
797 3672 899 3727 nisi
958 3681 1085 3744 post
1140 3674 1285 3726 hunc
1342 3686 1467 3724 cum
1511 3668 1730 3724 Justino
1772 3667 2075 3737 Dialogum.

492 3751 630 3820 Nam
683 3766 841 3833 initio
884 3748 1166 3834 colloquii,
1219 3780 1345 3820 cum
1382 3763 1613 3819 dixisset
1657 3761 1877 3830 Trypho
1904 3760 2080 3825 Chri-

493 3866 665 3923 stum,
713 3857 759 3911 si
803 3857 914 3927 jam
951 3866 1113 3912 natus
1144 3866 1230 3911 est
1260 3864 1315 3911 et
1357 3855 1556 3910 alicubi
1588 3862 1791 3917 exstat,
1828 3853 2078 3921 ignotum

495 3964 724 4035 prorsus
754 3964 877 4005 esse
901 3938 967 4004 ac
991 3965 1058 4005 ne
1096 3949 1199 4005 sibi
1231 3947 1448 4018 quidem
1497 3947 1598 4023 ipsi
1631 3945 1934 4015 cognitum,
1987 3953 2081 3999 aut

496 4041 609 4109 ulla
658 4050 932 4111 potestate
982 4040 1293 4111 prazditum,
1335 4038 1510 4091 donec
1557 4036 1743 4091 veniat
1787 4036 1958 4101 Elias,
1988 4036 2079 4104 qui

497 4132 649 4206 illum
679 4140 846 4203 ungat
885 4141 941 4187 et
968 4132 1218 4187 omnibus
1254 4127 1549 4194 ostendat;
1591 4126 1871 4197 signiﬁcat
1911 4127 2083 4181 Justi-

499 4242 606 4283 nus
634 4226 883 4293 misereri
914 4241 973 4297 se
1010 4225 1324 4296 Tryphonis
1371 4240 1401 4277 a
1437 4222 1683 4279 rabbinis
1712 4222 1977 4291 quidquid
2027 4222 2079 4275 in

501 4329 738 4381 mentem
765 4321 915 4375 venit
947 4319 1322 4374 eﬁ‘utientibus
1352 4317 1585 4387 decepti.
1625 4316 1681 4369 In
1718 4323 1830 4369 toto
1872 4313 2082 4383 Dialogi

500 4414 734 4469 decursu
771 4413 845 4469 ita
873 4429 998 4469 eum
1030 4411 1325 4484 Tryphone
1353 4419 1409 4465 et
1457 4408 1622 4465 sociis
1656 4407 1787 4477 agit,
1847 4415 1906 4460 ut
1958 4420 2081 4461 cum

500 4505 810 4574 hominibus
844 4505 1102 4561 rabbinos
1140 4506 1310 4567 duces
1351 4517 1504 4557 more
1544 4514 1814 4554 caecorum
1849 4512 2087 4568 sequen-

502 4596 681 4664 tibus;
722 4604 778 4650 et
805 4595 1091 4651 discedens
1132 4596 1201 4650 ab
1247 4598 1329 4652 eis
1378 4597 1652 4661 hortatur,
1691 4602 1749 4647 ut
1799 4591 2078 4646 Christum
2116 4601 2158 4655 ι)

502 4685 752 4741 rabbinis
808 4692 1165 4754 anteponant.
1215 4684 1334 4752 Ipse
1384 4684 1607 4755 Trypho
1665 4681 1909 4736 rabbinis
1951 4680 2084 4734 sub-

503 4778 734 4849 missum
766 4792 827 4831 se
863 4790 987 4832 esse
1012 4776 1287 4849 signiﬁcat
1320 4792 1444 4831 cum
1483 4777 1580 4842 ait,
1612 4794 1666 4829 n.
1706 4776 1776 4830 58
1806 4793 1819 4828 :
1871 4794 1889 4825 ‹
1942 4775 2088 4828 Prae-

503 4873 653 4928 clare
696 4871 1024 4933 faceremus,
1080 4870 1127 4923 si
1174 4869 1450 4940 magistris
1494 4867 1698 4922 nostris
1736 4881 1942 4921 morem
1989 4881 2085 4935 ge—

504 4975 711 5028 rentes,
736 4963 828 5033 qui
860 4974 1102 5017 vestrum
1130 4962 1389 5037 cuiquam
1434 4962 1626 5015 venire
1664 4960 1717 5014 in
1752 4958 2085 5029 colloquium

504 5057 626 5127 lege
648 5062 960 5115 vetuerunt.
996 5068 1065 5106 ne
1100 5052 1296 5111 horum
1340 5051 1558 5121 quidem
1594 5066 1912 5107 sermonum
1939 5065 2090 5104 com-

504 5150 823 5205 munionem
878 5156 1058 5202 tecum
1111 5147 1464 5201 baberemus.
1517 5165 1535 5199 »
1591 5144 1959 5215 lnterroganti
1996 5142 2092 5198 Ju-

507 5241 679 5307 stino,
714 5256 769 5307 n.
821 5238 912 5305 56,
958 5255 1027 5292 an
1074 5238 1331 5306 cuiquam
1370 5236 1875 5292 existimarentDei
1904 5246 1957 5290 et
1980 5236 2091 5290 Do-

509 5332 643 5386 tuini
676 5344 895 5394 nomen,
941 5330 1047 5403 nisi
1103 5331 1213 5384 Deo
1267 5329 1417 5383 Patri
1452 5339 1506 5383 et
1549 5328 1796 5394 Christo,
1829 5328 2029 5391 deferri
2062 5344 2091 5382 a

510 5424 721 5493 Spiritu
752 5433 961 5486 sancto,
990 5423 1284 5491 respondet
1312 5421 1532 5492 Trypho
1564 5423 1803 5477 aliorum
1846 5423 2090 5486 nomine,

513 5518 815 5586 imparatos
855 5532 914 5571 se
945 5528 1071 5570 esse
1105 5516 1172 5568 ad
1207 5527 1314 5569 tam
1354 5516 1696 5578 periculosas
1734 5514 2091 5585 quazstiones,

512 5624 616 5663 nec
662 5625 905 5679 unquam
961 5624 991 5662 a
1037 5623 1098 5661 se
1138 5607 1383 5679 auditum
1422 5622 1749 5676 quemquam
1787 5608 1877 5675 qui
1911 5606 1996 5659 his
2028 5607 2096 5661 de

515 5699 680 5754 rebus
734 5701 1052 5755 dissereret.
1099 5699 1284 5754 Videri
1342 5700 1505 5751 etiant
1560 5699 1733 5768 possit
1775 5696 2091 5764 simplicior,

512 5808 640 5847 cum
696 5793 955 5847 irascitur
1005 5802 1061 5846 et
1116 5792 1469 5860 blasphemiae
1514 5790 1789 5854 Justinutu
1848 5799 2093 5855 accusat,

517 5884 661 5970 quod
714 5887 760 5942 is
820 5886 989 5939 malas
1040 5885 1294 5949 virtutes,
1347 5900 1468 5954 quac
1521 5900 1548 5936 a
1593 5884 1702 5936 Deo
1753 5878 2094 5945 defecerunt,

2162 604 2253 673 qui
2288 618 2413 657 cum
2450 615 2516 655 eo
2572 597 2851 653 Iustinum
2900 593 3215 656 audierunt,
3253 590 3365 656 jam
3399 599 3508 642 ttttn
3544 604 3700 644 aucto.

2162 698 2323 751 ritate
2355 703 2410 748 et
2461 690 2691 747 scientia
2751 688 3050 749 eminebat,
3104 700 3205 740 nec
3256 682 3602 751 improbabile
3640 698 3700 740 est

2162 804 2286 843 eum
2323 794 2512 854 postea
2561 796 2756 836 nomen
2813 787 2869 832 et
2916 778 3119 830 famam
3160 772 3373 829 rabbini
3412 783 3699 828 assecutum.

2164 877 2528 945 Philosophim
2558 888 2781 943 operam
2824 870 3049 925 dederat
3088 866 3189 921 sub
3222 865 3487 935 magistro
3528 866 3699 934 gentili,

2164 983 2219 1026 et
2264 970 2405 1039 quod
2452 983 2575 1021 eum
2623 948 2873 1019 discendi
2929 960 3241 1015 studiosum
3308 957 3481 1012 fuisse
3523 959 3701 1026 probat,

2165 1078 2352 1119 sacros
2395 1058 2835 1115 Christianorum
2890 1053 3059 1110 libros
3121 1052 3318 1119 legisse
3371 1064 3432 1105 se
3484 1058 3700 1114 testatur,

2167 1154 2401 1225 Dialog.,
2436 1170 2490 1207 η.
2526 1152 2615 1206 ll).

2236 1249 2345 1303 Nec
2374 1245 2618 1316 probitas
2650 1242 2841 1296 deerat
2865 1235 3146 1311 Tryphoni
3182 1249 3281 1289 nec
3308 1233 3555 1287 veritatis
3583 1247 3703 1287 amor

2167 1342 2415 1413 quidam,
2439 1337 2533 1393 sed
2559 1333 2976 1389 immoderatum
3011 1329 3149 1397 legis
3175 1326 3419 1382 studium
3448 1325 3643 1379 videtur
3665 1327 3701 1379 ei

2170 1435 2377 1488 fructus
2428 1425 2815 1498 praeripuisse,
2882 1437 3019 1492 quos
3080 1436 3146 1475 ex
3208 1417 3410 1472 Justini
3473 1416 3703 1486 colloquio

2170 1527 2450 1598 percipere
2482 1523 2769 1591 potuisset.
2810 1517 2926 1571 Non
2961 1515 3217 1569 credebat
3241 1526 3368 1580 quae
3392 1511 3458 1564 de
3481 1508 3705 1563 Christia-

2171 1620 2255 1672 nis
2283 1617 2454 1670 l‘alsus
2486 1628 2671 1667 rumor
2705 1613 2755 1663 in
2790 1609 2985 1677 vulgus
3034 1614 3349 1674 sparserat;
3398 1603 3500 1657 ﬁde
3526 1603 3704 1673 indigna

2165 1708 2467 1778 judicabat,
2510 1724 2565 1759 n.
2614 1703 2719 1769 10;
2774 1702 2877 1755 hoc
2911 1707 3123 1752 tantum
3161 1698 3215 1750 iu
3262 1696 3345 1750 eis
3387 1694 3703 1764 vituperabat,

2172 1804 2315 1873 quod
2356 1818 2476 1855 cum
2526 1813 2795 1855 summam
2836 1812 2946 1865 prae
2980 1811 3041 1849 se
3074 1796 3335 1859 pietatem
3381 1790 3600 1852 ferrent,
3633 1802 3706 1841 nec

2104 1870 2143 1928 Β
2176 1870 2342 1949 festos
2383 1894 2523 1959 dies,
2566 1905 2667 1945 nec
2702 1889 2952 1952 sabbata,
3000 1899 3103 1939 nec
3141 1882 3605 1938 circumcisionem
3644 1889 3706 1932 te-

2173 1997 2390 2051 nerent,
2447 1996 2503 2042 et
2550 1999 2701 2054 spem
2763 1982 2815 2034 in
2873 1979 3096 2034 homine
3130 1974 3407 2031 eruciﬁxo
3456 1980 3705 2043 ponerent.

2172 2081 2467 2149 Postquam
2512 2079 2629 2145 ejus
2683 2084 2874 2145 rogatu
2929 2072 3180 2130 Justinus
3226 2065 3481 2137 probavit
3534 2062 3708 2119 eximiis

2173 2169 2516 2242 argumentis
2560 2167 2730 2236 legem
2788 2165 2969 2219 datam
3012 2174 3135 2215 esse
3189 2172 3299 2212 non
3358 2156 3424 2209 ad
3462 2152 3707 2222 justitiam,

2174 2240 2269 2320 sed
2299 2272 2523 2333 propter
2562 2266 2820 2328 peccata;
2874 2269 2985 2311 non
3025 2251 3237 2310 idcirco
3276 2256 3545 2311 movetur,
3572 2259 3618 2297 n.
3644 2240 3707 2294 l8.

2176 2357 2349 2427 Urget
2392 2356 2589 2410 iterum
2644 2352 2889 2408 Justinus
2936 2357 2991 2403 et
3023 2347 3220 2417 quaerit
3269 2360 3369 2400 cur
3414 2340 3570 2413 justis
3616 2345 3710 2390 ante

2174 2449 2455 2506 Abraham
2514 2458 2569 2503 et
2616 2446 2819 2500 lllosem
2878 2439 3355 2499 circumcisionem
3423 2444 3478 2489 et
3526 2429 3709 2486 sabbata

2178 2546 2321 2598 Deus
2360 2557 2466 2597 non
2519 2538 2871 2609 imposuerit;
2920 2545 3032 2589 tum
3071 2547 3202 2587 vero
3229 2527 3454 2602 Trypho
3521 2525 3711 2591 ingenue

2179 2636 2577 2709 ignorationem
2618 2647 2772 2687 suam
2821 2628 3140 2689 conﬁtetur,
3178 2639 3237 2678 η.
3273 2621 3369 2678 28.
3399 2619 3585 2709 Animo
3612 2614 3709 2666 hor—

2179 2707 2397 2784 rescere
2428 2727 2665 2788 videtur,
2710 2739 2765 2776 u.
2827 2720 2919 2785 58,
2971 2720 3060 2773 ubi
3103 2715 3385 2772 Christum
3432 2707 3575 2764 audit
3619 2716 3711 2756 eum

2179 2836 2301 2877 esse
2331 2820 2423 2890 qui
2457 2834 2577 2873 cum
2614 2817 2759 2870 Mose
2785 2823 2840 2869 et
2868 2814 3050 2867 Aaron
3097 2810 3149 2863 in
3175 2804 3438 2861 columna
3471 2796 3619 2854 nubis
3653 2793 3713 2845 lo-

2179 2922 2336 2968 cutus
2365 2921 2486 2978 est;
2520 2910 2814 2979 aequiorem
2856 2922 2916 2961 se
2960 2912 3184 2974 przcstat
3224 2895 3560 2969 argumentis
3592 2906 3617 2944 a
3645 2886 3714 2941 Ju—

2181 3008 2324 3062 stino
2354 3006 2557 3071 allatis,
2590 3014 2647 3057 ut
2670 3002 2865 3057 Filium
2891 3016 2919 3052 a
2949 2999 3060 3053 Deo
3102 3005 3230 3051 ante
3272 2991 3474 3048 saecula
3512 2986 3713 3057 genitum

2181 3100 2404 3170 probet;
2437 3114 2550 3152 rem
2588 3095 2810 3166 egregie
2842 3093 3280 3146 demonstratam
3330 3086 3552 3145 fatetur,
3591 3071 3713 3170 n._57

3543 3170 3624 3227 Dei
3646 3166 3714 3220 Fi-

2181 3288 2310 3343 lium
2343 3285 2494 3339 nasci
2536 3293 2590 3336 et
2649 3279 2896 3349 eruciﬁgi
2928 3277 3167 3331 voluisse
3208 3288 3273 3327 ac
3304 3266 3653 3325 resurrexisse
3680 3264 3717 3309 et

2180 3379 2457 3437 inccelum
2493 3375 2807 3430 ascendisse
2853 3371 3065 3441 probet.
3110 3368 3261 3422 Pene
3305 3366 3508 3418 victum
3549 3356 3718 3411 diceres

2180 3473 2550 3545 Tryphonem,
2593 3485 2647 3523 n.
2688 3469 2778 3531 89,
2824 3466 2913 3519 ubi
2960 3465 3167 3519 fatetur
3192 3460 3420 3516 Christo
3457 3457 3716 3545 congruere

2181 3540 2449 3637 quidquid
2510 3560 2952 3617 testimoniorum
2998 3556 3301 3623 Scriptnrm
3338 3568 3367 3605 a
3404 3546 3606 3605 Justino
3632 3540 3719 3593 lau-

2181 3634 2364 3712 datum
2406 3657 2622 3711 fuerat:
2662 3670 2766 3707 una
2816 3667 2903 3705 res
2963 3664 3087 3703 eum
3118 3649 3387 3711 deterret,
3435 3634 3717 3711 supplicium

2181 3749 2387 3814 crucis,
2446 3748 2534 3803 cui
2587 3746 2673 3800 lex
2726 3742 3167 3797 maledictionem
3232 3736 3452 3792 inﬂixit.
3511 3727 3719 3786 Justinus

2184 3842 2348 3895 multa
2373 3837 2641 3909 prmclare
2664 3834 2911 3902 congerit
2929 3831 2995 3885 ad
3028 3831 3187 3900 hujus
3216 3830 3292 3882 rei
3315 3821 3717 3895 explicationem,

2183 3935 2278 3992 sed
2336 3906 2515 3987 tamen
2566 3926 2732 3982 corda
2779 3924 3093 3979 Judaeorum
3138 3934 3431 3990 superasse
3465 3930 3563 3969 non
3600 3906 3723 3961 vide-

2185 4038 2295 4091 tur,
2348 4022 2603 4094 quamvis
2643 4033 2738 4073 eos
2773 4017 3047 4070 interdum
3100 4015 3359 4068 videatur
3411 4002 3723 4079 permovisse.

2184 4118 2319 4172 Nam
2357 4124 2479 4185 post
2508 4122 2586 4169 tot
2623 4126 2686 4165 ac
2734 4119 2883 4163 lauta
2925 4106 3205 4176 religionis
3243 4108 3557 4175 argumenta
3583 4137 3596 4160 ,
3632 4102 3724 4146 Cum

2186 4210 2539 4281 pertcttderet
2598 4204 2845 4259 Justinus
2908 4203 3086 4255 locum
3136 4200 3427 4267 quemdam
3491 4191 3629 4247 Isaia:
3680 4181 3724 4234 de

2183 4276 2406 4357 Christo
2439 4309 2495 4353 et
2540 4296 2865 4351 illuminatis
2922 4295 2990 4346 ab
3041 4307 3108 4345 eo
3162 4290 3420 4359 gentibus
3463 4279 3622 4349 aCCipi
3656 4276 3724 4327 δε·

2186 4398 2349 4459 bere,
2387 4390 2634 4447 nonnulli
2675 4405 2890 4451 eorum,
2938 4386 3030 4455 qui
3064 4384 3329 4455 postridie
3360 4384 3631 4436 venerant,

2187 4484 2405 4540 condite
2435 4492 2496 4535 ut
2532 4481 2586 4535 in
2621 4480 2837 4534 theatro
2878 4478 3173 4531 clamorem
3207 4475 3521 4533 ediderunt,
3552 4482 3600 4518 η.
3634 4455 3724 4513 l‘ﬂ.

2263 4577 2488 4633 Videtur
2519 4574 2767 4629 Justinus
2800 4571 3076 4625 interdum
3111 4584 3140 4621 a
3186 4582 3283 4621 sua
3328 4566 3547 4620 lenitate
3585 4549 3724 4647 in-dO.‘

2191 4670 2380 4725 cendis
2416 4666 2621 4721 Judaﬁs
2658 4665 2963 4727 discedere,
3014 4676 3221 4729 eosque
3258 4656 3514 4713 maximis
3554 4643 3724 4741 probris

2191 4779 2334 4832 saepe
2355 4776 2607 4815 onerare.
2635 4758 2742 4813 Sed
2766 4769 2945 4811 tamen
2981 4757 3071 4810 ubi
3101 4754 3419 4809 durioribus
3449 4741 3623 4803 verbis
3649 4743 3724 4786 utt-

2193 4867 2300 4921 tur,
2333 4871 2439 4911 non
2481 4865 2591 4907 tam
2621 4867 2717 4907 eos
2746 4852 2837 4921 qtti
2877 4850 3199 4913 audiebant,
3246 4863 3408 4917 quam
3441 4837 3723 4927 obstinatatt‘

2194 4952 2246 5005 in
2272 4949 2419 5004 omni
2453 4947 2659 5003 scelere
2705 4957 2923 5016 gentem
2967 4944 3283 5013 compellat,
3326 4941 3481 4997 velut
3518 4943 3631 4987 cum
3665 4924 3724 5023 aii

2192 5058 2350 5099 num.
2383 5042 2493 5098 95:
2527 5060 2545 5093 ι
2586 5041 2723 5096 Nam
2772 5054 2894 5093 cum
2938 5053 3005 5092 ex
3035 5038 3208 5107 signis
3251 5052 3279 5087 a
3314 5034 3461 5089 Mose
3494 5020 3645 5080 factis
3666 5020 3724 5064 1ηΔ

2197 5136 2471 5207 telligendi
2505 5134 2715 5204 copiam
2741 5131 2992 5188 habeatis
3018 5131 3165 5183 hunc
3190 5142 3310 5182 esse
3331 5125 3624 5182 Christum,
3656 5117 3723 5155 net

2197 5233 2357 5287 modo
2395 5245 2503 5285 non
2538 5228 2723 5296 vultis,
2772 5227 2867 5282 sed
2907 5225 3072 5280 etiam
3105 5223 3156 5277 in
3195 5224 3482 5290 angustias
3510 5220 3604 5265 nos
3632 5211 3724 5251 0°"

2192 5326 2287 5396 jici
2326 5339 2487 5395 posse
2535 5322 2942 5383 existimantes,
2991 5316 3330 5386 qumstiones
3383 5302 3583 5380 ponitis
3621 5299 3721 5396 illi?

2198 5384 2412 5484 suntme
2442 5415 2494 5467 in
2524 5413 2756 5468 medium
2789 5409 3032 5473 veniunt,
3066 5420 3166 5461 nec
3205 5415 3383 5459 tamen
3423 5395 3520 5469 ipsi
3557 5384 3724 5484 habetis

2204 5465 2491 5484 νηί-ρῂ
2586 5465 2600 5468 -
3020 5465 3030 5473 ,
3443 5465 3458 5469 -

2199 5508 2329 5577 quid
2388 5506 2607 5569 dicatis,
2667 5504 2710 5558 si
2755 5515 2914 5571 quem
2968 5500 3260 5554 ﬁrmiorem
3297 5489 3656 5551 Christianum
3680 5465 3724 5520 0f

2198 5573 2513 5655 ienderitis.
2545 5617 2564 5649 ι
2605 5596 2687 5649 Ad
2719 5595 2822 5649 hoc
2852 5592 3159 5661 exemplum
3196 5581 3503 5645 existimari
3546 5573 3723 5644 possm!

2201 5690 2433 5764 plurima
2488 5691 2617 5754 alia,
2680 5688 2881 5758 quibus
2934 5685 3184 5741 Justinus
3228 5682 3511 5738 Iudaicam
3550 5665 3724 5764 smmi"

2201 5786 2554 5855 perstringit,
2604 5793 2665 5850 ut
2730 5780 2947 5835 Iudaeos
3018 5779 3309 5848 audientes
3366 5792 3394 5829 a
3453 5760 3723 5855 stultisalmJ

2204 5879 2478 5949 opinione,
2508 5890 2669 5945 quam
2698 5876 2761 5929 de
2793 5882 2946 5944 gente
2976 5890 3071 5928 sua
3110 5883 3164 5927 ct
3201 5865 3503 5941 Synugogis
3535 5852 3639 5911 Emis
3668 5845 3721 5896 ¹¹³
