3792 6514
107 350 190 408 149

1041 353 1105 409 ιι.
1135 352 1399 411 MARANI
1430 353 1824 412 PRAEFATIO.
1860 387 1929 399 —-
1972 355 2155 414 PARS
2186 356 2275 416 Ill.

3209 360 3312 418 ιειι

108 473 296 535 hebant,
332 469 393 525 ad
432 485 615 527 verum
654 470 912 531 lsraelem
943 483 998 531 et
1029 476 1123 532 Dei
1154 478 1412 547 populum
1461 494 1633 551 agno~
1662 486 1710 542 Α
1738 478 1815 533 tio
1855 478 2073 535 videtur
2120 478 2448 551 interrumpi
2494 480 2757 550 potuisse.
2810 479 3108 553 Postquam
3164 482 3311 535 enim

107 566 329 621 scendum
353 574 639 620 revocaret.
681 566 944 623 Enitescit
973 569 1235 636 patientia
1273 569 1468 626 Justini
1502 587 1623 627 cum

108 675 209 713 eum
232 658 463 727 desipere
488 658 563 714 ait
591 659 831 731 Trypho,
874 678 929 715 ιι.
969 663 1063 726 59,
1109 663 1192 718 vel
1228 678 1351 719 cum
1383 664 1625 721 animum

107 765 131 802 a
170 749 390 804 doctrina
454 748 759 809 Christiana
828 754 1184 810 vehementer
1237 757 1623 812 abhorrentem

107 840 356 910 signiﬁcat,
408 852 499 897 aut
525 857 585 897 ea
629 842 807 911 reiicit
855 861 976 915 quae
1023 856 1184 902 antea
1246 861 1625 916 concesserat,

110 949 233 987 num.
266 932 345 989 67.
387 933 481 990 His
520 936 573 990 in
623 934 763 992 locis
790 935 1037 994 Justinus
1062 938 1226 1008 justas
1264 942 1627 1014 indignationi

110 1027 394 1093 moderatur,
433 1043 531 1082 nec
576 1029 643 1084 de
673 1030 857 1085 studio
886 1032 1138 1089 veritatis
1174 1036 1433 1091 docendae
1465 1036 1629 1106 quid-

108 1132 236 1185 quam
265 1119 500 1183 remittit,
522 1134 645 1175 cum
671 1121 763 1178 Dei
783 1123 1047 1192 judicium
1087 1136 1333 1182 metuens
1360 1129 1404 1182 si
1436 1143 1627 1183 verum

110 1209 368 1277 subtrahat,
402 1221 511 1265 tum
555 1216 721 1269 etiam
752 1231 979 1286 sperans
1030 1221 1173 1275 inter
1216 1237 1335 1287 eos,
1376 1224 1468 1292 qui
1531 1241 1629 1278 au-

111 1299 310 1368 diebant,
348 1304 567 1371 reperiri
595 1306 831 1375 aliquem
863 1323 1043 1379 posse,
1075 1312 1167 1380 qui
1191 1326 1224 1366 e
1248 1328 1477 1367 numero
1518 1313 1629 1368 ele-

112 1401 281 1446 ctorum
309 1392 406 1462 sit;
445 1409 615 1465 seque
655 1407 890 1453 testatur
922 1400 997 1454 ita
1030 1416 1196 1469 agere
1222 1417 1342 1457 cum
1374 1403 1629 1457 omnibus

111 1484 370 1540 hominibus
398 1486 591 1553 solere,
646 1490 965 1561 quicunque
999 1492 1153 1547 illum
1196 1494 1471 1549 sciscitari
1527 1510 1627 1550 vo—

112 1576 285 1632 luerint.

164 1668 350 1742 Trypho
368 1688 484 1728 cum
508 1688 605 1731 sex
623 1676 790 1732 sociis
811 1678 992 1747 primo
1015 1677 1103 1734 die
1126 1679 1373 1735 occurrit
1392 1678 1625 1736 Justino.

111 1762 212 1816 Nam
240 1781 346 1821 cum
369 1770 470 1823 duo
501 1767 771 1825 abiisscnt
792 1810 809 1837 ,
852 1786 1064 1837 eorum,
1099 1773 1191 1843 qui
1221 1783 1626 1839 remanserant,

110 1868 309 1925 quartum
339 1872 581 1917 numerat
632 1861 899 1933 Justinus,
945 1882 1002 1922 n.
1043 1837 1137 1930 66,
1176 1882 1231 1935 p.
1264 1866 1387 1922 152.
1419 1837 1627 1923 Ροειιοίέ
1657 1837 1701 1898 Β

112 1950 177 2003 die
214 1950 527 2019 frequentior
586 1954 691 2009 fuit
748 1957 1041 2013 comitatus
1097 1956 1432 2029 Tryphonis.
1470 1957 1626 2013 Nam

111 2054 261 2108 pnelel'
294 2060 400 2110 eos,
442 2047 531 2117 qui
574 2049 754 2117 pridie
804 2050 1116 2119 adfuerant,
1154 2052 1246 2107 alii
1295 2066 1629 2123 supervene-

114 2145 223 2201 runt,
253 2148 305 2191 ut
347 2137 618 2207 Mnaseas,
665 2141 732 2197 de
779 2158 911 2213 quo,
943 2160 1000 2198 ιι.
1036 2144 1125 2209 85,
1157 2154 1214 2199 et
1252 2144 1413 2210 alius,
1446 2162 1500 2199 ιι.
1534 2145 1625 2201 94.

112 2227 320 2284 Praterea
342 2233 589 2289 Justinus
620 2236 721 2302 ait,
763 2250 821 2293 ut
859 2238 973 2308 jam
1023 2238 1156 2303 dixi,
1210 2256 1264 2293 n.
1314 2239 1439 2301 19.2,
1489 2254 1627 2294 non-

112 2320 246 2376 nullos
284 2339 344 2378 ex
386 2325 471 2392 iis,
515 2328 611 2396 qui
656 2330 922 2399 postridie
968 2341 1253 2396 venerant,
1289 2332 1626 2387 inconditum

112 2424 153 2465 ιιι
176 2414 217 2467 in
240 2415 430 2472 theatro
450 2419 745 2477 clamorem
770 2423 1025 2478 edidisse.

160 2505 212 2561 ι.
245 2507 337 2565 Sed
370 2511 606 2569 diliicilis
634 2524 689 2570 et
718 2518 896 2588 magni
928 2521 1191 2577 momenti
1225 2520 1383 2577 nobis
1411 2520 1624 2576 exami-

114 2601 246 2652 nanda
274 2604 485 2669 quaestio
536 2616 645 2675 est,
680 2618 861 2663 utrum
898 2613 1171 2681 integrum
1214 2615 1316 2670 hoc
1361 2615 1623 2670 eximium

112 2706 211 2759 opus
232 2695 287 2747 ad
308 2701 771 2767 nosipervenerit,
797 2718 862 2757 an
897 2705 1035 2761 satis
1068 2705 1226 2777 longa
1258 2723 1384 2777 pars
1409 2708 1625 2763 deside-

114 2782 241 2835 randa
270 2784 353 2853 sit,
389 2796 444 2841 ιιι
474 2790 653 2844 visum
683 2800 768 2846 est
802 2794 1032 2851 eruditis
1062 2796 1218 2863 viris,
1248 2808 1515 2868 quotquot
1556 2799 1626 2856 de

112 2870 261 2931 Justini
295 2879 503 2950 scriptis
543 2893 981 2953 pertractarunt.
1024 2888 1288 2945 Videntur
1330 2907 1462 2947 sane
1512 2909 1623 2949 non

115 2965 221 3023 leves
249 2985 409 3027 causa:
449 2978 699 3044 subesse,
748 2994 848 3033 cur
893 2996 1147 3050 magnam
1186 2983 1423 3053 aliquam
1478 2984 1625 3040 lacu-

116 3074 203 3113 nam
239 3065 580 3134 suspicemur.
638 3069 771 3124 Nam
824 3088 945 3127 eum
986 3075 1124 3130 duos
1174 3076 1290 3131 dies
1340 3077 1394 3131 in
1446 3078 1623 3134 disse-

116 3155 239 3209 rendo
267 3157 602 3232 insumpserit
643 3162 909 3232 Justinus,
944 3184 1178 3238 cumque
1216 3169 1394 3239 pridie
1435 3171 1622 3241 dispu-
1649 3184 1691 3243 ο

116 3252 193 3297 tata
220 3245 459 3307 interdum
498 3266 714 3325 repetat
753 3257 805 3311 in
840 3259 1073 3330 gratiam
1110 3275 1323 3328 eorum,
1369 3261 1461 3331 qui
1507 3277 1620 3317 non

117 3335 433 3409 interfuerant,
477 3358 535 3401 ut
571 3364 726 3404 num.
764 3350 857 3416 78,
902 3352 993 3420 84,
1030 3352 1120 3420 92,
1172 3354 1295 3419 ll8,
1349 3370 1622 3425 nusquam

118 3436 250 3486 tamen
290 3436 475 3502 prioris
532 3440 927 3510 disputationis
988 3445 1431 3514 conclusionem,
1493 3464 1625 3504 nus—-

118 3534 235 3585 quam
255 3525 448 3583 initium
483 3535 817 3599 posterioris
855 3536 1264 3607 deprehendas;
1296 3539 1439 3593 nulla
1471 3556 1625 3610 pror-

120 3627 186 3667 sus
203 3625 245 3670 et
271 3630 413 3675 nocte
446 3635 681 3694 cogente
711 3626 1136 3696 discedentinm,
1161 3640 1216 3685 et
1245 3632 1506 3700 postridie
1536 3647 1622 3686 re~

119 3707 332 3765 deuntium
372 3716 657 3775 salutatio.
688 3717 819 3788 Quae
860 3721 1076 3790 quidem
1113 3724 1157 3777 si
1198 3723 1525 3779 exciderunt
1554 3740 1622 3779 ex

119 3800 270 3870 scripto
308 3802 515 3871 Justini,
568 3808 767 3863 lacuna
820 3812 1133 3867 necessario
1177 3814 1494 3868 collocanda
1539 3825 1622 3870 est

119 3890 221 3945 intra
242 3912 283 3950 ιι.
310 3898 368 3954 70
397 3909 450 3954 et
478 3901 568 3956 78.
609 3900 745 3955 Nam
777 3900 1046 3967 Justinus,
1092 3920 1146 3958 ιι.
1182 3905 1274 3964 78.
1305 3905 1482 3974 pridie
1506 3906 1619 3961 dis-

119 3994 252 4051 putata
278 3990 335 4046 de
359 3991 567 4049 Mithrae
601 3995 881 4068 mysteriis
926 3998 1124 4067 repetit
1172 3996 1227 4051 in
1260 3998 1488 4069 gratiam
1529 4013 1625 4053 eo-

120 4092 204 4131 rum
235 4083 311 4150 qui
353 4100 451 4139 non
510 4085 824 4141 adherant.
902 4087 1027 4144 Haec
1087 4099 1270 4145 autem
1328 4090 1620 4162 leguntur,

120 4170 252 4227 11.70.
301 4173 437 4232 Unde
488 4193 720 4234 necesse
760 4188 845 4234 est
911 4184 1092 4238 medio
1145 4184 1295 4237 inter
1332 4192 1623 4252 utramque

120 4272 306 4340 paginam
333 4278 615 4335 intervallo
643 4281 882 4337 hesterni
923 4281 1178 4351 colloquii
1215 4281 1398 4346 finem,
1436 4288 1621 4350 poste-

121 4365 241 4423 rioris
286 4370 478 4429 initium
530 4374 819 4430 collocari.
868 4373 1043 4429 Locus
1091 4389 1160 4428 ex
1204 4389 1259 4430 ιι.
1310 4372 1379 4428 82
1420 4365 1622 4427 citatus

120 4463 220 4528 apud
244 4463 292 4519 S.
316 4464 463 4523 Joan.
494 4467 891 4526 Damascenum
922 4466 1201 4530 Parallcl.,
1232 4482 1286 4538 p.
1325 4465 1450 4533 754,
1483 4467 1621 4521 dici-

122 4560 185 4605 tur
209 4554 504 4630 desumptus,
551 4564 620 4620 ὲκ
649 4562 745 4617 τοῦ
792 4563 929 4633 πρὸς
959 4562 1229 4635 Τρύφωνα
1265 4561 1310 4633 β’
1350 4560 1530 4629 λόγου,
1561 4577 1627 4615 ea:
1656 4537 1702 4592 D

122 4646 290 4699 secando
318 4648 524 4721 Dialogo
560 4667 681 4705 cum
716 4651 1015 4722 Tryphone,
1057 4653 1110 4707 id
1132 4661 1237 4717 est,
1272 4659 1333 4706 ut
1369 4652 1620 4706 eruditus

122 4735 251 4794 editor
269 4742 521 4815 observat,
553 4762 623 4803 ex
646 4750 890 4803 secunda
912 4755 1070 4816 parte
1098 4745 1337 4816 Dialogi.

170 4831 251 4889 Sed
273 4846 435 4894 tamen
484 4841 531 4897 si
579 4840 827 4896 ordinem
864 4850 919 4895 et
950 4839 1149 4895 seriem
1179 4840 1618 4907 consideremus,

123 4938 239 4993 quam
266 4930 487 4991 Justinus
516 4935 847 4994 inomnibus
875 4934 1211 5004 argumentis
1245 4934 1625 5005 dispensandis

123 5022 336 5091 seqnitur,
374 5027 585 5085 amissa:
615 5026 833 5098 Dialogi
868 5028 1038 5096 partis
1083 5027 1354 5083 desiderio
1398 5028 1620 5083 modum

124 5120 340 5181 Mettius,
364 5130 425 5172 ac
451 5119 681 5185 iniectus
709 5135 777 5175 ex
816 5119 1036 5189 Opinata
1067 5118 1263 5173 lacuna
1295 5118 1450 5175 dolor
1486 5135 1619 5175 eva-

126 5213 277 5259 maceu

174 5290 214 5343 1⁸
240 5292 403 5353 Totius
436 5294 861 5373 Dialogi‘series,
888 5303 1014 5357 dum
1046 5301 1168 5357 aliae
1201 5316 1269 5357 ex
1309 5300 1433 5357 aliis
1474 5316 1622 5371 qure-

128 5380 276 5440 stiones
300 5402 599 5459 nascuntur,
625 5394 859 5450 miriﬁce
882 5394 1141 5461 cohaeret,
1174 5410 1351 5465 neque
1380 5411 1410 5450 a
1444 5411 1497 5449 ιι.
1528 5397 1623 5462 70,

130 5470 190 5525 ubi
220 5476 269 5531 de
292 5477 483 5537 Mithrae
516 5486 790 5556 mysteriis
825 5485 1027 5555 agitur,
1075 5486 1140 5540 ad
1182 5501 1237 5539 ιι.
1277 5484 1368 5551 78,
1400 5485 1488 5539 ubi
1525 5486 1623 5540 he—

129 5571 259 5621 sterna
285 5571 478 5633 Mithrae
500 5579 881 5649 mysteriorum
908 5578 1360 5635 commemoratio
1398 5588 1619 5648 propter

130 5667 210 5723 ωε.
228 5664 299 5731 qui
324 5669 487 5737 pridie
526 5686 631 5727 non
672 5672 984 5743 adfuerant,
1037 5674 1324 5746 repetitur,
1372 5674 1620 5744 disputa-

178 5830 209 5863 ⁶¹
239 5837 324 5897 lsa.
352 5858 445 5913 vn,
474 5845 558 5899 ιι.
635 5848 678 5879 ⁵²
719 5846 917 5920 llymn.
949 5846 1239 5905 Eccles.in
1270 5847 1480 5904 Domin.
1514 5846 1711 5918 Palm.,

1732 569 1980 628 Justinus
2024 589 2091 629 ex
2141 572 2261 629 loco
2305 572 2478 638 Isaiae,
2524 588 2684 643 quem
2746 572 2960 629 Mithrae
2995 574 3312 629 sacerdotes

1731 657 1979 715 imitatos
2019 674 2140 714 esse
2178 661 2328 724 dicit,
2377 662 2725 717 occasionem
2776 664 2925 730 cepit
2977 662 3311 734 castigandae

1729 745 2034 803 Judaeorum
2100 750 2154 805 in
2219 751 2519 822 Scripturis
2576 753 2999 829 interpretandis
3063 756 3313 824 superba:

1732 837 2015 907 imperitia:
2048 882 2065 905 ,
2135 851 2189 896 et
2257 843 2543 914 querendi,
2604 846 2749 915 quod
2816 846 3169 917 Septuaginta
3230 846 3313 900 in-

1734 933 2179 1000 terpretationem
2228 933 2537 1005 vituperare
2569 936 2828 1003 audeant,
2869 946 2921 991 et
2968 952 3033 992 ex
3064 951 3128 992 ea
3171 954 3311 992 non-

1732 1023 1876 1077 nulla
1921 1024 2228 1080 testimonia
2270 1026 2621 1093 sustulerint;
2667 1036 2780 1083 tum
2820 1043 2949 1084 vero
2974 1029 3041 1083 ad
3076 1029 3317 1099 promis-

1730 1131 1846 1171 sam
1900 1117 2048 1171 venit
2106 1117 2524 1188 explicationem
2582 1120 2737 1176 lsaiae
2786 1122 3116 1187 verborum,
3181 1121 3314 1177 Ecce

1735 1208 1879 1277 virgo
1918 1209 2175 1279 concipiet
2232 1209 2464 1281 “,quze
2510 1211 2710 1267 fatetur
2763 1226 2793 1265 a
2852 1210 3053 1268 Judaeis
3099 1211 3311 1267 sublata

1733 1316 1839 1357 non
1869 1299 2061 1365 fuisse,
2086 1302 2179 1356 sed
2212 1310 2390 1356 tamen
2422 1302 2497 1358 ita
2527 1305 2704 1369 reddi,
2744 1303 2881 1359 Ecce
2922 1304 3315 1360 adolescentulo

1731 1394 1787 1446 in
1815 1403 1964 1447 utero
1994 1393 2221 1448 habebit.
2252 1393 2569 1465 lnterpellat
2618 1396 2864 1469 Trypho,
2906 1411 2972 1453 ac
3011 1397 3154 1453 scire
3191 1405 3317 1451 avet

1731 1499 1981 1551 quaenam
2022 1486 2333 1541 testimonia
2398 1502 2464 1543 ex
2514 1488 2819 1559 Scripturis
2867 1487 3039 1549 Judaei
3082 1487 3316 1553 sustule-

1735 1575 1865 1629 rint.
1894 1574 2097 1631 Morem
2140 1578 2279 1649 gerit
2307 1577 2577 1643 Justinus,
2608 1590 2660 1635 et
2694 1597 2817 1636 cum
2866 1596 2930 1635 ex
2982 1581 3070 1636 his
3108 1579 3315 1645 verbis,

1734 1668 1992 1725 Dominus
2042 1672 2279 1743 regnavit
2330 1691 2363 1728 a
2416 1673 2562 1745 ligno
2604 1675 2671 1744 ⁸³,
2695 1675 2914 1731 Judzeos
2939 1675 3071 1730 illud
3100 1694 3132 1729 α
3170 1676 3315 1746 ligno

1732 1763 2023 1821 abstulisse
2063 1766 2313 1832 dixisset,
2374 1769 2745 1840 Tryphonem,
2793 1769 2889 1841 qui
2944 1778 3115 1825 totum
3172 1770 3318 1824 hunc

1731 1857 1998 1927 psalmum
2030 1876 2135 1913 non
2165 1860 2232 1916 de
2268 1861 2490 1917 Christo
2520 1861 2789 1932 possibili,
2820 1862 2913 1918 sed
2947 1864 3015 1918 de
3055 1862 3166 1918 Deo
3193 1876 3318 1916 om-

1732 1948 1882 2002 nium
1913 1959 2163 2005 creatore
2204 1950 2407 2006 dictum
2442 1965 2562 2006 esse
2599 1952 3015 2017 contendebat,
3066 1948 3318 2006 refellere

1729 2040 2063 2110 aggreditur,
2109 2051 2164 2096 et
2215 2043 2555 2112 majestatem
2602 2045 2755 2115 regni
2809 2044 2864 2099 in
2921 2043 3140 2100 Christo
3190 2057 3317 2099 cum

1730 2133 1999 2201 passionis
2040 2134 2342 2205 ignominia
2373 2135 2718 2205 coniunctam
2760 2151 2883 2194 esse
2914 2136 3108 2208 probat
3144 2134 3318 2207 pluri-

1730 2228 1834 2282 bus
1894 2227 2195 2298 Scriptura:
2243 2230 2595 2285 testimoniis.
2650 2230 2876 2285 Fatetur
2922 2229 3144 2300 Trypho
3197 2229 3316 2285 haec

1729 2321 1912 2391 magni
1944 2336 2070 2378 esse
2104 2322 2171 2377 ad
2212 2323 2653 2393 persuadendum
2686 2324 2969 2389 momenti,
3002 2325 3097 2379 sed
3130 2338 3161 2377 a
3220 2321 3318 2378 Ju-

1728 2412 1875 2467 stino
1902 2414 2141 2483 reposcit
2164 2413 2324 2469 toties
2347 2413 2673 2483 promissam
2697 2414 2852 2470 lsaire
2882 2415 3171 2468 verborum
3209 2428 3313 2468 ex-

1729 2508 2099 2577 plicationem,
2146 2524 2309 2580 quam
2347 2511 2569 2581 quidem
2619 2511 2747 2567 dum
2793 2512 3113 2585 exsequitur
3143 2510 3314 2568 Justi-

1732 2617 1857 2667 nus,
1898 2602 2024 2659 data
2048 2604 2341 2660 occasione
2381 2606 2579 2676 repetit
2608 2621 2731 2678 quae
2770 2607 2947 2678 pridie
2986 2608 3203 2664 dixerat
3247 2608 3317 2663 de

1730 2695 1943 2752 Mithra
1970 2698 2268 2768 mysteriis.

1795 2786 1862 2841 2°
1896 2786 1975 2842 Ex
2032 2788 2119 2843 his
2170 2796 2321 2857 patet
2373 2804 2594 2859 operam
2643 2790 2951 2861 perdidisse
2979 2790 3094 2862 qui,
3128 2805 3185 2844 ιι.
3221 2788 3315 2856 7i,

1728 2876 1796 2932 ad
1843 2879 1960 2933 hcec
2021 2878 2185 2934 verba
2243 2879 2320 2945 ὡς
2382 2881 2477 2936 καὶ
2516 2882 2606 2936 διὰ
2638 2882 2737 2953 τῆς
2764 2882 2870 2953 γῆς
2914 2882 3073 2937 finem
3104 2881 3317 2953 prima:

1727 2969 1834 3024 diei
1864 2978 1920 3023 et
1947 2969 2163 3025 initium
2190 2973 2473 3041 sequentis
2496 2972 2853 3039 collocantes,
2906 2973 3188 3044 opinatum
3217 2989 3314 3028 va-

1727 3076 1886 3117 cuum
1921 3072 2016 3115 aut
2055 3062 2381 3132 excogitatis
2404 3064 2721 3130 sententiis,
2746 3074 2843 3119 aut
2888 3080 2957 3122 ex
3006 3064 3066 3120 S.
3102 3063 3315 3121 Joanne

1728 3156 2063 3211 Damasceno
2119 3156 2366 3225 repetitis
2427 3156 2646 3227 explere
2683 3157 2869 3213 conati
2925 3167 3073 3213 sunt.
3133 3140 3314 3213 Verba

1725 3247 1917 3302 desunt
1973 3248 2299 3316 paucissima
2349 3262 2413 3302 ac
2456 3250 2751 3319 disputatio
2816 3249 2870 3303 in
2921 3249 3111 3305 eodem
3172 3263 3314 3305 sem-

1725 3356 1831 3413 pee
1883 3351 2203 3413 argumento
2263 3351 2535 3406 versatur,
2587 3350 2649 3396 ut
2695 3341 2750 3395 in
2794 3341 2939 3397 notis
2961 3341 3311 3397 observatum

1726 3447 1834 3492 CSI.

1795 3529 1859 3583 3°
1885 3527 1978 3584 Sic
2020 3536 2190 3584 totum
2217 3524 2502 3595 Dialogum
2547 3526 2782 3594 pertexit
2809 3524 3085 3587 Justinus.
3122 3534 3183 3581 ut
3225 3526 3310 3580 itt-

1726 3622 2090 3678 termissionis
2139 3624 2301 3690 illius,
2354 3640 2517 3695 quam
2548 3638 2651 3677 nox
2684 3620 2887 3685 attulit,
2925 3618 3128 3673 nullam
3159 3631 3314 3687 pror-

1724 3731 1816 3772 sus
1848 3716 2109 3771 rationem
2139 3715 2355 3784 haheat,
2385 3716 2479 3772 sed
2501 3714 2683 3770 omnia
2723 3714 2916 3769 eadem
2976 3710 3120 3767 serie
3160 3724 3312 3765 com-

1727 3805 2059 3874 prehendat;
2101 3806 2217 3862 sive
2241 3806 2291 3860 id
2332 3805 2671 3861 commodius
2724 3804 2772 3859 ei
2823 3804 2997 3858 visum
3048 3810 3156 3868 est,
3208 3815 3312 3856 nec

1726 3903 1983 3957 lectorem
2015 3903 2090 3958 rei
2120 3917 2225 3956 non
2261 3900 2585 3957 necessariae
2616 3897 2929 3953 narratione
2957 3894 3313 3966 interpellare

1724 3992 1914 4057 voluit,
1943 3993 2063 4048 sive
2094 4009 2198 4047 non
2229 3992 2413 4048 omnia
2442 3992 2631 4046 eodem
2657 3990 2873 4054 ordine,
2923 4005 3033 4062 quo
3093 3989 3312 4043 fuerant

1724 4083 2021 4155 disputata,
2074 4085 2278 4151 retulit,
2304 4085 2399 4141 sed
2450 4093 2510 4138 ut
2545 4084 2866 4139 memoriam
2907 4082 3187 4147 subibant,
3224 4082 3312 4137 vel

1727 4187 1786 4231 ut
1817 4178 1884 4231 ad
1909 4187 2057 4231 certa
2082 4179 2327 4247 quaedam
2360 4191 2559 4247 genera
2606 4175 2849 4231 revocari
2887 4183 3156 4245 poterant.
3203 4171 3314 4227 Res

1725 4279 1853 4324 ante
1883 4269 2070 4326 oculos
2088 4270 2243 4325 facile
2271 4271 2511 4340 ponitur.
2539 4267 2714 4338 Rogat
2742 4266 3019 4325 Justinmn
3068 4261 3315 4334 Trypho,

1725 4378 1875 4417 num.
1902 4361 1990 4431 56,
2021 4379 2072 4433 p.
2110 4363 2233 4424 155,
2268 4371 2344 4426 ιιι,
2404 4376 2525 4415 cum
2570 4360 2713 4415 diem
2760 4359 3059 4429 procedere
3107 4358 3311 4421 videat,

1726 4456 1890 4510 citius
1914 4456 2161 4511 absolvat
2212 4454 2357 4525 quod
2389 4453 2725 4524 probandum
2772 4459 3113 4521 susceperat,
3153 4465 3309 4505 nem-

1732 4564 1797 4618 pe
1828 4556 2023 4617 przeter
2051 4546 2217 4602 Deum
2240 4546 2484 4613 Patrem,
2509 4544 2675 4599 alium
2702 4559 2821 4599 esse
2851 4543 2940 4615 qui
2992 4543 3113 4612 ejus
3141 4542 3323 4619 Filius.

1727 4652 1783 4698 et
1834 4644 1973 4698 Deus
2014 4643 2273 4699 dicendus
2332 4642 2423 4697 sit.
2484 4639 2739 4695 Pluribus
2761 4655 2825 4695 ea
2859 4640 2925 4695 de
2986 4653 3045 4692 re
3090 4637 3316 4693 disserit

1727 4735 2013 4791 Justinus:
2044 4735 2146 4790 sibi
2179 4734 2327 4790 illum
2361 4736 2493 4792 satis
2544 4736 2740 4790 fecisse
2791 4741 3026 4789 testatur
3072 4720 3337 4803 Trypho,

1730 4846 1786 4885 ιι.
1820 4829 1908 4896 65,
1937 4844 2001 4884 ac
2025 4828 2418 4900 amplissimam
2468 4827 2771 4885 disserendi
2829 4834 3070 4896 segetem
3100 4821 3315 4878 Iustino
3371 4862 3398 4903 τι

1727 4923 2003 4994 proponit,
2038 4923 2090 4977 in
2117 4937 2282 4992 quam
2324 4922 2437 4978 fere
2468 4922 2773 4976 insumetur
2803 4916 3065 4989 quidquid
3105 4914 3329 4985 οεαιοθιη
3379 4926 3387 4963 τ

1730 5016 2004 5085 reliquum
2030 5023 2137 5082 est,
2169 5028 2360 5084 nempe
2391 5015 2455 5068 de
2484 5014 2642 5083 hujus
2666 5011 2814 5077 Filii,
2858 5025 3019 5081 quem
3069 5006 3314 5065 Justinus

1731 5107 1901 5164 Deum
1946 5121 2069 5162 esse
2123 5109 2615 5173 demonstraverat,
2668 5105 3071 5171 incarnatione,
3127 5118 3313 5166 cruce,

1730 5198 2139 5254 resurrectione
2162 5205 2216 5251 et
2252 5197 2591 5252 ascensione.
2637 5198 2785 5253 Onus
2823 5195 3054 5250 libenter
3087 5194 3317 5256 suscipit

1728 5288 1999 5348 Justinus.
2032 5290 2315 5358 Quomodo
2342 5304 2472 5361 ergo
2503 5299 2794 5360 utrumque
2818 5288 2963 5359 cepit
2983 5286 3182 5343 oblivio
3207 5285 3314 5339 diei

1727 5382 2117 5454 procedentis?
2144 5381 2269 5438 Haec
2297 5383 2442 5438 enim
2494 5398 2523 5436 a
2546 5381 2838 5453 Tryphone
2881 5378 3151 5452 postulata
3181 5385 3238 5432 et
3283 5394 3314 5431 a

1728 5476 1947 5535 Justino
1986 5478 2255 5548 promissa
2292 5484 2419 5531 ante
2455 5492 2510 5532 ιι.
2543 5475 2633 5543 70,
2664 5475 2715 5531 id
2741 5483 2826 5529 est
2873 5483 3162 5541 antequam
3193 5468 3317 5525 finis

1731 5573 1924 5643 prima:
1957 5572 2064 5628 diei
2102 5571 2383 5628 observari
2433 5570 2626 5642 possit.
2670 5564 2977 5635 Quinetiam
3028 5570 3315 5633 postquam

1729 5669 1983 5725 Justinus
2004 5669 2238 5741 probare
2297 5666 2476 5737 erepit
2528 5663 2819 5721 Christum.
2853 5673 2929 5714 ex~
2976 5654 3194 5739 Virgine
3224 5657 3319 5711 de-

1751 5859 1817 5898 crt
1857 5842 2001 5899 Psal.
