3796 6482
467 342 559 398 151

461 466 648 521 buisse
685 462 858 529 nasci,
891 470 1055 531 atque
1077 460 1208 515 huic
1239 459 1609 528 disputationi.
1644 457 1840 526 partim
1876 455 2039 507 inter—
2068 455 2113 509 A

460 558 698 628 pellante
749 555 1065 626 Tryphone,
1104 553 1299 624 partim
1347 566 1440 607 sua
1489 558 1679 619 sponte
1731 548 1896 601 multa
1944 544 2028 597 in-

459 650 654 714 texuit,
692 648 760 703 ad
812 664 957 716 eam,
1016 657 1077 702 ιιι
1142 648 1196 702 in
1255 660 1360 699 uno
1421 652 1476 697 et
1522 642 1711 696 eodem
1760 638 2032 706 colloquio

458 742 806 809 promissam,
857 756 922 797 ac
968 749 1129 797 nocte
1172 738 1395 792 minime
1438 736 1816 803 interruptam,
1866 732 1940 783 ita
1999 742 2029 780 a

458 833 750 904 Trypltone
782 841 1087 888 revocatur.
1120 830 1212 886 Sic
1232 830 1375 885 enim
1428 827 1666 897 Trypho,
1714 840 1862 878 num.
1913 821 1979 874 77
2014 838 2027 873 :

462 945 483 981 α
516 926 775 995 Equidem
801 924 893 980 tibi
923 923 1195 979 assentior
1250 921 1385 977 satis
1422 919 1601 974 inesse
1638 925 1719 971 tot
1764 930 1827 969 ac
1868 914 2034 967 tantis

454 1016 760 1074 rationibus
799 1017 866 1072 ad
917 1014 1353 1086 persuadendum
1394 1010 1700 1065 momenti:
1748 1010 1842 1062 sed
1892 1006 2034 1061 scias

453 1102 619 1159 velim
662 1118 749 1159 me
785 1117 814 1156 a
862 1113 916 1160 te
967 1103 1302 1171 Scripturam
1360 1100 1528 1163 illam,
1572 1114 1732 1169 quam
1765 1112 1910 1166 saepe
1943 1095 2037 1150 deo

455 1206 883 1254 monstraturum
910 1196 1181 1267 pollicitus
1203 1210 1283 1260 es,
1310 1210 1616 1265 reposcere.
1642 1214 1661 1248 ι
1696 1194 2036 1264 Argumenta

452 1299 536 1345 est
566 1291 681 1346 haec
709 1290 1009 1346 disserendi
1039 1291 1182 1347 ratio
1210 1289 1452 1345 noluisse
1476 1287 1749 1344 Justinum
1781 1295 2038 1341 accurate

452 1378 786 1450 distinguere
815 1380 944 1449 quid
976 1380 1174 1451 primo,
1208 1381 1335 1449 quid
1403 1379 1640 1435 secundo
1668 1378 1757 1434 die
1786 1378 2037 1447 disputa-

454 1480 565 1526 tum
595 1474 687 1543 sit,
720 1472 815 1527 sed
839 1475 1025 1529 omnia
1052 1489 1159 1528 una
1193 1484 1247 1530 et
1279 1474 1469 1530 eadem
1501 1471 1643 1527 serie
1671 1470 2035 1541 comprehen-

451 1564 616 1622 disse.

520 1657 587 1711 4ο
618 1656 885 1714 Nonnulla
906 1669 1206 1714 occurrunt
1232 1658 1285 1718 in
1314 1657 1617 1733 posteriore
1665 1654 1878 1724 Dialogi
1908 1668 2037 1723 par-

451 1757 526 1813 te,
563 1763 685 1817 quae
721 1748 924 1804 frustra
951 1751 1004 1803 in
1038 1749 1221 1819 priore
1253 1758 1585 1818 qumrantur,
1644 1747 1896 1817 quamvis
1926 1744 2040 1812 pri-

450 1842 541 1896 die
567 1841 715 1898 dicta
744 1841 967 1898 fuerint.
995 1842 1085 1896 Ait
1110 1842 1377 1905 Justinus,
1405 1858 1455 1895 n.
1477 1840 1564 1903 85,
1597 1855 1655 1895 se
1684 1848 1846 1895 antea
1876 1852 2032 1891 usum

1362 335 1418 390 S.
1449 330 1787 391 JUSTINUS
1819 321 2298 383 PHiLOSOPllUS
2331 314 2764 375 ET‘MABTYR.

3611 308 3703 365 152

2142 445 2276 498 urbe
2300 448 2672 497 commoratus
2721 434 2812 499 sit,
2865 447 2987 487 cum
3036 428 3360 499 gravissima
3410 427 3702 496 persecutio

2136 536 2239 589 sub
2270 533 2340 587 bl.
2371 531 2590 586 Aurelio
2616 535 2985 599 grassaretur.
3016 521 3130 575 Non
3163 518 3405 588 iusserat
3452 527 3703 586 praestari-

2141 627 2381 681 tissimus
2410 622 2660 693 princeps
2683 618 2868 672 vexari
2897 615 3268 677 Christianos;
3300 611 3420 673 sed,
3446 620 3503 662 ut
3526 609 3701 663 obser-

2136 727 2231 771 vat
2258 718 2637 786 Athenagoras
2666 714 2732 776 “,
2761 712 2885 763 dum
2927 706 3178 774 iniuriam
3226 705 3295 757 ab
3325 703 3405 757 eis
3442 718 3550 757 non
3592 717 3705 770 pro.

2138 810 2337 880 pulsat,
2379 811 2504 863 dum
2546 807 2745 861 nullam
2781 812 2990 873 partem
3026 801 3076 854 in
3101 816 3194 854 eos
3223 798 3435 852 derivat
3482 807 3704 863 paterna:

2137 903 2283 957 illius
2313 898 2721 963 sollicitudinis,
2752 912 2857 965 qua
2888 893 3176 949 universos
3232 891 3448 960 imperii
3491 889 3704 942 Romani

2137 995 2285 1052 cives
2318 995 2591 1057 tuebatur,
2621 989 2874 1045 omnibus
2919 987 3269 1042 inimicorum
3306 982 3524 1051 injuriis
3555 996 3705 1050 expo-

2138 1089 2228 1143 siti
2268 1089 2439 1155 fuere,
2468 1102 2567 1143 nec
2595 1086 2761 1141 ullum
2814 1085 2882 1140 ab
2934 1083 3043 1138 illis
3090 1082 3267 1137 abluit
3314 1080 3633 1136 damnorum
3661 1086 3708 1131 et

2137 1180 2524 1250 suppliciorum
2560 1193 2751 1249 genus.
2802 1175 2929 1231 Haec
2980 1174 3177 1245 agendi
3230 1174 3371 1227 ratio
3421 1172 3475 1226 in
3520 1171 3708 1241 optimo

2138 1270 2465 1340 imperatore
2497 1284 2764 1323 summum
2792 1268 2977 1323 odium
3004 1266 3247 1322 declarat
3278 1262 3609 1319 Christianae
3635 1278 3709 1316 re-

2137 1362 2391 1433 ligionis;
2461 1376 2739 1429 nunquam
2795 1361 2939 1416 enim
2995 1374 3156 1415 suum
3204 1359 3310 1413 illis
3360 1356 3706 1426 patrocinium

2139 1453 2447 1516 clausisset,
2479 1451 2524 1505 si
2547 1450 2675 1519 quid
2705 1450 2769 1505 de
2802 1449 2907 1503 illis
2934 1447 3070 1516 atqui
3113 1448 3396 1502 sensisset.
3443 1443 3553 1499 Sed
3602 1443 3709 1513 plus

2140 1546 2281 1614 apud
2311 1558 2432 1599 eum
2464 1550 2520 1597 et
2550 1542 2757 1595 neraria
2785 1540 3233 1610 philosophorum
3258 1537 3511 1595 consilia.
3531 1546 3585 1589 et
3612 1535 3709 1589 Ro.

2140 1650 2423 1690 manarum
2452 1632 2900 1688 caeremoniarum
2930 1647 3104 1699 amor,
3140 1646 3301 1700 quam
3354 1631 3439 1683 avi
3473 1638 3529 1683 et
3554 1629 3711 1697 patris

2141 1726 2408 1796 exempla,
2470 1735 2526 1781 et
2577 1725 2739 1779 insita
2780 1723 3036 1778 erunibus
3073 1723 3295 1791 iustitia:
3347 1730 3404 1775 et
3451 1720 3711 1789 aequitatis

2140 1822 2406 1875 elementa
2442 1817 2748 1871 valuerunt.
2795 1816 2929 1871 Cum
2969 1830 3099 1885 ergo
3124 1815 3272 1870 omni
3322 1829 3427 1883 ope
3480 1812 3710 1868 destituti

449 1948 576 1995 esse
597 1933 680 1989 his
708 1933 905 1990 Psalmi
939 1936 1120 1991 verbis
1141 1934 1407 1989 :Laudate
1422 1933 1703 1986 Dominum
1720 1938 1784 1986 de
1808 1934 1947 1985 caelis
1965 1932 2030 1997 ⁸³,

2142 1922 2323 1965 essent
2345 1910 2666 1971 Christiani,
2700 1911 3038 1979 gravissimae
3067 1910 3119 1963 in
3152 1924 3247 1962 eos
3274 1907 3519 1976 undique
3564 1921 3712 1960 exor-

447 2035 525 2088 et,
566 2010 623 2082 n.
654 2025 777 2093 105,
811 2042 869 2082 se
900 2031 1306 2082 demonstrasse
1368 2027 1583 2081 animas
1631 2034 1756 2094 post
1805 2031 2035 2078 mortem

452 2131 696 2174 manere.
729 2117 876 2177 Atea
909 2118 1038 2172 alibi
1087 2132 1196 2171 non
1239 2117 1511 2187 leguntur.
1559 2115 1673 2170 Sub
1707 2116 1865 2169 ﬁnem
1898 2111 2033 2167 Dia-

447 2207 554 2277 logi
580 2215 816 2264 testatur
838 2208 1059 2279 Trypho
1089 2207 1362 2263 Justinum
1395 2208 1596 2261 dixisse
1652 2221 1711 2263 se
1758 2207 1909 2261 brevi
1945 2222 2036 2259 so-

445 2298 709 2359 luturum.
756 2299 880 2355 Haec
928 2311 1109 2357 autem
1177 2300 1445 2371 suspicari
1500 2315 1605 2354 non
1653 2298 1913 2353 debemus
1966 2313 2033 2352 ex

446 2392 583 2453 locis
640 2395 782 2449 inter
830 2411 979 2449 num.
1045 2394 1114 2451 70
1165 2404 1222 2449 et
1268 2394 1336 2450 78
1389 2392 1687 2461 interiectis
1738 2393 2028 2447 excidisse.

445 2484 594 2541 Nihil
620 2486 765 2540 enim
795 2486 885 2543 hic
914 2485 1071 2541 vacui
1099 2494 1153 2539 et
1176 2484 1339 2539 hiulei
1366 2498 1489 2539 esse
1513 2484 2029 2540 demonstravimus.

449 2579 557 2635 Sed
585 2577 809 2641 minime
856 2579 1053 2633 mirum
1103 2578 1150 2632 si
1210 2576 1469 2632 nonnulla
1500 2574 1752 2630 Justinus
1777 2574 1884 2633 alio
1913 2574 2032 2628 loco

447 2682 864 2737 commemorat,
893 2686 1013 2740 quae
1072 2684 1172 2725 suo
1228 2683 1335 2735 non
1363 2676 1721 2724 occurrerant
1757 2666 2031 2724 memoria:

445 2765 761 2822 scribentis.
794 2763 887 2819 Sic
915 2764 1081 2819 etiam
1132 2762 1273 2834 quod
1329 2764 1406 2817 ait
1456 2761 1724 2824 Justinus,
1771 2777 1826 2814 n.
1856 2760 1945 2825 80,
1971 2775 2031 2815 se

447 2869 611 2919 antea
636 2859 944 2914 confessum
976 2870 1099 2913 esse
1162 2855 1361 2911 multos
1417 2854 1520 2909 sibi
1570 2868 1771 2922 eosque
1820 2868 1887 2908 ea:
1936 2852 2028 2904 illo

446 2949 869 3006 Christianorum
897 2966 1104 3021 genere,
1135 2948 1271 3020 quod
1311 2948 1455 3018 piam
1484 2957 1532 3001 et
1562 2964 1752 3016 puram
1791 2946 2029 3016 sequitur

444 3042 783 3108 sententiam,
809 3058 914 3098 non
947 3041 1198 3097 assentiri
1244 3042 1310 3096 de
1367 3038 1714 3094 restitutione
1751 3036 2027 3108 Jerosoly-

447 3134 915 3200 morum,idcum
973 3148 1238 3204 nusquam
1295 3142 1451 3187 antea
1494 3139 1769 3191 occurrat,
1824 3144 2026 3199 nequa-

444 3242 610 3297 quam
660 3227 718 3297 in
767 3226 1022 3287 librarios
1048 3226 1206 3296 culpa
1234 3216 1553 3294 reiicienda,
1600 3224 1693 3281 sed
1750 3221 2021 3276 laudanda
2056 3258 2098 3314 ο

443 3321 626 3389 potius
674 3326 758 3375 est
806 3320 1094 3389 scriptoris
1137 3319 1438 3390 diligentia,
1485 3319 1699 3388 quires
1743 3316 1796 3370 in
1850 3315 2027 3385 prima

442 3421 600 3484 parte
628 3412 715 3470 vel
747 3414 815 3469 de
840 3413 1104 3468 industria
1126 3414 1381 3478 omissas,
1400 3414 1485 3468 vel
1511 3410 1788 3467 memoria:
1812 3409 2029 3477 elapSas

444 3516 569 3579 apte
596 3507 650 3577 in
676 3506 912 3563 secunda
936 3518 1345 3563 commemorat.

515 3602 662 3667 Idem
692 3601 888 3658 fecisse
907 3599 1153 3657 Justinus
1174 3602 1228 3659 in
1267 3615 1401 3657 vero
1444 3597 1669 3668 Dialogo
1700 3597 1936 3659 videtur,
1967 3611 2030 3651 ac

444 3696 498 3758 in
526 3695 665 3751 lictis
693 3693 867 3762 Plato,
918 3696 1010 3765 qui
1058 3694 1339 3755 Socratem
1392 3694 1579 3751 decem
1639 3691 1706 3745 de
1751 3689 2027 3759 republica

443 3790 612 3853 libros
639 3806 749 3847 una
778 3790 921 3848 serie
948 3789 1322 3845 devolventem
1350 3787 1585 3852 inducit,
1609 3784 1759 3851 nulla
1801 3796 2030 3852 prorsus

444 3883 937 3951 intermissionum,
969 3899 1106 3953 quas
1137 3881 1431 3938 identidem
1463 3879 1579 3935 ﬁeri
1612 3893 1715 3947 par
1743 3885 1886 3940 erat,
1923 3876 2028 3929 ba-

445 3976 559 4032 hita
594 3975 830 4032 ratione.
865 3976 996 4032 Utar
1020 3976 1128 4030 alio
1149 3972 1399 4042 exemplo
1434 3972 1578 4042 quod
1612 3971 1787 4040 magis
1811 3968 2030 4038 apposi-

445 4077 560 4125 tum
591 4068 828 4124 videtur.
858 4068 1110 4139 Dialogus
1164 4068 1230 4122 de
1265 4066 1385 4124 Vita
1420 4064 1480 4120 S.
1506 4064 1735 4119 Joannis
1790 4062 2029 4131 Chryso-

443 4159 607 4223 stomi
632 4159 776 4215 inter
797 4158 1092 4217 Palladiqu
1117 4158 1431 4227 episcopum
1458 4164 1511 4210 et
1542 4155 1885 4209 Theodorum
1911 4151 2029 4204 dia-

446 4265 644 4307 conum
674 4250 912 4314 habitus,
945 4263 1117 4320 usque
1146 4249 1214 4302 ad
1244 4248 1387 4303 diem
1432 4255 1687 4314 quartum
1729 4245 2028 4313 productus

443 4344 568 4413 fuit,
609 4354 671 4399 ut
701 4352 851 4413 patet
882 4357 948 4395 ex
990 4356 1039 4410 p.
1088 4340 1216 4403 162,
1264 4341 1355 4393 ubi
1401 4336 1677 4393 Palladius
1737 4333 2029 4392 nonnullos

445 4444 858 4501 commemorat,
905 4434 971 4487 de
1026 4433 1225 4502 quibus
1283 4446 1342 4485 se
1399 4427 1797 4483 nudiustertius
1851 4427 2027 4494 egisse

447 4540 681 4587 testatur
702 4569 719 4594 ,
747 4525 891 4584 οὗτοι
917 4528 1022 4581 εἰσι
1051 4526 1181 4598 περὶ
1207 4518 1281 4579 ὧν
1304 4524 1493 4596 τρίτην
1521 4524 1733 4594 ἡμέραν
1763 4519 2028 4591 διηγησά-

2142 2013 2207 2058 tu:
2245 2013 2614 2071 tempestates.
2645 2001 2901 2057 Testatur
2929 2001 3176 2056 Justinus
3206 2002 3250 2033 "
3286 2002 3492 2070 ubique
3551 2008 3719 2052 terra~

2140 2111 2257 2149 rum
2294 2097 2336 2150 si
2368 2096 2489 2164 quis
2516 2112 2582 2149 ex
2613 2095 2908 2163 gentilibus
2940 2110 2971 2148 a
2999 2095 3315 2151 Christiano
3342 2106 3497 2162 patre
3528 2100 3620 2145 aut
3648 2092 3715 2146 vi-

2136 2188 2283 2248 cino,
2309 2197 2401 2239 aut
2430 2185 2539 2240 tilio
2571 2196 2667 2239 aut
2688 2186 2866 2241 amico
2891 2198 2983 2242 aut
3016 2186 3190 2242 fratre
3234 2194 3331 2239 aut
3385 2184 3607 2248 marito,
3631 2193 3714 2236 aut

2138 2292 2308 2332 uxore
2343 2279 2413 2334 ob
2441 2279 2699 2335 delictum
2734 2279 3191 2348 reprehendatur,
3218 2278 3401 2332 statim
3431 2292 3559 2331 eum
3594 2291 3714 2345 epe-

2137 2382 2252 2421 ram
2281 2370 2432 2437 dare,
2469 2379 2527 2424 ut
2568 2384 2857 2425 censorem
2906 2384 3061 2424 suum
3117 2367 3169 2421 in
3207 2366 3479 2435 iudicium
3533 2366 3715 2434 capitis

2134 2470 2398 2516 arcessat.
2433 2461 2490 2517 Si
2521 2464 2645 2532 quis
2673 2474 2854 2519 autem
2886 2463 3150 2518 fateretur
3178 2476 3236 2516 se
3271 2473 3394 2528 esse
3451 2457 3713 2512 Christia-

2134 2567 2283 2616 num,
2320 2554 2456 2608 satis
2478 2554 2889 2622 causzejudices
2915 2556 3215 2621 habebant,
3248 2567 3349 2607 cur
3381 2565 3510 2604 eum
3540 2550 3716 2601 statim

2132 2652 2305 2703 morte
2332 2644 2677 2703 damnarent.

2205 2734 2265 2789 ll.
2299 2734 2513 2793 Nemini
2546 2754 2680 2794 sane
2708 2739 3081 2795 tristissimum
3113 2747 3329 2808 tempus
3357 2738 3483 2808 plus
3518 2737 3717 2792 doloris

2132 2828 2326 2884 atl'erre
2353 2830 2560 2899 debuit,
2591 2847 2754 2902 quam
2818 2834 2877 2888 S.
2942 2832 3164 2903 martyri
3198 2830 3436 2899 Justino,
3490 2842 3605 2885 tum
3656 2829 3718 2883 ob

2131 2922 2391 2977 eximium
2421 2922 2681 2979 Ecclesiae
2703 2940 2967 2990 amorem,
3018 2941 3126 2995 quo
3179 2933 3325 2980 lotus
3366 2923 3590 2977 videtur
3638 2937 3719 2973 ar-

2129 3016 2286 3081 sisse,
2318 3024 2426 3079 tum
2450 3015 2575 3082 quia
2607 3032 2729 3071 cum
2774 3033 2963 3086 pacem
3018 3016 3275 3073 Ecclesia:
3325 3015 3395 3070 ab
3450 3013 3720 3068 Antonino

2130 3117 2228 3174 pro
2247 3118 2341 3159 sua
2376 3104 2514 3158 virili
2545 3114 2697 3174 parte
2727 3106 3094 3175 impetrasset,
3142 3106 3362 3161 labores
3393 3121 3525 3160 suos
3557 3120 3587 3159 a
3621 3107 3721 3159 dxe-

2132 3195 2381 3251 monibus
2408 3197 2576 3249 everti
2609 3197 2847 3251 videbat.
2877 3199 2983 3257 Sed
3010 3213 3130 3253 cum
3160 3199 3325 3266 probe
3360 3198 3533 3251 sciret
3566 3197 3721 3251 Chri-

2132 3291 2361 3351 stianos,
2395 3287 2522 3343 dum
2568 3290 2649 3344 sic
2701 3290 3047 3355 occiduntur,
3080 3292 3146 3345 ab
3183 3291 3445 3360 improbis
3491 3291 3723 3345 dominis

2131 3382 2197 3434 ad
2223 3386 2486 3452 optimutn
2516 3393 2725 3453 patrem
2754 3382 2922 3437 Deum
2954 3382 3245 3453 proﬁcisci,
3299 3398 3406 3437 non
3453 3383 3722 3437 dubitavit

2130 3476 2183 3529 in
2211 3474 2447 3529 medium
2472 3474 2764 3529 discrimen
2804 3488 2927 3528 sese
2960 3474 3255 3543 conjicere,
3290 3482 3344 3526 et
3402 3472 3469 3526 ad
3529 3472 3722 3526 confu-

2132 3567 2323 3622 tandos
2346 3566 2719 3638 philosophos,
2745 3567 2837 3636 qui
2871 3566 3031 3636 huius
3058 3564 3295 3620 incendii
3328 3563 3419 3617 lax
3467 3579 3597 3618 esse
3650 3564 3725 3615 vi-

2131 3661 2422 3726 debantur,
2451 3674 2667 3713 omnem
2716 3661 2883 3713 animi
2912 3659 2996 3713 sui
3028 3658 3134 3711 vim
3165 3658 3417 3711 incitavit
3438 3656 3486 3687 ¹⁸
3515 3674 3529 3709 :
3573 3655 3724 3710 Veri-

2130 3761 2290 3806 tatem
2314 3753 2634 3819 pra'dicans,
2659 3751 2796 3820 gula:
2823 3762 2871 3803 et
2895 3750 3103 3819 fraudis
3134 3749 3255 3803 illos
3281 3748 3561 3818 arguebat,
3591 3756 3727 3803 teste

2132 3844 2383 3909 Tatiano,
2414 3859 2563 3898 num.
2589 3843 2676 3908 i9.
2706 3843 2985 3912 Prmcipue
3007 3856 3130 3896 cum
3158 3841 3363 3911 Cynico
3392 3841 3713 3904 Crescente,

2130 3937 2350 3992 homine
2381 3937 2636 3992 omnibus
2663 3936 2810 3990 vitiis
2834 3934 3201 3997 notatissimo,
3233 3934 3462 4003 gradum
3498 3932 3729 3988 contulit

2132 4026 2316 4084 multis
2344 4027 2712 4090 audientibus,
2769 4024 2996 4097 ejusque
3037 4039 3309 4079 summam
3366 4039 3588 4089 eorum,
3614 4040 3729 4093 qua:

2130 4120 2503 4181 asseverabat,
2531 4118 2949 4189 ignorationem
2971 4128 3067 4182 aut
3104 4132 3313 4181 eorum,
3343 4130 3467 4185 qua:
3501 4117 3729 4177 sciebat,

2129 4209 2620 4273 dissimulationem
2653 4210 2854 4263 nemini
2880 4209 3096 4267 dubiant
3119 4207 3357 4278 reliquit,
3390 4224 3519 4261 cum
3550 4208 3732 4277 provi-

2128 4304 2303 4368 deret,
2329 4304 2381 4357 id
2408 4304 2551 4372 quod
2591 4317 2693 4357 usu
2718 4304 2926 4368 evenit,
2949 4284 3404 4373 superbissimum
3445 4302 3732 4356 hominem

2128 4404 2384 4465 acceptas
2410 4394 2595 4465 plagas
2638 4394 2907 4465 sanguine
2957 4395 3181 4449 vietoris
3219 4394 3600 4464 expiaturuut.
3642 4396 3731 4450 Vi-

2130 4488 2289 4540 detur
2314 4487 2478 4541 latius
2506 4500 2758 4539 manasse
2788 4486 2950 4554 huius
3003 4485 3255 4557 colloquii
3311 4484 3495 4552 fama;
3534 4504 3602 4542 ac
3632 4491 3731 4539 du-

738 4578 1033 4676 ιέὧέηὲξι
1070 4578 1277 4686 Βξηιοεί
1312 4578 1669 4676 ςὀηιξηυξςῑίά,
1701 4624 1761 4667 ιη
1785 4578 2035 4681 ῳὶξηςινὶε
2065 4610 2111 4665 D
2141 4581 2277 4635 bitat
2302 4580 2419 4648 ipse
2444 4578 2689 4634 Justinus
2719 4595 2900 4633 annon
2925 4580 3089 4632 etiam
3123 4579 3187 4630 ad
3238 4593 3399 4634 aures
3432 4579 3737 4669 imperato-

2143 4675 2217 4696 _2_
2249 4675 2555 4696 ..Α--.-ηΑ-ῐ.
2631 4673 2743 4696 n..--
2768 4675 2781 4696 Ι
2839 4674 2880 4696 ..ἒ
2937 4676 3111 4696 --.2--..ρ
3172 4674 3229 4696 -.Ι
3290 4687 3377 4696 Αμι.
3435 4674 3617 4696 Ᾰέη--,,.
3642 4680 3699 4696 1.·

447 4715 798 4769 intermissus
846 4721 902 4765 et
944 4709 1210 4780 repetitus
1268 4708 1453 4775 fuerit,
1486 4710 1632 4761 nullo
1666 4708 1897 4775 vestigio
1940 4715 2036 4760 aut

455 4804 618 4857 linem
651 4802 812 4857 unius
834 4801 1093 4871 colloquii
1120 4802 1533 4854 animadvertas
1566 4808 1661 4855 aut
1701 4798 1912 4873 initium
1945 4813 2033 4854 se-

447 4899 687 4973 quentis.

1032 4987 1261 5045 CAPUT
1303 4987 1411 5041 Vlll
1428 5028 1441 5040 .

768 5105 840 5159 De
869 5106 1101 5159 secunda
1127 5105 1379 5174 Apologia
1412 5102 1474 5160 S.
1500 5101 1724 5175 Justini.

449 5223 487 5273 1.
528 5220 820 5277 Persecutio
851 5219 941 5268 sub
964 5218 1140 5267 Marco.
1186 5216 1248 5264 Il.
1275 5217 1455 5265 Justini
1487 5218 1880 5264 concertationes
1919 5227 2029 5262 cum

509 5287 795 5333 t;resccnte.
824 5280 905 5327 111.
936 5280 1009 5327 De
1033 5279 1330 5338 martyribus
1355 5279 1403 5326 in
1424 5277 1637 5325 secunda
1661 5278 1897 5338 Apologia
1923 5277 2032 5324 lau-

507 5350 653 5396 datis.
679 5342 760 5390 IV.
781 5342 919 5391 Hanc
939 5341 1097 5397 Marco
1116 5343 1322 5393 Aurelio
1365 5348 1421 5389 et
1446 5340 1597 5389 Lucio
1635 5340 1768 5387 Vero
1795 5339 2028 5402 probatur

505 5410 717 5457 oblatam
732 5404 899 5454 fuisse.

518 5515 555 5569 Ι.
589 5513 708 5580 Quo
735 5528 877 5566 anno
910 5512 1137 5565 Romam
1178 5526 1430 5565 reversus
1481 5512 1553 5565 sit
1602 5509 1870 5573 Justinus,
1909 5517 2027 5560 sta-

450 5615 597 5671 tuere
629 5621 733 5659 non
768 5620 1051 5674 possumus
1084 5620 1098 5657 :
1135 5603 1355 5656 ntininte
1383 5603 1627 5666 dubium,
1652 5601 1783 5670 quin
1825 5600 1926 5654 hac
1974 5600 2025 5655 in

519 5774 564 5822 ν
596 5772 742 5841 Psal.
779 5790 996 5840 σιω-ιιι,
1034 5776 1082 5848 1,.
1162 5776 1206 5805 δ’*
1238 5773 1391 5846 Apol.
1432 5791 1486 5828 ιι.
1529 5776 1573 5828 l.

1656 5775 1697 5805 ⁵⁵
1733 5773 1888 5843 Apol.
1918 5772 1976 5839 2,
2010 5789 2070 5828 tt.
2104 5771 2157 5837 1,

2143 4675 2221 4729 ris
2249 4675 2579 4744 pervenerit.
2630 4673 2781 4739 Quod
2837 4674 2881 4727 si
2936 4676 3114 4728 minus
3162 4674 3231 4727 ad
3286 4687 3379 4727 eos
3430 4674 3737 4745 disputatio

2141 4767 2369 4838 perlata,
2396 4776 2639 4838 paratum
2680 4783 2738 4821 se
2768 4782 2887 4821 esse
2921 4767 3194 4837 significat
3250 4781 3441 4819 rursus
3487 4767 3601 4822 illis
3637 4786 3738 4822 au—

2145 4858 2417 4912 dientibus
2439 4850 2720 4913 Crescenii
2756 4860 3083 4926 quaestiones
3140 4872 3365 4928 ponere.
3403 4857 3501 4910 Sin
3548 4873 3736 4913 autem

2143 4949 2221 5004 eis
2273 4948 2504 5017 cognita:
2566 4948 3022 5017 interrogationes
3074 4956 3128 5002 et
3182 4948 3595 5015 responsiones,
3633 4964 3737 5003 non

2142 5044 2504 5113 dtthitatquin
2550 5043 2897 5099 Crescentem
2952 5050 3045 5095 attt
3099 5040 3233 5094 nihil
3288 5041 3739 5097 Christianarum

2140 5152 2320 5191 rerum
2364 5138 2525 5203 scire,
2573 5147 2666 5190 aut
2717 5138 2759 5190 si
2819 5137 2974 5198 sciat,
3030 5136 3280 5202 ignavum
3339 5150 3563 5204 eorum,
3617 5154 3741 5206 qua:

2138 5230 2261 5293 scit,
2288 5230 2745 5283 dissimulatorem
2802 5243 2921 5280 esse
2977 5226 3367 5282 intellexerint.
3429 5227 3524 5282 Sic
3582 5233 3741 5284 enim

2136 5321 2499 5390 peragebatur
2529 5319 2799 5372 Justinum
2828 5319 2967 5373 inter
2990 5326 3043 5370 et
3088 5316 3437 5374 Crescentem
3496 5334 3741 5374 concer-

2138 5412 2273 5467 tatio
2321 5431 2334 5467 :
2397 5426 2519 5465 cum
2576 5400 2790 5480 publice
2846 5411 3165 5481 praedicaret
3210 5411 3483 5467 Crescens
3535 5416 3743 5471 atheos

2137 5520 2260 5558 esse
2287 5514 2342 5556 et
2376 5502 2573 5571 impios
2599 5502 2965 5566 Christianos,
2996 5502 3370 5571 interrogabat
3400 5519 3525 5557 eunt
3554 5503 3741 5561 Justi-

2139 5613 2240 5650 nus
2302 5616 2315 5651 :
2372 5595 2735 5665 respondebat
2793 5594 2882 5651 ille
2928 5605 2982 5651 et
3034 5597 3417 5665 responsiones
3477 5598 3604 5669 eius
3660 5603 3741 5657 sic

2233 5770 2279 5803 ³⁸
2317 5770 2476 5838 Apol.
2508 5769 2563 5835 ‘2,
2590 5786 2643 5823 n.
2678 5770 2731 5823 5.
