3792 6524
114 363 197 421 155

1048 362 1113 419 D.
1150 364 1417 422 MARANI
1450 368 1843 428 PRASFA'l-‘IO.
1875 404 1943 416 --
1974 373 2154 431 PARS
2176 374 2274 433 'Ill.

3225 385 3331 442 ΙΝ

111 486 355 541 refellebat
378 485 634 549 Justinus,
669 496 730 542 ιιι
757 502 879 543 eum
909 499 1005 545 aut
1028 492 1288 563 ignoratae
1338 505 1433 549 aut
1485 498 1645 553 dissi-
1675 507 1717 562 Α
1750 503 1821 555 Ita
1860 503 2003 559 enim
2049 519 2106 558 se
2148 511 2392 572 gesserat
2439 501 2492 555 in
2527 499 2701 569 prima
2741 497 3021 570 Apologia.
3053 498 3170 555 Non
3214 509 3327 557 tam

110 581 290 635 mulatae
316 579 734 634 Cbrisdanorum
764 582 1027 638 doctrina:
1057 586 1292 642 crimine
1347 601 1641 655 premeret.

111 672 390 726 llallucinati
427 682 552 727 sunt
582 675 678 743 qui
722 675 1073 732 Crescentem
1116 694 1341 736 summas
1398 684 1641 739 omnium

110 782 257 821 rerum
285 765 626 834 ignorationis
656 768 966 823 convictum
1022 768 1189 825 fuisse
1243 783 1462 841 putant.
1523 775 1642 831 Non

108 858 227 912 enim
252 858 311 911 de
334 857 487 913 rebus
509 858 647 914 inter
673 862 1022 932 philosOphos
1060 867 1258 936 agitari
1306 870 1482 925 solitis
1508 886 1645 926 con-

111 958 327 1011 troversia
368 966 502 1021 erat,
550 959 642 1014 sed
703 962 768 1016 de
825 961 1133 1019 Christiana
1192 965 1488 1038 religione;
1539 984 1642 1025 nec

111 1049 402 1103 Crescentem
430 1048 676 1106 Justinus
703 1055 943 1127 omnium
976 1073 1156 1112 rerum
1217 1059 1465 1130 ignarum
1520 1078 1645 1119 esse

112 1141 328 1204 declarat,
355 1142 443 1195 sed
477 1159 650 1197 rerum
684 1155 1011 1202 nostrarum.
1045 1148 1160 1205 Non
1195 1167 1300 1206 una
1332 1162 1428 1208 aut
1466 1154 1639 1210 altera

109 1232 276 1285 exstitit
300 1242 499 1287 tantum
530 1234 748 1293 Justino
780 1254 904 1294 cum
934 1241 1232 1299 Crescente
1264 1248 1509 1301 certandi
1537 1262 1638 1303 oc-

109 1323 239 1379 casio.
269 1321 409 1393 Saepe
437 1326 695 1383 iteratum
736 1332 1006 1399 praelium.
1063 1336 1330 1391 Crescens
1380 1338 1640 1396 insectari

108 1414 330 1489 Justinum
359 1426 413 1472 et
442 1419 731 1476 Tatianum
786 1439 892 1478 non
952 1427 1252 1487 desinebat.
1310 1447 1331 1483 ι
1363 1430 1639 1497 Quosnam

110 1518 250 1562 autem
274 1509 727 1581 philosophorum,
774 1515 948 1587 inquit
1002 1518 1287 1583 Tatianus.
1341 1539 1492 1578 nunt.
1546 1526 1638 1591 l9,

111 1599 184 1652 nisi
206 1617 288 1657 nos
308 1603 441 1657 solos
465 1602 728 1661 insectari
756 1609 1005 1665 solebat?
1034 1630 1053 1663 ι
1087 1611 1341 1666 Testatur
1372 1615 1639 1670 Eusebius

108 1710 210 1761 sape
231 1696 275 1749 in
306 1695 537 1765 Dialogis
568 1701 763 1754 victum
794 1720 826 1755 α
850 1702 1065 1757 Iustino
1090 1704 1271 1758 multis
1299 1708 1638 1762 audientibus

111 1785 399 1849 Crescentem,
439 1790 727 1857 πλεονάκις
764 1796 823 1847 ὲν
858 1795 1135 1863 Διαλότοις
1160 1798 1446 1868 ἀκροατῶν
1490 1816 1636 1871 παρ-

108 1876 233 1929 όντων
254 1878 464 1944 εὐθύνας
492 1884 675 1939 αὐτόν.
710 1885 759 1938 Η
769 1889 881 1954 ist.,
910 1904 985 1952 tv,
1009 1888 1097 1942 16.

160 1966 227 2021 Ill.
259 1968 446 2025 Praeter
492 1989 839 2031 communem
904 1980 1144 2033 omnium
1196 1980 1634 2039 Christianorum

109 2062 489 2128 persecutionem,
525 2066 741 2137 insigne
764 2072 1036 2140 quoddam
1071 2074 1415 2129 crudelitatis
1458 2077 1636 2143 speci-

109 2164 198 2202 men
219 2150 378 2205 Romae
406 2156 609 2209 editum
635 2167 739 2222 est,
770 2159 915 2228 quod
945 2160 1165 2217 Justino
1218 2165 1434 2219 animos
1478 2167 1636 2220 addi-

108 2241 180 2305 dit,
222 2251 269 2295 ut
306 2244 521 2301 alteram
578 2249 890 2320 Apologiam
945 2251 1263 2324 imperatori
1292 2255 1362 2309 Μ.
1411 2258 1637 2315 Aurelio

110 2329 295 2389 ollerret.
319 2335 626 2393 Christiana
658 2342 871 2403 mulier.
891 2358 1014 2398 cum
1041 2346 1213 2400 virum
1253 2346 1487 2404 haberet
1514 2364 1635 2405 om-

109 2424 226 2478 nibus
250 2427 381 2483 vitiis
430 2431 697 2499 deditum,
731 2435 865 2489 nihil
913 2437 1234 2493 intentatum
1282 2440 1524 2511 reliquit,
1575 2451 1635 2498 ut

108 2530 196 2569 eum
218 2518 274 2572 ad
315 2522 577 2577 saniorem
632 2537 869 2581 mentem
921 2539 1203 2585 revocaret
1233 2531 1303 2587 ³⁷.
1358 2531 1466 2588 Sed
1508 2550 1632 2589 cum

109 2608 262 2661 nullam
285 2625 421 2677 spem
471 2616 598 2670 vita:
652 2617 894 2674 melioris
923 2620 1167 2688 all‘erret,
1217 2625 1433 2679 tandem
1480 2626 1632 2681 illum

109 2714 209 2789 uxor
233 2702 472 2771 repudiat.
511 2706 609 2763 llle
652 2712 838 2765 statim
892 2726 1014 2767 eam
1069 2726 1315 2783 accusat,
1362 2721 1506 2789 quod
1563 2722 1635 2776 sit

107 2788 377 2849 Christiana.
407 2798 477 2852 At
503 2800 705 2855 mulier
755 2804 823 2857 ab
869 2805 1200 2875 imperatore
1253 2788 1529 2880 impetrat,
1574 2825 1633 2869 ut

108 2881 182 2936 sibi
207 2883 343 2940 liceat
388 2889 570 2945 domui
624 2895 931 2959 providere,
981 2910 1275 2969 antequam
1320 2905 1631 2961 vadimonio

109 2979 383 3044 respondeat.
411 2982 545 3038 Tum
578 2988 809 3042 maritus
834 2990 887 3043 in
923 2990 1296 3063 Ptolemaeum,
1330 2999 1423 3067 qui
1464 3000 1634 3069 ipsius

110 3081 277 3122 uxorem
304 3070 352 3125 in
382 3071 695 3130 Christiana
735 3078 998 3149 religione
1025 3085 1327 3152 erudierat,
1385 3087 1629 3145 furorem

108 3173 222 3214 suum
246 3167 509 3275 cq‘nvertit.
542 3170 672 3237 Agit
699 3188 821 3226 cum
852 3176 1199 3243 centurione,
1232 3179 1318 3234 cui
1346 3191 1468 3237 erat
1489 3184 1629 3239 ami-
1656 3214 1702 3275 ο

110 3263 194 3314 cus,
218 3262 267 3307 ut
283 3252 621 3313 Ptolemaeum
656 3265 1106 3335 comprehendat,
1138 3271 1300 3341 idque
1330 3290 1494 3328 unum
1543 3277 1629 3332 in-

111 3348 291 3413 terroget
316 3363 374 3401 an
404 3349 760 3409 Christianus
783 3357 873 3420 sit,
903 3368 958 3413 et
989 3361 1339 3418 conﬁtentem
1365 3366 1417 3421 in
1440 3382 1630 3423 carce-

111 3450 190 3490 rem
210 3438 443 3497 includat.
474 3445 686 3500 Morem
736 3447 784 3502 ei
829 3450 971 3517 gerit
1009 3456 1280 3511 centurio.
1305 3456 1631 3515 Ptolemzeus

109 3527 408 3589 Christianum
459 3553 518 3593 se
570 3554 694 3595 esse
750 3545 1062 3612 profitetur,
1095 3556 1149 3603 et
1182 3549 1235 3603 in
1268 3564 1493 3606 carcere
1534 3553 1626 3606 ditt

111 3617 298 3718 alllictus,
328 3628 535 3683 tandem
590 3644 776 3685 coram
844 3634 1045 3692 Urbico
1080 3639 1335 3706 pra-lecto
1380 3641 1628 3707 sistitur;

112 3718 257 3768 uerum
276 3718 569 3783 conﬁtetur,
607 3733 662 3777 et
685 3735 860 3782 morte
889 3728 1198 3786 damuatttr.
1238 3729 1374 3787 Tum
1414 3748 1539 3788 cum
1563 3735 1633 3791 ad

110 3806 360 3896 supplicium
406 3813 722 3882 duceretur,
778 3822 1020 3874 occurrit
1054 3823 1256 3880 Lucius
1296 3827 1517 3896 quidam
1575 3839 1631 3882 et

112 3894 259 3989 Urbico
288 3904 817 3979 injustumjudicium
839 3914 1159 3981 exprobrat.
1184 3894 1325 3971 Tum
1342 3918 1632 3989 praefectus

112 3987 155 4039 ad
177 3995 406 4051 eutnchu
434 4014 655 4069 quoque
676 4016 743 4056 ex
774 4001 877 4056 hoc
916 4003 1198 4061 hominum
1250 3987 1456 4079 genere
1507 4029 1631 4071 esse

112 4083 203 4135 mihi
226 4086 443 4145 videris.»
459 4091 664 4147 Lucius
695 4095 1047 4163 respondetzt
1068 4096 1437 4167 Maximepac
1464 4104 1628 4162 simul

112 4184 198 4226 cum
219 4172 653 4252 Ptolemzeojussu
688 4185 929 4255 prmfecti
957 4190 1251 4259 abripitur.
1289 4191 1478 4253 Tertio
1520 4200 1632 4253 cui-

113 4263 200 4317 dam
220 4278 589 4339 supervenienti
630 4279 821 4334 eadem
854 4294 1018 4349 poena
1043 4282 1339 4354 irrogatur.
1363 4286 1490 4342 Haec
1513 4305 1541 4343 a
1568 4291 1627 4350 S.

113 4369 290 4450 tuartyre
313 4381 599 4425 narrantur
626 4372 679 4425 in
706 4374 943 4428 secunda
967 4376 1247 4448 Apologia,
1281 4396 1446 4449 quam
1502 4385 1629 4450 qui-

113 4443 214 4517 dem,
238 4456 323 4511 etsi
348 4458 396 4514 in
427 4463 760 4520 editionibus
799 4443 1038 4536 Operum
1083 4443 1482 4540 Justini-prima
1514 4443 1631 4530 col-

114 4540 283 4615 locatur,
310 4551 376 4606 ita
406 4564 584 4612 tamen
628 4570 842 4614 constat
890 4562 1249 4631 posteriorem
1283 4580 1428 4633 esse,
1458 4578 1516 4623 ut
1558 4584 1621 4623 ea
1654 4571 1700 4626 D

114 4634 222 4728 dere
242 4645 450 4703 otiosum
488 4650 563 4705 sit
582 4649 879 4707 disserere.
980 4640 981 4643 η
1452 4722 1459 4728 .

163 4726 227 4786 IV.
250 4733 541 4798 Inscr-ibitur
577 4747 785 4800 senatui
822 4748 937 4801 haec
967 4750 1185 4816 oratio;
1238 4752 1360 4807 addi
1409 4726 1619 4822 potuis-

114 4830 251 4918 aeaut
289 4831 335 4885 in
365 4838 555 4904 prima,
576 4848 651 4892 oet
692 4838 886 4908 populo
928 4839 1189 4896 Romano.
1220 4842 1339 4913 Ipse
1368 4843 1618 4904 Justinus

116 4913 229 5011 initio
266 4918 524 4982 Romanos
570 4930 891 5000 compellat;
941 4932 1199 5002 deinceps
1243 4944 1424 4990 autem
1468 4938 1615 4995 solos

115 5018 396 5108 imperatores
425 5034 440 5069 :
469 5034 536 5074 ex
586 5036 696 5090 quo
742 5020 919 5092 colligi
973 5033 1154 5091 potest
1185 5026 1250 5080 ad
1300 5029 1611 5098 exemplum

116 5106 251 5196 Plutia:
278 5106 497 5165 oblatam
529 5113 697 5168 fuisse
732 5113 1179 5182 imperatoribus,
1215 5129 1273 5172 ut
1299 5119 1465 5174 libelli
1487 5139 1615 5190 sup-

115 5186 223 5280 plicis
256 5200 524 5268 cognitores
574 5219 783 5271 secum,
835 5208 1287 5275 quemadmodum
1337 5211 1389 5265 in
1435 5186 1611 5280 prima

118 5276 311 5354 loquitur,
343 5294 669 5351 asciscerent
715 5308 964 5351 senatum
1004 5301 1372 5371 populumque
1412 5276 1614 5361 lioma-

119 5376 352 5465 numJllud
377 5394 553 5443 autem
582 5388 766 5441 mirari
796 5390 962 5452 subit,
995 5406 1093 5445 cur
1116 5409 1222 5446 non
1256 5396 1491 5465 postulet
1518 5398 1613 5453 Ju-

120 5463 240 5560 stinus
279 5473 325 5525 in
361 5476 462 5532 hac
492 5477 779 5550 Apologia,
810 5492 869 5536 ut
911 5483 1210 5540 Christiani
1258 5463 1452 5543 eodem
1505 5492 1614 5546 sint

212 5577 263 5618 ac
286 5565 460 5638 reliqui
493 5571 775 5638 homines;
804 5588 903 5628 cur
938 5592 1040 5631 non
1080 5578 1498 5649 imperatoribus
1522 5585 1617 5640 ob-

119 5651 221 5713 iiciat
256 5659 489 5718 Antonini
532 5664 745 5721 litteras
790 5668 843 5721 in
891 5668 1121 5736 gratiam
1154 5670 1613 5732 Christianorum.

168 5822 197 5854 ⁵⁷
227 5829 355 5900 Apol.
386 5834 440 5901 2,
468 5854 522 5891 n.
557 5838 611 5893 Ξ.
690 5838 735 5872 ⁸⁸
766 5838 826 5895 Ν.
864 5839 929 5896 Η
959 5852 1009 5896 et
1044 5841 1112 5897 15

1751 598 1880 651 mihi
1908 599 2124 652 videtur
2156 597 2269 650 lucc
2298 596 2549 651 omisisse
2576 592 2823 649 Justinus
2842 633 2857 660 ,
2898 596 3043 663 quod
3086 594 3326 649 Marcum

1746 694 1933 761 prima:
1960 690 2234 760 Apologia
2261 703 2558 744 memorem
2591 704 2715 744 esse
2745 689 3021 750 crederet,
3048 702 3147 741 nec
3167 701 3333 755 egere

1746 794 1804 836 ut
1829 784 1943 837 hzec
1970 782 2020 835 ei
2052 783 2103 834 in
2140 780 2457 835 memoriam
2482 789 2827 843 revocentur,
2860 796 3021 847 quam
3045 781 3189 849 quod
3216 794 3331 830 ma-

1746 871 1976 926 levolum
2010 871 2153 925 illius
2179 870 2419 923 animum
2451 871 2685 925 molliter
2710 872 3050 924 tractandqu
3083 884 3206 924 esse
3233 869 3333 920 dn-

1743 974 1912 1031 ceret,
1942 980 2040 1019 nec
2062 965 2318 1019 Antonini
2354 966 2531 1034 legum
2559 972 2613 1018 et
2647 963 3044 1032 exemplorum,
3072 976 3100 1015 a
3132 961 3330 1029 quibus

1744 1059 1987 1126 prudens
2016 1068 2071 1112 et
2095 1060 2277 1114 sciens
2306 1058 2653 1121 discedebat,
2687 1054 3210 1110 commemoratione
3238 1053 3330 1107 la:-

1743 1148 2003 1205 dendum.
2040 1150 2233 1222 Itaque
2272 1152 2353 1207 sic
2402 1166 2526 1207 cum
2551 1166 2616 1205 eo
2640 1151 2791 1219 agit,
2822 1149 2980 1217 quasi
3008 1148 3151 1201 nulla
3184 1147 3329 1202 illius

1742 1242 1925 1311 culpa,
1974 1243 2125 1298 nullo
2181 1243 2445 1298 mandato
2500 1242 2813 1313 persecutio
2860 1240 3167 1296 szeviret“.
3214 1238 3330 1294 Hoc

1741 1351 1909 1391 unum
1938 1339 2075 1408 petit
2120 1338 2191 1393 ab
2240 1338 2699 1409 imperatoribus,
2739 1346 2797 1391 ut
2838 1336 3134 1406 supplicem
3179 1335 3328 1389 hunc

1742 1428 1987 1484 libellum
2039 1431 2369 1485 auctoritate
2426 1426 2958 1499 sua‘comprobent;
3003 1437 3131 1482 tunc
3181 1426 3326 1480 enim

1740 1521 1862 1578 fore
1893 1532 1952 1578 ut
1975 1539 2099 1578 eum
2129 1524 2385 1579 omnibus
2409 1523 2698 1579 ostendat:
2729 1524 2929 1592 quippe
2956 1536 3080 1574 cum
3111 1521 3161 1574 id
3195 1535 3325 1589 pro-

1741 1613 1975 1683 positum
2006 1614 2108 1669 sibi
2140 1614 2303 1668 fuerit
2326 1654 2340 1678 ,
2375 1622 2433 1667 ut
2468 1614 2560 1682 qui
2589 1612 2932 1667 Christianos
2964 1626 3070 1666 non
3098 1619 3322 1677 norunt,

1743 1721 1846 1761 nec
1880 1714 2060 1761 tamen
2101 1721 2198 1761 eos
2226 1705 2474 1760 vexando
2520 1704 2862 1759 excusabiles
2908 1713 3078 1771 sunt,
3120 1702 3188 1757 ab
3222 1702 3327 1757 hac

1745 1798 2007 1853 bonarum
2070 1812 2251 1853 rerum
2302 1798 2644 1864 ignoratione
2700 1796 2925 1851 liberari
2972 1796 3221 1866 possint,
3270 1803 3328 1849 et

1667 1866 1711 1921 Β
1741 1892 2033 1961 perniciem
2060 1932 2076 1956 ,
2114 1906 2281 1960 quam
2330 1891 2680 1959 sibimetipsis
2722 1889 2998 1956 inferunt,
3060 1888 3321 1958 ellugere.

1738 1985 1987 2039 Dubitari
2020 1985 2192 2053 possit
2221 1999 2400 2039 annon
2432 1992 2578 2052 petat
2606 1982 2877 2045 Justinus,
2906 1990 2967 2035 ut
2992 1982 3197 2051 scripto
3225 1980 3326 2035 ali-

1738 2097 1847 2151 quo
1873 2082 1938 2133 ad
1970 2080 2183 2147 judiccs
2219 2079 2391 2132 misso
2422 2077 2636 2132 libellus
2667 2078 2895 2149 supplex
2924 2076 3321 2145 promulgetur.

1736 2172 1890 2228 Hanc
1924 2173 2068 2227 enim
2100 2171 2154 2225 in
2187 2170 2513 2225 sententiam
2546 2168 2718 2237 accipi
2765 2174 2999 2238 possunt
3046 2166 3164 2221 haec
3202 2179 3325 2219 ver-

1735 2264 1803 2318 ba
1822 2304 1840 2331 ,
1868 2262 2143 2336 προθεῖναι
2174 2260 2324 2313 τουτὶ
2348 2260 2408 2314 τὸ
2440 2258 2717 2332 βιϐλίδιον,
2753 2262 2846 2316 ἐὰν
2882 2256 3040 2314 τοῦτο
3086 2257 3333 2328 προγρά-

1710 2367 1892 2421 ιφητε.
1930 2350 2037 2410 Sed
2075 2354 2292 2409 videtur
2322 2349 2573 2407 Justinus
2604 2351 2721 2419 ipse
2747 2358 2982 2400 mentem
3008 2356 3159 2397 suam
3189 2356 3321 2410 ape-

1735 2451 1881 2515 rire;
1938 2446 2321 2518 promulgandi
2388 2443 2555 2499 libelli
2638 2442 2905 2497 rationem
2966 2434 3191 2504 exponit
3239 2432 3325 2486 his

1733 2542 1942 2607 verbis,
1980 2539 2406 2613 ὑπογράψαντας
2439 2537 2500 2591 τὸ
2540 2537 2667 2608 ὑμῖν
2689 2529 2879 2587 δοκοῦν
2899 2572 2915 2596 ,
2946 2527 3323 2583 subscribenles

1734 2631 1874 2701 quod
1896 2632 2041 2685 vobis
2065 2630 2261 2699 placet.
2294 2627 2353 2683 Si
2379 2627 2619 2681 libellum
2650 2625 2753 2679 hoc
2777 2622 2937 2676 modo
2961 2617 3325 2690 promulgent.

1736 2722 1852 2791 ipse
1885 2722 2034 2776 illum
2080 2722 2333 2776 omnibus
2377 2719 2648 2774 ostendet.
2698 2716 2823 2770 Ἐὰν
2871 2713 2928 2767 δὲ
2965 2714 3122 2783 ὑμεῖς
3163 2708 3325 2763 τοῦτο

1731 2815 2087 2887 προγράψητε
2112 2853 2128 2879 ,
2153 2816 2317 2886 ἡμεῖς
2361 2816 2474 2877 τοῖς
2512 2813 2648 2865 πᾶσι
2689 2808 2921 2880 φανερὸν
2974 2806 3323 2874 ποιήσαιμεν.

1738 2925 1759 2960 ι
1795 2907 1852 2961 Si
1874 2906 2029 2960 illum
2057 2905 2418 2975 promulgetis
2446 2902 2855 2975 [subscribentes
2880 2899 3019 2969 quod
3042 2896 3186 2951 vobis
3208 2893 3325 2963 pla-

1732 2996 1858 3069 cet].
1890 2998 2136 3052 omnium
2166 2996 2316 3051 illum
2342 2995 2518 3049 oculis
2546 3005 2903 3062 exponemus.
2945 3007 2963 3041 ι

1806 3087 1924 3146 Utri
1955 3098 2134 3142 autem
2162 3085 2345 3142 oblata
2378 3085 2451 3142 sit
2480 3083 2822 3153 imperatori,
2847 3080 3123 3135 Antonino
3152 3091 3222 3130 an
3246 3072 3320 3127 Μ.

1732 3181 1986 3247 Aurelio,
2034 3181 2086 3234 id
2133 3179 2187 3233 in
2218 3177 2651 3233 controversiam
2681 3174 3024 3230 eruditorum
3074 3164 3323 3223 nonnulli

1735 3283 2022 3331 vocarunt.
2051 3272 2303 3328 Valesius
2329 3270 2606 3325 Antonino
2637 3267 2876 3323 oblatam
2908 3264 3079 3319 fuisse
3094 3270 3323 3318 conten-

1735 3369 1848 3433 dit;
1876 3367 2031 3439 cujus
2051 3365 2330 3434 opinionis
2364 3361 2609 3418 tenenda:
2643 3359 3025 3416 necessitatem
3058 3356 3161 3411 sibi
3216 3355 3321 3407 itu-

1734 3469 1963 3531 ponunt,
2011 3459 2104 3528 qui
2145 3456 2421 3512 Justinum
2466 3455 2567 3509 sub
2614 3452 2894 3507 Antonino
2943 3463 3165 3520 passum
3195 3461 3321 3501 esse

1735 3554 1943 3607 volunt.
1977 3549 2388 3621 Papebrochius
2438 3548 2506 3600 ad
2540 3544 2606 3600 l3
2645 3542 2857 3613 April.,
2901 3540 2992 3595 cui
3025 3538 3320 3607 przeiverat

1736 3643 1985 3713 Scaliger
2012 3643 2065 3696 in
2097 3652 2209 3696 not.
2243 3639 2312 3694 ad
2344 3637 2550 3693 Chron.
2593 3635 2818 3696 Euseb.,
2858 3648 2913 3699 p.
2954 3630 3082 3696 9J9,
3117 3629 3321 3681 laletur

1733 3736 2009 3792 Justinum
2035 3734 2299 3790 obtulisse
2324 3731 2394 3786 Μ.
2426 3729 2650 3785 Aurelio
2680 3726 2991 3796 Apologiam
3012 3762 3030 3789 ,
3072 3723 3165 3779 sed
3196 3736 3317 3777 sam

1733 3830 1900 3886 hodie
1930 3836 2092 3898 negat
2123 3834 2378 3889 exstare;
2412 3823 2561 3877 illam
2589 3829 2927 3888 autem,quae
2960 3830 3108 3871 nunc
3130 3816 3182 3869 in
3203 3828 3322 3866 ma-

1735 3920 1897 3976 nibus
1925 3928 2007 3975 est
2048 3916 2181 3973 nihil
2211 3915 2358 3970 aliud
2388 3928 2510 3969 esse
2540 3927 2702 3982 quam
2754 3908 3130 3980 praefationem
3164 3921 3195 3959 a
3224 3903 3325 3958 ,ιιι-ι

1733 4014 1878 4087 stino
1903 4010 2182 4082 prrelixam
2214 4006 2405 4078 majori
2436 4005 2731 4077 Apologiw,
2768 4017 2933 4073 quant
2971 3999 3164 4055 obtulit
3201 3999 3319 4053 Att--

1735 4105 1944 4160 lonino.

1805 4198 1991 4251 Ruunt
2033 4195 2152 4249 haec
2196 4192 2515 4263 opinionum
2569 4196 2877 4245 commenta
2918 4200 3041 4238 cum
3095 4180 3322 4236 Eusebii

1734 4288 2085 4352 testimonio,
2132 4286 2225 4355 qui
2278 4285 2483 4339 diserte
2535 4282 2781 4337 declarat
2841 4277 3117 4332 Justiuum
3172 4273 3322 4343 apud

1734 4382 2119 4451 imperatorem
2154 4377 2223 4431 Μ.
2251 4376 2529 4431 Aurelium
2572 4373 2832 4430 Ecclesia:
2859 4384 3081 4425 causam
3113 4368 3314 4435 egisse,

1732 4480 1789 4525 et
1816 4486 1883 4525 ex
1918 4471 2006 4524 illa
2034 4468 2290 4538 Apologia
2318 4481 2378 4521 ea
2415 4465 2567 4529 citat,
2595 4479 2717 4533 qua:
2746 4462 2799 4516 in
2829 4463 2933 4515 hac
2963 4468 3149 4521 nostra
3181 4458 3323 4528 legi-t

1733 4576 1887 4625 mus;
1938 4570 2052 4613 tum
2096 4562 2262 4613 etiam
2306 4557 2658 4613 interioribus
2700 4555 2979 4623 jndicandi
3028 4554 3171 4609 nolis
3195 4568 3317 4621 quae

1732 4668 1799 4706 ex
1836 4654 1952 4721 ipsa
1991 4651 2241 4706 oratione
2268 4650 2559 4704 ducuntur.
2590 4648 2721 4702 Nam
2752 4648 2807 4701 1ο
2844 4646 3089 4702 Justinus
3128 4646 3183 4700 iu
3215 4647 3319 4701 hac

1729 4744 1974 4800 secunda
1999 4744 2256 4813 Apologia
2288 4741 2456 4797 multa
2493 4743 2689 4810 tangit,
2722 4755 2842 4809 quae
2873 4738 2985 4808 jam
3028 4738 3163 4791 alias
3194 4754 3317 4792 sese

1726 4840 1934 4895 indicat
1963 4848 2353 4910 pertractasse,
2400 4836 2501 4890 has
2551 4848 2712 4889 voces
2755 4835 3025 4896 intexens,
3052 4832 3128 4895 ὼς
3154 4831 3317 4903 προέη

1728 4949 1932 5004 φημεν,
1980 4940 2038 4985 ut
2062 4932 2182 5002 jam
2231 4930 2491 4991 diximus,
2539 4927 2683 4982 velut
2720 4942 2843 4981 cum
2892 4927 2959 4980 de
2991 4925 3192 4979 Christi
3228 4923 3315 4976 ln—

1722 5024 2038 5081 carnatione
2073 5024 2338 5091 loquitur,
2373 5038 2427 5078 n.
2459 5019 2515 5085 6,
2554 5028 2649 5073 aut
2693 5018 2761 5071 de
2803 5016 3101 5082 Heraclito,
3146 5035 3201 5069 ιι.
3253 5017 3307 5082 8,

1722 5128 1816 5172 aut
1838 5120 1903 5173 de
1928 5119 2112 5173 mundi
2136 5127 2357 5188 propter
2379 5117 2628 5172 homines
2654 5114 2959 5178 creatione,
2995 5130 3048 5167 ιι.
3080 5113 3135 5166 4.
3155 5112 3313 5177 Quod

1722 5210 1767 5265 si
1803 5210 1916 5264 haec
1960 5210 2217 5279 Apologia
2264 5208 2510 5277 quaedam
2566 5206 2733 5262 veluti
2784 5205 3031 5274 praefatio
3088 5201 3311 5267 majoris

1722 5302 1844 5363 fuit,
1877 5301 2063 5355 dicere
2094 5297 2575 5362 dcbuitJttstinus,
2628 5306 2687 5350 ut
2732 5298 2885 5350 modo
2923 5297 3175 5357 dicemus,
3208 5307 3310 5345 κιρ-ι

1722 5404 1994 5460 quaquam
2035 5399 2255 5453 autem,
2298 5397 2356 5441 ut
2380 5388 2499 5457 jam
2529 5389 2783 5442 diximus.
2818 5387 2927 5441 Cur
2972 5394 3151 5438 autem
3194 5382 3308 5450 pris

1722 5503 1868 5542 mam
1900 5487 2205 5558 Apologiam
2238 5488 2416 5542 citans
2445 5485 2692 5541 Justinus
2726 5485 2812 5539 his
2839 5490 3049 5536 tantum
3079 5477 3310 5537 vocibus

1724 5591 1935 5646 utatur,
1986 5589 2042 5634 ut
2080 5581 2197 5653 jam
2235 5580 2469 5636 diximus
2496 5621 2512 5647 ,
2558 5593 2658 5635 nec
2708 5574 3030 5633 nominatim
3067 5572 3305 5643 appellat

1724 5690 1865 5747 opus
1888 5679 1941 5733 in
1980 5693 2088 5749 quo
2119 5677 2231 5734 hmo
2267 5656 2729 5746 pertractaverat,
2762 5670 2813 5729 id
2843 5684 3019 5725 causa:
3043 5667 3253 5727 exsutit
3284 5684 3303 5732 ς
