3792 6496
1326 358 1385 414 S.
1419 352 1757 419 JUSTINUS
1791 344 2276 406 PHILOSOPHUS
2314 344 2403 398 ET
2433 338 2748 397 MARTYR.

3600 330 3701 385 156

434 485 693 555 Apologia
727 485 904 556 prima
936 485 993 539 iu
1017 483 1236 539 silentio
1260 492 1315 537 et
1338 481 1612 537 oblivione
1641 495 1747 535 non
1769 477 2009 546 jacehat,
2044 487 2087 534 A
2118 468 2434 541 pustulavil.
2460 476 2518 520 ιιι
2547 463 2651 519 sibi
2681 460 2835 532 prius
2863 451 3194 556 domhi_'étfm
3219 450 3702 556 prospicgfedife-

436 576 532 630 sed
562 575 615 629 in
644 576 931 630 tabulariis
955 574 1187 645 publicis
1216 573 1458 643 deposita
1478 581 1596 626 erat
1624 586 1689 625 ac
1727 571 2006 624 hominum

437 666 712 722 mentibus
768 667 1030 735 haerebat,
1087 666 1390 737 praesertim
1442 665 1788 735 imperatoris
1842 663 2009 719 Marci

437 756 665 820 Aurelii,
697 772 857 827 quem
886 758 1056 813 latere
1084 773 1189 813 non
1234 768 1445 828 poterat
1479 758 1811 812 Antoninum
1842 755 2011 811 Justi-

436 862 509 901 no
532 849 765 919 benigne
787 860 842 904 et
875 849 1177 907 liberaliter
1202 855 1480 909 annuisse.
1511 852 1711 908 Eadem
1738 854 1804 909 de
1844 868 2009 907 causa

437 954 634 995 nomen
666 957 825 996 suum
856 942 1004 998 brevi
1033 943 1305 1014 Apologia:
1329 960 1434 998 uon
1465 945 1767 1014 inscripsit,
1799 959 1924 999 cum
1955 945 2008 998 id

434 1030 491 1086 in
538 1031 746 1101 majore
793 1050 899 1089 non
949 1035 1256 1100 omisisset;
1309 1037 1437 1104 quia
1470 1037 1680 1092 scilicet
1712 1048 1871 1092 notus
1891 1045 2010 1092 erat

434 1131 548 1178 tum
577 1140 641 1179 ex
675 1125 792 1194 ipso
823 1125 917 1180 illo
945 1140 1129 1194 opere,
1166 1128 1309 1196 quod
1342 1136 1448 1182 tam
1483 1134 1700 1197 optatos
1744 1128 2010 1183 habuerat

433 1229 749 1282 successus,
780 1227 891 1272 tum
925 1232 989 1272 ex
1022 1220 1189 1284 fama,
1214 1236 1378 1290 quant
1422 1221 1535 1289 ipse
1570 1221 1672 1274 sibi
1704 1223 1848 1274 inter
1887 1221 2010 1290 phi-

432 1303 693 1375 losophos
714 1305 946 1361 eruditis
974 1308 1440 1379 disputationibus
1472 1320 1778 1380 pepererat.

501 1393 562 1447 2-
584 1394 717 1450 Cum
750 1397 969 1452 brevem
1002 1401 1307 1469 Apologiam
1338 1401 1561 1457 oll'erret
1584 1403 1828 1458 Justinus
1848 1441 1862 1467 ,
1891 1402 2004 1471 jam

430 1493 546 1540 tum
577 1487 887 1543 Crescentis
919 1490 970 1543 in
1001 1506 1125 1546 eum
1150 1493 1275 1547 odia
1310 1493 1624 1561 fervebant;
1662 1497 1802 1551 diem
1831 1511 1897 1551 ex
1920 1498 2008 1552 die

430 1585 807 1651 exspectabat,
835 1595 893 1640 ut
921 1603 949 1640 a
981 1587 1279 1643 Crescente
1309 1590 1361 1644 in
1386 1589 1648 1660 judicium
1687 1591 1882 1660 capitis
1906 1606 2010 1645 vo-

428 1682 691 1738 caretur,
734 1690 788 1731 n.
837 1677 869 1729 4
892 1716 906 1737 .
954 1694 1053 1732 nec
1081 1695 1176 1731 sua
1212 1678 1362 1746 illum
1396 1680 1608 1749 decepit
1646 1683 2004 1750 exspectatio,

429 1767 576 1814 teste
607 1759 864 1833 Eusebio,
896 1764 992 1823 lib.
1026 1784 1099 1833 Iv,
1130 1784 1181 1824 c.
1209 1771 1294 1825 16.
1327 1770 1509 1837 Quare
1529 1773 1596 1827 ab
1623 1773 1726 1827 hac
1747 1775 2006 1843 Apologia

430 1851 500 1905 ad
521 1849 721 1909 Justini
749 1868 979 1913 mortem
1016 1876 1122 1915 non
1166 1871 1373 1918 tantum
1415 1866 1696 1934 temporis,
1741 1877 2004 1935 quantum

431 1961 461 1998 a
487 1947 686 2017 prima,
727 1966 890 2020 quam
930 1956 1113 2011 multae
1144 1972 1231 2013 res
1256 1968 1422 2029 gestae
1459 1960 1659 2016 Justini
1701 1974 2007 2019 consecuta:

429 2048 581 2104 sunt,
613 2040 832 2098 eﬂluere
856 2046 1054 2113 potuit.

499 2150 558 2206 5°
588 2152 645 2209 Si
690 2163 922 2227 utraque
969 2160 1226 2233 Apologia
1274 2165 1590 2221 distinctum
1622 2182 1688 2223 ac
1728 2169 2003 2226 diversum

425 2256 596 2313 opus,
636 2256 697 2301 ut
724 2263 790 2304 ex
827 2250 1011 2307 allatis
1046 2255 1317 2311 rationum
1352 2262 1643 2317 momentis
1681 2273 1860 2332 patet,
1910 2280 2005 2320 ne-

425 2346 582 2389 cesse
623 2343 709 2390 est
743 2337 972 2395 alteram
1021 2343 1123 2398 sub
1162 2347 1457 2414 Antonino,
1506 2329 1734 2408 alteram
1783 2355 1886 2410 sub
1930 2356 2003 2412 Μ.

425 2421 649 2481 Aurelio
671 2428 937 2499 scriptam
976 2432 1270 2495 fateamur.
1300 2438 1491 2510 Neque
1530 2444 1676 2499 enim
1707 2449 2007 2506 verisimile

424 2515 489 2610 lit
517 2518 743 2574 missum
767 2522 838 2576 ab
858 2522 1132 2581 Antonino
1158 2530 1211 2583 in
1234 2545 1425 2588 omnes
1456 2538 1769 2604 provincias
1808 2542 2005 2610 aequis-

424 2607 625 2702 simum
653 2613 893 2669 edictum
925 2617 998 2671 ita
1039 2618 1227 2676 Romae
1254 2625 1356 2679 sub
1383 2626 1624 2695 ejusdem
1663 2607 2007 2702 imperatoris

424 2700 872 2795 oculisspretum
905 2717 960 2763 et
987 2711 1244 2769 violatum
1277 2715 1466 2786 fuisse,
1502 2729 1560 2774 ut
1590 2700 1781 2779 novam
1808 2727 2005 2795 Apolo-

424 2790 566 2860 giam
594 2789 846 2853 Justinus
873 2799 1074 2857 offerre
1096 2817 1403 2876 cogeretur.

494 2883 554 2937 4⁸
582 2885 928 2947 Manifestum
972 2904 1057 2950 est
1102 2897 1247 2953 inter
1269 2914 1557 2973 utramque
1604 2906 1913 2978 Apologiam
1948 2918 2008 2964 ut

424 2979 692 3047 materite,
722 2985 794 3038 ita
822 2985 989 3041 etiam
1020 2995 1327 3059 temporum
1359 2994 1679 3053 discrimen.
1709 3001 1833 3055 Plus
1858 3003 2001 3056 enim

421 3067 626 3127 doloris
651 3083 706 3128 et
728 3076 897 3131 animi
924 3078 1173 3136 Justinus
1192 3084 1243 3137 in
1260 3089 1499 3141 secunda
1519 3088 1816 3158 significat,
1836 3110 1999 3164 quam

2112 572 2285 617 ret....
2339 562 2515 628 Atque
2548 558 2599 611 id
2645 555 2864 625 quidem
2900 550 3165 605 annuisti.
3204 566 3223 600 ι
3269 546 3401 603 lude
3449 542 3703 599 Valesius

2114 656 2253 709 hanc
2283 653 2593 722 Apologiam
2618 647 2894 703 Antonino
2917 645 3155 700 oblatam
3183 640 3390 711 colligit
3417 657 3432 695 :
3464 648 3523 692 at
3548 654 3703 707 prur-

2110 763 2205 803 sus
2231 747 2523 801 immerito.
2554 742 2688 797 Nam
2716 741 2991 801 Justinus,
3021 754 3076 791 n.
3104 737 3168 801 5,
3205 735 3273 790 14
3302 744 3358 788 et
3386 732 3478 798 15,
3512 731 3701 801 plures

2111 836 2420 907 compellat,
2450 843 2506 888 ut
2540 833 2689 903 regia
2720 838 2990 900 potestate
3016 827 3297 897 przeditos.
3324 823 3415 878 Sic
3444 821 3618 877 etiam
3646 821 3696 873 in

2110 930 2254 985 Actis
2310 928 2371 984 S.
2418 926 2623 982 Justini
2677 923 2973 994 praefectus
3025 920 3160 975 dicit
3208 916 3448 979 Justino,
3505 930 3566 966 η.
3618 913 3699 967 ιε

2116 1042 2135 1077 ι
2167 1024 2352 1078 Primo
2382 1022 2488 1076 diis
2510 1019 2674 1075 crede
2698 1026 2750 1074 et
2774 1014 3201 1086 imperatoribus
3226 1013 3557 1079 obsequere.
3584 1026 3606 1059 υ
3636 1008 3703 1060 At

2111 1116 2252 1171 idem
2284 1130 2452 1169 unum
2476 1117 2914 1173 commemorat,
2948 1110 3075 1161 dum
3108 1103 3439 1160 sententiam
3484 1098 3701 1169 capita—

2110 1207 2216 1261 lem
2243 1206 2493 1276 profert:
2529 1222 2548 1258 ι
2583 1204 2686 1272 Qui
2733 1202 2840 1256 diis
2882 1197 3201 1255 sacrificare
3240 1205 3294 1251 et
3344 1190 3701 1263 imperatoris

2111 1305 2385 1366 praecepto
2413 1308 2609 1364 parere
2638 1291 2957 1353 noluerunt,
2982 1287 3196 1358 ﬂagello
3219 1283 3348 1342 caesi
3378 1285 3449 1338 ad
3486 1282 3701 1352 capita-

2111 1386 2216 1442 lem
2268 1400 2485 1456 pmuam
2535 1384 2902 1439 abducantur.
2963 1399 2983 1433 ›
3040 1380 3309 1435 Videntur
3361 1390 3494 1444 ergo
3555 1389 3701 1428 nunc

2111 1494 2297 1544 unus,
2352 1492 2496 1533 nunc
2553 1476 2737 1546 plures
2794 1472 3065 1529 nominari
3136 1471 3495 1540 imperatores
3550 1467 3700 1522 soliti

2110 1570 2307 1634 fuisse;
2356 1584 2458 1624 nec
2499 1568 2729 1637 proinde
2771 1579 2998 1622 necesse
3047 1574 3133 1619 est
3178 1577 3304 1618 cum
3347 1560 3702 1615 Tilleutontio

2112 1663 2251 1716 hanc
2286 1659 2596 1729 Apologiam
2622 1668 2716 1713 aut
2752 1668 2878 1731 ante
2908 1655 3061 1712 Lucii
3088 1655 3321 1710 reditum
3368 1666 3437 1706 ex
3467 1650 3700 1708 Oriente

2110 1763 2347 1822 autpost
2374 1752 2516 1807 illius
2550 1762 2783 1805 mortem
2814 1749 3053 1805 oblatam
3084 1746 3378 1815 suspicari.

2180 1846 2339 1899 Aliud
2393 1852 2772 1913 argumentum
2825 1843 3027 1912 repetit
3082 1840 3329 1896 Valesius
3385 1854 3453 1893 ex
3508 1836 3697 1893 Urbici

2108 1938 2349 1999 nomine,
2379 1952 2543 2007 quem
2566 1938 2666 1991 sub
2698 1936 2972 1991 Antonino
3002 1934 3313 2004 prmfectttttt
3347 1932 3511 1989 Urbis
3530 1933 3699 1986 fuisse

2107 2046 2175 2085 ex
2215 2029 2475 2099 Apologia
2504 2026 2714 2098 Apuleii
2746 2028 3024 2082 Antonino
3057 2027 3240 2081 oblata
3278 2025 3596 2080 contendit.
3633 2026 3702 2077 At

2105 2131 2470 2191 praeterquam
2502 2123 2650 2189 quod
2679 2119 2748 2185 is,
2773 2121 2865 2188 qui
2897 2127 3229 2174 memoratos
3262 2117 3462 2172 Justini
3493 2116 3701 2183 Apolo-

2106 2213 2194 2283 gia
2247 2221 2517 2283 martyres
2568 2211 2871 2276 damnavit,
2921 2211 3165 2281 praetorii
3225 2209 3521 2280 praefectus
3581 2224 3702 2264 esse

2106 2305 2312 2372 potuit;
2354 2303 2490 2358 nihil
2514 2312 2665 2359 vetat
2691 2305 2943 2359 eumdem
2974 2303 3137 2360 Urbis
3164 2302 3479 2372 praefectum
3521 2300 3697 2355 fuisse

2106 2396 2208 2452 sub
2250 2398 2528 2451 Antonino
2573 2406 2632 2451 et
2670 2396 2874 2451 Marco.
2919 2395 3175 2466 Apologia
3206 2395 3452 2465 Apuleii,
3486 2403 3551 2447 ut
3595 2395 3699 2448 ob-

2108 2496 2295 2544 servat
2318 2488 2723 2552 Tillemontius,
2752 2489 2852 2543 sub
2878 2487 3060 2542 Marco
3088 2487 3270 2558 potius
3298 2485 3506 2556 scripta
3528 2499 3698 2556 quant

2107 2580 2209 2636 sub
2231 2582 2530 2648 Antonino,
2562 2596 2723 2651 quem
2755 2580 2938 2637 divum
2968 2581 3233 2651 appellat.

2712 2713 2946 2772 CAPUT
2985 2714 3079 2773 IX.

2582 2849 2660 2905 De
2686 2847 2889 2903 Justini
2920 2849 3197 2917 martyrio.

2104 2962 2145 3013 Ι.
2165 2962 2242 3013 De
2262 2964 2445 3013 Justini
2485 2964 2534 3011 in
2555 2962 2901 3025 oppugnandis
2948 2961 3255 3024 philosophis
3300 2961 3606 3025 constantia.
3634 2959 3694 3008 Il.

2166 3026 2397 3076 Praedieit
2415 3038 2503 3073 eos
2524 3022 2616 3074 sibi
2630 3022 2972 3083 riusldiaturos,
2994 3025 3143 3084 idque
3166 3024 3351 3072 evenit.
3368 3022 3455 3071 Ill.
3470 3022 3549 3071 De
3572 3030 3697 3071 tetu-

2166 3101 2289 3151 pore
2312 3093 2367 3136 et
2387 3088 2523 3137 Actis
2546 3087 2784 3147 martyrii.

422 3162 478 3223 in
511 3164 709 3238 prima.
741 3167 794 3226 id
820 3174 963 3243 quod
993 3188 1061 3231 ex
1088 3175 1377 3250 utriusque
1404 3181 1630 3238 exordio
1666 3186 1797 3242 satis
1835 3162 2002 3258 appa-
2030 3200 2075 3263 α
2174 3190 2221 3247 I.
2266 3191 2414 3247 Nihil
2457 3191 2673 3248 Justino
2720 3190 2961 3260 optatius
3003 3191 3226 3246 evenire
3257 3196 3497 3259 poterat,
3523 3203 3697 3258 quam

424 3269 527 3314 ret.
571 3262 886 3322 Crudeliora
929 3282 1321 3328 commemorat
1362 3276 1415 3331 in
1471 3276 1820 3336 Christianos
1870 3282 2003 3337 faci-

424 3368 593 3420 nora;
623 3367 676 3408 et
708 3372 829 3411 cum
862 3358 916 3414 in
949 3363 1123 3430 prima
1156 3364 1202 3397 ⁸³
1234 3367 1484 3437 dixisset,
1519 3373 1724 3429 nullum
1751 3391 1819 3432 ex
1848 3374 2009 3432 Chri-

420 3444 617 3500 stianis
649 3449 957 3505 confessum
988 3469 1110 3510 esse
1140 3457 1206 3512 de
1257 3461 1583 3519 criminibus
1632 3467 1755 3522 huic
1798 3472 2004 3525 nomini

420 3535 637 3607 allictis,
668 3542 766 3597 sed
809 3544 855 3598 si
886 3548 1009 3615 quis
1040 3550 1109 3604 ob
1140 3551 1322 3607 scelus
1369 3554 1657 3615 damnatus
1685 3562 1775 3627 sit,
1806 3580 1912 3618 non
1946 3574 2006 3620 nt

418 3629 794 3716 Christianum
820 3638 1249 3696 condemnatum
1281 3659 1434 3711 esse;
1488 3661 1674 3706 narrat
1715 3653 1768 3707 in
1801 3669 2003 3709 secun-

418 3722 487 3778 da
512 3722 558 3756 “
596 3727 831 3796 gentiles
879 3738 1033 3788 tanto
1085 3735 1273 3793 furore
1302 3740 1527 3811 arsisse,
1578 3752 1636 3798 ut
1666 3745 2004 3802 Christiano-

419 3827 539 3867 rum
562 3830 768 3906 servos
795 3830 892 3875 aut
929 3838 1130 3893 pueros
1159 3836 1256 3883 aut
1285 3831 1637 3890 mulierculas
1668 3840 2003 3906 gravissimis

419 3905 756 3965 cruciatibus
785 3911 1032 3969 fabulosa
1062 3917 1147 3971 illa
1172 3920 1403 3976 crimina
1435 3938 1703 3994 cogerent
1726 3930 2000 3985 conﬁteri.

420 3994 558 4092 :l‘am
593 3999 814 4057 inimica
843 4005 1175 4062 Christianis
1201 4017 1447 4081 tempora
1483 4032 1588 4070 non
1616 4018 1875 4077 Antonini
1908 4024 2001 4092 qui

419 4086 530 4142 illis
557 4090 711 4157 favit,
735 4094 828 4148 sed
862 4095 932 4150 M.
964 4099 1168 4153 Aurelii
1204 4102 1489 4170 imperium
1517 4108 1787 4176 redolent,
1821 4086 2002 4181 qui-ne

418 4185 659 4239 maximo
690 4187 907 4256 quidem
939 4189 1201 4247 beneflcio
1224 4210 1551 4264 provocatus
1569 4217 1783 4272 aequum
1809 4220 1868 4260 se
1895 4207 2002 4263 illis

417 4277 667 4347 praebuit.

487 4371 690 4427 Lucius
721 4374 1040 4447 imperator,
1074 4378 1242 4438 Marci
1274 4383 1510 4455 collega,
1543 4387 1735 4444 eodem
1761 4391 1920 4446 modo
1945 4392 1996 4448 in

416 4462 519 4517 hac
550 4466 810 4537 Apologia
840 4469 1160 4541 designatur
1182 4490 1247 4529 ac
1271 4477 1324 4530 iu
1356 4478 1558 4545 prima.
1600 4480 1693 4537 Sic
1714 4483 1860 4538 enim
1893 4483 2000 4539 Lu-

413 4555 533 4611 cius
564 4571 775 4630 martyr
817 4565 1111 4635 alloquitur
1161 4568 1460 4626 Urbicum:
1510 4591 1529 4625 ι
1564 4571 1684 4627 Non
1732 4584 1790 4629 ut
1839 4577 1998 4633 decet

412 4644 569 4701 Pium
608 4649 995 4720 imperatorem
1024 4696 1041 4723 ,
1084 4674 1189 4714 non
1240 4670 1297 4716 ut
1338 4664 1721 4735 philosophum
1760 4667 1999 4724 Caesaris

413 4737 620 4805 filium,
661 4756 768 4796 non
819 4754 879 4799 ut
931 4762 1347 4808 sacrosanctum
1406 4767 1698 4825 senatum,
1747 4758 1997 4828 judicas,

414 4827 634 4888 Urbice.
674 4851 693 4886 ι
741 4833 802 4890 Si
836 4836 920 4894 his
966 4840 1017 4895 in
1048 4844 1231 4899 verbis
1281 4861 1385 4900 non
1436 4827 1997 4915 possumusiLucium

411 4935 522 4974 non
565 4937 893 4994 agnoscere;
925 4930 979 4985 iu
1015 4932 1173 4989 titulo
1204 4934 1309 5002 Pii,
1353 4938 1445 5006 qui
1479 4937 1635 4993 alteri
1682 4938 1999 5009 imperatori

412 5013 695 5082 tribuitur,
726 5033 833 5074 non
861 5022 1173 5081 Antoninus
1203 5032 1585 5098 agnoscendus
1614 5040 1717 5095 est,
1746 5032 1840 5087 sed
1859 5031 1997 5086 Mar-

409 5118 534 5171 cus,
566 5108 651 5161 cui
692 5111 795 5165 etsi
819 5115 1056 5170 nondum
1090 5129 1314 5175 senatus
1351 5121 1510 5193 hujus
1552 5124 1791 5179 nominis
1822 5124 1994 5179 hono-

411 5212 527 5252 rem
576 5200 920 5273 decreverat,
968 5210 1169 5266 mirum
1218 5222 1397 5269 tamen
1449 5226 1545 5271 aut
1587 5217 1991 5273 incommodum

409 5290 585 5347 videri
616 5310 728 5349 non
753 5296 934 5361 debet.
968 5301 1014 5356 si
1046 5304 1094 5357 ei
1125 5319 1152 5358 a
1178 5306 1409 5375 privatis
1447 5308 1778 5377 hominibus,
1806 5310 1995 5382 quales

408 5394 570 5440 erant
602 5384 803 5445 Lucius
821 5401 872 5444 et
905 5392 1171 5459 Justinus,
1200 5397 1460 5453 defertur.

482 5474 635 5533 Unus
664 5484 1024 5554 compellatur
1071 5486 1366 5557 imperator
1417 5492 1471 5544 in
1519 5492 1621 5546 hac
1671 5492 1851 5561 Apol.,
1897 5496 1988 5549 ubi

413 5569 481 5624 de
526 5572 755 5629 muliere
805 5577 858 5630 in
898 5576 1162 5645 judicium
1210 5598 1238 5635 a
1274 5583 1471 5638 marito
1509 5596 1699 5639 vocata
1741 5585 1984 5640 dicitur:

418 5681 439 5716 ο
473 5663 651 5733 Atque
683 5668 771 5722 illa
814 5673 1033 5741 quidem
1066 5675 1249 5733 libello
1277 5680 1408 5746 tibi,
1444 5680 1756 5750 imperator,
1804 5681 1986 5737 oblato

482 5783 532 5821 ⁸⁹
570 5784 634 5849 Ν.
664 5789 724 5858 ‘2,
753 5790 807 5859 7,
840 5795 895 5850 8.
972 5797 1016 5829 ⁶⁰
1042 5796 1104 5854 Ν.
1146 5800 1229 5856 l2.

2110 3295 2232 3358 post
2266 3294 2345 3339 tot
2376 3286 2593 3340 labores
2618 3294 2674 3339 et
2704 3282 2946 3355 pericula
2989 3283 3155 3338 vitam
3188 3281 3361 3351 ipsam
3392 3295 3497 3351 pro
3526 3280 3697 3336 Chri-

2111 3390 2197 3436 sto
2224 3380 2579 3451 profundere.
2612 3379 2765 3433 lllum
2799 3378 3107 3434 constantia
3160 3375 3611 3432 Christianorum
3643 3377 3694 3428 in

2108 3479 2450 3536 cruciatibus
2488 3474 2831 3546 perferendis
2879 3487 3073 3543 magna
3114 3487 3179 3528 ex
3212 3484 3369 3541 parte
3401 3484 3699 3542 permove-

2110 3580 2196 3626 rat
2228 3577 2295 3625 att
2339 3567 2773 3638 amplectendam
2822 3564 3143 3634 religionem
3174 3564 3576 3631 Christianam,
3613 3566 3697 3620 ei-

2107 3679 2213 3734 que
2240 3668 2586 3733 persuaserat
2631 3673 2725 3713 eos
2762 3658 3007 3713 insontes
3050 3666 3105 3712 et
3150 3671 3316 3725 puros
3351 3670 3477 3710 esse
3511 3670 3543 3709 a
3582 3657 3697 3710 cri-

2108 3755 2370 3817 minibus,
2398 3765 2518 3823 quae
2549 3748 2656 3804 illis
2686 3746 3105 3817 allingebantur.
3133 3744 3191 3801 In
3221 3745 3570 3801 defendenda
3602 3762 3696 3800 re-

2107 3845 2308 3916 ligione
2343 3844 2386 3875 ⁶¹
2427 3839 2729 3911 saepissime
2757 3842 2862 3893 hoc
2892 3847 3216 3907 argumento
3260 3838 3451 3905 utitur,
3486 3854 3697 3907 nempe

2105 3935 2549 3993 Christianorum
2580 3931 2633 3985 in
2665 3929 3002 3985 cruciatibus
3035 3928 3377 4000 perferendis
3412 3938 3698 3985 constan-

2108 4030 2207 4094 tia,
2243 4036 2300 4081 ut
2329 4023 2624 4081 discrimen
2660 4036 2816 4077 novae
2850 4037 2916 4077 ac
2952 4023 3165 4078 veteris
3212 4021 3349 4091 legis
3400 4023 3694 4084 ostendat,

2103 4130 2159 4175 et
2189 4128 2599 4183 testamentum,
2624 4118 2768 4185 quod
2822 4116 2952 4171 olim
3012 4114 3153 4170 Deus
3200 4115 3556 4183 promiserat,
3588 4115 3695 4168 im-

2104 4214 2305 4283 pletum
2354 4219 2408 4268 et
2452 4208 2706 4264 omnibus
2753 4209 3108 4277 conspicuum
3157 4223 3284 4262 esse
3315 4202 3693 4261 demonstret.

2103 4302 2227 4359 Uno
2260 4301 2427 4356 verbo
2450 4310 2564 4355 tota
2607 4298 2809 4354 Justini
2840 4300 2947 4352 vita
2980 4298 3261 4351 meditatio
3292 4297 3549 4367 quaedam
3582 4313 3690 4351 ex-

2101 4396 2244 4451 stitit
2278 4393 2551 4464 martyrii.
2586 4390 2798 4446 Nullam
2842 4392 3103 4445 docenda:
3138 4388 3385 4443 veritatis
3432 4390 3697 4443 occasio.

2102 4502 2227 4542 nem
2282 4483 2759 4557 praetermittebat,
2807 4496 3025 4550 semper
3083 4497 3311 4551 sperans
3369 4481 3574 4535 bonam
3635 4498 3696 4536 se

2030 4548 2077 4603 Β
2105 4588 2307 4633 terram
2346 4578 2715 4641 inventurum,
2748 4589 2815 4628 ac
2865 4572 2959 4626 Dei
3001 4571 3267 4641 judicium
3324 4582 3604 4639 metuens,
3646 4573 3693 4625 si

2098 4682 2200 4738 per
2232 4666 2406 4741 ipsum
2444 4666 2710 4728 stetisset,
2746 4664 3039 4733 quominus
3082 4662 3280 4732 aliquis
3333 4665 3400 4717 ad
3431 4664 3697 4721 veritatis

2098 4758 2467 4829 cognitionem
2494 4758 2825 4827 perveniret.
2862 4756 3143 4811 Neminem
3171 4757 3458 4821 reveritus,
3484 4757 3698 4811 etiam-

2099 4850 2149 4905 si
2179 4864 2210 4904 e
2241 4849 2471 4919 vestigio
2505 4848 2738 4918 discerpi
2770 4848 3132 4916 oportuisset,
3183 4863 3352 4901 unum
3407 4847 3457 4901 id
3498 4849 3697 4903 studio

2097 4941 2358 5006 habebat,
2392 4951 2451 4995 ut
2480 4956 2666 4995 verum
2716 4940 2769 4995 in
2813 4939 3076 4995 omnibus
3109 4939 3344 4995 diceret.
3372 4938 3510 4993 Cum
3538 4940 3698 5007 Apo-

2098 5035 2295 5106 logiam
2325 5033 2543 5090 offerret
2570 5048 2666 5105 pro
2700 5031 2984 5096 fratribus,
3017 5042 3184 5101 atque
3230 5033 3495 5087 audacter
3523 5045 3697 5100 pete-

2098 5137 2182 5184 ret
2231 5136 2290 5180 ut
2340 5125 2407 5179 ad
2460 5129 2592 5178 Acta
2657 5125 3064 5193 deponeretur;
3105 5132 3303 5193 praeter
3334 5123 3696 5193 periculum,

2097 5220 2242 5290 quod
2285 5218 2359 5274 illi
2413 5219 2484 5274 ab
2534 5217 2638 5271 hac
2690 5216 2913 5287 egregia
2969 5216 3185 5271 actione
3238 5216 3590 5283 imminebat,
3635 5219 3695 5274 in

2101 5312 2251 5367 aliud
2308 5326 2366 5366 se
2413 5310 2529 5380 ipse
2569 5308 2914 5378 conjiciebat,
2953 5306 3357 5373 Samaritanus,
3390 5323 3516 5377 qua:
3544 5325 3696 5379 gens

2103 5402 2349 5473 improba
2382 5410 2501 5455 erat
2535 5410 2589 5456 et
2619 5402 2689 5455 ad
2713 5413 2874 5455 omne
2928 5398 3143 5455 facinus
3176 5409 3387 5468 parata,
3412 5402 3597 5470 palam
3633 5415 3696 5459 et

2099 5504 2290 5564 aperte
2327 5491 2647 5557 iucusaudo,
2678 5491 2821 5562 quod
2870 5492 3083 5547 homini
3110 5507 3269 5564 mago
3322 5493 3525 5550 summi
3580 5494 3695 5555 Dei

2098 5585 2317 5640 titulum
2338 5595 2393 5640 et
2423 5586 2684 5638 honorem
2710 5579 2991 5638 deferrent
3008 5583 3074 5638 ⁶¹.

2166 5677 2273 5733 Sed
2310 5674 2592 5733 haud'scio
2619 5688 2686 5729 an
2722 5672 2979 5747 impavidi
3005 5675 3172 5732 animi
3203 5678 3502 5734 maximum
3548 5692 3687 5750 spc-

1308 5803 1523 5875 °‘Apo|.
1559 5805 1614 5871 2,
1653 5825 1704 5861 u.
1743 5806 1825 5861 12.
1874 5808 1916 5838 ⁸⁸
1950 5806 2154 5880 Dialog.
2191 5821 2243 5862 η.
2284 5806 2407 5865 120.
