3792 6530
120 391 208 448 15⁸1
1052 386 1119 445 D.
1154 388 1421 444 MARANI
1458 387 1617 444 PRIE

1852 438 1853 441 η
1879 421 1950 431 -
1980 389 2163 445 PARS
2198 388 2287 449 Ill.
3244 392 3349 451 158

118 512 271 567 eimen
298 508 524 567 ediderit
549 507 812 580 JuStinus,
843 525 967 567 cum
1015 512 1370 583 philosophos
1429 515 1655 570 adortus
1686 519 1729 575 Α
1757 515 2102 570 Christianus
2131 514 2446 569 sacriﬁcare
2474 520 2761 585 cogerent,
2780 521 2878 569 aut
2905 513 3102 573 saltem
3126 515 3346 587 iudices

120 613 208 657 est.
254 599 315 654 ili
357 614 481 655 eum
536 601 893 670 imperatoris
950 603 1190 658 animum
1222 605 1273 659 in
1303 604 1657 660 Christianos
1762 617 1976 679 gratum
2008 620 2067 661 se
2096 605 2173 661 illi
2216 605 2467 661 facturos
2503 620 2783 677 sperasse,
2815 606 2863 663 si
2908 621 2970 663 se
3010 608 3081 662 ab
3128 623 3195 664 eo
3229 610 3345 665 haec

122 693 467 756 incenderent,
522 707 589 752 ac
635 693 996 764 philosophiae
1053 697 1273 750 nomine
1298 705 1352 751 et
1384 697 1653 751 virtutum
1761 698 2016 753 mandata
2050 699 2253 754 habere
2288 698 2557 752 dicereut.
2594 696 2688 753 Sic
2714 698 2860 754 enim
2912 698 3177 755 Rusticus
3205 717 3346 770 pra--

121 787 395 842 simulacris
451 788 834 842 auctoritatem
888 788 1254 861 iniquissimis
1305 790 1618 845 criminatio

1849 801 1933 846 tus
1953 789 2166 846 Justino
2187 790 2486 844 dicebat":
2509 790 2735 861 Πρῶτον
2764 791 3022 864 πείσθητι
3054 794 3169 856 τοῖς
3202 792 3344 857 θεοῖς

124 881 255 934 nibus
273 877 653 945 conciliarent;
686 881 922 935 detraxit
948 880 1059 935 illis
1089 880 1285 952 pellem
1316 880 1570 938 Justinus
1597 900 1621 937 a

1847 883 2189 937 ιὺπάκουσον
2221 884 2333 945 τοῖς
2384 880 2715 952 βασιλεῦσιν·
2757 902 2776 933 ε
2812 882 2998 939 Primo
3042 885 3149 940 diis
3180 886 3344 941 crede

126 974 384 1027 introrsum
445 971 809 1042 turpissimos,
870 971 1162 1042 fraudique
1194 983 1249 1027 et
1276 973 1417 1045 gulae
1446 974 1659 1030 deditos
1760 986 1816 1031 et
1848 976 2269 1045 imperatoribus
2324 975 2651 1044 obsequere.
2691 992 2710 1027 ι
2752 975 3139 1047 Postquatnse
3168 977 3221 1031 in
3248 976 3342 1033 Ju-

125 1077 224 1117 esse
250 1062 637 1119 demonstravit
666 1064 732 1120 ⁸³.
768 1063 957 1134 Itaque
998 1080 1064 1121 eo
1096 1074 1371 1136 tempore,
1416 1084 1526 1137 quo
1560 1085 1658 1139 per
1760 1071 1905 1125 stino
1950 1078 2007 1124 et
2034 1068 2204 1135 sociis
2253 1068 2374 1137 ejus
2404 1081 2629 1136 operam
2680 1066 2872 1123 ludere
2926 1067 3341 1134 animadvertit,

128 1165 268 1210 totum
296 1154 477 1210 orbem
509 1157 812 1227 quisquisa
835 1156 1155 1214 Christiano
1185 1162 1558 1231 reprehensus
1587 1163 1657 1216 oh
1761 1158 2018 1229 prmeepit
2072 1167 2129 1211 ut
2177 1157 2267 1224 qui
2321 1156 2425 1210 diis
2470 1154 2809 1217 sacriﬁcare,
2870 1167 2925 1210 et
2979 1152 3377 1224 imperatoris‘

126 1248 286 1303 delicta
308 1246 479 1303 luerat
497 1249 565 1313 “,
584 1249 991 1306 incommodum
1018 1252 1347 1309 monitorem
1375 1252 1623 1324 perfacile

1844 1261 2031 1318 coepto
2050 1248 2118 1310 ⁸⁸,
2165 1246 2244 1317 τῷ
2279 1245 2373 1299 τοῦ
2396 1244 2796 1316 αὐτοκράτορος
2820 1246 3223 1317 προστάγματι,
3244 1264 3341 1317 pa.

135 1340 321 1393 nomine
363 1339 510 1395 illius
562 1341 881 1408 deferendo,
922 1343 1171 1411 tollebat,
1224 1348 1656 1413 exspectandum
1761 1358 1883 1399 rere
1927 1342 2240 1407 noluerant,
2300 1341 2367 1394 ad
2419 1339 2652 1409 capitale
2709 1339 3039 1410 supplicium
3099 1339 3343 1397 abduce~

126 1431 425 1487 luitJustino
463 1442 526 1487 ut
560 1434 633 1490 ab
660 1449 871 1501 eorum,
900 1451 1042 1506 quos
1078 1439 1535 1509 reprehenderat,
1560 1443 1662 1494 uli-
1760 1445 1972 1491 rentur.

127 1542 210 1595 quo
229 1522 556 1593 iniudicium
590 1537 904 1584 vocaretur.
957 1529 1050 1586 Sic
1082 1532 1202 1600 ipse
1233 1542 1470 1587 mentem
1501 1548 1657 1587 suam
1832 1526 1946 1582 Sub
1977 1537 2083 1581 tam
2107 1526 2320 1580 infenso
2343 1523 2674 1579 Christianis
2702 1522 3037 1594 imperatore
3059 1526 3194 1581 satis
3222 1535 3344 1582 erat

132 1616 292 1682 aperit,
330 1618 477 1685 Apol,
511 1617 569 1683 2,
606 1635 757 1675 num.
788 1620 857 1676 ὃς
890 1641 911 1674 ι
948 1622 1059 1692 Ego
1092 1622 1259 1677 etiam
1294 1635 1571 1694 exspecto,
1602 1634 1659 1679 ιιι
1761 1619 2054 1675 Christiani
2088 1632 2284 1672 nomen
2320 1617 2554 1680 deferre,
2589 1626 2647 1669 ut
2693 1616 2876 1670 statim
2927 1628 3243 1682 necaretur,
3293 1620 3340 1673 si

132 1711 184 1763 ab
206 1724 373 1765 eorum
403 1726 540 1781 quos
568 1713 678 1767 dixi
715 1712 897 1784 aliquo
922 1716 1132 1771 insidiis
1153 1729 1383 1787 appetar
1402 1729 1457 1773 et
1478 1720 1542 1773 ad
1568 1720 1660 1773 sti-
1760 1728 1820 1767 se
1855 1710 2211 1766 conﬁteretur
2260 1724 2382 1763 esse
2427 1708 2826 1762 Christianum.
2876 1709 3107 1763 Videtur
3158 1718 3339 1763 tamen

128 1804 260 1870 pilem
283 1800 483 1871 alligor,
516 1813 614 1858 aut
663 1815 813 1861 certe
850 1808 1049 1863 ab'illo
1081 1812 1348 1881 strepitus
1375 1820 1432 1866 et
1463 1822 1655 1867 osten-
1696 1854 1733 1907 Β
1760 1807 2031 1906 Crescens
2058 1806 2111 1858 in
2133 1803 2435 1907 occidendo
2451 1802 2667 1857 Justino
2689 1803 3039 1907 pluslnegotii
3062 1804 3340 1907 habuisse,

132 1895 315 1950 talionis
336 1906 581 1952 amatore
612 1898 925 1956 Crescente.
974 1921 994 1955 ι
1696 1894 1733 1907 ”
1760 1911 1923 1964 quam
1955 1896 1997 1950 si
2027 1911 2192 1948 unum
2226 1910 2255 1949 e
2284 1894 2468 1947 multis
2492 1908 2783 1963 aggressus
2810 1894 3027 1950 luisset.
3062 1894 3343 1949 Machina-

184 1985 235 2041 ll.
264 1988 334 2048 Ex
364 1989 535 2044 variis
593 1992 901 2060 suppliciis,
947 2008 1068 2062 qua:
1120 1994 1452 2049 Christianis
1486 1992 1653 2063 inﬂigi
1762 1988 1962 2043 tionem
1990 1987 2137 2040 enim
2169 1988 2459 2056 quamdam
2486 1997 2540 2039 et
2566 1988 2815 2041 occultas
2846 1987 3154 2044 molitiones
3200 1990 3341 2043 indi-

130 2078 351 2142 solebant,
379 2095 544 2133 unum
592 2080 812 2150 aliquod
849 2083 1117 2146 Justinus,
1152 2085 1356 2152 stipite,
1383 2084 1656 2151 designat,
1758 2088 1851 2134 cat
1879 2077 2164 2144 Tatianus,
2198 2078 2326 2133 dum
2376 2080 2453 2132 ait
2492 2079 2841 2133 Crescentem
2880 2099 2899 2130 ι
2936 2079 3157 2135 Justino
3187 2097 3339 2136 mor-

133 2180 177 2225 ut
200 2173 475 2240 generatim
521 2174 730 2229 indicet
764 2191 822 2230 se
856 2175 1203 2231 inimicorum
1233 2177 1447 2231 insidiis
1490 2177 1653 2231 vitam
1762 2180 1865 2225 lem
1897 2173 2071 2224 inslar
2105 2170 2342 2239 ingeniis
2371 2172 2495 2225 mali
2553 2174 2925 2227 macbiﬂﬂltlm
2980 2172 3174 2237 inisse.
3215 2191 3233 2225 θ
3262 2173 3341 2238 ὡς

133 2264 436 2322 amissurum.
484 2267 579 2323 Sic
632 2266 1004 2325 Tertullianus
1052 2270 1203 2323 varia
1242 2270 1511 2339 supplicia
1546 2285 1630 2322 llllt

1848 2265 2155 2320 ,Ἰουστῖνον
2187 2265 2433 2337 καθάπερ
2468 2266 2686 2337 μεγάλῳ
2707 2266 2861 2337 κακῷ
2890 2266 2967 2339 τῷ
3000 2266 3216 2339 θανάτῳ
3253 2284 3345 2321 πε-

132 2355 375 2422 appellato,
409 2357 670 2414 nimirum
699 2358 844 2427 igne,
865 2360 1281 2429 comprehendit
1301 2362 1345 2392 ⁸³
1374 2379 1390 2415 :
1431 2379 1449 2411 ι
1480 2359 1625 2416 Crete

1844 2358 1998 2412 ῖαλεῖν
2039 2357 2582 2429 πραγματεύσασθαι.
2633 2358 2797 2415 Forte
2824 2359 3045 2415 virtutis
3077 2368 3132 2414 et
3154 2361 3341 2414 erudi-

132 2462 244 2511 rum,
267 2446 451 2517 inquit,
490 2451 537 2504 si
559 2464 632 2505 ex
667 2451 1029 2515 conscientia,
1060 2466 1166 2522 qua
1192 2452 1401 2507 scimus
1440 2452 1532 2507 Dei
1560 2468 1657 2507 no-
1761 2450 1926 2505 tionis
1956 2450 2101 2503 fama
2135 2448 2342 2518 aliquid
2373 2449 2565 2519 gratia:
2591 2448 2811 2505 Justino
2834 2450 3255 2516 conciliaverat,
3285 2458 3342 2507 et

134 2554 227 2593 men
252 2550 301 2595 et
321 2542 528 2598 Domini
554 2552 615 2597 et
643 2542 791 2598 Patri
836 2552 893 2599 et
938 2544 1076 2599 Filio
1115 2555 1171 2599 et
1198 2544 1425 2613 Spiritui
1451 2560 1654 2600 couvc-
1760 2542 2110 2613 imperatoris
2152 2557 2217 2596 ac
2246 2540 2497 2613 iudicum
2545 2543 2760 2599 animos
2787 2543 2855 2597 ad
2891 2552 3102 2599 tantum
3133 2545 3337 2610 virum,

134 2628 243 2699 nire,
270 2632 390 2689 deos
431 2645 487 2690 et
533 2636 789 2692 dominos
831 2637 1262 2700 nominaremus,
1296 2636 1656 2691 exstinxisse-
1758 2647 1918 2701 quem
1975 2631 2342 2688 Chrislianum
2390 2648 2514 2688 esse
2549 2649 2653 2689 ηοη
2703 2634 3119 2705 ῘΒηοτθδεωιοθ
3148 2636 3333 2692 medio

134 2738 227 2776 mus
249 2722 381 2779 faces
415 2735 642 2781 nostras
684 2727 850 2781 etiam
891 2728 959 2781 ad
1012 2727 1273 2797 martyria
1330 2726 1654 2789 timidiores,
1760 2722 2058 2777 tollendum
2095 2724 2366 2777 tardiores
2406 2722 2662 2779 faciebat.

134 2814 293 2883 quibus
320 2817 580 2873 evadendi
608 2834 827 2889 quoque
861 2828 1075 2889 pateret
1110 2819 1326 2875 occasio
1344 2817 1658 2886 iurantibus
1829 2814 1919 2871 Ill.
1956 2815 2215 2869 Testatur
2250 2816 2525 2871 Eusebius
2555 2817 2883 2889 martyrium
2912 2815 3113 2874 Justini
3142 2830 3343 2873 secum

135 2905 281 2959 statim
324 2922 416 2976 per
454 2908 591 2963 deos
629 2918 679 2964 et
734 2910 1009 2975 dominos,
1042 2919 1103 2963 ut
1131 2909 1355 2978 quidam
1386 2907 1655 2974 haeretici,
1759 2910 1886 2964 dam
1951 2910 2263 2979 Apologiam
2314 2911 2570 2979 proximo
2622 2910 2917 2965 intervallo
2984 2912 3341 2965 subsecutum

136 3009 322 3063 quorum
364 2999 434 3054 dii
488 3000 701 3069 plures.
742 3020 761 3053 ι
802 3000 947 3057 Idem
984 3002 1087 3057 hoc
1116 3001 1239 3059 loco
1269 2999 1475 3056 factum
1501 3015 1531 3053 a
1558 2999 1658 3056 Ju-
1758 3018 1904 3061 esse.
1943 3005 2036 3059 Ait
2086 3004 2231 3057 enim
2281 3004 2429 3058 illum
2475 3003 2530 3057 in
2564 3003 2669 3059 hac
2715 3003 2974 3073 Apologia
3015 3002 3341 3073 prmdixisse

136 3096 621 3170 stino;martyrium
672 3113 701 3152 a
757 3114 817 3155 se
863 3100 1173 3169 exspectari
1225 3098 1533 3171 significat,
1594 3114 1659 3153 ac
1760 3097 1967 3152 exitum
2004 3095 2129 3149 vitae
2175 3110 2289 3149 sua:
2336 3106 2495 3161 prout
2535 3107 2649 3150 erat
2699 3096 2801 3163 ipsi
2845 3094 3146 3164 propediem
3185 3109 3340 3148 even-

138 3201 265 3240 crium
285 3198 369 3243 aut
410 3191 645 3246 alterum
693 3192 759 3247 de
804 3192 990 3248 multis
1026 3193 1353 3262 supplicium
1382 3195 1626 3250 nominat

1842 3207 1928 3252 ’us,
1959 3188 2146 3261 ὥσπερ
2170 3183 2261 3242 οὖν
2294 3188 2389 3242 καὶ
2421 3188 2644 3259 ἔμελλεν
2674 3189 2799 3243 ὅσον
2830 3187 2983 3241 οὔπω
3013 3187 3141 3260 περὶ
3173 3186 3339 3240 αὐτὸν

139 3276 357 3334 Solebant
399 3282 541 3341 enim
591 3282 658 3337 ad
691 3283 935 3353 stipitem
968 3282 1182 3352 alligari
1211 3294 1265 3339 et
1297 3285 1391 3354 qui
1428 3285 1573 3353 igne,
1603 3296 1661 3340 ut
1764 3280 2158 3353 συμϐήσεσθαι.
2217 3280 2445 3335 Passum
2493 3278 2766 3333 Justinum
2818 3277 2966 3334 circa
2999 3293 3199 3332 annum
3236 3277 3339 3333 168

140 3367 179 3420 ἰιι
200 3368 516 3426 adnotatione
546 3373 616 3427 ad
650 3375 792 3429 hunc
835 3373 1019 3429 locum
1053 3376 1369 3440 observavi,
1425 3378 1659 3433 combn-
1761 3374 2043 3431 existimat
2084 3372 2485 3435 Tillemontlus,
2539 3373 2667 3440 quia
2716 3371 2986 3427 Eusebius
3018 3370 3164 3427 illius
3190 3385 3341 3424 mar-

140 3459 258 3513 rendi
286 3470 452 3527 erant,
486 3472 540 3519 et
587 3464 679 3531 qui
708 3465 897 3519 bestiis
924 3465 1303 3521 tradebantur.
1340 3466 1493 3522 Unde
1523 3466 1659 3522 Ter-
1765 3468 1965 3538 tyrium
2024 3464 2197 3519 refert
2226 3472 2347 3534 post
2376 3462 2435 3518 S.
2468 3462 2755 3534 Polycarpi
2797 3463 3135 3533 passionem,
3174 3478 3337 3531 quant

140 3548 367 3616 tullianus,
390 3551 481 3606 lib.
503 3553 584 3608 De
620 3555 827 3624 pudic.,
850 3570 900 3613 c.
932 3555 1024 3621 2‘2,
1058 3556 1137 3610 sie
1163 3555 1440 3627 loquitur:
1473 3576 1493 3610 ι
1524 3558 1659 3612 Puta
1764 3558 1931 3612 multa
1991 3557 2261 3612 rationum
2324 3564 2600 3609 momenta
2634 3555 2702 3609 ad
2738 3569 2942 3608 annum
2979 3553 3082 3609 166
3136 3553 3341 3608 referre

140 3656 253 3697 nunc
272 3644 359 3698 sub
385 3644 590 3714 gladio,
640 3648 822 3716 capite
867 3648 1105 3715 librato;
1143 3660 1273 3720 puta
1307 3650 1360 3705 in
1392 3651 1659 3721 patibulo,
1763 3660 1985 3719 cogunt,
2015 3660 2071 3704 et
2103 3660 2233 3705 ante
2262 3649 2479 3705 Aniceti
2509 3658 2763 3713 mortem,
2796 3662 2964 3717 quam
3004 3647 3120 3717 ipse
3172 3646 3340 3700 Euse-

136 3731 221 3799 iam
240 3737 395 3805 capite
416 3754 697 3808 expanso;
724 3751 849 3809 puta
887 3740 939 3795 in
969 3742 1179 3809 stipite,
1210 3742 1316 3813 iam
1345 3743 1505 3798 leone
1529 3760 1659 3799 con-
1762 3744 1885 3797 bius
1918 3742 1984 3796 ad
2017 3757 2220 3795 annum
2249 3741 2352 3796 168
2403 3739 2754 3795 referendam
2808 3740 2986 3794 duxit.
3038 3738 3116 3793 Eo
3169 3737 3343 3792 liben-

141 3836 292 3891 cesso;
321 3840 438 3897 puta
465 3830 519 3883 in
555 3845 683 3894 axe,
721 3829 834 3899 iam
867 3832 1121 3889 incendio
1150 3843 1431 3901 astructo;
1460 3835 1514 3889 in
1542 3836 1656 3905 ipsa
1763 3838 1871 3891 tius
1915 3835 2185 3890 assentior
2218 3832 2433 3888 erudito
2474 3831 2617 3896 viro,
2667 3831 2815 3900 quod
2866 3831 3013 3885 illius
3062 3830 3341 3884 sententia

142 3911 235 3967 dico
271 3920 544 3977 securitate
571 3930 630 3975 et
671 3923 1021 3992 possessione
1066 3927 1336 3997 martyrii,
1379 3927 1503 3998 quis
1530 3943 1659 3998 per-
1764 3944 1885 3983 cum
1919 3937 2031 3982 tota
2072 3940 2253 3982 rerum
2280 3940 2311 3979 a
2340 3922 2553 3979 Justino
2587 3933 2871 3995 gestarum
2904 3924 3049 3979 serie
3075 3920 3341 3993 praeclare

143 4006 272 4064 mittit
296 4011 484 4069 homini
516 4014 727 4070 donare
767 4031 890 4085 quae
921 4017 1031 4073 Deo
1069 4020 1397 4073 reservanda
1428 4020 1597 4074 sunt?
1635 4039 1654 4072 ι
1762 4019 2020 4088 quadrat.

143 4092 183 4149 lu
209 4098 304 4168 ipsa
332 4117 428 4158 axe
475 4104 853 4175 alligabantur
900 4108 968 4163 ad
1017 4109 1261 4179 stipitem
1313 4110 1405 4181 qui
1437 4113 1662 4167 combu-
1834 4113 1966 4165 Acta
1993 4111 2235 4179 martyrii
2275 4108 2335 4164 S.
2368 4107 2577 4164 Justini
2623 4107 2854 4178 ejusque
2880 4106 3161 4163 sociorum
3194 4106 3342 4162 inter

145 4192 260 4247 reudi
282 4206 445 4261 erant,
478 4206 538 4251 ut
573 4212 641 4251 ex
666 4198 773 4253 alio
799 4198 1123 4256 Tertulliani
1156 4202 1491 4269 testimonio,
1517 4205 1660 4274 quod
1763 4218 1827 4260 ea
1854 4212 2212 4261 numerantur
2233 4202 2303 4257 ab
2324 4202 2579 4266 eruditis,
2606 4215 2728 4269 qua:
2754 4201 2993 4254 maxime
3033 4200 3249 4253 sincera
3276 4213 3343 4254 ac

144 4282 183 4335 in
202 4284 507 4344 adnotatione
537 4290 724 4356 retuli,
770 4291 1118 4348 manifestum
1147 4303 1253 4349 est.
1284 4293 1408 4349 Vid.
1436 4296 1560 4349 Act.
1595 4295 1657 4353 S.
1764 4308 1897 4364 pura
1931 4302 2078 4351 sunt.
2116 4292 2172 4346 Si
2213 4293 2454 4362 excipias
2483 4301 2716 4360 quatuor
2758 4290 2969 4360 priores
2998 4288 3196 4353 lineas,
3221 4303 3343 4356 quae

146 4370 398 4446 Pulycarpi,
431 4396 486 4434 ιι.
511 4381 604 4446 14,
638 4387 695 4436 et
725 4381 788 4437 S.
826 4380 1061 4454 Philippi
1095 4384 1337 4451 Heracl.,
1359 4402 1414 4441 ιι.
1444 4387 1533 4445 15.
1567 4386 1662 4443 Ju-
1764 4386 1940 4445 instar
1965 4383 2304 4455 praefationis
2329 4382 2528 4437 additae
2571 4380 2825 4445 luerunt,
2856 4379 3061 4433 nullum
3097 4380 3342 4447 reperies

145 4468 241 4522 stini
280 4472 429 4531 verba
461 4476 609 4534 haud
641 4477 806 4531 aliter
860 4478 1133 4534 intellexit
1175 4479 1445 4535 Eusebius
1462 4481 1657 4551 ⁸⁸,ῳιί
1692 4531 1736 4551 ἢ
1766 4492 1960 4532 manus
2000 4474 2315 4531 audacioris
2359 4474 2592 4530 facinus.
2632 4473 2709 4527 Ex
2742 4474 2827 4528 his
2860 4471 3119 4525 nonnulla
3148 4480 3338 4526 trans-

145 4569 191 4613 ιιι
216 4566 379 4631 probet
422 4568 475 4625 id
503 4568 654 4638 quod
691 4571 1010 4639 providerat
1034 4554 1285 4627 Justinus
1316 4573 1391 4627 ita
1415 4574 1664 4631 evenisse
1694 4554 1738 4595 ν
1766 4571 1875 4630 lata
1901 4569 1957 4623 in
1990 4567 2253 4624 Menarum
2305 4566 2643 4630 Crmcorum,
2686 4564 2781 4620 sed
2808 4564 3023 4634 penitus
3056 4562 3341 4633 reiieiendi

144 4661 189 4705 ιιι
211 4658 525 4726 praedixerat,
578 4661 839 4730 martyrio
907 4660 1059 4717 illum
1114 4672 1437 4718 coronatum
1492 4664 1663 4720 fuisse
1766 4670 1879 4716 tres
1915 4674 2129 4725 versus,
2167 4659 2261 4731 qui
2306 4659 2487 4729 inepte
2518 4658 2573 4710 in
2614 4664 2932 4711 contextum
2962 4653 3151 4710 Menzei
3201 4654 3344 4711 irre-

146 4757 390 4812 asseverat,
441 4761 497 4814 et
548 4749 767 4806 Tatiani
811 4753 1127 4808 testimonio
1167 4754 1359 4821 utitur,
1409 4754 1500 4824 qui
1556 4755 1662 4811 hoc
1763 4764 2037 4827 pserunt:

148 4840 313 4891 tantum
355 4840 503 4911 dicit,
551 4853 784 4903 mortem
820 4844 1034 4901 Justino
1059 4845 1410 4903 Crescentem
1442 4848 1645 4903 machi-

1632 4876 1661 4891 ε-
1833 4844 2206 4900 ΙΟΥΣἸἸΝΟΝ
2236 4842 2544 4898 ΚΩΝΕΙΟΝ
2575 4843 2762 4896 HPEN
2794 4843 2889 4897 ΕΚ
2927 4841 3089 4896 ΒΙΟΥ
3114 4856 3129 4871 ⁸

147 4934 289 4981 natum
330 4930 511 4990 lursse.
574 4935 652 4993 Ex
689 4950 797 5006 quo
842 4947 991 5006 palel
1029 4938 1114 4992 hi3
1160 4939 1365 5005 Verbis,
1405 4938 1484 5011 τῷ
1518 4938 1644 5013 amt

1833 4937 1917 4989 ΩΣ
1944 4937 2097 4990 ΕΙΘΕ
2119 4935 2395 4990 ΠΡΩΤΟΝ
2427 4934 2606 4988 ΤυΥΣ
2632 4934 2823 4991 ΠῐΕῐΝ
2855 4931 3270 4993 ΔΕΔΩΚΟΤΑΣ.

147 5013 429 5093 ὲμπτιγῆιιειι,
456 5037 687 5085 mortem
727 5029 1037 5086 certissime
1076 5034 1373 5105 designari,
1408 5049 1514 5088 non
1557 5032 1644 5088 ηε·

1830 5030 2062 5083 ΠΡΩΤΗ
2096 5028 2377 5083 ΙΟΥΝΙΟΥ
2399 5026 2769 5085 ῙΟΥΣΤΙΝΟΝ
2801 5026 3272 5085 ΕΛΛΕΒΟΡΙΖΕΙ.

147 5108 249 5175 galla
294 5123 489 5171 tantum
551 5129 647 5175 aut
712 5138 940 5178 nervum
978 5142 994 5191 ;
1045 5140 1111 5181 ac
1171 5126 1428 5195 supplicii
1484 5140 1660 5194 genus
1902 5136 2095 5177 CICUTA
2125 5136 2345 5175 nomen
2378 5133 2773 5174 sevuusnno
2798 5134 3059 5180 uruur.

149 5207 334 5271 exempli
361 5224 518 5265 causa
552 5212 846 5280 nominari,
876 5224 936 5271 ut
974 5218 1292 5289 martyrium
1352 5217 1656 5287 generatim
1906 5227 1939 5271 ο
1990 5228 2039 5267 st
2077 5227 2405 5274 ENBISSENT,
2432 5226 2520 5281 QUI
2554 5224 2954 5273 Plu-:BUERUNT,
2982 5222 3160 5268 ratus.

149 5290 447 5360 signiﬁcetur.

1906 5320 2165 5362 JUSTINUI
2186 5321 2299 5360 JUNI
2340 5316 2716 5360 PERSANAVERE
2738 5317 3022 5358 KALENDE.

202 5385 407 5449 Marcum
434 5394 714 5459 Aurelium
744 5409 993 5455 recenset
1043 5399 1438 5466 Tertullianus,
1476 5402 1660 5471 Apol,,
1773 5399 1883 5455 llos
1911 5412 2104 5453 versus
2151 5399 2225 5451 ita
2266 5396 2503 5450 reddidit
2549 5394 2942 5454 llalloixius“,
2973 5390 3067 5446 sed
3115 5404 3347 5444 accura-

152 5489 187 5528 t.
212 5477 255 5544 5,
279 5482 409 5541 intel-
434 5503 528 5545 eos
560 5490 936 5562 imperatores,
979 5508 1008 5547 a
1042 5494 1245 5564 quibus
1292 5494 1438 5562 leges
1464 5494 1663 5548 adver-
1773 5492 1883 5548 tius
1926 5489 2173 5543 ultimum
2225 5503 2440 5541 versum
2478 5488 2785 5553 reddemus,
2808 5487 2852 5541 si
2887 5485 3014 5538 illud
3073 5482 3347 5553 ἐλλεϐορί-

154 5579 220 5621 tus
253 5572 581 5637 Christianos
634 5583 871 5637 sancitur
908 5600 1011 5638 non
1061 5584 1301 5641 luerunt.
1338 5584 1444 5639 Sed
1484 5592 1665 5643 tamen
1774 5583 1856 5648 ζει
1902 5582 2328 5651 interpretemur
2375 5597 2571 5633 veneno
2612 5581 2825 5633 occidit.
2872 5578 3149 5632 Iustinum
3208 5579 3347 5635 Iuni

153 5660 319 5725 Videtur
345 5684 433 5726 aut
483 5684 690 5731 secreta
720 5675 994 5745 iudicibus
1037 5677 1256 5732 dedisse
1297 5676 1577 5742 mandata,
1610 5686 1671 5732 ut
1774 5676 2000 5732 elleboro
2049 5674 2295 5730 occidere
2348 5673 2625 5728 Kalendaz.
2670 5671 3072 5742 Vltuperandus
3099 5672 3348 5742 profecto

203 5782 384 5854 ητα..
408 5808 463 5846 n.
496 5794 582 5849 19.
658 5797 701 5829 ⁸⁸
723 5798 878 5867 Apol.
899 5799 951 5863 2,
979 5816 1031 5853 ιι.
1069 5800 1116 5853 l.
1186 5799 1229 5831 θ’
1252 5798 1387 5854 Adv.
1414 5797 1599 5867 Prax.,
1630 5815 1653 5855 c

156 5846 197 5901 ὃ.
219 5851 352 5927 Jusl.,
382 5878 431 5931 p.
460 5863 577 5921 188.
1134 5904 1139 5907 ι

1877 5799 1921 5832 ⁸⁸
1956 5798 2073 5853 Lib.
2098 5812 2174 5862 tv,
2199 5812 2247 5851 c.
2271 5796 2352 5851 16.
2417 5794 2459 5827 ⁸⁷
2500 5796 2621 5848 Act.
2661 5809 2713 5846 ιι.
2746 5792 2797 5846 1.
2875 5789 2919 5820 ⁸⁸
2943 5787 3007 5843 Ν.
3032 5788 3065 5843 4
3163 5791 3207 5827 ⁶⁹
3240 5790 3348 5853 Vit.
