3792 6544
398 394 505 451 159

400 515 493 583 qui
524 515 578 569 in
600 522 922 569 contextum
971 513 1226 569 omnibus
1276 518 1389 571 suis
1421 518 1675 585 partibus
1704 515 1972 585 praeclare
2003 515 2048 570 A

403 610 709 664 absolutum
769 610 1135 679 incptissimos
1188 610 1307 664 illos
1364 628 1556 667 versus
1611 612 1866 669 inseruit.
1922 621 1977 666 et

404 703 849 771 splendidissimo
890 702 1087 757 Justiui
1125 706 1388 774 martyrio
1419 706 1675 772 probrum
1702 720 1865 758 ausus
1892 712 1977 756 est

405 810 718 865 aspergere.
777 797 910 852 Nam
970 799 1234 868 quidquid
1292 799 1343 851 in
1389 797 1591 851 Menrro
1648 797 1714 849 de
1762 795 1978 851 Iustino

404 887 631 955 eiusque
672 889 836 943 sociis
862 891 1081 954 dicitur,
1131 890 1358 943 mirifice
1390 905 1510 943 cum
1558 890 1702 942 Actis
1730 890 1977 957 martyrii

403 981 698 1045 consentit,
724 983 965 1051 exceptis
986 980 1093 1034 illis
1119 981 1382 1034 versibus.
1414 980 1630 1035 Iustino
1661 988 1839 1032 autem
1869 994 1976 1032 non

398 1068 511 1135 jam
554 1068 726 1124 honor
756 1071 1035 1125 habendus
1059 1078 1225 1137 esset,
1251 1080 1311 1124 ut
1350 1070 1604 1139 martyri,
1637 1069 1680 1123 si
1704 1083 1977 1122 venenum

403 1168 594 1229 sponte
646 1162 987 1231 sumpsisset,
1037 1163 1131 1217 sed
1176 1170 1235 1217 ut
1289 1164 1369 1218 sui
1410 1163 1697 1216 homicidae
1741 1162 1979 1216 dedecus

404 1253 731 1307 inurendum
762 1262 936 1320 esset;
969 1263 1063 1306 aut
1086 1254 1131 1309 si
1160 1255 1301 1309 clam
1339 1269 1552 1308 veneno
1605 1253 1854 1309 sublatus
1898 1254 1980 1307 fo-

403 1355 523 1403 ret:
556 1361 663 1400 non
711 1356 918 1400 tantum
963 1347 1246 1401 habuisset
1301 1345 1549 1416 martyrii
1610 1345 1978 1411 splendorem,

402 1448 667 1508 quantum
701 1448 811 1493 tota
842 1439 1144 1507 antiquitas
1177 1437 1520 1508 praedicavit.
1554 1438 1711 1492 Haud
1757 1439 1978 1492 dubium

402 1543 534 1599 ergo
577 1530 706 1599 quin
744 1540 854 1585 tres
891 1530 968 1585 illi
993 1545 1186 1586 versus
1215 1530 1454 1586 hominis
1497 1530 1715 1586 absurdi
1766 1530 1980 1587 facinus

398 1620 738 1675 exstiterint.
895 1622 905 1633 '

469 1712 715 1770 Conatus
746 1723 831 1769 est
868 1715 996 1769 huic
1026 1716 1373 1770 incommodo
1414 1715 1620 1770 mederi
1657 1715 1981 1784 llalloixius,

400 1817 465 1857 ac
503 1803 762 1869 cicutam,
795 1820 915 1874 qua:
941 1804 1215 1861 Iustinum
1257 1806 1501 1872 sustulit,
1536 1822 1807 1861 venenum
1844 1810 1985 1861 invi-

1329 393 1388 449 S.
1425 392 1764 451 JUSTINUS
1788 384 2268 446 PHILOSOPHUS
2305 384 2389 438 ET
2423 379 2736 437 MARTYB.

3557 368 3674 423 160

2713 498 2941 557 CAPUT
2980 496 3030 553 Χ

2117 642 2189 695 De
2224 640 2449 694 Tatiano
2478 657 2538 692 ac
2569 642 2795 709 primum
2827 637 2889 688 de
2916 633 3057 715 illius
3085 631 3275 685 studiis
3302 630 3617 684 litterarum

2655 719 2701 760 et
2732 718 3090 759 (tottvet'smrte.

2077 831 2113 881 Ι.
2141 829 2375 879 Talianus
2413 822 2637 873 omnibus
2684 821 2954 869 disciplinis
2975 820 3050 883 dat
3074 812 3673 883 nperatnlll._0tt0tnntlo

2139 877 2296 939 factus
2330 889 2649 939 Christianus.
2681 884 2767 934 lll.
2810 890 2923 951 Eius
2965 882 3126 933 fervor
3166 877 3256 927 sub
3277 877 3476 926 Iustino
3506 877 3674 934 magi—

2138 960 2242 1001 stro

2156 1075 2197 1132 l.
2232 1074 2496 1127 Tatianus
2527 1072 2581 1125 in
2613 1069 2968 1141 Assyriorum
3002 1078 3147 1121 terra
3193 1077 3379 1119 natum
3428 1079 3492 1116 se
3541 1077 3674 1116 esse

2083 1174 2358 1219 testatur:
2399 1163 2595 1234 Syrum
2648 1169 2807 1214 vocat
2845 1158 3200 1228 Epiphanius,
3234 1158 3431 1211 haeres.
3474 1155 3573 1213 46.
3614 1163 3674 1206 et

2082 1256 2135 1308 iu
2170 1252 2430 1317 iudiculo,
2465 1267 2587 1321 pag.
2610 1250 2738 1315 251,
2766 1266 2793 1304 e
2822 1249 3205 1316 Mesopotamia
3238 1247 3527 1300 oriundum
3556 1262 3673 1299 esse

2081 1345 2230 1398 dicit.
2262 1344 2460 1415 Syrum
2486 1345 2651 1397 etiam
2690 1340 2979 1411 appellavit
3008 1339 3298 1393 Tatianum
3338 1337 3675 1392 Theodore-

2080 1446 2168 1491 tus
2189 1438 2258 1492 '”.
2291 1434 2407 1490 Non
2438 1435 2763 1489 inusitatum
2796 1442 2917 1489 erat
2963 1441 3020 1485 ut
3069 1431 3278 1503 Assyrii
3330 1440 3677 1484 vocarentur

2082 1528 2178 1596 qui
2235 1528 2580 1583 Palazstinam
2632 1526 2972 1587 incolebant;
3017 1525 3172 1593 cujus
3220 1524 3297 1577 rei
3348 1522 3673 1591 exemplum

2085 1624 2397 1692 suppeditat
2437 1620 2770 1676 Themistius
2816 1619 2869 1672 in
2925 1617 3077 1672 Orat.
3107 1617 3158 1681 7,
3193 1616 3286 1671 ubi
3334 1618 3465 1670 illm!
3519 1616 3678 1671 Scri-

2083 1728 2255 1785 ptura:
2283 1733 2299 1768 :
2329 1714 2447 1789 Cor‘
2478 1715 2614 1783 regis
2657 1713 2711 1766 in
2745 1727 2907 1765 manu
2946 1711 3040 1763 Dei
3067 1711 3135 1776 ⁷⁸,
3188 1726 3255 1764 ex
3304 1709 3673 1779 Assyriorum

2088 1811 2245 1864 libris
2292 1810 2670 1877 depromptum
2718 1810 2841 1862 esSe
2891 1807 3111 1861 asserit.
3147 1804 3323 1858 Statui
3372 1818 3510 1871 ergo
3560 1820 3672 1855 non

401 1898 502 1951 dite
532 1912 653 1952 esse
688 1899 1047 1961 existimavit,
1087 1913 1209 1966 quae
1246 1896 1600 1952 Crescentem
1660 1898 1727 1950 ad
1784 1914 1981 1953 necem
2015 1896 2056 1950 B
2086 1910 2266 1969 potest
2299 1908 2478 1953 utrum
2512 1900 2564 1952 in
2594 1899 2774 1970 Syria,
2808 1914 2873 1951 an
2907 1899 2959 1951 in
2979 1897 3202 1967 Assyria
3230 1898 3457 1964 proprie
3491 1896 3669 1958 dicta,

398 1987 614 2043 Justino
640 1991 963 2044 moliendam
1001 1990 1232 2058 impulit.
1262 1988 1369 2043 Sed
1394 1990 1537 2044 hanc
1574 1991 1977 2057 interpretatio-

401 2097 526 2137 nem
551 2098 661 2137 non
698 2086 903 2153 patitur
926 2097 1119 2137 versns
1167 2082 1256 2135 ille
1304 2082 1609 2137 secundus:
1649 2081 1692 2137 0
1717 2083 1764 2135 si
1798 2083 1982 2137 ebibis-

398 2185 536 2238 sent,
552 2176 642 2245 qui
669 2176 1027 2244 prwbtterunt,
1050 2173 1235 2242 prius!

471 2267 548 2321 Ex
578 2269 679 2322 hoc
711 2270 778 2322 de
803 2267 999 2322 Justini
1053 2274 1228 2321 morte
1265 2275 1579 2323 commento
1617 2276 1743 2323 rata
1775 2278 1857 2322 est
1886 2283 1979 2322 oc-

395 2360 546 2414 casio
577 2363 712 2416 duos
751 2358 995 2415 .lustinos
1021 2359 1283 2429 ﬁngendi,
1336 2361 1568 2413 alterum
1597 2360 1978 2429 philosophqu

397 2463 450 2505 et
482 2452 741 2506 eximium
769 2453 1113 2520 scriptorem,
1147 2465 1385 2519 eumque
1425 2466 1635 2505 veneno
1669 2452 1978 2508 sublatum:

397 2544 628 2598 alterunt
676 2560 798 2598 cum
829 2544 995 2599 sociis
1027 2542 1346 2609 Charitoue,
1390 2541 1701 2607 Charitiua,
1762 2543 1977 2606 Pzeone,

401 2635 697 2690 Liheriauo
733 2636 957 2707 (legitur
1008 2634 1300 2689 Valeriano
1334 2636 1385 2688 in
1420 2634 1668 2701 Menazo),
1703 2633 1980 2703 Evelpisto

398 2738 455 2783 et
492 2726 718 2782 llicrace
743 2740 986 2800 passum.
1015 2726 1122 2782 Sed
1156 2729 1285 2782 huic
1314 2727 1559 2797 opinioni
1596 2728 1710 2796 ipsa
1737 2726 1892 2792 Acta,
1926 2728 1978 2780 in

400 2820 598 2891 quibus
620 2820 865 2876 Justinus
896 2821 947 2874 in
973 2820 1120 2875 omni
1147 2820 1563 2887 disciplinarum
1598 2834 1797 2890 genere
1822 2834 1981 2875 exer-

401 2916 606 2971 citatus
659 2915 849 2979 fuisse,
892 2913 1190 2983 discipulos
1260 2914 1490 2979 habere,
1544 2929 1668 2968 cum
1719 2913 1979 2969 omnibus

400 3010 731 3063 adeuntibus
756 3008 1060 3061 doctrinam
1090 3005 1336 3061 veritatis
1354 3005 1780 3072 communicare,
1807 3021 1870 3059 ac
1897 3005 1982 3060 bis

400 3099 631 3156 Romam
665 3100 887 3155 venisse
913 3100 1132 3164 dicitur,
1166 3100 1239 3153 ita
1277 3097 1597 3162 reclamant,
1628 3106 1688 3153 ut
1725 3113 1845 3152 eam
1874 3111 1979 3152 non

2084 2001 2197 2059 aut,
2222 1990 2290 2044 iit
2320 1991 2558 2045 credidit
2587 1990 2926 2061 Epiphanius
2946 2033 2963 2057 ,
2998 1990 3049 2042 in
3079 1987 3470 2056 Mes0potamia
3506 1995 3675 2037 natus

2082 2085 2156 2140 sit
2199 2082 2483 2148 Tatianus,
2526 2098 2650 2137 cum
2688 2082 2897 2153 Assyrii
2936 2094 3136 2135 nomen
3184 2079 3314 2149 ipsis
3348 2080 3518 2133 etiam
3574 2077 3679 2133 He-

2084 2178 2244 2234 br:eis
2278 2176 2569 2231 tribuatur.

2155 2269 2399 2324 Primum
2434 2268 2650 2323 Tatiani
2680 2266 2986 2323 institutum
3008 2266 3330 2335 superstitio
3356 2264 3461 2318 fuit
3488 2274 3551 2319 et
3580 2280 3677 2318 ve-

2082 2364 2309 2418 hemens
2354 2361 2534 2416 omnis
2579 2362 2905 2415 litteratura:
2953 2358 3214 2412 studium.
3262 2358 3432 2411 Docet
3470 2358 3596 2426 ipse
3629 2358 3677 2389 ⁷³

2084 2463 2231 2510 tanta
2278 2468 2340 2509 se
2385 2454 2780 2522 superstitione
2811 2452 3117 2514 laborasse,
3157 2459 3218 2505 ut
3258 2451 3424 2504 variis
3453 2452 3509 2503 in
3542 2452 3675 2502 locis

2082 2552 2451 2619 mysteriorum
2481 2549 2745 2617 particeps
2767 2547 2914 2616 ﬁeret
2943 2565 3007 2601 ac
3039 2547 3229 2615 ubique
3262 2544 3552 2613 religiones
3584 2562 3677 2598 ea:-

2080 2638 2333 2709 ploraret.
2366 2640 2479 2694 Nec
2511 2650 2691 2695 tamen
2742 2649 2823 2694 tot
2868 2640 3120 2710 regiones
3151 2640 3373 2693 obeunti
3406 2639 3461 2692 id
3493 2639 3674 2693 solum

2082 2732 2427 2802 prepositum
2460 2741 2605 2799 erat,
2638 2742 2697 2785 ut
2730 2733 3010 2803 mysteriis
3042 2732 3373 2794 initiaretur,
3408 2733 3507 2784 sed
3543 2732 3674 2783 illud

2082 2829 2247 2883 etiam
2275 2829 2531 2894 maxime,
2568 2837 2624 2881 ut
2651 2826 3005 2896 multiplicem
3039 2824 3399 2878 eruditionem
3435 2824 3676 2893 collige-

2083 2932 2187 2977 ret.
2220 2921 2313 2976 Sic
2344 2921 2491 2975 enim
2533 2921 2776 2990 loquitur
2803 2922 2869 2973 de
2894 2920 2960 2973 iis
2985 2934 3107 2988 quze
3139 2918 3553 2985 peregrinando
3578 2933 3673 2971 co-

2084 3025 2369 3087 gnoverat,
2410 3032 2464 3069 ιι.
2506 3016 2576 3070 55
2612 3030 2627 3068 :
2660 3014 2846 3069 Ταῦτα
2891 3014 2988 3085 μὲν
3024 3015 3083 3066 οὐ
3120 3013 3249 3084 παρ’
3283 3011 3445 3065 ἄλλου
3482 3011 3677 3081 μαθὼν

2082 3109 2367 3180 ὲξεθέμην,
2414 3108 2612 3179 πολλὴν
2650 3109 3009 3178 ἐπιφοιτήσας
3048 3108 3181 3178 γῆν,
3228 3107 3320 3160 καὶ
3364 3106 3526 3159 τοῦτο
3579 3106 3678 3175 μὲν

401 3195 577 3265 magis
607 3193 773 3249 libeat
801 3194 923 3247 data
954 3206 1118 3261 opera
1147 3191 1419 3257 refellere,
1458 3207 1622 3261 quam
1650 3193 1792 3260 quod
1831 3192 1977 3261 Apo-

2141 3200 2444 3270 ιφιστεύσας
2480 3200 2548 3253 τὰ
2579 3200 2818 3271 ὑμετέρα
2839 3238 2852 3263 ,
2889 3199 3048 3253 τοῦτο
3081 3200 3137 3253 δὲ
3174 3200 3391 3270 τέχναις
3421 3199 3522 3252 καὶ
3552 3202 3678 3251 ὲπι-

402 3287 524 3343 nius
578 3287 812 3356 scriptor
851 3286 1033 3342 sazculi
1092 3285 1309 3355 septimi
1366 3286 1432 3339 de
1482 3282 1697 3338 Justlno
1745 3285 1979 3350 dixit",

400 3394 525 3435 eum
552 3393 581 3432 a
613 3377 954 3449 philosophis
994 3379 1260 3445 occisum,
1300 3392 1423 3433 cum
1462 3376 1656 3433 cattide
1686 3377 1743 3433 in
1778 3389 1981 3434 secrato

401 3482 616 3529 vocatus
641 3472 709 3527 ab
732 3474 811 3529 eis
848 3472 1065 3528 fuisset.

472 3565 665 3636 Magna
689 3566 803 3635 jam
834 3580 899 3619 ex
936 3574 1089 3635 parte
1110 3565 1381 3636 explicata
1414 3575 1469 3622 et
1496 3566 1673 3622 soluta
1705 3566 1982 3635 videntur,

402 3674 524 3729 quae
564 3659 832 3714 adversus
881 3659 998 3712 tunc
1035 3657 1172 3715 Acta
1220 3658 1386 3728 objici
1432 3660 1666 3729 possint,
1720 3660 1982 3715 nimirum

400 3754 550 3824 quod
578 3770 721 3809 unus
747 3764 1087 3810 memoratur
1120 3756 1439 3825 imperator,
1465 3746 1850 3826 quamvis’duo
1875 3756 1984 3809 Ro-

403 3860 628 3901 manum
672 3846 963 3916 imperium
998 3855 1130 3900 tunc
1163 3857 1449 3915 regerent;
1480 3850 1625 3917 quod
1654 3849 1896 3903 edictum
1928 3849 1983 3901 in
2013 3906 2021 3913 ,

403 3936 754 3993 Christianos
775 3939 994 3994 dedisse
1024 3939 1242 4002 dicitur,
1272 3940 1524 4010 quamvis
1547 3941 1751 3995 nuilutn
1774 3941 1986 3996 Marcus

406 4026 600 4082 tulisse
638 4029 1019 4097 perhibeatur;
1047 4030 1190 4099 quod
1222 4029 1468 4083 Iconium
1504 4030 1557 4084 in
1592 4030 1831 4103 Phrygia
1868 4031 1984 4086 col-

404 4118 640 4174 locatur.
680 4120 903 4175 Duabus
937 4121 1130 4190 primis
1161 4122 1572 4178 ditﬁcultatibus
1599 4124 1710 4190 jam
1742 4125 1984 4180 occurri.

400 4211 559 4278 Quod
587 4220 798 4281 spectat
830 4214 898 4267 ad
928 4214 1166 4280 tertiam,
1195 4230 1301 4270 non
1337 4216 1536 4270 desunt
1562 4217 1653 4286 qui
1686 4231 1783 4285 pro
1814 4215 1987 4287 Phry-

402 4301 491 4370 gia
520 4300 781 4357 Pisidiam
812 4303 915 4372 (sic
943 4304 1086 4358 enim
1117 4306 1256 4375 apud
1290 4304 1573 4372 Basili'um,
1605 4322 1692 4375 ep.
1720 4306 1845 4373 1'58,
1872 4306 1989 4361 Ico-

404 4391 556 4446 nium
582 4392 800 4447 Pisidia:
827 4393 1025 4448 civitas
1048 4394 1297 4467 dicitur),
1323 4404 1417 4451 aut
1445 4412 1544 4467 pro
1568 4396 1750 4453 Iconio
1776 4397 1988 4469 Lycao-

402 4483 559 4538 niam
598 4493 887 4554 reponant.
913 4484 1091 4554 Atque
1135 4487 1251 4542 haec
1282 4488 1568 4560 responsio
1600 4491 1772 4560 aequis
1804 4506 1983 4545 rerum

2083 3290 2254 3354 νοίαις
2286 3292 2622 3362 ἐπικυρήσας
2651 3290 2892 3353 πολλαῖς.
2922 3310 2940 3341 ι
2979 3290 3106 3345 Hzec
3136 3308 3241 3345 non
3270 3293 3336 3345 ab
3366 3290 3475 3343 alio
3509 3307 3676 3344 acce-

2083 3391 2174 3452 pta
2205 3382 2453 3451 exposui,
2481 3383 2573 3452 qui
2608 3382 2804 3436 multas
2842 3383 3006 3437 invisi
3043 3385 3316 3453 regiones,
3353 3399 3415 3437 ac
3468 3386 3676 3453 partim

2084 3474 2287 3530 vestris
2318 3475 2372 3529 in
2404 3475 2713 3545 disciplinis
2768 3480 3102 3532 exercitatus
3143 3494 3263 3531 sum
3292 3517 3307 3543 ,
3356 3479 3567 3548 partim
3622 3480 3676 3531 in

2086 3575 2234 3621 artes
2258 3575 2313 3620 et
2350 3568 2572 3621 inventa
2606 3567 2774 3621 multa
2802 3567 2988 3622 incidi.
3026 3587 3045 3619 ι
3083 3569 3235 3636 Quod
3277 3569 3354 3621 ait
3392 3567 3675 3622 Tatianus

2086 3673 2147 3713 se
2188 3659 2243 3713 in
2285 3659 2601 3714 ercorum
2635 3660 2940 3729 disciplinis
2982 3661 3343 3715 exercitatum
3384 3661 3591 3728 fuisse,
3626 3662 3676 3714 id

2086 3750 2357 3806 Eusebius
2403 3753 2469 3807 de
2514 3751 2745 3805 Tatiano
2798 3768 2966 3821 agens
3016 3752 3323 3807 imitatione
3370 3756 3677 3821 expressit.

2087 3842 2389 3908 Τατιανδς,
2431 3844 2607 3913 inquit
2640 3844 2705 3911 ",
2746 3844 2886 3916 ἀνὴρ
2933 3844 3023 3899 τὸν
3076 3845 3311 3916 πρῶτονο
3340 3845 3511 3898 αὐτοῦ
3563 3846 3681 3915 βίον

2088 3934 2446 4004 σοφιστεύσας
2474 3938 2531 3990 ὲν
2562 3938 2673 4000 τοῖς
2706 3935 2971 4007 Ἑλλήνων
3003 3935 3305 4007 μαθήμασι.
3336 3954 3354 3986 ι
3379 3935 3454 3988 Ta
3468 3937 3681 4000 tianus,

2088 4028 2175 4082 vir
2208 4030 2387 4097 primo
2412 4029 2538 4081 vita:
2563 4043 2674 4083 sua:
2706 4028 2957 4083 instituto
2992 4031 3043 4082 in
3079 4029 3397 4084 Graacorum
3426 4031 3679 4101 discipli-

2087 4120 2175 4175 nis
2207 4120 2563 4175 exercitatus.
2604 4138 2624 4171 ι
2662 4118 2907 4173 Bullinus
2962 4119 3088 4173 illud
3141 4121 3504 4190 σοφιστεύσας
3558 4139 3680 4174 ma—

2086 4216 2310 4285 gistrum
2345 4214 2657 4284 eloquentia:
2687 4214 2896 4268 Vertit:
2928 4214 3055 4268 hinc
3087 4215 3252 4268 etiam
3300 4214 3681 4287 Hieronymus

2088 4306 2380 4361 Tatianum
2416 4308 2643 4376 primum
2684 4306 2972 4356 oratoriam
3004 4306 3273 4358 docentem
3307 4320 3413 4356 non
3437 4319 3675 4372 parvam

2086 4401 2185 4455 sibi
2209 4417 2276 4455 ea:
2294 4411 2407 4454 arte
2431 4400 2692 4453 rhetorica
2720 4399 2942 4468 gloriam
2969 4413 3323 4465 comparasse,
3355 4395 3682 4451 Theodore‘

2089 4503 2176 4549 tus
2211 4492 2513 4564 sophistam
2556 4492 2726 4546 fuisse
2774 4490 2926 4544 dicit.
2978 4488 3083 4543 Sed
3118 4487 3405 4554 Valesius,
3442 4490 3539 4557 qui
3575 4491 3680 4543 hos

401 4577 833 4635 inStimatoribus
888 4581 1215 4636 satisfacere
1275 4582 1535 4648 deberet,
1594 4583 1812 4637 etiamsi
1873 4599 1979 4638 non
2014 4575 2059 4630 D
2089 4590 2255 4644 duces
2287 4589 2340 4642 in
2388 4587 2620 4641 Eusebio
2668 4586 2834 4639 latine
2872 4583 3151 4638 reddendo
3200 4593 3421 4637 secutus
3453 4581 3673 4645 fuerat,

402 4666 624 4723 aliunde
662 4680 944 4725 constaret
979 4673 1243 4742 ejusmodi
1289 4674 1341 4727 in
1390 4674 1728 4745 designando
1762 4677 1975 4729 urbium

403 4758 513 4816 situ
542 4768 723 4812 errata
756 4773 897 4828 smpe
921 4774 989 4813 ex
1022 4761 1165 4817 notis
1192 4760 1423 4830 margini
1450 4762 1713 4831 appositis
1745 4762 1799 4815 in
1843 4776 1979 4817 con-

406 4857 616 4905 textum
643 4851 978 4919 obrepsisse.

478 4940 575 4996 His
604 4957 727 5012 qua:
758 4942 810 4996 in
846 4942 1153 4998 Graecorum
1191 4944 1445 4997 Actorum
1477 4941 1673 4997 Latina
1708 4943 1982 5012 interpre—

405 5034 614 5088 tatione
644 5037 965 5101 emendavi,
1000 5052 1166 5091 unum
1211 5046 1297 5091 est
1323 5035 1468 5104 quod
1502 5036 1743 5103 adjicere
1792 5036 1981 5091 libeat.

404 5125 705 5184 Prmfectus
747 5129 880 5183 dicit
910 5129 1147 5195 Justino,
1184 5147 1240 5183 ιι.
1271 5130 1348 5183 4:
1388 5130 1583 5182 Ἀκουε
1626 5131 1654 5183 ὁ
1698 5129 1986 5201 λεγόμενος

405 5218 618 5287 λόγιος·
649 5237 669 5271 ι
695 5221 834 5275 Audi
861 5230 917 5275 tu
945 5223 1033 5291 qui
1062 5222 1322 5293 eloquens
1345 5238 1464 5278 esse
1487 5223 1707 5278 diceris.
1736 5240 1753 5274 ι
1781 5223 1983 5289 Malim,

411 5329 434 5368 ι
467 5314 559 5383 qui
586 5316 781 5369 doctus
814 5314 1037 5369 diceris.
1075 5334 1093 5367 ι

499 5914 542 5947 τ’
585 5911 839 5971 Biblioth.
888 5911 1064 5982 Palu,
1092 5922 1127 5967 t.
1164 5911 1204 5981 l,
1230 5928 1281 5983 p.
1314 5910 1436 5969 279.

1518 5910 1558 5944 τ’
1594 5910 1654 5966 Ν.
1692 5910 1780 5967 42.
1850 5912 1892 5941 τ’
1934 5909 2094 5966 Prov.
2132 5924 2241 5975 xxi,
2282 5909 2332 5962 l.

2087 4681 2155 4735 ab
2186 4679 2267 4734 eis
2293 4678 2527 4733 discedit
2559 4679 2613 4733 in
2652 4678 2766 4732 suis
2799 4675 3283 4737 adnotationibus,
3320 4687 3385 4726 ac
3413 4671 3546 4725 illud
3585 4689 3679 4724 ao—

2088 4771 2385 4843 φιστεύσας
2403 4770 2537 4823 nihil
2557 4772 2624 4825 ad
2640 4771 3003 4839 eloquentiam
3027 4768 3321 4835 pertinere,
3340 4764 3431 4818 sed
3450 4780 3679 4819 omnem

2089 4865 2405 4920 Grecorum
2437 4852 2767 4933 sapientiam
2796 4872 2851 4917 et
2894 4860 3151 4916 liberales
3177 4858 3494 4928 disciplinas
3522 4874 3681 4912 com-

2090 4957 2255 5027 plecti
2279 4956 2557 5012 observat.
2593 4955 2757 5010 Addit
2784 4954 3073 5008 Tatianum
3105 4968 3172 5007 ex
3205 4952 3680 5022 peregrinationi-

2089 5051 2192 5102 bus
2217 5048 2599 5118 philosophum
2621 5047 2817 5116 magis,
2837 5062 2999 5116 quam
3027 5044 3389 5116 professorem
3412 5042 3680 5111 eloquen-

2091 5143 2221 5210 tize;
2270 5157 2338 5198 ex
2381 5157 2446 5197 eo
2492 5151 2673 5196 autem
2725 5139 2868 5210 quod
2918 5138 3039 5193 sine
3081 5138 3274 5192 ordine
3305 5152 3370 5191 ac
3412 5136 3679 5190 methodo

2089 5234 2416 5305 scripserit,
2448 5250 2639 5303 parum
2693 5234 2744 5286 in
2791 5231 3023 5285 dicendo
3071 5230 3438 5283 exercitatum
3485 5228 3674 5296 argui.

2095 5331 2303 5385 Auctor
2340 5330 2745 5384 dissertationis
2774 5329 2827 5381 in
2858 5327 3143 5381 Tatianutu
3165 5365 3179 5389 ,
3206 5340 3325 5392 qua:
3360 5332 3480 5393 post.
3528 5321 3680 5377 Ora-

2091 5425 2286 5477 tionem
2315 5423 2531 5477 Tatiani
2572 5423 2773 5476 editam
2818 5420 3012 5476 anuii
3040 5420 3237 5489 legitur
3260 5417 3328 5489 (is
3361 5427 3541 5470 autem
3586 5427 3679 5471 est

2090 5518 2444 5573 doctissimus
2473 5518 2645 5572 abbas
2692 5517 2757 5571 de
2802 5513 3144 5583 Longucruc)
3178 5510 3477 5564 assentitur
3513 5508 3677 5562 Valc-

2092 5612 2195 5676 sio,
2225 5610 2451 5681 eiusque
2502 5609 2827 5664 sententiam
2863 5606 3150 5660 continuat
3174 5604 3259 5657 his
3288 5600 3503 5655 Tatiani
3540 5617 3673 5655 ver-

2091 5706 2235 5761 δίδη
2264 5719 2278 5756 :
2305 5705 2361 5759 Ὀ
2396 5706 2513 5759 κατ’
2544 5702 2860 5771 Ἐπίκουρον
2892 5696 3242 5765 σοφιστεύων,
3278 5713 3296 5745 ι
3335 5695 3423 5764 qui
3452 5692 3675 5756 Epicuri

3310 5895 3356 5928 "
3387 5893 3445 5949 Ν.
3484 5892 3572 5947 15.

2430 5907 2475 5937 ⁷⁸
2515 5903 2581 5960 Ν.
2609 5904 2699 5959 29.
2776 5902 2820 5935 ⁷⁸
2852 5901 3013 5967 llist.,
3041 5913 3113 5964 tv,
3148 5897 3237 5951 l6.
