3792 6512
94 368 178 424 llil
1073 361 1135 416 ο.
1178 361 1443 417 MABANI
1475 363 1871 426 PRAZFATIQ.
1902 397 1971 405 —
2006 365 2187 422 PARS
2220 366 2304 425 111.

90 486 457 555 philosophiam
500 493 756 564 sectatur.
800 503 818 534 ι
853 484 967 539 Non
1013 485 1289 541 iunnerito
1333 503 1465 541 sane
1500 488 1627 557 reji»
1656 502 1702 558 Α
1734 492 1924 545 loricae
1952 468 2349 559 professionem
2387 491 2752 558 aflinxerunl,
2784 502 2837 549 et
2861 492 2952 563 qui
2991 492 3161 547 solam
3187 496 3314 564 phi-

105 583 226 633 riunt
269 578 454 633 eruditi
502 577 573 631 illi
616 578 717 631 viri
760 579 902 646 quod
942 574 1231 632 Tatianum
1266 579 1629 652 liieronymus

104 685 145 728 et
173 672 392 725 liuﬂinus
433 657 756 726 rhetoricam
788 674 1038 727 docuiSse
1058 711 1074 736 ,
1120 670 1506 726 Theodoretus
1536 688 1628 727 so—

105 765 301 831 pbistaui
343 762 508 817 fuisse
556 777 744 831 parum
802 764 941 818 belle
992 764 1265 819 dixerant.
1322 762 1459 817 Nam
1517 766 1631 833 ipse

107 854 329 908 Tatiautts
375 868 476 907 non
524 856 751 909 obscure
802 856 1183 925 philosophum
1223 872 1282 910 se
1332 868 1628 925 antequam

106 944 429 1021 Christianum
469 943 635 999 fuisse
664 946 929 999 declarat.
967 946 1058 998 Sic
1083 947 1230 1000 enim
1277 947 1633 1015 philosophos

107 1038 376 1103 alloquitur,
421 1054 473 1091 ιι.
524 1038 593 1091 ἳϐ
635 1058 647 1093 :
682 1040 925 1110 Αημοσίᾳ⁵
972 1042 1070 1112 μὲν
1117 1042 1227 1113 γὰρ
1280 1042 1628 1113 πομπεύετε,

109 1132 205 1191 τοὺς
230 1128 277 1182 δὲ
312 1128 496 1197 λόγους
531 1131 621 1184 ἐπὶ
655 1134 857 1199 γωνίας
897 1133 1303 1204 ἀποκρύπτετε.
1349 1134 1632 1197 Τοιούτους

110 1222 220 1290 ὑμᾶς
246 1221 541 1288 ἐπιγνόντες
590 1224 1058 1296 καταλελοίπαμεν
1087 1227 1179 1279 καί⁵
1212 1227 1317 1280 τῶν
1352 1228 1632 1300 ὑμετέρων

107 1311 250 1363 οὐκέτι
270 1310 523 1381 ψαύομεν,
550 1312 683 1365 Θεοῦ
713 1314 770 1367 δὲ
799 1314 939 1386 λόγῳ
964 1316 1487 1389 κατακολοι›0οὖμεν.
1521 1337 1538 1369 ι
1575 1319 1628 1372 lu

110 1400 283 1468 publico
309 1416 527 1470 pompas
568 1404 761 1473 agitis;
818 1420 1097 1460 sermones
1127 1416 1309 1461 autem
1340 1409 1392 1462 in
1422 1406 1631 1480 an’gulis

111 1494 371 1550 occultatis.
394 1494 586 1551 Missos
614 1512 709 1551 vos
736 1496 990 1563 fecimus,
1022 1515 1145 1553 cum
1174 1500 1309 1555 tales
1337 1518 1633 1572 c0gnosce-

113 1604 289 1654 remus;
327 1604 421 1644 nec
450 1588 564 1653 jam
594 1591 660 1643 de
694 1591 857 1645 rebus
888 1592 1088 1646 vestris
1118 1594 1419 1663 quidquam
1462 1598 1632 1650 attin-

112 1682 283 1751 gimus,
338 1682 428 1737 sed
480 1684 706 1737 verbum
759 1683 853 1739 Dei
902 1695 1203 1741 sectamur.
1255 1706 1274 1740 ι
1321 1688 1630 1755 Quinetiam

113 1772 349 1839 Tatianus,
371 1776 471 1830 etsi
496 1776 583 1830 his
609 1776 791 1831 verbis
813 1793 871 1833 se
900 1776 1212 1834 Grtecorum
1236 1780 1628 1852 philosophiam

114 1864 285 1917 missam
310 1862 493 1919 fecisse
522 1865 764 1929 indicat,
798 1867 1012 1922 videtur
1050 1878 1233 1925 tamen
1270 1871 1323 1925 in
1356 1873 1470 1942 ipsa
1506 1873 1630 1927 reli-
1661 1853 1704 1907 Β

113 1957 233 2021 gioue
260 1954 581 2021 Christiana,
606 1956 806 2013 Justini
841 1961 1083 2027 magistri
1129 1963 1398 2032 exemplo,
1431 1980 1626 2020 nomen

114 2050 361 2120 philosophi
388 2068 448 2106 ac
474 2054 588 2123 ipsa
614 2055 779 2109 etiam
802 2055 1034 2112 fortaSse
1058 2059 1290 2129 insignia
1318 2061 1625 2119 retinuisse.

115 2140 214 2194 Nam
242 2157 345 2198 sese
378 2160 495 2197 cum
531 2142 750 2200 Justino
789 2148 931 2202 inter
961 2150 1318 2220 philosophos
1351 2164 1626 2221 numerat,

115 2249 207 2286 cum
235 2236 289 2287 de
313 2236 527 2291 structis
559 2237 777 2307 utrique
802 2254 831 2292 a
860 2240 1153 2298 Crescente
1186 2244 1388 2313 Cynico
1418 2246 1627 2303 insidiis

116 2326 172 2379 sic
206 2326 434 2394 loquitur,
481 2346 534 2382 η.
588 2330 657 2385 19
688 2349 702 2383 :
733 2331 899 2396 Τίνας
934 2331 991 2385 δὲ
1038 2334 1104 2386 ἂν
1149 2336 1243 2388 καὶ
1288 2336 1473 2403 διῶξαι
1520 2341 1628 2394 τῶν

116 2416 359 2485 φιλοσόφων
397 2421 442 2473 εί
496 2420 573 2491 μὴ
623 2422 817 2490 μόνους
856 2423 1001 2493 ἡμᾶς
1038 2423 1257 2491 εἴωθεν;
1288 2445 1306 2477 ι
1352 2427 1627 2494 Quosuam

118 2520 253 2562 autem
291 2508 725 2580 philosophorum
759 2512 863 2567 nisi
911 2529 1012 2569 nos
1054 2513 1199 2571 solos
1236 2517 1495 2573 insectari
1535 2534 1624 2574 so-

116 2596 259 2654 lebati
285 2619 302 2653 ι

170 2695 228 2747 Ex
256 2692 331 2749 his
360 2707 505 2767 patet
553 2697 939 2771 philosophum
979 2699 1145 2757 fuisse
1180 2701 1502 2771 Tatianum;
1532 2705 1625 2760 sed

120 2796 257 2841 tamen
284 2788 349 2841 ita
385 2789 745 2862 philosophice
789 2792 1004 2847 deditus
1036 2792 1161 2859 fuit,
1192 2804 1252 2849 ut
1291 2812 1396 2850 non
1448 2799 1628 2853 minus

118 2895 255 2948 opera:
280 2891 327 2935 et
352 2883 508 2938 studii
538 2884 595 2938 in
625 2884 802 2953 poetis
833 2899 888 2941 et
926 2889 1237 2944 oratoribus
1265 2890 1625 2958 perlegendis,

119 2990 164 3028 ac
186 2977 302 3031 omni
331 2979 655 3050 antiquitate
680 2982 1053 3052 investiganda
1084 2985 1332 3053 posuisse
1356 2986 1625 3041 videatur.

120 3063 258 3137 Neque
286 3072 417 3126 enim
444 3074 703 3128 assentiri
734 3089 955 3144 possunt
991 3078 1218 3133 eruditis
1246 3079 1379 3134 viris
1409 3079 1628 3135 Eusebii

120 3156 252 3214 locum
299 3163 363 3217 ita
408 3165 471 3219 ad
524 3165 935 3237 philosophiam
978 3170 1348 3225 referentibus
1374 3212 1389 3235 ,
1424 3180 1481 3225 ut
1521 3186 1624 3225 non

121 3252 252 3308 solum
286 3256 557 3314 rhetorica:
610 3258 1025 3331 professionem,
1056 3264 1149 3318 sed
1180 3266 1345 3318 etiam
1372 3266 1631 3335 eloquen-

122 3346 186 3397 lt'ae
227 3347 415 3405 Iaudem
459 3352 699 3407 Tatiano
745 3353 1076 3423 ahjudicent.
1110 3354 1258 3411 Illius
1291 3358 1633 3429 antiquitatis

122 3439 419 3505 cognitionem
444 3443 695 3499 declarat
719 3443 904 3499 Oratio
928 3448 1182 3501 adversus
1210 3445 1417 3504 Gmcos
1442 3466 1633 3506 recou-

124 3530 201 3581 dita
224 3533 497 3589 eruditione
528 3537 827 3592 abundans
859 3554 874 3603 ;
924 3540 1227 3595 studiosum
1266 3552 1547 3611 poetarum
1580 3552 1633 3597 et

124 3632 342 3678 oratorum
372 3627 532 3683 fuisse
577 3629 923 3684 demonstrat
948 3632 1161 3686 dicendi
1197 3649 1368 3702 genus
1399 3635 1631 3690 limatis-

125 3714 238 3765 suuis
266 3716 468 3782 picturis
514 3728 575 3773 et
622 3720 854 3788 poeticis
896 3722 1270 3779 venustatibus
1310 3725 1631 3793 coloratum,

126 3817 170 3856 ac
204 3806 454 3861 verborum
506 3811 808 3867 luminibus
843 3822 897 3866 et
924 3815 1267 3871 ornamentis
1295 3817 1631 3872 distinctum.

125 3893 373 3959 Quinetiam
401 3901 727 3971 disciplinas
750 3902 1096 3969 Graecorum,
1134 3906 1187 3960 iu
1217 3908 1414 3977 quibus
1447 3908 1634 3963 Tatia-

126 4001 219 4039 llUttl
241 3994 579 4048 exercitatum
612 3994 783 4049 fuisse
820 4010 887 4049 ex
921 3997 1157 4053 Eusebio
1184 4009 1348 4068 atque
1376 4002 1537 4055 etiam
1567 4015 1636 4054 ex

126 4079 212 4147 ipso
242 4082 445 4142 Tatiano
486 4087 754 4143 discimus
783 4129 799 4156 ,
841 4103 949 4143 non
988 4090 1390 4161 philosophiam
1436 4094 1633 4159 solum,

128 4174 196 4226 sed
217 4175 329 4232 alias
354 4180 507 4234 etiam
552 4188 705 4237 artes
735 4182 960 4253 intelligi
997 4191 1256 4253 oportere
1282 4187 1637 4255 perspicimus

128 4278 174 4315 ex
199 4266 328 4323 initio
361 4270 636 4327 Orationis
679 4278 933 4327 adversus
968 4269 1213 4340 Gra’cos,
1252 4278 1340 4330 ubi
1374 4274 1636 4335 Tatiauus

128 4353 185 4405 sic
210 4354 429 4425 loquitur,
459 4377 513 4415 η.
549 4364 576 4416 1
615 4380 629 4417 :
672 4362 1084 4434 Ἀπεταξάμεθα
1123 4367 1187 4435 τῇ
1224 4365 1352 4437 παρ’
1385 4366 1511 4437 ὑμῖν
1548 4384 1636 4419 σο-

130 4444 213 4514 qia,
235 4449 319 4500 κᾶν
345 4452 387 4502 εί
422 4452 560 4504 πάνυ
601 4454 796 4524 σεμνός
834 4471 915 4517 τις
934 4449 1000 4526 ἦν
1029 4456 1087 4507 ὲν
1115 4455 1341 4527 αὐτῇ...
1394 4457 1637 4529 Ῥητορι-

1737 582 2000 651 losophiae
2031 582 2241 636 laudem
2280 584 2609 638 detulerunt.

1809 672 1875 728 1|.
1920 672 2031 729 Sed
2068 674 2184 730 haec
2208 678 2389 730 omnia
2422 676 2766 731 ethnicorum
2788 676 3034 732 instituta
3066 676 3310 732 animum

1735 764 1952 819 Tatiani
1990 765 2250 820 inanibus
2279 766 2472 821 studiis
2504 768 2816 822 demulcere
2849 776 3127 838 poterant,
3156 769 3313 839 cupi-

1737 855 1963 908 ditatem
2023 855 2138 909 veri
2189 856 2555 925 cognoscendi
2608 856 2819 911 satiare
2872 871 2978 910 non
3032 863 3309 927 poterant.

1735 946 2024 1002 Fastidivit
2068 948 2382 1002 Graecorum
2434 948 2753 1018 religiones,
2783 956 3072 1019 postquam
3102 963 3221 1009 eas.
3254 957 3311 1005 ut

1738 1038 1852 1108 ipse
1886 1049 2075 1093 narrat
2102 1040 2169 1105 ⁷⁸,
2202 1043 2268 1095 ab
2316 1040 2647 1095 effeminatis
2673 1050 2727 1096 et
2772 1041 2998 1096 cinaedis
3026 1041 3309 1109 procurari

1736 1130 1895 1193 vidit,
1932 1138 1987 1184 et
2013 1130 2199 1184 Jovem
2242 1129 2518 1185 Latiarem
2564 1132 2707 1200 apud
2740 1130 3017 1187 Romanos
3042 1132 3312 1201 sanguine

1736 1221 1979 1276 humano
2008 1222 2313 1289 delectari,
2344 1237 2409 1277 ac
2452 1224 2673 1278 Dianam
2707 1239 2814 1277 non
2841 1222 3029 1293 procul
3075 1221 3314 1293 Megalo-

1735 1315 1861 1383 poli,
1910 1324 1966 1371 et
2008 1317 2146 1370 alios
2194 1316 2320 1370 alibi
2372 1318 2647 1372 daemones
2694 1316 2960 1385 ejusmodi
3006 1314 3311 1370 sceleribus

1734 1405 1939 1474 placari
1976 1406 2249 1476 cognovit.
2290 1406 2423 1475 ipsze
2451 1409 2617 1461 etiam
2650 1408 2952 1477 disciplinae
2981 1408 3198 1461 taedium
3233 1406 3309 1461 illi

1734 1507 2055 1562 moverunt,
2104 1499 2276 1569 stylus
2320 1500 2563 1567 Atticus,
2601 1500 3042 1570 philosophorum
3088 1501 3309 1565 sorites,

1735 1588 2057 1657 geometria.
2092 1590 2453 1654 astronomia,
2488 1590 2635 1659 leges
2672 1590 2723 1643 in
2761 1589 2992 1659 publicis
3024 1592 3187 1646 rebus
3214 1591 3312 1645 ad-

1735 1680 2121 1734 ministrandis
2152 1682 2379 1734 sancitze
2400 1680 2469 1735 ".
2503 1680 2747 1735 Tandem
2778 1682 2965 1736 divino
3015 1682 3309 1746 beneficio,

1735 1772 1823 1824 cui
1859 1781 2039 1826 tamen
2068 1772 2338 1839 ingratum
2370 1787 2428 1828 se
2452 1782 2506 1827 et
2541 1775 2862 1843 degenerem
2892 1775 3170 1841 exhibuit,
3217 1788 3314 1828 ve-

1738 1864 1869 1917 ritas
1896 1862 1964 1917 ad
1992 1864 2109 1933 ejus
2142 1863 2295 1919 fulsit
2332 1864 2541 1930 oculos,
2580 1864 2707 1917 dum
2741 1864 2793 1917 in
2826 1880 3014 1920 sacras
3043 1865 3311 1920 Christia-

1730 1969 1924 2007 norum
1971 1953 2289 2023 Scripturas
2328 1956 2541 2009 incidit.
2573 1955 2666 2010 Sic
2710 1955 2828 2025 ipse
2874 1970 2986 2011 rem
3033 1958 3308 2023 edisserit,

1732 2062 1787 2099 li.
1808 2044 1914 2100 29:
1959 2046 2096 2099 Κατ’
2130 2046 2364 2116 ἐμαυτὸν
2392 2047 2683 2117 γενόμενος
2719 2047 2945 2119 ἐζήτουν
2982 2050 3091 2119 ὅτῳ
3122 2050 3310 2121 τρόπῳ

1728 2137 1959 2208 τάληθὲς
2009 2137 2249 2210 ἐξευρεῖν
2303 2138 2556 2209 δύναμαι.
2611 2139 2955 2211 Περινοοῦντι
2994 2140 3051 2193 δέ
3100 2157 3188 2210 μοι
3240 2141 3309 2195 τὰ

1731 2229 1995 2284 σπουδαῖα
2051 2230 2249 2301 συνέϐη
2298 2234 2539 2301 γραφαῖς
2574 2248 2715 2285 τισιν
2763 2234 3007 2303 ἐντυχεῖν
3045 2233 3309 2305 βαρϐαρι-

1729 2325 1885 2386 καῖς,
1920 2322 2321 2395 πρεσϐυτέραις
2364 2324 2461 2394 μὲν
2499 2324 2575 2387 ὡς
2619 2324 2755 2395 πρὸς
2793 2323 2860 2378 τὰ
2910 2324 3175 2395 Ἑλλήνων
3219 2326 3306 2379 δό-

1728 2432 1915 2486 γματα
1935 2455 1950 2480 ,
1996 2415 2295 2486 θειοτέραις
2322 2416 2378 2468 δὲ
2404 2416 2481 2480 ὡς
2513 2414 2650 2488 πρὸς
2677 2417 2775 2485 τὴν
2814 2416 3037 2470 ἐκείνων
3078 2417 3305 2489 πλάνην.

1729 2509 1837 2563 Καί
1869 2525 1958 2579 μοι
1981 2508 2271 2578 πεισθῆναι
2296 2508 2517 2569 ταύταις
2545 2507 2742 2577 συνέϐη
2772 2507 2860 2560 διὰ
2890 2525 2949 2560 τε
2971 2508 3079 2561 τῶν
3111 2507 3309 2574 λέξεων

1727 2599 1789 2652 τὸ
1816 2599 2050 2669 ἄτυφον,
2087 2599 2182 2652 καὶ
2210 2598 2319 2652 τῶν
2361 2599 2624 2653 εἰπόντων
2652 2598 2711 2652 τὸ
2746 2599 3184 2670 ἀνεπιτήδευτον,
3216 2600 3309 2653 καὶ

1727 2691 1827 2761 τῆς
1862 2690 1956 2744 τοῦ
1988 2691 2191 2755 παντὸς
2221 2691 2491 2761 ποιήσεως
2523 2689 2585 2743 τὺ
2616 2690 3046 2761 εὐκατάληπτον,
3077 2691 3168 2743 καὶ
3200 2690 3309 2745 τῶν

1733 2787 2035 2859 μελλόντων
2090 2786 2153 2840 τὸ
2206 2787 2642 2858 προγνωστικὸν,
2690 2787 2782 2840 καὶ
2832 2784 2939 2839 τῶν
2994 2785 3308 2858 παραγγελ-

1733 2876 1917 2947 μάτων
1951 2878 2012 2932 τδ
2064 2877 2339 2942 ἐξαίσιον,
2384 2877 2478 2932 καὶ
2523 2877 2631 2931 τῶν
2678 2877 2813 2931 ὅλων
2852 2877 2912 2929 τὸ
2959 2878 3304 2949 μοναρχικόν.

1736 2988 1756 3021 ‹
1789 2972 1925 3025 Cum
1960 2986 2045 3024 me
2082 2970 2199 3039 ipse
2234 2968 2607 3038 collegissent,
2636 2968 2906 3037 quomodo
2935 2983 3121 3023 verum
3158 2971 3310 3025 inve-

1731 3067 1850 3120 nire
1874 3079 2092 3135 possem
2124 3062 2492 3132 inquirebam,
2517 3077 2750 3131 cumque
2779 3064 3018 3116 animum
3044 3078 3143 3133 per
3170 3064 3310 3133 opti-

1734 3173 1818 3210 ma
1847 3169 2076 3226 qumque
2106 3155 2355 3209 instituta
2388 3168 2689 3218 versarent,
2730 3154 2782 3208 in
2811 3156 3079 3223 quosdam
3109 3156 3309 3210 barba-

1737 3247 1882 3302 ricos
1914 3244 2085 3301 libros
2116 3246 2308 3311 incidi,
2341 3245 2683 3314 antiquiores
2718 3260 2881 3314 quam
2913 3255 2973 3299 ut
2999 3260 3121 3300 cum
3152 3244 3311 3299 Grae-

1734 3342 1939 3395 corum‘
1967 3339 2297 3408 disciplinis,
2340 3338 2639 3393 diviniores
2668 3353 2831 3407 quam
2874 3347 2931 3392 ut
2964 3353 3086 3392 cum
3118 3354 3312 3393 eorum

1734 3433 2015 3487 erroribus
2040 3431 2412 3486 conferantur.
2442 3430 2555 3487 Usu
2593 3431 2724 3485 mihi
2748 3430 2931 3485 evenit
2954 3442 3011 3483 ut
3037 3430 3122 3485 his
3147 3430 3314 3485 fidem

1737 3526 1993 3580 haberem
2035 3536 2260 3595 propter
2303 3526 2516 3580 dicendi
2558 3541 2728 3594 genus
2763 3525 2984 3579 minime
3020 3539 3314 3595 arrogans,

1728 3618 2069 3686 scriptorum
2101 3618 2379 3688 ingenium
2414 3617 2628 3672 artilieii
2654 3634 2871 3687 expers,
2899 3618 3135 3675 universi
3160 3634 3312 3673 crea-

1739 3709 1908 3777 tiquis
1939 3708 2364 3777 explicationem
2392 3720 2551 3778 captu
2583 3709 2817 3772 facilem,
2841 3709 3144 3763 futurorum
3172 3724 3317 3778 prae-

1737 3801 2130 3870 cognitionem,
2166 3810 2561 3872 prmceptorum
2593 3802 2994 3869 excellentiam,
3026 3816 3091 3857 ac
3120 3803 3312 3873 singu-

1741 3892 1913 3948 larem
1946 3895 2325 3949 universorum
2361 3895 2752 3964 principatum.
2792 3912 2813 3948 ι

1809 3984 1943 4038 illud
1998 3986 2163 4040 etiam
2216 3984 2507 4039 Tatiauum
2560 3986 2799 4040 maxime
2850 3984 3192 4053 adducebat,
3250 3997 3313 4043 ut

1740 4075 2113 4130 Christianam
2145 4076 2461 4145 religionem
2505 4076 2822 4140 miraretur,
2862 4078 3004 4147 quod
3046 4092 3143 4147 per
3187 4094 3318 4135 eam

1745 4167 2023 4223 hominem
2048 4183 2115 4223 ex
2141 4170 2404 4224 servitute
2431 4167 2682 4235 liberari,
2715 4181 2769 4225 et
2800 4170 2851 4224 in
2882 4170 3167 4240 pristinum
3198 4180 3314 4226 sta-

1744 4272 1890 4328 tum,
1923 4279 1990 4318 ex
2018 4277 2127 4333 quo
2160 4263 2360 4318 misere
2388 4262 2709 4327 decidimus,
2742 4263 3005 4318 vindicari
3041 4264 3310 4335 intellige-

1741 4366 1845 4409 ret.
1892 4352 1984 4409 Sic
2028 4354 2173 4409 euim
2207 4355 2417 4423 pergit,
2472 4354 2605 4407 ibid.
2641 4370 2657 4407 :
2691 4353 3042 4407 Θεοδιδάκτου
3089 4353 3147 4408 δέ
3206 4372 3318 4426 μου.

1739 4446 2037 4516 γενομένης
2074 4445 2171 4514 τῆς
2198 4445 2375 4515 ψυχῆς
2407 4445 2614 4513 συνῆκα
2637 4483 2651 4507 ,
2678 4445 2760 4498 ὅτι
2788 4443 2854 4496 τὰ
2886 4446 2985 4516 μὲν
3014 4445 3310 4517 καταδίκης

130 4536 203 4603 χὴν
247 4540 327 4608 μὲν
369 4542 471 4613 γὰρ
505 4542 595 4597 ἐπ’
638 4544 821 4615 ἀδικίᾳ
865 4546 958 4598 καὶ
1002 4548 1332 4618 συκοφαντίᾳ
1377 4551 1636 4621 συνεστή-
1666 4564 1714 4623 D
1741 4538 1854 4609 ἔχει
1888 4538 2111 4607 τρόπον,
2151 4537 2218 4589 τὰ
2250 4538 2306 4589 δὲ
2337 4538 2417 4590 ὅτι
2459 4536 2572 4588 λύει
2611 4535 2708 4606 τὴν
2736 4538 2792 4590 ὲν
2826 4536 3015 4607 κόσμῳ
3044 4536 3313 4601 δουλείαν,

131 4629 327 4687 σωθείη..
367 4635 652 4707 ποιητικὴν
702 4636 760 4690 δὲ
804 4636 987 4709 μάχας
1042 4638 1129 4692 ἵνα
1174 4641 1505 4711 συντάσσητε
1545 4640 1637 4693 καὶ

131 4716 229 4773 θεῶν
254 4723 437 4795 ἔρωτας
481 4728 578 4780 καὶ
612 4726 791 4799 ψυχῆς
835 4727 1147 4801 διαφθοράν.
1201 4729 1266 4783 Τί
1300 4729 1409 4801 γὰρ
1440 4731 1635 4803 σεμνὸν

132 4810 471 4885 φιλοσοφοῦντες
512 4819 873 4889 ὲξηνέγκατε;
920 4820 1003 4883 τίς
1044 4820 1100 4873 δὲ
1137 4819 1245 4874 τῶν
1288 4822 1427 4876 πάνυ
1468 4841 1636 4877 σπου-

132 4899 249 4956 δαίων
270 4906 562 4975 ἀλαζονείας
594 4910 698 4976 ἔξω
727 4911 1101 4983 καθέστηκεν;
1156 4930 1175 4963 ι
1215 4911 1507 4982 Sapientia:
1549 4931 1641 4970 ve.

133 5004 223 5049 Strat
248 5004 467 5057 nuntium
498 5004 849 5067 remisimus,
900 5003 1117 5057 etiamsi
1152 5004 1442 5072 plurimum
1482 5006 1534 5060 in
1571 5020 1634 5060 ea

134 5090 343 5145 excellere
372 5095 773 5149 videremur....
824 5094 959 5149 Nam
990 5105 1046 5148 et
1085 5095 1413 5150 rhetoricam
1444 5098 1510 5150 ad
1551 5098 1634 5151 iu-

133 5174 339 5241 justitiam
358 5194 405 5239 et
428 5187 752 5241 calumniam
779 5185 1184 5241 instituistis....
1212 5186 1480 5256 poeticam
1503 5203 1636 5243 vero

136 5278 174 5321 ut
198 5287 371 5344 pugnas
395 5279 784 5335 describeretis
814 5288 869 5334 et
906 5280 1130 5334 deorum
1172 5294 1404 5344 amores,
1429 5289 1484 5335 et
1524 5283 1638 5335 ani-

141 5372 577 5439 meorruplelam.
602 5372 741 5438 Quid
765 5373 909 5426 enim
933 5370 1366 5442 philosophando
1390 5370 1634 5439 praeclari

141 5457 395 5524 protulistis,
427 5470 517 5513 aut
552 5462 673 5532 quis
711 5476 775 5516 ex
806 5462 894 5525 iis,
927 5462 1019 5531 qui
1049 5463 1487 5532 praestantissimi
1534 5464 1633 5517 ha.

140 5542 205 5598 bili
238 5560 378 5613 sunt.
424 5564 575 5608 extra
624 5554 994 5626 arrogantiam
1052 5556 1384 5610 constitutus
1436 5554 1575 5608 fuit?
1611 5575 1629 5607 ι

140 5629 340 5695 Videntur
374 5660 498 5713 ergo
530 5647 744 5715 utrique
775 5660 989 5703 errasse
1028 5653 1080 5702 et
1113 5646 1204 5717 qui
1239 5645 1470 5703 Tatiano
1512 5648 1634 5703 rhe-

185 5806 218 5836 "
240 5807 289 5865 N.
312 5812 398 5872 29.
461 5816 591 5890 ".N.
620 5817 709 5873 ετ.

1738 4630 1833 4684 κα)⁵
1863 4628 2139 4700 ἀρχόντων
2178 4628 2274 4699 μὲν
2306 4627 2535 4693 πολλῶν,
2558 4628 2650 4681 καὶ
2682 4627 2889 4699 μυρίων
2918 4630 3065 4700 ἡμᾶς
3087 4630 3312 4702 ἀποσπᾷ

1738 4719 2050 4792 τυράννων,
2089 4718 2270 4772 δίδωσι
2308 4718 2366 4772 δὲ
2405 4720 2537 4789 ἡμῖν
2581 4719 2680 4791 οὐχ
2710 4720 2846 4792 ὅπερ
2894 4722 2966 4792 μὴ
3015 4720 3310 4793 ἐλάϐομεν,
3378 4727 3384 4743 ⁷

1742 4813 1858 4868 ἀλλ’
1886 4813 2025 4885 ὅπερ
2060 4812 2315 4877 λαϐόντες
2359 4812 2465 4865 ὑπὸ
2495 4813 2596 4885 τῆς
2622 4813 2830 4886 πλάνης
2858 4813 3001 4886 ἔχειν
3031 4815 3310 4889 ἐκωλύθη-

1742 4926 1864 4980 μεν.
1905 4928 1925 4960 (
1966 4909 2160 4980 itaque
2195 4921 2379 4966 mente
2408 4925 2526 4965 mea
2556 4911 2816 4966 divinitus
2846 4913 3036 4967 edocta
3067 4912 3315 4968 intellexi

1741 5003 1843 5055 ista
1874 5001 2092 5069 quidem
2129 5001 2573 5057 condemnationi
2616 5000 2791 5056 aﬂinia
2819 5015 2965 5067 esse,
2998 5004 3067 5057 ab
3098 5001 3183 5056 his
3211 5018 3311 5061 au,-

1741 5100 1855 5147 tem
1884 5093 2203 5148 servitutem
2248 5092 2396 5147 illam
2438 5109 2557 5164 quae
2595 5095 2647 5147 in
2694 5096 2897 5149 mundo
2936 5104 3020 5149 est
3062 5095 3307 5159 dissolvi,

1741 5197 1949 5253 nosque
1991 5200 2022 5238 a
2070 5183 2253 5239 multis
2299 5187 2641 5257 principibus
2680 5197 2735 5241 et
2782 5186 3009 5241 inﬁnitis
3063 5186 3310 5257 tyrannis

1740 5277 1989 5345 liberari,
2022 5293 2085 5334 ac
2111 5280 2257 5333 dono
2294 5280 2483 5349 augeri
2512 5296 2615 5334 non
2650 5280 2742 5335 illo
2778 5280 2997 5351 quidem
3038 5280 3173 5332 alias
3200 5291 3309 5331 nou

1741 5386 2002 5428 concesso
2030 5412 2045 5439 ,
2082 5373 2179 5429 sed
2222 5375 2367 5445 quod
2407 5384 2690 5446 acceptum
2723 5376 2964 5432 retinere
2999 5387 3158 5429 error
3198 5387 3307 5427 non

1740 5467 1973 5525 siveral.

1810 5558 1994 5613 Romae
2025 5558 2287 5616 Tatianus
2313 5558 2680 5616 Christianam
2731 5558 3047 5629 religionem
3090 5558 3310 5615 videtur

1737 5651 2021 5720 amplexus
2048 5666 2187 5709 csse.
2220 5651 2349 5708 Nam
2375 5664 2499 5710 cum
2537 5666 2594 5709 se
2621 5649 2811 5708 multis
2834 5648 3142 5719 regionibus
3170 5664 3303 5725 per-
