3796 6504
461 336 566 393 163

1378 331 1438 390 S.
1469 328 1806 388 JUSTINUS
1838 321 2321 383 PHILOSOPHUS
2342 317 2430 377 ET
2472 315 2790 375 MARTYR.
3558 318 3565 325 “
3619 310 3698 370 164

459 454 669 525 agrstis
716 454 926 509 tandem
971 454 1028 508 in
1060 456 1159 508 hac
1204 453 1331 508 urbe
1379 465 1765 508 commoratum
1810 468 1922 507 esse
1955 452 2040 506 di-
2072 467 2120 524 Α
2150 449 2228 503 ιιιὶ
2263 445 2476 513 schola,
2516 460 2680 515 quam
2709 441 2952 497 Justinus
2978 437 3165 494 Romae
3201 436 3550 499 instituerat,
3584 434 3699 490 illius

459 557 542 600 cat
566 545 651 608 ";
679 561 915 615 cumque
945 559 1010 599 ex
1041 545 1591 615 peregrinationibus,
1622 555 1678 599 ut
1704 548 1864 600 modo
1900 545 2037 599 vidi-

461 654 606 705 rnns,
642 640 694 693 id
739 638 1043 707 perceperit
1072 638 1369 701 commodi,
1417 648 1475 691 ut
1500 638 1803 707 exploratis
1834 639 2040 707 ubique

461 728 619 784 falsis
656 729 1020 798 religionibus
1045 729 1331 783 veritatem
1358 728 1679 797 inquireret,
1707 745 1771 784 ac
1796 730 1848 784 in
1879 728 2041 784 Chri-

461 820 764 875 stianorum
788 820 947 874 libris
973 820 1249 891 cognitam
1275 820 1717 891 amplecteretur,
1744 821 2039 878 verisimile

460 921 548 967 est
591 910 845 975 Romam,
896 923 954 964 ut
994 913 1522 982 peregrinationum,
1568 912 1641 967 ita
1691 913 1856 968 etiam
1886 928 2042 968 erro-

466 1020 584 1058 rum
636 1012 694 1057 et
745 1004 1199 1073 superstitionum
1255 1004 1417 1058 tinem
1466 1005 1657 1061 fuisse.
1708 1005 1824 1060 Huc
1872 1007 2037 1061 etiam

462 1102 669 1161 spectat
700 1094 845 1158 quod
891 1095 989 1158 ait,
1022 1111 1077 1148 η.
1110 1094 1213 1149 55:
1242 1094 1441 1166 Διόπερ
1481 1095 1693 1167 χαίρειν
1738 1096 1907 1150 εἰπὼν
1946 1096 2040 1151 καὶ

459 1186 525 1253 τῇ
579 1183 864 1255 Ῥωμαίων
887 1185 1253 1258 μεγαλαυχίᾳ,
1277 1187 1370 1240 καὶ
1515 1187 1808 1259 Ἀθηναίων
1848 1188 2042 1259 ψυχρο·

461 1272 642 1346 λογίᾳ,
682 1275 944 1346 δόγμασιν
968 1279 1386 1350 ἁσυναρτήτοις,
1428 1279 1531 1349 τῆς
1571 1279 1691 1333 καθ’
1728 1282 1876 1351 ἡμᾶς
1907 1280 2042 1352 βαρ-

463 1365 633 1438 ὕὰρου
665 1368 985 1439 φιλοσοφίας
1025 1370 1487 1442 ἁντεποιησάμην.
1538 1389 1557 1423 t
1596 1369 1726 1426 Vale
1769 1372 1936 1443 igitur
1960 1373 2043 1428 di-

464 1470 554 1515 cto
584 1469 635 1515 et
668 1460 1039 1516 Romanorum
1062 1450 1349 1529 iactantia:
1397 1472 1452 1519 et
1497 1462 1693 1535 frigido
1735 1464 2040 1521 Athenien-

460 1552 603 1606 sium
637 1554 899 1620 sermoni,
935 1553 1078 1608 male
1130 1555 1297 1611 sartis
1340 1555 1714 1625 opinionibus,
1745 1557 2037 1613 barbaram

461 1654 705 1699 nostram
732 1645 1131 1715 philosophiam
1161 1646 1476 1717 complexus
1500 1664 1648 1705 sum.
1676 1669 1695 1704 ι

533 1736 761 1792 Videtur
806 1738 1068 1794 Tatianus
1119 1754 1228 1793 non
1282 1741 1370 1794 diu
1404 1751 1531 1797 ante
1566 1752 1796 1799 mortem
1841 1741 2038 1799 Justini

463 1845 665 1885 nomen
702 1831 846 1886 inter
894 1831 1237 1887 Christianos
1279 1832 1555 1903 professus
1608 1849 1751 1890 esse.
1800 1835 1935 1890 Nam
1987 1838 2039 1890 in
2074 1857 2116 1911 Β

465 1922 753 1988 Oratione,
790 1937 954 1991 quam
994 1923 1216 1994 scripsit
1263 1936 1386 1994 post
1431 1926 1753 1996 martyrium
1813 1924 2037 1991 Justini,

462 2013 552 2068 his
585 2015 827 2068 oecurrit
866 2014 1181 2070 Grazcorum
1221 2017 1459 2085 querelis
1486 2018 1531 2056 ⁷³
1559 2036 1573 2071 :
1599 2014 1861 2082 Τατιανὸς
1900 2019 2041 2091 ὑπὲρ

458 2103 707 2175 ἓλληνας,
740 2105 878 2177 ὑπὲρ
913 2104 972 2159 τὸ
1008 2106 1235 2177 ἄπειρον
1277 2107 1384 2160 τῶν
1425 2107 1857 2177 φιλοσοφούντων
1902 2109 2042 2178 πλῆ-

462 2197 574 2260 θος,
615 2201 926 2269 καινοτομεῖ
961 2196 1029 2251 τὰ
1076 2198 1364 2271 βαρϐάρων
1391 2199 1659 2270 δόγματα.
1707 2220 1726 2251 ι
1776 2199 2041 2256 Tatianus

461 2302 623 2358 supra
651 2288 893 2351 Grzecos,
921 2305 1085 2359 supra
1118 2290 1385 2344 infinitam
1429 2290 1878 2361 philosophorum
1910 2292 2041 2347 muli

461 2379 747 2435 titudinetn
772 2420 788 2444 ,
824 2396 1000 2435 novus
1033 2389 1121 2436 est
1154 2380 1516 2436 barbarorum
1557 2382 1822 2438 doctrinm
1854 2393 2039 2439 secta-

461 2479 567 2527 tor.
612 2490 632 2523 ι
678 2471 903 2527 Novitas
941 2474 1308 2542 exprobratur
1336 2474 1439 2529 hoc
1488 2474 1611 2530 loco
1642 2491 1748 2529 non
1778 2477 2043 2531 barbaro-

461 2576 581 2617 rum
615 2563 904 2627 doctrina},
934 2574 990 2617 ut
1020 2564 1402 2619 existimarunt
1430 2565 1776 2635 interpretes,
1802 2568 1896 2622 sed
1930 2562 2039 2622 Ta-

463 2652 595 2706 tiani
654 2653 794 2708 hanc
837 2654 1141 2708 doctrinam
1193 2656 1484 2723 sequentis
1540 2658 1805 2723 consilio;
1868 2658 2032 2728 idque

462 2742 758 2798 confirmat
785 2743 1002 2800 Tatiani
1056 2746 1377 2816 responsio,
1409 2746 1502 2817 qui
1554 2747 1623 2803 ad
1662 2748 2039 2805 defensionem

462 2847 619 2889 suam
651 2835 875 2890 adhibet
902 2836 1031 2890 illud
1069 2834 1287 2891 Solonis
1315 2852 1327 2886 :

601 2926 874 2999 Γηράσκω
911 2928 955 2982 δ’
977 2928 1064 2982 ἀεὶ
1098 2928 1268 2982 πολλὰ
1303 2928 1707 3001 διδασκόμενος.

603 3018 818 3085 Ξεηψεν
848 3037 942 3091 ego
973 3022 1251 3076 addisceus
1287 3022 1453 3076 multa
1483 3039 1695 3078 senesco
1722 3022 1904 3080 ritual.

536 3111 623 3169 Ill.
672 3110 1092 3170 Prmclarissima
1142 3128 1280 3169 sane
1328 3115 1498 3172 edidit
1552 3117 1706 3172 initia
1754 3115 2037 3185 Tatianus,

460 3210 519 3256 et
569 3217 691 3256 cum
738 3217 799 3258 se
848 3202 1038 3259 Romae
1089 3207 1157 3261 ad
1206 3204 1480 3262 Justinum
1542 3206 1902 3276 contulisset,
1957 3208 2038 3263 vi-

463 3311 605 3363 rum,
637 3308 695 3352 ut
720 3298 836 3367 ipse
874 3300 1145 3372 appellat,
1180 3302 1234 3357 in
1270 3302 1460 3372 primis
1492 3303 1900 3368 admirandum,
1926 3318 2034 3358 non

463 3404 653 3458 parum
679 3391 893 3446 videtur
920 3394 972 3447 in
1009 3394 1110 3449 hac
1140 3396 1452 3471 sanctitatis
1481 3404 1537 3451 et
1566 3396 1837 3450 doctrinae
1866 3395 2034 3450 discia

458 3480 604 3551 plina
636 3483 956 3553 profecisse.
992 3485 1140 3540 lllius
1170 3501 1275 3541 non
1328 3487 1509 3542 solum
1553 3486 1856 3556 discipulus
1890 3496 2034 3553 erat,

460 3581 556 3632 sed
603 3578 768 3632 etiam
804 3578 1042 3647 adiutor,
1077 3580 1147 3633 ita
1179 3589 1239 3633 ut
1282 3580 1335 3634 in
1378 3579 1716 3636 defendenda
1752 3580 2034 3651 religione,

460 3685 526 3726 ac
559 3671 613 3725 in
656 3672 998 3743 philosophis
1040 3673 1359 3729 refellendis
1389 3673 1659 3729 secundas
1701 3673 1849 3730 ferre
1880 3676 2035 3730 vide-

462 3776 633 3819 retur.
668 3763 800 3818 Nam
833 3780 955 3820 cum
994 3765 1261 3819 Crescens
1289 3763 1525 3835 Cynicus
1553 3764 1685 3817 nihil
1711 3766 2035 3820 intentatum

462 3840 818 3921 relinqueret,
847 3862 905 3907 ut
932 3851 1232 3920 Iustinum,
1267 3867 1297 3907 a
1331 3869 1439 3923 quo
1470 3853 1653 3908 multis
1678 3855 2031 3910 audientibus

462 3944 827 4015 iguorationis
856 3945 1139 4000 convictus
1165 3945 1366 4012 fuerat,
1400 3960 1430 4000 e
1458 3946 1635 4001 medio
1667 3946 1911 4012 tolleret;
1945 3962 2036 4000 ea-

460 4034 585 4088 dem
636 4033 865 4089 consilia
917 4035 983 4088 de
1026 4033 1241 4088 Tatiani
1293 4034 1534 4104 pernicie
1576 4036 1885 4089 instruebat
1936 4036 2035 4091 :in

459 4138 755 4196 utrumque
783 4126 1022 4180 nefarios
1051 4126 1252 4181 furoris
1281 4126 1364 4181 sui
1392 4137 1621 4182 conatus
1645 4128 2031 4205 meditabatur.

460 4219 553 4274 Sic
583 4218 727 4273 enim
765 4216 1057 4283 Tatianus,
1093 4233 1148 4273 n.
1188 4218 1253 4274 l9
1296 4219 1579 4274 εθανάτου
1613 4219 1669 4273 δὲ
1698 4221 1727 4274 ὁ
1762 4237 2037 4292 καταφρο-

457 4312 585 4377 νῶν,
621 4310 791 4375 οὕτως
834 4310 995 4364 αὑτὸν
1029 4311 1217 4365 ἐδεδίει
1248 4310 1338 4365 τὸν
1381 4310 1627 4377 θάνατον,
1664 4312 1740 4376 ὡς
1783 4312 1877 4365 καὶ
1909 4313 2037 4365 ’1ου-

461 4408 639 4458 στίνον
666 4403 917 4474 καθάπερ
948 4403 1041 4455 καὶ
1069 4402 1169 4473 ἐμὲ
1213 4396 1325 4455 οἷον
1353 4402 1509 4475 κακῷ
1534 4402 1610 4474 τῷ
1648 4402 1863 4473 Θανάτῳ
1890 4419 2037 4476 περι-

462 4495 645 4549 ϐαλεῖν
685 4494 1278 4567 πραγματεύσασθαι...
1309 4495 1475 4559 Τίνας
1514 4495 1571 4549 δὲ
1610 4494 1676 4549 ἂν
1727 4496 1819 4549 καὶ
1849 4494 2033 4562 διῶξαι

2141 550 2316 597 morte
2347 540 2412 592 ad
2444 537 2733 591 Tatianum
2770 533 2952 598 rediit,
2985 540 3047 586 ut
3092 530 3417 600 conjicimus
3469 543 3539 582 ex
3576 526 3699 582 Itho-

2140 631 2283 685 done
2310 629 2508 699 insigni
2547 626 2726 682 saeculi
2759 615 2983 680 secundi
3011 625 3300 693 scriptore,
3324 621 3419 691 qui
3449 636 3511 676 se
3540 617 3700 675 Roma:

2140 738 2170 776 a
2203 721 2433 775 Tatiano
2467 719 2743 774 eruditum
2785 715 2954 769 fuisse
3004 724 3238 770 testatus
3274 723 3380 780 est,
3424 723 3488 767 ut
3536 723 3700 766 narrat

2147 812 2437 876 Eusebius,
2484 809 2627 864 Hist.
2657 808 2756 864 lib.
2787 822 2841 873 v,
2871 823 2922 863 c.
2958 807 3049 860 15.

2747 921 2976 978 CAPUT
3019 921 3109 976 XI.

2145 1042 2221 1097 De
2255 1042 2442 1097 [uereri
2479 1041 2543 1110 in,
2577 1056 2734 1110 quam
2785 1039 2981 1110 lapsus
3000 1046 3075 1091 est
3119 1034 3380 1110 Tatianus
3418 1044 3469 1089 et
3499 1032 3566 1088 de
3586 1043 3702 1088 secta

2500 1108 2905 1163 Encratitarnm
2929 1108 2993 1162 ab
3022 1124 3082 1161 eo
3105 1109 3363 1176 conﬂata.

2142 1226 2181 1276 ι.
2206 1227 2439 1277 Tatianus
2458 1237 2557 1287 quo
2580 1228 2816 1287 tempore
2827 1221 3095 1287 haereticus
3118 1219 3289 1287 factus.
3307 1218 3380 1287 ll.
3407 1218 3617 1287 Errores
3644 1222 3703 1271 illi

2205 1302 2313 1337 cum
2338 1290 2448 1337 aliis
2469 1280 2773 1335 communes.
2800 1283 2887 1331 Ill.
2915 1286 2991 1333 An
3011 1280 3487 1344 putativamiChristi
3531 1292 3704 1331 carnem

2188 1348 2445 1399 .docuerit.
2480 1350 2559 1398 IV.
2586 1346 2809 1396 Salutem
2826 1346 2999 1396 Adami
3018 1343 3241 1405 negavit.
3265 1343 3324 1393 ν.
3352 1346 3431 1395 De
3454 1345 3705 1395 Encratita-

2204 1425 2313 1461 rum
2333 1419 2489 1461 secta.

2214 1519 2255 1574 Ι.
2287 1519 2488 1575 Justini
2520 1525 2786 1589 pra-cepta
2818 1526 2875 1572 et
2912 1513 3157 1586 exempla
3190 1530 3296 1568 non
3330 1514 3522 1568 statim
3558 1528 3587 1568 e
3613 1530 3705 1569 me.

2143 1613 2319 1667 moria
2370 1608 2590 1665 Tatiani
2641 1608 2898 1664 efﬂuxere
2930 1625 2943 1662 :
2978 1606 3221 1674 magistri
3270 1606 3538 1677 praeclare
3587 1606 3705 1662 facta

2141 1713 2197 1759 et
2220 1704 2361 1757 dicta
2394 1701 2655 1772 praedicat
2689 1701 2741 1755 in
2785 1699 3041 1755 Oratione
3091 1700 3345 1753 adversus
3378 1695 3619 1762 Graecos,
3656 1714 3708 1752 ac

2143 1794 2209 1848 de
2257 1792 2460 1847 Christi
2513 1792 2799 1847 divinitate
2846 1800 2901 1846 et
2942 1789 3347 1855 lncarnatione,
3403 1793 3475 1846 de
3536 1790 3705 1846 mundi

2146 1889 2429 1944 creatione
2462 1888 2515 1941 in
2559 1889 2806 1942 eamdem
2837 1901 3063 1957 prorsus
3099 1901 3164 1941 ac
3202 1884 3456 1941 Justinus
3505 1894 3709 1942 sentem

2148 1981 2302 2047 tiam,
2333 1995 2723 2049 nonnunquam
2769 1980 2822 2033 in
2866 1980 3055 2035 eadem
3096 1979 3261 2033 verba
3313 1979 3587 2048 disputat.
3620 1979 3707 2035 Sed

2145 2081 2326 2128 tamen
2360 2088 2469 2127 non
2501 2072 2673 2128 multo
2703 2081 2825 2143 post
2866 2073 3068 2127 amissa
3099 2071 3364 2127 doctrina:
3407 2072 3635 2139 lumina,
3662 2081 3709 2126 et

2143 2167 2271 2221 vita:
2299 2166 2595 2221 sanctioris
2641 2164 2967 2235 specimina,
2998 2179 3118 2233 qua:
3162 2166 3216 2219 in
3258 2162 3485 2219 Justino
3520 2164 3707 2220 habue-

2147 2267 2253 2321 rat,
2282 2256 2448 2311 vcluti
2480 2271 2658 2311 caecus
2692 2256 2918 2310 ductore
2960 2256 3250 2310 deStitutus
3288 2256 3631 2326 praecipitem
3662 2272 3711 2311 se

2144 2349 2198 2403 in
2230 2362 2445 2405 errores
2486 2348 2850 2419 nequissimos
2878 2348 3042 2414 dedit,
3070 2357 3125 2402 et
3153 2364 3220 2403 ex
3245 2349 3505 2404 veritatis
3539 2349 3708 2405 defen-

2143 2458 2267 2498 sore.
2293 2442 2470 2498 factus
2497 2452 2578 2497 est
2602 2443 2781 2512 impiae
2809 2440 3031 2497 hzeresis
3058 2442 3276 2497 artifex.
3302 2441 3462 2499 Hanc
3490 2443 3711 2499 hominis

2145 2539 2211 2593 de
2248 2538 2490 2592 Ecclesia
2532 2538 2668 2592 bene
2696 2537 2875 2590 meriti
2911 2537 3123 2589 ruinam
3157 2537 3428 2606 superbia:
3474 2538 3712 2592 attribuit

2143 2633 2403 2698 lrenzeus,
2427 2631 2519 2701 qui
2555 2632 2622 2685 de
2660 2629 2890 2685 Tatiano
2920 2629 2999 2684 sic
3024 2628 3283 2697 loquitur,
3316 2628 3414 2683 lib.
3448 2644 3492 2694 ι,
3532 2644 3583 2683 c.
3619 2628 3709 2684 28:

2142 2721 2299 2778 Μετὰ
2324 2723 2379 2776 δὲ
2405 2721 2501 2794 τὴν
2531 2721 2738 2775 ἐκείνου
2782 2720 3082 2793 μαρτυρίαν
3109 2721 3351 2785 ἀποστὰς
3375 2725 3484 2796 τῆς
3501 2722 3715 2791 Ἐκκλη-

2145 2814 2286 2882 stag,
2318 2808 2540 2886 οἱήματι
2567 2814 2882 2868 διδασκάλου
2908 2813 3165 2886 ἐπαρθεὶς
3190 2813 3284 2867 καὶ
3322 2814 3623 2884 τυφωθεὶς,
3651 2814 3715 2879 ὡς

2144 2910 2415 2980 διαφέρων
2447 2909 2553 2963 τῶν
2581 2909 2780 2964 λοιπῶν
2826 2910 2955 2964 ἴδιον
2982 2910 3305 2982 χαρακτῆρα
3347 2907 3717 2962 διδασκαλεῖον

2146 3002 2532 3074 συνεστήσατο.
2567 3020 2583 3052 ι
2617 3000 2746 3056 Post
2776 3015 2903 3056 vero
2935 3002 3080 3056 illius
3110 2999 3356 3072 (Justini)
3395 3000 3714 3070 martyrium

2144 3095 2416 3151 absistens
2460 3096 2528 3150 ab
2578 3092 2842 3159 Ecclesia,
2893 3104 2950 3151 et
2990 3093 3419 3165 prasumptione
3475 3092 3717 3165 magistri

2069 3191 2111 3249 C
2146 3186 2326 3243 elatus
2373 3197 2427 3243 ct
2474 3182 2713 3253 inflatus,
2749 3187 2905 3259 quasi
2952 3198 3065 3257 prae
3112 3187 3326 3242 caeteris
3371 3197 3552 3250 esset,
3607 3201 3720 3256 pro-

2138 3279 2322 3348 prium
2377 3278 2755 3333 characterem
2812 3278 3080 3333 doctrina:
3129 3277 3440 3332 constituit.
3499 3297 3521 3330 ι
3577 3275 3721 3331 Nunc

2144 3368 2573 3423 examinandum
2601 3368 2760 3424 nobis
2811 3378 2898 3424 est
2942 3384 3052 3439 quo
3090 3375 3334 3440 tempore
3376 3369 3447 3423 ab
3483 3369 3721 3425 Ecclesia

2139 3461 2422 3525 defecerit,
2453 3474 2699 3531 quosque
2726 3461 3070 3531 potissimum
3113 3470 3337 3517 secutus
3368 3463 3444 3517 sit
3484 3476 3722 3518 errores.

2209 3552 2409 3607 Narrat
2446 3553 2781 3622 Epiphanius
2813 3553 2859 3585 ”
2898 3553 3186 3608 Tatianum
3223 3554 3276 3608 in
3320 3551 3722 3626 MeSOpotamia

2138 3659 2333 3700 novam
2360 3653 2564 3699 sectam
2596 3644 2831 3699 condere
2858 3644 3147 3712 incmpisse
3174 3643 3321 3697 circa
3351 3659 3569 3698 annum
3600 3643 3727 3697 duo-

2139 3738 2411 3792 decimum
2464 3736 2814 3806 imperatoris
2867 3735 3164 3801 Antonini,
3216 3748 3594 3807 cognomento
3626 3736 3723 3794 Pii.

2138 3830 2241 3885 Vix
2292 3829 2565 3898 integrum
2616 3828 2690 3883 sit
2737 3828 2807 3881 ab
2846 3828 2950 3882 hac
2979 3827 3249 3882 sententia
3296 3829 3616 3897 discedere,
3650 3830 3727 3884 his

2136 3924 2228 3994 qui
2258 3922 2534 3978 Iustinum
2581 3922 2683 3975 sub
2723 3921 3003 3975 Antonino
3050 3934 3271 3991 passum
3313 3921 3549 3989 volunt;
3588 3910 3739 3997 quod,

2138 4017 2360 4087 quidem
2391 4030 2514 4069 cum
2543 4014 2785 4068 arridcat
2813 4013 3028 4068 erudito
3059 4013 3266 4067 auctori
3312 4014 3733 4070 dissertationis

2138 4124 2299 4177 supra
2336 4108 2537 4172 citatas,
2569 4106 2874 4176 Epiphanio
2927 4107 2981 4161 in
3036 4106 3146 4171 his,
3176 4120 3296 4175 qua:
3323 4107 3391 4160 ad
3422 4106 3727 4163 Tatianum

2137 4201 2397 4267 attinent,
2442 4200 2789 4269 astipulatur,
2822 4200 2895 4254 ita
2925 4210 3105 4253 tamen
3131 4209 3189 4253 ut
3222 4215 3428 4254 annum
3461 4202 3733 4258 duodeci-

2136 4309 2284 4347 mum
2313 4290 2573 4348 Antonini
2609 4306 2714 4346 non
2749 4297 3085 4352 currentem,
3123 4292 3217 4345 sed
3244 4299 3508 4346 etactum
3560 4294 3734 4350 inter-

2137 4393 2403 4458 pretetur,
2432 4399 2495 4440 ac
2522 4384 2734 4439 Tatiani
2760 4384 3010 4439 ha-resim
3040 4383 3107 4437 ad
3138 4399 3339 4437 annum
3373 4385 3598 4441 Christi
3632 4387 3729 4441 151

2140 4479 2360 4536 referat.
2392 4480 2461 4534 At
2508 4478 2709 4548 quibus
2744 4477 3052 4531 rationibus
3094 4492 3257 4545 supra
3303 4490 3626 4548 pugnatum
3654 4488 3735 4534 est

454 4546 563 4642 τά..
608 4546 944 4657 excidii...
980 4546 1035 4640 ξι
1061 4586 1135 4658 μὴ
1162 4546 1397 4659 θρέψουςξ
1415 4546 1568 4659 ita;
1609 4546 1829 4653 gemes,
1858 4546 1894 4640 ἶ
1907 4546 2030 4641 1;...

2154 4573 2198 4631 5.
2226 4584 2518 4644 martyrem
2550 4569 2824 4625 Justinum
2847 4570 2947 4624 sub
2978 4567 3048 4622 Μ.
3072 4568 3294 4623 Aurelio
3319 4584 3558 4638 passum
3590 4588 3734 4639 esse,

456 4689 641 4733 autem
682 4680 874 4734 mortis
924 4686 1288 4749 contemptor,
1329 4680 1401 4733 ita
1453 4690 1684 4736 mortem
1731 4678 2026 4741 metuebat,

456 4780 517 4824 ut
543 4784 663 4825 eam
697 4770 862 4825 veluti
893 4772 1096 4826 malum
1120 4773 1338 4843 aliquod
1371 4771 1605 4837 Justino,
1642 4787 1749 4826 non
1774 4784 1936 4825 secus
1962 4786 2026 4825 ac

456 4860 616 4925 mihi,
659 4863 1160 4918 machinationibus
1200 4863 1316 4918 suis
1366 4864 1570 4919 inferre
1607 4871 1836 4918 conatus
1883 4860 2024 4914 sit...

456 4950 733 5019 Quosnam
766 4965 950 5009 autem
978 4956 1437 5028 philosophorum
1481 4955 1585 5009 nisi
1630 4968 1726 5007 nos
1769 4950 1915 5007 soIOs
1946 4950 2027 5003 in-

456 5044 657 5097 sectari
690 5044 940 5100 solebat?
967 5064 987 5098 ι
1017 5046 1289 5114 Quantum
1322 5046 1495 5101 fuerit
1534 5043 1753 5098 Tatiani
1787 5041 2025 5096 studium

455 5133 738 5205 religionis
766 5136 1137 5203 defendendae,
1184 5151 1250 5192 ex
1296 5136 1400 5191 hoc
1430 5133 1747 5190 Crescentis
1786 5132 1838 5186 in
1876 5130 2025 5185 illum

453 5226 580 5281 odio
608 5228 959 5297 perspicitur.

523 5316 835 5375 Crescentis
871 5319 1087 5376 insidiis
1133 5318 1369 5373 feliciter
1409 5316 1696 5373 succubuit
1733 5312 2021 5382 Justinus;

452 5424 563 5464 non
591 5410 711 5465 sine
740 5426 933 5483 magno
962 5428 1062 5467 suo
1104 5412 1248 5467 malo
1287 5408 1460 5465 evasit
1500 5407 1786 5462 'l‘atianus.
1831 5404 1935 5459 Sed
1967 5415 2028 5459 ut

453 5502 700 5573 magistri
733 5504 976 5561 laborum
1001 5519 1228 5561 consors
1250 5512 1307 5558 et
1331 5502 1512 5557 socius
1536 5499 1735 5565 fuerat,
1769 5500 1841 5552 ita
1863 5498 2025 5553 etiam

453 5590 599 5664 illius
626 5611 693 5653 ex
729 5612 851 5654 asse
897 5599 1073 5654 haeres
1102 5595 1319 5651 videtur
1350 5592 1536 5649 tuisse.
1569 5590 1693 5649 Haec
1723 5590 1869 5648 enim
1913 5588 2028 5645 vcl-

522 5768 569 5801 "
591 5767 655 5825 N.
692 5769 787 5827 55.
842 5771 885 5802 "
915 5768 980 5826 N.
1008 5770 1098 5828 35.
1176 5769 1221 5803 '°
1258 5767 1466 5826 “ares.
1493 5768 1564 5825 46

2137 4667 2330 4722 iisdem
2357 4666 2591 4721 elIicitur
2624 4661 2912 4717 Tatianum
2943 4662 3012 4715 ad
3036 4661 3283 4715 haeresim
3310 4656 3413 4715 sub
3439 4664 3735 4718 Antonino

2135 4759 2369 4814 deficere
2425 4772 2531 4811 non
2585 4757 2854 4825 potuisse.
2888 4747 3087 4811 Verum
3136 4756 3239 4810 hoc
3281 4754 3405 4808 loco
3458 4757 3735 4811 nonnulla

2132 4848 2381 4920 proferre
2415 4848 2570 4912 libet,
2604 4862 2725 4917 quae
2753 4849 2926 4919 magis
2951 4847 3172 4917 propria
3206 4846 3316 4901 sint
3346 4840 3611 4903 Tatiani.

2204 4941 2322 5008 Quo
2350 4951 2593 5010 tempore
2623 4939 3197 5005 scribebatTatianus,
3223 4948 3495 5009 perpetuo
3531 4941 3738 5009 mortis

2131 5033 2372 5106 periculo
2422 5033 2670 5102 esposita
2717 5041 2838 5087 erat
2879 5032 3208 5086 Christiana:
3249 5030 3548 5099 religionis
3600 5050 3736 5103 pru-

2130 5127 2337 5193 fessio;
2378 5134 2587 5181 etcum
2620 5133 2876 5177 auctores
2924 5121 3167 5178 nonnulli
3221 5130 3408 5178 essent
3454 5123 3737 5187 Tatiann,

2132 5231 2194 5274 ut
2247 5227 2476 5272 mortem
2528 5213 2842 5271 mentiendo
2895 5216 3337 5283 subterfugeret,
3389 5216 3475 5271 sic
3527 5233 3737 5273 eorum

2133 5310 2357 5367 consilia
2405 5309 2616 5376 repellit
2666 5325 2681 5363 :
2729 5306 2796 5358 Τί
2829 5324 2918 5376 μοι
2964 5300 3353 5377 συμϐουλεύεις
3400 5306 3739 5376 ψεύσασθαι

2129 5403 2229 5475 τὴν
2280 5402 2584 5465 πολιτείαν;
2632 5401 2684 5454 τί
2723 5399 2779 5452 δὲ
2834 5398 3008 5467 λέγων
3047 5400 3279 5453 Θανάτου
3323 5408 3740 5473 καταφρονεῖν,

2130 5491 2216 5544 διὰ
2256 5491 2448 5561 τέχνης
2497 5489 2719 5559 φεύγειν
2765 5486 2928 5539 αὑτὸν
2959 5487 3388 5557 καταγγέλλεις;
3435 5488 3603 5557 Ἐγὼ
3641 5494 3747 5565 μὲν

2133 5585 2233 5638 οὐκ
2260 5583 2367 5655 ἔχω
2412 5581 2634 5655 καρδίαν
2665 5578 2887 5649 ἐλάφου.
2921 5597 2939 5631 ι
2978 5578 3119 5648 Quid
3166 5580 3298 5635 mihi
3343 5592 3559 5641 auctor
3590 5604 3659 5644 es
3689 5589 3748 5641 ut
