3792 6516
98 348 215 406 165

1144 344 1207 401 ll.
1243 346 1508 402 MARANI
1546 345 1945 404 PRAEFATIO.
1978 379 2047 388 —
2076 346 2258 403 PARS
2290 344 2377 404 lll.

3271 350 3378 407 £66

98 488 288 528 meum
337 472 652 527 institutum
712 468 982 525 mentiar?
1028 468 1094 524 Et
1135 471 1230 540 qui
1279 479 1511 525 mortem
1563 488 1591 523 a
1641 480 1695 525 te
1722 480 1769 536 Α
1800 482 1912 524 tum
1966 470 2151 525 Protei
2206 485 2507 541 cognomen
2542 470 2787 526 omnium
2816 485 3087 529 consensu
3133 479 3192 527 et
3233 473 3376 525 fama

94 565 386 620 contemni
421 564 681 631 dictitas;
711 578 812 617 cur
836 562 1103 627 hortaris,
1136 571 1196 618 ut
1224 577 1343 617 eam
1369 572 1488 617 astu
1526 562 1685 618 decli-

94 657 270 713 nem?
300 657 371 711 At
393 670 496 726 ego
518 670 615 711 cor
635 655 782 710 cervi
811 671 917 711 non
950 655 1147 710 habeo.
1182 672 1203 707 ι
1239 652 1354 708 Etsi
1388 652 1439 708 in
1472 654 1556 708 his
1585 670 1691 707 non

94 762 213 805 tam
264 748 532 804 Antonini
564 748 687 803 lene
729 746 1041 817 imperium,
1070 762 1237 817 quam
1268 746 1490 816 iniquus
1521 745 1690 799 Marci

98 844 153 897 in
192 842 545 899 Christianos
574 842 792 896 animus
822 841 1171 911 agnoscitur;
1226 854 1333 895 non
1370 848 1550 893 tamen
1591 839 1693 895 hoc

95 946 229 990 utar
263 943 627 1004 argumento;
661 932 790 1003 quia
812 972 827 997 ,
870 940 928 986 ut
978 946 1145 1001 supra
1189 930 1500 995 observavi,
1527 944 1691 999 paces

94 1028 203 1085 sub
232 1028 482 1084 Adriano
524 1036 581 1082 et
619 1026 897 1081 Antonino
932 1037 1241 1087 concessa),
1276 1022 1509 1077 inducite
1537 1036 1692 1093 qna:-

96 1123 228 1175 dam
262 1120 510 1185 fuerunt,
531 1134 651 1189 qua
676 1134 779 1174 nec
807 1117 1241 1174 Christianorum
1270 1116 1323 1169 in
1349 1115 1691 1170 cruciatibus

95 1210 433 1267 constantia:
470 1209 807 1266 oblivionem
840 1209 1205 1267 inducerent,
1238 1220 1341 1261 nec
1382 1205 1689 1261 futurarum

96 1301 561 1373 persecutionum
594 1308 799 1353 metum
837 1298 1113 1353 tollerent.
1148 1296 1366 1351 Certius
1398 1309 1693 1367 argumen-

96 1404 219 1449 tum
248 1393 574 1464 suppeditat
604 1391 897 1457 Eusebius,
934 1390 1027 1461 qui
1069 1390 1217 1444 inter
1257 1389 1555 1458 scriptores
1586 1389 1689 1441 sub

92 1494 287 1550 Marco
323 1493 551 1550 Aurelio
574 1501 796 1547 exortos
828 1490 1119 1545 Tatiannm
1148 1497 1395 1543 recenset
1426 1503 1489 1541 ac
1520 1487 1687 1540 etiam

93 1589 428 1651 Musanum,
474 1602 502 1640 a
536 1600 645 1657 quo
697 1584 950 1639 hreresim
1000 1581 1253 1645 Taliani,
1289 1581 1473 1634 statim
1525 1588 1690 1644 atque

92 1688 287 1734 exorta
328 1688 436 1743 est,
482 1676 805 1731 debellatant
853 1674 1019 1729 fuisse
1041 1673 1170 1727 dicit
1201 1672 1241 1703 "
1270 1686 1285 1725 :
1312 1671 1420 1724 Καὶ
1459 1669 1686 1725 Μουσά-

91 1788 187 1823 νου
227 1769 310 1832 δὲ,
335 1768 398 1821 ὃν
435 1768 493 1820 ὲν
518 1769 631 1830 τοῖς
660 1764 898 1835 φθάσασι
922 1763 1308 1835 κατελέξαμεν,
1343 1762 1567 1833 φέρεταί
1606 1779 1689 1827 τις

90 1856 673 1932 ὲπιστρεπτικώτατος
701 1857 858 1925 λόγος
900 1856 1038 1928 πρός
1076 1870 1229 1917 τινας
1266 1853 1415 1924 αὐτῷ
1454 1854 1688 1924 γραφεὶς

92 1952 389 2021 ἀδελφοὺς,
422 1948 823 2012 ἀποκλίναντας
846 1947 939 2000 ἐπὶ
959 1947 1058 2018 τὴν
1087 1944 1193 2000 τῶν
1218 1944 1525 2016 λεγομένων
1564 1943 1689 2012 Ἐγ-

92 2044 380 2115 κρατιτῶν
409 2042 643 2114 αἵρεσιν,
678 2040 804 2111 ἄρτι
830 2038 951 2091 τότε
977 2036 1133 2107 φύειν
1167 2034 1497 2108 ἀρχομένην,
1532 2034 1688 2103 ξένην

88 2154 152 2189 τε
206 2138 305 2190 καὶ
356 2134 689 2207 φθοριμαίαν
740 2130 1084 2202 ψευδοδοξίαν
1138 2128 1462 2196 εἰσάγουσαν
1517 2128 1576 2179 ὲν
1613 2125 1689 2196 τῷ

93 2228 218 2299 βίῳ.
246 2223 361 2291 Ἧς
402 2224 787 2298 παρεκτροπῆς
827 2221 1067 2294 ἀρχηγὸν
1112 2219 1449 2289 καταστῆναι
1495 2218 1691 2271 Τατια-

90 2322 187 2374 νὺν
230 2319 394 2389 λόγος
436 2318 571 2389 ἔχει.
614 2336 634 2370 t
674 2315 781 2371 Sed
815 2324 871 2370 et
900 2313 1136 2377 Musoni,
1172 2310 1333 2380 cujus
1365 2325 1529 2379 supra
1578 2323 1693 2364 me-

94 2415 387 2476 minimus.
424 2409 867 2483 elegantissimus
914 2408 1139 2477 quidam
1190 2413 1370 2461 exstat
1427 2404 1564 2457 liber
1621 2404 1688 2456 ad

90 2505 367 2576 quosdam
436 2504 655 2570 fratres,
715 2504 806 2574 qui
862 2502 928 2557 ad
983 2500 1387 2556 Encratitarum
1434 2494 1686 2551 hmresint

92 2597 458 2651 desciverant
503 2613 518 2651 :
565 2609 685 2665 qua:
755 2604 884 2648 tunc
946 2591 1183 2662 primum
1238 2596 1426 2642 exorta
1485 2600 1686 2640 novum

89 2689 395 2757 quemdam
452 2702 518 2743 ac
567 2685 935 2757 perniciosum
992 2696 1237 2738 errorem
1294 2679 1416 2735 orbi
1453 2676 1683 2732 invexit.

93 2783 274 2853 Hujus
310 2791 480 2838 secta:
505 2792 782 2837 auctorem
816 2779 1107 2850 perhibent
1128 2775 1294 2832 fuisse
1318 2773 1631 2830 Tatianum.
1662 2790 1681 2825 ›

90 2875 244 2932 idem
278 2874 553 2931 Eusebius
584 2875 639 2929 in
674 2873 928 2930 Chronic.
971 2871 1039 2927 ad
1072 2885 1275 2925 annum
1305 2866 1687 2923 duodecimum

93 2966 169 3023 Ι.
204 2966 420 3022 Aurelii
457 2965 691 3021 collocat
731 2964 982 3020 hazresim
1021 2961 1258 3017 Taliani.

166 3059 384 3117 Deinde
414 3073 548 3114 vero
579 3057 817 3113 lrcnzeus
842 3056 932 3127 qui
962 3055 1124 3109 annis
1161 3066 1299 3125 pene
1325 3050 1687 3122 quadraginta

1799 561 2065 616 tributttnt
2100 562 2396 631 Percgrino
2425 561 2611 617 fuisse.
2646 565 2711 616 At
2741 562 2871 617 illud
2915 578 3018 618 nec
3047 563 3105 618 in
3139 562 3378 635 Λεπρίο

1795 654 2061 717 obtinuit,
2099 663 2157 707 ut
2188 655 2365 708 minus
2401 654 2540 709 belle
2573 654 2796 721 coniicit
2836 653 3242 719 Tillemontius,
3274 669 3377 711 nee

1796 746 1849 801 in
1906 748 2056 801 Italia
2111 747 2163 801 in
2216 763 2383 819 quam
2434 748 2624 803 relicta
2668 747 2904 819 Egypto
2951 749 3132 814 venit,
3183 748 3275 803 sed
3318 748 3373 804 in

1793 837 2027 901 Graecia,
2081 838 2136 892 in
2190 854 2355 909 quam
2401 855 2461 895 se
2506 839 2658 895 Italia
2706 842 2895 911 pulsus
2949 842 3174 912 recepit,
3210 840 3375 911 idque

1794 930 2085 984 admodum
2116 945 2261 997 sero,
2291 940 2351 986 ut
2396 941 2633 986 testatur
2659 932 2833 988 Aulus
2860 932 3091 989 Gellius.
3123 932 3377 988 Philoso-

1792 1023 1954 1092 phum
1997 1023 2207 1078 nomine
2254 1021 2620 1094 Peregrinum,
2664 1025 2879 1095 inquit,
2914 1025 3011 1081 lib.
3050 1041 3162 1093 xtl,
3196 1041 3248 1083 c.
3282 1026 3375 1092 ﬂ,

1794 1113 1879 1167 cui
1916 1125 2094 1183 postea
2141 1124 2546 1185 cognomentum
2581 1114 2809 1171 Proteus
2837 1116 3037 1187 factum
3068 1127 3168 1181 est,
3201 1118 3376 1172 virum

1791 1219 2003 1272 gravem
2034 1215 2189 1274 atque
2223 1215 2550 1260 constantem
2583 1209 2829 1275 vidimus,
2854 1227 2972 1263 cum
2992 1209 3212 1265 Athenis
3236 1226 3376 1265 eue-

1791 1311 1931 1358 ntus,
1973 1296 2323 1351 diversantem
2354 1298 2408 1351 in
2448 1300 2679 1369 quodam
2722 1301 2937 1371 tugurio
2977 1312 3126 1356 extra
3166 1305 3371 1356 urbem.

1794 1387 1910 1441 Non
1936 1390 2113 1456 potuit
2141 1403 2273 1457 ergo
2297 1390 2562 1446 Talianus
2585 1392 2833 1448 haeresim
2864 1410 3017 1448 suam
3044 1409 3190 1449 anno
3213 1394 3347 1449 (Ἁιτὶ

1793 1480 1864 1534 sti
1902 1479 1998 1533 151
2028 1496 2311 1552 spargere,
2348 1496 2588 1551 veroque
2632 1484 2970 1540 simillimum
3014 1494 3101 1539 est
3136 1485 3377 1555 Epipha-

1793 1579 1942 1628 nium
1978 1588 2077 1643 pro
2113 1588 2258 1629 anno
2290 1574 2363 1628 Μ.
2407 1574 2613 1630 Aurelii
2666 1576 3012 1642 duodecimo,
3057 1592 3170 1648 quo
3201 1577 3374 1633 Euse-

1793 1669 1914 1724 bius
1940 1672 2081 1724 hanc
2112 1669 2364 1723 lueresim
2395 1670 2669 1738 prodiisse
2692 1671 2955 1735 declarat,
2991 1671 3370 1727 duodecimum

1793 1760 2053 1815 Antonini
2109 1762 2379 1832 posuisse.
2431 1759 2564 1816 Cum
2617 1762 2836 1817 Eusebii
2876 1763 2921 1794 "
2964 1764 3138 1831 major
3180 1772 3266 1819 est
3316 1764 3373 1820 in

1796 1855 2060 1924 ejusmodi
2111 1854 2502 1923 qntcstionibus
2546 1856 2845 1911 auctoritas
2872 1871 3035 1926 quam
3058 1855 3372 1927 Epipltanii,

1798 1955 1908 1997 tum
1940 1960 2069 1999 vero
2094 1946 2237 1999 illius
2257 1947 2527 2001 sententia
2568 1961 2691 2000 cum
2723 1946 2942 2002 Tatiatti
2974 1947 3248 2003 etJuslini
3287 1964 3374 2004 re-

1798 2035 1899 2088 bus
1922 2035 2128 2103 optime
2157 2038 2457 2091 consentit.
2491 2037 2739 2092 Dandum
2791 2042 2935 2093 enim
2967 2039 3186 2110 aliquod
3235 2050 3373 2095 tem-

1795 2141 1897 2195 pus
1937 2126 2173 2181 Tatiano
2220 2139 2342 2198 post
2391 2129 2668 2184 Iustinum
2729 2131 2918 2186 Romae
2972 2134 3220 2201 docenti;
3269 2148 3373 2189 nec

1794 2219 1979 2274 statim
2012 2235 2075 2273 ac
2119 2219 2287 2274 Roma
2336 2221 2621 2287 discessit,
2668 2223 2916 2278 haeresim
2969 2225 3134 2296 cwpit
3180 2226 3377 2296 praedi-

1794 2330 1955 2378 care,
2012 2331 2136 2369 cum
2189 2315 2376 2369 Oratio
2424 2318 2675 2370 adversus
2724 2316 2981 2382 Graecos,
3028 2334 3191 2388 quam
3247 2330 3375 2390 post

1795 2428 1952 2468 suam
2005 2412 2177 2467 Roma
2240 2416 2629 2470 discessionem
2676 2416 2918 2486 scripsit,
2970 2416 3192 2471 ha:resis
3243 2426 3373 2471 nota

1794 2516 2001 2561 careat.
2031 2505 2394 2573 Quamobrem
2428 2523 2549 2562 cum
2584 2506 2830 2562 Justinus
2857 2510 3002 2563 circa
3037 2524 3240 2563 annum
3272 2509 3372 2563 167

1796 2606 1889 2651 aut
1929 2597 2031 2651 l68
2062 2598 2229 2652 vitam
2275 2613 2375 2667 pro
2410 2598 2631 2653 Christo
2661 2598 2980 2669 profuderit,
3024 2614 3131 2654 non
3165 2600 3376 2654 incom-

1795 2690 1954 2745 mode
2000 2688 2214 2745 Tatiani
2274 2691 2500 2744 haeresis
2546 2693 2610 2745 ad
2665 2706 2867 2745 annum
2917 2690 3021 2746 170
3082 2691 3372 2749 referetur.

1794 2784 1945 2851 Quod
1999 2788 2144 2840 enim
2184 2785 2451 2841 Eusebius
2500 2786 2553 2840 itt
2590 2785 2871 2840 Chronicit
2900 2800 3042 2840 anno
3084 2782 3190 2842 179
3212 2801 3376 2841 exor-

1797 2888 1905 2931 tam
1945 2887 2124 2948 putat,
2176 2879 2227 2933 id
2279 2887 2373 2932 aut
2417 2877 2689 2948 praeﬁnito
2726 2894 2830 2933 non
2882 2877 3021 2934 dixit
3067 2888 3163 2932 aut
3194 2878 3375 2932 minus

1796 2968 1938 3025 dixit
1983 2980 2257 3025 accurate.
2317 2970 2455 3026 Nam
2505 2970 2877 3037 Montanistze,
2910 2986 3048 3039 quos
3099 2969 3369 3025 anno!“

1794 3064 2065 3133 prodiisse
2114 3064 2456 3133 gravissimis
2500 3064 2805 3120 rationibus
2858 3072 3027 3134 patet,
3079 3063 3239 3134 paulo
3289 3078 3378 3117 rc-

94 3161 195 3205 ant
225 3151 427 3206 saltent
465 3150 691 3219 triginta
745 3156 869 3218 post
916 3162 1117 3201 annum
1153 3144 1358 3200 Christi
1414 3143 1507 3196 151
1546 3140 1686 3196 scri-

1817 3154 2072 3209 :entiores
2104 3155 2334 3211 Tatiano
2368 3157 2642 3223 videntur,
2667 3168 2725 3213 et
2762 3166 2886 3228 post
2919 3172 3042 3211 eum
3086 3171 3377 3212 recensen-

95 3245 287 3310 bebat,
322 3242 578 3298 haeresim
607 3241 851 3307 Tatiani,
887 3248 947 3295 ut
972 3248 1246 3294 recentem
1282 3252 1345 3292 ac
1386 3248 1557 3305 nuper
1598 3234 1685 3287 in--

97 3344 319 3392 ventam
351 3343 773 3391 commemorat.
806 3332 1195 3388 Contradicunt
1220 3345 1447 3401 quoque,
1484 3326 1681 3398 inquit,

94 3432 193 3487 lib.
221 3447 261 3497 t,
298 3446 351 3485 c.
381 3428 478 3496 9.8,
511 3428 625 3499 ejus
663 3427 828 3481 saluti
867 3426 958 3496 qui
990 3426 1195 3493 primus
1228 3422 1525 3491 plumatas
1554 3427 1631 3475 est
1662 3434 1681 3484 ;

92 3537 142 3581 et
170 3529 269 3579 hac
297 3540 468 3595 nuper
493 3523 757 3576 inventum
786 3530 862 3573 est
892 3519 1032 3587 apud
1054 3534 1141 3571 eos
1165 3531 1183 3569 :
1209 3514 1436 3570 Tatiano
1453 3512 1681 3582 quodam

97 3625 265 3690 primo
298 3620 443 3670 hanc
468 3615 830 3669 introducente
854 3610 1175 3679 blasphemia
1186 3625 1258 3666 m.

169 3713 226 3766 In
263 3710 529 3766 Oratione
559 3707 775 3762 Tatiani
812 3715 937 3759 ante
974 3704 1231 3759 haeresim
1270 3701 1473 3771 scripta
1505 3706 1688 3755 exstat

101 3820 203 3858 non
234 3801 501 3871 illepidns
548 3800 770 3869 quidam
801 3798 853 3851 in
887 3796 1242 3865 Peregrinum
1280 3792 1397 3848 sive
1426 3790 1684 3845 Proteum

100 3895 357 3959 aculeus,
393 3892 487 3959 qui
521 3906 647 3947 cutn
704 3906 765 3945 ea
819 3891 1114 3961 Opinione,
1150 3904 1313 3959 quam
1363 3886 1684 3951 refellimus,

92 3985 392 4041 conciliari
432 4000 538 4040 non
570 3984 763 4055 possit.
796 3982 890 4038 Sic
919 3984 1065 4038 enim
1115 3982 1204 4037 ille
1233 3981 1471 4053 Cynicus
1499 3979 1685 4049 exagi-

101 4089 250 4131 tatnr
285 4094 316 4130 a
360 4077 617 4141 Tatiano,
650 4084 709 4128 ιιι
749 4074 861 4144 3am
899 4085 1012 4129 tum
1066 4090 1192 4131 sese
1220 4075 1400 4127 vivum
1434 4074 1686 4127 combus-

98 4172 254 4235 sisse,
289 4169 439 4238 quod
472 4166 687 4236 quidem
713 4167 782 4221 ab
811 4182 876 4221 eo
910 4167 1113 4221 factum
1135 4176 1221 4221 est
1249 4166 1302 4218 in
1337 4164 1479 4218 ludis
1502 4161 1688 4234 Olym-

101 4261 233 4330 picis
288 4276 437 4313 anno
470 4258 612 4322 165,
646 4266 743 4311 aut
792 4257 983 4312 saltem
1041 4256 1143 4312 sub
1193 4254 1377 4310 Prmei
1431 4254 1684 4317 nomine,

99 4356 239 4423 quod
281 4353 331 4406 ei
375 4352 480 4406 sub
532 4351 695 4403 linem
749 4350 875 4402 vitae
905 4348 1221 4417 impositum
1258 4344 1384 4410 fuit,
1430 4344 1686 4414 cognitus

101 4448 360 4500 omnibus
411 4444 581 4497 fuisse
627 4442 903 4496 videatur.
951 4440 1045 4496 Sic
1097 4439 1340 4510 loquitur
1384 4437 1683 4501 Tatianus,

351 4535 464 4589 Καὶ
496 4534 744 4602 λέγοντες
783 4531 882 4604 μὲν
920 4530 1128 4585 δεῖσθαι
1164 4498 1409 4601 ίιηδενός
1447 4527 1587 4582 κατὰ
1627 4498 1685 4580 at
1720 4498 1764 4553 D

101 4629 187 4681 τὸν
220 4626 461 4699 Πρωτέα
498 4624 827 4694 σκυτοδέψου
879 4624 977 4694 μὲν
1018 4612 1311 4687 χρῄζοντες
1342 4620 1431 4673 διὰ
1458 4620 1554 4691 τὴν
1588 4621 1688 4691 πή-

106 4739 231 4791 ραν,
274 4720 520 4789 ὺφάντου
577 4718 633 4770 δὲ
685 4717 773 4771 διὰ
820 4716 881 4770 τὸ
932 4717 1166 4787 ίμὰτιοα,
1200 4715 1293 4769 καὶ
1333 4714 1423 4768 διὰ
1447 4714 1506 4768 τὸ
1533 4714 1686 4781 ξύλον

102 4810 421 4881 δρυοτόμου,
438 4809 525 4863 διὰ
541 4810 599 4863 δὲ
622 4808 720 4881 τὴν
739 4807 1181 4880 γαστριμαργίαν
1197 4808 1303 4862 τῶν
1320 4807 1688 4862 πλουτούντων

107 4904 193 4956 καὶ
210 4902 497 4973 ὀψοποιοῦ.
523 4920 541 4954 ‹
586 4901 795 4957 Nullius
827 4902 1042 4970 quidem
1068 4915 1128 4957 se
1156 4915 1319 4971 egere
1348 4901 1536 4956 dicunt
1567 4901 1690 4970 phi-

109 4993 339 5064 losophi,
376 4995 473 5049 sed
507 5004 687 5048 tamen
726 4991 908 5047 Protei
956 5007 1106 5047 more
1138 4994 1409 5063 modoque
1443 4992 1690 5062 indigent

106 5086 336 5139 mriario
378 5096 603 5157 pr0pter
648 5101 837 5155 peram
864 5126 879 5151 ,
916 5094 1129 5141 textore
1184 5096 1408 5156 propter
1457 5095 1687 5151 vestem,

110 5177 333 5248 Iiguario
378 5187 608 5249 propter
647 5177 925 5246 baculum,
963 5178 1221 5233 divitibus
1257 5187 1479 5247 ptopter
1506 5178 1685 5249 inglu-

111 5270 241 5323 viem
274 5279 329 5323 et
353 5284 561 5339 coquo.
584 5287 603 5321 t
632 5267 787 5335 Quod
812 5266 1081 5322 Tatianus
1110 5267 1469 5322 imitationem
1501 5266 1685 5323 Protei

113 5365 445 5427 utprobrum
461 5362 655 5433 objicit
673 5362 1036 5433 philosophis,
1059 5363 1110 5417 id
1132 5371 1457 5430 argumento
1479 5361 1685 5431 estjam
1732 5392 1735 5393 ν

117 5463 219 5508 lum
256 5456 412 5511 illum
461 5452 706 5508 fabulam
742 5453 908 5508 fuisse
953 5453 1022 5508 ob
1068 5452 1251 5507 varios
1300 5452 1425 5507 vitae
1455 5463 1687 5510 eventus

119 5563 174 5601 ac
202 5548 513 5618 praesertim
554 5548 623 5603 ob
665 5544 1058 5601 stultissimum
1108 5545 1300 5601 mortis
1324 5560 1517 5618 genus.
1550 5544 1688 5601 Illud

117 5640 292 5692 saltem
333 5655 409 5692 ex
453 5639 639 5695 verbis
668 5638 887 5694 Tatiani
941 5640 1256 5694 necessario
1300 5646 1536 5711 constat,
1566 5639 1681 5711 jam

1796 3256 1906 3315 tur,
1942 3258 2054 3303 tum
2104 3249 2247 3315 apud
2279 3248 2681 3303 Tertullianum
2724 3248 2780 3303 itt
2828 3248 2971 3304 libro
3002 3247 3080 3303 De
3126 3250 3375 3317 pra-scri-

1791 3337 2082 3408 ptiont‘bus,
2112 3348 2222 3391 tum
2252 3341 2396 3405 apud
2433 3339 2797 3410 Epiphanium
2843 3356 3155 3410 quanquam
3190 3352 3373 3411 poste-

1792 3428 1909 3482 rior
1936 3430 2167 3483 nitttium
2215 3430 2377 3499 spatii
2426 3430 2571 3485 inter
2606 3430 2901 3487 Tatianum
2930 3442 2984 3488 et
3012 3431 3372 3492 Montanistus

1792 3518 2113 3589 interponit.

1863 3612 1978 3665 Non
2010 3628 2097 3667 me
2125 3612 2252 3667 latet
2282 3612 2728 3670 Montanistarum
2756 3616 3020 3685 originem
3047 3617 3209 3673 citius
3234 3620 3373 3674 mul-

1794 3713 1846 3756 to
1878 3703 2133 3758 collocari
2187 3720 2216 3758 a
2273 3703 2554 3760 Blondello
2577 3716 2631 3761 et
2681 3706 2914 3763 Maresio
2952 3708 3021 3776 ⁸³,
3058 3710 3147 3778 qui
3182 3723 3374 3764 versus

1794 3794 2098 3866 Sibyllinos
2130 3835 2145 3858 ,
2196 3811 2333 3865 quos
2374 3804 2498 3852 octo
2529 3798 2685 3854 libris
2738 3801 3168 3869 comprehensos
3204 3802 3371 3855 habe-

1791 3903 1933 3953 mus,
1982 3886 2220 3942 Montani
2273 3899 2641 3945 commentum
2693 3905 2818 3946 esse
2858 3892 3211 3947 contendunt.
3275 3891 3372 3947 llis

1790 3979 2087 4033 assentitur
2112 3980 2198 4033 vir
2219 3994 2249 4033 a
2282 3997 2368 4036 me
2416 3997 2522 4036 non
2575 3982 2741 4037 semel
2788 3982 3066 4049 laudatus,
3091 3983 3231 4037 Lud.
3265 3982 3373 4038 Du-

1790 4069 1917 4125 four
1946 4072 2015 4127 de
2052 4070 2377 4142 Longuerue
2404 4073 2466 4127 ⁸³.
2516 4074 2725 4129 Revera
2807 4076 3146 4146 antiquiores
3198 4077 3371 4132 multo

1788 4177 1972 4219 essent
1995 4166 2354 4234 .‘lontanistte,
2381 4168 2426 4223 si
2454 4183 2643 4225 versus
2670 4169 2916 4241 Sibyllitti
2946 4171 3162 4225 facinus
3186 4180 3375 4225 essent

1791 4256 2212 4327 Montani,qnos
2247 4274 2353 4314 non
2383 4260 2555 4314 solum
2594 4272 2721 4316 ante
2750 4261 2898 4318 Lucii
2930 4265 3073 4329 Veri,
3094 4266 3189 4320 sed
3205 4268 3371 4320 etiam

1802 4359 1933 4403 ante
1978 4350 2204 4404 Adriani
2269 4362 2502 4405 mortem
2547 4352 2847 4409 fabricatos
2896 4354 3066 4409 fuisse
3133 4355 3375 4411 declarat

1791 4433 1925 4489 falsa
1962 4436 2027 4489 de
2059 4436 2345 4505 utriusque
2385 4447 2563 4491 morte
2590 4439 2889 4507 praedictio.
2943 4439 3076 4494 Nam
3108 4449 3217 4495 tres
3247 4449 3374 4512 post

1792 4528 2093 4583 Adriattum
2128 4529 2293 4583 futuri
2328 4530 2685 4598 imperatores
2715 4532 3087 4600 praedicuntur
3115 4532 3161 4564 ⁸⁸
3187 4550 3201 4586 :
3232 4531 3372 4587 Ter-

1795 4622 1899 4675 tius
1930 4636 2052 4675 sero
2082 4622 2325 4676 omnium
2362 4621 2562 4677 dicitur
2578 4624 2869 4693 potitttrus,
2902 4623 2959 4676 ὐ
2979 4623 3035 4677 δὲ
3064 4624 3246 4697 τρίτος
3272 4624 3372 4695 ὀψὲ

1794 4713 2056 4785 κρατήσει
2090 4713 2365 4770 ἁπάντων.
2391 4713 2510 4783 Ipse
2548 4724 2730 4770 autem
2750 4715 3023 4771 Adrianus
3069 4727 3212 4773 reste
3251 4732 3374 4788 per-

1794 4806 1992 4868 iturus,
2028 4806 2086 4861 Ὀ
2108 4806 2165 4861 δὲ
2198 4807 2342 4872 λίνος
2368 4807 2531 4862 αὐτὸν
2564 4808 2789 4863 ὀλεῖται.
2814 4810 2890 4865 Ex
2917 4811 3003 4867 his
3026 4812 3222 4867 merito
3242 4824 3373 4865 c0n-

1796 4898 1964 4952 cludit
1995 4898 2135 4954 idem
2168 4899 2252 4954 vir
2284 4902 2685 4957 eruditissimus
2720 4902 3034 4959 mendacem
3065 4903 3208 4958 hunc
3233 4906 3374 4959 scri-

1795 5000 2010 5061 ptorem
2042 4993 2273 5062 turpiter
2302 4994 2512 5064 lapsum
2544 5010 2689 5061 esse,
2715 4996 2842 5065 quia
2888 5011 2995 5050 non
3032 4994 3287 5057 habebat,
3314 5002 3374 5046 ut

1794 5084 1924 5138 aliis
1975 5084 2029 5138 in
2072 5086 2256 5148 rebus,
2298 5086 2580 5142 historiam
2628 5102 2811 5141 rerum
2864 5098 3167 5158 geStarum,
3206 5099 3370 5153 quam

1792 5176 1987 5231 ducem
2018 5188 2366 5248 sequeretur,
2391 5177 2484 5234 sed
2528 5178 2827 5233 Adrianum
2876 5186 3023 5234 reste
3068 5179 3367 5249 periturum

1791 5267 2123 5337 conjiciebat
2170 5283 2237 5323 ex
2285 5268 2573 5325 doloribus
2638 5270 2992 5334 acutissimis,
3033 5269 3176 5325 inter
3227 5282 3369 5339 quos

1795 5362 1900 5416 sibi
1932 5362 2066 5430 ,ipse
2115 5371 2343 5418 mortem
2390 5364 2732 5420 consciscere
2783 5365 3020 5421 volebat.
3065 5361 3369 5418 Verisimile

1794 5462 1916 5508 erat
1962 5452 2188 5510 Lucium
2244 5454 2480 5522 Verum,
2510 5457 2601 5527 qui
2657 5466 2842 5513 tenera
2881 5456 3167 5512 admodum
3205 5462 3369 5510 mtate

1794 5545 2049 5612 erat,lll.
2105 5547 2329 5603 Aurelio
2377 5549 2816 5619 superfuturum.
2870 5548 3067 5618 Scripti
3123 5562 3254 5619 ergo
3312 5547 3366 5603 hi

1793 5634 1922 5691 libri
1945 5648 2073 5692 ante
2104 5647 2335 5694 mortem
2358 5639 2609 5697 Adriani.
2634 5641 2704 5696 At
2723 5653 2911 5695 eorum
2944 5647 3221 5709 parentem
3244 5653 3368 5695 esse

174 5754 215 5784 ¹¹¹
266 5754 431 5821 Ilist.,
471 5754 566 5812 lib.
601 5769 677 5821 tv,
707 5769 757 5812 c.
786 5753 879 5811 28.
954 5755 1000 5788 δ’
1041 5754 1299 5813 Chronic.
1374 5752 1421 5786 ⁸³
1469 5753 1622 5825 Apud
1669 5751 1931 5812 Gallzeum
1973 5754 2222 5823 dissertt,
2252 5772 2308 5831 p.
2338 5756 2437 5813 20.
2508 5758 2555 5793 “
2607 5757 2663 5814 In
2695 5758 2922 5815 dissert.
2974 5774 3078 5815 ms.
3154 5755 3205 5793 "
3239 5756 3361 5817 Lib.

122 5838 143 5874 1
168 5837 216 5879 τι
252 5841 369 5883 νιιι.
