3796 6498
467 340 569 396 467

1387 321 1447 378 δ.
1481 319 1817 378 JL'STiNUS
1849 316 2329 374 PHILOSOPHUS
2358 316 2446 371 ΕΤ
2480 314 2794 373 MARTYR.

3636 323 3721 380 168

472 447 785 501 lllotttanum
812 445 955 501 nulla
996 447 1232 517 probant
1282 448 1556 502 rationum
1603 456 1906 509 momenta,
1942 461 2049 499 non
2083 457 2126 505 Α
2157 441 2737 507 dicavit..Qninetiam
2776 439 3111 497 matrimonii
3155 444 3565 501 institutionem
3617 449 3719 501 dia-

468 535 719 609 Phrygiae
756 538 974 600 laudes,
1028 553 1133 591 non
1188 538 1481 592 vehemens
1525 537 1744 608 Sibylla:
1794 537 2050 601 exstasis,

472 633 735 700 non-ipsa
781 631 1015 701 denique
1066 630 1436 684 calamitatum
1473 629 1868 684 imminentium
1917 645 2053 697 prte-

471 725 660 781 dictio.
692 725 746 779 ln
776 727 859 780 his
882 726 1029 779 enim
1058 724 1191 779 nihil
1213 724 1458 792 estquod
1474 734 1637 778 secta:
1663 721 1902 777 Montani
1933 737 2057 790 pro-

471 816 650 887 prium
681 817 770 870 sit.
801 816 1012 871 Potiort
1061 815 1186 883 jure
1234 824 1428 867 auctor
1474 828 1730 867 versuum
1760 809 2056 882 Sibyllino-

471 925 592 963 rum
622 909 1031 963 existimaretur
1052 906 1250 974 aliquis
1276 921 1343 960 ex
1362 905 1692 960 Christianis
1714 903 2055 958 circumcisis

470 1009 528 1055 et
566 1000 737 1070 legem
799 1002 1181 1057 retinentibus.
1219 998 1355 1052 Nam
1395 998 1645 1052 hortatur
1697 996 1763 1049 ad
1803 994 2056 1050 Judaicas

470 1092 851 1158 lustrationes,
885 1092 980 1147 lib.
1011 1107 1080 1157 tv,
1113 1100 1178 1147 et-
1199 1091 1440 1145 futurum
1483 1089 1615 1143 dicit
1643 1097 1698 1140 ut
1728 1085 1863 1154 justi
1894 1086 1946 1139 in
1970 1100 2058 1140 se-

471 1186 654 1239 cundo
683 1185 919 1238 adventu
963 1184 1171 1239 Domini
1197 1197 1395 1252 corpus
1422 1180 1668 1251 quotidie
1692 1178 1850 1248 aquis
1874 1178 2056 1232 lavent

470 1294 501 1332 e
530 1278 673 1332 lecto
702 1288 1014 1346 surgentes,
1047 1277 1142 1332 lib.
1169 1292 1252 1331 ιιι.

544 1370 609 1423 ll.
646 1370 740 1425 Sic
783 1370 1031 1425 haeresim
1062 1385 1217 1424 suam
1247 1368 1637 1422 architectatus
1663 1374 1748 1420 est
1769 1362 2053 1430 Tatianus,

471 1472 534 1517 ut
561 1463 688 1517 dum
717 1463 863 1517 aliud
895 1477 960 1516 es
996 1449 1117 1517 aliis
1150 1460 1423 1516 haereticis
1459 1468 1774 1527 mutuatur,
1803 1473 1905 1512 nec
1931 1473 2055 1513 cum

472 1564 613 1628 istis,
648 1578 752 1617 nec
776 1577 960 1617 secum
992 1562 1107 1631 ipse
1147 1558 1499 1613 consentiret.
1527 1555 1758 1611 Videtur
1803 1554 1856 1609 in
1886 1554 2057 1623 expli-

470 1656 646 1708 canda
671 1654 856 1708 mundi
890 1654 1175 1707 creatione
1192 1649 1466 1704 Valentini
1492 1648 1685 1704 deliria
1706 1646 2051 1717 compilasse.

474 1747 741 1801 Dicebant
774 1745 1142 1800 Valentiniani
1171 1744 1356 1799 omnia
1383 1757 1412 1797 a
1434 1757 1566 1798 vero
1602 1741 1712 1796 Deo
1742 1755 1842 1811 per
1881 1739 2056 1806 ipsius

472 1837 712 1891 Verbum
767 1837 937 1890 fuisse
984 1834 1201 1889 condita
1228 1875 1242 1901 ,
1270 1833 1511 1887 adhibito
1542 1840 1723 1886 tamen
1773 1828 2052 1897 Demiurgi

469 1929 587 1983 sive
631 1928 912 1983 Creatoris
944 1926 1284 1989 ministerio,
1312 1939 1473 1993 quem
1519 1924 1738 1994 quidem
1768 1921 1841 1976 ita
1899 1920 2052 1991 igno-

472 2036 623 2075 rasse
694 2020 963 2090 ﬁngebant
1044 2019 1418 2087 operationem
1474 2016 1672 2071 divinae
1726 2012 2046 2083 Sapientiae,

474 2122 534 2165 nt
560 2112 664 2167 sibi
712 2113 860 2166 solus
908 2112 1137 2167 Creator
1188 2125 1310 2166 esse
1360 2109 1663 2165 videretur.
1696 2106 1865 2162 Paulo
1892 2106 2053 2161 aliter
2104 2164 2107 2167 _

471 2202 755 2266 Tatianus,
788 2202 883 2256 sed
926 2217 1030 2256 non
1086 2202 1269 2255 minus
1310 2200 1481 2269 impie
1517 2200 1572 2254 in
1623 2199 1860 2268 quodam
1900 2195 2053 2251 testi-

472 2296 678 2357 monio.
708 2294 851 2363 quod
878 2295 930 2348 in
970 2293 1271 2363 appendice
1320 2290 1504 2353 retuli,
1533 2289 1664 2344 illud
1705 2288 2048 2358 Scriptum:

472 2386 599 2441 Fiat
631 2386 804 2452 lux“,
839 2387 1077 2455 optantis
1112 2392 1168 2439 et
1202 2383 1479 2454 precantis
1522 2396 1644 2436 esse
1673 2382 1910 2445 dicebat,
1946 2395 2052 2435 non

474 2481 862 2552 praecipientis.
898 2479 1167 2547 Fingebat
1215 2477 1379 2533 etiam
1422 2476 1487 2530 ad
1517 2475 1701 2529 mundi
1734 2472 2054 2542 explicatio-

474 2588 622 2636 nem,
653 2583 794 2627 teste
820 2571 1045 2633 lreuwo,
1071 2568 1274 2623 Ᾰῖοηθδ
1298 2570 1553 2638 quosdam
1585 2566 1888 2620 invisibiles.
1916 2564 2053 2619 Hinc

470 2662 613 2731 apud
658 2659 1047 2716 Tertulliannm
1096 2654 1494 2725 Prwscr.,cap.
1538 2654 1826 2709 52:1'otus
1869 2669 2056 2707 secun-

469 2754 600 2807 dum
646 2750 983 2806 Valentinum
1016 2767 1199 2820 sapere
1227 2749 1445 2803 dicitur.

544 2845 616 2901 Ut
639 2845 981 2909 Valentinus,
1021 2843 1096 2897 ita
1127 2844 1292 2898 etiam
1329 2842 1593 2897 Tatianus
1632 2841 1810 2912 legem
1862 2838 2055 2895 Mosai-

472 2954 593 2992 cam
618 2936 925 3004 rejiciebat,
966 2950 1073 2988 non
1103 2950 1131 2987 a
1150 2948 1281 2986 vero
1310 2932 1440 2997 Deo,
1472 2933 1567 2985 sed
1593 2947 1623 2982 a
1652 2928 1941 2999 Demiurgo
1967 2929 2053 2982 in-

474 3030 722 3084 stitutam
747 3026 1135 3097 pronuntians,
1162 3035 1302 3080 teste
1345 3023 1627 3078 Clemente
1659 3020 2051 3084 Alexandrino,

473 3122 679 3178 Strom.
705 3136 788 3185 ιιι,
822 3136 876 3191 p.
899 3118 1030 3184 460,
1053 3120 1148 3173 sed
1174 3129 1354 3171 tamen
1386 3114 1502 3184 lege
1543 3124 1597 3168 et
1628 3113 1906 3182 prophetis
1933 3121 2053 3167 ute-

471 3219 673 3271 bantur
703 3213 1011 3276 Severiaui,
1042 3221 1099 3265 ut
1136 3211 1213 3263 ait
1234 3208 1520 3271 Eusebius,
1550 3207 1640 3275 qui
1669 3207 1902 3277 primum
1952 3220 2045 3258 au-

471 3306 1135 3364 ctoremetinstitutorem
1169 3304 1388 3359 illorum
1425 3302 1593 3356 fuisse
1636 3299 1925 3354 Tatianum
1956 3298 2051 3352 de-

470 3404 666 3458 clarat.
712 3402 830 3472 Ipse
874 3401 1141 3456 Tatianus
1185 3398 1440 3453 utebatur
1490 3395 1724 3465 quodam
1777 3393 2051 3464 prephette

474 3496 641 3553 Amos
669 3494 1009 3557 testimonio,
1036 3502 1096 3546 ut
1125 3492 1308 3544 vinum
1355 3488 1666 3559 prohiberet
1693 3487 1760 3541 ⁸⁷.
1788 3485 1907 3541 Νοιι
1935 3494 2053 3539 erat

472 3601 701 3642 necesse
718 3586 986 3657 ejusmodi
1019 3583 1291 3639 hmreticis
1320 3580 1490 3636 Vetus
1526 3579 1932 3634 Testamentum
1982 3576 2049 3629 ab

471 3695 574 3733 usu
616 3694 715 3735 suo
744 3679 961 3748 penitus
990 3690 1287 3738 removere,
1315 3689 1437 3728 cum
1471 3687 1587 3726 eam
1618 3670 1744 3737 sibi,
1774 3678 1910 3724 teste
1944 3667 2049 3721 ibi-

475 3772 598 3825 dem
658 3771 917 3831 Eusebio,
974 3769 1249 3822 licentiam
1300 3765 1693 3828 interpretandi
1748 3768 2048 3823 sumerent,

471 3881 594 3934 quae
620 3862 758 3919 nihil
788 3877 894 3917 non
920 3869 1099 3931 posset
1124 3860 1362 3914 eludere.

549 3957 627 4011 De
658 3955 893 4009 Tatiano
943 3956 1023 4009 sic
1068 3952 1310 4021 loquitur
1344 3950 1596 4007 Clemens
1624 3948 2047 4007 Alexandrinus,

472 4048 631 4118 quasi
672 4048 721 4102 is
756 4045 1025 4101 Valentini
1074 4045 1276 4101 scholae
1324 4058 1519 4099 nomen
1568 4042 1806 4097 dedisset
1838 4055 1901 4094 ac
1926 4037 2050 4093 inde

474 4140 856 4205 abscessisset,
911 4148 968 4192 ut
1015 4139 1291 4209 propriam
1350 4146 1554 4192 sectam
1609 4132 1887 4190 conﬂaret.
1951 4128 2050 4183 Vix

471 4233 619 4289 enim
650 4234 811 4288 aliter
842 4232 1192 4303 interpretari
1225 4231 1389 4286 liceat
1415 4231 1533 4284 haec
1562 4228 1727 4282 verba
1753 4226 1818 4280 de
1865 4225 2053 4279 Tatia~

472 4342 564 4391 no,
602 4324 803 4380 Strom.
839 4340 922 4390 ιιι,
956 4339 1077 4395 pag.
1108 4322 1213 4378 465
1248 4337 1263 4377 :
1299 4322 1357 4376 '0
1387 4321 1445 4374 δὲ
1477 4324 1543 4375 ὲκ
1568 4319 1668 4389 τῆς
1697 4315 2047 4371 Οὐαλεντίνου

475 4419 785 4493 ἐξεφοίτησε
820 4419 1040 4493 σχολῆς.
1080 4419 1186 4474 Sed
1219 4427 1398 4472 tamen
1435 4416 1669 4472 lrenteus
1710 4415 1763 4469 in
1800 4411 2049 4467 testimo-

472 4513 566 4565 nio
595 4512 738 4581 quod
773 4517 932 4566 modo
962 4511 1146 4577 retuli,
1180 4509 1466 4575 Tatianum
1509 4506 1749 4563 declarat
1770 4519 1833 4559 ea
1867 4510 2047 4558 mente

472 4603 541 4655 ab
588 4602 831 4658 Ecclesia
881 4604 1236 4667 discessisse,
1299 4612 1360 4657 ut
1405 4615 1599 4657 novam
1655 4609 1859 4655 sectam
1916 4610 2049 4651 con-

472 4697 643 4753 deret.

547 4782 813 4839 Valentini
840 4784 1049 4854 opinio,
1090 4786 1193 4841 etsi
1223 4785 1276 4840 in
1307 4787 1475 4840 Deum
1518 4783 1704 4838 mundi
1733 4790 2044 4837 creatorem

474 4877 667 4944 injuria
702 4887 821 4932 erat
852 4887 909 4933 et
950 4878 1019 4933 ad
1054 4880 1404 4933 evertendam
1432 4875 1852 4931 resurrectionis
1881 4873 2043 4926 fidem

469 4971 806 5041 excogitata,
848 4972 903 5026 in
938 4971 1041 5026 hoc
1071 4982 1250 5026 tamen
1274 4971 1456 5025 lenior
1488 4978 1607 5023 erat
1628 4982 1789 5036 quam
1813 4965 2044 5020 Marcio-

471 5062 574 5124 nis,
603 5064 746 5130 quod
788 5076 889 5117 nec
914 5077 1138 5117 carnem
1170 5061 1381 5117 Christi
1413 5059 1638 5114 omnino
1668 5057 1908 5121 tolleret,
1940 5070 2043 5110 nec

470 5156 852 5210 necessitatem
893 5156 1203 5226 imponeret
1262 5169 1325 5209 ea
1381 5150 1709 5217 detestandi,
1761 5164 1881 5219 qna:
1946 5164 2044 5217 per

468 5246 817 5319 Demiurgum
843 5265 874 5303 a
901 5264 1031 5304 vero
1058 5249 1169 5303 Deo
1200 5254 1385 5304 creata
1421 5244 1716 5299 fatebatur.
1753 5245 1823 5297 At
1854 5242 2042 5296 Tatia-

465 5357 567 5398 nus
590 5343 825 5398 mutuari
851 5359 917 5400 ex
942 5342 1218 5397 Marcione
1247 5356 1355 5394 non
1385 5337 1676 5403 dubitavit,
1709 5351 1830 5406 quae
1849 5337 2045 5391 deesse

464 5431 756 5489 Valentino
812 5434 882 5489 ad
946 5447 1217 5489 sutumam
1273 5430 1605 5498 impietatem
1683 5426 2029 5481 videbantur.

465 5524 722 5593 Nuptias,
745 5526 922 5596 inquit
952 5525 1204 5586 lrenteus,
1236 5521 1625 5589 corruptionem
1642 5535 1757 5574 esse
1782 5528 1831 5574 et
1862 5520 2036 5589 [orni-

464 5637 722 5677 rationem
769 5622 1019 5676 similiter
1076 5631 1132 5674 ut
1181 5618 1424 5672 Marcion
1450 5626 1501 5673 et
1528 5617 1858 5673 Saturninus
1883 5633 2029 5687 price

2158 533 2285 589 bolo
2315 544 2595 601 acceptam
2645 532 2858 587 referre
2888 533 3038 587 visus
3066 546 3149 589 est
3187 536 3454 592 Clementi
3489 539 3715 595 Alexan-

2158 627 2323 682 drino
2348 626 2415 677 ⁸⁸.
2452 625 2584 679 Nam
2621 624 2848 678 Paulum
2890 630 2970 681 sic
3019 626 3508 697 interpretabatur,
3541 641 3598 685 ut
3618 648 3719 687 eum

2157 719 2492 773 matrimonii
2516 733 2670 772 usum
2701 719 3065 785 permittendo
3083 721 3432 788 prohibuisse
3455 731 3512 776 et
3536 733 3594 777 ut
3610 741 3721 794 opus

2158 808 2510 863 fornicationi
2546 818 2603 863 et
2646 808 2867 861 diabolo
2906 809 3185 865 addictum
3234 811 3590 868 interdixisse
3618 830 3723 869 con-

2160 903 2430 956 tenderet.
2488 900 2668 957 Verba
2723 898 2940 954 Tatiani
3006 901 3273 958 habemus
3346 904 3402 958 in
3464 905 3720 974 Append.,

2156 1005 2300 1064 part.
2332 1010 2367 1049 ιι

2229 1087 2360 1141 Illud
2386 1088 2549 1141 etiam
2581 1103 2609 1141 a
2635 1087 2930 1142 Saturnino
2966 1097 3022 1143 et
3058 1087 3333 1144 Marcioue
3362 1088 3624 1147 Tatianus
3642 1108 3720 1148 ac-

2157 1190 2397 1249 ceperat,
2462 1190 2602 1235 teste
2654 1178 3023 1247 Theodoreto,
3082 1180 3177 1235 lib.
3227 1197 3245 1236 ι
3308 1179 3522 1237 Haeret.
3602 1184 3719 1252 {ab.,

2157 1285 2279 1339 cap.
2304 1270 2397 1335 20,
2430 1271 2831 1326 utanimalium
2864 1280 2918 1326 et
2949 1273 3062 1326 vini
3086 1288 3264 1336 usum,
3308 1291 3418 1330 non
3452 1281 3612 1332 modo
3640 1296 3723 1333 nuo

2156 1363 2319 1432 ptias,
2353 1364 2791 1419 abominaretur.
2819 1366 3165 1421 Abutebatur
3197 1368 3539 1423 auctoritate
3574 1370 3721 1426 Amos

2157 1454 2435 1523 propheta:
2452 1457 2519 1509 ad
2548 1455 2844 1525 impietatis
2863 1457 3237 1514 defensionem
3264 1476 3278 1513 :
3314 1477 3333 1512 ι
3373 1462 3447 1515 De
3472 1461 3576 1517 hoc
3596 1460 3721 1527 loco,

2159 1543 2336 1614 inquit
2367 1544 2739 1618 Hieronymus
2773 1549 2824 1602 in
2857 1550 3049 1617 Amos,
3081 1566 3202 1619 cap.
3224 1548 3280 1615 2,
3309 1551 3566 1605 haeresim
3584 1566 3720 1606 suam

2157 1634 2419 1693 Tatianus
2448 1637 2856 1693 Encratitarnm
2885 1641 3146 1713 princeps
3169 1650 3386 1697 struere
3410 1643 3627 1709 nititur,
3650 1646 3721 1697 τί·

2157 1744 2289 1784 num
2320 1745 2573 1786 asserens
2616 1746 2723 1785 non
2767 1732 3084 1800 bibendum,
3118 1750 3241 1789 cum
3283 1745 3340 1791 et
3380 1736 3504 1806 lege
3537 1752 3719 1808 prtece-

2153 1831 2305 1891 ptum
2343 1822 2436 1887 sit,
2475 1835 2544 1876 ne
2574 1820 2818 1877 Nazaraei
2851 1823 3042 1878 bibant
3073 1827 3276 1890 vinum,
3307 1836 3362 1882 et
3390 1846 3537 1883 nunc
3561 1845 3712 1885 accu-

2152 1924 2343 1969 sentur
2372 1931 2403 1969 a
2434 1916 2717 1986 propheta,
2748 1917 2841 1987 qui
2862 1920 3151 1988 propinant
3181 1918 3463 1977 Nazarmis
3484 1923 3713 1977 vinum.»

2152 2007 2209 2061 In
2240 2011 2515 2080 mysteriis
2539 2010 2887 2066 celebrandis
2914 2012 3087 2066 solum
3127 2027 3325 2082 aquam
3358 2015 3607 2070 adhiberi
3634 2032 3718 2070 vo-

2157 2100 2302 2155 luit:
2347 2119 2364 2153 i
2399 2100 2667 2156 Similiter
2710 2112 2767 2156 et
2797 2105 3056 2173 mysteria
3083 2106 3362 2176 quadam,
3402 2106 3581 2176 inquit
3609 2107 3719 2177 Epi-

2152 2195 2409 2265 phanius,
2445 2214 2464 2247 ι
2505 2195 2573 2250 ad
2604 2196 2862 2253 Ecclesiae
2892 2209 3097 2253 sanctte
3144 2199 3519 2255 imitationem
3574 2200 3720 2255 iusti~

2157 2288 2281 2353 tuit,
2329 2287 2424 2343 sed
2463 2288 2532 2343 ad
2564 2303 2629 2343 ea
2671 2299 2855 2343 tamen
2906 2290 3047 2344 nihil
3075 2307 3096 2342 ι
3124 2300 3322 2361 praeter
3352 2306 3555 2361 aquam
3581 2292 3723 2347 adbi-

2154 2380 2290 2435 buit.
2326 2398 2346 2433 ι

2225 2471 2311 2527 ιιι.
2339 2472 2519 2538 Quarri
2549 2488 2656 2528 non
2686 2473 2962 2529 immerito
3010 2473 3184 2544 possit
3212 2489 3393 2529 annon
3427 2475 3715 2545 puti-tivam

2153 2564 2371 2621 Christo
2393 2568 2935 2624 carnemattribuerit
2964 2569 3244 2638 Tatianus,
3274 2580 3329 2625 et
3353 2572 3457 2626 hac
3488 2570 3548 2626 in
3576 2584 3651 2635 re,
3672 2580 3723 2624 ut

2156 2657 2209 2711 in
2250 2658 2433 2712 multis
2472 2658 2616 2727 aliis,
2662 2676 2693 2713 a
2740 2660 3014 2715 Valentini
3060 2663 3305 2732 partibus
3338 2664 3406 2716 ad
3434 2660 3724 2717 Marcionis

2155 2760 2338 2806 castra
2378 2752 2758 2822 translugerit.
2789 2752 2915 2808 llazc
2943 2754 3088 2810 enim
3127 2763 3193 2810 de
3238 2756 3330 2809 illo
3360 2756 3507 2825 apud
3536 2754 3720 2811 Hiero-

2154 2859 2376 2917 nymum
2419 2845 2563 2900 dicta
2596 2846 2828 2915 legimus
2866 2846 2919 2900 in
2966 2846 3264 2904 Comment.
3309 2848 3364 2902 in
3414 2865 3542 2919 cap.
3583 2865 3633 2903 vt
3664 2850 3723 2904 ad

2154 2936 2333 2993 Galat.
2386 2958 2406 2991 ι
2437 2938 2705 2995 Tatianus
2747 2942 2843 3009 qui
2891 2941 3195 3010 putativam
3240 2941 3448 2997 Christi
3510 2956 3723 2997 carnem

2155 3029 2509 3090 lntroducens
2546 3048 2765 3089 omnem
2797 3035 3242 3102 conjunctionem
3282 3033 3519 3091 masculi
3546 3038 3614 3089 ad
3651 3036 3726 3089 fe-

2158 3126 2361 3182 minam
2412 3129 2743 3182 immundam
2803 3128 3133 3195 arbitratur,
3166 3128 3600 3185 .Encratitarum
3647 3132 3725 3185 vel

2153 3221 2453 3275 acerrimus
2483 3221 2895 3288 haaresiarches,
2927 3222 3020 3276 tali
3055 3222 3340 3276 adversum
3367 3237 3469 3278 nos
3500 3222 3605 3278 sub
3638 3241 3725 3277 oe-

2152 3312 2377 3368 casione
2418 3315 2706 3383 prmscntis
2750 3313 3046 3369 testimonii
3104 3329 3238 3368 usus
3290 3324 3376 3371 est
3435 3330 3729 3386 argumeud

2157 3413 2250 3469 to,
2297 3415 2411 3459 etc.
2452 3422 2471 3456 ι
2506 3405 2619 3461 lloc
2671 3407 2985 3461 testimonio
3028 3408 3293 3462 adductus
3343 3408 3727 3464 'l‘illemontius

2151 3496 2440 3551 Tatianum
2492 3499 2559 3553 de
2612 3499 2821 3555 Christi
2879 3516 3044 3556 carne
3096 3501 3237 3555 idem
3288 3516 3352 3557 ac
3393 3501 3726 3558 Mareionem

2153 3587 2409 3642 docuisse
2448 3590 2747 3645 existimat.
2782 3590 2889 3647 Sed
2923 3602 3107 3647 monet
3138 3608 3235 3648 nos
3264 3595 3515 3650 eruditus
3557 3597 3733 3650 editor

2149 3694 2374 3746 operum
2414 3680 2473 3736 S.
2507 3682 2823 3754 Hieronymi
2848 3686 3247 3755 inperantiquo
3294 3688 3485 3742 codice
3512 3688 3733 3743 Clunia~

2150 3774 2338 3837 censi,
2366 3784 2423 3829 et
2449 3775 2504 3828 in
2538 3776 2729 3830 codice
2777 3778 2927 3847 regio
2969 3777 3131 3844 5758,
3164 3795 3268 3832 non
3302 3780 3591 3835 Tatianum
3630 3784 3733 3852 legi

2150 3867 2247 3920 sed
2274 3866 2621 3921 Cassianum.
2655 3869 2920 3937 Equidem
2956 3870 3116 3923 valde
3164 3871 3510 3939 probaverim
3554 3888 3735 3939 asser-

2150 3970 2329 4016 vatam
2375 3963 2460 4016 his
2494 3963 2548 4015 in
2583 3961 2868 4018 codicibus
2922 3962 3238 4019 lectionem.
3287 3964 3475 4020 Facile
3526 3965 3636 4020 fuit
3684 3977 3734 4019 ct

2151 4053 2414 4122 proclive,
2446 4063 2508 4108 ut
2538 4070 2637 4123 pro
2668 4054 2961 4122 Cassiano,
2991 4058 3080 4126 qui
3120 4056 3208 4109 vix
3240 4057 3496 4126 cuiquam
3531 4071 3733 4128 praeter

2149 4146 2481 4200 Clementem
2524 4146 2984 4216 Alexandrinum,
3036 4151 3279 4221 cognitus
3336 4148 3474 4217 fuit,
3532 4168 3731 4216 nomen

2151 4237 2370 4293 Tatiani
2431 4239 2595 4311 longe
2642 4240 3061 4297 celeberrimum
3106 4242 3418 4311 obreperet.
3460 4243 3534 4298 At
3561 4246 3737 4299 multo

2150 4328 2426 4385 dilﬁcilius
2460 4339 2520 4386 ut
2566 4346 2664 4402 pro
2694 4330 2924 4387 Tatiano
2953 4334 3273 4388 Cassianum
3312 4333 3525 4389 librarii
3563 4351 3735 4405 pone-

2149 4433 2292 4479 rent.
2324 4423 2495 4479 Porro
2542 4426 2598 4479 in
2629 4424 2952 4482 Cassianum
2995 4425 3200 4495 optime
3235 4426 3495 4480 convenit
3539 4426 3741 4481 Hiero-

2077 4524 2124 4586 υ
2152 4517 2298 4586 nymi
2335 4517 2728 4572 testimonium.
2762 4516 2810 4571 Is
2852 4522 2919 4570 de
2961 4515 3308 4570 matrimonio
3342 4516 3486 4571 idem
3532 4520 3741 4573 sentie—

2150 4612 2245 4666 bat
2305 4625 2369 4665 ac
2420 4608 2718 4675 Tatiauus,
2770 4618 2830 4662 ut
2875 4610 3078 4663 diserte
3145 4616 3378 4662 testatur
3434 4608 3736 4673 Clemens,

2150 4702 2359 4760 Strom.
2430 4717 2514 4765 tu,
2554 4715 2677 4771 pag.
2711 4700 2835 4755 465.
2866 4701 3045 4767 Quare
3078 4716 3181 4755 non
3228 4700 3507 4756 immerito
3547 4705 3736 4756 vocari

2148 4794 2329 4860 petuit
2366 4792 2770 4845 Encratitarum
2814 4792 2899 4847 vel
2950 4793 3253 4846 acerrimus
3305 4791 3736 4847 haeresiarchcs.

2148 4882 2418 4938 Praeterea
2456 4885 2653 4938 ibidem
2688 4884 3032 4951 Docetarum,
3066 4885 3117 4939 id
3144 4894 3227 4939 est
3257 4899 3474 4947 eorum,
3509 4887 3608 4956 qui
3643 4903 3743 4956 pu-

2151 4978 2375 5031 tativam
2417 4977 2622 5031 Christi
2663 4992 2882 5032 carnem
2916 4976 3211 5047 ﬁngebant,
3252 4977 3514 5047 princeps
3554 4994 3588 5033 a
3620 4982 3743 5034 Cle-

2147 5078 2329 5123 mente
2374 5068 2705 5138 appellatur,
2752 5069 2782 5121 ὀ
2823 5068 2919 5139 τῆς
2952 5068 3225 5139 δοκήσεως
3262 5065 3535 5138 ἐξάρχων.
3579 5072 3741 5137 Quod

2144 5159 2364 5229 quidem
2416 5161 2484 5213 de
2546 5159 2749 5214 Christi
2801 5174 2965 5213 carne
3028 5154 3393 5213 commentum
3455 5160 3609 5216 illius
3675 5167 3742 5217 de

2146 5251 2334 5305 mundi
2355 5253 2633 5307 creatione
2662 5252 2901 5321 Opinioui
2937 5268 3278 5323 consequens
3314 5262 3456 5308 erat.
3495 5252 3742 5309 Dicebat

2143 5345 2291 5399 enim
2340 5344 2638 5399 Cassianus
2687 5345 2740 5399 in
2786 5345 2926 5400 libro
2978 5346 3050 5400 De
3097 5345 3424 5400 continentia
3460 5358 3480 5397 :
3514 5345 3588 5398 Εἰ
3624 5348 3742 5416 γὰρ

2128 5433 2197 5509 ἦν
2235 5436 2386 5509 παρὰ
2414 5436 2548 5489 Θεοῦ
2576 5438 2656 5499 εἰς
2688 5436 2747 5489 ὃν
2781 5436 3084 5507 σπεύδομεν
3111 5440 3144 5508 ἡ
3174 5435 3400 5507 τοιαύτη
3432 5436 3747 5512 διασκευὴ,

2131 5529 2229 5582 οὐκ
2270 5529 2337 5583 ἂν
2380 5529 2685 5601 ἐμακάρισε
2743 5528 2869 5591 τοὺς
2899 5528 3205 5599 εὐνούχους.
3238 5545 3257 5580 ι
3301 5527 3357 5581 Si
3391 5528 3462 5582 ab
3490 5546 3562 5583 en
3594 5532 3747 5600 Deo,

2134 5624 2201 5679 ad
2228 5634 2390 5694 quem
2429 5624 2729 5690 tendimus,
2755 5634 2902 5680 esset
2934 5622 3051 5681 hac
3083 5624 3331 5693 corporis
3358 5627 3741 5697 Constitutie,

529 5792 573 5825 '°
610 5792 743 5848 Gen.
778 5807 817 5859 t,
849 5792 902 5849 5.
979 5792 1021 5825 ⁸⁷
1046 5792 1231 5847 Amos.
1264 5806 1323 5860 ll,
1354 5790 1411 5848 8.
1483 5792 1526 5823 ⁸⁸
1556 5789 1782 5860 Strom.,
1817 5807 1898 5861 ut,
1933 5808 1985 5861 p.
2015 5791 2139 5846 663.
