3792 6488
101 441 206 497 {69

1130 437 1189 494 ὓ,
1232 437 1494 493 MARAM
1522 435 1911 494 ΡΒᾹΞΕΛΤΙΟ.
1948 468 2016 475 -
2055 433 2237 489 PARS
2268 434 2356 488 Ill.

1948 286 1997 337 κλί

3254 434 3354 486 170

98 549 210 588 non
236 544 373 587 sane
403 528 621 589 heasset
642 532 945 587 eunuchos.
978 549 998 583 ι
1027 529 1105 586 Ex
1137 535 1337 602 quibus
1367 544 1515 603 patet
1540 534 1657 588 Cas-

1776 531 1949 602 Ἀδὰμ
1983 533 2043 584 οὐ
2069 529 2317 595 σώζεται,
2352 530 2413 583 τὸ
2433 530 2680 601 φύραμα,
2706 530 2825 583 οὑδὲ
2849 548 2901 583 τι
2922 531 3014 584 τοῦ
3035 531 3355 600 φυράματος

95 624 313 677 sianum
343 638 478 688 non,
508 632 570 677 ut
594 622 967 685 Valentinum,
995 624 1179 678 omnia
1218 640 1249 677 a
1289 638 1417 677 vero
1446 625 1553 678 Deo
1584 639 1678 691 per

98 712 457 783 Demiurgum
499 722 683 768 creata
711 713 976 776 sensisse,
1011 713 1106 767 sed
1137 713 1318 783 plane,
1359 724 1418 768 ut
1446 714 1675 767 Marcio-

99 818 248 867 nem,
280 818 417 859 vero
444 804 557 858 Deo
594 803 931 857 creationem
976 803 1187 867 rutundi,
1226 811 1321 856 aut
1348 803 1539 857 saltem
1580 804 1678 856 Int-

96 895 248 948 mani
287 894 541 963 corporis
560 894 922 962 abjudicasse.
952 893 1062 949 Nec
1085 894 1313 964 proinde
1344 894 1541 949 mirum
1566 902 1673 958 est,

98 987 143 1040 si
181 986 388 1040 nullam
429 1002 652 1057 prorsus
687 1002 909 1041 carnem
958 987 1179 1042 Christo
1214 986 1575 1056 relinquebat.
1608 988 1677 1041 At

98 1076 373 1131 Tatianus
403 1078 456 1132 in
481 1078 568 1133 his
598 1092 716 1149 qum
748 1077 816 1132 ad
840 1079 1170 1134 creationem
1198 1088 1469 1147 spectant.
1526 1088 1675 1133 totus

90 1182 176 1225 est
210 1170 658 1233 Valentinianus;
694 1185 793 1224 nec
818 1171 1107 1240 quisquam
1142 1170 1209 1224 de
1252 1170 1457 1225 Christi
1507 1186 1674 1226 carne

92 1264 235 1316 idem
262 1262 419 1315 illum
457 1277 522 1317 ac
555 1260 888 1316 Marcionem
927 1263 1165 1318 sensisse
1191 1262 1462 1332 perhibet.
1495 1265 1671 1319 Accu-

88 1363 212 1407 rate
243 1353 515 1423 colligunt
568 1352 802 1405 Irenaeus
849 1360 904 1405 et
937 1351 1192 1423 Clemens
1238 1361 1293 1407 et
1339 1353 1674 1421 Epiphanius

87 1445 222 1514 quid
253 1443 667 1522 Valentipianis
691 1442 921 1498 somniis
958 1422 1062 1498 suo
1100 1454 1277 1497 marte
1303 1444 1670 1513 excogitatum

91 1537 395 1601 addiderit,
423 1536 555 1606 quid
607 1551 673 1591 ex
728 1535 955 1587 Saturni
1005 1544 1058 1588 et
1098 1533 1389 1590 Marcionis
1429 1535 1673 1590 fontibus

90 1628 453 1681 derivaverit.
488 1627 561 1680 At
599 1625 736 1679 nihil
772 1625 927 1695 prius
969 1634 1063 1677 aut
1115 1626 1295 1695 potius
1338 1643 1673 1682 commemo-

89 1717 202 1770 rari
242 1718 455 1783 debuit,
487 1732 651 1785 quam
696 1716 811 1770 haec
848 1716 915 1769 de
960 1715 1161 1771 Christi
1197 1733 1364 1771 carne
1389 1720 1595 1788 opinio,
1625 1722 1669 1774 si

89 1806 252 1860 modo
287 1807 339 1859 ei
370 1806 699 1874 astipulatus
722 1817 809 1859 est
839 1802 1122 1860 Tatianus.
1155 1806 1467 1872 Quinetiam
1502 1809 1670 1863 Doce-

1783 622 2033 688 σώζεται.
2069 640 2087 673 ι
2127 623 2183 677 Si
2216 624 2457 677 Adamus
2482 623 2709 676 salutem
2741 623 2963 674 minime
2989 632 3071 674 est
3102 621 3352 688 adeptus,

1780 717 1883 771 hoc
1914 726 1997 769 est
2024 715 2139 784 ipsa
2166 714 2565 784 quodammodo
2599 714 2811 784 generis
2845 729 3054 778 massa;
3104 728 3203 766 nec
3247 712 3351 766 ulla

1781 811 1946 877 hujus
1978 824 2170 863 massa:
2201 808 2471 879 particula
2497 808 2706 862 servari
2752 809 2966 875 poterit.
3019 827 3039 860 ι
3086 804 3186 860 Vix
3222 820 3355 860 sane

1778 901 2073 970 quidquam
2100 899 2316 969 reperio
2336 901 2478 967 quod
2500 897 2789 951 Tatianum
2821 900 2886 951 ad
2923 899 3033 951 haec
3055 896 3352 962 ell'utienda

1780 992 2076 1061 impulerit,
2130 1001 2327 1061 prmter
2365 991 2604 1059 ineptum
2646 990 2905 1046 novitatis
2943 989 3253 1057 aucupium,
3296 996 3354 1040 ut

1778 1085 2117 1138 existimavit
2149 1082 2409 1138 tremens.
2439 1080 2572 1135 Nam
2602 1080 2964 1135 Valentiniani
3008 1088 3061 1133 et
3092 1077 3183 1131 alii
3215 1092 3355 1145 pene

1776 1189 1968 1230 omnes
2015 1175 2287 1241 Guostici,
2326 1190 2449 1230 cum
2487 1175 2735 1243 sophiam
2788 1189 2941 1226 suam
2986 1173 3195 1224 Adamo
3246 1170 3351 1223 De—

1778 1266 1971 1335 ntiurgi
2006 1265 2259 1319 manibus
2285 1266 2521 1320 formato
2559 1280 2746 1320 semen
2788 1262 3072 1332 spirituale
3105 1263 3349 1315 dicerent

1777 1358 2063 1425 iniecisse,
2116 1373 2348 1427 cutnque
2382 1359 2651 1412 neminem
2692 1357 2793 1411 hoc
2844 1355 3052 1409 semine
3091 1364 3346 1409 ornatum

1775 1448 2063 1504 sanctitate
2120 1457 2174 1504 et
2228 1449 2401 1504 salute
2447 1448 2702 1502 escidere
2743 1461 2902 1516 posse
2964 1454 3344 1510 autumarent,

1778 1540 2159 1594 necessitatem
2199 1539 2304 1594 sibi
2351 1539 2708 1608 itnponcllant
2746 1538 3111 1608 agnoscenda:
3151 1536 3343 1590 Adatui

1773 1631 1989 1685 salutis.
2024 1626 2294 1685 Praeterea
2340 1630 2456 1700 ipse
2498 1629 2791 1693 Tatianus,
2832 1639 2888 1682 ut
2930 1631 3183 1684 observat
3222 1628 3347 1695 Epi-

1774 1727 2030 1796 phanius,
2062 1743 2171 1795 quo
2204 1726 2377 1795 magis
2408 1725 2627 1795 nuptias
2653 1725 2865 1785 oderat,
2901 1740 2967 1777 eo
2998 1724 3048 1777 in
3078 1724 3344 1778 Adamum

1775 1817 1890 1870 sine
1916 1817 2122 1882 nuptiis
2154 1825 2402 1872 creatum
2444 1815 2652 1884 aequior
2682 1828 2804 1867 esse
2830 1814 3035 1869 debuit.

91 1907 271 1950 larum
310 1909 459 1952 sec“!
493 1898 561 1952 ab
608 1899 900 1952 Encratitis
943 1898 1152 1953 secerni
1184 1915 1291 1952 non
1326 1900 1533 1965 debuit,
1573 1904 1667 1956 sed
1700 1892 1742 1947 Β
1846 1908 2069 1962 Videtur
2121 1920 2300 1962 tamen
2346 1909 2510 1976 impia
2572 1907 2640 1960 de
2692 1906 3040 1959 matrimonio
3074 1908 3342 1959 sententia

90 2003 197 2042 uua
227 1998 284 2042 et
313 1989 507 2043 eadem
548 1989 876 2053 existimari,
910 1989 1139 2057 ejusque
1188 1991 1524 2061 principatus
1557 2009 1663 2047 non

87 2080 356 2134 Cassiano
384 2080 711 2135 deferendos
759 2089 900 2145 erat,
948 2091 1008 2136 ut
1056 2081 1261 2135 factum
1309 2099 1340 2136 a
1387 2085 1670 2140 Clemente

88 2172 351 2237 vidimus,
418 2174 514 2227 sed
567 2172 825 2240 Tatiano,
875 2190 1035 2243 quem
1086 2177 1442 2231 celebriorem
1503 2178 1669 2233 fuisse

93 2274 339 2326 constat,
366 2266 733 2335 antiquiorem
768 2283 874 2321 non
907 2269 1142 2323 obscure
1169 2270 1371 2323 indicat
1391 2269 1665 2333 Clemens,

90 2355 216 2407 dum
244 2368 373 2407 eum
399 2365 529 2409 ante
562 2355 883 2411 Cassianum
932 2366 1201 2421 recenset,
1248 2358 1408 2426 eique
1452 2358 1667 2413 Cassia-

88 2461 219 2499 num
272 2448 345 2501 de
392 2446 743 2501 matrimonio
784 2447 1026 2501 declarat
1074 2449 1359 2502 assentiri.
1404 2448 1666 2503 Videntur

87 2554 217 2608 ergo
248 2539 467 2594 librarii
508 2539 715 2608 aliquid
765 2539 1009 2593 vulneris
1054 2540 1248 2593 fecisse
1298 2540 1426 2593 huic
1468 2540 1662 2594 tliero-

89 2631 231 2700 nymi
262 2632 417 2695 loco;
452 2639 618 2699 atque
647 2630 859 2683 etiamsi
888 2631 1096 2699 integer
1117 2631 1485 2692 existimetur,
1518 2631 1662 2685 haud

89 2731 270 2775 tamen
304 2722 425 2775 scio
454 2736 521 2774 an
556 2722 736 2774 minus
761 2721 863 2774 hac
898 2723 949 2774 in
978 2736 1035 2775 re
1060 2720 1392 2791 Hieronymo
1417 2722 1662 2776 tribuen-

92 2816 212 2867 dum
250 2814 344 2875 sit,
372 2827 536 2881 qnam
585 2812 709 2866 aliis
755 2812 1013 2867 l‘atribus
1050 2828 1156 2867 non
1192 2814 1350 2868 modo
1388 2813 1533 2868 hunc
1560 2813 1661 2867 Ta-

93 2907 222 2961 tiani
277 2921 527 2960 errorem
578 2908 919 2970 tacentibus,
963 2922 1123 2976 quem
1187 2917 1364 2961 tamen
1424 2908 1662 2961 maxime

90 3013 523 3054 eotnmemorare
552 2999 879 3064 debuerant,
919 2999 1013 3053 sed
1054 3000 1220 3053 etiam
1258 2998 1328 3052 ab
1351 2998 1661 3053 Encratita-

91 3105 203 3145 nun
233 3092 434 3145 haaresi
467 3091 696 3145 Docetas
722 3091 1216 3159 distinguentibus,
1256 3101 1311 3145 et
1340 3093 1495 3147 alteri
1525 3092 1655 3148 Cas-

90 3182 323 3259 sianum,
351 3182 516 3237 alteri
548 3182 836 3236 Tatianum
867 3183 1059 3238 ducem
1090 3194 1145 3239 et
1172 3184 1489 3253 signiferum
1521 3186 1661 3240 assio

88 3275 395 3342 gnantibus.

152 3363 258 3418 Sed
287 3361 435 3417 forte
460 3363 755 3433 quominus
772 3364 1021 3419 Cassiani
1042 3378 1241 3419 nomen
1261 3362 1494 3419 Tatiano
1519 3366 1660 3436 apud

85 3453 478 3524 ﬂieranymum
529 3454 955 3521 substituamus,
999 3455 1287 3524 obiicietur
1319 3457 1529 3511 Tatiani
1577 3456 1659 3510 l‘a-

85 3545 258 3609 cinus,
296 3545 389 3613 qui
435 3560 498 3599 ex
544 3545 839 3615 Evangelio
876 3547 1179 3615 amputavit
1219 3546 1566 3617 genealogias
1606 3556 1662 3601 et

83 3636 181 3688 alia
206 3636 416 3702 omnia,
458 3653 575 3706 qua:
610 3636 890 3694 Dominum
911 3678 927 3703 ,
970 3646 1029 3692 ut
1053 3638 1131 3691 ait
1165 3638 1561 3703 Theodoretus,
1595 3653 1661 3692 ea:

80 3732 271 3782 semine
328 3728 500 3781 David
543 3731 825 3783 secundum
867 3745 1081 3786 carnem
1129 3739 1313 3783 nutum
1354 3730 1655 3784 ostendunt.

78 3823 146 3874 At
177 3835 412 3875 necesse
438 3837 544 3873 non
570 3831 653 3874 est
675 3822 743 3875 ad
775 3821 1176 3890 phantasticam
1206 3836 1425 3875 carnem
1466 3822 1659 3874 confu-

79 3928 223 3983 gere,
258 3922 320 3967 ut
354 3915 457 3966 hoc
482 3912 696 3965 Tatiani
735 3913 918 3968 scelus
950 3912 1306 3981 implicemus.
1348 3912 1498 3966 Satis
1538 3927 1657 3964 ma-

80 4022 210 4076 gnos
253 4006 334 4059 illi
369 4006 625 4060 stimulos
653 4008 719 4060 ad
758 4007 809 4060 id
839 4008 1145 4061 audendum
1183 4008 1453 4076 subjicae
1484 4007 1658 4076 putuit

87 4098 591 4152 \‘alentinianoruut
634 4096 895 4163 hmresis,
945 4113 1064 4166 qua:
1092 4098 1367 4152 Christum
1418 4098 1551 4151 nihil
1590 4112 1655 4150 ex

80 4190 242 4244 Maria
269 4191 603 4258 sumpsisse,
636 4192 730 4245 sed
754 4205 979 4249 carnem
1027 4188 1245 4243 aliunde
1287 4188 1567 4252 habuisse,
1604 4196 1660 4242 et

78 4298 171 4352 per
209 4282 448 4337 “ariam
474 4282 642 4336 veluti
676 4297 772 4352 per
800 4281 1050 4337 canalem
1087 4280 1315 4334 docebat
1350 4280 1654 4333 transisse.

142 4376 237 4431 IV.
270 4375 573 4431 Videbatur
621 4374 724 4427 sibi
768 4372 1036 4427 'l‘atianus
1086 4386 1189 4425 non
1220 4370 1448 4425 multum
1486 4370 1659 4424 laudis

80 4476 301 4541 mereri,
338 4472 614 4540 adjunctis
640 4473 707 4525 ad
754 4485 885 4525 usus
919 4483 1049 4524 suos
1077 4465 1360 4522 Saturnini
1385 4473 1439 4520 et
1467 4465 1659 4519 Valen-

1774 1998 1921 2050 illtnn
1975 1998 2267 2051 adduxisse
2311 2006 2370 2050 ut
2423 1997 2666 2064 iniquum
2704 2008 2762 2047 se
2802 1996 3009 2047 Adamo
3048 1994 3341 2061 praeberet.

1769 2091 1903 2143 Nam
1944 2090 2347 2143 obtrectatores
2400 2087 2766 2150 matrimonii,
2837 2095 2893 2137 ut
2944 2095 3182 2139 testatur
3225 2084 3331 2138 Cle-

1772 2194 1927 2232 mens
1954 2178 2133 2238 Alex..
2165 2178 2386 2244 Strom.,
2410 2192 2493 2241 ιιι,
2527 2193 2582 2247 p.
2614 2176 2741 2239 470,
2774 2186 2989 2243 gustum
3028 2174 3156 2244 ligni
3192 2177 3322 2228 velit

1771 2270 2277 2340 interpretabantur
2323 2286 2478 2324 usum
2512 2269 2868 2331 matrimonii,
2912 2284 3072 2337 quem
3109 2283 3137 2319 a
3173 2267 3333 2322 Crea~

1771 2371 1891 2417 tore
1969 2364 2191 2417 vetitum
2254 2362 2545 2433 hugehant.
2619 2360 2773 2416 Unde
2840 2361 3170 2413 matrimonii
3235 2376 3337 2412 non

1765 2454 2100 2519 Creatorem,
2153 2454 2248 2509 sed
2287 2454 2583 2517 diabolum,
2632 2455 2722 2522 qui
2761 2452 3027 2506 Adamum
3073 2460 3129 2505 et
3172 2448 3337 2503 Evam

1767 2546 2101 2613 pellexerat,
2152 2556 2433 2599 auctorem
2500 2542 2773 2597 dicebant.
2834 2539 2939 2595 Sed
3009 2550 3190 2594 tamen
3230 2540 3333 2593 etsi

1764 2639 2004 2691 Adamus
2048 2645 2375 2707 praeceptum
2421 2634 2700 2689 Creatoris
2748 2634 3086 2698 violaverat,
3139 2631 3190 2686 id
3240 2634 3339 2685 ob-

1764 2737 1911 2782 stare
1956 2744 2061 2781 non
2093 2726 2326 2781 debebat
2372 2726 2665 2795 quominus
2704 2740 2828 2779 eum
2859 2725 3134 2787 Christus,
3158 2722 3335 2791 longe,

1764 2832 1823 2876 ut
1855 2832 2149 2892 nugatores
2195 2821 2267 2875 ilii
2314 2822 2588 2884 dicebant,
2627 2819 2901 2888 potentior
2928 2818 3302 2881 Creatore,cri

1764 2921 1936 2981 peret.
1972 2912 2040 2965 At
2070 2911 2399 2965 matrimonii
2432 2912 2811 2965 odio'videtur
2834 2908 3096 2962 Tatianus
3131 2909 3182 2962 in
3222 2926 3339 2959 tua-

1763 3005 2005 3059 trimonii
2044 3005 2392 3073 increptorem
2434 3004 2585 3056 virus
2620 3018 2777 3056 suum
2822 3017 3016 3055 evouiu
3044 3016 3152 3066 sse,
3183 3016 3337 3055 emn-

1762 3112 1869 3166 que
1895 3112 1924 3148 a
1960 3096 2177 3151 Christo
2201 3095 2422 3148 minime
2446 3094 2754 3156 liberatum,
2779 3094 2874 3148 sed
2908 3093 3030 3146 irati
3057 3092 3334 3145 Creatoris

1758 3186 1967 3257 judicio
2003 3186 2301 3257 (nemiuem
2354 3187 2498 3240 enim
2548 3202 2578 3239 a
2626 3187 2848 3240 Christo
2893 3184 3137 3239 danmari
3182 3184 3332 3238 dice.-

1764 3279 1915 3349 bant)
1950 3280 2194 3333 relictum
2227 3279 2468 3333 litixisse.

1832 3374 1990 3441 Apud
2009 3371 2406 3427 Tertullianum
2436 3370 2491 3424 in
2522 3370 2638 3423 loco
2654 3369 2765 3440 jam
2791 3370 2957 3424 citato
2986 3368 3233 3425 docuisse
3251 3370 3334 3423 di-

1762 3465 1902 3520 citur
1932 3463 2191 3519 Tatiauus
2203 3464 2372 3516 Adam
2395 3478 2488 3517 nec
2506 3464 2731 3515 salutem
2756 3461 2999 3533 consequi
3026 3476 3209 3530 posse;
3238 3463 3332 3515 sed

1762 3558 1815 3613 id
1843 3557 2032 3612 eodem
2061 3556 2198 3609 redit
2227 3570 2290 3610 ac
2309 3554 2455 3624 quod
2478 3555 2545 3608 de
2562 3554 2791 3608 Tatiano
2807 3553 2897 3607 alii
2922 3555 3218 3622 scriptores
3247 3554 3332 3606 dic

1762 3657 1981 3703 xerunt.
2024 3647 2211 3701 Posito
2252 3648 2396 3701 enim
2451 3646 2706 3714 injectum
2745 3661 2851 3698 non
2912 3646 3079 3699 fuisse
3127 3644 3334 3698 Adaino

1761 3738 2196 3794 commentitimn
2243 3737 2371 3789 illud
2404 3749 2590 3790 semen
2630 3734 2934 3804 spirituale,
2977 3735 3120 3805 quod
3150 3735 3331 3788 Acha-

1763 3832 1943 3897 moth,
2000 3831 2115 3883 sive
2144 3828 2424 3897 Sapientia
2451 3866 2468 3892 ,
2522 3828 2807 3881 animabus
2836 3828 3133 3881 electorum
3191 3828 3329 3881 clam

1758 3921 2019 3976 Creatore
2082 3920 2398 3988 iujiciebat;
2467 3936 2572 3975 nou
2621 3918 2740 3989 jam
2805 3919 3038 3974 salutem
3091 3921 3334 3974 Adamus

1760 4011 1976 4078 assequi
2008 4019 2241 4078 poterat.

1836 4100 1896 4157 γ.
1934 4100 2147 4156 Tatiani
2184 4109 2490 4155 sectatores
2520 4099 2866 4169 appellantur
2890 4099 3103 4153 Tatiani
3135 4111 3190 4152 et
3222 4099 3331 4151 Ta-

1763 4196 2000 4261 tianitas,
2055 4193 2383 4257 Eucratitze,
2440 4194 2759 4259 beveriaui,
2814 4191 3329 4263 Hydroparastatae,

1760 4286 2106 4353 Apotactitaa,
2155 4283 2510 4351 Saccophori,
2540 4283 2861 4352 Apostolici,
2914 4284 3111 4351 quibus
3156 4288 3333 4336 nomio

1762 4377 1920 4430 nibus
1957 4378 2152 4444 partim
2199 4376 2312 4443 ipsa
2362 4373 2578 4427 Tatiani
2626 4386 2807 4437 secta,
2867 4375 3063 4441 partim
3112 4373 3233 4427 alia:
3264 4390 3329 4425 rx

1763 4468 1866 4523 ista
1902 4470 2103 4524 avulsa:
2134 4470 2510 4539 designantur.
2556 4465 2815 4520 Distinxit
2852 4466 3188 4537 Epiphanius
3222 4467 3328 4520 'l‘a-

82 4567 175 4620 tini
212 4565 586 4627 commentis,
629 4562 730 4615 nisi
782 4561 946 4615 etiam
993 4558 1197 4629 aliquid
1230 4566 1465 4627 pareret,
1512 4554 1655 4624 quod
1687 4585 1731 4639 υ
1766 4562 1941 4614 tianos
1979 4578 2005 4613 a
2049 4561 2358 4615 Severiauis
2395 4572 2451 4616 et
2495 4560 2825 4621 Encratitis,
2863 4574 2928 4612 ac
2975 4557 3329 4612 Severianum

82 4674 279 4712 nevnm
310 4672 377 4710 ac
405 4656 623 4724 proprie
646 4668 804 4707 suum
828 4653 1128 4706 videretur.
1157 4649 1345 4718 Itaque
1373 4658 1431 4700 nt
1460 4660 1655 4701 nomen

82 4765 233 4803 Suum
276 4747 521 4816 posteris
567 4744 1008 4810 commendaret,
1058 4742 1286 4796 salutem
1337 4739 1529 4794 Adami
1566 4753 1657 4793 ne-

84 4843 244 4909 gavit,
273 4840 423 4909 quod
459 4848 586 4891 ante
631 4837 780 4889 illum
815 4837 1015 4890 netnini
1058 4836 1110 4889 in
1145 4842 1379 4888 mentem
1413 4840 1653 4884 venerat.

84 4934 229 4987 lluuc
275 4932 425 4985 illius
449 4944 723 4994 errorem,
756 4936 815 4982 ut
852 4928 1213 4997 impietatem,
1251 4925 1503 4980 detestati
1534 4932 1660 4978 sunt

81 5026 334 5092 lreuzus,
354 5022 752 5087 Tertullianus,
787 5020 1142 5091 Epiphanius,
1172 5017 1522 5079 Philastrius,
1551 5018 1657 5068 Au-

82 5122 323 5188 gustiltus
344 5128 403 5173 et
417 5114 810 5169 Theodorctus.
832 5113 923 5168 Sic
951 5122 1133 5166 autem
1160 5108 1357 5164 refellit
1383 5112 1521 5164 hanc
1546 5109 1656 5162 ba:-

86 5214 237 5265 resim
279 5210 542 5273 lrenzeus,
578 5208 672 5259 lib.
713 5221 798 5269 tu,
832 5220 887 5261 e.~
920 5202 1014 5268 25,
1054 5210 1114 5257 ut
1148 5214 1372 5257 caeteros
1404 5201 1657 5255 homines

84 5302 312 5367 salvari,
353 5302 403 5355 si
447 5300 620 5354 Adam
676 5312 785 5351 non
832 5296 1071 5349 saIVatus
1117 5294 1224 5355 sit,
1276 5307 1340 5347 ac
1386 5291 1659 5346 diabolum

84 5402 293 5456 Christo
324 5400 534 5454 victum
579 5405 634 5452 et
686 5402 1005 5463 superatum
1046 5399 1246 5459 neget,
1295 5390 1340 5445 si
1381 5390 1458 5455 is,
1497 5404 1658 5458 quem

87 5495 319 5549 diabolus
357 5493 591 5553 vicerat,
620 5500 674 5543 et
700 5489 752 5542 iu
778 5488 992 5541 vincula
1020 5484 1355 5555 coniecerat,
1387 5498 1415 5535 a
1442 5482 1659 5536 Christo

86 5602 181 5640 non
206 5588 286 5642 sit
328 5592 557 5651 ereptus
596 5596 664 5635 ex
720 5580 836 5647 ejus
883 5580 1131 5633 manibus
1160 5586 1214 5630 et
1256 5575 1308 5629 in
1349 5573 1656 5627 libertatem

88 5682 405 5735 vindicatus.
439 5677 534 5731 Sic
570 5676 739 5729 etiam
777 5671 1143 5727 Tertullianus
1173 5669 1227 5722 iu
1254 5667 1393 5721 libro
1416 5665 1492 5719 De
1514 5679 1656 5726 prce-

85 5791 215 5839 mu,
256 5788 380 5841 cap.
414 5768 509 5834 52,
553 5767 795 5821 radicem
845 5764 1051 5821 salvam
1105 5776 1227 5817 esse
1270 5758 1570 5822 contendit,
1609 5754 1656 5810 si

88 5868 211 5921 rami
234 5864 372 5920 salvi
403 5863 557 5913 liunt.
593 5856 658 5911 Et
685 5857 1037 5925 Epiphanius.
1072 5856 1263 5909 Inercs.
1293 5852 1395 5905 46:
1422 5848 1528 5902 Καὶ
1553 5849 1599 5901 εἰ
1623 5849 1650 5901 ὁ

347 5957 629 6018 Parum"
662 5952 777 6011 Gn.
812 5950 915 6011 Vl.

1759 4652 2012 4718 Tatiano,
2041 4642 2324 4705 Tatianum
2355 4652 2649 4707 Encratitis
2678 4650 2986 4719 praelusisse
3011 4659 3215 4705 censet.
3263 4654 3334 4705 At

1757 4743 2013 4809 lrenaeus,
2050 4742 2322 4808 Clemens,
2348 4742 2617 4798 Eusebius
2645 4752 2701 4797 et
2722 4741 3095 4796 Theodoretus
3126 4740 3331 4794 Encra—

1761 4840 1981 4889 titarum
2017 4847 2178 4890 secta:
2206 4846 2488 4904 parentem
2514 4844 2570 4890 et
2623 4847 2898 4889 auctorem
2935 4834 3218 4888 Tatianum
3251 4837 3334 4886 di-

1762 4939 1983 4985 xerunt.
2034 4927 2201 4982 Addit
2232 4922 2516 4982 Eusebius
2563 4944 2667 4981 non
2709 4926 2876 4980 multo
2921 4935 3039 4996 post
3083 4927 3330 4980 Severum

1758 5018 2071 5086 quemdam,
2113 5032 2233 5070 cum
2289 5018 2608 5083 supradicta:
2654 5020 2843 5071 haeresi
2897 5018 3057 5069 robur
3092 5035 3153 5069 ac
3199 5017 3329 5069 rites

1758 5112 2069 5175 addidisset,
2109 5111 2161 5162 iu
2204 5126 2365 5163 causa
2399 5107 2585 5179 fuisse,
2615 5126 2711 5163 cur
2744 5111 2887 5164 illius
2917 5121 3069 5164 secta:
3098 5109 3329 5163 homines

1758 5219 1823 5257 ex
1865 5203 2034 5269 ipsius
2069 5200 2322 5254 vocabulo
2364 5200 2635 5255 Seueriani
2665 5203 2986 5256 dicerentur.
3030 5201 3159 5254 Late
3201 5216 3329 5267 ergo

1760 5294 2001 5349 manavit
2048 5294 2271 5347 haeresis
2310 5290 2560 5359 Tatiani;
2608 5309 2709 5347 nec
2750 5310 2868 5349 eam
2912 5298 3108 5347 merito
3137 5291 3330 5343 Antio-

1761 5387 1896 5441 chia:
1925 5396 1981 5442 et
2019 5385 2224 5441 Ciliciae
2268 5396 2323 5438 et
2354 5384 2566 5438 Pisidia:
2600 5384 2802 5438 ﬁnibus
2835 5392 3053 5439 coercet
3090 5380 3328 5449 Epipha-

1761 5478 1904 5545 nius,
1949 5493 2070 5533 cum
2115 5479 2432 5543 Encratitze,
2484 5479 2602 5547 ipso
2637 5475 2861 5540 fatente,
2900 5489 3005 5527 non
3051 5474 3228 5524 solum
3278 5473 3329 5524 in

1760 5568 1846 5624 his
1892 5568 2241 5641 regionibus,
2287 5569 2382 5622 sed
2425 5568 2585 5620 etiam
2632 5568 2682 5619 in
2724 5564 2960 5633 Phrygia
2998 5561 3233 5629 adusta,
3278 5564 3330 5614 in

1761 5660 1986 5726 Isauria,
2021 5658 2335 5729 Pamphylia
2391 5667 2445 5712 et
2480 5655 2691 5712 Galatia
2727 5667 2891 5725 atque
2936 5657 3103 5708 etiam
3143 5653 3195 5707 in
3224 5653 3332 5706 lto-

1761 5766 1924 5806 mano
1954 5761 2125 5803 tractu
2152 5749 2431 5818 propagati
2481 5748 2705 5801 fuerint.
2737 5746 3019 5800 Adductus
3049 5754 3130 5799 est
3161 5744 3329 5798 etiam

1762 5842 2095 5914 Epiphanius
2128 5842 2224 5895 hac
2257 5838 2650 5895 Tatianitarum
2699 5849 2753 5891 et
2793 5837 3193 5892 Eucratttarum
3230 5850 3330 5888 mt-

3022 5930 3062 5992 6
