3792 6512
458 438 553 495 Πί

1370 425 1424 480 S.
1462 419 1792 482 JUS'UNUS
1822 409 2302 472 PHILOSOPHUS
2335 409 2419 463 ET
2445 402 2757 462 MARTYR.

3611 394 3701 447 1ῖὲ

459 574 564 614 nus
588 561 846 612 accurata
880 549 1246 616 distinctione,
1274 557 1332 602 ut
1361 546 1570 601 Tatiani
1593 551 1794 599 sectam
1837 535 2035 594 smeulo
2063 547 2106 602 Α
2140 538 2441 600 pugnantes
2495 524 2692 579 refellit
2745 523 2794 575 in
2859 527 2972 573 toto
3038 515 3180 570 libro
3244 511 3404 567 tertlo
3457 508 3700 564 Strame-

458 659 654 720 quarto
693 647 961 702 interiisse
998 644 1266 698 crederet.
1311 641 1374 694 At
1423 653 1542 692 cum
1587 633 1890 690 Encratitas
1922 632 2023 684 hoc

376 772 386 782 -
459 739 663 796 srvcnlo
691 737 969 794 exstitisse
1005 750 1071 789 ex
1118 735 1232 802 ipso
1263 729 1560 802 Epiphanio
1592 734 1798 796 pateat,
1830 733 1882 778 et
1911 737 2027 775 ma-

459 835 605 887 xime
637 846 699 883 ex
735 828 957 892 Basilto,
1001 827 1142 896 apud
1180 837 1340 893 quem
1370 799 1482 874 non
1513 799 1686 888 pauca
1711 817 1777 871 de
1807 814 2022 867 illorunt

461 927 789 994 baptismate
820 921 1072 990 leguntur
1102 917 1148 954 ³⁸
1173 955 1189 978 ,
1240 912 1554 969 necessario
1593 909 1837 979 sequitur
1868 906 2028 960 iusti-

462 1029 632 1072 tutan‘t
664 1031 690 1067 a
719 1013 951 1067 Tatiano
991 1020 1196 1064 sectam
1223 1047 1238 1070 ,
1279 1020 1398 1074 qua:
1446 1018 1554 1057 non
1595 1002 1698 1054 alia
1740 1008 1824 1056 est
1864 1013 2024 1068 quam

445 1103 894 1166 ‘Encratitarum,
945 1103 1011 1156 ad
1059 1101 1160 1154 hoc
1194 1107 1402 1165 tempus
1435 1104 1837 1163 perseverasse.
1874 1089 2028 1144 Basi-

442 1197 586 1263 lius,
615 1199 716 1253 etsi
741 1195 1022 1250 ltxereticos
1046 1191 1258 1247 solebat
1285 1189 1649 1259 rebaptizare,
1679 1187 1816 1239 duos
1845 1193 2024 1236 tamen

443 1301 526 1345 ex
565 1290 667 1344 hac
713 1295 858 1342 secta
895 1285 1216 1354 episcopos,
1259 1279 1488 1335 Zoinum
1531 1286 1587 1332 et
1629 1275 2025 1337 Saturninum,

461 1396 670 1452 magna:
693 1378 910 1434 utilitati
943 1373 1391 1432 consuetudinem
1431 1370 1788 1439 posthabens,
1830 1367 1883 1421 in
1917 1366 2032 1435 epi-

459 1474 730 1543 scopalem
763 1472 1080 1526 cathedram
1113 1467 1372 1537 suscepit,
1408 1480 1472 1519 ac
1494 1477 1683 1520 eorum
1715 1476 1818 1515 non
1854 1459 2028 1514 solum

461 1567 747 1636 baptisma,
791 1565 883 1619 sed
913 1563 1075 1618 etiam
1106 1561 1507 1615 ordinationem
1539 1567 1716 1611 ratam
1747 1553 1958 1608 habuit.

533 1657 814 1727 SuSpicari
856 1656 1070 1709 videtur
1120 1653 1458 1723 Epiphanius
1504 1649 1854 1707 Encratitas,
1903 1644 2030 1698 dum

459 1750 764 1804 castitatem
809 1762 918 1817 prze
959 1760 1019 1799 se
1058 1744 1262 1805 ferunt,
1292 1758 1399 1796 non
1436 1752 1544 1794 tam
1589 1756 1618 1792 a
1663 1737 2034 1806 voluptatibus

459 1843 839 1905 abhorruisse,
867 1853 1025 1907 quam
1070 1836 1304 1890 latebras
1327 1833 1560 1888 occultis
1580 1831 1806 1900 ﬂagitiis
1839 1829 2038 1899 quaesi-

462 1935 624 1986 visse.
670 1931 763 1984 Sic
804 1931 947 1984 enim
999 1927 1240 1995 loquitur
1276 1927 1340 1979 de
1388 1924 1621 1978 Tatiano
1647 1965 1660 1986 ,
1713 1923 1907 1974 ltznres.
1938 1918 2040 1974 ἅδε

472 2009 560 2078 Ἐν
587 2022 663 2093 τῷ
687 2023 1030 2094 προσχήματι
1054 2017 1151 2089 τῆς
1180 2015 1501 2090 ἐγκρατείας
1524 2013 1728 2069 καὶτοῦ
1753 2015 2028 2083 ὲγκρατη-

459 2115 610 2171 τικοῦ
639 2115 800 2188 ἤθους
838 2113 1162 2183 κυϐευτικὴν
1197 2111 1321 2181 ἔσχε
1349 2109 1448 2181 τὴν
1476 2109 1723 2179 ἀγωγήν·
1755 2101 1831 2167 ὡς
1868 2104 2029 2168 λύκος

461 2207 642 2282 ἅρπαξ
667 2206 980 2278 ἐνδυόμενος
1012 2204 1281 2276 προϐάτου
1321 2201 1530 2264 κωδίον,
1577 2200 1669 2253 καὶ
1707 2197 1923 2252 πλανῶν
1955 2193 2032 2267 τῷ

459 2301 778 2373 προσκαίρῳ
809 2299 1152 2371 προσχήματι
1190 2296 1316 2358 τοὺς
1352 2292 1760 2362 ἀπατωμένους.
1804 2309 1822 2341 ι
1856 2290 2035 2345 Conti-

461 2395 657 2448 nentim
691 2409 754 2447 ae
800 2393 1071 2461 pudicitia:
1119 2389 1318 2458 specie,
1349 2386 1497 2440 velut
1549 2385 1805 2439 illecebra
1837 2399 2034 2453 propo-

462 2487 588 2550 sita,
629 2486 790 2538 homo
829 2484 980 2536 vafer
1013 2481 1288 2549 obrepsit:
1335 2488 1592 2546 tanquam
1625 2491 1790 2542 rapax
1813 2477 2030 2544 quidam

463 2579 624 2646 lupus
663 2592 820 2631 ovem
864 2575 1021 2642 pellis
1065 2575 1314 2637 induens,
1349 2585 1523 2640 eoque
1557 2570 1726 2634 cultu,
1763 2582 1922 2636 quem
1969 2567 2036 2620 ad

465 2678 676 2735 tempus
715 2667 985 2726 induerat,
1023 2665 1257 2718 miseros
1285 2664 1535 2717 homines
1566 2662 1617 2713 in
1653 2661 1894 2714 fraudem
1925 2659 2037 2726 pel-

463 2759 670 2814 licicus.
705 2778 723 2810 »
763 2759 826 2838 Et
858 2760 922 2812 de
969 2757 1276 2820 Encratitis,
1317 2757 1511 2810 hzeres.
1545 2751 1646 2807 47:
1679 2752 2036 2824 Σεμνύνονται

463 2852 520 2906 δὲ
539 2851 696 2923 δῆθεν
720 2851 1044 2923 ἐγκράτειαν
1068 2848 1346 2919 σφαλερῶς
1368 2847 1434 2901 τὰ
1465 2847 1640 2900 πάντα
1661 2845 2033 2916 ἐργαζόμενοι,

467 2943 627 3015 μέσον
667 2943 939 3013 γυναικῶν
976 2929 1373 3014 εὑρισκόμενοι,
1408 2938 1500 2992 καὶ
1545 2939 1805 3006 γυναῖκας
1842 2953 2039 2989 παντα-

466 3035 616 3106 χόθεν
651 3034 987 3098 ἀπατῶντες,
1011 3028 1106 3087 καὶ
1149 3029 1606 3101 συνδιαιτώμενοι,
1641 3029 1734 3082 καὶ
1769 3028 2039 3099 ego-mps-

466 3130 715 3199 τούμενοι
757 3126 860 3181 ὑπὸ
901 3126 1008 3179 τῶν
1048 3124 1338 3188 τοιούτων,
1387 3120 1490 3187 ἔξω
1525 3124 1622 3193 μὲν
1655 3123 1751 3193 τῆς
1787 3121 2040 3192 ἀληθείας

467 3221 636 3283 ὖντες,
673 3219 949 3291 μόρφωσιν
981 3218 1038 3271 δὲ
1075 3213 1270 3288 μᾶλλον
1310 3208 1657 3286 κεκτημένοι,
1690 3214 1787 3290 τῂν
1809 3213 1863 3266 δὲ
1885 3213 2043 3265 δύνα-

473 3329 562 3383 μιν
600 3311 769 3381 αὐτῆς
809 3311 909 3380 τῆς
951 3309 1230 3372 εὐσεϐείας
1283 3306 1601 3379 ἠρνημένοι.
1648 3323 1666 3356 ι
1705 3305 1857 3372 Quod
1911 3319 2039 3357 vero
2067 3307 2109 3365 C

471 3402 865 3456 continentiam
899 3401 1194 3469 jactitaut,
1238 3397 1503 3451 lubricum
1542 3405 1624 3451 est
1658 3395 1884 3450 illorum
1924 3393 2046 3463 qui-

471 3495 593 3548 dem
621 3509 686 3547 ac
712 3492 937 3562 periculi
968 3492 1184 3561 plenum
1215 3490 1448 3544 facinus.
1477 3487 1611 3541 Nam
1653 3488 1794 3541 inter
1832 3485 2048 3539 mulier-

470 3587 624 3640 culas
667 3594 956 3640 versantur
1003 3584 1247 3645 assidue,
1300 3596 1440 3651 quas
1490 3583 1853 3648 undecunque
1891 3578 2048 3646 pelli-

463 3678 659 3734 <ciunt:
693 3692 815 3731 cum
855 3677 920 3730 iis
947 3675 1051 3730 iter
1090 3674 1317 3738 faciunt,
1354 3674 1807 3728 accommuniter
1839 3672 2046 3736 vivunt,

472 3781 771 3838 earumque
796 3768 1113 3822 ministeriis
1135 3776 1382 3821 utttntur.
1405 3765 1586 3833 Quare
1609 3779 1731 3819 cum
1758 3780 1788 3818 a
1819 3765 2050 3818 veritate

464 3859 690 3930 “longius
720 3860 921 3927 absint,
957 3859 1088 3913 nihil
1138 3866 1339 3928 praater
1375 3858 1695 3912 ementitam
1741 3854 1888 3908 illius
1935 3867 2050 3922 Spe-

469 3953 617 4006 ‘eiem
657 3961 968 4016 ostentant;
1002 3953 1110 4003 vim
1162 3951 1334 4020 ipsam
1367 3950 1596 4004 sincerae
1636 3948 1855 4016 pietatis
1885 3946 2052 3999 alme-

477 4052 628 4116 gattt.
664 4061 684 4095 ι
741 4041 884 4098 Nihil
934 4043 1110 4097 simile
1146 4041 1389 4095 lrcntetts
1432 4049 1488 4094 et
1523 4039 1772 4094 Clemens
1815 4039 2049 4092 Alexan-

481 4133 675 4188 drinus
708 4131 942 4187 Taliauo
984 4130 1324 4197 oltjecerttttt,
1363 4130 1454 4198 qtti
1483 4170 1498 4195 ,
1548 4129 1593 4183 si
1631 4129 1710 4182 eis
1753 4128 2050 4194 credimus,

480 4227 944 4283 inconsideratum
989 4225 1263 4280 castitatis
1303 4223 1546 4278 studium
1582 4237 1688 4274 non
1728 4222 1794 4273 ad
1845 4232 2054 4290 tempus

481 4323 802 4383 ostentavit.
846 4330 905 4376 ut
950 4321 1128 4390 placet
1182 4317 1527 4388 Epiphanio,
1559 4315 1651 4370 sed
1701 4317 2055 4385 pertinaciter

486 4416 728 4470 retinuit.
762 4415 914 4482 Quod
943 4428 1072 4482 ergo
1103 4410 1456 4478 reprehendit
1487 4408 1822 4477 Epiphanius
1854 4408 1905 4460 in
1949 4407 2054 4460 Eu-

485 4506 715 4566 eratitis.
771 4507 822 4558 id
873 4514 1177 4572 temporqu
1203 4500 1343 4555 ﬂexu
1379 4501 1430 4554 in
1463 4500 1606 4553 hanc
1635 4509 1840 4554 sectam
1893 4497 2052 4550 indu-

487 4606 631 4648 ctum
670 4595 903 4659 videtur,
958 4609 1079 4648 cum
1111 4608 1301 4647 eorum
1354 4591 1587 4657 majores
1632 4589 1855 4656 impiam
1905 4586 2052 4639 illam

2125 632 2234 674 tum
2262 623 2306 654 ’ί
2329 640 2342 673 :
2373 613 2509 689 Φέρε
2543 619 2622 679 εἰς
2643 614 2734 666 δύο
2751 611 3020 671 διελόντες
3045 607 3346 679 πράγματα
3364 601 3594 664 ἁπάσας
3615 602 3702 661 τὰς

2125 713 2382 786 αἱρέσεις,
2410 702 2834 778 ἀποκρινώμεθα
2857 702 3061 762 αὐτοῖς.
3091 699 3158 749 Ἢ
3183 695 3291 766 γὰρ
3312 693 3369 746 τὸ
3396 691 3701 760 ἀδιαφόρως

2127 782 2225 877 ζῇν
2250 799 2608 862 διδάσκουσιν,
2630 797 2664 868 ἢ
2687 795 2746 848 ὀδ
2764 793 3062 866 ὑπέρτονον
3088 788 3337 857 ἄγουσαι,
3376 782 3702 854 ἐγκράτειαν

2232 892 2543 952 δυσσεϐείας
2563 889 2655 944 καὶ
2679 880 3226 957 φιλαπεχθημοσύνης
3247 873 3698 944 καταγγέλλουσα

2133 1007 2153 1040 ι
2191 992 2327 1058 Age,
2357 985 2556 1052 inquit,
2598 977 2856 1035 bifariam
2889 974 3196 1030 dividamus
3232 983 3422 1023 omnes
3447 967 3700 1022 haereses.

2128 1055 2316 1148 eisque
2344 1072 2770 1145 reSpondeantus
2797 1087 2811 1122 :
2847 1065 2930 1120 vel
2953 1064 3096 1120 enim
3124 1058 3505 1116 indifferenter
3527 1055 3704 1108 vivere
3764 1055 3765 1128 l

2128 1173 2368 1233 docent;
2417 1165 2504 1220 vel
2537 1163 2678 1217 ultra
2711 1159 2930 1215 modum
2968 1169 3267 1226 progressa:
3310 1148 3703 1207 continentiam

2133 1278 2226 1332 per
2256 1261 2591 1330 impietatem
2618 1264 2673 1310 et
2701 1252 2885 1306 odium
2915 1248 3258 1317 profitentur.
3289 1263 3309 1298 ι

2205 1352 2318 1406 Νοιι
2346 1350 2519 1419 magis
2541 1342 2820 1401 consentit
2850 1356 2974 1396 eum
3002 1339 3086 1392 his
3105 1336 3319 1391 duobus
3341 1330 3704 1400 scriptoribus

2132 1443 2467 1514 Epiphanius
2497 1455 2617 1493 cum
2651 1444 2887 1492 testatur
2917 1431 3226 1511 Encratitas
3254 1422 3703 1506 resurrectionem

2135 1547 2472 1591 mortuorum
2504 1530 2746 1586 credere.
2799 1527 2892 1582 Sic
2937 1525 3082 1579 enim
3114 1504 3256 1589 apud
3287 1503 3639 1572 Clementem
3667 1512 3705 1542 ”

2137 1621 2588 1677 resurrectionem
2638 1617 3116 1685 interpretantur,
3175 1619 3234 1662 ιιι
3277 1607 3397 1676 .jant
3456 1620 3521 1658 se
3571 1603 3706 1656 illam

2137 1717 2361 1783 adeptos
2399 1726 2542 1774 esse,
2595 1717 2651 1762 et
2678 1707 2890 1762 ideirco
2921 1719 2950 1757 a
3000 1702 3202 1771 nuptiis
3227 1698 3479 1767 refugere
3507 1696 3706 1749 dicant.

2143 1805 2294 1861 Unde
2313 1804 2432 1857 illos
2454 1804 2533 1856 sic
2547 1801 2797 1855 verberat
2809 1793 3136 1851 Clemens”:
3158 1792 3219 1846 Ei
3235 1789 3343 1860 γὰρ
3359 1783 3456 1841 οὖν
3471 1787 3578 1855 τὴν
3593 1782 3709 1838 ἀνά·

2073 1901 2116 1954 Β
2146 1911 2331 1950 στασιν
2360 1890 2742 1960 ἀπειλήφασιν,
2763 1886 2840 1948 ὡς
2871 1884 3024 1937 αὐτοὶ
3043 1881 3283 1950 λέγουσι,
3321 1878 3416 1931 καὶ
3440 1876 3536 1929 διὲι⁵
3565 1873 3709 1925 τοῦτο

2129 1986 2322 2044 ἁθετοῦ
2331 2004 2382 2039 σι
2401 1984 2489 2038 τὸν
2501 1982 2695 2053 γάμον,
2720 1975 3195 2050 μηδὲ-ἐσθιέτωσαν
3218 1970 3350 2043 μηδὲ
3371 1969 3704 2023 πινέτωσαν·

2132 2076 2522 2151 καταργεῖσθαι
2557 2073 2664 2146 γὰρ
2691 2072 2792 2142 ἔφη
2813 2069 2912 2142 τὴν
2933 2065 3163 2129 κοιλίαν,
3193 2064 3286 2118 καὶ
3307 2063 3374 2116 τὰ
3396 2057 3709 2130 βρώματαὸ

2145 2170 2462 2232 Ἀπόστολος
2477 2169 2535 2221 ἐν
2557 2169 2620 2237 τῇ
2645 2161 2955 2219 ἀναστάσει.
2978 2159 3067 2213 (Si
3095 2171 3224 2216 ergo
3252 2156 3707 2208 resurrectionem

2135 2268 2487 2332 acceperunt,
2517 2269 2577 2312 ut
2605 2255 2706 2325 ipsi
2738 2255 2942 2323 dicunt,
2976 2259 3030 2304 et
3069 2248 3272 2301 idcirco
3302 2241 3708 2298 matrimonium

2137 2330 2425 2421 abrogant,
2475 2363 2574 2402 nec
2606 2345 2933 2400 manducent
2978 2354 3078 2393 nec
3142 2337 3349 2392 bibant.
3399 2331 3544 2386 Nam
3588 2330 3709 2382 dixit

2130 2443 2428 2514 Apostolus
2465 2450 2712 2495 ventrem
2765 2445 2820 2491 et
2854 2433 3006 2488 cibos
3040 2432 3376 2485 destructum
3410 2425 3480 2478 iri
3536 2425 3593 2476 iu
3635 2437 3710 2476 re-

2126 2536 2473 2593 surrectione
2503 2533 2568 2583 9‘.
2607 2549 2624 2581 ι
2656 2529 2894 2583 [remeas
2939 2539 3005 2578 es
3060 2520 3338 2576 haereticis
3381 2517 3701 2572 Creatorem

2139 2615 2507 2696 rejicieutibus
2545 2621 2748 2676 nullum
2795 2632 3021 2688 prorsus
3063 2613 3293 2684 excipit,
3345 2609 3442 2680 qui
3479 2618 3714 2664 resurre’

2136 2723 2367 2775 ctionem
2399 2712 2702 2777 admiserit,
2750 2720 2804 2763 et
2836 2709 2939 2762 hac
2985 2706 3037 2758 itt
3079 2721 3137 2760 re
3198 2719 3226 2757 a
3262 2702 3492 2756 uelariis
3516 2701 3632 2755 suis
3659 2699 3712 2750 de

2137 2813 2412 2868 creatione
2442 2804 2760 2862 discesserit
2791 2799 3093 2868 principiis,
3126 2797 3218 2852 lib.
3255 2811 3291 2860 I,
3334 2811 3383 2848 c.
3420 2794 3520 2847 22.

2737 2890 2966 2948 CAPUT
3010 2888 3121 2942 XII.

2629 2965 2704 3019 De
2733 2965 2940 3031 scriptis
2975 2957 3212 3012 Tatiani.

2140 3061 2179 3111 Ι.
2204 3061 2280 3110 De
2333 3053 2568 3121 operibus
2606 3054 2798 3121 Tatiani
2835 3050 3121 3121 deperditis:
3267 3043 3438 3121 gratio
3466 3043 3719 3121 _adve'rsus

2202 3108 2394 3173 δι’ωοοὲ
2416 3133 2511 3166 non
2534 3120 2847 3180 pronuntiata
2891 3108 2982 3159 sed
3024 3112 3233 3180 scripta,
3267 3108 3419 3180 id‘que
3465 3114 3717 3180 postquam

2205 3168 2354 3234 fictura
2378 3182 2514 3230 abiit.
2537 3168 2626 3227 'lll.
2655 3175 2895 3237 Scriptam
2919 3180 3034 3221 ante
3061 3168 3285 3237 haéresim
3314 3170 3469 3217 luisse
3494 3168 3720 3237 probatur

2204 3227 2438 3296 adversus
2460 3227 2787 3288 doctissimum
2809 3236 3035 3285 abbatem
3075 3234 3139 3280 de
3179 3227 3505 3296 Longuerue.
3526 3227 3716 3296 [Mulir

2206 3288 2646 3357 audaciav'l‘atiaui
2695 3303 2741 3349 itt
2784 3296 3051 3358 Scripturis
3104 3288 3474 3358 perverteudis.

2211 3351 2534 3418 éléi‘it‘nuus
2582 3351 3202 3423 Evangelium‘atg—ngoipq.
3244 3352 3326 3423 Vl.
3354 3351 3720 3423 .Yidett’t‘rideut

2209 3413 2774 3482 essevaelivangeliu‘in
2813 3422 2943 3482 quod
2977 3413 3482 3482 bbiott'aeisattrihuit
3526 3413 3582 3462 S.
3623 3413 3700 3471 lipi

2213 3475 2433 3554 plautius.
2461 3486 2560 3534 Vll.
2587 3475 2720 3534 idem
2743 3475 2889 3532 etiam
2909 3493 2965 3530 at
2984 3479 3104 3528 illud
3123 3476 3249 3538 quod
3271 3475 3535 3524 dicebatur
3557 3486 3721 3522 secun-

2210 3553 2324 3603 clum
2345 3553 2564 3600 Petrum.

2224 3661 2264 3713 1.
2301 3660 2377 3713 Ex
2417 3655 2651 3711 maximo
2683 3652 2937 3706 librorum
2962 3660 3224 3712 numero,
3257 3658 3417 3715 quem
3461 3642 3723 3698 Eusebius

2153 3762 2208 3807 et
2240 3751 2596 3818 Hieronymus
2626 3758 2654 3797 a
2701 3741 2928 3796 Tatiauo
2960 3740 3207 3793 relictum
3233 3742 3542 3797 testantur,
3579 3735 3722 3804 pauci

2154 3844 2220 3898 ad
2273 3840 2639 3910 cognitionem
2679 3843 2954 3896 nostram,
2999 3843 3140 3882 unus
3192 3836 3401 3879 tantum
3443 3825 3499 3877 in
3545 3837 3725 3878 manus

2156 3942 2370 3991 nostras
2412 3928 2677 3999 pervenit.
2731 3924 3067 3992 Scripserat,
3112 3928 3248 3972 teste
3291 3916 3586 3970 Clemente
3616 3916 3728 3969 Ale-

2156 4025 2442 4088 xandrino,
2492 4021 2716 4084 Strom.,
2746 4033 2841 4082 tn,
2881 4032 3003 4086 pag.
3044 4012 3171 4079 460,
3201 4011 3398 4064 librum
3434 4008 3518 4062 Bc
3565 4007 3728 4077 perfe-

2153 4120 2323 4172 ctione
2360 4117 2646 4168 secundum
2681 4111 3034 4165 Salvatorem.
3083 4096 3140 4158 [ιι
3172 4101 3430 4156 Oratione
3475 4106 3727 4153 adversus

2156 4209 2390 4270 ercos,
2426 4221 2574 4259 num.
2603 4203 2694 4265 15,
2743 4201 2875 4256 citat
2919 4198 3112 4253 librant
3163 4209 3191 4247 a
3238 4208 3299 4248 se
3335 4192 3612 4260 scriptum
3664 4187 3729 4240 De

2155 4301 2499 4355 animalibus.
2549 4296 2714 4351 Forte
2757 4295 2809 4348 itt
2860 4293 2963 4348 hoc
3008 4289 3148 4344 libro
3197 4293 3644 4357 pertractaverat
3671 4281 3726 4336 ".

2155 4397 2299 4468 quod
2329 4411 2388 4450 se
2411 4393 2538 4447 alibi
2567 4392 2968 4445 demonstrasse
2995 4382 3125 4437 dicit
3158 4376 3434 4433 mirabiles
3461 4377 3731 4444 quosdam

2154 4490 2400 4551 eﬂ'cctus,
2445 4499 2549 4539 non
2593 4481 2648 4536 itt
2687 4479 2895 4534 animas
2927 4475 3203 4531 hominum
3239 4478 3618 4534 mortuorum,
3649 4464 3731 4517 sed

2161 4585 2212 4636 in
2241 4585 2515 4636 daemones
2545 4573 2753 4629 rcfundi
2783 4570 3000 4625 debere.
3029 4567 3083 4619 In
3115 4568 3303 4619 eadem
3331 4561 3599 4614 Oratione
3629 4570 3734 4626 pro.

488 4686 728 4754 quidem,
763 4689 856 4740 sed
895 4697 1072 4739 tamen
1105 4693 1446 4739 constantem
1479 4682 1782 4735 castitatem
1825 4679 2053 4748 professi
2091 4671 2131 4724 ί)
2164 4675 2330 4727 mittit
2379 4671 2573 4724 librum
2607 4668 2870 4721 adversus
2903 4660 3154 4715 ethnicos
3183 4657 3480 4724 scriptorcs
3535 4653 3631 4720 qui
3678 4652 3735 4702 de

491 4776 738 4830 fuissent.
795 4775 1025 4846 Opponit
1071 4791 1165 4830 eos
1219 4776 1453 4829 Irenzeus
1512 4774 1634 4828 aliis
1677 4772 1950 4827 hmrcticis
2005 4771 2056 4824 in

491 4868 819 4921 contrariam
848 4877 1052 4936 partem
1083 4867 1433 4938 peccantibus
1460 4883 1519 4919 ac
1542 4880 1756 4918 omnem
1787 4863 2059 4916 lit-entiam

488 4959 695 5027 ﬂagitio
739 4959 1122 5015 tribuentibus.
1177 4958 1473 5027 Postquam
1512 4957 1656 5010 enim
1716 4957 1781 5008 du
1836 4954 2064 5007 Tatiano

493 5049 706 5103 loeutus
740 5058 844 5113 est,
894 5050 972 5104 sic
1014 5050 1079 5103 ad
1133 5049 1268 5102 alios
1316 5046 1509 5101 transit
1538 5048 1605 5100 πθ.
1662 5064 1680 5098 ι
1737 5044 1840 5098 Alii
1887 5055 2065 5097 autem

491 5154 688 5194 rursus
717 5156 746 5194 a
783 5140 1022 5196 Basilide
1070 5150 1126 5195 et
1169 5141 1500 5210 Carpocrate
1544 5139 1866 5192 occasiones
1919 5135 2066 5188 acci-

490 5232 725 5302 pientes,
765 5231 1136 5287 indifl‘et'etttes
1168 5235 1360 5292 coitus.
1404 5242 1459 5286 ct
1509 5232 1701 5286 multas
1733 5230 1947 5299 nuptias
1977 5229 2061 5281 in-

495 5327 789 5391 duxerunt,
829 5337 884 5380 et
913 5327 1299 5396 negligentiam
1333 5329 1597 5396 ipsorttttt,
1631 5342 1750 5394 qua:
1778 5336 1905 5380 sunt
1945 5325 2061 5377 ido-

496 5420 722 5491 lothyta.
757 5421 823 5473 ad
872 5420 1340 5486 manducandum;-
1374 5438 1479 5474 uon
1521 5421 1675 5474 valde
1717 5423 1831 5475 haec
1869 5432 2064 5475 curare

500 5513 743 5566 dicentes
774 5510 965 5568 Deum.
1004 5531 1023 5563 ι
1072 5511 1336 5567 Similiter
1367 5515 1626 5569 Clemens
1663 5512 2063 5568 Alexandrinus

501 5602 632 5656 duas
661 5602 780 5656 illas
809 5603 1064 5671 haereses,
1109 5611 1167 5657 ut
1202 5604 1449 5658 adversis
1498 5603 1775 5658 frontibus
1817 5603 1956 5655 inter
2005 5616 2064 5656 se

510 5848 593 5901 15.
669 5850 716 5880 ’³³
747 5848 810 5901 Ν.
847 5851 932 5903 ιυ.

2160 4766 2602 4822 Christianorum
2632 4769 2688 4814 et
2723 4756 3030 4811 Judreorum
3078 4748 3329 4804 instituto
3364 4754 3417 4798 ct
3443 4748 3635 4797 sacris
3664 4741 3737 4793 hi-

2161 4858 2346 4912 storiis
2404 4865 2607 4908 temere
2655 4849 3054 4918 judicarerant.
3107 4841 3200 4894 Sic
3256 4838 3400 4892 enim
3460 4834 3736 4901 loquitur.

2163 4968 2218 5005 tt.
2247 4950 2315 5002 40
2344 4971 2355 5002 ;
2393 4945 2530 5017 Περὶ
2567 4943 2664 5014 μὲν
2696 4936 2787 4992 οὖν
2816 4937 2916 5006 τῆς
2949 4934 3068 4989 καθ’
3094 4932 3240 5003 ἡμᾶς
3269 4925 3577 4988 πολιτείας,
3608 4925 3740 4976 ἱστο-

2168 5043 2286 5115 ρίας
2312 5059 2369 5094 τε
2403 5041 2498 5109 τῆς
2529 5035 2666 5091 κατὰ
2699 5033 2824 5093 τοὺς
2860 5027 3161 5099 ἡμετέρους
3186 5023 3403 5092 νόμους,
3429 5019 3539 5070 ὅσα
3573 5034 3636 5069 τε
3671 5016 3738 5066 εί-

2170 5107 2401 5208 ρήκασιν
2428 5107 2477 5184 oi
2510 5127 2660 5200 παρὰ
2680 5129 2789 5188 τοῖς
2820 5118 3075 5190 Ἕλλησιν
3117 5118 3307 5183 λόγιοι,
3338 5111 3430 5166 καὶ
3461 5111 3630 5163 πόσοι
3661 5107 3741 5159 καὶ

2164 5228 2305 5290 τίνες
2335 5225 2441 5277 εἰσὶ
2485 5217 2973 5292 μνημονεύσαντες,
3002 5212 3060 5263 ἐν
3089 5207 3165 5278 τῷ
3210 5205 3345 5278 πρὸς
3375 5202 3504 5266 τοὺς
3535 5202 3744 5268 ἀποφη-

2165 5320 2431 5392 ναμένους
2462 5314 2528 5368 τὰ
2575 5311 2701 5382 ’περι⁹
2733 5307 2865 5360 Θεοῦ
2899 5302 3262 5374 δειχθήσεται.
3297 5315 3316 5347 ι
3351 5294 3455 5348 Sed
3487 5286 3560 5346 de
3603 5291 3748 5345 insti-

2169 5386 2284 5466 tuto
2317 5417 2525 5468 nostro.
2556 5410 2704 5458 etde
2744 5403 2918 5470 legum
2972 5404 3279 5447 nostrarum
3323 5386 3557 5441 historia
3601 5399 3745 5454 qua:-

2169 5520 2293 5558 nam
2325 5500 2463 5570 apud
2495 5498 2717 5553 Graecos
2749 5489 2944 5545 eruditi
2982 5486 3239 5546 dixerint,
3274 5495 3559 5552 quamque
3599 5474 3746 5532 tnulti

2171 5608 2225 5651 ct
2271 5568 2463 5664 quales
2499 5587 2702 5644 fuerint
2753 5583 2841 5650 qui
2893 5580 2981 5634 his
3024 5579 3090 5633 de
3129 5577 3291 5631 rebus
3338 5571 3670 5635 meminere,
3702 5568 3748 5620 in

570 5783 614 5854 ευ
644 5781 813 5854 Epist.
845 5779 969 5854 188.
1043 5781 1090 5817 ”
1113 5783 1231 5838 Lib.
1266 5799 1305 5852 ι,
1330 5799 1379 5838 c.
1409 5782 1500 5838 28.
1577 5785 1625 5820 οι
1654 5783 1783 5854 Pag.
1813 5781 1938 5839 448.
2015 5783 2038 5816 ⁹

2170 5793 2295 5835 tres.
2340 5778 2431 5842 47,
2470 5792 2521 5832 c.
2557 5776 2605 5827 l.
2669 5770 2732 5801 ³³
2763 5767 2991 5829 Strom.,
3019 5778 3100 5828 ιιι,
3139 5777 3192 5830 p.
3226 5757 3351 5813 4&6.
3427 5751 3743 5814 “lCorm,
