3796 6476
95 382 160 436 lii
1097 381 1162 436 1).
1204 380 1441 435 ΜΑΒΑΝ
1451 379 1466 434 1
1501 381 1654 436 1⁵11Ᾰῖ

1767 378 1888 433 ΠΟ.
1933 413 1997 419 -
2027 376 2204 433 PARS
2242 378 2331 434 111.

3251 380 3351 432 £713

93 502 188 550 libro
216 512 241 547 a
284 510 502 552 versos
525 517 658 554 eos
708 501 950 570 (Griecos
980 498 1238 563 videlicet)
1283 500 1374 567 qui
1410 501 1473 552 de
1512 502 1672 552 rebus
1704 502 1742 555 Α
1775 496 1986 550 ,11151100
2018 498 2275 565 scriptam
2304 512 2459 561 esse;
2506 498 2599 549 sed
2646 499 2786 565 quod
2819 497 2999 549 Romae
3029 499 3350 565 pronuntia-

93 592 245 643 ilivinis
283 605 764 657 asseverarttnt,
812 593 1281 650 demonstrabitnr.
1306 614 1323 645 1
1362 594 1476 647 Non
1512 592 1671 645 111551-

90 686 266 738 mulabo
304 686 684 753 protelarunt
720 689 808 742 his
834 688 1026 749 verbis,
1052 686 1185 756 πρὸς
1226 686 1351 748 τοὺς
1385 688 1669 754 ἀποφηνα-

92 777 259 846 μένους,
314 791 574 829 sensum
640 778 867 847 adjungi
911 779 974 829 ab
1022 788 1232 830 auctore
1272 778 1669 829 11155011011011ῗ5

92 885 164 922 non
193 867 360 919 semel
420 868 717 925 laudatas.
761 870 934 923 Vertit
981 872 1139 935 enim,
1173 870 1421 921 adversus
1454 886 1541 922 eos
1582 871 1667 937 qui

91 964 199 1013 rebus
223 958 445 1010 divinis
478 959 672 1026 ﬁdem
725 961 1027 1013 detrahunt.
1068 962 1155 1013 Sic
1189 962 1351 1013 etiam
1398 961 1668 1014 intellexit

94 1051 465 1105 Ι1111011101111115.
500 1051 633 1105 Sed
664 1053 797 1106 illud
830 1056 1042 1107 verbum
1076 1055 1525 1126 ἀποφηναμένους
1562 1070 1663 1107 11011

94 1144 255 1195 videtur
296 1143 459 1197 hanc
520 1143 1043 1215 interpretationem
1094 1148 1222 1214 pati.
1256 1147 1529 1213 Quosnam
1578 1162 1666 1199 re-

95 1234 307 1287 lcllrndos
346 1236 467 1288 sibi
512 1237 573 1288 in
624 1238 734 1290 hoc
764 1252 925 1303 opere
960 1248 1282 1305 proponeret
1311 1236 1575 1293 Tatianus
1612 1240 1662 1292 in

92 1326 407 1379 adnotatione
442 1328 522 1380 ad
562 1329 722 1383 hunc
756 1329 927 1382 locum
959 1331 1233 1399 explicare
1264 1342 1490 1384 conatus
1522 1347 1659 1385 sum.

92 1420 392 1475 Perabsurde
442 1421 756 1475 Gesnerus
806 1422 1110 1474 meditatum
1159 1430 1310 1489 putat
1335 1437 1453 1475 esse
1483 1423 1662 1475 Tatia-

92 1530 178 1563 nunt
216 1528 313 1580 eas
364 1513 677 1575 refellere,
727 1515 819 1581 qui
863 1514 925 1565 de
958 1513 1059 1566 Deo
1094 1524 1137 1565 et
1169 1514 1318 1565 rebus
1350 1515 1543 1567 divinis
1574 1516 1663 1567 dc-

90 1605 551 1657 monstrationibus
590 1615 795 1673 agunt,
843 1604 944 1657 hoc
973 1615 1049 1657 est
1080 1604 1412 1667 Citholicos,
1454 1606 1542 1674 qni
1596 1608 1658 1658 li-

89 1695 202 1753 111111,
233 1712 404 1763 quant
444 1696 691 1764 Apelles
726 1696 866 1763 apud
919 1695 1239 1757 Eusebium,
1288 1693 1452 1758 Ilist.,
1486 1712 1535 1759 ν,
1572 1697 1658 1759 15,

89 1787 482 1838 rxatnittamlmtt
524 1801 663 1840 esse
700 1797 885 1857 negat,
912 1788 1240 1855 :tt'gtttttenlis
1269 1788 1577 1855 probabant
1607 1800 1657 1840 et

88 1878 384 1931 conlinttaha
396 1896 429 1931 11
446 1888 493 1931 t.

137 1969 394 2033 Rhodon,
457 1968 720 2037 insignis
778 1969 1014 2035 scriptor
1071 1968 1514 2033 ecclesiasticus,
1574 1969 1664 2039 qui

92 2060 242 2110 limine
273 2073 300 2109 ο
334 2057 599 2110 Tatiano
642 2058 889 2129 eruditus
918 2058 1106 2123 fuerat,
1142 2060 1192 2112 in
1225 2059 1381 2113 libris
1408 2062 1667 2114 adversus

91 2150 415 2202 Marcionitas
466 2148 793 2209 referebat,
824 2148 1240 2216 Ε1150111010510,
1290 2152 1663 2206 eluenbratuut

88 2242 226 2296 fuisse
252 2258 279 2294 a
303 2242 551 2295 Tatiano
589 2241 797 2295 librum
830 2239 1235 2304 Problemntum,
1263 2245 1379 2298 sive
1409 2244 1665 2309 (111115110-

90 2355 177 2388 tum
215 2340 268 2389 in
306 2336 681 2403 Scriptorum
726 2352 950 2393 sacram.
997 2335 1129 2407 Φησὶ
1175 2338 1260 2401 δὲ,
1296 2339 1469 2405 inquit
1503 2340 1667 2392 Ense-

88 2428 178 2481 bius
195 2428 266 2489 ’⁸,
295 2428 386 2480 καί
419 2426 817 2479 ἐσπουδάσθαι
865 2425 939 2495 τῷ
972 2426 1218 2497 Τατιανῴ
1264 2428 1664 2499 προϐλημάτων

88 2517 277 2585 famae,
311 2520 381 2571 δι’
415 2513 499 2571 ὧν
532 2518 600 2570 τὸ
652 2518 861 2585 ἀσαφὲς
906 2518 994 2569 καὶ
1045 2518 1521 2589 ἐπικεκρυμμένον
1558 2520 1663 2572 τῶν

88 2610 218 2663 63:6”
254 2613 289 2663 Γ
294 2612 495 2683 me)»
528 2613 917 2682 παραστήσειν
950 2612 1315 2682 ὑποσχομένου
1352 2613 1442 2666 τοῦ
1470 2614 1664 2667 Tatia-

87 2702 174 2763 νοῦ,
212 2704 368 2767 αὐτὸς
403 2707 435 2757 ὁ
487 2704 707 2756 Ῥόδων
749 2705 804 2755 ἐν
838 2703 946 2773 ξδὶῳ
989 2706 1376 2776 συγγράμματι
1410 2707 1507 2770 τὰς
1558 2707 1663 2759 τῶν

89 2794 264 2847 ἐκείνου
306 2794 742 2866 προωετνμάτων
793 2795 1061 2858 ὲπιλύσεις
1112 2796 1434 2868 ἐκθήσεσοαι
1490 2803 1661 2871 ἐπαγ-

87 2887 322 2951 τέὶᾶεται.
368 2908 385 2938 1
424 2887 637 2941 Refert
689 2887 853 2940 etiam
901 2889 1275 2942 elucubratum
1326 2908 1449 2947 esse
1482 2911 1509 2947 a
1558 2896 1663 2949 Ta-

92 2982 211 3033 tiano
252 2982 451 3034 librum
508 2980 913 3046 Quwszionum,
958 2998 1051 3050 per
1082 3000 1218 3052 quas
1270 2988 1487 3053 quidem
1535 3006 1658 3044 cum

93 3068 330 3124 Tatianus
377 3072 667 3125 obscuras
718 3084 837 3125 esse
884 3082 937 3124 et
979 3076 1288 3130 reconditas
1342 3076 1661 3147 Scripturas

1778 598 1882 639 tam
1931 588 2242 651 existimat,
2296 589 2347 641 id
2393 604 2514 642 cum
2568 585 2776 640 Tatiani
2817 588 2998 643 verbis
3044 588 3348 643 consistere.

1775 695 1881 732 non
1932 690 2129 747 potest.
2186 680 2385 734 Ridens
2433 680 2576 732 enim
2634 679 2895 733 Tatiauus
2953 690 3163 734 statuas
3205 681 3346 749 apud

1771 770 1989 824 Grrecos
2036 772 2234 838 partim
2268 772 2650 827 meretricibus
2685 781 2741 826 et
2782 773 3089 829 hominibus
3120 773 3348 842 impuris

1772 861 1998 929 positas,
2035 863 2232 931 partim
2279 863 2342 914 ad
2384 865 2705 918 memoriam
2754 882 2931 918 rerum
2980 866 3347 934 perabsurda-

1774 969 1890 1005 rnm
1924 963 2156 1016 erectas,
2188 955 2268 1009 sic
2303 955 2462 1009 (idem
2507 958 2633 1009 facit
2667 958 2748 1011 sui
2775 958 2961 1025 judicii
2993 978 3005 1011 :
3033 958 3218 1013 Ταῦτα
3252 958 3350 1031 μὲν

1770 1041 1861 1098 οὖν
1893 1047 1953 1098 οὐ
1982 1047 2109 1117 παρ’
2138 1046 2295 1101 ἄλλου
2344 1047 2529 1117 μαθὼν
2565 1049 2847 1121 ὲξεϐἐμην,
2894 1050 3092 1120 πολλὴν
3140 1054 3351 1119 ἐπιφοι-

1770 1139 1939 1208 τῆσας
1962 1140 2085 1207 γῆν,
2114 1141 2207 1191 καὶ
2249 1140 2403 1193 τοῦτο
2447 1142 2543 1211 μὲν
2584 1142 2939 1211 σοφιστεύσας
2970 1144 3035 1196 τὰ
3077 1144 3347 1216 ὑμέτερα,

1768 1228 1925 1281 τοῦτο
1950 1230 2006 1282 δὲ
2046 1231 2259 1299 τέχναις
2304 1233 2395 1283 καὶ
2441 1234 2703 1297 ἐπινοίαις
2745 1236 3055 1305 ἐγκυρήσας
3105 1235 3348 1297 πολλαῖς,

1768 1318 1993 1391 ἔσχατον
2022 1321 2077 1373 δὲ
2110 1327 2171 1393 τῇ
2216 1324 2497 1394 ’1³111μαέων
2529 1325 2871 1396 ἐπιδιατρίψας
2900 1327 3070 1390 πόλει,
3114 1328 3207 1381 καὶ
3253 1327 3349 1391 τὰς

1767 1415 1857 1483 ἀφ’
1883 1414 2035 1483 ὑμῶν
2062 1416 2135 1479 ὡς
2166 1418 2358 1479 αὐτοὺς
2391 1417 2839 1489 ἁνακομισθείσας
2870 1420 3198 1493 ἀνδριάντων
3230 1438 3349 1475 ποι-

1766 1506 1941 1569 κιλίας
1990 1506 2339 1576 καταμαθὼν.
2391 1510 2463 1561 Οὐ
2497 1510 2605 1582 γὰρ
2637 1511 2712 1573 ὡς
2745 1512 2862 1575 ἔθος
2907 1514 3022 1565 ἐστὶ
3064 1517 3174 1577 τοῖς
3216 1514 3346 1567 πολ-

1764 1594 1894 1658 λοῐς,
1928 1597 2235 1667 ἀλλοτρίαις
2261 1597 2441 1663 δόξαις
2486 1602 2765 1671 τάμαυτοῦ
2809 1604 3096 1675 κρατύνειν
3145 1606 3350 1677 πειρῶ-

1768 1704 1895 1755 μαιδ
1934 1688 2149 1741 πάντων
2183 1689 2237 1755 δὲ
2268 1683 2342 1742 ὧν
2383 1692 2788 1764 ἀποποιήσομαι
2822 1695 2982 1758 αὐτὸς
3027 1696 3123 1766 τὴν
3160 1697 3345 1751 ’κοιτά-

1764 1778 1942 1849 ληψιν,
1989 1781 2189 1834 τούτων
2240 1784 2331 1836 καὶ
2377 1786 2474 1855 τὴν
2506 1788 2823 1859 ἀναγραφὴν
2870 1790 3186 1844 συντάσσειν
3223 1792 3347 1862 βού-

1698 1870 1736 1915 .”
1771 1870 1949 1940 λομαι.
2002 1890 2019 1921 1
2052 1873 2174 1927 [an
2222 1876 2497 1944 equidem,
2541 1878 2731 1947 inquit,
2773 1899 2824 1933 11.
2853 1881 2943 1945 55,
2995 1898 3098 1935 11011
3136 1886 3203 1936 ah
3239 1885 3345 1936 alio

1770 1974 1992 2029 accepta
2025 1969 2272 2035 exposui,
2301 1970 2390 2036 qui
2426 1971 2623 2025 multas
2653 1972 2905 2041 rrgionrs
2945 1978 3247 2045 peragravi.
3282 1994 3345 2030 ac

1768 2055 1965 2137 partim
1997 2057 2048 2108 in
2078 2058 2274 2111 vestris
2301 2061 2632 2114 exercitatus
2662 2079 2780 2115 sum
2801 2066 3123 2133 disciplinis,
3144 2069 3344 2137 partim

1772 2148 1822 2200 in
1842 2130 1992 2203 artes
2020 2160 2073 2203 et
2094 2151 2311 2204 inventa
2335 2153 2498 2205 multa
2518 2154 2702 2216 incidi,
2729 2171 2791 2209 ac
2826 2158 3039 2210 tandem
3063 2160 3112 2210 in
3145 2160 3336 2213 Boum-

1771 2256 1960 2293 llOl‘lJlll
1995 2241 2126 2296 urbe
2157 2255 2546 2306 commoratus,
2580 2256 2885 2300 statuarum
2936 2250 3226 2306 varietates
3270 2269 3339 2308 eo

1767 2345 1795 2382 a
1831 2333 1983 2386 vobis
2014 2345 2329 2402 exportatas
2370 2337 2497 2390 vidi.
2542 2335 2656 2390 Non
2689 2339 2856 2404 enim,
2886 2350 2942 2393 ut
2980 2342 3222 2411 plerique
3250 2360 3343 2397 so-

1770 2424 1900 2487 lent,
1928 2425 2118 2480 alienis
2152 2428 2501 2495 opinionibus
2530 2446 2646 2484 mea
2680 2432 3026 2498 continuare,
3057 2436 3149 2488 5011
3191 2453 3339 2504 qum-

1766 2530 1982 2585 cunqne
2012 2517 2142 2580 vidi,
2178 2519 2373 2573 litteris
2401 2523 2657 2575 mandare
2680 2525 3020 2592 aggredior.»
3061 2525 3184 2582 llzec
3211 2544 3337 2581 nar-

1769 2610 1907 2661 ratio
1937 2624 2129 2663 eorutn
2176 2626 2294 2680 quae
2339 2612 2520 2666 11011110
2550 2614 2811 2670 Tati'anns
2840 2618 3072 2679 viderat,
3106 2622 3344 2674 hominis

1765 2713 1850 2757 est
1890 2704 2078 2758 Romae
2112 2720 2215 2756 non
2251 2707 2658 2761 commorantis.
2690 2709 2820 2774 Qua:
2849 2725 3008 2779 Supra
3058 2714 3342 2767 retulimus

1767 2794 1818 2847 in
1834 2796 2179 2851 Crescentem
2200 2799 2339 2851 dicta
2362 2816 2375 2850 :
2401 2799 2646 2853 Crescens
2660 2804 2818 2869 igitur
2836 2803 2944 2865 ille,
2964 2803 3053 2873 qui
3074 2807 3129 2858 in
3146 2823 3340 2875 magna

1767 2884 1892 2935 urbe
1921 2884 2105 2937 nidum
2138 2898 2404 2951 posuerat,
2439 2906 2719 2955 puerorum
2765 2893 2977 2951 quidem
3024 2913 3201 2949 amore
3242 2916 3340 2951 su-

1762 2974 1977 3039 perabat
2027 2994 2242 3042 011100³,
2276 2990 2408 3043 010.,
2459 2982 2707 3035 similiter
2763 2986 2997 3051 probant
3048 2985 3336 3040 Tatianum

1768 3075 1894 3118 tunc
1925 3082 1952 3119 a
1984 3070 2302 3133 Crescente,
2352 3079 2443 3125 aut
2475 3074 2693 3139 saltem,
2734 3076 2779 3129 si
2823 3077 2868 3129 is
2916 3089 3162 3134 mortuus
3194 3094 3337 3145 erat,

96 3173 453 3217 IZCIIIOIISU‘III'B
495 3163 875 3224 instituisset,
921 3164 1035 3233 ipse
1079 3166 1308 3221 Rhodon
1359 3171 1658 3231 solutiones
1687 3170 1729 3225 C
1762 3155 1931 3209 num“
1959 3157 2215 3217 abfuisse-

90 3253 429 3316 Qua'uiomtm
488 3254 723 3308 Tatiani
774 3258 1030 3319 peculiari
1071 3274 1237 3328 opere
1277 3262 1555 3320 editurum
1601 3283 1660 3322 se

88 3362 189 3401 esse
216 3351 528 3415 pollicetur.
561 3369 581 3401 1
638 3350 866 3405 Videtur
903 3355 1013 3408 lnec
1055 3355 1345 3412 litt-reticus
1377 3361 1660 3427 scripsisse

90 3439 346 3509 E'atianus,
376 3454 433 3497 et
468 3445 698 3497 idcirco
734 3445 1043 3512 proﬂigatns
1090 3450 1260 3504 fuisse
1290 3466 1320 3504 a
1361 3451 1656 3514 Rhodonc;

93 3532 199 3594 quia
227 3535 436 3588 scilicet
474 3532 811 3602 Seriptnras
840 3538 1109 3594 obscuras
1138 3551 1191 3594 et
1232 3544 1543 3598 reconditas
1579 3547 1659 3598 di-

95 3620 253 3678 cebat.
277 3633 332 3675 ut
360 3639 523 3677 suam
562 3625 620 3677 111
664 3625 745 3679 eis
778 3628 1162 3696 delorquendis
1192 3640 1246 3685 et
1282 3638 1658 3701 perverteudis

97 3708 344 3766 licentiam
376 3716 730 3770 defenderet.

151 3802 207 3856 11.
243 3802 493 3859 Omnium
567 3807 789 3861 Tatiani
835 3825 1090 3878 operum,
1137 3814 1350 3869 Eusebii
1410 3825 1466 3871 et
1532 3818 1659 3873 1110-

90 3899 275 3967 ronymi
315 3899 569 3967 judicio,
618 3900 1037 3957 celeberrimum
1084 3918 1139 3958 et
1200 3908 1650 3965 ﬂorentissimum

92 3986 198 4051 fuit,
230 3989 410 4044 Oratio
442 3993 707 4045 adversus
749 3991 975 4047 θνητος.
1011 3995 1242 4066 Conjicit
1275 3999 1657 4056 Tillemnntins

90 4081 216 4137 hanc
230 4090 528 4140 orationem
556 4102 748 4141 coram
772 4088 1004 4145 ethnicis
1029 4095 1429 4160 pronuntiatam
1454 4094 1651 4161 fuisse;

94 4172 235 4241 idque
265 4196 436 4233 causm
484 4196 611 4234 esse
646 4182 979 4249 suspicatur.
1017 4200 1114 4237 0111·
1162 4200 1259 4239 1100
1292 4188 1426 4240 satis
1472 4188 1655 4243 elabo-

92 4276 221 4326 rata.
251 4286 343 4324 nec
385 4282 503 4326 arte
544 4282 603 4325 et
640 4273 838 4325 ordine
884 4276 1191 4343 dispcnSata
1236 4278 1506 4333 videatur.
1543 4281 1651 4334 lte-

95 4373 211 4411 vera
237 4364 507 4417 auditores
542 4366 821 4419 interdum
855 4367 1045 4435 alloqui
1079 4370 1319 4432 videtur;
1354 4372 1501 4425 velut
1526 4389 1648 4427 eum

90 4450 165 4500 ait
191 4468 204 4503 :
235 4471 250 4501 1
284 4453 388 4523 Ego
436 4457 633 4524 loquor
682 4465 735 4508 et
784 4471 879 4509 vos
910 4457 1130 4524 auditis,
1164 4478 1218 4514 11.
1248 4460 1299 4514 5.
1331 4462 1531 4517 Audite
1565 4480 1649 4517 me

1836 3250 2184 3305 Elaboratum
2209 3269 2345 3322 Opus
2372 3255 2426 3308 in
2447 3255 2670 3311 Grzecire
2698 3257 2878 3328 aliqua
2905 3261 3038 3316 urbe
3061 3258 3338 3319 existimat

1762 3354 1949 3400 auctor
1979 3345 2381 3403 dissertationis
2401 3347 2695 3405 Oxoniensi
2727 3354 2951 3408 editioni
2983 3360 3202 3414 additae.
3229 3362 3337 3413 (an

1764 3436 1836 3490 ita
1879 3438 2105 3491 sentiret
2138 3439 2220 3492 vir
2266 3440 2425 3509 longe
2456 3443 2821 3504 doctissimus.
2857 3447 2906 3499 id
2960 3453 3123 3504 credo
3167 3456 3340 3506 exsti-

1764 3530 1894 3584 tisse
1920 3546 2120 3595 cansm,
2140 3534 2282 3599 quod
2309 3532 2525 3588 Griecos
2550 3537 2601 3589 in
2628 3538 2731 3591 hac
2758 3541 3005 3594 oratione
3027 3544 3337 3612 alloqnatnr

1762 3620 2048 3676 Tatianus.
2088 3622 2195 3677 Sed
2227 3640 2295 3677 an
2328 3640 2432 3677 non
2467 3628 2641 3694 potuit
2669 3643 2762 3684 005
2782 3631 2944 3684 etiam
2971 3630 3212 3699 Graecos,
3239 3639 3331 3704 qni

1759 3721 1919 3765 erant
1972 3715 2022 3766 in
2086 3712 2330 3778 Oriente,
2378 3716 2575 3783 alloqui
2607 3717 2836 3785 ?Quare
2869 3722 3004 3775 nihil
3049 3740 3109 3777 ea
3140 3727 3207 3779 de
3275 3744 3334 3782 re

1758 3802 1971 3855 videtur
1999 3813 2148 3856 certo
2176 3819 2332 3873 posse
2358 3808 2638 3863 constitui.

1839 3894 1925 3948 111.
1985 3896 2089 3949 Sed
2150 3898 2294 3951 aliud
2352 3909 2465 3963 est,
2510 3901 2562 3953 in
2615 3918 2722 3969 quo
2772 3902 3009 3971 ejusdem
3073 3907 3333 3962 disserta-

1760 3989 1925 4044 tionis
1964 4002 2157 4044 auctor
2190 3990 2402 4060 longius
2438 3994 2651 4047 videtur
2690 4010 2718 4047 a
2756 4011 2885 4050 vero
2915 3982 3191 4055 aberrare.
3226 4000 3330 4055 Fa-

1757 4090 1902 4134 tetur
1953 4081 2239 4135 Tatianum
2291 4082 2343 4135 in
2401 4084 2505 4138 hoc
2551 4086 2815 4151 Opnsculo
2880 4090 3328 4145 adversariorum

1758 4186 2075 4224 mucronem
2110 4169 2247 4225 belle
2280 4175 2593 4229 retundere.
2631 4176 2737 4229 Sed
2769 4177 2959 4230 ibidem
2992 4181 3159 4249 nigrm
3190 4183 3326 4235 lolli-

1755 4263 1891 4330 ginis
1935 4280 2150 4316 succum
2183 4268 2571 4334 wruginemque
2610 4284 2807 4319 meram
2851 4270 3168 4336 deprehendi
3208 4290 3332 4339 pro-

1758 4356 1990 4410 nuntiat.
2030 4375 2048 4406 1
2080 4355 2211 4408 Nam
2253 4372 2507 4422 errores,
2550 4358 2756 4424 inquit,
2805 4374 2941 4426 quos
2987 4361 3250 4417 'l‘atianns
3298 4385 3328 4418 a

1757 4445 2140 4500 Gnosticorum
2174 4462 2312 4516 penu
2354 4448 2703 4518 depromplos
2743 4450 2945 4503 dudum
2977 4454 3159 4507 animo
3188 4458 3330 4509 inse-

98 4552 330 4610 tanquam
371 4565 433 4601 ex
475 4549 600 4602 1000
645 4548 863 4602 excelso
909 4551 1261 4614 clamantem,
1310 4570 1364 4605 11.
1398 4554 1484 4610 17,
1526 4575 1545 4607 1
1581 4555 1651 4608 At

1767 4549 1928 4601 verat,
1958 4550 2013 4593 et
2041 4549 2166 4593 ante
2192 4539 2389 4594 Justini
2426 4551 2657 4595 mortem
2693 4554 2911 4611 propter
2954 4546 3194 4615 magistri
3245 4565 3331 4603 re-

96 4648 242 4686 Reum
285 4642 449 4693 nescit
486 4641 738 4694 solemne
786 4657 903 4694 esse
952 4642 1056 4702 his,
1104 4645 1195 4709 qui
1246 4646 1522 4710 scribunt,
1572 4651 1649 4703 sic

96 4722 342 4780 interdum
376 4731 635 4784 lectorem
678 4731 1026 4797 compellare,
1057 4736 1210 4802 quasi
1250 4736 1389 4790 veris
1427 4740 1649 4792 vocilms

98 4826 375 4873 uterentur.
423 4822 696 4875 Tatianns
744 4821 858 4887 ipse
911 4838 1018 4876 non
1075 4827 1313 4879 oratoris
1362 4830 1456 4883 sed
1508 4832 1647 4883 scri-

98 4909 255 4969 ptoris
283 4923 451 4977 partes
473 4914 579 4967 sibi
606 4914 877 4967 attribuit.
909 4915 995 4968 Ait
1021 4917 1187 4980 enim,
1223 4934 1275 4970 n.
1303 4919 1371 4973 35
1400 4938 1412 4973 :
1455 4940 1473 4971 1
1504 4921 1646 4987 Quo-

98 5000 246 5050 modo
272 5013 444 5058 nostra
477 5007 821 5075 philosophia
853 5010 1048 5063 vestris
1082 5012 1351 5079 antiquior
1381 5014 1451 5066 sit
1489 5016 1650 5068 disci-

100 5088 265 5155 tdinis,
289 5110 401 5149 cum
430 5100 678 5152 Scribere
709 5099 1051 5169 incmperim,
1078 5103 1171 5157 sed
1206 5115 1424 5173 propter
1453 5121 1648 5175 urgen-

102 5184 629 5253 temdispntationem
672 5191 1009 5257 distulerim,
1058 5211 1224 5259 nunc,
1265 5213 1389 5250 cum
1432 5207 1645 5266 tempus

103 5282 217 5335 ﬁt,
250 5279 311 5331 de
343 5281 475 5335 illius
524 5284 764 5338 decretis
807 5284 991 5339 dicere
1031 5289 1334 5356 aggrediar.
1359 5308 1378 5339 1
1427 5291 1489 5343 Et
1521 5306 1643 5358 per-

104 5378 294 5423 oraris:
329 5390 346 5421 1
374 5372 492 5427 Haec
525 5376 700 5435 vobis,
741 5390 775 5427 0
812 5375 982 5430 Graeci
1006 5420 1019 5442 ,
1064 5394 1165 5447 ego
1213 5379 1478 5435 Tatianns
1517 5381 1642 5433 bar-

110 5451 240 5509 bam
264 5462 594 5533 philosophiae
624 5467 881 5523 addictus
912 5471 1215 5535 composui.
1243 5489 1259 5521 1

184 5543 327 5603 Recte
369 5557 613 5609 observat
658 5557 796 5611 idem
834 5563 1316 5626 prmstantissitnns
1348 5562 1646 5617 ’1111011100-

114 5644 216 5694 nus
260 5647 383 5701 lianc
424 5652 719 5705 orationem
786 5666 999 5710 mortuo
1055 5656 1360 5713 Crescentis
1428 5660 1640 5715 insidiis
1690 5694 1693 5697 ν

193 5810 231 5839 ⁵⁸
263 5814 366 5868 Lib.
398 5835 445 5885 ν,
477 5837 525 5876 c.
560 5823 647 5875 15.

1752 4631 2056 4686 verentiam
2104 4632 2592 4694 dissimulaverat,
2638 4643 2827 4702 aperte
2880 4634 3175 4691 defendere
3220 4656 3327 4694 non

1753 4726 1995 4780 erubuit.
2021 4744 2039 4776 1
2076 4725 2139 4778 Et
2167 4724 2309 4779 infra
2338 4740 2353 4777 :
2394 4744 2412 4777 1
2446 4726 2557 4780 Hoc
2585 4726 2638 4779 in
2669 4727 2931 4796 Opuscnlo
2958 4743 3080 4782 cum
3113 4747 3331 4787 errores

1753 4818 2119 4886 pet-absurdos
2150 4816 2203 4868 in
2235 4816 2519 4884 propatulo
2546 4818 2761 4884 doceat,
2788 4834 2911 4873 eum
2942 4836 2969 4871 a
3003 4820 3331 4878 Christianae

1757 4910 2006 4961 veritatis
2034 4906 2209 4960 forma
2253 4919 2305 4961 01
2352 4909 2668 4978 evangelica
2721 4912 2903 4981 regula
2953 4913 3005 4965 id
3062 4919 3327 4985 temporis

1753 5016 1913 5069 quam
1948 5001 2260 5070 longissime
2303 5000 2542 5056 abfuisse
2575 5018 2681 5056 non
2729 5006 3079 5073 anibigitnus.
3110 5008 3173 5060 Et
3203 5023 3325 5062 cum

1755 5095 1948 5163 primis
1977 5095 2252 5148 hominem
2286 5110 2353 5148 ex
2387 5092 2559 5148 tribus
2591 5095 2755 5149 veluti
2793 5099 3000 5151 naturis
3032 5098 3324 5153 conﬂatum

1753 5190 1954 5242 tradit:
1988 5192 2052 5242 ὲκ
2080 5189 2180 5258 τῆς
2214 5188 2366 5258 ὕλης,
2405 5209 2422 5239 1
2452 5204 2517 5243 cx
2555 5192 2812 5255 materia;
2843 5210 2862 5241 1
2900 5194 2963 5245 ἐκ
2988 5191 3087 5262 τῆς
3122 5192 3322 5262 ψυχῆς,

1756 5298 1774 5329 1
1800 5296 1864 5333 ex
1898 5281 2079 5332 anima
2132 5295 2252 5347 quae
2284 5296 2311 5331 a
2354 5281 2576 5333 materia
2609 5282 2876 5351 originem
2915 5285 3095 5348 ducit;
3120 5303 3138 5334 1
3174 5294 3227 5337 01
3256 5286 3322 5336 ἐκ

1749 5374 1842 5427 τοῦ
1878 5374 2205 5444 πνεύματος,
2245 5390 2263 5422 1
2291 5386 2355 5426 es
2398 5374 2589 5439 Splt‘iltl
2636 5376 2727 5441 qui
2760 5389 2789 5425 a
2824 5374 2931 5426 Deo
2972 5390 3065 5429 seu
3101 5391 3130 5427 a
3171 5376 3327 5429 caelis

1757 5475 2048 5541 primordia
2084 5473 2250 5540 capit.
2273 5489 2293 5521 1
2334 5469 2591 5537 DiSpIicet
2628 5470 2793 5523 etiam
2826 5471 3039 5523 erudito
3066 5473 3324 5538 scriptori

1758 5566 1847 5619 illa
1897 5566 2037 5631 apud
2080 5562 2369 5615 Tatianum
2411 5561 2691 5614 distinctio
2723 5563 2952 5615 duorum
3005 5563 3320 5629 spirituum,

1758 5673 1980 5729 quorum
2015 5657 2149 5708 alter
2177 5657 2352 5709 anima
2386 5666 2622 5719 rocatnr,
2660 5654 2795 5707 alter
2824 5668 2954 5707 vero
2979 5656 3326 5724 praestantius
