3792 6502
440 466 544 523 175

438 596 517 644 est
548 581 749 649 anima,
776 579 953 649 imago
992 575 1193 630 scilicet
1221 581 1270 629 et
1308 568 1603 627 similitudo

443 676 547 735 sibi
566 676 620 730 in
653 648 742 729 his
764 669 949 726 verbis
970 667 1203 722 dilucide
1218 662 1508 734 perspicere
1528 655 1917 713 distinctionem
1934 648 2027 704 τοῦ

443 768 629 827 ὓλικοῦ
659 777 713 823 et
740 764 834 820 τοῦ
864 757 1257 834 πνευματικοῦ,
1284 770 1445 827 quam
1472 753 1729 807 Tatianus
1755 753 2028 799 mutuatas

444 874 521 922 est
574 882 605 918 a
637 860 904 918 Gnosticis
953 868 999 911 et
1048 852 1338 925 pra'sertim
1377 867 1410 904 a
1450 844 1752 900 Valentino.
1797 839 2029 893 Tatiano

446 960 589 1017 alios
625 954 880 1011 attribuit
910 963 1153 1011 errores,
1188 957 1385 1015 nempe
1421 940 1681 993 adversus
1706 933 1898 988 animae
1930 931 2031 986 im-

448 1050 844 1108 mortalitatem
894 1054 949 1100 et
1000 1040 1434 1112 simplicitatem,
1469 1042 1525 1089 et
1552 1029 1717 1084 Verbi
1756 1023 2032 1081 aeternita-

454 1155 603 1212 tem;
632 1158 697 1198 ac
726 1157 793 1196 ne
820 1139 907 1196 cui
941 1138 994 1192 111
1051 1143 1290 1191 mentem
1316 1129 1502 1185 veniat
1534 1123 1750 1179 Tatiani
1786 1118 2028 1190 patroci.

453 1238 607 1295 nium
656 1234 960 1301 sescipere,
1013 1229 1094 1286 sic
1150 1223 1468 1284 concludit:
1518 1238 1536 1271 1
1568 1217 1681 1272 Nec
1736 1215 1935 1268 mirum
1984 1211 2029 1265 si

455 1326 600 1384 male
630 1336 685 1380 et
717 1322 961 1394 improbe
1013 1319 1081 1373 de
1127 1312 1535 1387 augustioribus
1568 1307 1900 1364 Christianae
1950 1317 2032 1355 re-

451 1418 675 1491 ligionis
714 1415 989 1487 mysteriis
1044 1410 1315 1467 sentiebat
1355 1405 1467 1468 ille,
1500 1402 1593 1474 qui
1626 1399 2035 1466 conspiraret-at

450 1513 566 1583 jam
600 1526 722 1565 cum
755 1504 1057 1569 Gnoslicis,
1091 1500 1274 1569 impiis
1326 1495 1828 1561 conseeleratisque
1858 1488 2037 1544 homi-

459 1606 647 1669 nibus,
679 1613 733 1658 et
765 1618 795 1655 a
850 1614 980 1654 vera
1012 1598 1067 1653 iu
1120 1594 1289 1650 Deum
1341 1589 1605 1660 religione
1659 1583 2034 1642 alienissimis.

458 1699 606 1753 Sane
628 1696 851 1765 quidem
880 1693 1107 1746 lateretn
1168 1688 1398 1750 lavabit,
1446 1686 1490 1741 si
1524 1685 1646 1753 quis
1675 1681 1795 1749 ejus
1820 1678 2037 1749 generis

461 1798 763 1859 nugatores
788 1801 817 1839 a
851 1784 1009 1853 culpa
1035 1782 1162 1837 velit
1190 1783 1471 1845 eximere;
1498 1785 1552 1832 et
1583 1773 1900 1845 singulatim
1924 1767 2035 1823 Τε-

465 1890 673 1943 tianum
704 1898 867 1939 nemo
914 1894 1157 1953 purgare
1202 1876 1436 1948 poterit,
1485 1872 1576 1944 qui
1627 1866 1902 1925 Valentini
1952 1864 2033 1919 in.

468 1993 637 2033 sanas
663 1978 730 2031 de
766 1969 1034 2029 Eonibus
1070 1970 1362 2041 opiniones
1389 1966 1572 2019 animo
1597 1960 1941 2016 imbiberat»

538 2068 882 2125 Sententiatn
907 2063 1122 2119 Tatiaui
1145 2061 1212 2115 de
1241 2056 1649 2113 immortalitate
1670 2053 1867 2107 animm
1890 2052 2037 2117 ejus-

465 2174 572 2231 que
610 2169 831 2224 natura,
862 2167 916 2212 et
948 2157 1015 2211 de
1057 2153 1221 2209 Verbi
1261 2152 1569 2207 aeternitate
1598 2147 1732 2202 satis
1778 2143 2043 2213 explana-

469 2265 580 2308 tam
612 2262 747 2323 puto
774 2256 826 2306 in
853 2249 1091 2305 secunda
1130 2253 1282 2316 parte
1330 2240 1665 2312 pra-rationis
1697 2247 1753 2292 et
1784 2237 1836 2290 in
1870 2236 2041 2288 adito-

472 2345 788 2401 t‘atianihus.
820 2341 1006 2411 Neque
1047 2339 1210 2395 etiam
1259 2336 1313 2390 in
1369 2349 1436 2389 eo
1493 2329 1790 2387 refellendo
1850 2328 2044 2383 immo-

468 2438 703 2494 randum
731 2434 874 2505 quod
902 2434 983 2488 ait
1012 2433 1096 2486 vir
1116 2428 1546 2492 eruditissimus,
1564 2422 1854 2478 Tatianum
1879 2420 2042 2473 etiam

465 2530 573 2585 sub
598 2526 800 2581 .lustini
830 2522 1118 2593 disciplina
1176 2518 1438 2573 nefariam
1481 2515 1735 2569 haeresim
1772 2527 1893 2567 esse
1934 2526 2046 2565 tne-

469 2624 745 2677 ditatum:
805 2631 979 2686 neque
1035 2614 1183 2669 enim
1248 2609 1590 2682 argumentis
1648 2605 2043 2669 refellendum,

458 2713 619 2784 quod
651 2711 770 2767 sine
799 2710 909 2765 ullo
938 2720 1163 2780 prorsus
1191 2714 1516 2773 argumento
1560 2700 1856 2770 profertur.
1893 2696 2046 2761 Quod

473 2820 656 2865 autem
686 2813 897 2877 speetat
935 2804 1000 2856 ad
1027 2801 1203 2869 ipsum
1233 2796 1556 2868 opusculum
1612 2792 1849 2856 Tatiaui,
1878 2790 2047 2844 multa

475 2903 532 2958 in
562 2917 629 2955 co
653 2898 867 2968 reperio
892 2910 1014 2948 cum
1065 2888 1446 2944 Valentiniaua
1500 2884 1697 2940 hmresi
1726 2883 2046 2952 pugnantia,

474 2993 683 3048 tmllum
716 2997 940 3062 prorSus
1000 2986 1165 3052 hujus
1215 2980 1422 3038 erroris
1452 2976 1768 3047 vestigium,
1802 2990 1869 3029 ne
1901 2976 1952 3027 in
1984 2973 2053 3028 iis

476 3087 695 3156 quidem
761 3098 884 3154 qua:
945 3079 1280 3151 objiciuntur
1347 3072 1416 3129 ab
1485 3080 1711 3128 auctore
1787 3070 2053 3125 disserta-

478 3179 665 3235 tionis.

1322 449 1383 508 S.
1414 441 1749 505 JUSTINUS
1780 427 2259 494 PHILOSOPHUS
2291 423 2379 480 ΕΤ
2405 417 2718 479 MARTYR.

1642 565 1765 621 Dei.
1797 560 2027 616 Videtur
2060 507 2278 615 Aniani
2316 544 2593 615 indignam
2626 532 2971 605 judicabant,
3001 538 3164 596 quam
3196 518 3373 576 Filius
3412 515 3509 572 Dei
3538 512 3701 621 stisti-

3607 399 3695 453 ιτς
3758 388 3759 447 ξ

2130 650 2301 711 peret.
2330 605 2544 704 Corpus
2565 630 2640 685 illi
2678 621 2986 681 tribuebant
3030 613 3265 671 animale
3301 626 3403 665 non
3435 622 3507 662 ex
3545 605 3699 659 Maria

2129 697 2495 797 assumptum.
2528 722 2623 777 sed
2654 735 2751 790 per
2778 715 3001 769 Mariam
3037 708 3376 764 traductum.
3412 697 3588 753 veluti
3621 711 3703 767 per

2129 786 2376 882 cattttl.'ltt
2403 786 2714 888 quemdam.
2745 813 2809 865 At
2836 804 3024 878 pudori
3057 816 3163 856 11011
3200 807 3285 852 est
3309 794 3553 848 Tatiatto
3580 789 3703 843 Deus

2752 866 2914 954 nal'us
2946 897 3015 950 ”.
3065 892 3140 946 Οὐ
3180 889 3289 959 γὰρ
3345 882 3706 975 μωραίᾼνομεν,

2131 1063 2420 1168 aveham
2480 1063 2661 1163 μορφῇ
2700 1081 2981 1155 γεγονέναι
3013 1071 3496 1143 καταγγέλλοντες.
3558 1084 3577 1117 t
3607 1063 3705 1117 Non

2131 1190 2276 1246 enim
2334 1184 2671 1252 desipimus,
2735 1193 2768 1229 o
2821 1170 3016 1235 Grzeei,
3065 1181 3166 1222 nec
3226 1176 3400 1232 nugas
3448 1158 3708 1230 praedica-

2136 1295 2279 1344 mus,
2331 1276 2499 1331 Deum
2558 1272 2660 1326 sub
2707 1264 2946 1323 hominis
3001 1260 3175 1315 forma
3231 1263 3419 1309 natum
3453 1249 3709 1305 nuntian-

2137 1382 2238 1428 tes.
2275 1386 2295 1421 1

2208 1458 2491 1529 Praecipue
2527 1467 2659 1507 vero
2690 1452 2743 1504 in
2785 1459 3050 1503 summam
3095 1453 3306 1496 morum
3349 1429 3711 1502 corruptelam

2147 1522 2559 1608 Valentinianos
2593 1541 2899 1615 praecipites
2942 1536 3167 1592 dederat
3211 1528 3429 1585 sublata
3446 1522 3711 1578 shominis

2139 1645 2363 1701 libertas
2383 1680 2398 1706 ,
2429 1657 2551 1695 cum
2584 1614 2885 1700 semetipsos
2920 1645 3023 1682 non
3073 1641 3164 1693 per
3194 1619 3567 1691 Operationent
3593 1657 3607 1681 ,
3638 1614 3711 1667 sed

2145 1753 2207 1792 eo
2240 1734 2380 1806 quod
2410 1732 2514 1786 sint
2569 1725 2887 1781 naturaliter
2932 1718 3200 1789 spiritales
3221 1754 3235 1779 ,
3268 1711 3579 1768 omnimodo
3620 1707 3713 1761 sal-

2141 1797 2265 1882 tari.
2297 1825 2569 1885 dicerent,
2598 1818 2767 1881 lren.,
2803 1815 2897 1869 lib.
2930 1829 2984 1878 1,
3016 1826 3064 1865 c.
3104 1810 3159 1864 6.
3189 1809 3260 1862 At
3289 1803 3559 1858 Tatianus
3602 1797 3716 1853 nihil

2068 1919 2193 1980 Bin
2255 1920 2419 1972 rebus
2466 1912 2668 1968 creatis
2710 1917 2903 1961 natura
2953 1902 3155 1957 malum
3204 1911 3331 1952 esse
3386 1892 3640 1947 declarat
3682 1890 3717 1946 ‘.

2152 2011 2306 2067 Ἐπεὶ
2330 2008 2492 2070 αὐτὸς
2520 2004 2616 2076 μὲν
2650 2003 2758 2054 πᾶν
2781 1998 2842 2052 τὸ
2877 1992 2934 2050 εὖ
2960 2011 3074 2057 πως
3109 1992 3228 2062 ἕχον
3262 1984 3717 2059 ἐδημιούργησεν·

2140 2108 2174 2179 ἡ
2208 2106 2265 2159 δὲ
2298 2102 2405 2157 τῶν
2437 2100 2705 2168 δαιμόνων
2740 2090 2969 2153 ἀσωτία,
3009 2088 3122 2149 τοῖς
3168 2086 3225 2138 ὲν
3257 2079 3334 2151 τῷ
3368 2080 3571 2149 κόσμῳ
3603 2073 3720 2147 πρὸς

2140 2196 2202 2253 τὸ
2261 2192 2577 2249 κακοποιεῖν
2634 2185 2924 2259 ἐχρήσατο.
2967 2199 2986 2233 1
3052 2180 3214 2239 Dens,
3279 2173 3495 2243 inquit,
3554 2170 3718 2225 oumia

2146 2290 2288 2344 bene
2322 2302 2381 2340 se
2412 2279 2666 2338 habentia
2700 2275 2945 2341 creavit,
2980 2272 3076 2326 sed
3116 2270 3423 2323 daemonum
3459 2264 3721 2331 intempe-

2145 2378 2323 2434 rantia
2361 2375 2450 2435 iis,
2486 2385 2609 2441 quae
2655 2369 2708 2422 in
2742 2364 2943 2420 tnundo
2972 2368 3135 2425 sunt,
3168 2356 3235 2411 ad
3285 2354 3429 2409 male
3463 2353 3717 2422 agendum

2147 2468 2315 2519 abusa
2347 2473 2452 2516 est.
2509 2478 2527 2511 1
2564 2455 2771 2513 .lustiui
2806 2451 3050 2521 magistri
3087 2446 3333 2517 vestigiis
3378 2444 3638 2498 homines
3676 2453 3721 2495 et

2146 2555 2372 2623 angelos
2393 2568 2421 2605 a
2455 2551 2565 2605 Deo
2596 2548 2797 2601 liberos
2824 2546 2983 2598 docet
3016 2540 3181 2594 fuisse
3234 2547 3459 2593 creatos
3483 2537 3527 2590 ¹.
3557 2534 3723 2595 Ὅπως

2148 2650 2177 2702 ὁ
2214 2647 2312 2717 μὲν
2360 2644 2559 2713 φαῦλος
2605 2638 2827 2700 δικαίως
2880 2632 3176 2703 κολάζηται
3210 2630 3275 2683 δι’
3304 2628 3473 2682 αὑτὸν
3505 2623 3725 2697 γεγοιλκ

2153 2736 2428 2811 μοχθηρός
2454 2752 2467 2765 ο
2503 2734 2531 2784 ὁ
2552 2732 2607 2785 δὲ
2639 2730 2843 2791 δίκαιος
2878 2728 3038 2797 χάριν
3075 2722 3183 2777 τῶν
3230 2717 3726 2792 ἀνδραγαθημάτων

2149 2828 2317 2895 ἀξίως
2351 2822 2663 2893 ἐπαινῆται.
2694 2838 2712 2871 1
2745 2819 2809 2873 Ut
2842 2818 3015 2872 malus
3046 2816 3244 2869 merito
3266 2812 3530 2881 puniatur
3566 2825 3658 2879 per
3682 2821 3727 2860 se

2153 2919 2437 2989 improbus
2463 2914 2643 2968 factus
2667 2952 2681 2977 ,
2709 2912 2891 2979 justus
2922 2917 3106 2962 autem
3145 2909 3215 2960 ob
3249 2915 3397 2959 recte
3426 2902 3582 2956 facta
3613 2902 3718 2969 jure

2154 3009 2435 3063 laudetur.
2485 3025 2503 3058 1
2542 3004 2672 3071 Quae
2718 3000 2974 3072 prmdicta
3011 3006 3173 3062 sunt,
3226 2996 3391 3048 libera
3436 2993 3727 3063 eligendum

2155 3102 2425 3157 voluntate
2467 3099 2613 3151 docet
2645 3094 2893 3158 evenire;
2928 3105 3029 3146 nec
3074 3090 3200 3143 mali
3228 3087 3498 3156 originem
3532 3085 3729 3140 aliunde

2159 3194 2357 3263 repetit
2401 3206 2560 3260 quam
2608 3203 2673 3241 ex
2727 3186 2893 3241 libero
2947 3181 3177 3236 arbitrio
3202 3180 3243 3234 ³.
3279 3178 3393 3231 Οὐκ
3448 3176 3732 3247 exavdirele

550 3268 697 3325 Fons
719 3277 773 3322 et
798 3267 951 3337 origo
975 3263 1188 3320 Tatiani
1221 3278 1490 3330 errorum,
1518 3270 1576 3316 ut
1599 3274 1762 3329 supra
1790 3258 2044 3321 vidimus,

2176 3258 2295 3358 τρὸς
2327 3284 2387 3339 τὸ
2419 3258 2810 3352 ἀποθνήσκειν,
2847 3276 3263 3345 ἀποθνήσκομεν
3295 3272 3352 3325 δὲ
3393 3272 3461 3325 δι’
3500 3267 3728 3330 ἑαυτούς.

482 3377 654 3434 prava
685 3361 898 3417 exstitit
934 3360 1003 3414 de
1033 3357 1221 3414 nmndi
1271 3356 1551 3412 creatione
1603 3352 1894 3408 sententia.
1928 3350 2056 3405 Inde

480 3462 777 3512 manarunt
805 3451 1035 3517 .Eones,
1085 3449 1213 3504 inde
1262 3447 1589 3518 Demiurgus
1612 3460 1719 3500 non
1748 3443 1927 3499 lucem
1971 3441 2058 3496 fa-

482 3551 660 3613 ciens,
697 3546 792 3603 sed
822 3556 881 3601 ut
912 3545 1008 3599 liat
1035 3551 1233 3612 optans
1277 3549 1334 3595 et
1369 3553 1573 3604 orans;
1603 3538 1731 3593 inde
1761 3539 1828 3591 de
1851 3535 2056 3591 Christi

485 3656 680 3705 carne,
711 3640 779 3695 de
804 3639 1205 3694 resurrectione
1234 3644 1292 3690 et
1339 3633 1407 3689 de
1454 3632 1628 3688 libero
1667 3629 1896 3685 arbitrio
1923 3628 2060 3684 stul-

486 3734 700 3789 tissima
734 3741 1067 3788 commenta.
1101 3728 1171 3784 At
1219 3728 1272 3782 in
1309 3724 1564 3780 Oratione
1613 3724 1865 3779 adversus
1910 3719 2064 3776 Grat-

487 3842 578 3881 cos
611 3825 855 3881 materiae
874 3823 1208 3881 creationem
1228 3821 1355 3875 (lata
1376 3833 1539 3888 opera
1570 3817 1833 3874 defendit.
1856 3816 2064 3884 λειμω-

487 3918 607 3991 10111,
632 3918 747 3972 Deo
768 3917 1008 3972 futuram
1032 3912 1312 3968 contendit
1341 3911 1385 3966 si
1420 3910 1661 3964 increata
1685 3919 1829 3965 esset
1844 3910 1911 3966 ’⁷.
1928 3908 2065 3962 Οὔτε

486 4012 599 4084 γὰρ
658 4009 893 4081 ἄναρχος
946 4008 981 4078 ἡ
1033 4004 1133 4076 ὕλη
1183 4004 1434 4076 καθάπερ
1471 4006 1500 4057 ὁ
1540 4002 1693 4065 Θεὸς,
1736 4000 1857 4054 οὐδὲ
1894 3999 1981 4054 διὰ
2006 4000 2067 4053 τὸ

487 4106 724 4176 ἄναρχον
765 4098 1082 4170 ίσοδύναμος
1136 4097 1216 4168 τῷ
1249 4095 1399 4167 Θεῷο
1460 4095 1692 4165 γεννητὴ
1725 4094 1783 4148 δὲ
1842 4092 1936 4148 καὶ
1970 4093 2069 4163 οὐχ

488 4192 598 4254 ὑπὸ
632 4193 726 4250 τοῦ
770 4192 929 4249 ἄλλου
973 4192 1247 4262 γεγονυῖα,
1286 4190 1445 4260 μόνον
1484 4190 1541 4243 δὲ
1573 4188 1677 4242 ὑπὸ
1726 4186 1821 4241 τοῦ
1854 4186 2070 4239 πάντων

487 4287 825 4361 δημιούργου
873 4283 1312 4357 προϐεϐλημένη.
1350 4302 1368 4335 1
1400 4280 1515 4336 Non
1551 4285 1695 4336 enim
1732 4290 1881 4336 caret
1916 4281 2071 4333 initio

492 4383 749 4447 materia,
796 4378 1259 4451 quemadmodum
1294 4376 1465 4442 Deus;
1492 4390 1592 4431 nec
1617 4373 1749 4440 Deo,
1782 4383 1840 4428 ut
1875 4372 2072 4443 princi-

490 4474 569 4545 pii
597 4488 817 4543 expers,
854 4485 1040 4541 parem
1077 4468 1240 4523 habet
1262 4476 1585 4537 potestatem
1615 4481 1633 4519 :
1664 4481 1853 4521 verum
1883 4471 2071 4518 creata

494 4574 601 4630 est,
633 4576 734 4618 nec
757 4561 826 4616 ab
855 4561 962 4615 alio
988 4560 1165 4625 facta;
1198 4561 1291 4613 sed
1328 4575 1356 4612 a
1387 4559 1504 4613 solo
1544 4558 1922 4613 universorum
1951 4556 2071 4625 opi-

494 4658 599 4712 llce
628 4655 948 4725 producta.»
1010 4652 1238 4708 Feriunt
1269 4653 1384 4708 h:ec
1426 4654 1591 4705 verba
1632 4650 2066 4712 Valentiniauos,

492 4760 795 4817 eorumque
823 4745 890 4801 de
950 4746 1191 4802 materia:
1247 4745 1551 4799 aeternitate
1597 4758 1661 4797 ac
1718 4759 1848 4798 vero
1901 4757 2063 4810 supra

496 4851 802 4896 creatorem
827 4840 941 4895 Deo
992 4838 1227 4894 somnia.
1274 4836 1342 4891 Ut
1394 4834 1804 4889 Valentinianos
1840 4834 2068 4887 materia

497 4933 760 4996 increata,
792 4941 849 4988 et
881 4931 1024 4986 Deus
1068 4929 1384 4984 a'ereatore
1425 4928 1675 4981 diversus
1708 4941 1772 4981 eo
1811 4925 2070 4989 ducebat,

498 5036 559 5082 ut
584 5041 784 5096 corpus
820 5027 1122 5081 humanum
1155 5019 1255 5077 nec
1283 5035 1413 5075 vero
1438 5030 1492 5075 et
1525 5017 1743 5073 sublimi
1777 5017 1888 5071 Deo
1925 5032 2071 5070 cura:

499 5134 646 5183 esse,
676 5135 773 5173 nec
802 5120 870 5172 ah
922 5117 1121 5187 opilice
1170 5114 1381 5169 restitui
1435 5127 1593 5182 posse
1653 5109 1975 5175 crederent;
2004 5110 2076 5162 ita

502 5212 769 5268 Tatiauus
793 5227 861 5267 ex
886 5225 953 5265 eo
980 5210 1127 5280 quod
1182 5206 1415 5260 materia
1453 5213 1640 5260 creata
1685 5204 1779 5270 sit,
1812 5214 1867 5257 et
1896 5218 1925 5255 a
1961 5202 2078 5256 solo

504 5309 887 5362 universorum
919 5301 1116 5372 opiﬂce
1149 5308 1357 5364 creata,
1401 5312 1688 5366 corporum
1720 5296 2081 5349 resurrectio-

506 5416 630 5454 nem
658 5397 875 5451 astruit.
910 5395 1075 5450 Addit
1104 5393 1249 5448 enim
1276 5392 1523 5461 protinus
1552 5390 1598 5421 ³⁸
1625 5406 1638 5442 :
1672 5389 1780 5441 Kal.
1800 5386 1889 5441 διὰ
1920 5387 2080 5440 τοῦτο

502 5490 601 5546 καὶ
651 5487 919 5560 σωμάτων
985 5484 1276 5539 ἀνάστασιν
1342 5480 1559 5534 ἔσεσθαι
1606 5478 2077 5550 πεπιστεύκαμεν.

512 5596 534 5632 1
564 5578 856 5651 Propterea
880 5576 1047 5631 etiam
1093 5587 1382 5643 corporum
1439 5570 1893 5625 resurrectionem
1934 5570 2082 5623 lutu-

510 5687 627 5725 ram
659 5671 989 5726 credimus.)
1017 5667 1325 5721 Humanam
1352 5679 1599 5726 carnem,
1634 5674 1821 5733 utpote
1843 5664 1912 5715 ab
1948 5662 2085 5716 inle-

512 5769 660 5822 riore
693 5768 797 5822 deo
822 5780 891 5821 ex
943 5762 1174 5820 materia
1208 5759 1450 5814 increata
1502 5758 1778 5813 conditam
1838 5756 2085 5811 Valenti-

586 5925 629 5959 ⁸⁷
664 5923 730 5981 Ν.
772 5924 827 5981 5.
900 5924 947 5957 "
972 5922 1116 5979 N.G.
1191 5922 1237 5958 ⁹⁹
1278 5923 1345 5979 Ν.
1380 5923 1471 5979 21.
1548 5922 1567 5956 ί
1596 5923 1663 5981 Ν.
1696 5925 1780 5978 17.
1857 5925 1879 5959 ³
1908 5924 1974 5981 Ν.
2009 5924 2069 5980 7.

2172 3379 2477 3433 Ἀπὼλεσεν
2510 3376 2656 3447 ἡμᾶς
2690 3372 2750 3426 τὸ
2801 3368 3147 3435 αὐτεξούσιον
3171 3382 3185 3395 ⁸
3238 3363 3413 3419 δοῦλοι
3446 3363 3733 3432 γεγόναμεν

2158 3475 2207 3527 οἱ
2241 3470 2536 3541 ἐλεύθεροι,
2591 3466 2677 3519 διὰ
2727 3463 2822 3534 τὴν
2873 3460 3141 3535 ἁμαρτίαν
3190 3455 3534 3529 ἐπράθημεν.
3592 3452 3735 3511 Οὐδὲν

2162 3563 2366 3636 φαῦλον
2393 3558 2496 3613 ὑπὸ
2522 3559 2615 3612 τοῦ
2649 3556 2784 3610 Θεοῦ
2812 3554 3127 3625 πεποίηται,
3162 3550 3258 3621 τὴν
3292 3550 3566 3619 πονηρίαν
3599 3547 3738 3617 ἡμεῖς

2165 3652 2537 3722 ἀνεδείξαμεν.
2560 3650 2620 3703 Οἱ
2656 3647 2710 3701 δὲ
2744 3643 3144 3708 ἀναδείξαντες,
3169 3639 3382 3693 δυνατώ⁸
3416 3639 3588 3693 πάλιν
3623 3653 3729 3707 παρ-

2164 3743 2513 3816 αιτήσασθαι,
2569 3761 2585 3791 1
2645 3738 2760 3793 Non
2814 3735 2942 3790 facti
3001 3749 3189 3788 sumus
3242 3740 3302 3785 ttt
3360 3744 3735 3785 morerentur:

2167 3838 2402 3910 perdidit
2434 3850 2531 3888 nos
2562 3833 2735 3886 libera
2771 3830 3050 3892 voluntas;
3079 3826 3224 3881 servi
3276 3824 3404 3878 laeti
3441 3838 3637 3877 sumus
3664 3819 3738 3888 qui

2169 3928 2329 3984 liberi
2359 3940 2613 3988 eramus;
2647 3937 2745 3992 per
2789 3928 3077 3992 peccatum
3112 3915 3315 3971 venditi
3345 3929 3565 3969 sumus.
3610 3910 3739 3966 Nihil

2171 4020 2297 4075 mali
2357 4018 2563 4071 factum
2612 4022 2699 4068 est
2737 4027 2767 4067 a
2829 4011 2979 4075 Deo;
3033 4024 3132 4063 nos
3187 4006 3287 4077 ipsi
3338 4006 3740 4075 improbitatem

2168 4107 2554 4181 produximus.
2610 4104 2743 4159 Eam
2792 4115 2923 4156 vero
2967 4100 3056 4169 qui
3110 4096 3530 4167 produxerunt,
3579 4094 3743 4147 denuo

2173 4201 2459 4270 repudiare
2490 4205 2735 4269 possunt.
2776 4213 2795 4246 1
2853 4190 3319 4260 Quemadmodum
3352 4186 3611 4241 homines
3640 4204 3743 4238 0111-

2173 4310 2273 4348 nes
2306 4300 2530 4363 peccato
2560 4286 2751 4342 Adatni
2782 4285 3002 4338 vitiatos
3046 4283 3252 4347 fuisse,
3284 4282 3358 4334 ita
3386 4281 3556 4334 etiam
3585 4276 3745 4331 omni.

2174 4386 2297 4451 bus,
2331 4394 2391 4437 ut
2444 4384 2497 4437 in
2553 4379 2792 4437 secunda
2848 4385 3002 4448 parte
3057 4375 3327 4438 vidimus,
3379 4371 3745 4427 necessarium

2177 4492 2300 4533 esse
2330 4475 2571 4546 Spiritus
2610 4470 2786 4526 sancti
2832 4467 3093 4522 auxilium
3125 4467 3315 4530 docet,
3351 4472 3410 4516 ut
3445 4464 3541 4517 Dei
3583 4463 3748 4519 intago

2180 4569 2233 4622 in
2260 4569 2339 4623 eis
2370 4569 2712 4627 restituatur,
2757 4561 2956 4617 nedum
2996 4570 3327 4629 quemquam
3362 4562 3565 4607 natura
3608 4552 3749 4621 spiri-

2177 4661 2379 4717 tualem
2411 4674 2533 4714 esse
2561 4661 2831 4712 crederet.

2247 4752 2478 4823 Nuptias
2515 4751 2570 4805 in
2603 4749 2709 4804 diis
2737 4749 2934 4802 merito
2966 4744 3161 4800 irridet
3190 4741 3479 4807 Tatianus,
3513 4757 3574 4797 tt.
3610 4740 3676 4804 8,
3706 4745 3753 4789 at

2181 4846 2235 4899 in
2271 4843 2582 4899 hominibus
2614 4840 2856 4911 legitime
2896 4845 3209 4894 contractas
3242 4850 3517 4904 nusquam
3547 4836 3751 4900 vitupe-

2183 4944 2290 4992 rut.
2330 4934 2584 5004 Virgines
2632 4932 2977 4987 Christianas
3004 4930 3246 4997 laudat‘,
3273 4944 3389 4997 quae
3418 4927 3609 4981 divina
3646 4942 3756 4978 ora-

2182 5030 2300 5082 cnla
2324 5027 2520 5079 circum
2550 5025 2669 5078 cola
2704 5024 3044 5088 recitabant,
3073 5039 3178 5075 non
3210 5031 3269 5075 ut
3306 5020 3409 5074 hoc
3442 5019 3751 5073 institutum

2198 5120 2373 5174 instar
2419 5116 2553 5185 legis
2599 5115 2851 5170 omnibus
2900 5114 3251 5184 praescribat,
3301 5112 3397 5167 sed
3432 5120 3496 5164 ut
3536 5108 3756 5181 repellat

2189 5210 2415 5265 dicteria
2466 5209 2842 5271 ethnicorum,
2901 5206 2992 5276 qui
3042 5206 3384 5260 Christianos
3434 5202 3759 5258 dictitabant

2188 5302 2327 5354 inter
2353 5299 2599 5353 mulieres
2637 5309 2684 5352 et
2714 5300 3087 5363 adolescentes,
3125 5300 3265 5353 inter
3292 5298 3522 5367 virgines
3552 5307 3603 5350 et
3634 5310 3756 5349 anns

2191 5392 2407 5461 nugari.
2455 5390 2548 5444 Sic
2584 5390 2753 5445 etiam
2783 5392 2958 5444 atlicta
3008 5389 3330 5445 Christianis
3359 5388 3599 5443 crimina
3644 5402 3759 5456 pro-

2193 5484 2376 5553 pulsat
2402 5483 2457 5545 ⁸,
2499 5483 2740 5551 iniquam
2772 5482 2843 5537 ob
2892 5481 3069 5535 sol-um
3118 5496 3313 5536 nomen
3344 5480 3759 5535 condemnatio-

2193 5590 2317 5629 nem
2343 5574 2529 5645 objicit
2557 5573 2822 5640 ethnicis,
2856 5582 2916 5626 ut
2963 5573 3242 5629 catholica:
3276 5572 3537 5629 Ecclesia:
3582 5572 3760 5628 delen-

2194 5682 2309 5735 sor,
2348 5682 2412 5721 ac
2439 5675 2852 5736 persecuturum
2886 5666 3007 5721 telis
3040 5667 3307 5737 prmeipue
3342 5665 3654 5733 expositus,
3682 5678 3760 5716 ue-

2196 5760 2324 5814 dum
2374 5768 2503 5812 tunc
2555 5755 2698 5811 inter
2748 5755 3037 5812 haereticos
3090 5765 3427 5823 versaretur,
3482 5770 3630 5826 quos
3681 5760 3760 5807 aut

2145 5921 2371 5977 'N.ll.
2443 5917 2665 5975 ‘N.35
2736 5918 2981 5973 ελεγ.
