3792 6518
131 349 235 405 ΓΠ

1096 362 1161 420 D.
1203 364 1467 422 MARANI
1500 367 1890 428 PREFATIO.
1926 402 1991 412 -η
2027 371 2208 434 PARS
2239 371 2328 429 Hi.

123 472 438 537 persecutio
466 481 689 544 tangere
718 490 827 531 non
858 477 1091 549 solebat,
1123 493 1217 539 aut
1248 487 1494 556 negando
1522 488 1709 546 elude—
1735 501 1783 559 Α
1814 491 1914 547 hoc
1958 501 2041 547 est
2086 495 2154 546 ad
2183 491 2392 556 Titum,
2430 488 2655 561 apostoli
2696 486 3153 560 pronuntiandam
3192 486 3380 542 credi-

120 561 312 615 batur.
349 564 603 622 Ερριεείίε
632 573 918 628 catholicae
949 589 1127 632 mores
1149 578 1414 635 describit
1434 597 1555 636 cum
1587 585 1702 649 ait,

120 673 176 707 ιι.
209 657 282 710 52
318 672 335 710 :
368 658 723 731 Φιλοσοφοῦσί
772 684 831 719 τε
881 666 942 720 οὐ
999 668 1161 739 μόνον
1208 673 1256 726 oi
1309 673 1700 742 πλουτοῦντες,

115 746 261 801 ἀλλὰ
312 750 406 802 καὶ
457 753 504 806 οί
556 754 785 827 πένητες
824 758 1025 828 προῖκα
1059 760 1156 831 τῆς
1188 761 1537 831 διδασκαλίας
1569 770 1705 823 ἀπο-

114 836 463 895 λαύουσι.....
500 844 636 903 Τοὺς
680 846 733 899 δὲ
764 848 1065 918 ἀκροᾶσθαι
1100 851 1454 926 βουλομένους
1497 859 1703 925 πάντας

110 926 294 993 οὕτως
328 933 683 1005 προσιέμεθα,
715 936 819 990 κᾶν
842 940 1196 1013 πρεσϐύτιδες
1217 936 1338 1008 ὦσι,
1368 945 1473 1000 κᾶν
1507 947 1701 1019 μειρά-

112 1036 215 1073 κια
235 1036 253 1052 θ
288 1024 441 1076 πᾶσά
468 1042 523 1077 τε
541 1026 872 1094 ἁπαξαπλῶς
892 1031 1077 1103 ἡλικία
1110 1034 1240 1105 παρ’
1272 1037 1408 1106 ἡμῖν
1439 1037 1697 1109 τυγχάνει

109 1113 303 1184 τιμῆς.
325 1116 408 1169 Τὰ
439 1117 495 1169 δὲ
522 1119 619 1189 τῆς
648 1121 934 1191 ἀσελγείας
950 1127 1140 1197 πόρρω
1156 1126 1507 1200 κεχώρισται.
1538 1130 1700 1186 «ΡΙιί-

110 1204 483 1275 losopliantnr
534 1225 639 1265 non
692 1214 864 1267 solum
901 1216 1126 1285 divites,
1177 1220 1271 1274 sed
1317 1232 1367 1275 et
1422 1236 1691 1292 pauperes

108 1298 363 1365 gratuito
392 1300 639 1357 doctrina
682 1305 1129 1373 periruuntur....
1159 1310 1482 1383 Quicunque
1516 1327 1697 1372 autem

107 1384 313 1441 audire
362 1391 667 1455 voluerint.
715 1411 904 1452 omnes
963 1400 1067 1453 hoc
1112 1402 1270 1457 modo
1326 1406 1695 1473 admittimus,

106 1477 283 1531 etiam
330 1481 377 1533 si
416 1498 580 1550 anus,
627 1487 794 1540 etiam
836 1490 878 1542 si
930 1490 1310 1548 adolescentes
1354 1494 1586 1564 iuerint,
1634 1515 1699 1555 ac

98 1570 259 1625 omni
296 1588 521 1641 prorsus
564 1578 711 1646 aptati
758 1594 888 1634 suus
933 1591 1016 1637 est
1048 1584 1191 1653 apud
1235 1600 1333 1641 nos
1372 1586 1563 1654 honor,
1603 1592 1697 1645 sed

102 1660 271 1731 longe
318 1665 474 1719 abest
522 1666 766 1724 lascivia.
815 1691 832 1721 ι
867 1671 1151 1730 “terebant
1180 1678 1353 1732 adhuc
1378 1681 1559 1734 animo
1585 1681 1695 1736 Ta-

102 1752 246 1807 tiani
273 1796 290 1820 ,
330 1770 453 1811 cum
498 1759 612 1813 haec
641 1762 935 1829 scriberet,
968 1781 1074 1819 non
1106 1768 1281 1824 solum
1311 1769 1510 1826 Justini
1551 1789 1693 1842 prte-

1807 582 1916 648 dit,
1955 582 2352 653 parvipendens
2394 580 2685 637 Marcionis
2721 589 2776 637 et
2813 580 3080 643 aliormn,
3114 579 3206 648 qui
3251 593 3379 632 cum

1804 687 1870 727 eo
1912 673 1965 727 in
1998 672 2100 727 hac
2146 661 2302 742 parte
2337 673 2727 737 consentiunt,
2766 672 3144 727 assertionem.
3180 687 3199 720 ι
3230 665 3378 722 Non-

1806 763 1951 818 nulla
1978 764 2145 819 etiam
2172 765 2418 835 Apostoli
2450 765 2619 831 dicta,
2660 763 2837 835 inquit
2867 762 3152 823 Eusebius,
3173 760 3267 814 lib.
3297 772 3373 823 tv,

1804 870 1923 926 cap.
1955 855 2059 924 29,
2096 857 2220 912 aliis
2266 857 2449 913 verbis
2486 856 2797 924 exprimere
2830 870 2995 911 ausus
3025 868 3146 909 esse
3176 852 3374 915 fertur,

1802 945 1956 1015 quasi
1989 960 2176 1001 eorum
2205 946 2653 1016 compositionem
2682 945 3000 1000 ememlans.

1875 1034 1938 1088 γ.
1973 1035 2079 1091 Sed
2112 1038 2435 1107 prmcipuum
2454 1036 2670 1092 Tatiani
2710 1036 2923 1091 facinus
2955 1034 3153 1090 enituit
3182 1035 3235 1089 in
3266 1049 3376 1088 uno

1800 1141 1869 1184 ex
1898 1138 2132 1198 quatuor
2165 1129 2474 1197 Evangeliis
2503 1128 2931 1197 contpingendo,
2977 1126 3120 1197 quod
3166 1126 3376 1180 idcirco

1800 1220 2215 1287 Διατεσσάρων
2236 1219 2559 1289 appellabat.
2590 1217 2891 1288 Συνάφειάν
2925 1235 3046 1271 τινα
3078 1216 3173 1271 καὶ
3208 1232 3373 1271 συνα-

1798 1311 1984 1383 γωγὴν
2034 1312 2135 1365 οὐκ
2174 1306 2270 1365 οἷδ’
2313 1313 2460 1375 ὅπως
2486 1311 2593 1367 τῶν
2638 1311 2986 1379 Εὐαγγελίων
3035 1308 3280 1375 συνθεὶς,
3314 1306 3377 1363 τὸ

1798 1402 2215 1471 Διατεσσάρων
2263 1403 2420 1457 τοῦτο
2476 1405 2917 1474 προσωνόμασεν.
2960 1403 3025 1455 Ὀ
3074 1402 3167 1457 καὶ
3218 1402 3373 1474 παρά

1798 1513 1937 1549 τισιν
1978 1496 2146 1549 εἰσέτι
2194 1494 2288 1550 νῦν
2339 1496 2583 1568 φέρεται.
2628 1514 2647 1547 ‹
2682 1495 2963 1559 Catenam,
3001 1497 3175 1566 inquit
3203 1497 3375 1550 Euse-

1798 1589 1918 1644 bius
1953 1589 2016 1653 “,
2050 1597 2105 1643 et
2137 1588 2511 1643 collectionem
2544 1590 2730 1643 nescio
2755 1604 2917 1658 quam
2948 1587 3372 1659 Evangeliorum

1797 1681 2094 1739 contexuit.
2130 1696 2293 1751 quam
2313 1680 2695 1752 Διατεσσάρων
2718 1678 3017 1735 nominavit
3040 1696 3055 1732 :
3076 1680 3218 1750 quod
3234 1694 3374 1750 opus

1798 1789 1827 1827 a
1855 1772 2175 1843 quibusdam
2215 1771 2509 1828 etiamnum
2555 1773 2811 1827 habetur.
2854 1791 2873 1825 ι
2906 1771 2971 1826 Ει
2999 1770 3331 1843 Epiphanius
3354 1812 3370 1835 ,

99 1855 267 1913 cepta
291 1887 306 1908 ,
336 1862 499 1915 quem
544 1850 721 1906 virum
757 1852 809 1906 in
853 1855 1045 1924 primis
1086 1859 1465 1916 admiramlnm
1491 1873 1650 1919 vocat

1820 1836 1987 1924 ite-res.
2034 1870 2103 1923 46
2147 1887 2161 1924 :
2212 1869 2443 1937 Λέγεται
2473 1868 2531 1921 δὲ
2568 1867 2627 1920 τὸ
2660 1836 3076 1936 Διατεσσὰρων
3101 1836 3368 1937 ⁷Εὐαγγέσ-

102 1935 204 1988 sed
231 1937 403 1991 etiam
451 1942 693 2007 praeclari
747 1943 820 1997 illi
870 1946 1089 2014 pietatis
1124 1958 1336 2014 motus,
1372 1968 1511 2022 quos
1559 1956 1688 2010 olim

99 2041 468 2095 persenserat
488 2072 503 2095 ,
537 2047 656 2087 cum
685 2036 983 2093 miraretur
1014 2040 1065 2095 in
1099 2041 1253 2097 libris
1281 2046 1453 2101 sacris
1483 2048 1688 2103 doctri-

101 2133 230 2171 nam
256 2119 532 2178 haereticis
560 2127 891 2194 oppositam,
911 2132 1169 2186 universa:
1197 2136 1486 2192 creationis
1517 2138 1691 2209 expli-

96 2212 366 2265 cationem
412 2226 568 2283 captu
599 2217 849 2286 facilem,
879 2238 941 2277 ac
965 2223 1289 2295 singularem
1323 2231 1688 2288 universorum

94 2304 462 2371 principatum
487 2305 531 2361 '.

171 2394 461 2450 immerito
510 2399 782 2469 vituperat
832 2403 975 2460 idem
1029 2408 1117 2462 vir
1168 2410 1519 2471 doctissimus
1566 2433 1687 2488 qua:

94 2486 247 2553 apud
286 2486 582 2544 Tatianum
621 2493 688 2548 de
724 2509 954 2565 corpore
980 2539 995 2562 ,
1040 2500 1222 2556 anima
1260 2513 1315 2558 et
1348 2507 1540 2576 spiritu
1563 2486 1595 2573 ,Ὗ
1622 2526 1686 2566 ac

93 2578 338 2635 duorum
396 2584 687 2651 spirituum
739 2589 1088 2647 distinctione
1131 2595 1405 2652 dicuntur.
1457 2598 1682 2657 Etiamsi

94 2670 369 2728 Tatianus
410 2674 683 2732 hominem
737 2694 801 2733 ex
856 2696 1115 2751 corpore,
1162 2687 1342 2742 anima
1387 2699 1443 2744 et
1491 2692 1681 2761 spiritu

91 2776 497 2835 componeret,
529 2770 752 2825 minime
780 2772 830 2825 id
870 2776 1195 2842 reprehendi
1249 2779 1467 2834 deberet
1493 2822 1507 2845 ,
1556 2798 1679 2837 cum

91 2855 285 2909 anima
335 2870 481 2927 εει-ρο
530 2859 753 2925 Spiritus
809 2874 1054 2928 vocetur,
1104 2882 1168 2921 ac
1222 2867 1459 2936 Spiritus
1504 2872 1679 2927 Sant'ti

92 2948 305 3003 donum
342 2966 484 3020 saepe
515 2951 748 3009 hominis
779 2957 1006 3026 spiritus
1038 2960 1270 3015 dicatur.
1316 2964 1386 3017 At
1417 2963 1679 3021 Tatiamts

91 3041 339 3093 animam
370 3043 659 3113 distinguit
693 3062 722 3100 a
756 3048 815 3103 S.
850 3049 1087 3119 Spiritu,
1117 3063 1175 3108 ut
1208 3056 1464 3124 templum
1494 3058 1562 3111 ab
1595 3060 1678 3113 in-

95 3128 392 3186 babitante
429 3131 578 3201 Deo,
619 3153 673 3191 η.
706 3138 793 3192 15.
837 3139 893 3194 In
937 3142 1037 3196 hoc
1070 3146 1390 3213 gravissime
1423 3149 1679 3203 errabant

1792 1964 1903 2017 λιον
1924 1964 2014 2017 ὑπ’
2030 1962 2191 2018 αὐτοῦ
2220 1963 2564 2035 γεγενῆσθαι,
2585 1964 2723 2035 ὅπερ
2742 1964 2893 2018 κατὰ
2907 1964 3214 2033 Ἐϐραίους
3228 1964 3376 2031 τινὲς

1792 2055 2064 2110 καλοῦσι.‹
2091 2056 2295 2110 Ferunt
2320 2071 2455 2125 opus
2482 2055 2800 2125 illud,quod
2828 2068 2895 2111 ex
2922 2068 3160 2126 quatuor
3190 2056 3373 2111 Evan-

1787 2146 1944 2216 geliis
1966 2156 2282 2201 contextum
2312 2154 2398 2201 est
2422 2189 2437 2213 ,
2474 2148 2729 2217 quodque
2771 2151 3061 2201 secundum
3115 2145 3374 2202 Hebraeo

1788 2239 2029 2295 nonnulli
2063 2248 2278 2306 vocant,
2318 2238 2387 2296 ab
2431 2254 2497 2295 eo
2539 2256 2663 2297 esse
2709 2241 3102 2309 conscriptum.
3140 2257 3160 2290 ‹
3210 2236 3373 2293 Plura

1788 2341 1974 2386 narrat
2019 2332 2434 2396 Theodoretus.
2488 2347 2555 2388 ex
2608 2334 2805 2404 quibus
2851 2335 2956 2388 boc
3007 2333 3367 2403 Evangelium

1784 2426 1944 2495 quale
1992 2425 2154 2481 fuerit
2194 2427 2419 2500 intelligi
2453 2435 2646 2498 potest.
2694 2421 2861 2490 Οὗτος
2908 2426 3001 2480 καὶ
3034 2426 3093 2481 τὸ
3126 2430 3370 2483 Aratea-

1783 2513 1988 2583 σάρων
2018 2515 2346 2587 καλούμενον
2380 2515 2721 2570 συντέθεικεν
2754 2515 3101 2585 Εὑαγγέλιον,
3158 2519 3258 2584 τάς
3304 2535 3367 2575 τε

1783 2608 2131 2677 γενεαλογίας
2178 2609 2478 2680 περικόψας
2503 2650 2517 2674 ,
2554 2609 2647 2663 καὶ
2684 2610 2751 2664 τὰ
2783 2610 2917 2664 ἄλλα
2950 2611 3052 2665 ὅσα
3101 2613 3164 2665 ὲκ
3196 2613 3367 2685 σπέρο

1787 2717 1953 2770 ματος
2002 2701 2166 2755 Δαϐὶδ
2217 2701 2355 2756 κατὰ
2409 2701 2587 2773 σάρκα
2638 2702 3004 2773 γεγενημένον
3038 2702 3128 2755 τὸν
3162 2702 3369 2775 Κύριον

1781 2793 2066 2847 δείκνυσιν.
2105 2795 2433 2867 Ἐχρήσαντο
2466 2794 2522 2848 δὲ
2550 2795 2722 2866 τούτῳ
2754 2796 2814 2849 οὐ
2853 2797 3001 2867 μόνοι
3020 2796 3070 2850 οί
3102 2797 3199 2868 τῆς
3232 2795 3373 2851 ὲκεί-

1781 2902 1873 2938 νου
1910 2886 2239 2957 συμμορίας,
2293 2885 2428 2943 ἀλλὰ
2461 2887 2553 2941 καὶ
2585 2888 2633 2940 oi
2665 2890 2777 2950 τοῖς
2827 2887 3201 2952 άποστολικοῖς
3237 2889 3370 2943 ἑπό-

1784 2991 1939 3046 μενοι
1972 2974 2204 3047 δόγμασι
2225 3016 2240 3041 ,
2296 2975 2392 3048 τὴν
2441 2978 2537 3048 τῆς
2589 2977 2863 3049 συνθήκης
2896 2979 3232 3050 πανουργίαν
3263 2981 3367 3035 οὐκ

1780 3070 2116 3139 ἐγνωκότες,
2150 3069 2286 3126 ἀλλὰ
2335 3069 2700 3141 ἁπλούστερον
2743 3070 2818 3134 ὡς
2865 3071 3113 3142 συντόμῳ
3165 3070 3242 3142 τῷ
3276 3071 3362 3142 βι-

1780 3161 1910 3234 ϐλίῳ
1929 3164 2277 3234 χρησάμενοι.
2301 3157 2469 3234 Εὗρον
2490 3162 2545 3215 δὲ
2584 3161 2739 3230 κάγὼ
2767 3150 2985 3227 πλείους
3013 3163 3046 3235 ἢ
3081 3163 3366 3228 διακοσίας

92 3218 504 3291 Valentiniani,
545 3228 685 3295 quod
722 3231 915 3285 anima:
956 3249 1077 3287 sua:
1114 3251 1301 3290 semen
1335 3253 1365 3291 a
1396 3237 1662 3309 Sapientia

2021 3218 2274 3316 τοιαύτας
2307 3218 2516 3317 ἐν’ταῖς
2549 3218 2680 3323 amp;
2702 3253 2833 3323 ἡμῖν
2869 3218 3186 3325 ἐκκληισίαις
3217 3271 3363 3308 τετι-

91 3312 355 3380 injectum
388 3316 634 3373 dicerent
652 3359 667 3384 ,
692 3321 846 3391 cnjns
870 3323 1137 3379 benellcio
1167 3327 1396 3382 salutem
1419 3341 1674 3387 a-ternam

88 3404 193 3458 sibi
231 3421 301 3460 ne
338 3409 593 3463 maximis
626 3412 846 3481 quidem
871 3426 925 3470 et
969 3421 1245 3488 perpetuis
1273 3422 1496 3492 ﬂagitiis
1532 3425 1671 3494 eripi

87 3510 251 3564 posse
271 3501 647 3559 confidebant.
670 3506 812 3561 Nihil
833 3508 1014 3565 simile
1033 3510 1261 3576 Tatiano
1286 3515 1445 3583 objici
1472 3526 1672 3585 potest.

87 3590 405 3655 Quinetiam
458 3595 511 3647 in
557 3598 658 3651 hoc
705 3598 1009 3658 laudandus
1045 3607 1190 3673 quod
1236 3606 1496 3675 Spiritum
1548 3626 1675 3665 san-

87 3693 237 3738 ctum
258 3726 275 3749 ,
318 3700 478 3754 quem
514 3688 680 3745 Deum
710 3690 1011 3763 perfectum
1051 3708 1240 3761 vocat,
1271 3715 1299 3751 a
1331 3700 1525 3770 spiritu
1559 3718 1674 3756 ma-

88 3776 291 3831 teriam
353 3783 688 3847 pervadente
740 3785 1055 3855 distinguat.
1121 3790 1328 3847 Similis
1392 3793 1673 3853 distinctio

85 4142 261 4235 laudis
313 4145 620 4217 Scripturis
667 4151 825 4209 duxit
877 4156 1304 4228 impermissum.
1349 4162 1669 4235 Recipiebat

84 4233 169 4289 ille
195 4236 424 4306 quidem
454 4240 745 4314 plerasque
775 4244 1112 4318 Scripturas,
1145 4254 1272 4311 licet
1304 4272 1468 4326 prave
1486 4233 1669 4313 inter-

84 4336 422 4394 prstaretur.
456 4330 616 4399 Nam,
649 4344 708 4390 ut
736 4352 897 4409 supra
947 4342 1198 4411 vidimus,
1234 4347 1365 4403 illud
1388 4327 1663 4407 Genesis:

85 4414 213 4472 Fiat
234 4421 335 4475 tua:
358 4422 405 4490 ⁸,
436 4429 713 4493 precantis
735 4445 856 4486 esse
875 4471 891 4497 ,
925 4448 1031 4489 non
1060 4435 1303 4507 iubentis
1333 4438 1616 4498 ell‘utiehat
1645 4460 1663 4499 :

1780 3344 2026 3416 μημένας
2045 3385 2060 3408 ,
2096 3344 2192 3398 καὶ
2224 3344 2402 3408 πάσας
2456 3343 2775 3414 συναγαγὼν
2824 3344 3129 3416 ἀπεθέμην,
3159 3346 3251 3400 καὶ
3294 3346 3363 3399 τα

1774 3436 1882 3490 τῶν
1943 3438 2222 3510 τεσσάρων
2278 3435 2674 3505 εὐαγγελιστῶν
2724 3438 3118 3508 άντεισήγαγον
3182 3437 3360 3505 Εὐαγρ
3460 3462 3471 3473 ~

1772 3528 1948 3597 γέλια.
1979 3546 1997 3579 ι
2022 3526 2122 3583 llic
2157 3527 2532 3595 Evangelinm,
2558 3526 2731 3595 inquit
2756 3528 2987 3595 “,quod
3011 3529 3357 3583 Dialessaron

1774 3621 1995 3685 dicitur,
2029 3621 2368 3689 composuit,
2418 3620 2717 3687 amputatis
2747 3619 3081 3689 genealogiis
3127 3631 3179 3676 et
3229 3621 3351 3675 aliis

1772 3713 2043 3774 omnibus,
2063 3727 2183 3780 qua:
2207 3712 2495 3766 Dominum
2522 3725 2587 3764 ex
2616 3710 2827 3765 semine
2858 3711 3024 3765 David
3052 3713 3352 3773 secundum

1772 3819 1990 3861 carnem
2015 3815 2200 3859 ttatqu
2226 3802 2544 3858 ostendunt.
2573 3802 2757 3872 quue
2776 3802 2856 3857 nsi
2884 3812 3035 3866 stunt,
3062 3820 3167 3859 non
3194 3805 3354 3859 modo

1772 3898 1861 3967 qui
1892 3898 2012 3968 ejus
2057 3905 2216 3951 erant
2247 3906 2432 3960 sectae,
2481 3895 2576 3951 sed
2630 3895 2667 3950 ii
2721 3897 2887 3951 etiam
2922 3897 3012 3966 qui
3049 3896 3351 3966 apostolica

1771 3989 2021 4059 dogmata
2066 3990 2456 4059 sequebantur,
2500 3987 2919 4057 compositionis
2960 3988 3209 4045 fraudem
3241 4005 3350 4045 non

1769 4086 2189 4150 cognoscentes,
2225 4078 2319 4133 sed
2365 4077 2671 4148 simplicius
2700 4087 2959 4147 tanquam
2991 4080 3352 4150 compendia-

1772 4172 1853 4226 rio
1884 4171 2022 4226 libro
2053 4180 2287 4226 utentes.
2314 4167 2518 4225 Nactus
2544 4184 2666 4225 sum
2694 4170 2858 4225 etiam
2908 4172 3025 4241 ipse
3054 4170 3224 4228 libros
3251 4172 3352 4228 bn-

1764 4261 1997 4331 jusmodi
2022 4276 2185 4333 supra
2211 4261 2478 4318 ducentos
2506 4262 2560 4316 in
2591 4262 2800 4317 honore
2825 4261 3041 4318 habitos
3070 4262 3126 4317 in
3160 4263 3349 4320 Eccle-

1767 4355 1866 4410 siis
1916 4354 2151 4416 nostris.
2181 4338 2321 4423 quos
2366 4368 2557 4410 omnes
2602 4354 2659 4408 in
2714 4367 2881 4410 unum
2922 4363 3215 4425 congestos
3260 4371 3351 4412 se-

1766 4445 1945 4514 posui,
1966 4454 2021 4501 et
2053 4460 2151 4515 pro
2182 4445 2269 4501 his
2295 4453 2528 4518 quatuor
2556 4446 3017 4517 evangelistarum
3051 4445 3347 4518 Evangelia

83 4513 264 4616 vinum
312 4529 380 4571 ex
409 4519 669 4632 “quidam
713 4524 881 4582 Amos
929 4530 1248 4587 testimonio
1273 4534 1317 4600 ’,
1370 4536 1660 4591 matrimo-
1692 4577 1737 4632 Β
1770 4513 2070 4591 introduxi.
2107 4554 2128 4589 ι

83 4606 231 4661 nium
254 4622 327 4663 ex
366 4610 480 4666 alio
513 4612 662 4673 Pauli
712 4616 1060 4677 interdictum
1101 4638 1223 4681 esse
1269 4628 1657 4686 contendebat.

87 4714 105 4747 ι
138 4697 413 4756 Tentabat
436 4705 638 4772 etiam,
667 4716 807 4765 teste
847 4710 1054 4769 lrenteo
1072 4755 1087 4780 ,
1112 4716 1341 4774 subinde
1367 4719 1445 4774 uti
1473 4720 1659 4790 hujus-

1834 4626 1914 4682 Ex
1941 4626 2027 4682 bis
2050 4634 2198 4696 patet
2220 4624 2569 4682 Harmoniam
2596 4626 2976 4697 evangelicum,
3007 4643 3130 4699 qua:
3155 4636 3347 4684 exstat

1762 4720 1864 4777 sub
1908 4719 2126 4775 nomine
2166 4717 2381 4776 Tatiani
2413 4720 2468 4777 in
2510 4718 2767 4779 Biblioth.
2799 4720 2956 4778 Patr.
2999 4722 3044 4754 “
3086 4736 3191 4777 non
3221 4736 3349 4778 esse

83 4793 219 4845 modi
274 4809 307 4848 a
350 4794 521 4852 Paulo
560 4801 776 4857 assidue
823 4806 1033 4863 dictis:
1069 4808 1333 4874 Quoniam
1382 4815 1439 4869 in
1486 4815 1658 4871 Adam

1820 4812 2005 4879 itiani;
2044 4812 2242 4883 quippe
2288 4827 2412 4868 cum
2441 4811 2788 4884 genealogias
2817 4828 2848 4867 a
2880 4812 3112 4868 Tatiano
3159 4813 3346 4870 subla-

83 4898 255 4939 omnes
301 4890 623 4947 moriamur.
657 4895 703 4925 ¹⁶
736 4913 757 4947 ι
805 4895 1031 4953 Plurimi
1084 4893 1319 4957 faeiebat
1363 4904 1658 4974 Epistolatn

1760 4913 1844 4960 tas
1865 4905 2166 4962 contineat.
2192 4902 2341 4959 llanc
2367 4914 2547 4960 tamen
2570 4903 2806 4960 Tatiano
2831 4904 3167 4964 attribnebat
3188 4915 3344 4961 sexto

84 4974 144 5067 ξιξί
175 4975 400 5045 “lum;
448 4982 549 5037 sed
591 4988 841 5054 quamvis
871 4991 1040 5048 multa
1083 4992 1236 5051 Pauli
1268 4998 1336 5051 ad
1368 5013 1500 5054 usus
1527 5014 1657 5057 suos
1757 4996 1954 5052 saeculo
1985 4996 2171 5052 Victor
2211 4996 2523 5067 Capuanus.
2551 4996 2661 5052 Sed
2712 5012 2776 5052 ea
2828 4998 2896 5052 de
2944 5012 3002 5053 re
3050 4996 3193 5051 nulla
3226 4997 3342 5067 jam

84 5063 267 5161 “PM-’3
318 5070 581 5142 ἀυεθτθιι
615 5081 903 5137 nonnullas
952 5091 1136 5142 tamen
1171 5088 1339 5154 Tillius
1387 5091 1651 5161 epistolas
1757 5088 1901 5143 inter
1949 5088 2193 5144 eruditos
2242 5063 2538 5142 dissensio.
2584 5089 2657 5142 At
2704 5088 2973 5143 Baronius
3025 5098 3080 5145 et
3127 5063 3341 5145 Caveas

85 5156 291 5255 reiecit,
337 5177 438 5233 spe
494 5168 708 5225 sublata
772 5172 1025 5233 eludendi
1080 5188 1135 5234 et
1182 5156 1491 5237 cavillandi.
1534 5181 1661 5240 Haec

85 5245 333 5306 discimus
384 5266 453 5308 ex
498 5255 863 5332 Hieronymo,
890 5267 986 5336 qui
1026 5268 1108 5323 sic
1158 5268 1397 5338 loquitur
1420 5286 1655 5342 pronam.

84 5347 368 5430 comment.
405 5343 458 5397 in
499 5346 674 5416 Epist.
714 5352 782 5408 ad
812 5352 1016 5414 Titum.
1048 5376 1069 5413 ι
1107 5358 1214 5416 Sed
1246 5360 1537 5430 Tatianus,
1572 5362 1660 5419 in-

86 5429 225 5522 quit,
270 5430 683 5496 Encratitarum
728 5446 1105 5517 patriarches,
1136 5452 1229 5521 qui
1265 5462 1323 5508 et
1358 5454 1472 5522 ipse
1522 5429 1658 5512 non-

88 5520 248 5577 nullas
294 5523 452 5580 Pauli
502 5528 771 5600 Epistolas
817 5537 1043 5609 reiecit,
1070 5520 1213 5600 hanc
1257 5544 1341 5603 vel
1375 5520 1650 5615 maxime,

142 5630 162 5719 ξ
189 5630 324 5719 Ibid.
433 5637 455 5671 '
478 5638 545 5698 Ν.
569 5643 675 5719 εξ..
801 5648 824 5680 ⁸
845 5648 982 5719 Gen.
1014 5667 1055 5719 ι,
1087 5650 1144 5705 3.
1280 5656 1301 5687 ’
1324 5657 1491 5713 Amos
1528 5674 1588 5716 ll.
1612 5658 1668 5713 8.

88 5696 239 5826 [allii
268 5704 364 5761 lib.
429 5724 469 5777 ι,
500 5696 550 5769 c.
580 5696 699 5772 “20.
751 5791 761 5796 _
830 5696 1055 5780 ’ἶέἇίίῖ
1088 5696 1301 5793 Paris,

1538 5728 1664 5799 VII;
1734 5729 1904 5802 Lug.,
1967 5730 2187 5789 tom.ll.

1760 5176 1910 5234 litem
1965 5185 2255 5233 moverunt
2301 5178 2370 5234 de
2416 5178 2521 5233 alia
2581 5176 2882 5239 Harmonia
2929 5179 3225 5235 Ammonio
3280 5178 3341 5233 in

1761 5270 1956 5326 iisdem
1984 5269 2209 5325 Patrum
2228 5269 2571 5326 Bibliotlaecis
2601 5269 2805 5329 tributa
2836 5271 2902 5339 "',
2925 5287 3092 5343 quam
3116 5271 3337 5342 quidem

1760 5378 1869 5419 non
1917 5362 2191 5419 Ammonii
2242 5362 2339 5418 sed
2385 5363 2603 5427 Tatiani
2649 5377 2773 5420 esse
2819 5364 3179 5421 contendunt.
3224 5360 3339 5417 Sed

1759 5463 2097 5525 postremum
2149 5453 2280 5509 illud
2305 5468 2444 5525 opus
2475 5453 2657 5511 Latini
2688 5456 2975 5527 scriptoris
3005 5465 3091 5511 est
3120 5467 3337 5526 germa-

1759 5545 2022 5603 nissimus
2046 5546 2214 5613 l'etus,
2246 5559 2349 5603 nec
2376 5546 2541 5603 ullam
2571 5562 2797 5620 prorsus
2825 5557 3013 5605 notam
3051 5546 3237 5614 habet,
3267 5560 3334 5602 ex

1798 5660 1842 5692 ¹⁰
1871 5659 1889 5714 Ι
1918 5659 2043 5716 Cor.
2067 5675 2159 5724 xv,
2192 5659 2283 5717 Ξῖ.
2420 5662 2461 5692 ¹¹
2492 5660 2612 5721 Lib.
2638 5677 2711 5723 tv,
2752 5678 2801 5717 c.
2838 5660 2931 5718 29.

2335 5732 2376 5765 ⁸⁵
2424 5732 2566 5789 Edit.
2629 5733 2804 5791 Paris.
2875 5743 2913 5787 t.

3062 5662 3105 5693 “
3134 5661 3332 5717 Haeret.

2980 5729 3066 5785 Vll
3172 5732 3335 5804 Lug.,

3274 365 3379 426 I78
3456 417 3465 425 .
