3764 6516
394 422 495 483 U9

1272 420 1330 478 S.
1370 417 1702 477 JUSTINUS
1738 407 2218 471 PHILOSOPHUS
2247 406 2335 461 ΕΤ
2366 402 2679 461 MARTYR.

3554 387 3660 439 {SD

2701 525 2712 539 Ι
2916 521 2931 539 Ι
3004 517 3251 539 ‘A_,'._-_..-
3302 512 3390 539 1..“
3434 509 3597 539 ...ιιτιυ
3628 512 3650 539 ὅ

392 564 497 615 qua
552 544 806 602 Latinum
854 563 884 601 e
931 545 1122 602 Graeco
1170 546 1375 621 factum
1421 560 1716 615 agnoscas.
1764 544 1955 597 Deinde

2143 555 2153 606 ι
2202 531 2472 601 παύσησθε
2507 529 2598 591 τοῦ
2653 525 2829 590 θύειν,
2877 521 2937 575 οὗ
2993 517 3255 573 παύσεται
3298 512 3390 585 ἀφ’
3430 512 3597 582 ὒμῶν
3628 512 3661 579 ἡ

394 656 525 694 \era
552 640 696 693 nulla
726 657 948 710 prorsus
979 641 1030 693 in
1071 658 1127 696 re
1154 642 1366 695 Tatiani
1410 642 1604 695 hmresi
1637 638 1876 695 consulit
1899 640 1964 702 ",

396 729 493 783 sed
536 729 709 799 legem
757 731 920 786 Mosis
966 733 1045 785 sic
1090 735 1467 796 Commendat,
1503 732 1662 802 idque
1692 732 1872 785 verbis
1916 732 1969 785 in

402 822 682 887 Scriptura
708 836 811 873 non
837 822 1391 890 exstantibus(neque
1413 823 1555 875 enim
1581 823 1663 876 uti
1681 822 1819 875 solet
1845 820 1975 890 ipsis

402 910 703 979 Scriptura:
731 913 945 981 verbis)
977 923 1035 966 ιιι
1066 914 1298 968 Tattano
1328 915 1508 983 allingi
1546 931 1650 969 non
1684 916 1876 982 possit.

474 1004 558 1057 Vl.
614 1003 748 1058 (lum
806 1015 914 1059 tam
974 1006 1080 1059 late
1128 1008 1430 1060 manaverit
1484 1007 1644 1075 hujus
1694 1008 1974 1073 Evangelii

402 1095 565 1155 fama,
596 1099 905 1151 accuratius
938 1097 1373 1168 investigandum
1408 1099 1564 1153 nobis
1590 1111 1706 1161 est,
1743 1100 1873 1167 quid
1911 1100 1978 1154 de

401 1204 468 1241 eo
500 1196 709 1243 veteres
758 1190 1018 1243 dixerint.
1063 1189 1198 1244 lllnd
1249 1192 1301 1244 in
1349 1191 1537 1258 primis
1580 1191 1975 1245 observandum

401 1290 520 1344 cst,
556 1281 700 1349 quad
748 1283 824 1337 ait
860 1284 1221 1352 Epiphanius,
1249 1284 1353 1337 hoc
1376 1284 1593 1337 Tatiani
1627 1285 1976 1353 Evangelium

402 1388 430 1425 a
466 1372 744 1427 nonnullis
789 1378 1090 1428 scentulum
1140 1375 1399 1431 Hebrmas
1451 1378 1655 1430 vocari.
1701 1376 1798 1430 Vix
1852 1392 1973 1445 pro-

403 1467 546 1521 fecto
606 1468 863 1522 credibile
902 1478 987 1522 est
1037 1468 1293 1523 ιίθιιι’;υοδ
1343 1470 1499 1534 illos,
1550 1486 1780 1538 quorum
1842 1470 1977 1532 alii,

404 1574 595 1627 netnpe
622 1558 894 1623 Nazartei,
928 1560 1069 1629 legis
1091 1562 1530 1615 observationem
1564 1578 1699 1614 cum
1724 1562 1980 1615 Ecclesia:

402 1650 685 1705 catholica:
732 1653 979 1705 doctrina
1029 1653 1365 1721 jttugebant;
1419 1656 1508 1708 alii
1557 1671 1723 1717 vero,
1789 1671 1981 1723 nempe

404 1742 643 1796 Ebionmi
666 1745 737 1807 ¹⁰,-
755 1745 1345 1813 Christnm-simpliccm
1366 1750 1637 1801 hominem
1652 1765 1717 1803 ex
1740 1748 1979 1816 Virgine,

402 1836 489 1888 vel
521 1835 686 1888 etiam
720 1852 783 1889 ex
811 1835 1046 1904 J‘osepho
1076 1838 1318 1906 genitum
1352 1839 1646 1902 dicebant,
1683 1841 1981 1910 Evangelio

2075 603 2232 701 ὸρέτή.
2285 644 2303 677 ι
2337 626 2446 695 Ego
2480 624 2547 676 ad
2580 616 2894 687 abroganda
2932 612 3201 668 sacriﬁcia
3241 611 3361 661 veni
3385 646 3400 669 ,
3434 614 3516 701 ει-
3546 603 3659 701 nisi

2076 697 2389 774 sacriﬁcare
2420 714 2724 775 desieritis,
2756 710 2851 765 Dei
2882 710 2933 762 in
2957 721 3053 758 vos
3085 706 3162 757 ira
3199 718 3304 756 non
3339 697 3613 754 cessabit.
3637 714 3653 745 ι

2078 810 2181 864 Pro
2213 825 2277 863 eo
2307 807 2448 878 quod
2481 805 2721 860 Joannes
2764 802 2963 855 dicitur
2995 794 3254 867 ἀκρίδας,
3296 794 3346 847 id
3378 800 3461 846 est
3507 790 3665 841 locu--

2077 915 2191 956 stas
2223 900 2523 955 comedisse
2547 939 2561 961 ,
2596 897 2682 951 isti
2716 892 2973 966 ἐγκρίδας
3008 891 3265 961 Epichyta
3320 886 3528 940 mellita
3570 898 3665 950 po-

2078 1004 2317 1049 suerant.
2354 992 2484 1045 Illud
2519 989 2723 1045 Christi
2760 987 2901 1056 apud
2933 987 3136 1040 Lucam
3166 1001 3178 1037 :
3217 979 3491 1034 Desiderio
3519 977 3669 1029 dexi-

2078 1088 2259 1141 deravi
2296 1088 2392 1139 hoc
2436 1083 2641 1138 Pascha
2679 1082 3003 1135 manducare
3033 1077 3295 1131 robisrttm
3320 1074 3386 1136 ’°,
3443 1072 3534 1126 sic
3587 1070 3667 1123 in.

2078 1179 2393 1233 vertebatur
2427 1177 2479 1230 in
2515 1174 2811 1243 Evangelia
2847 1170 3226 1226 Ebionitarunt
3248 1187 3257 1219 :
3280 1163 3667 1234 maerentibus

2079 1269 2393 1336 discipulis:
2421 1269 2520 1322 Ubi
2544 1270 2620 1321 vis
2648 1282 2889 1332 paremus
2922 1262 3016 1317 tibi
3044 1261 3309 1316 comedere
3338 1256 3560 1310 Pascha
3584 1256 3667 1306 "?

2082 1364 2160 1415 sie
2194 1363 2444 1415 Christus
2477 1360 2878 1426 respondebat:
2910 1356 2999 1428 Μὴ
3030 1352 3295 1424 ἐπιθυμίᾳ
3328 1350 3667 1420 ἐπεθύμησα

2083 1456 2249 1525 κρέας
2282 1453 2436 1507 τοῦτο
2464 1452 2523 1505 τὸ
2554 1450 2953 1521 πάσχαςραγεῖν
2985 1447 3099 1519 μεθ’
3127 1446 3311 1517 Optimi;
3352 1464 3379 1497 ιν
3400 1444 3667 1512 Nunquid

2083 1547 2360 1601 desiderio
2405 1544 2710 1599 desideravi
2756 1558 2976 1597 carnem
3028 1542 3130 1595 hoe
3166 1540 3376 1593 Pascha
3426 1538 3667 1591 manda.

2084 1654 2212 1692 care
2235 1637 2556 1693 vobiscum?
2585 1656 2602 1688 ι
2632 1638 2687 1690 In
2723 1636 2809 1690 his
2846 1648 3148 1705 agnoscere
3176 1633 3304 1687 licet
3336 1648 3444 1685 non
3483 1631 3677 1686 solum-

2086 1731 2303 1784 Tatiani
2329 1730 2555 1798 deliria,
2582 1729 2674 1783 sed
2706 1728 2871 1783 etiam
2904 1727 3048 1781 illius
3081 1728 3133 1780 in
3178 1724 3570 1794 pervertendis
3602 1725 3670 1776 ad

2088 1826 2377 1880 arbitrium
2424 1824 2725 1893 Scriptnris
2770 1822 3073 1884 audaciam,
3118 1820 3187 1874 de
3228 1836 3343 1889 qua
3366 1817 3673 1881 Eusebius,

407 1926 648 1990 'l‘atiani,
676 1930 817 1995 quod
855 1929 919 1982 ad
954 1929 1349 1985 dissimillimus
1373 1948 1590 1987 errores
1625 1934 1984 1989 insinuandos
2018 1928 2058 1982 Β
2096 1916 2262 1981 Πέδιον
2294 1934 2369 1982 ινν
2398 1918 2488 1975 29-

406 2016 732 2071 t'abricatmn
787 2018 993 2084 fuerat,
1046 2037 1174 2075 usos
1228 2021 1412 2076 fuisse.
1469 2029 1545 2079 Ae
1597 2027 1664 2079 de
1706 2023 1986 2082 Nazaraeis

407 2110 626 2176 quidem
655 2113 879 2168 minime
905 2114 1158 2178 dubium,
1192 2117 1322 2183 quin
1359 2117 1423 2169 ad
1462 2132 1591 2171 usus
1614 2136 1743 2173 suos
1768 2122 1983 2174 ascive-

410 2203 520 2255 rint
574 2220 680 2258 non
738 2205 956 2260 Tatiani
1012 2207 1399 2277 Evangelium,
1474 2213 1569 2265 sed
1635 2214 1762 2266 illud
1838 2215 1984 2284 quod

408 2296 465 2349 S.
488 2295 858 2367 Hieronymus
880 2299 1090 2356 Crtecis
1121 2318 1183 2355 ac
1208 2302 1418 2357 Latinis
1446 2303 1641 2359 litteris
1668 2307 1983 2362 illustravit.

408 2393 478 2444 At
521 2394 663 2459 quod
709 2404 922 2461 spectat
958 2394 1024 2446 ad
1072 2394 1394 2461 Ebionitas,
1436 2397 1789 2467 Evangelium
1841 2401 1983 2468 quod

406 2484 487 2539 eis
538 2487 794 2539 attribuit
845 2487 1178 2556 Epiphanius
1230 2490 1282 2541 in
1339 2492 1532 2545 ltmresi
1585 2493 1688 2557 56,
1735 2510 1856 2562 ante
1904 2505 1988 2549 est

406 2576 818 2641 Ebionitarmu,
867 2580 1006 2633 idem
1055 2597 1279 2648 prorsus
1314 2584 1529 2639 videtur
1582 2600 1702 2639 esse
1748 2602 1811 2641 ac
1856 2587 1984 2641 illud

407 2668 621 2725 Tatiaui
659 2672 1027 2729 diatessaron.

481 2765 539 2818 1⁸
574 2765 627 2819 In
662 2767 990 2837 Evangelia,
1016 2772 1160 2837 quod
1191 2771 1524 2838 Epiphanius
1557 2773 1823 2826 Ehionitis
1861 2788 1988 2841 pra-

405 2857 586 2925 priutn
621 2861 801 2922 tradit,
836 2871 1128 2928 amputata:
1163 2874 1322 2916 erant
1351 2863 1874 2933 gettealogiae”.'Ev
1909 2863 1988 2935 τῷ

406 2950 537 3018 γοῦν
595 2950 748 3023 παρὰ
796 2954 979 3017 αὐτοῖς
1023 2955 1325 3026 εὐαγγελίῳ
1368 2958 1516 3011 κατὰ
1549 2956 1853 3012 Ματθαῖον
1881 2959 1991 3011 ὀνο-

410 3044 723 3113 μαζομένῳ,
742 3046 839 3115 οὐχ
854 3046 959 3116 ὅλῳ
980 3046 1035 3099 δὲ
1054 3046 1158 3117 πλη
1165 3065 1224 3120 ρε
1234 3050 1429 3118 sci-ap,
1444 3050 1577 3102 ἀλλὰ
1592 3050 1980 3120 νενοθευμένῳ,

408 3136 501 3189 καὶ
541 3140 1080 3210 ἡκρωτηριασμένῳ,
1126 3142 1412 3213 Ἑϐραικὸν
1434 3144 1488 3196 δὲ
1516 3144 1674 3198 τοῦτο
1711 3145 1985 3205 καλοῦσιν,

410 3228 733 3298 ἐμφέρεται,
770 3248 821 3283 κ.
852 3250 901 3285 τ.
931 3232 980 3285 λ.
1034 3251 1051 3282 ι
1084 3233 1250 3303 Igitur
1293 3236 1344 3288 itt
1389 3252 1454 3288 eo
1484 3239 1625 3305 quod
1668 3252 1833 3304 penes
1865 3237 1986 3289 illos

2155 2009 2213 2062 5⁸
2255 2009 2604 2078 Evangelium
2655 2008 2953 2063 secundum
3008 2004 3304 2061 llebrazos.
3337 2004 3483 2072 quod
3542 2003 3673 2071 Epi-

2090 2100 2293 2167 phanio
2319 2110 2505 2153 notum
2539 2100 2661 2164 fuit,
2698 2114 2803 2153 non
2825 2140 2840 2164 ,
2873 2108 2931 2151 ut
2965 2098 3095 2151 illud
3123 2096 3265 2165 quod
3296 2093 3672 2165 Hieronymus

2090 2193 2483 2263 interpretatus
2524 2204 2646 2256 est,
2693 2192 2809 2247 solo
2844 2191 3081 2245 Matthxi
3120 2198 3377 2244 contextu
3414 2190 3673 2241 contineo

2091 2284 2284 2348 batttr;
2352 2287 2446 2341 sed
2512 2286 2669 2353 plane
2731 2296 2787 2338 ut
2850 2285 3198 2354 Evangelium
3266 2282 3487 2337 Tatiani
3556 2282 3678 2333 Δια-

2089 2379 2405 2448 τεσσάρων,
2438 2394 2502 2432 ex
2537 2379 2658 2432 aliis
2703 2379 3158 2447 evangelistarum
3186 2375 3320 2429 locis
3347 2373 3558 2429 callide
3591 2390 3675 2425 as-

2091 2473 2229 2524 sulis
2264 2473 2571 2527 constabat.
2625 2470 2920 2539 Perspicua
2973 2487 3059 2524 res
3102 2482 3186 2525 est
3226 2480 3340 2524 tum
3386 2483 3454 2523 ex
3508 2467 3674 2521 Lucae

2094 2564 2317 2627 verbis,
2348 2580 2467 2631 quae
2512 2562 2669 2616 modo
2718 2564 2771 2617 itt
2823 2564 2925 2617 hoc
2969 2560 3266 2631 Evangelia
3310 2559 3557 2630 maligne
3591 2559 3675 2612 de-

2094 2665 2235 2708 torta
2276 2657 2546 2719 vidimus,
2587 2666 2700 2709 tum
2749 2670 2813 2711 ex
2850 2656 2958 2709 alio
3006 2654 3354 2720 testimonio,
3408 2654 3566 2719 quod
3611 2651 3679 2705 ab

2094 2750 2399 2819 Epiphanio
2450 2751 2795 2818 appositum,
2829 2766 2885 2803 ιι.
2913 2749 3011 2812 15,
3065 2748 3263 2818 partim
3293 2763 3359 2801 ex
3392 2745 3676 2809 Matthazi,

2094 2842 2289 2911 partim
2321 2855 2385 2894 ex
2409 2840 2490 2894 Ma
2504 2842 2574 2893 rei
2600 2850 2654 2894 et
2684 2839 2842 2894 Luca:
2870 2840 3050 2893 verbis
3089 2836 3379 2893 conﬂatum
3414 2844 3527 2889 est.

2162 2934 2219 2988 4ο
2255 2934 2314 2987 lu
2347 2934 2537 2987 eodem
2582 2934 2883 2987 secundum
2935 2932 3191 2985 llebrteos
3225 2927 3530 2997 Evangelia
3580 2925 3674 2979 ba-

2093 3028 2327 3095 ptismus
2378 3026 2579 3080 Christi
2628 3025 2994 3089 describitur,
3042 3032 3099 3076 ut
3144 3022 3284 3090 apud
3340 3022 3677 3088 magistrum

2094 3117 2304 3171 Tatiani
2339 3115 2649 3170 Justinnm:
2686 3117 2769 3169 ha:
2800 3113 2974 3167 Patris
3001 3127 3160 3165 voces
3194 3111 3397 3164 audita:
3432 3126 3677 3163 narran-

2094 3224 2234 3266 tur:
2289 3212 2401 3280 Ego
2448 3211 2603 3265 hodie
2650 3210 2807 3280 genui
2860 3221 2908 3262 te
2928 3210 3009 3260 “z
3058 3223 3315 3278 magnum
3372 3205 3568 3260 lumen
3626 3207 3677 3258 in

409 3326 493 3371 est
536 3319 771 3374 Mattbaai
806 3323 1124 3392 Evangelia,
1160 3325 1334 3392 inquit
1387 3342 1507 3393 cap.
1547 3326 1634 3391 15,
1667 3345 1955 3397 quanquam

2143 3307 2332 3361 trdane
2360 3305 2561 3360 dicitur
2592 3302 2887 3360 aliulsisse.

413 3426 479 3462 ne
509 3410 777 3479 integrum
807 3415 1026 3482 quidem
1067 3418 1199 3471 illud
1228 3420 1451 3485 habent,
1482 3422 1577 3474 sed
1616 3421 1983 3475 adulteratam

411 3517 475 3553 ac
525 3504 809 3569 mutilum,
844 3506 1005 3573 idque
1052 3508 1224 3575 ipsum
1275 3507 1605 3565 Hebraicum
1643 3523 1866 3574 vocant,
1910 3513 1985 3564 ita

412 3593 675 3659 su'iptnm
706 3605 809 3656 est,
836 3605 942 3650 etc.
974 3616 994 3648 ι
1032 3597 1092 3649 Et
1126 3597 1266 3650 infra
1289 3600 1333 3630 ³⁸
1361 3616 1373 3650 :
1409 3601 1681 3673 Κήρινθος
1708 3603 1800 3656 καὶ
1835 3605 1989 3673 Καρ-

413 3685 623 3757 πόκρας
658 3686 734 3757 τῷ
758 3686 907 3758 αὐτῷ
937 3688 1207 3760 χρώμενοι
1242 3691 1399 3763 δῆθεν
1433 3696 1562 3764 παρ’
1598 3695 1782 3758 αὐτοῖς
1816 3695 1991 3765 Εὐαγ-

410 3776 576 3846 γελίῳ
604 3778 709 3830 ἀπὸ
731 3780 829 3849 τῆς
858 3782 1031 3851 ἀρχῆς
1053 3782 1145 3834 τοῦ
1172 3785 1310 3837 κατὰ
1346 3785 1619 3839 Ματθαῖον
1646 3787 1987 3856 εὐαγγελίου,

410 3868 501 3923 διὰ
535 3871 632 3940 τῆς
670 3872 1019 3940 γενεαλογίας
1052 3872 1335 3943 βούλονται
1378 3881 1648 3949 παριστᾷν
1700 3883 1767 3933 ἐκ
1824 3883 1990 3953 σπέρ-

417 3983 585 4033 ματος
626 3966 819 4035 Ἰωσὴφ
859 3966 952 4019 καὶ
988 3968 1208 4037 Μαρίας
1248 3964 1385 4019 εἶναι
1420 3970 1512 4022 τὸν
1544 3972 1796 4042 Χριστόν.
1832 3968 1991 4026 Οὗτοι

411 4058 469 4111 δὲ
518 4059 653 4112 ἄλλα
700 4059 822 4112 τινὰ
852 4059 1207 4112 διανοοῦνται.
1264 4062 1687 4133 Παρακόψαντες
1740 4066 1849 4137 γὰρ
1894 4069 1991 4130 τὰς

413 4155 566 4225 παρὰ
597 4153 674 4224 τῷ
702 4153 964 4223 Ματθαίῳ
995 4153 1361 4222 γενεαλογίας,
1396 4155 1655 4225 ἄρχονται
1688 4160 1787 4230 τὴν
1818 4160 1995 4231 ἀρχὴν

413 4247 709 4311 ποιεῖσθαι,
739 4247 815 4311 ὡς
846 4250 1127 4319 προεῖπον.
1166 4266 1184 4298 ι
1215 4249 1506 4322 Cerinthns
1531 4253 1673 4303 enim
1707 4264 1755 4305 et
1783 4252 1855 4306 Ca
1869 4268 1992 4322 rpo-

412 4351 593 4393 erates
620 4341 808 4394 etnlem
840 4339 1098 4403 Matthtei,
1135 4351 1191 4394 nt
1218 4342 1436 4409 quidem
1457 4318 1665 4407 volunt,
1696 4345 1992 4413 Evangelia

415 4435 537 4487 t'reti
569 4474 583 4495 ,
618 4450 686 4487 ex
723 4434 840 4500 ejus
878 4435 1035 4488 initio
1061 4435 1380 4502 Christique
1409 4437 1725 4507 glauca-logia
1756 4438 1993 4507 probare

417 4528 688 4590 nituntur,
714 4527 993 4581 Christum
1026 4542 1054 4579 e
1087 4525 1312 4597 Josephi
1339 4540 1392 4583 et
1416 4529 1599 4584 Maria:
1627 4532 1838 4586 semine
1868 4547 1992 4586 esse

414 4629 783 4687 procreatum.
838 4621 915 4673 Illi
969 4620 1306 4694 (Ebionitze)
1347 4636 1535 4679 contra
1584 4626 1819 4677 omnino
1866 4636 1985 4678 sta-
2024 4658 2063 4710 υ

415 4720 593 4765 tttuttt.
625 4711 759 4764 Nam
791 4713 938 4765 omni
986 4715 1307 4784 genealogia‘
1338 4726 1613 4785 amputata
1648 4718 1811 4779 inde,
1842 4718 1984 4771 unde

415 4804 694 4868 diximus,
744 4804 960 4858 initium
1009 4807 1231 4861 ducunt.
1264 4828 1281 4858 ι
1324 4808 1557 4862 Deerant
1603 4824 1734 4879 ergo
1788 4809 1841 4861 in
1891 4808 1983 4861 illo

414 4900 709 4953 secundum
745 4900 998 4955 ΙΙυιιιιιηοε
1031 4901 1326 4971 Evangelia
1357 4904 1707 4971 genealogim,
1752 4918 1888 4969 quas
1917 4920 1981 4957 ex

412 4991 710 5061 Evangelia
752 4994 1164 5063 Διατεσσάρων,
1199 5004 1251 5046 ιιι
1282 5011 1403 5063 qua:
1435 4994 1648 5047 'l‘atiani
1681 4996 1874 5049 lueresi
1901 4996 1984 5049 itt-

412 5091 845 5152 commodarent,
874 5098 1181 5157 amputatas
1213 5088 1380 5142 fuisse
1414 5088 1794 5142 Thcodoretus
1815 5098 1983 5142 testa-

416 5193 523 5244 tur,
559 5181 651 5236 lib.
685 5197 700 5235 ι
740 5181 939 5235 Han-et.
974 5182 1108 5250 fab.,
1134 5198 1183 5236 c.
1212 5181 1301 5235 20.

482 5273 541 5327 2'
597 5273 652 5326 ln
700 5273 891 5326 COtlt'ln
941 5273 1318 5327 Ebionitarmn
1370 5274 1484 5327 sive
1533 5275 1831 5328 secundum
1884 5273 1984 5328 lle-

416 5372 589 5422 ht‘mos
616 5366 911 5435 Evangelia
945 5367 1113 5419 multa
1135 5367 1237 5418 alia
1272 5370 1641 5421 occurrebant
1675 5368 1740 5420 ad
1764 5368 1980 5420 Tatiani

419 5459 485 5511 de
517 5458 635 5527 lege
666 5458 830 5511 illusis
862 5467 912 5510 et
943 5459 1007 5510 de
1046 5456 1359 5510 animalium
1388 5475 1488 5511 usu
1520 5474 1739 5511 errores
1767 5475 1985 5511 accom—

416 5555 652 5605 modata.
704 5553 797 5606 Sic
829 5551 1155 5619 loquebatur
1187 5552 1442 5605 Christus
1492 5553 1545 5604 in
1594 5553 1695 5605 hoc
1742 5552 1989 5618 Evange—

412 5645 484 5699 lio
510 5644 551 5676 ¹⁸
584 5661 598 5699 :
637 5647 761 5700 Ὅτε.
805 5641 970 5698 ἦλθον
1014 5645 1311 5698 καταλῦσαι
1356 5646 1452 5708 τὰς
1488 5645 1709 5709 θυσίας,
1760 5644 1851 5697 καὶ
1893 5643 1986 5695 ἐὰν

484 5809 528 5840 ’⁸
560 5810 691 5874 Cap.
743 5809 807 5860 12
835 5816 889 5860 et
916 5808 999 5860 l5.
1135 5811 1175 5839 ¹⁶
1218 5809 1417 5862 lla-ros.
1452 5808 1536 5865 46,
1563 5826 1613 5861 e.
1658 5810 1703 5861 l.

420 5879 499 5932 l5.
578 5880 616 5911 ²¹
654 5879 819 5933 Matth
878 5896 1024 5944 XXVI,
1069 5879 1150 5931 l7.
1232 5881 1274 5909 πθ
1309 5881 1427 5933 Act.
1464 5880 1694 5947 3111,53.

1833 5810 1873 5839 ’⁷
1911 5808 2114 5861 "mres.
2146 5808 2235 5871 56,
2266 5823 2313 5859 ι’.
2350 5809 2435 5860 15.

1775 5881 1816 5910 ⁵⁷
1852 5880 2055 5933 llxz'es.
2087 5879 2173 5938 50,
2206 5896 2256 5931 ιι.
2293 5878 2372 5932 Ιιί.

2162 3423 2347 3476 Sensit
2381 3421 2717 3489 Epiphanius
2751 3421 2916 3474 tnulta
2970 3435 3093 3475 esse
3134 3421 3186 3474 in
3219 3421 3324 3475 hoc
3376 3420 3679 3491 Evangelia

2089 3531 2212 3570 enm
2261 3514 2528 3569 Ebionitis
2560 3516 2852 3583 pugnantia
2870 3514 2939 3566 ’³.
2973 3513 3106 3568 Nam
3134 3531 3256 3569 cum
3285 3515 3579 3569 Christum
3610 3517 3678 3569 ab

2090 3608 2170 3660 eis
2200 3606 2501 3674 simplicem
2547 3605 2820 3659 hominem
2861 3606 3171 3661 existimari
3218 3607 3422 3671 sciret,
3474 3608 3674 3659 mirari

2092 3697 2226 3750 satis
2257 3711 2362 3749 non
2390 3706 2625 3763 poterat,
2650 3712 2747 3748 cur
2781 3696 2894 3749 lta'c
2925 3697 3130 3751 Christi
3174 3696 3341 3751 verba
3372 3713 3385 3747 :
3418 3696 3563 3761 Qua:
3606 3707 3681 3749 es!

2092 3797 2259 3839 mater
2286 3803 2399 3840 mea
2429 3798 2475 3840 et
2509 3788 2935 3854 fratresmei“?
2966 3790 3016 3842 itt
3058 3790 3203 3842 hunc
3247 3804 3404 3841 usum
3438 3789 3675 3842 adhibe-

2094 3890 2252 3945 rent,
2286 3881 2649 3935 utChristum
2700 3882 2996 3948 probarent
3043 3883 3321 3936 hominem
3356 3898 3467 3935 non
3518 3896 3679 3944 esse,

2094 3973 2187 4025 sed
2218 3988 2312 4027 eos
2343 3974 2570 4039 putabat
2616 3988 2801 4027 secum
2858 3974 3000 4042 ipsos
3033 3988 3295 4043 pugnare.
3336 3975 3407 4027 At
3444 3974 3683 4027 incredi—

2096 4063 2219 4117 bilis
2236 4074 2318 4117 est
2337 4072 2487 4117 tanta
2507 4064 2898 4127 inconstantia,
2926 4076 2983 4117 ut
3010 4065 3261 4119 eumdem
3290 4075 3343 4117 et
3375 4065 3681 4119 hominem

2093 4172 2161 4210 ex
2191 4155 2499 4210 hominibus
2529 4155 2772 4225 genitum
2826 4158 3063 4211 dixerint
3086 4197 3101 4222 ,
3149 4167 3203 4210 et
3234 4156 3517 4211 hominem
3553 4172 3683 4211 esse

2094 4248 2433 4316 negaverint.
2462 4246 2626 4302 Multa
2662 4249 2766 4302 alia
2819 4250 3379 4304 Ebionitisattribnit
3432 4238 3703 4319 Epipba-l

2094 4343 2240 4405 nius,
2270 4356 2394 4394 cum
2426 4356 2487 4394 ea
2519 4343 2793 4409 opinione,
2823 4360 2985 4410 quam
3045 4346 3111 4398 de
3150 4344 3254 4397 illis
3285 4355 3395 4397 tota
3427 4345 3683 4413 antiqui-

2095 4447 2178 4487 tas
2223 4436 2548 4498 contirmat,
2583 4435 2805 4490 omnino
2845 4437 3160 4505 pugnantia.
3203 4437 3519 4491 Detestatos
3568 4437 3679 4490 illis

2093 4541 2212 4580 esse
2242 4542 2432 4579 omnes
2462 4527 2755 4595 prophetas
2780 4528 3042 4591 declarat,
3098 4545 3152 4580 tt.
3186 4527 3271 4579 15.
3308 4529 3372 4579 At
3399 4544 3529 4598 qum
3557 4538 3682 4581 sunt

2094 4618 2405 4686 prapltetias,
2435 4620 2477 4672 si
2509 4620 2711 4674 Irenaeo
2742 4621 3035 4686 credimus,
3088 4622 3180 4674 lib.
3209 4638 3249 4687 ι,
3276 4638 3326 4674 c.
3364 4621 3461 4687 26,
3499 4624 3679 4675 curio-

2091 4712 2201 4764 sius
2243 4725 2501 4777 estponere
2528 4713 2865 4766 nitebantur.
2895 4712 3059 4766 Addit
3095 4713 3433 4782 Epiphanius
3468 4730 3569 4768 eos
3614 4715 3685 4766 ab

2094 4806 2355 4860 omnibus
2374 4808 2629 4861 animatis
2651 4848 2665 4871 ,
2699 4817 2981 4878 propterea
3009 4811 3151 4877 quod
3180 4823 3210 4861 e
3241 4808 3537 4862 concubitu
3590 4827 3683 4879 ge-

2040 4910 2050 4923 °
2095 4900 2205 4952 nita
2239 4909 2400 4963 sunt,
2429 4883 2733 4962 abstitl'ere,
2764 4915 2900 4968 aqua
2942 4910 3145 4954 tannnn
3180 4901 3231 4952 in
3265 4901 3552 4970 mysteriis
3586 4921 3679 4956 ce-

2094 4990 2366 5045 lebrandis
2423 4992 2538 5055 uti,
2596 5007 2660 5044 ac
2710 4993 2852 5045 inter
2904 4991 3088 5046 Jesunt
3160 5008 3226 5045 ac
3272 4991 3565 5046 ChriStum
3633 4994 3683 5047 id

2092 5085 2423 5139 discriminis
2454 5101 2676 5153 ponere,
2718 5086 3073 5139 ntChristum
3119 5086 3210 5138 Dei
3257 5084 3455 5140 Filium
3501 5088 3559 5141 in
3591 5086 3684 5141 Je-

2091 5194 2211 5231 sutn
2249 5178 2595 5232 descendisse
2638 5177 2841 5231 dicant.
2893 5178 3127 5231 Credere
3174 5179 3426 5247 equidem
3486 5180 3683 5232 malim

2095 5272 2381 5326 Ebiontcos
2431 5272 2497 5325 ab
2546 5272 2845 5339 Epiphanio
2885 5287 3007 5324 eum
3058 5271 3305 5325 Cerinthi
3343 5280 3437 5323 aut
3470 5272 3686 5340 Carpo-

2095 5366 2267 5419 cratis
2307 5374 2401 5417 aut
2431 5364 2550 5417 aliis
2587 5363 2851 5429 ejusmodi
2900 5363 3064 5416 sectis
3112 5362 3403 5429 confundi,
3440 5382 3565 5431 qtnc
3594 5364 3685 5419 Je-

2096 5474 2217 5510 snm
2249 5458 2467 5525 quidem
2510 5456 2779 5509 hominem
2828 5470 2892 5506 cx
2938 5454 3248 5509 hominibus
3278 5456 3523 5522 genitum
3558 5472 3685 5509 esse

2096 5547 2370 5611 dicebant,
2401 5548 2495 5601 sed
2527 5564 2648 5601 cum
2681 5548 2956 5600 Christum
2988 5547 3377 5614 impassihiletn
3409 5564 3535 5602 esse
3565 5560 3683 5602 sta-

2100 5650 2317 5694 tuerent
2338 5680 2353 5705 ,
2383 5655 2446 5693 ac
2478 5639 2649 5691 Deum
2674 5640 2873 5694 veteris
2926 5640 3234 5693 testamenti
3268 5649 3321 5693 et
3354 5638 3684 5695 Creatorem

2547 5808 2588 5837 ¹⁸
2615 5806 2676 5860 Ν.
2714 5808 2799 5862 Η.
2912 5808 2953 5837 ¹⁹
2985 5805 3048 5861 Ν.
3086 5808 3178 5863 22.

2452 5878 2493 5910 ²⁵
2551 5877 2742 5932 Matth.
2786 5894 2879 5943 xu,
2936 5878 3026 5933 48.

3287 5808 3331 5839 ²⁶
3367 5808 3501 5863 [.uc.
3539 5822 3677 5873 ιλιι,
