3764 6546
106 359 186 416 ιιιι
1087 361 1152 416 D.
1191 360 1459 414 MARANI
1487 359 1644 414 PRIE

1815 361 1876 415 0.
1909 393 1974 402 ——
2005 359 2183 414 PARS
2215 359 2300 414 ιιι

105 481 265 534 tantuli
311 489 721 545 aversarentur,
756 479 1051 547 plurimum
1082 479 1362 545 affinitatis
1390 495 1512 535 cum
1543 481 1650 534 'l'a-
1678 485 1724 542 Α

3220 362 3325 416 {8‘3

2328 478 2557 536 CAPUT
2597 478 2709 533 xm
3065 463 3069 466 ’
3351 445 3356 450 ’

105 575 233 627 tiano
261 573 582 636 habuerunt,
615 588 678 625 ac
703 571 819 639 ejus
846 572 1142 641 Evangelio
1168 587 1274 626 non
1299 573 1643 627 incommode

103 668 160 716 ad
185 678 386 718 errores
420 679 549 718 suos
575 664 650 717 uti
693 675 1009 732 potuerunt.

162 756 261 811 Vll.
298 755 476 810 Facile
524 757 850 811 crediderim
903 759 1034 811 illttd
1069 757 1232 812 etiam
1271 757 1642 828 Evangeliutn,

104 851 224 918 quod
256 849 546 902 secundum
593 847 817 902 Petrum
869 849 1180 913 dicebatur,
1218 849 1430 902 Tatiani
1463 849 1640 902 Evan-

105 941 220 1013 gelio
247 941 516 994 diversum
564 955 672 994 non
707 955 850 996 esse.
897 939 1135 1010 Tempus
1165 950 1220 995 et
1267 956 1355 994 res
1385 943 1516 1010 ipsa:
1547 943 1647 994 tni-

106 1034 233 1086 rilice
255 1031 598 1094 conveniunt,
646 1043 701 1086 ut
731 1033 994 1087 discimus
1027 1048 1092 1087 ex
1129 1033 1445 1088 testimonio
1483 1032 1648 1087 Sera-

106 1124 254 1194 pionis
274 1124 595 1178 Antiocheni
622 1125 860 1193 episcopi
889 1126 1026 1192 apud
1066 1125 1359 1178 Eusebium
1385 1167 1398 1191 ,
1432 1140 1512 1188 vr,
1549 1123 1638 1176 1‘2.

107 1216 146 1268 ls
182 1226 455 1282 antequam
506 1215 636 1268 illud
685 1215 830 1269 Petri
882 1217 1234 1284 Evangeliutn
1286 1232 1384 1284 per
1424 1232 1484 1271 se
1530 1217 1645 1285 ipse

107 1305 474 1373 examinasset,
537 1307 860 1376 permiserat
900 1318 956 1360 nt
989 1307 1261 1378 legeretur
1305 1310 1359 1362 in
1402 1309 1642 1377 parmcia

107 1398 402 1460 llh'tssensi,
448 1412 516 1450 ne
551 1397 692 1451 forte
732 1399 1014 1452 discordia:
1040 1440 1053 1464 ,
1099 1401 1298 1468 quibus
1355 1400 1640 1452 materiam

108 1487 299 1538 dederat
347 1484 475 1537 illud
521 1485 910 1553 Evangelium,
943 1489 1228 1557 graviores
1276 1487 1492 1542 ﬂerent.
1535 1488 1641 1544 Sed

109 1585 354 1642 tamquam
405 1576 538 1629 illud
587 1577 857 1648 perlegit,
905 1578 958 1634 in
1003 1579 1236 1650 gratiam
1273 1596 1498 1645 eorum,
1546 1581 1636 1648 qui

109 1668 282 1733 decepti
309 1667 564 1731 fuerant,
605 1667 807 1724 librum
837 1671 1188 1741 composuit,
1221 1673 1274 1725 in
1306 1687 1413 1741 quo
1443 1671 1521 1726 sic
1560 1671 1641 1724 lo-

110 1759 336 1827 qnebatur
363 1774 379 1811 :
419 1759 788 1833 Ἐδυνήθημεν
819 1763 929 1836 γὰρ
966 1764 1098 1835 παρ’
1133 1763 1307 1836 ἄλλων
1331 1763 1440 1816 τῶν
1473 1764 1643 1833 ἀσκη-

111 1852 281 1902 σάντων
309 1852 464 1906 τοῦτο
495 1853 556 1907 τὸ
579 1855 930 1924 Εὑαγγέλιον,
953 1855 1197 1909 τουτέστι.
1221 1856 1372 1928 παρὰ
1392 1855 1500 1908 τῶν
1532 1857 1646 1909 δια-

110 1944 249 2013 ῐόχων
272 1944 371 1997 τῶν
400 1945 828 2017 καταρξαμένων
854 1945 1019 2001 αὐτοῦ
1040 1988 1054 2010 ,
1079 1946 1173 2010 οὒς
1189 1947 1432 2017 Δοκητὰς
1458 1947 1647 2000 καλοῦ-

114 2051 188 2103 μεν
222 2036 310 2103 (τὰ
341 2037 446 2108 γὰρ
490 2037 714 2090 πλείονα
748 2039 1072 2111 φρονήματα
1119 2039 1340 2093 ἐκείνων
1382 2039 1498 2091 ἐστὶ
1545 2038 1646 2109 τῆς

112 2128 437 2200 διδασκαλίας)
469 2130 810 2201 χρησάμενοι
854 2131 985 2202 παρ’
1032 2130 1212 2184 αὐτῶν
1244 2130 1472 2182 διελθεῖν
1497 2147 1510 2160 ·
1553 2131 1646 2182 καὶ

113 2221 258 2290 εὖρεῖν
277 2222 338 2274 τὰ
364 2223 459 2292 μὲν
483 2223 710 2275 πλείονα
741 2222 835 2276 τοῦ
865 2222 1028 2294 ὀρθοῦ
1061 2223 1218 2292 λόγου
1248 2223 1340 2276 τοῦ
1368 2223 1644 2294 Σαπῆρος,

114 2311 206 2363 τινὰ
242 2311 292 2364 δὲ
328 2313 857 2386 προσ-διεσταλμένα,
903 2315 938 2368 ἃ
969 2316 1062 2368 καὶ
1115 2316 1464 2387 ὑπετάξαμεν
1496 2317 1642 2387 ὑμῖν.

117 2420 132 2451 ι
157 2401 350 2457 Μιιιιιιιιὶ
377 2406 522 2457 enim
551 2407 925 2474 supradictntn
961 2407 1312 2477 Evangelinm
1339 2407 1407 2461 ab
1436 2409 1520 2469 iis,
1554 2410 1644 2478 qui

114 2493 215 2546 illud
255 2511 344 2548 usu
389 2507 442 2549 et
477 2499 872 2553 exercitatione
922 2510 1350 2567 promoverunt,
1389 2501 1441 2554 id
1488 2510 1570 2555 cst
1618 2517 1648 2553 a

115 2588 476 2642 successoribus
528 2605 724 2644 eorum
777 2592 868 2659 qui
919 2593 1046 2644 illml
1092 2593 1464 2662 incoaperunt,
1514 2609 1651 2662 quos

118 2676 301 2731 lbet-etas
331 2694 592 2734 vocamus
642 2690 806 2751 (sunt
850 2683 994 2734 enim
1044 2682 1318 2752 pleraeque
1366 2684 1651 2737 sententia:

114 2783 163 2817 cx
198 2782 362 2822 eorum
388 2771 666 2841 doctrina)
698 2774 910 2842 legendi
939 2775 1150 2841 copiam
1182 2777 1328 2829 nacti
1359 2791 1567 2842 smnus,
1601 2788 1654 2830 et

114 2858 522 2930 deprehendimus
550 2867 769 2935 quidem
821 2868 872 2920 in
919 2867 1194 2938 plerisque
1225 2879 1430 2924 rectam
1463 2871 1652 2922 Salva-

118 2951 224 3004 toris
247 2953 538 3008 doctrinam
571 2965 597 3020 ,‘
619 2957 712 3010 sed
746 2968 923 3011 tamen
953 2960 1168 3012 detorta
1214 2974 1335 3015 esse
1368 2961 1654 3040 nonnulla,

118 3059 208 3109 qua
223 3057 268 3098 et
291 3048 437 3101 vobis
461 3048 818 3117 sulijecitnns.
853 3068 872 3100 ›
908 3049 1198 3118 Serapion,
1233 3051 1322 3121 qui
1354 3051 1652 3105 Ecclesiatn

118 3135 455 3244 iptiochen‘am
511 3139 673 3244 rexit“
703 3139 769 3243 ab
803 3156 945 3244 anno
993 3140 1096 3195 190
1141 3157 1311 3210 usque
1341 3143 1406 3194 ad
1441 3159 1638 3195 anitum
1669 3156 1711 3214 (ς
1744 3135 1842 3244 τῆξ
1892 3135 2082 3242 qua-L5,;

119 3223 216 3289 en,
237 3229 446 3297 degebat
475 3244 602 3284 cum
631 3231 840 3286 Tatiani
870 3233 1300 3288 successoribus.
1330 3233 1395 3287 Ut
1424 3233 1636 3287 Τ.ιιῑ;ιιιί

121 3314 440 3384 diatessaron,
486 3320 565 3374 ita
598 3321 728 3376 illnd
757 3324 918 3378 etiam
941 3367 955 3390 ,
985 3323 1127 3392 quod
1159 3323 1304 3377 Petri
1334 3325 1636 3389 dicebatur,

124 3403 417 3478 Evangelium
452 3425 606 3466 tanta
638 3423 757 3472 arte
788 3417 1170 3469 concinnatum
1210 3424 1326 3470 erat
1357 3427 1412 3470 ιιι
1439 3417 1639 3470 Catho-

124 3495 212 3550 licis
237 3515 327 3553 non
355 3502 688 3558 doctissimis
738 3505 918 3561 fucum
965 3506 1212 3564 faceret:
1245 3519 1532 3576 utrumque
1572 3510 1639 3562 ab

123 3590 303 3645 eruditis
331 3594 621 3666 episc0pis,
655 3596 997 3655 Theodoreto
1024 3609 1078 3652 et
1102 3598 1425 3669 Serapione,
1455 3602 1641 3654 admo-

126 3679 198 3733 niti
235 3697 261 3736 e
296 3685 538 3741 manibus
585 3688 952 3756 projecerunt.
997 3689 1266 3745 Praeterea
1317 3692 1638 3746 Docetarum

126 3785 199 3824 usu
239 3775 495 3831 lerebatur
539 3778 892 3849 Evangeliutn
950 3784 1244 3835 secundum
1283 3783 1502 3837 Petrum
1541 3801 1553 3835 :
1587 3794 1642 3836 at

126 3861 331 3934 pleraque
370 3881 677 3924 commenta
717 3888 745 3922 ιι
780 3870 1012 3927 Tatiano
1044 3873 1253 3927 Doccta:
1295 3885 1642 3942 acceperant,

127 3968 202 4006 nec
221 3955 355 4010 rideo
390 3975 481 4013 cur
530 3976 640 4012 non
694 3961 824 4016 illttd
867 3963 1034 4016 etiam
1084 3961 1433 4033 Evangeliutn
1474 3965 1541 4018 ab
1580 3981 1644 4020 eo

129 4049 426 4114 acceperint,
475 4062 575 4104 aut
643 4068 740 4106 cur
789 4055 912 4107 novi
964 4055 1361 4110 architectandi
1425 4072 1643 4125 operam

129 4142 428 4207 susceperint,
460 4159 586 4197 cum
619 4147 1005 4201 communibus
1031 4149 1316 4203 erroribus
1345 4148 1481 4202 satis
1525 4165 1648 4218 pro-

129 4227 304 4284 vidisset
349 4233 645 4299 Tatianus,
695 4251 760 4290 ac
802 4237 1017 4292 etiarnsi
1064 4237 1195 4307 quid
1250 4237 1396 4290 inter
1440 4253 1535 4291 eos
1583 4238 1648 4291 de

130 4333 254 4374 carne
309 4325 502 4380 Christi
576 4344 684 4384 non
750 4331 1104 4394 conveniret,
1172 4328 1223 4382 in
1293 4332 1394 4384 hoc
1467 4339 1645 4383 tamen

131 4409 322 4478 utrisque
376 4415 425 4468 in
483 4431 776 4472 commune
823 4416 1154 4488 genealogus
1204 4417 1394 4472 recisis
1443 4434 1646 4472 consu-

131 4498 290 4556 luisset.

182 4591 334 4666 Ncque
358 4600 486 4656 illud
521 4601 884 4658 omittendum
910 4643 924 4667 ,
955 4603 1099 4672 quod
1131 4615 1361 4658 testatur
1389 4603 1648 4660 Theodo—

135 4694 278 4752 rctus,
329 4691 526 4748 liceret.
571 4695 708 4764 {ub.,
762 4695 858 4748 lib.
896 4711 976 4760 ιι,
1026 4711 1147 4764 cap.
1177 4695 1249 4760 2,
1297 4696 1647 4766 Evangeliuni

135 4773 240 4834 Petri
265 4785 370 4838 usui
400 4785 565 4842 fuisse
588 4787 901 4849 Nazarteis.
923 4789 976 4844 ld
1010 4790 1252 4859 profecto
1285 4790 1640 4844 incredibile:

136 4885 225 4926 nam
282 4873 510 4934 Nazaraci
563 4881 615 4935 id
670 4898 836 4936 unum
884 4882 1220 4953 peccabant,
1273 4883 1418 4950 quod
1473 4883 1660 4957 legetu-

137 4958 260 5020 llosis
285 4966 542 5029 obstinate
586 4973 906 5027 retinerent.
934 4972 1042 5027 Sed
1065 4991 1187 5028 cum
1227 4972 1467 5026 Μαίη-ωε
1508 4990 1650 5043 stt-pe

135 5058 482 5116 confusdantur
514 5079 641 5118 cum
675 5064 977 5130 Ebionitis,
1005 5081 1145 5135 quos
1192 5065 1386 5122 scribit
1416 5063 1652 5134 Epipha—

139 5144 227 5200 nius
264 5147 462 5207 Tatiani
507 5155 800 5226 Evangelio
847 5171 973 5211 usos
1026 5157 1223 5224 fuisse,
1273 5157 1395 5213 inde
1439 5158 1651 5211 videtur

141 5242 310 5299 errandi
334 5248 544 5303 occasio
567 5248 747 5303 oblata
778 5249 1140 5304 Theodoreto.

2038 601 2109 652 De
2141 601 2295 668 gestis
2322 607 2368 650 et
2396 594 2612 667 scriptis
2645 594 3020 662 Athenagora.

1750 707 1790 756 Ι.
1813 708 2173 756 Testimonium
2197 707 2417 769 Philippi,
2432 704 2618 754 Sidetas
2640 702 2704 750 de
2728 701 3045 769 Athenagora
3085 701 3330 769 expendi-

1813 777 1912 817 tur.
1962 769 2122 819 ILAn
2169 769 2300 817 idem
2329 759 2680 823 ‘A'thenagoras
2720 776 2777 812 ac
2816 759 3189 823 Athénogencs.
3237 759 3326 811 ΙΙΙ.

1813 778 1912 817 tur.
1964 778 2122 819 ILAn
2169 778 2300 817 idem
2341 778 2532 816 Athena
2571 778 2680 813 oras
2720 778 2777 812 ac
2816 778 3189 823 Atnenogencs.
3237 778 3326 811 tu.

1810 832 2060 895 Apologia
2099 831 2160 895 ab
2186 843 2260 895 eo
2300 778 2575 895 oblatu)?
2604 825 2812 895 Aurelio
2834 826 3044 895 ejusque
3065 823 3330 895 t_ilio_§o_tn-

1811 884 2077 940 modoflv.
2105 891 2278 940 Oblata
2303 903 2431 939 anno
2472 888 2580 948 176,
2602 899 2698 934 nec
2737 887 2895 933 solum
2939 887 3137 945 scripta.
3166 884 3224 932 ν.
3251 885 3328 933 Do

1811 955 1909 1003 alio
1932 955 2068 1003 illius
2091 953 2233 1012 libro,
2257 951 2341 1013 qui
2367 956 2446 1000 est
2465 949 2528 999 de
2550 948 2917 998 resurrectione
2940 952 3264 995 mortuorum.

1818 1058 1859 1113 Ι.
1921 1060 2323 1130 Athenagoram
2366 1055 2759 1110 Atheniensem
2817 1070 2882 1108 ac
2942 1051 3328 1123 philosophum

1747 1152 1914 1206 fuisse
1958 1152 2157 1205 indicat
2203 1151 2321 1218 ejus
2361 1163 2588 1218 operum
2623 1146 2827 1202 titulus.
2866 1144 2944 1200 De
2993 1145 3153 1199 rebus
3184 1145 3331 1201 illius

1745 1244 1911 1312 gestis
1952 1258 2058 1297 non
2094 1243 2367 1296 uberrima
2398 1252 2482 1296 est
2517 1240 2732 1294 dicendi
2766 1255 2949 1309 seges,
2999 1254 3120 1294 cum
3156 1238 3330 1306 ipsius

1747 1350 1941 1388 nomen
1996 1347 2133 1404 pene
2171 1333 2379 1387 oblivio
2419 1331 2709 1386 deleverit.
2746 1328 2882 1382 Nam
2917 1330 2959 1382 si
2993 1328 3328 1382 Methodiutn

1746 1437 2036 1497 martyrem
2069 1437 2123 1481 et
2153 1425 2462 1492 Philippum
2491 1423 2734 1478 Sidetant
2780 1420 3024 1490 excipias
3045 1461 3059 1486 ,
3090 1434 3325 1491 quorum

1744 1520 1882 1574 alter
1914 1535 2074 1572 nnatn
2108 1519 2349 1586 aliquam
2399 1516 2769 1585 Athenagora:
2811 1514 3140 1570 sententiam
3183 1512 3334 1581 apud

1744 1609 2106 1680 Epiphaniam
2144 1610 2339 1664 haeres.
2367 1608 2454 1670 64,
2506 1617 2559 1661 et
2600 1606 2851 1661 PhOtium
2885 1607 3009 1661 cod.
3035 1604 3142 1660 224
3174 1604 3344 1670 οἰιειῑι,

1745 1701 1884 1755 aiter
1917 1705 1980 1755 de
2012 1702 2104 1756 illo
2142 1701 2380 1756 breviter
2408 1710 2461 1755 et
2491 1699 2646 1769 quasi
2685 1699 2956 1752 transiens
2987 1703 3198 1751 locutus
3221 1705 3341 1756 est,

1676 1825 1719 1879 Β
1747 1796 1914 1850 altum
1958 1797 2024 1847 de
2059 1795 2160 1847 hoc
2191 1792 2394 1846 exituio
2425 1790 2695 1858 scriptore
2742 1789 2795 1841 in
2852 1799 2961 1840 tota
3005 1785 3332 1855 antiquitate

1748 1887 2049 1943 silentium.
2077 1885 2273 1940 Debuit
2308 1896 2489 1939 tamen
2523 1882 2674 1936 illius
2713 1880 2854 1936 faina
2887 1879 3054 1937 latius
3082 1893 3346 1943 manare,

1750 1981 1792 2034 si
1825 1993 1950 2032 vera
1995 1988 2123 2032 sunt
2167 1991 2288 2046 quae
2317 1978 2573 2047 perhibet
2607 1973 2894 2042 Philippus
2926 1970 3111 2024 Sideta
3134 2009 3150 2034 ,
3193 1984 3332 2038 pra:-

1748 2069 1914 2124 fuisse
1949 2069 2099 2122 illum
2129 2068 2330 2123 schola:
2372 2062 3046 2132 Alexandritumeiquein
3075 2061 3177 2115 hoc
3211 2076 3333 2114 mu-

1751 2177 1880 2215 nere
1930 2158 2255 2228 discipulutn
2297 2158 2635 2211 Clementem
2673 2152 3029 2210 successisse.
3071 2151 3332 2204 Refertur

1753 2254 1854 2306 hoc
1899 2249 2268 2305 testimonium
2303 2247 2534 2316 Philippi
2588 2244 2788 2301 Sidette
2838 2244 2890 2298 in
2943 2243 3174 2316 quodam
3220 2239 3332 2294 fra-

1753 2352 2006 2413 gmento,
2052 2343 2195 2410 quod
2241 2357 2307 2396 ex
2362 2337 2654 2407 Niccpltori
2705 2335 2952 2397 Callisti,
3005 2343 3064 2387 ut
3109 2330 3332 2399 conjicit

1755 2433 2056 2487 Dodwellus
2080 2473 2094 2493 ,
2127 2432 2382 2500 operibus
2407 2428 2828 2498 escerptumad
2862 2425 3074 2480 calcem
3120 2423 3332 2477 disser-

1757 2527 2017 2578 tationuut
2053 2523 2313 2577 Dodwelli
2349 2523 2400 2576 in
2432 2520 2698 2578 Irenaeum
2731 2518 2952 2588 legitur.
3003 2515 3093 2570 Sic
3129 2515 3333 2568 habent

1753 2635 1872 2688 qua:
1911 2620 1976 2674 de
2006 2620 2353 2687 Athenagora
2394 2618 2468 2672 ibi
2516 2617 2773 2670 dicuntur
2797 2630 2813 2668 :
2837 2611 2951 2665 Καί
2980 2627 3114 2682 φησι
3145 2608 3336 2662 Φίλιπ-

1755 2729 1854 2774 πος
1885 2713 1913 2764 ό
1945 2709 2171 2783 Σιδητὴς
2204 2713 2260 2763 ὲν
2290 2709 2433 2779 λόγῳ
2464 2707 2539 2762 κδ’
2567 2725 2581 2737 ο
2620 2705 2755 2762 «Τοῦ
2777 2703 3145 2762 διδασκαλείου
3161 2702 3254 2756 τοῦ
3272 2705 3333 2757 ὲν

1770 2802 2141 2875 Ἀλεξανδρείᾳ
2189 2801 2556 2873 Ἀθηναγόρας
2602 2798 2831 2870 πρῶτος,
2861 2799 3139 2871 ἡγήσατο,
3192 2794 3334 2850 κατὰ

1754 2899 1882 2960 τοὺς
1935 2896 2158 2968 χρόνους
2203 2895 2458 2966 ἀκμάσας
2509 2891 2786 2964 Ἀδριανοῦ
2844 2891 2938 2946 καὶ
2993 2888 3330 2951 ’Λντωνίνου,

1664 3033 1669 3039 ·
1756 2985 1837 3054 οἷς
1865 2990 1957 3043 καὶ
1976 2989 2065 3041 τὸν
2090 2988 2230 3059 ὑπὲρ
2259 2984 2598 3058 Χριστιανῶν
2628 2981 3022 3057 πρεσϐευτικὸν
3048 2978 3333 3053 προτεφώ-

1758 3099 1946 3154 νησεν’
1985 3082 2122 3154 ἀνὴρ
2172 3083 2230 3133 ἐν
2263 3078 2411 3150 αὐτῷ
2443 3077 2816 3152 χριστιανίσας
2859 3076 2938 3146 τῷ
2981 3075 3205 3147 τρίθξωνι
3239 3072 3334 3124 καὶ

2076 3171 2295 3244 χμαῖκῆς
2331 3171 2525 3241 σχολῆς
2558 3169 2974 3240 προϊστάμενος.
3020 3162 3187 3229 Οὗτος
3226 3163 3353 3236 πρὸς.

1737 3265 1829 3318 τοῦ
1877 3264 2085 3317 Κέλσου
2126 3263 2268 3318 κατὰ
2302 3263 2643 3335 Χριστιανῶν
2675 3260 2881 3334 γράψαι
2933 3256 3331 3332 προθυμηθεὶς,

1742 3355 1978 3427 ἐντυχὼν
2027 3358 2148 3418 ταῖς
2192 3355 2363 3419 estut;
2391 3355 2636 3427 Γραφαῐς
2700 3356 2778 3417 εἰς
2833 3353 2893 3406 τὸ
2944 3352 3334 3424 ἀκριϐέστερον

1741 3449 2144 3519 ἀγωνίσασθαι,
2179 3447 2353 3512 οὕτως
2403 3449 2574 3501 εἵλετο
2619 3446 2699 3517 τῷ
2747 3445 2998 3516 παναγίῳ
3032 3444 3341 3514 Πνεῦματιι

1742 3541 1884 3601 ὥστε
1915 3541 2253 3603 διδάσκαλον,
2285 3539 2424 3594 κατὰ
2457 3539 2544 3593 τὸν
2587 3539 2757 3609 μέγαν
2792 3536 3023 3601 Παῦλον,
3061 3537 3186 3589 ἀντὶ
3209 3534 3335 3588 διώ-

1742 3651 1869 3695 κτου
1893 3632 2261 3703 γενέσθαιτῆς
2287 3631 2517 3695 πίστεως
2549 3627 2617 3703 ἧς
2650 3629 2890 3684 ἐδίωκεν.
2920 3649 2938 3680 ι
2973 3628 3176 3681 Τούτου
3231 3645 3332 3697 μα-

1743 3725 1910 3795 θητὴν
1959 3724 2209 3793 γενέσθαι
2261 3724 2424 3794 φησὶν
2477 3724 2506 3776 ὁ
2547 3721 2808 3784 (ινξλιππος
2860 3720 2951 3775 τὸν
3005 3718 3332 3791 στρωματέα

1744 3817 2043 3888 Κλήμεντα
2115 3817 2208 3870 καὶ
2269 3815 2568 3868 Πάνταινον
2620 3813 2714 3868 τοῦ
2778 3813 3116 3883 Κλήμεντος.
3177 3831 3195 3863 ι
3241 3810 3334 3864 Ait

1745 3907 2024 3976 Philippus
2056 3907 2236 3961 Sideta
2257 3906 2310 3959 in
2328 3920 2492 3959 sertn.
2513 3903 2582 3958 24
2599 3921 2690 3957 :—
2707 3904 2921 3958 Schola:
2939 3902 3332 3960 Alexandrinae

1746 4001 1954 4070 primus
2039 3998 2256 4068 prmfnit
2332 3999 2755 4066 Athenagoras,
2830 3999 2922 4065 qui
2995 3995 3333 4065 temporibus

1747 4091 1976 4146 Adriani
2006 4101 2061 4144 et
2097 4089 2353 4143 Antonini
2385 4088 2607 4155 ﬂoruit,
2666 4088 2863 4158 quibus
2908 4088 3074 4141 etiam
3123 4088 3330 4156 legato-

1751 4182 1888 4234 riatn
1947 4180 2262 4234 orationem
2327 4193 2424 4246 pro
2477 4177 2812 4232 Christianis
2874 4175 3194 4242 inscripsit;
3245 4171 3332 4225 vir

1749 4274 2116 4328 Christianam
2167 4270 2486 4338 religionem
2538 4271 2592 4323 in
2644 4272 2762 4337 ipso
2812 4269 2981 4338 pallio
3025 4264 3332 4335 professus,

1749 4380 1813 4420 ac
1858 4363 2059 4418 schol-.c
2089 4363 2421 4417 academica:
2452 4361 2764 4430 praefectus.
2809 4361 2858 4413 Is
2883 4375 3007 4414 cum
3035 4368 3163 4412 ante
3204 4357 3330 4412 Cel-

1679 4480 1723 4534 D
1754 4471 1874 4511 sum
1921 4455 1973 4508 in
2017 4457 2202 4510 animo
2235 4453 2463 4506 haberet
2499 4453 2766 4506 adversus
2798 4449 3142 4505 Christianos
3184 4448 3328 4503 scri—

1753 4547 1902 4610 bere,
1942 4545 2126 4613 legens
2162 4545 2376 4598 divinas
2429 4541 2745 4612 Scripturas
2781 4541 2846 4596 ad
2876 4541 3191 4594 accuratius
3230 4557 3332 4610 pu-

1753 4638 2049 4708 gnandunt,
2078 4638 2158 4692 sic
2185 4636 2391 4706 Spiritu
2423 4645 2616 4689 saneto
2646 4646 2841 4704 captus
2867 4643 2971 4695 est,
2996 4645 3055 4686 ut
3090 4648 3240 4686 more
3265 4649 3336 4693 ae,

1753 4732 1916 4786 tnodo
1964 4732 2140 4801 magni
2189 4729 2338 4792 Pauli
2391 4745 2491 4798 pro
2541 4738 2891 4800 persecutore
2937 4728 3134 4781 doctor
3175 4728 3332 4780 lieret

1755 4823 1897 4879 illius
1925 4824 2206 4878 doctrinm.
2232 4839 2394 4891 quam
2417 4820 3073 4890 insectabatun—llujus
3090 4819 3331 4886 discipu-

1755 4916 1863 4970 lum
1898 4914 2066 4970 fuisse
2111 4916 2186 4968 ait
2223 4915 2504 4982 Philippus
2525 4911 2862 4968 Clementem
2894 4909 3332 4964 Alexandrinum

1753 5015 1811 5060 et
1842 5004 2156 5068 Pantaenum
2182 5004 2498 5062 Clementis.
2525 5024 2543 5056 ι

1827 5098 2088 5166 Quamvis
2136 5114 2239 5148 non
2304 5096 2539 5150 maxima
2581 5097 2654 5149 sit
2710 5097 3014 5149 auctoritas
3067 5091 3324 5160 Philippi,

1757 5191 1983 5262 ejusque
2009 5206 2166 5264 opus,
2197 5192 2341 5260 quod
2405 5186 2703 5242 Historiam
2732 5188 3095 5242 Christianam
3134 5186 3334 5241 inseri.-

1755 5295 1966 5353 pserat,
2005 5284 2182 5337 doctis
2230 5283 2438 5350 pariter
2503 5291 2558 5334 et
2611 5281 2844 5334 indoctis
2897 5281 3084 5332 inutile
3124 5277 3334 5344 judicet

1759 5376 2039 5439 Socrates,
2069 5372 2168 5425 lib.
2203 5386 2337 5436 xvn,
2361 5385 2483 5440 cap.
2514 5370 2604 5433 27,
2639 5370 2724 5424 cui
2759 5370 3059 5424 assentitur
3086 5367 3333 5432 l’hotius,

1758 5463 1881 5520 cod.
1911 5462 2001 5528 55,
2029 5479 2154 5517 eum
2182 5472 2362 5515 tatnen
2421 5460 2728 5518 Dodwellus
2774 5459 2880 5528 ipsi
2907 5461 3068 5512 etiam
3099 5456 3333 5516 Eusebio

1768 5557 1822 5610 in
1862 5556 1964 5608 hoc
1989 5556 2054 5608 de
2081 5557 2427 5622 Athenagora
2463 5563 2519 5608 et
2568 5553 2690 5608 aliis
2719 5550 3102 5606 Alexandrina:
3131 5551 3335 5605 schola:

1763 5648 2076 5701 rectoribus
2129 5646 2438 5700 testimonio
2493 5645 2928 5714 anteponendum
2975 5653 3152 5713 putat,
3208 5659 3331 5710 pro-

1767 5750 1955 5808 pterea
1988 5737 2130 5808 quod
2159 5734 2439 5794 Rhodonis
2468 5734 2774 5804 discipulus.
2813 5734 2941 5800 fuit,
2975 5735 3067 5802 qui
3103 5733 3337 5794 Alexan-

3341 5833 3368 5857 ο
