3764 6514
397 316 497 371 185

1296 327 1355 381 S.
1392 325 1724 383 JUSTINUS
1753 328 2228 386 PHILOSOPHUS
2256 332 2343 387 ET
2381 332 2689 389 MARTYR.
3549 335 3642 391 illo

398 437 571 501 drime
602 438 807 496 schola:
865 451 991 511 post
1044 438 1328 515 Didymum
1364 448 1598 515 praefuit,
1628 458 1683 504 et
1719 451 1964 505 eamdem
2000 462 2042 518 Α
2074 468 2221 520 μοι-ιιι
2251 454 2642 532 conversione,
2673 460 2729 507 et
2777 451 3102 507 Christiana:
3132 450 3402 522 religionis
3433 448 3495 504 in
3534 451 3641 520 ipsa

396 529 661 592 scholam;
684 530 739 584 in
773 532 961 587 urbem
1014 534 1201 589 Sidam
1241 540 1544 603 transtulit,
1580 541 1669 594 ubi
1691 558 1813 595 eum
1846 557 1874 595 a
1903 559 1962 597 se

394 619 641 672 auditum
671 633 859 674 narrat
883 622 1158 694 Philippus
1214 635 1345 680 teste
1379 631 1623 697 excerpti
1659 632 1820 684 modo
1850 631 1965 685 lano

393 709 504 760 uati
541 720 784 775 auctore,
829 712 945 766 sive
996 714 1043 767 is
1074 713 1413 785 Nicephorus
1461 719 1554 785 sit,
1598 734 1691 773 seu
1737 718 1966 786 quilibet

396 799 555 853 alius.
589 800 742 857 Haud
771 804 1022 873 equidem
1058 811 1370 876 negaverim
1407 809 1662 865 Dodwelli
1696 812 1961 865 rationein

398 891 449 943 Id
483 891 686 959 valere,
718 902 778 947 ut
824 895 869 949 si
915 896 1046 965 quid
1087 909 1275 953 narret
1316 899 1619 970 Philippus,
1655 902 1799 972 quod
1836 918 1961 957 cum

395 983 620 1050 optimis
680 988 1048 1042 monumentis
1081 1005 1186 1043 non
1226 1004 1450 1060 pugnet,
1494 993 1544 1046 id
1587 994 1870 1063 probetur.
1897 996 1966 1049 At

398 1090 672 1144 nunquam
730 1077 1044 1147 impetrabit
1084 1082 1412 1149 Dodwellus,
1476 1095 1535 1139 ut
1590 1085 1827 1153 scriptor
1855 1101 1961 1140 non

397 1170 574 1237 magni
598 1172 875 1240 ponderis,
902 1172 1093 1229 Pi-oclo
1118 1188 1171 1230 et
1208 1178 1454 1232 Sisinnio
1489 1179 1717 1248 aequalis
1750 1195 1814 1233 ac
1840 1178 1960 1233 dia-

394 1261 517 1314 coni
557 1278 784 1318 munere
813 1266 918 1319 sub
956 1264 1162 1321 Joanne
1187 1268 1576 1340 Clirysostomo
1622 1272 1961 1341 perfunctus,

395 1350 653 1420 Eusebio,
712 1356 803 1425 qui
850 1364 905 1409 et
952 1358 1233 1425 antiquior
1276 1372 1330 1415 et
1374 1362 1687 1417 accuratior
1736 1372 1842 1426 est,
1897 1378 1964 1417 ac

396 1444 565 1500 multo
593 1446 743 1515 plura
773 1448 974 1502 scholae
1004 1450 1394 1506 Alexandrinae
1444 1464 1816 1522 monumenta,
1845 1455 1964 1525 plu—

396 1551 591 1606 resque
622 1541 865 1594 eruditos
891 1542 1044 1596 viros
1094 1554 1187 1596 aut
1237 1544 1284 1596 ei
1331 1542 1615 1612 prmfectos
1673 1556 1767 1600 aut
1809 1544 1862 1599 in
1897 1560 1960 1599 ea

395 1628 675 1684 institutos
702 1631 941 1697 viderat,
972 1642 1363 1701 anteponatur.
1395 1637 1577 1702 Quare
1620 1644 1676 1688 ut
1712 1636 1961 1689 omittam

396 1719 555 1789 longe
578 1736 608 1773 a
639 1736 768 1775 vero
798 1723 1059 1779 aberrare
1095 1724 1426 1794 Philippum,
1479 1732 1600 1780 cnu'i
1652 1726 1964 1795 Apologiam

393 1807 762 1878 Athenagora:
813 1811 1234 1880 imperatoribus
1284 1814 1526 1868 Adriano
1573 1826 1628 1870 et
1688 1819 1963 1873 Antonino

396 1901 713 1970 inscriptam
761 1913 954 1973 putat;
1010 1906 1179 1959 multa
1212 1908 1263 1961 in
1293 1909 1485 1962 eodem
1544 1909 1857 1964 testimonio
1887 1910 1964 1964 le-

395 2003 600 2061 guntur
625 1995 820 2062 partim
851 1995 992 2050 haud
1026 1998 1180 2051 valde
1221 1999 1549 2067 probabilia,
1598 2001 1796 2069 partim
1828 2000 1961 2056 falsa

392 2100 618 2153 prorsus
647 2096 700 2141 et
729 2088 986 2143 absurda.
1019 2087 1135 2143 Non
1185 2090 1419 2145 libenter
1440 2092 1767 2147 crediderim
1794 2094 1964 2147 Athe—

396 2194 651 2246 nagoram
685 2178 1071 2237 Alexandrina:
1100 2182 1300 2237 scholm
1335 2184 1639 2252 praefuisse.
1677 2183 1964 2252 Quomodo

393 2272 538 2324 enim
568 2271 617 2326 in
656 2281 764 2328 tam
808 2273 917 2328 alto
953 2285 1007 2329 et
1056 2274 1275 2329 sublimi
1318 2275 1435 2330 loco
1470 2277 1541 2331 ita
1590 2276 1735 2332 illius
1756 2278 1961 2346 scripta

392 2362 624 2424 latuere,
656 2374 713 2418 ut
742 2366 887 2420 nulla
913 2382 1137 2437 prorsus
1161 2368 1229 2421 ad
1264 2366 1553 2422 Eusebium
1599 2385 1730 2422 aura
1766 2384 1962 2438 perve-

391 2454 580 2508 niret?
614 2456 747 2510 llliid
782 2468 930 2513 certe
973 2460 1076 2514 dici
1116 2478 1224 2531 non
1258 2472 1434 2529 potest
1466 2461 1608 2530 quod
1642 2462 1722 2514 ait
1753 2459 1961 2527 Phillp-

392 2561 494 2612 pus
524 2548 926 2617 Athenagoram
966 2551 1094 2605 huic
1125 2554 1329 2606 SCIIOI‘P.
1379 2554 1612 2622 primum
1654 2554 1960 2624 prmfiiissc.

393 2635 528 2689 Nam
559 2638 762 2693 diserte
795 2650 1028 2700 testatur
1062 2643 1329 2698 Eusebius
1352 2647 1397 2678 "
1430 2646 1739 2700 litterarum
1778 2663 1964 2702 sacra-

395 2743 511 2779 rum
539 2730 783 2784 scholam
831 2732 944 2801 jam
982 2735 1104 2788 inde
1132 2754 1159 2788 a
1188 2737 1380 2805 priscis
1421 2740 1774 2807 temporibus,
1811 2750 1963 2795 ante-

392 2835 553 2884 quam
594 2823 642 2875 ei
686 2835 945 2890 pricesset
992 2824 1305 2892 Pantaenus,
1341 2828 1393 2881 in
1428 2828 1561 2884 urbe
1595 2830 1959 2885 Alexandrina

394 2910 695 2963 iiistilutain
724 2913 908 2968 fuisse.

465 3000 578 3054 Non
617 3004 795 3058 minus
848 3006 1085 3059 absurde
1149 3007 1291 3061 idem
1332 3008 1612 3078 Philippus
1652 3010 1963 3079 Athenago—

396 3112 509 3147 ram
554 3097 849 3152 Clementis
902 3099 1291 3165 Alexandrini,
1352 3100 1682 3156 Clementem
1719 3102 1959 3157 Pantzeiii

2061 545 2228 613 pallio
2246 544 2587 613 professione
2617 553 2931 597 narrantur.
2954 542 3074 595 llaec
3088 542 3231 595 enim
3253 543 3479 595 minime
3499 556 3639 611 repu-

2064 645 2267 703 gnant;
2298 634 2392 688 sed
2419 635 2652 687 certiora
2680 642 2889 697 essent,
2911 633 2955 687 si
2990 632 3267 701 Philippus
3293 632 3563 701 majorem
3596 635 3639 683 iii

2065 722 2292 775 historia
2328 722 2619 776 scribenda
2659 721 2815 775 fidem
2843 737 2904 775 ac
2924 719 3256 789 diligentiam
3288 721 3642 775 declarasset.

2134 814 2197 870 ll.
2230 813 2596 883 Suspicantur
2631 815 2735 869 viri
2779 812 3238 883 praestantissimi,
3296 812 3573 865 Baronius
3600 812 3644 841 "

2064 917 2119 960 et
2153 906 2543 961 Tilleinontius
2582 906 2987 976 Athenagoram
3020 905 3271 959 eumdem
3321 918 3444 958 esse
3482 917 3551 955 ac
3584 902 3640 958 S.

2064 997 2472 1065 Athenogenem
2510 1007 2839 1068 martyrem,
2869 997 3030 1067 cujus
3060 997 3319 1069 hymnum
3347 996 3640 1067 quemdam

2065 1087 2301 1141 laudavit
2356 1087 2597 1142 Basilius
2651 1088 2704 1141 in
2741 1088 2880 1143 libro
2915 1088 2991 1143 De
3040 1088 3242 1157 Spiritu
3289 1101 3501 1153 sancto,
3525 1105 3641 1159 cap.

2063 1179 2156 1242 29,
2184 1180 2541 1249 compositum
2578 1196 2607 1234 a
2642 1179 2698 1236 S.
2732 1190 2975 1251 martyre
2996 1192 3052 1236 et
3074 1180 3359 1251 discipulis
3391 1181 3641 1235 relictum

2066 1271 2242 1326 instar
2293 1270 2574 1339 cujusdam
2626 1271 2872 1338 aiiiuleti,
2911 1286 3037 1326 cuiu
3074 1272 3196 1341 igne
3225 1270 3452 1341 jamjani
3497 1287 3641 1325 com-

2066 1363 2345 1416 bureiidus
2379 1373 2549 1417 esset.
2592 1364 2802 1417 Revera
2836 1372 3035 1433 pra-ter
3058 1364 3295 1418 nominis
3324 1363 3644 1418 similitudi.

2065 1468 2210 1519 item,
2246 1470 2367 1523 qua:
2409 1454 2593 1508 fucum
2646 1455 2891 1509 librariis
2945 1457 3127 1508 facere
3177 1455 3391 1523 potuit,
3424 1456 3645 1509 videtur

2065 1545 2454 1609 Athciiogcncs
2505 1547 2819 1602 eruditione
2886 1562 2950 1600 ac
3009 1546 3289 1614 discipulis
3347 1546 3644 1611 ﬂoruisse,

2065 1638 2210 1707 quod
2244 1639 2463 1707 quidem
2498 1654 2602 1695 non
2631 1641 2811 1695 minus
2840 1650 2967 1710 apte
2991 1641 3043 1693 in
3070 1640 3455 1709 philosophum
3488 1641 3647 1695 Atlio-

2066 1728 2311 1782 niensein
2354 1730 2633 1785 convenit.
2688 1731 3093 1800 Athenagoram
3141 1745 3356 1800 passum
3397 1746 3527 1787 esse
3553 1747 3645 1802 pro

2067 1820 2286 1875 Christo
2322 1823 2466 1875 nulla
2497 1822 2792 1891 perhibent
2846 1823 3093 1878 historiae
3126 1832 3504 1878 monumenta.
3541 1823 3643 1878 Sed

2069 1918 2127 1961 ut
2159 1906 2277 1974 eius
2310 1911 2510 1979 scripta
2541 1926 2679 1981 pene
2711 1912 2766 1964 in
2800 1912 3084 1967 oblivione
3113 1912 3406 1980 jacuerunt
3428 1952 3444 1977 ,
3482 1913 3562 1967 ita
3594 1924 3644 1966 ct

2066 2001 2393 2069 martyrium
2429 2001 2598 2056 latere
2630 2003 2919 2071 potuisset.
2971 2002 3083 2058 Nec
3118 2003 3363 2072 profecto
3412 2005 3645 2058 mirarer

2064 2089 2109 2143 si
2143 2090 2310 2143 vitam
2343 2106 2439 2158 pro
2470 2092 2693 2147 Christo
2715 2094 3071 2162 profudisset.
3104 2096 3200 2165 qui
3240 2098 3341 2151 sub
3364 2111 3433 2150 eo
3463 2098 3644 2166 impe-

2064 2187 2268 2242 ratore,
2291 2181 2393 2233 sub
2417 2195 2525 2248 quo
2569 2180 2784 2236 delatus
2834 2183 3180 2239 Christianus
3237 2198 3456 2252 pinnam
3500 2189 3642 2255 capi-

2068 2270 2229 2322 talem
2268 2285 2374 2324 non
2402 2270 2717 2343 effugiebat,
2772 2288 2878 2328 non
2922 2276 3082 2329 modo
3134 2277 3377 2346 seipsuin
3425 2277 3645 2331 deferre

2065 2371 2353 2427 aususest,
2412 2364 2506 2417 sed
2560 2364 2724 2417 etiam
2778 2363 3151 2421 Christianam
3200 2368 3528 2439 religionem
3566 2370 3641 2423 sic

2064 2453 2379 2518 defendere,
2412 2464 2472 2508 ut
2503 2455 2890 2525 imperatorem
2919 2459 3293 2528 superstitioni
3325 2460 3641 2515 addictissi-

2063 2559 2208 2598 muni
2239 2544 2552 2614 alloquens,
2614 2546 2909 2602 Christiani
2967 2548 3150 2603 cultus
3196 2552 3557 2605 sanctitatem
3590 2561 3641 2605 et

2064 2633 2415 2688 intaminatos
2472 2634 2905 2690 Christianorum
2966 2652 3146 2692 mores
3198 2655 3320 2693 cum
3392 2642 3641 2708 turpibus

2063 2724 2346 2794 gentilium
2376 2726 2667 2780 sacrificiis
2693 2736 2750 2781 et
2774 2728 3085 2784 simulacris
3113 2744 3176 2784 ac
3198 2732 3305 2785 vita
3338 2734 3641 2802 corruptis.

2062 2816 2200 2869 sima
2224 2826 2595 2885 compararet.
2633 2816 2763 2882 Sed.
2792 2829 2850 2872 ut
2880 2821 3226 2875 observatum
3278 2831 3361 2877 est
3413 2824 3483 2877 ad
3534 2824 3644 2878 lau-

2066 2906 2251 2960 datum
2294 2909 2481 2962 Basilii
2521 2909 2726 2975 locum,
2791 2912 3146 2969 verisimilius
3203 2924 3287 2970 est
3331 2918 3643 2988 Atheuoge-

2064 3012 2185 3051 uein
2215 2999 2361 3052 illum
2390 3015 2421 3052 a
2457 2996 2514 3054 S.
2544 3001 2745 3057 Basilio
2802 3006 3117 3068 memorari,
3145 3021 3306 3075 quem
3356 2999 3461 3061 sub
3512 3006 3637 3062 Dio-

2062 3091 2298 3145 cletiano
2317 3090 2698 3163 Martyrologia
2720 3094 2785 3148 ad
2816 3096 2957 3149 diem
2978 3098 3044 3150 16
3067 3098 3191 3151 Julii
3222 3114 3344 3153 cum
3370 3102 3642 3155 nonnullis

396 3189 711 3258 magistrum
771 3192 940 3245 fuisse
1011 3194 1220 3248 5mm“.
1290 3195 1531 3249 pugnari
1609 3210 1712 3247 ηοη
1785 3203 2029 3265 p0",st
2064 3181 2189 3235 aliis
2222 3197 2440 3251 passum
2498 3197 2619 3238 esse
2678 3183 2939 3239 Sebastite
2966 3186 3017 3239 in
3051 3189 3306 3241 Armenia
3345 3200 3640 3246 testantur.

393 3282 521 3348 quin
586 3281 839 3337 Clemens
863 3284 1265 3341 Alexandrinus
1296 3303 1399 3341 non
1434 3288 1692 3357 magister
1720 3286 1959 3340 Paiilieui

393 3372 487 3424 sed
512 3373 809 3442 discipulus
845 3375 1030 3430 fuerit.
1059 3377 1349 3446 ACCcptani
1383 3395 1410 3431 a
1466 3378 1725 3433 Panlteiio
1760 3377 1964 3432 doctri-

395 3483 519 3519 nam
556 3476 711 3536 gruto
758 3468 940 3521 animo
997 3470 1332 3523 memorabat
1396 3469 1448 3522 in
1517 3468 1960 3539 llypotyposibus.

397 3556 527 3607 [lein
565 3557 1101 3624 testaturEuscbius,
1162 3556 1325 3622 υἱεῖ..
1370 3575 1422 3623 v,
1460 3575 1581 3628 cap.
1614 3561 1671 3612 ll
1709 3577 1721 3613 :
1774 3560 1871 3621 Ὃς
1899 3557 1963 3629 δὴ

394 3648 484 3699 καὶ
512 3648 768 3718 ὀνομαστὶ
798 3650 853 3702 ὲν
885 3643 973 3713 αἷς
1003 3649 1290 3715 συνέταξεν
1322 3651 1765 3706 ’Υποτυπώσεσιν
1788 3653 1861 3715 ὡς
1897 3649 1962 3704 ἂν

392 3737 708 3792 διδασκάλου
738 3739 829 3794 τοῦ
862 3741 1159 3795 Πανταίνου
1197 3743 1490 3815 μέμνηται.
1547 3763 1563 3795 i
1602 3745 1858 3799 Clemens
1907 3745 1959 3797 in

393 3830 796 3885 Institutionuin
825 3832 979 3888 libris
1004 3851 1032 3887 a
1052 3850 1110 3888 se
1135 3837 1459 3904 conscriptis
1485 3836 1690 3891 diserte
1719 3835 1959 3891 Pantaeni

393 3934 452 3974 ut
487 3924 730 3991 magistri
760 3927 1056 3979 meminit.»
1096 3927 1158 3979 Et
1195 3927 1438 3991 Pliotius,
1468 3929 1590 3981 cod.
1622 3929 1747 3992 109,
1783 3930 1849 3982 de
1875 3945 1963 3983 co-

394 4017 513 4068 dem
544 4015 865 4069 Clemente:
899 4018 1161 4088 Μαϐητὴς
1190 4018 1267 4081 δὲ,
1292 4020 1366 4081 ὡς
1400 4018 1560 4081 αὑτός
1593 4035 1747 4088 φησι,
1774 4020 1961 4088 γέγονε

393 4109 714 4161 Πανταίνου.
754 4128 771 4158 i
795 4108 918 4163 Ftiit
938 4119 1141 4172 autem,
1173 4111 1626 4177 quemadmodum
1653 4114 1766 4180 ipse
1797 4122 1961 4166 testa-

394 4211 502 4264 tur,
529 4202 828 4270 discipulus
867 4200 1165 4255 Ρειιιιωιιί.»
1205 4200 1392 4256 Fidem
1421 4217 1550 4271 ergo
1586 4218 1691 4255 non
1725 4212 1963 4257 meretur

392 4293 693 4364 Philippus,
730 4310 852 4348 cum
890 4295 956 4348 de
1005 4296 1167 4351 rebus
1203 4294 1499 4350 Clementis
1542 4304 1824 4363 tantopere
1854 4295 1962 4349 dis-

393 4398 581 4454 crepat
617 4388 684 4439 ab
716 4388 833 4456 ipso
866 4386 1167 4442 Clemente.
1195 4387 1372 4457 Atque
1394 4386 1520 4441 hinc
1544 4387 1705 4441 etiam
1731 4387 1961 4455 perspici

393 4492 570 4547 potest
594 4496 696 4533 iion
730 4480 877 4534 inani
912 4480 1247 4549 conjectura,
1276 4491 1332 4533 ut
1353 4482 1525 4533 visum
1556 4490 1637 4533 est
1668 4479 1957 4544 Dodwello,

394 4572 484 4625 sed
514 4571 683 4624 firmis
715 4572 928 4626 indiciis
974 4572 1264 4625 Eusebium
1302 4572 1421 4634 niti,
1457 4588 1580 4624 cum
1640 4572 1957 4641 magistrum

395 4662 565 4724 illum,
589 4678 747 4727 quem
777 4661 1028 4714 Clemens
1066 4664 1257 4716 ordine
1308 4672 1360 4715 et
1391 4672 1638 4732 tempore
1681 4662 1955 4731 ultimum,

392 4761 447 4805 at
498 4755 689 4804 merito
747 4753 902 4822 longe
955 4756 1247 4823 principem
1306 4757 1358 4807 in
1408 4756 1642 4826 [Egypto
1686 4756 1955 4824 audierat,

392 4844 706 4898 Paula-num
771 4845 936 4900 fuisse
993 4847 1288 4899 concludit.
1355 4844 1487 4900 Nam
1544 4864 1665 4901 cuin
1706 4848 1957 4902 Clemens

393 4938 484 4989 uni
515 4946 724 4990 tantum
757 4942 1045 5007 magistro,
1091 4949 1147 4991 ut
1209 4940 1322 5007 ipse
1354 4948 1603 5003 testatur,
1635 4954 1853 5008 operam
1898 4940 1951 4993 in

390 5024 627 5097 Αἴθῃ)ίο
665 5029 892 5090 dederit,
938 5045 1169 5099 cumque
1200 5029 1488 5084 Pantieiius
1523 5029 1574 5083 in
1609 5029 1842 5100 .‘Egypto
1865 5031 1959 5084 d0-

391 5121 586 5183 cuerit,
636 5130 690 5174 et
739 5121 985 5176 auditore
1038 5139 1168 5175 usus
1222 5124 1294 5177 sit
1330 5123 1643 5187 Clemente,
1681 5138 1746 5175 an
1778 5122 1957 5176 inanis

389 5212 671 5266 conclusio
705 5222 788 5266 est
836 5213 1155 5281 magistrum
1202 5214 1373 5279 illum,
1422 5230 1583 5282 quem
1634 5214 1805 5267 solum
1836 5212 1958 5267 Cle-

393 5320 544 5359 mens
574 5304 819 5374 (Stroni.,
861 5321 896 5369 i,
933 5322 984 5373 p.
1018 5305 1145 5372 271)
1193 5307 1243 5359 iii
1297 5306 1530 5377 [Egypto
1579 5307 1821 5369 audivit,
1849 5322 1952 5360 non

396 5399 556 5452 alium
591 5413 712 5452 esse
744 5397 1039 5451 Pantanio?
1071 5397 1327 5450 Fabulam
1358 5398 1539 5468 itaque
1570 5397 1778 5451 redolet
1815 5397 1959 5465 ejus-

396 5491 537 5543 modi
572 5490 820 5545 historia.
847 5488 956 5543 Nec
991 5500 1169 5543 tamen
1203 5506 1254 5541 in
1300 5488 1532 5557 Philippi
1575 5488 1771 5542 Sideta:
1807 5489 1959 5542 testi-

395 5582 578 5635 uioiiio
609 5582 810 5650 pariter
834 5581 1138 5652 rcjeceriin,
1173 5596 1291 5650 qua:
1338 5582 1401 5634 de
1451 5581 1682 5634 mirabili
1717 5582 1958 5634 Athena-

372 5818 385 5831 ‘
462 5740 506 5770 "
534 5740 697 5808 HisL,
746 5745 836 5799 lib.
873 5760 923 5813 v,
954 5745 1094 5800 c.10.
1178 5747 1220 5775 ’θ
1252 5744 1448 5802 Baroti.
1478 5745 1541 5798 ad
1585 5745 1645 5800 18
1675 5743 1792 5798 .lau.

2137 3271 2221 3327 IK.
2266 3274 2399 3328 Cum
2458 3273 2608 3343 plura
2671 3291 2776 3331 non
2827 3287 3141 3346 suppetant,
3192 3295 3311 3348 qua:
3358 3282 3429 3335 de
3482 3284 3643 3336 rebus

2063 3369 2426 3436 Athenagora:
2452 3368 2823 3436 disseramus,
2879 3372 3216 3426 veniendum
3242 3375 3308 3426 ad
3337 3372 3485 3428 illius
3508 3376 3642 3428 scri-

2065 3470 2155 3530 pta
2200 3474 2428 3527 quorum
2475 3460 2632 3528 longe
2673 3461 3189 3530 przestaiitissiinum
3244 3461 3481 3531 Legatio,
3532 3466 3642 3520 sive

2066 3549 2322 3620 Apologia
2348 3566 2442 3617 pro
2467 3548 2803 3603 Christianis.
2830 3549 3080 3605 Oblatani
3130 3550 3300 3604 fuisse
3322 3550 3391 3603 Μ.
3420 3554 3641 3607 Aurelio

2064 3643 2295 3710 ejusque
2325 3641 2435 3694 lilio
2475 3641 2772 3695 Commodo
2830 3642 2990 3710 idque
3029 3655 3170 3695 anno
3217 3642 3316 3695 177
3348 3640 3640 3711 Bai-unius,

2065 3736 2328 3793 Petavius
2359 3746 2415 3791 et
2455 3736 2835 3790 Tillemontius
2883 3736 3220 3791 existimant.
3252 3736 3455 3791 Contra
3502 3737 3643 3792 Lab-

2063 3830 2234 3894 bzeus,
2269 3829 2469 3896 Pagius
2499 3837 2553 3883 et
2601 3827 2926 3894 Dodwellus,
2964 3828 3390 3896 imperatoribus
3425 3829 3497 3882 Μ.
3526 3831 3639 3882 Au-

2064 3922 2198 3977 relio
2238 3932 2290 3976 et
2334 3921 2500 3977 Lucio
2529 3921 2668 3976 Vero
2711 3921 3030 3989 inscriptam
3087 3922 3456 3986 contendunt;
3502 3924 3641 3976 Dud-

2062 4012 2250 4066 wcllus
2280 4012 2498 4080 quidem
2552 4025 2694 4065 anno
2727 4009 2860 4076 168,
2910 4010 3109 4078 Pagius
3150 4026 3278 4065 vero
3331 4026 3479 4064 anno
3517 4012 3634 4065 ltiti.

2062 4105 2117 4156 lii
2154 4105 2255 4158 hac
2286 4103 2685 4158 sententiarum
2729 4103 2995 4157 varietate
3018 4118 3123 4157 non
3158 4101 3391 4157 diﬂicilis
3434 4104 3638 4157 delibe-

2063 4196 2204 4250 ratio
2230 4204 2312 4248 cst
2370 4204 2521 4248 utros
2562 4209 2881 4263 sequamur.
2937 4192 3156 4246 Baronii
3193 4194 3334 4246 enim
3390 4206 3446 4247 et
3476 4193 3638 4247 Tille-

2065 4287 2253 4339 nioiitii
2289 4287 2618 4340 sententiain
2647 4288 2698 4339 in
2733 4286 3033 4341 clarissima
3067 4289 3186 4341 luce
3215 4300 3495 4356 exponunt
3524 4290 3639 4343 btet:

2064 4378 2423 4447 Athenagorae
2476 4378 2637 4433 verba
2669 4379 2711 4409 ’⁷
2745 4397 2758 4432 :
2793 4379 2949 4442 Τίνες
3008 4378 3118 4449 γὰρ
3161 4380 3255 4432 καὶ
3307 4378 3640 4453 δικαιότεροι

2064 4463 2138 4523 ὧν
2193 4470 2400 4523 δέονται
2460 4472 2662 4539 τυχεῖν,
2694 4470 2726 4540 ἢ
2758 4470 2951 4532 οἵτινες
3003 4470 3126 4538 περὶ
3176 4470 3272 4539 μὲν
3313 4469 3411 4539 τῆς
3461 4470 3639 4542 ἀρχῆς

1992 4538 2040 4597 D
2068 4562 2164 4632 τῆς
2191 4562 2459 4633 ὑμετέρας
2485 4538 2776 4631 εὖχόμεθήα,
2816 4561 2902 4613 ἵνα
2933 4563 3060 4623 παῖς
3110 4561 3205 4631 μὲν
3238 4538 3388 4631 παρὰ
3430 4538 3639 4634 saepe;

2068 4652 2207 4705 κατὰ
2234 4654 2292 4705 τὸ
2321 4652 2654 4707 δικαιότατον
2686 4650 2997 4722 διαδέχησθε
3028 4651 3126 4722 τὴν
3150 4651 3444 4721 βασιλείαν,
3474 4654 3641 4725 αὔξη-

2070 4762 2152 4799 σιν
2187 4745 2370 4798 δὲκαὶ
2424 4744 2663 4797 ἐπίδοσιν
2725 4745 2758 4814 ὴ
2821 4743 2963 4815 ἀρχὴ
3012 4743 3197 4813 ὑμῶν,
3244 4744 3461 4798 πάντων
3504 4746 3639 4798 ὑπαι

2068 4837 2289 4907 χειρίων
2316 4836 2669 4905 γιγνομένων,
2701 4834 2985 4907 λαμϐάνῃς
3036 4852 3054 4886 i
3091 4835 3319 4902 Quinam
3376 4838 3525 4891 enim
3563 4839 3638 4892 di-

2066 4930 2311 4997 guiores,
2339 4928 2431 4994 qui
2483 4941 2545 4979 ea
2595 4942 2713 4995 quae
2744 4936 2934 4995 petunt
2990 4927 3298 4995 impetrent,
3339 4941 3505 4994 quain
3544 4931 3635 4997 qui

2067 5035 2167 5088 pro
2226 5019 2455 5087 imperio
2506 5028 2687 5072 vestro
2742 5034 3048 5086 precamur,
3086 5029 3145 5073 ut
3197 5019 3341 5073 filius
3378 5035 3406 5071 a
3458 5030 3636 5089 patre,

2066 5124 2224 5185 prout
2271 5114 2645 5181 aequissimum
2683 5122 2787 5177 est,
2838 5128 3060 5182 regnum
3122 5114 3428 5182 accipiatis,
3456 5125 3515 5168 et
3545 5129 3639 5167 ac-

2068 5207 2414 5261 cessionibus
2437 5220 2502 5258 ae
2532 5204 2886 5258 incrementis
2915 5206 3198 5275 imperium
3227 5217 3497 5270 vestrum,
3521 5224 3638 5261 om-

2065 5300 2226 5353 nibus
2278 5298 2466 5351 ditioni
2502 5307 2697 5351 vestra:
2751 5295 3045 5364 subjectis,
3079 5297 3390 5366 augeatur?
3426 5317 3445 5347 ι
3511 5299 3637 5355 "me

2001 5382 2009 5399 κ
2062 5389 2310 5457 profecto
2335 5389 2400 5442 ad
2433 5388 2504 5441 M.
2535 5389 2814 5443 Aurelium
2863 5400 2917 5443 et
2972 5387 3036 5442 L.
3063 5388 3263 5442 Verum
3303 5390 3497 5443 referri
3529 5406 3634 5443 non

2063 5489 2310 5552 possunt.
2343 5481 2514 5534 Ambo
2540 5481 2779 5549 adaptati
2811 5478 3024 5534 fuerant
3071 5482 3137 5534 ab
3166 5481 3480 5543 Antonino;
3510 5499 3635 5533 iit-u-

2065 5591 2147 5633 ter
2181 5580 2403 5634 alterius
2426 5587 2616 5649 pater;
2647 5591 2745 5631 nec
2786 5575 3151 5645 a‘quissiiiiuui
3194 5585 3311 5631 erat
3340 5585 3399 5629 ut
3434 5572 3637 5630 Lucius

1872 5746 1911 5776 ³⁷
1951 5741 2015 5797 Ν.
2056 5742 2143 5795 57.
