3764 6478
69 325 153 381 Hi

68 463 91 499 a
111 445 171 497 Μ.
194 441 423 505 Aurelio,
457 440 673 508 quicum
700 439 820 509 pari
847 439 971 509 jure
992 438 1105 507 jam
1135 448 1246 494 tum
1278 438 1601 507 imperabat,
1632 450 1681 506 Α

70 537 148 591 sed
176 535 342 601 potius
368 543 425 586 ut
452 531 614 587 Marci
642 531 786 587 ﬁlius
813 546 1039 601 regnum
1070 546 1101 585 a
1130 541 1287 602 patre
1312 529 1605 600 aliquando

70 634 323 696 acciperet.

130 719 175 771 In
198 716 430 770 eamdem
450 715 771 769 sententiam
789 713 905 767 hmc
925 713 1195 784 leguntur,
1217 710 1344 766 n.l8
1362 731 1371 763 :
1391 710 1606 779 Ἐχοιτε

74 813 145 879 ἀφ’
179 808 370 862 ἑαυτῶν
398 807 492 861 καὶ
521 807 619 878 τὴν
646 806 965 878 ἐπουράνιον
995 804 1269 877 βασιλείαν
1297 801 1571 867 ἐξετάζειν
1588 817 1601 830 ο

73 906 134 967 ὡς
159 902 254 973 γὰρ
273 901 400 971 ὑμῖν
426 901 592 970 πατρὶ
612 900 705 953 καὶ
734 899 833 971 υἱῷ
864 901 1040 953 πάντα
1072 897 1393 968 κεχείρωται
1412 938 1427 960 ,
1467 895 1606 948 ἄνω-

73 996 147 1047 θεν
164 992 246 1063 τὴν
272 991 540 1062 βασιλείαν
572 991 844 1061 εἱληιρόσιν
875 988 1198 1060 (βασιλέως
1227 987 1338 1056 τὰρ
1357 984 1523 1054 ψυχὴ
1539 984 1610 1037 ἐν

78 1087 195 1157 χειρὶ
214 1086 349 1139 Θεοῦ
370 1085 435 1146 ’⁸,
464 1085 597 1156 φησι
612 1084 670 1137 τὸ
688 1082 1022 1154 προφητικὸν
1042 1078 1310 1150 Πνεῦμα),
1332 1077 1505 1139 οὕτως
1528 1074 1609 1128 ἐνὶ

79 1175 172 1243 Θεῴ
193 1175 276 1228 καὶ
308 1173 381 1244 τῷ
404 1174 533 1244 παρ’
570 1170 734 1225 αὑτοῦ
768 1172 945 1242 Λόγῳ,
969 1170 1081 1241 Υἱῷ
1113 1167 1386 1239 νοουμένῳ
1415 1165 1607 1238 ἀμερί-

83 1285 183 1335 mp,
214 1266 378 1318 πάντα
422 1266 807 1320 ὑποτέτακται.
868 1282 887 1314 ι
917 1263 1069 1318 Licet
1104 1271 1283 1315 autem
1327 1275 1394 1312 ex
1426 1257 1606 1311 vobis—

83 1357 286 1425 tnetipsis
312 1370 535 1422 regnum
570 1358 799 1411 ccele5te
833 1355 1106 1424 spectetis.
1140 1350 1605 1418 Quemadmodum

81 1452 193 1503 enim
218 1449 360 1502 vobis
393 1448 531 1516 patri
558 1457 614 1501 et
642 1447 773 1509 tilio,
799 1455 993 1516 parent
1030 1446 1238 1509 omnia,
1262 1444 1458 1512 quippe
1486 1458 1607 1496 cum

83 1557 261 1594 sursum
300 1554 528 1608 regnum
576 1539 899 1607 acceperitis
956 1537 1168 1606 (Anium
1206 1537 1343 1589 enim
1372 1534 1508 1603 regis
1551 1532 1612 1586 in

82 1650 206 1685 manu
250 1631 360 1694 Dei,
417 1632 596 1701 inquit
638 1630 861 1699 spiritus
913 1624 1465 1696 propheticus“),sic
1510 1624 1607 1680 uni

85 1726 167 1776 beo
190 1722 397 1792 ejusque
413 1721 621 1788 Verbo,
650 1736 809 1791 quem
844 1720 1038 1774 Filium
1064 1718 1180 1786 ejus
1212 1732 1486 1782 nunquam
1523 1729 1611 1769 se-

82 1814 327 1880 parabilem
362 1813 739 1883 intelligimtts,
763 1810 1006 1877 subjecta
1040 1816 1166 1862 sunt
1191 1807 1429 1861 omnia.»
1466 1804 1606 1858 Prae-
1638 1799 1682 1854 Β

82 1905 198 1958 clara
239 1918 359 1958 sane
388 1904 726 1973 comparatio
748 1943 764 1967 ,
801 1902 846 1956 si
899 1902 964 1955 de
999 1901 1071 1956 Μ.
1102 1898 1328 1953 Aurelio
1359 1906 1414 1951 et
1439 1895 1603 1951 Com-

87 1996 211 2048 modo
234 2004 437 2063 agatur,
469 2010 595 2049 cum
621 1993 918 2062 praesertim
963 1992 1098 2046 satis
1143 1991 1343 2044 indicet
1369 1989 1609 2042 Athena-

85 2101 231 2152 goras,
260 2086 379 2153 quid
406 2085 626 2139 intersit
668 2084 808 2137 inter
839 2083 1079 2136 divinam
1109 2090 1162 2135 et
1191 2081 1483 2134 humanam
1515 2093 1609 2147 ge-

87 2177 394 2238 nerationem,
426 2176 560 2229 dttnt
622 2175 818 2230 Filium
860 2175 950 2229 Dei
980 2190 1007 2226 a
1041 2173 1199 2227 Patre
1230 2171 1473 2241 separari
1500 2186 1609 2226 non

87 2282 211 2334 posse
234 2267 485 2324 declarat.
516 2271 587 2322 At
614 2267 832 2337 indigna
866 2281 1093 2335 prorsus
1115 2276 1170 2319 ct
1197 2266 1432 2318 absurda
1464 2278 1613 2317 cotu-

88 2363 259 2427 paratio
281 2360 492 2426 fuisset,
536 2363 583 2415 si
612 2363 679 2415 de
703 2361 774 2415 il.
809 2360 1027 2414 Aurelio
1059 2370 1112 2414 et
1154 2358 1323 2414 Lucio
1360 2358 1497 2413 Vero
1529 2356 1611 2411 lo-

88 2464 215 2506 cutus
244 2453 425 2507 fuisset
449 2456 851 2522 Athenagoras,
883 2467 1020 2520 quos
1053 2450 1253 2504 fratres
1308 2448 1481 2502 fuisse
1507 2462 1611 2501 non

92 2544 231 2609 potuit
257 2545 531 2615 ignorare.
573 2548 750 2613 Atque.
777 2543 945 2597 etiarn
995 2543 1040 2597 si
1094 2541 1195 2596 sibi
1235 2542 1480 2595 littxisset
1504 2539 1613 2593 Lu-

92 2636 203 2685 ciutu
234 2634 417 2687 Verum
448 2650 479 2687 a
529 2633 601 2687 ll.
645 2634 869 2688 Aurelio
901 2634 1218 2701 adoptatum
1251 2630 1452 2695 fuisse;
1480 2627 1617 2684 nihil

94 2736 233 2780 tamen
260 2728 422 2796 magis
463 2726 745 2797 pugnabat
793 2742 914 2780 cum
960 2725 1080 2780 aliis
1107 2724 1223 2789 ejus
1254 2722 1323 2776 de
1351 2721 1620 2777 Trinitate

93 2818 347 2886 principiis,
378 2833 549 2887 quam
578 2826 635 2870 ut
660 2829 925 2871 aeternum
967 2814 1061 2869 Dei
1112 2812 1305 2867 Filium
1339 2826 1461 2865 cum
1489 2810 1620 2865 ado-

94 2910 210 2975 ptivo
237 2910 333 2963 tilio
354 2918 715 2978 compararet.

146 3002 240 3055 lluc
267 3002 461 3056 accedit
488 3004 636 3071 quod
699 3001 885 3055 Oratio
932 3002 982 3055 itt
1034 3001 1292 3055 omnibus
1334 2999 1620 3055 codicibus

96 3094 362 3147 inscribitur
412 3094 845 3163 imperatoribus
876 3093 953 3147 Μ.
1006 3094 1223 3147 Aurelio
1260 3092 1545 3156 Antonino,
1570 3102 1619 3145 et

96 3183 145 3238 ι.
185 3188 373 3239 Aurelio
424 3186 745 3249 Commodo,
800 3187 1148 3250 Arnteniacir,
1198 3186 1514 3241 Sarmaticis
1545 3195 1617 3251 et,

96 3279 205 3343 quod
230 3278 498 3330 maximum
557 3288 658 3340 est,
696 3276 1038 3345 philosophis.
1068 3276 1237 3330 Porro
1290 3275 1511 3339 Lucius,
1551 3293 1619 3330 ex

100 3385 184 3436 quo
206 3369 313 3425 Veri
372 3386 571 3424 nomen
622 3386 745 3423 cum
806 3370 1035 3439 imperio
1066 3372 1299 3438 accepit,
1342 3386 1617 3438 nttnquant

98 3463 379 3517 Coutntodus
413 3464 727 3532 appellatus
751 3475 853 3525 est,
885 3463 985 3516 nisi
1016 3463 1158 3517 forte
1187 3464 1256 3517 ab
1287 3462 1621 3534 Hieronymo

99 3568 182 3604 non
208 3555 307 3607 sine
348 3555 495 3623 gravi
548 3554 995 3617 ballncinatione,
1031 3570 1151 3623 qua!
1184 3556 1235 3608 itt
1295 3555 1617 3623 scriptorem

100 3646 309 3711 aequalem
334 3662 436 3699 non
470 3647 645 3699 cadit.
696 3644 880 3714 Neque
933 3647 1095 3699 etiam
1128 3646 1292 3699 Lucio
1326 3646 1466 3701 Vero
1492 3664 1621 3700 con-

103 3738 217 3802 gruit
241 3737 518 3795 Sarmatici
578 3754 904 3809 cognomen,
958 3739 1101 3807 quod
1152 3754 1220 3792 ne
1269 3741 1382 3807 ipse
1406 3739 1620 3807 quidem

103 3826 156 3882 ll.
174 3832 392 3888 Aurelius
441 3844 571 3890 ante
628 3850 827 3887 annum
864 3834 968 3887 170
1015 3845 1111 3888 aut
1158 3834 1297 3888 forte
1327 3835 1490 3889 etiam
1526 3834 1623 3889 174

103 3925 363 3991 assumpsit.
395 3926 549 3992 Quod
585 3927 662 3980 ait
702 3927 1086 3997 Athenagoras
1137 3925 1386 3983 Proteum
1424 3936 1624 3982 semet-

106 4014 239 4081 ipsum
262 4020 378 4089 περὶ
408 4018 504 4089 τὴν
522 4018 830 4089 Ὀλυμπίαν
864 4019 1249 4084 cotubttssisse,
1287 4020 1337 4073 id
1373 4019 1446 4073 ita
1480 4019 1626 4073 acci-

106 4105 163 4170 pit
180 4106 469 4173 Dotlwellus,
494 4110 655 4179 quasi
708 4110 847 4163 idem
889 4110 1093 4164 valeret
1121 4125 1186 4162 ac
1225 4110 1278 4163 itt
1311 4111 1411 4164 hac
1437 4108 1624 4179 Olym-

108 4196 244 4261 piatle.
266 4199 342 4264 At,
379 4201 597 4255 etiamsi
624 4200 937 4272 Olympicus
963 4201 1116 4255 ludos
1139 4202 1478 4269 designasset
1526 4205 1626 4256 hac

111 4301 211 4340 toce
257 4291 621 4359 Athenagoras
650 4332 665 4355 ,
710 4308 815 4345 non
875 4307 994 4345 eam
1048 4292 1424 4361 Olympiadem
1477 4290 1626 4344 desi-

111 4391 283 4444 gnasset
312 4382 359 4433 in
386 4399 488 4450 qua
517 4383 793 4435 scribebat
818 4401 831 4437 :
860 4399 962 4435 non
992 4383 1160 4452 magis
1190 4380 1435 4449 profecto
1461 4396 1625 4449 quant

1645 3146 1692 3206 (Ξ

68 4516 73 4521 .
112 4485 203 4519 cum
224 4476 304 4534 ait,
337 4490 388 4525 ιι.
426 4473 510 4537 14,
546 4474 749 4527 Caedem
783 4490 812 4526 a
845 4471 1477 4543 ΤΙιυιιειξιιθὈλυμπιὰσι
1505 4488 1630 4539 per-
1660 4501 1706 4561 ο

110 4570 346 4623 pctrataut.
379 4566 656 4634 EjuSntodi
714 4566 937 4620 vocibus
992 4566 1200 4634 antiqui
1252 4582 1397 4619 nunc
1452 4566 1624 4636 ipsam

116 4656 280 4719 urbem,
304 4673 439 4712 nunc
469 4674 598 4713 cum
625 4658 759 4712 urbe
815 4660 958 4725 ipsos
986 4658 1141 4711 Indos
1172 4657 1478 4728 designant.
1537 4658 1628 4713 Sic

116 4739 441 4812 Philostratus,
483 4746 590 4801 Vit.
626 4748 804 4815 Apol..
835 4764 907 4807 tv,
942 4750 974 4802 8
1002 4766 1015 4800 :
1044 4750 1250 4802 Ὄντων
1282 4748 1592 4819 Ὀλυμπίων
1611 4766 1624 4779 ·

116 4846 206 4898 cap.
234 4836 277 4898 9,
304 4840 357 4890 ὲν
382 4839 675 4909 Ὀλυμπίᾳ,
709 4841 827 4893 κατ’
861 4839 1180 4909 Ὀλυμπίαν,
1202 4850 1256 4895 et
1284 4859 1335 4897 (ξ.
1369 4841 1454 4905 ll,
1493 4842 1630 4912 μετὰ

116 4920 187 4991 τὴν
208 4923 515 4998 Ὀλυμπίαν·
549 4929 818 4991 Ᾱίιὶίιιιιιε,
841 4929 935 4983 lib.
971 4946 1045 4994 tv,
1078 4948 1126 4983 υ.
1158 4932 1213 4996 9,
1246 4934 1303 4985 ἐν
1337 4932 1629 5004 Ὀλυμπίᾳ,

117 5023 156 5064 et
175 5014 250 5069 lib.
274 5034 343 5085 ιιι,
372 5036 494 5090 cap.
537 5020 630 5084 54,
659 5022 737 5084 εἰς
766 5020 1061 5091 Ὀλύμπια.

171 5107 237 5162 lV.
273 5111 372 5168 lloc
391 5131 527 5183 opus
561 5128 687 5168 ante
722 5132 923 5169 annum
956 5118 1055 5170 176
1080 5127 1172 5171 aut
1199 5117 1301 5171 177
1334 5119 1495 5172 scribi
1527 5136 1632 5173 non

122 5202 312 5260 potuisse
339 5205 525 5272 probat
551 5222 761 5258 smnma
795 5207 882 5259 illa
909 5224 1034 5276 pax,
1068 5224 1229 5275 quam
1253 5219 1367 5261 toto
1396 5209 1527 5262 orbe
1554 5226 1638 5264 re-

122 5302 249 5350 gnare
272 5294 338 5345 ait
364 5293 762 5363 Athenagoras,
795 5310 943 5346 num.
980 5295 1029 5347 l.
1072 5294 1230 5358 Nam,
1268 5304 1325 5348 ut
1351 5294 1645 5351 observant

124 5377 337 5475 Batonius
369 5395 424 5438 et
469 5385 871 5449 Tillcmontius,
902 5386 954 5441 itt
986 5393 1100 5439 toto
1128 5385 1197 5438 Μ.
1227 5386 1430 5440 Aurelii
1479 5388 1647 5454 impe-

126 5471 184 5517 rio
220 5471 296 5526 vix
333 5475 492 5529 nllunt
524 5487 752 5543 tempus,
787 5487 984 5545 prmter
1018 5490 1220 5529 annum
1253 5476 1353 5529 l76
1380 5485 1435 5531 et
1466 5476 1591 5541 177,
1616 5494 1645 5529 a

128 5560 246 5618 bellis
272 5580 485 5621 vacuum
519 5568 779 5638 reperias.

181 5719 215 5752 "
243 5720 387 5778 l‘rov.
424 5740 535 5794 ut,
572 5726 621 5779 l.
696 5726 739 5758 "
768 5724 1028 5784 Bibliotb.
1062 5727 1181 5794 ϐπ..
1219 5736 1350 5782 tom.
1377 5723 1442 5779 Υ.

1016 316 1080 375 D.
1122 313 1389 372 IARANI
1424 310 1810 369 PREFATIO.
1838 342 1908 352 -—
1941 308 2123 366 PARS
2154 307 2241 365 Ill.

3183 300 3286 356 186

1779 434 1965 489 Placet
2013 428 2364 486 Tillemontio
2417 441 2593 482 annus
2625 424 2748 489 177,
2786 423 2913 493 quia
2960 421 3286 476 Commottns

1710 525 2057 596 imperatoris
2089 522 2326 584 titulum,
2373 536 2532 589 quem
2571 519 2618 572 ei
2670 516 3045 583 Athenagoras
3086 511 3285 575 defert,

1707 628 1832 672 ante
1856 632 2098 671 mensem
2124 613 2482 668 Novembrem
2511 610 2636 665 anni
2668 608 2769 663 176
2791 623 2896 661 non
2925 615 3010 659 est
3039 606 3282 673 adeptus.

1707 708 1815 763 Sed
1846 723 1968 761 cum
1994 717 2250 776 paternos
2279 701 2463 757 titulos
2495 701 2841 755 manifestum
2881 698 3097 751 sitcum
3120 693 3289 748 Com-

1708 802 1868 856 modo
1897 796 2288 854 communicari
2319 796 2388 849 ob
2415 794 2506 847 lilii
2540 807 2736 847 nomen
2764 800 2817 845 et
2836 787 2927 855 jus
2957 784 3289 841 hereditatis

1706 908 1739 947 a
1778 902 1972 949 natura
2022 898 2332 958 acceptum;
2379 902 2476 941 cur
2528 900 2631 938 non
2663 884 2830 936 etiam
2861 880 2909 935 ei
2943 874 3290 947 imperatoris

1709 985 1900 1040 titulus
1942 982 2107 1035 tribui
2155 980 2347 1050 potuit,
2389 989 2679 1043 antequam
2726 972 2877 1026 illum
2914 969 3142 1024 solemni
3196 968 3290 1020 de-

1709 1084 1863 1128 creto
1910 1069 2222 1140 acciperet?
2268 1068 2359 1121 Sic
2402 1068 2565 1119 etiam
2605 1078 2728 1117 eum
2767 1063 2844 1114 ait
2872 1060 3287 1126 Athenagoras:

1717 1162 1874 1216 Vobis
1904 1163 2043 1227 patri
2084 1178 2145 1213 ac
2186 1160 2298 1227 ﬁlio
2329 1165 2514 1225 parent
2535 1154 2733 1214 omnia,
2766 1166 2871 1204 non
2912 1148 3139 1201 ascitum
3167 1158 3293 1199 esse

1712 1254 1765 1308 in
1813 1252 2023 1322 imperii
2075 1251 2392 1305 societatent
2440 1244 2795 1299 Commodum
2842 1240 3116 1310 signiﬁcat
3164 1234 3289 1306 (etsi

1710 1346 1854 1399 enim
1902 1345 2177 1411 Angustus
2231 1340 2406 1395 factus
2459 1346 2541 1391 est
2593 1350 2737 1389 anno
2780 1333 2908 1395 177,
2950 1346 3057 1383 non
3111 1336 3291 1381 tamen

1712 1434 1971 1490 credibile
1998 1443 2081 1487 est
2100 1448 2244 1494 eum,
2271 1427 2509 1499 quandiu
2542 1426 2676 1480 vixit
2703 1434 2879 1495 pater,
2906 1418 3294 1489 gubernanda-

1711 1540 1833 1581 rum
1868 1540 2047 1579 rerum
2081 1522 2341 1592 plurimas
2368 1529 2552 1589 partes
2578 1515 2943 1582 sustinuisse),
2966 1514 3060 1567 sed
3091 1510 3291 1565 civium

1712 1620 1964 1673 allectum
1991 1615 2268 1686 exprimit,
2302 1613 2468 1667 lilium
2502 1611 2641 1681 patri
2683 1612 2736 1662 in
2774 1609 2921 1664 omni
2950 1604 3213 1674 obsequio
3240 1613 3296 1655 et

1711 1709 2095 1764 observatione
2118 1705 2544 1775 atljungentiutn.
2582 1701 2741 1755 Tanti
2770 1715 2902 1769 ergo
2932 1713 3053 1752 esse
3081 1712 3186 1749 non
3216 1695 3296 1747 vi.

1710 1800 1872 1853 detur
1900 1800 2061 1852 allata
2091 1815 2118 1853 a
2155 1797 2502 1852 'l‘illetuontio
2531 1796 2691 1858 ratio,
2720 1806 2778 1845 ttt
2810 1794 2950 1845 hanc
2982 1787 3297 1856 Apologia»:

1709 1904 1855 1944 anno
1886 1889 1985 1941 177
2011 1889 2348 1942 addicamus.
2378 1886 2484 1940 Sed
2518 1885 2663 1938 illius
2693 1884 2759 1937 ad
2791 1897 2993 1936 annum
3022 1879 3122 1933 1Ἱῦ
3153 1876 3298 1930 refe-

1710 1982 1888 2035 renda:
1942 1982 2321 2035 necessitatem
2376 1979 2656 2045 imponere
2705 1973 2919 2029 videtur
2981 1979 3295 2038 susceptum

1712 2075 1811 2127 hoc
1844 2088 1990 2127 anno
2026 2075 2130 2126 iter
2158 2087 2188 2125 a
2221 2070 2291 2124 Μ.
2321 2070 2544 2125 Aurelio
2580 2070 2630 2121 in
2666 2066 2955 2125 Graeciam,
2987 2062 3202 2133 Syriam
3238 2070 3292 2113 et

1707 2166 2025 2236 Egyptum.
2059 2164 2185 2218 Sive
2216 2164 2361 2217 enim
2414 2160 2638 2213 Athenis
2673 2156 2871 2210 vixerit
2900 2154 3297 2219 Athenagoras,

1713 2268 1770 2314 ut
1820 2274 1883 2312 ex
1933 2255 2241 2326 philosophi
2276 2251 2626 2307 Atheniensis
2678 2247 2833 2303 titulo
2873 2244 3050 2312 colligi
3093 2251 3300 2312 posset,

1712 2350 1827 2404 sive
1867 2347 2241 2410 Alexandrue;
2282 2342 2626 2414 imperatoris
2652 2337 2940 2410 przeseutia
2972 2334 3054 2388 his
3085 2334 3137 2386 in
3168 2331 3302 2385 locis

1715 2428 2157 2512 percouunodam
2194 2436 2377 2490 attulit
2411 2434 2753 2488 occasionem
2788 2426 3077 2482 offerenda:
3108 2420 3305 2491 Apolo-

1715 2534 1815 2602 gite
1842 2546 1860 2584 :
1894 2547 1995 2587 nec
2026 2545 2352 2600 quemquam
2385 2527 2653 2579 dicturum
2713 2531 2845 2592 puto
2891 2518 3298 2585 Athenagoram

1716 2625 2080 2694 przetermissa
2128 2624 2229 2676 hac
2278 2619 2568 2673 occasione
2619 2616 2847 2670 liomam
2879 2626 3024 2663 anno
3055 2603 3301 2674 sequenti

1716 2718 1954 2781 venisse,
1988 2724 2045 2769 ut
2077 2715 2178 2769 hoc
2221 2714 2301 2770 sui
2352 2713 2401 2766 itt
2450 2708 2747 2764 Ecclesium
2779 2703 2983 2757 amoris
3025 2698 3303 2770 specimen

1718 2811 1927 2865 ederet.

1798 2922 1816 2954 t
1853 2899 2048 2955 Badius
2097 2898 2150 2951 in
2194 2894 2385 2949 Lexico
2412 2891 2668 2946 historico
2698 2887 2903 2943 Gallice
2931 2884 3103 2946 edito,
3131 2878 3308 2948 inquit

1721 2995 2003 3051 Fabricius
2026 2992 2386 3059 ",uunquatn
2427 2985 2663 3039 oblatam
2716 2978 2930 3050 publico
2970 2974 3285 3029 Christiano

1726 3102 1844 3140 rnm
1877 3084 2095 3138 nomine
2121 3090 2294 3151 putat,
2322 3078 2413 3132 scd
2444 3087 2649 3129 tantum
2675 3073 2933 3138 scriptam
2953 3066 3205 3134 privatim
3238 3063 3307 3116 ab

1723 3180 2094 3246 Athenagora,
2137 3171 2359 3242 perinde
2410 3178 2467 3222 ut
2521 3168 2573 3220 in
2619 3164 2789 3219 Gallia
2849 3160 2917 3214 ab
2969 3173 3112 3212 anno
3169 3155 3308 3210 1681

1724 3270 1877 3326 multi
1928 3284 1958 3321 e
2016 3263 2325 3319 reformatis
2371 3257 2809 3329 persecutionem
2869 3252 3049 3322 passis
3096 3247 3306 3300 libellos

1723 3358 1988 3430 ejusmodi
2035 3354 2309 3426 supplices
2352 3360 2407 3405 et
2445 3347 2722 3418 apologias
2765 3344 2830 3397 ad
2864 3358 3043 3411 regem
3076 3340 3310 3406 scripse-

1724 3429 1849 3508 runt
1898 3450 2315 3515 edideruntque,
2369 3444 2481 3510 regi
2537 3452 2808 3508 nunquam
2862 3434 3094 3488 oblatas.
3150 3449 3170 3482 ι
3204 3429 3313 3484 lui-

1722 3558 1885 3614 qnant
1914 3555 2038 3596 esse
2068 3539 2209 3592 hanc
2232 3538 2298 3588 de
2330 3534 2672 3599 Athenagora
2704 3527 3017 3596 opinionem
3048 3520 3310 3576 fatebitur

1722 3610 1969 3701 quisquis
1995 3630 2167 3697 ipsam
2196 3623 2506 3694 Apologiam
2534 3618 2843 3671 accuratius
2872 3613 3164 3683 espendct.
3188 3610 3309 3677 Ipse

1726 3723 1912 3776 titulus
1942 3721 2342 3787 Athenagoram
2373 3713 2535 3780 legati
2564 3711 2798 3779 quodam
2822 3719 3046 3759 munere
3081 3703 3309 3772 perfun-

1724 3817 1775 3883 εἰ
1806 3816 1978 3867 docet.
2021 3808 2100 3863 Eo
2130 3814 2343 3877 spectat
2382 3814 2491 3856 tota
2524 3802 2665 3854 illius
2690 3799 2890 3859 oratio,
2926 3807 2981 3850 ut
3010 3795 3307 3862 imperato-

1730 3907 1804 3959 ris
1839 3900 2273 3957 benevolentiam
2304 3894 2632 3950 Christianis
2662 3892 2946 3951 conciliet;
2995 3886 3304 3940 dissimulat

1730 3992 2076 4062 imperatoris
2099 3991 2151 4043 in
2179 3989 2521 4044 Christianos
2550 3985 2735 4038 odium
2765 3993 2981 4034 causattt
3031 3990 3153 4029 esse
3187 3987 3310 4042 νει»

1728 4085 2051 4148 secutionis,
2084 4083 2180 4137 sed
2206 4080 2544 4136 Christianos
2569 4074 2751 4129 vexari
2776 4082 2829 4125 et
2853 4069 3026 4124 occidi
3056 4068 3156 4129 ait,
3183 4065 3311 4133 quia

1732 4181 1858 4233 illos
1886 4192 1989 4230 non
2012 4182 2189 4227 tuetur
2208 4169 2512 4239 patroeittio
2541 4181 2639 4220 suo
2664 4166 2956 4231 imperator
2979 4176 2992 4211 :
3014 4158 3066 4210 itt
3085 4153 3312 4209 exordio

1728 4284 1781 4326 ct
1809 4268 2167 4326 conclusione
2194 4272 2247 4318 et
2275 4260 2520 4333 pluribus
2551 4256 2672 4309 aliis
2698 4256 2749 4307 iu
2773 4253 2908 4306 locis
2940 4250 3085 4303 illius
3123 4246 3312 4298 Iaudes

1732 4362 1889 4431 plena
1932 4371 2094 4410 manu
2141 4356 2198 4409 in
2253 4363 2398 4405 astra
2452 4349 2619 4408 tollit,
2666 4345 2824 4410 eique
2863 4357 2926 4393 ac
2976 4340 3093 4407 ejus
3129 4335 3312 4389 domui

1732 4430 2073 4506 Christianos
2103 4444 2343 4501 maximo
2372 4442 2550 4495 studio
2587 4447 2644 4491 et
2685 4434 2948 4501 obsequio
2978 4430 3165 4484 allixos
3196 4443 3319 4483 esse

1736 4541 2098 4600 asseverat“.
2130 4538 2272 4604 Quot
2302 4534 2523 4589 adhibet
2567 4538 2911 4600 argumenta,
2943 4524 3167 4581 totidem
3213 4520 3322 4574 uti-

1742 4653 1828 4696 tnr
1853 4632 2237 4691 occasionibus
2274 4626 2561 4683 deliniendi
2592 4620 2938 4691 imperatoris
2966 4630 3015 4673 et
3045 4616 3321 4685 perhono-

1741 4738 1891 4790 ritice
1921 4728 2251 4802 appellandi.
2284 4723 2417 4790 Quis
2451 4736 2556 4774 non
2588 4720 2735 4771 thct
2762 4718 2835 4770 ita
2863 4712 3147 4768 disserenti
3187 4708 3329 4764 scri-

1742 4827 1883 4896 pturi
1918 4824 2057 4878 ident
2096 4836 2160 4875 ac
2189 4818 2401 4874 Justiuo
2429 4826 2482 4870 et
2511 4813 2739 4867 Tatiano
2767 4811 2820 4866 in
2850 4805 3193 4861 Orationibus
3223 4807 3323 4855 ud-

1744 4934 1922 4972 cet-sus
1953 4914 2191 4976 ercos,
2238 4906 2505 4965 Clementi
2540 4905 2591 4958 itt
2628 4899 2988 4967 Protreptiro,
3017 4894 3237 4963 Origeni
3271 4894 3324 4945 in

1745 5012 1901 5066 libris
1930 5016 2113 5061 contra
2148 5002 2379 5063 Celsum,
2412 4997 2748 5069 propositum
2783 5008 2885 5045 non
2909 5005 3053 5051 esse,
3087 4996 3147 5040 ttt
3185 4985 3317 5038 reri-

1745 5109 1908 5153 latent
1935 5092 2212 5165 religionis
2237 5090 2561 5144 Christiana:
2586 5082 2967 5138 tantummodo
2989 5081 3327 5133 demonstret

1745 5211 1807 5247 ac
1830 5206 2044 5246 errores
2066 5186 2346 5257 gentilium
2374 5192 2584 5253 arguat,
2607 5180 2702 5234 sed
2740 5177 2870 5233 illud
2904 5176 3070 5228 ctiatn
3094 5170 3327 5224 maxime

1749 5300 1806 5340 ut
1860 5281 2251 5356 persecutionis
2306 5279 2466 5332 linem
2524 5272 2805 5343 impetret?
2839 5270 3063 5323 Videtur
3111 5263 3215 5317 sibi
3262 5265 3329 5319 atl

1754 5354 2073 5432 imitandum
2110 5371 2458 5444 proposuisse
2489 5368 2769 5436 Apologia;
2808 5361 2867 5416 S.
2903 5357 3123 5418 Justini.
3178 5354 3332 5422 cujus

1751 5468 1998 5537 exemplo
2030 5481 2127 5520 nec
2160 5464 2487 5519 atlteismuut
2524 5474 2648 5513 cunt
2675 5463 2877 5511 sanctas
2901 5446 3186 5505 Trinitatis
3212 5446 3331 5501 cul-

1755 5575 1836 5629 tu,
1864 5577 1961 5617 nec
1986 5561 2089 5615 alia
2123 5559 2364 5613 facinora
2396 5569 2516 5611 cunt
2546 5550 2787 5607 moribus
2809 5554 2863 5601 et
2894 5539 3142 5598 doctrina
3175 5539 3331 5596 Chri-

1503 5724 1562 5780 .“
1592 5721 1655 5777 N.
1690 5722 1723 5777 ι
1755 5731 1809 5777 ct
1839 5721 1923 5777 '58.
