3764 6496
343 321 390 396 κῒ

388 339 528 436 ίιετ
1340 359 1398 415 s.
1435 349 1768 411 JUSTINL‘S
1793 343 2005 403 putLo:

2181 335 2272 392 US
2304 331 2391 387 ΕΤ
2421 325 2729 385 ΜΑΒΤῖΙί.

417 498 718 552 stianorum
744 487 1042 544 consistere
1066 495 1222 554 posse
1243 479 1604 532 demonstrat.
1629 474 1825 527 Ducem
1850 467 1999 535 sequi
2031 477 2076 530 Α
2111 470 2326 525 nagorm

416 587 691 644 Justinum
723 583 953 641 videtur,
979 591 1100 632 cum
1127 572 1393 643 queritur,
1427 567 1569 636 quod
1598 565 1771 620 solum
1803 573 1994 614 nomen

419 682 475 736 in
513 675 840 736 Christianis
883 671 1192 729 damnetur,
1227 679 1375 716 nunt.
1414 661 1468 728 2,
1514 674 1637 713 cum
1673 653 1906 726 postulat
1941 660 1998 702 ut

416 771 606 824 eadem
650 770 702 819 in
731 764 854 818 illos
889 776 953 814 ac
1000 759 1052 812 in
1101 756 1236 809 alios
1287 752 1536 807 homines
1585 746 1774 816 judicii
1824 742 1998 796 forma

418 867 711 923 servetur;
747 870 869 910 cum
905 849 1312 922 persecutiones
1343 859 1444 897 non
1492 839 1714 895 aliunde
1743 835 1874 891 oriri
1905 835 1999 888 de-

419 952 615 1014 clarat,
644 963 805 1017 quam
850 961 916 1000 ex
961 942 1184 1010 antiqua
1236 937 1353 991 vitii
1397 950 1519 989 cum
1565 932 1762 984 virtute
1796 941 1994 997 pugna,

420 1041 642 1104 num.5,
667 1053 787 1094 cum
812 1032 1152 1091 Christianos
1181 1029 1250 1081 ab
1283 1027 1385 1080 hac
1415 1025 1532 1078 vita.
1555 1020 1621 1074 ad
1649 1019 1811 1071 aliam
1841 1016 1998 1083 longe

417 1135 696 1191 meliorem
725 1144 846 1183 cum
872 1129 980 1180 Deo
1010 1133 1064 1178 et
1094 1119 1234 1191 apud
1261 1119 1427 1172 Deum
1457 1111 1847 1168 traducendam
1874 1123 1999 1176 pro-

418 1225 588 1281 licisci
616 1223 796 1284 docet,
830 1233 979 1273 nmtt.
1019 1213 1115 1277 12,
1150 1222 1206 1267 et
1251 1225 1372 1265 cunt
1402 1209 1468 1264 de
1500 1203 1813 1275 angelorum
1845 1199 2002 1268 lapsu

418 1316 681 1386 loquitur,
716 1326 864 1367 num.
891 1308 985 1363 24.

485 1385 764 1462 .lnstinunt
797 1404 954 1468 longe
981 1409 1206 1468 superat
1243 1394 1618 1458 Athenagoras
1654 1386 1890 1456 ettpolito
1921 1385 1999 1438 di-

416 1501 571 1557 cendi
601 1513 823 1570 genere,
850 1495 1056 1550 ordinis
1101 1499 1386 1546 venustate
1413 1497 1466 1541 et
1499 1482 1771 1554 peracutis
1812 1480 1878 1533 ad
1909 1495 2000 1532 ca-

418 1592 673 1664 ptandam
723 1585 1155 1643 benevolentiam
1207 1577 1646 1637 circuitionibus.
1689 1571 2000 1641 Simplicior

417 1663 560 1736 enim
591 1672 836 1735 Justinus
867 1689 922 1731 et
957 1678 1171 1746 parcior
1202 1673 1256 1726 in
1300 1669 1598 1724 laudando.
1629 1665 1781 1732 Quod
1814 1663 1858 1716 si
1894 1677 1997 1715 non

422 1786 530 1829 tam
562 1771 725 1825 umlta
769 1785 799 1823 e
835 1766 1136 1837 Scripturis
1163 1775 1220 1818 et
1243 1761 1447 1818 Christi
1498 1755 1768 1828 mysteriis
1807 1752 2006 1822 repetit

418 1865 822 1933 Athenagoras,
851 1875 1012 1928 quam
1043 1856 1210 1910 multa
1236 1855 1375 1922 apud
1400 1851 1672 1905 Justinum
1704 1847 1792 1900 his
1819 1845 1885 1899 de
1918 1860 2002 1897 re-

420 1956 524 2010 bus
546 1963 842 2009 occurrunt
878 1972 890 2006 :
923 1950 1135 2004 videtur
1162 1947 1348 2017 petitis
1375 1960 1441 1997 ex
1477 1943 1686 1995 ratione
1717 1950 2006 2006 argumen-

426 2051 494 2104 tis
528 2047 956 2117 singularitatcm
991 2043 1108 2108 Dei,
1138 2051 1190 2094 et
1217 2039 1638 2093 simulacrorum
1667 2034 1848 2088 cultus
1873 2029 2005 2085 stul-

423 2142 596 2196 titiam
645 2139 1019 2192 demonstrare
1069 2131 1328 2186 maluisse
1375 2139 1428 2181 ct
1474 2128 1525 2180 in
1581 2126 1669 2180 his
1701 2121 2003 2185 immorari,

421 2229 549 2302 quia
577 2230 717 2282 hanc
744 2225 1050 2296 disputandi
1086 2222 1352 2277 rationem
1377 2216 1684 2289 philosophi
1716 2215 2006 2283 imperato-

423 2327 500 2379 ris
523 2324 747 2377 auribus
771 2320 1067 2390 gratiorem
1101 2315 1333 2370 futuram
1363 2311 1641 2383 sperabat.
1664 2307 1798 2363 Dum
1824 2313 2006 2358 autent

422 2421 478 2474 in
514 2419 597 2471 his
627 2423 946 2482 occupatur,
977 2412 1126 2464 visus
1157 2419 1239 2462 est
1276 2406 1495 2460 Petavio
1528 2403 1654 2473 (lib.
1687 2416 1725 2464 ι,
1758 2398 1834 2451 De
1874 2395 2004 2463 Deo,

425 2523 550 2578 pag.
581 2504 688 2573 85)
722 2501 1023 2558 accidentia
1070 2500 1123 2551 itt
1156 2497 1265 2549 Deo
1297 2494 1606 2546 admittere.
1642 2491 1812 2544 Vocat
1852 2488 1939 2540 ille
1965 2486 2006 2516 ³¹

424 2599 642 2668 quidem
675 2595 769 2648 Dei
802 2593 1061 2646 attributa
1093 2582 1160 2640 τὰ
1181 2582 1687 2655 ἐπισυμϐεϐηκότα,
1716 2595 1779 2634 ac
1808 2580 2007 2632 bonum

425 2692 537 2746 Deo
581 2689 757 2742 inesse
803 2684 934 2739 dicit
985 2679 1124 2734 κατὰ
1161 2675 1525 2747 συμϐεϐηκός,
1579 2674 1674 2727 sed
1724 2687 1845 2726 cum
1897 2670 2010 2738 ipse

427 2790 662 2836 mentem
700 2792 855 2832 suam
888 2773 1118 2844 aperiat,
1151 2787 1258 2823 ttott
1313 2769 1528 2820 videtur
1576 2766 1624 2819 ei
1679 2765 1748 2817 ob
1782 2761 2006 2816 verbum

426 2871 494 2927 lis
517 2869 886 2940 impingenda,
922 2867 1011 2920 tibi
1036 2861 1303 2918 sententia
1345 2860 1397 2911 itt
1429 2867 1543 2911 tuto
1573 2868 1674 2912 est.
1713 2855 1885 2910 Simili
1931 2855 2013 2907 in-

427 2964 705 3034 dulgentia
763 2962 1022 3014 utendum
1075 2958 1128 3011 itt
1183 2953 1608 3015 'l‘ertullianum,
1654 2950 1794 3018 apud
1847 2961 2009 3015 quem

428 3059 620 3111 eodem
668 3069 832 3109 sensu
881 3052 1144 3105 attributa
1203 3047 1295 3101 Dei
1348 3053 1614 3099 vocantur
1661 3041 2008 3111 appendices,

429 3149 524 3204 lib.
557 3164 575 3203 ι
607 3148 660 3201 in
695 3146 890 3210 Mam,
923 3159 1043 3211 cap.
1074 3140 1164 3195 9.5.

505 3241 568 3296 V.
611 3241 1015 3308 Athenagoram
1051 3235 1216 3290 multa
1248 3232 1533 3301 scripsisse
1563 3229 1839 3298 conjicere
1883 3241 2012 3293 pos-

433 3350 623 3391 sumus
647 3350 713 3388 ex
749 3333 901 3386 initio
931 3329 1056 3383 libri
1095 3328 1169 3381 De
1199 3324 1602 3384 resurrectione,
1639 3322 1727 3376 ubi
1762 3329 2012 3385 testatur,

433 3446 490 3484 se
517 3441 893 3495 nonnunquam
921 3436 1184 3476 sermones
1207 3435 1306 3488 pro.
1331 3418 1548 3472 veritate
1578 3417 1664 3477 iis,
1697 3429 1814 3485 qua:
1837 3412 1900 3465 de
1932 3427 2018 3464 ve-

432 3521 595 3574 ritate
623 3519 900 3580 habentur,
929 3515 1267 3584 prwntittere,
1295 3512 1455 3579 idque
1479 3509 1568 3563 illo
1593 3509 1644 3561 itt
1670 3507 1809 3560 libro
1834 3506 2017 3560 facere

433 3610 709 3665 statuisse.
743 3608 861 3672 Quo
894 3618 1135 3674 tempore
1187 3602 1288 3655 hoc
1332 3615 1469 3669 opus
1519 3599 1782 3666 scriptum
1829 3594 2014 3658 fuerit,

436 3713 677 3758 statuere
709 3717 815 3754 non
845 3713 1102 3768 possum;
1137 3695 1232 3750 sed
1256 3703 1436 3747 tamen
1463 3689 1718 3761 Apologia
1749 3687 2019 3758 posterius

435 3793 674 3854 videtur,
701 3805 864 3858 quam
899 3792 978 3841 sic
1005 3785 1258 3848 absolvit,
1283 3793 1341 3837 ut
1377 3779 1802 3850 disputationem
1838 3776 1906 3831 de
1933 3791 2022 3830 re—

439 3885 776 3940 surrectione
825 3881 1062 3935 nondunt
1098 3877 1431 3945 suscepisse,
1467 3875 1560 3928 sed
1613 3875 1665 3926 itt
1701 3870 1846 3924 aliud
1880 3879 2020 3922 tent-

441 3993 543 4048 pus
565 3974 784 4029 differre
810 3975 1081 4028 videatur.
1110 3971 1201 4024 Sic
1225 3969 1370 4022 enim
1395 3967 1635 4035 loquitur
1663 3983 1678 4018 :
1713 3961 1871 4015 Ἀλλὰ
1891 3961 2023 4013 ἀνα-

440 4069 644 4123 κείσθω
667 4068 763 4138 μὲν
784 4067 813 4118 ὁ
835 4062 1079 4136 περὶτῆς
1100 4058 1448 4122 ἀναστάσεως
1473 4057 1650 4124 λόγος.
1674 4054 1806 4108 εδει]
1835 4053 1935 4106 hac
1959 4053 2024 4106 de

440 4161 834 4216 resurrectione
861 4157 1232 4227 disputatione
1265 4151 1734 4220 supersedeatnus.
1773 4167 1791 4198 t
1825 4145 2028 4212 Quant-

436 4257 519 4309 vis
570 4252 794 4307 minime
845 4249 1068 4303 dubiuut
1121 4247 1192 4302 sit
1240 4245 1370 4313 quin
1422 4243 1536 4296 lucc
1582 4237 1882 4307 disputatio
1922 4249 2024 4288 non

440 4347 786 4418 pronuntiata
835 4344 930 4396 sed
982 4341 1181 4402 scripta
1217 4337 1400 4399 fuerit,
1441 4335 1521 4388 sic
1552 4342 1731 4386 tamen
1764 4328 2026 4397 loquitur,

439 4453 492 4491 tt.
524 4437 614 4503 εὖ,
647 4435 800 4503 quasi
846 4435 894 4487 ei
947 4433 1285 4502 propositum
1337 4428 1408 4482 sit
1445 4423 1746 4479 summatim
1792 4419 1894 4482 his,
1939 4417 2023 4488 qui

439 4546 752 4592 conuenere,
777 4529 1010 4580 indicare
1039 4526 1162 4592 quid
1191 4526 1254 4576 de
1283 4519 1663 4574 resurrectione
1695 4513 2004 4568 sentiendun

2180 4494 2401 4550 letuendi

438 4623 529 4686 sit,
561 4629 610 4674 et
643 4631 968 4688 argumenta,
990 4617 1179 4687 quibus
1217 4615 1314 4667 hoc
1339 4612 1528 4680 dogma
1563 4609 1769 4673 nititur,
1817 4607 1884 4658 ad
1932 4620 2023 4655 au-

416 4714 702 4766 "dienttum
723 4707 1029 4779 facultatem
1054 4703 1472 4760 accommodare.
1490 4699 1747 4766 Quamvis
1771 4694 2019 4750 adhibita

442 4806 496 4860 itt
540 4806 642 4859 hoc
675 4815 839 4871 opere
881 4806 1196 4868 argumenta
1231 4795 1375 4863 ipsos
1420 4792 1586 4846 etiam
1624 4787 1906 4843 lttBl‘CllCOS
1940 4783 2022 4837 fe.-

441 4898 624 4961 riant,
664 4895 881 4947 videtur
926 4901 1107 4944 tamen
1166 4885 1518 4956 philosophos
1551 4881 1894 4950 potissimunt
1928 4893 2020 4930 vo-

443 4988 611 5045 luisse
639 4984 907 5040 refellere.
942 4981 1076 5036 Nam
1121 4978 1384 5049 quidquid
1431 4974 1688 5042 objicitur
1722 4970 1791 5024 ab
1827 4970 2020 5022 adver-

444 5081 629 5146 sariis,
654 5079 706 5132 id
735 5074 1052 5130 ratiunculis
1075 5071 1419 5124 continetur:
1445 5062 1708 5135 quidquid
1737 5075 2024 5128 argumen-

447 5183 624 5228 torum
656 5167 878 5222 adhibet
918 5167 1319 5232 Athenagoras,
1367 5159 1421 5212 id
1453 5173 1518 5212 ex
1553 5154 1788 5210 hominis
1833 5161 2024 5203 natura

443 5276 498 5320 et
544 5262 639 5318 Dei
681 5259 893 5328 justitia
927 5256 1142 5326 repetit.
1178 5252 1332 5307 Unde
1375 5251 1559 5306 etiam.
1592 5265 1647 5300 ιι.
1674 5244 1733 5310 3,
1761 5242 2024 5311 informis,

447 5371 500 5413 ut
529 5359 607 5414 illi
630 5353 959 5413 existimant,
989 5362 1179 5415 nempe
1203 5343 1527 5414 philosophi.
1557 5339 1784 5393 materia
1806 5335 2025 5389 dicitur.

447 5455 513 5506 At
536 5467 599 5505 ea
637 5463 744 5502 non
772 5444 942 5513 tangit
983 5455 1104 5510 quae
1133 5454 1198 5491 es
1233 5434 1534 5503 Scripturis
1582 5442 1637 5484 et
1662 5427 1864 5484 Christi
1906 5439 2026 5492 my-

446 5545 630 5600 Steriis
660 5539 929 5597 Catholici
966 5537 1033 5589 ad
1063 5531 1400 5602 probandum
1439 5529 1542 5580 hoc
1573 5525 1788 5592 dogma,
1815 5528 1870 5573 et
1914 5517 2026 5569 lia:—

451 5635 604 5690 retici
658 5634 726 5687 ad
773 5627 1125 5684 evertendum
1154 5621 1443 5678 ducebant.
1472 5616 1584 5674 Sub
1620 5613 1835 5672 nomine
1865 5607 2027 5661 Athe-

427 5752 432 5771 ι
525 5795 566 5827 ⁸’
602 5791 643 5848 Ν
696 5792 960 5848 ἓὸειὲι.

3573 305 3666 358 188

2358 449 2556 519 prodiit
2590 459 2731 498 anno
2775 437 2912 494 1569
2956 450 3096 504 opus
3127 432 3350 486 Desere
3374 436 3422 479 et
3453 422 3668 492 perfecto

2101 565 2303 612 (iniure,
2336 543 2521 598 verbis
2568 537 2784 606 quidem
2832 548 2863 586 e
2911 530 3102 584 erco
3133 535 3384 580 sermone
3412 515 3668 573 Gallicum

2101 641 2330 701 factum,
2378 632 2473 689 sed
2519 643 2707 684 revera
2737 641 2764 676 a
2799 629 3092 690 personato
3126 617 3425 681 interprete
3464 606 3669 660 Fumaeo

2101 732 2451 793 fabricatum,
2471 725 2557 780 cui
2592 722 2797 774 larvam
2823 713 3040 784 egregie
3069 710 3369 764 detractam
3397 702 3517 756 vide
3537 698 3672 768 apud

2099 821 2432 880 Fabricium,
2472 825 2603 868 tom.
2637 810 2700 874 V,
2739 803 2988 861 Biblioth.
3015 799 3134 863 (ira,
3167 813 3217 866 p.
3244 797 3334 850 88.

2173 910 2458 979 Displicuit
2497 903 2719 958 Petavio
2747 897 2890 968 quod
2937 896 3014 948 ait
3054 892 3433 957 Athenagoras
3480 885 3534 938 in
3579 885 3673 938 hoc

2101 1005 2181 1058 De
2211 975 2592 1055 resurrectione
2623 993 2790 1056 libro,
2833 1005 2888 1042 ιι.
2921 987 3008 1050 ll,
3063 993 3159 1038 aut
3187 979 3380 1036 saltent
3412 977 3555 1046 quod
3584 975 3676 1028 do-

2101 1092 2347 1148 ctissimo
2376 1085 2625 1152 theologo
2655 1081 2804 1134 visus
2833 1087 2917 1132 est
2939 1076 3143 1139 dicere,
3179 1091 3196 1123 ι
3225 1071 3368 1140 quod
3395 1069 3535 1123 Deus
3563 1076 3677 1135 pot-

2101 1194 2185 1237 est
2215 1183 2266 1234 id
2291 1194 2414 1233 eum
2443 1176 2598 1238 velle,
2622 1183 2676 1227 et
2704 1172 2848 1242 quod
2883 1167 2992 1221 vult
3018 1166 3072 1218 id
3095 1163 3317 1218 omnino
3342 1175 3522 1228 posse,
3545 1179 3562 1212 t
3587 1160 3676 1211 καὶ

2100 1275 2160 1328 τδ
2203 1272 2426 1326 δυνατὸν
2478 1265 2732 1338 βουλητὸν
2771 1262 2872 1315 καὶ
2910 1259 2969 1313 τὸ
2993 1257 3070 1328 τῷ
3097 1255 3216 1326 Θεῷ
3259 1251 3513 1326 βουλητὸν
3545 1249 3676 1302 πάν-

2102 1381 2210 1427 τως
2240 1361 2378 1416 εἶναι
2410 1356 2654 1412 δυνατόν.
2692 1353 2798 1408 Sed
2831 1350 2964 1406 nihil
2993 1355 3243 1416 superest
3281 1341 3609 1397 dillicultatis
3633 1339 3674 1395 sl

2103 1457 2252 1509 locus
2292 1460 2551 1506 accurate
2592 1446 2954 1516 expendatur.
2986 1442 3104 1495 Non
3141 1439 3297 1492 enim
3334 1435 3467 1490 illud
3498 1432 3680 1504 βουλη-

2104 1549 2195 1601 τόν
2230 1546 2364 1600 dicit
2396 1544 2798 1610 Athenagoras,
2830 1534 2974 1603 qttod
3010 1533 3154 1587 Deus
3183 1531 3453 1585 facturum
3495 1543 3556 1580 se
3593 1526 3679 1579 de-

2105 1639 2296 1703 rrevit,
2319 1636 2414 1691 sed
2437 1633 2579 1704 quod
2607 1630 2742 1683 velle
2771 1637 2968 1696 potest.
2995 1625 3088 1680 Sic
3112 1633 3294 1682 antea,
3320 1636 3378 1674 ιι.
3413 1621 3503 1681 10,
3529 1615 3682 1670 ἀϐού-

2103 1730 2262 1801 λητον
2293 1723 2545 1793 intelligit
2577 1723 2626 1774 id
2660 1719 2806 1789 quod
2849 1717 2992 1770 Deus
3039 1713 3177 1768 Velle
3215 1727 3320 1764 non
3351 1718 3568 1779 potest.
3599 1707 3681 1760 Ait

2033 1826 2074 1879 Β
2103 1822 2246 1875 enint
2286 1817 2493 1872 idcirco
2523 1811 2818 1880 ἀϐούλητον
2845 1823 2988 1871 esse,
3019 1807 3146 1874 quia
3190 1803 3273 1858 vel
3317 1801 3576 1868 injustum
3605 1808 3679 1852 est

2107 1911 2188 1965 vel
2231 1909 2507 1978 indignum
2552 1906 2680 1958 Deo.
2723 1901 2796 1954 Τὸ
2823 1901 2932 1972 γὰρ
2966 1894 3346 1968 ἀϐούλητον,ἢ
3390 1893 3468 1955 ὡς
3509 1891 3692 1945 ἄδικον

2107 2001 2252 2073 αὐτῷ
2303 2003 2450 2052 ἐστιν
2497 1996 2808 2066 ἀϐούλητον,
2843 1992 2878 2064 ἢ
2910 1992 2985 2055 ὼς
3017 1988 3254 2054 ἀνάξιον.
3314 1986 3502 2053 Itaque
3529 1982 3681 2037 ἀϐούο

2107 2097 2268 2167 λητον
2316 2091 2659 2161 interpretari
2710 2102 2816 2141 non
2861 2082 3102 2139 dubitavi
3133 2081 3185 2133 id
3214 2079 3357 2148 quod
3391 2077 3444 2130 itt
3477 2076 3565 2129 Dei
3594 2091 3679 2127 vo-

2110 2189 2375 2242 luntatent
2407 2199 2511 2238 non
2545 2182 2716 2246 cadit,
2747 2187 2801 2233 et
2854 2171 3110 2245 βουλητόν
3145 2172 3197 2224 id
3233 2168 3376 2239 quod
3425 2167 3563 2220 velle
3591 2182 3682 2234 po-

2111 2290 2234 2334 test.
2277 2277 2422 2341 Quos
2454 2273 2653 2327 refellit
2684 2271 2786 2324 ltoe
2807 2269 2862 2324 in
2894 2267 3034 2320 libro
3061 2264 3464 2329 Athenagoras,
3501 2258 3554 2312 hi
3591 2258 3684 2310 nti-

2111 2374 2255 2425 nime
2282 2367 2631 2436 inquirebant
2655 2377 2835 2418 utrunt
2862 2357 3322 2414 resurrectionem
3360 2352 3508 2406 Deus
3529 2365 3694 2405 necne-

2111 2461 2421 2532 promiserit
2468 2455 2800 2517 hominibus,
2852 2451 2944 2505 sed
2987 2463 3110 2501 eam
3153 2445 3268 2499 tieri
3313 2443 3540 2497 omnino
3585 2456 3681 2495 non

2111 2571 2269 2624 posse
2293 2548 2710 2608 contendebant.
2742 2543 2920 2611 Quare
2951 2542 3334 2606 Athenagoras
3358 2535 3553 2590 statuit
3577 2546 3684 2595 eos,

2110 2646 2156 2700 si
2188 2661 2309 2699 cum
2342 2642 2528 2712 aliquo
2561 2638 2788 2692 rationis
2821 2633 3003 2688 colore
3045 2628 3309 2684 increduli
3356 2641 3480 2681 esse
3511 2624 3689 2687 velint,

2111 2740 2492 2793 demonstrare
2523 2731 2721 2786 debere
2756 2723 3214 2781 resurrectionem
3238 2719 3322 2773 vel
3348 2719 3398 2772 in
3429 2717 3524 2772 Dei
3546 2727 3682 2787 pote-

2111 2838 2330 2893 statem,
2366 2824 2450 2880 vel
2475 2823 2528 2876 in
2561 2821 2678 2890 ejus
2700 2819 3037 2873 voluntatem
3067 2829 3174 2866 non
3208 2811 3432 2864 cadere.

2679 2950 2906 3009 CAPUT
2960 2945 3098 3005 XIV.

2275 3079 2356 3132 An
2383 3075 2741 3141 Athenagoras
2767 3063 3010 3119 Montani
3037 3069 3189 3114 secta:
3215 3058 3529 3116 att/urserit.

2039 3160 2080 3217 Ο
2116 3195 2155 3244 l.
2184 3193 2512 3244 Athenagorae
2529 3187 2633 3234 loca
2659 3197 2720 3230 ex
2745 3179 2928 3244 quibus
2970 3183 3087 3244 nata
3132 3173 3368 3244 suspicio.
3396 3169 3460 3244 ιιι..
3620 3166 3692 3244 di:

2450 3225 2514 3297 eu;
2531 3225 3576 3315 primordiis—Mentat‘tistarumhltl,I‘Multil_
3589 3225 3691 3276 auui

2179 3293 2660 3371 lidié'r'éiniéq‘u'a'm
2685 3305 2898 3371 schisma
2916 3299 3216 3371 coutl'arent‘.’
3245 3293 3350 3371 lx.”
3364 3293 3692 3366 :l‘ertullianus

2179 3355 2611 3426 alitewhl'ontanijsta
2636 3380 2780 3429 quam
2801 3364 3152 3429 schismatieus.
3177 3357 3235 3406 ν.
3251 3355 3477 3429 ἰλξῑιὶςίιθ
3502 3360 3578 3401 est
3603 3361 3692 3398 sta-

2181 3417 2693 3497 ἶὶἰὲἷεῖίιίὂῖέὶξιβοὲυ
2718 3417 3347 3497 absolutumscltismagfll
3358 3418 3696 3497 Athgppgpras

2184 3477 2475 3548 eoruvmjnec
2495 3477 2771 3543 scitis—matis
2794 3485 3147 3548 nccdoctrintc
3163 3482 3432 3544 particeps.
3462 3477 3566 3526 V'll.
3591 3477 3692 3522 llto-

2185 3545 2292 3610 runt
2317 3566 2544 3608 exstases
2569 3555 2795 3617 probatas
2815 3549 2864 3596 ei
2887 3547 3042 3595 fuisse
3071 3547 3212 3593 nullo
3233 3548 3374 3603 patet
3394 3545 3690 3601 argumento.

2190 3668 2232 3721 l.
2270 3661 2640 3720 Examinanda
2667 3659 2822 3712 nobis
2859 3653 3086 3724 qumstio
3119 3663 3222 3703 non
3254 3646 3406 3716 parvi
3442 3656 3497 3698 et
3528 3643 3593 3696 ad
3619 3642 3692 3693 fa-

2124 3769 2264 3814 mam
2289 3758 2646 3824 Athenagora:
2672 3761 2726 3804 et
2749 3751 2817 3803 ad
2859 3747 3237 3815 antiquitatem
3270 3736 3694 3792 ecclesiasticam

2125 3849 2407 3906 momenti.
2441 3843 2841 3905 Tillemoutius,
2873 3837 3028 3906 cujus
3058 3850 3164 3890 non
3210 3832 3392 3886 minus
3441 3827 3695 3881 laudanda

2126 3947 2180 4000 itt
2232 3941 2472 4010 antiquis
2525 3941 2689 3992 rebus
2737 3929 3102 4002 dijudicandis
3157 3927 3408 3992 aequitas,
3441 3935 3603 3991 quant
3649 3919 3697 3971 in

2125 4033 2529 4106 comportandis
2581 4039 2636 4084 et
2694 4024 3016 4094 colligendis
3069 4019 3352 4081 eruditio,
3400 4015 3700 4083 suspicatur

2125 4130 2528 4196 Athenagoram
2578 4121 2964 4177 Montanistam
2995 4115 3186 4169 luisse.
3225 4129 3244 4162 ι
3277 4109 3437 4164 llaud
3465 4107 3597 4168 scio,
3629 4105 3699 4158 in-

2129 4220 2272 4291 quit,
2302 4195 2433 4284 t.7l|,
2460 4233 2512 4286 p.
2537 4213 2660 4274 550,
2688 4229 2754 4265 an
2785 4208 3027 4263 adhibita
3054 4205 3120 4258 ab
3147 4217 3212 4256 eo
3238 4211 3294 4255 ct
3319 4201 3385 4254 de
3409 4195 3698 4268 pr0pltetis,

2131 4328 2237 4383 quo
2262 4322 2501 4379 tempore
2522 4317 2766 4360 cxstascs
2789 4300 3028 4356 Montani
3049 4296 3348 4352 Ecelesiam
3385 4291 3701 4363 perturbate

2133 4404 2486 4473 incipiebant,
2521 4410 2576 4455 et
2621 4399 2686 4452 de
2737 4393 2991 4449 secundis
3023 4390 3224 4458 nuptiis
3263 4385 3519 4455 loquendi
3549 4383 3704 4442 ratio,

2441 4493 2617 4552 locum
2662 4487 2851 4542 aﬂ‘erat
2895 4499 2961 4538 ne
3007 4484 3094 4537 ltis
3131 4478 3380 4550 partibus
3410 4475 3702 4544 implicatus

2127 4589 2356 4645 fuerit»
2419 4585 2494 4639 De
2557 4581 2836 4652 prophetis
2890 4577 2969 4632 sic
3023 4574 3264 4644 loquitur
3307 4571 3698 4636 Athenagoras,

2126 4683 2305 4754 Apol.,
2339 4696 2486 4735 nunt.
2518 4678 2550 4732 9
2583 4695 2596 4731 :
2631 4675 2693 4729 Οἳ
2742 4673 2862 4728 κατ’
2894 4671 3152 4723 ἔκστασιν
3182 4664 3291 4718 τῶν
3324 4665 3384 4716 ὲν
3417 4663 3599 4722 αὐτοῖς
3627 4657 3704 4710 λο-

2126 4775 2362 4847 γισμῶν,
2397 4773 2715 4843 κινήσαντος
2765 4763 2959 4825 αὐτοὺς
2992 4759 3086 4814 τοῦ
3121 4758 3264 4811 θείου
3312 4752 3647 4824 Πνεύματος,
3673 4745 3704 4800 ἃ

2130 4869 2456 4942 ἐνηργοῦντο
2504 4861 2848 4931 ἐξεφώνησαν
2871 4874 2883 4887 ·
2937 4850 3387 4926 συγχρησαμένου
3422 4847 3517 4900 τοῦ
3551 4841 3706 4898 Ilvati-

2133 4935 2300 5036 ματοις
2351 4957 2482 5011 ὡσεὶ
2533 4955 2629 5009 καὶ
2680 4946 3129 5023 αὐλητὴςάὐλδν
3179 4940 3510 5006 ὲμπνεύσαι.
3568 4957 3585 4988 ι
3616 4935 3708 5000 Qui

2130 5066 2309 5110 mente
2337 5063 2390 5106 et
2421 5050 2604 5103 animo
2635 5057 2789 5100 extra
2838 5058 2897 5098 se
2945 5039 3108 5110 rapti,
3157 5035 3475 5105 impellente
3510 5030 3704 5100 Spll'lllt

2129 5156 2340 5208 sancto,
2388 5153 2528 5210 quae
2567 5139 2699 5206 ipsis
2753 5132 3180 5204 inspirabantur,
3217 5143 3282 5180 ea
3345 5135 3476 5178 sunt
3529 5121 3704 5182 loeuti,

2130 5246 2317 5288 utente
2349 5233 2454 5286 illis
2500 5230 2710 5300 Spiritu
2737 5235 2950 5288 saneto,
2984 5223 3132 5275 velut
3158 5221 3204 5273 si
3240 5218 3431 5271 tibiam
3468 5215 3614 5268 ittllet
3645 5214 3708 5264 ti-

2132 5329 2312 5382 bicen.
2349 5346 2366 5378 t
2415 5324 2489 5378 De
2539 5321 2791 5377 secundis
2827 5330 3005 5371 autem
3038 5314 3241 5382 nuptiis
3272 5313 3389 5364 lure
3429 5309 3704 5367 habemus,

2134 5438 2191 5474 tt.
2229 5420 2297 5473 55
2330 5437 2343 5472 z
2381 5418 2456 5472 Uti
2491 5416 2600 5487 γὰρ
2639 5413 2833 5484 μελέτῃ
2854 5410 3048 5478 λόγων,
3084 5405 3194 5458 ἀλλ’
3223 5402 3481 5466 ἐπιδείξει
3515 5400 3607 5455 καὶ
3637 5399 3707 5448 δι-

2129 5509 2395 5582 δασκαλίᾳ.
2445 5509 2619 5579 ἔργων
2681 5505 2749 5557 τὰ
2794 5503 3071 5573 ἡμέτερα⁸
3211 5491 3322 5558 οἷός
3371 5511 3457 5556 τις
3503 5491 3703 5560 ἐτέχθη,

2134 5601 2402 5670 μένειν,ῆ
2452 5598 2534 5667 ἐφ’
2569 5598 2646 5650 ἐνὶ
2699 5594 2956 5665 γὰμῳ.”0
2985 5592 3092 5662 γὰρ
3142 5587 3395 5658 δεύτερος
3442 5581 3705 5654 εὖπρετήρ
