3764 6516
67 401 150 456 139
980 374 1044 429 D.
1094 364 1358 426 ΜΑΒᾹΝῘ
1399 356 1634 416 PRIEFA

1816 380 1886 391 —
1913 343 2093 403 PARS
2127 341 2216 398 ιιι.

1253 486 1349 557 τὴν
1382 483 1615 552 γυναῖκα

1800 487 1847 525 3c
1874 470 1968 523 ille
1991 470 2044 521 in
2077 466 2218 518 libro
2251 459 2326 513 De
2351 458 2498 528 fuga,
2524 471 2573 506 ιε.
2612 453 2666 516 9,
2693 448 2784 504 ubi
2807 446 2969 502 etiam
2991 444 3099 498 duo
3139 436 3306 493 refert

2094 556 2103 557 κ
2289 553 2299 557 -
2589 545 2603 557 .
2697 551 2708 557 ,
2757 541 2789 557 ,.
2995 536 3198 557 ,Ἅι-η,
3239 533 3304 557 __,

65 524 158 572 ἔστι
190 508 512 586 μοιγεὶα,⁴¹0;
541 505 652 576 γὰρ
684 502 748 556 ἂν
783 499 951 554 armis;
964 513 1047 569 πῃ,
1077 492 1230 562 φησί,

65 604 220 666 αὑτοῦ,
253 603 338 656 καὶ
383 598 604 669 γαμήσῃ
651 591 835 663 ἄλλην,
875 587 1125 659 μοιχᾶται
1150 599 1161 610 ·
1200 576 1320 630 οὔτε
1357 570 1624 627 ἀπολύειν·

66 698 331 768 ἐπιτρέπων
359 688 426 763 ἦς
459 687 660 742 ἔπαυονέ
693 702 776 748 τις
809 684 906 752 τὴν
932 674 1245 749 παρθενίαν,
1269 669 1390 724 οὗτε
1414 669 1614 730 ἐπιγα-

70 791 248 865 15?va
277 786 380 857 γὰρ
412 778 725 850 ἀποστερῶν
762 775 950 829 ἑαυτὸν
985 772 1082 842 τῆς
1128 764 1397 838 προτέρας
1427 772 1616 825 γυναι.

67 884 162 947 κδς,
186 881 266 934 καὶ
296 880 341 930 εἰ
373 875 618 946 τέθνηκε,
659 869 841 942 μοιχός
874 869 990 919 ἐστι
1023 849 1611 932 παρακεκαλνμμένος,

71 973 378 1046 παραὸαίνων
417 969 516 1038 μὲν
554 964 651 1035 τὴν
698 965 854 1034 χεῖρα
883 957 975 1012 τοῦ
1010 952 1168 1014 Θεοῦ,
1204 951 1287 1002 ὅτι
1321 951 1377 1000 ἐν
1412 944 1551 1014 ἀρχῇ
1586 942 1615 993 ὁ

71 1068 174 1131 est;
207 1068 293 1118 ἕνα
323 1062 486 1132 ἄνδρα
521 1059 720 1112 ἔπλασε
770 1054 865 1110 καὶ
913 1051 1038 1123 μίαν
1085 1047 1351 1115 γυναῖκαυ
1386 1039 1531 1092 λύων
1560 1036 1616 1089 δὲ

73 1164 149 1234 τὴν
177 1159 334 1230 σάρκα.
366 1155 500 1225 πρὸς
536 1151 713 1220 signa.
740 1145 883 1202 κατὰ
934 1142 1030 1213 τὴν
1076 1141 1269 1192 ἕνωσιν
1299 1133 1434 1206 πρὸς
1472 1131 1619 1203 μίξιν

76 1257 132 1316 εἰς
160 1250 237 1306 τοῦ
268 1248 448 1316 γένους
483 1240 788 1298 κοινωνίαν.
829 1258 846 1289 ι
877 1236 1058 1305 Neque
1083 1233 1224 1285 enim
1261 1227 1615 1282 meditatione

78 1357 336 1399 sermonum
375 1338 477 1418 sed
529 1332 998 1390 demonstratione
1031 1343 1086 1380 et
1120 1321 1403 1391 disciplina
1442 1316 1614 1371 actio.

79 1456 175 1491 ιιιιιιι
208 1451 281 1488 res
311 1440 506 1486 nostra:
537 1427 906 1485 continentur,
943 1434 1003 1474 ut
1029 1419 1264 1490 quisque
1305 1413 1387 1466 vel
1437 1409 1619 1480 qualis

80 1540 202 1582 natus
231 1534 326 1586 est,
361 1530 604 1581 maneat,
639 1517 720 1571 vel
754 1517 930 1570 unicis
984 1515 1034 1566 in
1089 1509 1311 1577 nuptiis.
1351 1503 1618 1558 Secunda:

79 1630 188 1676 enim
221 1621 464 1675 decorum
514 1615 867 1668 adulterium.
908 1609 1224 1675 Quicunque
1265 1605 1402 1656 enim
1459 1600 1620 1653 diuti-

81 1715 191 1777 serit,
220 1711 404 1779 inquit,
436 1724 651 1760 uxorem
677 1722 826 1758 suam
857 1710 904 1756 et
942 1702 1101 1754 aliam
1131 1699 1360 1757 duxerit,
1390 1694 1622 1746 nime/ta-

84 1804 333 1866 tur”;nec
360 1815 479 1853 eam
519 1796 720 1850 dimitti
758 1796 962 1856 sinens,
1009 1791 1168 1858 cujus
1216 1783 1512 1854 virginitati
1562 1783 1621 1833 li-

82 1911 174 1950 uent
203 1894 312 1963 quis
347 1889 636 1959 imposuit,
673 1903 774 1942 nec
821 1874 984 1939 aliain
1039 1883 1266 1951 insuper
1301 1879 1445 1932 duci.
1483 1875 1616 1928 Nam
1650 1860 1696 1915 Β
1725 1873 1844 1917 Illis.

84 1989 149 2053 qui
172 1985 344 2052 seipse
372 1983 547 2052 prima
576 1997 746 2034 uxore
778 1977 998 2048 spoliat,
1029 1972 1246 2028 etiamsi
1284 1980 1496 2023 mortua
1531 1967 1622 2030 sit,

85 2077 250 2130 ocrulta
282 2075 506 2143 quadam
537 2073 754 2126 ratione
787 2079 870 2125 est
899 2067 1147 2130 adulter;
1183 2075 1291 2118 tmn
1334 2061 1478 2131 quod
1513 2075 1627 2111 ma-

87 2184 180 2219 nuni
204 2167 283 2219 Dei
310 2164 748 2234 transgrediatur
779 2164 929 2231 (nam
963 2159 1120 2212 initio
1154 2155 1298 2209 Deus
1335 2169 1498 2206 unum
1527 2152 1626 2203 ho-

88 2260 240 2314 minem
270 2259 416 2311 finxit
443 2273 507 2310 ac
550 2273 711 2310 unam
748 2253 1078 2323 mulierem),
1108 2260 1220 2303 tttm
1265 2248 1408 2316 quod
1445 2243 1628 2297 carnis

88 2367 178 2402 cuin
202 2366 350 2402 carne
377 2348 822 2416 ronjunctionem
854 2344 1089 2414 quodam
1115 2340 1278 2394 veluti
1311 2327 1529 2391 vinculo
1561 2335 1627 2388 ad

88 2440 490 2494 commiscendum
544 2454 717 2508 genus
766 2436 1077 2505 colligatam
1123 2431 1458 2486 dissolvat...
1493 2428 1628 2482 Cum

93 2536 155 2587 liis
195 2533 394 2586 nimium
434 2532 693 2585 videntur
745 2543 1053 2598 congruere
1079 2541 1200 2594 quae
1224 2524 1363 2591 apud
1404 2521 1629 2573 Tertul-

93 2628 252 2678 lianutu
281 2624 528 2690 leguntur
576 2622 642 2675 de
688 2621 947 2675 secundis
976 2617 1200 2688 nuptiis.
1239 2614 1347 2667 llas
1380 2612 1632 2678 nuptiali-

93 2718 161 2766 bus
186 2725 226 2768 et
254 2714 500 2768 dotalibus
529 2715 578 2766 si
600 2713 737 2783 forte
762 2710 957 2763 tabulis
993 2726 1023 2761 α
1058 2707 1290 2760 mire/tia:
1317 2714 1366 2758 et
1398 2703 1633 2773 fornica-

92 2808 210 2859 tionis
231 2823 367 2876 opere
394 2807 632 2858 diversas
663 2819 782 2859 esse
814 2805 888 2857 ait
914 2802 986 2856 De
1010 2802 1164 2869 pud,
1192 2817 1240 2852 c.
1275 2799 1324 2851 l.
1363 2797 1429 2851 Ut
1462 2808 1635 2863 neque

93 2899 344 2965 repudium,
378 2900 448 2952 ita
505 2914 608 2951 nec
664 2894 1000 2950 matrimonii
1048 2907 1332 2945 numerum
1381 2889 1447 2942 ab
1479 2885 1635 2940 initio

94 2992 221 3045 fuisse
257 2993 495 3047 observat
523 2991 604 3043 De
634 3005 960 3058 monogam.,
993 3001 1113 3053 cap.
1143 2984 1196 3038 9.
1230 2981 1322 3036 Sic
1365 2979 1629 3046 loquitur,

96 3099 190 3151 cap.
216 3084 291 3138 14:
322 3103 340 3136 ι
372 3085 557 3151 Neque
579 3081 661 3136 lex
689 3080 911 3134 abstulit
937 3078 1220 3147 repudium
1243 3093 1255 3138 ;
1282 3073 1472 3127 habuit
1492 3069 1636 3139 quod

97 3176 320 3228 auferret:
352 3191 482 3228 nova
514 3173 801 3244 prophetia
853 3171 1150 3223 secundum
1202 3163 1633 3222 matrimt‘minm,
1665 3204 1705 3260 Ο

98 3283 177 3321 non
214 3268 372 3320 minus
419 3266 704 3335 repudium
741 3262 964 3331 prioris.
997 3279 1016 3311 ι

153 3359 200 3413 ll.
230 3358 324 3412 Sed
356 3369 534 3412 tamen
580 3357 624 3410 si
671 3354 1080 3409 consideremus
1126 3350 1327 3416 quibus
1366 3346 1636 3417 gradibus

103 3444 384 3500 lluiitanistze
411 3461 475 3500 eo
508 3445 885 3515 pervenerint,
921 3454 978 3496 ut
1012 3444 1079 3495 ab
1126 3441 1380 3494 omnibus
1413 3442 1638 3491 dainna-

105 3549 277 3606 rentur;
308 3556 399 3594 nec
421 3551 630 3609 aperta:
655 3537 869 3591 illorum
896 3535 1125 3589 hiercsis
1157 3532 1370 3588 alliuem
1407 3531 1640 3599 reperie-

106 3646 195 3685 tuus
223 3634 642 3700 Athenagoram;
695 3632 806 3682 imo
853 3641 918 3679 ne
962 3640 1150 3679 eorum
1193 3621 1411 3692 quidem
1463 3621 1639 3673 fauto-

107 3734 208 3784 τετυ,
228 3738 333 3792 quae
375 3723 424 3774 in
454 3717 771 3788 primordiis
801 3716 1133 3770 moderatius
1154 3712 1490 3765 sentiebant.
1520 3709 1636 3762 Non

106 3816 216 3868 enim
237 3815 406 3870 statim
438 3825 605 3884 atque
634 3812 836 3881 prodiit
869 3809 1180 3873 Montanus,
1209 3805 1414 3874 jejunia
1465 3805 1643 3858 instar

111 3904 211 3970 legis
243 3907 532 3975 imponere,
582 3903 767 3972 fugam
805 3901 860 3954 in
925 3897 1400 3969 persecutionibus
1431 3903 1640 3957 vetare,

111 3999 324 4052 secundas
351 4000 562 4068 nuptias
588 3993 841 4049 adulterii
878 3992 1019 4046 notis
1074 4006 1244 4044 ausus
1276 3998 1361 4042 est
1396 3988 1637 4040 inurere.

113 4086 212 4139 Rcui
236 4090 384 4143 multo
409 4089 666 4144 callidius
695 4084 1124 4139 administravit.
1161 4079 1374 4150 Jejunia
1408 4080 1517 4145 his,
1551 4081 1640 4148 qui

113 4179 226 4235 illuni
257 4182 574 4242 audiebant,
636 4181 702 4233 ad
749 4179 981 4246 alicujus
1030 4189 1211 4229 causa:
1256 4168 1640 4234 occasionem,

116 4287 196 4323 non
237 4275 320 4326 toti
363 4272 626 4327 Ecclesia:
654 4270 722 4323 ad
748 4277 1066 4338 perpetuam
1095 4279 1365 4318 annorum
1410 4263 1642 4315 redeun-

117 4365 216 4417 tium
254 4368 404 4420 vicem
450 4365 790 4435 imponebat.
823 4380 842 4414 ι
899 4360 1143 4429 Spiritus
1173 4366 1431 4419 sanctus,
1471 4355 1646 4423 inquit

119 4454 424 4512 Tertulliauus
458 4457 532 4510 De
551 4456 762 4524 jejun.,
807 4469 858 4508 c.
903 4451 983 4512 l5,
1016 4466 1138 4502 ctnn
1178 4450 1228 4502 in
1256 4445 1453 4517 quibus
1485 4445 1645 4498 vellet

3199 320 3304 372 190

1717 561 2028 618 testimonia
2061 553 2326 610 Montani,
2362 562 2483 617 qua:
2517 541 2957 599 exhortationem
2995 536 3204 590 habent
3239 533 3305 583 ad

1715 653 2059 724 martyrium,
2106 659 2161 702 at
2214 645 2396 710 fugam
2423 637 2647 692 minime
2677 632 3066 687 condemnant.
3092 626 3300 679 Secun-

1715 751 1812 802 das
1846 745 2064 812 nuptias
2106 739 2456 792 abstulerunt
2507 724 2872 787 Montanistte,
2919 736 3056 774 nova
3088 730 3220 770 sane
3254 724 3311 767 et

1718 837 1954 894 inaudita
1985 831 2238 892 audacia,
2268 826 2362 880 sed
2388 835 2573 877 tamen
2605 821 2657 873 in
2678 814 2994 888 primordiis
3020 813 3092 865 ita
3117 807 3304 870 madeo

1717 942 1855 992 rate,
1889 935 1950 980 ut
1980 939 2103 980 cum
2136 917 2373 991 digamis
2394 915 2452 968 in
2491 909 2734 965 Ecclesia
2765 904 3180 962 communicare
3195 915 3306 954 non

1717 1022 2054 1077 dubitarent.
2082 1012 2368 1082 Quomodo
2399 1008 2545 1064 enim
2579 1020 2639 1060 se
2679 1004 2780 1058 hac
2827 1005 2880 1056 iu
2912 1013 2972 1054 re
3006 995 3308 1068 gesserint.

1717 1112 1954 1179 spectari
1984 1118 2164 1180 potest
2190 1121 2255 1160 ex
2306 1117 2497 1157 eorum
2532 1100 2585 1152 in
2626 1096 2751 1150 aliis
2782 1094 2942 1147 rebus
2979 1085 3172 1159 agendi
3213 1099 3308 1137 ro-

1721 1209 1884 1261 tionc.
1929 1202 2127 1257 Nescio
2155 1215 2264 1268 quo
2315 1204 2476 1264 pacto
2519 1191 2736 1245 inducta
2787 1187 2966 1239 fuerat
3012 1184 3064 1234 in
3093 1179 3309 1246 aliquas

1720 1300 1998 1358 Ecclesias
2034 1313 2140 1349 non
2163 1302 2532 1349 consentanea
2567 1294 2838 1357 praecepto
2882 1277 3122 1350 Apostoli
3177 1289 3310 1329 con-

1722 1394 1974 1454 suetudo,
2018 1398 2077 1443 ut
2111 1387 2351 1456 virgines
2383 1384 2438 1436 in
2486 1379 2716 1434 ecclesia
2746 1375 2925 1430 velum
2963 1374 3305 1426 excuterem.

1729 1486 1978 1556 Virgines
2005 1480 2162 1536 novis
2194 1475 2494 1547 prophetiis
2522 1473 2753 1526 addicta:
2781 1468 2959 1522 velum
2993 1465 3307 1523 servarunt,

1726 1581 1820 1635 sed
1849 1591 2030 1632 tamen
2067 1574 2191 1628 aliis
2219 1570 2341 1624 velo
2373 1565 2692 1621 carentibus
2716 1567 2956 1616 molesta:
2982 1573 3088 1611 non
3112 1561 3306 1614 erant;

1725 1672 1896 1726 donec
1948 1670 2065 1722 ista:
2119 1665 2519 1732 impetrarunt,
2565 1665 2623 1709 ιιι
2670 1657 2775 1708 hoc
2805 1651 3124 1709 discrimen,
3167 1642 3312 1714 quod

1694 1774 1817 1819 “eas
1847 1760 2065 1821 urebat,
2097 1756 2403 1810 tolleretur.
2443 1749 2535 1804 Sic
2578 1763 2690 1800 rem
2741 1751 2966 1798 enarrat
3017 1736 3316 1792 Tertullia-

1882 1854 1977 1907 lib.
2017 1851 2092 1903 De
2117 1847 2214 1903 vel.
2246 1847 2404 1914 virg.,
2439 1858 2560 1910 cap.
2590 1840 2656 1892 ὃς
2694 1856 2712 1889 ι
2761 1832 3130 1889 Tolerabilius
3174 1830 3315 1899 apud

1730 1965 1828 2004 nos
1861 1959 2036 2014 usque
2065 1941 2315 2012 proxime
2346 1937 2569 2003 utrique
2607 1927 2985 1985 consuetudini
3011 1922 3320 1978 communi-

1730 2042 1980 2094 cabatur.
2011 2033 2260 2090 Arbitrio
2294 2029 2560 2098 permissa
2589 2040 2674 2078 res
2702 2031 2845 2086 erat,
2875 2030 2932 2074 ut
2961 2033 3192 2087 qumque
3223 2030 3321 2069 vo-

1730 2131 1923 2184 luisset
1947 2138 2041 2180 aut
2082 2125 2185 2196 tegi
2217 2133 2311 2176 aut
2339 2118 2616 2188 proSIitui,
2652 2115 2800 2169 sicut
2835 2121 2890 2166 ct
2915 2107 3319 2176 nuberezquod

1730 2235 1783 2277 et
1816 2223 1992 2293 ipsum
2020 2231 2195 2286 neque
2225 2213 2442 2283 cogitur
2470 2222 2644 2278 neque
2667 2203 3017 2276 prohibetur.
3044 2201 3318 2255 Contcuta

1731 2332 1852 2373 era.
1893 2312 2143 2367 veritatis
2178 2306 2383 2379 pacisci
2425 2319 2546 2358 cum
2583 2295 3002 2359 consuetudine,
3053 2303 3112 2346 nt
3155 2291 3322 2345 tacito

1733 2411 1832 2464 sub
1867 2401 2282 2462 consuetudinis
2310 2396 2530 2451 nomine
2553 2393 2830 2447 frueretur
2851 2404 2910 2442 se
2935 2387 3018 2440 vel
3043 2401 3106 2441 ex
3133 2393 3316 2455 parte,

1734 2501 1828 2555 sed
1863 2497 2120 2566 quoniam
2168 2497 2412 2559 cooperat
2443 2486 2649 2554 agnitio
2679 2479 2985 2552 proﬁcere,
3029 2487 3086 2530 ut
3119 2491 3213 2544 per
3253 2476 3322 2528 li-

1735 2589 1972 2645 centiam
2009 2585 2298 2650 utriusque
2337 2578 2506 2633 moris
2553 2573 2816 2629 imlicium
2873 2569 3118 2624 melioris
3151 2565 3324 2635 partis

1735 2689 2078 2751 emergeret;
2113 2676 2297 2730 statim
2347 2672 2436 2725 ille
2474 2667 2823 2721 adversarius
2864 2664 3156 2722 bonorum,
3185 2654 3321 2711 mul-

1739 2750 1906 2842 toque
1935 2769 2336 2828 institutorum,
2371 2763 2498 2818 fecit
2525 2777 2662 2832 opus
2691 2773 2872 2814 suum.
2916 2754 3180 2810 Ambiunl
3211 2750 3327 2805 vit-

1738 2869 1892 2936 gines
1927 2864 2205 2918 hominum
2237 2863 2504 2912 adversus
2534 2854 2776 2923 virgines
2813 2849 2936 2911 Dei,
2977 2848 3116 2901 nuda
3167 2843 3328 2915 plane

1741 2959 1920 3012 fronte
1962 2959 2015 3011 in
2045 2952 2399 3010 temerariam
2446 2947 2734 3001 audaciam
2769 2943 3112 2998 excitata...
3152 2941 3302 2994 Seau

1742 3051 2063 3113 dalizamur,
2102 3045 2390 3114 inquiunt,
2429 3040 2554 3108 quia
2586 3038 2746 3090 aliter
2775 3035 2897 3089 alia:
2944 3033 3277 3088 incedunt...

1742 3145 1850 3199 Cur
1886 3157 1989 3195 non
2035 3140 2206 3208 magis
2249 3138 2331 3190 lue
2386 3140 2686 3202 querantur
2733 3127 2993 3182 seandalo
3044 3124 3144 3178 sibi
3202 3137 3329 3176 esse

1742 3233 2132 3306 petm‘antiam,
2213 3226 2605 3297 impudentiam
2676 3218 3031 3277 ostentatitiae
3102 3214 3329 3284 virgini-

1743 3327 1898 3382 tatis?
1932 3345 1951 3378 ι

1810 3421 1976 3475 Suam
2023 3417 2344 3471 Montanum
2390 3410 2643 3464 lueresim
2694 3407 2746 3460 in
2792 3402 3110 3474 primordiis
3147 3399 3334 3471 aliqua

1742 3513 1983 3566 lenitatis
2025 3511 2152 3563 fuco
2201 3504 2600 3564 dissimulasse,
2633 3499 2762 3553 illud
2792 3498 2958 3550 etiam
3002 3501 3337 3563 argumento

1740 3617 1846 3664 est,
1885 3605 2029 3670 quod
2063 3605 2128 3654 de
2156 3600 2273 3670 ejus
2299 3592 2603 3666 prophetiis
2629 3590 2796 3643 varia:
2841 3602 2906 3640 ac
2947 3587 3336 3650 discrepantes

1745 3699 1899 3752 fuere
1941 3694 2353 3750 Catholicorum
2401 3685 2712 3742 sententiae.
2759 3678 2894 3732 Nam
2941 3688 2997 3730 ut
3057 3674 3334 3744 propheta.

1744 3805 1942 3844 muntts
1974 3803 2038 3840 ac
2071 3798 2265 3838 nomen
2295 3780 2398 3834 sibi
2426 3790 2684 3844 arrogare
2713 3773 2914 3842 etrapit,
2961 3768 3115 3822 nntlti
3153 3767 3338 3828 illum»,

1747 3892 1880 3937 teste
1907 3879 2140 3934 Eusebio
2156 3875 2221 3940 ³³,
2241 3870 2508 3941 ejusmodi
2534 3870 2694 3922 donis
2717 3874 2976 3920 ornatum
2999 3875 3121 3915 esse
3153 3856 3336 3910 credi-

1745 3980 1968 4040 derunt,
1997 3989 2117 4043 qua:
2145 3981 2272 4023 tunc
2308 3982 2433 4020 rara
2461 3965 2513 4016 in
2539 3960 2782 4015 Ecclesia
2827 3951 2932 4010 non
2970 3965 3146 4008 erant.
3188 3951 3257 4003 At
3287 3948 3338 4002 si

1745 4072 1928 4127 statim
1953 4082 2018 4122 ea
2052 4063 2372 4125 ventuisset,
2405 4073 2527 4128 qua:
2560 4064 2746 4124 postea
2772 4049 2968 4104 ell‘ntiit
2989 4088 3001 4109 ,
3038 4045 3181 4098 nulla
3213 4057 3338 4096 esse

1748 4164 2016 4236 potuisset
2069 4162 2212 4214 inter
2254 4155 2571 4211 Catholitos
2616 4147 2923 4217 ambigendi
2981 4144 3142 4196 ratio.
3184 4139 3338 4194 illius

1750 4253 2088 4312 anathemati
2123 4265 2332 4304 moram
2357 4262 2463 4300 non
2489 4242 2799 4297 attulissent
2830 4249 3110 4296 exstases,
3141 4234 3184 4286 si
3214 4245 3338 4286 sese

1748 4347 2008 4416 aperiens
2033 4342 2220 4398 statim
2249 4340 2500 4404 dixisset,
2535 4336 2586 4390 id
2619 4333 2764 4404 quod
2795 4331 2862 4384 ab
2894 4343 2962 4382 eo
2993 4335 3085 4378 aut
3117 4323 3185 4376 ab
3221 4323 3340 4388 ejus

1753 4438 2076 4492 mulieribus
2124 4435 2334 4488 dictum
2384 4429 2552 4483 refert
2595 4423 2966 4480 'l'ertullianus
3015 4416 3089 4470 De
3132 4413 3336 4484 pudic.,

120 4549 243 4603 terris
269 4561 314 4604 et
341 4567 433 4620 per
455 4564 597 4619 quos
631 4546 794 4601 vellet
824 4545 1170 4614 praedicaret,
1200 4555 1264 4593 ex
1299 4537 1636 4606 providentia
1674 4550 1714 4603 ι)
1749 4548 1870 4601 cap.
1893 4530 1956 4582 2|
1991 4546 2005 4582 :
2035 4545 2054 4577 ι
2083 4526 2267 4581 Potest
2293 4521 2534 4577 Ecclesia
2563 4519 2767 4572 donare
2793 4514 3083 4575 delictum;
3115 4509 3207 4563 sed
3231 4521 3340 4560 non

121 4637 458 4696 imminentium
486 4683 502 4707 ,
535 4641 652 4695 sive
702 4636 1200 4692 ecclesiasticarum
1253 4631 1643 4696 tentationum,

122 4733 206 4787 sive
230 4737 566 4792 mundialium
597 4733 900 4803 plagarum,
937 4745 1044 4798 qua
1088 4725 1434 4790 Paracletus,
1483 4723 1534 4777 id
1565 4732 1648 4776 est

125 4826 380 4892 advocatus,
425 4827 489 4880 ad
529 4817 1154 4886 exorandumjudicem,
1190 4814 1499 4883 hnjusmodi
1538 4814 1648 4868 olli-

125 4915 284 4969 ciorum
313 4918 542 4973 remedia
580 4914 891 4970 mandabat.
921 4910 1052 4964 Puta
1083 4924 1249 4972 nunc,
1289 4907 1356 4959 ad
1385 4921 1650 4959 cxerccuo

127 5008 217 5061 datu
246 5010 538 5064 sobrietatis
576 5018 634 5063 et
682 5005 1033 5060 abstinentia:
1083 4999 1455 5068 disciplinam,
1501 4997 1649 5051 hunc

127 5099 194 5167 qui
224 5104 508 5171 recipimus,
559 5098 876 5156 necessario
922 5098 1087 5151 etiam
1129 5111 1250 5165 qua:
1283 5103 1413 5147 tunc
1445 5091 1654 5147 consu-

132 5192 209 5247 luit
227 5197 585 5251 observamus.
620 5215 638 5247 ι
672 5194 860 5263 Neque
899 5191 1062 5244 etiam
1102 5190 1282 5260 fugam
1329 5188 1552 5242 omnino
1598 5187 1650 5239 in

132 5291 542 5350 persecutionibus
602 5287 918 5343 damnabat.
974 5285 1229 5338 Testatur
1285 5279 1654 5335 Tertullianus

133 5392 224 5433 euut
263 5385 523 5438 hortatum
557 5397 679 5438 esse
721 5383 790 5436 ad
842 5378 1203 5448 martyrium;
1255 5375 1436 5443 fugam
1488 5373 1555 5427 ab
1587 5386 1655 5426 eo

137 5476 304 5537 penitus
335 5476 662 5545 prohibitam
709 5474 893 5528 dicere
947 5487 1054 5545 non
1103 5469 1288 5523 audet.
1329 5487 1346 5518 ι
1387 5465 1654 5534 Spiritum

139 5581 232 5619 vero
260 5570 298 5621 si
327 5571 592 5635 consulas,
635 5568 764 5638 quid
792 5569 961 5637 magis
993 5575 1251 5618 sermone
1294 5560 1387 5615 illo
1427 5558 1661 5627 Spiritus

139 5662 538 5724 probat?0mnes
586 5678 723 5732 pene
769 5666 836 5715 ad
891 5659 1216 5729 martyrium
1253 5655 1595 5712 exhortatur.
1639 5669 1657 5703 ι

193 5819 226 5849 ³⁵
249 5820 417 5879 Matth.
453 5839 566 5892 χιιι,
597 5823 650 5879 9.
728 5822 771 5853 ³³
801 5818 968 5887 llist.,
1001 5833 1050 5884 v,
1085 5816 1138 5872 5.

1753 4624 1948 4678 faciam
1981 4634 2047 4672 ne
2071 4627 2126 4671 et
2151 4618 2254 4669 alia
2281 4614 2612 4682 delinquant.
2648 4627 2666 4660 ι

1829 4712 1915 4769 Ill.
1946 4713 2136 4783 Operae
2159 4690 2395 4778 pretium
2421 4714 2505 4759 est
2530 4703 2823 4755 observare
2854 4696 3053 4750 multos
3077 4708 3250 4747 annos
3275 4692 3344 4745 ab

1762 4807 1925 4864 initio
1951 4814 2115 4860 secta:
2146 4800 2441 4861 efﬂuxisse,
2475 4809 2768 4864 antequam
2805 4801 2901 4844 aut
2936 4789 3154 4843 tolerari
3200 4783 3346 4838 desi-

1762 4911 1956 4957 nerent
1993 4895 2371 4959 Montanistm,
2416 4899 2512 4943 aut
2554 4903 2613 4942 se
2660 4885 2804 4939 ultro
2838 4883 2906 4936 ab
2949 4880 3205 4934 tiuuiibus
3242 4878 3345 4930 Ec-

1763 4993 1944 5047 clesiis
1973 4989 2374 5044 abscinderent.
2411 4985 2563 5035 Auno
2604 4977 2726 5040 177,
2763 4978 2813 5030 id
2850 4983 2952 5037 est,
2991 4988 3084 5026 scx
3122 4972 3280 5024 annis
3313 4983 3344 5019 a

1752 5095 1914 5142 secta:
1947 5080 2270 5152 primordio,
2304 5075 2648 5130 confcssores
2681 5069 3070 5137 Lugdunenses
3092 5074 3140 5118 et
3179 5059 3347 5114 Vien-

1742 5177 1972 5244 'neuses,
2010 5175 2094 5229 vel
2123 5193 2152 5226 ει
2184 5170 2445 5226 fratribus
2477 5167 2617 5220 Asia:
2653 5175 2707 5218 et
2739 5160 2986 5231 Phrygia:
3009 5155 3240 5213 consulti
3277 5152 3345 5205 de

1755 5275 1857 5326 hac
1895 5267 2256 5330 dissensione,
2291 5262 2373 5314 vel
2409 5259 2680 5314 charitale
2715 5254 2933 5325 propria
2966 5246 3199 5309 incitati,
3222 5259 3348 5309 par-

1756 5367 1849 5418 tim
1880 5365 1949 5418 ad
1979 5363 2170 5430 fratres
2214 5357 2269 5410 in
2308 5354 2436 5408 Asia
2484 5363 2529 5406 et
2577 5348 2809 5417 Phrygia
2853 5347 3127 5411 degentes,
3172 5335 3346 5404 inquit

1733 5444 1738 5449 ’
1767 5459 2055 5521 Eusebius,
2087 5453 2254 5516 Ηὶδι.,
2284 5451 2381 5504 lib.
2415 5463 2469 5514 v,
2497 5464 2546 5500 c.
2579 5445 2634 5507 ’5,
2671 5443 2860 5510 partim
2905 5437 2971 5490 ad
3008 5431 3350 5486 Eleutherum

1771 5551 2024 5606 Romana:
2065 5546 2208 5600 urbis
2239 5543 2537 5612 episcopum
2568 5536 2907 5601 scripserant,
2956 5540 3048 5596 pro
3087 5538 3217 5591 pace
3242 5517 3350 5571 Ec-

1773 5646 2052 5701 clesiarum
2111 5638 2265 5712 quasi
2325 5634 2586 5707 legatione
2637 5629 2926 5698 fungentes.
2989 5616 3202 5672 Nullum
3265 5615 3354 5668 hit:

3197 5700 3340 5778 Ἀ
