3764 6512
398 317 493 374 191

1304 320 1365 377 8.
1402 321 1736 379 JUSTINUS
1766 320 2248 380 PHILOSOPHUS
2280 322 2367 377 ET
2401 321 2712 378 MARTYB.
3563 320 3653 372 ω’

399 434 663 501 κιιῖεηὶδν
699 439 792 492 sed
822 438 1116 494 vehemens
1152 438 1463 507 dissensio,
1517 442 1671 511 cuius
1721 444 1975 500 sedandae
2004 452 2050 508 Α
2079 442 2340 498 ecclesias
2380 452 2436 498 et
2467 441 2642 497 eidem
2679 441 2990 497 auctoritati
3026 440 3308 512 paruisse;
3357 452 3485 493 cum
3542 435 3656 488 alme

398 541 524 598 spes
552 527 859 596 affulgebat'.

471 619 658 675 Trium
690 620 1063 676 Romanorum
1098 623 1412 695 pontificum
1452 626 1884 681 communionem
1920 638 1976 681 et

403 711 854 780 approbationem
902 714 1004 767 sibi
1047 715 1342 769 conciliare
1375 716 1553 769 conati
1598 726 1725 770 sunt
1764 716 1972 769 Monta-

402 805 577 867 nistaa,
611 804 708 858 sed
735 820 955 873 operam
992 807 1257 864 luserunt.
1304 806 1438 861 Rem
1479 809 1741 863 discimus
1789 826 1854 865 ex
1892 810 1976 864 his

402 893 722 948 Tertulliani
761 894 938 949 verbis
963 906 1146 949 contra
1172 894 1366 960 Pra.r.,
1388 912 1438 952 c.
1468 898 1490 952 l
1531 917 1545 953 :
1578 916 1597 950 ι
1641 897 1783 953 Idem
1818 898 1971 967 (l’ra-

402 990 555 1054 xeas)
594 996 720 1039 tunc
751 990 1061 1055 episcopum
1113 987 1415 1042 Romanum
1449 1000 1833 1056 agnoscentem
1860 990 1974 1058 jam

403 1077 715 1144 prophetias
764 1076 1035 1142 Montani,
1084 1077 1302 1143 Priscae,
1351 1079 1684 1147 Maximillm,
1720 1093 1775 1136 et
1807 1098 1873 1138 ev
1911 1099 1971 1137 ea

403 1168 678 1237 agnitione
706 1183 897 1237 pacem
933 1169 1190 1225 Ecclesiis
1224 1172 1371 1225 Asiae
1392 1181 1446 1226 et
1470 1172 1714 1244 Phrygiae
1738 1175 1977 1230 inferen-

406 1268 534 1322 tem,
571 1259 703 1314 falsa
728 1261 793 1315 de
819 1261 953 1330 ipsis
984 1263 1261 1330 prophetis
1290 1274 1341 1317 et
1381 1263 1637 1320 Ecclesiis
1666 1282 1854 1320 eorum
1888 1283 1976 1321 as-

402 1351 744 1413 severaudo,
796 1362 850 1405 et
896 1366 1288 1421 praecessorqu
1332 1352 1449 1420 ejus
1495 1357 1849 1410 auctoritates
1883 1358 1977 1411 de-

403 1439 694 1506 fendendo,
741 1445 918 1511 coegit
968 1453 1023 1498 et
1081 1446 1293 1501 litteras
1348 1448 1499 1515 pacis
1556 1464 1815 1505 revocare
1867 1450 1973 1519 iam

401 1534 627 1588 emissas
649 1572 665 1599 ,
700 1545 754 1589 et
790 1551 820 1590 a
858 1536 1138 1606 pr0posito
1192 1540 1622 1608 recipiendorum
1672 1540 1977 1596 charisma-

408 1634 520 1680 tum
572 1643 913 1685 concessare.
971 1650 991 1683 ι
1034 1631 1200 1702 llujns
1255 1632 1559 1701 pontiticis,
1612 1634 1705 1703 qui
1762 1648 1898 1702 pene
1944 1649 1973 1688 a

406 1714 1028 1788 lloutanistisdeceptus
1060 1721 1180 1783 fuit,
1213 1736 1574 1791 praecessores
1612 1723 1830 1775 iudicati
1873 1723 1975 1777 hoc

402 1808 527 1864 loco
560 1809 648 1864 alii
704 1826 826 1865 esse
872 1828 977 1866 non
1026 1824 1282 1882 possunt,
1314 1830 1476 1883 quam
1530 1817 1687 1867 Soter
1721 1816 1822 1867 sub
1867 1831 1974 1883 quo
2008 1841 2049 1894 Β

402 1911 551 1956 secta
590 1903 824 1971 prodiit,
876 1912 932 1957 et
975 1905 1296 1966 Eleutherus
1335 1907 1422 1960 cui
1476 1907 1663 1959 Victor
1707 1910 1979 1962 successit

403 2007 547 2048 anno
578 1994 702 2049 I92.
738 1994 924 2064 Itaque
964 1997 1181 2052 Victore
1216 1999 1515 2054 Ecclesium
1552 2002 1854 2056 Romanam
1892 2015 1979 2056 re-

404 2094 563 2152 gente
593 2095 685 2138 aut
718 2086 912 2142 saltem
952 2087 1003 2140 in
1040 2088 1355 2157 primordiis
1414 2092 1558 2147 illius
1602 2094 1973 2161 pontificatus,

404 2176 459 2231 id
498 2188 581 2233 est
629 2181 789 2235 annis
820 2181 1007 2251 viginti
1042 2193 1095 2238 et
1142 2184 1371 2253 amplius
1424 2195 1545 2255 post
1593 2186 1830 2241 Montani
1867 2188 1976 2257 pri-

402 2268 635 2332 mordia,
679 2272 916 2325 nondum
959 2270 1296 2337 Montanista:
1328 2274 1397 2329 ab
1436 2276 1679 2331 Ecclesia
1716 2279 1979 2336 discesseo

403 2369 549 2425 rant,
590 2362 829 2417 nondum
884 2365 953 2420 ab
1004 2380 1067 2419 ea
1120 2377 1280 2420 erant
1312 2368 1495 2432 eiecti.
1536 2369 1842 2427 Verisimile
1893 2382 1980 2428 est

403 2449 654 2508 homines
701 2457 969 2523 superbos
1015 2458 1282 2525 repulsam
1320 2459 1457 2513 hanc
1504 2478 1608 2514 non
1653 2463 1840 2517 tulisse
1884 2480 1977 2533 pa-

402 2542 631 2610 tienter;
689 2546 783 2599 sed
853 2558 1031 2599 tamen
1085 2546 1267 2615 plures
1321 2550 1450 2605 anui
1498 2551 1567 2606 ab
1618 2553 1720 2607 hoc
1778 2565 1977 2610 eventu

402 2634 767 2701 elliuxerunt,
822 2648 1113 2707 antequam
1167 2642 1405 2696 schisma
1459 2620 1638 2713 palam
1684 2655 1738 2700 et
1790 2656 1978 2717 aperte

402 2736 733 2797 erumperet.
773 2727 904 2783 Nam
939 2728 1327 2797 ’l‘ertullianus,
1362 2747 1522 2801 quem
1559 2734 1859 2789 verisimile
1893 2747 1980 2792 est

405 2820 610 2885 Romam,
653 2837 776 2876 cum
815 2823 930 2877 haec
980 2834 1295 2892 agerentur,
1333 2825 1526 2889 fuisse,
1583 2827 1635 2881 in
1693 2830 1795 2883 hac
1845 2831 1978 2886 urbe

405 2911 732 2969 Iontanista
781 2914 954 2967 factus
1005 2926 1122 2978 est,
1172 2916 1215 2969 si
1261 2932 1379 2970 eam
1431 2918 1760 2990 Hieronymo
1815 2919 1974 2975 fidem

406 3006 685 3068 habemus,
713 3021 831 3074 qua:
855 3007 928 3061 illi
956 3010 1054 3061 hac
1086 3009 1139 3061 in
1174 3025 1228 3063 re
1253 3025 1359 3062 ιιοιι
1397 3011 1609 3065 videtur
1640 3013 1974 3082 deneganda.

403 3094 453 3148 ls
484 3097 628 3149 enim
667 3096 719 3149 in
761 3098 900 3151 libro
936 3098 1008 3151 De
1033 3100 1216 3168 script.
1248 3102 1432 3154 ccc/es.
1463 3113 1650 3155 narrat
1683 3102 1975 3159 Tertullia-

404 3207 531 3244 num
563 3192 763 3245 invidia
789 3202 836 3245 et
862 3195 1194 3248 contumeliis
1226 3198 1541 3250 clericorum
1583 3196 1836 3251 Ecclesia:
1871 3195 1977 3252 Ro-

2152 3186 2332 3256 llaque
2367 3186 2493 3248 isti,
2528 3185 2702 3253 inquit
2729 3184 2790 3245 “.

404 3301 578 3338 mana:
602 3287 670 3337 ad
695 3284 933 3340 Montani
956 3288 1149 3356 dogma
1176 3290 1472 3359 delapsum.
1507 3290 1684 3343 ltetliit
1710 3302 1887 3345 tamen
1922 3292 1974 3346 in

401 3371 645 3427 Africam
703 3376 941 3431 nondum
997 3378 1435 3434 schismaticus:
1494 3395 1617 3433 nam
1678 3380 1978 3437 Catholicis

403 3466 699 3533 permistus
744 3476 895 3533 erat,
942 3470 1115 3538 iisque
1154 3472 1506 3528 audientibus
1542 3471 1837 3535 Praxeam,
1885 3473 1979 3542 qui

401 3572 471 3612 ex
503 3556 651 3614 Italia
682 3560 736 3615 in
759 3560 1002 3617 Africam
1035 3573 1288 3628 venerat,
1330 3564 1511 3633 ibique
1545 3581 1790 3621 errorem
1821 3582 1975 3621 suum

402 3653 719 3721 spargebat,
754 3652 919 3724 fregit
951 3662 1006 3709 et
1038 3657 1300 3720 convicit,
1329 3668 1493 3727 atque
1523 3657 1774 3713 haeresim
1800 3659 1981 3728 coegit

402 3743 657 3809 ejurare;
728 3755 836 3800 tum
882 3747 1098 3802 demunt
1146 3748 1385 3804 scbisma
1418 3750 1734 3805 conflatum.
1787 3749 1977 3805 Totam

403 3850 517 3890 rem
551 3837 634 3891 sic
668 3836 784 3907 ipse
815 3847 1025 3903 narrat,
1057 3855 1181 3909 cap.
1218 3841 1244 3894 1
1287 3842 1342 3895 in
1370 3840 1573 3897 Prax.:
1608 3861 1626 3892 ι
1662 3841 1981 3898 Fruticave-

406 3934 529 3979 rant
553 3941 737 3981 avena:
768 3926 1062 3985 Praxeanze
1088 3969 1103 3993 ,
1139 3931 1226 3986 hic
1260 3946 1475 4000 quoque
1509 3933 1979 4001 superseminatae,

402 4016 806 4073 dormientibus
831 4019 1020 4074 multis
1067 4019 1121 4074 itt
1154 4022 1507 4090 simplicitate
1535 4022 1833 4088 doctrinae;
1873 4032 1982 4076 tra-

404 4110 580 4164 ducta:
621 4111 820 4165 dehinc
864 4126 964 4179 per
983 4126 1145 4181 quem
1189 4113 1332 4168 Deus
1354 4113 1547 4177 voluit,
1583 4114 1753 4169 etiam
1782 4114 1982 4169 avulsae

404 4200 752 4255 videbantur.
805 4202 1046 4273 Denique
1085 4214 1307 4259 caverat
1358 4204 1648 4275 pristinum
1691 4204 1882 4260 doctor
1916 4207 1982 4260 de

402 4294 784 4349 emendatione
830 4309 976 4349 sua:
1022 4306 1080 4352 et
1132 4304 1316 4350 manet
1364 4296 1788 4365 chirographum
1842 4298 1981 4366 apud

404 4387 721 4457 psychicos,
763 4388 906 4456 apud
946 4403 1086 4459 quos
1121 4398 1248 4443 tunc
1291 4399 1442 4460 gesta
1490 4403 1579 4443 res
1612 4400 1695 4444 est
1736 4407 1749 4443 :
1784 4390 1984 4444 exinde

403 4476 701 4531 silentium.
740 4478 807 4532 Et
847 4494 946 4533 nos
978 4479 1198 4549 quidem
1232 4489 1419 4549 postea
1456 4481 1663 4550 agnitio
1713 4479 1979 4536 Paraclcti

403 4576 457 4619 et
488 4568 734 4623 defensio
778 4570 1041 4641 disjunxit
1088 4587 1116 4624 a
1170 4571 1464 4643 psychicis.
1514 4593 1533 4625 ι
1586 4572 1855 4628 Accurata
1899 4585 1983 4628 est

403 4656 725 4713 Tertulliani
782 4662 920 4715 ratio
962 4661 1258 4730 loquendi:
1293 4679 1398 4718 non
1435 4663 1583 4718 illum
1628 4665 1740 4720 sola
1772 4666 1981 4735 agnitio

406 4751 531 4808 falsi
563 4753 873 4822 Paracleti,
924 4757 1023 4812 sed
1067 4757 1301 4811 maxime
1355 4758 1600 4813 defensio
1639 4758 1901 4826 disjunxit
1948 4776 1977 4811 a

403 4844 728 4924 Catltolicis‘
756 4847 1021 4903 Nimirum
1058 4858 1358 4919 agnoverat
1386 4859 1679 4919 antequam
1709 4852 1977 4905 schisma-

404 4938 512 4993 tice
543 4939 878 4997 defenderet.

472 5031 563 5086 IV.
600 5029 994 5087 Tertullianum
1042 5047 1149 5090 non
1192 5036 1374 5090 statim
1424 5050 1488 5090 ac
1535 5032 1863 5089 Montanista
1901 5035 1982 5087 fa-

402 5131 526 5180 ctus
556 5132 659 5189 est,
688 5123 756 5178 ab
789 5123 1045 5179 Ecclesia:
1072 5126 1453 5180 communione
1483 5126 1759 5181 exteriore
1780 5125 1985 5180 disces-

402 5217 543 5274 sisse
576 5218 731 5270 testis
767 5226 853 5268 est
888 5216 1020 5270 liber
1055 5216 1130 5270 De
1167 5216 1399 5271 vetandis
1439 5218 1728 5287 virginibus
1758 5255 1775 5282 ,
1826 5216 1985 5285 cujus

403 5306 682 5365 scribendi
716 5308 955 5371 occasio,
992 5318 1053 5361 ut
1079 5306 1190 5377 jam
1222 5306 1479 5373 vidimus,
1515 5308 1723 5362 exstitit
1750 5318 1872 5363 orta
1903 5309 1991 5364 in-

404 5413 489 5461 ter
519 5396 973 5453 Montamstarum
1006 5405 1063 5453 et
1093 5396 1498 5453 Catholicorum
1530 5398 1769 5468 virgines
1809 5399 1865 5453 in
1894 5399 1993 5453 iis-

402 5489 524 5543 dem
559 5488 812 5545 ecclesiis
855 5496 913 5543 et
954 5489 1057 5544 sub
1100 5487 1294 5545 iisdem
1347 5490 1659 5558 pastoribus
1690 5491 1988 5549 dissensio.

405 5584 639 5641 Necesse
684 5593 768 5641 est
804 5584 952 5643 enim
999 5594 1258 5656 utrasque
1296 5584 1349 5643 iu
1395 5587 1618 5645 easdem
1664 5588 1986 5646 convenisse

374 5828 388 5841 .
482 5742 677 5816 "Cap.
712 5745 799 5801 t2.

2078 550 2185 590 non
2212 534 2545 598 velarentur,
2574 533 2695 587 alia:
2725 533 2904 587 socias
2928 548 3054 587 suas
3090 531 3261 585 velari
3290 528 3529 584 moleste
3556 523 3655 579 fer-

2079 634 2219 689 rent,
2253 634 2307 679 et
2341 626 2546 680 idcirco
2571 626 2712 695 apud
2745 625 2968 694 eos,qni
3001 623 3330 678 auctoritate
3351 628 3655 691 praeerant,

2076 728 2300 786 agerent
2329 728 2387 772 ut
2423 718 2595 772 velum
2628 718 3030 772 detraheretur.
3070 716 3203 771 Tota
3242 730 3327 769 res
3362 715 3418 769 in
3466 712 3656 767 Eccle-

2078 808 2155 860 sia
2189 809 2452 878 agebatur
2477 846 2491 871 ,
2530 821 2627 860 nec
2664 806 2791 860 dum
2827 807 2894 860 ab
2938 822 2999 861 ea
3050 804 3415 859 Tertulliauus
3445 804 3655 858 disces-

2079 908 2246 953 serat.
2274 916 2293 950 ι
2324 899 2476 968 Apud
2504 914 2601 951 nos
2629 913 2801 967 usque
2833 896 3079 967 proxime
3102 897 3320 965 utrique
3357 906 3657 951 consuetu-

2078 989 2189 1043 diui
2227 989 2754 1043 communicabatur.
2813 1006 2834 1041 ι
2887 987 3192 1054 Quinetiam
3247 988 3298 1043 in
3351 986 3456 1042 hoc
3516 986 3655 1041 libro

2076 1080 2297 1150 opponit
2326 1080 2655 1136 adversariis
2689 1080 2803 1135 suis
2837 1090 3052 1136 exteras
3081 1081 3380 1146 ecclesias,
3424 1079 3657 1149 quibus-

2077 1186 2199 1224 cum
2245 1179 2301 1225 et
2337 1186 2397 1226 se
2428 1180 2482 1225 et
2528 1172 2875 1226 adversarios
2910 1173 3292 1227 communione
3332 1170 3656 1238 coniunctos

2077 1276 2199 1316 esse
2235 1261 2493 1315 declarat.
2545 1282 2565 1313 ι
2624 1262 2738 1316 Non
2789 1278 3107 1334 possumus,
3159 1264 3363 1332 inquit,
3417 1278 3543 1330 cap.
3586 1262 3651 1327 9.,

2082 1363 2339 1417 respuere
2367 1355 2835 1417 causuetudincm,
2859 1368 3022 1423 quam
3041 1353 3300 1407 damnare
3331 1369 3437 1406 non
3464 1368 3655 1422 possu-

2080 1460 2219 1509 mus,
2248 1454 2433 1514 utpote
2452 1455 2919 1512 nouextraneam,
2948 1447 3071 1515 quia
3103 1461 3207 1499 nou
3243 1455 3654 1505 extraneorum,

2076 1547 2202 1588 cum
2254 1534 2454 1603 quibus
2496 1535 2703 1591 scilicet
2751 1538 3226 1590 communit-amus
3266 1535 3356 1603 jus
3407 1536 3562 1604 pacis
3608 1545 3658 1588 et

2079 1641 2273 1679 nomen
2310 1626 2695 1683 fraternitatis.
2735 1627 2852 1682 Una
2888 1630 3047 1684 nobis
3075 1641 3127 1683 et
3172 1629 3275 1683 illis
3307 1629 3478 1693 lidcs,
3517 1641 3657 1682 unus

2080 1720 2241 1784 Deus,
2296 1738 2434 1775 unus
2480 1721 2756 1787 Christus,
2804 1723 2994 1778 eadem
3029 1738 3173 1791 spes,
3215 1725 3406 1779 eadem
3451 1723 3654 1778 lavacri

2080 1822 2443 1865 sacramenta.
2475 1812 2655 1867 Semel
2687 1814 2917 1867 dixerint
2960 1829 3067 1866 una
3105 1812 3347 1867 Ecclesia
3385 1829 3600 1867 smnus.
3635 1833 3653 1866 ι

2081 1899 2252 1966 Quam
2281 1902 2568 1956 dissimilia
2597 1904 2711 1959 lucc
2732 1914 2858 1958 sunt
2892 1903 3074 1973 impiis
3102 1913 3157 1958 et
3196 1904 3506 1959 inhonestis
3533 1919 3655 1958 con-

2081 1993 2257 2059 viciis,
2287 2010 2410 2063 quae
2442 2004 2631 2065 postea
2671 1994 3044 2050 Tertulliauus
3088 2011 3187 2050 nec
3224 1997 3442 2051 modum
3488 1996 3656 2050 ullum

2081 2103 2180 2142 nec
2212 2088 2503 2142 consilium
2539 2088 2782 2143 retinens
2815 2090 2866 2141 in
2901 2088 3199 2143 Ecclesium
3233 2087 3423 2143 effudit
3453 2107 3468 2140 :
3515 2088 3659 2143 velut

2079 2193 2203 2233 cum
2232 2179 2307 2233 ait
2340 2180 2390 2233 in
2422 2179 2562 2233 libro
2602 2178 2677 2231 De
2706 2180 2999 2247 pudicitia,
3033 2194 3153 2249 cap.
3198 2180 3261 2233 ις
3296 2197 3313 2231 ι
3349 2178 3463 2232 Erit
3494 2180 3657 2247 igitur

2079 2281 2134 2325 et
2174 2272 2261 2325 hic
2297 2272 2557 2327 adversus
2604 2272 2897 2342 psychicos
2948 2271 3166 2335 titulus,
3210 2272 3479 2325 adversus
3527 2287 3657 2325 tneze

2074 2368 2294 2433 quoque
2316 2365 2599 2419 sententiae
2630 2373 2775 2418 retro
2809 2379 2974 2434 penes
3004 2363 3127 2417 illos
3166 2363 3489 2416 societatem
3510 2406 3526 2429 ,
3554 2377 3657 2431 quo

2081 2457 2250 2523 magis
2284 2457 2381 2510 hoc
2421 2456 2549 2510 mihi
2588 2456 2640 2510 in
2677 2464 2857 2510 notam
2912 2452 3147 2509 levitatis
3184 2452 3475 2522 objectcnt.
3515 2452 3658 2506 Nun-

2078 2562 2240 2617 quam
2273 2547 2554 2601 societatis
2595 2547 2879 2616 repudium
2911 2545 3089 2600 delicti
3127 2543 3508 2615 prtejudicium
3555 2554 3655 2607 est,

2077 2638 2233 2707 quasi
2269 2654 2375 2691 non
2408 2636 2618 2690 facilius
2642 2637 2715 2691 sit
2741 2650 2928 2690 errare
2960 2651 3083 2689 cum
3128 2634 3396 2705 pluribus,
3436 2633 3658 2703 quando

2080 2729 2283 2782 veritas
2317 2744 2438 2782 cum
2484 2728 2675 2798 paucis
2708 2736 2942 2780 ametur.
2977 2745 2995 2778 ι
3040 2726 3380 2796 Scripturam
3416 2723 3660 2778 Pastoris

2079 2826 2174 2886 ait,
2205 2838 2324 2892 cap.
2357 2821 2442 2885 ll,
2472 2823 2613 2875 inter
2645 2820 2957 2890 apocrypha
2995 2819 3219 2884 referri,
3248 2820 3310 2871 ab
3347 2819 3497 2872 omni
3534 2834 3655 2871 con--

2079 2916 2199 2970 cilia
2231 2913 2589 2967 Ecclesiarum
2619 2912 2779 2963 etiam
2818 2922 3139 2971 vestrarum,
3170 2909 3379 2978 inquit,
3408 2908 3657 2963 Catholi-

2081 3022 2173 3061 cos
2211 3006 2509 3071 alloquens.
2571 3001 2743 3072 Negat
2803 3001 3101 3057 Catholicis
3158 3001 3338 3056 inesse
3392 3001 3658 3069 Spiritum

2079 3108 2326 3151 sanctum
2378 3094 2503 3161 quia
2559 3093 2711 3147 illum
2761 3091 2813 3144 in
2868 3089 3120 3144 Montano
3178 3106 3284 3143 non
3335 3100 3659 3158 agnoscunt.

2848 3184 2938 3253 qui
2990 3184 3154 3238 alium
3202 3182 3555 3237 Paracletum
3609 3181 3657 3234 iu

2078 3282 2343 3354 apostolis
2378 3289 2431 3334 et
2470 3294 2567 3350 per
2598 3276 2875 3347 apostolos
2902 3285 3259 3346 receperunt,
3282 3290 3444 3344 quem
3471 3289 3580 3329 nec
3608 3273 3657 3326 in

2077 3373 2359 3445 prophetis
2406 3370 2646 3441 propriis
2692 3369 2962 3437 agnitum,
3005 3368 3118 3438 jam
3164 3383 3261 3423 nec
3308 3367 3361 3421 in
3397 3364 3661 3435 apostolis

2080 3465 2379 3536 possident,
2407 3479 2506 3532 age
2548 3477 2691 3517 nunc
2719 3461 2801 3516 vel
2833 3462 2900 3515 de
2942 3459 3242 3528 apostolico
3295 3458 3661 3512 instrumento

2079 3559 2310 3610 doceant
2356 3553 2597 3608 maculas
2642 3552 2830 3608 carnis
2880 3559 2999 3619 post
3051 3549 3318 3619 baptisma
3370 3562 3659 3617 respersae,

2077 3650 2394 3723 pteniteutia
2430 3648 2560 3702 dilui
2599 3660 2780 3715 posse.
2823 3664 2842 3697 ι
2876 3643 2940 3697 Et
2970 3658 3093 3712 cap.
3130 3641 3195 3695 2|
3224 3660 3239 3697 :
3278 3662 3296 3694 ι
3329 3642 3475 3710 Quid
3518 3656 3663 3697 nunc

2078 3752 2132 3798 et
2164 3744 2231 3796 ad
2265 3739 2586 3801 Ecclesium,
2609 3746 2663 3791 et
2690 3736 2909 3805 quidem
2947 3745 3097 3788 tuam
3134 3733 3432 3804 psychice?
3453 3752 3474 3786 ι

2152 3833 2544 3894 Tillemontius,
2575 3829 2665 3899 qui
2722 3827 3071 3883 Montanistas
3124 3826 3399 3881 existimat
3445 3836 3653 3882 sectam

2080 3927 2151 3983 ab
2186 3925 2426 3982 Ecclesia
2475 3922 2774 3978 abscissam
2818 3919 2987 3975 fuisse
3016 3930 3312 3988 antequam
3355 3919 3404 3972 ei
3460 3934 3657 3974 nomen

2082 4018 2237 4073 daret
2274 4014 2668 4078 Tertullianus,
2706 4012 2844 4065 hanc
2887 4011 3193 4079 opinionem
3224 4009 3433 4077 accepit
3479 4010 3555 4064 ab
3585 4012 3666 4067 his

2083 4110 2208 4166 libri
2243 4111 2316 4163 De
2351 4108 2475 4177 fuga
2503 4105 2724 4160 verbis:
2754 4120 2774 4155 ι
2821 4100 3012 4155 Dicitis
3056 4106 3223 4169 enim,
3264 4100 3532 4170 quoniam
3585 4102 3663 4156 in-

2084 4203 2298 4258 condite
2348 4197 2732 4258 convenimus.
2768 4197 2931 4252 simul
2975 4194 3331 4250 convenimus
3371 4204 3429 4248 et
3476 4193 3663 4265 plures

2087 4293 2471 4351 concurrimus
2504 4292 2556 4345 in
2589 4290 2924 4356 Ecclesiam;
2956 4286 3250 4359 quaeritnur
3278 4301 3308 4341 a
3349 4286 3667 4341 nationibus

2085 4396 2141 4441 et
2174 4386 2427 4441 timemus
2465 4399 2533 4437 ne
2568 4384 2856 4437 turbentur
2880 4379 3146 4445 nationes,
3169 4392 3327 4447 icap.
3348 4392 3431 4434 ιιι.
3462 4379 3665 4433 Existi-

2088 4477 2256 4531 mavit
2284 4475 2369 4531 vir
2398 4474 2745 4529 doctissimus
2778 4471 2867 4525 hic
2890 4466 3119 4524 describi
3146 4483 3376 4539 synaxes
3396 4467 3668 4523 Montani-

2088 4580 2292 4623 starum
2314 4585 2327 4621 :
2352 4576 2407 4621 at
2434 4566 2579 4635 ipsos
2605 4563 2935 4629 Catholicos,
2961 4578 2991 4616 a
3016 4562 3210 4632 quibus
3236 4560 3519 4616 consultus
3551 4560 3666 4615 fue-

2088 4670 2192 4728 rat,
2223 4661 2335 4714 luec
2373 4660 2615 4713 dicentes
2664 4658 2869 4712 inducit
2900 4654 2943 4708 Τ
2946 4653 3289 4721 ertullianus,
3319 4661 3486 4724 atque
3523 4654 3667 4710 hanc

2087 4769 2307 4810 causam
2338 4751 2648 4812 afferentes,
2674 4763 2773 4803 our
2799 4745 3109 4817 fugiendum
3140 4747 3230 4812 sit,
3248 4756 3299 4800 et
3326 4762 3356 4800 a
3382 4747 3670 4802 conventio

2085 4848 2184 4902 bus
2205 4845 2611 4907 abstinendum,
2628 4843 2755 4914 quia
2782 4843 3061 4907 nimirum,
3078 4841 3123 4895 si
3146 4841 3442 4897 Christiani
3470 4841 3665 4897 solitas

2087 4953 2321 5010 synaxcs
2347 4940 2566 5001 obeant,
2595 4938 2707 4990 haec
2734 4933 3020 4989 multitudo
3042 4933 3199 4991 facile
3223 4933 3670 5001 deprehendatur

2086 5050 2117 5088 a
2149 5032 2465 5104 gentilibus.
2502 5030 2653 5086 Unde
2684 5027 3055 5083 Tertullianus
3086 5027 3235 5080 addit
3265 5049 3277 5081 :
3309 5025 3507 5087 Auuou
3554 5028 3668 5083 sci.

2089 5123 2158 5177 tis
2199 5121 2343 5189 quod
2388 5120 2529 5175 Deus
2572 5119 2816 5174 omnium
2864 5118 2935 5171 sit
2984 5116 3285 5170 Dominus?
3329 5115 3393 5170 Et
3439 5116 3487 5171 si
3533 5118 3670 5173 velit

2093 5216 2254 5279 Deus,
2283 5222 2411 5266 tunc
2441 5212 2872 5280 persecutionem
2896 5210 3152 5278 patieris;
3178 5210 3224 5263 si
3256 5225 3382 5263 vero
3406 5211 3667 5279 noluerit,

2096 5317 2224 5363 tunc
2254 5306 2495 5362 silebunt
2525 5307 2797 5360 nationes.
2836 5323 2853 5355 ι
2888 5303 3024 5357 llinc
3057 5305 3223 5356 etiam
3266 5312 3458 5360 auctor
3496 5315 3587 5360 est
3620 5306 3669 5360 ei

2094 5400 2185 5470 qui
2236 5400 2572 5463 consulebat,
2610 5407 2667 5451 ut
2712 5398 2758 5452 si
2810 5397 3043 5451 interdiu
3077 5411 3182 5450 non
3231 5405 3426 5466 potest,
3470 5397 3670 5452 saltem

2096 5502 2255 5548 nocte
2296 5500 2352 5547 et
2397 5506 2518 5547 cum
2562 5490 2745 5560 paucis
2792 5489 3099 5553 conveniat,
3143 5489 3187 5542 si
3236 5502 3341 5541 non
3378 5488 3509 5544 licet
3541 5505 3672 5545 cum

2099 5583 2462 5641 multitudine.
2496 5601 2516 5636 ι
2549 5581 2851 5647 Postremo,
2881 5579 2926 5636 si
2973 5578 3227 5651 colligere
3268 5578 3509 5637 interdiu
3558 5596 3668 5638 non
