3764 6500
86 409 174 465 197)

992 399 1056 456 o.
1094 398 1359 454 suam
1397 357 1797 454 PREFATIO.
1837 425 1903 441 -.
1930 397 2111 454 rans
2146 397 2233 454 ut.

3207 397 3312 454 196

82 540 235 601 potes,
258 525 418 581 habes
446 531 662 579 noctem
691 519 812 576 luce
839 521 1042 576 Christi
1073 521 1402 576 luminosam
1430 522 1626 574 adver—
1650 524 1698 581 Α
1729 519 2017 574 Montanus
2051 531 2103 574 et
2137 518 2385 572 Priscilla
2415 529 2462 572 et
2493 517 2816 583 Maximilla,
2838 534 2933 571 nec
2961 518 3101 587 quod
3130 517 3316 574 Iesum

83 639 159 680 sus
182 635 311 676 eam.
344 617 454 672 Non
479 629 629 686 potes
653 616 962 670 discurrere
987 630 1083 683 per
1113 614 1389 683 singulos;
1425 615 1493 668 sit
1527 614 1621 668 tibi

83 715 197 771 etin
227 711 388 766 tribus
435 708 693 764 Ecclesia.
724 726 742 759 ›
772 709 828 762 In
881 709 984 763 hoc
1024 709 1189 774 igitur
1216 708 1359 763 libro
1388 748 1403 771 ,
1439 709 1493 761 in
1519 723 1627 777 quo

84 805 388 863 Paracletum
441 818 598 856 suum
652 802 814 862 citat,
873 817 938 855 ac
1003 801 1248 854 Montani
1294 801 1504 856 deliriis
1554 803 1628 856 ita

88 900 305 955 addictus
342 904 446 961 est,
482 903 540 946 ut
587 907 787 962 negare
824 892 966 945 inter
1007 902 1270 946 tormenta
1309 893 1481 946 satius
1509 907 1631 948 esse

87 1002 213 1065 putet
235 1005 390 1061 quam
435 988 643 1059 lugere,
677 985 1027 1040 reverebatur
1073 997 1252 1039 tamen
1292 985 1630 1040 ecclesiasti-

89 1101 164 1143 cos
189 1091 497 1144 conventus,
529 1081 722 1148 eisque
771 1093 1005 1147 praeesse
1055 1079 1338 1134 Christum
1384 1077 1628 1148 putabat.

89 1180 213 1235 Nihil
256 1177 392 1230 enim
446 1174 592 1228 aliud
621 1182 705 1228 est
753 1172 856 1227 hoc
905 1171 1022 1226 loco
1071 1171 1309 1226 Ecclesia
1349 1170 1402 1225 in
1440 1171 1629 1236 tribus,

94 1272 175 1327 nisi
202 1269 446 1331 fidelium,
468 1268 667 1336 quibus
697 1267 840 1322 inest
876 1265 1114 1336 Spiritus
1143 1275 1392 1328 sanctus,
1418 1265 1630 1319 etiantsi

94 1364 219 1437 pauci
253 1363 377 1425 sint,
406 1370 729 1415 conventus.
765 1359 859 1414 His
900 1360 1038 1412 adde
1071 1357 1323 1420 Fabium,
1360 1358 1453 1426 qui
1497 1355 1633 1411 Ter-

99 1459 338 1512 tullianum
369 1454 743 1514 consuluerat.
773 1451 1098 1506 catholicum
1132 1451 1336 1515 fuisse;
1375 1466 1474 1505 nec
1507 1465 1632 1520 psy-

96 1552 247 1604 chicos
271 1548 321 1600 in
351 1549 451 1601 hoc
485 1545 626 1599 libro
654 1542 973 1597 Catholicos
1017 1541 1279 1611 appellari
1315 1559 1330 1595 :
1368 1543 1471 1596 hoc
1514 1551 1637 1596 tan-

97 1652 185 1697 tum
219 1641 265 1694 in
303 1641 379 1694 eis
409 1638 614 1706 culpat,
646 1637 792 1706 quod
830 1637 882 1688 in
914 1634 1101 1687 multis
1148 1635 1310 1688 rebus
1341 1633 1550 1687 [cerere
1580 1643 1637 1686 et

98 1734 254 1790 incerti
280 1747 392 1786 esse
417 1732 673 1789 debeant,
707 1730 834 1798 quia
863 1725 1129 1781 Paracleti
1153 1725 1374 1779 oracula
1407 1742 1510 1778 nou
1548 1741 1636 1780 re-

99 1828 286 1894 cipiunt.
317 1842 333 1874 ι
367 1822 718 1875 Procurauda
746 1829 926 1872 autem
953 1819 1288 1871 exantiuatio
1320 1832 1484 1885 penes
1516 1831 1634 1882 vos,

103 1921 137 1974 si
181 1918 302 1971 forte
356 1914 696 1969 Par-acletum
753 1927 860 1966 non
921 1910 1233 1978 recipiendo
1287 1909 1638 1963 deductorcm

103 2014 244 2065 outuis
273 2008 535 2070 veritatis,
559 2006 753 2059 merito
779 2005 954 2058 adhuc
985 2005 1148 2056 etiam
1180 2001 1302 2054 aliis
1328 2001 1646 2070 quaestioni-

104 2105 180 2158 bus
205 2101 374 2157 obnixi
414 2099 581 2168 (forte
607 2098 869 2165 obnoxii)
897 2097 1052 2163 estis,
1074 2111 1196 2164 cap.
1223 2113 1261 2150 I.
1290 2095 1398 2149 Nec
1425 2107 1646 2163 praeter-

104 2198 242 2250 eunda
267 2205 340 2250 est
368 2193 425 2247 S.
461 2193 654 2246 llutilii
686 2191 945 2261 martyris
969 2189 1270 2245 honoriﬁca
1299 2191 1350 2242 in
1377 2190 1478 2243 hoc
1509 2189 1646 2242 libro

104 2286 526 2351 commemoratio,
553 2299 716 2354 quem
741 2283 1134 2348 Tertulliauus,
1175 2299 1227 2338 c.
1269 2282 1322 2344 5,
1361 2281 1646 2335 sanctissi-

105 2399 218 2435 nuznt
252 2390 538 2451 martyrem
572 2386 754 2441 vocat,
779 2375 1033 2445 quamvis
1066 2375 1220 2428 toties
1273 2375 1488 2443 fugisset
1532 2376 1650 2440 pero”

104 2479 374 2532 ucationem
402 2478 467 2529 de
490 2475 611 2528 loro
641 2476 696 2527 in
723 2473 919 2537 locum,
949 2471 1110 2524 etiam
1141 2467 1433 2538 periculum
1467 2475 1519 2518 ut
1552 2483 1649 2535 pu-

106 2572 218 2622 tabat
247 2570 463 2622 nmmuis
496 2566 832 2620 redemisset.
873 2595 881 2604 -

162 2661 226 2714 Ex
255 2661 332 2715 his
360 2658 530 2714 refelli
573 2662 803 2726 possunt
831 2663 886 2708 et
924 2653 1014 2722 qui
1049 2668 1079 2706 a
1110 2650 1452 2707 Tertulliauo
1487 2649 1652 2702 luere-

106 2754 164 2807 sis
185 2764 347 2806 notam
378 2749 731 2821 propulsant,
762 2748 887 2817 quia
931 2746 1199 2800 unitatem
1247 2744 1455 2798 videtur
1487 2742 1649 2795 etiam

109 2846 388 2901 Moutauista
442 2843 720 2906 retinere,
769 2849 825 2894 et
875 2839 966 2910 qui
1015 2838 1160 2894 illius
1210 2838 1276 2892 de
1324 2834 1654 2890 auctoritate

108 2952 150 2996 et
181 2943 364 2996 unitate
404 2938 682 3010 principia
731 2936 930 2990 nullius
981 2935 1171 2988 volunt
1213 2948 1335 2987 esse
1372 2930 1649 3001 ponderis,

111 3032 209 3102 quia
234 3032 334 3086 haec
358 3047 480 3085 eum
503 3031 620 3100 jam
646 3027 1060 3083 scbismaticum
1090 3025 1412 3079 disseruisse
1443 3032 1652 3092 putant.

115 3125 302 3195 Utrique
327 3133 510 3180 errant
541 3124 806 3192 graviter.
836 3123 880 3177 A
916 3121 1229 3177 schismatis
1265 3121 1498 3175 crimine
1547 3131 1652 3170 non

1731 613 1996 668 Christum
2038 612 2264 675 solvant,
2300 628 2391 665 nec
2436 613 2576 680 quor!
2623 611 2856 679 aliquam
2902 611 3027 679 fides
3071 622 3164 664 aut
3205 611 3315 678 spei

1730 700 1963 775 regulam
1989 713 2258 760 evertant:
2299 705 2391 755 sed
2415 703 2556 771 quod
2591 703 2744 770 plane
2773 703 2995 756 doceant
3025 703 3218 770 sapius
3237 704 3318 770 je-

1723 797 1922 867 juuare
1949 813 2104 866 quam
2136 800 2348 850 nubere.
2383 794 2452 847 At
2482 794 2740 862 pudorem
2767 795 2904 847 adeo
2941 808 3048 847 non
3073 794 3319 863 projece-

1734 898 1819 942 rat
1854 887 2246 953 Tertullianus,
2278 899 2336 941 nt
2384 889 2437 940 iu
2483 888 2602 954 ipso
2646 887 2939 940 schismate
2980 889 3320 942 communio-

1734 997 1856 1038 nem
1889 981 1996 1037 sibi
2022 998 2145 1035 cum
2180 981 2494 1049 apostolicis
2545 980 2801 1034 l‘lcclesiis
2849 980 3196 1034 attribueret.
3245 981 3321 1036 De

1733 1075 2003 1128 universa:
2029 1073 2283 1127 Ecclesiae
2315 1081 2504 1128 contra
2546 1071 2906 1126 Montanistas
2947 1087 3215 1128 consensu
3242 1074 3318 1128 ita

1737 1165 2096 1233 dijudicabat,
2125 1166 2281 1234 quasi
2310 1165 2466 1234 pauci
2493 1180 2616 1219 cum
2642 1164 2891 1234 pluribus
2915 1181 2981 1218 ac
3012 1180 3119 1218 non
3143 1167 3321 1234 potius

1737 1259 1946 1313 tniuuta
2008 1267 2157 1311 secta
2205 1273 2328 1311 cum
2399 1257 2652 1311 universa
2711 1256 2957 1310 Ecclesia
3028 1265 3320 1325 pugnaret.

1742 1368 1760 1400 ς
1789 1347 2073 1417 Nunquam
2109 1347 2387 1402 societatis
2431 1347 2741 1416 repudium,
2798 1348 2974 1416 inquit
3021 1349 3085 1411 ³⁸,
3137 1348 3321 1402 delicti

1738 1441 2110 1510 praeiudicium
2139 1450 2245 1506 est,
2278 1440 2432 1508 quasi
2484 1455 2588 1493 non
2627 1441 2840 1494 facilius
2869 1440 2946 1494 sit
2980 1455 3171 1494 errare
3195 1455 3321 1496 cum

1740 1533 2005 1603 pluribus,
2040 1533 2255 1602 quando
2295 1533 2497 1586 veritas
2531 1548 2655 1586 cum
2699 1532 2888 1601 paucis
2938 1542 3174 1587 ametur.
3208 1551 3227 1586 ι
3256 1533 3325 1586 At

1741 1627 1792 1680 iu
1826 1626 1964 1680 libro
1992 1626 2067 1679 De
2099 1625 2396 1694 prrescript.
2427 1623 2802 1684 Montanistas,
2829 1625 2919 1692 qui
2964 1625 3324 1694 apostolicam

1739 1719 1806 1772 de
1830 1718 2084 1773 secundis
2109 1719 2331 1785 nuptiis,
2363 1717 2430 1769 de.
2458 1716 2800 1784 pmuitentia,
2829 1717 2938 1771 imo
2963 1726 3017 1770 et
3048 1720 3113 1770 de
3140 1716 3328 1771 Eccle-

1743 1812 1836 1865 siae
1880 1809 2209 1863 auctoritate
2251 1808 2555 1861 doctrinam
2614 1808 3005 1870 deseruerant,
3063 1821 3216 1876 atque
3261 1819 3329 1861 ac

1748 1903 1883 1957 alios
1913 1901 2235 1973 proﬂigabat
2267 1900 2370 1954 hac
2397 1899 2811 1970 prazclarissima
2843 1899 3136 1953 sententia.
3166 1917 3184 1950 ι
3217 1899 3330 1969 Age

1748 2012 1892 2050 nunc
1915 2010 2104 2049 omnes
2125 1996 2458 2049 erraverint.
2491 1993 2697 2062 Ecquid
2728 1991 3024 2046 verisimile
3051 2001 3126 2046 est
3168 2001 3228 2044 ιιι
3250 2001 3330 2046 tot

1747 2106 1810 2144 ac
1836 2099 1998 2142 tanta:
2039 2089 2092 2142 in
2145 2104 2308 2141 unam
2358 2088 2515 2142 [idem
2559 2085 2901 2140 erraverint?
2930 2085 3036 2162 rlu
3065 2085 3164 2138 hoc
3191 2100 3331 2152 prte-

1748 2182 2090 2237 Stantissitno
2122 2182 2257 2234 libro
2292 2180 2457 2233 multa
2501 2179 2604 2231 alia
2633 2186 2932 2232 occurrunt
2971 2191 3093 2229 cum
3135 2177 3201 2228 iis
3239 2190 3331 2244 pe-

1751 2277 1896 2329 nitus
1932 2274 2247 2343 pugnantia,
2279 2287 2399 2341 qua:
2431 2269 2797 2325 Tertullianus
2828 2268 2941 2335 jam
2974 2266 3328 2330 Montanista,

1751 2366 1876 2422 licet
1916 2365 2152 2420 nondunt
2199 2366 2598 2422 schismaticns,
2632 2364 2812 2415 docuit
2838 2380 2852 2415 :
2881 2362 3006 2414 illud
3049 2361 3099 2412 iu
3140 2360 3332 2429 priutis

1750 2460 1893 2528 quod
1937 2459 1988 2512 in
2019 2459 2157 2512 libro
2185 2457 2255 2510 De
2285 2460 2581 2525 pra'script.
2617 2456 2657 2485 ³⁷
2684 2456 2885 2508 diserte
2908 2455 3098 2522 probat
3125 2452 3329 2506 Catho-

1755 2552 1873 2605 licis
1912 2552 2044 2604 nihil
2084 2553 2194 2618 jam
2243 2551 2597 2619 qua-rcudum
2643 2562 2955 2616 superesse,
3001 2547 3200 2612 quippe
3240 2542 3330 2609 qui

1755 2643 2040 2696 veritatem
2074 2642 2399 2704 invenerint,
2454 2651 2547 2692 aut
2597 2641 2786 2692 saltem
2839 2637 2889 2690 in
2939 2634 3180 2688 Ecclesia
3215 2641 3263 2684 et
3302 2647 3332 2682 a

1756 2735 2018 2788 fratribus
2047 2733 2426 2802 qumrendttut.
2463 2733 2530 2784 At
2556 2733 2607 2784 itt
2637 2729 2776 2783 libro
2809 2728 2881 2780 De
2913 2725 3146 2779 velandis
3180 2723 3332 2790 virgi-

1756 2825 1907 2878 nibus
1950 2825 1993 2854 ³⁸
2038 2826 2416 2878 auctoritatem
2466 2840 2681 2878 omnem
2736 2818 3111 2873 commentitio
3170 2815 3339 2867 l’ara—

1757 2918 1900 2972 cleto
1927 2919 2175 2971 attribuit
2211 2919 2263 2970 itt
2306 2917 2576 2970 solvendis
2605 2913 3012 2982 qumstionibus,
3041 2920 3093 2962 et
3133 2908 3336 2962 Catho-

1758 3010 1890 3065 licos
1936 3013 1987 3064 itt
2034 3010 2171 3062 libro
2217 3009 2290 3062 De
2339 3009 2464 3076 fuga
2505 3006 2760 3058 "ntultis
2807 3002 3198 3073 qttmstionibns
3236 2999 3335 3051 ob-

1761 3104 1955 3159 noxios
1991 3119 2110 3158 esse
2141 3104 2473 3172 prunnutiat,
2521 3101 2646 3170 quia
2699 3115 2804 3152 non
2852 3099 3121 3165 recipiunt
3167 3094 3341 3147 Pura-

117 3218 280 3273 idcirco
310 3220 492 3273 insons
521 3227 578 3270 et
623 3231 792 3284 purus
822 3219 948 3281 erit,
975 3215 1101 3284 quia
1127 3212 1448 3282 quibusdam
1491 3209 1653 3262 veluti
1683 3217 1725 3274 ο
1759 3197 1948 3250 delum
2002 3195 2333 3250 deductiorem
2392 3195 2556 3246 omnis
2602 3191 2856 3244 veritatis.
2913 3191 3163 3242 SlalIIel‘c
3207 3200 3340 3253 ergo

117 3313 329 3378 gradibus
380 3312 432 3365 in
483 3312 591 3366 hoc
635 3309 1007 3365 tristissimum
1050 3307 1277 3361 exitium
1327 3304 1510 3372 lapsus
1546 3311 1648 3353 est.

118 3400 332 3457 l‘remunt
376 3405 568 3471 illum,
614 3420 720 3458 non
763 3411 1006 3463 tuentur,
1057 3398 1286 3452 unitatis
1337 3393 1652 3462 aliquandiu

121 3505 304 3552 retenta:
335 3498 531 3553 indicia
579 3512 704 3551 cum
752 3492 1149 3565 posterioribus
1201 3488 1473 3544 manifesti
1513 3486 1658 3540 schi-

121 3592 274 3644 sutatis
297 3592 430 3646 notis
459 3591 684 3647 collata.
728 3589 937 3656 Quibus
968 3599 1147 3642 autem
1186 3579 1523 3652 argumentis
1552 3576 1649 3636 Ec-

121 3683 264 3737 clesia:
289 3685 550 3739 unitatem
578 3693 634 3736 et
660 3680 1098 3736 iul‘allibilitatem
1148 3671 1561 3731 demonstravit,
1594 3670 1660 3722 de

122 3787 272 3827 eorum
320 3777 556 3843 pondere
599 3785 654 3828 et
700 3783 980 3828 momento
1025 3786 1094 3825 an
1145 3767 1436 3822 detrahere
1474 3760 1660 3816 debuit

123 3870 465 3935 superveniens
489 3868 753 3922 schisma.

180 3957 276 4013 Non
312 3959 766 4014 dissimulandum
820 3965 905 4011 est
953 3951 1344 4010 Tertullianum
1402 3948 1564 4002 ctiant
1610 3945 1662 3998 in

127 4050 266 4120 libris,
289 4070 418 4122 quos
461 4051 848 4107 schismaticus
887 4048 1132 4117 scripsit,
1170 4043 1422 4099 Ecclesia:
1446 4049 1666 4110 aposto-

131 4146 222 4200 licze
246 4149 558 4201 auctoritate
588 4145 656 4198 ad
699 4143 1020 4198 rel'ellendos
1057 4140 1344 4195 lucreticos
1383 4134 1481 4188 uti.
1510 4150 1527 4184 ι
1561 4131 1665 4187 So-

132 4237 213 4302 leo,
243 4239 423 4307 iuquit,
451 4239 546 4293 lib.
578 4255 631 4302 v,
673 4238 729 4289 in
772 4234 1118 4297 Marciorum,
1167 4247 1285 4299 cap.
1318 4229 1401 4290 l9,
1443 4228 1494 4280 in
1526 4241 1668 4294 prae-

131 4332 380 4398 scriptione
422 4333 687 4385 adversus
731 4331 967 4384 haereses
1016 4340 1206 4379 oumes
1244 4323 1309 4375 de
1356 4316 1670 4373 testimonio

132 4430 387 4490 temporum
433 4419 818 4489 compendium
870 4418 1058 4487 ﬁgere,
1102 4413 1340 4483 priorem
1389 4409 1672 4462 vindicans

133 4515 332 4584 regulam
381 4527 625 4570 nostram
671 4511 818 4566 omni
873 4508 1129 4562 ltairetica
1179 4501 1606 4572 posterioritate.
1645 4515 1664 4550 ι

133 4603 247 4659 Idem
275 4617 643 4674 argumentum
679 4604 851 4672 tangit
882 4600 976 4653 lib.
1016 4614 1055 4663 ι,

133 4703 294 4754 ctadv.
324 4700 609 4765 Praxeam,
641 4714 691 4753 c.
723 4698 778 4751 2.
824 4697 1001 4761 Atque
1051 4692 1103 4744 in
1154 4691 1238 4742 his
1277 4685 1495 4755 quidem
1541 4681 1672 4734 locis

134 4791 284 4860 objicit
308 4793 574 4849 haereticis
599 4788 979 4843 auctoritatem
1016 4781 1384 4836 Ecclesiarum
1409 4773 1672 4845 apostoli-

137 4897 290 4937 Carum
321 4902 334 4937 :
362 4895 415 4939 at
444 4896 811 4953 nequaquam,
839 4889 898 4932 ut
941 4878 995 4930 in
1027 4877 1093 4930 iis
1116 4887 1237 4943 qua:
1274 4870 1510 4924 scltistua
1537 4880 1674 4935 pra:-

137 4986 395 5040 ccsserunt,
449 4975 833 5030 communione
881 4971 1130 5038 junctum
1180 4978 1238 5017 se
1275 4962 1380 5016 illis
1412 4956 1673 5012 Ecclesiis

137 5079 230 5119 esse
258 5070 530 5138 gloriatur,
565 5082 671 5120 non
713 5064 802 5132 jus
837 5061 991 5130 pacis
1030 5069 1084 5112 et
1131 5054 1356 5109 unitatis
1393 5063 1670 5118 unamque

140 5157 392 5217 Ecclesium
424 5162 703 5231 praedicat.
729 5159 988 5213 Libenter
1024 5153 1278 5208 utebatur
1305 5144 1670 5216 praescriptio-

143 5253 206 5306 nis
227 5266 548 5324 argumento,
573 5255 699 5323 quia
734 5251 869 5306 nihil
913 5249 1040 5304 illttd
1073 5258 1236 5301 sectae
1282 5239 1523 5295 Montani
1552 5235 1672 5289 oili-

141 5358 239 5400 eere
271 5347 508 5415 putabat,
541 5354 724 5413 utpote
755 5344 1030 5411 antiquam
1075 5335 1302 5408 symboli
1346 5332 1507 5386 [idem
1545 5329 1673 5382 reti-

141 5439 288 5502 uenti;
315 5454 536 5493 necesse
575 5451 696 5490 esse
733 5437 958 5505 putabat
979 5432 1045 5494 ³⁵,
1071 5441 1128 5483 ut
1175 5438 1296 5479 ante
1325 5423 1442 5493 quis
1472 5423 1534 5473 de
1563 5418 1673 5471 Deo

143 5529 373 5585 hereticus
406 5535 472 5586 sit
509 5542 556 5585 et
585 5543 708 5584 tunc
743 5531 808 5582 de
839 5529 1104 5581 instituto.
1135 5519 1420 5574 Paracleto
1460 5523 1681 5568 contro-

144 5627 338 5680 versiam
370 5629 508 5690 lieri,
548 5635 602 5680 et
641 5633 862 5692 propter
902 5623 1002 5675 hoc
1048 5632 1216 5672 novas
1254 5609 1564 5683 prophetias
1598 5623 1684 5659 re-

144 5718 288 5770 cnsari
335 5719 571 5781 dieebat,
614 5733 715 5769 non
755 5714 893 5784 quod
947 5712 1112 5764 alium
1174 5706 1340 5759 Deum
1394 5700 1678 5770 prwdicent

201 5835 236 5863 ⁸³
265 5834 331 5887 De
390 5847 717 5899 monogam.,
784 5844 836 5886 c.
886 5828 956 5886 ἓξ
1004 5824 1099 5890 De
1149 5821 1342 5891 jejuu..
1375 5832 1427 5897 (ξ.
1462 5817 1515 5872 l.

154 5901 316 5972 “cap.
347 5906 395 5959 t.
473 5904 518 5934 ³ο
547 5905 674 5972 Cap.
711 5903 761 5954 t.
1302 5925 1313 5935 -

1613 5811 1658 5844 ³⁸
1692 5810 1766 5865 De
1795 5809 2001 5879 pudic.,
2032 5823 2082 5863 c.
2114 5809 2163 5861 t.

1757 3291 1880 3344 licet
1924 3291 2116 3342 lihrmtt
2169 3288 2244 3341 De
2294 3287 2778 3356 pru'scriptionibus
2837 3297 2942 3335 non
2997 3281 3156 3332 modo
3216 3286 3343 3332 ante

1757 3384 2015 3444 scitisma.
2048 3382 2138 3434 sed
2179 3382 2346 3434 etiam
2393 3389 2516 3432 ante
2557 3378 2811 3444 adoptata
2851 3371 3088 3425 Montani
3127 3368 3339 3423 somnia

1758 3476 2019 3542 scriptum
2056 3473 2242 3526 fuisse.

1837 3567 1897 3622 V.
1925 3567 2223 3622 Plurimum
2271 3565 2406 3618 lucis
2448 3563 2574 3618 huic
2610 3560 2894 3630 qurestioni
2937 3557 3243 3613 accederet.
3292 3553 3339 3608 si

1764 3670 2008 3714 statuere
2034 3673 2316 3728 possemus
2344 3672 2452 3725 quo
2474 3653 2813 3723 potissimum
2837 3667 2981 3704 anno
3005 3648 3344 3701 Montanistm

1762 3754 1830 3806 ab
1861 3751 2103 3804 Ecclesia
2137 3751 2354 3819 penitus
2384 3747 2701 3801 defecerint.
2752 3743 2871 3797 Jam
2921 3743 3154 3794 scltisma
3191 3738 3346 3805 peni-

1767 3851 1852 3895 tus
1914 3841 2202 3894 coullatum
2260 3848 2412 3903 erat,
2469 3853 2591 3891 cum
2651 3835 2915 3888 scriberet
2975 3829 3345 3885 Tertulliauns

1763 3945 2020 4007 quartum
2057 3935 2314 3986 adversus
2358 3931 2682 3984 Marcioucm
2728 3927 2947 3986 librum,
2983 3923 3033 3976 id
3066 3934 3146 3977 est
3177 3937 3343 3987 anno,

1768 4041 1828 4083 ut
1878 4028 1993 4096 ipse
2043 4026 2316 4087 declarat,
2369 4023 2580 4076 decimo
2620 4019 2810 4090 quinto
2864 4017 3207 4085 imperatoris
3250 4015 3347 4067 Se-

1767 4123 1906 4176 veri.
1944 4119 2018 4174 lbi
2055 4118 2198 4171 enim
2235 4115 2475 4171 declarat
2518 4114 2658 4166 inter
2706 4109 3062 4163 Moutauistas
3115 4116 3169 4159 et
3224 4120 3348 4174 psy-

1770 4213 1955 4267 clticos
1992 4209 2420 4265 controversiam
2456 4221 2578 4258 esse
2614 4205 2680 4258 de
2729 4201 2968 4262 exstasi,
3002 4216 3120 4267 cap.
3163 4198 3255 4251 2‘2.
3291 4197 3345 4251 Id

1773 4305 2060 4359 coulirtuat
2094 4303 2153 4355 S.
2190 4301 2438 4355 Clemens
2469 4295 2868 4351 Alexandrinus
2901 4293 2989 4358 qui
3025 4289 3125 4344 διώ
3155 4289 3346 4342 eodem

1773 4396 2106 4465 imperatore
2150 4392 2442 4448 scribebat.
2493 4388 2650 4450 Nam,
2688 4404 2810 4440 cum
2858 4387 2904 4440 is
2950 4385 3149 4437 librum
3184 4395 3351 4450 quar-

1776 4502 1890 4544 tum
1945 4490 2276 4542 Stromatnm
2331 4490 2714 4549 componeret,
2776 4475 3086 4532 Catltolicos
3142 4471 3351 4526 Monta-

1099 4610 1220 4662 cap.
1253 4591 1418 4656 t;lib.
1445 4602 1585 4653 tv,c.
1612 4585 1666 4649 ι,
1699 4579 1743 4634 D
1775 4584 1928 4637 uista:
1977 4582 2264 4652 psychicos
2321 4591 2514 4631 vocare
2565 4573 2911 4640 incipiebant.
2970 4569 3060 4620 Sic
3099 4566 3243 4620 enittt
3283 4564 3352 4618 de

1774 4675 1879 4729 illis
1911 4673 2183 4733 Clemens,
2217 4687 2268 4738 p.
2299 4670 2392 4721 5H
2436 4684 2450 4720 ε
2491 4665 2630 4734 Ἤδη
2664 4663 2772 4734 γὰρ
2807 4661 2901 4713 καὶ
2925 4652 3071 4711 οὗτοι
3095 4653 3351 4728 (Φρύγες)

1769 4766 1894 4830 τοὺς
1925 4767 1988 4834 τῇ
2009 4763 2104 4834 νέᾳ
2132 4760 2435 4834 προφητείᾳ
2466 4757 2539 4829 μὴ
2571 4754 2934 4828 προσέχοντας
2963 4749 3226 4820 ψυχικοὺς
3254 4762 3355 4799 κα-

1769 4859 1965 4913 λοῦσι..
2003 4877 2022 4910 s
2059 4856 2178 4911 Jatu
2222 4856 2366 4909 enim
2412 4855 2445 4907 ii
2490 4865 2703 4921 quoque
2745 4863 2860 4913 eos,
2898 4848 3006 4924 qui?
3037 4859 3188 4896 novae
3231 4856 3358 4907 pro-

1771 4955 1971 5022 phetia:
2009 4968 2112 5004 non
2149 4949 2458 5009 attendunt,
2506 4943 2769 4997 animales
2815 4939 3116 5008 appellant.
3159 4955 3176 4986 ι
3213 4935 3355 4987 Ideni

1779 5048 1834 5100 itt
1856 5047 2080 5111 Strom.,
2099 5059 2194 5110 vlt,
2219 5057 2272 5110 p.
2299 5038 2422 5105 765,
2451 5036 2808 5091 Montanistas
2836 5040 2994 5086 vocat
3017 5027 3266 5083 haeresim
3289 5037 3358 5078 ex

1780 5152 1941 5211 gente
1996 5138 2425 5194 denominataut.
2486 5133 2744 5186 Testatur
2802 5128 3061 5196 antiquus
3122 5121 3360 5188 scriptor

1780 5235 1923 5303 apud
1968 5233 2281 5293 Eusebium,
2315 5226 2488 5290 Ilist.,
2525 5243 2576 5289 ν,
2620 5224 2707 5286 iti,
2754 5223 3041 5276 damnatos
3086 5214 3256 5268 fuisse
3306 5220 3362 5264 et

1782 5327 2282 5383 excommunicatos
2322 5320 2373 5373 iu
2401 5319 2600 5389 {multis
2641 5315 2784 5371 Asiae
2809 5311 3057 5368 conciliis
3094 5304 3363 5361 Montani-

1782 5430 1926 5482 stas;
1956 5418 2048 5471 sed
2082 5431 2191 5484 quo
2227 5422 2468 5477 tempore
2503 5411 2616 5464 haec
2657 5405 2888 5461 concilia
2919 5401 3101 5456 habita
3138 5395 3363 5461 fuerint,

1780 5509 2003 5564 minime
2028 5507 2292 5560 declarat.
2328 5502 2469 5557 Fieri
2506 5499 2682 5570 potuit
2712 5505 2770 5551 ut
2793 5495 2957 5550 citius
2995 5492 3048 5545 in
3086 5487 3364 5545 nonnullis

1780 5599 2060 5661 Ecclesiis,
2090 5598 2268 5652 serius
2301 5595 2352 5647 itt
2384 5593 2506 5647 aliis
2532 5592 2945 5645 damnarentur.

1783 5721 1798 5759 ι
1852 5689 2361 5760 Pseudopmphetas
2402 5687 2521 5740 illos
2567 5690 2726 5736 vocat
2773 5681 3028 5740 lrenmus,
3069 5687 3272 5743 eosque
3307 5677 3366 5724 ut

2233 5805 2306 5888 .”
2345 5803 2417 5857 De
2450 5797 2782 5870 prmscript.,
2816 5809 2866 5850 c.
2892 5793 2979 5860 11,
3014 5791 3103 5858 12,
3140 5789 3226 5855 1‘5,
3270 5785 3363 5840 Μ,
