3764 6498
449 413 553 469 I95

1363 405 1422 462 S.
1453 402 1789 460 JUSTINUS
1821 399 2307 458 PHILOSOPHUS
2337 399 2423 454 ET
2460 397 2777 457 MARTYR.
3614 397 3693 451 l9$

443 528 742 603 propitolia‘.
772 525 1006 596 insignia
1039 525 1159 579 sine
1184 523 1499 594 prophetica
1532 523 1704 594 gratia
1741 523 1841 578 sibi
1876 536 2029 575 arro-
2059 545 2102 598 Α
2133 521 2204 571 tis
2279 518 2461 572 scelus
2531 516 2772 584 nequitia
2853 513 3306 568 Montanistarum
3380 517 3693 584 pervenerit.

443 639 635 696 gantes
666 623 892 692 egregie
913 620 1176 687 depingit,
1224 618 1320 674 lib.
1369 633 1442 680 Iv,
1487 633 1607 686 cap.
1650 619 1740 681 53,
1779 633 1832 670 ιι.
1870 616 1922 669 6.
1961 617 2031 669 At

442 716 753 774 schismatis
780 712 958 767 scelus
997 711 1145 764 falsa!
1177 711 1479 779 prophetia:
1509 710 1826 778 adjunctum
1855 709 1922 762 ab
1951 709 2032 763 eis

441 812 608 865 fuisse
637 824 747 861 non
777 805 927 858 dicit.
960 803 1073 858 Non
1103 814 1281 856 tamen
1316 802 1540 856 dubimu
1565 811 1709 856 esset
1735 803 1867 870 quin
1899 810 2031 855 tunc

440 897 778 955 sebismatici
822 895 1058 960 inierint,
1107 895 1150 948 si
1198 893 1262 947 de
1308 893 1415 947 illis
1456 892 1657 946 dictum
1711 901 1856 946 esset
1899 892 2030 946 illud

439 991 630 1048 Iremei
657 989 701 1022 ⁸ο
725 1005 742 1043 :
775 1006 793 1040 t
817 988 923 1044 Alii
957 1002 1089 1040 vero
1120 987 1393 1040 utdonum
1417 984 1654 1054 Spiritus
1677 984 2028 1048 frustrentur,

439 1082 583 1152 quod
622 1082 676 1135 in
711 1078 1027 1134 novissimis
1055 1076 1398 1145 temporibus
1432 1077 1734 1130 secumlum
1768 1077 2027 1145 placitum

439 1176 620 1232 Patris
654 1173 881 1229 eﬂ‘nsmn
933 1183 1016 1226 est
1050 1173 1101 1226 in
1140 1171 1439 1224 lmmanum
1482 1184 1679 1238 genus,
1727 1169 1874 1222 illam
1909 1184 2032 1237 spe-

439 1271 580 1323 ciem
637 1283 742 1322 non
791 1267 1118 1327 admittunt,
1167 1280 1288 1334 qua:
1333 1272 1416 1318 est
1455 1264 1753 1318 secumlmn
1804 1261 2030 1316 Joannis

439 1360 811 1430 Evangelittm,
837 1358 889 1412 in
915 1373 1018 1427 qua
1056 1357 1399 1412 Paracletum
1433 1371 1493 1409 se
1527 1356 1821 1409 missurum
1850 1355 2031 1409 Domi-

442 1469 545 1507 nus
572 1452 825 1521 promisit
850 1470 866 1517 ;
894 1451 987 1505 sed
1016 1450 1178 1504 simul
1206 1460 1262 1504 et
1295 1449 1649 1516 Evangelinm
1698 1457 1753 1501 et
1795 1448 2030 1516 prophe-

439 1545 606 1598 ticmn
665 1542 932 1612 repellunt
987 1541 1272 1612 Spiritum.
1326 1558 1345 1592 ι
1396 1539 1575 1594 Miror
1615 1539 1848 1594 eruditis
1901 1538 2032 1591 viris

438 1637 790 1690 Tillemontio
837 1643 893 1689 et
943 1634 1254 1688 novissimae
1289 1631 1546 1686 editionis
1592 1631 1803 1685 auctori
1850 1629 2029 1683 visum

437 1744 562 1784 esse
584 1730 848 1783 Irenteum
878 1731 944 1782 de
975 1727 1320 1781 Montanistis
1357 1726 1524 1793 loqui.
1560 1723 1845 1790 Quomodo
1883 1723 2028 1776 enim

441 1818 754 1876 S.Joaunis
783 1818 1133 1889 Evangelium
1177 1819 1248 1873 ob
1283 1819 1460 1872 sancti
1513 1817 1756 1885 Spiritus
1799 1817 2032 1884 premis-

2133 615 2188 665 3°
2223 610 2298 666 Ne
2331 611 2459 664 illud
2492 611 2709 679 quidem
2751 607 3030 678 probabile
3060 609 3579 678 estAtheuagoram
3610 610 3693 662 ulla

2131 719 2253 757 cum
2289 703 2547 757 Montano
2592 701 2992 757 consuetudine
3035 709 3132 754 aut
3177 701 3440 754 doctrina:
3487 717 3696 756 consen-

2132 797 2288 851 sione
2340 796 2694 864 conjunetum
2748 793 2938 847 fuisse.
2994 791 3128 844 Nam
3181 792 3322 860 quod
3360 790 3424 846 de
3464 795 3698 850 secundis

2133 887 2334 954 nuptiis
2363 888 2570 950 statuit,
2598 886 2651 940 id
2682 901 2748 940 ex
2786 883 2994 938 Christi
3037 883 3236 949 verbis,
3277 882 3596 953 Quicunque
3628 885 3693 940 di-

2131 980 2333 1032 miserit
2369 994 2588 1032 uxorem
2649 994 2800 1032 suam
2861 986 2910 1030 et
2978 975 3143 1028 aliam
3195 976 3430 1040 duxerit,
3483 979 3691 1030 macha—

2131 1081 2220 1122 tur
2261 1071 2330 1134 δί,
2379 1070 2654 1124 subtiliter
2708 1067 3091 1123 ratiocinando
3145 1066 3408 1122 deducit:
3462 1079 3526 1120 at
3569 1082 3697 1121 uota

2134 1162 2436 1229 prophetiae
2465 1161 2762 1215 auctoritas
2792 1160 3014 1215 minime
3052 1160 3128 1214 illi
3173 1159 3226 1213 in
3268 1166 3506 1213 mentem
3553 1159 3695 1210 venit.

2134 1253 2310 1321 Atque
2359 1252 2413 1304 in
2466 1253 2572 1307 hoc
2624 1252 2916 1307 manifesta
2957 1262 3042 1308 est
3095 1251 3239 1306 illius
3282 1269 3312 1302 ιι
3371 1247 3697 1302 Montanistis

2134 1344 2424 1398 dissensio.
2461 1343 2552 1398 Isti
2589 1346 2735 1398 enim
2770 1347 2960 1400 unicus
2988 1346 3207 1414 nuptias
3234 1355 3413 1411 neque
3439 1357 3469 1394 a
3501 1339 3698 1395 Christo

2137 1451 2313 1504 neque
2351 1436 2418 1490 ab
2473 1438 2738 1506 apostolis
2788 1437 3138 1506 prtescriptas
3185 1435 3526 1497 fatebantur,
3562 1434 3646 1486 sed
3673 1450 3694 1483 a

2135 1526 2440 1592 Paracleto,
2473 1544 2632 1596 quem
2669 1545 2698 1582 a
2738 1529 2961 1583 Christo
3001 1529 3185 1582 datum
3218 1529 3475 1582 Montano
3503 1538 3560 1580 et
3597 1525 3697 1579 Pri-

2135 1618 2304 1672 scilla:
2347 1629 2406 1672 et
2446 1619 2758 1673 Maximilla:
2799 1620 3076 1682 dicebant,
3113 1630 3168 1672 ut
3194 1622 3447 1690 quoniam
3482 1619 3696 1694 latrinam

2134 1711 2474 1766 mediocritas
2505 1713 2683 1766 omnia
2717 1713 2877 1766 semel
2904 1729 3093 1780 capere
3119 1729 3222 1766 non
3253 1722 3486 1780 poterat,
3528 1712 3697 1780 paula-

2135 1806 2227 1858 tim
2243 1805 2562 1875 dirigentur
2575 1819 2622 1860 et
2646 1810 2986 1861 ordinaretur
3005 1816 3053 1860 et
3071 1809 3139 1860 ad
3159 1807 3445 1875 perfectum
3463 1809 3698 1874 perdure-

439 1913 649 1967 sionem
705 1911 1066 1979 rt-jecissent,
1112 1926 1248 1979 quos
1288 1918 1501 1963 constat
1548 1909 1599 1962 in
1651 1907 1758 1960 illis
1801 1905 2028 1960 Joannis

2146 1907 2276 1949 °¢tur
2305 1898 2585 1964 disciplina
2607 1901 2671 1951 ab
2699 1899 2793 1952 illo
2810 1900 3007 1953 vicario
3038 1898 3250 1951 Domini
3274 1898 3482 1966 Spiritu
3507 1909 3692 1963 sancto,

439 2005 610 2070 locis,
648 2005 739 2058 ubi
789 2005 1025 2073 Spiritus
1078 2003 1436 2071 promittitur,
1487 2001 1817 2071 prteciputtm
1863 2009 2029 2053 sectae

439 2113 552 2153 sua:
600 2098 908 2168 prtcsidium
957 2096 1345 2151 constituisse?
1389 2093 1520 2160 Quae
1565 2101 1870 2160 sequuntur
1917 2093 2031 2145 Ire-

441 2205 615 2243 meum
659 2190 724 2243 de
778 2188 1122 2243 Moutauistis
1171 2194 1278 2241 non‘
1332 2186 1476 2255 loqui
1527 2185 1874 2250 conﬁrmant,
1924 2184 2027 2239 etsi

440 2290 640 2351 augent
687 2281 1062 2335 difficultatem
1096 2279 1452 2349 dignoscendi
1498 2292 1763 2345 quosnam
1809 2275 2032 2344 potissi-

442 2389 586 2428 mum
638 2375 903 2442 exagitet.
953 2372 1121 2427 Addit
1156 2372 1300 2425 enim
1338 2388 1352 2425 :
1389 2389 1408 2421 ι
1441 2369 1690 2423 Infelices
1735 2383 1896 2430 vere,
1939 2367 2030 2435 qui

441 2467 930 2534 pseudoprophette
967 2465 1188 2533 quidem
1236 2477 1358 2517 esse
1402 2461 1614 2523 volunt,
1653 2460 2028 2530 prophetieam

440 2573 571 2612 vero
605 2559 836 2626 gratiam
862 2555 1135 2624 repellunt
1163 2555 1230 2606 ab
1263 2553 1540 2619 Ecclesia;
1575 2553 1774 2607 similia
1815 2551 2029 2621 patien-

442 2659 525 2702 tes
570 2649 655 2702 bis
701 2646 793 2714 qui
836 2655 1060 2715 propter
1085 2661 1180 2700 eos
1229 2644 1322 2713 qui
1363 2644 1420 2698 in
1467 2644 1742 2714 hypocrisi
1783 2644 2028 2706 veniunt,

439 2741 602 2794 etiam
645 2755 673 2791 a
711 2738 939 2792 fratrmn
988 2739 1373 2792 communione
1417 2752 1475 2792 se
1517 2738 1814 2791 abstinent.
1863 2737 2032 2790 Dat-ur

441 2839 623 2884 autem
659 2829 913 2900 intelligi,
950 2829 1095 2898 quod
1140 2829 1452 2898 hujusmodi
1499 2843 1676 2898 neque
1721 2829 2029 2896 apostolum

443 2923 669 2977 Paulum
713 2923 1005 2991 recipiant.
1046 2939 1065 2973 ι
1099 2919 1368 2974 Discimus
1413 2935 1479 2974 ex
1530 2921 1615 2974 bis
1666 2920 1849 2975 verbis
1891 2935 2030 2974 non-

443 3017 618 3070 nullos
634 3015 937 3077 exstitisse,
955 3013 1048 3083 qui
1073 3028 1104 3066 a
1125 3012 1510 3068 communione
1525 3027 1647 3067 sese
1665 3021 2028 3073 removerent,

447 3123 515 3162 ne
549 3123 672 3160 cum
707 3106 1005 3179 hypocritis
1045 3105 1534 3159 communicarent.
1567 3104 1701 3160 Cum
1744 3105 1830 3159 bis
1879 3119 2029 3159 com-

444 3210 599 3264 parat
643 3215 738 3253 eos
776 3199 869 3268 qui
915 3199 974 3253 S.
1023 3197 1252 3253 Joannis
1299 3198 1646 3269 Evangelium
1686 3198 2026 3268 rejiciebant,

442 3291 567 3361 quia
599 3292 651 3344 in
685 3293 787 3346 hoc
818 3290 1054 3344 maxime
1093 3290 1389 3360 Evangelio
1421 3292 1757 3360 promittitur
1791 3291 2031 3361 Spiritus

393 3397 396 3401 ‘
445 3393 688 3438 sanctus.
719 3383 947 3451 Utrique
989 3397 1119 3452 ergo
1153 3383 1453 3453 peccabant
1500 3383 1912 3438 inconsiderato
1942 3395 2036 3437 eo-

445 3490 566 3529 rum
597 3476 687 3545 qui
727 3475 934 3530 sanCtis
961 3476 1122 3528 rebus
1147 3477 1470 3538 abutuntur,
1499 3476 1653 3542 odio;
1697 3485 1858 3546 atque
1885 3485 1941 3529 ut
1975 3476 2034 3538 ii,

443 3568 582 3636 quia
606 3566 989 3619 communione
1012 3567 1399 3630 abscedebant,
1427 3567 1500 3620 ita
1526 3582 1586 3622 se
1603 3569 1886 3638 gerebant,
1910 3568 2032 3635 quia

445 3659 563 3728 plus
602 3673 756 3727 teque
791 3657 987 3713 infensi
1029 3667 1188 3714 erant
1229 3660 1532 3730 bypocritis
1576 3663 2035 3717 communicanti-

447 3751 584 3814 bus;
617 3751 689 3803 ita
719 3765 942 3805 necesse
970 3760 1055 3805 est
1090 3761 1148 3804 ut
1177 3766 1272 3805 eos
1310 3753 1400 3821 qui
1441 3752 1789 3824 Evangelium
1812 3753 2036 3809 Joannis

444 3852 500 3896 et
529 3843 942 3912 promissionem
985 3845 1162 3898 sancti
1194 3842 1432 3912 Spiritus
1482 3844 1819 3914 rejiciebant,
1861 3849 1912 3900 id
1956 3848 2037 3901 fe-

443 3937 586 3992 cisse
609 3936 852 3991 dicamus
876 3947 1098 4007 propter
1133 3955 1227 3994 eos
1262 3941 1352 4009 qui
1400 3938 1693 4008 Evangelia
1716 3951 1770 3995 et
1799 3942 2032 4010 promis-

445 4028 599 4082 sione
633 4027 1020 4083 abutebantur.
1066 4031 1250 4096 Quare
1281 4047 1386 4087 non
1427 4034 1765 4088 Montanistaa
1794 4035 2043 4106 Evange-

443 4119 578 4173 Iimn
612 4118 672 4174 S.
704 4117 933 4174 Joannis
973 4121 1228 4189 reiecisse
1270 4125 1484 4179 dicendi
1535 4136 1680 4192 sunt,
1718 4131 1814 4180 sed
1859 4128 2038 4196 potius

444 4215 571 4266 dum
603 4228 687 4277 eo,
730 4213 794 4265 ad
839 4229 1015 4268 causa:
1055 4229 1166 4269 sua:
1203 4215 1574 4271 defensionem
1617 4218 1938 4282 abutuntur,
1974 4219 2037 4273 il-

442 4305 544 4358 lius
565 4305 839 4373 rejicieudi
865 4321 1052 4360 ausam
1072 4306 1444 4364 immoderatis
1461 4310 1784 4365 adversariis
1799 4312 2031 4368 dedisse.

514 4395 574 4450 Si
598 4396 781 4451 minus
818 4402 1062 4452 statuere
1093 4415 1389 4469 possumus
1405 4417 1514 4471 quo
1530 4401 1877 4471 potissimum
1895 4411 2035 4460 tem—

440 4494 577 4550 pore
595 4481 939 4538 Montanistte
955 4486 1294 4543 schismatiei
1319 4489 1524 4544 fuerint
1545 4506 1561 4557 ;
1580 4491 1714 4545 illud
1731 4493 1925 4548 saltem
1944 4510 2032 4550 as-
2071 4517 2073 4520 ‘

2131 1987 2410 2044 Τειιτιιιι..
2435 1988 2508 2043 De
2530 1989 2790 2060 vel.virg.,
2813 2006 2866 2046 e.
2897 1991 2951 2048 I.
2969 1989 3114 2044 Nihil
3137 1991 3312 2046 simile
3329 1991 3694 2060 Athenagoras

2129 2080 2386 2147 designat
2414 2097 2428 2145 ;
2467 2082 2599 2136 solis
2627 2081 2832 2136 Christi
2869 2082 3054 2137 verbis
3083 2083 3299 2136 nititur.
3335 2083 3525 2152 Neque
3552 2084 3693 2138 etiam

2135 2171 2202 2224 de
2256 2171 2626 2239 Moutauistis,
2674 2174 2780 2227 sed~
2820 2174 2888 2227 de
2930 2174 3262 2229 Christianis
3289 2177 3388 2239 ait,
3427 2191 3580 2228 ιιιιιιι.
3622 2176 3695 2235 55.

2132 2279 2578 2334 unumquemque
2631 2265 2714 2318 vel
2757 2266 2936 2336 qualis
2999 2279 3160 2322 natus
3205 2279 3289 2323 est
3341 2282 3590 2331 manere,
3635 2269 3696 2321 vet

2077 2367 2088 2376 '
2132 2357 2300 2409 unicis
2336 2356 2391 2408 in
2431 2358 2654 2425 nuptiis.

2211 2447 2324 2506 VII.
2365 2449 2479 2504 Non
2505 2450 2710 2520 justior
2733 2453 3031 2508 accusandi
3062 2452 3428 2524 Athenagora:
3457 2468 3621 2508 causa
3643 2468 3694 2506 ετ

2134 2539 2282 2596 illius
2323 2542 2389 2596 de
2421 2543 2807 2612 prophetarum
2848 2545 3054 2600 exstasi
3101 2547 3262 2600 dictis
3302 2546 3551 2601 ducitur.
3580 2544 3695 2599 Nam

2133 2633 2187 2686 1°
2216 2635 2430 2689 etiamsi
2469 2651 2573 2690 non
2613 2635 2807 2691 fuisset
2839 2654 2907 2693 ex
2939 2639 3156 2693 illormn
3191 2635 3451 2700 numero,
3483 2642 3578 2708 qui
3605 2650 3696 2692 sta-

2136 2725 2230 2779 tim
2273 2727 2783 2782 anirnadverterunt
2826 2731 2958 2799 quid
2992 2729 3104 2786 vitii
3156 2732 3364 2786 inesset
3405 2734 3696 2786 exstasibus

2133 2816 2595 2895 Montanistarum
2625 2831 2682 2874 et
2713 2822 2922 2875 oritura
2971 2838 3039 2876 ex
3086 2825 3170 2876 his
3217 2825 3533 2880 hominibus
3579 2825 3696 2879 mala

2131 2919 2572 2977 prospexerant;
2602 2926 2708 2964 non
2761 2911 2966 2966 idcirco
3007 2913 3245 2967 Montani
3277 2931 3383 2968 non
3419 2916 3547 2969 dico
3575 2916 3697 2968 schi-

2133 3001 2321 3065 smati,
2375 3003 2470 3056 sed
2527 3003 2612 3056 vel
2655 3003 2919 3060 doctrina:
2975 3007 3227 3060 addictus
3268 3009 3373 3062 dici
3407 3016 3620 3076 posset.
3655 3010 3697 3057 ιιι

2134 3091 2222 3145 illa
2256 3094 2402 3148 enim
2447 3094 2809 3161 dissensione,
2855 3113 3019 3166 quam
3065 3099 3133 3153 de
3176 3097 3530 3153 Moulauistis
3584 3103 3700 3154 inter

2131 3183 2447 3241 Catholicos
2477 3196 2724 3242 exortam
2778 3198 2963 3243 narrat
3005 3188 3294 3252 Eusebius,
3327 3188 3504 3257 Hist,
3551 3205 3625 3253 tv,
3655 3189 3696 3248 5.

2134 3279 2448 3345 quicunque
2491 3281 2808 3349 prophetiae
2840 3279 3081 3334 Montani
3123 3296 3228 3333 non
3267 3281 3612 3336 damnabunt
3634 3281 3700 3335 vei

2135 3370 2300 3422 etiam
2331 3372 2660 3438 probabant,
2693 3386 2799 3424 non
2841 3371 3047 3426 idcirco
3081 3371 3336 3425 Montano
3367 3373 3637 3442 regendos
3655 3387 3700 3423 se

2134 3463 2551 3516 committebant
2598 3480 2612 3518 :
2671 3473 2726 3517 et
2805 3463 3046 3532 quandiu
3119 3464 3416 3518 Catholicis
3451 3464 3699 3534 qpermisti

2137 3553 2288 3609 fuere
2334 3555 2704 3623 ll'lontanistte,
2753 3557 2896 3610 haud
2954 3556 3177 3610 dubiuut
3219 3558 3350 3626 quin
3385 3557 3568 3617 .multi
3623 3571 3701 3609 eos

2137 3647 2480 3701 laudaverint
2530 3659 2585 3702 et
2644 3650 2712 3704 ab
2763 3650 2843 3705 eis
2888 3650 3092 3703 laudati
3127 3650 3348 3714 fuerint,
3395 3663 3500 3703 uec
3538 3659 3699 3702 tamen

2136 3751 2328 3793 eorum
2364 3740 2576 3794 vivendi
2605 3749 2660 3794 et
2689 3742 2960 3808 sentiendi
2990 3743 3227 3796 rationes
3263 3741 3434 3796 secuti
3481 3742 3613 3795 sint.
3642 3741 3701 3794 Et

2138 3848 2248 3902 quo
2275 3834 2439 3887 etiam
2466 3844 2614 3899 patet
2643 3851 2806 3905 quam
2844 3837 3088 3906 iniquum
3118 3850 3390 3906 quamque
3418 3836 3702 3890 absurdum

2141 3926 2300 3991 foret,
2345 3930 2684 3998 exprobrare
2727 3930 2985 3986 Ecclesia:
3031 3932 3311 3986 catholica:
3355 3930 3568 3986 cultum
3604 3944 3701 3980 mu-

2137 4016 2334 4072 lierum
2384 4019 2626 4074 Montani
2694 4031 2859 4076 secta:
2910 4023 3270 4087 addictarum,
3321 4024 3451 4092 quia
3506 4021 3703 4076 scilicet

2137 4121 2342 4164 sancta:
2381 4111 2660 4180 Perpetua:
2697 4126 2754 4168 et
2788 4128 2993 4170 sancta:
3031 4115 3332 4170 Felicitatis
3368 4119 3506 4170 Acta
3549 4114 3704 4170 eolle~

2137 4215 2223 4255 t'ta
2249 4212 2379 4256 sunt
2409 4203 2477 4255 ab
2505 4205 2725 4258 homine
2762 4205 2897 4258 sicut
2928 4205 3252 4275 prophetiae,
3281 4217 3338 4260 ιιι
3364 4219 3452 4261 est
3491 4212 3546 4261 in
3582 4222 3704 4276 prat-

2138 4292 2364 4360 fatioue,
2420 4295 2498 4348 ita
2549 4305 2600 4348 et
2650 4298 2873 4352 visiones
2910 4315 3067 4352 noras
3101 4310 3431 4368 agnoscente
3455 4311 3512 4354 et
3547 4303 3704 4356 hono-

2139 4397 2316 4440 rante.
2357 4388 2578 4442 Difﬁcile
2610 4399 2695 4442 est
2723 4389 3072 4446 Montanistis
3113 4393 3354 4446 invidere
3381 4395 3702 4464 scriptorem

2139 4483 2212 4533 ita
2246 4480 2352 4534 illis
2387 4483 2728 4550 temporibus
2753 4485 2820 4539 de
2851 4487 3005 4538 novis
3029 4487 3326 4555 prophetiis
3357 4488 3701 4556 loquentem:

443 4586 696 4627 severare
725 4574 876 4638 licet,
911 4577 1185 4633 scribente
1223 4579 1538 4652 Apologiam
1579 4581 1931 4654 Athenagora
1973 4593 2029 4639 et

2146 4569 2376 4624 Montani
2405 4581 2731 4627 sectatorem
2778 4571 2948 4628 fuisse
2992 4579 3272 4630 contendit
3303 4576 3578 4646 Valesius,
3616 4593 3700 4632 ne-

444 4661 634 4716 multis
659 4672 781 4734 post
802 4668 984 4731 annis,
1004 4670 1247 4725 nondum
1267 4687 1364 4728 eos
1382 4674 1450 4728 ab
1475 4673 1722 4731 Ecclesia
1756 4679 2028 4732 catholica

441 4753 783 4811 discessisse.

519 4843 604 4898 Vl.
649 4847 776 4904 Haec
833 4863 1092 4908 accurate
1149 4856 1438 4926 explorare
1495 4870 1726 4917 conatus
1776 4879 1918 4930 sum,
1964 4877 2027 4918 ut

445 4936 746 4994 habeamus
773 4946 904 5011 quid
949 4945 1016 4999 de
1051 4946 1156 5002 lide
1186 4949 1548 5021 Athenagorae
1580 4963 1906 5009 statuamus.
1943 4959 2020 5012 Ac

450 5027 502 5081 1ο
525 5030 743 5097 quidem
801 5049 1124 5092 asseverare
1159 5054 1448 5108 possumus
1487 5045 1754 5098 secundas
1805 5048 2018 5116 nuptias

447 5119 519 5173 ab
570 5136 636 5175 eo
682 5123 905 5179 minime
966 5129 1254 5185 damnatas
1312 5133 1499 5187 fuisse.
1554 5135 1838 5202 Quomodo
1874 5139 2020 5192 enim

456 5213 578 5266 illas
611 5214 943 5281 damnasset,
983 5236 1119 5289 quas
1173 5237 1244 5276 ne
1297 5224 1584 5280 Montanus
1629 5229 1842 5296 quidem
1895 5240 2021 5286 tunc

366 5295 372 5302 ’
446 5307 710 5374 temporis
733 5310 1100 5365 condemnare
1139 5315 1412 5368 audebat?
1436 5316 1493 5368 2°
1529 5318 1749 5372 Etiamsi
1778 5321 2018 5376 Athena-

445 5412 607 5466 goras
637 5399 871 5454 Montani
924 5403 1173 5469 partibus
1205 5419 1264 5458 se
1307 5406 1642 5470 addixisset,
1679 5426 1782 5464 non
1835 5423 2016 5466 tamen

445 5490 592 5544 illius
640 5493 844 5546 nomini
898 5493 1047 5548 Iabes
1096 5497 1415 5550 schismatis
1464 5501 1728 5556 inhaerere
1769 5505 2013 5568 deberet,

443 5595 566 5632 cum
595 5597 737 5637 anno
775 5584 880 5640 176
912 5601 1020 5652 quo
1059 5587 1354 5653 scribebat,
1407 5606 1472 5645 ac
1527 5593 1770 5663 pluribus
1823 5607 2009 5664 postea

369 5673 372 5676 ’
444 5671 644 5742 elapsis
674 5679 830 5732 anuis
860 5681 1098 5734 neudmn
1130 5681 1193 5733 ad
1224 5692 1526 5737 extremum
1563 5687 1695 5740 illud
1736 5689 2010 5741 schisma-

514 5833 562 5866 ⁸ο
597 5836 711 5893 Lib.
745 5855 830 5906 ιιι,
877 5859 924 5897 c.
960 5845 1046 5910 ll,
1082 5862 1134 5899 ιι.
1168 5846 1220 5900 9.
1369 5846 1409 5877 “
1452 5846 1641 5902 Matth.
1679 5867 1792 5915 XIX,
1821 5850 1873 5905 9.

2133 4678 2227 4736 gat
2266 4666 2611 4722 Ruinartius.
2642 4669 2748 4734 Sed
2780 4670 2825 4724 si
2855 4673 2902 4726 is
2941 4671 3261 4726 Montanista
3303 4672 3427 4735 fuit,
3481 4691 3590 4730 non
3634 4675 3704 4728 id-

2130 4759 2278 4814 circo
2307 4759 2654 4816 Montanistis
2695 4774 2898 4817 sancta:
2945 4763 3052 4818 illa:
3091 4776 3358 4836 martyres
3401 4769 3701 4826 tradendis:

2133 4860 2230 4903 aut
2261 4864 2410 4906 certe
2440 4853 2692 4907 eamdem
2725 4863 2904 4906 notam
2955 4871 3060 4910 non
3107 4856 3326 4926 effugiet
3363 4858 3419 4913 S.
3478 4859 3702 4914 Rutilius

2128 4957 2361 5014 martyr,
2407 4960 2568 5014 quem
2599 4949 2844 5016 quidem,
2882 4952 2986 5003 etsi
3040 4950 3355 5006 Montanum
3393 4965 3699 5022 Sperneret,

2131 5039 2343 5104 magnis
2389 5047 2568 5093 tamen
2614 5041 2868 5096 laudibus
2915 5045 3133 5097 ornavit
3173 5043 3569 5111 Tertullianus,
3612 5046 3699 5101 lib.

2127 5127 2206 5181 De
2229 5131 2355 5197 fuga
2391 5131 2444 5182 in
2471 5147 2693 5199 parum,
2719 5148 2768 5186 c.
2802 5132 2856 5186 5.

2198 5225 2254 5278 2ο
2295 5225 2372 5278 Ne
2417 5227 2549 5282 illud
2599 5229 2818 5297 quidem
2874 5231 2980 5285 dici
3026 5241 3206 5302 potest
3250 5233 3612 5291 Montanistas
3641 5234 3704 5286 ab

2129 5318 2476 5390 Athenagora
2511 5321 2744 5390 rejectos
2787 5332 2845 5376 et
2873 5325 3155 5378 damnatos
3192 5342 3298 5380 non
3343 5326 3532 5384 fuisse.
3575 5326 3702 5381 Nam

2127 5410 2187 5466 S.
2215 5412 2469 5466 Clemens
2494 5414 2652 5471 Alex.
2705 5417 2849 5470 hanc
2889 5427 3093 5470 sectam
3141 5419 3284 5472 inter
3336 5421 3578 5476 haereses
3619 5438 3700 5473 re-

2123 5517 2330 5574 censet,
2379 5510 2472 5562 sed
2515 5521 2693 5565 tamen
2749 5514 3060 5581 prophetas,
3123 5515 3308 5568 itidem
3367 5527 3424 5569 ut
3463 5518 3704 5569 Athena-

2123 5614 2308 5668 goras,
2341 5605 2392 5655 iu
2438 5606 2644 5659 exstasi
2700 5607 2907 5662 locutos
2951 5611 3219 5678 agnoscit,
3261 5619 3316 5663 et
3363 5611 3696 5680 pseudopro-

2126 5694 2318 5755 phetas
2367 5711 2579 5760 omnes,
2620 5699 2714 5767 qui
2771 5711 2899 5754 aute
2948 5702 3224 5756 Christum
3271 5704 3512 5770 fuerant.
3559 5709 3698 5758 fures
