3764 6550
115 401 206 456 197

1127 398 1202 454 'D.
1240 397 1506 453 MAR'ANI
1543 397 1930 454 PliA‘I'FATlO.
1956 429 2025 438 -—
2054 397 2235 454 PARS
2274 397 2372 456 lli.

3240 408 3362 464 ’198

121 521 267 577 fuisse
294 519 482 590 probat
511 519 585 581 “,
611 519 734 588 quia
758 499 1338 589 revera'pmphetabant
1372 522 1426 574 in
1452 521 1682 591 exstasi,
1715 535 1762 591 Α
1794 534 1898 574 non
1938 520 1988 573 id
2024 520 2154 574 mihi
2187 519 2397 573 videtur
2431 517 2668 574 indicari
2695 528 2808 577 trcs
2858 520 2976 577 illos
3013 523 3360 590 patriarchas

116 615 352 669 nimirum
383 615 634 669 inuitante
685 624 740 668 et
784 613 1088 668 sull‘nrante
1124 615 1342 669 diabolo
1390 616 1674 683 propheti-

121 721 223 763 cam
251 704 526 758 exstasim.
570 704 704 758 Vide
737 703 795 759 S.
842 705 1186 759 Ambrosium
1221 705 1273 756 in
1303 705 1444 772 psal.
1477 721 1673 760 xxxix.

183 797 241 849 ’5⁸
275 794 412 848 Nihil
444 794 536 847 hic
569 795 927 864 Athenagora
964 810 1086 849 cum
1120 795 1472 849 Montanistis
1498 810 1522 848 -:
1557 805 1671 849 tota

114 883 183 937 illi
226 899 338 937 cum
390 883 629 938 ethnicis
683 884 1003 952 disputatio.
1052 885 1354 953 Prophetas
1401 896 1558 940 extra
1616 900 1675 940 se

118 987 282 1047 raptos
311 975 475 1030 fuisse
506 977 668 1039 dicit,
715 991 820 1031 non
862 978 1006 1046 quod
1050 992 1276 1031 necesse
1315 993 1436 1032 esse
1478 979 1674 1031 crede-

120 1078 280 1131 ret.ut
311 1069 358 1120 iu
409 1067 601 1135 spiritu
653 1068 806 1121 homo
855 1068 1195 1134 constitutus,
1250 1070 1413 1124 ut-ait
1457 1069 1674 1124 Tertul-

119 1162 272 1218 lianns
294 1157 596 1222 “(excidat
633 1176 812 1224 sensu,
853 1160 1199 1215 obumbratus
1237 1162 1438 1215 scilicet
1476 1163 1674 1217 virtute

124 1251 291 1313 dicina,
316 1252 409 1304 sed
439 1253 568 1319 quia
607 1269 730 1305 cum
761 1253 996 1306 exstasis
1031 1253 1084 1306 in
1121 1255 1401 1323 gentilium
1431 1255 1672 1310 oraculis

126 1343 288 1396 divinze
318 1343 694 1410 inspirationis
726 1352 851 1396 nota
884 1343 1202 1408 haberetur,
1240 1345 1534 1412 prophetas
1581 1346 1669 1398 di-

126 1436 294 1488 rinitns
323 1433 489 1488 fuisse
540 1435 842 1501 inSpiratos
873 1446 1196 1504 argumento
1229 1437 1296 1489 ad
1345 1451 1672 1506 permoven-

125 1527 204 1580 dos
254 1526 476 1596 gentiles
534 1526 730 1580 idoneo
781 1523 1016 1596 probare
1071 1528 1307 1582 volebat.
1347 1528 1671 1584 Non-multo

126 1616 257 1672 aliter
280 1617 484 1670 locutus
523 1618 576 1670 in
601 1616 988 1672 ~Cobortatione
1014 1615 1260 1672 lustinus
1290 1618 1356 1681 δ”,
1385 1618 1476 1687 qui
1503 1619 1668 1673 etiam

127 1708 310 1778 Sibylla:
343 1717 621 1777 potentem
658 1708 898 1763 amatum
938 1708 1142 1763 laudat.
1171 1711 1262 1763 Sic
1293 1711 1456 1764 etiam
1491 1711 1670 1768 Theo-

118 1799 292 1868 philus,
328 1798 425 1852 lib.
467 1814 528 1859 ll,
566 1815 621 1852 η.
657 1801 713 1854 9.
748 1800 892 1854 Idem
922 1800 1138 1855 Philoni
1169 1803 1386 1856 videtur
1422 1804 1669 1872 proposi-

1775 613 1966 666 eodem
2004 611 2074 665 Μ.
2106 612 2309 666 Aurelii
2342 626 2489 667 anno
2527 612 2730 668 electos
2771 613 2958 677 fuisse.
3011 615 3102 670 sed
3143 625 3359 672 tantum

1779 703 1974 757 eodem
2031 704 2151 758 illos
2191 714 2434 772 tempore
2478 705 2774 759 Ecclesiam
2807 707 3169 775 gubernasse.
3222 706 3356 760 Nam

1777 795 1822 847 si
1861 794 2084 848 Eusebii
2140 795 2304 848 verba
2355 797 2546 850 stricte
2587 807 2905 863 sumantur,
2975 813 3039 852 ex
3095 798 3180 851 his
3231 797 3360 851 illud

1777 884 1958 952 potius
1984 896 2264 952 sequetur,
2285 885 2399 952 jam
2428 895 2538 940 tum
2571 887 2878 942 Antiochia‘
2910 886 3158 942 ﬂoruisse
3183 888 3360 944 Theo-

1768 974 2008 1044 philum,
2037 991 2160 1030 cum
2205 976 2370 1031 Suter
2419 977 2670 1041 Aniceto.
2718 980 3048 1050 Agrippinus
3080 979 3357 1034 Celadioni

1774 1067 2059 1120 successit.

1840 1181 1912 1235 ll.
1953 1181 2164 1237 Prteter
2211 1182 2588 1252 quotidianum
2633 1185 2836 1240 laboris
2869 1201 2941 1242 ac
2975 1186 3357 1243 sollicitudinis

1767 1289 2028 1344 pensum,
2068 1274 2212 1343 quod
2250 1275 2504 1331 omnibus
2533 1276 2804 1344 episc0pis
2840 1277 3182 1344 impositum,
3211 1277 3356 1332 haud

1775 1382 1966 1436 parum
2003 1368 2207 1433 negotii
2243 1367 2496 1429 htereses,
2524 1384 2648 1437 qua:
2687 1379 2814 1423 tunc
2842 1369 3149 1424 Ecclesium
3181 1386 3357 1438 oppu-

1775 1457 2034 1525 gnabant,
2073 1457 2380 1526 Theophilo
2413 1466 2600 1513 nostro
2629 1459 2979 1513 addiderunt.
3030 1459 3182 1514 Illius
3216 1460 3354 1530 vigi-

1767 1546 1946 1602 lantia
1989 1557 2044 1603 et
2085 1549 2329 1604 excubiae
2379 1565 2478 1619 pro
2528 1551 2834 1604 commissis
2873 1551 3066 1606 ovibus
3118 1551 3356 1619 spectari

1777 1650 2004 1709 possunt
2043 1657 2110 1694 ex
2147 1641 2350 1705 studio,
2381 1641 2528 1710 quod
2575 1643 2627 1694 in
2679 1640 3036 1710 proﬂigandis
3082 1642 3356 1698 hatreticis

1774 1741 1830 1784 et
1857 1745 1886 1783 a
1915 1745 2080 1799 grege
2117 1746 2217 1783 suo
2254 1731 2572 1784 avertendis
2601 1730 2946 1798 signiﬁcavit.
2987 1732 3078 1784 Sic
3105 1734 3252 1786 enim
3288 1733 3357 1788 de

1778 1823 1866 1877 illo
1891 1823 2152 1877 Eusebius
2187 1821 2232 1852 “
2258 1840 2271 1874 :
2302 1821 2421 1874 Τῶν
2452 1837 2515 1891 γε
2550 1821 2653 1891 μὴν
2677 1821 2968 1893 αἱρετικῶν
2992 1822 3142 1875 οὐδὲν
3172 1826 3358 1896 χεῖρον

127 1900 219 1943 tum
250 1887 430 1954 fuisse,
457 1905 584 1943 cum
627 1891 694 1944 de
729 1892 1124 1960 prophetarum
1167 1894 1369 1946 exstasi
1406 1893 1665 1961 loquitur,

1838 1914 1866 1965 ri.
1920 1915 2039 1968 τότε
2089 1912 2340 1978 ζιζανίων
2393 1913 2548 1984 δίκην
2607 1914 3017 1984 λυμαινομένων
3075 1913 3165 1967 τὸν
3229 1915 3360 1969 εἱλι-

129 1995 286 2048 nempe
313 1989 366 2032 ut
393 1979 627 2047 gloriam
657 1989 712 2034 et
738 1983 904 2035 decus
936 1997 1122 2036 eorum
1143 1983 1370 2036 extollat
1401 1998 1464 2038 ac
1507 1984 1672 2052 inspi-

125 2073 357 2124 ratione!“
388 2072 605 2140 probet.
641 2073 761 2125 Vill.
794 2075 887 2127 lib.
926 2090 985 2137 11,
1023 2075 1176 2143 Legis
1215 2075 1463 2144 ollegor.,
1502 2090 1554 2141 p.
1578 2075 1669 2138 5‘2,

127 2173 169 2217 et
191 2163 367 2216 librum
394 2180 408 2216 :
447 2161 583 2227 Quis
607 2179 781 2217 rerum
810 2167 1110 2219 divinarum
1135 2166 1321 2220 Ita'res.

682 2257 911 2314 CAPUT
950 2259 1066 2313 XV.

184 2349 245 2403 De
271 2351 419 2416 gestis
450 2359 501 2404 et
527 2351 743 2418 scriptis
773 2354 943 2434 satiati
974 2352 1253 2434 .Tlteepltili
1290 2355 1598 2408 Amice/teni

759 2439 1007 2491 episcopi.

127 2511 1330 2593 1'Pfi‘i'lfﬁisiﬁnﬁ.S‘F‘?P§§?°i::‘3£‘§£lf‘?°i’h"l:
1351 2515 1413 2593 Π·
1426 2516 1515 2593 Ps
1528 2515 1668 2593 ibi)!

176 2576 423 2638 deperditis
449 2576 712 2638 operibus.
732 2576 817 2624 lll.
843 2576 1109 2636 Theophili
1135 2592 1230 2625 non
1256 2586 1372 2638 sunt
1417 2589 1666 2625 commen-

178 2631 272 2682 tarii
291 2639 335 2684 in
357 2631 658 2699 Evangelia.
683 2638 762 2686 ιν.
790 2640 890 2696 Qua
911 2631 1166 2686 occasione
1189 2637 1355 2698 scripti
1381 2640 1440 2686 ad
1459 2639 1668 2699 Autoly-

177 2706 405 2762 cumhtres
451 2698 587 2762 libri.
618 2700 674 2747 V.
702 2699 804 2747 Sub
843 2701 1089 2762 Commodi
1137 2702 1344 2762 imperio
1367 2701 1553 2760 srripti.
1583 2698 1662 2746 VI.

173 2759 805 2822 RefelliturDodwellusqui
829 2762 979 2809 alium
998 2759 1325 2823 Theophilum
1347 2759 1666 2821 excogitavit.

181 2842 215 2896 l.
253 2841 413 2899 Natus
449 2855 535 2898 est
582 2862 646 2900 ac
690 2835 968 2900 institutus
1009 2845 1342 2914 Theophilus
1384 2846 1437 2897 in
1474 2858 1666 2912 super-

128 2936 367 2989 stitionum
393 2938 742 2992 ethnicarum
786 2938 1057 3002 tenebris;
1089 2925 1340 3007 idemque
1378 2935 1456 2989 illi
1485 2934 1665 2989 conti-

129 3025 205 3092 git.
232 3028 358 3095 quod
390 3028 456 3082 de
483 3042 546 3082 se
583 3028 682 3096 ipsi
711 3026 962 3083 :iustinus
992 3039 1042 3083 ct
1070 3028 1352 3094 Tatianus,
1387 3030 1453 3082 de
1491 3028 1662 3080 Athe-

133 3133 295 3185 nagora
335 3118 636 3188 ‘Philippus
683 3119 869 3173 Sideta
926 3131 1238 3186 testantur,
1303 3130 1361 3174 ιιι
1421 3119 1662 3189 legendis

133 3209 391 3278 Scripturis
429 3215 494 3265 ad
542 3202 912 3266 Christianam
953 3212 1264 3282 religionem
1309 3221 1659 3267 convertere-

135 3309 217 3358 tur.
235 3303 360 3357 'llem
407 3305 523 3373 ipse
561 3304 644 3358 sic
675 3315 863 3358 narrat
889 3305 989 3358 sub
1024 3305 1181 3358 linem
1223 3305 1345 3358 libri
1387 3305 1547 3372 primi
1591 3304 1658 3356 ad

132 3393 400 3464 Autolymm
425 3414 444 3450 :
483 3414 502 3446 ι
537 3395 617 3450 Ne
643 3399 720 3451 sis
753 3397 930 3467 igitur
958 3395 1304 3458 incredulus,
1345 3396 1440 3448 sed
1487 3396 1666 3463 potius

132 3489 278 3540 crede.
309 3486 435 3542 Nam
471 3499 528 3544 et
566 3489 684 3558 ipse
733 3505 838 3543 non
875 3489 1162 3544 credebam
1204 3489 1662 3544 resurrectionem

133 3577 361 3647 futuram;
394 3584 487 3637 sed
531 3600 678 3638 nunc
716 3585 898 3649 credo,
937 3596 1226 3654 postquam
1256 3584 1370 3639 hare
1400 3585 1666 3639 attentius

134 3672 465 3740 consideravi;
517 3676 681 3730 simul
721 3677 863 3746 quod
905 3677 958 3729 in
1009 3693 1195 3731 sacras
1221 3675 1544 3745 Scripturas
1579 3679 1668 3731 in-

135 3765 216 3819 cidi
258 3778 558 3822 sanctorum
611 3771 1032 3840 prophetarum,
1089 3771 1181 3838 qui
1237 3784 1335 3839 per
1394 3769 1663 3839 Spiritum

135 3867 338 3911 sanctum
365 3871 418 3913 et
447 3860 724 3929 praeterita
766 3866 958 3916 eodem
989 3877 1096 3930 quo
1127 3872 1277 3931 gesta
1323 3872 1450 3914 sunt
1486 3864 1666 3924 modo,

135 3957 176 4000 et
202 3953 461 4016 prtcsentia
507 3955 701 4008 eodem
749 3969 856 4023 quo
898 3963 1166 4023 geruntur
1195 3951 1586 4024 prmdixeruut,
1614 3963 1670 4008 et

135 4035 280 4093 futura
303 4043 486 4098 eodem
518 4044 713 4100 ordine
743 4061 850 4116 quo
893 4045 1274 4114 peni-cientur.
1323 4045 1466 4099 Cum
1509 4046 1668 4114 igitur

135 4143 182 4181 ea
206 4147 305 4200 qua:
341 4137 608 4190 eveniunt
649 4148 706 4191 et
753 4137 1010 4206 praedicta
1067 4137 1200 4190 olitn
1249 4138 1669 4192 demonstratio-

139 4238 234 4277 nem
286 4228 401 4282 mihi
454 4230 786 4293 exhibeant;
835 4245 939 4284 non
1001 4245 1120 4284 sum
1182 4230 1517 4296 incredulus,
1573 4230 1668 4284 sed

139 4319 268 4370 credo
295 4321 675 4392 obtemperans
692 4321 831 4375 Deo.

187 4405 318 4465 Hunc
341 4411 699 4482 Theophilum
744 4412 1076 4477 Dod-wcllus,
1128 4426 1289 4480 quem
1330 4411 1472 4465 in‘l‘ra
1509 4411 1667 4465 refel-

139 4495 452 4568 lemus,just~o
493 4505 710 4575 longius
746 4505 814 4558 ab
845 4505 1146 4574 apostolica
1184 4513 1345 4558 tetale
1388 4517 1668 4557 removere

139 4598 181 4640 ct
199 4594 457 4659 episcopali
487 4599 756 4667 dignitate
793 4597 1029 4667 spoliare
1059 4611 1225 4651 ausus
1252 4605 1364 4662 est;
1401 4595 1491 4649 alii
1530 4611 1665 4649 non-

141 4683 240 4736 nulli
292 4703 405 4741 cum
465 4705 553 4755 eo,
613 4691 696 4745 cui
746 4691 914 4746 Actus
961 4690 1333 4761 apostolorum
1392 4687 1662 4756 inscripli.

141 4776 280 4829 minus
321 4781 447 4836 belle
488 4781 805 4838 confudere.
845 4782 1028 4853 Longe
1087 4783 1156 4835 ah
1207 4781 1308 4835 hoc
1357 4780 1662 4848 Tthphilo

142 4866 267 4922 distat
289 4871 369 4925 ille
399 4884 607 4938 noster,
638 4876 727 4944 qui
774 4885 986 4928 mortuo
1029 4873 1194 4928 Erote
1237 4872 1427 4942 quinto
1468 4873 1664 4926 Antio-

142 4957 243 5013 chia:
261 4964 516 5036 episcopo,
549 4969 694 5021 circa
719 4983 921 5020 annum
973 4967 1041 5019 Μ.
1073 4965 1278 5020 Aurelii
1311 4975 1588 5026 octavum,
1614 4966 1664 5018 id

141 5060 201 5101 est
225 5068 402 5108 annum
434 5059 634 5112 Christi
670 5060 788 5121 168.
820 5059 1181 5112 Antiochenm
1221 5057 1334 5110 sedi
1374 5055 1665 5125 praefectus

142 5135 232 5193 ῖίιῖι.
266 5142 502 5201 Testatur
543 5150 687 5201 enim
730 5149 994 5202 Eusebius
1037 5163 1183 5200 anno
1229 5147 1386 5216 hujus
1426 5147 1664 5215 impera-

143 5231 242 5284 toris
282 5246 462 5290 octavo
507 5239 689 5292 Romae
722 5238 968 5293 Sotercm
1021 5239 1273 5302 Aniceto,
1320 5237 1662 5292 Alexandriae

142 5318 367 5382 Celadioni
412 5331 761 5400 Agrippinum
810 5332 1183 5396 successisse;
1230 5346 1294 5383 ac
1350 5331 1532 5383 statim
1568 5331 1662 5383 ad-

144 5411 200 5461 dit
224 5413 298 5468 “2
334 5420 634 5492 Τηνικαῦτα
679 5423 772 5474 καὶ
814 5422 907 5475 ἐπὶ
934 5422 1031 5492 τῆς
1065 5420 1380 5491 Ἀντιοχέων
1433 5418 1660 5489 Ἐκκλη-

143 5500 474 5579 σίαςθεόιριλος
500 5514 652 5576 ἕκτος
685 5513 790 5567 ἀπὸ
820 5512 926 5566 τῶν
961 5513 1274 5566 ἀποστόλων
1309 5492 1657 5582 ἐγνωρίξετοο

149 5593 304 5652 ιΤιιιιε
351 5612 618 5657 autemet
673 5605 723 5656 in
774 5604 1115 5656 Antiocheua
1169 5601 1418 5656 Ecclesia
1473 5610 1659 5653 sextus

146 5683 194 5734 ab
215 5693 438 5757 apostolis
478 5693 806 5764 Theophilus
862 5693 1110 5748 ﬂorebat.
1163 5713 1178 5744 ι
1233 5694 1438 5760 Quibus
1478 5691 1660 5744 verbis

195 5823 230 5855 δ’
249 5825 452 5894 διτοιη..
477 5847 514 5892 ι,
541 5846 591 5896 p.
624 5830 744 5883 5’59.
786 5823 897 5879 υἰέ.
916 5841 965 5879 tv
987 5826 1237 5892 inhiare,
1257 5842 1306 5881 c.
1337 5825 1427 5879 ‘22.

1505 5824 1548 5854 "
1594 5821 1654 5876 Ν.
1687 5821 1719 5876 9
1748 5819 1917 5875 e157.

1773 2007 1931 2078 κρινῆ
1968 2007 2069 2076 τῆς
2105 2006 2466 2078 ἁποστολικῆς
2500 2006 2846 2070 διδασκαλίας
2880 2008 3102 2080 σπόρον,
3134 2010 3182 2060 oi
3223 2026 3360 2063 παν-

1773 2099 1967 2167 ταχόσε
1989 2097 2094 2150 τῶν
2113 2097 2451 2167 Ἐκκλησιῶν
2486 2097 2762 2167 ποιμένες,
2786 2096 2972 2169 ὥσπερ
2999 2095 3150 2162 τινὰς
3183 2097 3356 2169 θῆρας

1759 2189 1996 2260 ιάγρίους
2036 2192 2142 2243 τῶν
2188 2189 2282 2244 τοῦ
2325 2189 2560 2261 Χριστοῦ
2623 2190 2908 2262 προϐάτων
2959 2189 3356 2253 ἀποσοϐοῦντες

1769 2280 1964 2344 αὐτοὺς
1994 2283 2261 2354 ἀνεῖργονο
2299 2282 2420 2334 τοτὲ
2450 2281 2568 2352 μὲν,
2613 2285 2729 2344 ταῖς
2763 2277 2907 2353 πρὸς
2927 2283 3052 2344 τοὺς
3094 2281 3356 2349 ἀδελφοὺς

1763 2368 2070 2434 νουθεσίαις
2115 2372 2211 2426 καὶ
2256 2371 2628 2442 παραινέσεσι·
2676 2372 2797 2424 τοτὲ
2839 2371 2918 2433 δὲ,
2965 2370 3104 2442 πρὸς
3152 2371 3356 2433 αὐτοὺς

1767 2466 2100 2536 γυμνότερον
2134 2463 2509 2534 ἀποδυόμενοι,
2535 2463 2804 2533 ἀγράφοις
2840 2480 2897 2514 τε
2939 2465 3019 2526 εἰς
3063 2463 3357 2535 πρόσωπον

1768 2553 2028 2627 ζητήσεσι
2058 2553 2152 2607 καὶ
2190 2555 2545 2622 ἀνατροπαίςο
2598 2553 2698 2624 ἤδη
2747 2552 2801 2605 δὲ
2832 2552 2926 2604 καὶ
2959 2551 3026 2604 δι’
3063 2551 3356 2623 ἐγγράφων

1755 2647 2176 2719 ὑπομνημάτων
2222 2645 2319 2708 τὰς
2360 2645 2515 2709 δόξας
2555 2645 2734 2698 αὐτῶν
2779 2643 3355 2714 ἁκριϐεστάτοιςὲλέγ-

1760 2759 1878 2812 χοις
1941 2738 2331 2800 διευθύνοντες.
2362 2738 2428 2790 Ὅ
2453 2737 2514 2805 γέ
2543 2755 2622 2790 τοι
2646 2736 2903 2805 Θεόφιλος
2923 2737 3020 2790 σὺν
3042 2739 3154 2800 τοῖς
3168 2736 3354 2800 ἄλλοις

1765 2831 1904 2886 κατὰ
1933 2833 2135 2884 τούτων
2170 2829 2642 2902 στρατευσάμενος
2687 2828 2847 2898 δῆλός
2883 2831 3030 2881 ἐστιν
3058 2829 3166 2882 ἀπό
3209 2845 3352 2892 τινος

1762 2924 1862 2976 οὐκ
1896 2922 2136 2990 ἀγεννῶς
2171 2919 2318 2990 αὐτῴ
2341 2921 2482 2975 κατὰ
2502 2920 2828 2992 Μαρκίωνος
2856 2917 3140 2990 πεπονημέ
3152 2935 3233 2971 κου
3267 2915 3356 2970 λό-

1761 3032 1882 3083 γου,
1906 3014 1964 3078 ὃς
2001 3014 2096 3067 καὶ
2135 3014 2298 3077 αὐτὸς
2346 3011 2464 3082 μεθ’
2508 3007 2583 3066 ὧν
2615 3011 2789 3066 ἄλλων
2830 3012 3146 3082 εἰρήκαμεν,
3185 3009 3354 3063 εἰσέτι

1761 3108 1855 3160 νῦν
1901 3107 2283 3161 ὃιασέσωσται.
2317 3105 2516 3160 Τοῦτον
2555 3105 2650 3176 μὲν
2695 3101 2786 3158 οὖν
2823 3103 3050 3173 ἕϐδομος
3093 3102 3204 3156 ἀπὸ
3244 3102 3352 3156 τῶν

1761 3201 2068 3254 ἀποστόλων
2084 3201 2182 3271 τῆς
2199 3200 2508 3271 Ἀντιοχέων
2525 3198 2848 3268 Ἐκκλησίας
2862 3197 3162 3268 διαδέχεται
3179 3195 3352 3263 Μαξί-

1771 3297 1942 3364 μῖνος.
1987 3312 2003 3345 ι
2045 3293 2214 3348 Porro
2246 3309 2366 3346 cum
2405 3293 2761 3346 nihilominus
2800 3292 2904 3346 hac
2932 3292 3098 3345 etiam
3145 3299 3352 3359 tempe-

1769 3397 1910 3440 state
1956 3382 2194 3441 hteretici
2240 3385 2580 3439 zizaniorum
2623 3384 2796 3438 instar
2829 3385 3098 3438 sinceram
3123 3392 3351 3451 aposto-

1765 3478 1885 3531 lica:
1909 3478 2168 3531 doctrina:
2191 3486 2490 3531 sementem
2513 3475 2938 3538 .label'actarent,
2978 3475 3345 3530 Eeclcsiarum

1772 3576 1886 3620 toto
1911 3568 2044 3620 orbe
2075 3576 2338 3634 pastores,
2366 3581 2465 3620 eos
2499 3573 2757 3634 tanquam
2785 3565 2933 3619 feras
2965 3576 3128 3633 atque
3153 3565 3350 3618 imma-

1770 3673 1868 3711 nes
1906 3658 2116 3712 belluas
2159 3659 2226 3711 ab
2273 3658 2399 3710 ovili
2452 3657 2658 3710 Christi
2709 3655 2898 3724 fugare
2944 3663 3109 3722 atque
3155 3666 3349 3707 arcere

1772 3751 2180 3819 properabant;
2243 3748 2442 3818 partim
2499 3747 2770 3801 hortando
2829 3755 2886 3800 et
2951 3744 3346 3800 commonendo

1772 3842 1995 3905 fratres,
2049 3840 2248 3910 partim
2301 3841 2562 3894 adversus
2613 3839 2761 3908 ipsos
2802 3837 3092 3892 haereticos
3132 3836 3347 3890 fortiter

1769 3933 2153 3987 colluctando:
2191 3947 2332 4002 quos
2375 3931 2459 3986 vel
2489 3929 2783 3999 propositis
2815 3929 3072 3982 cominus
3109 3928 3346 3982 interro-

1775 4026 2092 4095 gationibus
2121 4025 2242 4079 vi-va
2274 4038 2426 4087 voce,
2461 4023 2542 4078 vel
2572 4022 2728 4076 libris
2763 4017 3175 4074 accuratissime
3203 4016 3344 4072 scri-

1774 4121 1905 4188 ptis,
1950 4119 2238 4188 opiniones
2306 4131 2494 4172 eorum
2565 4111 2906 4176 refellendo,
2960 4107 3343 4165 confutabant.

1773 4212 2113 4280 Theophilus
2147 4210 2313 4280 igitur
2345 4225 2451 4262 una
2483 4222 2605 4261 cum
2647 4204 2861 4258 caeteris
2909 4202 3172 4255 adversus
3223 4199 3346 4253 illos

1771 4305 2060 4356 haereticos
2087 4300 2432 4371 depugnavit,
2463 4309 2520 4350 ut
2564 4305 2773 4351 constat
2823 4309 2889 4348 ex
2920 4294 3157 4362 quodam
3199 4291 3344 4344 illius

1767 4394 1910 4450 libro
1959 4394 2378 4460 haudquaquam
2424 4388 2749 4458 spernendo.
2782 4400 2940 4452 quem
2975 4393 3166 4437 multa
3195 4381 3339 4435 Μαῖα

1771 4484 1988 4538 cionem
2018 4481 2344 4544 elaboravit,
2384 4479 2475 4546 qui
2520 4477 2661 4530 liber
2696 4490 2821 4529 cum
2853 4472 2979 4526 aliis
3005 4487 3142 4540 quos
3176 4470 3340 4527 retuli

1769 4575 2064 4627 etiamnum
2115 4580 2312 4625 exstat.
2363 4589 2382 4622 ι
2426 4570 2732 4638 Scripserat
2775 4565 2942 4619 etiam
2985 4562 3342 4632 Theophilus,

1695 4633 2005 4720 I)Eusebio
2055 4673 2110 4718 et
2178 4664 2510 4734 Hieronymo
2555 4659 2804 4724 testibus,
2855 4657 3022 4712 alium
3082 4657 3342 4712 adversus

1772 4757 2125 4824 Hermogenis
2165 4756 2414 4810 hmresim
2447 4755 2668 4816 librum,
2695 4752 2748 4806 in
2785 4765 2892 4822 quo
2923 4747 3254 4805 testimoniis
3275 4761 3344 4801 ex

1766 4847 1996 4902 Joannis
2031 4846 2355 4918 Apocalypsi
2405 4845 2706 4914 desumptis
2752 4845 3033 4898 utebatur.
3072 4840 3206 4894 Cum
3256 4838 3342 4892 his

1768 4946 2029 5009 adversus
2059 4943 2345 5002 haereticos
2371 4937 2884 4992 elucubrationibus
2937 4929 3200 4988 interiére
3248 4929 3341 4984 alii

1767 5037 2006 5103 ejusdem
2033 5035 2173 5097 libri,
2192 5037 2245 5086 in
2274 5034 2463 5103 quibus
2491 5031 2744 5083 elementa
2767 5028 2893 5094 ﬁdei
2916 5027 3152 5093 exposita
3175 5023 3342 5094 fuisse

1769 5138 1998 5182 testatur
2023 5126 2290 5180 Eusebius
2332 5142 2347 5178 :
2389 5124 2499 5176 Καὶ
2534 5123 2698 5194 ’ἐτερα
2735 5122 2792 5174 δέ
2834 5137 2956 5174 τινα
2998 5115 3342 5189 κατηχητικὰ

1769 5220 1932 5275 αὑτοῦ
1991 5219 2190 5290 βιϐλία,
2247 5220 2380 5279 sive,
2425 5226 2481 5269 ut
2523 5216 2917 5284 interpretatur
2951 5212 3339 5278 Hieronymus.

1769 5315 1940 5366 breves
1987 5315 2344 5380 elegantesque
2378 5318 2635 5361 tractatus
2683 5306 2751 5358 od
2793 5305 3189 5371 adi/irationem
3229 5297 3340 5351 Ec-

1767 5407 1942 5459 clesirc
1974 5408 2312 5475 pertinentes.
2398 5430 2401 5432 -

1837 5497 2006 5552 Forte
2060 5499 2111 5549 in
2164 5497 2247 5548 his
2296 5493 2812 5563 pertractationitms
2861 5482 3176 5541 nmneraudi
3208 5491 3340 5534 sunt

1769 5592 1918 5654 libri,
1956 5607 2097 5660 quos
2129 5607 2156 5641 a
2192 5604 2252 5642 se
2306 5588 2538 5657 scriptos
2588 5592 2820 5638 testatur
2858 5576 3217 5645 Theophilus.
3279 5571 3336 5660 In

1763 5685 1857 5738 lib.
1898 5700 1935 5737 tt
1969 5659 2044 5736 .dd
2086 5681 2399 5750 Autolycum
2443 5681 2572 5732 citat
2619 5676 2855 5743 primum
2907 5668 2978 5722 De
3010 5664 3247 5720 historiis
3273 5659 3336 5713 li-

1991 5815 2218 5881 "llist.,
2243 5815 2499 5879 lib.tv,c.
2538 5810 2603 5864 19
2635 5819 2688 5863 et
2713 5808 2799 5862 ‘20.
2880 5807 2922 5838 ³⁸
2959 5805 3120 5867 llist.,
3145 5798 3334 5862 mea.
