3764 6494
458 396 562 451 199

1370 393 1430 448 S.
1469 393 1804 450 JUSTINUS
1837 388 2320 446 PHILOSOPHUS
2354 387 2441 442 ET
2481 385 2793 441 MARTYR.

3601 377 3706 430 28ft

457 519 639 577 brum.
673 517 725 569 in
759 529 867 584 quo
898 514 963 568 de
1011 512 1450 584 generationibus
1495 514 1798 582 primorum
1837 513 2020 565 homi-
2055 518 2099 572 Α
2133 508 2438 576 apostolum
2490 506 2798 576 episcOpns,
2844 501 2934 571 qui
2981 508 3220 569 quatuor
3246 497 3702 566 evangelistarnm

458 625 588 660 num
617 615 823 677 egerat.
847 607 938 659 Sic
972 615 1150 658 autem
1187 603 1606 672 loquitur,num.
1638 605 1748 658 '50:
1780 605 1887 656 Καὶ
1919 604 2029 673 γὰρ

457 702 520 752 ἐκ
553 699 749 770 μέρους
781 698 879 770 ἤδη
909 698 1195 768 γεγένηται
1253 697 1380 766 ἡμῖν
1413 695 1567 762 λόγος
1599 699 1654 748 ὲν
1688 697 1856 766 ἑτέρῳ
1887 695 2029 764 λόγῳ

455 791 530 854 ὡς
593 791 776 844 ὲπάνω
835 791 1262 861 προειρήκαμεν,
1298 788 1397 856 τῆς
1429 787 1777 854 γενεαλογίας
1811 789 1842 856 ἠ
1877 786 2030 850 τάξις

458 885 516 934 ὲν
548 885 611 952 τῇ
649 878 838 953 πρώτῃ
875 881 1039 951 βίϐλῳ
1072 882 1136 949 τῇ
1171 879 1303 944 περὶ
1342 877 1638 945 ἱστοριῶν.
1682 896 1699 928 ι
1737 877 1853 932 Jam
1881 880 2024 930 enim

459 989 486 1025 a
515 975 669 1026 nobis
700 975 877 1042 aliqua
911 989 976 1026 ex
1007 985 1164 1042 parte
1189 973 1436 1027 instituta
1469 981 1552 1024 est
1581 972 1694 1023 hate
1727 970 2028 1037 disputatio

463 1067 516 1119 in
551 1068 659 1118 alio
699 1083 884 1136 opere,
913 1079 971 1119 ιιι
998 1084 1159 1136 supra
1187 1069 1440 1126 diximus.
1477 1084 1669 1136 nempe
1696 1068 2029 1136 gent-alogia:

458 1159 630 1210 series
663 1157 714 1210 in
759 1160 934 1225 pritno
965 1158 1039 1212 De
1091 1160 1329 1211 historiis
1368 1158 1527 1211 libro.
1559 1179 1576 1210 ι
1608 1159 1694 1210 Ait
1722 1157 1882 1226 paulo
1909 1165 2028 1225 post

457 1264 516 1300 se
549 1249 601 1301 in
637 1250 825 1303 eodem
860 1251 996 1304 libro
1026 1251 1204 1320 egisse
1244 1253 1308 1305 de
1351 1251 1512 1304 rebus
1561 1249 1696 1304 Noe.
1745 1250 1893 1303 Libri
1951 1250 2024 1304 illi

458 1339 843 1403 Historiarum,
879 1358 1111 1410 quorum
1146 1342 1198 1394 in
1251 1343 1426 1411 primo
1456 1341 1794 1410 Theophilus
1824 1356 2025 1410 genea-

457 1431 614 1503 logia:
646 1435 842 1487 seriem
879 1436 1120 1498 texebat,
1150 1435 1399 1502 inscripti
1453 1435 1704 1487 videntur
1737 1433 1902 1486 fuisse
1925 1431 2027 1486 Ce-

455 1525 594 1577 nesis
627 1526 832 1580 mundi.
868 1527 956 1579 Ait
985 1527 1155 1590 enim,
1193 1543 1246 1579 ιι.
1277 1528 1368 1590 28,
1415 1541 1472 1580 se
1497 1527 1918 1595 disputationem
1953 1525 2022 1578 de

456 1616 700 1668 themone
736 1617 1180 1684 prietermittere,
1213 1618 1339 1685 quia
1391 1617 1548 1686 longa
1601 1627 1683 1670 est
1723 1616 1924 1680 oratio,
1961 1630 2022 1667 ac

454 1721 516 1758 ea
552 1707 618 1758 de
667 1722 724 1758 re
757 1707 882 1758 alibi
934 1708 1068 1775 egit.
1107 1706 1251 1769 Mox,
1297 1725 1350 1760 n.
1386 1707 1478 1771 29,
1511 1707 1587 1760 sic
1631 1697 1870 1775 loquitur
1902 1724 1914 1758 :
1943 1705 2024 1757 Τὰ

458 1797 555 1866 μὲν
587 1791 680 1848 οὖν
713 1795 829 1848 κατ’
861 1795 1054 1858 αὐτοὺς
1087 1795 1253 1847 πλείω
1275 1795 1385 1865 ἔχει
1416 1795 1514 1865 τὴν
1539 1793 1799 1863 ἱστορίαν,
1831 1793 1891 1845 οὗ
1920 1791 2024 1862 μὴν

2133 603 2185 654 itt
2233 618 2398 654 unum
2430 614 2565 667 opus
2589 599 2729 650 dicta
2759 597 3137 664 compingens,
3178 592 3376 660 ingenii
3423 592 3504 644 sui
3553 594 3705 644 nobis

2133 701 2481 746 monumenta
2528 688 2752 753 dimisit,
2814 688 2927 741 h:ec
2973 700 3141 754 super
3187 683 3289 736 hac
3354 683 3617 751 parabola
3652 683 3701 732 in

2130 783 2245 834 suis
2268 777 2678 834 commentariis
2723 787 2807 830 est
2851 776 3086 829 locutus.
3123 790 3142 824 ι
3181 773 3297 827 Duo
3326 787 3455 840 ergo
3485 773 3700 825 naVavit

2131 870 2505 940 Theotihilus:
2555 869 2732 936 primo
2781 866 3240 936 evangelistarum
3291 865 3438 918 dicta
3467 864 3702 930 collegit,

2128 973 2184 1015 ct
2227 978 2347 1028 qua:
2380 961 2580 1014 similia
2635 969 2792 1012 erant
2842 959 2916 1012 ita
2970 957 3278 1024 contexuit,
3324 955 3487 1025 quasi
3542 972 3704 1008 unum

2128 1063 2312 1106 essent
2343 1067 2499 1120 opus.
2559 1051 2760 1104 Deinde
2805 1052 3232 1104 commentarios
3279 1062 3407 1101 suos
3431 1046 3701 1114 adjunxit.

2128 1143 2274 1211 Opus
2304 1143 2544 1212 profecto
2577 1141 2732 1210 longe
2765 1143 2832 1194 ab
2857 1158 2921 1196 eo
2944 1143 3222 1196 diversum
3255 1141 3400 1209 quod
3429 1138 3700 1193 Tatianus

2127 1235 2461 1297 elaboravit;
2494 1248 2594 1287 nec
2621 1235 2816 1285 merito
2846 1235 3152 1300 suspicatus
3183 1243 3267 1286 est
3312 1230 3565 1285 Valesius
3596 1245 3703 1283 me-

2129 1328 2301 1381 moria
2348 1327 2559 1396 lapsntn
2588 1340 2710 1378 esse
2748 1324 3160 1396 Hieronymum,
3192 1335 3246 1378 et
3285 1323 3590 1392 Theophila
3620 1334 3701 1376 at-

2132 1419 2395 1472 tribuisse
2448 1433 2583 1486 opus
2628 1415 2868 1469 Tatiani.
2925 1413 3058 1468 Nam
3108 1414 3373 1470 Tatianus
3425 1429 3701 1468 commen-

2129 1510 2300 1563 tarios
2394 1525 2498 1562 non
2577 1507 2902 1575 adjnnxerat
2981 1507 3445 1576 evangelistarum
3520 1505 3699 1558 dictis.

2127 1599 2328 1654 Narrat
2369 1599 2494 1652 alibi
2534 1599 2903 1668 Hieronymus
2939 1599 3138 1668 legisse
3174 1614 3233 1653 se
3282 1600 3700 1654 commentarios

2127 1689 2410 1759 TheOphili
2431 1689 2496 1745 ".

2200 1781 2274 1834 Ex
2311 1782 2414 1836 hac
2452 1779 2839 1835 observatione
2872 1778 3003 1833 illud
3043 1779 3209 1832 etiam
3240 1779 3591 1834 manifestum
3621 1780 3700 1839 fit,

453 1887 588 1939 ἀλλὰ
619 1887 711 1940 καὶ
745 1887 840 1958 τὴν
870 1885 1175 1955 οίκονομίαν
1207 1887 1304 1956 τῆς
1335 1885 1646 1955 ἐξηγήσεως
1671 1902 1682 1913 °
1719 1885 1797 1936 διὸ
1829 1884 1896 1935 τὰ
1931 1883 2026 1953 τῆς
2058 1856 2100 1910 Β
2129 1873 2171 1927 Τ

2200 1874 2430 1942 teophilo
2463 1883 2648 1926 nostro
2679 1873 2905 1925 attribui
2962 1890 3066 1926 non
3128 1887 3286 1935 posse
3340 1872 3539 1924 breves
3587 1869 3702 1922 illos

456 1977 695 2048 ἱστορίας
726 1976 944 2030 δύναται
974 1976 1354 2046 ἀκριϐέστερον
1373 1974 1578 2039 διδάξαι
1611 1973 1746 2044 αὖτὴ
1783 1975 1814 2043 η
1851 1972 2028 2041 βίϐλος

454 2071 572 2140 ἣτις
607 2067 1231 2140 ἐπιγράφεταιΓένεσις
1265 2069 1512 2136 κόσμου.
1544 2085 1562 2118 s
1600 2067 1678 2120 Ac
1702 2082 1762 2118 ea
1786 2066 2026 2133 quidem,

456 2178 575 2230 qua:
606 2163 672 2214 ad
708 2162 824 2215 illos
862 2171 1110 2229 spectant
1140 2159 1384 2229 (Abelem
1423 2169 1479 2212 et
1514 2158 1674 2226 Cain)
1730 2157 2021 2225 plurimam

457 2252 656 2305 habent
714 2252 1021 2313 historiam,
1083 2251 1191 2304 imo
1247 2249 1580 2303 narrationis
1620 2249 2023 2303 oeconomiam:

455 2357 624 2408 quare
674 2341 912 2394 discendi
974 2342 1201 2409 cupidos
1250 2341 1566 2394 accuratius
1610 2348 1788 2408 potest
1833 2338 1898 2391 de
1925 2339 2027 2392 hac

456 2431 682 2485 historia
718 2433 852 2484 liber
891 2433 1024 2499 ipse,
1051 2432 1139 2498 qui
1182 2429 1393 2484 Genesis
1450 2430 1634 2482 mundi
1686 2429 2024 2492 inscribitur,

457 2526 712 2578 educere.
754 2545 772 2574 ι
811 2524 1036 2578 Videtur
1073 2526 1246 2594 prima
1279 2512 1461 2594 specie
1513 2525 1602 2577 hic
1649 2523 1878 2577 indicari
1917 2522 2028 2590 pri-

455 2633 575 2668 mus
633 2616 980 2670 Pentateuchi
1040 2619 1213 2682 liber,
1266 2633 1426 2686 quem
1494 2615 1744 2671 eruditus
1793 2616 2024 2670 Wolﬁus

454 2707 710 2762 Cenesim
750 2711 932 2762 mundi
969 2711 1222 2764 observat
1258 2709 1519 2779 appellari
1557 2710 1610 2762 in
1648 2724 1750 2762 ms.
1783 2707 2024 2760 Alexan-

456 2799 616 2852 drino
644 2810 696 2853 et
726 2802 866 2866 apud
902 2801 1258 2870 Epiphaninm
1312 2802 1365 2854 in
1399 2801 1536 2854 libro
1574 2799 1650 2853 De
1696 2798 2021 2867 ponderibus

452 2902 502 2943 et
536 2893 812 2946 mensuris.
850 2891 940 2945 lite
970 2909 1152 2957 voces,
1205 2892 1336 2946 liber
1379 2894 1509 2960 ipse,
1543 2893 1714 2959 ipsam
1763 2890 2023 2944 Cenesim

456 2993 584 3050 apte
619 2983 928 3051 designant,
968 2993 1025 3035 ut
1057 2984 1256 3037 fontem
1303 2999 1366 3036 ex
1399 2997 1507 3052 quo
1529 2983 1708 3037 omnis
1739 2982 1807 3036 de
1831 2982 1916 3034 bis
1940 2995 2028 3033 re-

462 3073 562 3124 bus
590 3074 884 3142 disputatio
921 3074 1233 3127 deducitur.
1287 3073 1392 3126 Sed
1435 3082 1614 3126 tamen
1648 3088 1770 3125 cum
1814 3071 2026 3139 primus

457 3164 810 3220 Pentateuchi
840 3165 977 3218 liber
1007 3181 1108 3218 non
1139 3164 1311 3218 soleat
1342 3165 1591 3230 inscribi,
1625 3163 1841 3218 Genesis
1882 3179 2028 3215 inun-

455 3259 530 3322 di,
562 3261 654 3311 sed
686 3265 892 3309 tantum
927 3253 1163 3320 Genesis,
1205 3255 1340 3308 nihil
1374 3255 1697 3325 prohibebat
1742 3255 2022 3322 TlteOphi—

457 3349 565 3402 lum
631 3348 922 3416 quominus
983 3362 1120 3413 Opus
1176 3361 1334 3400 suum
1396 3347 1726 3400 inscriberet
1781 3343 2024 3398 Genesim

455 3442 678 3504 mundi;
703 3450 756 3494 et
788 3456 910 3492 cum
949 3439 1108 3508 paulo
1137 3451 1262 3491 ante
1287 3439 1519 3492 dixisset
1549 3453 1610 3492 se
1643 3438 1696 3490 in
1717 3438 1826 3490 alio
1858 3451 2026 3506 opere

454 3531 631 3600 egisse
657 3538 721 3584 de
744 3532 1008 3595 dartnone,
1032 3530 1120 3598 qui
1147 3530 1318 3582 Adam
1347 3538 1400 3582 et
1427 3529 1589 3582 Evam
1619 3530 1873 3589 tentavit,
1899 3542 2024 3581 mox

458 3624 698 3677 discendi
719 3623 948 3691 cupidos
975 3621 1042 3674 ad
1072 3623 1246 3691 ipsum
1281 3621 1481 3674 librum
1510 3621 1786 3674 dimittere
1821 3621 2021 3689 potuit.

455 3716 560 3771 Sed
580 3715 722 3784 quod
752 3715 881 3768 tnihi
912 3714 1291 3768 necessitatem
1317 3712 1548 3782 imponit
1569 3712 1726 3779 hujus
1757 3712 1904 3777 libri,
1931 3714 2021 3782 qui

458 3807 868 3860 inscribebatur
935 3803 1151 3857 Genesis
1209 3804 1427 3867 mundi,
1498 3803 1800 3872 Tbeophilo
1858 3806 2023 3857 attri-

455 3901 690 3961 buendi;
734 3914 856 3952 cum
915 3895 1250 3965 Theophilus
1307 3898 1478 3959 dicat,
1535 3912 1588 3949 ιι.
1624 3897 1718 3958 30,
1747 3913 1774 3949 a
1816 3911 1875 3950 se
1906 3897 2022 3965 jam

453 3992 682 4045 citatum
712 3989 879 4042 fuisse
903 3987 1098 4042 librum
1128 3989 1179 4040 in
1207 4004 1314 4056 quo
1341 3989 1406 4041 de
1429 3989 1762 4058 genealogiis
1790 3991 2022 4056 agebat;

457 4084 636 4136 tmllns
669 4083 809 4136 alios
837 4082 1078 4136 occurrit
1134 4081 1309 4143 locus,
1357 4081 1410 4133 in
1443 4095 1555 4148 quo
1586 4080 1692 4134 hoc
1725 4095 1864 4148 opus
1891 4081 2025 4133 citet

457 4185 656 4243 przeter
706 4189 856 4240 eum,
904 4174 958 4227 in
1011 4189 1120 4241 quo
1152 4171 1366 4242 legendi
1400 4173 1674 4226 studiosos
1702 4171 1922 4225 dimittit
1956 4172 2023 4226 ad

457 4265 697 4320 Genesim
750 4267 957 4328 mundi,
987 4265 1120 4319 Cutn
1153 4265 1220 4318 de
1273 4266 1436 4319 rebus
1473 4262 1583 4316 Noe
1613 4262 1852 4316 declaret
1881 4275 1940 4316 se
1968 4262 2022 4316 in

455 4358 642 4411 eodem
680 4356 820 4409 libro
845 4356 1046 4424 egisse,
1086 4371 1192 4410 non
1227 4354 1392 4408 alium
1425 4354 1643 4407 videtur
1696 4353 1939 4407 indicare
1967 4353 2022 4406 in

455 4449 596 4502 libro
656 4449 837 4512 tertio,
894 4463 1044 4500 num.
1094 4447 1181 4508 19,
1238 4446 1330 4499 ubi
1394 4446 1472 4498 ait
1525 4459 1586 4498 se
1621 4444 1746 4498 alibi
1794 4446 2022 4499 demon-

2131 1967 2582 2026 contrlentarios,
2619 1969 2712 2035 qui
2744 1967 2842 2021 sub
2867 1965 2988 2034 eius
3016 1966 3235 2018 nomine
3263 1965 3317 2018 in
3351 1963 3702 2018 Bibliothecis

2128 2057 2351 2112 Patrum
2384 2059 2516 2112 editi
2545 2058 2786 2127 singulos
2829 2058 3192 2127 evangelistas
3222 2057 3525 2124 separatim
3557 2057 3703 2110 libris

2128 2159 2362 2219 quatuor
2393 2160 2689 2219 exponunt.
2724 2149 2992 2203 Prmterea
3037 2149 3160 2217 quis
3189 2146 3444 2201 Latinum
3474 2149 3703 2215 scripto-

2130 2255 2243 2294 rem
2277 2255 2382 2293 non
2419 2251 2678 2308 agnoscat
2721 2243 2806 2294 his
2843 2241 2894 2292 in
2933 2239 3207 2293 verbis"?
3243 2258 3260 2289 s
3302 2238 3409 2294 Per
3440 2240 3574 2301 iota,
3599 2239 3697 2293 Ve—

2132 2341 2218 2387 tus
2247 2333 2522 2402 significat
2548 2333 2979 2399 Testamentum,
2999 2349 3106 2402 quo
3136 2333 3440 2402 Decalogus
3464 2335 3701 2387 contine-

2132 2436 2251 2491 tur;
2289 2428 2396 2480 iota
2441 2427 2586 2481 enim
2615 2442 2716 2496 pro
2747 2429 2930 2481 decem
2977 2439 3062 2482 est
3107 2429 3246 2495 apud
3278 2425 3526 2482 Graecos.
3557 2431 3698 2495 Apes

2128 2527 2310 2572 autem
2363 2529 2600 2588 quatuor
2657 2521 2866 2575 litteras
2913 2522 3140 2586 habens,
3195 2536 3293 2592 per
3344 2522 3696 2593 Evangeliuai

2128 2612 2488 2680 quadruplex,
2544 2611 2951 2668 Testamentum
3003 2614 3208 2668 indicat
3257 2614 3494 2670 Novum.
3549 2634 3569 2668 s
3608 2615 3698 2669 "is

2129 2703 2269 2755 adde
2305 2703 2560 2756 nonnulla
2611 2704 2662 2757 in
2717 2705 2802 2759 his
2858 2707 3276 2759 commentariis
3306 2721 3605 2764 occurrere
3636 2724 3697 2760 ex

2127 2793 2342 2851 Latinis
2389 2795 2644 2851 Patribus
2688 2798 2971 2868 desumpta
2990 2800 3032 2830 ⁸⁹
3058 2816 3073 2866 ;
3102 2815 3166 2853 ex
3207 2798 3546 2870 llierooymo
3574 2817 3700 2869 qna-

2129 2899 2256 2942 tnor
2284 2905 2504 2955 causas,
2534 2906 2632 2944 cur
2655 2908 2719 2945 ex
2748 2893 3075 2962 desponsata
3125 2892 3382 2946 Christus
3413 2905 3578 2947 natus
3609 2896 3697 2954 sit,

2128 2995 2196 3035 ex
2230 2982 2289 3036 S.
2342 2983 2601 3052 Cypriani
2653 2983 2881 3052 epistola
2914 2985 2980 3036 ad
3020 2983 3270 3053 Magnum
3320 2984 3591 3055 insignem
3628 2985 3700 3037 Io-

2128 3088 2247 3126 cum
2292 3076 2360 3129 de
2409 3091 2640 3144 corpore
2680 3086 2734 3130 et
2782 3077 3045 3146 sanguine
3098 3077 3346 3142 Domini;
3400 3092 3470 3131 ex
3517 3079 3700 3131 eodem

2131 3164 2465 3235 Hieronymo
2522 3167 3035 3237 interpretationem
3075 3166 3318 3221 Latinam
3361 3181 3556 3222 eorum
3587 3184 3700 3238 quae

2129 3254 2462 3324 Theophilus
2503 3258 2568 3309 de
2609 3257 2863 3324 parabola
2898 3259 3162 3312 (economi
3188 3259 3548 3314 disseruerat.
3577 3259 3699 3313 Inn-

2131 3347 2210 3400 tili
2242 3363 2467 3415 prorsus
2495 3348 2680 3402 labore
2709 3348 2944 3404 Grahins
2975 3350 3088 3404 haec
3113 3351 3170 3405 S.
3200 3351 3536 3422 Cyprianum
3559 3365 3610 3407 et
3640 3355 3700 3407 S.

2129 3437 2519 3510 Hieronymum
2561 3458 2590 3494 a
2641 3441 2943 3511 TheOphilo
3015 3453 3289 3497 mutuatos
3327 3459 3456 3499 esse
3516 3447 3700 3515 opina-

2128 3533 2298 3587 tur".
2338 3533 2446 3587 Sed
2482 3533 2527 3587 si
2586 3534 2699 3588 hzec
2733 3535 3064 3604 TheOphilus
3123 3536 3309 3590 Graece
3367 3539 3698 3604 scripsisset,

2129 3625 2273 3678 haud
2333 3625 2572 3679 libenter
2615 3628 2942 3680 crediderim
2995 3629 3343 3696 interpretem
3396 3631 3545 3685 illius
3595 3643 3700 3683 tam

2127 3727 2386 3771 accurate
2421 3725 2673 3771 venatum
2728 3732 2847 3770 esse
2893 3717 3058 3771 citata
3111 3733 3139 3769 a
3183 3717 3394 3773 Latinis
3447 3719 3704 3774 Patribus

2127 3808 2264 3870 loca,
2309 3817 2369 3863 ut
2422 3823 2614 3864 eorum
2663 3810 2826 3862 verba
2874 3809 2924 3861 in
2975 3823 3131 3862 suam
3184 3810 3701 3879 itltcrpTetationettt

2129 3895 2474 3952 transferret.
2550 3897 2819 3952 Praeterea
2890 3900 2935 3952 si
3007 3899 3373 3970 Hieronymus
3429 3918 3459 3954 a
3517 3901 3696 3957 Theo-

2127 3985 2281 4054 philo
2337 3997 2629 4054 acceperat
2690 3998 2925 4056 quatuor
2979 3989 3099 4043 illas
3153 4005 3369 4056 causas,
3435 3993 3507 4046 ob
3562 4009 3700 4062 quas

2125 4078 2383 4134 Christus
2426 4094 2490 4132 ex
2550 4079 2873 4148 desponsata
2926 4093 3122 4144 natus,
3178 4098 3274 4136 cur
3323 4097 3580 4153 quartam
3636 4088 3693 4141 S.

2124 4168 2352 4239 lgnatio.
2373 4170 2570 4223 nullam
2590 4186 2808 4238 prorsus
2826 4173 2882 4227 ὃ.
2907 4172 3199 4242 Theophila
3216 4187 3494 4245 acceptam
3513 4179 3706 4233 refert?

2198 4257 2289 4316 IV.
2321 4259 2477 4315 Nunc
2508 4262 2577 4314 dc
2607 4262 2785 4320 tribus
2816 4264 2885 4316 ad
2921 4266 3235 4335 Autolycum
3295 4268 3455 4324 libris
3491 4274 3704 4325 exarui—

2128 4352 2366 4405 nandum
2417 4353 2576 4407 nohis
2621 4364 2701 4406 est
2745 4369 2867 4424 quae
2917 4357 3083 4410 fuerit
3130 4359 3344 4414 illorum
3380 4365 3704 4419 scribendo.

2128 4458 2246 4497 rum
2297 4459 2492 4508 causa,
2549 4453 2604 4498 et
2653 4461 2760 4514 quo
2811 4447 3158 4516 potissimum
3214 4459 3464 4519 tempore
3513 4455 3699 4516 scripti

455 4548 660 4591 strasse
711 4553 893 4590 arcam
951 4553 1058 4590 non
1099 4553 1126 4588 a
1160 4536 1508 4600 Deucalione,
1564 4537 1657 4590 sed
1701 4554 1729 4589 a
1759 4535 1892 4599 l\oe,
1930 4550 2026 4589 cu-
2054 4550 2102 4608 ῃ
2127 4529 2355 4587 fuerint.

448 4627 540 4698 jus
555 4643 748 4681 nomen
769 4628 908 4680 idem
933 4635 1090 4680 sonat
1111 4643 1172 4680 ac
1195 4628 1429 4696 requies,
1452 4637 1817 4680 constructam
1835 4627 2025 4682 fuisse.

527 4719 615 4773 Ill.
657 4721 727 4773 De
765 4721 1158 4773 commentario
1195 4719 1479 4788 Theophili
1510 4720 1560 4772 in
1598 4719 1950 4788 Evangelium
1975 4726 2028 4772 et

460 4810 512 4864 in
545 4811 842 4864 Proverbia
886 4811 966 4864 sic
1006 4810 1247 4878 loquitur
1283 4810 1640 4880 Hieronymus
1687 4811 1738 4863 in
1773 4811 1911 4863 libro
1950 4809 2028 4863 De

457 4901 802 4966 scriptoribus
848 4901 1260 4954 ecclesiasticis:
1301 4919 1318 4950 ι
1349 4898 1475 4968 Legi
1509 4900 1608 4954 sub
1643 4901 1862 4956 nomine
1906 4901 2027 4970 ejus

459 4991 516 5046 in
546 4991 901 5060 Evangelium
931 5002 985 5043 et
1009 4992 1060 5043 in
1091 4991 1382 5044 Proverbia
1413 4989 1720 5044 Salomonis
1746 5006 2024 5044 commen-

461 5085 650 5146 tarios,
699 5082 790 5151 qtti
831 5083 1112 5136 mihicum
1154 5082 1493 5148 superiorum
1542 5079 1874 5134 voluminum
1909 5081 2023 5135 ele-

459 5177 638 5248 gantia
672 5185 727 5230 et
775 5175 959 5242 phrasi
1003 5190 1108 5227 non
1161 5174 1418 5227 videntur
1448 5188 1768 5242 congruere.
1796 5193 1813 5225 ι
1873 5172 2022 5227 ldem

462 5271 514 5324 in
545 5266 770 5336 epistola
809 5266 875 5318 ad
907 5265 1206 5334 Algasiam,
1237 5272 1432 5332 quaest.
1466 5263 1521 5328 6,
1556 5266 1727 5317 utitur
1773 5265 2023 5319 testimo-

461 5357 550 5408 nio
581 5354 813 5425 quodam
843 5351 1126 5420 Theophili
1159 5353 1506 5417 Antiocheni,
1539 5355 1682 5424 quod
1719 5356 1768 5409 in
1801 5355 2023 5425 Appen-

460 5446 577 5499 dice
613 5445 924 5499 referimus.
962 5441 1080 5509 Quo
1113 5453 1289 5496 autem
1329 5458 1398 5498 ex
1427 5459 1592 5512 opere
1624 5445 1904 5514 Tthphili
1931 5447 2024 5502 de-

457 5545 727 5605 sumptum
760 5537 852 5600 sit,
898 5534 1261 5603 Hieronymus
1309 5534 1570 5590 declarat.
1607 5554 1627 5587 ι
1664 5534 2018 5607 Theophilus,

461 5627 656 5694 inquit,
690 5629 1039 5682 Antiochena:
1068 5625 1329 5681 Ecclesia:
1356 5629 1614 5696 septimus
1645 5638 1764 5699 post
1797 5629 2017 5686 Petrum

529 5786 572 5816 ⁸⁷
613 5783 831 5854 Prolog.
863 5787 912 5839 in
941 5785 1135 5841 Matth.
1214 5787 1419 5844 "-Lib.
1456 5804 1494 5845 t.

1569 5791 1615 5824 δ’
1653 5791 1771 5847 Lib.
1805 5809 1839 5847 ιι
1869 5805 1921 5848 ct
1955 5809 2040 5848 ιιι.

2202 4621 2434 4674 Videtur
2480 4622 2782 4693 Autolycus
2827 4625 3064 4680 amicitia
3101 4643 3224 4680 cum
3259 4626 3571 4699 TheOphilo
3603 4649 3703 4684 no-

2131 4719 2245 4765 stro
2274 4712 2600 4778 conjunctns
2636 4714 2824 4773 fuisse.
2876 4717 3124 4772 Amicum
3159 4720 3304 4772 enim
3344 4721 3499 4776 illum
3548 4735 3706 4779 vocat

2132 4799 2466 4870 Theophilus
2497 4803 2597 4855 sub
2632 4805 2791 4857 finem
2841 4804 2969 4859 libri
3017 4807 3203 4876 primi,
3253 4819 3309 4863 et
3342 4811 3409 4863 ad
3446 4812 3707 4883 frequens

2129 4892 2457 4961 colloquium
2488 4895 2679 4948 invitat
2712 4898 2814 4951 sub
2855 4897 3016 4952 liuent
3045 4901 3296 4956 secundi.
3331 4903 3551 4959 Inerant
3581 4909 3710 4962 huic

2130 4987 2335 5042 homini
2368 5003 2472 5042 non
2495 5005 2659 5057 parva
2690 4991 3026 5044 etlmicarum
3058 4994 3322 5048 virtutum
3353 5011 3704 5057 ornamenta.

2129 5092 2186 5134 et
2213 5079 2548 5134 indefessum
2579 5080 2789 5150 legendi
2823 5084 3086 5137 studium.
3114 5087 3399 5155 Optimum
3439 5090 3589 5144 illum
3614 5107 3712 5143 sa-

2133 5171 2272 5227 lutat
2301 5170 2636 5240 Theophilus
2664 5172 2824 5243 eique
2856 5176 3158 5244 prudentia:
3209 5177 3428 5232 laudem
3465 5181 3652 5234 tribuit
3691 5193 3707 5230 :

2135 5264 2369 5334 plurima
2427 5264 2625 5334 legisse
2663 5275 2917 5332 testatur,
2971 5284 3036 5322 ac
3080 5269 3136 5323 in
3174 5272 3324 5324 omni
3362 5275 3709 5342 eruditione,

2136 5357 2273 5420 sive,
2309 5365 2368 5410 ut
2398 5357 2518 5425 ipse
2545 5358 2803 5426 appellat,
2861 5358 2911 5412 in
2955 5361 3208 5416 omnibus
3254 5367 3507 5431 operosis
3556 5370 3718 5436 nugis

2135 5455 2286 5499 tanto
2319 5448 2498 5500 studio
2531 5448 2759 5510 versari,
2795 5459 2852 5501 ut
2877 5460 3062 5503 noctes
3092 5451 3144 5505 in
3193 5452 3550 5511 bibliothecis
3580 5474 3718 5510 eon-

2134 5557 2348 5596 sumere
2380 5561 2484 5614 non
2508 5543 2800 5598 dubitaret.
2836 5543 2942 5600 Sed
2982 5547 3081 5600 has
3111 5549 3364 5620 Autolyci
3399 5551 3592 5607 laudes
3621 5571 3720 5622 pe-

2135 5633 2278 5686 nitus
2311 5635 2580 5688 obruebat
2631 5634 2848 5703 indigna
2902 5638 3118 5694 homine
3151 5641 3311 5697 docto
3353 5645 3406 5698 in
3442 5662 3599 5700 onmc
3639 5650 3718 5697 θι-

2120 5795 2165 5825 ⁸⁰
2206 5795 2486 5864 Spicilcg..
2519 5812 2576 5858 λι.
2607 5794 2838 5850 CCXXI.
