3764 6488
55 349 130 401 ΞΤῚ
1002 334 1063 392 D.
1102 331 1366 390 MARANI
1396 330 1570 389 Plinii]

1747 332 1789 387 ).
1815 361 1885 373 --
1915 328 2101 387 PARS
2137 330 2226 388 111.

3153 332 3258 389 Ill!

54 464 369 517 nudacrorurn
416 474 588 530 genus
619 458 816 528 pietas,
876 467 929 513 ct
980 458 1269 527 periniqua
1308 458 1375 512 de
1415 456 1577 511 Chri-
1609 464 1649 517 Α
1685 456 1860 526 lycum
1896 453 2231 524 Theophilus
2273 455 2340 509 ad
2392 453 2653 522 frequens
2690 453 3023 524 colloquium
3050 470 3067 517 ;
3093 453 3256 523 idque

53 558 209 613 slianis
234 572 293 609 ex
328 567 541 608 rumore
568 551 812 622 populari
868 551 1075 621 opinio.
1118 549 1253 603 Nam
1282 549 1376 615 qui
1408 558 1569 603 crete-

54 663 199 705 rarunt
230 661 399 701 rertrm
432 646 665 714 diligens
695 652 819 699 erat
869 644 1153 712 indagator
1174 681 1191 706 ,
1225 640 1573 696 Christianos

54 742 338 810 negligenter
373 737 645 799 audiebat,
683 750 889 806 eosque
915 735 1207 788 malesanis
1246 733 1573 788 commentis

52 830 261 887 credulus
280 844 396 884 cum
421 827 699 882 sororibus
724 827 969 891 misceri,
1001 837 1056 882 et
1083 840 1283 882 carnes
1300 827 1572 880 humanas

53 939 209 979 rorare
245 919 600 975 existimabat.
628 918 820 973 Talem
851 919 1007 974 nobis
1043 916 1373 988 Autolycum
1405 915 1572 971 variis

55 1020 95 1073 in
123 1016 233 1070 locis
255 1011 484 1082 depingit
518 1010 875 1079 Theophilus.

108 1109 338 1178 Opinatus
376 1114 457 1159 est
514 1103 896 1157 Tillenrorrtius
942 1101 1206 1171 scriptum
1239 1099 1308 1154 ab
1339 1098 1565 1169 Autoly-

56 1220 105 1255 to
133 1202 363 1253 adversus
394 1196 743 1251 Christianos
778 1195 978 1247 librum
1023 1191 1329 1267 Thmphilo
1376 1201 1567 1246 nostro

58 1293 181 1360 hujus
222 1287 639 1344 elucubratiOuis
689 1285 1036 1339 occasionem
1095 1285 1458 1339 ministrasse.
1503 1282 1572 1335 At

59 1386 217 1439 nullum
249 1382 460 1437 omnino
512 1378 676 1445 hujus
737 1383 1001 1432 adverSIIs
1051 1376 1396 1432 Christianos
1445 1376 1569 1430 libri

57 1471 637 1545 restigium.0btuderat
683 1468 1045 1540 Theophnam
1090 1468 1394 1539 Autolycus
1453 1469 1570 1523 ina-

58 1566 175 1619 nibus
202 1563 554 1627 sermonibus,
604 1562 759 1615 fictos
786 1576 851 1613 ac
875 1559 1051 1627 pictos
1074 1561 1210 1613 deos
1236 1560 1523 1612 venditans
1550 1573 1566 1622 ;

58 1656 297 1715 Christiani
327 1670 519 1709 noruen
558 1654 735 1708 instar
767 1652 956 1722 probri
988 1651 1269 1720 obiecerat
1292 1668 1307 1718 ;
1334 1666 1401 1705 ac
1447 1659 1570 1703 lan-

58 1754 145 1805 deut
165 1748 424 1819 quasicrat
457 1757 516 1801 ut
543 1746 711 1801 Deum
740 1761 900 1800 suum
945 1744 1281 1800 ostenderet.
1314 1743 1421 1798 Sed
1451 1743 1569 1798 haec

1676 547 1891 602 videtur
1948 548 2054 601 iste
2100 561 2209 601 non
2249 546 2555 617 neglexisse
2589 563 2603 610 ;
2639 547 2735 601 sed
2766 561 2889 602 cum
2923 547 3102 601 adhuc
3136 561 3259 618 post

1673 639 1774 695 hos
1802 653 2132 709 congressus
2159 639 2449 693 veritatem
2485 638 2660 693 instar
2701 638 2881 694 delirii
2914 634 3164 705 haberet,
3194 656 3283 694 ac-

1670 743 1926 788 recentes
1953 746 2076 786 esse
2118 731 2328 785 litteras
2386 740 2602 785 nostras
2646 732 2749 787 sibi
2781 734 3035 803 lingeret,
3064 749 3255 788 eorum

1671 822 2057 892 antiquitatem
2083 821 2421 892 Theophilus
2448 822 2501 876 in
2528 822 2668 878 libro
2692 824 2853 880 tertio
2878 826 3256 881 demonstrare

1674 912 1937 969 instituit.

1749 1004 1812 1059 ν.
1842 1004 2204 1075 Suppeditant
2229 1006 2286 1061 hi
2320 1007 2445 1063 libri
2478 1023 2581 1063 non
2623 1008 2889 1065 obscuras
2918 1021 3099 1076 notas,
3133 1014 3254 1081 qui-

1673 1097 1777 1151 bus
1803 1096 2102 1164 dijudicare
2151 1100 2447 1167 possimus,
2477 1116 2583 1169 quo
2612 1112 2857 1170 tempore
2905 1105 3094 1174 scripti
3130 1105 3251 1160 fue-

1674 1185 1809 1239 rint.
1868 1184 2002 1238 Nam
2053 1189 2462 1258 chronologiarn
2504 1189 2557 1243 in
2612 1190 2751 1247 libro
2802 1198 2965 1251 tertio
3012 1202 3253 1265 pertexit

1673 1275 2007 1347 Theophilus
2032 1278 2100 1331 ab
2135 1280 2346 1348 origine
2396 1282 2577 1335 mundi
2632 1299 2802 1353 usque
2841 1286 2909 1340 ad
2959 1288 3031 1344 Μ.
3078 1291 3255 1347 Aure-

1676 1372 1828 1437 lium,
1863 1387 2025 1441 quem
2055 1373 2122 1428 19
2149 1389 2346 1440 annos,
2380 1376 2499 1431 dies
2531 1377 2617 1443 10,
2650 1379 2946 1448 imperasse
2993 1393 3251 1441 testatur.

1672 1462 1823 1518 Citat
1854 1464 2019 1519 etiam
2071 1465 2459 1536 Chryserotem
2492 1468 2563 1522 Μ.
2590 1473 2794 1528 Aurelii
2828 1474 3100 1545 libertum,
3131 1481 3249 1549 qui,

1672 1564 1814 1611 teste
1857 1556 2161 1627 Theophilo
2193 1569 2399 1622 nostro,
2428 1570 2727 1630 temporurrr
2774 1568 2970 1623 seriem
2997 1570 3066 1625 ab
3106 1569 3251 1628 Urbe

1673 1647 1893 1703 condita
1923 1665 2097 1721 usque
2135 1651 2203 1706 ad
2252 1652 2458 1707 obitum
2493 1658 2708 1723 patroni
2758 1660 2841 1713 sui
2903 1661 3254 1732 imperatoris

1678 1742 1749 1797 Μ.
1791 1742 1999 1798 Aurelii
2026 1745 2409 1815 descripserat.
2442 1747 2519 1802 Ex
2542 1748 2626 1804 his
2658 1761 2806 1821 patet
2837 1754 2935 1809 hos
2967 1755 3134 1811 libros
3153 1760 3253 1812 sub

59 1842 253 1905 dicteria,
292 1854 407 1909 quin
457 1838 796 1910 TheOphilus
831 1838 885 1892 in
934 1837 1113 1907 primo
1164 1835 1307 1890 libro
1346 1833 1563 1900 refellit,
1600 1825 1641 1883 Β
1671 1836 1970 1892 Comrrrodo
2001 1839 2234 1908 scriptos
2260 1856 2401 1907 csse,
2434 1859 2533 1897 nec
2564 1845 2741 1899 serius
2768 1858 2860 1902 aut
2886 1849 3049 1905 citius
3076 1852 3255 1906 collo-

59 1951 136 1989 rrou
174 1934 353 2003 scripto
391 1931 564 1987 fuisse
598 1932 947 2002 consignata,
986 1940 1043 1983 ut
1074 1930 1250 1984 visum
1284 1936 1372 1983 est
1400 1926 1568 1981 Tille-

60 2025 236 2087 montio,
261 2025 351 2078 sed
388 2025 441 2078 in
479 2024 718 2093 quodam
749 2022 1028 2092 colloquio
1048 2022 1276 2091 iactata,
1316 2036 1383 2075 ex
1409 2018 1570 2072 initio

60 2119 148 2173 libri
174 2118 372 2172 secundi
415 2116 798 2187 perspicimus,
831 2116 921 2169 ubi
949 2113 1281 2183 Theophilus
1332 2113 1572 2168 breviter

61 2224 293 2264 recensens
324 2224 442 2276 quae
488 2210 635 2262 inter
676 2222 771 2261 eos
803 2208 1066 2261 hactenus
1120 2207 1569 2270 intercesserant,

59 2302 336 2373 εἰιεἙπειδὴ
370 2302 475 2372 πρὸ
507 2300 716 2353 τούτων
749 2299 857 2352 τῶν
896 2299 1119 2371 ἡμερῶν
1161 2298 1374 2368 ἐγένετο
1414 2296 1569 2367 λόγος

60 2396 169 2462 ἡμῖν,
195 2387 235 2446 ὧ
256 2390 553 2460 ἀγαθώτατε
573 2391 868 2454 Αὑτόλυκε,
892 2390 1197 2461 πυθομένου
1233 2406 1326 2443 σου
1360 2389 1443 2453 τίς
1467 2406 1569 2460 μου

58 2485 217 2547 ὁθεδς,
246 2483 333 2536 καὶ
361 2482 425 2535 δι’
457 2482 643 2550 ὀλίγον
678 2483 1051 2553 παρασχόντος
1098 2498 1191 2534 σου
1236 2480 1305 2534 τὰ
1361 2474 1476 2534 ὦτα
1501 2483 1571 2553 τῇ

58 2576 197 2645 ὁμιλίᾳ
223 2575 384 2646 ἡμῶν,
402 2574 531 2645 περὶ
562 2573 664 2643 τῆς
697 2573 1003 2634 θεοσεόειας
1037 2589 1140 2644 μου
1163 2571 1428 2643 ἑξεθέμην
1453 2586 1568 2625 σοι’

58 2667 184 2720 ἔτιδὲ
229 2666 311 2720 καί
356 2663 763 2736 ἀποταξάμενοι
826 2666 1060 2728 ἑαυτοῖς,
1115 2663 1253 2734 μετᾶ
1310 2662 1571 2734 πλείστης

58 2758 191 2821 φιλίας
234 2758 607 2831 ἐπορεύθημεν
659 2757 888 2823 latam;
940 2759 1019 2823 εἰς
1052 2757 1142 2810 τὸν
1176 2755 1367 2810 ἑαυτοῦ
1399 2753 1569 2818 οἷκον,

58 2850 208 2920 καίπερ
222 2851 458 2924 σκληρῶς
473 2850 542 2905 τὰ
561 2850 752 2923 πρῶτα
771 2850 983 2921 ἔχοντος
1001 2849 1140 2921 (σοῦ)
1160 2848 1294 2921 πρὸς
1312 2851 1476 2922 ἡμᾶς·
1495 2845 1572 2902 οἷ-

56 2942 124 3004 δας
163 2943 256 3013 γὰρ
302 2945 391 2997 καὶ
440 2944 740 3015 μέμνησαι,
775 2945 857 2997 ὅτι
890 2942 1152 3005 ὑπέλαϐες
1190 2940 1400 3014 μωρίαν
1432 2937 1569 2995 εἶναι

57 3034 274 3103 τὸνλόγον
302 3036 473 3107 ἡμῶν.
507 3056 526 3088 ι
568 3037 708 3091 Cum
765 3047 894 3089 ante
944 3034 1044 3088 hos
1096 3035 1213 3089 dies
1261 3048 1569 3088 sermonem

56 3128 159 3178 inter
181 3143 284 3190 nos,
314 3127 517 3197 optime
554 3124 838 3198 Autolyce,
892 3126 1261 3191 haberemus;
1302 3125 1565 3194 quaerenti

57 3216 125 3269 tibi
151 3218 375 3287 quisnam
401 3234 555 3275 mens
580 3228 727 3274 esset
746 3220 909 3283 Dens,
951 3233 1016 3273 ac
1051 3217 1405 3287 disputationi
1436 3234 1569 3272 mea:

56 3325 175 3362 aures
204 3310 504 3378 aliquandiu
544 3310 810 3378 praebenti
878 3308 1200 3379 religionem
1257 3323 1435 3363 meam
1474 3322 1571 3361 cx-

55 3402 186 3469 posui.
230 3402 295 3457 lta
342 3414 453 3457 ttnu
486 3404 869 3466 discessimus,
916 3411 975 3456 ut
996 3400 1313 3457 amicissimi
1349 3400 1567 3455 domum

55 3496 319 3563 rediremus,
347 3498 596 3565 quamvis
627 3506 787 3550 antea
816 3496 1134 3551 duriuserrle
1184 3512 1395 3550 mecum
1428 3498 1569 3567 egis-

54 3602 133 3638 ses.
156 3585 284 3641 Nosti
316 3590 459 3643 enim
511 3599 569 3643 et
614 3588 908 3643 meministi
941 3587 1229 3647 stultitiam
1255 3589 1352 3644 tibi
1396 3589 1568 3644 videri

55 3688 248 3732 nostram
274 3681 603 3736 doctrinam.
637 3699 656 3731 ι

104 3768 162 3824 Et
200 3771 276 3825 his
326 3772 487 3840 liquet
520 3776 841 3845 Antulycnrn
896 3790 1003 3827 non
1041 3774 1250 3842 scripto
1285 3773 1383 3829 sed
1417 3791 1569 3829 mero

53 3876 250 3917 sermone
290 3865 365 3919 sic
392 3867 443 3919 in
472 3864 647 3919 Deum
673 3882 737 3920 ac
768 3881 965 3921 nomen
1014 3866 1455 3920 Christianorum
1482 3866 1570 3937 jo-

53 3964 192 4009 ratum
217 3972 348 4023 esse,
392 3968 452 4013 ut
500 3959 861 4030 Theophilum
891 3958 959 4013 ad
983 3960 1083 4014 has
1124 3975 1299 4029 nugas
1324 3958 1574 4014 refellen-

53 4052 126 4103 das
170 4052 422 4109 incitaret.
457 4056 688 4111 Videtur
730 4071 861 4127 ergo
903 4056 1114 4127 primus
1146 4056 1216 4109 ad
1253 4055 1574 4143 Αυιοιειειοι

54 4140 158 4195 liber
194 4159 288 4199 non
329 4157 432 4201 tam
466 4147 537 4202 ad
564 4147 924 4203 refellendum
958 4150 1086 4203 data
1134 4163 1300 4219 opera
1341 4140 1570 4217 compo-

51 4233 174 4295 situs,
197 4253 342 4305 quam
372 4240 440 4292 ad
464 4254 528 4293 ea
556 4239 754 4294 litteris
777 4240 1171 4309 consignanda,
1219 4256 1341 4311 quae
1392 4240 1572 4295 Theo-

52 4325 191 4391 philus
210 4328 465 4401 Autolyco
487 4330 600 4399 jam
639 4332 1021 4400 responderat.
1060 4332 1197 4387 Hinc
1251 4332 1446 4385 librum
1486 4348 1573 4386 sc-

51 4417 238 4470 cundum
270 4420 482 4474 hortatu
516 4420 767 4491 Autolyci
798 4424 881 4477 sic
897 4422 1182 4477 exorditur
1213 4421 1570 4491 Theophilus,

1672 1927 1785 1982 cari
1816 1942 2007 1997 posse;
2047 1930 2091 1986 si
2126 1933 2345 2001 quidem
2384 1933 2528 1990 aliud
2557 1952 2737 1994 causa:
2765 1955 2886 1995 esse
2912 1958 3018 1996 non
3052 1955 3251 2014 potest,

1673 2035 1773 2075 cur
1802 2019 2139 2091 Theophilus
2201 2035 2503 2094 temporum
2537 2030 2961 2101 descriptionem
2992 2037 3057 2090 ad
3094 2052 3250 2092 suam

1676 2126 1847 2182 usque
1890 2124 2106 2168 aetatem
2157 2115 2455 2183 pollicitus,
2488 2135 2661 2175 annos
2691 2120 2975 2179 Commodi
3022 2143 3127 2182 non
3163 2145 3251 2184 re-

1673 2214 1917 2273 censeat,
1943 2207 2045 2261 nisi
2077 2208 2205 2277 quia
2237 2208 2282 2265 is
2314 2211 2492 2266 adhuc
2526 2213 2852 2283 imperabat.

1745 2291 1866 2360 Quo
1886 2304 2069 2349 autem
2098 2295 2380 2353 Commodi
2406 2315 2554 2356 anno
2578 2303 2955 2363 collocandum
2977 2310 3048 2365 sit
3083 2326 3247 2380 Opus,

1672 2404 1779 2442 non
1814 2387 1973 2443 facile
1999 2391 2283 2445 statuitur.
2310 2389 2425 2447 Non
2465 2393 2624 2465 longe
2658 2398 2725 2451 ab
2759 2398 2930 2455 initiis
2964 2402 3247 2463 Commodi

1670 2476 2088 2545 collocabimus,
2120 2482 2166 2535 si
2210 2492 2490 2537 auctorem
2521 2500 2817 2555 sequamur
2856 2488 3248 2561 Nicephorum,

1669 2570 1763 2643 qui
1790 2580 1903 2626 tres
1930 2580 1982 2627 et
2018 2572 2207 2629 decem
2230 2575 2579 2646 episcopatus
2609 2594 2782 2635 annos
2813 2581 3118 2655 Theophila
3155 2589 3250 2643 tri-

1673 2659 1810 2717 brrit.
1857 2661 1991 2718 Cum
2044 2665 2191 2720 enim
2225 2665 2587 2735 Theophilum
2627 2670 2915 2739 Eusebius,
2972 2685 3029 2731 ut
3082 2693 3246 2750 supra

1673 2754 1930 2821 vidimus,
1967 2755 2118 2812 Eroti
2151 2757 2297 2813 circa
2327 2774 2530 2815 annum
2570 2762 2673 2817 168
2725 2768 3056 2825 successisse
3085 2779 3251 2828 teste-

1675 2856 1794 2914 tur;
1827 2848 1873 2903 si
1934 2864 2058 2904 cum
2106 2846 2415 2919 Nicephoro
2472 2870 2646 2909 annos
2695 2855 2762 2909 l3
2812 2858 3161 2929 episcopatus
3198 2866 3249 2920 ei

1673 2939 1903 3003 demus;
1958 2951 2219 3009 sequetur
2248 2941 2393 2997 circa
2427 2960 2630 2999 annum
2669 2946 2763 3001 181
2804 2961 3076 3007 mortuum
3107 2972 3249 3020 esse,

1675 3045 1739 3085 ac
1768 3032 1991 3100 proinde
2030 3042 2336 3089 extremum
2371 3034 2474 3091 hoc
2516 3052 2677 3107 opus,
2715 3050 2770 3093 ut
2795 3057 2900 3096 non
2935 3044 3092 3115 longe
3124 3063 3250 3103 ante

1674 3132 1928 3188 mortem,
1968 3124 2039 3178 ita
2072 3126 2173 3180 sub
2216 3126 2498 3182 Commodi
2555 3130 2903 3200 imperatoris
2935 3136 3088 3192 initia
3134 3141 3253 3196 elu-

1670 3214 1949 3271 cubrasse.
1985 3215 2349 3288 Theophilum
2404 3218 2702 3293 Eutyclrius
2745 3227 3096 3286 Antiochense
3131 3234 3248 3289 sedi

1670 3322 1844 3364 annos
1863 3309 1931 3364 21
1965 3312 2253 3379 praefuisse
2293 3312 2479 3377 refert,
2510 3330 2576 3370 ex
2609 3332 2718 3386 quo
2766 3334 3090 3390 sequeretur
3127 3341 3249 3381 cum

1672 3400 1817 3455 circa
1846 3415 2048 3456 annum
2075 3402 2179 3457 188
2199 3404 2426 3459 abiisse.
2455 3405 2561 3460 Sed
2585 3410 2865 3479 antiquior
2888 3412 3246 3485 Nicephorus,

1673 3501 1731 3545 ut
1756 3491 2145 3549 Tillemorrtius
2193 3494 2473 3562 observat,
2505 3513 2569 3553 ac
2601 3501 2824 3570 majoris
2868 3518 3032 3572 quam
3082 3506 3250 3578 Euty-

1672 3585 1828 3641 chius
1854 3586 2223 3641 auctoritatis.
2251 3586 2404 3655 Quod
2438 3602 2621 3645 autem
2656 3591 2710 3645 in
2762 3593 2979 3670 Eusebii
3011 3594 3249 3651 Chroni-

1672 3676 1753 3731 cis
1782 3675 2055 3731 Maximus
2080 3676 2386 3748 Thcoplrilo
2411 3689 2598 3736 nostro
2623 3681 2822 3736 dicitur
2851 3700 2995 3740 anno
3024 3687 3124 3739 177
3153 3698 3248 3744 aut

1675 3766 1777 3824 178
1808 3768 2165 3833 successisse,
2197 3770 2248 3824 id
2279 3770 2624 3826 manifestum
2654 3785 2741 3827 est
2770 3787 3035 3833 erratum.

1742 3858 1904 3913 Aliud
1955 3871 2337 3930 argumentum
2386 3878 2487 3917 cur
2541 3862 2641 3919 hoc
2688 3880 2824 3935 opus
2874 3869 2942 3923 ad
3002 3882 3248 3928 extrema
3308 3848 3315 3857 ’

1674 3953 1959 4011 Commodi
2009 3966 2256 4025 tempora
2306 3957 2458 4024 rejici
2511 3975 2618 4013 non
2657 3961 2873 4031 debeat,
2905 3966 2974 4020 ab
3023 3966 3248 4034 irenteo.

1674 4048 1768 4117 qui
1832 4048 2094 4104 nonnulla
2145 4064 2177 4104 e
2227 4048 2536 4122 Theophilo
2586 4064 2774 4111 nostro
2819 4070 3101 4123 mutuatus
3144 4076 3250 4130 cst,

1675 4141 2074 4210 suppeditatur.
2123 4141 2413 4198 Scribebat
2479 4145 2719 4203 Irenazus
2779 4149 2977 4205 librum
3032 4156 3248 4209 tertium

1676 4240 1865 4285 contra
1919 4231 2159 4289 haereses
2208 4235 2310 4290 sub
2356 4234 2663 4323 Commodo
2717 4248 2773 4293 et
2829 4240 3142 4311 Eleuthero,
3186 4260 3251 4298 ac

1674 4325 1904 4393 proinde
1956 4334 2083 4380 ante
2132 4338 2334 4381 annum
2368 4327 2472 4383 199.
2498 4344 2609 4398 quo
2643 4330 2978 4388 Commodus
3007 4336 3249 4398 occisus,

1679 4417 1971 4473 Eleutlrero
2028 4417 2212 4473 Victor
2245 4422 2535 4479 successit.
2578 4422 2754 4478 Porro
2794 4426 3035 4497 quinque
3080 4427 3251 4483 libros

52 4507 172 4571 quasi
194 4510 311 4562 nihil
343 4519 505 4564 antea
542 4511 609 4565 de
638 4512 905 4566 industria
933 4511 1415 4581 scripsissetzKav
1440 4509 1574 4564 ἰδιώ-
1607 4534 1648 4589 D
1678 4510 1939 4565 adversus
1963 4509 2198 4566 haereses
2224 4526 2332 4566 non
2366 4513 2526 4566 simul
2557 4514 2801 4584 vulgavit
2840 4515 3107 4586 lrenaeus,
3130 4522 3249 4586 sed,
3280 4512 3283 4517 Γ

51 4613 123 4666 της
149 4593 186 4652 ὦ
214 4601 457 4674 τῷλόγῳ,
476 4602 618 4673 πλὴν
652 4602 913 4675 βούλομαι
945 4619 1027 4658 σοι
1060 4604 1155 4657 καὶ
1185 4602 1282 4656 νῦν
1313 4603 1399 4657 διὰ
1420 4602 1573 4655 τοῦδε

52 4688 120 4741 te)
134 4696 538 4766 συγγράμματος
554 4695 841 4766 ἀκριϐέστε
851 4712 942 4765 ρον
960 4696 1220 4762 ἐπιδεῖξαι
1237 4699 1334 4768 τὴν
1350 4715 1573 4768 ματαιοο

53 4784 199 4837 κονίαν
228 4787 314 4839 καὶ
345 4787 584 4858 ματαίαν
612 4785 909 4855 θρησκείαν
970 4788 1027 4839 ὲν
1168 4786 1390 4859 κατέχῃ,
1437 4786 1573 4840 ἀλλὰ

53 4872 123 4922 ut
136 4872 190 4925 δι’
218 4874 404 4943 ὀλίγων
437 4876 547 4928 τῶν
582 4875 721 4928 κατὰ
756 4877 815 4928 σὲ
849 4874 1130 4947 ἱστοριῶν,
1185 4869 1260 4929 ὧν
1308 4875 1575 4945 ἀναγινώ-

52 4978 165 5027 σκεις
210 4966 326 5031 ἴσως
357 4967 455 5021 καὶ
484 4965 696 5020 οὐδέπω
727 4965 1034 5035 γινώσκεις,
1090 4967 1150 5021 τὸ
1182 4967 1379 5039 ἀληθὲς
1412 4986 1575 5038 φανε-

52 5054 364 5129 {Memnone
394 5076 415 5110 r
462 5057 617 5113 Nunc
668 5070 850 5113 autem
899 5060 1119 5113 hortatu
1171 5069 1302 5125 tuo,
1360 5060 1573 5129 inquit,

54 5152 254 5215 quamvis
298 5153 589 5222 imperitus
630 5152 734 5208 sint
776 5152 1015 5215 dicendi,
1061 5152 1185 5207 volo
1240 5165 1422 5207 tamen
1472 5154 1576 5208 hoc

54 5254 222 5309 umque
247 5242 425 5298 libello
454 5244 765 5298 accuratius
793 5243 888 5296 tibi
923 5244 1304 5298 demonstrare
1328 5243 1574 5297 inutilem

55 5330 247 5389 laborem
272 5348 329 5392 et
356 5338 576 5392 inanem
625 5337 1074 5403 superstitionem
1120 5351 1225 5406 qua
1270 5333 1573 5398 detineris;

56 5421 134 5477 into
157 5442 213 5479 ex
240 5439 544 5483 vestrarum
574 5428 927 5485 historiarum
981 5426 1277 5493 nonnullis,
1310 5442 1430 5495 qua:
1454 5440 1484 5479 a
1521 5435 1573 5481 te

56 5512 252 5579 leguntur
271 5518 516 5590 quidem,
549 5519 693 5575 forte
726 5528 911 5574 autem
962 5520 1203 5575 nondum
1251 5518 1569 5587 intelligun-

58 5616 135 5671 tur,
161 5626 328 5666 verum
354 5613 453 5667 tibi
491 5624 616 5667 ante
644 5612 837 5667 oculos
866 5627 1089 5682 ponere.
1120 5633 1139 5666 ι
1177 5613 1373 5668 invitat
1398 5613 1569 5668 Auto-

104 5772 137 5803 ⁸¹
172 5776 279 5833 Lib.
318 5798 377 5842 Il,
411 5798 460 5834 c.
501 5782 554 5839 6.
585 5801 637 5836 ιι.
674 5784 727 5837 2.

323 5877 588 5936 Parnm.
648 5877 763 5937 Gn.
803 5877 885 5938 Vl

1684 4610 1742 4655 ut
1772 4600 1915 4655 inter
1944 4613 2134 4656 omnes
2162 4601 2444 4667 convenit,
2487 4604 2695 4674 aliquid
2734 4606 2895 4675 spatii
2935 4608 3251 4666 intercessit

1684 4694 1829 4747 inter
1866 4691 2007 4748 duos
2039 4691 2272 4762 priores,
2295 4702 2352 4748 et
2379 4710 2475 4750 eos
2513 4695 2604 4765 qui
2639 4700 2919 4752 consecuti
2947 4711 3097 4765 sunt,
3128 4703 3253 4758 licet

1682 4784 1822 4839 forte
1846 4798 1951 4838 non
1985 4798 2239 4854 magnum
2272 4784 2436 4840 fuerit
2465 4785 2826 4843 intervallum.
2856 4790 3043 4847 Exstat
3070 4806 3250 4849 arrteru

1684 4877 1739 4931 in
1766 4876 1906 4930 libro
1939 4877 2180 4931 secundo
2210 4878 2456 4946 quasdam
2486 4882 2781 4945 sententia,
2807 4895 2972 4951 quam
3002 4885 3133 4940 tuibi
3173 4889 3255 4941 vi-

1683 4965 1819 5019 deor
1848 4980 1881 5019 e
1919 4963 2234 5035 Theophilo
2284 4967 2592 5037 decerptam
2635 4985 2738 5022 non
2774 4970 3001 5027 incertis
3040 4974 3257 5031 indiciis

1678 5057 2015 5126 perspicere.
2051 5056 2144 5111 Sic
2173 5056 2379 5113 refellit
2400 5055 2639 5114 [renatus
2676 5060 3059 5117 haereticorum
3096 5067 3251 5119 com-

1678 5156 1858 5200 menta
1892 5150 1956 5200 de
1983 5147 2094 5204 Deo
2119 5159 2369 5203 creatore
2408 5164 2595 5204 verum
2646 5166 2712 5206 ac
2742 5167 3053 5223 supremum
3083 5156 3253 5211 Deum

1680 5235 1965 5305 ignorante
1987 5237 2073 5290 ἰε
2110 5256 2127 5289 ι
2157 5240 2267 5292 Aut
2318 5240 2563 5309 nunquid
2616 5241 2671 5297 hi
2705 5243 2798 5313 qui
2847 5245 2951 5299 sub
2981 5244 3256 5300 Romano-

1682 5344 1801 5385 rum
1846 5330 2074 5401 imperio
2101 5343 2247 5399 sunt,
2277 5335 2530 5402 quamvis
2571 5351 2848 5407 nunquam
2881 5340 3117 5393 viderint
3160 5340 3257 5394 im-

1678 5432 2014 5493 peratorem,
2057 5422 2150 5479 sed
2187 5424 2346 5481 valde
2393 5438 2449 5482 et
2499 5441 2599 5499 per
2645 5438 2845 5484 terram
2877 5439 2933 5484 et
2980 5444 3075 5499 per
3104 5448 3257 5488 mare

1679 5516 1915 5587 separati
1948 5518 2015 5571 ab
2043 5528 2130 5583 eo,
2167 5527 2497 5588 cognoscent
2522 5528 2746 5589 propter
2771 5520 3072 5575 dominium
3105 5536 3257 5588 eum,

1679 5609 1771 5681 qui
1820 5608 2117 5668 maximam
2165 5610 2330 5666 habet
2380 5620 2708 5680 potestatem
2757 5613 3130 5684 principatus;
3164 5619 3256 5686 qui

2867 5874 2898 5926 7
