3764 6528
460 343 566 398 205

1421 338 1472 394 S.
1508 336 1841 395 JUSTINUS
1871 335 2353 395 PHILOSOPHUS
2388 336 2475 391 ET
2512 336 2823 392 MARTYR.

3614 338 3720 393 20$

467 470 649 513 autem
683 472 844 527 super
865 472 964 511 nos
996 467 1146 509 erant
1183 456 1382 527 angeli,
1412 458 1495 511 vel
1528 458 1636 524 ille,
1657 472 1812 527 quem
1843 457 2030 511 mundi
2064 464 2107 517 Λ
2140 454 2242 509 hoc
2284 468 2422 523 opus
2468 454 2727 507 refertmn
2767 462 2872 517 est,
2904 462 2981 506 tot
3030 460 3313 523 poetarum
3376 453 3716 519 testimonia,

460 551 843 606 fabricatorem
877 551 1087 613 dicunt,
1142 567 1247 603 non
1302 559 1637 618 cognoscent
1688 549 2029 616 omnipoten-

458 643 649 696 tem?»
701 642 794 697 Sic
842 650 1023 696 autem
1080 642 1432 711 Theophilus,
1483 642 1624 695 libro
1669 656 1709 701 t.
1741 656 1892 693 num.
1948 637 1983 691 5
2013 657 2042 706 ;Δ

454 728 588 785 Εἶτα
621 731 872 801 βασιλεὺς
924 732 1021 802 μὲν
1075 730 1311 799 ἐπίγειος
1362 725 1498 782 εἶναι
1551 728 1883 787 πιστεύεται,
1921 726 2033 780 καί·

456 842 562 894 περ
599 823 673 894 μὴ
706 825 872 877 πᾶσιν
908 822 1258 893 βλεπόμενος,
1293 821 1379 874 διὰ
1428 821 1483 873 δὲ
1516 821 1696 891 νόμων
1730 820 1824 873 καὶ
1856 818 2034 873 διατά-

456 915 591 982 ξεων
625 914 790 968 αὑτοῦ
826 915 919 969 καὶ
955 914 1230 979 ἐξουσιῶν,
1268 913 1359 965 καὶ
1405 912 1686 981 δυνάμεων
1737 911 1832 964 καὶ
1884 911 2030 963 εἰκό-

396 1066 399 1069 ,
453 1027 559 1061 νων
592 1011 790 1061 νοεῖται
812 1024 824 1037 ⁵
863 1006 951 1060 τὸν
982 1005 1037 1058 δὲ
1072 1005 1202 1057 Θεὸν
1252 1004 1312 1055 οὐ
1367 1003 1543 1073 βούλει
1580 1004 1642 1057 σὺ
1676 1003 1911 1057 νοεῖσθαι
1944 1002 2032 1056 διὰ

454 1101 627 1173 ἔργων
664 1100 755 1154 καὶ
789 1098 1110 1168 δυνάμεων;
1154 1115 1171 1146 ι
1200 1097 1405 1150 Deinde
1461 1111 1593 1150 vero
1644 1107 1895 1151 terrenus
1938 1110 2030 1151 rex

458 1194 728 1247 exsistere
768 1193 1033 1255 creditur,
1060 1190 1316 1259 quamvis
1344 1189 1412 1243 ab
1435 1188 1689 1244 omnibus
1714 1203 1819 1243 non
1851 1188 2039 1243 videa-

455 1297 565 1347 tur.
617 1286 711 1341 sed
763 1300 861 1353 per
915 1285 1068 1352 leges
1097 1294 1149 1338 et
1195 1282 1478 1347 mandata,
1506 1291 1564 1336 et
1614 1282 1952 1352 principatus
1979 1291 2037 1336 et

460 1384 762 1446 potestates
782 1420 797 1439 ,
827 1386 879 1430 et
903 1375 1172 1444 imagines
1206 1376 1571 1443 cognoscitur.
1617 1374 1786 1427 Deum
1816 1388 1946 1427 vero
1967 1386 2030 1426 ex

457 1468 576 1538 ejus
607 1467 863 1537 operibus
901 1476 956 1521 et
1000 1465 1365 1537 potestatibus
1396 1482 1503 1519 non
1538 1466 1619 1519 vis
1651 1464 2030 1534 intelligere?»

449 1554 739 1612 Manifesta
772 1565 856 1612 est
888 1558 942 1610 in
972 1566 1201 1625 utroque
1236 1557 1505 1621 scriptore
1525 1554 1807 1609 sententiae
1846 1551 2038 1607 simili-

450 1650 628 1717 tudo;
672 1652 770 1705 sed
818 1648 966 1703 illam
1001 1648 1265 1702 Irenzemn
1300 1662 1331 1700 e
1355 1645 1682 1712 Theophila,
1718 1660 1823 1699 non
1854 1642 2036 1698 Theo-

448 1744 654 1812 philum
695 1759 759 1798 ex
792 1740 997 1796 Irenato
1036 1750 1341 1794 mutuatum
1378 1753 1498 1793 esse
1538 1739 1661 1793 inde
1686 1746 1858 1808 patet,
1888 1737 2030 1806 quod

450 1835 587 1905 apud
627 1834 987 1903 Tthphilum
1018 1831 1166 1886 clara
1197 1842 1255 1885 et
1283 1830 1567 1900 splendida
1598 1840 1703 1893 est,
1734 1831 1875 1899 apud
1910 1826 2023 1883 Ire-

450 1941 624 1979 nmum
659 1940 789 1978 vero
823 1932 1081 1979 enervata
1112 1924 1518 1993 quodammodo
1550 1932 1603 1975 ct
1635 1921 1978 1974 subobscura
2006 1937 2019 1971 :

450 2032 571 2084 quae
624 2015 757 2068 vitia
802 2016 1107 2069 imitatores
1160 2013 1403 2084 effugere
1462 2030 1567 2067 non
1619 2012 1818 2066 solent.
1855 2009 2025 2085 Multo

448 2108 591 2160 enim
621 2106 937 2177 prteclarius
971 2108 1117 2174 quod
1150 2107 1226 2159 ait
1248 2105 1589 2173 Theophilus
1636 2105 2022 2174 imperatorem

448 2214 546 2267 per
571 2199 708 2268 leges
739 2209 785 2252 el
820 2200 1095 2264 mandata,
1144 2213 1238 2265 per
1276 2198 1609 2267 principatus
1657 2207 1703 2249 et
1748 2205 2026 2265 potestates

447 2291 526 2361 (id
551 2300 637 2346 est
666 2305 764 2359 per
804 2291 974 2345 duces
998 2299 1053 2342 et
1079 2288 1414 2360 przefectos),
1447 2304 1510 2343 ac
1536 2304 1630 2358 per
1652 2287 1916 2357 imagines
1937 2300 2027 2339 co-

447 2384 658 2453 gnosci,
688 2398 856 2454 quam
900 2382 1049 2453 quod
1082 2380 1322 2438 [renatus
1350 2391 1562 2450 prapter
1606 2380 1899 2433 dominium
1933 2394 2025 2431 co-

444 2476 648 2545 gnosci.
678 2474 735 2529 In
762 2490 870 2543 quo
903 2474 1123 2544 quidem
1163 2472 1494 2528 crediderim
1539 2470 1725 2525 Irenazi
1760 2471 2026 2538 interpre-

449 2579 581 2631 tem,
611 2577 673 2622 ut
714 2581 859 2637 stepe
890 2566 1049 2632 alias,
1079 2564 1342 2619 ita-etiam
1374 2565 1476 2617 hoc
1506 2562 1624 2616 loco
1646 2560 1804 2619 unius
1836 2560 2028 2613 littera:

444 2674 635 2713 errore
662 2659 946 2726 deceptum
971 2656 1167 2726 legisse
1195 2654 1261 2708 δι’
1282 2652 1525 2720 ἐξουσίαν
1546 2668 1644 2720 pro
1664 2648 2025 2715 δι’ὲξουσιῶν,

445 2762 501 2805 et
543 2751 853 2806 reddidisse
897 2758 1110 2820 propter
1158 2748 1475 2811 dominium,
1508 2760 1606 2815 pro
1637 2759 1702 2799 eo
1728 2746 1871 2817 quod
1905 2744 2027 2798 red-

443 2845 576 2897 dere
628 2841 911 2897 debuisset
958 2855 1056 2911 per
1117 2849 1428 2911 potestates,
1481 2839 1594 2893 sive
1629 2853 1728 2908 per
1760 2837 1925 2890 duces
1972 2845 2028 2888 et

443 2932 759 3000 praefectos.
790 2930 1099 2999 Quinetiam
1158 2929 1399 2983 adhibita
1431 2912 1501 2983 ab
1534 2939 1764 2997 utroque
1803 2941 2028 2995 compa—

444 3026 589 3080 ratio
626 3025 797 3096 magis
833 3025 1083 3093 apposita
1113 3022 1329 3077 videtur
1364 3022 1628 3075 adversus
1652 3005 1905 3090 gentiles,
1930 3019 2021 3088 qui

2136 558 2244 600 tam
2296 547 2592 601 recomlitte
2635 545 2701 600 de
2750 544 3194 614 phil050phorum
3228 544 3529 599 sententiis
3559 559 3623 597 ac
3650 545 3715 599 de

2133 640 2490 708 chronologia
2520 639 2939 707 disputationes,
2979 636 3286 705 frequentia
3324 651 3455 691 cum
3492 637 3715 689 homine

2138 732 2383 786 litterato
2412 731 2712 799 colloquia,
2755 731 3014 802 episcopo
3052 741 3217 785 tanta:
3248 731 3419 793 sedis,
3455 728 3715 798 gravissi-

2136 824 2238 878 mis
2268 824 2427 877 rebus
2456 830 2749 891 occupato,
2786 823 2967 878 mintts
2995 804 3295 876 convenire
3328 821 3645 875 videantur.

2206 912 2312 969 Sed
2358 912 2581 966 minime
2630 912 2825 965 tnirum
2854 912 2899 966 si
2924 920 2981 967 et
3014 912 3080 967 de
3107 912 3285 981 seipso
3312 911 3558 966 demisse
3590 926 3716 965 sen-

2136 1006 2277 1059 tiens
2299 1005 2588 1073 episcopus
2620 1003 2932 1072 imperitum
2962 1018 3023 1058 se
3051 1004 3357 1069 existimat,
3377 1014 3429 1058 et
3452 1004 3521 1057 de
3552 1005 3717 1058 rebus

2136 1097 2383 1168 profanis
2430 1094 2600 1150 multa
2659 1097 2743 1150 vir
2791 1097 3040 1151 eruditus
3097 1097 3341 1160 disserit,
3378 1096 3511 1166 quia
3570 1097 3712 1149 illius

2137 1191 2419 1261 proposito
2447 1191 2855 1253 conducebant;
2907 1204 3216 1258 quanquam
3250 1188 3488 1257 plurima
3540 1185 3717 1241 Theo-

2139 1283 2319 1352 philus
2350 1296 2381 1335 e
2411 1282 2585 1334 media
2650 1281 2910 1350 religione
2961 1279 3271 1335 Christiana
3320 1278 3539 1349 repetit.
3587 1279 3718 1332 Fre-

2137 1375 2355 1443 quentia
2392 1375 2478 1428 illa
2522 1390 2649 1429 cum
2697 1374 2961 1446 Autolyco
3005 1373 3274 1442 colloquia
3318 1388 3431 1427 non
3472 1373 3717 1427 hominis

2136 1477 2291 1522 erant
2324 1469 2434 1522 otio
2487 1465 2813 1521 abundantis
2840 1506 2856 1528 ,
2891 1467 2984 1521 sed
3014 1466 3253 1535 episcopi
3300 1465 3578 1519 charitate
3611 1464 3716 1518 fer-

2138 1560 2347 1623 ventis,
2376 1560 2469 1629 qui
2517 1561 2620 1614 hoc
2650 1562 2921 1629 pra'cipue
2965 1559 3281 1628 impositum
3313 1558 3419 1612 sibi
3456 1558 3713 1622 ducebat,

2138 1662 2385 1706 errantes
2415 1650 2482 1705 ad
2522 1650 2806 1705 veritatem
2852 1651 3145 1705 adducere.

2214 1740 2370 1796 Haud
2402 1741 2654 1811 equidem
2690 1742 3004 1811 negaverim
3060 1740 3231 1796 libros
3256 1741 3326 1794 ad
3361 1739 3711 1809 Autolycum,

2057 1810 2102 1864 Β
2132 1844 2191 1889 ιιι
2220 1810 2480 1889 observat
2510 1833 2745 1890 Grabius
2772 1810 3054 1905 iSpicileg.
3120 1843 3255 1889 tom.
3294 1833 3362 1899 ll,
3409 1850 3519 1889 non
3550 1834 3709 1889 simul

2128 1927 2433 1997 p'rodiisse;
2474 1937 2531 1981 at
2568 1926 2955 1982 brevissimum
3013 1927 3274 1996 temporis
3325 1925 3569 1994 spatium
3628 1926 3707 1979 in-

2130 2018 2453 2073 tercessisse
2482 2017 2782 2073 contendo.
2812 2016 2946 2070 Nam
2980 2017 3137 2072 initio
3161 2017 3281 2071 libri
3306 2016 3539 2071 secundi
3567 2031 3709 2070 com-

2132 2119 2402 2164 mcmorat
2434 2124 2742 2165 sermonem
2800 2124 2830 2163 a
2880 2124 2941 2165 se
2990 2119 3116 2164 ante
3173 2108 3385 2178 aliquot
3427 2108 3549 2162 dies
3589 2123 3707 2160 cum

2131 2200 2401 2272 Autolyco
2445 2201 2718 2268 habitum,
2753 2200 2845 2270 qui
2879 2215 3060 2255 sermo
3096 2200 3219 2255 libri
3267 2199 3431 2268 primi
3484 2200 3707 2252 materia

2129 2291 2255 2345 fuit.
2288 2291 2402 2346 Sub
2435 2289 2598 2343 ﬁnem
2635 2289 2761 2343 libri
2804 2291 3032 2345 secundi
3084 2290 3336 2344 hortatur
3370 2287 3703 2360 Autolycum

2129 2391 2189 2437 ut
2212 2397 2353 2453 sape
2382 2380 2769 2450 congrediatur
2793 2395 3007 2445 secum;
3034 2394 3265 2450 cumque
3302 2381 3349 2435 is
3380 2394 3710 2449 congressus

2129 2483 2277 2529 esset
2304 2489 2427 2529 cum
2462 2473 2768 2542 Theophila
2802 2488 2903 2527 nec
2935 2483 3111 2526 tamen
3135 2472 3352 2527 Veritati
3386 2487 3585 2527 manus
3616 2474 3704 2526 de-

2130 2568 2323 2632 disset,
2372 2567 2591 2621 tertium
2626 2565 2821 2620 librum
2871 2566 3211 2621 elucubravit
3252 2564 3621 2634 Theophilus,
3650 2578 3705 2618 ut

2130 2659 2458 2727 anticipatos
2492 2657 2809 2727 opiniozes,
2840 2671 2960 2726 quae
2989 2657 3107 2725 ejus
3141 2656 3327 2709 animo
3358 2656 3699 2716 insederant,

2132 2749 2400 2803 radicitus
2443 2747 2720 2802 evelleret.
2784 2745 2855 2801 Ea
2905 2756 2989 2801 est
3046 2761 3178 2816 ergo
3212 2747 3379 2801 triunt
3434 2746 3700 2802 librorum

2128 2840 2303 2895 series
2330 2848 2385 2894 et
2431 2836 2715 2907 iunctura,
2753 2848 2811 2891 ut
2840 2838 3024 2893 divelli
3050 2853 3114 2892 ac
3145 2836 3440 2892 dissociari
3476 2853 3583 2891 non
3618 2838 3705 2892 de-

2128 2932 2317 2998 beant.
2356 2931 2431 2984 Eo
2475 2940 2657 2985 autem
2688 2930 2923 3000 scriptos
2969 2928 3141 2984 fuisse
3167 2930 3382 2994 ordine,
3415 2946 3527 3000 quo
3564 2947 3705 2984 nunc

2131 3026 2430 3090 habentur,
2472 3026 2601 3080 inde
2626 3036 2795 3095 patet,
2829 3024 2972 3094 quod
3025 3024 3079 3079 in
3142 3027 3304 3080 tertio
3331 3027 3545 3095 primus
3567 3027 3705 3081 tlesio

448 3117 616 3173 Deum
662 3132 730 3171 ex
764 3114 1074 3185 conspicuis
1123 3114 1176 3167 in
1231 3114 1333 3168 hoc
1367 3113 1571 3166 mundo
1612 3111 1869 3180 Operibus
1915 3126 2020 3162 non
2047 3153 2091 3210 c
2134 3130 2360 3188 gnetur,
2396 3134 2546 3171 num.
2578 3118 2649 3183 ὃς
2678 3120 2953 3172 secundus
2982 3132 3112 3172 vero
3135 3117 3459 3172 nominatim
3488 3120 3704 3184 citetur,

444 3212 843 3284 agnoscebant,
872 3224 1035 3279 quam
1084 3210 1349 3263 adversus
1382 3209 1686 3272 luereticos,
1714 3206 1805 3275 qui
1858 3203 2019 3273 hujus

447 3305 634 3358 mundi
668 3303 914 3358 Creatori
960 3312 1016 3356 et
1067 3301 1277 3370 angelis
1311 3302 1431 3370 ejus
1493 3313 1806 3368 supremum
1852 3297 2021 3351 Deum

447 3398 725 3467 fingebant
778 3396 1020 3465 ignotum
1067 3393 1257 3448 fuisse.
1288 3393 1533 3446 Imitatus
1576 3399 1659 3445 est
1707 3391 1871 3443 etiam
1914 3389 2024 3443 lre-

446 3504 620 3552 meus,
648 3504 768 3557 qua:
791 3489 859 3543 de
891 3487 1086 3557 puerili
1141 3487 1333 3541 Adami
1369 3496 1510 3539 statu
1560 3483 1705 3554 apud
1740 3483 2021 3554 Theophi-

440 3578 556 3634 lum
587 3588 832 3633 nostrum
877 3578 929 3631 itt
960 3578 1098 3632 libro
1124 3577 1361 3631 secundo
1410 3575 1700 3645 leguntur:
1732 3575 2022 3645 utriusque

447 3670 760 3723 testimonia
794 3670 846 3722 in
875 3667 1140 3723 Prmfatq
1195 3678 1348 3736 parte
1368 3667 1411 3697 "
1437 3667 1627 3735 inspici
1677 3674 1735 3720 et
1782 3666 1927 3720 inter
1963 3680 2022 3719 se

445 3759 688 3814 conferri
723 3768 972 3828 possunt.
1002 3760 1327 3830 Ambiguum
1367 3776 1471 3812 non
1517 3759 1625 3813 erit
1665 3768 1788 3813 uter
1838 3758 2020 3812 imita-

447 3865 532 3906 tor
567 3853 817 3919 alterius,
856 3866 980 3905 cum
1034 3851 1371 3919 Theophilus
1411 3865 1605 3921 magno
1638 3860 1836 3904 conatu
1880 3850 2021 3904 hanc

444 3944 779 3998 sententiam
819 3954 1059 4008 tueatur,
1091 3943 1325 3998 Ireumus
1381 3946 1534 4012 quasi
1593 3947 1863 4000 transiens
1894 3960 2022 4013 pro-

445 4040 631 4100 ponat.
666 4031 741 4085 Ex
799 4032 885 4086 his
937 4032 1317 4089 concludimus
1362 4034 1532 4091 libros
1590 4038 1659 4089 ad
1706 4038 2020 4104 Amaiyrum

444 4124 633 4192 procul
668 4127 735 4179 ab
764 4126 933 4179 initiis
967 4125 1257 4180 Commodi
1283 4142 1388 4181 non
1421 4129 1660 4192 distare,
1700 4145 1822 4183 cum
1853 4145 1915 4184 ex
1943 4128 2023 4183 eis

451 4218 710 4282 lrenzcus,
740 4218 830 4285 qui
862 4219 962 4271 sub
997 4216 1296 4275 Commodo
1332 4221 1632 4286 scribebat,
1674 4226 1932 4279 nonnulla
1969 4230 2019 4281 in

443 4324 583 4378 opus
624 4324 780 4362 suum
810 4314 1170 4367 transtulerit.

518 4399 623 4452 Sed
660 4400 924 4455 adversus
961 4417 1021 4455 ea
1054 4419 1176 4472 qua:
1207 4404 1494 4459 statuimus
1521 4403 1684 4475 objici
1716 4408 1881 4474 possit
1923 4409 2020 4465 hos

442 4491 510 4542 ad
538 4490 850 4560 Autolycum
876 4492 1050 4548 libros
1076 4509 1174 4549 nec
1199 4495 1436 4549 hominis
1472 4498 1523 4549 in
1549 4498 1840 4554 scribendo
1865 4516 2023 4555 exer-

442 4585 640 4649 citati,
699 4601 800 4638 nec
852 4587 1094 4655 episcopi
1142 4588 1489 4657 gravissimis
1549 4591 1699 4645 curis
1754 4590 2022 4661 implicati

445 4676 613 4730 fetum
664 4677 937 4742 redolere;
969 4681 1334 4747 quamobrem
1369 4682 1542 4735 satius
1586 4696 1709 4737 esse
1742 4682 1845 4737 hoc
1887 4699 2021 4753 opus

444 4783 474 4821 a
500 4767 802 4838 Theophilo
837 4775 1081 4826 nondum
1119 4780 1283 4825 astate
1329 4780 1585 4840 provecto
1617 4775 2021 4843 elucubratum,

442 4875 507 4915 ac
543 4873 730 4930 postea
755 4866 822 4916 ab
853 4865 970 4933 ipso
1003 4866 1092 4929 iis,
1126 4881 1247 4935 qua:
1271 4865 1338 4918 de
1368 4864 1440 4917 M.
1471 4864 1688 4919 Aurelii
1736 4876 1914 4922 morte
1942 4869 2021 4923 le-

442 4964 668 5023 guntur,
699 4967 917 5009 auctum
953 4958 1298 5011 existimare.
1346 4956 1616 5012 invitatus
1670 4958 1737 5012 ad
1779 4960 2022 5014 scriben-

442 5043 566 5097 dum
600 5044 669 5098 ab
706 5046 976 5115 Autolyco
1008 5044 1347 5115 Theophilus
1379 5045 1690 5112 imperitum
1718 5061 1777 5100 se
1804 5048 2017 5104 dicendi

436 5134 663 5203 fatetur,
699 5152 801 5191 nec
837 5140 956 5192 sine
987 5153 1200 5192 summa
1231 5124 1527 5193 timiditate
1556 5139 1713 5193 oneri
1742 5141 2012 5194 succedit.

436 5229 519 5283 Au
547 5230 627 5285 sic
649 5230 928 5300 loquatur,
957 5230 1183 5297 objiciet
1212 5228 1431 5296 aliquis,
1460 5231 1549 5297 qui
1574 5231 1687 5300 jam
1722 5232 1922 5287 multos
1943 5246 2010 5287 ex

440 5321 713 5376 hatreticis
744 5320 1052 5385 triumphos
1072 5318 1404 5388 reportarit,
1434 5335 1499 5373 ac
1528 5321 1822 5388 plurimum
1869 5324 2010 5379 scri-

440 5415 598 5469 bendi
652 5430 810 5470 usum
862 5414 1081 5477 habeat,
1131 5410 1346 5480 qualem
1403 5420 1530 5466 tunc
1587 5412 1790 5467 habere
1820 5416 2011 5473 debuit

437 5505 792 5576 Theophilus,
818 5507 862 5561 si
888 5513 1196 5560 extremum
1220 5502 1326 5556 hoc
1355 5517 1490 5570 opus
1520 5506 1679 5574 paulo
1707 5516 1833 5560 ante
1858 5522 2008 5562 mor-

438 5608 544 5653 tem
581 5596 891 5653 scribebat?
945 5594 1105 5647 Forte
1158 5592 1319 5646 etiam
1342 5593 1575 5650 eruditio
1608 5596 1837 5665 profana
1890 5613 1999 5671 qua

407 5786 435 5827 ρ
502 5769 548 5803 ιι
588 5770 719 5840 Cap.
751 5766 804 5821 5.
883 5765 927 5793 ⁸³
954 5764 1181 5821 υεεοιιι.
1216 5762 1270 5832 2,
1308 5762 1472 5834 lren.,
1505 5782 1563 5825 ι.
1605 5768 1693 5835 Η,
1725 5784 1778 5842 p.
1816 5768 1946 5825 i7l.

2128 3227 2281 3266 num.
2312 3211 2397 3267 19.
2428 3210 2610 3280 Neque
2644 3211 2807 3265 etiam
2858 3211 3205 3280 superaddita
3262 3211 3439 3266 videri
3486 3212 3703 3277 debent,

2126 3317 2247 3371 quae
2280 3302 2332 3355 in
2360 3302 2523 3357 tertio
2548 3301 2688 3355 libro
2719 3301 2786 3356 de
2817 3299 2887 3355 Μ.
2923 3300 3130 3356 Aurelii
3163 3302 3392 3370 imperio
3421 3302 3702 3371 leguntur.

2126 3392 2260 3447 Nam
2286 3408 2409 3447 cum
2437 3406 2628 3448 omnes
2658 3406 3013 3447 numerorum
3043 3394 3300 3456 rationes,
3324 3410 3447 3464 qum
3470 3410 3499 3448 a
3529 3393 3705 3448 Theo-

2126 3486 2280 3556 philo
2307 3488 2712 3557 expenduntur,
2746 3488 2797 3540 in
2833 3486 2994 3556 hujus
3024 3487 3185 3541 finem
3230 3487 3479 3556 imperii,
3536 3488 3699 3542 veluti

2126 3581 2179 3635 ιιι
2213 3596 2499 3634 commune
2539 3592 2794 3649 punctum
2849 3581 3135 3645 desinant;
3171 3579 3308 3633 nihil
3345 3590 3432 3634 est
3492 3581 3545 3634 in
3597 3591 3706 3637 toto

2124 3672 2264 3726 libro
2295 3673 2437 3742 quod
2472 3672 2650 3726 minus
2677 3681 2985 3742 SUSpCCllllll
3019 3686 3139 3725 esse
3162 3673 3377 3726 debeat.

2199 3763 2286 3818 \‘l.
2314 3763 2429 3817 Non
2478 3766 2820 3819 immorabor
2855 3766 2906 3818 in
2940 3764 3241 3819 refellendo
3276 3764 3573 3833 Dodvvello,
3615 3768 3703 3836 qui

2126 3857 2325 3911 nodum
2371 3857 2425 3911 in
2469 3855 2654 3925 scirpo
2685 3872 2956 3927 quatrens,
2994 3868 3106 3910 tres
3157 3857 3348 3923 libros,
3378 3859 3447 3912 de
3502 3859 3705 3928 quibus

2125 3966 2267 4004 nunc
2313 3951 2545 4020 agimus,
2608 3967 2715 4006 non
2767 3968 2797 4005 ει
2847 3950 3149 4020 Theophilo
3215 3951 3527 4007 Antiochia:
3588 3957 3703 4022 epi-

2124 4057 2290 4116 scopo
2326 4045 2560 4113 scriptos
2614 4044 2784 4099 fuisse
2813 4046 3159 4116 pronuntiat,
3185 4046 3279 4099 sed
3310 4046 3378 4100 ab
3404 4047 3516 4101 alio
3536 4046 3705 4102 Theo-

2126 4061 2217 4097 sco
2257 4061 2290 4098 ο
2326 4061 2560 4113 SCI'IplOS
2614 4061 2784 4099 tuisse
2813 4061 3159 4116 pronuntiat,
3185 4061 3279 4099 seu
3310 4061 3378 4100 an
3404 4061 3516 4101 atto
3539 4061 3705 4102 tneo-

2126 4061 2277 4201 phﬁo
2301 4135 2671 4201 Antiocheno,
2708 4150 2867 4207 quem
2899 4138 2999 4193 sub
3031 4136 3235 4192 Severo
3261 4137 3555 4208 scripsisse
3576 4155 3706 4196 con-

2127 4225 2295 4280 tendit
2318 4226 2385 4279 ⁸³.

2196 4316 2516 4373 Reclamant
2545 4319 2670 4374 huic
2702 4332 3010 4375 commento
3043 4320 3311 4376 Eusebius
3343 4331 3400 4377 et
3434 4322 3705 4394 liierony-

2124 4424 2243 4463 mus
2265 4426 2277 4462 :
2307 4409 2565 4465 reclamat
2582 4412 2834 4477 lrenmus,
2855 4414 2945 4481 qui
2971 4413 3070 4467 sub
3088 4412 3388 4469 Commodo
3408 4417 3514 4470 hos
3538 4416 3706 4470 libros

2128 4501 2192 4554 ad
2228 4517 2355 4556 usus
2404 4517 2532 4558 suos
2580 4504 2846 4572 adiunxit.
2878 4504 3137 4569 Quantam
3186 4521 3319 4576 ergo
3368 4505 3703 4563 Dodwellum

2131 4592 2374 4646 rationes
2416 4592 2590 4644 virum
2641 4606 2774 4647 sane
2813 4593 3185 4659 doctissimum
3238 4596 3599 4664 impulerunt,
3650 4610 3703 4652 ut

2129 4691 2324 4735 contra
2354 4680 2702 4749 antiquitatis
2730 4695 3057 4735 consensum
3088 4684 3337 4738 veniret?
3373 4686 3446 4738 At
3482 4700 3561 4740 ea:
3595 4694 3702 4739 tant

2125 4772 2295 4837 leves,
2331 4773 2411 4827 vel
2444 4776 2622 4842 potius
2655 4783 2760 4826 tam
2787 4774 2919 4827 nihil
2953 4784 3098 4840 sunt,
3131 4787 3187 4830 ut
3210 4776 3585 4844 Tillemontio,
3613 4795 3705 4833 cu-

2119 4865 2211 4935 jus
2246 4880 2457 4919 summa
2497 4866 2664 4920 animi
2700 4868 3006 4922 moderatio
3029 4871 3284 4925 omnibus
3315 4882 3468 4935 nota,
3499 4885 3703 4927 stoma-

2126 4960 2289 5013 chum
2324 4959 2587 5027 fecerint,
2618 4971 2672 5015 ct
2702 4962 3031 5017 temeritatis
3069 4976 3250 5017 notam
3295 4966 3579 5021 Dodwello
3622 4968 3702 5020 in-

2125 5065 2285 5106 urere
2302 5054 2601 5122 coegerint.
2620 5053 2801 5108 Prima
2826 5058 3128 5109 ratiuncula
3148 5058 3272 5111 imle
3291 5058 3535 5126 ducitttr,
3560 5058 3701 5128 quod

2122 5155 2311 5199 auctor
2358 5146 2621 5201 librorum
2652 5150 2720 5202 ad
2764 5150 3082 5222 Autolycum
3124 5151 3514 5222 Chryserotem
3549 5154 3700 5219 citet,

2120 5235 2210 5302 qui
2245 5245 2371 5291 ante
2402 5253 2603 5293 annum
2645 5241 2744 5297 180
2775 5244 3025 5298 scribere
3072 5260 3176 5298 non
3225 5245 3425 5313 potuit.
3463 5246 3535 5299 At
3570 5246 3700 5315 quid

2122 5338 2270 5383 vetat
2297 5332 2594 5399 quominus
2619 5333 2955 5404 TheOphilus
2985 5338 3087 5392 sub
3115 5337 3420 5392 Commodo
3448 5340 3702 5394 scribens

2118 5435 2215 5483 eos
2249 5422 2529 5489 citaverit,
2556 5424 2651 5495 qui
2683 5426 2785 5481 sub
2809 5426 3000 5482 eodem
3032 5428 3364 5498 imperatore
3384 5438 3518 5489 ante
3545 5429 3699 5483 illum

2116 5513 2495 5581 scripserant?

2178 5604 2386 5676 Objicit
2412 5607 2653 5666 secundo
2676 5609 2796 5668 loco
2822 5610 3140 5669 Dodwellus.
3156 5613 3258 5669 hos
3282 5611 3458 5670 libros
3480 5611 3700 5683 vigente
