  <div class='ocr_page' id='page_1' title='image "/cluster/home/n/w/nwhite01/storage/ocr_20150623/6/hvd.32044019206606/111.png"; bbox 0 0 3764 6480; ppageno 0'>
   <div class='ocr_carea' id='block_1_1' title="bbox 422 347 530 402">
    <p class='ocr_par' dir='ltr' id='par_1_1' title="bbox 422 347 530 402">
     <span class='ocr_line' id='line_1_1' title="bbox 422 347 530 402; baseline -0.037 0"><span class='ocrx_word' id='word_1_1' title='bbox 422 347 530 402; x_wconf 72' lang='grc'><strong>207</strong></span> 
     </span>
    </p>
   </div>
   <div class='ocr_carea' id='block_1_2' title="bbox 1345 347 2772 410">
    <p class='ocr_par' dir='ltr' id='par_1_2' title="bbox 1345 347 2772 410">
     <span class='ocr_line' id='line_1_2' title="bbox 1345 347 2772 410; baseline 0.005 -7"><span class='ocrx_word' id='word_1_2' title='bbox 1345 347 1401 404; x_wconf 87' lang='lat' dir='ltr'><strong>S.</strong></span> <span class='ocrx_word' id='word_1_3' title='bbox 1436 348 1773 407; x_wconf 81' lang='lat' dir='ltr'><strong>JUSTINUS</strong></span> <span class='ocrx_word' id='word_1_4' title='bbox 1810 348 2292 407; x_wconf 77' lang='lat' dir='ltr'><strong>PHILOSOPHUS</strong></span> <span class='ocrx_word' id='word_1_5' title='bbox 2324 350 2412 407; x_wconf 88' lang='lat' dir='ltr'><strong>ET</strong></span> <span class='ocrx_word' id='word_1_6' title='bbox 2457 349 2772 410; x_wconf 76' lang='lat' dir='ltr'><strong>MARTYR.</strong></span> 
     </span>
    </p>
   </div>
   <div class='ocr_carea' id='block_1_3' title="bbox 3593 359 3695 417">
    <p class='ocr_par' dir='ltr' id='par_1_3' title="bbox 3593 359 3695 417">
     <span class='ocr_line' id='line_1_3' title="bbox 3593 359 3695 417; baseline 0.039 -4"><span class='ocrx_word' id='word_1_7' title='bbox 3593 359 3695 417; x_wconf 70' lang='lat'><strong>208</strong></span> 
     </span>
    </p>
   </div>
   <div class='ocr_carea' id='block_1_4' title="bbox 424 446 3694 544">
    <p class='ocr_par' dir='ltr' id='par_1_4' title="bbox 424 446 3694 544">
     <span class='ocr_line' id='line_1_4' title="bbox 424 446 3694 544; baseline 0.002 -22"><span class='ocrx_word' id='word_1_8' title='bbox 424 467 693 537; x_wconf 65' lang='lat' dir='ltr'><strong>quaedam.</strong></span> <span class='ocrx_word' id='word_1_9' title='bbox 723 466 905 523; x_wconf 79' lang='lat' dir='ltr'><strong>Codex</strong></span> <span class='ocrx_word' id='word_1_10' title='bbox 935 475 1120 523; x_wconf 86' lang='lat' dir='ltr'><strong>autem</strong></span> <span class='ocrx_word' id='word_1_11' title='bbox 1162 477 1356 537; x_wconf 83' lang='lat' dir='ltr'><strong>iustus,</strong></span> <span class='ocrx_word' id='word_1_12' title='bbox 1395 446 1558 540; x_wconf 76' lang='lat' dir='ltr'><strong>quem</strong></span> <span class='ocrx_word' id='word_1_13' title='bbox 1609 474 1749 543; x_wconf 87' lang='lat' dir='ltr'><strong>typis</strong></span> <span class='ocrx_word' id='word_1_14' title='bbox 1792 471 2005 527; x_wconf 86' lang='lat' dir='ltr'><strong>deseri-</strong></span> <span class='ocrx_word' id='word_1_15' title='bbox 2035 472 2083 529; x_wconf 87' lang='lat' dir='ltr'><strong>A</strong></span> <span class='ocrx_word' id='word_1_16' title='bbox 2191 472 2318 528; x_wconf 65' lang='lat' dir='ltr'><strong>Haec</strong></span> <span class='ocrx_word' id='word_1_17' title='bbox 2342 472 2617 544; x_wconf 82' lang='lat' dir='ltr'><strong>Sylhnrgii</strong></span> <span class='ocrx_word' id='word_1_18' title='bbox 2643 473 2809 528; x_wconf 84' lang='lat' dir='ltr'><strong>editio</strong></span> <span class='ocrx_word' id='word_1_19' title='bbox 2835 487 3021 527; x_wconf 82' lang='lat' dir='ltr'><strong>recusa</strong></span> <span class='ocrx_word' id='word_1_20' title='bbox 3050 482 3131 529; x_wconf 85' lang='lat' dir='ltr'><strong>est</strong></span> <span class='ocrx_word' id='word_1_21' title='bbox 3152 490 3269 531; x_wconf 90' lang='lat' dir='ltr'><strong>cur.</strong></span> <span class='ocrx_word' id='word_1_22' title='bbox 3292 475 3425 531; x_wconf 79' lang='lat' dir='ltr'><strong>Fed.</strong></span> <span class='ocrx_word' id='word_1_23' title='bbox 3452 476 3694 544; x_wconf 69' lang='lat' dir='ltr'><strong>Morella,</strong></span> 
     </span>
    </p>
   </div>
   <div class='ocr_carea' id='block_1_5' title="bbox 424 559 2009 632">
    <p class='ocr_par' dir='ltr' id='par_1_5' title="bbox 424 559 2009 632">
     <span class='ocr_line' id='line_1_5' title="bbox 424 559 2009 632; baseline 0.003 -18"><span class='ocrx_word' id='word_1_24' title='bbox 424 559 662 615; x_wconf 88' lang='lat' dir='ltr'><strong>bendum</strong></span> <span class='ocrx_word' id='word_1_25' title='bbox 698 559 935 624; x_wconf 77' lang='lat' dir='ltr'><strong>curavit,</strong></span> <span class='ocrx_word' id='word_1_26' title='bbox 973 575 1115 615; x_wconf 90' lang='lat' dir='ltr'><strong>nunc</strong></span> <span class='ocrx_word' id='word_1_27' title='bbox 1145 560 1393 632; x_wconf 79' lang='lat' dir='ltr'><strong>Lugduni</strong></span> <span class='ocrx_word' id='word_1_28' title='bbox 1449 563 1778 618; x_wconf 74' lang='lat' dir='ltr'><strong>Batavorum</strong></span> <span class='ocrx_word' id='word_1_29' title='bbox 1829 578 2009 618; x_wconf 83' lang='lat' dir='ltr'><strong>asser-</strong></span> 
     </span>
    </p>
   </div>
   <div class='ocr_carea' id='block_1_6' title="bbox 422 649 2007 723">
    <p class='ocr_par' dir='ltr' id='par_1_6' title="bbox 422 649 2007 723">
     <span class='ocr_line' id='line_1_6' title="bbox 422 649 2007 723; baseline 0.006 -22"><span class='ocrx_word' id='word_1_30' title='bbox 422 659 604 705; x_wconf 86' lang='lat' dir='ltr'><strong>vatur.</strong></span> <span class='ocrx_word' id='word_1_31' title='bbox 642 649 822 703; x_wconf 87' lang='lat' dir='ltr'><strong>Editio</strong></span> <span class='ocrx_word' id='word_1_32' title='bbox 849 650 1069 719; x_wconf 85' lang='lat' dir='ltr'><strong>quidem</strong></span> <span class='ocrx_word' id='word_1_33' title='bbox 1096 651 1208 721; x_wconf 89' lang='lat' dir='ltr'><strong>jam</strong></span> <span class='ocrx_word' id='word_1_34' title='bbox 1247 666 1278 707; x_wconf 89' lang='lat' dir='ltr'><strong>e</strong></span> <span class='ocrx_word' id='word_1_35' title='bbox 1326 652 1480 723; x_wconf 90' lang='lat' dir='ltr'><strong>prelo</strong></span> <span class='ocrx_word' id='word_1_36' title='bbox 1530 654 1773 720; x_wconf 76' lang='lat' dir='ltr'><strong>exierat,</strong></span> <span class='ocrx_word' id='word_1_37' title='bbox 1828 663 2007 710; x_wconf 88' lang='lat' dir='ltr'><strong>tamen</strong></span> 
     </span>
    </p>
   </div>
   <div class='ocr_carea' id='block_1_7' title="bbox 426 740 2008 816">
    <p class='ocr_par' dir='ltr' id='par_1_7' title="bbox 426 740 2008 816">
     <span class='ocr_line' id='line_1_7' title="bbox 426 740 2008 816; baseline 0.008 -25"><span class='ocrx_word' id='word_1_38' title='bbox 426 740 663 794; x_wconf 85' lang='lat' dir='ltr'><strong>nondum</strong></span> <span class='ocrx_word' id='word_1_39' title='bbox 692 741 967 811; x_wconf 76' lang='lat' dir='ltr'><strong>prodierat</strong></span> <span class='ocrx_word' id='word_1_40' title='bbox 1007 741 1062 795; x_wconf 92' lang='lat' dir='ltr'><strong>in</strong></span> <span class='ocrx_word' id='word_1_41' title='bbox 1095 743 1412 813; x_wconf 90' lang='lat' dir='ltr'><strong>publicum,</strong></span> <span class='ocrx_word' id='word_1_42' title='bbox 1442 746 1568 816; x_wconf 90' lang='lat' dir='ltr'><strong>quia</strong></span> <span class='ocrx_word' id='word_1_43' title='bbox 1601 746 1743 802; x_wconf 90' lang='lat' dir='ltr'><strong>illius</strong></span> <span class='ocrx_word' id='word_1_44' title='bbox 1770 747 2008 816; x_wconf 80' lang='lat' dir='ltr'><strong>theologi</strong></span> 
     </span>
    </p>
   </div>
   <div class='ocr_carea' id='block_1_8' title="bbox 423 830 2008 906">
    <p class='ocr_par' dir='ltr' id='par_1_8' title="bbox 423 830 2008 906">
     <span class='ocr_line' id='line_1_8' title="bbox 423 830 2008 906; baseline 0.006 -20"><span class='ocrx_word' id='word_1_45' title='bbox 423 830 816 904; x_wconf 79' lang='lat' dir='ltr'><strong>Friburgensis</strong></span> <span class='ocrx_word' id='word_1_46' title='bbox 882 836 1267 906; x_wconf 80' lang='lat' dir='ltr'><strong>interpretatio</strong></span> <span class='ocrx_word' id='word_1_47' title='bbox 1329 846 1385 893; x_wconf 90' lang='lat' dir='ltr'><strong>et</strong></span> <span class='ocrx_word' id='word_1_48' title='bbox 1445 840 1862 895; x_wconf 88' lang='lat' dir='ltr'><strong>emendationcs</strong></span> <span class='ocrx_word' id='word_1_49' title='bbox 1914 842 2008 896; x_wconf 90' lang='lat' dir='ltr'><strong>diu</strong></span> 
     </span>
    </p>
   </div>
   <div class='ocr_carea' id='block_1_9' title="bbox 425 927 2005 998">
    <p class='ocr_par' dir='ltr' id='par_1_9' title="bbox 425 927 2005 998">
     <span class='ocr_line' id='line_1_9' title="bbox 425 927 2005 998; baseline 0.006 -21"><span class='ocrx_word' id='word_1_50' title='bbox 425 933 758 994; x_wconf 66' lang='lat' dir='ltr'><strong>exspectata:</strong></span> <span class='ocrx_word' id='word_1_51' title='bbox 786 927 1029 982; x_wconf 87' lang='lat' dir='ltr'><strong>nondum</strong></span> <span class='ocrx_word' id='word_1_52' title='bbox 1070 928 1124 982; x_wconf 89' lang='lat' dir='ltr'><strong>in</strong></span> <span class='ocrx_word' id='word_1_53' title='bbox 1170 928 1431 998; x_wconf 89' lang='lat' dir='ltr'><strong>Stephani</strong></span> <span class='ocrx_word' id='word_1_54' title='bbox 1480 946 1672 987; x_wconf 90' lang='lat' dir='ltr'><strong>manus</strong></span> <span class='ocrx_word' id='word_1_55' title='bbox 1723 942 2005 987; x_wconf 75' lang='lat' dir='ltr'><strong>venerant.</strong></span> 
     </span>
    </p>
   </div>
   <div class='ocr_carea' id='block_1_10' title="bbox 429 1018 2007 1096">
    <p class='ocr_par' dir='ltr' id='par_1_10' title="bbox 429 1018 2007 1096">
     <span class='ocr_line' id='line_1_10' title="bbox 429 1018 2007 1096; baseline 0.007 -25"><span class='ocrx_word' id='word_1_56' title='bbox 429 1037 451 1070; x_wconf 74' lang='grc' dir='ltr'>ι</span> <span class='ocrx_word' id='word_1_57' title='bbox 488 1018 855 1090; x_wconf 85' lang='lat' dir='ltr'><strong>thuoniam,</strong></span> <span class='ocrx_word' id='word_1_58' title='bbox 884 1023 1061 1093; x_wconf 81' lang='lat' dir='ltr'><strong>inquit</strong></span> <span class='ocrx_word' id='word_1_59' title='bbox 1093 1040 1146 1093; x_wconf 92' lang='lat' dir='ltr'><strong>p.</strong></span> <span class='ocrx_word' id='word_1_60' title='bbox 1180 1023 1250 1079; x_wconf 88' lang='lat'><strong>97</strong></span> <span class='ocrx_word' id='word_1_61' title='bbox 1277 1040 1385 1092; x_wconf 89' lang='lat' dir='ltr'><strong>sq.,</strong></span> <span class='ocrx_word' id='word_1_62' title='bbox 1418 1025 1570 1079; x_wconf 89' lang='lat' dir='ltr'><strong>illum</strong></span> <span class='ocrx_word' id='word_1_63' title='bbox 1599 1026 1867 1096; x_wconf 83' lang='lat' dir='ltr'><strong>quosdam</strong></span> <span class='ocrx_word' id='word_1_64' title='bbox 1894 1027 2007 1082; x_wconf 79' lang='lat' dir='ltr'><strong>dif-</strong></span> 
     </span>
    </p>
   </div>
   <div class='ocr_carea' id='block_1_11' title="bbox 428 1111 2009 1185">
    <p class='ocr_par' dir='ltr' id='par_1_11' title="bbox 428 1111 2009 1185">
     <span class='ocr_line' id='line_1_11' title="bbox 428 1111 2009 1185; baseline 0.005 -19"><span class='ocrx_word' id='word_1_65' title='bbox 428 1111 601 1167; x_wconf 85' lang='lat' dir='ltr'><strong>ficiles</strong></span> <span class='ocrx_word' id='word_1_66' title='bbox 632 1113 780 1169; x_wconf 90' lang='lat' dir='ltr'><strong>locos</strong></span> <span class='ocrx_word' id='word_1_67' title='bbox 814 1114 975 1170; x_wconf 78' lang='lat' dir='ltr'><strong>aliter</strong></span> <span class='ocrx_word' id='word_1_68' title='bbox 1010 1117 1430 1185; x_wconf 84' lang='lat' dir='ltr'><strong>interpretatum</strong></span> <span class='ocrx_word' id='word_1_69' title='bbox 1472 1132 1595 1173; x_wconf 91' lang='lat' dir='ltr'><strong>esse</strong></span> <span class='ocrx_word' id='word_1_70' title='bbox 1628 1119 1876 1173; x_wconf 81' lang='lat' dir='ltr'><strong>videbam</strong></span> <span class='ocrx_word' id='word_1_71' title='bbox 1898 1158 1911 1182; x_wconf 92' lang='lat'><strong>,</strong></span> <span class='ocrx_word' id='word_1_72' title='bbox 1943 1134 2009 1175; x_wconf 90' lang='lat' dir='ltr'><strong>ac</strong></span> 
     </span>
    </p>
   </div>
   <div class='ocr_carea' id='block_1_12' title="bbox 425 1205 2009 1279">
    <p class='ocr_par' dir='ltr' id='par_1_12' title="bbox 425 1205 2009 1279">
     <span class='ocr_line' id='line_1_12' title="bbox 425 1205 2009 1279; baseline 0.005 -21"><span class='ocrx_word' id='word_1_73' title='bbox 425 1205 731 1273; x_wconf 68' lang='lat' dir='ltr'><strong>praesertim</strong></span> <span class='ocrx_word' id='word_1_74' title='bbox 768 1208 1015 1263; x_wconf 88' lang='lat' dir='ltr'><strong>diversas</strong></span> <span class='ocrx_word' id='word_1_75' title='bbox 1041 1224 1069 1262; x_wconf 91' lang='lat' dir='ltr'><strong>a</strong></span> <span class='ocrx_word' id='word_1_76' title='bbox 1099 1208 1237 1263; x_wconf 87' lang='lat' dir='ltr'><strong>meis</strong></span> <span class='ocrx_word' id='word_1_77' title='bbox 1265 1209 1616 1279; x_wconf 86' lang='lat' dir='ltr'><strong>conjecturas</strong></span> <span class='ocrx_word' id='word_1_78' title='bbox 1654 1210 1801 1265; x_wconf 87' lang='lat' dir='ltr'><strong>illius</strong></span> <span class='ocrx_word' id='word_1_79' title='bbox 1850 1211 2009 1266; x_wconf 87' lang='lat' dir='ltr'><strong>inve-</strong></span> 
     </span>
    </p>
   </div>
   <div class='ocr_carea' id='block_1_13' title="bbox 356 1298 2007 1367">
    <p class='ocr_par' dir='ltr' id='par_1_13' title="bbox 356 1298 2007 1367">
     <span class='ocr_line' id='line_1_13' title="bbox 356 1298 2007 1367; baseline 0.002 -14"><span class='ocrx_word' id='word_1_80' title='bbox 356 1322 363 1329; x_wconf 84' lang='lat'><strong><em>-</em></strong></span> <span class='ocrx_word' id='word_1_81' title='bbox 426 1298 667 1360; x_wconf 81' lang='lat' dir='ltr'><strong>ttiebam.</strong></span> <span class='ocrx_word' id='word_1_82' title='bbox 699 1313 822 1353; x_wconf 88' lang='lat' dir='ltr'><strong>cum</strong></span> <span class='ocrx_word' id='word_1_83' title='bbox 849 1301 1002 1367; x_wconf 86' lang='lat' dir='ltr'><strong>alibi,</strong></span> <span class='ocrx_word' id='word_1_84' title='bbox 1030 1311 1141 1354; x_wconf 90' lang='lat' dir='ltr'><strong>tum</strong></span> <span class='ocrx_word' id='word_1_85' title='bbox 1183 1315 1313 1357; x_wconf 88' lang='lat' dir='ltr'><strong>vero</strong></span> <span class='ocrx_word' id='word_1_86' title='bbox 1357 1304 1448 1357; x_wconf 86' lang='lat' dir='ltr'><strong>ubi</strong></span> <span class='ocrx_word' id='word_1_87' title='bbox 1491 1303 1698 1358; x_wconf 72' lang='lat' dir='ltr'><strong>lacunae</strong></span> <span class='ocrx_word' id='word_1_88' title='bbox 1725 1314 1822 1358; x_wconf 89' lang='lat' dir='ltr'><strong>aut</strong></span> <span class='ocrx_word' id='word_1_89' title='bbox 1854 1304 2007 1359; x_wconf 86' lang='lat' dir='ltr'><strong>lacu-</strong></span> 
     </span>
    </p>
   </div>
   <div class='ocr_carea' id='block_1_14' title="bbox 424 1389 2008 1466">
    <p class='ocr_par' dir='ltr' id='par_1_14' title="bbox 424 1389 2008 1466">
     <span class='ocr_line' id='line_1_14' title="bbox 424 1389 2008 1466; baseline 0.004 -21"><span class='ocrx_word' id='word_1_90' title='bbox 424 1389 568 1445; x_wconf 75' lang='lat' dir='ltr'><strong>ttula:</strong></span> <span class='ocrx_word' id='word_1_91' title='bbox 597 1402 694 1445; x_wconf 89' lang='lat' dir='ltr'><strong>aut</strong></span> <span class='ocrx_word' id='word_1_92' title='bbox 716 1391 908 1447; x_wconf 90' lang='lat' dir='ltr'><strong>saltent</strong></span> <span class='ocrx_word' id='word_1_93' title='bbox 938 1392 1133 1447; x_wconf 64' lang='lat' dir='ltr'><strong>litterae</strong></span> <span class='ocrx_word' id='word_1_94' title='bbox 1162 1393 1399 1466; x_wconf 74' lang='grc' dir='ltr'><strong>ἐξίτηλοι</strong></span> <span class='ocrx_word' id='word_1_95' title='bbox 1429 1402 1485 1449; x_wconf 85' lang='lat' dir='ltr'><strong>et</strong></span> <span class='ocrx_word' id='word_1_96' title='bbox 1511 1394 1704 1449; x_wconf 85' lang='lat' dir='ltr'><strong>oculos</strong></span> <span class='ocrx_word' id='word_1_97' title='bbox 1737 1396 2008 1464; x_wconf 82' lang='lat' dir='ltr'><strong>fugientes</strong></span> 
     </span>
    </p>
   </div>
   <div class='ocr_carea' id='block_1_15' title="bbox 424 1484 2007 1554">
    <p class='ocr_par' dir='ltr' id='par_1_15' title="bbox 424 1484 2007 1554">
     <span class='ocr_line' id='line_1_15' title="bbox 424 1484 2007 1554; baseline 0.002 -16"><span class='ocrx_word' id='word_1_98' title='bbox 424 1484 481 1538; x_wconf 93' lang='lat' dir='ltr'><strong>in</strong></span> <span class='ocrx_word' id='word_1_99' title='bbox 517 1492 705 1538; x_wconf 91' lang='lat' dir='ltr'><strong>nostro</strong></span> <span class='ocrx_word' id='word_1_100' title='bbox 730 1484 1028 1554; x_wconf 79' lang='lat' dir='ltr'><strong>exemplari</strong></span> <span class='ocrx_word' id='word_1_101' title='bbox 1063 1496 1222 1540; x_wconf 88' lang='lat' dir='ltr'><strong>erant</strong></span> <span class='ocrx_word' id='word_1_102' title='bbox 1249 1488 1383 1552; x_wconf 89' lang='lat' dir='ltr'><strong>(uno</strong></span> <span class='ocrx_word' id='word_1_103' title='bbox 1413 1486 1560 1541; x_wconf 91' lang='lat' dir='ltr'><strong>enim</strong></span> <span class='ocrx_word' id='word_1_104' title='bbox 1593 1487 1897 1553; x_wconf 88' lang='lat' dir='ltr'><strong>eodemque</strong></span> <span class='ocrx_word' id='word_1_105' title='bbox 1923 1487 2007 1541; x_wconf 88' lang='lat' dir='ltr'><strong>usi</strong></span> 
     </span>
    </p>
   </div>
   <div class='ocr_carea' id='block_1_16' title="bbox 410 1576 2007 1645">
    <p class='ocr_par' dir='ltr' id='par_1_16' title="bbox 410 1576 2007 1645">
     <span class='ocr_line' id='line_1_16' title="bbox 410 1576 2007 1645; baseline 0.001 -15"><span class='ocrx_word' id='word_1_106' title='bbox 410 1590 648 1644; x_wconf 7' lang='lat' dir='ltr'><strong>(sumus;</strong></span> <span class='ocrx_word' id='word_1_107' title='bbox 690 1576 784 1630; x_wconf 88' lang='lat' dir='ltr'><strong>sed</strong></span> <span class='ocrx_word' id='word_1_108' title='bbox 809 1590 910 1645; x_wconf 81' lang='lat' dir='ltr'><strong>ego</strong></span> <span class='ocrx_word' id='word_1_109' title='bbox 937 1586 1064 1630; x_wconf 81' lang='lat' dir='ltr'><strong>ante</strong></span> <span class='ocrx_word' id='word_1_110' title='bbox 1104 1577 1302 1645; x_wconf 89' lang='lat' dir='ltr'><strong>illum),</strong></span> <span class='ocrx_word' id='word_1_111' title='bbox 1327 1587 1384 1631; x_wconf 91' lang='lat' dir='ltr'><strong>et</strong></span> <span class='ocrx_word' id='word_1_112' title='bbox 1408 1587 1485 1641; x_wconf 90' lang='lat' dir='ltr'><strong>te,</strong></span> <span class='ocrx_word' id='word_1_113' title='bbox 1518 1576 1713 1641; x_wconf 87' lang='lat' dir='ltr'><strong>lector,</strong></span> <span class='ocrx_word' id='word_1_114' title='bbox 1743 1577 1879 1631; x_wconf 90' lang='lat' dir='ltr'><strong>tanti</strong></span> <span class='ocrx_word' id='word_1_115' title='bbox 1908 1577 2007 1631; x_wconf 91' lang='lat' dir='ltr'><strong>viri</strong></span> 
     </span>
    </p>
   </div>
   <div class='ocr_carea' id='block_1_17' title="bbox 422 1668 2009 1740">
    <p class='ocr_par' dir='ltr' id='par_1_17' title="bbox 422 1668 2009 1740">
     <span class='ocr_line' id='line_1_17' title="bbox 422 1668 2009 1740; baseline 0.002 -19"><span class='ocrx_word' id='word_1_116' title='bbox 422 1668 787 1723; x_wconf 87' lang='lat' dir='ltr'><strong>fraudandum</strong></span> <span class='ocrx_word' id='word_1_117' title='bbox 828 1669 1035 1740; x_wconf 87' lang='lat' dir='ltr'><strong>judicio</strong></span> <span class='ocrx_word' id='word_1_118' title='bbox 1083 1685 1188 1723; x_wconf 92' lang='lat' dir='ltr'><strong>non</strong></span> <span class='ocrx_word' id='word_1_119' title='bbox 1238 1670 1529 1726; x_wconf 85' lang='lat' dir='ltr'><strong>censebam</strong></span> <span class='ocrx_word' id='word_1_120' title='bbox 1564 1685 1578 1722; x_wconf 88' lang='lat'><strong>:</strong></span> <span class='ocrx_word' id='word_1_121' title='bbox 1622 1670 2009 1724; x_wconf 88' lang='lat' dir='ltr'><strong>adnotationcs</strong></span> 
     </span>
    </p>
   </div>
   <div class='ocr_carea' id='block_1_18' title="bbox 423 1759 2006 1830">
    <p class='ocr_par' dir='ltr' id='par_1_18' title="bbox 423 1759 2006 1830">
     <span class='ocr_line' id='line_1_18' title="bbox 423 1759 2006 1830; baseline 0.002 -17"><span class='ocrx_word' id='word_1_122' title='bbox 423 1759 656 1829; x_wconf 82' lang='lat' dir='ltr'><strong>aliquot,</strong></span> <span class='ocrx_word' id='word_1_123' title='bbox 691 1760 745 1815; x_wconf 89' lang='lat' dir='ltr'><strong>in</strong></span> <span class='ocrx_word' id='word_1_124' title='bbox 786 1759 986 1830; x_wconf 85' lang='lat' dir='ltr'><strong>quibus</strong></span> <span class='ocrx_word' id='word_1_125' title='bbox 1016 1761 1101 1816; x_wconf 88' lang='lat' dir='ltr'><strong>vel</strong></span> <span class='ocrx_word' id='word_1_126' title='bbox 1143 1762 1393 1817; x_wconf 88' lang='lat' dir='ltr'><strong>diversas</strong></span> <span class='ocrx_word' id='word_1_127' title='bbox 1427 1777 1457 1815; x_wconf 90' lang='lat' dir='ltr'><strong>a</strong></span> <span class='ocrx_word' id='word_1_128' title='bbox 1486 1761 1624 1816; x_wconf 91' lang='lat' dir='ltr'><strong>meis</strong></span> <span class='ocrx_word' id='word_1_129' title='bbox 1667 1760 1787 1830; x_wconf 86' lang='lat' dir='ltr'><strong>ejus</strong></span> <span class='ocrx_word' id='word_1_130' title='bbox 1819 1776 2006 1816; x_wconf 89' lang='lat' dir='ltr'><strong>emen-</strong></span> 
     </span>
    </p>
   </div>
   <div class='ocr_carea' id='block_1_19' title="bbox 2112 565 3695 638">
    <p class='ocr_par' dir='ltr' id='par_1_19' title="bbox 2112 565 3695 638">
     <span class='ocr_line' id='line_1_19' title="bbox 2112 565 3695 638; baseline 0.002 -20"><span class='ocrx_word' id='word_1_131' title='bbox 2112 566 2431 634; x_wconf 85' lang='lat' dir='ltr'><strong>professore</strong></span> <span class='ocrx_word' id='word_1_132' title='bbox 2470 567 2656 636; x_wconf 86' lang='lat' dir='ltr'><strong>regio,</strong></span> <span class='ocrx_word' id='word_1_133' title='bbox 2692 566 2920 620; x_wconf 74' lang='lat' dir='ltr'><strong>Lutetia:</strong></span> <span class='ocrx_word' id='word_1_134' title='bbox 2968 565 3144 621; x_wconf 82' lang='lat' dir='ltr'><strong>Paris.</strong></span> <span class='ocrx_word' id='word_1_135' title='bbox 3201 568 3341 638; x_wconf 88' lang='lat' dir='ltr'><strong>apud</strong></span> <span class='ocrx_word' id='word_1_136' title='bbox 3375 568 3695 624; x_wconf 81' lang='lat' dir='ltr'><strong>Micltaelem</strong></span> 
     </span>
    </p>
   </div>
   <div class='ocr_carea' id='block_1_20' title="bbox 2113 655 3698 729">
    <p class='ocr_par' dir='ltr' id='par_1_20' title="bbox 2113 655 3698 729">
     <span class='ocr_line' id='line_1_20' title="bbox 2113 655 3698 729; baseline 0.003 -19"><span class='ocrx_word' id='word_1_137' title='bbox 2113 655 2380 710; x_wconf 90' lang='lat' dir='ltr'><strong>Sonnium</strong></span> <span class='ocrx_word' id='word_1_138' title='bbox 2413 657 2541 727; x_wconf 88' lang='lat' dir='ltr'><strong>(alia</strong></span> <span class='ocrx_word' id='word_1_139' title='bbox 2575 658 2815 727; x_wconf 76' lang='lat' dir='ltr'><strong>exempl.</strong></span> <span class='ocrx_word' id='word_1_140' title='bbox 2844 659 3103 726; x_wconf 89' lang='lat' dir='ltr'><strong>inscripta</strong></span> <span class='ocrx_word' id='word_1_141' title='bbox 3139 669 3268 712; x_wconf 86' lang='lat' dir='ltr'><strong>sunt</strong></span> <span class='ocrx_word' id='word_1_142' title='bbox 3294 661 3473 729; x_wconf 84' lang='lat' dir='ltr'><strong>:apud</strong></span> <span class='ocrx_word' id='word_1_143' title='bbox 3499 659 3698 717; x_wconf 85' lang='lat' dir='ltr'><strong>Claud.</strong></span> 
     </span>
    </p>
   </div>
   <div class='ocr_carea' id='block_1_21' title="bbox 2113 744 3694 817">
    <p class='ocr_par' dir='ltr' id='par_1_21' title="bbox 2113 744 3694 817">
     <span class='ocr_line' id='line_1_21' title="bbox 2113 744 3694 817; baseline 0.003 -18"><span class='ocrx_word' id='word_1_144' title='bbox 2113 744 2478 817; x_wconf 77' lang='lat' dir='ltr'><strong>Morellum),</strong></span> <span class='ocrx_word' id='word_1_145' title='bbox 2521 748 2605 802; x_wconf 86' lang='lat' dir='ltr'><strong>via</strong></span> <span class='ocrx_word' id='word_1_146' title='bbox 2653 747 2887 802; x_wconf 79' lang='lat' dir='ltr'><strong>Jacobea</strong></span> <span class='ocrx_word' id='word_1_147' title='bbox 2934 752 3036 803; x_wconf 89' lang='lat' dir='ltr'><strong>sub</strong></span> <span class='ocrx_word' id='word_1_148' title='bbox 3076 759 3235 805; x_wconf 87' lang='lat' dir='ltr'><strong>scuto</strong></span> <span class='ocrx_word' id='word_1_149' title='bbox 3280 750 3588 817; x_wconf 82' lang='lat' dir='ltr'><strong>Basiliensi,</strong></span> <span class='ocrx_word' id='word_1_150' title='bbox 3643 770 3694 805; x_wconf 87' lang='lat' dir='ltr'><strong>a.</strong></span> 
     </span>
    </p>
   </div>
   <div class='ocr_carea' id='block_1_22' title="bbox 2116 836 3699 909">
    <p class='ocr_par' dir='ltr' id='par_1_22' title="bbox 2116 836 3699 909">
     <span class='ocr_line' id='line_1_22' title="bbox 2116 836 3699 909; baseline 0.004 -18"><span class='ocrx_word' id='word_1_151' title='bbox 2116 836 2279 903; x_wconf 82' lang='grc'>1615,</span> <span class='ocrx_word' id='word_1_152' title='bbox 2308 837 2426 904; x_wconf 74' lang='lat' dir='ltr'><strong>fol.,</strong></span> <span class='ocrx_word' id='word_1_153' title='bbox 2452 848 2509 893; x_wconf 86' lang='lat' dir='ltr'><strong>et</strong></span> <span class='ocrx_word' id='word_1_154' title='bbox 2533 839 2730 894; x_wconf 83' lang='lat' dir='ltr'><strong>dehinc</strong></span> <span class='ocrx_word' id='word_1_155' title='bbox 2759 840 2903 909; x_wconf 81' lang='lat' dir='ltr'><strong>apud</strong></span> <span class='ocrx_word' id='word_1_156' title='bbox 2927 840 3118 895; x_wconf 83' lang='lat' dir='ltr'><strong>Claud.</strong></span> <span class='ocrx_word' id='word_1_157' title='bbox 3164 841 3432 896; x_wconf 86' lang='lat' dir='ltr'><strong>Sonnium</strong></span> <span class='ocrx_word' id='word_1_158' title='bbox 3466 844 3543 909; x_wconf 81' lang='lat' dir='ltr'><strong>(in</strong></span> <span class='ocrx_word' id='word_1_159' title='bbox 3576 845 3699 898; x_wconf 83' lang='lat' dir='ltr'><strong>aliis</strong></span> 
     </span>
    </p>
   </div>
   <div class='ocr_carea' id='block_1_23' title="bbox 2111 929 3695 1001">
    <p class='ocr_par' dir='ltr' id='par_1_23' title="bbox 2111 929 3695 1001">
     <span class='ocr_line' id='line_1_23' title="bbox 2111 929 3695 1001; baseline 0 -17"><span class='ocrx_word' id='word_1_160' title='bbox 2111 930 2352 999; x_wconf 78' lang='lat' dir='ltr'><strong>exempl.</strong></span> <span class='ocrx_word' id='word_1_161' title='bbox 2387 953 2399 986; x_wconf 88' lang='lat'>:</span> <span class='ocrx_word' id='word_1_162' title='bbox 2430 930 2577 999; x_wconf 82' lang='lat' dir='ltr'><strong>apud</strong></span> <span class='ocrx_word' id='word_1_163' title='bbox 2629 930 2814 985; x_wconf 78' lang='lat' dir='ltr'><strong>Carol.</strong></span> <span class='ocrx_word' id='word_1_164' title='bbox 2871 929 3217 1001; x_wconf 73' lang='lat' dir='ltr'><strong>Moralium),</strong></span> <span class='ocrx_word' id='word_1_165' title='bbox 3262 932 3347 985; x_wconf 85' lang='lat' dir='ltr'><strong>via</strong></span> <span class='ocrx_word' id='word_1_166' title='bbox 3385 930 3595 994; x_wconf 84' lang='lat' dir='ltr'><strong>Jacob.,</strong></span> <span class='ocrx_word' id='word_1_167' title='bbox 3629 935 3695 985; x_wconf 84' lang='lat' dir='ltr'><strong>ad</strong></span> 
     </span>
    </p>
   </div>
   <div class='ocr_carea' id='block_1_24' title="bbox 2114 1022 3693 1091">
    <p class='ocr_par' dir='ltr' id='par_1_24' title="bbox 2114 1022 3693 1091">
     <span class='ocr_line' id='line_1_24' title="bbox 2114 1022 3693 1091; baseline 0.002 -15"><span class='ocrx_word' id='word_1_168' title='bbox 2114 1023 2328 1091; x_wconf 84' lang='lat' dir='ltr'><strong>insigne</strong></span> <span class='ocrx_word' id='word_1_169' title='bbox 2380 1022 2523 1079; x_wconf 88' lang='lat' dir='ltr'><strong>scuti</strong></span> <span class='ocrx_word' id='word_1_170' title='bbox 2554 1023 2897 1085; x_wconf 88' lang='lat' dir='ltr'><strong>Basiliensis,</strong></span> <span class='ocrx_word' id='word_1_171' title='bbox 2924 1038 2976 1077; x_wconf 89' lang='lat' dir='ltr'><strong>a.</strong></span> <span class='ocrx_word' id='word_1_172' title='bbox 3012 1024 3176 1087; x_wconf 77' lang='grc'>1656,</span> <span class='ocrx_word' id='word_1_173' title='bbox 3208 1022 3303 1077; x_wconf 86' lang='lat' dir='ltr'><strong>fol.</strong></span> <span class='ocrx_word' id='word_1_174' title='bbox 3332 1024 3493 1089; x_wconf 89' lang='lat' dir='ltr'><strong>(tom.</strong></span> <span class='ocrx_word' id='word_1_175' title='bbox 3536 1022 3599 1077; x_wconf 90' lang='lat' dir='ltr'><strong>lll</strong></span> <span class='ocrx_word' id='word_1_176' title='bbox 3642 1028 3693 1079; x_wconf 87' lang='lat' dir='ltr'><strong>itt</strong></span> 
     </span>
    </p>
   </div>
   <div class='ocr_carea' id='block_1_25' title="bbox 2112 1112 3692 1184">
    <p class='ocr_par' dir='ltr' id='par_1_25' title="bbox 2112 1112 3692 1184">
     <span class='ocr_line' id='line_1_25' title="bbox 2112 1112 3692 1184; baseline 0.001 -17"><span class='ocrx_word' id='word_1_177' title='bbox 2112 1112 2131 1167; x_wconf 95' lang='grc' dir='ltr'><strong>Ι</strong></span> <span class='ocrx_word' id='word_1_178' title='bbox 2185 1115 2352 1182; x_wconf 86' lang='lat' dir='ltr'><strong>vol.).</strong></span> <span class='ocrx_word' id='word_1_179' title='bbox 2407 1114 2675 1182; x_wconf 84' lang='lat' dir='ltr'><strong>Adjuncta</strong></span> <span class='ocrx_word' id='word_1_180' title='bbox 2730 1124 2816 1168; x_wconf 88' lang='lat' dir='ltr'><strong>est</strong></span> <span class='ocrx_word' id='word_1_181' title='bbox 2860 1116 2913 1169; x_wconf 89' lang='lat' dir='ltr'><strong>in</strong></span> <span class='ocrx_word' id='word_1_182' title='bbox 2966 1125 3197 1184; x_wconf 83' lang='lat' dir='ltr'><strong>utraque</strong></span> <span class='ocrx_word' id='word_1_183' title='bbox 3248 1116 3491 1170; x_wconf 86' lang='lat' dir='ltr'><strong>editione</strong></span> <span class='ocrx_word' id='word_1_184' title='bbox 3544 1117 3692 1172; x_wconf 87' lang='lat' dir='ltr'><strong>Petri</strong></span> 
     </span>
    </p>
   </div>
   <div class='ocr_carea' id='block_1_26' title="bbox 2111 1202 3694 1279">
    <p class='ocr_par' dir='ltr' id='par_1_26' title="bbox 2111 1202 3694 1279">
     <span class='ocr_line' id='line_1_26' title="bbox 2111 1202 3694 1279; baseline 0.001 -19"><span class='ocrx_word' id='word_1_185' title='bbox 2111 1206 2409 1270; x_wconf 82' lang='lat' dir='ltr'><strong>Lansselii,</strong></span> <span class='ocrx_word' id='word_1_186' title='bbox 2436 1202 2847 1277; x_wconf 84' lang='lat' dir='ltr'><strong>G&#39;ravelingani,</strong></span> <span class='ocrx_word' id='word_1_187' title='bbox 2878 1207 3003 1262; x_wconf 73' lang='lat' dir='ltr'><strong>Sac.</strong></span> <span class='ocrx_word' id='word_1_188' title='bbox 3036 1205 3161 1261; x_wconf 77' lang='lat' dir='ltr'><strong>Jesu</strong></span> <span class='ocrx_word' id='word_1_189' title='bbox 3206 1208 3544 1279; x_wconf 80' lang='lat' dir='ltr'><strong>presbyteri,</strong></span> <span class='ocrx_word' id='word_1_190' title='bbox 3573 1208 3694 1261; x_wconf 75' lang='lat' dir='ltr'><strong>dis-</strong></span> 
     </span>
    </p>
   </div>
   <div class='ocr_carea' id='block_1_27' title="bbox 2112 1299 3690 1372">
    <p class='ocr_par' dir='ltr' id='par_1_27' title="bbox 2112 1299 3690 1372">
     <span class='ocr_line' id='line_1_27' title="bbox 2112 1299 3690 1372; baseline 0.004 -22"><span class='ocrx_word' id='word_1_191' title='bbox 2112 1300 2337 1368; x_wconf 88' lang='lat' dir='ltr'><strong>punctio</strong></span> <span class='ocrx_word' id='word_1_192' title='bbox 2370 1299 2904 1354; x_wconf 74' lang='lat' dir='ltr'><strong>animadversionum</strong></span> <span class='ocrx_word' id='word_1_193' title='bbox 2932 1301 2984 1354; x_wconf 90' lang='lat' dir='ltr'><strong>in</strong></span> <span class='ocrx_word' id='word_1_194' title='bbox 3009 1300 3278 1358; x_wconf 70' lang='lat' dir='ltr'><strong>Jtistia....n</strong></span> <span class='ocrx_word' id='word_1_195' title='bbox 3302 1342 3319 1368; x_wconf 92' lang='lat'><strong>,</strong></span> <span class='ocrx_word' id='word_1_196' title='bbox 3348 1318 3487 1372; x_wconf 88' lang='lat' dir='ltr'><strong>quas</strong></span> <span class='ocrx_word' id='word_1_197' title='bbox 3520 1302 3690 1357; x_wconf 82' lang='lat' dir='ltr'><strong>Isaac.</strong></span> 
     </span>
    </p>
   </div>
   <div class='ocr_carea' id='block_1_28' title="bbox 2111 1391 3693 1449">
    <p class='ocr_par' dir='ltr' id='par_1_28' title="bbox 2111 1391 3693 1449">
     <span class='ocr_line' id='line_1_28' title="bbox 2111 1391 3693 1449; baseline 0.001 -3"><span class='ocrx_word' id='word_1_198' title='bbox 2111 1391 2467 1446; x_wconf 85' lang='lat' dir='ltr'><strong>Casaubonus</strong></span> <span class='ocrx_word' id='word_1_199' title='bbox 2502 1392 2994 1448; x_wconf 80' lang='lat' dir='ltr'><strong>Exercitationibus</strong></span> <span class='ocrx_word' id='word_1_200' title='bbox 3044 1396 3157 1449; x_wconf 84' lang='lat' dir='ltr'><strong>suis</strong></span> <span class='ocrx_word' id='word_1_201' title='bbox 3205 1397 3475 1449; x_wconf 84' lang='lat' dir='ltr'><strong>adversus</strong></span> <span class='ocrx_word' id='word_1_202' title='bbox 3521 1395 3693 1448; x_wconf 73' lang='lat' dir='ltr'><strong>Baro-</strong></span> 
     </span>
    </p>
   </div>
   <div class='ocr_carea' id='block_1_29' title="bbox 2113 1487 3693 1559">
    <p class='ocr_par' dir='ltr' id='par_1_29' title="bbox 2113 1487 3693 1559">
     <span class='ocr_line' id='line_1_29' title="bbox 2113 1487 3693 1559; baseline 0 -18"><span class='ocrx_word' id='word_1_203' title='bbox 2113 1488 2262 1541; x_wconf 91' lang='lat' dir='ltr'><strong>ninm</strong></span> <span class='ocrx_word' id='word_1_204' title='bbox 2298 1487 2550 1541; x_wconf 88' lang='lat' dir='ltr'><strong>inseruit.</strong></span> <span class='ocrx_word' id='word_1_205' title='bbox 2587 1487 2855 1541; x_wconf 60' lang='lat' dir='ltr'><strong>Praeterea</strong></span> <span class='ocrx_word' id='word_1_206' title='bbox 2898 1488 3167 1543; x_wconf 89' lang='lat' dir='ltr'><strong>accedunt</strong></span> <span class='ocrx_word' id='word_1_207' title='bbox 3207 1498 3466 1559; x_wconf 87' lang='lat' dir='ltr'><strong>tanquam</strong></span> <span class='ocrx_word' id='word_1_208' title='bbox 3511 1494 3693 1543; x_wconf 83' lang='lat' dir='ltr'><strong>corol-</strong></span> 
     </span>
    </p>
   </div>
   <div class='ocr_carea' id='block_1_30' title="bbox 2114 1581 3693 1652">
    <p class='ocr_par' dir='ltr' id='par_1_30' title="bbox 2114 1581 3693 1652">
     <span class='ocr_line' id='line_1_30' title="bbox 2114 1581 3693 1652; baseline 0.001 -17"><span class='ocrx_word' id='word_1_209' title='bbox 2114 1582 2250 1637; x_wconf 83' lang='lat' dir='ltr'><strong>Iaria</strong></span> <span class='ocrx_word' id='word_1_210' title='bbox 2282 1582 2683 1652; x_wconf 58' lang='lat' dir='ltr'><strong>Athenagorae,</strong></span> <span class='ocrx_word' id='word_1_211' title='bbox 2720 1581 3038 1650; x_wconf 84' lang='lat' dir='ltr'><strong>Theophili,</strong></span> <span class='ocrx_word' id='word_1_212' title='bbox 3092 1581 3303 1637; x_wconf 84' lang='lat' dir='ltr'><strong>Tatiani</strong></span> <span class='ocrx_word' id='word_1_213' title='bbox 3354 1593 3407 1639; x_wconf 89' lang='lat' dir='ltr'><strong>ct</strong></span> <span class='ocrx_word' id='word_1_214' title='bbox 3456 1583 3693 1637; x_wconf 67' lang='lat' dir='ltr'><strong>Hermia:</strong></span> 
     </span>
    </p>
   </div>
   <div class='ocr_carea' id='block_1_31' title="bbox 2116 1672 3689 1745">
    <p class='ocr_par' dir='ltr' id='par_1_31' title="bbox 2116 1672 3689 1745">
     <span class='ocr_line' id='line_1_31' title="bbox 2116 1672 3689 1745; baseline 0.001 -17"><span class='ocrx_word' id='word_1_215' title='bbox 2116 1684 2406 1730; x_wconf 85' lang='lat' dir='ltr'><strong>tractatus.</strong></span> <span class='ocrx_word' id='word_1_216' title='bbox 2434 1672 2665 1728; x_wconf 64' lang='lat' dir='ltr'><strong>Prialixa</strong></span> <span class='ocrx_word' id='word_1_217' title='bbox 2690 1685 2775 1729; x_wconf 85' lang='lat' dir='ltr'><strong>est</strong></span> <span class='ocrx_word' id='word_1_218' title='bbox 2805 1674 3051 1745; x_wconf 70' lang='lat' dir='ltr'><strong>quaedam</strong></span> <span class='ocrx_word' id='word_1_219' title='bbox 3088 1674 3288 1731; x_wconf 80' lang='lat' dir='ltr'><strong>Justini</strong></span> <span class='ocrx_word' id='word_1_220' title='bbox 3320 1677 3530 1745; x_wconf 84' lang='lat' dir='ltr'><strong>elligies</strong></span> <span class='ocrx_word' id='word_1_221' title='bbox 3560 1692 3689 1731; x_wconf 89' lang='lat' dir='ltr'><strong>cum</strong></span> 
     </span>
    </p>
   </div>
   <div class='ocr_carea' id='block_1_32' title="bbox 2113 1766 2581 1822">
    <p class='ocr_par' dir='ltr' id='par_1_32' title="bbox 2113 1766 2581 1822">
     <span class='ocr_line' id='line_1_32' title="bbox 2113 1766 2581 1822; baseline 0.002 -3"><span class='ocrx_word' id='word_1_222' title='bbox 2113 1766 2219 1821; x_wconf 89' lang='lat' dir='ltr'><strong>hoc</strong></span> <span class='ocrx_word' id='word_1_223' title='bbox 2267 1767 2527 1822; x_wconf 87' lang='lat' dir='ltr'><strong>lemmate</strong></span> <span class='ocrx_word' id='word_1_224' title='bbox 2567 1784 2581 1820; x_wconf 91' lang='lat'><strong>:</strong></span> 
     </span>
    </p>
   </div>
   <div class='ocr_carea' id='block_1_33' title="bbox 423 1851 2249 1952">
    <p class='ocr_par' dir='ltr' id='par_1_33' title="bbox 423 1851 2249 1938">
     <span class='ocr_line' id='line_1_33' title="bbox 423 1851 2249 1938; baseline 0.002 -33"><span class='ocrx_word' id='word_1_225' title='bbox 423 1851 674 1907; x_wconf 86' lang='lat' dir='ltr'><strong>dationes</strong></span> <span class='ocrx_word' id='word_1_226' title='bbox 698 1851 781 1907; x_wconf 90' lang='lat' dir='ltr'><strong>vel</strong></span> <span class='ocrx_word' id='word_1_227' title='bbox 807 1853 1078 1906; x_wconf 89' lang='lat' dir='ltr'><strong>diversam</strong></span> <span class='ocrx_word' id='word_1_228' title='bbox 1127 1853 1637 1923; x_wconf 77' lang='lat' dir='ltr'><strong>interpretationem</strong></span> <span class='ocrx_word' id='word_1_229' title='bbox 1674 1853 1769 1907; x_wconf 85' lang='lat' dir='ltr'><strong>tibi</strong></span> <span class='ocrx_word' id='word_1_230' title='bbox 1804 1867 2003 1923; x_wconf 87' lang='lat' dir='ltr'><strong>propo-</strong></span> <span class='ocrx_word' id='word_1_231' title='bbox 2036 1856 2079 1914; x_wconf 84' lang='grc' dir='ltr'><strong>Β</strong></span> <span class='ocrx_word' id='word_1_232' title='bbox 2121 1882 2249 1938; x_wconf 47' lang='lat' dir='ltr'><strong>HM</strong></span> 
     </span>
    </p>
   </div>
   <div class='ocr_carea' id='block_1_34' title="bbox 2159 1851 3688 1952">
    <p class='ocr_par' dir='ltr' id='par_1_34' title="bbox 2159 1881 3688 1952">
     <span class='ocr_line' id='line_1_34' title="bbox 2159 1881 3688 1952; baseline 0 -17"><span class='ocrx_word' id='word_1_233' title='bbox 2159 1881 2294 1936; x_wconf 82' lang='grc' dir='ltr'><strong>ινίδ’</strong></span> <span class='ocrx_word' id='word_1_234' title='bbox 2324 1881 2648 1938; x_wconf 77' lang='grc' dir='ltr'><strong>Ἰουστίνου</strong></span> <span class='ocrx_word' id='word_1_235' title='bbox 2682 1883 2901 1950; x_wconf 78' lang='grc' dir='ltr'><strong>διττοῖς</strong></span> <span class='ocrx_word' id='word_1_236' title='bbox 2928 1882 3217 1952; x_wconf 65' lang='grc' dir='ltr'><strong>στέφεσίν</strong></span> <span class='ocrx_word' id='word_1_237' title='bbox 3254 1882 3412 1950; x_wconf 81' lang='grc' dir='ltr'><strong>κάρα</strong></span> <span class='ocrx_word' id='word_1_238' title='bbox 3435 1883 3688 1947; x_wconf 79' lang='grc' dir='ltr'><strong>κασθὲν,</strong></span> 
     </span>
    </p>
   </div>
   <div class='ocr_carea' id='block_1_35' title="bbox 425 1944 2007 2015">
    <p class='ocr_par' dir='ltr' id='par_1_35' title="bbox 425 1944 2007 2015">
     <span class='ocr_line' id='line_1_35' title="bbox 425 1944 2007 2015; baseline 0.001 -16"><span class='ocrx_word' id='word_1_239' title='bbox 425 1958 615 1999; x_wconf 89' lang='lat' dir='ltr'><strong>nerem</strong></span> <span class='ocrx_word' id='word_1_240' title='bbox 636 1983 652 2009; x_wconf 94' lang='lat'><strong>,</strong></span> <span class='ocrx_word' id='word_1_241' title='bbox 684 1944 1057 2014; x_wconf 87' lang='lat' dir='ltr'><strong>superioribus</strong></span> <span class='ocrx_word' id='word_1_242' title='bbox 1083 1945 1321 2013; x_wconf 88' lang='lat' dir='ltr'><strong>adjicere</strong></span> <span class='ocrx_word' id='word_1_243' title='bbox 1363 1946 1581 2000; x_wconf 87' lang='lat' dir='ltr'><strong>decrevi</strong></span> <span class='ocrx_word' id='word_1_244' title='bbox 1594 1986 1608 2007; x_wconf 91' lang='lat'><strong>,</strong></span> <span class='ocrx_word' id='word_1_245' title='bbox 1638 1957 1804 2015; x_wconf 82' lang='lat' dir='ltr'><strong>atque</strong></span> <span class='ocrx_word' id='word_1_246' title='bbox 1843 1945 1896 2001; x_wconf 93' lang='lat' dir='ltr'><strong>id</strong></span> <span class='ocrx_word' id='word_1_247' title='bbox 1945 1954 2007 2001; x_wconf 90' lang='lat' dir='ltr'><strong>ut</strong></span> 
     </span>
    </p>
   </div>
   <div class='ocr_carea' id='block_1_36' title="bbox 423 2024 2007 2109">
    <p class='ocr_par' dir='ltr' id='par_1_36' title="bbox 423 2024 2007 2109">
     <span class='ocr_line' id='line_1_36' title="bbox 423 2024 2007 2109; baseline 0.003 -17"><span class='ocrx_word' id='word_1_248' title='bbox 423 2039 776 2094; x_wconf 84' lang='lat' dir='ltr'><strong>decreveram</strong></span> <span class='ocrx_word' id='word_1_249' title='bbox 807 2037 1065 2094; x_wconf 79' lang='lat' dir='ltr'><strong>ell’ec-tum</strong></span> <span class='ocrx_word' id='word_1_250' title='bbox 1100 2039 1332 2094; x_wconf 89' lang='lat' dir='ltr'><strong>reddidi.</strong></span> <span class='ocrx_word' id='word_1_251' title='bbox 1363 2057 1384 2091; x_wconf 73' lang='grc' dir='ltr'><strong><em>ι</em></strong></span> <span class='ocrx_word' id='word_1_252' title='bbox 1430 2039 1536 2095; x_wconf 91' lang='lat' dir='ltr'><strong>Sed</strong></span> <span class='ocrx_word' id='word_1_253' title='bbox 1566 2024 1878 2109; x_wconf 75' lang='lat' dir='ltr'><strong>Stephanus</strong></span> <span class='ocrx_word' id='word_1_254' title='bbox 1906 2039 2007 2096; x_wconf 85' lang='lat' dir='ltr'><strong>do-</strong></span> 
     </span>
    </p>
   </div>
   <div class='ocr_carea' id='block_1_37' title="bbox 423 2132 2005 2204">
    <p class='ocr_par' dir='ltr' id='par_1_37' title="bbox 423 2132 2005 2204">
     <span class='ocr_line' id='line_1_37' title="bbox 423 2132 2005 2204; baseline 0.001 -17"><span class='ocrx_word' id='word_1_255' title='bbox 423 2134 706 2188; x_wconf 90' lang='lat' dir='ltr'><strong>ctissimus</strong></span> <span class='ocrx_word' id='word_1_256' title='bbox 734 2133 1126 2203; x_wconf 86' lang='lat' dir='ltr'><strong>grammaticus</strong></span> <span class='ocrx_word' id='word_1_257' title='bbox 1159 2132 1211 2187; x_wconf 89' lang='lat' dir='ltr'><strong>in</strong></span> <span class='ocrx_word' id='word_1_258' title='bbox 1245 2133 1464 2204; x_wconf 75' lang='lat' dir='ltr'><strong>scriptis</strong></span> <span class='ocrx_word' id='word_1_259' title='bbox 1501 2133 1608 2188; x_wconf 91' lang='lat' dir='ltr'><strong>illis</strong></span> <span class='ocrx_word' id='word_1_260' title='bbox 1643 2133 2005 2189; x_wconf 87' lang='lat' dir='ltr'><strong>emendandis</strong></span> 
     </span>
    </p>
   </div>
   <div class='ocr_carea' id='block_1_38' title="bbox 423 2227 2006 2297">
    <p class='ocr_par' dir='ltr' id='par_1_38' title="bbox 423 2227 2006 2297">
     <span class='ocr_line' id='line_1_38' title="bbox 423 2227 2006 2297; baseline 0 -15"><span class='ocrx_word' id='word_1_261' title='bbox 423 2227 505 2283; x_wconf 87' lang='lat' dir='ltr'><strong>sic</strong></span> <span class='ocrx_word' id='word_1_262' title='bbox 532 2238 805 2291; x_wconf 86' lang='lat' dir='ltr'><strong>versatur,</strong></span> <span class='ocrx_word' id='word_1_263' title='bbox 836 2229 992 2297; x_wconf 83' lang='lat' dir='ltr'><strong>quasi</strong></span> <span class='ocrx_word' id='word_1_264' title='bbox 1040 2227 1281 2282; x_wconf 83' lang='lat' dir='ltr'><strong>Platonis</strong></span> <span class='ocrx_word' id='word_1_265' title='bbox 1326 2239 1514 2283; x_wconf 82' lang='lat' dir='ltr'><strong>essent</strong></span> <span class='ocrx_word' id='word_1_266' title='bbox 1556 2239 1651 2282; x_wconf 89' lang='lat' dir='ltr'><strong>aut</strong></span> <span class='ocrx_word' id='word_1_267' title='bbox 1686 2230 2006 2283; x_wconf 88' lang='lat' dir='ltr'><strong>Demosthe-</strong></span> 
     </span>
    </p>
   </div>
   <div class='ocr_carea' id='block_1_39' title="bbox 424 2321 2003 2391">
    <p class='ocr_par' dir='ltr' id='par_1_39' title="bbox 424 2321 2003 2391">
     <span class='ocr_line' id='line_1_39' title="bbox 424 2321 2003 2391; baseline 0.001 -17"><span class='ocrx_word' id='word_1_268' title='bbox 424 2321 512 2374; x_wconf 85' lang='lat' dir='ltr'><strong>nis</strong></span> <span class='ocrx_word' id='word_1_269' title='bbox 539 2335 749 2391; x_wconf 89' lang='lat' dir='ltr'><strong>opera;</strong></span> <span class='ocrx_word' id='word_1_270' title='bbox 780 2329 1117 2390; x_wconf 84' lang='lat' dir='ltr'><strong>quapropter</strong></span> <span class='ocrx_word' id='word_1_271' title='bbox 1148 2321 1420 2376; x_wconf 87' lang='lat' dir='ltr'><strong>interdum</strong></span> <span class='ocrx_word' id='word_1_272' title='bbox 1470 2338 1577 2377; x_wconf 91' lang='lat' dir='ltr'><strong>non</strong></span> <span class='ocrx_word' id='word_1_273' title='bbox 1622 2333 1731 2376; x_wconf 86' lang='lat' dir='ltr'><strong>tant</strong></span> <span class='ocrx_word' id='word_1_274' title='bbox 1776 2321 2003 2377; x_wconf 86' lang='lat' dir='ltr'><strong>sanandi</strong></span> 
     </span>
    </p>
   </div>
   <div class='ocr_carea' id='block_1_40' title="bbox 421 2415 1582 2484">
    <p class='ocr_par' dir='ltr' id='par_1_40' title="bbox 421 2415 1582 2484">
     <span class='ocr_line' id='line_1_40' title="bbox 421 2415 1582 2484; baseline 0.006 -21"><span class='ocrx_word' id='word_1_275' title='bbox 421 2426 587 2481; x_wconf 85' lang='lat' dir='ltr'><strong>quam</strong></span> <span class='ocrx_word' id='word_1_276' title='bbox 622 2415 857 2468; x_wconf 90' lang='lat' dir='ltr'><strong>ornandi</strong></span> <span class='ocrx_word' id='word_1_277' title='bbox 898 2423 1083 2470; x_wconf 79' lang='lat' dir='ltr'><strong>textus</strong></span> <span class='ocrx_word' id='word_1_278' title='bbox 1113 2427 1296 2484; x_wconf 88' lang='lat' dir='ltr'><strong>partes</strong></span> <span class='ocrx_word' id='word_1_279' title='bbox 1323 2416 1582 2471; x_wconf 89' lang='lat' dir='ltr'><strong>sustinet.</strong></span> 
     </span>
    </p>
   </div>
   <div class='ocr_carea' id='block_1_41' title="bbox 489 2504 2008 2578">
    <p class='ocr_par' dir='ltr' id='par_1_41' title="bbox 489 2504 2008 2578">
     <span class='ocr_line' id='line_1_41' title="bbox 489 2504 2008 2578; baseline 0.005 -19"><span class='ocrx_word' id='word_1_280' title='bbox 489 2504 686 2559; x_wconf 89' lang='lat' dir='ltr'><strong>Omnia</strong></span> <span class='ocrx_word' id='word_1_281' title='bbox 733 2504 827 2560; x_wconf 89' lang='lat' dir='ltr'><strong>illa</strong></span> <span class='ocrx_word' id='word_1_282' title='bbox 883 2506 944 2561; x_wconf 90' lang='lat' dir='ltr'><strong>S.</strong></span> <span class='ocrx_word' id='word_1_283' title='bbox 989 2505 1192 2562; x_wconf 85' lang='lat' dir='ltr'><strong>Justini</strong></span> <span class='ocrx_word' id='word_1_284' title='bbox 1241 2520 1433 2577; x_wconf 88' lang='lat' dir='ltr'><strong>opera,</strong></span> <span class='ocrx_word' id='word_1_285' title='bbox 1486 2509 1555 2564; x_wconf 88' lang='lat' dir='ltr'><strong>ab</strong></span> <span class='ocrx_word' id='word_1_286' title='bbox 1604 2517 1834 2578; x_wconf 81' lang='lat' dir='ltr'><strong>utroque</strong></span> <span class='ocrx_word' id='word_1_287' title='bbox 1882 2508 2008 2567; x_wconf 87' lang='lat' dir='ltr'><strong>Ste-</strong></span> 
     </span>
    </p>
   </div>
   <div class='ocr_carea' id='block_1_42' title="bbox 420 2595 2006 2667">
    <p class='ocr_par' dir='ltr' id='par_1_42' title="bbox 420 2595 2006 2667">
     <span class='ocr_line' id='line_1_42' title="bbox 420 2595 2006 2667; baseline 0.004 -18"><span class='ocrx_word' id='word_1_288' title='bbox 420 2596 608 2666; x_wconf 89' lang='lat' dir='ltr'><strong>phano</strong></span> <span class='ocrx_word' id='word_1_289' title='bbox 662 2596 717 2650; x_wconf 89' lang='lat' dir='ltr'><strong>in</strong></span> <span class='ocrx_word' id='word_1_290' title='bbox 776 2595 951 2650; x_wconf 87' lang='lat' dir='ltr'><strong>lucent</strong></span> <span class='ocrx_word' id='word_1_291' title='bbox 1016 2597 1269 2667; x_wconf 86' lang='lat' dir='ltr'><strong>prolata,</strong></span> <span class='ocrx_word' id='word_1_292' title='bbox 1326 2597 1515 2653; x_wconf 73' lang='lat' dir='ltr'><strong>Grtece</strong></span> <span class='ocrx_word' id='word_1_293' title='bbox 1571 2614 1697 2653; x_wconf 91' lang='lat' dir='ltr'><strong>cum</strong></span> <span class='ocrx_word' id='word_1_294' title='bbox 1751 2605 2006 2656; x_wconf 87' lang='lat' dir='ltr'><strong>versione</strong></span> 
     </span>
    </p>
   </div>
   <div class='ocr_carea' id='block_1_43' title="bbox 420 2686 2001 2756">
    <p class='ocr_par' dir='ltr' id='par_1_43' title="bbox 420 2686 2001 2756">
     <span class='ocr_line' id='line_1_43' title="bbox 420 2686 2001 2756; baseline 0.006 -16"><span class='ocrx_word' id='word_1_295' title='bbox 420 2686 472 2742; x_wconf 82' lang='lat' dir='ltr'><strong>J.</strong></span> <span class='ocrx_word' id='word_1_296' title='bbox 518 2686 685 2756; x_wconf 83' lang='lat' dir='ltr'><strong>Langi</strong></span> <span class='ocrx_word' id='word_1_297' title='bbox 729 2689 932 2756; x_wconf 88' lang='lat' dir='ltr'><strong>passim</strong></span> <span class='ocrx_word' id='word_1_298' title='bbox 974 2690 1296 2753; x_wconf 78' lang='lat' dir='ltr'><strong>emendata,</strong></span> <span class='ocrx_word' id='word_1_299' title='bbox 1330 2691 1473 2747; x_wconf 93' lang='lat' dir='ltr'><strong>notis</strong></span> <span class='ocrx_word' id='word_1_300' title='bbox 1500 2702 1556 2745; x_wconf 89' lang='lat' dir='ltr'><strong>et</strong></span> <span class='ocrx_word' id='word_1_301' title='bbox 1594 2692 1864 2750; x_wconf 87' lang='lat' dir='ltr'><strong>indicibus</strong></span> <span class='ocrx_word' id='word_1_302' title='bbox 1905 2711 2001 2749; x_wconf 80' lang='lat' dir='ltr'><strong>ro-</strong></span> 
     </span>
    </p>
   </div>
   <div class='ocr_carea' id='block_1_44' title="bbox 423 2778 2002 2856">
    <p class='ocr_par' dir='ltr' id='par_1_44' title="bbox 423 2778 2002 2856">
     <span class='ocr_line' id='line_1_44' title="bbox 423 2778 2002 2856; baseline 0.006 -25"><span class='ocrx_word' id='word_1_303' title='bbox 423 2780 593 2846; x_wconf 86' lang='lat' dir='ltr'><strong>piosis</strong></span> <span class='ocrx_word' id='word_1_304' title='bbox 615 2778 791 2835; x_wconf 89' lang='lat' dir='ltr'><strong>edidit</strong></span> <span class='ocrx_word' id='word_1_305' title='bbox 812 2779 1128 2837; x_wconf 85' lang='lat' dir='ltr'><strong>l-‘ridericus</strong></span> <span class='ocrx_word' id='word_1_306' title='bbox 1153 2781 1320 2854; x_wconf 73' lang='lat' dir='ltr'><strong>Sylbn</strong></span> <span class='ocrx_word' id='word_1_307' title='bbox 1332 2784 1503 2852; x_wconf 83' lang='lat' dir='ltr'><strong>rgias,</strong></span> <span class='ocrx_word' id='word_1_308' title='bbox 1536 2783 1910 2856; x_wconf 72' lang='lat' dir='ltr'><strong>lleidelbergze</strong></span> <span class='ocrx_word' id='word_1_309' title='bbox 1935 2801 2002 2841; x_wconf 81' lang='lat' dir='ltr'><strong>ex</strong></span> 
     </span>
    </p>
   </div>
   <div class='ocr_carea' id='block_1_45' title="bbox 424 2873 2001 2945">
    <p class='ocr_par' dir='ltr' id='par_1_45' title="bbox 424 2873 2001 2945">
     <span class='ocr_line' id='line_1_45' title="bbox 424 2873 2001 2945; baseline 0.007 -22"><span class='ocrx_word' id='word_1_310' title='bbox 424 2873 819 2943; x_wconf 78' lang='lat' dir='ltr'><strong>typographeio</strong></span> <span class='ocrx_word' id='word_1_311' title='bbox 849 2873 1072 2931; x_wconf 80' lang='lat' dir='ltr'><strong>llieron.</strong></span> <span class='ocrx_word' id='word_1_312' title='bbox 1105 2874 1427 2932; x_wconf 85' lang='lat' dir='ltr'><strong>Connuclini</strong></span> <span class='ocrx_word' id='word_1_313' title='bbox 1458 2892 1513 2934; x_wconf 89' lang='lat' dir='ltr'><strong>a.</strong></span> <span class='ocrx_word' id='word_1_314' title='bbox 1538 2876 1845 2945; x_wconf 79' lang='grc' dir='ltr'><strong>1593,1ὀΙ.,</strong></span> <span class='ocrx_word' id='word_1_315' title='bbox 1871 2887 2001 2934; x_wconf 87' lang='lat' dir='ltr'><strong>tom.</strong></span> 
     </span>
    </p>
   </div>
   <div class='ocr_carea' id='block_1_46' title="bbox 420 2966 1999 3039">
    <p class='ocr_par' dir='ltr' id='par_1_46' title="bbox 420 2966 1999 3039">
     <span class='ocr_line' id='line_1_46' title="bbox 420 2966 1999 3039; baseline 0.004 -18"><span class='ocrx_word' id='word_1_316' title='bbox 420 2966 484 3021; x_wconf 86' lang='lat' dir='ltr'><strong>lll</strong></span> <span class='ocrx_word' id='word_1_317' title='bbox 518 2966 574 3021; x_wconf 90' lang='lat' dir='ltr'><strong>in</strong></span> <span class='ocrx_word' id='word_1_318' title='bbox 603 2983 713 3022; x_wconf 88' lang='lat' dir='ltr'><strong>ttno</strong></span> <span class='ocrx_word' id='word_1_319' title='bbox 735 2969 1035 3023; x_wconf 89' lang='lat' dir='ltr'><strong>volumine.</strong></span> <span class='ocrx_word' id='word_1_320' title='bbox 1083 2969 1279 3025; x_wconf 86' lang='lat' dir='ltr'><strong>Libros</strong></span> <span class='ocrx_word' id='word_1_321' title='bbox 1317 2972 1387 3024; x_wconf 86' lang='lat' dir='ltr'><strong>ita</strong></span> <span class='ocrx_word' id='word_1_322' title='bbox 1429 2972 1719 3027; x_wconf 79' lang='lat' dir='ltr'><strong>collocavit</strong></span> <span class='ocrx_word' id='word_1_323' title='bbox 1746 2990 1761 3028; x_wconf 88' lang='lat'><strong>:</strong></span> <span class='ocrx_word' id='word_1_324' title='bbox 1794 2983 1927 3029; x_wconf 90' lang='lat' dir='ltr'><strong>tom.</strong></span> <span class='ocrx_word' id='word_1_325' title='bbox 1960 2974 1999 3039; x_wconf 91' lang='lat' dir='ltr'><strong>l,</strong></span> 
     </span>
    </p>
   </div>
   <div class='ocr_carea' id='block_1_47' title="bbox 419 3058 2001 3127">
    <p class='ocr_par' dir='ltr' id='par_1_47' title="bbox 419 3058 2001 3127">
     <span class='ocr_line' id='line_1_47' title="bbox 419 3058 2001 3127; baseline 0.003 -14"><span class='ocrx_word' id='word_1_326' title='bbox 419 3074 475 3127; x_wconf 88' lang='lat' dir='ltr'><strong>p.</strong></span> <span class='ocrx_word' id='word_1_327' title='bbox 519 3058 688 3115; x_wconf 82' lang='grc'>1-167</span> <span class='ocrx_word' id='word_1_328' title='bbox 722 3078 737 3115; x_wconf 91' lang='lat'><strong>:</strong></span> <span class='ocrx_word' id='word_1_329' title='bbox 771 3058 1083 3116; x_wconf 80' lang='lat' dir='ltr'><strong>Cohortatio</strong></span> <span class='ocrx_word' id='word_1_330' title='bbox 1131 3063 1201 3115; x_wconf 86' lang='lat' dir='ltr'><strong>ad</strong></span> <span class='ocrx_word' id='word_1_331' title='bbox 1236 3061 1473 3127; x_wconf 78' lang='lat' dir='ltr'><strong>Cra-cos,</strong></span> <span class='ocrx_word' id='word_1_332' title='bbox 1510 3062 1693 3118; x_wconf 85' lang='lat' dir='ltr'><strong>Oratio</strong></span> <span class='ocrx_word' id='word_1_333' title='bbox 1736 3067 1805 3119; x_wconf 85' lang='lat' dir='ltr'><strong>ad</strong></span> <span class='ocrx_word' id='word_1_334' title='bbox 1853 3063 2001 3119; x_wconf 75' lang='grc' dir='ltr'><strong>στω-</strong></span> 
     </span>
    </p>
   </div>
   <div class='ocr_carea' id='block_1_48' title="bbox 420 3147 1997 3221">
    <p class='ocr_par' dir='ltr' id='par_1_48' title="bbox 420 3147 1997 3221">
     <span class='ocr_line' id='line_1_48' title="bbox 420 3147 1997 3221; baseline 0.006 -20"><span class='ocrx_word' id='word_1_335' title='bbox 420 3166 531 3213; x_wconf 83' lang='lat' dir='ltr'><strong>cos,</strong></span> <span class='ocrx_word' id='word_1_336' title='bbox 566 3147 802 3219; x_wconf 85' lang='lat' dir='ltr'><strong>Utraque</strong></span> <span class='ocrx_word' id='word_1_337' title='bbox 834 3151 1105 3221; x_wconf 83' lang='lat' dir='ltr'><strong>apologia,</strong></span> <span class='ocrx_word' id='word_1_338' title='bbox 1138 3151 1215 3205; x_wconf 87' lang='lat' dir='ltr'><strong>De</strong></span> <span class='ocrx_word' id='word_1_339' title='bbox 1250 3154 1558 3206; x_wconf 81' lang='lat' dir='ltr'><strong>monarcltia</strong></span> <span class='ocrx_word' id='word_1_340' title='bbox 1604 3152 1754 3218; x_wconf 86' lang='lat' dir='ltr'><strong>liber,</strong></span> <span class='ocrx_word' id='word_1_341' title='bbox 1790 3156 1997 3211; x_wconf 82' lang='lat' dir='ltr'><strong>Aristo-</strong></span> 
     </span>
    </p>
   </div>
   <div class='ocr_carea' id='block_1_49' title="bbox 423 3242 2000 3315">
    <p class='ocr_par' dir='ltr' id='par_1_49' title="bbox 423 3242 2000 3315">
     <span class='ocr_line' id='line_1_49' title="bbox 423 3242 2000 3315; baseline 0.006 -21"><span class='ocrx_word' id='word_1_342' title='bbox 423 3242 698 3297; x_wconf 85' lang='lat' dir='ltr'><strong>telicorum</strong></span> <span class='ocrx_word' id='word_1_343' title='bbox 723 3247 1072 3311; x_wconf 83' lang='lat' dir='ltr'><strong>quorumdam</strong></span> <span class='ocrx_word' id='word_1_344' title='bbox 1092 3245 1400 3315; x_wconf 87' lang='lat' dir='ltr'><strong>dogmatum</strong></span> <span class='ocrx_word' id='word_1_345' title='bbox 1423 3247 1642 3311; x_wconf 75' lang='lat' dir='ltr'><strong>eversio,</strong></span> <span class='ocrx_word' id='word_1_346' title='bbox 1669 3248 2000 3312; x_wconf 63' lang='lat' dir='ltr'><strong>Quaestione:</strong></span> 
     </span>
    </p>
   </div>
   <div class='ocr_carea' id='block_1_50' title="bbox 419 3336 2001 3409">
    <p class='ocr_par' dir='ltr' id='par_1_50' title="bbox 419 3336 2001 3409">
     <span class='ocr_line' id='line_1_50' title="bbox 419 3336 2001 3409; baseline 0.003 -18"><span class='ocrx_word' id='word_1_347' title='bbox 419 3336 845 3391; x_wconf 77' lang='lat' dir='ltr'><strong>Christianorum</strong></span> <span class='ocrx_word' id='word_1_348' title='bbox 892 3339 963 3390; x_wconf 86' lang='lat' dir='ltr'><strong>ad</strong></span> <span class='ocrx_word' id='word_1_349' title='bbox 1012 3336 1224 3393; x_wconf 78' lang='lat' dir='ltr'><strong>ercos</strong></span> <span class='ocrx_word' id='word_1_350' title='bbox 1272 3355 1390 3392; x_wconf 88' lang='lat' dir='ltr'><strong>cum</strong></span> <span class='ocrx_word' id='word_1_351' title='bbox 1440 3337 1744 3394; x_wconf 75' lang='lat' dir='ltr'><strong>ercormn</strong></span> <span class='ocrx_word' id='word_1_352' title='bbox 1786 3358 2001 3409; x_wconf 77' lang='lat' dir='ltr'><strong>respon-</strong></span> 
     </span>
    </p>
   </div>
   <div class='ocr_carea' id='block_1_51' title="bbox 419 3431 2001 3503">
    <p class='ocr_par' dir='ltr' id='par_1_51' title="bbox 419 3431 2001 3503">
     <span class='ocr_line' id='line_1_51' title="bbox 419 3431 2001 3503; baseline 0.004 -21"><span class='ocrx_word' id='word_1_353' title='bbox 419 3432 570 3483; x_wconf 81' lang='lat' dir='ltr'><strong>sione</strong></span> <span class='ocrx_word' id='word_1_354' title='bbox 606 3440 653 3483; x_wconf 89' lang='lat' dir='ltr'><strong>et</strong></span> <span class='ocrx_word' id='word_1_355' title='bbox 696 3432 1051 3495; x_wconf 79' lang='lat' dir='ltr'><strong>responsionis</strong></span> <span class='ocrx_word' id='word_1_356' title='bbox 1098 3431 1245 3486; x_wconf 81' lang='lat' dir='ltr'><strong>illius</strong></span> <span class='ocrx_word' id='word_1_357' title='bbox 1289 3431 1676 3501; x_wconf 77' lang='lat' dir='ltr'><strong>confutatione,</strong></span> <span class='ocrx_word' id='word_1_358' title='bbox 1723 3436 2001 3503; x_wconf 74' lang='lat' dir='ltr'><strong>Appendix</strong></span> 
     </span>
    </p>
   </div>
   <div class='ocr_carea' id='block_1_52' title="bbox 418 3520 2002 3594">
    <p class='ocr_par' dir='ltr' id='par_1_52' title="bbox 418 3520 2002 3594">
     <span class='ocr_line' id='line_1_52' title="bbox 418 3520 2002 3594; baseline 0.003 -17"><span class='ocrx_word' id='word_1_359' title='bbox 418 3524 489 3577; x_wconf 81' lang='lat' dir='ltr'><strong>cd</strong></span> <span class='ocrx_word' id='word_1_360' title='bbox 546 3520 790 3584; x_wconf 79' lang='lat' dir='ltr'><strong>ercos,</strong></span> <span class='ocrx_word' id='word_1_361' title='bbox 818 3540 922 3592; x_wconf 83' lang='lat' dir='ltr'><strong>qua</strong></span> <span class='ocrx_word' id='word_1_362' title='bbox 965 3534 1012 3577; x_wconf 84' lang='lat' dir='ltr'><strong>et</strong></span> <span class='ocrx_word' id='word_1_363' title='bbox 1061 3522 1362 3578; x_wconf 80' lang='lat' dir='ltr'><strong>Aristotelis</strong></span> <span class='ocrx_word' id='word_1_364' title='bbox 1406 3536 1455 3580; x_wconf 85' lang='lat' dir='ltr'><strong>et</strong></span> <span class='ocrx_word' id='word_1_365' title='bbox 1497 3527 1721 3580; x_wconf 85' lang='lat' dir='ltr'><strong>aliorum</strong></span> <span class='ocrx_word' id='word_1_366' title='bbox 1765 3527 2002 3594; x_wconf 79' lang='lat' dir='ltr'><strong>philoso-</strong></span> 
     </span>
    </p>
   </div>
   <div class='ocr_carea' id='block_1_53' title="bbox 418 3614 1997 3686">
    <p class='ocr_par' dir='ltr' id='par_1_53' title="bbox 418 3614 1997 3686">
     <span class='ocr_line' id='line_1_53' title="bbox 418 3614 1997 3686; baseline 0.003 -21"><span class='ocrx_word' id='word_1_367' title='bbox 418 3615 638 3681; x_wconf 78' lang='lat' dir='ltr'><strong>phorum</strong></span> <span class='ocrx_word' id='word_1_368' title='bbox 679 3614 925 3683; x_wconf 78' lang='lat' dir='ltr'><strong>dogmata</strong></span> <span class='ocrx_word' id='word_1_369' title='bbox 968 3615 1210 3686; x_wconf 72' lang='lat' dir='ltr'><strong>quietiam</strong></span> <span class='ocrx_word' id='word_1_370' title='bbox 1247 3616 1612 3682; x_wconf 76' lang='lat' dir='ltr'><strong>confutantur,</strong></span> <span class='ocrx_word' id='word_1_371' title='bbox 1664 3615 1997 3681; x_wconf 78' lang='lat' dir='ltr'><strong>Quwstiones</strong></span> 
     </span>
    </p>
   </div>
   <div class='ocr_carea' id='block_1_54' title="bbox 419 3705 1993 3776">
    <p class='ocr_par' dir='ltr' id='par_1_54' title="bbox 419 3705 1993 3776">
     <span class='ocr_line' id='line_1_54' title="bbox 419 3705 1993 3776; baseline 0.003 -17"><span class='ocrx_word' id='word_1_372' title='bbox 419 3705 725 3761; x_wconf 75' lang='lat' dir='ltr'><strong>ercorum</strong></span> <span class='ocrx_word' id='word_1_373' title='bbox 790 3708 857 3758; x_wconf 81' lang='lat' dir='ltr'><strong>ad</strong></span> <span class='ocrx_word' id='word_1_374' title='bbox 927 3705 1259 3760; x_wconf 82' lang='lat' dir='ltr'><strong>Christianos</strong></span> <span class='ocrx_word' id='word_1_375' title='bbox 1309 3707 1373 3761; x_wconf 86' lang='lat' dir='ltr'><strong>de</strong></span> <span class='ocrx_word' id='word_1_376' title='bbox 1433 3710 1780 3776; x_wconf 74' lang='lat' dir='ltr'><strong>incorporeo,</strong></span> <span class='ocrx_word' id='word_1_377' title='bbox 1833 3720 1993 3771; x_wconf 84' lang='lat' dir='ltr'><strong>etc.;</strong></span> 
     </span>
    </p>
   </div>
   <div class='ocr_carea' id='block_1_55' title="bbox 422 3798 1991 3871">
    <p class='ocr_par' dir='ltr' id='par_1_55' title="bbox 422 3798 1991 3871">
     <span class='ocr_line' id='line_1_55' title="bbox 422 3798 1991 3871; baseline 0.004 -21"><span class='ocrx_word' id='word_1_378' title='bbox 422 3810 554 3853; x_wconf 86' lang='lat' dir='ltr'><strong>lout.</strong></span> <span class='ocrx_word' id='word_1_379' title='bbox 588 3799 651 3862; x_wconf 91' lang='lat' dir='ltr'><strong>II,</strong></span> <span class='ocrx_word' id='word_1_380' title='bbox 684 3813 736 3867; x_wconf 91' lang='lat' dir='ltr'><strong>p.</strong></span> <span class='ocrx_word' id='word_1_381' title='bbox 783 3800 1014 3853; x_wconf 70' lang='lat'><strong>167-29!</strong></span> <span class='ocrx_word' id='word_1_382' title='bbox 1048 3816 1062 3852; x_wconf 91' lang='lat'><strong>:</strong></span> <span class='ocrx_word' id='word_1_383' title='bbox 1095 3798 1348 3867; x_wconf 85' lang='lat' dir='ltr'><strong>Dialogus</strong></span> <span class='ocrx_word' id='word_1_384' title='bbox 1370 3816 1485 3852; x_wconf 86' lang='lat' dir='ltr'><strong>cum</strong></span> <span class='ocrx_word' id='word_1_385' title='bbox 1516 3800 1831 3871; x_wconf 78' lang='lat' dir='ltr'><strong>Tryphone;</strong></span> <span class='ocrx_word' id='word_1_386' title='bbox 1860 3811 1991 3857; x_wconf 85' lang='lat' dir='ltr'><strong>tom.</strong></span> 
     </span>
    </p>
   </div>
   <div class='ocr_carea' id='block_1_56' title="bbox 412 3889 1995 3962">
    <p class='ocr_par' dir='ltr' id='par_1_56' title="bbox 412 3889 1995 3962">
     <span class='ocr_line' id='line_1_56' title="bbox 412 3889 1995 3962; baseline 0.003 -18"><span class='ocrx_word' id='word_1_387' title='bbox 412 3890 504 3952; x_wconf 84' lang='grc'>111,</span> <span class='ocrx_word' id='word_1_388' title='bbox 534 3904 584 3959; x_wconf 91' lang='lat' dir='ltr'><strong>p.</strong></span> <span class='ocrx_word' id='word_1_389' title='bbox 622 3890 910 3945; x_wconf 67' lang='lat' dir='ltr'><strong>29i-598:</strong></span> <span class='ocrx_word' id='word_1_390' title='bbox 948 3889 1218 3960; x_wconf 69' lang='lat' dir='ltr'><strong>Expositio</strong></span> <span class='ocrx_word' id='word_1_391' title='bbox 1254 3901 1405 3946; x_wconf 72' lang='lat' dir='ltr'><strong>recta</strong></span> <span class='ocrx_word' id='word_1_392' title='bbox 1437 3894 1584 3961; x_wconf 83' lang='lat' dir='ltr'><strong>ﬁdei,</strong></span> <span class='ocrx_word' id='word_1_393' title='bbox 1613 3894 1995 3962; x_wconf 81' lang='lat' dir='ltr'><strong>Responsiones</strong></span> 
     </span>
    </p>
   </div>
   <div class='ocr_carea' id='block_1_57' title="bbox 403 3982 1994 4056">
    <p class='ocr_par' dir='ltr' id='par_1_57' title="bbox 403 3982 1994 4056">
     <span class='ocr_line' id='line_1_57' title="bbox 403 3982 1994 4056; baseline 0.003 -21"><span class='ocrx_word' id='word_1_394' title='bbox 403 3983 485 4035; x_wconf 69' lang='lat' dir='ltr'><strong>ad</strong></span> <span class='ocrx_word' id='word_1_395' title='bbox 521 3982 843 4037; x_wconf 67' lang='lat' dir='ltr'><strong>orthodoxa:</strong></span> <span class='ocrx_word' id='word_1_396' title='bbox 878 3986 943 4036; x_wconf 87' lang='lat' dir='ltr'><strong>de</strong></span> <span class='ocrx_word' id='word_1_397' title='bbox 967 3984 1277 4048; x_wconf 77' lang='lat' dir='ltr'><strong>quibusdam</strong></span> <span class='ocrx_word' id='word_1_398' title='bbox 1328 3988 1639 4041; x_wconf 81' lang='lat' dir='ltr'><strong>necessariis</strong></span> <span class='ocrx_word' id='word_1_399' title='bbox 1676 3991 1994 4056; x_wconf 59' lang='lat' dir='ltr'><strong>questioni-</strong></span> 
     </span>
    </p>
   </div>
   <div class='ocr_carea' id='block_1_58' title="bbox 406 4073 1993 4147">
    <p class='ocr_par' dir='ltr' id='par_1_58' title="bbox 406 4073 1993 4147">
     <span class='ocr_line' id='line_1_58' title="bbox 406 4073 1993 4147; baseline 0.003 -21"><span class='ocrx_word' id='word_1_400' title='bbox 406 4074 535 4140; x_wconf 72' lang='lat' dir='ltr'><strong>jbus,</strong></span> <span class='ocrx_word' id='word_1_401' title='bbox 568 4073 810 4141; x_wconf 78' lang='lat' dir='ltr'><strong>Epistola</strong></span> <span class='ocrx_word' id='word_1_402' title='bbox 833 4077 902 4128; x_wconf 85' lang='lat' dir='ltr'><strong>ad</strong></span> <span class='ocrx_word' id='word_1_403' title='bbox 941 4074 1279 4146; x_wconf 85' lang='lat' dir='ltr'><strong>Diognetum,</strong></span> <span class='ocrx_word' id='word_1_404' title='bbox 1322 4077 1565 4147; x_wconf 80' lang='lat' dir='ltr'><strong>Epistola</strong></span> <span class='ocrx_word' id='word_1_405' title='bbox 1608 4080 1676 4131; x_wconf 86' lang='lat' dir='ltr'><strong>ad</strong></span> <span class='ocrx_word' id='word_1_406' title='bbox 1721 4076 1919 4131; x_wconf 86' lang='lat' dir='ltr'><strong>Zenam</strong></span> <span class='ocrx_word' id='word_1_407' title='bbox 1946 4088 1993 4131; x_wconf 81' lang='lat' dir='ltr'><strong>et</strong></span> 
     </span>
    </p>
   </div>
   <div class='ocr_carea' id='block_1_59' title="bbox 408 4164 1992 4238">
    <p class='ocr_par' dir='ltr' id='par_1_59' title="bbox 408 4164 1992 4238">
     <span class='ocr_line' id='line_1_59' title="bbox 408 4164 1992 4238; baseline 0.001 -17"><span class='ocrx_word' id='word_1_408' title='bbox 408 4165 692 4221; x_wconf 73' lang='lat' dir='ltr'><strong>Serenum.</strong></span> <span class='ocrx_word' id='word_1_409' title='bbox 720 4164 926 4222; x_wconf 75' lang='lat' dir='ltr'><strong>Texlus</strong></span> <span class='ocrx_word' id='word_1_410' title='bbox 959 4177 1041 4222; x_wconf 87' lang='lat' dir='ltr'><strong>est</strong></span> <span class='ocrx_word' id='word_1_411' title='bbox 1070 4166 1498 4238; x_wconf 87' lang='lat' dir='ltr'><strong>Stephanianns.</strong></span> <span class='ocrx_word' id='word_1_412' title='bbox 1528 4188 1547 4220; x_wconf 74' lang='grc' dir='ltr'>ι</span> <span class='ocrx_word' id='word_1_413' title='bbox 1584 4169 1663 4222; x_wconf 87' lang='lat' dir='ltr'><strong>Ad</strong></span> <span class='ocrx_word' id='word_1_414' title='bbox 1708 4170 1847 4222; x_wconf 86' lang='lat' dir='ltr'><strong>hanc</strong></span> <span class='ocrx_word' id='word_1_415' title='bbox 1873 4168 1992 4222; x_wconf 84' lang='lat' dir='ltr'><strong>edi-</strong></span> 
     </span>
    </p>
   </div>
   <div class='ocr_carea' id='block_1_60' title="bbox 413 4259 1990 4329">
    <p class='ocr_par' dir='ltr' id='par_1_60' title="bbox 413 4259 1990 4329">
     <span class='ocr_line' id='line_1_60' title="bbox 413 4259 1990 4329; baseline 0 -16"><span class='ocrx_word' id='word_1_416' title='bbox 413 4260 619 4315; x_wconf 81' lang='lat' dir='ltr'><strong>tionem</strong></span> <span class='ocrx_word' id='word_1_417' title='bbox 647 4302 661 4326; x_wconf 93' lang='lat'><strong>,</strong></span> <span class='ocrx_word' id='word_1_418' title='bbox 699 4260 874 4327; x_wconf 89' lang='lat' dir='ltr'><strong>inquit</strong></span> <span class='ocrx_word' id='word_1_419' title='bbox 917 4260 1007 4329; x_wconf 92' lang='lat' dir='ltr'><strong>(p.</strong></span> <span class='ocrx_word' id='word_1_420' title='bbox 1044 4261 1182 4329; x_wconf 79' lang='grc'><strong>401)</strong></span> <span class='ocrx_word' id='word_1_421' title='bbox 1235 4261 1319 4316; x_wconf 87' lang='lat' dir='ltr'><strong>vir</strong></span> <span class='ocrx_word' id='word_1_422' title='bbox 1369 4260 1459 4315; x_wconf 89' lang='lat' dir='ltr'><strong>ille</strong></span> <span class='ocrx_word' id='word_1_423' title='bbox 1502 4259 1990 4328; x_wconf 72' lang='lat' dir='ltr'><strong>diligentissimus,</strong></span> 
     </span>
    </p>
   </div>
   <div class='ocr_carea' id='block_1_61' title="bbox 416 4352 1990 4422">
    <p class='ocr_par' dir='ltr' id='par_1_61' title="bbox 416 4352 1990 4422">
     <span class='ocr_line' id='line_1_61' title="bbox 416 4352 1990 4422; baseline -0.003 -13"><span class='ocrx_word' id='word_1_424' title='bbox 416 4353 639 4410; x_wconf 83' lang='lat' dir='ltr'><strong>llenrici</strong></span> <span class='ocrx_word' id='word_1_425' title='bbox 675 4353 942 4422; x_wconf 80' lang='lat' dir='ltr'><strong>Stephani</strong></span> <span class='ocrx_word' id='word_1_426' title='bbox 974 4352 1297 4421; x_wconf 88' lang='lat' dir='ltr'><strong>discipulus,</strong></span> <span class='ocrx_word' id='word_1_427' title='bbox 1333 4352 1751 4409; x_wconf 89' lang='lat' dir='ltr'><strong>contribuerunt</strong></span> <span class='ocrx_word' id='word_1_428' title='bbox 1792 4352 1990 4407; x_wconf 80' lang='lat' dir='ltr'><strong>Joann.</strong></span> 
     </span>
    </p>
   </div>
   <div class='ocr_carea' id='block_1_62' title="bbox 412 4444 1991 4517">
    <p class='ocr_par' dir='ltr' id='par_1_62' title="bbox 412 4444 1991 4517">
     <span class='ocr_line' id='line_1_62' title="bbox 412 4444 1991 4517; baseline -0.003 -14"><span class='ocrx_word' id='word_1_429' title='bbox 412 4448 698 4508; x_wconf 73' lang='lat' dir='ltr'><strong>Art-eritis,</strong></span> <span class='ocrx_word' id='word_1_430' title='bbox 730 4463 760 4501; x_wconf 92' lang='lat' dir='ltr'><strong>e</strong></span> <span class='ocrx_word' id='word_1_431' title='bbox 790 4447 1007 4517; x_wconf 78' lang='lat' dir='ltr'><strong>Belgio,</strong></span> <span class='ocrx_word' id='word_1_432' title='bbox 1041 4456 1097 4501; x_wconf 89' lang='lat' dir='ltr'><strong>et</strong></span> <span class='ocrx_word' id='word_1_433' title='bbox 1131 4446 1263 4501; x_wconf 86' lang='lat' dir='ltr'><strong>Dav.</strong></span> <span class='ocrx_word' id='word_1_434' title='bbox 1297 4444 1663 4512; x_wconf 66' lang='lat' dir='ltr'><strong>llmschelius,</strong></span> <span class='ocrx_word' id='word_1_435' title='bbox 1691 4461 1722 4501; x_wconf 89' lang='lat' dir='ltr'><strong>e</strong></span> <span class='ocrx_word' id='word_1_436' title='bbox 1748 4444 1991 4501; x_wconf 82' lang='lat' dir='ltr'><strong>Vindeli-</strong></span> 
     </span>
    </p>
   </div>
   <div class='ocr_carea' id='block_1_63' title="bbox 2205 1976 3476 2059">
    <p class='ocr_par' dir='ltr' id='par_1_63' title="bbox 2205 1976 3476 2059">
     <span class='ocr_line' id='line_1_63' title="bbox 2205 1976 3476 2059; baseline 0 -29"><span class='ocrx_word' id='word_1_437' title='bbox 2205 1977 2507 2045; x_wconf 63' lang='grc' dir='ltr'><strong>Οὐρανίης</strong></span> <span class='ocrx_word' id='word_1_438' title='bbox 2548 1977 2776 2046; x_wconf 69' lang='grc' dir='ltr'><strong>σοφίης</strong></span> <span class='ocrx_word' id='word_1_439' title='bbox 2823 1977 3151 2059; x_wconf 61' lang='grc' dir='ltr'><strong>μιφτιφίου</strong></span> <span class='ocrx_word' id='word_1_440' title='bbox 3190 1976 3239 2029; x_wconf 71' lang='grc' dir='ltr'><strong>θ’</strong></span> <span class='ocrx_word' id='word_1_441' title='bbox 3275 1976 3476 2030; x_wconf 73' lang='grc' dir='ltr'><strong>ὁσίου.</strong></span> 
     </span>
    </p>
   </div>
   <div class='ocr_carea' id='block_1_64' title="bbox 2111 2111 3691 2181">
    <p class='ocr_par' dir='ltr' id='par_1_64' title="bbox 2111 2111 3691 2181">
     <span class='ocr_line' id='line_1_64' title="bbox 2111 2111 3691 2181; baseline 0.002 -17"><span class='ocrx_word' id='word_1_442' title='bbox 2111 2111 2559 2181; x_wconf 75' lang='lat' dir='ltr'><strong>chrmsentatur</strong></span> <span class='ocrx_word' id='word_1_443' title='bbox 2611 2120 2774 2166; x_wconf 66' lang='lat' dir='ltr'><strong>aetate</strong></span> <span class='ocrx_word' id='word_1_444' title='bbox 2830 2112 2883 2164; x_wconf 91' lang='lat' dir='ltr'><strong>in</strong></span> <span class='ocrx_word' id='word_1_445' title='bbox 2938 2114 3151 2166; x_wconf 89' lang='lat' dir='ltr'><strong>senium</strong></span> <span class='ocrx_word' id='word_1_446' title='bbox 3216 2123 3525 2181; x_wconf 85' lang='lat' dir='ltr'><strong>vergente,</strong></span> <span class='ocrx_word' id='word_1_447' title='bbox 3593 2113 3691 2167; x_wconf 82' lang='lat' dir='ltr'><strong>sed</strong></span> 
     </span>
    </p>
   </div>
   <div class='ocr_carea' id='block_1_65' title="bbox 2110 2206 3694 2276">
    <p class='ocr_par' dir='ltr' id='par_1_65' title="bbox 2110 2206 3694 2276">
     <span class='ocr_line' id='line_1_65' title="bbox 2110 2206 3694 2276; baseline 0.001 -16"><span class='ocrx_word' id='word_1_448' title='bbox 2110 2207 2334 2263; x_wconf 83' lang='lat' dir='ltr'><strong>robusto</strong></span> <span class='ocrx_word' id='word_1_449' title='bbox 2377 2206 2625 2276; x_wconf 88' lang='lat' dir='ltr'><strong>corporis</strong></span> <span class='ocrx_word' id='word_1_450' title='bbox 2695 2206 2920 2270; x_wconf 88' lang='lat' dir='ltr'><strong>habitu;</strong></span> <span class='ocrx_word' id='word_1_451' title='bbox 2982 2206 3166 2276; x_wconf 81' lang='lat' dir='ltr'><strong>digitis</strong></span> <span class='ocrx_word' id='word_1_452' title='bbox 3227 2209 3396 2261; x_wconf 87' lang='lat' dir='ltr'><strong>micat</strong></span> <span class='ocrx_word' id='word_1_453' title='bbox 3456 2213 3511 2261; x_wconf 89' lang='lat' dir='ltr'><strong>in</strong></span> <span class='ocrx_word' id='word_1_454' title='bbox 3577 2224 3694 2261; x_wconf 85' lang='lat' dir='ltr'><strong>tuo-</strong></span> 
     </span>
    </p>
   </div>
   <div class='ocr_carea' id='block_1_66' title="bbox 2110 2297 3696 2369">
    <p class='ocr_par' dir='ltr' id='par_1_66' title="bbox 2110 2297 3696 2369">
     <span class='ocr_line' id='line_1_66' title="bbox 2110 2297 3696 2369; baseline 0.002 -20"><span class='ocrx_word' id='word_1_455' title='bbox 2110 2298 2237 2351; x_wconf 89' lang='lat' dir='ltr'><strong>dum</strong></span> <span class='ocrx_word' id='word_1_456' title='bbox 2271 2297 2636 2369; x_wconf 88' lang='lat' dir='ltr'><strong>disputantis,</strong></span> <span class='ocrx_word' id='word_1_457' title='bbox 2670 2297 2744 2352; x_wconf 86' lang='lat' dir='ltr'><strong>ita</strong></span> <span class='ocrx_word' id='word_1_458' title='bbox 2778 2307 2993 2365; x_wconf 88' lang='lat' dir='ltr'><strong>tamen,</strong></span> <span class='ocrx_word' id='word_1_459' title='bbox 3030 2308 3085 2352; x_wconf 87' lang='lat' dir='ltr'><strong>ut</strong></span> <span class='ocrx_word' id='word_1_460' title='bbox 3127 2300 3286 2354; x_wconf 87' lang='lat' dir='ltr'><strong>unius</strong></span> <span class='ocrx_word' id='word_1_461' title='bbox 3340 2300 3435 2354; x_wconf 77' lang='lat' dir='ltr'><strong>Dei</strong></span> <span class='ocrx_word' id='word_1_462' title='bbox 3488 2302 3696 2353; x_wconf 58' lang='lat' dir='ltr'><strong>verita-</strong></span> 
     </span>
    </p>
   </div>
   <div class='ocr_carea' id='block_1_67' title="bbox 2110 2390 3695 2461">
    <p class='ocr_par' dir='ltr' id='par_1_67' title="bbox 2110 2390 3695 2461">
     <span class='ocr_line' id='line_1_67' title="bbox 2110 2390 3695 2461; baseline 0.001 -18"><span class='ocrx_word' id='word_1_463' title='bbox 2110 2400 2217 2443; x_wconf 88' lang='lat' dir='ltr'><strong>tem</strong></span> <span class='ocrx_word' id='word_1_464' title='bbox 2239 2429 2256 2453; x_wconf 92' lang='lat'><strong>,</strong></span> <span class='ocrx_word' id='word_1_465' title='bbox 2287 2405 2450 2461; x_wconf 88' lang='lat' dir='ltr'><strong>quam</strong></span> <span class='ocrx_word' id='word_1_466' title='bbox 2481 2390 2643 2444; x_wconf 83' lang='lat' dir='ltr'><strong>index</strong></span> <span class='ocrx_word' id='word_1_467' title='bbox 2684 2390 2924 2445; x_wconf 67' lang='lat' dir='ltr'><strong>sinistra:</strong></span> <span class='ocrx_word' id='word_1_468' title='bbox 2960 2399 3214 2444; x_wconf 77' lang='lat' dir='ltr'><strong>extentus</strong></span> <span class='ocrx_word' id='word_1_469' title='bbox 3261 2391 3566 2461; x_wconf 82' lang='lat' dir='ltr'><strong>significat,</strong></span> <span class='ocrx_word' id='word_1_470' title='bbox 3599 2394 3695 2445; x_wconf 75' lang='lat' dir='ltr'><strong>ile-</strong></span> 
     </span>
    </p>
   </div>
   <div class='ocr_carea' id='block_1_68' title="bbox 2109 2479 3697 2552">
    <p class='ocr_par' dir='ltr' id='par_1_68' title="bbox 2109 2479 3697 2552">
     <span class='ocr_line' id='line_1_68' title="bbox 2109 2479 3697 2552; baseline 0.003 -21"><span class='ocrx_word' id='word_1_471' title='bbox 2109 2479 2510 2534; x_wconf 79' lang='lat' dir='ltr'><strong>ntonstratione</strong></span> <span class='ocrx_word' id='word_1_472' title='bbox 2547 2480 2767 2534; x_wconf 85' lang='lat' dir='ltr'><strong>evincat</strong></span> <span class='ocrx_word' id='word_1_473' title='bbox 2809 2481 3141 2552; x_wconf 82' lang='lat' dir='ltr'><strong>syllogistiea</strong></span> <span class='ocrx_word' id='word_1_474' title='bbox 3165 2522 3179 2547; x_wconf 94' lang='lat'><strong>,</strong></span> <span class='ocrx_word' id='word_1_475' title='bbox 3211 2497 3309 2551; x_wconf 88' lang='lat' dir='ltr'><strong>per</strong></span> <span class='ocrx_word' id='word_1_476' title='bbox 3336 2492 3451 2535; x_wconf 89' lang='lat' dir='ltr'><strong>tres</strong></span> <span class='ocrx_word' id='word_1_477' title='bbox 3480 2484 3697 2551; x_wconf 81' lang='lat' dir='ltr'><strong>priores</strong></span> 
     </span>
    </p>
   </div>
   <div class='ocr_carea' id='block_1_69' title="bbox 2109 2571 3692 2641">
    <p class='ocr_par' dir='ltr' id='par_1_69' title="bbox 2109 2571 3692 2641">
     <span class='ocr_line' id='line_1_69' title="bbox 2109 2571 3692 2641; baseline 0.001 -15"><span class='ocrx_word' id='word_1_478' title='bbox 2109 2571 2530 2641; x_wconf 30' lang='lat' dir='ltr'><strong>dextrtcodigitos</strong></span> <span class='ocrx_word' id='word_1_479' title='bbox 2547 2572 2822 2625; x_wconf 88' lang='lat' dir='ltr'><strong>denotata.</strong></span> <span class='ocrx_word' id='word_1_480' title='bbox 2842 2572 2948 2623; x_wconf 77' lang='lat' dir='ltr'><strong>Aut</strong></span> <span class='ocrx_word' id='word_1_481' title='bbox 2968 2580 3119 2625; x_wconf 89' lang='lat' dir='ltr'><strong>vetns</strong></span> <span class='ocrx_word' id='word_1_482' title='bbox 3136 2572 3224 2627; x_wconf 89' lang='lat' dir='ltr'><strong>ille</strong></span> <span class='ocrx_word' id='word_1_483' title='bbox 3243 2572 3422 2641; x_wconf 88' lang='lat' dir='ltr'><strong>pictor</strong></span> <span class='ocrx_word' id='word_1_484' title='bbox 3443 2589 3611 2627; x_wconf 90' lang='lat' dir='ltr'><strong>unum</strong></span> <span class='ocrx_word' id='word_1_485' title='bbox 3640 2578 3692 2627; x_wconf 88' lang='lat' dir='ltr'><strong>in</strong></span> 
     </span>
    </p>
   </div>
   <div class='ocr_carea' id='block_1_70' title="bbox 2107 2672 3693 2741">
    <p class='ocr_par' dir='ltr' id='par_1_70' title="bbox 2107 2672 3693 2741">
     <span class='ocr_line' id='line_1_70' title="bbox 2107 2672 3693 2741; baseline 0 -16"><span class='ocrx_word' id='word_1_486' title='bbox 2107 2673 2363 2737; x_wconf 87' lang='lat' dir='ltr'><strong>essentia,</strong></span> <span class='ocrx_word' id='word_1_487' title='bbox 2380 2673 2434 2726; x_wconf 92' lang='lat' dir='ltr'><strong>in</strong></span> <span class='ocrx_word' id='word_1_488' title='bbox 2460 2672 2716 2728; x_wconf 81' lang='lat' dir='ltr'><strong>Personis</strong></span> <span class='ocrx_word' id='word_1_489' title='bbox 2743 2673 2948 2727; x_wconf 88' lang='lat' dir='ltr'><strong>trinum</strong></span> <span class='ocrx_word' id='word_1_490' title='bbox 2971 2674 3135 2728; x_wconf 85' lang='lat' dir='ltr'><strong>Deum</strong></span> <span class='ocrx_word' id='word_1_491' title='bbox 3160 2673 3477 2741; x_wconf 80' lang='lat' dir='ltr'><strong>exprimere</strong></span> <span class='ocrx_word' id='word_1_492' title='bbox 3496 2674 3693 2727; x_wconf 81' lang='lat' dir='ltr'><strong>voluit.</strong></span> 
     </span>
    </p>
   </div>
   <div class='ocr_carea' id='block_1_71' title="bbox 2176 2765 3691 2837">
    <p class='ocr_par' dir='ltr' id='par_1_71' title="bbox 2176 2765 3691 2837">
     <span class='ocr_line' id='line_1_71' title="bbox 2176 2765 3691 2837; baseline -0.001 -17"><span class='ocrx_word' id='word_1_493' title='bbox 2176 2766 2470 2837; x_wconf 82' lang='lat' dir='ltr'><strong>Exemplar</strong></span> <span class='ocrx_word' id='word_1_494' title='bbox 2503 2765 2815 2819; x_wconf 82' lang='lat' dir='ltr'><strong>Parisiense</strong></span> <span class='ocrx_word' id='word_1_495' title='bbox 2862 2781 2916 2822; x_wconf 89' lang='lat' dir='ltr'><strong>a.</strong></span> <span class='ocrx_word' id='word_1_496' title='bbox 2960 2766 3102 2820; x_wconf 77' lang='grc'>1656</span> <span class='ocrx_word' id='word_1_497' title='bbox 3149 2766 3293 2821; x_wconf 88' lang='lat' dir='ltr'><strong>foras</strong></span> <span class='ocrx_word' id='word_1_498' title='bbox 3331 2768 3599 2820; x_wconf 64' lang='lat' dir='ltr'><strong>emissum</strong></span> <span class='ocrx_word' id='word_1_499' title='bbox 3630 2783 3691 2818; x_wconf 80' lang='lat' dir='ltr'><strong>ex</strong></span> 
     </span>
    </p>
   </div>
   <div class='ocr_carea' id='block_1_72' title="bbox 2107 2857 3696 2927">
    <p class='ocr_par' dir='ltr' id='par_1_72' title="bbox 2107 2857 3696 2927">
     <span class='ocr_line' id='line_1_72' title="bbox 2107 2857 3696 2927; baseline 0.001 -16"><span class='ocrx_word' id='word_1_500' title='bbox 2107 2873 2231 2913; x_wconf 85' lang='lat' dir='ltr'><strong>asse</strong></span> <span class='ocrx_word' id='word_1_501' title='bbox 2257 2859 2516 2927; x_wconf 82' lang='lat' dir='ltr'><strong>exprimit</strong></span> <span class='ocrx_word' id='word_1_502' title='bbox 2551 2857 2745 2923; x_wconf 91' lang='lat' dir='ltr'><strong>editio,</strong></span> <span class='ocrx_word' id='word_1_503' title='bbox 2773 2873 2893 2927; x_wconf 70' lang='lat' dir='ltr'><strong>qum</strong></span> <span class='ocrx_word' id='word_1_504' title='bbox 2916 2857 3194 2922; x_wconf 63' lang='lat' dir='ltr'><strong>Coloniae,</strong></span> <span class='ocrx_word' id='word_1_505' title='bbox 3225 2858 3305 2912; x_wconf 85' lang='lat' dir='ltr'><strong>vel</strong></span> <span class='ocrx_word' id='word_1_506' title='bbox 3336 2860 3520 2927; x_wconf 88' lang='lat' dir='ltr'><strong>potius</strong></span> <span class='ocrx_word' id='word_1_507' title='bbox 3548 2859 3696 2912; x_wconf 73' lang='lat' dir='ltr'><strong>Vite—</strong></span> 
     </span>
    </p>
   </div>
   <div class='ocr_carea' id='block_1_73' title="bbox 2107 2948 3694 3021">
    <p class='ocr_par' dir='ltr' id='par_1_73' title="bbox 2107 2948 3694 3021">
     <span class='ocr_line' id='line_1_73' title="bbox 2107 2948 3694 3021; baseline 0 -16"><span class='ocrx_word' id='word_1_508' title='bbox 2107 2951 2380 3021; x_wconf 55' lang='lat' dir='ltr'><strong>bergaaﬁi)</strong></span> <span class='ocrx_word' id='word_1_509' title='bbox 2409 2951 2551 3020; x_wconf 88' lang='lat' dir='ltr'><strong>apud</strong></span> <span class='ocrx_word' id='word_1_510' title='bbox 2580 2948 2783 3004; x_wconf 86' lang='lat' dir='ltr'><strong>Jerem.</strong></span> <span class='ocrx_word' id='word_1_511' title='bbox 2822 2949 3028 3021; x_wconf 83' lang='lat' dir='ltr'><strong>Schrcy</strong></span> <span class='ocrx_word' id='word_1_512' title='bbox 3051 2959 3104 3003; x_wconf 90' lang='lat' dir='ltr'><strong>et</strong></span> <span class='ocrx_word' id='word_1_513' title='bbox 3128 2950 3295 3004; x_wconf 91' lang='lat' dir='ltr'><strong>llenr.</strong></span> <span class='ocrx_word' id='word_1_514' title='bbox 3328 2949 3378 3003; x_wconf 81' lang='lat' dir='ltr'><strong>.l.</strong></span> <span class='ocrx_word' id='word_1_515' title='bbox 3414 2950 3694 3017; x_wconf 73' lang='lat' dir='ltr'><strong>Meyernm</strong></span> 
     </span>
    </p>
   </div>
   <div class='ocr_carea' id='block_1_74' title="bbox 2105 3040 3697 3113">
    <p class='ocr_par' dir='ltr' id='par_1_74' title="bbox 2105 3040 3697 3113">
     <span class='ocr_line' id='line_1_74' title="bbox 2105 3040 3697 3113; baseline 0.002 -19"><span class='ocrx_word' id='word_1_516' title='bbox 2105 3059 2157 3095; x_wconf 89' lang='lat' dir='ltr'><strong>:t.</strong></span> <span class='ocrx_word' id='word_1_517' title='bbox 2195 3040 2355 3105; x_wconf 84' lang='grc'>1686,</span> <span class='ocrx_word' id='word_1_518' title='bbox 2392 3040 2527 3103; x_wconf 86' lang='lat' dir='ltr'><strong>fol.,</strong></span> <span class='ocrx_word' id='word_1_519' title='bbox 2565 3052 2699 3096; x_wconf 90' lang='lat' dir='ltr'><strong>tom.</strong></span> <span class='ocrx_word' id='word_1_520' title='bbox 2739 3041 2801 3096; x_wconf 87' lang='lat' dir='ltr'><strong>lll</strong></span> <span class='ocrx_word' id='word_1_521' title='bbox 2836 3042 2890 3096; x_wconf 91' lang='lat' dir='ltr'><strong>in</strong></span> <span class='ocrx_word' id='word_1_522' title='bbox 2938 3043 2955 3095; x_wconf 93' lang='grc'><strong>1</strong></span> <span class='ocrx_word' id='word_1_523' title='bbox 3003 3043 3109 3097; x_wconf 81' lang='lat' dir='ltr'><strong>vol.</strong></span> <span class='ocrx_word' id='word_1_524' title='bbox 3150 3042 3369 3113; x_wconf 87' lang='lat' dir='ltr'><strong>prodiit.</strong></span> <span class='ocrx_word' id='word_1_525' title='bbox 3401 3041 3697 3097; x_wconf 83' lang='lat' dir='ltr'><strong>Prioribus</strong></span> 
     </span>
    </p>
   </div>
   <div class='ocr_carea' id='block_1_75' title="bbox 2107 3128 3694 3201">
    <p class='ocr_par' dir='ltr' id='par_1_75' title="bbox 2107 3128 3694 3201">
     <span class='ocr_line' id='line_1_75' title="bbox 2107 3128 3694 3201; baseline 0.004 -20"><span class='ocrx_word' id='word_1_526' title='bbox 2107 3130 2315 3183; x_wconf 88' lang='lat' dir='ltr'><strong>auctior</strong></span> <span class='ocrx_word' id='word_1_527' title='bbox 2340 3139 2425 3183; x_wconf 87' lang='lat' dir='ltr'><strong>est</strong></span> <span class='ocrx_word' id='word_1_528' title='bbox 2448 3128 2653 3184; x_wconf 82' lang='lat' dir='ltr'><strong>Christ.</strong></span> <span class='ocrx_word' id='word_1_529' title='bbox 2690 3129 2999 3195; x_wconf 84' lang='lat' dir='ltr'><strong>Kortholti,</strong></span> <span class='ocrx_word' id='word_1_530' title='bbox 3042 3130 3374 3201; x_wconf 79' lang='lat' dir='ltr'><strong>professoris</strong></span> <span class='ocrx_word' id='word_1_531' title='bbox 3407 3132 3694 3188; x_wconf 77' lang='lat' dir='ltr'><strong>Kilonicn-</strong></span> 
     </span>
    </p>
   </div>
   <div class='ocr_carea' id='block_1_76' title="bbox 2105 3221 3694 3297">
    <p class='ocr_par' dir='ltr' id='par_1_76' title="bbox 2105 3221 3694 3297">
     <span class='ocr_line' id='line_1_76' title="bbox 2105 3221 3694 3297; baseline 0.004 -21"><span class='ocrx_word' id='word_1_532' title='bbox 2105 3224 2203 3288; x_wconf 88' lang='lat' dir='ltr'><strong>sis,</strong></span> <span class='ocrx_word' id='word_1_533' title='bbox 2231 3222 2285 3277; x_wconf 89' lang='lat' dir='ltr'><strong>in</strong></span> <span class='ocrx_word' id='word_1_534' title='bbox 2316 3221 2617 3287; x_wconf 85' lang='lat' dir='ltr'><strong>.lustinum,</strong></span> <span class='ocrx_word' id='word_1_535' title='bbox 2646 3223 3075 3295; x_wconf 82' lang='lat' dir='ltr'><strong>Athenagoram,</strong></span> <span class='ocrx_word' id='word_1_536' title='bbox 3105 3224 3469 3297; x_wconf 88' lang='lat' dir='ltr'><strong>Theophilum</strong></span> <span class='ocrx_word' id='word_1_537' title='bbox 3493 3228 3694 3283; x_wconf 83' lang='lat' dir='ltr'><strong>Antio-</strong></span> 
     </span>
    </p>
   </div>
   <div class='ocr_carea' id='block_1_77' title="bbox 2105 3315 3693 3391">
    <p class='ocr_par' dir='ltr' id='par_1_77' title="bbox 2105 3315 3693 3391">
     <span class='ocr_line' id='line_1_77' title="bbox 2105 3315 3693 3391; baseline 0.003 -20"><span class='ocrx_word' id='word_1_538' title='bbox 2105 3317 2370 3381; x_wconf 87' lang='lat' dir='ltr'><strong>chenum,</strong></span> <span class='ocrx_word' id='word_1_539' title='bbox 2404 3315 2697 3371; x_wconf 89' lang='lat' dir='ltr'><strong>Tatianum</strong></span> <span class='ocrx_word' id='word_1_540' title='bbox 2738 3318 3156 3383; x_wconf 85' lang='lat' dir='ltr'><strong>commentario,</strong></span> <span class='ocrx_word' id='word_1_541' title='bbox 3185 3320 3425 3388; x_wconf 90' lang='lat' dir='ltr'><strong>primum</strong></span> <span class='ocrx_word' id='word_1_542' title='bbox 3460 3336 3693 3391; x_wconf 85' lang='lat' dir='ltr'><strong>separa-</strong></span> 
     </span>
    </p>
   </div>
   <div class='ocr_carea' id='block_1_78' title="bbox 2106 3408 3693 3480">
    <p class='ocr_par' dir='ltr' id='par_1_78' title="bbox 2106 3408 3693 3480">
     <span class='ocr_line' id='line_1_78' title="bbox 2106 3408 3693 3480; baseline 0.003 -17"><span class='ocrx_word' id='word_1_543' title='bbox 2106 3409 2202 3463; x_wconf 87' lang='lat' dir='ltr'><strong>tim</strong></span> <span class='ocrx_word' id='word_1_544' title='bbox 2232 3409 2433 3477; x_wconf 86' lang='lat' dir='ltr'><strong>publici</strong></span> <span class='ocrx_word' id='word_1_545' title='bbox 2470 3408 2613 3478; x_wconf 87' lang='lat' dir='ltr'><strong>juris</strong></span> <span class='ocrx_word' id='word_1_546' title='bbox 2644 3409 2790 3465; x_wconf 91' lang='lat' dir='ltr'><strong>facto</strong></span> <span class='ocrx_word' id='word_1_547' title='bbox 2816 3408 3043 3466; x_wconf 68' lang='lat' dir='ltr'><strong>Kilonize</strong></span> <span class='ocrx_word' id='word_1_548' title='bbox 3072 3428 3125 3465; x_wconf 91' lang='lat' dir='ltr'><strong>a.</strong></span> <span class='ocrx_word' id='word_1_549' title='bbox 3162 3411 3325 3480; x_wconf 84' lang='grc'>1675,</span> <span class='ocrx_word' id='word_1_550' title='bbox 3356 3413 3452 3471; x_wconf 91' lang='lat' dir='ltr'><strong>fol.</strong></span> <span class='ocrx_word' id='word_1_551' title='bbox 3480 3412 3693 3468; x_wconf 59' lang='lat' dir='ltr'><strong>Perva-</strong></span> 
     </span>
    </p>
   </div>
   <div class='ocr_carea' id='block_1_79' title="bbox 2104 3502 3693 3572">
    <p class='ocr_par' dir='ltr' id='par_1_79' title="bbox 2104 3502 3693 3572">
     <span class='ocr_line' id='line_1_79' title="bbox 2104 3502 3693 3572; baseline 0.004 -16"><span class='ocrx_word' id='word_1_552' title='bbox 2104 3503 2390 3572; x_wconf 86' lang='lat' dir='ltr'><strong>gatissima</strong></span> <span class='ocrx_word' id='word_1_553' title='bbox 2425 3503 2542 3557; x_wconf 71' lang='lat' dir='ltr'><strong>lucc</strong></span> <span class='ocrx_word' id='word_1_554' title='bbox 2590 3504 2761 3558; x_wconf 86' lang='lat' dir='ltr'><strong>editio</strong></span> <span class='ocrx_word' id='word_1_555' title='bbox 2792 3502 3141 3558; x_wconf 85' lang='lat' dir='ltr'><strong>Coloniensis</strong></span> <span class='ocrx_word' id='word_1_556' title='bbox 3188 3505 3693 3563; x_wconf 89' lang='lat' dir='ltr'><strong>innumerabilibus</strong></span> 
     </span>
    </p>
   </div>
   <div class='ocr_carea' id='block_1_80' title="bbox 2103 3597 3423 3668">
    <p class='ocr_par' dir='ltr' id='par_1_80' title="bbox 2103 3597 3423 3668">
     <span class='ocr_line' id='line_1_80' title="bbox 2103 3597 3423 3668; baseline 0.002 -18"><span class='ocrx_word' id='word_1_557' title='bbox 2103 3605 2275 3651; x_wconf 83' lang='lat' dir='ltr'><strong>scatet</strong></span> <span class='ocrx_word' id='word_1_558' title='bbox 2303 3598 2537 3661; x_wconf 86' lang='lat' dir='ltr'><strong>mendis,</strong></span> <span class='ocrx_word' id='word_1_559' title='bbox 2566 3597 2778 3652; x_wconf 85' lang='lat' dir='ltr'><strong>lacunis</strong></span> <span class='ocrx_word' id='word_1_560' title='bbox 2812 3598 3129 3668; x_wconf 83' lang='lat' dir='ltr'><strong>inutilisque</strong></span> <span class='ocrx_word' id='word_1_561' title='bbox 3157 3599 3423 3667; x_wconf 89' lang='lat' dir='ltr'><strong>periodis.</strong></span> 
     </span>
    </p>
   </div>
   <div class='ocr_carea' id='block_1_81' title="bbox 2172 3688 3689 3763">
    <p class='ocr_par' dir='ltr' id='par_1_81' title="bbox 2172 3688 3689 3763">
     <span class='ocr_line' id='line_1_81' title="bbox 2172 3688 3689 3763; baseline 0.002 -20"><span class='ocrx_word' id='word_1_562' title='bbox 2172 3690 2241 3743; x_wconf 77' lang='lat' dir='ltr'><strong>Et</strong></span> <span class='ocrx_word' id='word_1_563' title='bbox 2287 3688 2402 3744; x_wconf 66' lang='lat' dir='ltr'><strong>hate</strong></span> <span class='ocrx_word' id='word_1_564' title='bbox 2461 3690 2679 3759; x_wconf 89' lang='lat' dir='ltr'><strong>quidem</strong></span> <span class='ocrx_word' id='word_1_565' title='bbox 2730 3689 2798 3743; x_wconf 92' lang='lat' dir='ltr'><strong>de</strong></span> <span class='ocrx_word' id='word_1_566' title='bbox 2848 3690 2916 3744; x_wconf 91' lang='lat' dir='ltr'><strong>iis</strong></span> <span class='ocrx_word' id='word_1_567' title='bbox 2967 3688 3403 3746; x_wconf 85' lang='lat' dir='ltr'><strong>Justinianorum</strong></span> <span class='ocrx_word' id='word_1_568' title='bbox 3454 3708 3689 3763; x_wconf 89' lang='lat' dir='ltr'><strong>operum</strong></span> 
     </span>
    </p>
   </div>
   <div class='ocr_carea' id='block_1_82' title="bbox 2100 3781 3694 3854">
    <p class='ocr_par' dir='ltr' id='par_1_82' title="bbox 2100 3781 3694 3854">
     <span class='ocr_line' id='line_1_82' title="bbox 2100 3781 3694 3854; baseline 0.006 -20"><span class='ocrx_word' id='word_1_569' title='bbox 2100 3781 2471 3847; x_wconf 89' lang='lat' dir='ltr'><strong>editionibus,</strong></span> <span class='ocrx_word' id='word_1_570' title='bbox 2511 3797 2635 3852; x_wconf 76' lang='lat' dir='ltr'><strong>quae</strong></span> <span class='ocrx_word' id='word_1_571' title='bbox 2684 3784 2970 3840; x_wconf 87' lang='lat' dir='ltr'><strong>lectionem</strong></span> <span class='ocrx_word' id='word_1_572' title='bbox 3010 3784 3445 3854; x_wconf 87' lang='lat' dir='ltr'><strong>Stephanianaat</strong></span> <span class='ocrx_word' id='word_1_573' title='bbox 3485 3799 3694 3844; x_wconf 65' lang='lat' dir='ltr'><strong>secuta</strong></span> 
     </span>
    </p>
   </div>
   <div class='ocr_carea' id='block_1_83' title="bbox 2100 3884 3535 3949">
    <p class='ocr_par' dir='ltr' id='par_1_83' title="bbox 2100 3884 3535 3949">
     <span class='ocr_line' id='line_1_83' title="bbox 2100 3884 3535 3949; baseline 0.002 -22"><span class='ocrx_word' id='word_1_574' title='bbox 2100 3884 2247 3929; x_wconf 85' lang='lat' dir='ltr'><strong>sunt.</strong></span> <span class='ocrx_word' id='word_1_575' title='bbox 3532 3948 3535 3949; x_wconf 14' lang='grc' dir='ltr'><em>ν</em></span> 
     </span>
    </p>
   </div>
   <div class='ocr_carea' id='block_1_84' title="bbox 2172 3968 3691 4044">
    <p class='ocr_par' dir='ltr' id='par_1_84' title="bbox 2172 3968 3691 4044">
     <span class='ocr_line' id='line_1_84' title="bbox 2172 3968 3691 4044; baseline 0.008 -21"><span class='ocrx_word' id='word_1_576' title='bbox 2172 3968 2375 4023; x_wconf 84' lang='lat' dir='ltr'><strong>Novam</strong></span> <span class='ocrx_word' id='word_1_577' title='bbox 2415 3971 2786 4028; x_wconf 79' lang='lat' dir='ltr'><strong>recensionem</strong></span> <span class='ocrx_word' id='word_1_578' title='bbox 2814 3973 3035 4029; x_wconf 76' lang='lat' dir='ltr'><strong>exhibet</strong></span> <span class='ocrx_word' id='word_1_579' title='bbox 3061 3973 3345 4044; x_wconf 78' lang='lat' dir='ltr'><strong>splendida</strong></span> <span class='ocrx_word' id='word_1_580' title='bbox 3375 3972 3553 4033; x_wconf 71' lang='lat' dir='ltr'><strong>editio</strong></span> <span class='ocrx_word' id='word_1_581' title='bbox 3588 3980 3691 4035; x_wconf 77' lang='lat' dir='ltr'><strong>Be-</strong></span> 
     </span>
    </p>
   </div>
   <div class='ocr_carea' id='block_1_85' title="bbox 2100 4062 2656 4134">
    <p class='ocr_par' dir='ltr' id='par_1_85' title="bbox 2100 4062 2656 4134">
     <span class='ocr_line' id='line_1_85' title="bbox 2100 4062 2656 4134; baseline 0.009 -20"><span class='ocrx_word' id='word_1_582' title='bbox 2100 4062 2390 4127; x_wconf 82' lang='lat' dir='ltr'><strong>nedictina,</strong></span> <span class='ocrx_word' id='word_1_583' title='bbox 2418 4073 2526 4119; x_wconf 85' lang='lat' dir='ltr'><strong>etc.</strong></span> <span class='ocrx_word' id='word_1_584' title='bbox 2556 4064 2656 4134; x_wconf 59' lang='grc' dir='ltr'><strong>(ὅ).</strong></span> 
     </span>
    </p>
   </div>
   <div class='ocr_carea' id='block_1_86' title="bbox 2168 4155 3688 4232">
    <p class='ocr_par' dir='ltr' id='par_1_86' title="bbox 2168 4155 3688 4232">
     <span class='ocr_line' id='line_1_86' title="bbox 2168 4155 3688 4232; baseline 0.007 -23"><span class='ocrx_word' id='word_1_585' title='bbox 2168 4155 2485 4211; x_wconf 78' lang='lat' dir='ltr'><strong>Mat‘aniatta</strong></span> <span class='ocrx_word' id='word_1_586' title='bbox 2527 4160 2721 4222; x_wconf 86' lang='lat' dir='ltr'><strong>editio,</strong></span> <span class='ocrx_word' id='word_1_587' title='bbox 2749 4161 2962 4232; x_wconf 82' lang='lat' dir='ltr'><strong>paginis</strong></span> <span class='ocrx_word' id='word_1_588' title='bbox 2992 4161 3267 4231; x_wconf 83' lang='lat' dir='ltr'><strong>paulisper</strong></span> <span class='ocrx_word' id='word_1_589' title='bbox 3297 4164 3561 4227; x_wconf 90' lang='lat' dir='ltr'><strong>mutatis,</strong></span> <span class='ocrx_word' id='word_1_590' title='bbox 3593 4176 3688 4219; x_wconf 85' lang='lat' dir='ltr'><strong>est</strong></span> 
     </span>
    </p>
   </div>
   <div class='ocr_carea' id='block_1_87' title="bbox 2098 4250 3683 4323">
    <p class='ocr_par' dir='ltr' id='par_1_87' title="bbox 2098 4250 3683 4323">
     <span class='ocr_line' id='line_1_87' title="bbox 2098 4250 3683 4323; baseline 0.003 -19"><span class='ocrx_word' id='word_1_591' title='bbox 2098 4252 2326 4317; x_wconf 90' lang='lat' dir='ltr'><strong>repetita</strong></span> <span class='ocrx_word' id='word_1_592' title='bbox 2366 4250 2611 4305; x_wconf 84' lang='lat' dir='ltr'><strong>Venetiis</strong></span> <span class='ocrx_word' id='word_1_593' title='bbox 2655 4254 2798 4321; x_wconf 90' lang='lat' dir='ltr'><strong>apud</strong></span> <span class='ocrx_word' id='word_1_594' title='bbox 2828 4254 3119 4323; x_wconf 85' lang='lat' dir='ltr'><strong>Augustin.</strong></span> <span class='ocrx_word' id='word_1_595' title='bbox 3153 4254 3392 4320; x_wconf 77' lang='lat' dir='ltr'><strong>Savioli,</strong></span> <span class='ocrx_word' id='word_1_596' title='bbox 3424 4272 3479 4309; x_wconf 91' lang='lat' dir='ltr'><strong>a.</strong></span> <span class='ocrx_word' id='word_1_597' title='bbox 3516 4257 3683 4323; x_wconf 74' lang='grc'>1747,</span> 
     </span>
    </p>
   </div>
   <div class='ocr_carea' id='block_1_88' title="bbox 2098 4343 3688 4415">
    <p class='ocr_par' dir='ltr' id='par_1_88' title="bbox 2098 4343 3688 4415">
     <span class='ocr_line' id='line_1_88' title="bbox 2098 4343 3688 4415; baseline 0.007 -20"><span class='ocrx_word' id='word_1_598' title='bbox 2098 4343 2191 4397; x_wconf 90' lang='lat' dir='ltr'><strong>fol.</strong></span> <span class='ocrx_word' id='word_1_599' title='bbox 2243 4344 2371 4413; x_wconf 90' lang='lat' dir='ltr'><strong>tuaj.</strong></span> <span class='ocrx_word' id='word_1_600' title='bbox 2422 4344 2529 4400; x_wconf 88' lang='lat' dir='ltr'><strong>Sed</strong></span> <span class='ocrx_word' id='word_1_601' title='bbox 2578 4348 2833 4415; x_wconf 88' lang='lat' dir='ltr'><strong>permulti</strong></span> <span class='ocrx_word' id='word_1_602' title='bbox 2881 4348 2985 4403; x_wconf 89' lang='lat' dir='ltr'><strong>hoc</strong></span> <span class='ocrx_word' id='word_1_603' title='bbox 3029 4347 3084 4402; x_wconf 90' lang='lat' dir='ltr'><strong>in</strong></span> <span class='ocrx_word' id='word_1_604' title='bbox 3129 4346 3267 4402; x_wconf 90' lang='lat' dir='ltr'><strong>libro</strong></span> <span class='ocrx_word' id='word_1_605' title='bbox 3317 4350 3688 4407; x_wconf 84' lang='lat' dir='ltr'><strong>inveniuntur</strong></span> 
     </span>
    </p>
   </div>
   <div class='ocr_carea' id='block_1_89' title="bbox 2082 4432 3686 4513">
    <p class='ocr_par' dir='ltr' id='par_1_89' title="bbox 2082 4432 3686 4513">
     <span class='ocr_line' id='line_1_89' title="bbox 2082 4432 3686 4513; baseline 0.005 -22"><span class='ocrx_word' id='word_1_606' title='bbox 2082 4432 2317 4493; x_wconf 80' lang='lat' dir='ltr'><strong>errores</strong></span> <span class='ocrx_word' id='word_1_607' title='bbox 2363 4441 2763 4510; x_wconf 82' lang='lat' dir='ltr'><strong>typographici.</strong></span> <span class='ocrx_word' id='word_1_608' title='bbox 2798 4442 2878 4495; x_wconf 87' lang='lat' dir='ltr'><strong>Ad</strong></span> <span class='ocrx_word' id='word_1_609' title='bbox 2918 4442 3058 4496; x_wconf 90' lang='lat' dir='ltr'><strong>idem</strong></span> <span class='ocrx_word' id='word_1_610' title='bbox 3090 4442 3220 4497; x_wconf 90' lang='lat' dir='ltr'><strong>illud</strong></span> <span class='ocrx_word' id='word_1_611' title='bbox 3249 4444 3540 4513; x_wconf 80' lang='lat' dir='ltr'><strong>exemplar</strong></span> <span class='ocrx_word' id='word_1_612' title='bbox 3588 4461 3686 4499; x_wconf 88' lang='lat' dir='ltr'><strong>re-</strong></span> 
     </span>
    </p>
   </div>
   <div class='ocr_carea' id='block_1_90' title="bbox 412 4532 3685 4610">
    <p class='ocr_par' dir='ltr' id='par_1_90' title="bbox 412 4532 3685 4610">
     <span class='ocr_line' id='line_1_90' title="bbox 412 4532 3685 4610; baseline -0.002 -15"><span class='ocrx_word' id='word_1_613' title='bbox 412 4555 602 4595; x_wconf 85' lang='lat' dir='ltr'><strong>curunt</strong></span> <span class='ocrx_word' id='word_1_614' title='bbox 634 4540 905 4610; x_wconf 86' lang='lat' dir='ltr'><strong>Augusta.</strong></span> <span class='ocrx_word' id='word_1_615' title='bbox 955 4539 1101 4595; x_wconf 81' lang='lat' dir='ltr'><strong>Idem</strong></span> <span class='ocrx_word' id='word_1_616' title='bbox 1152 4538 1242 4593; x_wconf 88' lang='lat' dir='ltr'><strong>hic</strong></span> <span class='ocrx_word' id='word_1_617' title='bbox 1283 4538 1626 4594; x_wconf 67' lang='lat' dir='ltr'><strong>“insciti-lius</strong></span> <span class='ocrx_word' id='word_1_618' title='bbox 1659 4539 1799 4593; x_wconf 89' lang='lat' dir='ltr'><strong>ultra</strong></span> <span class='ocrx_word' id='word_1_619' title='bbox 1829 4553 1986 4594; x_wconf 80' lang='lat' dir='ltr'><strong>suam</strong></span> <span class='ocrx_word' id='word_1_620' title='bbox 2021 4538 2066 4592; x_wconf 79' lang='grc' dir='ltr'><strong>Ι)</strong></span> <span class='ocrx_word' id='word_1_621' title='bbox 2096 4547 2224 4586; x_wconf 69' lang='lat' dir='ltr'><strong>casa</strong></span> <span class='ocrx_word' id='word_1_622' title='bbox 2254 4542 2381 4586; x_wconf 76' lang='lat' dir='ltr'><strong>sunt</strong></span> <span class='ocrx_word' id='word_1_623' title='bbox 2409 4532 2587 4602; x_wconf 82' lang='lat' dir='ltr'><strong>Opera</strong></span> <span class='ocrx_word' id='word_1_624' title='bbox 2620 4535 2807 4591; x_wconf 65' lang='lat' dir='ltr'><strong>Graece</strong></span> <span class='ocrx_word' id='word_1_625' title='bbox 2843 4545 2899 4591; x_wconf 83' lang='lat' dir='ltr'><strong>et</strong></span> <span class='ocrx_word' id='word_1_626' title='bbox 2932 4537 3124 4592; x_wconf 84' lang='lat' dir='ltr'><strong>Latine</strong></span> <span class='ocrx_word' id='word_1_627' title='bbox 3173 4537 3226 4591; x_wconf 88' lang='lat' dir='ltr'><strong>in</strong></span> <span class='ocrx_word' id='word_1_628' title='bbox 3275 4537 3414 4606; x_wconf 87' lang='lat' dir='ltr'><strong>Opp.</strong></span> <span class='ocrx_word' id='word_1_629' title='bbox 3449 4536 3685 4592; x_wconf 73' lang='lat' dir='ltr'><strong>Patrum</strong></span> 
     </span>
    </p>
   </div>
   <div class='ocr_carea' id='block_1_91' title="bbox 413 4633 1994 4704">
    <p class='ocr_par' dir='ltr' id='par_1_91' title="bbox 413 4633 1994 4704">
     <span class='ocr_line' id='line_1_91' title="bbox 413 4633 1994 4704; baseline 0 -15"><span class='ocrx_word' id='word_1_630' title='bbox 413 4634 717 4704; x_wconf 80' lang='lat' dir='ltr'><strong>symbOlam</strong></span> <span class='ocrx_word' id='word_1_631' title='bbox 761 4634 969 4689; x_wconf 87' lang='lat' dir='ltr'><strong>addidit</strong></span> <span class='ocrx_word' id='word_1_632' title='bbox 992 4636 1157 4689; x_wconf 83' lang='lat' dir='ltr'><strong>etiam</strong></span> <span class='ocrx_word' id='word_1_633' title='bbox 1209 4634 1435 4689; x_wconf 89' lang='lat' dir='ltr'><strong>llierou.</strong></span> <span class='ocrx_word' id='word_1_634' title='bbox 1466 4633 1649 4689; x_wconf 85' lang='lat' dir='ltr'><strong>Woltii</strong></span> <span class='ocrx_word' id='word_1_635' title='bbox 1686 4635 1994 4689; x_wconf 85' lang='lat' dir='ltr'><strong>adnotatio-</strong></span> 
     </span>
    </p>
   </div>
   <div class='ocr_carea' id='block_1_92' title="bbox 416 4728 1993 4799">
    <p class='ocr_par' dir='ltr' id='par_1_92' title="bbox 416 4728 1993 4799">
     <span class='ocr_line' id='line_1_92' title="bbox 416 4728 1993 4799; baseline 0.001 -16"><span class='ocrx_word' id='word_1_636' title='bbox 416 4744 533 4795; x_wconf 87' lang='lat' dir='ltr'><strong>nes,</strong></span> <span class='ocrx_word' id='word_1_637' title='bbox 561 4745 592 4784; x_wconf 92' lang='lat' dir='ltr'><strong>e</strong></span> <span class='ocrx_word' id='word_1_638' title='bbox 619 4729 759 4785; x_wconf 88' lang='lat' dir='ltr'><strong>libro</strong></span> <span class='ocrx_word' id='word_1_639' title='bbox 789 4728 904 4799; x_wconf 85' lang='lat' dir='ltr'><strong>ejus</strong></span> <span class='ocrx_word' id='word_1_640' title='bbox 952 4745 1051 4784; x_wconf 90' lang='lat' dir='ltr'><strong>sua</strong></span> <span class='ocrx_word' id='word_1_641' title='bbox 1097 4744 1258 4783; x_wconf 91' lang='lat' dir='ltr'><strong>manu</strong></span> <span class='ocrx_word' id='word_1_642' title='bbox 1294 4739 1605 4799; x_wconf 81' lang='lat' dir='ltr'><strong>excerptas,</strong></span> <span class='ocrx_word' id='word_1_643' title='bbox 1639 4739 1696 4783; x_wconf 91' lang='lat' dir='ltr'><strong>ut</strong></span> <span class='ocrx_word' id='word_1_644' title='bbox 1734 4743 1801 4783; x_wconf 87' lang='lat' dir='ltr'><strong>eo</strong></span> <span class='ocrx_word' id='word_1_645' title='bbox 1831 4740 1993 4799; x_wconf 86' lang='lat' dir='ltr'><strong>pacto</strong></span> 
     </span>
    </p>
   </div>
   <div class='ocr_carea' id='block_1_93' title="bbox 413 4823 1989 4896">
    <p class='ocr_par' dir='ltr' id='par_1_93' title="bbox 413 4823 1989 4896">
     <span class='ocr_line' id='line_1_93' title="bbox 413 4823 1989 4896; baseline 0 -18"><span class='ocrx_word' id='word_1_646' title='bbox 413 4834 469 4878; x_wconf 90' lang='lat' dir='ltr'><strong>et</strong></span> <span class='ocrx_word' id='word_1_647' title='bbox 496 4823 627 4878; x_wconf 86' lang='lat' dir='ltr'><strong>boni</strong></span> <span class='ocrx_word' id='word_1_648' title='bbox 676 4826 1033 4896; x_wconf 60' lang='lat' dir='ltr'><strong>praeceptoris</strong></span> <span class='ocrx_word' id='word_1_649' title='bbox 1076 4824 1396 4879; x_wconf 89' lang='lat' dir='ltr'><strong>memoriam</strong></span> <span class='ocrx_word' id='word_1_650' title='bbox 1444 4834 1777 4893; x_wconf 85' lang='lat' dir='ltr'><strong>propagaret</strong></span> <span class='ocrx_word' id='word_1_651' title='bbox 1813 4833 1867 4877; x_wconf 89' lang='lat' dir='ltr'><strong>et</strong></span> <span class='ocrx_word' id='word_1_652' title='bbox 1910 4824 1989 4878; x_wconf 88' lang='lat' dir='ltr'><strong>rei</strong></span> 
     </span>
    </p>
   </div>
   <div class='ocr_carea' id='block_1_94' title="bbox 416 4916 1993 4989">
    <p class='ocr_par' dir='ltr' id='par_1_94' title="bbox 416 4916 1993 4989">
     <span class='ocr_line' id='line_1_94' title="bbox 416 4916 1993 4989; baseline 0.001 -18"><span class='ocrx_word' id='word_1_653' title='bbox 416 4918 695 4973; x_wconf 71' lang='lat' dir='ltr'><strong>litterariae</strong></span> <span class='ocrx_word' id='word_1_654' title='bbox 751 4919 1041 4975; x_wconf 88' lang='lat' dir='ltr'><strong>commoda</strong></span> <span class='ocrx_word' id='word_1_655' title='bbox 1090 4918 1302 4988; x_wconf 91' lang='lat' dir='ltr'><strong>plenius</strong></span> <span class='ocrx_word' id='word_1_656' title='bbox 1352 4916 1655 4986; x_wconf 76' lang='lat' dir='ltr'><strong>adiuvaret.</strong></span> <span class='ocrx_word' id='word_1_657' title='bbox 1695 4936 1714 4968; x_wconf 74' lang='grc' dir='ltr'><strong><em>ι</em></strong></span> <span class='ocrx_word' id='word_1_658' title='bbox 1762 4916 1993 4989; x_wconf 82' lang='lat' dir='ltr'><strong>Insuper</strong></span> 
     </span>
    </p>
   </div>
   <div class='ocr_carea' id='block_1_95' title="bbox 410 5010 1991 5085">
    <p class='ocr_par' dir='ltr' id='par_1_95' title="bbox 410 5010 1991 5085">
     <span class='ocr_line' id='line_1_95' title="bbox 410 5010 1991 5085; baseline 0.001 -18"><span class='ocrx_word' id='word_1_659' title='bbox 410 5014 664 5083; x_wconf 86' lang='lat' dir='ltr'><strong>apposuit</strong></span> <span class='ocrx_word' id='word_1_660' title='bbox 691 5013 767 5085; x_wconf 88' lang='lat' dir='ltr'><strong>(p.</strong></span> <span class='ocrx_word' id='word_1_661' title='bbox 793 5013 901 5068; x_wconf 71' lang='grc'><strong>452</strong></span> <span class='ocrx_word' id='word_1_662' title='bbox 928 5012 1074 5083; x_wconf 83' lang='lat' dir='ltr'><strong>sqq.)</strong></span> <span class='ocrx_word' id='word_1_663' title='bbox 1100 5012 1331 5067; x_wconf 89' lang='lat' dir='ltr'><strong>selectas</strong></span> <span class='ocrx_word' id='word_1_664' title='bbox 1355 5010 1542 5067; x_wconf 76' lang='lat' dir='ltr'><strong>Joach.</strong></span> <span class='ocrx_word' id='word_1_665' title='bbox 1570 5010 1804 5067; x_wconf 81' lang='lat' dir='ltr'><strong>Perionii</strong></span> <span class='ocrx_word' id='word_1_666' title='bbox 1832 5020 1991 5068; x_wconf 84' lang='lat' dir='ltr'><strong>notas</strong></span> 
     </span>
    </p>
   </div>
   <div class='ocr_carea' id='block_1_96' title="bbox 414 5104 1985 5177">
    <p class='ocr_par' dir='ltr' id='par_1_96' title="bbox 414 5104 1985 5177">
     <span class='ocr_line' id='line_1_96' title="bbox 414 5104 1985 5177; baseline 0.002 -19"><span class='ocrx_word' id='word_1_667' title='bbox 414 5122 517 5161; x_wconf 90' lang='lat' dir='ltr'><strong>una</strong></span> <span class='ocrx_word' id='word_1_668' title='bbox 554 5122 677 5162; x_wconf 90' lang='lat' dir='ltr'><strong>cum</strong></span> <span class='ocrx_word' id='word_1_669' title='bbox 724 5108 788 5161; x_wconf 92' lang='lat' dir='ltr'><strong>iis</strong></span> <span class='ocrx_word' id='word_1_670' title='bbox 817 5124 939 5177; x_wconf 75' lang='lat' dir='ltr'><strong>qua:</strong></span> <span class='ocrx_word' id='word_1_671' title='bbox 982 5105 1171 5162; x_wconf 70' lang='lat' dir='ltr'><strong>Iacob.</strong></span> <span class='ocrx_word' id='word_1_672' title='bbox 1206 5104 1393 5160; x_wconf 88' lang='lat' dir='ltr'><strong>Billius</strong></span> <span class='ocrx_word' id='word_1_673' title='bbox 1439 5107 1493 5161; x_wconf 93' lang='lat' dir='ltr'><strong>in</strong></span> <span class='ocrx_word' id='word_1_674' title='bbox 1544 5106 1985 5163; x_wconf 86' lang='lat' dir='ltr'><strong>Observationum</strong></span> 
     </span>
    </p>
   </div>
   <div class='ocr_carea' id='block_1_97' title="bbox 410 5198 1987 5270">
    <p class='ocr_par' dir='ltr' id='par_1_97' title="bbox 410 5198 1987 5270">
     <span class='ocr_line' id='line_1_97' title="bbox 410 5198 1987 5270; baseline 0.003 -19"><span class='ocrx_word' id='word_1_675' title='bbox 410 5215 689 5255; x_wconf 86' lang='lat' dir='ltr'><strong>sacrarum</strong></span> <span class='ocrx_word' id='word_1_676' title='bbox 721 5198 921 5268; x_wconf 84' lang='lat' dir='ltr'><strong>(Paris.</strong></span> <span class='ocrx_word' id='word_1_677' title='bbox 966 5198 1129 5262; x_wconf 81' lang='grc'>1585,</span> <span class='ocrx_word' id='word_1_678' title='bbox 1160 5199 1282 5267; x_wconf 78' lang='lat' dir='ltr'><strong>fol.)</strong></span> <span class='ocrx_word' id='word_1_679' title='bbox 1316 5199 1410 5254; x_wconf 89' lang='lat' dir='ltr'><strong>lib.</strong></span> <span class='ocrx_word' id='word_1_680' title='bbox 1445 5217 1502 5268; x_wconf 85' lang='lat' dir='ltr'><strong>ll,</strong></span> <span class='ocrx_word' id='word_1_681' title='bbox 1545 5217 1666 5270; x_wconf 88' lang='lat' dir='ltr'><strong>cap.</strong></span> <span class='ocrx_word' id='word_1_682' title='bbox 1702 5202 1754 5265; x_wconf 86' lang='lat'><strong>6,</strong></span> <span class='ocrx_word' id='word_1_683' title='bbox 1787 5202 1855 5257; x_wconf 90' lang='lat' dir='ltr'><strong>ad</strong></span> <span class='ocrx_word' id='word_1_684' title='bbox 1886 5201 1987 5257; x_wconf 82' lang='lat' dir='ltr'><strong>Ju-</strong></span> 
     </span>
    </p>
   </div>
   <div class='ocr_carea' id='block_1_98' title="bbox 412 5288 1990 5365">
    <p class='ocr_par' dir='ltr' id='par_1_98' title="bbox 412 5288 1990 5365">
     <span class='ocr_line' id='line_1_98' title="bbox 412 5288 1990 5365; baseline 0.004 -20"><span class='ocrx_word' id='word_1_685' title='bbox 412 5288 536 5346; x_wconf 84' lang='lat' dir='ltr'><strong>stini</strong></span> <span class='ocrx_word' id='word_1_686' title='bbox 569 5292 885 5363; x_wconf 77' lang='lat' dir='ltr'><strong>Apologiam</strong></span> <span class='ocrx_word' id='word_1_687' title='bbox 926 5290 956 5344; x_wconf 89' lang='grc' dir='ltr'><em>Ι</em></span> <span class='ocrx_word' id='word_1_688' title='bbox 992 5301 1298 5349; x_wconf 87' lang='lat' dir='ltr'><strong>notaverat.</strong></span> <span class='ocrx_word' id='word_1_689' title='bbox 1343 5293 1555 5362; x_wconf 87' lang='lat' dir='ltr'><strong>Adjecit</strong></span> <span class='ocrx_word' id='word_1_690' title='bbox 1597 5295 1828 5364; x_wconf 89' lang='lat' dir='ltr'><strong>denique</strong></span> <span class='ocrx_word' id='word_1_691' title='bbox 1866 5312 1990 5365; x_wconf 78' lang='lat' dir='ltr'><strong>quze</strong></span> 
     </span>
    </p>
   </div>
   <div class='ocr_carea' id='block_1_99' title="bbox 411 5384 1983 5461">
    <p class='ocr_par' dir='ltr' id='par_1_99' title="bbox 411 5384 1983 5461">
     <span class='ocr_line' id='line_1_99' title="bbox 411 5384 1983 5461; baseline 0.006 -25"><span class='ocrx_word' id='word_1_692' title='bbox 411 5384 476 5438; x_wconf 76' lang='lat' dir='ltr'><strong>ll.</strong></span> <span class='ocrx_word' id='word_1_693' title='bbox 505 5385 821 5454; x_wconf 85' lang='lat' dir='ltr'><strong>Stephanus</strong></span> <span class='ocrx_word' id='word_1_694' title='bbox 848 5385 898 5438; x_wconf 92' lang='lat' dir='ltr'><strong>in</strong></span> <span class='ocrx_word' id='word_1_695' title='bbox 925 5385 1182 5439; x_wconf 87' lang='lat' dir='ltr'><strong>editionis</strong></span> <span class='ocrx_word' id='word_1_696' title='bbox 1213 5386 1363 5441; x_wconf 87' lang='lat' dir='ltr'><strong>calce</strong></span> <span class='ocrx_word' id='word_1_697' title='bbox 1386 5397 1549 5457; x_wconf 87' lang='lat' dir='ltr'><strong>atque</strong></span> <span class='ocrx_word' id='word_1_698' title='bbox 1576 5387 1641 5444; x_wconf 93' lang='lat' dir='ltr'><strong>ll.</strong></span> <span class='ocrx_word' id='word_1_699' title='bbox 1670 5389 1983 5461; x_wconf 87' lang='lat' dir='ltr'><strong>Stephanus</strong></span> 
     </span>
    </p>
   </div>
   <div class='ocr_carea' id='block_1_100' title="bbox 407 5476 1979 5551">
    <p class='ocr_par' dir='ltr' id='par_1_100' title="bbox 407 5476 1979 5551">
     <span class='ocr_line' id='line_1_100' title="bbox 407 5476 1979 5551; baseline 0.004 -22"><span class='ocrx_word' id='word_1_700' title='bbox 407 5487 462 5531; x_wconf 86' lang='lat' dir='ltr'><strong>et</strong></span> <span class='ocrx_word' id='word_1_701' title='bbox 501 5476 776 5531; x_wconf 82' lang='lat' dir='ltr'><strong>Beurcrus</strong></span> <span class='ocrx_word' id='word_1_702' title='bbox 804 5477 870 5532; x_wconf 88' lang='lat' dir='ltr'><strong>de</strong></span> <span class='ocrx_word' id='word_1_703' title='bbox 898 5490 1047 5533; x_wconf 77' lang='lat' dir='ltr'><strong>textu</strong></span> <span class='ocrx_word' id='word_1_704' title='bbox 1084 5477 1356 5533; x_wconf 85' lang='lat' dir='ltr'><strong>Orationis</strong></span> <span class='ocrx_word' id='word_1_705' title='bbox 1392 5481 1462 5535; x_wconf 81' lang='lat' dir='ltr'><strong>ad</strong></span> <span class='ocrx_word' id='word_1_706' title='bbox 1502 5480 1717 5536; x_wconf 70' lang='lat' dir='ltr'><strong>Graecos</strong></span> <span class='ocrx_word' id='word_1_707' title='bbox 1749 5492 1803 5538; x_wconf 88' lang='lat' dir='ltr'><strong>ct</strong></span> <span class='ocrx_word' id='word_1_708' title='bbox 1847 5481 1979 5551; x_wconf 82' lang='lat' dir='ltr'><strong>Epi-</strong></span> 
     </span>
    </p>
   </div>
   <div class='ocr_carea' id='block_1_101' title="bbox 406 5568 1762 5639">
    <p class='ocr_par' dir='ltr' id='par_1_101' title="bbox 406 5568 1762 5639">
     <span class='ocr_line' id='line_1_101' title="bbox 406 5568 1762 5639; baseline 0.007 -20"><span class='ocrx_word' id='word_1_709' title='bbox 406 5571 556 5621; x_wconf 75' lang='lat' dir='ltr'><strong>stotie</strong></span> <span class='ocrx_word' id='word_1_710' title='bbox 582 5570 650 5621; x_wconf 86' lang='lat' dir='ltr'><strong>ad</strong></span> <span class='ocrx_word' id='word_1_711' title='bbox 688 5568 1004 5639; x_wconf 84' lang='lat' dir='ltr'><strong>Diognetnm</strong></span> <span class='ocrx_word' id='word_1_712' title='bbox 1035 5570 1380 5625; x_wconf 84' lang='lat' dir='ltr'><strong>emendando</strong></span> <span class='ocrx_word' id='word_1_713' title='bbox 1410 5584 1762 5629; x_wconf 88' lang='lat' dir='ltr'><strong>monuerant.</strong></span> 
     </span>
    </p>
   </div>
   <div class='ocr_carea' id='block_1_102' title="bbox 476 5722 1969 5795">
    <p class='ocr_par' dir='ltr' id='par_1_102' title="bbox 476 5722 1969 5795">
     <span class='ocr_line' id='line_1_102' title="bbox 476 5722 1969 5795; baseline 0.011 -19"><span class='ocrx_word' id='word_1_714' title='bbox 476 5722 556 5790; x_wconf 75' lang='grc'><strong>(5)</strong></span> <span class='ocrx_word' id='word_1_715' title='bbox 599 5722 729 5795; x_wconf 86' lang='lat' dir='ltr'><strong>Vide</strong></span> <span class='ocrx_word' id='word_1_716' title='bbox 766 5727 937 5782; x_wconf 87' lang='lat' dir='ltr'><strong>Wilh.</strong></span> <span class='ocrx_word' id='word_1_717' title='bbox 958 5729 1086 5782; x_wconf 83' lang='lat' dir='ltr'><strong>Ern.</strong></span> <span class='ocrx_word' id='word_1_718' title='bbox 1120 5728 1366 5795; x_wconf 84' lang='lat' dir='ltr'><strong>Tentzel,</strong></span> <span class='ocrx_word' id='word_1_719' title='bbox 1404 5730 1741 5791; x_wconf 82' lang='lat' dir='ltr'><strong>Miscellann.</strong></span> <span class='ocrx_word' id='word_1_720' title='bbox 1779 5734 1969 5795; x_wconf 74' lang='lat' dir='ltr'><strong>eccles.</strong></span> 
     </span>
    </p>
   </div>
   <div class='ocr_carea' id='block_1_103' title="bbox 406 5792 1273 5869">
    <p class='ocr_par' dir='ltr' id='par_1_103' title="bbox 406 5792 1273 5869">
     <span class='ocr_line' id='line_1_103' title="bbox 406 5792 1273 5869; baseline 0.008 -22"><span class='ocrx_word' id='word_1_721' title='bbox 406 5792 574 5866; x_wconf 76' lang='lat' dir='ltr'><strong>(Lips.</strong></span> <span class='ocrx_word' id='word_1_722' title='bbox 610 5794 768 5863; x_wconf 79' lang='lat' dir='ltr'><strong>nos,</strong></span> <span class='ocrx_word' id='word_1_723' title='bbox 802 5798 879 5868; x_wconf 64' lang='grc'><strong>4),</strong></span> <span class='ocrx_word' id='word_1_724' title='bbox 908 5814 955 5868; x_wconf 90' lang='lat' dir='ltr'><strong>p.</strong></span> <span class='ocrx_word' id='word_1_725' title='bbox 995 5815 1030 5866; x_wconf 88' lang='lat' dir='ltr'><strong>t,</strong></span> <span class='ocrx_word' id='word_1_726' title='bbox 1060 5814 1113 5869; x_wconf 89' lang='lat' dir='ltr'><strong>p.</strong></span> <span class='ocrx_word' id='word_1_727' title='bbox 1154 5799 1273 5854; x_wconf 74' lang='lat' dir='ltr'><strong>H55.</strong></span> 
     </span>
    </p>
   </div>
   <div class='ocr_carea' id='block_1_104' title="bbox 2095 4623 3683 4696">
    <p class='ocr_par' dir='ltr' id='par_1_104' title="bbox 2095 4623 3683 4696">
     <span class='ocr_line' id='line_1_104' title="bbox 2095 4623 3683 4696; baseline 0.003 -17"><span class='ocrx_word' id='word_1_728' title='bbox 2095 4623 2406 4679; x_wconf 65' lang='lat' dir='ltr'><strong>Graecorum</strong></span> <span class='ocrx_word' id='word_1_729' title='bbox 2436 4627 2592 4696; x_wconf 89' lang='lat' dir='ltr'><strong>(cura</strong></span> <span class='ocrx_word' id='word_1_730' title='bbox 2633 4628 2784 4682; x_wconf 86' lang='lat' dir='ltr'><strong>Frid.</strong></span> <span class='ocrx_word' id='word_1_731' title='bbox 2819 4629 3150 4695; x_wconf 77' lang='lat' dir='ltr'><strong>Oberthitr),</strong></span> <span class='ocrx_word' id='word_1_732' title='bbox 3190 4630 3299 4683; x_wconf 90' lang='lat' dir='ltr'><strong>vol.</strong></span> <span class='ocrx_word' id='word_1_733' title='bbox 3337 4629 3482 4694; x_wconf 86' lang='lat' dir='ltr'><strong>l-lll,</strong></span> <span class='ocrx_word' id='word_1_734' title='bbox 3528 4629 3683 4683; x_wconf 86' lang='lat' dir='ltr'><strong>Wir-</strong></span> 
     </span>
    </p>
   </div>
   <div class='ocr_carea' id='block_1_105' title="bbox 2094 4718 3681 4788">
    <p class='ocr_par' dir='ltr' id='par_1_105' title="bbox 2094 4718 3681 4788">
     <span class='ocr_line' id='line_1_105' title="bbox 2094 4718 3681 4788; baseline 0.003 -15"><span class='ocrx_word' id='word_1_735' title='bbox 2094 4718 2320 4788; x_wconf 83' lang='lat' dir='ltr'><strong>ceburgi</strong></span> <span class='ocrx_word' id='word_1_736' title='bbox 2358 4734 2424 4774; x_wconf 79' lang='lat' dir='ltr'><strong>ex</strong></span> <span class='ocrx_word' id='word_1_737' title='bbox 2455 4719 2675 4777; x_wconf 83' lang='lat' dir='ltr'><strong>ollicina</strong></span> <span class='ocrx_word' id='word_1_738' title='bbox 2706 4723 2929 4778; x_wconf 89' lang='lat' dir='ltr'><strong>libraria</strong></span> <span class='ocrx_word' id='word_1_739' title='bbox 2968 4723 3306 4787; x_wconf 79' lang='lat' dir='ltr'><strong>Staheliaua,</strong></span> <span class='ocrx_word' id='word_1_740' title='bbox 3342 4723 3681 4788; x_wconf 69' lang='lat'><strong>1777-1779,</strong></span> 
     </span>
    </p>
   </div>
   <div class='ocr_carea' id='block_1_106' title="bbox 2094 4810 3682 4879">
    <p class='ocr_par' dir='ltr' id='par_1_106' title="bbox 2094 4810 3682 4879">
     <span class='ocr_line' id='line_1_106' title="bbox 2094 4810 3682 4879; baseline 0.003 -15"><span class='ocrx_word' id='word_1_741' title='bbox 2094 4811 2159 4873; x_wconf 86' lang='lat'><strong>8,</strong></span> <span class='ocrx_word' id='word_1_742' title='bbox 2211 4810 2285 4863; x_wconf 90' lang='lat' dir='ltr'><strong>ita</strong></span> <span class='ocrx_word' id='word_1_743' title='bbox 2338 4810 2597 4879; x_wconf 88' lang='lat' dir='ltr'><strong>quidem,</strong></span> <span class='ocrx_word' id='word_1_744' title='bbox 2645 4823 2699 4866; x_wconf 85' lang='grc' dir='ltr'>ιιι</span> <span class='ocrx_word' id='word_1_745' title='bbox 2749 4813 2907 4868; x_wconf 88' lang='lat' dir='ltr'><strong>vol.l</strong></span> <span class='ocrx_word' id='word_1_746' title='bbox 2958 4812 3269 4867; x_wconf 85' lang='lat' dir='ltr'><strong>Orationem</strong></span> <span class='ocrx_word' id='word_1_747' title='bbox 3316 4816 3385 4867; x_wconf 89' lang='lat' dir='ltr'><strong>ad</strong></span> <span class='ocrx_word' id='word_1_748' title='bbox 3434 4814 3682 4878; x_wconf 75' lang='lat' dir='ltr'><strong>ercos,</strong></span> 
     </span>
    </p>
   </div>
   <div class='ocr_carea' id='block_1_107' title="bbox 2093 4901 3682 4973">
    <p class='ocr_par' dir='ltr' id='par_1_107' title="bbox 2093 4901 3682 4973">
     <span class='ocr_line' id='line_1_107' title="bbox 2093 4901 3682 4973; baseline 0.003 -18"><span class='ocrx_word' id='word_1_749' title='bbox 2093 4901 2523 4957; x_wconf 79' lang='lat' dir='ltr'><strong>Cohortationem</strong></span> <span class='ocrx_word' id='word_1_750' title='bbox 2563 4904 2633 4957; x_wconf 83' lang='lat' dir='ltr'><strong>ad</strong></span> <span class='ocrx_word' id='word_1_751' title='bbox 2685 4901 2921 4967; x_wconf 72' lang='lat' dir='ltr'><strong>Gra&#39;cos,</strong></span> <span class='ocrx_word' id='word_1_752' title='bbox 2960 4904 3177 4959; x_wconf 81' lang='lat' dir='ltr'><strong>Librum</strong></span> <span class='ocrx_word' id='word_1_753' title='bbox 3218 4906 3282 4959; x_wconf 87' lang='lat' dir='ltr'><strong>de</strong></span> <span class='ocrx_word' id='word_1_754' title='bbox 3334 4909 3682 4973; x_wconf 85' lang='lat' dir='ltr'><strong>monarchia,</strong></span> 
     </span>
    </p>
   </div>
   <div class='ocr_carea' id='block_1_108' title="bbox 2095 4993 3683 5070">
    <p class='ocr_par' dir='ltr' id='par_1_108' title="bbox 2095 4993 3683 5070">
     <span class='ocr_line' id='line_1_108' title="bbox 2095 4993 3683 5070; baseline 0.002 -22"><span class='ocrx_word' id='word_1_755' title='bbox 2095 4993 2390 5066; x_wconf 86' lang='lat' dir='ltr'><strong>Utramque</strong></span> <span class='ocrx_word' id='word_1_756' title='bbox 2429 4998 2772 5066; x_wconf 82' lang='lat' dir='ltr'><strong>apologiam;</strong></span> <span class='ocrx_word' id='word_1_757' title='bbox 2822 4996 2929 5050; x_wconf 88' lang='lat' dir='ltr'><strong>vol.</strong></span> <span class='ocrx_word' id='word_1_758' title='bbox 2958 4995 3029 5060; x_wconf 94' lang='lat' dir='ltr'><strong>ll,</strong></span> <span class='ocrx_word' id='word_1_759' title='bbox 3069 4997 3349 5068; x_wconf 86' lang='lat' dir='ltr'><strong>Dialogum</strong></span> <span class='ocrx_word' id='word_1_760' title='bbox 3380 5016 3503 5052; x_wconf 83' lang='lat' dir='ltr'><strong>cum</strong></span> <span class='ocrx_word' id='word_1_761' title='bbox 3538 4999 3683 5070; x_wconf 82' lang='lat' dir='ltr'><strong>Try-</strong></span> 
     </span>
    </p>
   </div>
   <div class='ocr_carea' id='block_1_109' title="bbox 2090 5087 3681 5162">
    <p class='ocr_par' dir='ltr' id='par_1_109' title="bbox 2090 5087 3681 5162">
     <span class='ocr_line' id='line_1_109' title="bbox 2090 5087 3681 5162; baseline 0.006 -25"><span class='ocrx_word' id='word_1_762' title='bbox 2090 5088 2284 5156; x_wconf 76' lang='lat' dir='ltr'><strong>phone,</strong></span> <span class='ocrx_word' id='word_1_763' title='bbox 2315 5097 2370 5141; x_wconf 89' lang='lat' dir='ltr'><strong>et</strong></span> <span class='ocrx_word' id='word_1_764' title='bbox 2400 5087 2509 5143; x_wconf 89' lang='lat' dir='ltr'><strong>vol.</strong></span> <span class='ocrx_word' id='word_1_765' title='bbox 2542 5087 2630 5155; x_wconf 88' lang='lat' dir='ltr'><strong>lll,</strong></span> <span class='ocrx_word' id='word_1_766' title='bbox 2663 5105 2719 5159; x_wconf 88' lang='lat' dir='ltr'><strong>p.</strong></span> <span class='ocrx_word' id='word_1_767' title='bbox 2743 5088 2898 5157; x_wconf 68' lang='lat'><strong>2-25,</strong></span> <span class='ocrx_word' id='word_1_768' title='bbox 2933 5088 3230 5159; x_wconf 78' lang='lat' dir='ltr'><strong>Epistulam</strong></span> <span class='ocrx_word' id='word_1_769' title='bbox 3254 5095 3323 5145; x_wconf 87' lang='lat' dir='ltr'><strong>ad</strong></span> <span class='ocrx_word' id='word_1_770' title='bbox 3350 5091 3681 5162; x_wconf 79' lang='lat' dir='ltr'><strong>Diognetam</strong></span> 
     </span>
    </p>
   </div>
   <div class='ocr_carea' id='block_1_110' title="bbox 2091 5188 2394 5245">
    <p class='ocr_par' dir='ltr' id='par_1_110' title="bbox 2091 5188 2394 5245">
     <span class='ocr_line' id='line_1_110' title="bbox 2091 5188 2394 5245; baseline 0.01 -3"><span class='ocrx_word' id='word_1_771' title='bbox 2091 5188 2394 5245; x_wconf 89' lang='lat' dir='ltr'><strong>contineat.</strong></span> 
     </span>
    </p>
   </div>
   <div class='ocr_carea' id='block_1_111' title="bbox 2164 5302 3683 5375">
    <p class='ocr_par' dir='ltr' id='par_1_111' title="bbox 2164 5302 3683 5375">
     <span class='ocr_line' id='line_1_111' title="bbox 2164 5302 3683 5375; baseline 0.005 -19"><span class='ocrx_word' id='word_1_772' title='bbox 2164 5302 2238 5359; x_wconf 78' lang='lat' dir='ltr'><strong>Ex</strong></span> <span class='ocrx_word' id='word_1_773' title='bbox 2270 5304 2365 5362; x_wconf 91' lang='lat' dir='ltr'><strong>illo</strong></span> <span class='ocrx_word' id='word_1_774' title='bbox 2400 5304 2609 5360; x_wconf 82' lang='lat' dir='ltr'><strong>Marani</strong></span> <span class='ocrx_word' id='word_1_775' title='bbox 2647 5314 2887 5375; x_wconf 86' lang='lat' dir='ltr'><strong>tempore</strong></span> <span class='ocrx_word' id='word_1_776' title='bbox 2917 5321 3010 5375; x_wconf 88' lang='lat' dir='ltr'><strong>per</strong></span> <span class='ocrx_word' id='word_1_777' title='bbox 3039 5316 3259 5359; x_wconf 88' lang='lat' dir='ltr'><strong>centum</strong></span> <span class='ocrx_word' id='word_1_778' title='bbox 3286 5320 3467 5361; x_wconf 85' lang='lat' dir='ltr'><strong>annos</strong></span> <span class='ocrx_word' id='word_1_779' title='bbox 3501 5306 3683 5363; x_wconf 84' lang='lat' dir='ltr'><strong>Justi-</strong></span> 
     </span>
    </p>
   </div>
   <div class='ocr_carea' id='block_1_112' title="bbox 2093 5396 3682 5468">
    <p class='ocr_par' dir='ltr' id='par_1_112' title="bbox 2093 5396 3682 5468">
     <span class='ocr_line' id='line_1_112' title="bbox 2093 5396 3682 5468; baseline 0.003 -19"><span class='ocrx_word' id='word_1_780' title='bbox 2093 5411 2196 5451; x_wconf 91' lang='lat' dir='ltr'><strong>nus</strong></span> <span class='ocrx_word' id='word_1_781' title='bbox 2226 5407 2416 5451; x_wconf 87' lang='lat' dir='ltr'><strong>noster</strong></span> <span class='ocrx_word' id='word_1_782' title='bbox 2440 5398 2618 5451; x_wconf 88' lang='lat' dir='ltr'><strong>caruit</strong></span> <span class='ocrx_word' id='word_1_783' title='bbox 2645 5413 2785 5452; x_wconf 92' lang='lat' dir='ltr'><strong>novo</strong></span> <span class='ocrx_word' id='word_1_784' title='bbox 2815 5397 3044 5454; x_wconf 83' lang='lat' dir='ltr'><strong>eilitore.</strong></span> <span class='ocrx_word' id='word_1_785' title='bbox 3066 5396 3243 5451; x_wconf 88' lang='lat' dir='ltr'><strong>Fuere</strong></span> <span class='ocrx_word' id='word_1_786' title='bbox 3277 5407 3518 5465; x_wconf 88' lang='lat' dir='ltr'><strong>tantum,</strong></span> <span class='ocrx_word' id='word_1_787' title='bbox 3552 5402 3682 5468; x_wconf 81' lang='lat' dir='ltr'><strong>qui,</strong></span> 
     </span>
    </p>
   </div>
   <div class='ocr_carea' id='block_1_113' title="bbox 2089 5488 3693 5558">
    <p class='ocr_par' dir='ltr' id='par_1_113' title="bbox 2089 5488 3693 5558">
     <span class='ocr_line' id='line_1_113' title="bbox 2089 5488 3693 5558; baseline 0.003 -16"><span class='ocrx_word' id='word_1_788' title='bbox 2089 5496 2150 5542; x_wconf 89' lang='lat' dir='ltr'><strong>ut</strong></span> <span class='ocrx_word' id='word_1_789' title='bbox 2174 5498 2299 5542; x_wconf 89' lang='lat' dir='ltr'><strong>ante</strong></span> <span class='ocrx_word' id='word_1_790' title='bbox 2336 5488 2469 5543; x_wconf 90' lang='lat' dir='ltr'><strong>illud</strong></span> <span class='ocrx_word' id='word_1_791' title='bbox 2502 5500 2718 5558; x_wconf 90' lang='lat' dir='ltr'><strong>tempus</strong></span> <span class='ocrx_word' id='word_1_792' title='bbox 2745 5506 2775 5542; x_wconf 89' lang='lat' dir='ltr'><strong>a</strong></span> <span class='ocrx_word' id='word_1_793' title='bbox 2812 5489 3089 5544; x_wconf 89' lang='lat' dir='ltr'><strong>nonnullis</strong></span> <span class='ocrx_word' id='word_1_794' title='bbox 3116 5489 3320 5544; x_wconf 87' lang='lat' dir='ltr'><strong>factum</strong></span> <span class='ocrx_word' id='word_1_795' title='bbox 3354 5502 3479 5558; x_wconf 86' lang='lat' dir='ltr'><strong>est,</strong></span> <span class='ocrx_word' id='word_1_796' title='bbox 3508 5493 3592 5547; x_wconf 86' lang='lat' dir='ltr'><strong>sic</strong></span> <span class='ocrx_word' id='word_1_797' title='bbox 3625 5504 3693 5547; x_wconf 75' lang='lat' dir='ltr'><strong>et</strong></span> 
     </span>
    </p>
   </div>
   <div class='ocr_carea' id='block_1_114' title="bbox 2088 5580 3693 5655">
    <p class='ocr_par' dir='ltr' id='par_1_114' title="bbox 2088 5580 3693 5655">
     <span class='ocr_line' id='line_1_114' title="bbox 2088 5580 3693 5655; baseline 0.001 -20"><span class='ocrx_word' id='word_1_798' title='bbox 2088 5589 2273 5651; x_wconf 86' lang='lat' dir='ltr'><strong>postea</strong></span> <span class='ocrx_word' id='word_1_799' title='bbox 2302 5581 2549 5652; x_wconf 86' lang='lat' dir='ltr'><strong>singulos</strong></span> <span class='ocrx_word' id='word_1_800' title='bbox 2574 5582 2803 5636; x_wconf 85' lang='lat' dir='ltr'><strong>ederent</strong></span> <span class='ocrx_word' id='word_1_801' title='bbox 2829 5580 2948 5649; x_wconf 87' lang='lat' dir='ltr'><strong>ejus</strong></span> <span class='ocrx_word' id='word_1_802' title='bbox 2991 5583 3157 5639; x_wconf 86' lang='lat' dir='ltr'><strong>libros</strong></span> <span class='ocrx_word' id='word_1_803' title='bbox 3184 5582 3264 5638; x_wconf 90' lang='lat' dir='ltr'><strong>vel</strong></span> <span class='ocrx_word' id='word_1_804' title='bbox 3288 5583 3527 5653; x_wconf 87' lang='lat' dir='ltr'><strong>junctim</strong></span> <span class='ocrx_word' id='word_1_805' title='bbox 3556 5584 3693 5655; x_wconf 85' lang='lat' dir='ltr'><strong>plu-</strong></span> 
     </span>
    </p>
   </div>
   <div class='ocr_carea' id='block_1_115' title="bbox 2163 5735 3682 5810">
    <p class='ocr_par' dir='ltr' id='par_1_115' title="bbox 2163 5735 3682 5810">
     <span class='ocr_line' id='line_1_115' title="bbox 2163 5735 3682 5810; baseline 0.005 -23"><span class='ocrx_word' id='word_1_806' title='bbox 2163 5736 2241 5803; x_wconf 70' lang='grc'><strong>(4)</strong></span> <span class='ocrx_word' id='word_1_807' title='bbox 2283 5735 2675 5810; x_wconf 62' lang='grc' dir='ltr'><strong>Πευςιιβίοηοειη</strong></span> <span class='ocrx_word' id='word_1_808' title='bbox 2719 5736 3416 5810; x_wconf 64' lang='lat' dir='ltr'><strong>editionislienedjctinte,</strong></span> <span class='ocrx_word' id='word_1_809' title='bbox 3445 5752 3569 5810; x_wconf 65' lang='lat' dir='ltr'><strong>qua</strong></span> <span class='ocrx_word' id='word_1_810' title='bbox 3619 5738 3682 5793; x_wconf 83' lang='lat' dir='ltr'><strong>in</strong></span> 
     </span>
    </p>
   </div>
   <div class='ocr_carea' id='block_1_116' title="bbox 2093 5806 3354 5874">
    <p class='ocr_par' dir='ltr' id='par_1_116' title="bbox 2093 5806 3354 5874">
     <span class='ocr_line' id='line_1_116' title="bbox 2093 5806 3354 5874; baseline 0.001 -12"><span class='ocrx_word' id='word_1_811' title='bbox 2093 5818 2276 5862; x_wconf 81' lang='lat' dir='ltr'><strong>nostra</strong></span> <span class='ocrx_word' id='word_1_812' title='bbox 2303 5806 2600 5874; x_wconf 82' lang='lat' dir='ltr'><strong>reviviscit,</strong></span> <span class='ocrx_word' id='word_1_813' title='bbox 2636 5808 2957 5862; x_wconf 87' lang='lat' dir='ltr'><strong>omittinms.</strong></span> <span class='ocrx_word' id='word_1_814' title='bbox 2993 5808 3147 5866; x_wconf 77' lang='lat' dir='ltr'><strong>Eon.</strong></span> <span class='ocrx_word' id='word_1_815' title='bbox 3178 5806 3354 5865; x_wconf 63' lang='lat' dir='ltr'><strong>PAE‘R.</strong></span> 
     </span>
    </p>
   </div>
  </div>
