3764 6510
116 416 206 472 209

118 554 191 593 res
209 551 266 589 cx
295 532 539 588 omnibus
566 531 816 587 seletlos.
849 535 996 597 Quos
1028 532 1265 587 editores
1293 546 1433 583 tntnc
1461 545 1645 584 recen-
1680 534 1720 587 Α

118 642 322 684 seantus.

180 718 233 773 S.
258 718 449 773 Justini
471 718 602 784 phil.
628 725 676 768 et
710 725 867 769 ntarl.
894 715 1149 786 Apologia
1175 716 1346 784 prima
1376 733 1471 785 pro
1495 716 1650 772 Chri-

117 814 278 866 stianis
320 812 387 864 ad
410 811 731 864 Antoninum
791 806 984 872 Pium,
1032 824 1151 862 cum
1182 806 1377 863 Latina
1423 809 1649 865 Joannis

120 903 261 972 Longi
287 902 513 955 versione
538 899 937 969 quamplurimis
969 900 1026 952 in
1062 898 1194 953 locis
1223 911 1493 964 correcta;
1526 901 1650 953 sub-

118 995 285 1061 iunctis
326 993 777 1049 emendationibus
816 1001 867 1046 et
912 992 1047 1047 notis
1088 992 1305 1047 Roberti
1343 1004 1391 1047 et
1429 992 1648 1046 Henrici

116 1086 488 1157 Stephanorunt,
529 1085 779 1149 l’erionii,
806 1084 961 1140 Billii
979 1126 993 1150 ,
1032 1084 1334 1156 Sylburgii,
1360 1084 1647 1156 Scaligeri,

123 1180 365 1245 llalloixii,
403 1177 731 1244 Casauboni,
763 1178 1107 1245 Hontacutii,
1135 1178 1329 1243 Grotii,
1369 1177 1647 1244 Salmasii,

127 1274 313 1337 l'alesii,
336 1272 604 1341 Cotelerii,
639 1275 980 1343 pluribusque
1004 1277 1149 1331 novis
1175 1275 1401 1339 additis;
1426 1277 1647 1329 annexis

117 1369 293 1436 imper
316 1367 383 1420 ad
408 1366 602 1421 calcem
624 1366 1054 1421 adnotationibus
1078 1366 1245 1436 Langi
1272 1376 1320 1421 et
1352 1364 1645 1430 Kortholti,

116 1456 348 1522 premissa
380 1471 502 1509 vero
530 1453 701 1526 Langi
733 1456 1077 1524 pra-fatione,
1113 1472 1218 1526 qua
1254 1472 1516 1511 summam
1545 1456 1645 1509 hu-

113 1547 180 1612 ius
221 1545 464 1616 apologia:
524 1548 835 1613 enarravit;
884 1548 1027 1601 edita
1082 1563 1113 1599 a
1158 1545 1371 1602 Joanne
1417 1544 1644 1600 Eruesto

116 1636 274 1700 Grabe,
298 1636 539 1702 Oxoniaz,
565 1654 592 1691 e
613 1641 819 1694 theatro
841 1638 1200 1693 Sheldoniano
1220 1656 1274 1694 a.
1294 1638 1451 1693 Dom.
1483 1636 1643 1702 I700,

113 1728 157 1783 8.
186 1727 413 1782 Prostant
446 1732 656 1784 vestales
686 1730 829 1796 apud
856 1729 1027 1783 llenr.
1067 1728 1352 1783 Clements.
1394 1727 1548 1782 Alter
1578 1729 1643 1783 ti-

115 1823 271 1876 tnlus:
309 1820 411 1874 Τοῦ
453 1822 633 1890 ἁγίου
683 1822 1011 1876 Ἰουοντίνου
1076 1821 1383 1890 Ἀπολογία
1442 1818 1639 1888 πρώτη

115 1912 232 1980 ὑπὲρ
266 1911 631 1980 Χριστιανῶν
658 1915 808 1981 πρὸς
848 1912 1191 1967 Ἁντωνῒνον
1228 1912 1335 1965 τὸν
1376 1912 1637 1982 Εὐσεϐῆ.

122 2007 196 2059 Ἐκ
218 2005 446 2074 θεάτρου
475 2006 551 2059 ἐν
590 2007 845 2073 Ὀξονίᾳ,
891 2009 1009 2061 ἔτει
1055 2007 1362 2077 (impos-lac
1400 2006 1533 2077 ⁴αφ’.
1585 2008 1640 2062 ltt

114 2097 383 2166 praefatione
413 2098 565 2153 dolet
598 2098 679 2152 vir
710 2098 800 2151 ille
832 2096 1208 2159 clarissimus,
1235 2108 1405 2153 lllSlOS
1443 2107 1641 2167 praesto

115 2204 196 2243 non
234 2188 389 2243 fuisse
427 2189 688 2253 codices,
719 2202 951 2258 quorum
983 2188 1316 2258 paucissima
1362 2187 1641 2258 supersint

114 2281 421 2351 exemplaria.
463 2279 813 2351 Quapropter
852 2289 1054 2335 textum
1082 2281 1516 2350 Stephaniannm
1547 2295 1640 2333 cu-

115 2372 225 2425 ravit
257 2373 704 2440 exprimendum;
739 2373 853 2440 ipse
881 2374 948 2426 ad
990 2372 1275 2442 scriptoris
1326 2370 1639 2438 intelligen-

115 2463 214 2517 tiam
239 2479 327 2533 pro
354 2464 565 2519 viribus
597 2466 850 2521 contulit.
879 2494 951 2507 —
972 2464 1271 2520 Nonnullas
1298 2464 1642 2519 observatio-

114 2570 186 2608 nes
208 2557 263 2607 ad
293 2556 427 2611 hanc
472 2556 773 2610 editionem
814 2555 965 2609 dedit
1002 2553 1059 2611 .l.
1094 2555 1219 2609 Alb.
1266 2553 1552 2610 Fabricius
1587 2554 1640 2607 in

116 2645 388 2700 Bibliotheca
430 2646 663 2713 (ἔπειτα,
707 2662 827 2703 cur.
869 2645 1081 2702 llarlcs.
1124 2645 1235 2702 vol.
1285 2645 1369 2702 Vll
1418 2643 1637 2716 (Hamb.

114 2740 238 2802 l8tll,
264 2738 334 2808 l),
360 2754 409 2806 p.
441 2738 512 2793 59
542 2754 629 2808 sq.

166 2830 230 2884 Ad
252 2831 533 2885 editionem
568 2830 894 2885 Grabianam
920 2830 974 2885 in
1002 2828 1265 2884 Omnibus
1297 2826 1638 2885 conformata

110 2934 173 2977 est
191 2926 377 2978 hat-ce:
400 2922 457 2978 S.
483 2920 694 2976 Justini
724 2922 857 2991 phil.
884 2931 932 2975 et
960 2928 1118 2975 mart.
1136 2919 1390 2991 Apologia
1412 2921 1641 2974 secunda

111 3031 181 3078 pro
204 3015 512 3077 l‘ltrlstianis,
540 3014 726 3068 Oratio
740 3014 1118 3079 cohortatoria,
1135 3012 1320 3067 Oratio
1338 3013 1406 3067 ad
1432 3010 1473 3067 ϐ
1482 3027 1641 3066 rtecos

112 3105 215 3157 etde
233 3104 519 3157 monarchia
548 3102 710 3157 liber:
741 3118 855 3155 cunt
894 3100 1091 3155 Latina
1124 3097 1182 3154 J.
1215 3099 1380 3169 Langi
1410 3098 1642 3151 versione

113 3194 459 3261 quamplurimis
485 3195 538 3245 in
560 3193 691 3247 locis
715 3200 945 3246 correcta
965 3208 985 3255 ;
1003 3189 1295 3260 subjunctis
1315 3187 1641 3242 emendatio-
1669 3210 1716 3272 ο

116 3284 232 3337 sibus
253 3295 296 3338 et
318 3288 450 3339 uotis
476 3284 691 3338 Ποιναῖιὶ
712 3292 758 3337 et
779 3282 996 3339 Henrict'
1026 3280 1431 3350 Slephanorum,
1452 3278 1641 3332 Perio-

114 3376 189 3436 uii,
241 3376 394 3441 Billii,
431 3376 745 3447 Sylburgii.
787 3376 843 3430 J.
878 3376 1014 3432 Ern.
1050 3374 1261 3439 Grabii,
1298 3372 1358 3428 J.
1402 3371 1640 3435 Potteri,

112 3468 399 3541 pluribusque
419 3471 546 3525 aliis
576 3470 812 3535 additis;
851 3470 1069 3525 annexis
1101 3470 1313 3538 insuper
1350 3468 1417 3520 ad
1446 3468 1640 3520 calcem

110 3565 490 3617 adnotationibus
521 3562 697 3633 Langi
733 3574 780 3618 et
820 3561 1093 3616 Kortholti
1121 3602 1136 3626 ,
1191 3561 1478 3631 prtemissis
1523 3576 1642 3613 vero

115 3656 245 3725 Longi
276 3657 700 3726 praefationibus,
751 3656 939 3726 quibus
977 3670 1234 3709 summam
1273 3669 1490 3716 eorum,
1524 3668 1641 3722 qute

112 3748 152 3798 in
190 3747 273 3800 hoc
310 3748 572 3802 volumine
613 3746 985 3809 continentur,
1032 3746 1331 3799 enarravit:
1372 3745 1513 3799 edita
1574 3742 1639 3796 ab

114 3837 168 3893 ll.
192 3838 423 3901 Hstchin,
448 3842 515 3892 Λ.
553 3838 633 3892 Μ.
655 3855 720 3892 ea:
743 3838 853 3892 uade
880 3837 1097 3894 Christi.
1124 3837 1366 3901 Oxoniat,
1391 3853 1418 3890 e
1441 3835 1639 3888 theatro

112 3929 559 3999 δίιιιίιίοιι.1703,ξ8.
580 3931 736 3986 Alter
754 3930 938 3985 titulus
960 3951 971 3985 :
998 3929 1106 3984 Τοῦ
1122 3929 1293 3997 ἁγίου
1310 3929 1527 3983 Ἰουστί
1533 3944 1639 3980 νου

121 4022 395 4093 Ἀπολογία
429 4022 690 4090 δευτέρα
716 4023 866 4091 ὑπὲρ
897 4018 1284 4091 Χριστιανῶν,
1309 4021 1499 4087 Λόγος
1531 4033 1640 4073 πα-

108 4118 387 4183 νωνετικὸς
406 4117 559 4186 πρὸς
585 4118 914 4183 Ἕλληνας,
939 4115 1128 4184 Λόγος
1142 4112 1292 4181 πρὸς
1309 4112 1637 4181 Ἕλληνας,

110 4206 220 4274 Περὶ
242 4211 585 4278 μοναρχίας.
624 4208 717 4260 Ἐκ
739 4207 986 4275 θεάτρου
1009 4206 1079 4258 ἐν
1105 4204 1359 4272 Ὀξονίᾳ,
1376 4205 1492 4259 ἔτει
1514 4208 1641 4258 θεοε-

108 4303 276 4367 γονίας
296 4306 463 4373 ,αφ-γ’.
486 4302 750 4371 Impensis
772 4300 903 4355 Tho.
932 4298 1150 4363 Bennet,
1168 4298 1237 4351 ad
1256 4299 1452 4366 insigne
1477 4294 1638 4351 Luna:

112 4392 307 4451 Falcatte
333 4398 386 4451 in
404 4396 715 4453 Cmmeterio
738 4394 801 4448 D.
824 4392 984 4447 Pauli
994 4434 1008 4456 ,
1028 4391 1275 4447 Londini.
1300 4389 1536 4444 Plurima
1570 4390 1637 4443 ad

111 4487 223 4543 hunc
264 4489 452 4545 librum
497 4486 731 4545 contulit
766 4485 1033 4548 Grabius,
1087 4484 1266 4539 editor
1314 4497 1414 4538 suo
1465 4482 1641 4538 Marte

109 4593 245 4644 pauca
284 4581 445 4637 dedit.
481 4581 566 4636 Ad
600 4579 937 4642 Paraenesiu,
988 4585 1044 4631 ut
1081 4577 1133 4631 in
1178 4575 1501 4647 praat‘atione
1548 4590 1636 4631 re-
1668 4562 1713 4620 Ῑ)

108 4665 209 4732 fert.
230 4670 327 4727 duo
347 4672 697 4727 bibliothecae
722 4671 904 4741 Regina
925 4667 1249 4724 Parisiensis
1268 4668 1485 4722 codices
1511 4665 1635 4721 tosti

108 4759 274 4829 (hodie,
302 4772 356 4818 ιιι
397 4773 657 4820 accurate
699 4763 1025 4833 inquirendo
1063 4762 1313 4830 cognovi,
1348 4774 1502 4814 num.
1531 4758 1629 4813 451

107 4864 149 4908 et
169 4854 256 4911 174
276 4856 549 4928 insigniti;
594 4836 745 4911 illum
781 4864 941 4909 vocat
970 4869 1072 4909 ms.
1102 4852 1235 4922 Reg.
1267 4851 1318 4916 l,
1365 4852 1509 4905 hunc
1537 4854 1634 4906 de-

109 4947 437 5015 signatverbis
460 4965 563 5005 ms.
592 4948 725 5018 Reg.
750 4947 803 5017 2)
826 4948 1085 5003 lectiones
1104 4944 1471 5014 praebuerunt,
1497 4958 1633 5013 quas

109 5041 296 5099 Ilichael
324 5045 566 5117 Lequien
596 5046 979 5102 transmiserat
1000 5023 1222 5098 Thomas
1243 5040 1475 5106 Creech,
1518 5040 1633 5095 edi-

109 5132 271 5191 tionem
296 5136 496 5195 Justini
523 5137 779 5207 martyris
800 5136 1048 5207 paranti:
1083 5143 1201 5203 post
1225 5134 1379 5203 cujus
1406 5140 1637 5187 mortem

108 5238 206 5281 cum
227 5228 276 5284 in
300 5245 492 5287 manus
514 5230 735 5287 Roberti
760 5229 1163 5292 Bartholounei,
1188 5226 1399 5296 collegii
1424 5223 1639 5280 Lincolo

111 5318 279 5379 niensis
303 5325 461 5392 socii,
491 5324 790 5389 venissent,
816 5324 1033 5379 easdem
1078 5321 1168 5377 ille
1199 5336 1323 5375 cuin
1364 5317 1637 5373 Hutchino

111 5413 511 5470 communicavit.
544 5413 642 5470 Hic
667 5428 795 5469 vero
826 5423 1030 5469 tantum
1063 5414 1273 5476 aberat,
1299 5420 1357 5464 ut
1388 5410 1636 5465 codicum

113 5502 572 5572 antiquissimorum
639 5505 900 5561 lectiones
953 5507 1020 5559 ad
1085 5514 1290 5561 textum
1352 5502 1639 5557 adhiberet

112 5594 490 5665 emendandum,
522 5606 583 5651 ut
611 5596 664 5654 in
692 5596 1102 5653 adnotationem
1128 5611 1222 5654 eas
1252 5594 1535 5664 relegaret.

830 407 1201 464 EXCERPTA
1236 406 1326 460 EX
1363 402 1829 461 PREFATIONE
1874 400 2195 457 EDITORIS
2234 399 2566 458 IENENSIS.

3216 402 3322 458 9.10

1821 523 2019 579 Justini
2078 521 2333 593 operibus
2386 522 2615 577 Omnia:
2665 522 2817 592 prelo
2860 521 3167 577 commissis
3208 523 3323 577 haec

1751 630 1967 685 quoque
2009 616 2175 669 editio
2205 616 2527 671 'conformis
2572 623 2692 671 est:
2750 614 2812 671 S.
2852 615 3051 669 Justini
3100 614 3229 681 phil.
3273 624 3325 669 et

1752 716 1910 760 mart.
1942 724 2060 761 cum
2092 706 2365 777 Tryphone
2418 709 2609 764 Judazo
2644 707 2917 777 Dialogus,
2974 722 3091 760 cum
3129 704 3324 760 Latina

1749 802 1976 857 Joannis
2018 800 2185 873 Longi
2212 805 2449 858 versione
2480 802 2883 874 quamplurimis
2908 802 2963 855 in
2991 801 3119 856 locis
3150 816 3323 854 corre-

1749 900 1870 955 cta;
1902 892 2189 961 subjunctis
2214 895 2665 947 emendationibas
2705 903 2753 946 et
2792 892 2928 945 notis
2965 889 3176 945 Roberti
3200 890 3321 943 Ste—

1748 984 1928 1050 phani,
1980 982 2256 1047 Perionii,
2288 982 2594 1055 Sylburgii,
2634 985 2931 1047 llalloixii,
2980 982 3319 1048 Montacutii,
3388 1044 3391 1047 η

1752 1069 1953 1135 Drusii,
1990 1072 2291 1139 Coloniesii,
2334 1075 2503 1141 Cavii,
2532 1076 2699 1141 Balli,
2739 1074 2942 1141 Grabii,
2984 1076 3325 1145 pluribusque

1749 1162 1893 1216 novis
1928 1164 2159 1230 additis;
2197 1169 2419 1222 annexis
2458 1170 2672 1236 insuper
2705 1170 2774 1223 ad
2798 1170 2994 1224 calcem
3023 1171 3323 1225 adnotatio-

1748 1254 1899 1309 nibus
1946 1257 2106 1327 Langi
2132 1268 2178 1312 et
2206 1258 2510 1324 Kortholti;
2536 1263 2823 1330 prtemissis
2847 1278 2967 1317 vero
2994 1261 3165 1332 Langi
3181 1279 3323 1333 pra'-

1751 1345 1997 1415 futione,
2045 1366 2149 1418 qua
2207 1366 2467 1405 summam
2524 1353 2684 1422 hujus
2736 1352 2949 1423 Dialogi
3005 1354 3269 1408 enarravit
3304 1395 3319 1413 ,

1746 1440 1992 1511 Actisque
2038 1444 2280 1513 martyrii
2330 1442 2391 1498 S.
2422 1444 2627 1499 Justini
2662 1455 2712 1500 et
2749 1447 3034 1501 sociorum.
3084 1445 3245 1499 Edita
3289 1464 3322 1499 a

1747 1533 1991 1588 Samuele
2023 1533 2177 1589 Jebb.
2222 1534 2485 1591 Laudini:
2531 1538 2779 1606 impensis
2818 1536 2944 1593 Gul.
2976 1546 3025 1590 et
3064 1536 3193 1590 Joh.
3227 1536 3319 1590 In-

1746 1641 1863 1695 nys,
1898 1625 2302 1691 bibliOpolarum
2340 1626 2774 1682 Lonttinensium.
2801 1629 2960 1693 1719,
2998 1630 3051 1683 8.
3091 1628 3185 1682 Vir
3223 1630 3319 1683 do-
3350 1668 3353 1671 λ

1745 1724 1864 1771 ctus
1896 1717 1947 1771 itt
1970 1718 2179 1773 edendo
2214 1716 2315 1773 hoc
2345 1717 2571 1789 Dialogo
2592 1719 2779 1775 Grabii
2808 1730 2862 1774 et
2887 1720 3140 1775 llutchini
3176 1722 3316 1773 viam

1748 1808 2027 1880 ingressus
2060 1819 2178 1877 est;
2211 1810 2363 1866 ineo
2394 1819 2600 1865 tantum
2649 1813 2716 1867 ab
2761 1812 2869 1866 illis
2922 1811 3126 1875 dilfcrt,
3172 1813 3319 1882 quod

1744 1900 2099 1970 paucissimas
2128 1911 2284 1957 notas
2305 1916 2507 1972 easque
2543 1902 2656 1957 fere
2687 1917 2905 1973 semper
2932 1919 2999 1960 ex
3026 1902 3320 1973 Sylhurgio

1741 1992 2090 2062 depromptas
2121 1994 2337 2065 adjecit.
2374 1993 2431 2047 ltt
2464 1995 2784 2062 praefatione
2830 1996 2897 2049 de
2926 2005 3175 2066 tempore
3208 2012 3318 2065 quo

1741 2086 1989 2157 dialogus
2035 2087 2257 2142 habitus
2290 2088 2387 2152 sit,
2431 2089 2671 2143 breviter
2716 2089 2961 2153 disserit,
3014 2090 3067 2143 in
3111 2089 3317 2144 calcem

1742 2193 1872 2231 vero
1892 2184 1967 2247 (p.
1986 2178 2093 2231 405
2116 2180 2264 2248 sqq.)
2290 2176 2592 2245 fragmenta
2617 2179 3025 2249 deperditorum
3048 2193 3114 2233 ex
3131 2178 3316 2233 Grabii

1743 2269 2020 2341 Spicilegio
2045 2268 2143 2325 SS.
2178 2269 2399 2324 Patrum
2433 2272 2613 2326 surculi
2655 2272 2878 2327 secundi
2916 2272 3115 2341 (Oxon.
3154 2272 3316 2332 1700,

1742 2360 1820 2428 8),
1852 2377 1905 2431 p.
1936 2361 2033 2415 171
2066 2376 2187 2429 sqq.
2222 2360 2525 2427 ll‘nﬂSlttlil,
2554 2362 2758 2417 omisso
2791 2371 2971 2416 tamen
3010 2359 3315 2431 fragmento

1742 2453 1805 2507 de
1836 2452 2230 2507 resurrectione.

1812 2542 1963 2597 Novo
1999 2543 2224 2611 posthac
2268 2542 2466 2597 vestitu
2510 2542 2830 2612 prodierunt
2856 2542 3059 2597 Justini
3095 2540 3227 2610 phil.
3267 2553 3315 2595 et

1741 2643 1900 2689 mart.
1940 2634 2205 2702 Apologia?
2233 2633 2354 2687 dua:
2382 2643 2429 2688 et
2464 2633 2721 2702 Dialogus
2757 2650 2876 2687 cum
2903 2633 3176 2703 Tryphone
3214 2632 3316 2685 Ju-

1742 2722 1876 2776 dteo.
1922 2722 2054 2776 Cum
2102 2726 2237 2780 notis
2276 2735 2323 2780 et
2346 2726 2794 2779 emendationibus
2838 2724 3027 2795 Styani
3073 2724 3314 2778 Thirloii.

1741 2813 1995 2881 Londini,
2023 2816 2271 2885 impensis
2313 2815 2562 2870 Richardi
2593 2818 2748 2881 Sare,
2770 2818 2932 2884 juxta
2970 2828 3177 2886 portum
3218 2833 3315 2870 au-

1742 2908 1956 2961 stralem
2006 2905 2238 2976 Hospitii
2283 2906 2524 2971 Greiani,
2570 2908 2626 2961 in
2679 2910 2789 2961 vico
2832 2908 2973 2963 dicto
3013 2907 3310 2963 Holbourn.

1749 2997 1904 3064 Περ,
1947 2999 2039 3055 fol.
2080 2999 2209 3067 maj.
2246 2998 2313 3055 Ut
2360 2999 2634 3069 ipsissima
2680 3000 2824 3056 illius
2855 3000 3019 3055 verba
3066 3001 3171 3055 huc
3228 3015 3314 3053 re-

1744 3091 1970 3147 ducam:
2026 3109 2046 3143 s
2091 3092 2317 3149 Codices
2350 3110 2479 3150 mss.
2508 3125 2578 3135 —
2608 3095 2788 3165 inquit
2816 3094 2867 3151 in
2897 3096 3217 3165 priefatione
3246 3123 3315 3134 —-

1747 3185 1937 3241 horum
1965 3186 2293 3255 scriptorum
2316 3184 2515 3243 Justini
2563 3189 2616 3243 in
2652 3188 2838 3258 Anglia
2872 3188 3003 3243 nulli
3032 3197 3175 3251 sunt,
3216 3204 3314 3244 ne-

1743 3294 1849 3347 que
1902 3280 2029 3334 alibi
2078 3280 2316 3351 gentium
2360 3296 2612 3351 nsquam,
2656 3282 2801 3351 quod
2849 3281 3070 3351 quidem
3118 3282 3313 3345 sciam,

1742 3382 2104 3443 przeterquam
2151 3372 2206 3426 in
2262 3372 2479 3436 Gallia,
2545 3374 2635 3428 uhi
2692 3378 2799 3431 duo
2861 3383 3028 3436 sunt,
3083 3390 3314 3445 quorum

1744 3464 2027 3532 utriusque
2078 3474 2391 3519 accuratam
2431 3464 2773 3523 collationem
2826 3466 2959 3520 mihi
3008 3466 3315 3535 desponde-

1744 3570 1902 3621 ratu;
1961 3554 2162 3625 alioqui
2212 3570 2487 3625 nunquam
2536 3570 2669 3612 sane
2723 3556 2851 3612 huic
2892 3558 3044 3626 operi
3092 3573 3314 3612 manum

1742 3649 2125 3705 admovissem.
2154 3648 2353 3705 Verum
2372 3649 2595 3717 accidit,
2620 3650 2847 3705 duorum
2873 3651 3312 3705 doctissimorum

1744 3739 2047 3806 hominum,
2078 3756 2307 3811 quorum
2331 3756 2495 3814 opera
2524 3743 2589 3796 ad
2619 3757 2736 3797 eam
2769 3757 2882 3798 rem
2907 3758 3105 3799 usurus
3137 3758 3312 3809 eram,

1742 3839 1970 3894 alterius
2014 3839 2307 3895 immatura
2333 3848 2530 3902 morte,
2568 3838 2793 3894 alterius
2832 3840 3095 3911 temporis
3143 3854 3318 3907 angn-

1741 3933 1880 3998 SIiis,
1908 3941 1966 3986 ut
2002 3932 2136 3987 nihil
2167 3932 2401 3987 obtineri
2432 3942 2617 4003 posset
2638 3931 2897 4001 antplius,
2930 3947 3093 4001 quam
3124 3942 3179 3985 ut
3213 3931 3315 3987 loci

1740 4025 1961 4097 quidam
1994 4025 2176 4081 selecti
2227 4040 2351 4081 cum
2402 4040 2512 4080 uno
2566 4040 2756 4080 eorum
2802 4024 3201 4080 conferrentur.
3259 4024 3313 4076 In

1740 4133 1849 4190 quo
1886 4118 2004 4187 ipso
2029 4120 2130 4173 hoc
2155 4120 2377 4187 insuper
2405 4119 2639 4173 accessit
2671 4117 2975 4183 infortunii,
3011 4128 3069 4169 ut
3102 4116 3149 4170 is
3178 4130 3318 4168 unus

1741 4215 1873 4279 (quo
1901 4225 2031 4265 casu
2062 4210 2145 4264 vel
2172 4225 2361 4265 errore
2391 4212 2598 4274 nescio,
2630 4210 2738 4266 nisi
2772 4223 3013 4281 agnosco
3042 4206 3314 4263 fortunam

1742 4302 1957 4370 meam)
2008 4301 2098 4356 ille
2152 4312 2332 4368 esset,
2382 4302 2524 4358 unde
2572 4301 2792 4356 Roberti
2842 4300 3105 4368 Stephani
3146 4298 3315 4352 editio

1740 4407 1995 4463 expressa
2025 4405 2131 4459 est,
2163 4402 2222 4448 ut
2245 4394 2469 4451 minime
2506 4395 2704 4449 mirum
2729 4394 2827 4459 sit,
2867 4394 2912 4448 si
2960 4392 3059 4447 ista
3089 4390 3312 4449 collatio

1739 4498 1847 4538 non
1874 4485 1945 4538 ita
1979 4485 2206 4539 multum
2240 4486 2396 4540 nobis
2426 4485 2811 4556 profuit(5-6).
2848 4484 3101 4540 Destituti
3130 4484 3317 4554 itaque

1740 4586 1957 4646 sperato
1985 4578 2231 4632 codicum
2255 4578 2480 4644 auxilio,
2502 4579 2797 4634 editionem
2818 4578 3082 4648 Stephani
3101 4591 3315 4633 summa

1742 4670 1849 4724 fide
1871 4670 2216 4740 etdiligentia
2243 4671 2605 4725 exhibendam
2626 4671 2898 4726 duximus.
2927 4689 2945 4722 ο
2985 4670 3206 4726 Addidit
3232 4671 3317 4725 vir

1738 4762 1933 4816 doctus
1966 4763 2271 4818 versionem
2315 4761 2509 4818 Joann.
2540 4763 2730 4833 Langi,
2777 4764 2874 4819 sed
2923 4763 3154 4820 multum
3192 4780 3313 4818 mu-

1742 4862 1935 4908 tatam.
1972 4853 2224 4925 Magnunt
2259 4870 2422 4924 porro
2453 4855 2695 4911 laborem
2745 4855 3009 4924 impendit
3038 4855 3090 4908 itt
3124 4854 3316 4908 confe-

1742 4945 1927 4999 rendis
1966 4944 2098 4998 locis
2142 4945 2438 5014 Scripturze
2480 4960 2601 5000 cum
2634 4946 2970 5001 editionibus
3013 4944 3313 5001 Bibliorum

1740 5044 1795 5088 et
1822 5031 2091 5089 Patribus.
2130 5033 2400 5090 Praeterea
2434 5037 2604 5091 textui
2636 5036 2916 5106 suhjunxit
2946 5034 3175 5089 aliorum
3207 5050 3307 5087 no-

1743 5134 1843 5191 tas,
1877 5127 2104 5181 adnexis
2128 5129 2349 5197 insuper
2365 5130 2433 5183 ad
2458 5129 2662 5184 calcent
2686 5128 3128 5184 adnotationibus
3145 5127 3312 5182 Pear-

1742 5220 1857 5275 soni
1889 5230 1944 5276 et
1967 5220 2161 5276 .loann.
2188 5222 2427 5289 Davisii;
2453 5222 2560 5278 illa:
2594 5221 2983 5277 Pearsoniana:
3016 5236 3160 5275 nunc
3198 5221 3313 5288 pri-

1743 5327 1888 5367 mum
1933 5328 2001 5368 ex
2050 5316 2376 5371 bibliotheca
2418 5317 2567 5385 regia
2604 5313 3041 5382 Cantabrigiensi
3094 5311 3314 5381 prodie-

1746 5416 1893 5470 runt,
1950 5409 2033 5462 ha:
2084 5409 2161 5473 (in
2195 5409 2507 5478 Apologiam
2539 5408 2791 5474 primam)
2820 5423 2848 5458 a
2889 5406 3104 5459 Davisio
3154 5415 3315 5459 erant

1746 5497 1888 5551 ultro
1920 5500 2117 5566 missae,
2157 5501 2314 5553 simul
2350 5511 2405 5553 ut
2440 5502 2751 5554 ederentur.
2793 5497 3069 5550 Thirlbius
3100 5506 3315 5564 autem,

1740 5602 1965 5647 caeteros
1996 5594 2235 5649 editores
2278 5591 2476 5647 Justini
2506 5594 2835 5655 Anglicanus
2868 5592 3304 5653 supereminens.

165 5770 293 5848 (5-6)
324 5775 507 5832 Codex
557 5778 646 5835 ille
684 5786 887 5843 mstus,
920 5793 1083 5848 quem
1115 5779 1177 5835 ν.
1214 5777 1276 5833 υ.
1308 5774 1693 5835 consulendum
1731 5773 1985 5841 curavit,
2038 5774 2139 5831 fuit
2183 5774 2637 5831 Claromontanus
2662 5810 2676 5836 ,
2724 5770 2895 5842 Regio
2942 5785 2973 5827 a
3032 5769 3313 5840 Stephano

118 5844 228 5910 typis
255 5844 526 5916 descripto
554 5844 986 5906 consimillitnus.
