3764 6490
444 400 539 456 211

1360 402 1420 457 S.
1453 400 1787 458 JUSTINUS
1820 385 2299 454 PHILOSOPHUS
2330 396 2418 451 ET
2454 397 2764 457 MARTYR.

3573 390 3677 446 212

444 516 498 571 in
534 532 630 572 sua
668 519 905 576 editione
945 534 1109 576 multa
1144 524 1406 591 przeclara
1434 524 1688 594 prmstitit
1731 524 2017 577 doctrin:e~
2048 537 2087 586 Α
2123 535 2179 574 se
2226 520 2281 574 in
2322 521 2688 575 exscribeudo
2730 518 3004 589 Apologiw
3036 516 3095 571 11
3131 525 3279 573 textu
3311 514 3677 570 Thirlhianam

442 625 549 679 que
598 610 741 664 haud
793 612 1033 682 vulgaris
1084 617 1321 682 prodidit
1377 618 1736 680 documenta;
1770 617 1863 684 qui
1914 616 2012 668 etsi

444 701 606 756 nullis
649 703 949 758 instructus
989 708 1270 761 codicibus
1306 710 1462 763 mstis
1505 710 1573 762 ad
1621 723 1730 762 rem
1763 709 2012 771 accessit,

444 801 623 845 tamen
672 793 951 864 ingeniose
1006 798 1276 855 interdum
1330 801 1639 854 emendavit
1687 799 2015 870 sustulitqne

444 884 570 935 vitia
597 886 828 953 exempli
853 887 1245 958 Stepltauiaui:
1287 892 1379 947 sed
1411 893 1574 946 nimia
1602 894 1827 947 sanandi
1864 894 2016 962 cupi-

441 974 613 1029 ditate
643 976 929 1042 adductus,
974 997 1352 1050 smpenumero
1390 985 1555 1038 etiam
1588 984 1732 1039 locos
1773 986 2016 1055 integros

444 1068 693 1129 tentavit,
742 1083 900 1136 quos,
951 1081 1275 1142 anteaqnam
1319 1089 1481 1129 sanos
1506 1091 1625 1130 esse
1657 1092 1752 1132 eos
1798 1078 2015 1134 intelle-

444 1156 543 1220 xit,
579 1157 736 1211 veluti
772 1171 1058 1229 corruptos
1096 1177 1263 1217 ausus
1307 1165 1379 1217 sit
1420 1168 1731 1224 emendare.
1780 1169 2010 1224 Contro-

440 1248 651 1302 versias
681 1264 810 1303 vero
844 1251 1178 1322 theologicas
1205 1255 1409 1324 Optimo
1444 1256 1568 1326 jure
1613 1261 1861 1328 nuspiam
1889 1261 2015 1316 atti-

439 1340 534 1407 git.
564 1341 700 1394 Sunt
731 1351 868 1397 teste
892 1342 1134 1400 llarlesio
1159 1347 1212 1401 in
1248 1347 1477 1402 Fabricii
1515 1348 1768 1408 Bibliolh.
1809 1350 1928 1420 Gn,
1974 1353 2010 1406 1.

440 1448 490 1485 c.
516 1473 530 1493 .
563 1436 617 1501 p.
668 1433 755 1499 58,
805 1435 897 1504 qui
941 1438 1041 1490 sub
1074 1438 1308 1493 Thirlhii
1346 1442 1569 1495 nomine
1594 1441 2010 1512 jhlarklandmn,

440 1526 769 1593 philologum
799 1528 1238 1596 celeberriumm,
1277 1542 1467 1601 putent
1510 1535 1755 1590 latuisse.
1785 1566 1853 1575 —
1883 1537 2015 1591 Aui-

441 1618 841 1675 inadversioues
874 1623 924 1676 in
955 1621 1153 1678 Justini
1189 1636 1353 1680 mart.
1378 1629 1687 1700 Apologiam
1720 1630 1770 1696 Ι,
1807 1640 1860 1685 et
1887 1630 2013 1684 Dia-

438 1711 615 1776 logum
648 1728 695 1767 c.
724 1711 922 1783 Tryph.
952 1733 1017 1769 ex
1049 1718 1290 1772 editione
1330 1720 1645 1775 Thirlbiaua
1675 1723 1767 1776 dat
1804 1738 2012 1794 anony—

442 1818 562 1854 mus
584 1805 891 1873 seriptorin
915 1807 1246 1863 .iliscellann.
1273 1811 1657 1868 observationn.
1688 1814 1739 1867 in
1766 1824 2014 1869 auctores

2117 616 2455 678 editionem,
2486 612 2910 681 Stephanianam
2958 611 3009 664 in
3059 610 3199 664 libro
3247 609 3322 664 De
3378 611 3675 662 monarchia

2116 716 2361 760 secutum
2394 720 2535 759 esse.
2583 704 2735 770 Quod
2786 716 2968 759 autem
3013 708 3079 759 ad
3122 704 3430 771 Apologiam
3470 702 3675 765 attinet,

2116 797 2411 852 nonnullas
2444 796 2651 865 recepit
2680 794 2910 849 Thirlbii
2959 806 3017 851 et
3061 795 3267 849 Marani
3318 795 3655 863 conjecturas

2188 887 2248 944 S.
2289 889 2487 943 .lustini
2538 899 2698 943 mart.
2759 898 2806 941 et
2856 886 2987 955 phil.
3044 886 3334 956 Apologia'.
3385 885 3566 938 Edidit
3617 891 3670 937 1.

2117 980 2246 1035 Wil.
2275 981 2391 1034 los.
2434 979 2703 1033 Braunius
2724 1021 2740 1046 ,
2765 980 2818 1033 in
2859 980 3095 1033 univers.
3129 976 3427 1032 Fridericia
3456 975 3675 1030 Wilhel-

2115 1074 2223 1127 mia
2287 1072 2538 1127 Rhenana
2588 1072 2857 1142 professor
2918 1072 3158 1141 publicus
3193 1070 3675 1134 extraordinarius,

2113 1186 2161 1223 s.
2210 1169 2483 1237 theologia:
2524 1177 2572 1221 et
2616 1166 2809 1237 philos.
2855 1165 2920 1219 υ.
2962 1164 3028 1219 In
3069 1181 3223 1218 usum
3260 1163 3670 1233 prwlectionum.

2116 1265 2315 1320 Bonna:
2341 1265 2411 1316 ad
2438 1261 2700 1325 Rhenum,
2732 1240 2979 1329 impensis
3025 1259 3087 1315 Τ.
3121 1258 3399 1313 Habichti.
3433 1255 3596 1318 l8'50.
3624 1257 3676 1310 8.

2117 1355 2350 1410 Erndita:
2374 1354 2534 1424 hujus
2559 1353 2815 1408 editionis
2840 1362 3021 1407 textus
3046 1351 3112 1405 ad
3144 1349 3347 1404 Marani
3374 1348 3676 1415 exemplum

2114 1460 2404 1515 expressus
2450 1454 2567 1509 est;
2620 1441 2845 1508 adjectae
2900 1452 3026 1497 sunt
3078 1440 3298 1495 Braunii
3341 1440 3679 1507 aliorumque

2116 1536 2617 1591 animadversiones
2642 1576 2656 1601 ,
2707 1535 3003 1589 lectionum
3028 1535 3268 1589 varietas
3295 1542 3350 1587 et
3390 1531 3552 1587 iudex
3600 1546 3679 1585 re-

2118 1644 2235 1682 rum
2261 1668 2277 1694 ,
2322 1630 2600 1697 prtemissa
2633 1643 2761 1682 vero
2811 1626 2976 1681 Prud.
3018 1625 3225 1680 Maraui
3270 1625 3585 1680 sutnmaria.
3611 1652 3678 1663 -

2116 1718 2243 1775 Hmc
2291 1719 2628 1788 potissimum
2674 1718 2844 1772 editio
2894 1717 3187 1786 respicitur
3230 1716 3285 1770 iu
3322 1716 3677 1770 Animadver-

2117 1813 2359 1866 sionihus
2392 1812 2442 1865 iu
2474 1812 2703 1879 primam
2742 1807 2803 1864 S.
2832 1808 3031 1864 Justini
3070 1808 3140 1863 Μ.
3168 1808 3520 1879 Apologiam,
3545 1821 3680 1876 quas

442 1902 651 1947 veteres
696 1906 751 1947 et
787 1899 1116 1953 recentiores
1152 1900 1261 1955 vul.
1306 1898 1346 1965 1,
1397 1912 1529 1956 tom.
1578 1900 1644 1955 lll
1692 1903 2014 1972 (Amslehe-
2045 1910 2086 1962 Β
2114 1904 2161 1959 J.
2207 1904 2322 1973 lgn.
2353 1904 2554 1970 Ritter,
2602 1903 2724 1957 novi
2778 1903 3010 1957 rectoris
3055 1902 3357 1957 solemnem
3387 1901 3677 1968 inaugura-

440 1984 581 2036 danii
610 1986 769 2050 1752,
795 1988 850 2055 8)
874 2030 885 2047 .
921 2004 971 2056 p.
1007 1991 1109 2045 563
1146 2008 1265 2060 sqq.
1299 1992 1436 2046 Coll.
1472 1992 1536 2048 T.
1566 1993 1729 2047 How:
1771 1994 2011 2063 (Iritique

440 2094 506 2129 ou
535 2077 792 2147 'l‘hirlby’s
815 2080 998 2135 Justin
1021 2093 1224 2153 martyr
1247 2086 1333 2137 in:
1362 2085 1711 2140 (ientleman's
1736 2085 2014 2155 Magasine

437 2168 524 2235 for
554 2173 638 2223 the
668 2188 794 2239 year
820 2173 977 2235 1785,
1011 2191 1080 2228 In.
1117 2186 1251 2243 sept.
1278 2218 1291 2241 ,
1323 2192 1373 2244 p.
1410 2176 1512 2230 750
1532 2193 1651 2245 sqq.

512 2262 563 2314 In
602 2266 828 2319 Andreae
857 2264 1125 2321 Gallaudii
1160 2267 1486 2323 Bibliotheca
1523 2284 1750 2323 veterum
1790 2269 2013 2323 Patrum

438 2359 873 2428 antiquorumque
909 2360 1226 2425 scriptorum
1264 2363 1738 2416 ecclesiasticarum
1771 2363 2015 2416 continet

439 2459 568 2504 tom.
604 2449 911 2513 IlVenetiis
954 2451 1112 2518 1765,
1142 2453 1236 2506 l'nl.
1269 2455 1430 2524 maj.;
1470 2469 1534 2507 ex
1582 2455 1930 2525 typographia
1960 2453 2008 2508 J.

440 2542 593 2610 llapt.
627 2543 845 2597 Albritii
894 2543 1119 2598 Hieron.
1156 2545 1232 2597 lil.
1258 2545 1276 2615 )
1304 2588 1317 2609 ,
1373 2561 1425 2612 ιι.
1467 2546 1563 2598 ill
1620 2562 1766 2614 sqq.,
1812 2544 2010 2598 Jnstiui

437 2637 717 2703 Apologias
737 2677 753 2698 ,
799 2635 1080 2705 Dialogum
1110 2647 1156 2689 et
1188 2637 1507 2706 Fragmenta
1540 2638 1721 2691 Cra'ce
1749 2649 1797 2691 et
1830 2637 2012 2693 Latine

439 2742 561 2777 cum
610 2726 814 2779 Μία-εειιί
872 2728 1356 2791 adnutatimtibus,
1426 2730 1626 2797 quibus
1679 2732 1870 2782 doetus
1924 2728 2013 2782 ille

436 2818 721 2887 presbyter
782 2806 1220 2888 congregationis
1275 2820 1515 2875 Oratorii
1574 2836 1774 2890 paucas
1834 2820 2011 2885 alias,

438 2912 735 2975 pnesertim
762 2910 1131 2976 Thirlbiauas,
1163 2914 1413 2981 aspersit.

504 3002 815 3056 Commoda:
869 3013 997 3057 sunt
1052 3014 1109 3058 et
1159 3006 1581 3074 compendiarite
1637 3006 2010 3075 Apologiarum

435 3092 702 3146 editiones
746 3093 954 3147 haecce:

507 3182 565 3239 S.
598 3183 799 3237 Justini
830 3194 988 3239 mart.
1020 3187 1286 3257 Apologite
1316 3205 1343 3241 e
1376 3190 1673 3243 recensione
1712 3187 2008 3250 Crabiana,

2117 1999 2318 2053 tionem
2390 1997 2675 2059 indicens,
2722 1994 3064 2049 Vratislaviaa
3105 1994 3249 2064 typis
3290 1991 3681 2047 Universitatis

2118 2090 2277 2155 1856,
2307 2092 2359 2154 tl,
2390 2089 2589 2159 publici
2617 2087 2759 2156 juris
2790 2088 2939 2142 fecit.

2189 2183 2315 2238 llzec
2342 2184 2408 2237 de
2440 2182 2770 2237 editionihus
2797 2182 2939 2236 dicta
2985 2189 3164 2234 sunto.
3189 2177 3379 2233 Liceat
3402 2176 3517 2244 jam
3549 2192 3681 2230 non-

2116 2274 2259 2327 nulla
2290 2274 2489 2328 addere
2518 2274 2585 2328 de
2613 2272 2855 2343 Epistula
2884 2273 2954 2325 ad
2987 2271 3293 2340 Diognetum
3313 2308 3329 2332 ,
3366 2269 3433 2322 de
3469 2268 3679 2337 prolixo

2114 2366 2251 2434 Περὶ
2298 2364 2689 2431 ἀναστάσεως
2731 2365 3037 2433 fragmento
3082 2374 3139 2418 et
3181 2363 3246 2417 de
3296 2360 3682 2431 Martyrologio

2120 2460 2183 2529 (i.
2215 2474 2266 2513 e.
2293 2459 2359 2512 de
2384 2458 2536 2513 Actis
2560 2457 2828 2528 martyrii)
2856 2454 3079 2511 Justini.

2190 2548 2425 2616 Epistula
2468 2551 2538 2604 ad
2590 2550 2907 2619 Diognetum
2954 2563 3022 2602 ex
3081 2547 3288 2604 Maroni
3336 2547 3579 2602 editione
3627 2546 3682 2600 in

2117 2643 2495 2698 Bibliothecam
2540 2639 2954 2697 Gallandianam
3012 2651 3144 2696 tom.
3194 2642 3250 2705 Ι,
3306 2657 3361 2711 p.
3409 2639 3519 2694 320
3557 2655 3679 2709 sqq.

2118 2736 2353 2799 transiit,
2382 2750 2480 2789 uec
2513 2749 2617 2788 non
2649 2743 2826 2788 exstat
2853 2735 3001 2789 brevi
3033 2733 3385 2789 adnotatione
3417 2733 3683 2786 instructa

2115 2832 2167 2883 iu
2220 2827 2441 2897 Opuscc.
2495 2825 2712 2881 Patrum
2760 2810 2957 2881 selectt.
3005 2824 3196 2897 [edid.
3243 2824 3445 2893 Georg.
3504 2822 3680 2894 Bohl]

2114 2937 2165 2991 p.
2196 2937 2212 2975 ι
2242 2921 2515 2991 (Berolini
2561 2920 2731 2983 1826,
2764 2919 2829 2983 8,
2857 2919 3108 2973 venditur
3135 2918 3203 2971 ab
3235 2917 3294 2971 E.
3328 2916 3679 2985 Franclino).

2114 3032 2165 3085 p.
2193 3013 2295 3069 121
2322 3030 2443 3083 sqq.
2476 3023 2639 3082 atque
2684 3011 2737 3065 in
2781 3011 3001 3064 Patrum
3058 3009 3478 3076 apostolicoruus
3515 3006 3677 3076 θίγῃ..

2112 3104 2285 3161 edidit
2323 3104 2553 3159 Carolus
2602 3103 2872 3172 Joseplms
2912 3101 3132 3164 Helele,
3182 3100 3470 3169 theologia:
3496 3102 3686 3155 doctor

2113 3198 2464 3266 ejusdemque
2524 3198 2577 3250 in
2633 3196 2791 3249 acad.
2837 3194 3067 3265 'l‘ubing.
3114 3192 3177 3249 P.
3227 3193 3287 3251 P.
3345 3202 3489 3247 extr.
3553 3192 3687 3261 (Tu-

437 3290 546 3327 rar.
606 3276 726 3329 lect.
762 3285 814 3328 ct
856 3279 1185 3338 coniecturas
1236 3278 1353 3333 νγ.
1384 3280 1501 3334 DD.
1541 3292 1588 3333 et
1630 3298 1753 3334 suas
1805 3282 2008 3334 addidit
2038 3262 2079 3318 δ
2117 3262 2290 3355 liingm
2360 3262 2413 3341 i'n
2463 3287 2781 3356 bibliopolio
2850 3262 3040 3341 Henr.w
3092 3285 3277 3356 Laupp
3332 3286 3513 3353 1839,
3572 3285 3683 3351 8),

436 3364 768 3420 Christianus
785 3366 927 3421 Cuil.
951 3366 1359 3431 Thalemannus,
1382 3370 1447 3423 Α.
1472 3370 1545 3423 Μ.
1569 3380 1678 3427 ets.
1699 3372 1854 3425 theol.
1880 3371 2011 3425 Bac-

438 3458 543 3517 cal.
564 3457 758 3529 Lipsia’
788 3465 928 3528 apud
962 3461 1017 3516 J.
1056 3462 1183 3517 Chr.
1216 3461 1828 3533 Langen/temiuntl755,
1861 3466 1914 3519 8.
1954 3463 2009 3517 lu

436 3555 730 3609 lectionum
754 3571 907 3609 usum
932 3557 1070 3609 hanc
1100 3556 1392 3612 editionem
1427 3557 1681 3620 curavit;
1709 3572 1879 3626 quare
1914 3574 2013 3611 no-

438 3662 521 3703 tas
558 3650 791 3719 praebuit
833 3651 1214 3720 paucissimas.
1274 3671 1292 3702 r
1341 3651 1679 3706 Grabianum
1730 3652 2012 3721 exemplar

433 3752 718 3809 propterea
752 3740 1137 3811 praeplacebat,
1188 3743 1331 3811 quod
1378 3744 1429 3797 in
1466 3744 1707 3799 minores
1738 3746 2011 3800 seetiones

433 3845 553 3886 erat
577 3834 812 3887 divisum
844 3844 1009 3905 atque
1039 3836 1177 3889 adeo
1216 3835 1543 3891 lectionibus
1592 3834 1771 3907 magis
1796 3852 2011 3890 accom-

436 3926 731 3979 modatum.
768 3926 951 3980 Visum
983 3938 1161 3981 autem
1187 3936 1270 3980 est
1294 3928 1494 3981 nudum
1522 3937 1729 3983 textum
1760 3929 2008 3984 G‘rmcum

435 4017 554 4071 sine
575 4019 821 4072 versione
840 4020 1125 4083 exhibere,
1154 4028 1267 4072 tum
1294 4032 1354 4073 ut
1373 4021 1668 4090 parabilius
1686 4022 2009 4089 opusculum

432 4119 600 4173 esset,
631 4118 741 4162 tum
776 4120 833 4162 ut
860 4111 1138 4178 diligentia
1168 4124 1459 4167 acueretur
1482 4122 1647 4183 atque
1677 4115 2015 4168 excitaretur

452 4200 540 4265 iis,
592 4200 685 4267 qui
731 4200 948 4254 lectioni
980 4213 1035 4257 et
1073 4203 1427 4272 explicatioui
1464 4204 1582 4273 ejus
1612 4206 1813 4261 vellent
1837 4207 2011 4259 inter-

431 4306 575 4346 esse.
608 4311 627 4344 ι
660 4292 896 4348 Ρτωῦχίι
939 4306 1256 4365 argumenta
1307 4299 1587 4367 utriusque
1619 4300 1909 4368 Apalogiw,
1942 4314 2010 4353 ex

432 4383 675 4437 editione
708 4385 959 4439 monachi
1002 4388 1336 4441 Beuedictini
1377 4388 1718 4459 deprompta,
1754 4389 2007 4444 brevem—

430 4490 535 4541 que
585 4491 776 4528 vocum
806 4486 860 4529 et
900 4479 1177 4545 phrasium
1216 4481 1452 4534 indicem
1494 4482 1721 4536 addidit.
1774 4481 2009 4538 Perraro

431 4565 501 4619 γ.
537 4565 596 4619 D.
631 4567 877 4651 discessit
902 4586 931 4620 a
965 4571 1196 4625 lectione
1229 4573 1467 4642 vulgata.

501 4655 561 4710 S.
590 4657 788 4710 Justini
825 4658 956 4724 phil.
1002 4670 1051 4712 et
1088 4672 1245 4715 mart.
1277 4663 1550 4732 Apologia:
1571 4664 1691 4716 dua:
1716 4680 1812 4730 pro
1841 4664 2003 4718 Chri-

431 4750 638 4802 stianis.
683 4748 865 4803 Gra’ce
889 4762 937 4802 ct
988 4751 1210 4819 Latine,
1254 4755 1735 4822 interpretationem
1780 4759 1905 4813 Lat.
1936 4761 2013 4810 αα·

433 4839 620 4892 lirrrca
669 4844 844 4906 aptius
883 4845 1299 4898 accommodavit
1335 4857 1381 4897 et
1414 4850 1781 4901 adnotationes
1812 4849 2009 4915 adjecit

432 4933 655 4986 Carolus
680 4934 903 4990 Ashton.
929 4934 1238 5005 Cantabrig.
1279 4937 1438 5003 1768,
1461 4938 1514 4991 8.
1549 4938 1697 4994 Hauc
1727 4955 1855 4993 vero
1891 4940 2007 4995 edi-

433 5027 630 5079 tionem
665 5042 888 5094 prorsus
914 5044 1017 5081 non
1056 5029 1209 5082 licuit
1259 5030 1567 5095 asciscere;
1616 5034 1871 5100 quocirca
1900 5048 2004 5087 nou

433 5122 626 5184 habeo,
661 5136 783 5187 mue
807 5122 873 5174 de
903 5138 964 5175 ea
1000 5122 1250 5177 referam.

499 5213 748 5267 Justinus
794 5215 886 5267 des
929 5214 1220 5285 Martyrers
1263 5220 1438 5271 zweite
1478 5218 1733 5287 Apologia
1761 5221 1871 5271 und
1902 5219 2005 5273 Be-

428 5306 549 5357 weis
580 5305 674 5357 der
703 5303 1173 5377 Alleinherrschaft
1230 5308 1428 5363 Cottes.
1472 5310 1683 5364 Griech.
1716 5328 1770 5363 u.
1805 5314 2004 5366 leutsch

428 5398 520 5447 mit
541 5399 911 5450 erlriuternden
934 5398 1355 5469 Anmerkungen.
1382 5401 1545 5455 Nebst
1570 5405 1736 5456 einem
1751 5405 2007 5472 Anhange

428 5485 553 5537 uber
589 5490 685 5541 das
716 5487 885 5542 Leben
916 5530 930 5551 ,
981 5491 1065 5543 die
1113 5488 1383 5557 Schriften
1433 5493 1540 5545 und
1588 5493 1790 5547 Lehren
1836 5495 2004 5548 dieses

2115 3396 2165 3451 p.
2200 3380 2303 3434 125
2334 3396 2456 3449 sqq.

2188 3473 2260 3526 De
2290 3474 2664 3527 resurrectione
2695 3474 2870 3526 carnis
2902 3472 3287 3541 fragmentum,
3318 3485 3349 3523 a
3375 3469 3435 3524 S.
3476 3467 3687 3523 Joanne

2116 3566 2451 3619 Damasceuo
2482 3564 2535 3618 in
2570 3560 2855 3616 Parallelis
2885 3564 3049 3616 sacris
3084 3571 3358 3615 servatum
3383 3600 3399 3623 ,
3449 3561 3684 3630 primum

2112 3657 2302 3718 Latine
2328 3657 2502 3711 lucem
2542 3656 2676 3708 vidit
2704 3656 2754 3707 in
2801 3654 3119 3709 Damasceni
3151 3653 3419 3722 Operibns
3450 3669 3517 3708 ex
3562 3653 3685 3706 edi-

2114 3749 2261 3802 tione
2309 3744 2494 3801 Jacobi
2539 3746 2678 3800 Billii
2715 3746 2939 3799 Parisiis
2969 3761 3021 3799 a.
3050 3744 3222 3810 l6l9,
3276 3744 3373 3799 fol.
3408 3744 3565 3799 Haud
3608 3746 3683 3798 ita

2115 3841 2283 3894 multo
2314 3847 2438 3906 post
2467 3838 2660 3893 Petrus
2688 3837 2986 3891 Halloixius
3017 3838 3068 3890 in
3114 3834 3171 3891 S.
3219 3836 3424 3890 Justini
3464 3837 3598 3905 phil.
3636 3848 3686 3889 et

2114 3942 2269 3984 mart.
2305 3931 2427 3985 Vita
2450 3942 2498 3984 et
2530 3931 2857 3985 documentis
2888 3929 3077 3999 (Duaci
3110 3928 3267 3993 1622,
3296 3927 3441 3998 lol.),
3486 3944 3601 3982 rec.
3632 3932 3685 3981 in

2115 4023 2407 4076 Illustrium
2442 4021 2693 4075 Ecclesia:
2725 4021 3011 4077 Orientalis
3043 4021 3360 4088 scriptorum
3380 4060 3396 4084 ,
3441 4020 3536 4090 qui
3568 4037 3691 4072 san-

2113 4120 2289 4172 critate
2325 4114 2483 4184 juxta
2526 4124 2573 4166 et
2617 4113 2913 4166 eruditione
2961 4110 3187 4166 secundo
3240 4108 3443 4162 Christi
3488 4110 3691 4163 seculo

2110 4212 2435 4280 ﬂoruerunt,
2482 4205 2599 4260 vitis
2653 4215 2697 4258 et
2748 4203 3075 4257 documentis
3122 4200 3289 4270 (ibid.
3345 4215 3414 4253 ex
3468 4199 3689 4253 olﬁeina

2114 4299 2497 4372 typographica
2527 4296 2671 4351 Petri
2699 4295 2933 4366 Bogardi
2958 4292 3117 4358 1656,
3150 4292 3291 4357 lol.),
3320 4292 3505 4360 p.299
3532 4308 3689 4362 sqq.,

2110 4408 2176 4446 ex
2234 4388 2625 4443 Paralleloram
2686 4386 2876 4440 codice
2934 4392 3109 4449 mstn,
3161 4397 3323 4449 quem
3380 4382 3694 4436 cardinalis

2113 4485 2434 4538 Franciscus
2467 4480 2868 4551 Rupefucaldus
2898 4478 3244 4532 bibliotheca:
3275 4476 3496 4548 collegii
3528 4476 3691 4531 Pari-

2037 4599 2081 4652 ι)
2113 4577 2308 4629 sieusis
2338 4575 2627 4629 Societatis
2671 4572 2796 4627 Jesn
2829 4572 2972 4625 dono
3015 4566 3271 4635 dederat,
3308 4570 3693 4639 fragmentum

2111 4667 2237 4721 illud
2278 4666 2463 4719 Graece
2491 4680 2614 4719 cum
2663 4664 2850 4717 Latina
2894 4662 3144 4716 versione
3183 4662 3326 4732 typis
3363 4661 3694 4715 describen-

2109 4759 2231 4811 dum
2276 4756 2505 4810 curavit.
2533 4785 2599 4793 ——
2638 4754 2891 4808 Proxime
2935 4753 3002 4806 ab
3045 4752 3147 4805 hoc
3201 4750 3421 4820 repetiit
3448 4749 3500 4804 J.
3556 4750 3694 4805 Ern.

2108 4852 2340 4906 Grahius
2363 4850 2414 4902 iu
2460 4848 2737 4917 Spicilegio
2764 4846 2864 4902 SS.
2895 4846 3112 4899 Patrum
3144 4844 3324 4898 steeuli
3369 4860 3405 4898 ll
3460 4844 3691 4912 (Oxon.

2110 4938 2277 4999 1700,
2307 4937 2345 4992 8
2366 4938 2413 5006 ).
2447 4954 2496 5005 p.
2523 4937 2621 4990 l'i'l
2651 4953 2770 5006 sqq.
2824 4936 2950 4990 Inde
2983 4952 3050 4990 ex
3085 4935 3176 4988 illo
3198 4933 3391 4988 codice
3435 4934 3695 5002 llupelu-

2108 5031 2320 5084 caldino
2344 5029 2532 5083 Cra-ce
2560 5045 2623 5082 ac
2650 5028 2844 5082 Latine
2882 5028 3052 5082 edidit
3081 5027 3221 5080 inter
3252 5034 3450 5081 caetera
3482 5025 3695 5078 Pam!-

2109 5124 2206 5176 lela
2264 5121 2542 5176 Michaelis
2591 5121 2828 5189 Lequien
2870 5136 2883 5171 :
2931 5118 3154 5174 Joannis
3210 5118 3467 5172 Damasc.
3515 5117 3695 5187 0pp.,

2109 5226 2241 5268 tom.
2276 5213 2315 5268 ll
2362 5214 2573 5284 (Paris.
2608 5214 2766 5280 1712,
2813 5212 2907 5269 l‘ol.
2934 5214 2987 5282 ),
3021 5228 3073 5279 ιι.
3102 5210 3210 5265 756
3235 5225 3357 5279 sqq.
3390 5209 3594 5265 (ἕνεκα
3637 5221 3699 5264 et

2109 5306 2332 5372 Anglice
2370 5307 2621 5375 notisque
2659 5305 2935 5375 evulgavit
2989 5304 3117 5357 Dav.
3184 5302 3539 5373 Humphreys
3596 5303 3696 5371 (Α

2108 5399 2317 5452 carious
2362 5396 2648 5467 Fragment
2679 5397 2741 5466 of
2773 5396 2954 5449 Justin
2989 5394 3195 5463 Martyr
3235 5409 3303 5447 on
3345 5393 3433 5447 the
3479 5392 3699 5447 Resur.

2110 5490 2327 5553 rection,
2353 5499 2438 5542 not
2473 5489 2743 5557 published
2773 5490 2829 5540 in
2859 5487 2943 5541 his
2971 5486 3184 5551 Works,
3218 5488 3340 5541 with
3381 5488 3471 5541 the
3517 5489 3699 5559 erigi-

434 5576 836 5635 Kirchenvaters
870 5585 955 5649 [ur
985 5586 1153 5651 junge
1200 5581 1448 5637 Freunde
1472 5584 1567 5637 der
1592 5584 1871 5653 Theologie
1909 5601 2006 5638 von
2102 5583 2194 5635 παι
2229 5581 2413 5645 Greek,
2442 5583 2575 5634 done
2610 5582 2718 5633 into
2756 5580 2998 5650 English,
3027 5583 3148 5634 with
3175 5580 3363 5652 Notas)
3403 5598 3516 5635 uua
3559 5599 3701 5637 cum

429 5668 555 5723 Joh.
594 5672 764 5725 Adam
797 5672 931 5736 Cos,
975 5673 1264 5728 Conrelitor
1296 5677 1391 5729 der
1420 5674 1672 5729 Sebalder
1700 5676 1894 5731 Schule
1937 5692 2003 5731 zu

435 5759 731 5831 Nurnberg.
768 5764 975 5817 Nitrnb.
1026 5782 1080 5817 τι.
1129 5766 1348 5835 Altdorf
1379 5768 1457 5820 bei
1490 5769 1545 5823 .l.
1589 5767 1648 5821 C.
1693 5768 1914 5822 Month
1948 5787 1999 5822 u.

432 5851 479 5907 Ι,
518 5851 588 5915 Γ,
624 5853 846 5911 Kussler
879 5858 1038 5926 1790,
1090 5859 1141 5915 8.
1179 5860 1365 5916 lletcrt
1415 5862 1671 5933 (Prielat.
1708 5879 1760 5934 ι).
1794 5878 1837 5919 tt
1872 5862 1999 5933 διιο).

2109 5674 2357 5727 versione
2388 5687 2484 5727 sua
2512 5674 2888 5741 Athenagorae.
2940 5672 3168 5727 Londiui
3201 5674 3357 5741 1714,
3388 5674 3442 5728 8.
3476 5676 3535 5729 lu
3569 5678 3699 5729 edi-

2068 5778 2071 5781 '
2110 5766 2259 5818 tione
2289 5762 2639 5817 Beuedictina
2670 5763 2866 5833 legitur
2896 5763 2949 5816 in
2975 5763 3245 5831 Appeud.,
3286 5779 3337 5831 p.
3373 5779 3438 5825 ιι,
3466 5779 3547 5831 'p.
3582 5763 3703 5819 588

2109 5874 2227 5927 sqq.
2277 5856 2405 5914 Usui
2441 5858 2541 5914 fuit
2581 5854 2828 5924 Murano,
2859 5865 2917 5911 ut
2949 5856 3062 5929 ipse
3098 5871 3153 5928 ρ.
3204 5856 3327 5923 583,
3358 5865 3471 5913 u0t.
3508 5858 3572 5924 Ι),
3613 5857 3702 5914 (11»-
