3764 6524
64 422 150 478 215

752 396 1133 480 ἐΧεΕιιΡΤΑ
1173 424 1263 480 cx
1304 424 1588 481 PREFA']

1745 426 1772 480 Ξ
1809 425 2131 484 EDITORIS
2177 426 2508 485 IENENSIS.

3167 435 3272 489 ‘2”

67 540 159 602 cit,
206 552 223 587 ι
250 524 659 606 antiquissimus
724 540 893 593 codex
946 539 1315 597 Coislinianus
1342 583 1356 607 ,
1392 564 1409 597 ι
1481 545 1585 599 nisi
1619 551 1662 608 Α
1693 544 2005 609 fecti,’Acta
2034 546 2303 614 passionis
2331 544 2527 600 Justini
2557 544 2622 598 ad
2652 545 2880 602 Kalend.
2905 547 3029 604 Jun.
3055 550 3264 617 Grmce,

67 629 250 699 egregie
272 628 443 693 fallor,
480 644 704 686 numero
726 632 834 685 276
866 634 1154 702 insignitus
1185 651 1198 686 :
1236 636 1280 689 is
1301 644 1387 689 est
1420 651 1589 689 mem-
1621 638 1631 649 '

69 721 361 785 branaceus,
407 720 605 775 decimi
642 723 823 777 steculi
868 725 1113 791 circiter,
1146 723 1402 779 foliorum
1442 725 1584 791 278;

71 812 149 864 fuit
181 810 355 866 Laura:
399 812 456 867 S.
503 813 783 869 Athanasii
816 817 868 869 in
901 826 1086 870 monte
1128 817 1303 881 Atho,
1350 817 1402 870 in
1442 827 1589 873 cate-

68 904 307 958 cbumeuis
332 904 402 957 ibi
432 907 701 974 repositus
728 922 824 976 per
848 909 1213 977 Sophronium
1236 912 1585 977 monachum,

72 1006 115 1048 ut
146 992 322 1049 dicitur
366 996 457 1049 fol.
502 997 603 1051 271
645 1012 827 1052 verso.
855 999 939 1054 Cf.
977 999 1286 1054 Bernardus
1315 1001 1384 1054 de
1413 1000 1589 1056 Moul-

70 1086 608 1143 faucon:Bibliotlteca
652 1088 1014 1155 Coisliniana,
1058 1091 1182 1145 olim
1226 1092 1582 1163 Segueriana,

71 1184 153 1233 sive
175 1197 283 1233 mss.
302 1182 530 1235 omnium
557 1180 890 1245 Crwcorum,
918 1202 1035 1256 qua:
1059 1185 1113 1238 in
1136 1201 1196 1239 ea
1229 1187 1585 1250 continentur,

72 1283 275 1325 accurata
329 1275 651 1341 descriptio,
704 1285 809 1329 etc.
862 1275 1123 1345 (Parisiis
1190 1276 1363 1338 1715,
1422 1276 1581 1345 foi.),

73 1382 112 1434 p.
139 1365 224 1419 589
246 1382 323 1436 sq.
356 1363 660 1434 Separatim
696 1382 818 1420 cum
847 1369 1096 1423 versione
1119 1368 1307 1423 Latina
1344 1370 1582 1437 prodiit:

71 1454 231 1507 Justini
295 1454 456 1509 Mart.
529 1457 836 1526 ἀπόδειξις
908 1462 1309 1515 resurrectionis
1384 1463 1580 1515 carnis.

73 1544 395 1613 Fragmentum
442 1545 499 1600 in
562 1548 892 1602 solemnitate
940 1551 1180 1617 paschali
1236 1566 1288 1603 a.
1332 1552 1392 1605 C.
1451 1553 1586 1605 1766

73 1638 232 1691 editum
279 1653 394 1692 cum
460 1626 939 1698 observationibus
992 1643 1493 1702 historico-criticis
1556 1668 1583 1702 a

74 1729 386 1785 Guit.Abrah.
413 1730 612 1788 Teller.
646 1734 961 1789 Helmstadii
989 1737 1039 1790 in
1076 1739 1398 1808 typograph.
1426 1740 1581 1795 aead.

74 1821 155 1875 vid.
206 1821 532 1889 Schnorriaz;
594 1827 736 1894 apud
795 1825 846 1882 «Ι.
925 1826 987 1883 D.
1058 1827 1124 1883 G.
1199 1830 1580 1886 Schnorrium.

74 1906 255 1963 Tenum
313 1908 688 1968 Maranianum
743 1918 923 1981 dedit,
980 1918 1312 1973 Grabianum
1377 1921 1428 1974 in
1490 1923 1657 1980 tri—B

76 2000 147 2053 bus
187 2008 267 2053 aut
306 2010 538 2069 quatuor
591 2013 796 2057 tantum
851 2006 1090 2061 retinens
1140 2007 1293 2063 locis.
1347 2008 1586 2079 Denique

76 2092 282 2146 duntaxat
317 2090 502 2149 Graece
556 2095 833 2149 invenitur
905 2097 1047 2174 illud.
1084 2097 1447 2169 fragmentum
1490 2102 1539 2155 in
1572 2118 1585 2154 :

76 2183 432 2238 Chrestomatliia
462 2186 743 2253 patristica
792 2188 861 2239 ad
907 2205 1033 2242 usus
1077 2206 1257 2244 eorum
1288 2192 1378 2261 qui
1420 2193 1589 2249 histo-

77 2280 173 2329 riam
216 2278 497 2347 dogmatum
543 2277 970 2333 Christianorum
1041 2285 1343 2337 accuratius
1389 2286 1589 2340 discere

79 2371 248 2434 cupiunt
280 2372 534 2425 adornata
571 2390 604 2425 a
637 2372 690 2425 .Ι.
727 2370 926 2427 Christ.
959 2372 1105 2427 Guil.
1134 2375 1381 2445 Augusti.
1410 2376 1531 2432 Vol.
1569 2377 1590 2430 1

78 2461 225 2532 (Lips.
275 2464 405 2535 apud
469 2463 522 2519 ι.
589 2463 840 2536 Theoph.
924 2466 1150 2539 Dykium
1240 2469 1410 2536 1812,
1469 2471 1583 2540 8),

77 2571 115 2623 ρ-
144 2554 172 2609 5
199 2570 305 2624 sqq-

127 2648 229 2701 Acta
258 2652 487 2720 martyrii
525 2648 729 2704 Justiui
762 2659 815 2705 et
843 2652 1119 2708 sociorum
1151 2669 1215 2710 ex
1246 2653 1438 2709 Latina
1462 2670 1587 2709 car-

80 2738 233 2792 dinalis
255 2739 517 2795 Guilielmi
569 2743 755 2796 Sir-leti
798 2744 1245 2812 interpretatione
1276 2745 1484 2815 primus
1522 2747 1589 2800 ad

80 2832 183 2885 diem
210 2833 268 2887 12
295 2833 430 2889 Junii
461 2836 741 2904 evulgavit
772 2836 957 2906 Aloys.
991 2835 1322 2906 Lipomanus
1355 2838 1406 2891 in
1458 2835 1585 2890 Vitt.

82 2920 238 2976 Sauctt.
275 2922 485 2978 Patrum
509 2966 523 2988 ,
561 2936 695 2980 tom.
735 2924 871 2992 Vll,(
898 2942 950 2993 ι).
984 2942 1019 2980 ιι
1071 2925 1268 2995 (Rom.
1311 2925 1468 2991 1558,
1499 2926 1588 2996 4),

81 3028 118 3081 p.
144 3015 250 3081 184;
282 3018 449 3073 editor
478 3018 629 3073 Vitas
656 3008 868 3081 omnes,
892 3034 1013 3087 qua:
1043 3017 1185 3074 illius
1220 3020 1347 3073 tomi
1374 3028 1527 3090 parte
1552 3034 1589 3073 ιι

82 3109 400 3176 continentur,
441 3109 614 3164 refert
683 3126 778 3180 per
821 3110 1134 3166 Simeonem
1185 3111 1587 3182 Metaphrasten

84 3201 230 3259 partim
265 3202 576 3271 descriptas,
614 3204 811 3272 partim
860 3203 1121 3259 collectas
1168 3204 1220 3257 in
1255 3208 1588 3261 monasterio

82 3286 245 3357 Crypue
279 3288 505 3344 Ferrata:
564 3291 645 3362 (7)
706 3293 951 3348 inventas
1023 3292 1215 3349 fuisse.
1290 3292 1663 3356 SirletiauaC

83 3380 281 3434 Actorum
305 3379 733 3437 Justinianorum
772 3384 951 3438 versio
978 3386 1205 3454 posthac
1247 3386 1475 3456 repetita
1504 3396 1589 3441 est

84 3475 119 3524 in
150 3473 283 3528 Laur.
320 3475 458 3531 Surii
506 3476 837 3532 Sanctorum
868 3476 993 3532 vitis
1025 3478 1091 3531 ad
1140 3478 1283 3531 diem
1326 3478 1393 3532 12
1434 3476 1586 3534 Junii

81 3564 162 3629 jam
196 3582 338 3634 supra
378 3579 772 3636 memoratum,
803 3584 912 3639 quo
942 3570 1031 3625 die
1084 3569 1175 3625 illa
1221 3571 1385 3625 habet
1416 3569 1587 3625 Meta-

83 3656 272 3722 pbrastes
296 3662 497 3730 (Colon.
528 3663 755 3732 Agripp.
788 3663 945 3729 1618,
978 3663 1122 3733 fol.),
1162 3680 1214 3733 p.
1256 3663 1359 3718 182
1390 3681 1500 3736 sq.,
1533 3665 1586 3719 in

84 3748 183 3801 (ξω.
222 3750 416 3807 Baronii
452 3754 749 3807 Annalibus
772 3754 1165 3818 ecclesiasticis,
1192 3758 1261 3809 ad
1287 3770 1416 3810 ann.
1459 3756 1583 3823 165,

87 3849 181 3895 ιυιιι.
206 3842 237 3897 ll
258 3845 395 3914 (edit.
430 3848 642 3902 noviss.
668 3847 855 3902 Colon.
885 3849 1015 3918 Agr.
1048 3850 1206 3918 1685⁷
1239 3849 1382 3919 fol.),
1403 3864 1456 3919 p.
1486 3849 1592 3904 105

86 3949 193 4001 ειμι,
223 3950 269 3991 et
302 3938 514 3996 liberius
544 3941 600 3995 in
635 3940 781 3996 Petri
811 3941 1067 3998 Halloixii
1118 3942 1180 3998 S.
1210 3943 1413 3998 Justini
1451 3944 1586 4013 phil.

86 4035 119 4075 et
154 4039 281 4083 mort.
324 4034 422 4085 vita
457 4044 505 4088 et
545 4034 898 4099 documentis,
932 4034 968 4088 Ι.
1004 4050 1083 4099 0.,
1114 4051 1168 4105 p.
1198 4035 1293 4091 18l
1335 4050 1459 4105 sqq.
1504 4034 1582 4088 Ex

88 4117 151 4171 illo
186 4132 341 4179 autem
380 4127 597 4199 Cryptaa
635 4127 871 4183 Ferrata:
911 4139 1053 4183 msto
1093 4128 1283 4183 codice
1319 4127 1589 4181 beneﬂcio

89 4208 387 4275 Etumauuelis
438 4219 803 4276 Schellslratii
825 4260 841 4285 ,
873 4220 1223 4276 bibliotheca:
1256 4220 1418 4275 istius
1453 4234 1591 4288 pra:-

1690 650 1813 689 cum
1860 637 2305 690 adnotatimiibus
2357 637 2564 705 primus
2594 637 2766 691 edidit
2809 636 2947 695 Dan.
2991 638 3267 711 Papehro-

1689 727 1845 781 chius
1896 729 1949 781 in
2008 728 2153 781 Actis
2198 737 2504 781 sanctorum
2552 727 2741 794 Junii,
2790 728 2987 784 illustr.
3037 747 3066 785 a
3117 730 3257 789 God.

1690 819 2069 884 Henschenio,
2126 821 2263 875 Dan.
2300 818 2695 888 Papehrochio,
2745 820 2943 877 Franc.
2980 822 3178 879 Baartio
3216 837 3271 879 et

1689 910 1851 967 Conr.
1877 910 2166 981 Janningo,
2201 922 2333 966 tom.
2368 910 2387 965 1
2419 913 2721 984 (Antwerp.
2760 913 2916 980 1695,
2945 912 3087 984 fol.),
3115 930 3168 985 p.
3199 914 3272 971 20

1688 1022 1796 1075 sq.,
1838 1007 1939 1061 ista
1989 1004 2347 1060 translatione
2421 1004 2714 1061 Sirletiana
2750 1022 2780 1061 e
2809 1008 3031 1076 regione
3070 1008 3266 1076 posita.

1688 1095 1883 1164 Quam,
1918 1098 1969 1151 in
2001 1098 2189 1167 paucis
2212 1097 2513 1161 diversam,
2544 1098 2710 1151 etiam
2732 1098 3110 1153 Theodoricus
3134 1097 3269 1151 liui-

1687 1198 1875 1243 nartus
1910 1188 1961 1242 in
1990 1203 2085 1244 sua
2132 1188 2265 1241 Acta
2303 1188 2602 1257 primorum
2643 1201 2938 1261 martyrum
2981 1191 3184 1243 sincera
3221 1200 3269 1243 et

1685 1280 1877 1335 selecta
1925 1278 2259 1350 (Amstelted.
2290 1280 2449 1341 171⁸5.
2486 1278 2631 1347 fol.),
2690 1295 2745 1348 p.
2785 1281 2854 1337 58
2902 1296 3022 1351 sqq.
3062 1282 3268 1337 intulit.

1687 1372 1763 1426 Ex
1809 1370 2025 1425 Baronii
2075 1370 2369 1425 Annalibus
2413 1370 2719 1441 desumpsit
2771 1387 2835 1426 ac
2886 1372 3111 1443 Dialogo
3150 1389 3271 1427 cum

1688 1464 1999 1536 Trypltone,
2050 1464 2282 1519 Londini
2335 1480 2389 1520 a.
2437 1465 2577 1521 1719
2617 1466 2767 1522 edito
2815 1468 3081 1535 praemisit
3118 1468 3269 1522 Sam.

1685 1555 1841 1612 Jebb.
1875 1557 1929 1610 In
1962 1557 2203 1611 editione
2238 1555 2592 1611 Benedictina
2628 1565 2848 1611 exstant
2894 1558 2946 1611 in
2994 1558 3267 1627 Append.,

1686 1666 1739 1720 p.
1785 1666 1854 1714 ιι,
1904 1666 1955 1719 p.
2015 1649 2118 1705 585
2163 1664 2285 1719 sqq.
2316 1668 2335 1701 ι
2372 1649 2494 1706 Haec
2552 1650 2691 1704 Acta
2735 1651 2903 1704 -ait
2958 1649 3214 1705 Maranus
3246 1692 3261 1715 ,

1689 1758 1740 1811 p.
1772 1741 1964 1798 581-
2001 1758 2106 1795 ιιοιι
2141 1756 2283 1796 nunc
2314 1741 2552 1810 primum
2595 1738 2785 1795 Graece
2823 1742 3126 1810 prodeunt,
3170 1742 3269 1795 sed

1689 1844 1868 1888 tamen
1899 1843 2155 1890 accurate
2185 1834 2384 1888 eruditi
2414 1834 2617 1889 sodalis
2650 1850 2814 1888 manu
2837 1873 2853 1899 ,
2886 1834 3087 1888 domini
3120 1833 3271 1888 Petri

1688 1927 1919 1992 Maloét,
1959 1926 2403 1997 congregationis
2467 1935 2675 1981 nostrm
2724 1926 2776 1980 in
2823 1927 2974 1982 curia
3026 1926 3270 1982 Romana

1693 2019 1821 2075 olim
1852 2020 2243 2088 procuratoris,
2276 2033 2307 2073 e
2340 2018 2534 2073 codice
2565 2017 2834 2073 Vaticano
2858 2018 2964 2073 655
2993 2017 3147 2075 fuere
3176 2019 3272 2072 de-

1693 2111 1919 2180 scripta.
1952 2128 1971 2160 ι
2005 2108 2099 2163 Est
2140 2109 2285 2164 haud
2321 2109 2487 2164 dubie
2540 2109 2681 2164 idem
2725 2109 2816 2164 ille
2861 2111 3031 2164 codex
3078 2118 3270 2169 mstus.

1690 2204 1782 2272 qui
1832 2202 1885 2257 in
1938 2201 2269 2256 bibliotheca
2303 2199 2523 2271 Crypta:
2560 2200 2803 2257 Ferratze
2836 2202 3107 2271 quondam
3149 2215 3271 2255 ser-

1690 2295 1921 2349 vabatur
1951 2293 2052 2363 (8).
2092 2293 2169 2347 Ex
2200 2294 2442 2349 editione
2480 2293 2837 2350 Benedictina
2871 2292 3096 2349 transiit
3130 2308 3275 2346 mar—

1692 2388 1890 2458 tyrium
1928 2388 1983 2442 in
2026 2387 2199 2441 Andr.
2239 2386 2515 2443 Gallandii
2565 2387 2951 2442 Bibliothecam
3004 2398 3126 2442 uett.
3164 2384 3275 2440 Pa-

1691 2490 1871 2547 trum,
1911 2488 2044 2546 etc.,
2082 2487 2213 2533 tom.
2250 2478 2290 2543 l,
2321 2495 2377 2547 p.
2408 2479 2514 2534 621
2550 2495 2674 2549 sqq.
2723 2479 2937 2547 Optime
2968 2493 3099 2533 vero
3141 2478 3274 2533 illud

1690 2572 1863 2627 edidit
1895 2571 2119 2626 Alexius
2143 2570 2510 2641 Symmachus
2540 2570 2887 2626 Mazochius:
2915 2568 3273 2623 Commentar.

1690 2665 1746 2718 in
1777 2673 1918 2718 vetus
1948 2680 2306 2718 marmoreum
2335 2662 2707 2733 Neapolitana:
2735 2661 2972 2716 ecclesia:
3005 2659 3274 2715 Kalenda-

1692 2758 1834 2810 rium
1861 2755 2108 2827 (Neapol.
2145 2756 2330 2826 1763),
2367 2769 2496 2811 tom.
2529 2755 2615 2818 ll,
2655 2769 2709 2822 p.
2742 2755 2848 2810 445
2879 2768 2999 2822 sqq.
3038 2754 3175 2819 (rec.
3220 2753 3277 2806 in

1690 2848 1965 2903 Gallandii
1990 2848 2270 2914 Bibliotlt.,
2301 2850 2333 2903 l.
2372 2865 2447 2913 c.,
2477 2864 2530 2918 p.
2564 2849 2665 2902 711
2698 2848 2864 2916 sqq.).
2899 2844 2998 2899 llic
3023 2844 3273 2899 Graecum

1691 2940 2172 2996 Bollandiauornm
2206 2943 2510 3012 exemplar,
2556 2940 2698 2995 unde
2723 2940 2889 2994 etiam
2942 2935 2994 2991 J.
3042 2937 3109 2990 Α.
3159 2934 3275 2989 co:

1691 3032 1916 3101 (Justin.
1949 3036 2002 3087 ά.
2036 3034 2203 3089 Mart.
2248 3037 2420 3089 zweite
2460 3034 2615 3104 Apol.
2640 3074 2655 3097 ,
2684 3044 2791 3087 etc.
2816 3072 2832 3097 ,
2875 3047 2933 3101 p.
2965 3030 3069 3084 143
3100 3043 3225 3099 sqq.
3252 3028 3271 3096 )

1692 3135 1901 3181 textura
1938 3127 2192 3197 repetiit,
2227 3128 2537 3183 versionem
2566 3123 2832 3193 adjiciens
2861 3119 3236 3191 germanicam
3258 3162 3273 3184 ,

1692 3226 1913 3273 secutus
1936 3256 1953 3283 ,
1981 3226 2139 3273 vetus
2171 3218 2406 3288 (Sirleti‘,
2443 3215 2826 3285 interpretatio
2855 3227 2981 3268 cum
3034 3210 3277 3281 plerum-

1694 3325 1804 3379 que
1824 3311 2135 3365 sententias
2172 3319 2402 3366 venetur
2431 3309 2603 3379 magis
2642 3322 2803 3376 quam
2832 3305 2999 3359 verba
3021 3344 3037 3372 ,
3081 3317 3275 3357 novam

1696 3401 1988 3455 castiorem
2023 3416 2085 3456 ac
2115 3401 2508 3471 simpliciorem
2568 3396 3076 3467 interpretationem
3113 3394 3276 3458 exhi-

1694 3492 1835 3557 buit,
1873 3508 2036 3563 quam
2067 3495 2119 3547 in
2153 3494 2443 3562 perpaucis
2469 3501 2679 3546 tantum
2715 3498 2977 3543 mutatam
3013 3502 3117 3542 nos
3138 3500 3277 3554 quo-

1692 3598 1801 3653 que
1859 3582 2270 3647 transtulimus;
2324 3591 2591 3651 praeterea
2652 3580 2979 3651 martyrium
3042 3575 3277 3646 prolixis

1694 3674 1842 3730 notis
1871 3686 1925 3728 et
1952 3674 2431 3743 disquisitionibus
2456 3673 2737 3728 illustrare
2768 3679 2999 3727 conatus
3027 3678 3131 3725 est.

1770 3854 2040 3924 Excerpta
2069 3869 2135 3909 ex
2163 3851 2360 3908 luatini
2395 3852 2613 3923 scriptis
2646 3860 2775 3907 sunt
2801 3852 2853 3906 in
2888 3853 2941 3904 Ι.
2990 3848 3055 3904 F.
3084 3846 3270 3918 Burgii

1700 3943 2084 4021 Chrestomath.
2111 3944 2320 4013 patrist.
2358 3941 2555 4008 (ἔπεα,
2596 3942 2731 3998 fasc.
2765 3959 2780 3996 ι
2823 3940 3076 4011 (Vratisl.
3115 3939 3279 4007 1756,

1699 4035 1789 4106 8),
1844 4053 1896 4106 p.
1928 4038 1951 4091 1
1983 4054 2140 4107 sqq.;
2178 4038 2334 4107 plura
2363 4077 2377 4100 ,
2422 4037 2515 4091 sed
2565 4035 2787 4101 Latine,
2825 4034 3175 4103 reperiuntur
3220 4032 3276 4085 in

1699 4125 1981 4182 Fraucisci
2030 4125 2179 4181 Rous
2209 4125 2369 4181 Mella
2402 4124 2627 4180 Patrum
2650 4167 2666 4192 ,
2712 4138 2821 4180 etc.
2858 4124 3074 4193 (Lond.
3109 4121 3275 4188 1651),

1699 4217 1810 4288 8),
1844 4233 1895 4287 p.
1926 4218 1991 4274 21
2033 4234 2155 4289 sqq.

529 4484 613 4544 ll.
651 4518 725 4526 —
758 4484 861 4545 DE
889 4483 1187 4545 JUSTINI
1228 4483 1645 4546 CODlClBUS
1692 4483 1774 4545 IN
1810 4483 2046 4544 ALIAS
2079 4480 2421 4541 LINGUAS
2452 4477 2747 4540 VERBIS.

143 4602 275 4664 Paulo
296 4619 408 4680 post
432 4612 727 4667 editionem
752 4612 1019 4680 Stephani
1053 4612 1377 4682 principem,
1406 4611 1599 4668 Grazce
1631 4618 1676 4672 D
1706 4612 1851 4668 risiis
1880 4611 2021 4679 apud
2054 4609 2198 4665 Guil.
2235 4607 2513 4663 lulianum
2550 4603 2711 4669 1575,
2758 4604 2791 4659 8
2829 4602 2930 4674 (9),
2971 4612 3027 4658 et
3068 4600 3281 4657 Joanne

92 4701 328 4757 nescientes
366 4715 422 4758 ut
458 4704 735 4759 Justiuum
778 4705 934 4760 adire
970 4704 1236 4776 possent,
1276 4706 1596 4775 prodierunt

92 4786 245 4847 latina:
301 4812 516 4865 operum
568 4796 1004 4853 Justiuianorum
1073 4799 1593 4867 interpretationes,

94 4887 340 4942 auctoribus
378 4888 669 4945 Joachimo
713 4891 1005 4954 Perionio,
1048 4889 1408 4945 Benedictino
1458 4890 1595 4944 Cor-

94 4972 367 5039 maeriacensi
392 5027 406 5052 ,
440 4989 529 5056 qui
564 4986 977 5042 observationes
1013 5001 1227 5056 quoque
1267 4988 1335 5041 ad
1383 4997 1591 5040 textum

94 5066 400 5130 illustrandum
432 5079 665 5144 addidit,
695 5078 925 5134 Lutetia:
959 5078 1135 5133 Paris.
1160 5078 1302 5147 apud
1332 5076 1455 5132 Jac.
1486 5077 1592 5132 Du-

96 5173 190 5230 ναῖε
213 5164 348 5235 1554,
381 5168 497 5237 fol.,
532 5180 665 5226 tom.
694 5170 735 5224 ll
763 5171 815 5224 in
845 5171 869 5225 1
902 5170 1012 5225 vol.
1056 5175 1191 5241 (rec.
1243 5169 1294 5222 in
1334 5166 1590 5221 Biblioth.

97 5260 233 5316 magna
264 5266 369 5309 cett.
412 5256 635 5311 Patrum
665 5298 681 5323 ,
710 5259 903 5314 (Iolon‘.
948 5257 1086 5314 1618
1109 5298 1125 5324 ,
1171 5256 1264 5313 fol.
1287 5296 1302 5322 ,
1349 5265 1479 5310 tom.
1516 5254 1556 5309 ll
1576 5296 1591 5322 ,

98 5341 346 5415 Malm);
390 5347 736 5421 Sigismundo
774 5351 1023 5411 Gelenio.
1057 5349 1276 5419 Bojemo
1300 5388 1315 5414 ,
1361 5347 1595 5403 Basileaz

97 5434 196 5498 ³1)υά
232 5435 362 5495 Hier.
394 5441 721 5500 Frobenium
762 5443 922 5510 1555,
972 5444 1087 5509 fol.,
1130 5453 1293 5514 atque
1331 5443 1457 5498 inde
1491 5442 1593 5497 Pa-

146 5569 206 5649 (Ἱ)
233 5573 295 5629 De
318 5579 470 5646 hujus
517 5582 833 5637 monasterii
868 5576 1109 5649 (ordinis
1151 5581 1211 5635 S.
1249 5577 1479 5648 Basilii)
1513 5577 1595 5649 bi;

100 5633 299 5715 bynllteca
321 5633 425 5703 vid.
910 5665 925 5702 :
957 5649 981 5703 Ι
991 5660 1069 5704 ter
1094 5633 1368 5715 ltalﬁicum,
1395 5633 1527 5702 toni.
1554 5646 1605 5701 Il.

102 5704 202 5791 "‘1';
226 5714 364 5791 ιβέτλ
385 5720 463 5791 8)ε
492 5704 549 5788 ρέ
579 5704 672 5778 1⁷91
700 5704 831 5791 an.

106 5780 304 5909 “(92).”.
332 5780 632 5849 FrfBiume
674 5793 709 5847 l.
756 5780 829 5859 ἒξ,
882 5802 1012 5848 tom.
1050 5787 1111 5844 111
1144 5788 1289 5860 (Hal.
1325 5788 1481 5855 1850,
1519 5786 1595 5859 8),

1701 4705 1910 4776 Lango,
1934 4703 2154 4769 Silesio,
2189 4704 2283 4772 qui
2313 4702 2480 4756 etiam
2511 4699 2938 4755 commentarios
2962 4698 3278 4766 iudicesque

1700 4798 1931 4868 adjecit,
1963 4797 2127 4851 Basil.
2167 4812 2263 4867 per
2301 4793 2652 4850 Ambrosium
2685 4801 2739 4845 et
2769 4790 3045 4843 Aurelium
3073 4829 3088 4853 ,
3133 4788 3276 4842 Fro-

1698 4891 1891 4946 benios
1942 4891 2165 4956 fratres,
2200 4887 2371 4950 1565,
2404 4886 2496 4941 fol.
2518 4926 2535 4952 ,
2566 4894 2696 4939 tom.
2729 4882 2792 4937 lll
2822 4883 2873 4936 in
2908 4883 2933 4935 1
2973 4882 3079 4938 vol.
3117 4883 3271 4952 (rce.

1698 4983 1816 5037 sine
1859 4991 2177 5038 commentt.
2229 4982 2282 5034 in
2332 4977 2482 5033 Max.
2541 4975 2791 5029 Biblioth.
2848 4984 2969 5028 vett.
3017 4972 3274 5035 Patrum,

1698 5073 1870 5144 Lugd.
1913 5072 2081 5143 1677,
2112 5072 2206 5126 fol.
2232 5112 2247 5138 ,
2299 5083 2429 5125 tom.
2469 5069 2546 5135 ll,
2577 5085 2629 5139 p.
2667 5085 2742 5133 ιι,
2771 5084 2827 5137 p.
2860 5066 2893 5121 5
2923 5064 3092 5135 sqq.).
3147 5063 3272 5117 Haec

1700 5168 1902 5233 versio,
1957 5166 2086 5220 licet
2132 5164 2347 5220 duobus
2398 5162 2637 5227 caeteris,
2692 5158 3033 5228 elegantibus
3099 5153 3274 5222 niagis

1699 5273 1862 5329 quam
1902 5256 2193 5319 accuratis,
2225 5255 2385 5321 longe
2419 5251 2764 5324 praestantior
2790 5251 2896 5317 sit,
2929 5257 3111 5303 tamen
3154 5244 3271 5312 ipsa

1699 5350 1848 5406 vitiis
1868 5348 2162 5421 cujuslibet
2191 5347 2408 5417 generis
2440 5354 2645 5410 scatet;
2680 5356 2911 5414 quorum
2935 5340 3077 5395 haud
3098 5349 3271 5407 pauca

1702 5437 1918 5511 Langus
1952 5440 2212 5497 evitasset
2235 5478 2251 5505 ,
2285 5438 2329 5494 si
2358 5436 2595 5492 Perionii
2638 5444 2694 5491 et
2730 5432 2942 5490 G'elenii
2985 5427 3274 5485 elucubra-

1771 5576 1848 5644 (9)
1892 5576 2029 5630 Huic
2071 5546 2297 5630 editioni
2331 5572 2626 5628 Parisiensi
2658 5570 2910 5638 adjuncta
2932 5571 3020 5644 est
3048 5563 3110 5616 Β.
3134 5558 3272 5644 μῆρ-

1702 5630 1869 5717 politi
1925 5646 2111 5700 Oratio
2159 5647 2222 5697 de
2279 5630 2751 5717 consummatione:
2779 5636 3065 5717 mundi‘ct‘
3106 5630 3276 5717 (Anti:-

1702 5704 1899 5771 christo
1926 5729 1975 5770 et
2009 5717 2238 5769 secundo
2274 5715 2497 5767 adventu
2540 5712 2751 5767 Domini
2776 5708 2907 5764 Iesu
2938 5704 3173 5770 Christi,
3207 5714 3275 5756 ex

1706 5789 2153 5869 interpretatione
2174 5784 2403 5862 (Joannis
2425 5783 2560 5839 Pici.
