3764 6496
386 352 404 365 ”
486 374 593 442 eis

1374 372 1430 430 S.
1472 373 1806 430 JUSTINUS
1831 370 2307 427 PHILOSOPHUS
2340 371 2425 425 ET
2462 370 2766 429 MARTYR.

3628 366 3721 419 210

488 487 667 539 tiones
688 498 812 539 cum
846 498 942 537 sua
974 484 1261 556 diligenter
1288 488 1631 543 contulisset.
1667 487 1906 544 Sed—ut
1930 504 2055 547 ηειν-
2086 501 2128 554 Α
2159 486 2497 539 dissertation
2536 490 2692 537 about
2732 484 2816 536 the
2855 482 2990 550 right
3028 497 3118 533 use
3164 482 3229 549 of
3266 480 3349 533 tlte
3380 477 3621 536 Fathers.
3656 483 3718 551 Bg

485 585 571 631 rat
594 576 647 630 in
670 576 832 645 epist.
860 587 1153 646 nuncupat.
1183 592 1233 645 p.
1267 579 1545 647 ﬁli—opus
1573 591 1698 634 ante
1720 579 2049 641 absolverat,

483 682 648 738 quam
681 667 790 720 illa:
828 667 879 719 in
911 667 1081 737 ipsius
1112 683 1305 723 manus
1336 680 1630 724 venerunt.

553 758 672 813 Jam
698 764 826 813 Vero
855 768 984 812 ante
1015 770 1125 815 tres
1150 759 1270 814 illos
1300 761 1640 831 interpretes,
1693 770 1892 816 textum
1930 759 2053 815 Ste-

482 850 815 920 phaniauum
862 858 1096 916 secutos,
1130 849 1554 905 Cohortationem
1590 852 1660 905 ad
1691 851 1903 905 ercos
1948 851 2051 905 La-

488 944 595 997 tine
618 942 707 1013 (ex
739 944 964 1011 antiquo
989 943 1224 1013 quodam
1258 944 1443 998 codice
1474 944 1638 1006 msto)
1670 945 1833 999 vertit
1856 942 2052 1002 Joann.

484 1033 766 1091 Francisc.
804 1036 964 1091 Picus
1016 1035 1455 1100 Mirandulanus;
1500 1050 1619 1105 quae
1671 1036 2054 1106 interpretatio

482 1128 627 1182 edita
654 1137 738 1184 est
776 1127 827 1183 in
862 1128 971 1184 Pici
1003 1129 1166 1198 Opp.,
1212 1130 1503 1198 Argeator.
1538 1126 1694 1191 1507,
1750 1137 1912 1195 atque
1948 1126 2053 1180 ite-

483 1234 602 1273 rum
634 1220 796 1275 Basil.
833 1220 988 1286 1601,
1024 1221 1137 1288 l'ol.,
1188 1222 1243 1277 in
1274 1221 1469 1276 Joann.
1508 1221 1757 1277 δίειιιῐάί
1805 1221 2054 1276 Antidota

480 1323 661 1366 contra
689 1315 923 1367 diversas
947 1316 1179 1368 omnium
1201 1316 1312 1383 fere
1332 1313 1647 1369 surculorum
1678 1315 1922 1378 hwreses,
1943 1326 2050 1372 etc.

479 1405 665 1470 (Basil.
693 1405 857 1472 159.8,
890 1404 1032 1477 lol.),
1061 1421 1115 1474 p.
1153 1405 1252 1460 ΗΞ
1278 1420 1424 1476 ειιᾳ..
1459 1407 1512 1461 iu
1545 1407 2052 1474 Μικροπρεσϐυτι-

477 1497 562 1563 θεῷ
586 1504 712 1550 vett.
738 1500 1087 1566 quorumdam
1117 1496 1476 1567 theologorum
1510 1496 1699 1566 (Basil.
1722 1496 1880 1560 1550,
1913 1495 2055 1565 (OL),

475 1600 597 1655 pag.
630 1585 693 1639 51
728 1602 875 1657 sqq.,
903 1597 959 1640 et
988 1586 1039 1639 iu
1072 1585 1267 1643 Joann.
1292 1584 1411 1642 Jac.
1445 1586 1662 1657 Gryntei
1706 1586 2055 1641 Monumentis

475 1676 583 1733 SS.
613 1675 833 1733 Patrum
861 1679 1394 1749 arthodoxographis,
1415 1680 1469 1734 h.
1504 1696 1552 1733 e.
1584 1679 1861 1748 theologia».
1888 1695 2057 1734 sacrte

474 1785 536 1822 ac
577 1770 701 1838 ﬁdei
748 1773 907 1825 doctt.
964 1769 1244 1838 LXXXV,
1293 1780 1400 1827 etc.
1453 1772 1662 1842 (Basil.
1709 1771 1866 1834 1569,
1912 1768 2057 1851 101.)⁹

2160 579 2396 632 William
2428 576 2638 643 Reerer,
2666 575 2740 629 Μ.
2789 576 2852 627 Α.
2898 574 3084 627 ﬂector
3106 572 3167 632 of
3190 571 3464 642 Crauefort
3493 575 3545 627 in
3592 570 3713 625 Alid-

2157 670 2354 722 dlesex.
2395 666 2637 731 London,
2666 668 2873 735 printed
2916 665 3000 731 {or
3040 664 3105 716 Α.
3148 667 3251 718 and
3284 665 3337 717 .l.
3377 664 3645 720 Churchill
3674 683 3719 718 at

2156 760 2241 813 the
2284 755 2627 811 Blark~8wan
2674 757 2729 810 in
2774 755 3345 809 Pater-Noster-Raw.
3380 756 3538 817 1710,
3568 756 3717 809 inS‘.

2159 849 2295 904 Voll.
2331 848 2395 904 ll.
2432 846 2632 904 Eadem
2666 850 3043 918 interpretatio
3097 848 3228 903 ibid.
3274 864 3325 905 a.
3370 848 3507 903 1716
3540 864 3718 902 recusa

2154 953 2237 999 est
2249 987 2261 999 .

2224 1035 2403 1091 Justin
2455 1036 2705 1107 Martyr’s
2744 1036 2999 1108 Dialogue
3052 1036 3178 1090 with
3220 1034 3427 1106 Trypho
3460 1036 3543 1088 the
3583 1033 3719 1098 Jew;

2157 1126 2449 1184 translated
2497 1126 2633 1194 from
2685 1126 2768 1180 the
2810 1125 2962 1197 greek
3003 1127 3113 1180 into
3154 1125 3384 1193 english,
3416 1124 3535 1175 with
3562 1134 3719 1183 notes,

2156 1218 2344 1285 chieﬂy
2379 1217 2464 1283 for
2491 1217 2575 1268 the
2600 1217 2891 1286 advantage
2922 1214 2984 1282 of
3019 1214 3220 1283 english
3251 1215 3485 1276 readers,
3513 1230 3542 1265 a
3570 1212 3693 1279 preli

2157 1305 2365 1373 minnry
2410 1303 2751 1355 dissertation
2799 1304 2905 1356 and
2951 1320 2983 1356 a
3033 1306 3179 1356 short
3225 1303 3485 1371 analysis.
3537 1301 3614 1371 By
3656 1300 3719 1355 II.

2158 1394 2371 1458 tirown,
2410 1392 2488 1447 Μ.
2533 1394 2599 1447 Α.
2652 1390 3188 1461 l'icarofTher-swell
3220 1397 3273 1449 in
3305 1392 3720 1450 Glocestershire.

2160 1488 2478 1558 liivington,
2513 1488 2675 1552 1755,
2706 1490 2866 1543 iit-8°.
2904 1487 3039 1542 Voll.
3067 1487 3128 1543 ll.

2229 1577 2314 1632 St.
2346 1578 2551 1641 Justin,
2580 1581 2665 1632 the
2701 1577 3050 1647 Pliilosopher
3088 1585 3192 1631 and
3237 1578 3467 1648 Martyr,
3508 1580 3587 1631 his
3627 1577 3723 1630 Es?-

2157 1666 2454 1721 hortations
2487 1677 2539 1721 to
2572 1669 2657 1722 tlte
2681 1669 2940 1737 gentiles;
2982 1669 3277 1724 translated
3306 1669 3444 1736 {rom
3476 1671 3557 1722 the
3586 1671 3721 1736 greci;

2160 1761 2225 1828 by
2263 1761 2346 1813 the
2388 1758 2513 1816 Rev.
2551 1758 2733 1814 Thom.
2785 1748 2987 1818 Moses.
3028 1760 3249 1816 London
3258 1800 3289 1837 θ
3342 1760 3525 1815 llitcb.
3574 1761 3719 1823 1757.

474 1875 527 1929 Ρ.
557 1862 691 1916 1947
718 1877 845 1932 sqq.
895 1862 1201 1933 Separatim
1237 1882 1250 1919 :
1284 1862 1487 1917 Justini
1526 1864 1655 1933 phil.
1688 1876 1735 1918 et
1764 1874 1924 1918 mort.
1954 1842 2055 1916 ad;
2088 1842 2131 1897 Β
2161 1850 2295 1905 ill-3'

473 1958 786 2011 monitorius
823 1958 1057 2025 gentium
1098 1958 1249 2022 liber,
1301 1957 1508 2022 Latine,
1542 1956 1740 2011 Joann.
1770 1954 2045 2009 Francisc.

474 2046 626 2113 Pico,
654 2045 976 2102 Mirandulw
1008 2050 1243 2113 domino,
1276 2049 1578 2116 interprete,
1603 2063 1743 2101 nunc
1781 2047 1956 2101 denuo
1981 2048 2050 2100 ad

469 2138 738 2208 exemplar
763 2137 1006 2194 Grmcum
1041 2142 1264 2197 collatus
1297 2151 1346 2194 et
1377 2159 1480 2212 qua
1504 2141 1652 2194 liruit
1682 2140 1789 2209 ﬁde
1813 2141 2053 2208 recogni-

469 2241 572 2285 ttts.
613 2229 838 2286 Parisiis
892 2233 947 2285 in
992 2234 1191 2287 (edibus
1241 2232 1451 2287 Carolo:
1496 2230 1813 2286 Cuillardte.
1864 2230 2004 2287 1558
2031 2271 2047 2298 ,

466 2323 630 2379 iit-4°.

538 2417 661 2473 Haec
725 2420 993 2476 mouenda
1048 2430 1206 2475 erant
1252 2419 1320 2475 de
1380 2419 1831 2477 translationibus

465 2509 551 2564 nis
590 2510 740 2580 (10);
776 2522 1038 2581 prmtetea
1072 2522 1291 2568 exstant
1320 2533 1333 2568 :

534 2602 755 2658 Gallica:
786 2620 800 2656 :
835 2602 931 2657 Les
964 2602 1197 2659 (Enures
1234 2605 1299 2658 de
1344 2604 1485 2658 saint
1512 2602 1715 2670 Justin,
1743 2602 2047 2673 philosophe

464 2702 514 2747 et
562 2703 789 2763 martyr,
819 2695 974 2748 mises
1026 2694 1089 2749 de
1127 2710 1246 2764 grec
1289 2711 1354 2749 en
1401 2695 1635 2763 frangois
1674 2710 1771 2763 par
1805 2693 1941 2748 Jean
1982 2695 2046 2747 de

466 2784 765 2855 Maumont,
792 2804 913 2840 arec
936 2788 1131 2842 brieves
1156 2789 1495 2842 annotations
1518 2798 1567 2841 et
1592 2787 1955 2841 emendations
1981 2787 2046 2839 de

464 2876 684 2944 faultes.
709 2878 749 2930 Α
789 2877 968 2941 Paris,
1011 2880 1075 2935 de
1110 2879 1467 2946 l‘imprimerie
1495 2878 1558 2932 de
1585 2877 1781 2932 Michel
1813 2880 1875 2932 de
1913 2876 2039 2930 Vas-

460 2983 646 3034 cosan,
706 2970 889 3034 1554,
938 2970 1031 3025 fol.
1086 2969 1210 3025 Hinc
1273 2970 1652 3040 interpretatio
1702 2969 2044 3024 emendatior

464 3060 603 3127 apud
632 3062 883 3117 eumdem
918 3079 1062 3117 anno
1090 3062 1227 3117 1559
1256 3063 1433 3117 denuo
1455 3076 1657 3118 excusa
1688 3074 1791 3115 est.

536 3151 889 3206 Exhortation
928 3168 1038 3206 auat
1080 3150 1260 3219 Grcos,
1288 3153 1521 3206 traduite
1556 3169 1622 3206 en
1667 3152 1901 3221 {raneois
1940 3167 2042 3221 par

448 3233 668 3296 ’Μαι-ιὶη
696 3241 894 3310 Dupin.
933 3245 975 3299 Α
1006 3242 1185 3308 Paris,
1220 3242 1384 3308 1580,
1420 3244 1583 3301 iit-8°.

529 3333 764 3389 Seconde
807 3335 1056 3406 Apologie
1109 3335 1173 3391 de
1222 3336 1361 3390 saint
1398 3335 1580 3390 Justin
1615 3352 1753 3406 pour
1774 3336 1847 3390 les
1878 3334 2047 3389 Chre-

460 3427 615 3492 tiens,
644 3430 878 3484 traduite
904 3447 965 3484 en
991 3429 1224 3498 [raneois
1252 3446 1351 3499 par
1384 3422 1568 3483 Pierre
1598 3426 1822 3482 Fondet.
1851 3429 1895 3480 Α
1937 3426 2046 3481 Pa-

465 3522 563 3585 ris,
591 3522 715 3575 chez
762 3538 919 3578 reuvc
965 3522 1150 3578 Charl.
1193 3523 1455 3587 Sauream,
1493 3522 1651 3588 1670,
1696 3521 1874 3576 ἰπὶ-12.
1929 3519 2043 3578 Sub

464 3614 609 3669 illius
653 3616 870 3671 nomine
930 3630 1056 3670 cum
1126 3617 1409 3672 Chanutus
1455 3615 1795 3679 delituisset,
1842 3614 2040 3669 iterum

462 3707 577 3761 haec
607 3708 984 3777 interpretatio
1014 3709 1154 3777 typis
1180 3718 1262 3763 est
1289 3724 1434 3764 anno
1461 3706 1603 3763 1686
1633 3707 1911 3776 descripta
1937 3706 2040 3761 sub

460 3812 590 3852 vero
613 3797 931 3867 interpretis
961 3799 1201 3854 nomine.

531 3885 793 3958 Epistrea
831 3888 1077 3958 Diognet,
1108 3890 1367 3943 attribuée
1412 3887 1446 3941 ὰ
1485 3890 1628 3943 saint
1655 3886 1860 3953 Justin,
1904 3886 2036 3940 dans

1898 2420 2049 2476 Lati-

459 3978 685 4049 laquelle
718 3980 968 4046 l'auteur,
996 3998 1089 4035 sur
1117 3981 1191 4036 les
1215 3984 1395 4037 ruines
1424 3984 1489 4037 de
1517 3979 1857 4037 l'idololtitrie
1890 3990 1936 4033 et
1965 3980 2037 4031 tltt

453 4070 742 4138 judaisme,
768 4072 949 4126 établit
975 4072 1050 4126 les
1074 4073 1377 4140 fondemens
1412 4074 1478 4127 de
1508 4074 1562 4126 la
1595 4072 1816 4141 religion
1860 4072 2031 4124 chres-

459 4167 669 4231 tienne;
698 4166 927 4220 traduite
949 4166 1012 4221 de
1047 4166 1313 4237 l'original
1342 4183 1460 4236 grec
1497 4165 1618 4238 [par
1648 4166 1709 4220 P.
1740 4164 1816 4220 Le
1845 4163 2031 4235 Cras].

457 4257 500 4310 Α
528 4255 706 4324 Paris,
738 4257 863 4312 ches
893 4256 1020 4312 Nic.
1049 4256 1237 4313 Pierre
1271 4261 1535 4323 Armand,
1560 4257 1721 4321 1725,
1753 4256 1926 4311 ill-1‘2.

524 4346 642 4403 Non
676 4359 782 4403 tam
812 4350 1079 4421 integram
1102 4351 1408 4406 versionem
1432 4364 1592 4419 quam
1618 4357 1870 4416 excerpta
1898 4362 2033 4417 pra:-

2221 1942 2606 1998 Germanicm:
2644 1944 2751 1998 Das
2804 1944 2949 1999 Buch
2990 1944 3218 2014 Justini,
3249 1944 3388 2000 eines
3429 1942 3718 2010 Philosophi

2151 2034 2258 2087 und
2292 2037 2551 2104 Martyrs,
2582 2055 2653 2091 an
2699 2040 2785 2092 die
2830 2035 3054 2092 Heiden.
3092 2035 3159 2091 In
3197 2036 3442 2091 welchent
3480 2052 3537 2090 er
3562 2053 3718 2088 eruta-

2149 2136 2256 2189 net,
2289 2128 2491 2180 dieweil
2525 2145 2585 2197 sy
2608 2129 2708 2183 den
2746 2144 2917 2183 waren
2947 2127 3246 2182 Gotsdienst
3276 2145 3375 2182 von
3418 2130 3503 2181 irn
3538 2126 3719 2178 Poetrn

2148 2220 2257 2272 und
2293 2218 2643 2291 Philosophen
2672 2225 2746 2276 nit
2779 2224 2956 2277 lernen
2983 2227 3188 2291 mogen,
3214 2222 3309 2275 das
3346 2237 3406 2289 sy
3444 2219 3601 2275 Mosi.
3631 2221 3719 2270 den

2151 2308 2443 2382 Propheten
2491 2318 2596 2368 und
2630 2314 2841 2370 Christo
2874 2316 3095 2385 glauben
3127 2314 3313 2376 sollen,
3350 2314 3438 2366 in:
3471 2311 3717 2365 Chronica

2146 2404 2241 2457 der
2281 2406 2421 2459 alten
2460 2405 2815 2463 Christlichen
2845 2407 3075 2462 Kirt'lten
3117 2425 3242 2462 auss
3274 2409 3532 2471 Eusebio,
3576 2409 3716 2477 11υῇ-

2148 2513 2234 2562 uo,
2261 2497 2578 2563 Sozomeno,
2611 2497 2956 2563 Theodoreto,
2982 2497 3332 2563 Tertulliano,
3362 2499 3597 2561 Iustino,
3630 2499 3716 2565 (1y.

2145 2592 2333 2659 priano
2361 2591 2471 2643 und
2501 2588 2679 2644 Plinio
2696 2592 2729 2643 d
2740 2590 2863 2643 urch
2896 2591 2960 2644 ι).
2989 2588 3192 2658 Caspar
3221 2590 3395 2644 Hedio
3419 2590 3715 2645 verteutst'ht

2146 2681 2403 2749 (Sttasb.
2446 2681 2607 2745 l529,
2645 2681 2789 2749 fol.),
2824 2699 2877 2751 p.
2910 2697 3096 2738 ccxcnv
3124 2683 3175 2735 b.
3211 2698 3339 2753 sqq.
3368 2683 3456 2737 Uti
3494 2699 3595 2737 non
3624 2683 3715 2735 Eu-

2144 2775 2354 2828 sebium
2378 2813 2394 2839 ,
2427 2775 2519 2829 sed
2552 2772 2809 2827 Rulinum
2846 2773 3171 2829 Germanice
3219 2775 3529 2837 illustravit,
3562 2776 3639 2829 sie
3673 2777 3716 2827 in

2145 2864 2517 2919 Cohortatione
2564 2865 2837 2921 reddenda
2890 2865 3033 2921 haud
3089 2867 3251 2922 dubie
3296 2867 3409 2922 Pici
3442 2878 3528 2921 est
3561 2867 3715 2921 inter-

2145 2959 2501 3025 pretationem
2535 2967 2775 3012 secutus.

2214 3047 2279 3106 S.
2310 3048 2516 3104 Justini
2544 3067 2682 3120 zwey
2713 3051 2889 3120 Briefe
2912 3070 2981 3107 an
3014 3052 3350 3121 Diognetum,
3393 3052 3593 3106 Zenant
3623 3071 3712 3106 una

2147 3142 2424 3211 Serenum,
2467 3146 2780 3199 verteutscht
2827 3145 2991 3197 durch
3036 3143 3163 3199 Joh.
3205 3142 3329 3198 Otto
3376 3143 3624 3214 Clitsing,
3670 3148 3713 3197 in

2150 3234 2394 3303 ejusdem
2426 3254 2439 3289 z
2466 3234 2642 3295 Briefe
2682 3238 2790 3290 und
2820 3235 3083 3306 Schriften
3120 3237 3212 3291 der
3235 3236 3478 3305 Apostol.
3507 3236 3714 3291 Manna

2147 3323 2364 3394 (llamb.
2396 3325 2553 3391 i723,
2589 3326 2775 3397 in—8"),
2804 3342 2857 3396 p.
2882 3326 2986 3380 425
3012 3341 3132 3396 sqq.

2216 3417 2273 3472 S.
2297 3416 2498 3472 Justini
2537 3417 2691 3489 Brief
2711 3437 2781 3473 an
2817 3420 2915 3472 den
2948 3418 3185 3487 Diagnet,
3213 3434 3313 3471 aus
3339 3418 3457 3470 dem
3486 3417 3712 3471 Griechi-

2143 3511 2299 3564 schen
2344 3510 2603 3563 tibersetzt
2630 3510 2795 3563 durch
2833 3510 3093 3578 Augustin
3122 3506 3335 3563 Gabriel
3367 3508 3592 3575 Gehlen,
3619 3512 3665 3563 in
3696 3529 3708 3562 :

2144 3601 2360 3655 Bremer
2385 3601 2494 3655 und
2530 3600 2859 3656 Verdensrhe
2884 3600 3133 3655 Biblioth.
3154 3600 3275 3655 Vol.
3305 3600 3342 3666 Ι,
3370 3618 3427 3671 p.
3450 3617 3489 3655 ll
3511 3601 3711 3670 (llamb.

2143 3692 2303 3757 1755,
2344 3694 2396 3747 in
2426 3693 2529 3765 8°),
2560 3710 2612 3765 p.
2643 3695 2743 3750 2'21
2782 3710 2905 3764 sqq.

2212 3788 2471 3843 Eamdem
2530 3790 2811 3858 epistolam
2860 3789 3025 3845 vertit
3073 3789 3126 3847 J.
3171 3789 3245 3846 Μ.
3288 3790 3470 3845 Sailer
3507 3789 3712 3858 :Briefe

2140 3898 2237 3935 aus
2288 3880 2427 3935 allen
2456 3881 2888 3938 Jahrhunderten
2927 3885 3023 3938 der
3061 3885 3267 3939 christl.
3310 3883 3711 3954 Zeitrechnuug,

2139 3972 2271 4028 fasc.
2309 3989 2321 4027 ι
2357 3973 2593 4042 (Monac.
2624 3975 2785 4035 1800,
2820 3977 3001 4044 iit-8°),
3031 3993 3083 4045 p.
3109 3977 3177 4032 39
3205 3994 3326 4047 sqq.

2207 4063 2419 4117 lustius
2468 4065 2557 4119 des
2605 4063 2914 4136 Martyrers.
2943 4069 3081 4121 eines
3120 4070 3325 4125 christl.
3361 4070 3709 4140 Philosophen

2136 4172 2230 4208 aus
2260 4157 2377 4207 dem
2416 4155 2625 4226 Anfang
2650 4160 2738 4209 des
2765 4160 2976 4211 zweiten
3011 4158 3426 4227 Jahrhunderts,
3453 4164 3711 4232 Gesprticlt

2135 4267 2232 4303 von
2271 4251 2364 4303 der
2391 4249 2665 4306 Wahrheit
2705 4254 2815 4306 and
2867 4251 3200 4308 Co'ttlichlteit
3230 4254 3325 4308 der
3364 4255 3552 4315 christ.
3582 4256 3713 4310 Reli-

2133 4344 2256 4414 gion
2284 4346 2374 4397 mit
2398 4346 2515 4399 dem
2541 4345 2717 4400 Juden
2753 4345 3023 4415 Tryphon.
3048 4347 3157 4400 Aus
3183 4346 3302 4401 dem
3325 4344 3542 4404 Criech.
3567 4352 3711 4402 fiber-

456 4445 547 4500 bet
587 4444 757 4502 hocce
785 4462 921 4515 opus
955 4462 971 4505 ;
1013 4447 1109 4501 Le;
1140 4445 1298 4501 Ρὲνεε
1329 4447 1395 4501 de
1418 4447 1638 4515 I'Eglise
1663 4485 1679 4508 ,
1709 4446 1939 4498 tradam
1968 4460 2032 4498 en
2131 4449 2259 4491 seut
2291 4440 2399 4491 und
2434 4439 2527 4492 mit
2554 4439 2699 4492 einer
2731 4436 2964 4494 Vorrede
2988 4441 3134 4492 nebst
3161 4440 3277 4493 dein
3310 4438 3485 4494 Leben
3510 4440 3711 4493 Justins

455 4536 710 4605 ﬂammis,
736 4554 963 4609 ouvrage
988 4539 1165 4607 publié
1204 4555 1301 4607 par
1331 4537 1409 4593 Η.
1440 4539 1503 4591 de
1532 4536 1781 4591 Genoude
1807 4547 1855 4589 et
1883 4537 2037 4590 dédié
2068 4536 2111 4589 D
2140 4531 2372 4600 hegleitet
2410 4548 2503 4585 ron
2556 4529 2627 4585 Ν.
2658 4547 2758 4585 ron
2790 4531 2997 4597 Brunn,
3028 4529 3251 4601 Pfarrer
3282 4548 3347 4584 zu
3375 4531 3461 4586 St.
3494 4531 3706 4586 Martia.

453 4628 487 4682 ti
514 4626 887 4701 Monseigneur
909 4632 1262 4700 l‘archevéque
1286 4631 1350 4684 de
1374 4627 1551 4683 Paris.
1576 4628 1723 4683 Tant.
1748 4626 1798 4682 1.
1830 4628 1896 4699 (Α
1921 4626 2030 4681 Pa-
2131 4621 2288 4677 Basel
2320 4623 2476 4691 l822,
2504 4627 2667 4680 iit-8°.
2698 4654 2767 4665 -—
2805 4624 2943 4679 Fere
2973 4625 3106 4679 nihil
3139 4626 3243 4679 nisi
3280 4625 3501 4678 titulum
3536 4624 3709 4678 Dialo-

455 4719 556 4782 ris,
583 4719 711 4774 chez
740 4721 927 4790 Sapio,
953 4722 1427 4783 libraire-éditeur,
1464 4724 1668 4786 Μελίη
1698 4719 1901 4785 Sévres,
1936 4718 2027 4782 16,
2128 4731 2224 4784 gus
2242 4718 2471 4783 praebuit
2494 4718 2618 4772 huic
2650 4718 2817 4773 libro:
2848 4717 3094 4787 Tryphon
3119 4720 3227 4773 und
3249 4718 3430 4773 Justin
3455 4719 3589 4772 oder
3609 4735 3711 4772 vom

454 4824 505 4870 et
533 4817 605 4870 du
629 4813 897 4888 Doyenné,
933 4817 1022 4880 12,
1055 4816 1214 4880 1857,
1248 4815 1301 4869 in
1316 4814 1435 4878 -8°),
1470 4829 1522 4882 p.
1554 4813 1658 4868 505
1688 4830 1814 4884 sqq.
2127 4805 2443 4863 ludentum.
2488 4808 2587 4862 Mit
2616 4811 2758 4863 einer
2796 4809 3026 4865 Vorrede
3056 4828 3124 4863 an
3163 4808 3335 4863 llerrn
3362 4808 3544 4863 Moses
3573 4810 3712 4864 Men.

524 4910 809 4980 Anglicas:
851 4908 957 4963 The
1002 4908 1278 4978 Apologies
1325 4906 1386 4975 of
1414 4905 1597 4960 Justin
1637 4906 1867 4973 Martyr,
1899 4907 2027 4961 Ter-
2128 4896 2371 4957 delssohn
2398 4915 2492 4953 von
2521 4900 2699 4953 Franz
2722 4900 3212 4956 Ciissmann.Wien
3252 4898 3415 4966 1785,
3453 4901 3625 4955 isi-8°.

452 5003 647 5058 tullian
663 5002 768 5057 and
787 5001 1054 5056 Minucius
1080 4998 1239 5053 Felix
1267 5000 1323 5052 in
1345 4998 1554 5067 defense
1579 4999 1643 5063 of
1662 5001 1748 5053 the
1775 4999 2029 5054 christian
2199 4991 2303 5046 Des
2341 4993 2567 5062 heiligen
2599 4992 2811 5048 Weisen
2856 4995 2963 5046 und
2994 4993 3317 5062 Blutzeugen
3342 4993 3601 5048 Justinus
3631 4995 3711 5053 ll.)

455 5094 695 5165 religion,
743 5094 865 5149 with
908 5093 993 5148 tlte
1029 5091 1422 5162 Commonitory
1463 5091 1523 5159 of
1553 5090 1857 5146 Vincentius
1888 5090 2029 5147 Liri-
2129 5082 2510 5154 Schntzschrit't
2555 5084 2641 5154 fur
2681 5085 2766 5138 die
2808 5084 3045 5139 Christcn
3076 5125 3090 5147 ,
3137 5086 3189 5138 in
3226 5101 3239 5137 :
3278 5084 3571 5138 Denkmale
3627 5087 3714 5136 der

456 5186 653 5252 nensis,
691 5185 1006 5254 concerning
1038 5185 1123 5238 the
1153 5183 1414 5251 primitiae
1443 5183 1556 5237 rule
1584 5185 1645 5251 of
1668 5183 1826 5254 faith,
1853 5194 2028 5239 trum.
2128 5176 2335 5229 christl.
2365 5175 2711 5233 Glaubens-u.
2742 5173 3057 5228 Sittenlehre
3102 5190 3199 5227 aus
3247 5174 3390 5226 allen
3434 5174 3708 5227 Jahrhun-

452 5278 594 5332 lated
634 5278 771 5347 from
820 5276 957 5329 their
992 5275 1250 5343 original:
1280 5274 1400 5327 with
1430 5286 1574 5329 notes
1604 5274 1688 5342 for
1717 5276 1802 5329 the
1827 5276 2027 5330 advan-
2127 5270 2305 5323 deflet!
2334 5267 2549 5339 gewlibll
2592 5269 2699 5321 und
2730 5268 2985 5321 ﬁberw‘zl
3022 5283 3117 5320 υοη
3156 5265 3193 5318 ιῘ
3199 5303 3214 5319 ο
3251 5264 3330 5318 Μ.
3364 5266 3549 5320 Deliis.
3580 5263 3636 5319 Τ.
3673 5263 3709 5325 Ιν

453 5376 569 5437 tage
589 5367 779 5437 chieﬂy
806 5366 869 5433 of
887 5365 1090 5432 english
1122 5364 1332 5416 readers
1358 5364 1464 5417 and
1487 5381 1520 5417 a
1545 5364 1888 5436 preliminary
1916 5366 2028 5419 dis-
2130 5364 2261 5419 fasc.
2297 5378 2333 5417 tl
2360 5362 2612 5431 (Vindob.
2636 5360 2795 5424 1795,
2828 5360 3015 5430 iit-8'),
3050 5376 3101 5429 p.
3131 5360 3194 5416 2|
3224 5374 3345 5428 sqq.

452 5475 637 5515 course
677 5475 824 5547 upon.
856 5459 981 5512 each
1017 5455 1227 5512 author.
1264 5455 1521 5526 Together
1547 5462 1668 5514 with
1696 5478 1727 5513 a
1755 5461 2028 5532 prefatory
2196 5454 2442 5509 Justinus
2466 5455 2556 5511 des
2586 5452 2876 5524 Martyrers
2903 5454 3079 5507 sweite
3109 5452 3358 5521 Apologie
3381 5454 3494 5504 und
3518 5450 3709 5505 Betoeis

2127 5614 2324 5681 (Paris.
2358 5614 2513 5675 1661,
2546 5611 2624 5679 ι),
2650 5626 2703 5679 p.
2741 5612 2763 5667 1
2803 5628 2948 5681 sqq.,
2972 5618 3136 5678 atque
3171 5628 3183 5663 :
3219 5608 3279 5664 S.
3312 5607 3524 5681 {ustini
3549 5620 3704 5664 mart.
3732 5546 3740 5621 Ι

2129 5672 2344 5738 Ειιενεὶο
2372 5672 2628 5751 falsorum
2651 5672 2954 5734 'Aristot'elis
2978 5672 3543 5751 dogmatum,Latiue.
3564 5681 3703 5730 (Sail.

2130 5750 2384 5816 Postello,
2408 5755 2461 5805 in
2492 5753 2820 5805 tenebrarum
2858 5753 3300 5821 Babylonicarum
3325 5750 3708 5821 dispulsionem

2130 5826 2427 5893 interprete.
2468 5821 2644 5876 Paris.
2680 5824 2819 5877 ama!
2852 5818 3055 5879 Seluist.
3098 5818 3148 5878 Ν
3179 5824 3277 5876 rell
3305 5837 3392 5875 uiti
3428 5820 3591 5887 l552,
3629 5820 3707 5878 lli.

522 5608 638 5689 (10)
679 5609 908 5689 Restant
929 5607 1331 5689 .ta‘nturmmodo
1358 5608 1505 5689 "haec
1559 5609 1769 5689 Pseudo
1788 5640 1810 5652 -
1830 5609 2028 5689 Justiui

452 5675 653 5745 scripta
684 5696 702 5733 :
731 5677 939 5731 Justini
970 5675 1207 5744 Epistola
1236 5675 1327 5745 [ad
1349 5676 1546 5732 Zenam
1581 5692 1628 5733 et
1657 5679 1937 5754 Serenum]
1963 5684 2033 5738 de

453 5757 557 5806 vita
580 5747 905 5806 Christiana.
938 5747 1131 5801 Latine
1151 5786 1165 5806 ,
1194 5747 1246 5797 in
1271 5746 1484 5801 Claudii
1524 5751 1844 5806 Clientelou.
1878 5768 2021 5806 IIIOII.

453 5764 557 5806 sua
580 5764 905 5809 ωιηειιαηη,
938 5764 1165 5807 haunt},
1194 5764 1246 5797 m
1271 5764 1484 5801 mauult
1524 5764 1844 5811 thaﬂlelﬂll,
1878 5768 2021 5806 IIIOII.

445 5816 653 5875 Beued.
702 5815 1024 5873 Bibliotheca
1074 5814 1293 5869 Patrum
1342 5820 1590 5888 ascetica,
1641 5830 1744 5878 etc.
1796 5822 1949 5880 Tum.
2004 5823 2026 5880 l
