  <div class='ocr_page' id='page_1' title='image "/cluster/home/n/w/nwhite01/storage/ocr_20150623/6/hvd.32044019206606/117.png"; bbox 0 0 3764 6494; ppageno 0'>
   <div class='ocr_carea' id='block_1_1' title="bbox 391 384 500 441">
    <p class='ocr_par' dir='ltr' id='par_1_1' title="bbox 391 384 500 441">
     <span class='ocr_line' id='line_1_1' title="bbox 391 384 500 441; baseline 0.018 -2"><span class='ocrx_word' id='word_1_1' title='bbox 391 384 500 441; x_wconf 73' lang='grc'><strong><em>219</em></strong></span> 
     </span>
    </p>
   </div>
   <div class='ocr_carea' id='block_1_2' title="bbox 1316 376 2747 443">
    <p class='ocr_par' dir='ltr' id='par_1_2' title="bbox 1316 376 2747 443">
     <span class='ocr_line' id='line_1_2' title="bbox 1316 376 2747 443; baseline -0.004 -1"><span class='ocrx_word' id='word_1_2' title='bbox 1316 386 1375 443; x_wconf 89' lang='lat' dir='ltr'><strong><em>S.</em></strong></span> <span class='ocrx_word' id='word_1_3' title='bbox 1416 376 1759 443; x_wconf 78' lang='lat' dir='ltr'><strong><em>JUSTINUS</em></strong></span> <span class='ocrx_word' id='word_1_4' title='bbox 1789 380 2276 441; x_wconf 82' lang='lat' dir='ltr'><strong><em>PHILOSOPHUS</em></strong></span> <span class='ocrx_word' id='word_1_5' title='bbox 2310 382 2401 437; x_wconf 85' lang='lat' dir='ltr'><strong><em>ET</em></strong></span> <span class='ocrx_word' id='word_1_6' title='bbox 2434 381 2747 437; x_wconf 77' lang='lat' dir='ltr'><strong><em>MARTYR.</em></strong></span> 
     </span>
    </p>
   </div>
   <div class='ocr_carea' id='block_1_3' title="bbox 3559 379 3665 435">
    <p class='ocr_par' dir='ltr' id='par_1_3' title="bbox 3559 379 3665 435">
     <span class='ocr_line' id='line_1_3' title="bbox 3559 379 3665 435; baseline 0 0"><span class='ocrx_word' id='word_1_7' title='bbox 3559 379 3665 435; x_wconf 69' lang='grc'><strong><em>220</em></strong></span> 
     </span>
    </p>
   </div>
   <div class='ocr_carea' id='block_1_4' title="bbox 393 496 3668 575">
    <p class='ocr_par' dir='ltr' id='par_1_4' title="bbox 393 496 3668 575">
     <span class='ocr_line' id='line_1_4' title="bbox 393 496 3668 575; baseline -0.003 -15"><span class='ocrx_word' id='word_1_8' title='bbox 393 505 415 575; x_wconf 92' lang='grc'><strong>(</strong></span> <span class='ocrx_word' id='word_1_9' title='bbox 439 504 537 560; x_wconf 88' lang='lat' dir='ltr'><strong><em>fol.</em></strong></span> <span class='ocrx_word' id='word_1_10' title='bbox 570 501 679 559; x_wconf 67' lang='lat'><strong><em>32‘!</em></strong></span> <span class='ocrx_word' id='word_1_11' title='bbox 706 504 741 561; x_wconf 92' lang='lat' dir='ltr'><strong><em>b</em></strong></span> <span class='ocrx_word' id='word_1_12' title='bbox 762 534 833 546; x_wconf 89' lang='lat'><strong><em>—</em></strong></span> <span class='ocrx_word' id='word_1_13' title='bbox 856 503 967 561; x_wconf 68' lang='grc'><strong><em>’518</em></strong></span> <span class='ocrx_word' id='word_1_14' title='bbox 988 506 1029 574; x_wconf 87' lang='grc'><strong><em>).</em></strong></span> <span class='ocrx_word' id='word_1_15' title='bbox 1058 506 1116 561; x_wconf 74' lang='grc' dir='ltr'><strong><em>τ’</em></strong></span> <span class='ocrx_word' id='word_1_16' title='bbox 1147 507 1296 561; x_wconf 88' lang='lat' dir='ltr'><strong><em>Idem</em></strong></span> <span class='ocrx_word' id='word_1_17' title='bbox 1330 506 1392 561; x_wconf 88' lang='lat' dir='ltr'><strong><em>de</em></strong></span> <span class='ocrx_word' id='word_1_18' title='bbox 1421 508 1803 561; x_wconf 70' lang='lat' dir='ltr'><strong><em>resurrectione</em></strong></span> <span class='ocrx_word' id='word_1_19' title='bbox 1836 520 1982 558; x_wconf 88' lang='lat' dir='ltr'><strong><em>mor-</em></strong></span> <span class='ocrx_word' id='word_1_20' title='bbox 2012 511 2061 567; x_wconf 70' lang='grc' dir='ltr'>Α</span> <span class='ocrx_word' id='word_1_21' title='bbox 2091 504 2224 558; x_wconf 91' lang='lat' dir='ltr'><strong><em>nihil</em></strong></span> <span class='ocrx_word' id='word_1_22' title='bbox 2253 503 2353 558; x_wconf 83' lang='lat' dir='ltr'><strong><em>nisi</em></strong></span> <span class='ocrx_word' id='word_1_23' title='bbox 2386 502 2650 568; x_wconf 81' lang='lat' dir='ltr'><strong><em>rubricas,</em></strong></span> <span class='ocrx_word' id='word_1_24' title='bbox 2686 500 2742 554; x_wconf 93' lang='lat' dir='ltr'><strong><em>b.</em></strong></span> <span class='ocrx_word' id='word_1_25' title='bbox 2773 514 2823 556; x_wconf 92' lang='lat' dir='ltr'><strong><em>e.</em></strong></span> <span class='ocrx_word' id='word_1_26' title='bbox 2854 498 3062 554; x_wconf 83' lang='lat' dir='ltr'><strong><em>indices</em></strong></span> <span class='ocrx_word' id='word_1_27' title='bbox 3106 510 3291 553; x_wconf 86' lang='lat' dir='ltr'><strong><em>rerqu</em></strong></span> <span class='ocrx_word' id='word_1_28' title='bbox 3350 497 3423 552; x_wconf 91' lang='lat' dir='ltr'><strong><em>de</em></strong></span> <span class='ocrx_word' id='word_1_29' title='bbox 3472 496 3668 566; x_wconf 78' lang='lat' dir='ltr'><strong><em>quibus</em></strong></span> 
     </span>
    </p>
   </div>
   <div class='ocr_carea' id='block_1_5' title="bbox 392 596 1983 670">
    <p class='ocr_par' dir='ltr' id='par_1_5' title="bbox 392 596 1983 670">
     <span class='ocr_line' id='line_1_5' title="bbox 392 596 1983 670; baseline -0.001 -16"><span class='ocrx_word' id='word_1_30' title='bbox 392 610 605 654; x_wconf 85' lang='lat' dir='ltr'><strong><em>tuorum</em></strong></span> <span class='ocrx_word' id='word_1_31' title='bbox 635 607 655 670; x_wconf 61' lang='grc' dir='ltr'>ί</span> <span class='ocrx_word' id='word_1_32' title='bbox 682 598 774 654; x_wconf 71' lang='lat' dir='ltr'><strong><em>fol.</em></strong></span> <span class='ocrx_word' id='word_1_33' title='bbox 806 599 913 654; x_wconf 67' lang='grc'><strong><em>548</em></strong></span> <span class='ocrx_word' id='word_1_34' title='bbox 940 601 973 656; x_wconf 87' lang='grc'><strong><em>1)</em></strong></span> <span class='ocrx_word' id='word_1_35' title='bbox 996 631 1069 642; x_wconf 95' lang='grc'><strong><em>-</em></strong></span> <span class='ocrx_word' id='word_1_36' title='bbox 1102 601 1206 655; x_wconf 78' lang='grc'><strong><em>367</em></strong></span> <span class='ocrx_word' id='word_1_37' title='bbox 1245 600 1341 670; x_wconf 86' lang='grc'><strong>1)).</strong></span> <span class='ocrx_word' id='word_1_38' title='bbox 1386 601 1442 654; x_wconf 82' lang='grc'><strong><em>8⁸</em></strong></span> <span class='ocrx_word' id='word_1_39' title='bbox 1470 599 1685 653; x_wconf 85' lang='lat' dir='ltr'><strong><em>Eusebii</em></strong></span> <span class='ocrx_word' id='word_1_40' title='bbox 1720 596 1983 666; x_wconf 79' lang='lat' dir='ltr'><strong><em>Pamphili</em></strong></span> 
     </span>
    </p>
   </div>
   <div class='ocr_carea' id='block_1_6' title="bbox 392 687 1986 761">
    <p class='ocr_par' dir='ltr' id='par_1_6' title="bbox 392 687 1986 761">
     <span class='ocr_line' id='line_1_6' title="bbox 392 687 1986 761; baseline -0.002 -17"><span class='ocrx_word' id='word_1_41' title='bbox 392 691 641 745; x_wconf 72' lang='lat' dir='ltr'><strong><em>adversus</em></strong></span> <span class='ocrx_word' id='word_1_42' title='bbox 672 687 971 745; x_wconf 78' lang='lat' dir='ltr'><strong><em>Hieroclem</em></strong></span> <span class='ocrx_word' id='word_1_43' title='bbox 1001 691 1137 745; x_wconf 89' lang='lat' dir='ltr'><strong><em>liber</em></strong></span> <span class='ocrx_word' id='word_1_44' title='bbox 1162 690 1279 761; x_wconf 84' lang='lat' dir='ltr'><strong><em>(fol.</em></strong></span> <span class='ocrx_word' id='word_1_45' title='bbox 1310 690 1415 744; x_wconf 71' lang='lat'><strong><em>“568</em></strong></span> <span class='ocrx_word' id='word_1_46' title='bbox 1435 720 1504 729; x_wconf 91' lang='lat'><strong>—</strong></span> <span class='ocrx_word' id='word_1_47' title='bbox 1525 689 1621 744; x_wconf 74' lang='grc'><strong><em>401</em></strong></span> <span class='ocrx_word' id='word_1_48' title='bbox 1662 688 1735 757; x_wconf 91' lang='lat' dir='ltr'><strong><em>b).</em></strong></span> <span class='ocrx_word' id='word_1_49' title='bbox 1764 688 1821 743; x_wconf 85' lang='lat'><strong><em>9&#39;</em></strong></span> <span class='ocrx_word' id='word_1_50' title='bbox 1845 689 1986 741; x_wconf 81' lang='lat' dir='ltr'><strong><em>Ano-</em></strong></span> 
     </span>
    </p>
   </div>
   <div class='ocr_carea' id='block_1_7' title="bbox 393 782 1983 855">
    <p class='ocr_par' dir='ltr' id='par_1_7' title="bbox 393 782 1983 855">
     <span class='ocr_line' id='line_1_7' title="bbox 393 782 1983 855; baseline -0.008 -11"><span class='ocrx_word' id='word_1_51' title='bbox 393 785 536 852; x_wconf 78' lang='lat' dir='ltr'><strong><em>nymi</em></strong></span> <span class='ocrx_word' id='word_1_52' title='bbox 581 783 933 855; x_wconf 73' lang='lat' dir='ltr'><strong><em>fragmentum</em></strong></span> <span class='ocrx_word' id='word_1_53' title='bbox 984 788 1049 840; x_wconf 88' lang='lat' dir='ltr'><strong><em>de</em></strong></span> <span class='ocrx_word' id='word_1_54' title='bbox 1090 786 1238 853; x_wconf 90' lang='lat' dir='ltr'><strong><em>loco,</em></strong></span> <span class='ocrx_word' id='word_1_55' title='bbox 1285 786 1425 839; x_wconf 81' lang='lat' dir='ltr'><strong><em>unde</em></strong></span> <span class='ocrx_word' id='word_1_56' title='bbox 1463 783 1736 837; x_wconf 69' lang='lat' dir='ltr'><strong><em>accersivit</em></strong></span> <span class='ocrx_word' id='word_1_57' title='bbox 1773 782 1983 835; x_wconf 82' lang='lat' dir='ltr'><strong><em>asinum</em></strong></span> 
     </span>
    </p>
   </div>
   <div class='ocr_carea' id='block_1_8' title="bbox 392 872 1985 947">
    <p class='ocr_par' dir='ltr' id='par_1_8' title="bbox 392 872 1985 947">
     <span class='ocr_line' id='line_1_8' title="bbox 392 872 1985 947; baseline -0.002 -17"><span class='ocrx_word' id='word_1_58' title='bbox 392 873 645 930; x_wconf 83' lang='lat' dir='ltr'><strong><em>Seruator</em></strong></span> <span class='ocrx_word' id='word_1_59' title='bbox 672 875 905 943; x_wconf 75' lang='lat' dir='ltr'><strong><em>(addidit</em></strong></span> <span class='ocrx_word' id='word_1_60' title='bbox 939 877 1042 932; x_wconf 90' lang='lat' dir='ltr'><strong><em>hoc</em></strong></span> <span class='ocrx_word' id='word_1_61' title='bbox 1074 876 1437 946; x_wconf 77' lang='lat' dir='ltr'><strong><em>fragmentum</em></strong></span> <span class='ocrx_word' id='word_1_62' title='bbox 1469 874 1590 947; x_wconf 87' lang='lat' dir='ltr'><strong><em>[fol.</em></strong></span> <span class='ocrx_word' id='word_1_63' title='bbox 1624 873 1730 927; x_wconf 71' lang='grc'><strong><em>402</em></strong></span> <span class='ocrx_word' id='word_1_64' title='bbox 1756 872 1866 945; x_wconf 91' lang='lat' dir='ltr'><strong><em>sq.]</em></strong></span> <span class='ocrx_word' id='word_1_65' title='bbox 1896 873 1985 929; x_wconf 88' lang='lat' dir='ltr'><strong><em>lit-</em></strong></span> 
     </span>
    </p>
   </div>
   <div class='ocr_carea' id='block_1_9' title="bbox 394 964 1981 1031">
    <p class='ocr_par' dir='ltr' id='par_1_9' title="bbox 394 964 1981 1031">
     <span class='ocr_line' id='line_1_9' title="bbox 394 964 1981 1031; baseline 0 -12"><span class='ocrx_word' id='word_1_66' title='bbox 394 965 526 1019; x_wconf 84' lang='lat' dir='ltr'><strong><em>teris</em></strong></span> <span class='ocrx_word' id='word_1_67' title='bbox 562 966 871 1021; x_wconf 82' lang='lat' dir='ltr'><strong><em>urcialibus</em></strong></span> <span class='ocrx_word' id='word_1_68' title='bbox 918 968 1222 1023; x_wconf 85' lang='lat' dir='ltr'><strong><em>minoribus</em></strong></span> <span class='ocrx_word' id='word_1_69' title='bbox 1268 976 1554 1021; x_wconf 86' lang='lat' dir='ltr'><strong><em>exaratum</em></strong></span> <span class='ocrx_word' id='word_1_70' title='bbox 1588 964 1728 1020; x_wconf 89' lang='lat' dir='ltr'><strong><em>alius</em></strong></span> <span class='ocrx_word' id='word_1_71' title='bbox 1775 965 1981 1031; x_wconf 90' lang='lat' dir='ltr'><strong><em>scriba,</em></strong></span> 
     </span>
    </p>
   </div>
   <div class='ocr_carea' id='block_1_10' title="bbox 391 1056 1981 1128">
    <p class='ocr_par' dir='ltr' id='par_1_10' title="bbox 391 1056 1981 1128">
     <span class='ocr_line' id='line_1_10' title="bbox 391 1056 1981 1128; baseline 0.002 -19"><span class='ocrx_word' id='word_1_72' title='bbox 391 1057 482 1126; x_wconf 87' lang='lat' dir='ltr'><strong>qui</strong></span> <span class='ocrx_word' id='word_1_73' title='bbox 535 1073 602 1112; x_wconf 64' lang='lat' dir='ltr'><strong><em>ex</em></strong></span> <span class='ocrx_word' id='word_1_74' title='bbox 656 1058 842 1124; x_wconf 83' lang='lat' dir='ltr'><strong><em>llasii,</em></strong></span> <span class='ocrx_word' id='word_1_75' title='bbox 870 1061 1076 1114; x_wconf 87' lang='lat' dir='ltr'><strong><em>veteris</em></strong></span> <span class='ocrx_word' id='word_1_76' title='bbox 1123 1060 1198 1113; x_wconf 86' lang='lat' dir='ltr'><strong><em>rei</em></strong></span> <span class='ocrx_word' id='word_1_77' title='bbox 1238 1058 1605 1128; x_wconf 73' lang='lat' dir='ltr'><strong><em>diplomatica:</em></strong></span> <span class='ocrx_word' id='word_1_78' title='bbox 1637 1056 1981 1126; x_wconf 85' lang='lat' dir='ltr'><strong><em>peritissimi,</em></strong></span> 
     </span>
    </p>
   </div>
   <div class='ocr_carea' id='block_1_11' title="bbox 391 1148 1980 1220">
    <p class='ocr_par' dir='ltr' id='par_1_11' title="bbox 391 1148 1980 1220">
     <span class='ocr_line' id='line_1_11' title="bbox 391 1148 1980 1220; baseline -0.001 -16"><span class='ocrx_word' id='word_1_79' title='bbox 391 1150 705 1220; x_wconf 89' lang='lat' dir='ltr'><strong><em>conjectura</em></strong></span> <span class='ocrx_word' id='word_1_80' title='bbox 751 1151 952 1205; x_wconf 75' lang='lat' dir='ltr'><strong><em>Steculo</em></strong></span> <span class='ocrx_word' id='word_1_81' title='bbox 992 1151 1203 1206; x_wconf 90' lang='lat' dir='ltr'><strong><em>decimo</em></strong></span> <span class='ocrx_word' id='word_1_82' title='bbox 1251 1149 1388 1205; x_wconf 74' lang='lat' dir='ltr'><strong><em>vixit</em></strong></span> <span class='ocrx_word' id='word_1_83' title='bbox 1432 1148 1569 1220; x_wconf 74' lang='grc'><strong>(12).</strong></span> <span class='ocrx_word' id='word_1_84' title='bbox 1611 1178 1685 1188; x_wconf 92' lang='grc'><strong><em>-</em></strong></span> <span class='ocrx_word' id='word_1_85' title='bbox 1731 1148 1783 1204; x_wconf 86' lang='lat' dir='ltr'><strong><em>Is</em></strong></span> <span class='ocrx_word' id='word_1_86' title='bbox 1813 1150 1980 1203; x_wconf 80' lang='lat' dir='ltr'><strong><em>codex</em></strong></span> 
     </span>
    </p>
   </div>
   <div class='ocr_carea' id='block_1_12' title="bbox 393 1241 1983 1317">
    <p class='ocr_par' dir='ltr' id='par_1_12' title="bbox 393 1241 1983 1317">
     <span class='ocr_line' id='line_1_12' title="bbox 393 1241 1983 1317; baseline -0.001 -20"><span class='ocrx_word' id='word_1_87' title='bbox 393 1258 556 1297; x_wconf 89' lang='lat' dir='ltr'><strong><em>manu</em></strong></span> <span class='ocrx_word' id='word_1_88' title='bbox 581 1241 799 1310; x_wconf 90' lang='lat' dir='ltr'><strong><em>Baanis,</em></strong></span> <span class='ocrx_word' id='word_1_89' title='bbox 829 1244 1031 1298; x_wconf 86' lang='lat' dir='ltr'><strong><em>notarii</em></strong></span> <span class='ocrx_word' id='word_1_90' title='bbox 1061 1246 1241 1297; x_wconf 63' lang='lat' dir='ltr'><strong><em>Arelas</em></strong></span> <span class='ocrx_word' id='word_1_91' title='bbox 1264 1241 1532 1298; x_wconf 69' lang='lat' dir='ltr'><strong><em>Cmsarea:</em></strong></span> <span class='ocrx_word' id='word_1_92' title='bbox 1558 1242 1983 1317; x_wconf 67' lang='lat' dir='ltr'><strong><em>archiepiscopi,</em></strong></span> 
     </span>
    </p>
   </div>
   <div class='ocr_carea' id='block_1_13' title="bbox 394 1335 1984 1400">
    <p class='ocr_par' dir='ltr' id='par_1_13' title="bbox 394 1335 1984 1400">
     <span class='ocr_line' id='line_1_13' title="bbox 394 1335 1984 1400; baseline -0.001 -10"><span class='ocrx_word' id='word_1_93' title='bbox 394 1351 538 1392; x_wconf 89' lang='lat' dir='ltr'><strong><em>anno</em></strong></span> <span class='ocrx_word' id='word_1_94' title='bbox 569 1337 770 1392; x_wconf 89' lang='lat' dir='ltr'><strong><em>Christi</em></strong></span> <span class='ocrx_word' id='word_1_95' title='bbox 801 1335 906 1391; x_wconf 76' lang='lat' dir='ltr'><strong><em>9M</em></strong></span> <span class='ocrx_word' id='word_1_96' title='bbox 952 1346 1212 1391; x_wconf 78' lang='lat' dir='ltr'><strong><em>exaratos</em></strong></span> <span class='ocrx_word' id='word_1_97' title='bbox 1254 1346 1373 1400; x_wconf 88' lang='lat' dir='ltr'><strong><em>est;</em></strong></span> <span class='ocrx_word' id='word_1_98' title='bbox 1409 1336 1617 1391; x_wconf 86' lang='lat' dir='ltr'><strong><em>etenim</em></strong></span> <span class='ocrx_word' id='word_1_99' title='bbox 1659 1335 1727 1390; x_wconf 91' lang='lat' dir='ltr'><strong><em>ad</em></strong></span> <span class='ocrx_word' id='word_1_100' title='bbox 1776 1336 1984 1391; x_wconf 84' lang='lat' dir='ltr'><strong><em>calcem</em></strong></span> 
     </span>
    </p>
   </div>
   <div class='ocr_carea' id='block_1_14' title="bbox 394 1425 1985 1498">
    <p class='ocr_par' dir='ltr' id='par_1_14' title="bbox 394 1425 1985 1498">
     <span class='ocr_line' id='line_1_14' title="bbox 394 1425 1985 1498; baseline 0.001 -21"><span class='ocrx_word' id='word_1_101' title='bbox 394 1425 511 1495; x_wconf 89' lang='lat' dir='ltr'><strong><em>(fol.</em></strong></span> <span class='ocrx_word' id='word_1_102' title='bbox 534 1425 628 1479; x_wconf 75' lang='grc'><strong><em>401</em></strong></span> <span class='ocrx_word' id='word_1_103' title='bbox 661 1426 716 1495; x_wconf 86' lang='lat' dir='ltr'><strong><em>b)</em></strong></span> <span class='ocrx_word' id='word_1_104' title='bbox 745 1425 946 1480; x_wconf 78' lang='lat' dir='ltr'><strong><em>habet:</em></strong></span> <span class='ocrx_word' id='word_1_105' title='bbox 987 1426 1231 1497; x_wconf 78' lang='grc' dir='ltr'><strong><em>Ἐγράφη</em></strong></span> <span class='ocrx_word' id='word_1_106' title='bbox 1266 1426 1409 1497; x_wconf 72' lang='grc' dir='ltr'>χειρὶ</span> <span class='ocrx_word' id='word_1_107' title='bbox 1443 1426 1703 1490; x_wconf 84' lang='grc' dir='ltr'><strong><em>Βαάνους,</em></strong></span> <span class='ocrx_word' id='word_1_108' title='bbox 1733 1427 1985 1498; x_wconf 81' lang='grc' dir='ltr'>νοταρίου</span> 
     </span>
    </p>
   </div>
   <div class='ocr_carea' id='block_1_15' title="bbox 406 1517 1984 1591">
    <p class='ocr_par' dir='ltr' id='par_1_15' title="bbox 406 1517 1984 1591">
     <span class='ocr_line' id='line_1_15' title="bbox 406 1517 1984 1591; baseline 0.001 -20"><span class='ocrx_word' id='word_1_109' title='bbox 406 1517 597 1587; x_wconf 80' lang='grc' dir='ltr'><strong><em>Ἀρέτα</em></strong></span> <span class='ocrx_word' id='word_1_110' title='bbox 626 1518 1054 1589; x_wconf 76' lang='grc' dir='ltr'><strong><em>ἀρχιεπισκὸπου</em></strong></span> <span class='ocrx_word' id='word_1_111' title='bbox 1086 1518 1418 1591; x_wconf 81' lang='grc' dir='ltr'><strong><em>Καισαρείας</em></strong></span> <span class='ocrx_word' id='word_1_112' title='bbox 1440 1518 1852 1583; x_wconf 79' lang='grc' dir='ltr'><strong><em>Καππαδοκίας,</em></strong></span> <span class='ocrx_word' id='word_1_113' title='bbox 1875 1518 1984 1573; x_wconf 77' lang='grc' dir='ltr'><strong><em>ἔτει</em></strong></span> 
     </span>
    </p>
   </div>
   <div class='ocr_carea' id='block_1_16' title="bbox 390 1609 1984 1683">
    <p class='ocr_par' dir='ltr' id='par_1_16' title="bbox 390 1609 1984 1683">
     <span class='ocr_line' id='line_1_16' title="bbox 390 1609 1984 1683; baseline 0.001 -20"><span class='ocrx_word' id='word_1_114' title='bbox 390 1609 598 1681; x_wconf 78' lang='grc' dir='ltr'>κόσμου</span> <span class='ocrx_word' id='word_1_115' title='bbox 648 1610 822 1675; x_wconf 65' lang='grc' dir='ltr'><strong><em>,ςυκθ</em></strong></span> <span class='ocrx_word' id='word_1_116' title='bbox 876 1616 970 1678; x_wconf 73' lang='grc' dir='ltr'><strong><em>(ει.</em></strong></span> <span class='ocrx_word' id='word_1_117' title='bbox 1005 1611 1165 1676; x_wconf 66' lang='grc'><strong><em>6422,</em></strong></span> <span class='ocrx_word' id='word_1_118' title='bbox 1221 1611 1277 1665; x_wconf 79' lang='lat' dir='ltr'><strong><em>it.</em></strong></span> <span class='ocrx_word' id='word_1_119' title='bbox 1319 1626 1369 1666; x_wconf 90' lang='lat' dir='ltr'><strong><em>e.</em></strong></span> <span class='ocrx_word' id='word_1_120' title='bbox 1400 1610 1604 1666; x_wconf 85' lang='lat' dir='ltr'><strong><em>Christi</em></strong></span> <span class='ocrx_word' id='word_1_121' title='bbox 1658 1612 1809 1683; x_wconf 75' lang='lat' dir='ltr'><strong><em>9M).</em></strong></span> <span class='ocrx_word' id='word_1_122' title='bbox 1846 1612 1984 1678; x_wconf 79' lang='lat' dir='ltr'><strong><em>Qui-</em></strong></span> 
     </span>
    </p>
   </div>
   <div class='ocr_carea' id='block_1_17' title="bbox 391 1701 1980 1773">
    <p class='ocr_par' dir='ltr' id='par_1_17' title="bbox 391 1701 1980 1773">
     <span class='ocr_line' id='line_1_17' title="bbox 391 1701 1980 1773; baseline 0.006 -22"><span class='ocrx_word' id='word_1_123' title='bbox 391 1702 514 1756; x_wconf 90' lang='lat' dir='ltr'><strong><em>dam</em></strong></span> <span class='ocrx_word' id='word_1_124' title='bbox 565 1701 680 1757; x_wconf 76' lang='lat' dir='ltr'><strong><em>VV.</em></strong></span> <span class='ocrx_word' id='word_1_125' title='bbox 739 1702 872 1767; x_wconf 85' lang='lat' dir='ltr'><strong><em>DD.,</em></strong></span> <span class='ocrx_word' id='word_1_126' title='bbox 907 1712 965 1754; x_wconf 87' lang='lat' dir='ltr'><strong><em>ut</em></strong></span> <span class='ocrx_word' id='word_1_127' title='bbox 999 1701 1307 1756; x_wconf 80' lang='lat' dir='ltr'><strong><em>llutchiuus</em></strong></span> <span class='ocrx_word' id='word_1_128' title='bbox 1357 1701 1458 1773; x_wconf 91' lang='lat' dir='ltr'><strong><em>(in</em></strong></span> <span class='ocrx_word' id='word_1_129' title='bbox 1497 1701 1707 1771; x_wconf 69' lang='lat' dir='ltr'><strong><em>prmfat.</em></strong></span> <span class='ocrx_word' id='word_1_130' title='bbox 1744 1704 1811 1757; x_wconf 89' lang='lat' dir='ltr'><strong><em>ad</em></strong></span> <span class='ocrx_word' id='word_1_131' title='bbox 1848 1704 1980 1760; x_wconf 82' lang='lat' dir='ltr'><strong><em>edit.</em></strong></span> 
     </span>
    </p>
   </div>
   <div class='ocr_carea' id='block_1_18' title="bbox 390 1790 1985 1863">
    <p class='ocr_par' dir='ltr' id='par_1_18' title="bbox 390 1790 1985 1863">
     <span class='ocr_line' id='line_1_18' title="bbox 390 1790 1985 1863; baseline 0.001 -19"><span class='ocrx_word' id='word_1_132' title='bbox 390 1793 609 1862; x_wconf 76' lang='lat' dir='ltr'><strong><em>Apolog.</em></strong></span> <span class='ocrx_word' id='word_1_133' title='bbox 638 1808 774 1857; x_wconf 89' lang='lat' dir='ltr'><strong><em>sec.,</em></strong></span> <span class='ocrx_word' id='word_1_134' title='bbox 803 1793 932 1856; x_wconf 88' lang='lat' dir='ltr'><strong><em>etc.)</em></strong></span> <span class='ocrx_word' id='word_1_135' title='bbox 962 1802 1017 1845; x_wconf 91' lang='lat' dir='ltr'><strong><em>et</em></strong></span> <span class='ocrx_word' id='word_1_136' title='bbox 1045 1790 1312 1845; x_wconf 81' lang='lat' dir='ltr'><strong><em>Nourrius</em></strong></span> <span class='ocrx_word' id='word_1_137' title='bbox 1359 1792 1376 1861; x_wconf 96' lang='lat'><strong>(</strong></span> <span class='ocrx_word' id='word_1_138' title='bbox 1402 1792 1437 1845; x_wconf 93' lang='lat' dir='ltr'><strong><em>l.</em></strong></span> <span class='ocrx_word' id='word_1_139' title='bbox 1468 1807 1546 1859; x_wconf 91' lang='lat' dir='ltr'><strong><em>c.,</em></strong></span> <span class='ocrx_word' id='word_1_140' title='bbox 1574 1808 1629 1863; x_wconf 88' lang='lat' dir='ltr'><strong><em>p.</em></strong></span> <span class='ocrx_word' id='word_1_141' title='bbox 1660 1791 1764 1847; x_wconf 73' lang='lat'><strong><em>468</em></strong></span> <span class='ocrx_word' id='word_1_142' title='bbox 1790 1793 1828 1861; x_wconf 86' lang='lat'><strong><em>),</em></strong></span> <span class='ocrx_word' id='word_1_143' title='bbox 1860 1808 1985 1862; x_wconf 84' lang='lat' dir='ltr'><strong><em>per-</em></strong></span> 
     </span>
    </p>
   </div>
   <div class='ocr_carea' id='block_1_19' title="bbox 2089 590 3670 666">
    <p class='ocr_par' dir='ltr' id='par_1_19' title="bbox 2089 590 3670 666">
     <span class='ocr_line' id='line_1_19' title="bbox 2089 590 3670 666; baseline -0.004 -16"><span class='ocrx_word' id='word_1_144' title='bbox 2089 598 2141 650; x_wconf 91' lang='lat' dir='ltr'><strong><em>in</em></strong></span> <span class='ocrx_word' id='word_1_145' title='bbox 2176 604 2327 651; x_wconf 78' lang='lat' dir='ltr'><strong><em>textu</em></strong></span> <span class='ocrx_word' id='word_1_146' title='bbox 2354 595 2555 666; x_wconf 89' lang='lat' dir='ltr'><strong><em>agitur,</em></strong></span> <span class='ocrx_word' id='word_1_147' title='bbox 2579 598 2662 647; x_wconf 86' lang='lat' dir='ltr'><strong><em>vel</em></strong></span> <span class='ocrx_word' id='word_1_148' title='bbox 2688 594 2879 647; x_wconf 83' lang='lat' dir='ltr'><strong><em>breves</em></strong></span> <span class='ocrx_word' id='word_1_149' title='bbox 2906 598 3065 646; x_wconf 83' lang='lat' dir='ltr'><strong><em>notas</em></strong></span> <span class='ocrx_word' id='word_1_150' title='bbox 3120 590 3670 661; x_wconf 85' lang='lat' dir='ltr'><strong><em>grammatico-asce-</em></strong></span> 
     </span>
    </p>
   </div>
   <div class='ocr_carea' id='block_1_20' title="bbox 2089 682 3671 753">
    <p class='ocr_par' dir='ltr' id='par_1_20' title="bbox 2089 682 3671 753">
     <span class='ocr_line' id='line_1_20' title="bbox 2089 682 3671 753; baseline -0.005 -10"><span class='ocrx_word' id='word_1_151' title='bbox 2089 689 2224 743; x_wconf 88' lang='lat' dir='ltr'><strong><em>ticas</em></strong></span> <span class='ocrx_word' id='word_1_152' title='bbox 2252 687 2593 750; x_wconf 85' lang='lat' dir='ltr'><strong><em>contineant,</em></strong></span> <span class='ocrx_word' id='word_1_153' title='bbox 2634 686 2721 739; x_wconf 92' lang='lat' dir='ltr'><strong><em>vix</em></strong></span> <span class='ocrx_word' id='word_1_154' title='bbox 2751 699 2818 739; x_wconf 89' lang='lat' dir='ltr'><strong><em>ac</em></strong></span> <span class='ocrx_word' id='word_1_155' title='bbox 2856 699 2924 740; x_wconf 91' lang='lat' dir='ltr'><strong><em>ne</em></strong></span> <span class='ocrx_word' id='word_1_156' title='bbox 2951 684 3041 738; x_wconf 91' lang='lat' dir='ltr'><strong><em>vix</em></strong></span> <span class='ocrx_word' id='word_1_157' title='bbox 3071 684 3290 752; x_wconf 87' lang='lat' dir='ltr'><strong><em>quidem</em></strong></span> <span class='ocrx_word' id='word_1_158' title='bbox 3341 682 3510 753; x_wconf 89' lang='lat' dir='ltr'><strong><em>digna</em></strong></span> <span class='ocrx_word' id='word_1_159' title='bbox 3547 689 3671 737; x_wconf 87' lang='lat' dir='ltr'><strong><em>sunt</em></strong></span> 
     </span>
    </p>
   </div>
   <div class='ocr_carea' id='block_1_21' title="bbox 2086 772 3672 849">
    <p class='ocr_par' dir='ltr' id='par_1_21' title="bbox 2086 772 3672 849">
     <span class='ocr_line' id='line_1_21' title="bbox 2086 772 3672 849; baseline -0.006 -15"><span class='ocrx_word' id='word_1_160' title='bbox 2086 794 2207 849; x_wconf 73' lang='lat' dir='ltr'><strong><em>qua:</em></strong></span> <span class='ocrx_word' id='word_1_161' title='bbox 2235 787 2421 834; x_wconf 88' lang='lat' dir='ltr'><strong><em>nostro</em></strong></span> <span class='ocrx_word' id='word_1_162' title='bbox 2453 787 2699 846; x_wconf 86' lang='lat' dir='ltr'><strong><em>tempore</em></strong></span> <span class='ocrx_word' id='word_1_163' title='bbox 2750 775 2893 847; x_wconf 82' lang='lat' dir='ltr'><strong><em>typis</em></strong></span> <span class='ocrx_word' id='word_1_164' title='bbox 2939 774 3345 830; x_wconf 85' lang='lat' dir='ltr'><strong><em>describantur.</em></strong></span> <span class='ocrx_word' id='word_1_165' title='bbox 3375 772 3450 829; x_wconf 87' lang='lat' dir='ltr'><strong><em>Ut</em></strong></span> <span class='ocrx_word' id='word_1_166' title='bbox 3485 786 3672 826; x_wconf 81' lang='lat' dir='ltr'><strong><em>exem-</em></strong></span> 
     </span>
    </p>
   </div>
   <div class='ocr_carea' id='block_1_22' title="bbox 2087 865 3670 940">
    <p class='ocr_par' dir='ltr' id='par_1_22' title="bbox 2087 865 3670 940">
     <span class='ocr_line' id='line_1_22' title="bbox 2087 865 3670 940; baseline -0.004 -16"><span class='ocrx_word' id='word_1_167' title='bbox 2087 871 2234 940; x_wconf 92' lang='lat' dir='ltr'><strong><em>plum</em></strong></span> <span class='ocrx_word' id='word_1_168' title='bbox 2265 869 2513 937; x_wconf 68' lang='lat' dir='ltr'><strong><em>afferam,</em></strong></span> <span class='ocrx_word' id='word_1_169' title='bbox 2544 870 2687 938; x_wconf 86' lang='lat' dir='ltr'><strong><em>quod</em></strong></span> <span class='ocrx_word' id='word_1_170' title='bbox 2716 868 2857 922; x_wconf 87' lang='lat' dir='ltr'><strong><em>haud</em></strong></span> <span class='ocrx_word' id='word_1_171' title='bbox 2879 866 2996 921; x_wconf 91' lang='lat' dir='ltr'><strong><em>scio</em></strong></span> <span class='ocrx_word' id='word_1_172' title='bbox 3010 881 3077 921; x_wconf 89' lang='lat' dir='ltr'><strong><em>an</em></strong></span> <span class='ocrx_word' id='word_1_173' title='bbox 3096 865 3169 921; x_wconf 87' lang='lat' dir='ltr'><strong><em>sit</em></strong></span> <span class='ocrx_word' id='word_1_174' title='bbox 3194 866 3372 921; x_wconf 88' lang='lat' dir='ltr'><strong><em>instar</em></strong></span> <span class='ocrx_word' id='word_1_175' title='bbox 3398 866 3670 929; x_wconf 87' lang='lat' dir='ltr'><strong><em>omnium,</em></strong></span> 
     </span>
    </p>
   </div>
   <div class='ocr_carea' id='block_1_23' title="bbox 2086 952 3671 1030">
    <p class='ocr_par' dir='ltr' id='par_1_23' title="bbox 2086 952 3671 1030">
     <span class='ocr_line' id='line_1_23' title="bbox 2086 952 3671 1030; baseline -0.005 -15"><span class='ocrx_word' id='word_1_176' title='bbox 2086 960 2180 1017; x_wconf 80' lang='lat' dir='ltr'><strong><em>fol.</em></strong></span> <span class='ocrx_word' id='word_1_177' title='bbox 2212 961 2337 1024; x_wconf 87' lang='grc'><strong>108,</strong></span> <span class='ocrx_word' id='word_1_178' title='bbox 2366 961 2435 1016; x_wconf 90' lang='lat' dir='ltr'><strong><em>ad</em></strong></span> <span class='ocrx_word' id='word_1_179' title='bbox 2456 960 2622 1014; x_wconf 90' lang='lat' dir='ltr'><strong><em>verba</em></strong></span> <span class='ocrx_word' id='word_1_180' title='bbox 2652 957 2891 1030; x_wconf 83' lang='lat' dir='ltr'><strong><em>(Cohort.</em></strong></span> <span class='ocrx_word' id='word_1_181' title='bbox 2936 973 2989 1013; x_wconf 94' lang='lat' dir='ltr'><strong><em>c.</em></strong></span> <span class='ocrx_word' id='word_1_182' title='bbox 3028 956 3121 1027; x_wconf 80' lang='grc'><strong>51)</strong></span> <span class='ocrx_word' id='word_1_183' title='bbox 3154 972 3170 1010; x_wconf 89' lang='lat'><strong>:</strong></span> <span class='ocrx_word' id='word_1_184' title='bbox 3197 957 3307 1011; x_wconf 78' lang='lat' dir='ltr'><strong><em>Kal</em></strong></span> <span class='ocrx_word' id='word_1_185' title='bbox 3341 952 3529 1022; x_wconf 78' lang='grc' dir='ltr'><strong><em>ἐπέϐη</em></strong></span> <span class='ocrx_word' id='word_1_186' title='bbox 3570 955 3671 1008; x_wconf 71' lang='grc' dir='ltr'><strong><em>ἐπὶ</em></strong></span> 
     </span>
    </p>
   </div>
   <div class='ocr_carea' id='block_1_24' title="bbox 2084 1048 3673 1123">
    <p class='ocr_par' dir='ltr' id='par_1_24' title="bbox 2084 1048 3673 1123">
     <span class='ocr_line' id='line_1_24' title="bbox 2084 1048 3673 1123; baseline -0.006 -15"><span class='ocrx_word' id='word_1_187' title='bbox 2084 1054 2392 1123; x_wconf 80' lang='grc' dir='ltr'><strong><em>Χερουόίμ,</em></strong></span> <span class='ocrx_word' id='word_1_188' title='bbox 2432 1056 2721 1107; x_wconf 85' lang='lat' dir='ltr'><strong><em>adnotatur</em></strong></span> <span class='ocrx_word' id='word_1_189' title='bbox 2769 1068 2782 1104; x_wconf 89' lang='lat'><strong>:</strong></span> <span class='ocrx_word' id='word_1_190' title='bbox 2827 1050 2938 1104; x_wconf 80' lang='grc' dir='ltr'>Καὶ</span> <span class='ocrx_word' id='word_1_191' title='bbox 2968 1049 3058 1115; x_wconf 86' lang='grc' dir='ltr'><strong><em>τό,</em></strong></span> <span class='ocrx_word' id='word_1_192' title='bbox 3094 1049 3298 1121; x_wconf 79' lang='grc' dir='ltr'><strong><em>Ἐπέὁη</em></strong></span> <span class='ocrx_word' id='word_1_193' title='bbox 3334 1048 3431 1101; x_wconf 74' lang='grc' dir='ltr'>ἐπὶ</span> <span class='ocrx_word' id='word_1_194' title='bbox 3463 1048 3673 1117; x_wconf 76' lang='grc' dir='ltr'>Χερου-</span> 
     </span>
    </p>
   </div>
   <div class='ocr_carea' id='block_1_25' title="bbox 2085 1140 3669 1217">
    <p class='ocr_par' dir='ltr' id='par_1_25' title="bbox 2085 1140 3669 1217">
     <span class='ocr_line' id='line_1_25' title="bbox 2085 1140 3669 1217; baseline -0.004 -18"><span class='ocrx_word' id='word_1_195' title='bbox 2085 1146 2186 1216; x_wconf 74' lang='grc' dir='ltr'><strong><em>ϐὶμ</em></strong></span> <span class='ocrx_word' id='word_1_196' title='bbox 2217 1146 2311 1199; x_wconf 70' lang='grc' dir='ltr'>καὶ</span> <span class='ocrx_word' id='word_1_197' title='bbox 2344 1144 2634 1217; x_wconf 81' lang='grc' dir='ltr'><strong><em>ὲπετάσθη·</em></strong></span> <span class='ocrx_word' id='word_1_198' title='bbox 2672 1142 2945 1213; x_wconf 81' lang='grc' dir='ltr'><strong><em>ὲπετάσθη</em></strong></span> <span class='ocrx_word' id='word_1_199' title='bbox 2975 1143 3069 1197; x_wconf 70' lang='grc' dir='ltr'><strong><em>ἐπὶ</em></strong></span> <span class='ocrx_word' id='word_1_200' title='bbox 3112 1141 3399 1212; x_wconf 82' lang='grc' dir='ltr'><strong><em>πτερύγων</em></strong></span> <span class='ocrx_word' id='word_1_201' title='bbox 3444 1140 3669 1211; x_wconf 77' lang='grc' dir='ltr'><strong><em>ἀνέμου·</em></strong></span> 
     </span>
    </p>
   </div>
   <div class='ocr_carea' id='block_1_26' title="bbox 2085 1232 3677 1309">
    <p class='ocr_par' dir='ltr' id='par_1_26' title="bbox 2085 1232 3677 1309">
     <span class='ocr_line' id='line_1_26' title="bbox 2085 1232 3677 1309; baseline -0.005 -18"><span class='ocrx_word' id='word_1_202' title='bbox 2085 1233 2174 1309; x_wconf 82' lang='grc' dir='ltr'><strong><em>ἆρ’</em></strong></span> <span class='ocrx_word' id='word_1_203' title='bbox 2230 1239 2291 1291; x_wconf 82' lang='grc' dir='ltr'><strong><em>οὐ</em></strong></span> <span class='ocrx_word' id='word_1_204' title='bbox 2350 1239 2712 1309; x_wconf 73' lang='grc' dir='ltr'>σαφέστερονς</span> <span class='ocrx_word' id='word_1_205' title='bbox 2754 1236 2813 1289; x_wconf 87' lang='lat' dir='ltr'><strong><em>Et</em></strong></span> <span class='ocrx_word' id='word_1_206' title='bbox 2869 1236 3028 1307; x_wconf 89' lang='lat' dir='ltr'><strong><em>paulo</em></strong></span> <span class='ocrx_word' id='word_1_207' title='bbox 3082 1244 3246 1306; x_wconf 83' lang='lat' dir='ltr'><strong><em>post:</em></strong></span> <span class='ocrx_word' id='word_1_208' title='bbox 3290 1235 3416 1288; x_wconf 80' lang='grc' dir='ltr'><strong><em>Οὐκ</em></strong></span> <span class='ocrx_word' id='word_1_209' title='bbox 3469 1233 3542 1287; x_wconf 83' lang='grc' dir='ltr'>ἐν</span> <span class='ocrx_word' id='word_1_210' title='bbox 3592 1232 3677 1298; x_wconf 80' lang='grc' dir='ltr'><strong><em>τῷ</em></strong></span> 
     </span>
    </p>
   </div>
   <div class='ocr_carea' id='block_1_27' title="bbox 2083 1327 3679 1399">
    <p class='ocr_par' dir='ltr' id='par_1_27' title="bbox 2083 1327 3679 1399">
     <span class='ocr_line' id='line_1_27' title="bbox 2083 1327 3679 1399; baseline -0.003 -17"><span class='ocrx_word' id='word_1_211' title='bbox 2083 1330 2372 1399; x_wconf 82' lang='grc' dir='ltr'><strong><em>πνεύματι</em></strong></span> <span class='ocrx_word' id='word_1_212' title='bbox 2414 1331 2648 1397; x_wconf 83' lang='grc' dir='ltr'><strong><em>Κύριος.</em></strong></span> <span class='ocrx_word' id='word_1_213' title='bbox 2709 1328 2878 1382; x_wconf 79' lang='grc' dir='ltr'>Τοῦτο</span> <span class='ocrx_word' id='word_1_214' title='bbox 2921 1331 2980 1383; x_wconf 81' lang='grc' dir='ltr'>ὲν</span> <span class='ocrx_word' id='word_1_215' title='bbox 3027 1330 3094 1399; x_wconf 77' lang='grc' dir='ltr'><strong><em>τῇ</em></strong></span> <span class='ocrx_word' id='word_1_216' title='bbox 3148 1327 3267 1381; x_wconf 79' lang='grc' dir='ltr'><strong><em>καθ’</em></strong></span> <span class='ocrx_word' id='word_1_217' title='bbox 3330 1327 3522 1381; x_wconf 78' lang='grc' dir='ltr'>Ἠλίαν</span> <span class='ocrx_word' id='word_1_218' title='bbox 3583 1328 3679 1393; x_wconf 72' lang='grc' dir='ltr'><strong><em>γέρ-</em></strong></span> 
     </span>
    </p>
   </div>
   <div class='ocr_carea' id='block_1_28' title="bbox 2082 1415 3678 1494">
    <p class='ocr_par' dir='ltr' id='par_1_28' title="bbox 2082 1415 3678 1494">
     <span class='ocr_line' id='line_1_28' title="bbox 2082 1415 3678 1494; baseline -0.006 -18"><span class='ocrx_word' id='word_1_219' title='bbox 2082 1436 2325 1491; x_wconf 85' lang='grc' dir='ltr'>γραπται</span> <span class='ocrx_word' id='word_1_220' title='bbox 2399 1421 2641 1494; x_wconf 71' lang='grc' dir='ltr'>θεοπτίᾳσ</span> <span class='ocrx_word' id='word_1_221' title='bbox 2689 1421 2764 1485; x_wconf 83' lang='grc' dir='ltr'>ὡς</span> <span class='ocrx_word' id='word_1_222' title='bbox 2822 1420 2922 1474; x_wconf 87' lang='grc' dir='ltr'><strong><em>οὐκ</em></strong></span> <span class='ocrx_word' id='word_1_223' title='bbox 2978 1423 3038 1474; x_wconf 83' lang='grc' dir='ltr'>ὲν</span> <span class='ocrx_word' id='word_1_224' title='bbox 3096 1419 3173 1491; x_wconf 81' lang='grc' dir='ltr'><strong><em>τῷ</em></strong></span> <span class='ocrx_word' id='word_1_225' title='bbox 3231 1420 3505 1490; x_wconf 80' lang='grc' dir='ltr'>πνεύματι</span> <span class='ocrx_word' id='word_1_226' title='bbox 3537 1415 3678 1468; x_wconf 81' lang='grc' dir='ltr'>Θεοῦ</span> 
     </span>
    </p>
   </div>
   <div class='ocr_carea' id='block_1_29' title="bbox 2078 1506 3681 1584">
    <p class='ocr_par' dir='ltr' id='par_1_29' title="bbox 2078 1506 3681 1584">
     <span class='ocr_line' id='line_1_29' title="bbox 2078 1506 3681 1584; baseline -0.002 -20"><span class='ocrx_word' id='word_1_227' title='bbox 2078 1511 2514 1584; x_wconf 70' lang='grc' dir='ltr'>ιμφανιζομένου</span> <span class='ocrx_word' id='word_1_228' title='bbox 2560 1509 2886 1581; x_wconf 84' lang='grc' dir='ltr'>ἀνθρώποις,</span> <span class='ocrx_word' id='word_1_229' title='bbox 2929 1510 3030 1564; x_wconf 82' lang='grc' dir='ltr'>οὐκ</span> <span class='ocrx_word' id='word_1_230' title='bbox 3085 1512 3144 1564; x_wconf 84' lang='grc' dir='ltr'>ὲν</span> <span class='ocrx_word' id='word_1_231' title='bbox 3194 1509 3272 1580; x_wconf 82' lang='grc' dir='ltr'><strong><em>τῷ</em></strong></span> <span class='ocrx_word' id='word_1_232' title='bbox 3334 1506 3681 1579; x_wconf 76' lang='grc' dir='ltr'><strong><em>συσσεισμῷ,</em></strong></span> 
     </span>
    </p>
   </div>
   <div class='ocr_carea' id='block_1_30' title="bbox 2082 1604 3679 1677">
    <p class='ocr_par' dir='ltr' id='par_1_30' title="bbox 2082 1604 3679 1677">
     <span class='ocr_line' id='line_1_30' title="bbox 2082 1604 3679 1677; baseline -0.003 -15"><span class='ocrx_word' id='word_1_233' title='bbox 2082 1609 2183 1663; x_wconf 79' lang='grc' dir='ltr'>οὐκ</span> <span class='ocrx_word' id='word_1_234' title='bbox 2210 1610 2270 1661; x_wconf 84' lang='grc' dir='ltr'>ὲν</span> <span class='ocrx_word' id='word_1_235' title='bbox 2294 1606 2372 1677; x_wconf 79' lang='grc' dir='ltr'><strong><em>τῷ</em></strong></span> <span class='ocrx_word' id='word_1_236' title='bbox 2400 1605 2554 1676; x_wconf 86' lang='grc' dir='ltr'>πυρί.</span> <span class='ocrx_word' id='word_1_237' title='bbox 2592 1605 2750 1676; x_wconf 79' lang='grc' dir='ltr'><strong><em>Ψυχὴ</em></strong></span> <span class='ocrx_word' id='word_1_238' title='bbox 2791 1605 2901 1677; x_wconf 73' lang='grc' dir='ltr'>γὰρ</span> <span class='ocrx_word' id='word_1_239' title='bbox 2932 1604 3239 1677; x_wconf 83' lang='grc' dir='ltr'>ἀνθρώπου,</span> <span class='ocrx_word' id='word_1_240' title='bbox 3271 1607 3335 1676; x_wconf 77' lang='grc' dir='ltr'><strong><em>τῇ</em></strong></span> <span class='ocrx_word' id='word_1_241' title='bbox 3369 1604 3504 1675; x_wconf 66' lang='grc' dir='ltr'>περὶ</span> <span class='ocrx_word' id='word_1_242' title='bbox 3542 1604 3679 1658; x_wconf 75' lang='grc' dir='ltr'>Θεὸν</span> 
     </span>
    </p>
   </div>
   <div class='ocr_carea' id='block_1_31' title="bbox 2084 1694 3681 1769">
    <p class='ocr_par' dir='ltr' id='par_1_31' title="bbox 2084 1694 3681 1769">
     <span class='ocr_line' id='line_1_31' title="bbox 2084 1694 3681 1769; baseline -0.002 -16"><span class='ocrx_word' id='word_1_243' title='bbox 2084 1696 2489 1769; x_wconf 81' lang='grc' dir='ltr'>ἐνασχολεῖσθαι</span> <span class='ocrx_word' id='word_1_244' title='bbox 2530 1694 2810 1769; x_wconf 81' lang='grc' dir='ltr'><strong><em>ἀρξαμένη</em></strong></span> <span class='ocrx_word' id='word_1_245' title='bbox 2872 1695 3095 1769; x_wconf 74' lang='grc' dir='ltr'><strong><em>θεωρίᾳ,</em></strong></span> <span class='ocrx_word' id='word_1_246' title='bbox 3145 1696 3281 1769; x_wconf 83' lang='grc' dir='ltr'><strong><em>πρὸς</em></strong></span> <span class='ocrx_word' id='word_1_247' title='bbox 3339 1696 3535 1750; x_wconf 80' lang='grc' dir='ltr'>τοῦτον</span> <span class='ocrx_word' id='word_1_248' title='bbox 3578 1696 3681 1766; x_wconf 76' lang='grc' dir='ltr'><strong><em>μὲν</em></strong></span> 
     </span>
    </p>
   </div>
   <div class='ocr_carea' id='block_1_32' title="bbox 2083 1784 3683 1859">
    <p class='ocr_par' dir='ltr' id='par_1_32' title="bbox 2083 1784 3683 1859">
     <span class='ocr_line' id='line_1_32' title="bbox 2083 1784 3683 1859; baseline -0.003 -15"><span class='ocrx_word' id='word_1_249' title='bbox 2083 1787 2172 1844; x_wconf 80' lang='grc' dir='ltr'><strong><em>οἷά</em></strong></span> <span class='ocrx_word' id='word_1_250' title='bbox 2232 1806 2336 1843; x_wconf 89' lang='grc' dir='ltr'>τινι</span> <span class='ocrx_word' id='word_1_251' title='bbox 2383 1787 2541 1858; x_wconf 83' lang='grc' dir='ltr'>βιαίῳ</span> <span class='ocrx_word' id='word_1_252' title='bbox 2590 1784 2856 1858; x_wconf 77' lang='grc' dir='ltr'>πνεύματι</span> <span class='ocrx_word' id='word_1_253' title='bbox 2902 1788 3134 1859; x_wconf 78' lang='grc' dir='ltr'>αἴρεται,</span> <span class='ocrx_word' id='word_1_254' title='bbox 3182 1787 3292 1841; x_wconf 78' lang='grc' dir='ltr'><strong><em>ἀπὸ</em></strong></span> <span class='ocrx_word' id='word_1_255' title='bbox 3334 1788 3447 1840; x_wconf 80' lang='grc' dir='ltr'>τῶν</span> <span class='ocrx_word' id='word_1_256' title='bbox 3500 1786 3683 1859; x_wconf 63' lang='grc' dir='ltr'>χαμαὶ</span> 
     </span>
    </p>
   </div>
   <div class='ocr_carea' id='block_1_33' title="bbox 391 1861 2160 1955">
    <p class='ocr_par' dir='ltr' id='par_1_33' title="bbox 391 1861 2160 1955">
     <span class='ocr_line' id='line_1_33' title="bbox 391 1861 2160 1955; baseline -0.002 -15"><span class='ocrx_word' id='word_1_257' title='bbox 391 1861 574 1953; x_wconf 84' lang='lat' dir='ltr'><strong><em>peram</em></strong></span> <span class='ocrx_word' id='word_1_258' title='bbox 608 1884 857 1955; x_wconf 83' lang='lat' dir='ltr'><strong><em>legerunt</em></strong></span> <span class='ocrx_word' id='word_1_259' title='bbox 892 1882 1166 1949; x_wconf 62' lang='lat' dir='ltr'><strong><em>Bacis-avt;</em></strong></span> <span class='ocrx_word' id='word_1_260' title='bbox 1194 1885 1395 1947; x_wconf 84' lang='grc' dir='ltr'><strong><em>νότου,</em></strong></span> <span class='ocrx_word' id='word_1_261' title='bbox 1428 1883 1480 1938; x_wconf 89' lang='lat' dir='ltr'><strong>id</strong></span> <span class='ocrx_word' id='word_1_262' title='bbox 1510 1861 1653 1953; x_wconf 80' lang='lat' dir='ltr'><strong><em>quod</em></strong></span> <span class='ocrx_word' id='word_1_263' title='bbox 1674 1882 1786 1951; x_wconf 89' lang='lat' dir='ltr'><strong><em>jam</em></strong></span> <span class='ocrx_word' id='word_1_264' title='bbox 1817 1883 1977 1938; x_wconf 88' lang='lat' dir='ltr'><strong><em>Bern.</em></strong></span> <span class='ocrx_word' id='word_1_265' title='bbox 2014 1861 2058 1916; x_wconf 75' lang='grc' dir='ltr'><strong>Β</strong></span> <span class='ocrx_word' id='word_1_266' title='bbox 2082 1883 2160 1954; x_wconf 65' lang='lat' dir='ltr'><strong><em>sp}</em></strong></span> 
     </span>
    </p>
   </div>
   <div class='ocr_carea' id='block_1_34' title="bbox 2157 1861 3679 1955">
    <p class='ocr_par' dir='ltr' id='par_1_34' title="bbox 2157 1878 3679 1953">
     <span class='ocr_line' id='line_1_34' title="bbox 2157 1878 3679 1953; baseline 0.001 -18"><span class='ocrx_word' id='word_1_267' title='bbox 2157 1882 2392 1953; x_wconf 67' lang='grc' dir='ltr'>ίομένων</span> <span class='ocrx_word' id='word_1_268' title='bbox 2425 1880 2701 1935; x_wconf 80' lang='grc' dir='ltr'>ἁπάντων.</span> <span class='ocrx_word' id='word_1_269' title='bbox 2733 1882 2827 1935; x_wconf 87' lang='grc'><strong>11⁰</strong></span> <span class='ocrx_word' id='word_1_270' title='bbox 2857 1879 3064 1935; x_wconf 83' lang='lat' dir='ltr'><strong><em>Tatiani</em></strong></span> <span class='ocrx_word' id='word_1_271' title='bbox 3093 1878 3282 1935; x_wconf 82' lang='lat' dir='ltr'><strong><em>Oratio</em></strong></span> <span class='ocrx_word' id='word_1_272' title='bbox 3317 1882 3392 1951; x_wconf 72' lang='lat' dir='ltr'><strong><em>ad</em></strong></span> <span class='ocrx_word' id='word_1_273' title='bbox 3434 1878 3679 1937; x_wconf 79' lang='lat' dir='ltr'><strong><em>Crtecos.</em></strong></span> 
     </span>
    </p>
   </div>
   <div class='ocr_carea' id='block_1_35' title="bbox 389 1973 1981 2046">
    <p class='ocr_par' dir='ltr' id='par_1_35' title="bbox 389 1973 1981 2046">
     <span class='ocr_line' id='line_1_35' title="bbox 389 1973 1981 2046; baseline 0 -16"><span class='ocrx_word' id='word_1_274' title='bbox 389 1976 458 2030; x_wconf 81' lang='lat' dir='ltr'><strong><em>de</em></strong></span> <span class='ocrx_word' id='word_1_275' title='bbox 484 1973 831 2029; x_wconf 77' lang='lat' dir='ltr'><strong><em>Montl‘aucon</em></strong></span> <span class='ocrx_word' id='word_1_276' title='bbox 865 1975 938 2045; x_wconf 75' lang='lat' dir='ltr'><strong><em>(l.</em></strong></span> <span class='ocrx_word' id='word_1_277' title='bbox 968 1990 1018 2028; x_wconf 93' lang='lat' dir='ltr'><strong><em>c.</em></strong></span> <span class='ocrx_word' id='word_1_278' title='bbox 1054 1990 1107 2043; x_wconf 89' lang='lat' dir='ltr'><strong><em>p.</em></strong></span> <span class='ocrx_word' id='word_1_279' title='bbox 1136 1974 1263 2039; x_wconf 76' lang='lat'><strong><em>275,</em></strong></span> <span class='ocrx_word' id='word_1_280' title='bbox 1296 1974 1422 2030; x_wconf 91' lang='lat' dir='ltr'><strong><em>coll.</em></strong></span> <span class='ocrx_word' id='word_1_281' title='bbox 1457 1991 1508 2043; x_wconf 90' lang='lat' dir='ltr'><strong><em>p.</em></strong></span> <span class='ocrx_word' id='word_1_282' title='bbox 1534 1975 1603 2029; x_wconf 78' lang='lat'><strong><em>35</em></strong></span> <span class='ocrx_word' id='word_1_283' title='bbox 1627 1986 1683 2030; x_wconf 86' lang='lat' dir='ltr'><strong><em>et</em></strong></span> <span class='ocrx_word' id='word_1_284' title='bbox 1711 1976 1805 2046; x_wconf 68' lang='grc'><strong>45)</strong></span> <span class='ocrx_word' id='word_1_285' title='bbox 1834 1978 1981 2031; x_wconf 83' lang='lat' dir='ltr'><strong><em>vitu-</em></strong></span> 
     </span>
    </p>
   </div>
   <div class='ocr_carea' id='block_1_36' title="bbox 389 2067 1980 2138">
    <p class='ocr_par' dir='ltr' id='par_1_36' title="bbox 389 2067 1980 2138">
     <span class='ocr_line' id='line_1_36' title="bbox 389 2067 1980 2138; baseline 0.002 -17"><span class='ocrx_word' id='word_1_286' title='bbox 389 2068 626 2138; x_wconf 84' lang='lat' dir='ltr'><strong><em>peravit.</em></strong></span> <span class='ocrx_word' id='word_1_287' title='bbox 657 2068 799 2122; x_wconf 93' lang='lat' dir='ltr'><strong><em>Idem</em></strong></span> <span class='ocrx_word' id='word_1_288' title='bbox 825 2083 887 2121; x_wconf 74' lang='lat' dir='ltr'><strong><em>ex</em></strong></span> <span class='ocrx_word' id='word_1_289' title='bbox 922 2068 1022 2120; x_wconf 93' lang='lat' dir='ltr'><strong><em>hoc</em></strong></span> <span class='ocrx_word' id='word_1_290' title='bbox 1060 2067 1281 2137; x_wconf 68' lang='lat' dir='ltr'><strong><em>eximiae</em></strong></span> <span class='ocrx_word' id='word_1_291' title='bbox 1312 2076 1451 2121; x_wconf 64' lang='lat' dir='ltr'><strong><em>notae</em></strong></span> <span class='ocrx_word' id='word_1_292' title='bbox 1476 2067 1667 2122; x_wconf 88' lang='lat' dir='ltr'><strong><em>codice</em></strong></span> <span class='ocrx_word' id='word_1_293' title='bbox 1698 2080 1857 2133; x_wconf 90' lang='lat' dir='ltr'><strong><em>msto,</em></strong></span> <span class='ocrx_word' id='word_1_294' title='bbox 1886 2084 1980 2124; x_wconf 88' lang='lat' dir='ltr'><strong><em>eo--</em></strong></span> 
     </span>
    </p>
   </div>
   <div class='ocr_carea' id='block_1_37' title="bbox 390 2156 1981 2227">
    <p class='ocr_par' dir='ltr' id='par_1_37' title="bbox 390 2156 1981 2227">
     <span class='ocr_line' id='line_1_37' title="bbox 390 2156 1981 2227; baseline 0.002 -14"><span class='ocrx_word' id='word_1_295' title='bbox 390 2159 513 2215; x_wconf 88' lang='lat' dir='ltr'><strong><em>dem</em></strong></span> <span class='ocrx_word' id='word_1_296' title='bbox 572 2174 681 2227; x_wconf 90' lang='lat' dir='ltr'><strong><em>quo</em></strong></span> <span class='ocrx_word' id='word_1_297' title='bbox 732 2158 975 2226; x_wconf 89' lang='lat' dir='ltr'><strong><em>scriptus</em></strong></span> <span class='ocrx_word' id='word_1_298' title='bbox 1047 2166 1132 2211; x_wconf 90' lang='lat' dir='ltr'><strong><em>est</em></strong></span> <span class='ocrx_word' id='word_1_299' title='bbox 1206 2156 1611 2227; x_wconf 84' lang='lat' dir='ltr'><strong><em>elegantissimo</em></strong></span> <span class='ocrx_word' id='word_1_300' title='bbox 1659 2159 1981 2217; x_wconf 77' lang='lat' dir='ltr'><strong><em>charactere</em></strong></span> 
     </span>
    </p>
   </div>
   <div class='ocr_carea' id='block_1_38' title="bbox 388 2248 1983 2319">
    <p class='ocr_par' dir='ltr' id='par_1_38' title="bbox 388 2248 1983 2319">
     <span class='ocr_line' id='line_1_38' title="bbox 388 2248 1983 2319; baseline 0.001 -15"><span class='ocrx_word' id='word_1_301' title='bbox 388 2248 698 2319; x_wconf 85' lang='lat' dir='ltr'><strong><em>exemplum</em></strong></span> <span class='ocrx_word' id='word_1_302' title='bbox 729 2248 1015 2318; x_wconf 85' lang='lat' dir='ltr'><strong><em>proposuit</em></strong></span> <span class='ocrx_word' id='word_1_303' title='bbox 1052 2248 1134 2318; x_wconf 91' lang='lat' dir='ltr'><strong><em>(l.</em></strong></span> <span class='ocrx_word' id='word_1_304' title='bbox 1162 2263 1212 2302; x_wconf 91' lang='lat' dir='ltr'><strong><em>c.</em></strong></span> <span class='ocrx_word' id='word_1_305' title='bbox 1253 2263 1310 2317; x_wconf 86' lang='lat' dir='ltr'><strong><em>p.</em></strong></span> <span class='ocrx_word' id='word_1_306' title='bbox 1348 2248 1476 2312; x_wconf 73' lang='grc'><strong><em>274,</em></strong></span> <span class='ocrx_word' id='word_1_307' title='bbox 1512 2266 1566 2303; x_wconf 92' lang='grc' dir='ltr'>ιι.</span> <span class='ocrx_word' id='word_1_308' title='bbox 1596 2249 1657 2303; x_wconf 92' lang='grc'><strong><em>111</em></strong></span> <span class='ocrx_word' id='word_1_309' title='bbox 1685 2250 1727 2319; x_wconf 92' lang='grc'><strong><em>).</em></strong></span> <span class='ocrx_word' id='word_1_310' title='bbox 1761 2252 1983 2307; x_wconf 86' lang='lat' dir='ltr'><strong><em>Videtur</em></strong></span> 
     </span>
    </p>
   </div>
   <div class='ocr_carea' id='block_1_39' title="bbox 391 2337 1978 2411">
    <p class='ocr_par' dir='ltr' id='par_1_39' title="bbox 391 2337 1978 2411">
     <span class='ocr_line' id='line_1_39' title="bbox 391 2337 1978 2411; baseline 0.001 -18"><span class='ocrx_word' id='word_1_311' title='bbox 391 2339 560 2394; x_wconf 83' lang='lat' dir='ltr'><strong><em>llasio</em></strong></span> <span class='ocrx_word' id='word_1_312' title='bbox 610 2340 937 2394; x_wconf 86' lang='lat' dir='ltr'><strong><em>observante</em></strong></span> <span class='ocrx_word' id='word_1_313' title='bbox 982 2337 1073 2392; x_wconf 90' lang='lat' dir='ltr'><strong><em>ille</em></strong></span> <span class='ocrx_word' id='word_1_314' title='bbox 1121 2337 1387 2409; x_wconf 83' lang='grc' dir='ltr'>νοτάριος,</span> <span class='ocrx_word' id='word_1_315' title='bbox 1425 2338 1480 2395; x_wconf 89' lang='lat' dir='ltr'><strong><em>h.</em></strong></span> <span class='ocrx_word' id='word_1_316' title='bbox 1513 2354 1563 2395; x_wconf 89' lang='lat' dir='ltr'><strong><em>e.</em></strong></span> <span class='ocrx_word' id='word_1_317' title='bbox 1597 2340 1978 2411; x_wconf 86' lang='lat' dir='ltr'><strong><em>calligrapbus,</em></strong></span> 
     </span>
    </p>
   </div>
   <div class='ocr_carea' id='block_1_40' title="bbox 390 2429 1983 2502">
    <p class='ocr_par' dir='ltr' id='par_1_40' title="bbox 390 2429 1983 2502">
     <span class='ocr_line' id='line_1_40' title="bbox 390 2429 1983 2502; baseline 0.001 -16"><span class='ocrx_word' id='word_1_318' title='bbox 390 2433 629 2502; x_wconf 82' lang='lat' dir='ltr'><strong><em>linguam</em></strong></span> <span class='ocrx_word' id='word_1_319' title='bbox 678 2429 930 2485; x_wconf 70' lang='lat' dir='ltr'><strong><em>Grmcam</em></strong></span> <span class='ocrx_word' id='word_1_320' title='bbox 974 2430 1146 2494; x_wconf 85' lang='lat' dir='ltr'><strong><em>probe</em></strong></span> <span class='ocrx_word' id='word_1_321' title='bbox 1187 2431 1465 2501; x_wconf 80' lang='lat' dir='ltr'><strong><em>cognitam</em></strong></span> <span class='ocrx_word' id='word_1_322' title='bbox 1509 2431 1788 2497; x_wconf 87' lang='lat' dir='ltr'><strong><em>habuisse,</em></strong></span> <span class='ocrx_word' id='word_1_323' title='bbox 1815 2432 1890 2485; x_wconf 88' lang='lat' dir='ltr'><strong><em>ita</em></strong></span> <span class='ocrx_word' id='word_1_324' title='bbox 1923 2442 1983 2487; x_wconf 94' lang='lat' dir='ltr'><strong><em>ut</em></strong></span> 
     </span>
    </p>
   </div>
   <div class='ocr_carea' id='block_1_41' title="bbox 390 2522 1980 2596">
    <p class='ocr_par' dir='ltr' id='par_1_41' title="bbox 390 2522 1980 2596">
     <span class='ocr_line' id='line_1_41' title="bbox 390 2522 1980 2596; baseline 0.001 -20"><span class='ocrx_word' id='word_1_325' title='bbox 390 2525 527 2577; x_wconf 88' lang='lat' dir='ltr'><strong><em>vitia</em></strong></span> <span class='ocrx_word' id='word_1_326' title='bbox 581 2524 784 2593; x_wconf 85' lang='lat' dir='ltr'><strong><em>passim</em></strong></span> <span class='ocrx_word' id='word_1_327' title='bbox 834 2522 992 2577; x_wconf 89' lang='lat' dir='ltr'><strong><em>obvia</em></strong></span> <span class='ocrx_word' id='word_1_328' title='bbox 1041 2522 1216 2577; x_wconf 90' lang='lat' dir='ltr'><strong><em>codici</em></strong></span> <span class='ocrx_word' id='word_1_329' title='bbox 1268 2522 1377 2577; x_wconf 88' lang='lat' dir='ltr'><strong><em>sint</em></strong></span> <span class='ocrx_word' id='word_1_330' title='bbox 1426 2522 1769 2592; x_wconf 89' lang='lat' dir='ltr'><strong><em>imputandi,</em></strong></span> <span class='ocrx_word' id='word_1_331' title='bbox 1818 2539 1980 2596; x_wconf 87' lang='lat' dir='ltr'><strong><em>quem</em></strong></span> 
     </span>
    </p>
   </div>
   <div class='ocr_carea' id='block_1_42' title="bbox 392 2615 1984 2687">
    <p class='ocr_par' dir='ltr' id='par_1_42' title="bbox 392 2615 1984 2687">
     <span class='ocr_line' id='line_1_42' title="bbox 392 2615 1984 2687; baseline 0.001 -16"><span class='ocrx_word' id='word_1_332' title='bbox 392 2616 763 2686; x_wconf 85' lang='lat' dir='ltr'><strong><em>transcripsit.</em></strong></span> <span class='ocrx_word' id='word_1_333' title='bbox 809 2615 1042 2685; x_wconf 77' lang='lat' dir='ltr'><strong><em>Egregia</em></strong></span> <span class='ocrx_word' id='word_1_334' title='bbox 1092 2622 1270 2668; x_wconf 88' lang='lat' dir='ltr'><strong><em>autem</em></strong></span> <span class='ocrx_word' id='word_1_335' title='bbox 1307 2616 1409 2668; x_wconf 87' lang='lat' dir='ltr'><strong><em>hoc</em></strong></span> <span class='ocrx_word' id='word_1_336' title='bbox 1453 2615 1595 2671; x_wconf 92' lang='lat' dir='ltr'><strong><em>libro</em></strong></span> <span class='ocrx_word' id='word_1_337' title='bbox 1627 2626 1794 2683; x_wconf 87' lang='lat' dir='ltr'><strong><em>msto,</em></strong></span> <span class='ocrx_word' id='word_1_338' title='bbox 1827 2616 1984 2687; x_wconf 87' lang='lat' dir='ltr'><strong><em>cujus</em></strong></span> 
     </span>
    </p>
   </div>
   <div class='ocr_carea' id='block_1_43' title="bbox 392 2707 1981 2777">
    <p class='ocr_par' dir='ltr' id='par_1_43' title="bbox 392 2707 1981 2777">
     <span class='ocr_line' id='line_1_43' title="bbox 392 2707 1981 2777; baseline 0.002 -15"><span class='ocrx_word' id='word_1_339' title='bbox 392 2707 715 2763; x_wconf 84' lang='lat' dir='ltr'><strong><em>auctoritati</em></strong></span> <span class='ocrx_word' id='word_1_340' title='bbox 766 2722 875 2777; x_wconf 77' lang='lat' dir='ltr'><strong><em>prae</em></strong></span> <span class='ocrx_word' id='word_1_341' title='bbox 924 2708 1164 2770; x_wconf 62' lang='lat' dir='ltr'><strong><em>caeteris,</em></strong></span> <span class='ocrx_word' id='word_1_342' title='bbox 1199 2715 1387 2776; x_wconf 89' lang='lat' dir='ltr'><strong><em>utpar</em></strong></span> <span class='ocrx_word' id='word_1_343' title='bbox 1436 2708 1981 2777; x_wconf 86' lang='lat' dir='ltr'><strong><em>cst,obscquendum</em></strong></span> 
     </span>
    </p>
   </div>
   <div class='ocr_carea' id='block_1_44' title="bbox 389 2800 1983 2874">
    <p class='ocr_par' dir='ltr' id='par_1_44' title="bbox 389 2800 1983 2874">
     <span class='ocr_line' id='line_1_44' title="bbox 389 2800 1983 2874; baseline -0.001 -15"><span class='ocrx_word' id='word_1_344' title='bbox 389 2805 732 2870; x_wconf 86' lang='lat' dir='ltr'><strong><em>censuimus,</em></strong></span> <span class='ocrx_word' id='word_1_345' title='bbox 756 2804 869 2874; x_wconf 87' lang='lat' dir='ltr'><strong><em>jam</em></strong></span> <span class='ocrx_word' id='word_1_346' title='bbox 896 2814 1059 2857; x_wconf 88' lang='lat' dir='ltr'><strong><em>antea</em></strong></span> <span class='ocrx_word' id='word_1_347' title='bbox 1090 2805 1142 2856; x_wconf 89' lang='lat' dir='ltr'><strong><em>iu</em></strong></span> <span class='ocrx_word' id='word_1_348' title='bbox 1162 2802 1472 2857; x_wconf 68' lang='lat' dir='ltr'><strong><em>Parazuesin</em></strong></span> <span class='ocrx_word' id='word_1_349' title='bbox 1499 2800 1582 2858; x_wconf 87' lang='lat' dir='ltr'><strong><em>usi</em></strong></span> <span class='ocrx_word' id='word_1_350' title='bbox 1611 2814 1739 2857; x_wconf 87' lang='lat' dir='ltr'><strong><em>sunt</em></strong></span> <span class='ocrx_word' id='word_1_351' title='bbox 1763 2803 1983 2858; x_wconf 87' lang='lat' dir='ltr'><strong><em>Hutchi-</em></strong></span> 
     </span>
    </p>
   </div>
   <div class='ocr_carea' id='block_1_45' title="bbox 392 2894 1983 2967">
    <p class='ocr_par' dir='ltr' id='par_1_45' title="bbox 392 2894 1983 2967">
     <span class='ocr_line' id='line_1_45' title="bbox 392 2894 1983 2967; baseline 0.002 -17"><span class='ocrx_word' id='word_1_352' title='bbox 392 2912 496 2951; x_wconf 88' lang='lat' dir='ltr'><strong><em>nus</em></strong></span> <span class='ocrx_word' id='word_1_353' title='bbox 525 2906 580 2952; x_wconf 87' lang='lat' dir='ltr'><strong><em>et</em></strong></span> <span class='ocrx_word' id='word_1_354' title='bbox 611 2896 888 2963; x_wconf 79' lang='lat' dir='ltr'><strong><em>Maranus,</em></strong></span> <span class='ocrx_word' id='word_1_355' title='bbox 920 2898 1246 2967; x_wconf 82' lang='lat' dir='ltr'><strong><em>quibuscum</em></strong></span> <span class='ocrx_word' id='word_1_356' title='bbox 1294 2894 1427 2950; x_wconf 86' lang='lat' dir='ltr'><strong><em>Cod.</em></strong></span> <span class='ocrx_word' id='word_1_357' title='bbox 1462 2894 1592 2967; x_wconf 85' lang='lat' dir='ltr'><strong><em>Reg.</em></strong></span> <span class='ocrx_word' id='word_1_358' title='bbox 1629 2899 1653 2951; x_wconf 97' lang='grc'><strong><em>1</em></strong></span> <span class='ocrx_word' id='word_1_359' title='bbox 1685 2896 1983 2967; x_wconf 78' lang='lat' dir='ltr'><strong><em>appellavi-</em></strong></span> 
     </span>
    </p>
   </div>
   <div class='ocr_carea' id='block_1_46' title="bbox 429 3007 535 3044">
    <p class='ocr_par' dir='ltr' id='par_1_46' title="bbox 429 3007 535 3044">
     <span class='ocr_line' id='line_1_46' title="bbox 429 3007 535 3044; baseline 0.019 -2"><span class='ocrx_word' id='word_1_360' title='bbox 429 3007 535 3044; x_wconf 78' lang='lat' dir='ltr'><strong><em>IIIS.</em></strong></span> 
     </span>
    </p>
   </div>
   <div class='ocr_carea' id='block_1_47' title="bbox 393 3006 1979 3152">
    <p class='ocr_par' dir='ltr' id='par_1_47' title="bbox 393 3006 1979 3152">
     <span class='ocr_line' id='line_1_47' title="bbox 429 3007 535 3044; baseline 0.019 -2"><span class='ocrx_word' id='word_1_361' title='bbox 429 3007 482 3042; x_wconf 93' lang='grc' dir='ltr'><strong><em>ιιι</em></strong></span> <span class='ocrx_word' id='word_1_362' title='bbox 521 3029 535 3044; x_wconf 95' lang='grc'><strong><em>.</em></strong></span> 
     </span>
     <span class='ocr_line' id='line_1_48' title="bbox 393 3006 1979 3152; baseline 0.003 -18"><span class='ocrx_word' id='word_1_363' title='bbox 393 3006 426 3044; x_wconf 76' lang='lat' dir='ltr'><strong>n</strong></span> <span class='ocrx_word' id='word_1_364' title='bbox 462 3006 548 3136; x_wconf 69' lang='lat' dir='ltr'><strong><em>Ilsl.</em></strong></span> <span class='ocrx_word' id='word_1_365' title='bbox 578 3080 759 3136; x_wconf 72' lang='lat' dir='ltr'><strong><em>Codex</em></strong></span> <span class='ocrx_word' id='word_1_366' title='bbox 780 3080 972 3152; x_wconf 78' lang='lat' dir='ltr'><strong><em>Regius</em></strong></span> <span class='ocrx_word' id='word_1_367' title='bbox 996 3078 1301 3145; x_wconf 78' lang='lat' dir='ltr'><strong><em>CLXXIV,</em></strong></span> <span class='ocrx_word' id='word_1_368' title='bbox 1327 3080 1455 3137; x_wconf 90' lang='lat' dir='ltr'><strong><em>olim</em></strong></span> <span class='ocrx_word' id='word_1_369' title='bbox 1482 3082 1641 3146; x_wconf 71' lang='lat'><strong><em>15°58,</em></strong></span> <span class='ocrx_word' id='word_1_370' title='bbox 1678 3092 1790 3138; x_wconf 91' lang='lat' dir='ltr'><strong><em>tum</em></strong></span> <span class='ocrx_word' id='word_1_371' title='bbox 1809 3083 1979 3151; x_wconf 73' lang='lat'><strong><em>2919,</em></strong></span> 
     </span>
    </p>
   </div>
   <div class='ocr_carea' id='block_1_48' title="bbox 2080 1971 3686 2042">
    <p class='ocr_par' dir='ltr' id='par_1_48' title="bbox 2080 1971 3686 2042">
     <span class='ocr_line' id='line_1_49' title="bbox 2080 1971 3686 2042; baseline -0.002 -13"><span class='ocrx_word' id='word_1_372' title='bbox 2080 1975 2360 2031; x_wconf 84' lang='lat' dir='ltr'><strong><em>Accedunt</em></strong></span> <span class='ocrx_word' id='word_1_373' title='bbox 2396 1973 2601 2028; x_wconf 86' lang='lat' dir='ltr'><strong><em>scholia</em></strong></span> <span class='ocrx_word' id='word_1_374' title='bbox 2639 1971 2800 2042; x_wconf 87' lang='lat' dir='ltr'><strong><em>paulo</em></strong></span> <span class='ocrx_word' id='word_1_375' title='bbox 2834 1972 3108 2033; x_wconf 85' lang='lat' dir='ltr'><strong><em>uberiora.</em></strong></span> <span class='ocrx_word' id='word_1_376' title='bbox 3154 1986 3255 2027; x_wconf 91' lang='lat' dir='ltr'><strong><em>nec</em></strong></span> <span class='ocrx_word' id='word_1_377' title='bbox 3299 1971 3526 2041; x_wconf 81' lang='lat' dir='ltr'><strong><em>indigna</em></strong></span> <span class='ocrx_word' id='word_1_378' title='bbox 3566 1986 3686 2026; x_wconf 88' lang='lat' dir='ltr'><strong><em>om-</em></strong></span> 
     </span>
    </p>
   </div>
   <div class='ocr_carea' id='block_1_49' title="bbox 2082 2064 3679 2136">
    <p class='ocr_par' dir='ltr' id='par_1_49' title="bbox 2082 2064 3679 2136">
     <span class='ocr_line' id='line_1_50' title="bbox 2082 2064 3679 2136; baseline -0.003 -14"><span class='ocrx_word' id='word_1_379' title='bbox 2082 2068 2211 2122; x_wconf 89' lang='lat' dir='ltr'><strong><em>nino</em></strong></span> <span class='ocrx_word' id='word_1_380' title='bbox 2233 2082 2353 2136; x_wconf 76' lang='lat' dir='ltr'><strong><em>qute</em></strong></span> <span class='ocrx_word' id='word_1_381' title='bbox 2379 2066 2556 2121; x_wconf 89' lang='lat' dir='ltr'><strong><em>lucem</em></strong></span> <span class='ocrx_word' id='word_1_382' title='bbox 2607 2064 2877 2133; x_wconf 90' lang='lat' dir='ltr'><strong><em>publicam</em></strong></span> <span class='ocrx_word' id='word_1_383' title='bbox 2931 2064 3224 2134; x_wconf 86' lang='lat' dir='ltr'><strong><em>aspiciant.</em></strong></span> <span class='ocrx_word' id='word_1_384' title='bbox 3274 2064 3457 2119; x_wconf 69' lang='lat' dir='ltr'><strong><em>Varia:</em></strong></span> <span class='ocrx_word' id='word_1_385' title='bbox 3488 2074 3679 2118; x_wconf 81' lang='lat' dir='ltr'><strong><em>autem</em></strong></span> 
     </span>
    </p>
   </div>
   <div class='ocr_carea' id='block_1_50' title="bbox 2080 2155 3683 2214">
    <p class='ocr_par' dir='ltr' id='par_1_50' title="bbox 2080 2155 3683 2214">
     <span class='ocr_line' id='line_1_51' title="bbox 2080 2155 3683 2214; baseline -0.003 0"><span class='ocrx_word' id='word_1_386' title='bbox 2080 2160 2286 2214; x_wconf 89' lang='lat' dir='ltr'><strong><em>codicis</em></strong></span> <span class='ocrx_word' id='word_1_387' title='bbox 2313 2158 2458 2213; x_wconf 81' lang='lat' dir='ltr'><strong><em>illius</em></strong></span> <span class='ocrx_word' id='word_1_388' title='bbox 2489 2158 2767 2213; x_wconf 88' lang='lat' dir='ltr'><strong><em>Orationis</em></strong></span> <span class='ocrx_word' id='word_1_389' title='bbox 2819 2157 3084 2213; x_wconf 86' lang='lat' dir='ltr'><strong><em>lectiones</em></strong></span> <span class='ocrx_word' id='word_1_390' title='bbox 3126 2156 3180 2210; x_wconf 92' lang='lat' dir='ltr'><strong><em>in</em></strong></span> <span class='ocrx_word' id='word_1_391' title='bbox 3238 2156 3485 2210; x_wconf 88' lang='lat' dir='ltr'><strong><em>editione</em></strong></span> <span class='ocrx_word' id='word_1_392' title='bbox 3529 2155 3683 2211; x_wconf 60' lang='lat' dir='ltr'><strong><em>Oxo.</em></strong></span> 
     </span>
    </p>
   </div>
   <div class='ocr_carea' id='block_1_51' title="bbox 2082 2248 3684 2318">
    <p class='ocr_par' dir='ltr' id='par_1_51' title="bbox 2082 2248 3684 2318">
     <span class='ocr_line' id='line_1_52' title="bbox 2082 2248 3684 2318; baseline -0.003 -12"><span class='ocrx_word' id='word_1_393' title='bbox 2082 2251 2257 2306; x_wconf 91' lang='lat' dir='ltr'><strong><em>uiensi</em></strong></span> <span class='ocrx_word' id='word_1_394' title='bbox 2289 2252 2416 2305; x_wconf 88' lang='lat' dir='ltr'><strong><em>anui</em></strong></span> <span class='ocrx_word' id='word_1_395' title='bbox 2446 2248 2586 2304; x_wconf 84' lang='grc'><strong>1700</strong></span> <span class='ocrx_word' id='word_1_396' title='bbox 2629 2259 3029 2318; x_wconf 58' lang='lat' dir='ltr'><strong><em>repraesentata:</em></strong></span> <span class='ocrx_word' id='word_1_397' title='bbox 3057 2259 3210 2305; x_wconf 90' lang='lat' dir='ltr'><strong><em>sunt.</em></strong></span> <span class='ocrx_word' id='word_1_398' title='bbox 3246 2248 3343 2303; x_wconf 71' lang='lat'><strong>{2°</strong></span> <span class='ocrx_word' id='word_1_399' title='bbox 3369 2248 3684 2318; x_wconf 78' lang='lat' dir='ltr'><strong><em>Athenago-</em></strong></span> 
     </span>
    </p>
   </div>
   <div class='ocr_carea' id='block_1_52' title="bbox 2084 2339 3684 2413">
    <p class='ocr_par' dir='ltr' id='par_1_52' title="bbox 2084 2339 3684 2413">
     <span class='ocr_line' id='line_1_53' title="bbox 2084 2339 3684 2413; baseline -0.001 -17"><span class='ocrx_word' id='word_1_400' title='bbox 2084 2360 2178 2409; x_wconf 63' lang='lat' dir='ltr'><strong><em>rae,</em></strong></span> <span class='ocrx_word' id='word_1_401' title='bbox 2211 2342 2542 2399; x_wconf 77' lang='lat' dir='ltr'><strong><em>Atheniensis</em></strong></span> <span class='ocrx_word' id='word_1_402' title='bbox 2566 2341 2890 2413; x_wconf 77' lang='lat' dir='ltr'><strong><em>philosophi,</em></strong></span> <span class='ocrx_word' id='word_1_403' title='bbox 2927 2339 3142 2410; x_wconf 86' lang='lat' dir='ltr'><strong><em>Legatio</em></strong></span> <span class='ocrx_word' id='word_1_404' title='bbox 3181 2358 3275 2409; x_wconf 92' lang='lat' dir='ltr'><strong><em>pro</em></strong></span> <span class='ocrx_word' id='word_1_405' title='bbox 3316 2339 3647 2395; x_wconf 80' lang='lat' dir='ltr'><strong><em>Christianis</em></strong></span> <span class='ocrx_word' id='word_1_406' title='bbox 3668 2382 3684 2405; x_wconf 95' lang='lat'><strong><em>,</em></strong></span> 
     </span>
    </p>
   </div>
   <div class='ocr_carea' id='block_1_53' title="bbox 2082 2430 3686 2502">
    <p class='ocr_par' dir='ltr' id='par_1_53' title="bbox 2082 2430 3686 2502">
     <span class='ocr_line' id='line_1_54' title="bbox 2082 2430 3686 2502; baseline -0.002 -12"><span class='ocrx_word' id='word_1_407' title='bbox 2082 2450 2205 2490; x_wconf 87' lang='lat' dir='ltr'><strong><em>cum</em></strong></span> <span class='ocrx_word' id='word_1_408' title='bbox 2260 2435 2533 2489; x_wconf 86' lang='lat' dir='ltr'><strong><em>similibus</em></strong></span> <span class='ocrx_word' id='word_1_409' title='bbox 2578 2434 2822 2491; x_wconf 85' lang='lat' dir='ltr'><strong><em>scholiis.</em></strong></span> <span class='ocrx_word' id='word_1_410' title='bbox 2880 2433 2977 2489; x_wconf 71' lang='lat'><strong><em>13°</em></strong></span> <span class='ocrx_word' id='word_1_411' title='bbox 3012 2430 3266 2502; x_wconf 83' lang='lat' dir='ltr'><strong><em>Ejusdem</em></strong></span> <span class='ocrx_word' id='word_1_412' title='bbox 3300 2442 3567 2487; x_wconf 84' lang='lat' dir='ltr'><strong><em>tractatus</em></strong></span> <span class='ocrx_word' id='word_1_413' title='bbox 3620 2436 3686 2487; x_wconf 89' lang='lat' dir='ltr'><strong><em>de</em></strong></span> 
     </span>
    </p>
   </div>
   <div class='ocr_carea' id='block_1_54' title="bbox 2082 2521 3687 2595">
    <p class='ocr_par' dir='ltr' id='par_1_54' title="bbox 2082 2521 3687 2595">
     <span class='ocr_line' id='line_1_55' title="bbox 2082 2521 3687 2595; baseline -0.001 -16"><span class='ocrx_word' id='word_1_414' title='bbox 2082 2536 2410 2580; x_wconf 84' lang='lat' dir='ltr'><strong><em>mortuorum</em></strong></span> <span class='ocrx_word' id='word_1_415' title='bbox 2438 2525 2841 2580; x_wconf 83' lang='lat' dir='ltr'><strong><em>resurrectione.</em></strong></span> <span class='ocrx_word' id='word_1_416' title='bbox 2889 2524 2987 2577; x_wconf 75' lang='lat' dir='ltr'><strong>H°</strong></span> <span class='ocrx_word' id='word_1_417' title='bbox 3015 2523 3231 2579; x_wconf 79' lang='lat' dir='ltr'><strong><em>Eusebii</em></strong></span> <span class='ocrx_word' id='word_1_418' title='bbox 3260 2521 3530 2595; x_wconf 82' lang='lat' dir='ltr'><strong><em>Pamphili</em></strong></span> <span class='ocrx_word' id='word_1_419' title='bbox 3554 2525 3687 2577; x_wconf 89' lang='lat' dir='ltr'><strong><em>liber</em></strong></span> 
     </span>
    </p>
   </div>
   <div class='ocr_carea' id='block_1_55' title="bbox 2083 2614 3686 2684">
    <p class='ocr_par' dir='ltr' id='par_1_55' title="bbox 2083 2614 3686 2684">
     <span class='ocr_line' id='line_1_56' title="bbox 2083 2614 3686 2684; baseline -0.003 -11"><span class='ocrx_word' id='word_1_420' title='bbox 2083 2620 2332 2673; x_wconf 84' lang='lat' dir='ltr'><strong><em>adversus</em></strong></span> <span class='ocrx_word' id='word_1_421' title='bbox 2390 2617 2709 2672; x_wconf 86' lang='lat' dir='ltr'><strong><em>Hieroclem.</em></strong></span> <span class='ocrx_word' id='word_1_422' title='bbox 2743 2646 2811 2657; x_wconf 94' lang='lat'><strong>—</strong></span> <span class='ocrx_word' id='word_1_423' title='bbox 2853 2615 2902 2671; x_wconf 92' lang='lat' dir='ltr'><strong><em>Is</em></strong></span> <span class='ocrx_word' id='word_1_424' title='bbox 2952 2618 3146 2683; x_wconf 76' lang='lat' dir='ltr'><strong><em>codex,</em></strong></span> <span class='ocrx_word' id='word_1_425' title='bbox 3202 2614 3357 2683; x_wconf 88' lang='lat' dir='ltr'><strong><em>cujus</em></strong></span> <span class='ocrx_word' id='word_1_426' title='bbox 3398 2615 3686 2684; x_wconf 80' lang='lat' dir='ltr'><strong><em>specimen</em></strong></span> 
     </span>
    </p>
   </div>
   <div class='ocr_carea' id='block_1_56' title="bbox 2082 2706 3688 2778">
    <p class='ocr_par' dir='ltr' id='par_1_56' title="bbox 2082 2706 3688 2778">
     <span class='ocr_line' id='line_1_57' title="bbox 2082 2706 3688 2778; baseline -0.004 -12"><span class='ocrx_word' id='word_1_427' title='bbox 2082 2711 2232 2766; x_wconf 88' lang='lat' dir='ltr'><strong><em>dedit</em></strong></span> <span class='ocrx_word' id='word_1_428' title='bbox 2279 2709 2543 2765; x_wconf 87' lang='lat' dir='ltr'><strong><em>Bernard.</em></strong></span> <span class='ocrx_word' id='word_1_429' title='bbox 2586 2710 2655 2763; x_wconf 89' lang='lat' dir='ltr'><strong><em>de</em></strong></span> <span class='ocrx_word' id='word_1_430' title='bbox 2708 2707 3029 2763; x_wconf 81' lang='lat' dir='ltr'><strong><em>Monl&#39;aucon</em></strong></span> <span class='ocrx_word' id='word_1_431' title='bbox 3082 2708 3146 2778; x_wconf 83' lang='lat' dir='ltr'><strong><em>(l.</em></strong></span> <span class='ocrx_word' id='word_1_432' title='bbox 3172 2721 3244 2770; x_wconf 90' lang='lat' dir='ltr'><strong><em>c.,</em></strong></span> <span class='ocrx_word' id='word_1_433' title='bbox 3271 2724 3325 2778; x_wconf 90' lang='lat' dir='ltr'><strong><em>p.</em></strong></span> <span class='ocrx_word' id='word_1_434' title='bbox 3370 2706 3506 2772; x_wconf 72' lang='lat'><strong><em>2‘79,</em></strong></span> <span class='ocrx_word' id='word_1_435' title='bbox 3533 2722 3590 2761; x_wconf 84' lang='grc' dir='ltr'>ιι.</span> <span class='ocrx_word' id='word_1_436' title='bbox 3619 2707 3688 2777; x_wconf 83' lang='grc' dir='ltr'><strong><em>Ι).</em></strong></span> 
     </span>
    </p>
   </div>
   <div class='ocr_carea' id='block_1_57' title="bbox 2085 2798 3693 2869">
    <p class='ocr_par' dir='ltr' id='par_1_57' title="bbox 2085 2798 3693 2869">
     <span class='ocr_line' id='line_1_58' title="bbox 2085 2798 3693 2869; baseline -0.001 -14"><span class='ocrx_word' id='word_1_437' title='bbox 2085 2800 2283 2857; x_wconf 67' lang='lat' dir='ltr'><strong><em>saeculo</em></strong></span> <span class='ocrx_word' id='word_1_438' title='bbox 2334 2800 2625 2855; x_wconf 87' lang='lat' dir='ltr'><strong><em>undecimo</em></strong></span> <span class='ocrx_word' id='word_1_439' title='bbox 2674 2810 2935 2855; x_wconf 77' lang='lat' dir='ltr'><strong><em>exaratos</em></strong></span> <span class='ocrx_word' id='word_1_440' title='bbox 2982 2799 3196 2854; x_wconf 89' lang='lat' dir='ltr'><strong><em>videtur</em></strong></span> <span class='ocrx_word' id='word_1_441' title='bbox 3236 2798 3351 2869; x_wconf 79' lang='lat' dir='ltr'><strong><em>(l3)</em></strong></span> <span class='ocrx_word' id='word_1_442' title='bbox 3380 2813 3414 2853; x_wconf 82' lang='lat' dir='ltr'><strong><em>a</em></strong></span> <span class='ocrx_word' id='word_1_443' title='bbox 3447 2800 3693 2854; x_wconf 79' lang='lat' dir='ltr'><strong><em>diversis</em></strong></span> 
     </span>
    </p>
   </div>
   <div class='ocr_carea' id='block_1_58' title="bbox 2082 2888 3691 2966">
    <p class='ocr_par' dir='ltr' id='par_1_58' title="bbox 2082 2888 3691 2966">
     <span class='ocr_line' id='line_1_59' title="bbox 2082 2888 3691 2966; baseline -0.002 -16"><span class='ocrx_word' id='word_1_444' title='bbox 2082 2897 2299 2966; x_wconf 84' lang='lat' dir='ltr'><strong><em>quidem</em></strong></span> <span class='ocrx_word' id='word_1_445' title='bbox 2326 2893 2599 2958; x_wconf 86' lang='lat' dir='ltr'><strong><em>manibus,</em></strong></span> <span class='ocrx_word' id='word_1_446' title='bbox 2630 2908 2751 2962; x_wconf 70' lang='lat' dir='ltr'><strong><em>quae</em></strong></span> <span class='ocrx_word' id='word_1_447' title='bbox 2797 2902 2978 2946; x_wconf 87' lang='lat' dir='ltr'><strong><em>tamen</em></strong></span> <span class='ocrx_word' id='word_1_448' title='bbox 3029 2906 3220 2945; x_wconf 90' lang='lat' dir='ltr'><strong><em>omnes</em></strong></span> <span class='ocrx_word' id='word_1_449' title='bbox 3265 2888 3520 2959; x_wconf 85' lang='lat' dir='ltr'><strong><em>ejusdem</em></strong></span> <span class='ocrx_word' id='word_1_450' title='bbox 3569 2890 3691 2946; x_wconf 84' lang='lat' dir='ltr'><strong><em>fere</em></strong></span> 
     </span>
    </p>
   </div>
   <div class='ocr_carea' id='block_1_59' title="bbox 2085 2982 3690 3059">
    <p class='ocr_par' dir='ltr' id='par_1_59' title="bbox 2085 2982 3690 3059">
     <span class='ocr_line' id='line_1_60' title="bbox 2085 2982 3690 3059; baseline -0.002 -16"><span class='ocrx_word' id='word_1_451' title='bbox 2085 2988 2343 3059; x_wconf 81' lang='lat' dir='ltr'><strong><em>temporis</em></strong></span> <span class='ocrx_word' id='word_1_452' title='bbox 2392 2996 2537 3041; x_wconf 91' lang='lat' dir='ltr'><strong><em>sunt.</em></strong></span> <span class='ocrx_word' id='word_1_453' title='bbox 2570 2985 2625 3038; x_wconf 90' lang='lat' dir='ltr'><strong><em>In</em></strong></span> <span class='ocrx_word' id='word_1_454' title='bbox 2688 2984 2793 3038; x_wconf 90' lang='lat' dir='ltr'><strong><em>fine</em></strong></span> <span class='ocrx_word' id='word_1_455' title='bbox 2821 2982 2939 3053; x_wconf 82' lang='lat' dir='ltr'><strong><em>(fol.</em></strong></span> <span class='ocrx_word' id='word_1_456' title='bbox 2991 2982 3092 3038; x_wconf 88' lang='grc'><strong><em>190</em></strong></span> <span class='ocrx_word' id='word_1_457' title='bbox 3130 2982 3185 3051; x_wconf 82' lang='grc'><strong>1))</strong></span> <span class='ocrx_word' id='word_1_458' title='bbox 3224 2983 3508 3052; x_wconf 90' lang='lat' dir='ltr'><strong><em>reperitur</em></strong></span> <span class='ocrx_word' id='word_1_459' title='bbox 3569 2984 3690 3039; x_wconf 75' lang='lat' dir='ltr'><strong><em>haec</em></strong></span> 
     </span>
    </p>
   </div>
   <div class='ocr_carea' id='block_1_60' title="bbox 2082 3075 3693 3151">
    <p class='ocr_par' dir='ltr' id='par_1_60' title="bbox 2082 3075 3693 3151">
     <span class='ocr_line' id='line_1_61' title="bbox 2082 3075 3693 3151; baseline -0.002 -16"><span class='ocrx_word' id='word_1_460' title='bbox 2082 3078 2409 3151; x_wconf 86' lang='lat' dir='ltr'><strong><em>possessoris</em></strong></span> <span class='ocrx_word' id='word_1_461' title='bbox 2442 3086 2566 3132; x_wconf 91' lang='lat' dir='ltr'><strong><em>nota</em></strong></span> <span class='ocrx_word' id='word_1_462' title='bbox 2628 3075 2941 3130; x_wconf 89' lang='lat' dir='ltr'><strong><em>inferiorem</em></strong></span> <span class='ocrx_word' id='word_1_463' title='bbox 2994 3084 3211 3130; x_wconf 62' lang='lat' dir='ltr'><strong><em>aetatem</em></strong></span> <span class='ocrx_word' id='word_1_464' title='bbox 3263 3075 3557 3145; x_wconf 85' lang='lat' dir='ltr'><strong><em>prodens:</em></strong></span> <span class='ocrx_word' id='word_1_465' title='bbox 3624 3077 3693 3131; x_wconf 81' lang='grc' dir='ltr'><strong>Ἦ</strong></span> 
     </span>
    </p>
   </div>
   <div class='ocr_carea' id='block_1_61' title="bbox 392 3167 2160 3270">
    <p class='ocr_par' dir='ltr' id='par_1_61' title="bbox 392 3172 2160 3270">
     <span class='ocr_line' id='line_1_62' title="bbox 392 3172 2160 3270; baseline 0.001 -42"><span class='ocrx_word' id='word_1_466' title='bbox 392 3177 868 3270; x_wconf 58' lang='grc' dir='ltr'>ιιιειιιιιιιιιιθοοιιε,</span> <span class='ocrx_word' id='word_1_467' title='bbox 903 3174 1090 3229; x_wconf 56' lang='lat' dir='ltr'><strong><em>forma</em></strong></span> <span class='ocrx_word' id='word_1_468' title='bbox 1122 3177 1426 3244; x_wconf 59' lang='lat' dir='ltr'><strong><em>quadratis,</em></strong></span> <span class='ocrx_word' id='word_1_469' title='bbox 1465 3175 1977 3241; x_wconf 83' lang='lat' dir='ltr'><strong><em>Fonteblaudensis,</em></strong></span> <span class='ocrx_word' id='word_1_470' title='bbox 2008 3211 2052 3270; x_wconf 66' lang='grc' dir='ltr'><strong><em>α</em></strong></span> <span class='ocrx_word' id='word_1_471' title='bbox 2086 3172 2160 3243; x_wconf 87' lang='grc' dir='ltr'><strong><em>βίε</em></strong></span> 
     </span>
    </p>
   </div>
   <div class='ocr_carea' id='block_1_62' title="bbox 2157 3167 3691 3270">
    <p class='ocr_par' dir='ltr' id='par_1_62' title="bbox 2157 3167 3691 3241">
     <span class='ocr_line' id='line_1_63' title="bbox 2157 3167 3691 3241; baseline -0.001 -17"><span class='ocrx_word' id='word_1_472' title='bbox 2157 3172 2266 3235; x_wconf 67' lang='grc' dir='ltr'>ὅλος</span> <span class='ocrx_word' id='word_1_473' title='bbox 2294 3170 2431 3240; x_wconf 76' lang='grc' dir='ltr'><strong><em>αὕτη</em></strong></span> <span class='ocrx_word' id='word_1_474' title='bbox 2464 3167 2714 3232; x_wconf 79' lang='grc' dir='ltr'><strong><em>εὐτελοῦς</em></strong></span> <span class='ocrx_word' id='word_1_475' title='bbox 2754 3167 3165 3240; x_wconf 79' lang='grc' dir='ltr'>χαρτοφύλακος</span> <span class='ocrx_word' id='word_1_476' title='bbox 3202 3167 3357 3221; x_wconf 84' lang='grc' dir='ltr'>πέλει</span> <span class='ocrx_word' id='word_1_477' title='bbox 3403 3168 3691 3241; x_wconf 65' lang='grc' dir='ltr'>Γεωρτίοδ</span> 
     </span>
    </p>
   </div>
   <div class='ocr_carea' id='block_1_63' title="bbox 393 3263 1980 3335">
    <p class='ocr_par' dir='ltr' id='par_1_63' title="bbox 393 3263 1980 3335">
     <span class='ocr_line' id='line_1_64' title="bbox 393 3263 1980 3335; baseline 0.001 -15"><span class='ocrx_word' id='word_1_478' title='bbox 393 3265 445 3320; x_wconf 82' lang='grc' dir='ltr'>ιι.</span> <span class='ocrx_word' id='word_1_479' title='bbox 476 3279 526 3319; x_wconf 92' lang='lat' dir='ltr'><strong><em>e.</em></strong></span> <span class='ocrx_word' id='word_1_480' title='bbox 554 3278 619 3317; x_wconf 89' lang='lat' dir='ltr'><strong><em>ex</em></strong></span> <span class='ocrx_word' id='word_1_481' title='bbox 656 3263 825 3335; x_wconf 82' lang='lat' dir='ltr'><strong><em>Regia</em></strong></span> <span class='ocrx_word' id='word_1_482' title='bbox 858 3263 1188 3320; x_wconf 84' lang='lat' dir='ltr'><strong><em>bibliotheca</em></strong></span> <span class='ocrx_word' id='word_1_483' title='bbox 1228 3266 1355 3321; x_wconf 90' lang='lat' dir='ltr'><strong><em>olim</em></strong></span> <span class='ocrx_word' id='word_1_484' title='bbox 1387 3268 1440 3321; x_wconf 90' lang='lat' dir='ltr'><strong><em>in</em></strong></span> <span class='ocrx_word' id='word_1_485' title='bbox 1495 3282 1622 3322; x_wconf 83' lang='lat' dir='ltr'><strong><em>arce</em></strong></span> <span class='ocrx_word' id='word_1_486' title='bbox 1654 3267 1980 3323; x_wconf 84' lang='lat' dir='ltr'><strong><em>Fonteblan-</em></strong></span> 
     </span>
    </p>
   </div>
   <div class='ocr_carea' id='block_1_64' title="bbox 390 3356 1980 3427">
    <p class='ocr_par' dir='ltr' id='par_1_64' title="bbox 390 3356 1980 3427">
     <span class='ocr_line' id='line_1_65' title="bbox 390 3356 1980 3427; baseline 0.001 -15"><span class='ocrx_word' id='word_1_487' title='bbox 390 3357 542 3412; x_wconf 89' lang='lat' dir='ltr'><strong><em>densi</em></strong></span> <span class='ocrx_word' id='word_1_488' title='bbox 570 3368 852 3412; x_wconf 87' lang='lat' dir='ltr'><strong><em>asservata</em></strong></span> <span class='ocrx_word' id='word_1_489' title='bbox 882 3356 1149 3427; x_wconf 78' lang='lat' dir='ltr'><strong><em>originem</em></strong></span> <span class='ocrx_word' id='word_1_490' title='bbox 1183 3360 1422 3414; x_wconf 87' lang='lat' dir='ltr'><strong><em>trahens.</em></strong></span> <span class='ocrx_word' id='word_1_491' title='bbox 1472 3359 1622 3414; x_wconf 86' lang='lat' dir='ltr'><strong><em>Folia</em></strong></span> <span class='ocrx_word' id='word_1_492' title='bbox 1686 3368 1814 3414; x_wconf 90' lang='lat' dir='ltr'><strong><em>sunt</em></strong></span> <span class='ocrx_word' id='word_1_493' title='bbox 1860 3359 1980 3414; x_wconf 89' lang='grc'><strong>190.</strong></span> 
     </span>
    </p>
   </div>
   <div class='ocr_carea' id='block_1_65' title="bbox 392 3444 1982 3519">
    <p class='ocr_par' dir='ltr' id='par_1_65' title="bbox 392 3444 1982 3519">
     <span class='ocr_line' id='line_1_66' title="bbox 392 3444 1982 3519; baseline 0.005 -19"><span class='ocrx_word' id='word_1_494' title='bbox 392 3447 467 3501; x_wconf 88' lang='lat' dir='ltr'><strong><em>lbi</em></strong></span> <span class='ocrx_word' id='word_1_495' title='bbox 522 3446 655 3507; x_wconf 86' lang='lat' dir='ltr'><strong><em>fvid.</em></strong></span> <span class='ocrx_word' id='word_1_496' title='bbox 707 3444 988 3517; x_wconf 85' lang='lat' dir='ltr'><strong><em>Catalogg.</em></strong></span> <span class='ocrx_word' id='word_1_497' title='bbox 1050 3464 1105 3518; x_wconf 90' lang='lat' dir='ltr'><strong><em>p.</em></strong></span> <span class='ocrx_word' id='word_1_498' title='bbox 1160 3448 1228 3503; x_wconf 73' lang='lat'><strong><em>27</em></strong></span> <span class='ocrx_word' id='word_1_499' title='bbox 1293 3450 1401 3519; x_wconf 90' lang='lat' dir='ltr'><strong><em>sq.)</em></strong></span> <span class='ocrx_word' id='word_1_500' title='bbox 1476 3452 1873 3508; x_wconf 88' lang='lat' dir='ltr'><strong><em>continentur:</em></strong></span> <span class='ocrx_word' id='word_1_501' title='bbox 1922 3454 1982 3507; x_wconf 86' lang='grc' dir='ltr'><strong>1ο</strong></span> 
     </span>
    </p>
   </div>
   <div class='ocr_carea' id='block_1_66' title="bbox 394 3537 1987 3608">
    <p class='ocr_par' dir='ltr' id='par_1_66' title="bbox 394 3537 1987 3608">
     <span class='ocr_line' id='line_1_67' title="bbox 394 3537 1987 3608; baseline 0.004 -15"><span class='ocrx_word' id='word_1_502' title='bbox 394 3537 762 3608; x_wconf 81' lang='lat' dir='ltr'><strong><em>Olgutpiodori</em></strong></span> <span class='ocrx_word' id='word_1_503' title='bbox 789 3537 1213 3595; x_wconf 84' lang='lat' dir='ltr'><strong><em>Commentarius</em></strong></span> <span class='ocrx_word' id='word_1_504' title='bbox 1236 3543 1290 3597; x_wconf 91' lang='lat' dir='ltr'><strong><em>in</em></strong></span> <span class='ocrx_word' id='word_1_505' title='bbox 1324 3542 1700 3598; x_wconf 79' lang='lat' dir='ltr'><strong><em>Ecclesiasten.</em></strong></span> <span class='ocrx_word' id='word_1_506' title='bbox 1728 3546 1794 3598; x_wconf 65' lang='lat'><strong>2°</strong></span> <span class='ocrx_word' id='word_1_507' title='bbox 1820 3545 1987 3600; x_wconf 86' lang='lat' dir='ltr'><strong><em>Scho-</em></strong></span> 
     </span>
    </p>
   </div>
   <div class='ocr_carea' id='block_1_67' title="bbox 390 3628 1985 3701">
    <p class='ocr_par' dir='ltr' id='par_1_67' title="bbox 390 3628 1985 3701">
     <span class='ocr_line' id='line_1_68' title="bbox 390 3628 1985 3701; baseline 0.004 -19"><span class='ocrx_word' id='word_1_508' title='bbox 390 3631 467 3684; x_wconf 82' lang='lat' dir='ltr'><strong><em>lia</em></strong></span> <span class='ocrx_word' id='word_1_509' title='bbox 498 3631 553 3684; x_wconf 92' lang='lat' dir='ltr'><strong><em>in</em></strong></span> <span class='ocrx_word' id='word_1_510' title='bbox 596 3628 876 3685; x_wconf 80' lang='lat' dir='ltr'><strong><em>Prouerbia</em></strong></span> <span class='ocrx_word' id='word_1_511' title='bbox 916 3631 1244 3695; x_wconf 86' lang='lat' dir='ltr'><strong><em>Salomonis.</em></strong></span> <span class='ocrx_word' id='word_1_512' title='bbox 1275 3648 1306 3688; x_wconf 90' lang='lat' dir='ltr'><strong><em>e</em></strong></span> <span class='ocrx_word' id='word_1_513' title='bbox 1330 3634 1536 3697; x_wconf 85' lang='lat' dir='ltr'><strong><em>Basilii,</em></strong></span> <span class='ocrx_word' id='word_1_514' title='bbox 1589 3635 1858 3701; x_wconf 87' lang='lat' dir='ltr'><strong><em>Diadecti,</em></strong></span> <span class='ocrx_word' id='word_1_515' title='bbox 1894 3636 1985 3688; x_wconf 85' lang='lat' dir='ltr'><strong><em>Di-</em></strong></span> 
     </span>
    </p>
   </div>
   <div class='ocr_carea' id='block_1_68' title="bbox 390 3717 1985 3793">
    <p class='ocr_par' dir='ltr' id='par_1_68' title="bbox 390 3717 1985 3793">
     <span class='ocr_line' id='line_1_69' title="bbox 390 3717 1985 3793; baseline 0.004 -22"><span class='ocrx_word' id='word_1_516' title='bbox 390 3717 562 3789; x_wconf 87' lang='lat' dir='ltr'><strong><em>dymi,</em></strong></span> <span class='ocrx_word' id='word_1_517' title='bbox 596 3718 833 3788; x_wconf 82' lang='lat' dir='ltr'><strong><em>Evagrii,</em></strong></span> <span class='ocrx_word' id='word_1_518' title='bbox 862 3718 1130 3791; x_wconf 85' lang='lat' dir='ltr'><strong><em>Hippolyti</em></strong></span> <span class='ocrx_word' id='word_1_519' title='bbox 1161 3731 1214 3774; x_wconf 89' lang='lat' dir='ltr'><strong><em>et</em></strong></span> <span class='ocrx_word' id='word_1_520' title='bbox 1240 3721 1466 3775; x_wconf 89' lang='lat' dir='ltr'><strong><em>Palladii</em></strong></span> <span class='ocrx_word' id='word_1_521' title='bbox 1516 3724 1736 3793; x_wconf 88' lang='lat' dir='ltr'><strong><em>scriptis</em></strong></span> <span class='ocrx_word' id='word_1_522' title='bbox 1792 3739 1985 3778; x_wconf 78' lang='lat' dir='ltr'><strong><em>excer-</em></strong></span> 
     </span>
    </p>
   </div>
   <div class='ocr_carea' id='block_1_69' title="bbox 391 3812 1983 3882">
    <p class='ocr_par' dir='ltr' id='par_1_69' title="bbox 391 3812 1983 3882">
     <span class='ocr_line' id='line_1_70' title="bbox 391 3812 1983 3882; baseline 0.003 -17"><span class='ocrx_word' id='word_1_523' title='bbox 391 3826 505 3882; x_wconf 89' lang='lat' dir='ltr'><strong><em>pta.</em></strong></span> <span class='ocrx_word' id='word_1_524' title='bbox 536 3812 812 3868; x_wconf 84' lang='lat' dir='ltr'><strong><em>Laudatur</em></strong></span> <span class='ocrx_word' id='word_1_525' title='bbox 841 3814 1005 3868; x_wconf 87' lang='lat' dir='ltr'><strong><em>etiam</em></strong></span> <span class='ocrx_word' id='word_1_526' title='bbox 1029 3815 1369 3870; x_wconf 86' lang='lat' dir='ltr'><strong><em>Aristoteles.</em></strong></span> <span class='ocrx_word' id='word_1_527' title='bbox 1414 3816 1478 3870; x_wconf 78' lang='lat'><strong>5°</strong></span> <span class='ocrx_word' id='word_1_528' title='bbox 1507 3816 1787 3870; x_wconf 85' lang='lat' dir='ltr'><strong><em>Athanasii</em></strong></span> <span class='ocrx_word' id='word_1_529' title='bbox 1837 3817 1983 3870; x_wconf 89' lang='lat' dir='ltr'><strong><em>locus</em></strong></span> 
     </span>
    </p>
   </div>
   <div class='ocr_carea' id='block_1_70' title="bbox 391 3902 1988 3977">
    <p class='ocr_par' dir='ltr' id='par_1_70' title="bbox 391 3902 1988 3977">
     <span class='ocr_line' id='line_1_71' title="bbox 391 3902 1988 3977; baseline 0.003 -20"><span class='ocrx_word' id='word_1_530' title='bbox 391 3912 457 3959; x_wconf 86' lang='lat' dir='ltr'><strong><em>de</em></strong></span> <span class='ocrx_word' id='word_1_531' title='bbox 490 3902 745 3959; x_wconf 82' lang='lat' dir='ltr'><strong><em>Psalmis.</em></strong></span> <span class='ocrx_word' id='word_1_532' title='bbox 777 3905 841 3959; x_wconf 71' lang='grc' dir='ltr'><strong><em>4ο</em></strong></span> <span class='ocrx_word' id='word_1_533' title='bbox 868 3905 1053 3959; x_wconf 85' lang='lat' dir='ltr'><strong><em>Decem</em></strong></span> <span class='ocrx_word' id='word_1_534' title='bbox 1087 3908 1272 3960; x_wconf 81' lang='lat' dir='ltr'><strong><em>ueteris</em></strong></span> <span class='ocrx_word' id='word_1_535' title='bbox 1302 3907 1428 3977; x_wconf 80' lang='lat' dir='ltr'><strong><em>legis</em></strong></span> <span class='ocrx_word' id='word_1_536' title='bbox 1456 3913 1733 3964; x_wconf 86' lang='lat' dir='ltr'><strong><em>mandata.</em></strong></span> <span class='ocrx_word' id='word_1_537' title='bbox 1769 3909 1833 3964; x_wconf 82' lang='lat'><strong><em>5°</em></strong></span> <span class='ocrx_word' id='word_1_538' title='bbox 1866 3909 1988 3964; x_wconf 80' lang='lat' dir='ltr'><strong><em>Ma-</em></strong></span> 
     </span>
    </p>
   </div>
   <div class='ocr_carea' id='block_1_71' title="bbox 393 3996 1984 4070">
    <p class='ocr_par' dir='ltr' id='par_1_71' title="bbox 393 3996 1984 4070">
     <span class='ocr_line' id='line_1_72' title="bbox 393 3996 1984 4070; baseline 0.004 -21"><span class='ocrx_word' id='word_1_539' title='bbox 393 3997 523 4050; x_wconf 62' lang='lat' dir='ltr'><strong><em>ximi</em></strong></span> <span class='ocrx_word' id='word_1_540' title='bbox 574 3997 892 4067; x_wconf 78' lang='lat' dir='ltr'><strong><em>confessoris</em></strong></span> <span class='ocrx_word' id='word_1_541' title='bbox 935 3996 1293 4063; x_wconf 75' lang='lat' dir='ltr'><strong><em>Qua&#39;stiones,</em></strong></span> <span class='ocrx_word' id='word_1_542' title='bbox 1344 3999 1781 4070; x_wconf 87' lang='lat' dir='ltr'><strong><em>interrogationes</em></strong></span> <span class='ocrx_word' id='word_1_543' title='bbox 1819 4010 1866 4055; x_wconf 87' lang='lat' dir='ltr'><strong><em>et</em></strong></span> <span class='ocrx_word' id='word_1_544' title='bbox 1901 4017 1984 4055; x_wconf 84' lang='lat' dir='ltr'><strong><em>re-</em></strong></span> 
     </span>
    </p>
   </div>
   <div class='ocr_carea' id='block_1_72' title="bbox 392 4088 1985 4160">
    <p class='ocr_par' dir='ltr' id='par_1_72' title="bbox 392 4088 1985 4160">
     <span class='ocr_line' id='line_1_73' title="bbox 392 4088 1985 4160; baseline -0.001 -18"><span class='ocrx_word' id='word_1_545' title='bbox 392 4089 700 4155; x_wconf 82' lang='lat' dir='ltr'><strong><em>sponsiones</em></strong></span> <span class='ocrx_word' id='word_1_546' title='bbox 725 4088 1018 4152; x_wconf 83' lang='lat' dir='ltr'><strong><em>breviores;</em></strong></span> <span class='ocrx_word' id='word_1_547' title='bbox 1049 4090 1168 4142; x_wconf 88' lang='lat' dir='ltr'><strong><em>item</em></strong></span> <span class='ocrx_word' id='word_1_548' title='bbox 1220 4089 1550 4143; x_wconf 83' lang='lat' dir='ltr'><strong><em>diversorum</em></strong></span> <span class='ocrx_word' id='word_1_549' title='bbox 1585 4092 1817 4159; x_wconf 85' lang='lat' dir='ltr'><strong><em>capitum</em></strong></span> <span class='ocrx_word' id='word_1_550' title='bbox 1848 4091 1985 4160; x_wconf 64' lang='lat' dir='ltr'><strong><em>dini-</em></strong></span> 
     </span>
    </p>
   </div>
   <div class='ocr_carea' id='block_1_73' title="bbox 392 4180 1983 4250">
    <p class='ocr_par' dir='ltr' id='par_1_73' title="bbox 392 4180 1983 4250">
     <span class='ocr_line' id='line_1_74' title="bbox 392 4180 1983 4250; baseline 0.001 -13"><span class='ocrx_word' id='word_1_551' title='bbox 392 4184 572 4237; x_wconf 82' lang='lat' dir='ltr'><strong><em>cilium</em></strong></span> <span class='ocrx_word' id='word_1_552' title='bbox 614 4182 805 4236; x_wconf 86' lang='lat' dir='ltr'><strong><em>selecta</em></strong></span> <span class='ocrx_word' id='word_1_553' title='bbox 857 4180 1157 4250; x_wconf 67' lang='lat' dir='ltr'><strong><em>explicatio.</em></strong></span> <span class='ocrx_word' id='word_1_554' title='bbox 1198 4184 1265 4238; x_wconf 75' lang='grc' dir='ltr'><strong><em>ϐ’</em></strong></span> <span class='ocrx_word' id='word_1_555' title='bbox 1298 4182 1515 4236; x_wconf 83' lang='lat' dir='ltr'><strong><em>Scholia</em></strong></span> <span class='ocrx_word' id='word_1_556' title='bbox 1553 4183 1609 4237; x_wconf 88' lang='lat' dir='ltr'><strong><em>in</em></strong></span> <span class='ocrx_word' id='word_1_557' title='bbox 1656 4183 1983 4239; x_wconf 76' lang='lat' dir='ltr'><strong><em>Ezechielem</em></strong></span> 
     </span>
    </p>
   </div>
   <div class='ocr_carea' id='block_1_74' title="bbox 392 4273 1984 4347">
    <p class='ocr_par' dir='ltr' id='par_1_74' title="bbox 392 4273 1984 4347">
     <span class='ocr_line' id='line_1_75' title="bbox 392 4273 1984 4347; baseline 0 -17"><span class='ocrx_word' id='word_1_558' title='bbox 392 4278 719 4345; x_wconf 80' lang='lat' dir='ltr'><strong><em>prophetam,</em></strong></span> <span class='ocrx_word' id='word_1_559' title='bbox 750 4289 816 4328; x_wconf 92' lang='lat' dir='ltr'><strong><em>ex</em></strong></span> <span class='ocrx_word' id='word_1_560' title='bbox 851 4273 1200 4343; x_wconf 84' lang='lat' dir='ltr'><strong><em>Apollinarii,</em></strong></span> <span class='ocrx_word' id='word_1_561' title='bbox 1256 4273 1505 4344; x_wconf 73' lang='lat' dir='ltr'><strong><em>Gregorii</em></strong></span> <span class='ocrx_word' id='word_1_562' title='bbox 1564 4274 1821 4347; x_wconf 82' lang='lat' dir='ltr'><strong><em>Nysseui,</em></strong></span> <span class='ocrx_word' id='word_1_563' title='bbox 1860 4277 1984 4332; x_wconf 84' lang='lat' dir='ltr'><strong><em>Ori-</em></strong></span> 
     </span>
    </p>
   </div>
   <div class='ocr_carea' id='block_1_75' title="bbox 393 4366 1981 4440">
    <p class='ocr_par' dir='ltr' id='par_1_75' title="bbox 393 4366 1981 4440">
     <span class='ocr_line' id='line_1_76' title="bbox 393 4366 1981 4440; baseline -0.002 -17"><span class='ocrx_word' id='word_1_564' title='bbox 393 4371 568 4439; x_wconf 81' lang='lat' dir='ltr'><strong><em>genis,</em></strong></span> <span class='ocrx_word' id='word_1_565' title='bbox 597 4369 943 4440; x_wconf 82' lang='lat' dir='ltr'><strong><em>Polycbmnii</em></strong></span> <span class='ocrx_word' id='word_1_566' title='bbox 967 4379 1021 4423; x_wconf 70' lang='lat' dir='ltr'><strong><em>et</em></strong></span> <span class='ocrx_word' id='word_1_567' title='bbox 1052 4366 1385 4423; x_wconf 87' lang='lat' dir='ltr'><strong><em>Theodoreti</em></strong></span> <span class='ocrx_word' id='word_1_568' title='bbox 1433 4368 1653 4437; x_wconf 89' lang='lat' dir='ltr'><strong><em>scriptis</em></strong></span> <span class='ocrx_word' id='word_1_569' title='bbox 1701 4378 1981 4438; x_wconf 79' lang='lat' dir='ltr'><strong><em>excerpta.</em></strong></span> 
     </span>
    </p>
   </div>
   <div class='ocr_carea' id='block_1_76' title="bbox 392 4460 1985 4531">
    <p class='ocr_par' dir='ltr' id='par_1_76' title="bbox 392 4460 1985 4531">
     <span class='ocr_line' id='line_1_77' title="bbox 392 4460 1985 4531; baseline -0.003 -14"><span class='ocrx_word' id='word_1_570' title='bbox 392 4465 455 4517; x_wconf 84' lang='lat'><strong>7°</strong></span> <span class='ocrx_word' id='word_1_571' title='bbox 479 4462 696 4518; x_wconf 87' lang='lat' dir='ltr'><strong><em>Scholia</em></strong></span> <span class='ocrx_word' id='word_1_572' title='bbox 722 4463 778 4519; x_wconf 88' lang='lat' dir='ltr'><strong><em>in</em></strong></span> <span class='ocrx_word' id='word_1_573' title='bbox 813 4463 1119 4529; x_wconf 85' lang='lat' dir='ltr'><strong><em>Danielem;</em></strong></span> <span class='ocrx_word' id='word_1_574' title='bbox 1149 4462 1221 4517; x_wconf 91' lang='lat' dir='ltr'><strong><em>ibi</em></strong></span> <span class='ocrx_word' id='word_1_575' title='bbox 1267 4476 1644 4531; x_wconf 67' lang='lat' dir='ltr'><strong><em>saepenumero</em></strong></span> <span class='ocrx_word' id='word_1_576' title='bbox 1693 4460 1985 4514; x_wconf 87' lang='lat' dir='ltr'><strong><em>laudantur</em></strong></span> 
     </span>
    </p>
   </div>
   <div class='ocr_carea' id='block_1_77' title="bbox 393 4551 2058 4625">
    <p class='ocr_par' dir='ltr' id='par_1_77' title="bbox 393 4551 2058 4625">
     <span class='ocr_line' id='line_1_78' title="bbox 393 4551 2058 4625; baseline -0.002 -16"><span class='ocrx_word' id='word_1_577' title='bbox 393 4553 721 4621; x_wconf 80' lang='lat' dir='ltr'><strong><em>Africanus,</em></strong></span> <span class='ocrx_word' id='word_1_578' title='bbox 771 4555 1119 4622; x_wconf 82' lang='lat' dir='ltr'><strong><em>Ammonius,</em></strong></span> <span class='ocrx_word' id='word_1_579' title='bbox 1179 4556 1643 4625; x_wconf 87' lang='lat' dir='ltr'><strong><em>Cbrysostomus,</em></strong></span> <span class='ocrx_word' id='word_1_580' title='bbox 1705 4551 1977 4623; x_wconf 81' lang='lat' dir='ltr'><strong><em>Cyrillus,</em></strong></span> <span class='ocrx_word' id='word_1_581' title='bbox 2013 4560 2058 4615; x_wconf 86' lang='grc' dir='ltr'><strong>ῐ)</strong></span> 
     </span>
    </p>
   </div>
   <div class='ocr_carea' id='block_1_78' title="bbox 394 4645 1988 4719">
    <p class='ocr_par' dir='ltr' id='par_1_78' title="bbox 394 4645 1988 4719">
     <span class='ocr_line' id='line_1_79' title="bbox 394 4645 1988 4719; baseline -0.001 -18"><span class='ocrx_word' id='word_1_582' title='bbox 394 4646 719 4719; x_wconf 82' lang='lat' dir='ltr'><strong><em>Hippolytus</em></strong></span> <span class='ocrx_word' id='word_1_583' title='bbox 759 4659 813 4703; x_wconf 90' lang='lat' dir='ltr'><strong><em>et</em></strong></span> <span class='ocrx_word' id='word_1_584' title='bbox 840 4648 1255 4719; x_wconf 85' lang='lat' dir='ltr'><strong><em>Polycbronius.</em></strong></span> <span class='ocrx_word' id='word_1_585' title='bbox 1287 4650 1351 4704; x_wconf 87' lang='lat'><strong><em>8°</em></strong></span> <span class='ocrx_word' id='word_1_586' title='bbox 1396 4646 1657 4716; x_wconf 76' lang='lat' dir='ltr'><strong><em>Excerpta</em></strong></span> <span class='ocrx_word' id='word_1_587' title='bbox 1681 4662 1708 4700; x_wconf 93' lang='lat' dir='ltr'><strong><em>e</em></strong></span> <span class='ocrx_word' id='word_1_588' title='bbox 1749 4645 1988 4700; x_wconf 87' lang='lat' dir='ltr'><strong><em>Theodo-</em></strong></span> 
     </span>
    </p>
   </div>
   <div class='ocr_carea' id='block_1_79' title="bbox 394 4737 1983 4811">
    <p class='ocr_par' dir='ltr' id='par_1_79' title="bbox 394 4737 1983 4811">
     <span class='ocr_line' id='line_1_80' title="bbox 394 4737 1983 4811; baseline -0.002 -20"><span class='ocrx_word' id='word_1_589' title='bbox 394 4740 490 4793; x_wconf 88' lang='lat' dir='ltr'><strong><em>reti</em></strong></span> <span class='ocrx_word' id='word_1_590' title='bbox 528 4739 764 4810; x_wconf 87' lang='lat' dir='ltr'><strong><em>Dialogis</em></strong></span> <span class='ocrx_word' id='word_1_591' title='bbox 791 4741 981 4804; x_wconf 76' lang='lat' dir='ltr'><strong><em>tribus,</em></strong></span> <span class='ocrx_word' id='word_1_592' title='bbox 1016 4738 1304 4811; x_wconf 75' lang='grc' dir='ltr'>ὲρανιστὴν</span> <span class='ocrx_word' id='word_1_593' title='bbox 1335 4740 1473 4793; x_wconf 86' lang='lat' dir='ltr'><strong><em>inter</em></strong></span> <span class='ocrx_word' id='word_1_594' title='bbox 1513 4748 1560 4792; x_wconf 90' lang='lat' dir='ltr'><strong><em>et</em></strong></span> <span class='ocrx_word' id='word_1_595' title='bbox 1610 4737 1983 4791; x_wconf 75' lang='lat' dir='ltr'><strong><em>orthodoxam.</em></strong></span> 
     </span>
    </p>
   </div>
   <div class='ocr_carea' id='block_1_80' title="bbox 393 4825 1987 4900">
    <p class='ocr_par' dir='ltr' id='par_1_80' title="bbox 393 4825 1987 4900">
     <span class='ocr_line' id='line_1_81' title="bbox 393 4825 1987 4900; baseline -0.005 -16"><span class='ocrx_word' id='word_1_596' title='bbox 393 4830 459 4884; x_wconf 83' lang='lat'><strong>9°</strong></span> <span class='ocrx_word' id='word_1_597' title='bbox 498 4829 683 4885; x_wconf 88' lang='lat' dir='ltr'><strong><em>Sancti</em></strong></span> <span class='ocrx_word' id='word_1_598' title='bbox 736 4828 937 4884; x_wconf 78' lang='lat' dir='ltr'><strong><em>Justini</em></strong></span> <span class='ocrx_word' id='word_1_599' title='bbox 984 4831 1234 4900; x_wconf 79' lang='lat' dir='ltr'><strong><em>martyris</em></strong></span> <span class='ocrx_word' id='word_1_600' title='bbox 1281 4829 1351 4882; x_wconf 88' lang='lat' dir='ltr'><strong><em>ad</em></strong></span> <span class='ocrx_word' id='word_1_601' title='bbox 1397 4828 1597 4883; x_wconf 78' lang='lat' dir='ltr'><strong><em>lenam</em></strong></span> <span class='ocrx_word' id='word_1_602' title='bbox 1638 4837 1684 4880; x_wconf 89' lang='lat' dir='ltr'><strong><em>et</em></strong></span> <span class='ocrx_word' id='word_1_603' title='bbox 1730 4825 1987 4879; x_wconf 86' lang='lat' dir='ltr'><strong><em>Serenum</em></strong></span> 
     </span>
    </p>
   </div>
   <div class='ocr_carea' id='block_1_81' title="bbox 394 4919 1995 4994">
    <p class='ocr_par' dir='ltr' id='par_1_81' title="bbox 394 4919 1995 4994">
     <span class='ocr_line' id='line_1_82' title="bbox 394 4919 1995 4994; baseline -0.002 -17"><span class='ocrx_word' id='word_1_604' title='bbox 394 4924 614 4992; x_wconf 84' lang='lat' dir='ltr'><strong><em>epistola</em></strong></span> <span class='ocrx_word' id='word_1_605' title='bbox 645 4923 764 4993; x_wconf 85' lang='lat' dir='ltr'><strong><em>(fol.</em></strong></span> <span class='ocrx_word' id='word_1_606' title='bbox 820 4923 1018 4990; x_wconf 74' lang='lat'><strong><em>85-92;</em></strong></span> <span class='ocrx_word' id='word_1_607' title='bbox 1074 4924 1246 4994; x_wconf 89' lang='lat' dir='ltr'><strong><em>prima</em></strong></span> <span class='ocrx_word' id='word_1_608' title='bbox 1291 4930 1347 4975; x_wconf 88' lang='lat' dir='ltr'><strong><em>et</em></strong></span> <span class='ocrx_word' id='word_1_609' title='bbox 1397 4929 1641 4974; x_wconf 78' lang='lat' dir='ltr'><strong><em>extrema</em></strong></span> <span class='ocrx_word' id='word_1_610' title='bbox 1698 4919 1865 4973; x_wconf 85' lang='lat' dir='ltr'><strong><em>verba</em></strong></span> <span class='ocrx_word' id='word_1_611' title='bbox 1919 4919 1995 4973; x_wconf 80' lang='lat' dir='ltr'><strong><em>le-</em></strong></span> 
     </span>
    </p>
   </div>
   <div class='ocr_carea' id='block_1_82' title="bbox 394 5010 1988 5087">
    <p class='ocr_par' dir='ltr' id='par_1_82' title="bbox 394 5010 1988 5087">
     <span class='ocr_line' id='line_1_83' title="bbox 394 5010 1988 5087; baseline -0.003 -18"><span class='ocrx_word' id='word_1_612' title='bbox 394 5028 594 5087; x_wconf 84' lang='lat' dir='ltr'><strong><em>guntur</em></strong></span> <span class='ocrx_word' id='word_1_613' title='bbox 645 5018 721 5071; x_wconf 89' lang='lat' dir='ltr'><strong><em>uti</em></strong></span> <span class='ocrx_word' id='word_1_614' title='bbox 770 5017 910 5087; x_wconf 88' lang='lat' dir='ltr'><strong><em>apud</em></strong></span> <span class='ocrx_word' id='word_1_615' title='bbox 943 5015 1223 5070; x_wconf 82' lang='lat' dir='ltr'><strong><em>Maranum</em></strong></span> <span class='ocrx_word' id='word_1_616' title='bbox 1247 5032 1299 5084; x_wconf 90' lang='lat' dir='ltr'><strong><em>p.</em></strong></span> <span class='ocrx_word' id='word_1_617' title='bbox 1328 5013 1428 5067; x_wconf 76' lang='grc'><strong>408</strong></span> <span class='ocrx_word' id='word_1_618' title='bbox 1464 5010 1712 5065; x_wconf 69' lang='grc' dir='ltr'><strong>Λ.-ι117</strong></span> <span class='ocrx_word' id='word_1_619' title='bbox 1756 5010 1843 5081; x_wconf 85' lang='grc' dir='ltr'><strong>Β).</strong></span> <span class='ocrx_word' id='word_1_620' title='bbox 1890 5012 1988 5065; x_wconf 88' lang='grc'><strong>10⁰</strong></span> 
     </span>
    </p>
   </div>
   <div class='ocr_carea' id='block_1_83' title="bbox 396 5104 1989 5182">
    <p class='ocr_par' dir='ltr' id='par_1_83' title="bbox 396 5104 1989 5182">
     <span class='ocr_line' id='line_1_84' title="bbox 396 5104 1989 5182; baseline -0.002 -18"><span class='ocrx_word' id='word_1_621' title='bbox 396 5109 652 5182; x_wconf 85' lang='lat' dir='ltr'><strong><em>Ejusdem</em></strong></span> <span class='ocrx_word' id='word_1_622' title='bbox 679 5110 869 5166; x_wconf 88' lang='lat' dir='ltr'><strong><em>Oratio</em></strong></span> <span class='ocrx_word' id='word_1_623' title='bbox 893 5112 1214 5179; x_wconf 77' lang='lat' dir='ltr'><strong><em>partenetica</em></strong></span> <span class='ocrx_word' id='word_1_624' title='bbox 1242 5108 1314 5162; x_wconf 85' lang='lat' dir='ltr'><strong><em>ad</em></strong></span> <span class='ocrx_word' id='word_1_625' title='bbox 1362 5106 1597 5161; x_wconf 78' lang='lat' dir='ltr'><strong><em>Gnaeos.</em></strong></span> <span class='ocrx_word' id='word_1_626' title='bbox 1631 5104 1889 5177; x_wconf 86' lang='lat' dir='ltr'><strong><em>Conjecta</em></strong></span> <span class='ocrx_word' id='word_1_627' title='bbox 1922 5107 1989 5161; x_wconf 88' lang='lat' dir='ltr'><strong><em>ad</em></strong></span> 
     </span>
    </p>
   </div>
   <div class='ocr_carea' id='block_1_84' title="bbox 396 5196 1988 5274">
    <p class='ocr_par' dir='ltr' id='par_1_84' title="bbox 396 5196 1988 5274">
     <span class='ocr_line' id='line_1_85' title="bbox 396 5196 1988 5274; baseline -0.003 -17"><span class='ocrx_word' id='word_1_628' title='bbox 396 5204 696 5274; x_wconf 74' lang='lat' dir='ltr'><strong><em>marginem</em></strong></span> <span class='ocrx_word' id='word_1_629' title='bbox 722 5200 909 5257; x_wconf 90' lang='lat' dir='ltr'><strong><em>brevia</em></strong></span> <span class='ocrx_word' id='word_1_630' title='bbox 939 5202 1187 5271; x_wconf 63' lang='lat' dir='ltr'><strong><em>quaedam</em></strong></span> <span class='ocrx_word' id='word_1_631' title='bbox 1216 5197 1421 5254; x_wconf 88' lang='lat' dir='ltr'><strong><em>scholia</em></strong></span> <span class='ocrx_word' id='word_1_632' title='bbox 1465 5198 1737 5251; x_wconf 88' lang='lat' dir='ltr'><strong><em>hactenus</em></strong></span> <span class='ocrx_word' id='word_1_633' title='bbox 1784 5196 1988 5252; x_wconf 87' lang='lat' dir='ltr'><strong><em>inedita</em></strong></span> 
     </span>
    </p>
   </div>
   <div class='ocr_carea' id='block_1_85' title="bbox 389 5289 1989 5369">
    <p class='ocr_par' dir='ltr' id='par_1_85' title="bbox 389 5289 1989 5369">
     <span class='ocr_line' id='line_1_86' title="bbox 389 5289 1989 5369; baseline -0.003 -20"><span class='ocrx_word' id='word_1_634' title='bbox 389 5295 594 5369; x_wconf 73' lang='lat' dir='ltr'><strong><em>(fol.92</em></strong></span> <span class='ocrx_word' id='word_1_635' title='bbox 631 5295 893 5365; x_wconf 77' lang='grc'><strong>1)-112).</strong></span> <span class='ocrx_word' id='word_1_636' title='bbox 915 5294 989 5348; x_wconf 84' lang='lat' dir='ltr'><strong><em>Ea</em></strong></span> <span class='ocrx_word' id='word_1_637' title='bbox 1021 5302 1229 5360; x_wconf 90' lang='lat' dir='ltr'><strong><em>autem,</em></strong></span> <span class='ocrx_word' id='word_1_638' title='bbox 1260 5290 1424 5347; x_wconf 85' lang='lat' dir='ltr'><strong><em>ﬂasio</em></strong></span> <span class='ocrx_word' id='word_1_639' title='bbox 1457 5290 1665 5361; x_wconf 87' lang='lat' dir='ltr'><strong><em>judice,</em></strong></span> <span class='ocrx_word' id='word_1_640' title='bbox 1698 5305 1823 5345; x_wconf 88' lang='lat' dir='ltr'><strong><em>cum</em></strong></span> <span class='ocrx_word' id='word_1_641' title='bbox 1870 5289 1989 5345; x_wconf 80' lang='lat' dir='ltr'><strong><em>fere</em></strong></span> 
     </span>
    </p>
   </div>
   <div class='ocr_carea' id='block_1_86' title="bbox 469 5423 1989 5501">
    <p class='ocr_par' dir='ltr' id='par_1_86' title="bbox 469 5423 1989 5501">
     <span class='ocr_line' id='line_1_87' title="bbox 469 5423 1989 5501; baseline -0.005 -15"><span class='ocrx_word' id='word_1_642' title='bbox 469 5429 582 5501; x_wconf 76' lang='grc'><strong>(12)</strong></span> <span class='ocrx_word' id='word_1_643' title='bbox 623 5427 1078 5485; x_wconf 72' lang='lat' dir='ltr'><strong><em>blontefalconius</em></strong></span> <span class='ocrx_word' id='word_1_644' title='bbox 1108 5434 1290 5501; x_wconf 70' lang='lat' dir='ltr'><strong><em>autem</em></strong></span> <span class='ocrx_word' id='word_1_645' title='bbox 1319 5423 1754 5501; x_wconf 74' lang='lat' dir='ltr'><strong><em>(Palteogr._G__r.,</em></strong></span> <span class='ocrx_word' id='word_1_646' title='bbox 1786 5440 1838 5493; x_wconf 91' lang='lat' dir='ltr'><strong><em>p.</em></strong></span> <span class='ocrx_word' id='word_1_647' title='bbox 1861 5424 1989 5501; x_wconf 61' lang='lat'><strong><em>276)</em></strong></span> 
     </span>
    </p>
   </div>
   <div class='ocr_carea' id='block_1_87' title="bbox 397 5496 1989 5566">
    <p class='ocr_par' dir='ltr' id='par_1_87' title="bbox 397 5496 1989 5566">
     <span class='ocr_line' id='line_1_88' title="bbox 397 5496 1989 5566; baseline -0.003 -11"><span class='ocrx_word' id='word_1_648' title='bbox 397 5496 497 5555; x_wconf 81' lang='lat' dir='ltr'><strong><em>ista</em></strong></span> <span class='ocrx_word' id='word_1_649' title='bbox 544 5502 652 5555; x_wconf 88' lang='lat' dir='ltr'><strong><em>duo</em></strong></span> <span class='ocrx_word' id='word_1_650' title='bbox 704 5500 834 5553; x_wconf 80' lang='lat' dir='ltr'><strong><em>folia</em></strong></span> <span class='ocrx_word' id='word_1_651' title='bbox 888 5501 1097 5566; x_wconf 80' lang='lat' dir='ltr'><strong><em>integra</em></strong></span> <span class='ocrx_word' id='word_1_652' title='bbox 1154 5511 1184 5550; x_wconf 91' lang='lat' dir='ltr'><strong><em>a</em></strong></span> <span class='ocrx_word' id='word_1_653' title='bbox 1237 5496 1419 5551; x_wconf 83' lang='lat' dir='ltr'><strong><em>Buane</em></strong></span> <span class='ocrx_word' id='word_1_654' title='bbox 1447 5497 1693 5553; x_wconf 83' lang='lat' dir='ltr'><strong><em>exercitii</em></strong></span> <span class='ocrx_word' id='word_1_655' title='bbox 1733 5505 1787 5550; x_wconf 88' lang='lat' dir='ltr'><strong><em>et</em></strong></span> <span class='ocrx_word' id='word_1_656' title='bbox 1822 5498 1989 5550; x_wconf 88' lang='lat' dir='ltr'><strong><em>animi</em></strong></span> 
     </span>
    </p>
   </div>
   <div class='ocr_carea' id='block_1_88' title="bbox 397 5566 1915 5635">
    <p class='ocr_par' dir='ltr' id='par_1_88' title="bbox 397 5566 1915 5635">
     <span class='ocr_line' id='line_1_89' title="bbox 397 5566 1915 5635; baseline -0.003 -11"><span class='ocrx_word' id='word_1_657' title='bbox 397 5586 564 5624; x_wconf 86' lang='lat' dir='ltr'><strong><em>causa</em></strong></span> <span class='ocrx_word' id='word_1_658' title='bbox 594 5570 797 5624; x_wconf 88' lang='lat' dir='ltr'><strong><em>unciali</em></strong></span> <span class='ocrx_word' id='word_1_659' title='bbox 824 5570 1146 5622; x_wconf 66' lang='lat' dir='ltr'><strong><em>vitarat-tere</em></strong></span> <span class='ocrx_word' id='word_1_660' title='bbox 1180 5566 1439 5634; x_wconf 85' lang='lat' dir='ltr'><strong><em>opinatur</em></strong></span> <span class='ocrx_word' id='word_1_661' title='bbox 1468 5567 1741 5635; x_wconf 79' lang='lat' dir='ltr'><strong><em>descripta</em></strong></span> <span class='ocrx_word' id='word_1_662' title='bbox 1774 5581 1915 5620; x_wconf 89' lang='lat' dir='ltr'><strong><em>esse.</em></strong></span> 
     </span>
    </p>
   </div>
   <div class='ocr_carea' id='block_1_89' title="bbox 469 5635 1989 5709">
    <p class='ocr_par' dir='ltr' id='par_1_89' title="bbox 469 5635 1989 5709">
     <span class='ocr_line' id='line_1_90' title="bbox 469 5635 1989 5709; baseline -0.006 -12"><span class='ocrx_word' id='word_1_663' title='bbox 469 5642 582 5709; x_wconf 70' lang='lat'><strong><em>(1&#39;5)</em></strong></span> <span class='ocrx_word' id='word_1_664' title='bbox 609 5641 754 5694; x_wconf 89' lang='lat' dir='ltr'><strong><em>Idem</em></strong></span> <span class='ocrx_word' id='word_1_665' title='bbox 792 5636 1242 5709; x_wconf 75' lang='lat' dir='ltr'><strong><em>Montel&#39;alcouins</em></strong></span> <span class='ocrx_word' id='word_1_666' title='bbox 1284 5636 1334 5705; x_wconf 94' lang='grc'><strong><em>(1.</em></strong></span> <span class='ocrx_word' id='word_1_667' title='bbox 1366 5651 1425 5709; x_wconf 18' lang='lat' dir='ltr'><strong><em>Ac.</em></strong></span> <span class='ocrx_word' id='word_1_668' title='bbox 1454 5652 1508 5704; x_wconf 92' lang='lat' dir='ltr'><strong><em>p.</em></strong></span> <span class='ocrx_word' id='word_1_669' title='bbox 1542 5636 1645 5709; x_wconf 75' lang='grc'><strong><em>277</em></strong></span> <span class='ocrx_word' id='word_1_670' title='bbox 1708 5635 1859 5705; x_wconf 78' lang='lat' dir='ltr'><strong><em>sqq.)</em></strong></span> <span class='ocrx_word' id='word_1_671' title='bbox 1891 5635 1989 5689; x_wconf 83' lang='lat' dir='ltr'><strong><em>de-</em></strong></span> 
     </span>
    </p>
   </div>
   <div class='ocr_carea' id='block_1_90' title="bbox 397 5706 1987 5775">
    <p class='ocr_par' dir='ltr' id='par_1_90' title="bbox 397 5706 1987 5775">
     <span class='ocr_line' id='line_1_91' title="bbox 397 5706 1987 5775; baseline -0.002 -10"><span class='ocrx_word' id='word_1_672' title='bbox 397 5706 712 5765; x_wconf 81' lang='lat' dir='ltr'><strong><em>cimobunc</em></strong></span> <span class='ocrx_word' id='word_1_673' title='bbox 739 5708 981 5763; x_wconf 81' lang='lat' dir='ltr'><strong><em>codicem</em></strong></span> <span class='ocrx_word' id='word_1_674' title='bbox 1036 5706 1237 5761; x_wconf 73' lang='lat' dir='ltr'><strong><em>smculo</em></strong></span> <span class='ocrx_word' id='word_1_675' title='bbox 1281 5707 1490 5773; x_wconf 84' lang='lat' dir='ltr'><strong><em>judicat</em></strong></span> <span class='ocrx_word' id='word_1_676' title='bbox 1543 5708 1802 5775; x_wconf 88' lang='lat' dir='ltr'><strong><em>scriptum</em></strong></span> <span class='ocrx_word' id='word_1_677' title='bbox 1843 5721 1987 5762; x_wconf 87' lang='lat' dir='ltr'><strong><em>esse.</em></strong></span> 
     </span>
    </p>
   </div>
   <div class='ocr_carea' id='block_1_91' title="bbox 404 5776 1991 5847">
    <p class='ocr_par' dir='ltr' id='par_1_91' title="bbox 404 5776 1991 5847">
     <span class='ocr_line' id='line_1_92' title="bbox 404 5776 1991 5847; baseline -0.002 -14"><span class='ocrx_word' id='word_1_678' title='bbox 404 5801 422 5833; x_wconf 83' lang='grc' dir='ltr'><strong><em>ι</em></strong></span> <span class='ocrx_word' id='word_1_679' title='bbox 464 5782 615 5841; x_wconf 84' lang='lat' dir='ltr'><strong><em>Nam,</em></strong></span> <span class='ocrx_word' id='word_1_680' title='bbox 669 5781 867 5847; x_wconf 83' lang='lat' dir='ltr'><strong><em>inquit,</em></strong></span> <span class='ocrx_word' id='word_1_681' title='bbox 920 5778 972 5829; x_wconf 90' lang='lat' dir='ltr'><strong><em>in</em></strong></span> <span class='ocrx_word' id='word_1_682' title='bbox 1018 5777 1230 5847; x_wconf 78' lang='lat' dir='ltr'><strong><em>aliquot</em></strong></span> <span class='ocrx_word' id='word_1_683' title='bbox 1274 5777 1516 5844; x_wconf 83' lang='lat' dir='ltr'><strong><em>ejusdem</em></strong></span> <span class='ocrx_word' id='word_1_684' title='bbox 1560 5776 1746 5831; x_wconf 73' lang='lat' dir='ltr'><strong><em>forma:</em></strong></span> <span class='ocrx_word' id='word_1_685' title='bbox 1776 5777 1991 5830; x_wconf 79' lang='lat' dir='ltr'><strong><em>codices</em></strong></span> 
     </span>
    </p>
   </div>
   <div class='ocr_carea' id='block_1_92' title="bbox 401 5845 1985 5918">
    <p class='ocr_par' dir='ltr' id='par_1_92' title="bbox 401 5845 1985 5918">
     <span class='ocr_line' id='line_1_93' title="bbox 401 5845 1985 5918; baseline -0.002 -13"><span class='ocrx_word' id='word_1_686' title='bbox 401 5851 588 5915; x_wconf 80' lang='lat' dir='ltr'><strong><em>incidi.</em></strong></span> <span class='ocrx_word' id='word_1_687' title='bbox 626 5845 758 5903; x_wconf 83' lang='lat' dir='ltr'><strong><em>anni</em></strong></span> <span class='ocrx_word' id='word_1_688' title='bbox 791 5857 974 5902; x_wconf 87' lang='lat' dir='ltr'><strong><em>notam</em></strong></span> <span class='ocrx_word' id='word_1_689' title='bbox 1009 5845 1266 5917; x_wconf 77' lang='lat' dir='ltr'><strong><em>ferentes,</em></strong></span> <span class='ocrx_word' id='word_1_690' title='bbox 1298 5848 1387 5918; x_wconf 87' lang='lat' dir='ltr'><strong><em>qui</em></strong></span> <span class='ocrx_word' id='word_1_691' title='bbox 1437 5863 1623 5902; x_wconf 87' lang='lat' dir='ltr'><strong><em>omnes</em></strong></span> <span class='ocrx_word' id='word_1_692' title='bbox 1666 5848 1854 5902; x_wconf 84' lang='lat' dir='ltr'><strong><em>eodem</em></strong></span> <span class='ocrx_word' id='word_1_693' title='bbox 1886 5862 1985 5902; x_wconf 47' lang='lat' dir='ltr'><strong><em>sua</em></strong></span> 
     </span>
    </p>
   </div>
   <div class='ocr_carea' id='block_1_93' title="bbox 2085 3258 3689 3334">
    <p class='ocr_par' dir='ltr' id='par_1_93' title="bbox 2085 3258 3689 3334">
     <span class='ocr_line' id='line_1_94' title="bbox 2085 3258 3689 3334; baseline -0.002 -16"><span class='ocrx_word' id='word_1_694' title='bbox 2085 3264 2178 3318; x_wconf 78' lang='grc' dir='ltr'><strong><em>τοῦ</em></strong></span> <span class='ocrx_word' id='word_1_695' title='bbox 2238 3261 2550 3334; x_wconf 78' lang='grc' dir='ltr'>Σκληράτου</span> <span class='ocrx_word' id='word_1_696' title='bbox 2597 3261 2841 3314; x_wconf 84' lang='grc' dir='ltr'>διακόνου</span> <span class='ocrx_word' id='word_1_697' title='bbox 2890 3261 2989 3332; x_wconf 82' lang='grc' dir='ltr'><strong><em>τῆς</em></strong></span> <span class='ocrx_word' id='word_1_698' title='bbox 3027 3260 3235 3329; x_wconf 80' lang='grc' dir='ltr'><strong><em>Πάφου.</em></strong></span> <span class='ocrx_word' id='word_1_699' title='bbox 3294 3258 3354 3314; x_wconf 83' lang='lat' dir='ltr'><strong><em>Id</em></strong></span> <span class='ocrx_word' id='word_1_700' title='bbox 3401 3271 3495 3316; x_wconf 84' lang='lat' dir='ltr'><strong><em>est</em></strong></span> <span class='ocrx_word' id='word_1_701' title='bbox 3538 3262 3689 3316; x_wconf 84' lang='lat' dir='ltr'><strong><em>enim</em></strong></span> 
     </span>
    </p>
   </div>
   <div class='ocr_carea' id='block_1_94' title="bbox 2084 3350 3693 3425">
    <p class='ocr_par' dir='ltr' id='par_1_94' title="bbox 2084 3350 3693 3425">
     <span class='ocr_line' id='line_1_95' title="bbox 2084 3350 3693 3425; baseline -0.004 -16"><span class='ocrx_word' id='word_1_702' title='bbox 2084 3356 2294 3425; x_wconf 87' lang='lat' dir='ltr'><strong><em>signum</em></strong></span> <span class='ocrx_word' id='word_1_703' title='bbox 2322 3352 2520 3418; x_wconf 86' lang='lat' dir='ltr'><strong><em>crucis,</em></strong></span> <span class='ocrx_word' id='word_1_704' title='bbox 2545 3350 2721 3421; x_wconf 89' lang='lat' dir='ltr'><strong><em>quod,</em></strong></span> <span class='ocrx_word' id='word_1_705' title='bbox 2755 3366 2815 3405; x_wconf 87' lang='lat' dir='ltr'><strong><em>ut</em></strong></span> <span class='ocrx_word' id='word_1_706' title='bbox 2841 3351 3035 3405; x_wconf 82' lang='lat' dir='ltr'><strong><em>[Iasius</em></strong></span> <span class='ocrx_word' id='word_1_707' title='bbox 3075 3352 3278 3406; x_wconf 86' lang='lat' dir='ltr'><strong><em>abhinc</em></strong></span> <span class='ocrx_word' id='word_1_708' title='bbox 3324 3361 3569 3421; x_wconf 82' lang='lat' dir='ltr'><strong><em>quatuor</em></strong></span> <span class='ocrx_word' id='word_1_709' title='bbox 3593 3368 3693 3404; x_wconf 85' lang='lat' dir='ltr'><strong><em>an-</em></strong></span> 
     </span>
    </p>
   </div>
   <div class='ocr_carea' id='block_1_95' title="bbox 2085 3441 3693 3513">
    <p class='ocr_par' dir='ltr' id='par_1_95' title="bbox 2085 3441 3693 3513">
     <span class='ocr_line' id='line_1_96' title="bbox 2085 3441 3693 3513; baseline -0.002 -12"><span class='ocrx_word' id='word_1_710' title='bbox 2085 3462 2185 3502; x_wconf 85' lang='lat' dir='ltr'><strong><em>nos</em></strong></span> <span class='ocrx_word' id='word_1_711' title='bbox 2208 3446 2261 3500; x_wconf 90' lang='lat' dir='ltr'><strong><em>in</em></strong></span> <span class='ocrx_word' id='word_1_712' title='bbox 2290 3444 2498 3500; x_wconf 58' lang='lat' dir='ltr'><strong><em>Graecia</em></strong></span> <span class='ocrx_word' id='word_1_713' title='bbox 2542 3441 2698 3510; x_wconf 84' lang='lat' dir='ltr'><strong><em>vidit,</em></strong></span> <span class='ocrx_word' id='word_1_714' title='bbox 2738 3444 2944 3498; x_wconf 90' lang='lat' dir='ltr'><strong><em>nostris</em></strong></span> <span class='ocrx_word' id='word_1_715' title='bbox 2967 3458 3185 3512; x_wconf 88' lang='lat' dir='ltr'><strong><em>quoque</em></strong></span> <span class='ocrx_word' id='word_1_716' title='bbox 3215 3442 3560 3513; x_wconf 86' lang='lat' dir='ltr'><strong><em>temporibus</em></strong></span> <span class='ocrx_word' id='word_1_717' title='bbox 3590 3444 3693 3499; x_wconf 74' lang='lat' dir='ltr'><strong><em>bo-</em></strong></span> 
     </span>
    </p>
   </div>
   <div class='ocr_carea' id='block_1_96' title="bbox 2087 3536 3692 3609">
    <p class='ocr_par' dir='ltr' id='par_1_96' title="bbox 2087 3536 3692 3609">
     <span class='ocr_line' id='line_1_97' title="bbox 2087 3536 3692 3609; baseline -0.003 -14"><span class='ocrx_word' id='word_1_718' title='bbox 2087 3541 2261 3595; x_wconf 85' lang='lat' dir='ltr'><strong><em>tnines</em></strong></span> <span class='ocrx_word' id='word_1_719' title='bbox 2293 3549 2420 3591; x_wconf 89' lang='lat' dir='ltr'><strong><em>natu</em></strong></span> <span class='ocrx_word' id='word_1_720' title='bbox 2462 3537 2695 3609; x_wconf 75' lang='lat' dir='ltr'><strong><em>grandes</em></strong></span> <span class='ocrx_word' id='word_1_721' title='bbox 2738 3545 2898 3607; x_wconf 89' lang='lat' dir='ltr'><strong><em>atque</em></strong></span> <span class='ocrx_word' id='word_1_722' title='bbox 2938 3536 3010 3607; x_wconf 89' lang='lat' dir='ltr'><strong><em>pii</em></strong></span> <span class='ocrx_word' id='word_1_723' title='bbox 3052 3545 3287 3604; x_wconf 87' lang='lat' dir='ltr'><strong><em>ponunt,</em></strong></span> <span class='ocrx_word' id='word_1_724' title='bbox 3323 3536 3692 3605; x_wconf 74' lang='lat' dir='ltr'><strong><em>quotiescun-</em></strong></span> 
     </span>
    </p>
   </div>
   <div class='ocr_carea' id='block_1_97' title="bbox 2084 3628 3692 3702">
    <p class='ocr_par' dir='ltr' id='par_1_97' title="bbox 2084 3628 3692 3702">
     <span class='ocr_line' id='line_1_98' title="bbox 2084 3628 3692 3702; baseline 0 -17"><span class='ocrx_word' id='word_1_725' title='bbox 2084 3648 2189 3702; x_wconf 86' lang='lat' dir='ltr'><strong><em>que</em></strong></span> <span class='ocrx_word' id='word_1_726' title='bbox 2222 3633 2425 3701; x_wconf 90' lang='lat' dir='ltr'><strong><em>aliquid</em></strong></span> <span class='ocrx_word' id='word_1_727' title='bbox 2471 3639 2597 3684; x_wconf 89' lang='lat' dir='ltr'><strong><em>sunt</em></strong></span> <span class='ocrx_word' id='word_1_728' title='bbox 2639 3629 2932 3698; x_wconf 88' lang='lat' dir='ltr'><strong><em>scripturi;</em></strong></span> <span class='ocrx_word' id='word_1_729' title='bbox 2985 3638 3300 3698; x_wconf 86' lang='lat' dir='ltr'><strong><em>nuncupant</em></strong></span> <span class='ocrx_word' id='word_1_730' title='bbox 3342 3628 3411 3683; x_wconf 87' lang='grc' dir='ltr'><strong><em>τὸ</em></strong></span> <span class='ocrx_word' id='word_1_731' title='bbox 3453 3629 3692 3698; x_wconf 73' lang='grc' dir='ltr'><strong><em>σταυρὲ</em></strong></span> 
     </span>
    </p>
   </div>
   <div class='ocr_carea' id='block_1_98' title="bbox 2078 3720 3694 3792">
    <p class='ocr_par' dir='ltr' id='par_1_98' title="bbox 2078 3720 3694 3792">
     <span class='ocr_line' id='line_1_99' title="bbox 2078 3720 3694 3792; baseline -0.001 -13"><span class='ocrx_word' id='word_1_732' title='bbox 2078 3724 2310 3792; x_wconf 77' lang='grc' dir='ltr'><strong><em>βοήθει.</em></strong></span> <span class='ocrx_word' id='word_1_733' title='bbox 2335 3723 2589 3778; x_wconf 87' lang='lat' dir='ltr'><strong><em>Codicem</em></strong></span> <span class='ocrx_word' id='word_1_734' title='bbox 2622 3732 2803 3778; x_wconf 90' lang='lat' dir='ltr'><strong><em>autem</em></strong></span> <span class='ocrx_word' id='word_1_735' title='bbox 2838 3722 2986 3776; x_wconf 91' lang='lat' dir='ltr'><strong><em>illum</em></strong></span> <span class='ocrx_word' id='word_1_736' title='bbox 3026 3720 3305 3777; x_wconf 81' lang='lat' dir='ltr'><strong><em>Orationis</em></strong></span> <span class='ocrx_word' id='word_1_737' title='bbox 3334 3727 3694 3791; x_wconf 69' lang='lat' dir='ltr'><strong><em>parmuetica:</em></strong></span> 
     </span>
    </p>
   </div>
   <div class='ocr_carea' id='block_1_99' title="bbox 2086 3815 3693 3885">
    <p class='ocr_par' dir='ltr' id='par_1_99' title="bbox 2086 3815 3693 3885">
     <span class='ocr_line' id='line_1_100' title="bbox 2086 3815 3693 3885; baseline -0.002 -14"><span class='ocrx_word' id='word_1_738' title='bbox 2086 3817 2225 3871; x_wconf 83' lang='lat' dir='ltr'><strong><em>baud</em></strong></span> <span class='ocrx_word' id='word_1_739' title='bbox 2261 3815 2738 3880; x_wconf 87' lang='lat' dir='ltr'><strong><em>contemnendum,</em></strong></span> <span class='ocrx_word' id='word_1_740' title='bbox 2787 3816 2900 3885; x_wconf 90' lang='lat' dir='ltr'><strong><em>qui,</em></strong></span> <span class='ocrx_word' id='word_1_741' title='bbox 2935 3823 2993 3869; x_wconf 94' lang='lat' dir='ltr'><strong><em>ut</em></strong></span> <span class='ocrx_word' id='word_1_742' title='bbox 3038 3828 3105 3869; x_wconf 90' lang='lat' dir='ltr'><strong><em>ex</em></strong></span> <span class='ocrx_word' id='word_1_743' title='bbox 3161 3815 3394 3869; x_wconf 77' lang='lat' dir='ltr'><strong><em>mirifica</em></strong></span> <span class='ocrx_word' id='word_1_744' title='bbox 3445 3829 3693 3870; x_wconf 78' lang='lat' dir='ltr'><strong><em>consen-</em></strong></span> 
     </span>
    </p>
   </div>
   <div class='ocr_carea' id='block_1_100' title="bbox 2084 3911 3691 3983">
    <p class='ocr_par' dir='ltr' id='par_1_100' title="bbox 2084 3911 3691 3983">
     <span class='ocr_line' id='line_1_101' title="bbox 2084 3911 3691 3983; baseline -0.001 -15"><span class='ocrx_word' id='word_1_745' title='bbox 2084 3913 2239 3968; x_wconf 87' lang='lat' dir='ltr'><strong><em>sione</em></strong></span> <span class='ocrx_word' id='word_1_746' title='bbox 2271 3913 2519 3981; x_wconf 85' lang='lat' dir='ltr'><strong><em>patescit,</em></strong></span> <span class='ocrx_word' id='word_1_747' title='bbox 2553 3911 2796 3982; x_wconf 85' lang='lat' dir='ltr'><strong><em>ejusdem</em></strong></span> <span class='ocrx_word' id='word_1_748' title='bbox 2835 3912 3054 3967; x_wconf 69' lang='lat' dir='ltr'><strong><em>fatnilia:</em></strong></span> <span class='ocrx_word' id='word_1_749' title='bbox 3105 3920 3189 3967; x_wconf 89' lang='lat' dir='ltr'><strong><em>est</em></strong></span> <span class='ocrx_word' id='word_1_750' title='bbox 3242 3922 3412 3980; x_wconf 87' lang='lat' dir='ltr'><strong><em>atque</em></strong></span> <span class='ocrx_word' id='word_1_751' title='bbox 3453 3911 3596 3983; x_wconf 77' lang='lat' dir='ltr'><strong><em>Reg.</em></strong></span> <span class='ocrx_word' id='word_1_752' title='bbox 3635 3913 3691 3967; x_wconf 90' lang='grc'><strong><em>1.</em></strong></span> 
     </span>
    </p>
   </div>
   <div class='ocr_carea' id='block_1_101' title="bbox 2085 4000 3694 4075">
    <p class='ocr_par' dir='ltr' id='par_1_101' title="bbox 2085 4000 3694 4075">
     <span class='ocr_line' id='line_1_102' title="bbox 2085 4000 3694 4075; baseline 0.001 -19"><span class='ocrx_word' id='word_1_753' title='bbox 2085 4005 2158 4075; x_wconf 92' lang='grc' dir='ltr'>(ιι.</span> <span class='ocrx_word' id='word_1_754' title='bbox 2191 4002 2342 4073; x_wconf 69' lang='grc'><strong>451),</strong></span> <span class='ocrx_word' id='word_1_755' title='bbox 2389 4001 2651 4055; x_wconf 84' lang='lat' dir='ltr'><strong><em>llutchini</em></strong></span> <span class='ocrx_word' id='word_1_756' title='bbox 2700 4013 2756 4057; x_wconf 88' lang='lat' dir='ltr'><strong><em>et</em></strong></span> <span class='ocrx_word' id='word_1_757' title='bbox 2808 4001 3010 4057; x_wconf 75' lang='lat' dir='ltr'><strong><em>Marani</em></strong></span> <span class='ocrx_word' id='word_1_758' title='bbox 3059 4001 3195 4072; x_wconf 83' lang='lat' dir='ltr'><strong><em>siglo</em></strong></span> <span class='ocrx_word' id='word_1_759' title='bbox 3252 4000 3388 4056; x_wconf 81' lang='lat' dir='ltr'><strong><em>Cod.</em></strong></span> <span class='ocrx_word' id='word_1_760' title='bbox 3436 4000 3572 4073; x_wconf 85' lang='lat' dir='ltr'><strong><em>Reg.</em></strong></span> <span class='ocrx_word' id='word_1_761' title='bbox 3633 4003 3694 4070; x_wconf 67' lang='lat'><strong><em>2,</em></strong></span> 
     </span>
    </p>
   </div>
   <div class='ocr_carea' id='block_1_102' title="bbox 2084 4095 2504 4165">
    <p class='ocr_par' dir='ltr' id='par_1_102' title="bbox 2084 4095 2504 4165">
     <span class='ocr_line' id='line_1_103' title="bbox 2084 4095 2504 4165; baseline -0.005 -15"><span class='ocrx_word' id='word_1_762' title='bbox 2084 4095 2504 4165; x_wconf 80' lang='lat' dir='ltr'><strong><em>designavimus.</em></strong></span> 
     </span>
    </p>
   </div>
   <div class='ocr_carea' id='block_1_103' title="bbox 2157 4179 3693 4251">
    <p class='ocr_par' dir='ltr' id='par_1_103' title="bbox 2157 4179 3693 4251">
     <span class='ocr_line' id='line_1_104' title="bbox 2157 4179 3693 4251; baseline 0.001 -14"><span class='ocrx_word' id='word_1_763' title='bbox 2157 4184 2222 4237; x_wconf 83' lang='lat' dir='ltr'><strong><em>IV</em></strong></span> <span class='ocrx_word' id='word_1_764' title='bbox 2269 4182 2448 4237; x_wconf 77' lang='lat' dir='ltr'><strong><em>Codex</em></strong></span> <span class='ocrx_word' id='word_1_765' title='bbox 2472 4181 2663 4251; x_wconf 85' lang='lat' dir='ltr'><strong><em>Regius</em></strong></span> <span class='ocrx_word' id='word_1_766' title='bbox 2695 4179 2855 4246; x_wconf 80' lang='lat' dir='ltr'><strong><em>XIX,</em></strong></span> <span class='ocrx_word' id='word_1_767' title='bbox 2910 4180 3041 4235; x_wconf 90' lang='lat' dir='ltr'><strong><em>olim</em></strong></span> <span class='ocrx_word' id='word_1_768' title='bbox 3090 4179 3450 4234; x_wconf 82' lang='lat' dir='ltr'><strong><em>Colbertinus</em></strong></span> <span class='ocrx_word' id='word_1_769' title='bbox 3504 4179 3693 4248; x_wconf 72' lang='lat' dir='ltr'><strong><em>358i;</em></strong></span> 
     </span>
    </p>
   </div>
   <div class='ocr_carea' id='block_1_104' title="bbox 2085 4271 3696 4342">
    <p class='ocr_par' dir='ltr' id='par_1_104' title="bbox 2085 4271 3696 4342">
     <span class='ocr_line' id='line_1_105' title="bbox 2085 4271 3696 4342; baseline 0 -13"><span class='ocrx_word' id='word_1_770' title='bbox 2085 4276 2209 4329; x_wconf 88' lang='lat' dir='ltr'><strong><em>inde</em></strong></span> <span class='ocrx_word' id='word_1_771' title='bbox 2248 4277 2318 4331; x_wconf 89' lang='lat' dir='ltr'><strong><em>ab</em></strong></span> <span class='ocrx_word' id='word_1_772' title='bbox 2349 4291 2493 4329; x_wconf 88' lang='lat' dir='ltr'><strong><em>anuo</em></strong></span> <span class='ocrx_word' id='word_1_773' title='bbox 2518 4273 2677 4338; x_wconf 72' lang='lat'><strong>1752,</strong></span> <span class='ocrx_word' id='word_1_774' title='bbox 2716 4289 2843 4329; x_wconf 87' lang='lat' dir='ltr'><strong><em>cum</em></strong></span> <span class='ocrx_word' id='word_1_775' title='bbox 2870 4271 3108 4328; x_wconf 88' lang='lat' dir='ltr'><strong><em>Colberti</em></strong></span> <span class='ocrx_word' id='word_1_776' title='bbox 3136 4286 3325 4342; x_wconf 84' lang='lat' dir='ltr'><strong><em>nepos,</em></strong></span> <span class='ocrx_word' id='word_1_777' title='bbox 3366 4287 3559 4327; x_wconf 90' lang='lat' dir='ltr'><strong><em>comes</em></strong></span> <span class='ocrx_word' id='word_1_778' title='bbox 3622 4274 3696 4329; x_wconf 80' lang='lat' dir='ltr'><strong><em>de</em></strong></span> 
     </span>
    </p>
   </div>
   <div class='ocr_carea' id='block_1_105' title="bbox 2087 4363 3698 4438">
    <p class='ocr_par' dir='ltr' id='par_1_105' title="bbox 2087 4363 3698 4438">
     <span class='ocr_line' id='line_1_106' title="bbox 2087 4363 3698 4438; baseline -0.001 -16"><span class='ocrx_word' id='word_1_779' title='bbox 2087 4367 2396 4438; x_wconf 85' lang='lat' dir='ltr'><strong><em>Seignelay,</em></strong></span> <span class='ocrx_word' id='word_1_780' title='bbox 2431 4376 2598 4422; x_wconf 82' lang='lat' dir='ltr'><strong><em>mstos</em></strong></span> <span class='ocrx_word' id='word_1_781' title='bbox 2637 4365 2806 4421; x_wconf 88' lang='lat' dir='ltr'><strong><em>libros</em></strong></span> <span class='ocrx_word' id='word_1_782' title='bbox 2844 4365 3165 4419; x_wconf 72' lang='lat' dir='ltr'><strong><em>htereditate</em></strong></span> <span class='ocrx_word' id='word_1_783' title='bbox 3201 4373 3460 4433; x_wconf 86' lang='lat' dir='ltr'><strong><em>acceptos</em></strong></span> <span class='ocrx_word' id='word_1_784' title='bbox 3500 4363 3698 4422; x_wconf 85' lang='lat' dir='ltr'><strong><em>Ludo-</em></strong></span> 
     </span>
    </p>
   </div>
   <div class='ocr_carea' id='block_1_106' title="bbox 2089 4455 3696 4527">
    <p class='ocr_par' dir='ltr' id='par_1_106' title="bbox 2089 4455 3696 4527">
     <span class='ocr_line' id='line_1_107' title="bbox 2089 4455 3696 4527; baseline 0.001 -14"><span class='ocrx_word' id='word_1_785' title='bbox 2089 4460 2208 4515; x_wconf 89' lang='lat' dir='ltr'><strong><em>vico</em></strong></span> <span class='ocrx_word' id='word_1_786' title='bbox 2261 4458 2352 4514; x_wconf 81' lang='lat' dir='ltr'><strong><em>XV</em></strong></span> <span class='ocrx_word' id='word_1_787' title='bbox 2422 4458 2772 4524; x_wconf 83' lang='lat' dir='ltr'><strong><em>vendidisset,</em></strong></span> <span class='ocrx_word' id='word_1_788' title='bbox 2838 4456 3036 4527; x_wconf 76' lang='lat' dir='ltr'><strong><em>Regius</em></strong></span> <span class='ocrx_word' id='word_1_789' title='bbox 3103 4455 3267 4522; x_wconf 70' lang='grc'><strong><em>2854,</em></strong></span> <span class='ocrx_word' id='word_1_790' title='bbox 3327 4458 3696 4527; x_wconf 75' lang='lat' dir='ltr'><strong><em>cbartaceus,</em></strong></span> 
     </span>
    </p>
   </div>
   <div class='ocr_carea' id='block_1_107' title="bbox 2091 4641 3691 4718">
    <p class='ocr_par' dir='ltr' id='par_1_107' title="bbox 2091 4641 3691 4718">
     <span class='ocr_line' id='line_1_108' title="bbox 2091 4641 3691 4718; baseline -0.009 -16"><span class='ocrx_word' id='word_1_791' title='bbox 2091 4648 2280 4706; x_wconf 66' lang='lat' dir='ltr'><strong><em>formae</em></strong></span> <span class='ocrx_word' id='word_1_792' title='bbox 2308 4647 2609 4718; x_wconf 61' lang='lat' dir='ltr'><strong><em>quadratae.</em></strong></span> <span class='ocrx_word' id='word_1_793' title='bbox 2638 4644 2712 4698; x_wconf 90' lang='lat' dir='ltr'><strong><em>lbi</em></strong></span> <span class='ocrx_word' id='word_1_794' title='bbox 2743 4644 2873 4714; x_wconf 84' lang='lat' dir='ltr'><strong><em>(vid.</em></strong></span> <span class='ocrx_word' id='word_1_795' title='bbox 2905 4642 3185 4712; x_wconf 78' lang='lat' dir='ltr'><strong><em>Catalogg.</em></strong></span> <span class='ocrx_word' id='word_1_796' title='bbox 3210 4656 3262 4711; x_wconf 76' lang='grc' dir='ltr'><strong>ρ.</strong></span> <span class='ocrx_word' id='word_1_797' title='bbox 3296 4641 3353 4709; x_wconf 89' lang='grc'><strong><em>9)</em></strong></span> <span class='ocrx_word' id='word_1_798' title='bbox 3393 4644 3691 4702; x_wconf 71' lang='lat' dir='ltr'><strong><em>continen-</em></strong></span> 
     </span>
    </p>
   </div>
   <div class='ocr_carea' id='block_1_108' title="bbox 2093 4734 3702 4805">
    <p class='ocr_par' dir='ltr' id='par_1_108' title="bbox 2093 4734 3702 4805">
     <span class='ocr_line' id='line_1_109' title="bbox 2093 4734 3702 4805; baseline -0.004 -8"><span class='ocrx_word' id='word_1_799' title='bbox 2093 4753 2179 4797; x_wconf 83' lang='lat' dir='ltr'><strong><em>tur</em></strong></span> <span class='ocrx_word' id='word_1_800' title='bbox 2220 4764 2232 4797; x_wconf 85' lang='lat'>;</span> <span class='ocrx_word' id='word_1_801' title='bbox 2274 4742 2331 4794; x_wconf 85' lang='grc' dir='ltr'><strong>1ο</strong></span> <span class='ocrx_word' id='word_1_802' title='bbox 2360 4738 2483 4793; x_wconf 81' lang='lat' dir='ltr'><strong><em>Job.</em></strong></span> <span class='ocrx_word' id='word_1_803' title='bbox 2535 4737 2600 4791; x_wconf 72' lang='lat'><strong>2°</strong></span> <span class='ocrx_word' id='word_1_804' title='bbox 2628 4735 2829 4789; x_wconf 81' lang='lat' dir='ltr'><strong><em>Justiui</em></strong></span> <span class='ocrx_word' id='word_1_805' title='bbox 2872 4734 3163 4804; x_wconf 83' lang='lat' dir='ltr'><strong><em>philosophi</em></strong></span> <span class='ocrx_word' id='word_1_806' title='bbox 3205 4743 3255 4788; x_wconf 88' lang='lat' dir='ltr'><strong><em>et</em></strong></span> <span class='ocrx_word' id='word_1_807' title='bbox 3296 4738 3549 4805; x_wconf 76' lang='lat' dir='ltr'><strong><em>martyris</em></strong></span> <span class='ocrx_word' id='word_1_808' title='bbox 3586 4738 3702 4791; x_wconf 79' lang='lat' dir='ltr'><strong><em>Co-</em></strong></span> 
     </span>
    </p>
   </div>
   <div class='ocr_carea' id='block_1_109' title="bbox 2106 4824 3699 4895">
    <p class='ocr_par' dir='ltr' id='par_1_109' title="bbox 2106 4824 3699 4895">
     <span class='ocr_line' id='line_1_110' title="bbox 2106 4824 3699 4895; baseline -0.002 -10"><span class='ocrx_word' id='word_1_809' title='bbox 2106 4832 2337 4886; x_wconf 86' lang='lat' dir='ltr'><strong><em>hortatio</em></strong></span> <span class='ocrx_word' id='word_1_810' title='bbox 2384 4831 2453 4883; x_wconf 91' lang='lat' dir='ltr'><strong><em>ad</em></strong></span> <span class='ocrx_word' id='word_1_811' title='bbox 2519 4826 2752 4881; x_wconf 74' lang='lat' dir='ltr'><strong><em>Crtrcos.</em></strong></span> <span class='ocrx_word' id='word_1_812' title='bbox 2788 4828 2852 4881; x_wconf 77' lang='lat'><strong><em>3°</em></strong></span> <span class='ocrx_word' id='word_1_813' title='bbox 2881 4825 3244 4895; x_wconf 74' lang='lat' dir='ltr'><strong><em>Apocalypsis.</em></strong></span> <span class='ocrx_word' id='word_1_814' title='bbox 3280 4854 3352 4866; x_wconf 92' lang='lat'><strong><em>—</em></strong></span> <span class='ocrx_word' id='word_1_815' title='bbox 3396 4824 3447 4880; x_wconf 83' lang='lat' dir='ltr'><strong><em>Is</em></strong></span> <span class='ocrx_word' id='word_1_816' title='bbox 3485 4830 3699 4893; x_wconf 80' lang='lat' dir='ltr'><strong><em>codex,</em></strong></span> 
     </span>
    </p>
   </div>
   <div class='ocr_carea' id='block_1_110' title="bbox 2090 4918 3704 4992">
    <p class='ocr_par' dir='ltr' id='par_1_110' title="bbox 2090 4918 3704 4992">
     <span class='ocr_line' id='line_1_111' title="bbox 2090 4918 3704 4992; baseline -0.002 -12"><span class='ocrx_word' id='word_1_817' title='bbox 2090 4924 2245 4992; x_wconf 88' lang='lat' dir='ltr'><strong><em>cujus</em></strong></span> <span class='ocrx_word' id='word_1_818' title='bbox 2272 4923 2400 4977; x_wconf 86' lang='lat' dir='ltr'><strong><em>folia</em></strong></span> <span class='ocrx_word' id='word_1_819' title='bbox 2434 4937 2536 4975; x_wconf 90' lang='lat' dir='ltr'><strong><em>non</em></strong></span> <span class='ocrx_word' id='word_1_820' title='bbox 2566 4930 2847 4973; x_wconf 80' lang='lat' dir='ltr'><strong><em>Immerata</em></strong></span> <span class='ocrx_word' id='word_1_821' title='bbox 2883 4930 3031 4983; x_wconf 89' lang='lat' dir='ltr'><strong><em>sunt,</em></strong></span> <span class='ocrx_word' id='word_1_822' title='bbox 3059 4918 3259 4973; x_wconf 65' lang='lat' dir='ltr'><strong><em>satculo</em></strong></span> <span class='ocrx_word' id='word_1_823' title='bbox 3282 4919 3502 4973; x_wconf 87' lang='lat' dir='ltr'><strong><em>decimo</em></strong></span> <span class='ocrx_word' id='word_1_824' title='bbox 3526 4933 3704 4976; x_wconf 79' lang='lat' dir='ltr'><strong><em>sexto</em></strong></span> 
     </span>
    </p>
   </div>
   <div class='ocr_carea' id='block_1_111' title="bbox 2089 5010 3705 5081">
    <p class='ocr_par' dir='ltr' id='par_1_111' title="bbox 2089 5010 3705 5081">
     <span class='ocr_line' id='line_1_112' title="bbox 2089 5010 3705 5081; baseline -0.002 -12"><span class='ocrx_word' id='word_1_825' title='bbox 2089 5025 2346 5069; x_wconf 74' lang='lat' dir='ltr'><strong><em>exaratus</em></strong></span> <span class='ocrx_word' id='word_1_826' title='bbox 2372 5014 2587 5068; x_wconf 87' lang='lat' dir='ltr'><strong><em>videtur</em></strong></span> <span class='ocrx_word' id='word_1_827' title='bbox 2628 5012 2788 5081; x_wconf 81' lang='lat' dir='ltr'><strong><em>idque</em></strong></span> <span class='ocrx_word' id='word_1_828' title='bbox 2822 5010 2988 5065; x_wconf 87' lang='lat' dir='ltr'><strong><em>Hasio</em></strong></span> <span class='ocrx_word' id='word_1_829' title='bbox 3035 5012 3367 5065; x_wconf 89' lang='lat' dir='ltr'><strong><em>admonente</em></strong></span> <span class='ocrx_word' id='word_1_830' title='bbox 3401 5011 3474 5066; x_wconf 89' lang='lat' dir='ltr'><strong><em>ab</em></strong></span> <span class='ocrx_word' id='word_1_831' title='bbox 3501 5012 3705 5081; x_wconf 84' lang='lat' dir='ltr'><strong><em>aliquo</em></strong></span> 
     </span>
    </p>
   </div>
   <div class='ocr_carea' id='block_1_112' title="bbox 2090 5101 3707 5178">
    <p class='ocr_par' dir='ltr' id='par_1_112' title="bbox 2090 5101 3707 5178">
     <span class='ocr_line' id='line_1_113' title="bbox 2090 5101 3707 5178; baseline -0.001 -15"><span class='ocrx_word' id='word_1_832' title='bbox 2090 5109 2372 5178; x_wconf 73' lang='lat' dir='ltr'><strong><em>EurOpazo,</em></strong></span> <span class='ocrx_word' id='word_1_833' title='bbox 2408 5108 2464 5162; x_wconf 94' lang='lat' dir='ltr'><strong><em>h.</em></strong></span> <span class='ocrx_word' id='word_1_834' title='bbox 2496 5120 2547 5162; x_wconf 90' lang='lat' dir='ltr'><strong><em>e.</em></strong></span> <span class='ocrx_word' id='word_1_835' title='bbox 2570 5103 2925 5160; x_wconf 86' lang='lat' dir='ltr'><strong><em>occidentalis</em></strong></span> <span class='ocrx_word' id='word_1_836' title='bbox 2953 5114 3131 5166; x_wconf 69' lang='lat' dir='ltr'><strong><em>terrae,</em></strong></span> <span class='ocrx_word' id='word_1_837' title='bbox 3168 5102 3285 5157; x_wconf 84' lang='lat' dir='ltr'><strong><em>sive</em></strong></span> <span class='ocrx_word' id='word_1_838' title='bbox 3345 5101 3518 5158; x_wconf 79' lang='lat' dir='ltr'><strong><em>Italia:</em></strong></span> <span class='ocrx_word' id='word_1_839' title='bbox 3572 5108 3707 5161; x_wconf 84' lang='lat' dir='ltr'><strong><em>sive</em></strong></span> 
     </span>
    </p>
   </div>
   <div class='ocr_carea' id='block_1_113' title="bbox 2091 5194 3706 5269">
    <p class='ocr_par' dir='ltr' id='par_1_113' title="bbox 2091 5194 3706 5269">
     <span class='ocr_line' id='line_1_114' title="bbox 2091 5194 3706 5269; baseline -0.002 -14"><span class='ocrx_word' id='word_1_840' title='bbox 2091 5200 2302 5266; x_wconf 72' lang='lat' dir='ltr'><strong><em>Galliae,</em></strong></span> <span class='ocrx_word' id='word_1_841' title='bbox 2331 5200 2532 5265; x_wconf 89' lang='lat' dir='ltr'><strong><em>incola,</em></strong></span> <span class='ocrx_word' id='word_1_842' title='bbox 2560 5200 2652 5269; x_wconf 92' lang='lat' dir='ltr'><strong><em>qui</em></strong></span> <span class='ocrx_word' id='word_1_843' title='bbox 2686 5200 2790 5253; x_wconf 89' lang='lat' dir='ltr'><strong><em>hoc</em></strong></span> <span class='ocrx_word' id='word_1_844' title='bbox 2820 5196 3056 5253; x_wconf 80' lang='lat' dir='ltr'><strong><em>fortasse</em></strong></span> <span class='ocrx_word' id='word_1_845' title='bbox 3095 5194 3255 5249; x_wconf 91' lang='lat' dir='ltr'><strong><em>modo</em></strong></span> <span class='ocrx_word' id='word_1_846' title='bbox 3275 5196 3579 5264; x_wconf 86' lang='lat' dir='ltr'><strong><em>quamdam</em></strong></span> <span class='ocrx_word' id='word_1_847' title='bbox 3638 5198 3706 5251; x_wconf 81' lang='lat' dir='ltr'><strong><em>in</em></strong></span> 
     </span>
    </p>
   </div>
   <div class='ocr_carea' id='block_1_114' title="bbox 2090 5288 3707 5364">
    <p class='ocr_par' dir='ltr' id='par_1_114' title="bbox 2090 5288 3707 5364">
     <span class='ocr_line' id='line_1_115' title="bbox 2090 5288 3707 5364; baseline -0.006 -13"><span class='ocrx_word' id='word_1_848' title='bbox 2090 5295 2293 5351; x_wconf 60' lang='lat' dir='ltr'><strong><em>Graecis</em></strong></span> <span class='ocrx_word' id='word_1_849' title='bbox 2330 5294 2526 5350; x_wconf 89' lang='lat' dir='ltr'><strong><em>litteris</em></strong></span> <span class='ocrx_word' id='word_1_850' title='bbox 2575 5290 3026 5349; x_wconf 86' lang='lat' dir='ltr'><strong><em>exercitationem</em></strong></span> <span class='ocrx_word' id='word_1_851' title='bbox 3077 5288 3183 5345; x_wconf 90' lang='lat' dir='ltr'><strong><em>sibi</em></strong></span> <span class='ocrx_word' id='word_1_852' title='bbox 3227 5288 3401 5344; x_wconf 85' lang='lat' dir='ltr'><strong><em>voluit</em></strong></span> <span class='ocrx_word' id='word_1_853' title='bbox 3452 5306 3707 5364; x_wconf 82' lang='lat' dir='ltr'><strong><em>parare;</em></strong></span> 
     </span>
    </p>
   </div>
   <div class='ocr_carea' id='block_1_115' title="bbox 2090 5423 3712 5487">
    <p class='ocr_par' dir='ltr' id='par_1_115' title="bbox 2090 5423 3712 5487">
     <span class='ocr_line' id='line_1_116' title="bbox 2090 5423 3712 5487; baseline -0.004 -4"><span class='ocrx_word' id='word_1_854' title='bbox 2090 5429 2215 5483; x_wconf 87' lang='lat' dir='ltr'><strong><em>culo</em></strong></span> <span class='ocrx_word' id='word_1_855' title='bbox 2236 5427 2442 5483; x_wconf 79' lang='lat' dir='ltr'><strong><em>exarati</em></strong></span> <span class='ocrx_word' id='word_1_856' title='bbox 2469 5436 2614 5482; x_wconf 88' lang='lat' dir='ltr'><strong><em>sunt.</em></strong></span> <span class='ocrx_word' id='word_1_857' title='bbox 2644 5425 2741 5480; x_wconf 80' lang='lat' dir='ltr'><strong><em>Hic</em></strong></span> <span class='ocrx_word' id='word_1_858' title='bbox 2763 5424 2946 5480; x_wconf 91' lang='lat' dir='ltr'><strong><em>dativo</em></strong></span> <span class='ocrx_word' id='word_1_859' title='bbox 2968 5442 2986 5477; x_wconf 85' lang='lat' dir='ltr'><strong><em>t</em></strong></span> <span class='ocrx_word' id='word_1_860' title='bbox 3012 5423 3326 5487; x_wconf 89' lang='lat' dir='ltr'><strong><em>ascribitur,</em></strong></span> <span class='ocrx_word' id='word_1_861' title='bbox 3376 5435 3439 5477; x_wconf 92' lang='lat' dir='ltr'><strong><em>ut</em></strong></span> <span class='ocrx_word' id='word_1_862' title='bbox 3492 5426 3544 5477; x_wconf 91' lang='lat' dir='ltr'><strong><em>in</em></strong></span> <span class='ocrx_word' id='word_1_863' title='bbox 3578 5427 3712 5478; x_wconf 62' lang='lat' dir='ltr'><strong><em>tm-</em></strong></span> 
     </span>
    </p>
   </div>
   <div class='ocr_carea' id='block_1_116' title="bbox 2092 5494 3707 5568">
    <p class='ocr_par' dir='ltr' id='par_1_116' title="bbox 2092 5494 3707 5568">
     <span class='ocr_line' id='line_1_117' title="bbox 2092 5494 3707 5568; baseline -0.002 -16"><span class='ocrx_word' id='word_1_864' title='bbox 2092 5499 2298 5565; x_wconf 82' lang='grc' dir='ltr'>στολῆι,</span> <span class='ocrx_word' id='word_1_865' title='bbox 2343 5498 2484 5568; x_wconf 87' lang='lat' dir='ltr'><strong><em>quod</em></strong></span> <span class='ocrx_word' id='word_1_866' title='bbox 2506 5499 2557 5568; x_wconf 88' lang='lat' dir='ltr'><strong><em>in</em></strong></span> <span class='ocrx_word' id='word_1_867' title='bbox 2583 5496 2790 5568; x_wconf 87' lang='lat' dir='ltr'><strong><em>aliquot</em></strong></span> <span class='ocrx_word' id='word_1_868' title='bbox 2811 5495 3211 5568; x_wconf 83' lang='lat' dir='ltr'><strong><em>exemplaribus</em></strong></span> <span class='ocrx_word' id='word_1_869' title='bbox 3236 5494 3614 5568; x_wconf 67' lang='lat' dir='ltr'><strong><em>observatur;</em></strong></span> <span class='ocrx_word' id='word_1_870' title='bbox 3637 5498 3707 5568; x_wconf 75' lang='lat' dir='ltr'><strong><em>in</em></strong></span> 
     </span>
    </p>
   </div>
   <div class='ocr_carea' id='block_1_117' title="bbox 2093 5563 3707 5639">
    <p class='ocr_par' dir='ltr' id='par_1_117' title="bbox 2093 5563 3707 5639">
     <span class='ocr_line' id='line_1_118' title="bbox 2093 5563 3707 5639; baseline -0.003 -17"><span class='ocrx_word' id='word_1_871' title='bbox 2093 5563 2334 5639; x_wconf 83' lang='lat' dir='ltr'><strong><em>pluribus</em></strong></span> <span class='ocrx_word' id='word_1_872' title='bbox 2361 5563 2665 5639; x_wconf 66' lang='lat' dir='ltr'><strong><em>omittitur.</em></strong></span> <span class='ocrx_word' id='word_1_873' title='bbox 2695 5566 2967 5639; x_wconf 87' lang='lat' dir='ltr'><strong><em>Accentus</em></strong></span> <span class='ocrx_word' id='word_1_874' title='bbox 3003 5580 3123 5639; x_wconf 69' lang='lat' dir='ltr'><strong><em>non</em></strong></span> <span class='ocrx_word' id='word_1_875' title='bbox 3152 5563 3222 5616; x_wconf 85' lang='lat' dir='ltr'><strong><em>ita</em></strong></span> <span class='ocrx_word' id='word_1_876' title='bbox 3269 5575 3537 5639; x_wconf 79' lang='lat' dir='ltr'><strong><em>accurate</em></strong></span> <span class='ocrx_word' id='word_1_877' title='bbox 3562 5566 3707 5639; x_wconf 78' lang='lat' dir='ltr'><strong><em>ubi-</em></strong></span> 
     </span>
    </p>
   </div>
   <div class='ocr_carea' id='block_1_118' title="bbox 2091 5634 3710 5708">
    <p class='ocr_par' dir='ltr' id='par_1_118' title="bbox 2091 5634 3710 5708">
     <span class='ocr_line' id='line_1_119' title="bbox 2091 5634 3710 5708; baseline -0.001 -15"><span class='ocrx_word' id='word_1_878' title='bbox 2091 5634 2195 5708; x_wconf 76' lang='lat' dir='ltr'><strong><em>que</em></strong></span> <span class='ocrx_word' id='word_1_879' title='bbox 2225 5648 2499 5698; x_wconf 81' lang='lat' dir='ltr'><strong><em>notantur,</em></strong></span> <span class='ocrx_word' id='word_1_880' title='bbox 2534 5638 2626 5691; x_wconf 89' lang='lat' dir='ltr'><strong><em>sed</em></strong></span> <span class='ocrx_word' id='word_1_881' title='bbox 2654 5637 2800 5708; x_wconf 78' lang='lat' dir='ltr'><strong><em>haud</em></strong></span> <span class='ocrx_word' id='word_1_882' title='bbox 2833 5650 2957 5689; x_wconf 90' lang='lat' dir='ltr'><strong><em>raro</em></strong></span> <span class='ocrx_word' id='word_1_883' title='bbox 2987 5635 3348 5708; x_wconf 78' lang='lat' dir='ltr'><strong><em>negliguntur,</em></strong></span> <span class='ocrx_word' id='word_1_884' title='bbox 3372 5644 3432 5708; x_wconf 77' lang='lat' dir='ltr'><strong><em>et</em></strong></span> <span class='ocrx_word' id='word_1_885' title='bbox 3457 5634 3710 5708; x_wconf 72' lang='lat' dir='ltr'><strong><em>spiritus</em></strong></span> 
     </span>
    </p>
   </div>
   <div class='ocr_carea' id='block_1_119' title="bbox 2091 5704 3707 5779">
    <p class='ocr_par' dir='ltr' id='par_1_119' title="bbox 2091 5704 3707 5779">
     <span class='ocr_line' id='line_1_120' title="bbox 2091 5704 3707 5779; baseline -0.001 -16"><span class='ocrx_word' id='word_1_886' title='bbox 2091 5704 2362 5777; x_wconf 63' lang='lat' dir='ltr'><strong><em>s&#39;inuliter,</em></strong></span> <span class='ocrx_word' id='word_1_887' title='bbox 2408 5708 2498 5779; x_wconf 86' lang='lat' dir='ltr'><strong><em>qui</em></strong></span> <span class='ocrx_word' id='word_1_888' title='bbox 2547 5707 2728 5779; x_wconf 79' lang='lat' dir='ltr'><strong><em>prisca</em></strong></span> <span class='ocrx_word' id='word_1_889' title='bbox 2769 5704 2942 5761; x_wconf 81' lang='lat' dir='ltr'><strong><em>forma</em></strong></span> <span class='ocrx_word' id='word_1_890' title='bbox 2989 5705 3307 5775; x_wconf 87' lang='lat' dir='ltr'><strong><em>plerumque</em></strong></span> <span class='ocrx_word' id='word_1_891' title='bbox 3350 5704 3707 5763; x_wconf 79' lang='lat' dir='ltr'><strong><em>describun-</em></strong></span> 
     </span>
    </p>
   </div>
   <div class='ocr_carea' id='block_1_120' title="bbox 2095 5790 2255 5833">
    <p class='ocr_par' dir='ltr' id='par_1_120' title="bbox 2095 5790 2255 5833">
     <span class='ocr_line' id='line_1_121' title="bbox 2095 5790 2255 5833; baseline -0.019 0"><span class='ocrx_word' id='word_1_892' title='bbox 2095 5790 2197 5833; x_wconf 87' lang='lat' dir='ltr'><strong><em>tur.</em></strong></span> <span class='ocrx_word' id='word_1_893' title='bbox 2238 5798 2255 5830; x_wconf 79' lang='grc' dir='ltr'><strong><em>ι</em></strong></span> 
     </span>
    </p>
   </div>
  </div>
