3764 6498
54 390 135 443 ⁵3⁸31

844 397 1203 455 EXCERPTA
1243 398 1329 455 EX
1365 399 1828 460 PR£FATIONE
1868 406 2185 464 EDITORIS
2219 354 2548 471 IEi‘iENSIS.

3215 408 3324 465 222

48 504 260 597 adhibuit
281 513 468 559 autem
498 522 804 576 pennam,
833 530 942 568 non
974 517 1233 570 calamum
1266 520 1639 588 scriptorium,
1672 530 1715 582 Α
1746 524 2019 580 Serenum:
2067 525 2165 579 140
2200 525 2476 594 Expositio
2520 525 2731 597 (eadem
2783 540 2904 595 qua:
2958 524 3144 594 supra)
3197 541 3323 579 eon-

46 610 136 659 (μιν
159 592 268 648 solo
295 605 389 647 aut
414 600 630 664 pennis
661 604 856 658 :eneis
885 604 1053 661 Gneci
1080 623 1250 676 usque
1299 609 1367 662 ad
1428 609 1637 679 imperii

43 701 264 740 occasum
290 688 633 745 utebantur.
674 692 852 749 Ilunc
908 698 1165 763 codicem,
1210 702 1300 768 qui
1347 700 1475 755 licet
1524 716 1645 769 pro-

45 777 167 844 prias
215 776 483 833 lectiones
533 782 772 838 multas
830 786 1050 850 habeat,
1087 789 1226 843 haud
1262 791 1425 846 dubie
1458 799 1639 846 tamen

48 884 101 921 rx
134 868 312 923 eodem
350 867 517 925 ﬂuxit
556 873 735 929 fonte
760 892 833 930 ac
888 877 1019 948 Reg.
1054 878 1087 931 2
1116 883 1193 947 (η.
1233 880 1381 946 174),
1422 898 1549 947 non,
1584 891 1643 938 tit

46 959 281 1024 llarantts,
312 960 760 1032 Colbertinnm,
795 971 894 1023 sed
931 969 1059 1028 Cod.
1094 971 1212 1042 Reg.
1250 973 1284 1026 4
1320 976 1529 1029 vocavi.

98 1051 151 1105 Υ.
188 1048 365 1106 Codex
406 1052 630 1124 Regius
678 1057 858 1114 CXC.
896 1061 1037 1132 (Vid.
1101 1063 1436 1131 Supplément
1495 1084 1635 1137 grec,

42 1144 156 1210 quod
209 1145 682 1213 supplementum
747 1166 849 1206 eos
893 1154 1134 1210 continet
1186 1157 1404 1212 codices
1444 1168 1636 1224 mstos,

44 1234 115 1302 qui
143 1247 256 1303 post
282 1252 501 1293 annum
547 1240 715 1295 1740
748 1244 807 1298 in
841 1244 1221 1300 bibliothecam
1255 1246 1474 1317 Regiam
1515 1265 1638 1317 per-

47 1331 291 1398 reoenmt)
332 1332 549 1387 saecqu
590 1334 833 1390 decimo
871 1336 1102 1406 septimo
1131 1338 1184 1391 in
1218 1339 1405 1393 charta
1428 1340 1633 1411 vulgari

43 1434 238 1490 papyrea
271 1435 551 1493 exaratos
588 1426 877 1499 foliisque
916 1440 1163 1485 constans
1196 1431 1320 1486 340.
1356 1432 1456 1498 Qui
1485 1442 1636 1488 octo-

44 1514 175 1568 uariae
196 1513 384 1569 forma
419 1516 579 1572 liber
628 1530 847 1583 mstus,
899 1530 1149 1588 excerpta
1186 1538 1253 1576 ex
1308 1523 1631 1591 Epiphanio,

40 1604 275 1659 Clemente
304 1607 753 1676 Alexandrino,
802 1612 1039 1678 Origene
1097 1612 1325 1683 aliisque
1374 1612 1634 1668 Patrihns

39 1698 387 1753 ecclesiasticis
431 1703 790 1767 continens,
820 1718 1024 1771 paucas
1067 1705 1269 1773 praebet
1312 1706 1430 1774 (I'oI.
1455 1705 1636 1760 286—-

38 1788 116 1842 30l
142 1788 191 1860 li)
217 1792 595 1850 collectiones
614 1810 693 1850 ex
713 1795 779 1851 S.
799 1796 1015 1851 Justino
1029 1796 1224 1852 additis
1244 1800 1500 1855 brevibus
1530 1799 1634 1854 La-

39 1882 137 1935 linis
161 1883 665 1951 adnotationibus;
709 1889 815 1942 sed
870 1889 1030 1943 ismm
1067 1890 1221 1952 nihil,
1257 1892 1399 1960 quod
1456 1907 1635 1960 opera:

38 1974 228 2036 pretium
262 1986 438 2039 esset,
468 1978 547 2030 ad
594 1989 828 2034 textum
864 1981 1259 2036 emendandum
1287 1983 1519 2050 priesidii
1554 1984 1636 2037 af-

38 2070 149 2120 t‘crre
187 2084 372 2137 posse,
448 2071 683 2128 Ilasius
736 2073 909 2129 ﬁdem
958 2072 1106 2129 fecit.
1136 2103 1211 2115 —
1244 2077 1438 2132 Statim
1500 2078 1636 2147 adji-

37 2167 178 2209 tiatur

89 2251 159 2308 \‘l.
199 2253 379 2309 Codex
419 2254 936 2321 Claromontanus,
973 2258 1045 2312 ita
1077 2273 1107 2312 a
1140 2258 1365 2313 Murano
1398 2260 1638 2330 appella-

35 2355 117 2407 tus,
150 2349 288 2414 quod
335 2347 711 2403 bibliotheca
747 2348 965 2415 collegii
993 2348 1318 2405 Parisiensis
1342 2350 1637 2407 Societatis

32 2436 126 2490 lese
165 2454 285 2493 eum
336 2441 848 2495 subministravit.
905 2439 1102 2509 Ejectis
1165 2454 1346 2498 autem
1397 2460 1428 2498 e
1462 2444 1632 2500 Gallia

32 2526 215 2585 Jesuitis
242 2546 319 2600 μ.
350 2532 560 2600 nos),
601 2547 743 2585 cum
785 2530 925 2585 illius
970 2532 1315 2589 bibliothecae
1363 2535 1486 2590 libri
1536 2552 1635 2605 pu-

33 2622 141 2676 blice
169 2626 595 2687 venderentur.
632 2625 819 2679 codex
874 2624 965 2680 ille
1003 2635 1177 2683 mstus
1228 2626 1282 2680 in
1336 2625 1631 2683 Meermani

34 2729 188 2767 manus
210 2716 493 2784 perxenit.
540 2717 686 2783 Quo
719 2726 942 2770 mortuo
969 2732 1089 2771 cum
1120 2718 1246 2772 aliis
1270 2719 1493 2788 scriptis
1543 2721 1631 2789 (a.

1741 622 1985 690 fessionis
2010 624 2336 677 orthodoxae.
2371 622 2419 676 Is
2449 622 2618 676 codex
2652 630 2823 676 iustus
2871 621 3042 690 Regio
3092 634 3325 674 nutnero

1741 712 1848 767 450
1891 713 2156 784 insignito
2204 714 2514 769 simillimus
2567 722 2681 779 est;
2736 712 2937 769 etenim
2970 727 3077 767 non
3110 721 3318 765 tantum

1740 818 1906 874 opera
1937 807 2125 862 eodem
2151 807 2342 861 ordine
2377 806 2780 877 complectitur,
2826 804 2922 860 sed
2975 813 3032 859 et
3081 802 3321 874 Epistula

1740 898 1810 950 ad
1838 895 2036 951 lenam
2056 908 2103 952 et
2135 896 2409 963 Serenum,
2456 900 2633 967 primo
2683 897 2807 951 loco
2855 895 3139 958 collocata,
3169 894 3323 950 initio

1739 992 2056 1044 detruncata
2073 1000 2177 1044 est.
2195 988 2310 1044 Huc
2338 991 2568 1056 accedit,
2599 990 2743 1060 quod
2773 987 2892 1058 ejus
2917 987 3177 1043 lectiones
3203 986 3320 1056 ple-

1740 1096 1971 1152 rumque
2012 1098 2138 1138 cum
2190 1083 2362 1152 Regio
2395 1084 2469 1138 ita
2500 1083 2856 1147 conveniunt,
2882 1081 3073 1136 eodem
3115 1095 3185 1135 ex
3225 1094 3323 1135 co-

1736 1174 1856 1228 dice
1883 1185 1941 1229 ut
1964 1184 2194 1245 uterque
2231 1174 2540 1244 descriptus
2580 1174 2834 1228 videatur
2860 1172 2946 1227 vel
2976 1172 3117 1228 alter
3141 1186 3209 1227 ex
3240 1172 3324 1227 al-

1740 1278 1872 1322 tero.
1921 1266 2245 1322 Sirmondus
2291 1277 2549 1321 narrante
2598 1264 2832 1320 Nourrio
2867 1266 2928 1335 (l.
2974 1280 3050 1333 c.,
3095 1279 3151 1334 p.
3192 1263 3320 1331 468)

1736 1374 1947 1412 summa
1990 1359 2270 1427 diligentia
2308 1358 2787 1414 Claromontanum
2830 1357 3076 1412 codicem
3125 1371 3323 1427 pervo-

1738 1449 1929 1505 lutavit
1959 1451 2119 1518 eique
2150 1464 2312 1503 manu
2348 1464 2445 1503 sua
2480 1458 2536 1503 et
2578 1448 2791 1503 initium
2834 1447 3079 1516 epistola:
3106 1447 3176 1501 ad
3218 1445 3323 1501 Ze—

1738 1558 1860 1596 nam
1911 1550 1966 1595 et
2017 1539 2285 1595 Serenum
2337 1539 2918 1610 mutilum'supplevit
2977 1538 3319 1608 prtelixitque

1736 1633 1976 1686 omnium
1999 1648 2120 1701 qua:
2142 1631 2388 1687 continet
2426 1646 2650 1701 operum
2699 1629 3007 1685 elenchum.
3043 1628 3184 1683 Idem
3233 1636 3321 1682 est

1738 1721 1826 1776 ille
1852 1721 2045 1784 codex,
2086 1736 2320 1789 quocum
2362 1719 2594 1775 selectos
2628 1718 2892 1788 quosdam
2943 1717 3096 1774 locos
3135 1716 3324 1772 conle-

1738 1812 1933 1867 rendos
1959 1811 2237 1867 Tltirlbius
2258 1812 2490 1865 curavit.
2784 1865 2788 1869 _

1809 1904 1865 1957 In
1898 1904 2069 1959 Gallia
2099 1914 2297 1973 praeter
2337 1903 2553 1957 codices
2598 1911 2766 1958 mstos
2809 1915 2973 1970 supra
3015 1899 3322 1954 nominatos

1738 2012 1878 2050 unus
1909 2005 2117 2048 tantum
2162 1992 2455 2061 reperitur,
2494 2007 2601 2060 quo
2653 1990 2904 2059 equidem
2944 1988 3152 2056 primus
3193 2001 3325 2042 usus

1735 2100 1885 2150 sum;
1910 2094 1992 2139 est
2021 2085 2168 2138 enim

1812 2175 1921 2230 VII.
1947 2174 2126 2229 Codex
2153 2172 2634 2243 Argentoratensis,
2664 2169 3018 2240 bombycinus
3044 2165 3134 2236 (ex
3156 2166 3323 2221 char-

1739 2278 1791 2323 ta
1818 2266 2161 2339 gossympina
2196 2281 2212 2317 :
2244 2264 2353 2320 vid.
2402 2260 2634 2326 Htenel"
2669 2261 2706 2315 Ι.
2739 2276 2816 2326 c.,
2851 2277 2906 2331 p.
2943 2258 3104 2327 466),
3137 2258 3191 2312 in
3226 2257 3323 2314 fol.

1737 2361 1984 2422 minimo,
2011 2359 2166 2425 cujus
2194 2357 2322 2412 l‘olia
2351 2353 2643 2411 recentiori
2695 2362 2941 2422 tempore
2977 2349 3085 2405 260
3128 2361 3322 2404 nume-

1738 2463 1855 2509 rata
1897 2461 2044 2508 sunt.
2081 2451 2208 2505 Fuit
2255 2448 2529 2519 quondam
2574 2446 2770 2501 Ioann.
2812 2442 3130 2503 Reucbliui,
3177 2440 3324 2510 quod

1737 2545 2022 2614 inscriptio
2054 2543 2261 2597 indicat
2292 2554 2456 2593 manu
2482 2537 2629 2593 illius
2661 2537 2715 2591 in
2749 2550 2943 2589 aversa
2978 2542 3134 2603 parte
3169 2532 3326 2585 invo-

1739 2638 1873 2693 lucri
1918 2636 2081 2707 lignei
2139 2635 2281 2690 facta
2324 2631 2502 2703 (Liber
2524 2628 2739 2684 σταται
2778 2626 3042 2681 Johannis
3072 2621 3328 2677 Reachlin

1727 2728 2047 2796 Pharum);
2076 2739 2261 2798 postea
2294 2728 2347 2781 in
2368 2721 2939 2780 Mauriinonasterimn
2991 2714 3328 2788 (Mammiu-

34 2805 158 2873 l8‘14)
207 2808 259 2861 in
309 2808 594 2878 Angliam
639 2808 893 2871 transiit,
922 2820 981 2863 tit
1014 2809 1361 2865 illustrissimi
1413 2810 1635 2867 Tltonite
1734 2823 1862 2890 uer)
1911 2822 2075 2876 situm
2124 2820 2176 2873 in
2221 2818 2431 2873 Alsatia
2477 2814 2762 2885 superiore
2812 2809 2943 2882 (Ex.
3008 2807 3136 2861 ΗΜ).
3191 2805 3324 2857 ΑΜ·

33 2898 259 2967 Pliillipps
286 2901 684 2955 bibliothecae
712 2900 768 2954 in
798 2900 922 2955 villa
950 2901 1243 2957 Middlehill
1276 2903 1343 2957 ad
1378 2903 1631 2973 oppidum
1738 2911 2152 2965 Μαατίηιοηαει.
2193 2909 2381 2977 1560),
2404 2907 2642 2976 denique
2670 2903 2907 2958 violenta
2938 2899 3189 2954 Frattcici
3242 2911 3329 2950 τεο

33 2988 293 3061 ltroadway
326 2990 408 3057 (in
446 2990 753 3044 comitatu
806 2987 1081 3043 Vorcestr.
1135 2990 1323 3049 situm)
1378 2989 1617 3044 instituta

1813 3006 1825 3058 i
1855 3005 2215 3059 conversione
2244 3004 2298 3057 in
2328 3000 2603 3072 publicam
2642 2993 2992 3067 Argentorati
3026 2989 3327 3047 bibliothe-

31 3084 405 3152 adjangeretnr.
487 3081 636 3136 νεά.
722 3080 969 3152 Catalog.
1058 3090 1320 3136 mstorum
1383 3083 1632 3137 codicum

29 3177 205 3246 collegii
259 3175 723 3232 Claromontani
763 3174 965 3245 (Paris.
999 3175 1161 3237 1764,
1210 3175 1266 3245 8)
1325 3191 1378 3244 p.
1412 3176 1485 3230 25
1520 3191 1629 3245 sq.,

32 3286 153 3323 cum.
188 3269 459 3333 LXXXII,
496 3279 560 3322 et
610 3268 950 3322 Bibliothec.
989 3267 1283 3322 Meernian.
1337 3269 1454 3322 sive
1485 3278 1635 3321 cata-

30 3361 394 3432 lng.librorutn
431 3364 864 3431 inipressornm
910 3369 964 3414 et
1019 3361 1270 3415 codicum
1339 3369 1632 3426 iustorum,

29 3472 140 3520 «tuos
168 3486 236 3498 --
269 3466 459 3511 morte
502 3454 831 3522 dereliquit
870 3452 1107 3509 Joannes
1154 3452 1455 3520 Meerman,
1501 3463 1632 3507 tom.

29 3547 79 3599 IV
106 3549 279 3621 (H332
320 3551 550 3605 Comit.
610 3548 785 3612 1824,
818 3547 897 3616 8).
930 3564 981 3617 p.
1014 3548 1065 3613 7,
1094 3562 1243 3605 nuru.
1278 3546 1450 3613 LVII;
1505 3549 1633 3606 coll.

28 3642 159 3697 Gust.
212 3643 390 3699 Hane!
439 3661 457 3696 :
524 3640 798 3709 Catalogi
857 3641 1118 3695 librorum
1183 3649 1472 3704 mstorum,
1525 3652 1631 3694 etc.

29 3731 174 3803 (Lips.
204 3735 365 3800 I830,
413 3734 509 3801 Α).
564 3748 630 3803 p.
672 3731 802 3787 894.
844 3732 942 3787 llic
980 3734 1147 3787 codex
1173 3733 1518 3794 cliartaceus,
1549 3734 1635 3785 iu-

30 3824 129 3889 loL,
173 3826 575 3895 complectens
627 3822 766 3877 I'olia
820 3824 946 3888 517,
993 3826 1193 3879 saeculo
1228 3826 1443 3880 decimo
1479 3833 1635 3879 sexto

28 3929 252 3974 exaratos
273 3931 360 3974 est
380 3917 506 3989 (14)
524 3932 721 3986 eoque
753 3918 1100 3970 continentur
1130 3935 1143 3969 :
1180 3918 1240 3970 1ο
1269 3914 1476 3968 lustini
1517 3914 1633 3982 phi-

27 4014 201 4080 Iosophi
231 4023 280 4067 et
331 4012 623 4081 martyris
678 4007 923 4078 Epistola
957 4010 1022 4060 ad
1055 4007 1254 4061 Zenoni
1284 4016 1334 4061 et
1375 4006 1628 4061 Serenum

28 4100 209 4165 fratres.
242 4104 702 4158 Prmtnittnntnr
738 4098 999 4153 nonnulla
1049 4100 1116 4153 de
1154 4097 1369 4153 Iustino
1400 4114 1466 4152 ex
1503 4099 1632 4153 Sui-

27 4197 97 4251 da,
128 4194 314 4249 PbOtio
355 4196 522 4249 aliis.
553 4195 631 4246 2ο
667 4192 1029 4245 Parteneticus
1058 4192 1129 4244 ad
1161 4203 1362 4261 gentes.
1396 4193 1458 4247 ’5ο
1502 4192 1634 4246 Dia-

27 4286 153 4351 logus
179 4302 295 4338 cum
328 4285 669 4355 Tryphone.
700 4283 767 4336 ιο
790 4281 1043 4352 Apologia
1070 4292 1290 4350 utraque
1329 4299 1429 4351 pro
1474 4281 1633 4336 Chri-

25 4380 186 4432 stianis
209 4395 336 4433 cum
364 4377 651 4446 epistolis
667 4373 926 4428 Antonini
945 4382 1001 4427 et
1014 4372 1177 4427 Marci
1216 4374 1630 4441 imperatorum.

30 4468 81 4518 5ο
117 4466 183 4520 De
209 4469 575 4520 monorchia.
630 4465 697 4518 6°
736 4463 1009 4530 Expositio
1039 4463 1167 4530 ﬁdei
1208 4480 1299 4516 seu
1337 4470 1402 4516 de
1449 4468 1634 4516 sancta

1735 3111 1857 3152 cam
1889 3096 2158 3165 pervenit.
2185 3098 2231 3150 A
2267 3092 2512 3148 muribus
2559 3100 2742 3148 autem
2789 3088 2977 3142 nidum
3012 3085 3117 3140 sibi
3160 3084 3213 3139 in
3258 3096 3329 3137 eo

1737 3188 2052 3258 parantibus
2079 3187 2372 3241 admodum
2398 3199 2659 3241 corrosus
2673 3191 2755 3236 est
2790 3180 2928 3251 (l5),
2966 3179 3063 3233 sed
3093 3184 3331 3231 tantum-

1742 3281 1901 3335 modo
1926 3280 2096 3333 altcra
2133 3277 2251 3346 ejus
2281 3292 2411 3347 pars
2443 3275 2837 3330 detrimentum
2881 3273 3046 3341 cepit.
3086 3266 3198 3323 Hoc
3232 3282 3330 3322 co-

1739 3371 1858 3425 dice
1911 3370 2486 3438 comprehenduntur:
2526 3367 2585 3419 1⁰
2624 3364 2735 3419 Τοῦ
2766 3364 2940 3433 ἁγίου
2988 3359 3329 3416 Ἰουστινου

1737 3465 2078 3534 φιλοσόφου
2106 3463 2203 3516 καὶ
2229 3461 2532 3531 μάρτυρος
2566 3460 2707 3528 Περὶ
2730 3458 3083 3527 μοναρχίας.
3127 3454 3191 3509 2ο
3221 3452 3333 3508 Λό-

1738 3576 1843 3626 γος
1874 3555 2306 3624 ·παραινετικὸς
2358 3553 2508 3622 πρὸς
2556 3555 2883 3618 Ἕλληνας.
2937 3549 3000 3601 5°
3052 3547 3332 3609 Ἕκθεσις

1737 3649 1999 3713 πίστεως
2041 3646 2173 3714 περὶ
2218 3643 2328 3712 τῆς
2371 3642 2553 3711 ὀρθῆς
2600 3640 2942 3711 ὁμολογίας,
3000 3634 3130 3704 ἤτοι
3195 3632 3330 3710 napi

1748 3739 2013 3807 Τριάδος.
2050 3738 2105 3791 4ο
2143 3736 2302 3804 Πρὸς
2331 3736 2660 3801 “Ελληνας.
2700 3732 2762 3785 5°
2796 3729 2954 3798 Πρὸς
2982 3728 3327 3797 Διόγνητον.

1736 3833 1821 3886 Ab
1853 3833 1954 3886 alia
1988 3845 2161 3899 caque
2190 3827 2478 3882 recentiori
2510 3840 2674 3879 manu
2699 3822 2924 3891 adjectae
2947 3829 3107 3875 sunt:
3134 3821 3191 3872 6·
3212 3814 3329 3884 Τῆς

1739 3923 2040 3989 Σιϐύλλης
2085 3921 2314 3987 Ἐρυθρ.
2370 3918 2599 3987 στοῖχοι
2649 3916 2801 3987 (tres
2842 3923 3050 3967 tantum
3103 3912 3330 3982 paginas

1737 4015 2125 4081 continentes).
2159 4013 2211 4064 7°
2239 4012 2507 4082 Χρησμοὶ
2536 4010 2654 4065 τῶν
2695 4005 3066 4076 Ἑλληνικῶν
3094 4002 3263 4060 θεῶν.
3285 4005 3331 4059 Α

1739 4106 1902 4176 priori
1957 4117 2138 4161 autem
2187 4121 2349 4159 manu
2386 4114 2472 4161 est
2500 4123 2513 4157 :
2546 4104 2601 4159 8°
2628 4104 2977 4171 Athenagora:
3038 4097 3332 4166 HpsaEela

1737 4210 1790 4254 et
1821 4200 1877 4253 9°
1907 4198 2161 4268 Ejusdem
2190 4197 2323 4251 liber
2346 4198 2479 4265 περὶ
2502 4195 2915 4260 ἀναστάσεως.
2940 4194 3072 4259 Quae
3099 4192 3332 4260 denique

1737 4300 2047 4359 sequuntur
2105 4288 2308 4357 scripta
2340 4287 2532 4357 Cyrilli
2559 4285 2914 4340 Alexandrini
2946 4294 3111 4352 atque
3148 4292 3331 4351 poste.

1740 4383 1900 4437 rioris
1924 4381 2104 4436 :etatis
2138 4389 2409 4435 tractatus
2445 4388 2637 4434 contra
2678 4380 2994 4441 Armenios,
3028 4373 3334 4430 Ismaelitas

1737 4476 1871 4529 alios
1904 4483 2094 4544 aperte
2127 4473 2488 4527 recentiorem
2522 4486 2742 4525 manum
2771 4471 3029 4540 produnt.
3063 4466 3198 4522 Pars
3236 4482 3329 4537 co:

31 4560 279 4617 Trinitate.
344 4562 414 4612 7°
473 4556 772 4625 Refutatio
821 4554 1126 4621 dogmatum
1189 4554 1508 4608 Aristmelis.
1567 4558 1617 4607 8‘

1813 4568 1874 4622 :is
1895 4567 2173 4636 antiquior
2200 4565 2406 4620 saeculo
2436 4564 2651 4618 decimo
2693 4564 2855 4618 tertio
2884 4571 3152 4633 quartove
3195 4575 3330 4617 exa-

32 4652 330 4714 Qurstious
362 4652 723 4705 Christiana:
768 4646 839 4699 ad
884 4646 1123 4715 gentiles.
1157 4652 1221 4701 9°
1254 4645 1638 4716 Responsiones

30 4748 86 4794 ad
120 4748 451 4800 orthodoxa;
506 4744 585 4796 de
635 4741 1015 4812 quaestionibus
1065 4742 1372 4797 necessariis
1420 4752 1466 4795 et
1516 4758 1634 4810 per—

33 4840 252 4891 tractatio
297 4841 438 4892 ado.
489 4835 755 4907 gentiles.
806 4834 907 4888 10°
937 4835 1266 4900 Qutestiones
1313 4831 1641 4888 ercanice

32 4934 87 4981 ad
117 4930 451 4985 Christianos
497 4933 577 4983 de
637 4930 972 4992 incorporeo,
996 4930 1059 4982 de
1086 4928 1194 4982 Deo
1220 4938 1268 4984 et
1312 4934 1377 4983 de
1400 4944 1629 4982 resurre-

33 5028 177 5079 ctione
202 5041 592 5081 mortuorum.
630 5026 733 5081 11⁰
760 5023 1135 5092 Responsiones
1184 5026 1505 5082 Christiana:
1567 5027 1637 5081 ad

35 5120 282 5177 medietas
306 5118 666 5188 quaestiones
699 5132 767 5170 ea:
791 5116 978 5182 pietate
998 5120 1321 5172 naturalium
1342 5122 1634 5174 rationum.

43 5212 116 5265 ι’Ξθ
156 5216 547 5285 Athenagoras
610 5211 687 5264 De
740 5215 1114 5266 resurrectione
1159 5225 1506 5269 mortuorum.
1545 5214 1641 5268 I30

43 5308 209 5360 lastini
262 5305 540 5373 Epistola
577 5303 798 5373 (eadem
829 5317 947 5371 quae
986 5308 1175 5375 supra)
1209 5307 1280 5359 ad
1336 5304 1537 5360 Zenam
1592 5318 1645 5362 et

93 5488 196 5557 (14)
234 5490 327 5545 At.
366 5490 508 5544 Nic.
573 5486 628 5539 Ie
690 5483 902 5557 Nourry
956 5485 1231 5555 (Apparat.
1282 5488 1351 5540 ad
1399 5485 1640 5540 biblioth.

64 5554 154 5613 me.
182 5554 310 5615 mi.
348 5560 511 5614 ΡΡ..
550 5566 666 5609 etc.
697 5571 752 5623 p.
800 5554 841 5613 Ι.
876 5554 930 5622 υ.
979 5554 1104 5625 467)
1147 5559 1291 5610 hunc
1340 5566 1491 5611 certe
1535 5572 1639 5609 non

68 5630 381 5700 «elegantem
408 5627 684 5683 codicem
714 5626 910 5679 saecqu
931 5626 1183 5695 opinatur
1209 5628 1421 5683 decimo
1447 5637 1644 5698 quarto

41 5703 393 5768 manserit-tuin
430 5714 600 5751 esse.

92 5769 197 5835 (l5)
236 5761 357 5823 Iloc
420 5770 552 5831 jatn
622 5761 788 5816 Gnst.
867 5766 1058 5823 HiBIIEI.
1118 5766 1395 5825 adnotavit
1435 5766 1644 5823 :Cata-

36 5834 153 5910 luga.
187 5839 471 5896 libroruin
516 5842 823 5902 nistorum,
855 5845 981 5903 ctu,
1014 5853 1066 5908 p.
1097 5837 1220 5894 166.

1744 4671 1894 4715 ratus
1924 4669 2007 4714 est
2036 4657 2170 4728 (16).
2199 4655 2323 4711 Illas
2352 4657 2774 4711 observationes
2803 4654 2890 4708 vir
2926 4668 3140 4709 summe
3166 4667 3330 4707 vene-

1743 4751 1932 4807 rabilis
1963 4749 2246 4805 Eduardtis
2281 4748 2504 4815 Cunitz,
2559 4747 2845 4818 theologia:
2896 4746 3092 4802 doctor
3121 4746 3334 4817 Argeo--

1742 4842 2053 4907 toratensis,
2105 4840 2365 4897 benevole
2416 4856 2627 4896 mecum
2689 4837 3145 4894 communicavit.
3211 4836 3334 4893 Iam

1741 4951 1862 5005 quae
1899 4942 2159 5005 pra:tcrca
2183 4937 2250 4990 de
2280 4936 2383 4991 hoc
2411 4934 2598 4989 codice
2620 4933 2753 4989 mihi
2781 4932 3122 5002 perscripsit,
3168 4932 3333 5003 ipsis-

1743 5024 1896 5080 simis
1946 5026 2065 5095 ejus
2119 5026 2300 5080 verbis
2347 5026 2619 5080 alteram:
2684 5041 2703 5075 ι
2739 5024 2833 5078 Die
2884 5023 3094 5089 Zeilcn,
3126 5023 3178 5078 in
3210 5022 3334 5077 dem

1744 5116 1935 5173 Thcilc
1960 5119 2057 5172 der
2084 5116 2261 5171 Justiti
2293 5117 2525 5182 eutlialt,
2554 5117 2676 5171 sind
2711 5116 3130 5186 vorgezeichnet
3160 5114 3333 5167 durcli

1745 5208 1799 5263 in
1827 5210 1924 5264 das
1953 5209 2144 5264 starke
2172 5209 2740 5280 Baumwolleupapier
2762 5208 3089 5276 eingeritzte
3118 5205 3329 5269 Linien,

1744 5313 1907 5359 unter
1932 5302 2137 5359 welche
2162 5302 2251 5360 die
2278 5303 2625 5359 Buchstaben
2653 5300 3006 5374 geschrieben
3056 5299 3199 5354 siml.
3241 5298 3335 5353 Die

1818 5484 1931 5554 (16)
1974 5482 2072 5539 Iiic
2119 5483 2291 5539 codex
2339 5491 2511 5537 msttts
2559 5482 3020 5554 quidempassiin
3046 5480 3216 5554 habet
3258 5480 3333 5534 lc-

1746 5552 1957 5610 ctiones
1988 5556 2317 5617 deteriores,
2345 5569 2503 5609 veras
2541 5552 2718 5607 tanien
2754 5552 3006 5618 plurimis
3042 5552 3175 5603 locis
3206 5567 3334 5603 cutt-

1746 5626 2018 5689 servavit;
2055 5625 2222 5684 idem,
2271 5636 2327 5677 ut
2371 5642 2439 5678 ex
2497 5625 2678 5677 multis
2710 5632 2880 5688 tmtest
2917 5620 3191 5684 concludi,
3228 5637 3332 5674 non

1749 5696 1813 5748 ad
1849 5696 2015 5749 Codd.
2049 5696 2181 5764 Reg.
2213 5695 2247 5746 5
2273 5705 2329 5748 et
2362 5696 2600 5747 Clarom.
2632 5690 2918 5753 faniiliaui,
2945 5691 3038 5743 sed
3072 5691 3140 5764 ad
3175 5706 3332 5761 egre-

1748 5767 1889 5833 giam
1939 5762 2331 5834 Coddfﬂegg.
2372 5766 2421 5829 1,
2462 5765 2496 5817 2
2538 5775 2592 5819 ct
2635 5764 2659 5820 5.
2703 5765 2938 5831 pt't'tinttl
2989 5762 3341 5834 titullumque

1749 5838 2000 5903 convenit
2030 5852 2149 5893 cum
2179 5834 2312 5904 Iit-3.
2344 5836 2399 5893 ‘2.
