3764 6518
84 389 171 446 225
785 376 1153 435 EXCEBPTA
1194 375 1286 431 EX
1324 372 1789 432 PREFATIONE
1828 370 2152 427 EDITORIS
2193 367 2534 427 IENENSIS.
3176 370 3283 426 226

85 504 172 572 psit
209 500 429 556 codicem
482 507 637 568 atque
692 496 756 551 11.
820 498 1131 569 Stephanus
1187 497 1331 568 (vide
1381 497 1602 565 supra),
1635 501 1680 557 Α
1710 493 1949 549 relerens
1976 492 2098 563 (clr.
2131 490 2454 545 Bibliotheca
2487 490 2740 543 librorum
2771 492 3025 540 mstorum
3048 488 3280 553 Italica;

85 609 362 665 quemquam
409 590 571 644 alium
623 600 882 660 prteterea
938 591 1194 659 inspexit,
1258 590 1468 645 Scilicet
1516 596 1613 641 aut
1715 585 1959 653 Gotting.
1997 583 2153 646 1854,
2185 584 2241 645 8,
2280 598 2334 649 p.
2368 580 2492 649 157)
2526 581 2708 633 Romae
2739 581 2789 633 in
2820 579 3148 634 bibliotheca
3170 582 3285 633 An-

84 662 183 741 cum
201 686 281 755 qui
306 685 454 740 hodie
486 684 827 754 Argeutorati
856 694 1168 738 asservatur
1194 692 1286 737 aut
1318 684 1441 736 huic
1468 692 1613 736 certe
1713 680 1880 749 gelica
1906 674 2251 745 (S.Agostina
2270 674 2380 743 (l7)
2402 672 2586 725 haberi
2605 669 2879 725 Justinnm
2903 671 3284 741 etAtheuago-
3336 662 3337 665 “

86 774 507 839 consimiliituum;
570 790 688 827 nam
748 774 992 837 lacunas,
1025 775 1077 827 in
1132 774 1391 844 Stephani
1427 788 1606 827 exem-

1731 786 1856 822 -am;
1895 766 1988 820 fol.
2023 766 2080 819 Β.
2114 766 2164 828 1,
2193 763 2280 817 10.
2326 762 2523 817 Statim
2568 760 2987 816 commendante
3012 758 3285 814 Goettlin-

87 868 196 936 plari
219 866 409 927 obvias,
437 879 678 933 persaepe
707 863 759 918 in
787 867 1100 935 apagrapbo
1134 865 1326 939 iisdem
1374 866 1615 934 explevit
1714 862 1820 926 gio,
1850 866 2184 929 praeoptare
2204 855 2551 920 charissima,
2574 854 2823 908 Emilium
2850 851 3169 917 Braunium,
3197 853 3281 905 iu-

89 952 252 1017 verbis,
294 966 406 1019 qua:
452 951 503 1004 in
558 952 691 1005 Cod.
758 952 1044 1021 Argeator.
1091 964 1309 1010 exstant
1368 969 1395 1007 a
1447 969 1607 1007 mauu
1710 952 1885 1006 stituti
1927 948 2318 1016 Archmalagici
2368 946 2510 1014 quod
2561 945 2747 999 Romae
2783 955 2865 998 est
2908 944 3282 1009 secretarium,

88 1044 246 1109 priuta.
284 1040 389 1095 Hoc
430 1054 610 1097 autem
657 1043 1030 1112 apagraphan,
1078 1044 1234 1114 cujus
1265 1044 1509 1099 diversas
1536 1045 1610 1098 le-
1712 1058 1809 1113 per
1829 1042 2111 1111 epistolam
2132 1037 2597 1105 adii,beuigneut
2620 1046 2840 1090 curaret
2868 1036 3015 1089 illum
3039 1035 3280 1089 codicem

90 1134 258 1186 ctiaues
286 1130 581 1201 Stephanus
607 1135 1023 1203 accuratiusque
1051 1136 1371 1207 Sylburgius
1399 1138 1609 1192 exscri-
1712 1131 2000 1201 diligenter
2048 1128 2456 1184 conferendum.
2491 1127 2852 1182 Doctissituus
2896 1128 3000 1193 vir,
3034 1125 3185 1193 cujus
3228 1126 3278 1178 iu

92 1233 290 1292 pserunt,
318 1224 583 1278 nescimus
629 1226 718 1280 ubi
765 1225 925 1280 hodie
978 1236 1312 1281 asservetur.
1356 1227 1608 1283 Forsitan
1714 1240 1798 1279 me
1822 1223 2070 1279 voluntas
2106 1221 2432 1275 celebranda
2466 1228 2569 1285 est,
2601 1234 2660 1274 se
2692 1218 2944 1273 rescribit
2978 1219 3281 1287 inspexisse

90 1316 309 1369 Glascavii
331 1315 469 1383 (vide
500 1316 663 1369 infra.
703 1333 758 1372 n.
793 1316 949 1386 XII)?
985 1317 1148 1373 Certe
1172 1318 1337 1373 etiam
1370 1319 1609 1387 Epistula
1712 1319 1916 1371 dictum
1950 1316 2218 1379 codicem,
2246 1322 2302 1367 at
2341 1326 2405 1367 ea
2436 1312 2705 1367 contineri
2751 1311 3124 1365 tantummodo
3151 1326 3278 1378 spu-

90 1410 141 1458 ad
178 1405 463 1475 Diognetum
517 1409 737 1463 nomine
787 1409 1052 1463 orationis
1106 1412 1494 1480 appellabatur,
1554 1412 1609 1468 id
1710 1412 1844 1465 riam
1883 1408 2172 1479 Epistulam
2224 1410 2293 1460 ad
2319 1403 2517 1460 Zenoni
2567 1413 2617 1459 et
2663 1402 2941 1459 Serenum.
2993 1403 3047 1457 In
3079 1402 3278 1456 biblio-

91 1500 198 1567 qnod
231 1513 289 1552 ex
331 1497 584 1569 Stephani
621 1498 782 1567 hujus
808 1502 967 1570 epist.
992 1503 1123 1557 edit.
1148 1520 1201 1574 p.
1238 1503 1340 1558 104
1361 1514 1606 1575 apparet.
1713 1498 1869 1552 theca
1901 1498 2156 1551 Vaticana
2183 1512 2240 1551 se
2272 1497 2537 1566 reperisse
2561 1496 2776 1564 quidem
2802 1494 3020 1548 codices
3041 1494 3280 1564 quinque

142 1590 207 1642 Ad
238 1589 504 1643 Bataviam
536 1594 679 1659 quad
711 1593 934 1660 attinet,
968 1595 1242 1651 invenitur
1710 1603 1869 1641 manu
1906 1598 2180 1651 exaratos,
2208 1602 2302 1641 eos
2326 1595 2505 1641 autem
2534 1586 2754 1639 minime
2777 1586 2841 1639 ad
2864 1588 3097 1656 genuina
3129 1602 3275 1639 mar-

144 1681 217 1733 Xl.
235 1682 394 1735 Codex
413 1682 703 1751 Leidensis,
722 1686 1070 1753 chartaceus,
1096 1687 1282 1744 forma:
1305 1691 1604 1758 quadrata},

1731 1683 1843 1751 yris
1871 1696 2035 1751 apcra
2069 1681 2359 1750 pertinere.
2391 1679 2518 1733 Sola
2546 1678 2874 1733 bibliotheca
2899 1678 3120 1748 Regina:
3142 1694 3281 1746 pra:-

92 1774 161 1840 qui
192 1773 302 1826 aliut
344 1788 504 1842 penes
545 1774 790 1832 lsaacutn
827 1778 1077 1834 Vassium
1107 1779 1209 1834 fuit
1241 1783 1331 1852 (iu
1362 1782 1599 1852 Anglia),

1731 1773 1823 1828 teri
1851 1775 2091 1849 codicem
2121 1782 2319 1826 mstum
2344 1772 2460 1842 (55,
2488 1770 2527 1829 τ.
2560 1772 2687 1835 252,
2720 1787 2771 1825 a.
2809 1774 2898 1835 t.),
2982 1770 3277 1822 Ἀποσπά-

95 1874 239 1931 posta
273 1879 391 1918 vero
420 1864 745 1937 Lugdunum
784 1871 1108 1927 Batavorum
1144 1842 1409 1940 pervenit.
1442 1842 1502 1928 lu
1531 1842 1600 1930 ea

1731 1842 1982 1933 πματαέν
2012 1863 2087 1932 τῇ
2119 1863 2441 1934 δογματικῇ
2480 1865 2785 1929 πανοπλίᾳ
2838 1861 3140 1928 Εὺθιιμίου
3172 1860 3279 1913 τοῦ

93 1973 185 2009 t'lttll
212 1958 422 2013 testibus
444 1959 725 2031 Catalogis
750 1945 1011 2017 librarum
1046 1979 1177 2019 mss.
1203 1965 1409 2033 Anglia:
1437 1966 1603 2021 etHi-

1731 1954 2035 2025 ζιγαϐηνοῦ
2088 1954 2566 2024 complectentem;
2621 1972 2683 2008 ea
2738 1970 2866 2007 vero
2916 1952 3096 2023 exigui
3156 1968 3279 2007 esse

96 2050 457 2118 bernite(0xon.
486 2052 643 2114 1697,
663 2052 760 2108 fol.
788 2066 919 2109 tam.
946 2056 1009 2120 ll,
1040 2071 1092 2125 p.
1113 2072 1149 2124 ι,
1176 2072 1230 2126 p.
1261 2056 1349 2124 60,
1369 2056 1601 2127 n.2205)

1731 2051 1991 2103 noutenti.

95 2142 249 2208 quibus
273 2143 587 2209 astipulatur
615 2144 906 2215 Catalogus
936 2146 1199 2201 libraruut
1233 2156 1341 2201 tam
1374 2148 1604 2216 impres-

94 2247 238 2286 surum
261 2248 412 2303 quam
453 2246 721 2291 mstarunt
754 2238 1099 2293 bibliothecm
1128 2239 1357 2310 publica:
1384 2241 1603 2294 univcr-

94 2324 227 2378 sitatis
247 2324 743 2393 Lugduno—Batava:
773 2329 988 2400 (Lugd.
1016 2335 1158 2401 apud
1189 2331 1404 2398 Butam,
1443 2332 1605 2398 1716,

96 2416 180 2481 τοι,
208 2432 254 2485 p.
280 2418 394 2480 ⁸596,
422 2436 476 2476 n.
501 2420 573 2474 50
600 2438 614 2485 ;
649 2422 779 2475 coll.
812 2422 977 2476 Bern.
1009 2423 1075 2477 de
1111 2423 1452 2479 Manti‘aucan
1472 2440 1487 2477 :
1510 2422 1608 2476 Bi-

94 2510 232 2564 bliollt.
257 2511 681 2566 bibliothecarum
727 2524 987 2568 mstorunt
1032 2532 1189 2582 που..
1236 2514 1413 2571 Paris.
1449 2516 1608 2581 1759,

96 2600 167 2655 iol.
199 2613 310 2657 tant.
342 2604 378 2669 I,
426 2621 480 2675 p.
514 2605 667 2675 676),
698 2606 936 2675 Epistula
980 2611 1048 2662 ad
1101 2607 1411 2678 Diognetum
1458 2610 1607 2675 insit,

95 2708 165 2759 per
181 2692 367 2749 litteras
384 2698 563 2764 rogavi
591 2698 1101 2766 prtestantissimum
1128 2700 1471 2755 bibliothecae
1496 2700 1610 2755 Lei-

98 2787 239 2842 densis
255 2789 836 2856 prtcfectumlacabum
865 2793 1134 2857 Geelium,
1167 2796 1350 2848 varias
1377 2794 1504 2847 tttilti
1536 2794 1611 2849 le-

96 2879 259 2934 ctiones
278 2896 339 2936 ex
365 2882 454 2937 illa
483 2885 678 2939 codice
717 2894 859 2938 msto
892 2897 1184 2956 excerptas
1225 2887 1487 2945 mitteret.
1518 2885 1615 2941 Vir

96 2970 406 3038 doctissimus,
438 2975 595 3044 cujus
625 2976 969 3044 praedicanda
998 2990 1085 3032 est
1105 2994 1233 3048 erga
1265 2994 1351 3033 nte
1380 2980 1613 3033 benevo-

99 3064 242 3128 lentia,
268 3064 395 3121 inter
421 3067 524 3121 alia
557 3070 873 3137 respondit:
906 3090 934 3138 ς,
957 3070 1254 3141 Diligenter
1272 3070 1611 3138 explorando

98 3160 284 3220 persuasi
313 3159 456 3224 tnihi,
484 3158 687 3215 Justini
734 3160 805 3215 Μ.
836 3160 1132 3231 Epistulam
1160 3164 1229 3216 ad
1272 3162 1608 3233 Diognetum,
1638 3190 1680 3247 ο

98 3261 218 3315 quam
244 3265 351 3305 cum
380 3254 558 3309 multis
602 3254 724 3307 aliis
764 3256 990 3325 scriptis
1017 3256 1265 3311 continet
1304 3258 1429 3311 cad.
1470 3256 1612 3311 Vas-

103 3338 210 3393 sian.
236 3341 296 3395 30
321 3343 508 3411 (Catal.
534 3362 592 3415 p.
617 3347 768 3418 596).
792 3350 966 3419 ipsum
995 3364 1115 3404 esse
1136 3350 1446 3419 exemplum
1470 3351 1611 3418 quod

103 3426 230 3483 llcnr.
257 3432 552 3504 Stephanus
591 3452 658 3491 ex
708 3440 894 3494 nescio
925 3455 1033 3509 quo
1076 3441 1267 3495 codice
1297 3440 1611 3511 descripsit,

99 3526 294 3593 quodque
318 3529 530 3584 editioni
578 3534 765 3598 prima:
806 3532 992 3603 “592)
1032 3534 1305 3589 inserviit.
1350 3534 1589 3603 Stephan

104 3628 251 3671 manus
264 3628 356 3686 est,
376 3622 473 3675 nisi
494 3622 844 3677 vehementer
868 3622 1059 3689 fallar;
1090 3627 1141 3679 itt
1164 3626 1410 3695 margine
1438 3623 1610 3679 ascri-

102 3714 176 3770 ιιιςε
204 3720 309 3764 sunt
348 3715 543 3769 etcdem
589 3717 939 3785 conjectura,
971 3733 1107 3787 quas
1156 3717 1494 3787 Stephanum
1527 3716 1609 3771 fe-

102 3796 209 3852 cisse
228 3805 537 3862 recentiores
560 3807 764 3863 Jnstini
804 3809 1044 3868 editores
1084 3817 1358 3863 testantur
1392 3808 1604 3878 (ipsam

101 3887 209 3942 cnim
249 3894 520 3952 editionem
579 3912 633 3953 a.
671 3899 810 3954 1592
852 3899 918 3952 ad
953 3914 1171 3954 manum
1217 3914 1324 3954 nan
1373 3900 1605 3970 habeo);

103 3982 209 4045 quod
234 3997 396 4042 autem
424 4006 534 4044 rem
569 3993 825 4047 coniicit:
857 3993 909 4046 in
950 3994 1136 4049 codice
1164 4003 1283 4064 post
1312 3992 1606 4064 Epistulam

102 4071 151 4120 rd
178 4071 444 4144 Diognetum
467 4083 720 4151 sequitur
750 4082 1065 4137 Adliortatio
1089 4084 1158 4137 ad
1190 4080 1420 4147 Graecos,
1441 4100 1603 4154 quam

104 4161 353 4231 Stephanus
393 4188 493 4234 una
536 4188 662 4228 cum
709 4174 811 4244 Ep.
841 4176 911 4227 ad
949 4174 1142 4245 Diogn.
1167 4176 1459 4243 separatim
1490 4175 1606 4229 vul-

104 4261 229 4322 gavit.
251 4262 431 4320 Partim
457 4268 663 4323 contuli
696 4285 819 4325 cunt
858 4271 994 4326 edit.
1029 4269 1205 4325 Paris.
1238 4270 1395 4324 1742.
1418 4270 1603 4325 -Νἱ-

106 4348 157 4401 hil
176 4354 487 4415 discriminis.
533 4363 719 4432 Itaque
771 4378 876 4418 non
907 4366 1087 4428 video,
1128 4365 1258 4433 quid
1293 4364 1387 4420 tibi
1414 4364 1604 4434 scripti

104 4448 285 4515 exempli
309 4451 567 4523 inspectio
599 4457 855 4526 prodesse
882 4457 1108 4525 possit.)
1709 4448 1754 4485 “
1777 4448 1907 4467 ""°'
1945 4448 2273 4526 "“"_"”_'_"
2310 4448 2396 4526 j"
2435 4448 2517 4523 ’ξ’
2566 4508 2609 4526 .7
2674 4509 2688 4526 _
2714 4508 2803 4526 Ἤ,

158 4536 203 4590 In
224 4507 403 4614 Anglia.
428 4507 1435 4617 quicqure—ad'J—ustirtiumadiuvandum
1467 4550 1601 4606 nihil
1634 4535 1681 4592 Ῑ)
1968 4522 2147 4617 aed“:
2167 4606 2177 4617 ,
2200 4512 2508 4617 "“"f“’,"’.“
2522 4507 3269 4617 "iA'Lbililiouiccnmnﬁaﬁ'

107 4638 183 4682 est.
206 4597 1601 4715 Exsistﬁqitide'titvp—ratle—t:
1710 4618 1763 4715 ίξ
1797 4613 2077 4715 (διεξιέηξὶε
2115 4600 2473 4715 Aleicaudrin'i.
2513 4598 3064 4715 Hporpencmdi...2°
3095 4597 3274 4715 fjf‘s-

111 4737 217 4781 nunt.
247 4689 363 4799 VL)-
406 4689 616 4711 rw-"-
647 4689 832 4714 rmm
874 4689 1006 4700 ww
1041 4689 1273 4701 vuum"
1303 4689 1410 4713 PF"
1436 4689 1601 4715 "ru
1712 4710 1829 4763 dent
1886 4696 2262 4770 Παιδαγωγός
2292 4709 2375 4799 “et
2425 4696 2683 4767 Hymnus,
2717 4694 2857 4799 ut’iu
2882 4689 3273 4799 editis-2&1.»

1710 4800 1837 4855 stini
1864 4800 1934 4851 ad
1961 4794 2179 4849 lenam.
2204 4793 2259 4845 4°
2284 4790 2537 4859 Ejusdem
2565 4800 2749 4842 contra
2778 4785 3012 4840 Graecos.
3041 4785 3095 4840 5°
3122 4785 3273 4837 Allie-

1710 4906 1923 4962 nogorw
1968 4885 2202 4956 Legatio.
2252 4885 2310 4938 ϐο
2336 4883 2546 4937 Tatiani
2594 4881 2800 4935 Oratio.
2845 4879 2901 4931 7ο
2924 4878 3002 4932 De
3031 4876 3267 4947 Sibyllis.

1709 4986 1888 5041 Codex
1919 4992 2090 5036 mstus
2110 4978 2549 5049 elegantissimus
2571 4974 2764 5029 decimi
2789 4970 2969 5027 saaculi
3003 4971 3272 5025 membra-

1709 5090 1929 5138 naceus,
1958 5074 2043 5127 cui
2070 5069 2484 5127 consimillimus
2522 5076 2606 5121 est
2644 5065 2813 5120 codex
2859 5065 2910 5116 in
2942 5061 3267 5117 bibliotheca

1711 5166 1875 5237 Regia
1925 5163 2216 5219 Parisiensi
2268 5174 2494 5215 numero
2534 5157 2632 5212 451
2695 5156 3010 5225 insignitus,
3048 5162 3270 5207 auctore

1709 5255 2143 5318 Mantet‘alcauia,
2178 5254 2216 5305 I.
2248 5268 2322 5315 c.,
2349 5268 2401 5322 p.
2430 5250 2518 5303 51.

1779 2186 1913 2241 Tres
1936 2187 2160 2240 amnina
2190 2186 2241 2240 in
2271 2185 2424 2240 Italia
2455 2183 2571 2237 veri
2594 2182 2795 2237 Justiui
2825 2192 3043 2238 exstant
3063 2182 3280 2237 codices

1708 2278 1834 2332 msti
1878 2276 2027 2346 iique
2073 2275 2289 2331 nonnisi
2340 2276 2405 2329 ad
2453 2271 2879 2328 Cultortationem
2912 2272 3274 2341 pertinentes,

1706 2384 1939 2437 quorum
1952 2378 2133 2422 tamen
2158 2367 2423 2423 lectiones
2439 2376 2532 2419 aut
2552 2364 2960 2420 emendationes
2980 2365 3108 2419 inde
3136 2364 3278 2419 forte

1711 2460 2040 2531 colligendas
2066 2473 2345 2513 arcessere
2377 2456 2614 2511 nondmu
2648 2455 2825 2509 licuit.
2858 2454 3166 2509 Sunteuitu

1782 2570 2113 2626 Xlll.Codex
2145 2568 2488 2623 Florentium
2513 2564 2727 2629 XXXII,
2760 2582 2815 2620 n.
2854 2565 2947 2630 IX,
2977 2565 3114 2635 plut.
3138 2565 3201 2629 Χ,
3223 2566 3275 2621 itt

1713 2665 2046 2718 Bibliotheca
2081 2660 2451 2716 Laurentiana
2492 2658 2775 2739 ‘Medicea:
2808 2655 2991 2710 Sermo
3031 2656 3279 2711 exhorta-

1712 2755 1877 2809 torias
1912 2757 1980 2807 ad
2005 2752 2240 2823 gentiles.
2287 2750 2400 2807 Cir.
2446 2751 2584 2818 Aug.
2625 2748 2761 2802 Mar.
2805 2747 3136 2803 Baudinius:
3167 2747 3274 2802 σα-

1715 2850 1815 2903 tol.
1869 2847 2038 2901 Codd.
2086 2862 2213 2899 mss.
2264 2845 2592 2897 bibliothecis
2649 2840 2795 2895 Med.
2841 2839 3094 2894 Laurent.
3131 2840 3275 2894 varia

1715 2938 1996 2995 continens
2018 2952 2205 3006 opera,
2235 2943 2365 2989 tam.
2392 2933 2411 2986 Ι
2434 2934 2452 3001 (
2472 2932 2712 2987 Floreat.
2742 2930 2899 2996 1764,
2931 2930 3051 3000 101.)
3076 2947 3127 2999 p.
3149 2930 3274 2985 496.

1783 3030 1923 3084 XIV.
1957 3029 2136 3083 Codex
2179 3024 2525 3079 Bononiensis
2573 3024 2627 3077 in
2676 3021 3005 3076 bibliotheca
3046 3021 3277 3075 Canoni-

1717 3139 1904 3181 carunt
1934 3120 2257 3191 regularimn
2305 3118 2363 3172 S.
2399 3115 2704 3186 Augustini,
2741 3129 2848 3185 qua
2891 3116 3275 3196 continentur:

1716 3221 1771 3272 1ο
1796 3219 2140 3285 Athenagora:
2169 3210 2404 3280 Legatio.
2433 3208 2493 3262 2°
2512 3207 2762 3276 Ejusdem
2790 3207 2853 3259 de
2896 3206 3279 3260 resurrectione

1712 3322 2009 3373 corporum.
2045 3305 2100 3358 5°
2128 3302 2327 3356 Justini
2362 3297 2609 3369 martyris
2657 3296 2874 3350 moralis
2905 3296 3110 3349 oratio:
3138 3296 3280 3364 Περὶ

1705 3400 1822 3471 μὲν
1870 3397 1979 3466 τῆς
2025 3396 2174 3449 κατὰ
2221 3390 2530 3462 πρόϐλημά
2576 3406 2753 3441 τινων
2783 3389 3131 3456 ἀλογίστου,
3164 3400 3273 3441 etc.

1712 3506 1805 3562 (:
1827 3490 2066 3559 Epistula
2095 3489 2162 3541 ad
2209 3484 2404 3539 Zenam
2435 3494 2482 3536 et
2523 3480 2757 3547 Seren.).
2794 3480 2850 3533 4ο
2876 3480 3127 3549 Ejusdem
3164 3478 3275 3533 Pa-

1711 3583 1926 3639 rwnesis
1955 3582 2023 3634 ad
2053 3578 2286 3634 (ἐνίει-οε.
2304 3576 2359 3630 5°
2392 3573 2644 3644 Ejusdem
2675 3572 2739 3624 de
2763 3581 2899 3624 recta
2925 3572 3048 3638 ﬁde.
3073 3574 3129 3625 6°
3156 3571 3277 3625 Ori-

1708 3674 1853 3745 genis
1880 3668 2119 3747 Epistula
2149 3668 2216 3721 ad
2240 3666 2574 3734 Africanum.
2603 3660 2659 3713 7°
2676 3658 2964 3714 Cleomedis
2983 3661 3277 3731 κυκλικῆς

1710 3764 1955 3832 θεωρίας
1982 3757 2309 3830 μετεώρων.
2335 3755 2389 3810 8°
2415 3753 2597 3809 Heron
2635 3753 2701 3809 de
2732 3755 2992 3808 machinis
3041 3754 3237 3807 bellicis
3256 3768 3274 3804 :

1708 3871 2026 3911 amanuense
2084 3850 2359 3903 Valeriano
2405 3847 2805 3900 Albiuo.Codex
2853 3844 3091 3901 melioris
3132 3856 3274 3899 natae

1708 3951 1925 4003 videtur
1954 3959 2095 3999 esse.
2140 3941 2256 3997 Cir.
2290 3938 2488 3994 Jaanu.
2522 3937 2805 3991 Mabillan:
2837 3940 3071 3994 Museum
3121 3935 3277 3989 Itali-

1706 4057 1845 4105 cunt,
1877 4055 1969 4093 seu
1993 4035 2230 4091 collectio
2277 4042 2400 4087 vett.
2437 4031 2617 4097 script.
2649 4044 2714 4081 ea:
2753 4030 3042 4085 bibliothec.
3070 4027 3272 4081 Italicis

1710 4143 1838 4188 tam.
1878 4128 1921 4197 1,
1965 4144 2018 4199 p.
2050 4144 2088 4182 ι.
2134 4128 2351 4195 (Lutet.
2401 4123 2529 4179 Par.
2580 4121 2750 4189 i687,
2776 4122 2933 4189 4).p.
2977 4118 3109 4183 196;
3144 4119 3270 4173 add.

1704 4224 1870 4281 Bern.
1891 4225 1959 4278 de
1980 4220 2324 4277 Montl'aueau
2349 4235 2362 4271 :
2402 4215 2643 4269 Diarium
2676 4212 2946 4276 Italicum,
2970 4214 3072 4265 sive
3095 4228 3275 4264 monu-

1705 4330 1886 4375 ntentt.
1916 4326 2033 4372 vett.
2073 4314 2523 4373 bibliothecarum,
2556 4322 2874 4371 muscarum,
2913 4316 3044 4369 ctc.,
3072 4305 3273 4359 notitia:

1709 4414 1907 4485 (Paris.
1938 4409 2098 4470 ΠΜ,
2117 4408 2197 4475 4),
2222 4421 2273 4475 p.
2300 4402 2403 4457 407
2434 4416 2518 4468 sq.

162 4813 251 4878 Xll.
272 4822 433 4878 Codex
454 4824 866 4895 Glasooeiensis,
905 4829 1385 4893 membranaceus,
1418 4825 1607 4882 formae

111 4917 348 4985 «tuadi-atat,
375 4928 428 4975 et
456 4938 599 4977 anno
638 4922 777 4977 1455
803 4931 1082 4985 exaratos,
1116 4921 1208 4990 qui
1244 4927 1383 4973 teste
1410 4915 1605 4972 Hume-

113 5000 237 5076 ἰίί)(¹ο
257 5026 322 5075 0-,
348 5028 398 5081 ι).
429 5015 530 5069 790
554 5016 595 5085 ),
624 5013 827 5070 Justini
870 5012 1149 5068 Orationes
1188 5011 1463 5075 continet,
1510 5008 1605 5063 sed

112 5107 204 5148 cum
224 5105 444 5159 nuntium
470 5106 537 5161 de
561 5121 625 5161 ea
647 5106 824 5161 adhuc
844 5105 1151 5175 acceperim
1177 5103 1401 5165 nullum,
1419 5101 1606 5156 nescio

116 5192 329 5261 equidem,
364 5213 604 5267 quamam
654 5199 849 5254 Justini
884 5201 1086 5268 scripta
1128 5212 1257 5253 vace
1292 5194 1604 5251 Orationunt

118 5280 442 5348 Signiﬁcenmr.
471 5292 631 5345 Certe
675 5292 727 5345 in
775 5292 1055 5346 codicibus
1086 5288 1244 5343 mstis
1276 5287 1438 5342 etiam
1472 5285 1604 5355 Epi-

120 5374 216 5429 stula
246 5382 304 5433 ad
334 5381 522 5438 leuant
552 5396 600 5439 et
646 5384 903 5440 Serenum
941 5382 1219 5440 Orationis
1250 5379 1469 5437 nomine
1505 5394 1605 5447 ap-
1785 5373 1860 5426 De
1907 5369 2188 5425 codicibus
2230 5367 2463 5436 denique
2510 5366 2666 5419 mstis
2705 5362 2769 5417 ad
2800 5360 3158 5430 fragmentum
3194 5358 3272 5411 De

120 5465 314 5528 Wilatur.
1710 5465 2111 5527 resurrectione,
2146 5471 2201 5515 et
2230 5462 2295 5514 ad
2318 5460 2451 5513 Acta
2482 5455 2724 5525 martyrii
2767 5450 2963 5507 Justini
2996 5448 3277 5516 pertinen-

168 5555 229 5614 ει
264 5562 395 5620 Italia
440 5569 638 5639 aliquid
675 5569 907 5640 praesidii
938 5566 1344 5637 exspectabam.
1387 5562 1604 5618 Etenim
1713 5557 1858 5612 tibus
1920 5557 2084 5612 adeas
2125 5567 2288 5624 supra
2337 5567 2392 5622 p.
2418 5565 2577 5613 xxnt,
2602 5550 2621 5615 (
2647 5544 2751 5602 cal.
2783 5542 2932 5609 2l2.)
2973 5555 3089 5611 seq.
3122 5555 3151 5594 a
3188 5554 3275 5596 me

120 5663 315 5722 mgnum
358 5662 484 5716 mihi
530 5679 676 5734 spem
714 5658 1365 5733 injiciebatFriedericus
1391 5654 1602 5719 Blume,
1704 5648 1976 5718 exposita.

171 5838 260 5902 (l7)
305 5842 372 5899 De
420 5849 629 5914 egregia
710 5848 810 5904 hac
880 5846 1213 5905 bibliotheca
1260 5840 1461 5899 vidcsis
1515 5837 1607 5894 Fr.
1640 5835 1863 5892 Blumc:
1896 5831 2007 5893 Iter
2035 5829 2302 5893 Italicum,
2343 5835 2474 5883 tam.
2512 5821 2596 5890 lll,
2635 5835 2687 5892 p.
2728 5817 2829 5873 ﬁ?
2856 5831 2971 5887 sqq.
