3764 6548
414 434 516 493 251

1420 428 1481 487 S.
1515 424 1789 487 JUSTlNl
1819 416 2229 480 PHILOSOPHI
2263 416 2350 473 ET
2384 408 2744 470 MARTYBIS

3604 392 3698 449 253

417 565 567 604 mum
596 548 769 606 Deum
798 548 856 605 in
889 548 1051 620 ignea
1088 546 1398 605 substantia
1443 562 1565 605 esse
1597 547 1750 603 dicit.
1778 545 1986 599 Aristo-

2169 536 2365 610 ρακὼς,
2389 534 2478 588 τὸν
2503 531 2763 586 ἀνωτάτω
2790 526 2923 582 Θεὸν
2945 527 3003 580 ἐν
3026 525 3095 595 τῇ
3119 522 3358 596 πυρώδει
3388 516 3581 620 οὐσίᾳ.
3591 513 3694 620 ρι)
3738 512 3739 515 “

419 639 555 695 teles
582 648 763 695 autem
792 639 847 696 in
891 641 1056 707 libro,
1086 654 1247 710 quem
1281 640 1501 709 scripsit
1532 640 1598 693 ad
1626 635 1991 693 Alexandrum

420 729 807 797 Macedonem,
846 731 1069 787 brevem
1125 729 1423 800 quamdam
1475 726 1839 798 philosophiae
1881 739 1992 780 sua:

421 820 686 875 rationem
720 835 1020 890 exponens,
1049 819 1198 875 clare
1225 829 1281 873 et
1306 826 1491 890 aperte
1522 819 1767 873 Platonis
1797 818 1996 873 evertit

421 911 774 976 sententiam,
818 925 882 966 ac
920 912 1088 965 Deum
1122 911 1175 964 in
1207 912 1362 980 ignea
1392 909 1696 964 substantia
1740 920 1861 963 esse
1898 920 1996 960 ne-

424 1010 545 1073 gat;
576 1002 669 1058 sed
706 1002 957 1073 quintum
998 1002 1269 1073 quoddam
1318 1003 1611 1057 aethereum
1641 1011 1697 1058 et
1736 1002 1994 1056 immuta-

423 1093 532 1149 bile
557 1093 817 1165 eﬂingeus
851 1109 1075 1163 corpus,
1110 1093 1165 1148 in
1195 1107 1261 1148 eo
1290 1093 1466 1163 ipsum
1509 1093 1719 1148 versari
1751 1107 1995 1162 pronun-

424 1184 544 1238 tiat.
574 1184 668 1239 Sic
701 1185 900 1253 quippe
945 1183 1177 1239 scribit:
1217 1181 1340 1238 Non
1383 1193 1438 1237 ut
1482 1183 1699 1255 quidam
1731 1182 1877 1237 circa
1915 1197 1996 1236 res

423 1275 629 1331 diuinas
669 1275 983 1329 hallucinati
1028 1274 1200 1330 Deum
1242 1275 1298 1329 in
1343 1275 1500 1345 ignea
1544 1274 1840 1329 substantia
1886 1288 1998 1328 esse

424 1366 631 1422 dicunt.
682 1366 883 1422 Deinde
924 1366 1083 1436 quasi
1124 1366 1230 1421 hoc
1278 1365 1335 1419 in
1385 1364 1665 1420 Platonem
1710 1364 1998 1420 maledicto

426 1474 618 1531 parum
649 1467 933 1515 contentus
959 1467 1136 1525 esset;
1178 1457 1330 1512 illum
1372 1457 1537 1512 etiam
1568 1460 1637 1511 ab
1676 1470 1741 1511 eo
1764 1455 1995 1525 ejectum

424 1551 664 1614 civitate,
697 1561 756 1605 ut
795 1551 1113 1606 mendacem
1157 1558 1213 1605 et
1256 1550 1469 1605 tertium
1514 1550 1762 1605 veritatis
1810 1549 1999 1619 imagi-

427 1658 556 1715 num
602 1642 701 1715 (ita
730 1643 874 1697 enim
904 1624 1139 1711 appellat
1178 1640 1404 1710 PlatoJ)
1438 1640 1768 1695 imitatorem
1799 1641 1998 1699 Home-

427 1713 570 1797 t‘um,
601 1713 665 1787 ad
691 1745 776 1799 ea,
813 1732 912 1801 ιι
938 1745 1060 1800 quae
1091 1731 1158 1785 de
1183 1744 1413 1800 corpore
1449 1730 1687 1785 aethereo
1721 1728 1872 1792 dicit,
1902 1727 1999 1781 de-

2094 626 2233 684 εἶναι
2266 628 2445 695 λέγει·
2493 620 2871 696 Ἀριστοτέλης
2911 619 3003 683 δὲ,
3040 620 3099 670 ἐν
3134 616 3212 687 τῷ
3247 614 3392 689 πρὸς
3449 611 3696 677 Ἀλέξαν-

2093 722 2217 793 δρον
2249 719 2338 772 τὸν
2382 715 2669 770 Μακεδόνα
2699 714 2841 782 λόγῳ
2884 709 3148 781 σύντομόν
3188 726 3307 762 τινα
3346 708 3464 779 τῆς
3510 703 3695 760 ἑαυτοῦ

2096 810 2412 884 φιλοσοφίας
2464 807 2812 878 ἐκτιθέμενος
2865 808 3008 877 ὅρον,
3058 802 3243 872 σαφῶς
3289 801 3389 855 καὶ
3444 798 3697 868 φανερῶς

2094 905 2192 977 τὴν
2225 904 2511 966 Πλάτωνος
2543 902 2757 972 ἀναιρεῖ
2783 888 2959 964 δδξαν,
2987 897 3087 950 οὑκ
3123 898 3182 948 ἐν
3220 897 3287 965 τῇ
3317 891 3589 963 πυρώδει
3619 889 3699 943 οὖ-

2097 997 2190 1069 σίᾳ
2216 996 2305 1050 τὸν
2325 994 2458 1048 Θεὸν
2491 989 2632 1046 εἶναι
2668 991 2843 1059 λέγων
2862 1007 2874 1020 ·
2911 988 3046 1045 ἀλλὰ
3076 988 3324 1058 πέμπτον
3358 983 3629 1055 αἰθέριόν
3654 1000 3697 1036 τι

2095 1086 2192 1141 καί¹
2214 1084 2590 1157 ἀμετάϐλητον
2626 1080 2979 1137 ἀναπλάττων
3010 1076 3190 1148 σῶμα,
3228 1077 3287 1128 ἐν
3312 1073 3511 1143 τούτῳ
3547 1070 3699 1125 αὐτὸν

2097 1173 2233 1231 εἷναί
2265 1194 2416 1248 φησι.
2451 1176 2701 1247 Γέγραφε
2730 1172 2860 1242 γοῦν
2891 1170 3061 1234 οὕτως
3081 1186 3095 1200 ο
3124 1171 3248 1238 Οὐχ
3276 1168 3359 1233 ὡς
3391 1168 3563 1221 ἔνιοι
3595 1164 3699 1217 τῶν

2097 1269 2230 1337 περί
2265 1269 2330 1324 τὸ
2381 1265 2551 1321 Θεῖον
2602 1262 3133 1332 πλημμελούντων,
3185 1259 3256 1311 ἐν·
3296 1256 3375 1326 τῇ
3432 1255 3699 1324 πυρώδει

2097 1363 2278 1430 οὐσίᾳ
2324 1361 2433 1415 τὸν
2477 1358 2625 1414 Θεὸν
2681 1354 2836 1412 εἷναί
2881 1371 3089 1424 φασιν.
3135 1350 3304 1418 Εἶτα,
3353 1353 3571 1421 ὥσπερ
3634 1350 3699 1421 μὴ

2096 1453 2436 1528 ἀρκούμενος
2468 1452 2561 1506 ἐπὶ
2584 1448 2827 1522 τῇᾴκατά
2876 1447 3161 1510 Πλάτωνος
3206 1444 3576 1516 βλασφημίᾳ,
3614 1442 3700 1496 καί

2097 1552 2188 1606 τὸν
2214 1551 2304 1604 ὑπ’
2338 1547 2501 1603 αὐτοῦ
2536 1548 2635 1619 τῆς
2673 1548 2947 1610 πολιτείας
2974 1544 3307 1616 ἐκϐληθέντα
3336 1545 3421 1606 ὡς
3449 1542 3702 1613 ψεύστην

2097 1643 2194 1696 καὶ
2225 1641 2406 1714 τρίτον
2448 1639 2554 1694 τῶν
2578 1640 2686 1693 ἀπὸ
2712 1640 2813 1710 τῆς
2844 1637 3100 1716 ἀληθείας
3127 1635 3389 1699 εἰδώλων,
3419 1634 3508 1698 ὡς
3543 1633 3703 1697 αὐτὸς

2095 1732 2224 1805 ἔφη,
2266 1731 2507 1804 μιμητὴν
2533 1732 2662 1786 ὄντα
2695 1732 2941 1802 ’Όμηρον
2975 1728 3109 1799 (75),
3141 1729 3221 1791 εἰς
3265 1727 3565 1790 ἀπόδειξιν
3599 1725 3701 1779 τῶν

426 1822 779 1877 monstranda
820 1829 1015 1876 teStem
1042 1820 1289 1876 advocat.
1315 1819 1519 1876 Scribit
1544 1819 1687 1875 enim
1710 1838 1725 1875 :
1753 1819 1998 1908 Adit-2.113

2169 1826 2192 1879 τ’
2235 1824 2401 1880 αὑτοῦ
2456 1825 2587 1897 περὶ
2641 1822 2735 1879 τοῦ
2784 1822 3026 1895 αἰθερίου
3078 1821 3331 1892 σώματος
3375 1819 3702 1908 λεγομένων

425 1927 550 1983 ergo
583 1913 795 1968 modum
820 1919 873 1967 et
903 1911 1167 1967 Homerus
1194 1912 1309 1966 ait:

427 2111 645 2192 Jupiter
680 2118 903 2175 sortitus
944 2128 1021 2174 est
1062 2118 1231 2175 latum
1271 2122 1460 2176 cretum
1506 2122 1563 2179 in
1603 2121 1866 2265 athefgft
1896 2138 2003 2176 nu-

1788 2210 1804 2247 ι
1847 2209 1929 2247 us.

426 2277 485 2334 In
513 2293 624 2349 quo
653 2281 869 2349 quidem
898 2296 965 2337 ex
999 2282 1221 2339 Homeri
1261 2283 1569 2342 testimonio
1619 2286 2001 2341 auctoritatem

426 2373 676 2441 opinioni
709 2389 821 2430 sua:
850 2391 1135 2435 arcessere
1180 2386 1442 2446 conatur;
1471 2380 1565 2434 sed
1598 2396 1705 2434 non
1745 2380 1915 2447 videt,
1955 2379 2000 2435 si

425 2464 686 2532 Homero,
717 2475 777 2521 ut
807 2482 996 2523 verum
1030 2484 1059 2522 a
1094 2483 1154 2524 se
1182 2470 1289 2525 dici
1322 2471 1678 2537 demonstret,
1715 2478 1853 2527 teste
1883 2480 2005 2525 uta-

433 2565 548 2625 tur,
594 2557 839 2614 futurum
870 2572 930 2615 ut
960 2561 1145 2617 multa:
1193 2562 1364 2631 ipsius
1400 2564 1687 2634 opiniones
1720 2578 1829 2619 non
1855 2574 2005 2638 verae

426 2666 551 2708 esse
590 2652 900 2709 videantur.
930 2654 1135 2711 Thales
1186 2656 1331 2710 enim
1364 2657 1639 2724 Milesius,
1673 2657 1765 2732 qui
1797 2657 2006 2726 primus

428 2743 571 2815 apud
604 2758 701 2800 eos
732 2745 1107 2816 philosophari
1155 2748 1319 2817 cmpit
1344 2788 1360 2813 ,
1400 2764 1535 2804 ansa
1566 2749 1633 2804 ab
1660 2764 1724 2805 eo
1755 2759 2002 2820 accepta,

428 2836 643 2911 primas
674 2837 792 2908 ejus
825 2837 894 2894 de
927 2838 1217 2909 principiis
1262 2842 1552 2913 opiniones
1595 2848 1825 2897 evertet.
1868 2839 2005 2895 Nam

429 2946 557 2987 cum
593 2931 920 2989 Aristoteles
951 2933 1119 2988 Deum
1160 2943 1217 2988 et
1252 2933 1539 2988 materiam
1577 2934 1822 2989 omnium
1858 2933 2008 3004 prin-

428 3025 572 3095 cipia
604 3039 728 3081 esse
762 3026 942 3091 dicat,
990 3024 1405 3095 antiquissimus
1439 3026 1685 3081 omnium
1717 3027 1859 3097 apud
1910 3039 2007 3083 eos

427 3117 886 3197 philosophorum
942 3118 1143 3174 Thales
1189 3118 1518 3200 principium
1576 3134 1758 3174 rerum
1807 3132 2005 3188 aqttam

430 3210 751 3276 constituit;
800 3225 867 3266 ex
896 3225 1035 3280 aqua
1084 3210 1229 3267 enim
1278 3212 1461 3266 omnia
1497 3212 1614 3267 fieri
1644 3212 1820 3275 dicit,
1855 3220 1911 3269 et
1952 3212 2004 3267 in

430 3318 629 3374 aquam
661 3304 844 3359 omnia
870 3303 1092 3359 resolvi.
1125 3303 1337 3374 Duplici
1368 3313 1549 3359 autem
1574 3304 1885 3375 conjectura
1912 3305 2009 3360 du-

432 3396 614 3461 citur:
649 3396 848 3467 prima,
881 3397 1024 3466 quod
1052 3396 1380 3464 principium
1406 3396 1651 3457 omnium
1685 3396 2009 3451 animalium

431 3504 641 3554 semen,
665 3489 943 3544 humidum
964 3489 1062 3559 sit;
1088 3489 1283 3554 altera,
1304 3491 1448 3565 quod
1471 3489 1674 3568 plantae
1695 3504 1885 3545 omnes
1909 3490 2035 3563 bu-V

1826 1898 1989 1908 ’Μ’
2022 1904 2072 1966 Β
2100 1916 2255 1971 καλεῖ
2325 1916 2607 1989 μάρτυρα·
2664 1915 2908 1987 γέγραφε
2961 1909 3103 1982 γάρ’
3157 1909 3322 1971 Οὕτω
3391 1908 3561 1979 γοῦν
3605 1905 3699 1960 καί

2105 2011 2362 2081 Ὅμηρος
2392 2009 2541 2079 ἔφη’

2102 2146 2253 2214 Ζεὺς
2284 2144 2336 2199 δ’
2368 2142 2537 2214 ἔλαχ’
2566 2138 2827 2211 οὐρανὸν
2855 2138 3039 2209 εὐρὺν
3063 2137 3135 2193 ἐν
3162 2136 3349 2207 αἰθέρι

3584 2223 3693 2257 ι...

2105 2307 2422 2382 βουλόμενος
2467 2307 2532 2360 ἐκ
2576 2305 2675 2376 τῆς
2727 2303 2966 2374 Ὀμήρου
3017 2300 3321 2373 μαρτυρίας
3369 2298 3699 2364 ἀξιόπιστον

2103 2399 2201 2470 τὴν
2231 2397 2426 2452 ἐαυτοῦ
2471 2395 2743 2450 δεικνύναι
2784 2394 2973 2460 δόξαν·
3007 2390 3217 2461 ἀγνοῶν
3245 2390 3329 2444 ὅτι
3365 2391 3421 2443 εἰ
3467 2391 3698 2460 Ὁμήρῳ

2104 2490 2242 2563 πρὸς
2256 2488 2523 2555 ἀπόδειξιν
2539 2485 2633 2541 τοῦ
2649 2486 2820 2559 ἀληθῆ
2837 2486 3027 2539 ἐαυτὸν
3042 2485 3221 2553 λέγειν
3234 2484 3415 2556 μάρτυ
3426 2501 3483 2555 ρι
3501 2484 3695 2554 χρῷττ,

2105 2580 2275 2635 πολλά
2300 2580 2405 2635 τῶν
2428 2580 2579 2651 αὐτῴ
2597 2579 2863 2645 δοξάντων
2882 2580 2983 2633 οὐκ
3005 2578 3177 2649 ἀληθῆ
3203 2577 3517 2648 φανήσεται
3549 2574 3693 2628 ὄντα.

2106 2674 2287 2745 Θαλῆς
2320 2672 2431 2746 γάρ
2472 2676 2501 2728 ὁ
2542 2673 2808 2745 Μιλήσιος
2848 2673 2878 2725 ὁ
2921 2671 3135 2744 πρῶτος
3180 2672 3312 2743 παρ’
3353 2670 3557 2730 αὐτοῖς
3606 2669 3695 2736 τῆς

2107 2766 2424 2837 φιλοσοφίας
2471 2765 2676 2838 ἄρξας,
2726 2766 2823 2837 τὴν
2887 2764 3158 2837 πρόφασιν
3210 2764 3341 2835 παρ’
3374 2760 3559 2815 αὐτοῦ
3596 2761 3696 2830 (76)

2106 2856 2305 2923 λαϐὼν,
2328 2857 2426 2922 τάς
2447 2858 2671 2930 πρώτας
2689 2855 2854 2911 αὑτοῦ
2875 2856 3003 2929 περί
3029 2856 3213 2929 ἀρχῶν
3232 2855 3395 2926 ἀθετή
3408 2870 3497 2907 σει
3524 2853 3693 2918 δόξας.

2106 2949 2281 3004 Αὐτοῦ
2314 2948 2423 3021 γὰρ
2467 2948 2872 3021 Ἀριστοτέλους
2897 2948 3029 3002 Θεὸν
3060 2948 3153 3002 καὶ
3186 2946 3319 3017 ὕλην
3346 2945 3538 3017 ἀρχὰς
3569 2940 3699 2997 εἶναι

2107 3040 2216 3095 τῶν
2244 3038 2462 3093 πάντων
2495 3039 2780 3113 εἰρηκότος
2800 3079 2815 3104 ,
2844 3041 2871 3093 ὁ
2905 3038 3279 3111 πρεσϐύτατος
3302 3037 3413 3091 τῶν
3448 3038 3583 3091 κατ’
3611 3036 3699 3089 αύο

2108 3130 2235 3194 τοὺς
2282 3129 2535 3183 ἀπάντων
2590 3128 2770 3199 Θαλῆς
2802 3128 2977 3199 ἀρχὴν
3018 3126 3126 3181 τῶν
3166 3128 3333 3181 ὄντων
3376 3126 3535 3198 ὕδωρ
3570 3123 3698 3179 εῖναι

2109 3219 2291 3288 λέγει·
2330 3219 2388 3286 ἐξ
2420 3217 2611 3282 ὓδατος
2638 3218 2747 3291 γάρ
2779 3236 2912 3291 φησι
2956 3217 3024 3272 τά
3056 3217 3233 3272 πάντα
3270 3213 3406 3272 εἶναι
3431 3258 3450 3281 ,
3491 3218 3595 3271 καὶ
3628 3218 3700 3279 εἰς

2112 3309 2255 3380 ὕδωρ
2283 3309 2608 3363 ἀναλύεσθαι
2650 3310 2718 3362 τὰ
2760 3310 2953 3363 πάντα.
2997 3310 3322 3381 Στοχάξεται
3362 3309 3425 3363 δέ
3485 3309 3698 3381 πρῶτον

2114 3398 2235 3471 μὲν,
2268 3399 2377 3454 ἀπὸ
2392 3399 2506 3466 τοῦ,
2526 3398 2745 3454 πάντων
2783 3400 2892 3455 τῶν
2941 3398 3093 3464 ζώων
3139 3400 3237 3472 τὴν
3276 3400 3445 3470 γονὴν
3467 3440 3484 3463 ,
3530 3398 3699 3470 ἀρχὴν

2110 3484 2295 3554 οὖσαν,
2323 3490 2497 3563 ὑγρὰν
2524 3488 2663 3546 εἶναι
2682 3508 2696 3522 ⁶
2727 3486 2979 3563 δεύτερον
3006 3492 3095 3557 δὲ,
3119 3492 3201 3546 ὅτι
3236 3491 3411 3545 πάντα
3454 3492 3531 3545 τὰ
3566 3489 3700 3561 φυτὰ

432 3592 589 3644 more
614 3577 831 3634 alantur
852 3588 907 3635 et
931 3578 1143 3635 fructus
1173 3579 1373 3657 ferant,
1400 3580 1706 3651 eodemque
1737 3581 2008 3637 destituta:

2169 3583 2264 3669 ’ρῷ
2304 3584 2561 3657 τρέφεται
2588 3584 2680 3656 καὶ
2721 3587 3090 3667 καρποφορεῖν,
3132 3583 3476 3657 ἀμοιροῦντα
3518 3585 3580 3639 δὲ
3614 3582 3701 3638 τοῦ

538 3770 697 3830 'Lib.
730 3787 791 3829 ιιι
827 3781 883 3831 et
910 3788 965 3841 ι,
1002 3772 1079 3829 De
1108 3789 1219 3843 rep.
1335 3774 1380 3806 ¹⁰
1422 3773 1575 3830 lliad.
1604 3775 1667 3839 0,
1705 3789 1759 3829 v.
1790 3772 1915 3839 199.,

504 3987 643 4061 (⁸74)
693 3988 789 4061 Ἐν
822 3986 910 4061 *τῇ
959 3987 1215 4061 πυρῴᾷει
1256 3988 1456 4061 οὐσίᾳ.
1502 3987 1646 4061 Idem
1697 3987 1838 4043 infra
1881 4001 2008 4061 pro-

435 4056 654 4112 nuntiat
694 4056 964 4125 Justinus,
988 4056 1049 4113 ιι.
1083 4059 1179 4123 51,
1224 4058 1317 4112 sed
1370 4058 1614 4112 Platonis
1678 4056 2005 4113 sententiain

436 4145 546 4191 non
577 4127 791 4183 videtur
838 4130 938 4183 hac
975 4130 1030 4182 in
1064 4142 1127 4182 re
1168 4129 1305 4183 satis
1337 4138 1675 4195 perspectam
1722 4128 2004 4189 habuisse.

436 4198 659 4253 Testem
705 4198 839 4252 citat
879 4197 1040 4265 hujus
1078 4198 1157 4252 rei
1204 4198 1577 4260 Aristotelem,
1623 4196 1778 4265 cujus
1826 4208 2006 4251 tamen

435 4269 600 4324 verba
644 4284 749 4323 non
783 4266 1063 4323 Platonem
1092 4275 1278 4337 petere
1312 4268 1588 4334 videntur,
1616 4268 1709 4323 sed
1740 4277 1874 4337 tum
1899 4265 2005 4337 De-

435 4338 751 4420 mocritum,
774 4339 890 4420 qui,
910 4346 971 4391 ut
998 4335 1246 4420 est—apud
1274 4337 1647 4420 Plutarchum,
1674 4353 1698 4420 ι
1721 4336 1799 4391 De
1822 4335 2008 4420 placit.

434 4406 823 4478 philosopher;
856 4409 1021 4462 Deum
1050 4408 1105 4461 in
1146 4406 1268 4477 igne
1316 4407 1641 4471 collocabat,
1687 4417 1798 4462 tum
1838 4406 2007 4478 etiam

438 4475 675 4541 Stoicos,
705 4480 793 4547 qui
843 4479 1009 4533 Deum
1058 4475 1312 4532 dicebant
1354 4478 1532 4547 ignem
1579 4493 1701 4533 esse
1745 4475 2008 4547 artiﬁcio:

438 4564 581 4616 sum.
607 4548 700 4603 Sic
723 4544 898 4603 etiam
949 4548 1003 4603 itt
1035 4548 1269 4616 quodam
1313 4544 1576 4616 Apollinis
1618 4547 1840 4603 oraculo
1869 4544 2009 4616 apud

2110 3985 2405 4054 imaginum
2453 3984 2802 4050 imitatorem,
2850 3985 2903 4039 id
2937 3984 3233 4045 obscurum
3263 3994 3319 4042 et
3363 4000 3431 4043 ex
3488 3988 3704 4051 decium

2114 4055 2269 4126 libro
2304 4053 2543 4109 Platonis
2586 4054 2664 4126 De
2716 4057 2985 4123 republica
3035 4065 3349 4126 corruptum
3402 4056 3700 4117 Perionius

2112 4124 2412 4201 existimat,
2440 4125 2567 4193 quia
2602 4124 2895 4201 Homerum
2925 4126 3075 4180 Plato
3102 4124 3214 4201 non
3248 4127 3473 4181 tertium
3510 4130 3703 4201 imagi-

2109 4210 2239 4249 num
2274 4194 2627 4265 imitatorem,
2655 4197 2749 4251 sed
2775 4196 2992 4249 tertium
3026 4197 3301 4263 opificem.
3353 4208 3554 4265 utpote
3581 4194 3702 4254 imi-

2111 4273 2343 4341 ta_torem
2368 4263 2526 4341 dic_it._
2547 4263 2639 4341 Sic
2662 4266 2804 4341 enim
2820 4264 2983 4341 Plato
3007 4264 3109 4341 εξῼ
3129 4266 3248 4341 φίλε
3276 4263 3522 4341 Ὅμηρε,
3545 4271 3701 4341 εἴπερ

2155 4334 2189 4406 ὴ
2223 4334 2404 4408 τρίτος
2433 4333 2539 4408 ἀπὸ
2565 4334 2680 4408 ,τῆς
2709 4334 2968 4408 ἀληθείας
3000 4332 3052 4389 εἴ
3083 4332 3285 4408 ἀρετῆς
3314 4332 3444 4408 πέερῖ
3475 4332 3700 4393 εἰδὼλοῖ)

2141 4355 2189 4406 ιη
2223 4355 2403 4406 τριτος
2433 4355 2539 4386 am
2580 4355 2680 4405 της
2709 4355 2968 4406 αΛηυειας
3000 4355 3048 4389 ει
3083 4355 3285 4408 αρετης
3314 4355 3382 4389 πε
3427 4355 3444 4391 ι
3475 4355 3700 4393 ειοωλου

2141 4403 2537 4478 ημιουργὸςζὸν
2560 4404 2623 4475 δὴ
2657 4404 2896 4478 μιμητὴν
2923 4406 3261 4478 ὡρισάμεθα,
3289 4355 3424 4461 ἀλλὲ
3456 4411 3563 4462 καὶ
3594 4411 3703 4464 δεύ-

2111 4472 2293 4546 τερος.
2309 4472 2403 4546 um
2442 4472 2693 4546 Homere,
2718 4472 2897 4546 sino-rt
2939 4472 3125 4531 tertius
3167 4488 3281 4546 post
3331 4481 3619 4534 ceritatem
3654 4498 3700 4534 es

2111 4544 2324 4617 virtutis
2357 4545 2413 4599 in
2447 4544 2733 4617 simulacro
2774 4544 2992 4613 opifex,-
3020 4544 3176 4617 queni
3221 4547 3545 4601 imitatorem
3592 4568 3701 4605 esse

438 4600 1013 4683 ιειῐιξιὴιιυιὶίζιίιή,
1044 4600 1175 4681 3.1;
1201 4600 1831 4687 usus'aiaiaimgne‘
1856 4600 2011 4670 habi-
2043 4600 2482 4687 Ddeﬁ‘nivimus,
2527 4614 2618 4667 sed
2664 4600 2823 4669 etiam
2864 4600 3147 4687 aetnaea.
3200 4600 3305 4672 Sed
3352 4600 3413 4671 si
3447 4600 3700 4675 ιηήιόἷιὲἐ

439 4698 578 4760 tare,
606 4688 663 4749 ἐν
697 4688 831 4760 πυρὶ
861 4687 1047 4760 ναίων.
1079 4688 1149 4760 ᾼι
1180 4689 1369 4760 eadem
1405 4690 1688 4760 sententia
1730 4702 1853 4760 cum
1886 4700 2008 4760 oin-

438 4757 601 4821 nibus
643 4755 849 4827 pugnat
894 4755 1486 4828 Platonisprincipiis.
1535 4759 1715 4828 Ignem
1755 4757 1900 4828 enim
1954 4755 2007 4828 in

440 4828 604 4896 rebus
647 4824 928 4896 corporeis
967 4834 1022 4882 et
1067 4824 1377 4882 visibilibus
1414 4824 1702 4891 numerat;
1744 4826 1907 4881 docet
1954 4824 2008 4882 in

439 4894 645 4953 Timaeo
693 4894 922 4965 corpora
965 4896 1217 4967 mortalia
1267 4912 1331 4951 ex
1381 4898 1531 4967 igne.
1574 4913 1731 4962 aere,
1775 4910 1913 4967 aqua
1954 4902 2011 4949 et

437 4975 584 5021 terra
614 4977 888 5029 constare,
926 4977 983 5022 et
1011 4966 1273 5028 animam.
1303 4966 1423 5035 quae
1460 4968 1643 5023 minus
1674 4967 1814 5022 bene
1863 4966 2011 5035 vixee

439 5037 539 5109 rit,
572 5037 760 5091 tandiu
790 5037 843 5090 in
874 5036 1025 5092 varia
1057 5050 1285 5105 corpora
1320 5034 1578 5109 migrare,
1610 5038 1736 5109 dum
1767 5052 1833 5091 ex
1861 5034 2009 5090 omni

438 5106 582 5177 igne,
607 5120 758 5171 aere,
790 5122 927 5175 aqua
951 5117 1006 5161 et
1040 5117 1183 5161 terra
1208 5106 1508 5177 expet-gata
1538 5110 1629 5162 sit.
1652 5107 1818 5161 Astra
1851 5113 2011 5161 vocat

438 5181 573 5247 deos
618 5178 826 5247 igneos,
863 5188 923 5231 ut
948 5192 1069 5247 quae
1098 5192 1168 5232 ex
1207 5178 1323 5230 solo
1355 5177 1478 5247 igne
1525 5185 1810 5239 constent;
1844 5187 1908 5247 at
1944 5191 2009 5230 ea

438 5246 599 5314 longe
628 5246 765 5301 infra
787 5246 1055 5302 summum
1086 5247 1250 5301 Deum
1275 5246 1549 5311 amandat,
1574 5263 1732 5315 quem
1755 5246 2011 5308 ἐπέκεινα

437 5315 647 5381 οὐσίας,
670 5318 965 5387 substantia
995 5318 1138 5372 omni
1160 5316 1311 5387 longe
1339 5320 1658 5381 superiorem
1688 5334 1799 5371 esse
1827 5320 2007 5385 docet,

439 5387 641 5459 libr."
675 5386 750 5459 De
782 5404 889 5457 rep.
931 5396 988 5443 et
1038 5387 1091 5441 in
1130 5386 1331 5442 mundo
1379 5387 1703 5459 intelligibili
1751 5403 2009 5459 regnare,

438 5456 565 5513 libr.
588 5472 687 5513 vu.
720 5458 919 5512 Parum
966 5472 1097 5523 ergo
1146 5458 1440 5512 verisimile
1471 5456 1577 5512 est'
1603 5460 1771 5513 Deum
1815 5475 1845 5511 ιι
1880 5458 2009 5512 Pla-

438 5527 646 5598 tonein
664 5527 830 5598 ignea
862 5529 1096 5583 essentia
1115 5528 1433 5582 collocatum
1462 5529 1646 5583 fuisse.
1677 5526 1809 5583 Vide
1839 5545 1891 5582 ιι.
1916 5530 2007 5591 51.

435 5634 438 5637 λ
510 5597 624 5667 (75)
658 5596 896 5654 Perionii
945 5598 1191 5667 apposita
1226 5600 1277 5652 in
1312 5601 1552 5652 editione
1584 5599 1879 5654 Oxoniensi
1914 5601 2011 5655 ad-

437 5667 670 5735 notatio,
696 5670 748 5723 in
774 5684 878 5738 qua
906 5670 988 5721 vir
1019 5670 1263 5723 eruditus
1296 5683 1479 5723 monet
1508 5668 1801 5723 llmnerum
1830 5685 1859 5724 a
1888 5670 2010 5725 Pla-

440 5748 567 5809 tone
599 5738 719 5806 ejici
750 5754 781 5794 e
816 5740 1061 5809 civitate,
1106 5739 1202 5794 lib.
1224 5754 1286 5792 ιιι
1320 5738 1395 5792 De
1426 5756 1537 5809 rep.
1571 5741 1676 5795 Sed
1719 5741 1865 5809 quod
1906 5740 2005 5796 Ju-

439 5808 773 5881 stinus‘eu‘m‘
797 5811 864 5865 ab
896 5808 1129 5881 Homero
1162 5812 1341 5864 vocari
1380 5808 1511 5865 dicit
1540 5811 1720 5881 τρίτον
1740 5808 1866 5864 τῶν
1898 5812 2007 5866 ἀπὸ

438 5877 539 5961 τῆς
585 5876 841 5951 ἀληθείας
893 5879 1124 5935 εἰδώλων
1190 5882 1463 5953 μιμητὴν,
1511 5876 1719 5953 tertium
1779 5884 2007 5951 veritatis,

2113 4683 2280 4760 verba
2311 4700 2419 4760 non
2450 4687 2868 4760 accuratissime
2899 4686 3545 4760 refert_lttstintts._quod
3576 4694 3701 4760 qui-

2114 4755 2235 4816 dem
2262 4755 2484 4816 minime
2510 4754 2709 4808 mirum
2738 4764 2842 4815 est,
2871 4771 2993 4819 cum
3031 4757 3117 4810 illa
3153 4754 3468 4812 memoriter
3496 4754 3698 4817 citassc

2113 4825 2393 4890 videatur;
2423 4834 2480 4877 at
2508 4824 2756 4891 profecto
2777 4840 2805 4877 a
2829 4822 3069 4881 Platonis
3096 4828 3363 4891 sententia
3395 4843 3503 4882 non
3537 4832 3699 4887 abero

2112 4904 2219 4960 rat.
2263 4894 2396 4948 Nam
2446 4905 2555 4948 tres
2598 4910 2824 4965 operum
2871 4905 3158 4952 curatores
3205 4908 3457 4952 recenset
3510 4900 3692 4965 Plato.

2112 4966 2281 5033 Dentn
2306 4967 2397 5033 qui
2422 4964 2577 5035 ideae,
2602 4964 2717 5019 sive
2739 4966 2985 5035 exempla
2997 4967 3093 5033 ris,
3116 4975 3201 5022 est
3224 4976 3447 5032 auctor;
3480 4964 3699 5026 fabrum

2111 5037 2201 5111 qui
2234 5035 2372 5089 lianc
2408 5033 2631 5111 ideatn,‘
2655 5035 2756 5111 hoc
2800 5033 3346 5111 exemplanintue‘us
3394 5052 3697 5111 operatur;

2112 5104 2408 5177 pictorem,
2438 5105 2570 5177 _sive
2620 5104 2973 5177 imitatorem,
3018 5108 3108 5177 qui
3148 5104 3539 5173 fabricata'ab
3587 5104 3701 5167 alio

2112 5174 2279 5245 opera
2305 5174 2497 5248 pingit.
2528 5174 2611 5248 Es
2643 5177 2744 5231 hoc
2776 5176 2936 5248 tertio
2962 5174 3161 5248 genere
3193 5188 3381 5247 poetas
3405 5193 3535 5235 esse
3566 5196 3703 5235 οοιιρ

2114 5252 2307 5305 tendit.
2338 5247 2453 5313 Qua
2481 5261 2538 5300 rc
2582 5246 2701 5300 illos
2733 5262 2837 5301 non
2885 5246 3160 5303 immerito
3194 5246 3454 5311 censetur
3499 5253 3702 5305 tertios

2113 5320 2415 5375 imitatores
2444 5316 2781 5385 appellasse;
2818 5315 3090 5385 siquidem
3133 5328 3188 5372 et
3221 5319 3338 5385 ipse
3370 5317 3551 5386 faber,
3577 5322 3702 5375 sive

2112 5392 2383 5461 secundus
2429 5389 2644 5456 Opil'ex,
2690 5388 3061 5461 imitator_es_t
3098 5387 3434 5461 exemplaris
3484 5391 3541 5445 in
3588 5407 3700 5461 quo

2113 5458 2529 5527 contemplando
2554 5472 2691 5525 Opus
2719 5472 2876 5510 suum
2905 5458 3158 5512 absolvit.

2183 5526 2471 5603 asinali
2500 5526 2709 5603 αύτοᾷ.
2760 5529 2933 5595 Supra
2966 5529 3063 5583 has
3096 5544 3257 5584 voces
3294 5528 3352 5603 in
3397 5530 3520 5584 eod.
3557 5530 3694 5603 Col-

2112 5598 2271 5675 bert._
2304 5601 2496 5675 legitur
2540 5598 2775 5675 ’ρμήρου
2797 5639 2811 5663 ,
2849 5606 2901 5675 et
2930 5614 3056 5675 mox
3088 5614 3249 5675 supra
3292 5600 3450 5675 istas‘
3472 5602 3701 5675 πρώτας

2113 5671 2276 5725 αὐτοῦ
2310 5667 2506 5737 legitur
2551 5667 2818 5739 Ἀριστοτ.
2856 5667 2961 5739 Sed
2994 5684 3116 5739 cum
3145 5667 3373 5724 Obscura
3405 5670 3480 5723 sit
3517 5667 3696 5726 futura

2113 5744 2313 5805 oratio,
2353 5736 2397 5792 si
2442 5736 2675 5807 primum
2717 5738 2851 5791 illud
2892 5736 3056 5791 αὐτοῦ
3088 5739 3155 5791 ad
3200 5740 3522 5808 Homerum,
3558 5747 3697 5797 alte-

2114 5827 2234 5867 rum
2271 5810 2572 5865 referamus
2603 5810 2668 5862 ad
2699 5808 3043 5863 Aristotelem
3066 5849 3081 5873 ,
3111 5812 3242 5866 satis
3273 5811 3444 5866 satius
3479 5814 3705 5869 videtur

2116 5892 2404 5962 utrumque
2437 5877 2503 5936 ad
2538 5880 2890 5937 Aristotelem
2925 5879 3157 5947 referre.
