3764 6508
1531 310 1595 380 ‘s.
1626 321 2349 382 mm
2370 322 2467 380 ur
2498 304 2865 381 IARTYRIS
3669 326 3741 380 2s

488 436 737 508 dum
764 434 910 493 totos
943 438 1183 494 historiae
1209 453 1321 493 sua:
1363 440 1531 496 libros
1560 443 1793 511 posteris
1822 442 2041 512 reliquit

2519 443 2599 506 ὡς
2620 444 2787 505 αὐτὸς
2830 442 3099 515 τέτραινε,
3130 443 3223 499 διὰ
3244 443 3445 514 πολλὴν
3472 442 3741 515 Wa

492 528 540 583 ls
567 530 618 583 in
644 530 819 597 primo
844 530 1006 594 libro,
1040 530 1144 603 ιι
1172 540 1459 600 postquam
1503 548 1562 588 se
1592 550 1658 588 ex
1687 534 2067 589 sacerdotibus

488 621 763 693 Egyptiis
812 625 1096 692 accepisse
1123 626 1262 679 dixit
1307 626 1591 695 antiquum
1620 636 1676 679 et
1718 627 1958 696 primum
1984 625 2068 681 le-

488 715 805 785 gislatorem
842 716 1009 770 fuisse
1048 716 1269 787 Moysen
1292 759 1307 779 .
1338 719 1417 771 sic
1451 720 1519 773 de
1566 718 1659 772 illo
1687 718 1916 773 totidem
1941 732 2066 771 ver-

489 802 574 857 bis
598 802 794 857 scribit
820 820 834 856 :
867 800 1010 856 Nam
1044 816 1159 873 post
1206 808 1482 876 antiquum
1509 808 1632 861 vita:
1670 816 1887 872 statum,
1912 822 2064 876 quem

487 892 684 961 fabula:
716 900 812 948 sub
849 896 955 948 diis
987 906 1034 949 et
1080 896 1328 951 heroibus
1371 899 1675 951 traductum
1699 899 1927 969 fingunt,
1958 898 2066 972 pri-
2107 896 2113 903 ’

486 998 603 1039 mus
644 986 853 1057 Moyses
902 989 1113 1057 populis
1153 992 1480 1058 persuasisse
1528 992 1719 1060 fertur,
1752 1002 1807 1045 ut
1851 996 2061 1057 scriptis

485 1077 687 1147 legibus
718 1089 1010 1143 uterentur,
1037 1081 1120 1133 vir
1141 1089 1190 1134 et
1226 1082 1597 1151 magnitudine
1618 1084 1806 1151 animi,
1834 1093 1885 1138 et
1911 1086 2064 1139 utili-

484 1170 680 1223 tatibus
732 1171 852 1225 vitte
894 1171 1161 1224 hominum
1196 1170 1380 1224 allatis
1429 1171 1817 1228 celeberrimus.
1858 1174 2061 1229 Deinde

482 1260 755 1331 paululum
787 1276 1127 1332 progressus,
1158 1280 1221 1319 ac
1240 1274 1453 1319 veteres
1493 1264 1837 1333 Iegislatores
1872 1282 2061 1321 recen-

483 1366 605 1407 sere
648 1353 868 1419 volens,
921 1356 1153 1425 primum
1213 1366 1606 1411 commemorat
1669 1357 1919 1427 Moysen.
1968 1359 2060 1414 Sic

481 1446 627 1500 enim
648 1447 871 1501 totidem
910 1448 1096 1502 verbis
1134 1448 1379 1516 loquitur
1411 1464 1425 1499 :
1461 1445 1666 1501 Ferunt
1718 1449 1879 1502 etiam
1917 1451 2057 1520 apud

480 1537 703 1592 Judwds
738 1538 963 1609 Moysen
1005 1539 1115 1593 Deo
1152 1540 1360 1610 illi(qui
1386 1550 1603 1593 vocatur
1640 1543 1733 1596 Ioa
1770 1539 1908 1610 leges
1931 1557 2056 1596 suas

481 1631 808 1702 ascripsisse)
832 1635 938 1686 sive
966 1634 1108 1703 quod
1134 1633 1302 1686 animi
1336 1632 1734 1703 cogitationem,
1765 1650 1882 1703 qua:
1905 1636 2057 1688 utilis

480 1722 753 1777 hominum
801 1726 1132 1779 multitudini
1182 1726 1366 1795 futura
1422 1736 1580 1790 esset,
1617 1727 1979 1781 admirabilem
2006 1737 2053 1780 et

2169 530 2503 603 περιελθὼν,
2550 533 2646 585 καὶ
2691 532 2973 603 αὐτόπτης
3025 532 3137 586 τῶν
3180 533 3451 589 πλείστων
3498 534 3741 603 γεγονὼς,

2167 623 2575 695 τεσσαράκοντα
2606 625 2705 678 ὅλα
2736 626 2835 696 τῆς
2853 624 3052 680 ἑαυτοῦ
3082 625 3327 696 ἱστορίας
3576 628 3742 698 γέγμ

2166 731 2285 783 φεν.
2334 716 2431 778 Ὃς
2476 716 2534 767 ὲν
2575 718 2642 787 τῇ
2689 714 2883 788 πρώτῃ
2922 714 3109 785 βίϐλῳ,
3157 718 3335 787 φήσας
3374 718 3539 788 παρὰ
3576 718 3741 773 νῦνῄ

2164 804 2425 876 Αἰγύπτῳ
2445 806 2636 878 ἱερέων
2671 807 3080 877 μεμαθηκέναι,
3105 810 3187 861 ὅτι
3211 810 3453 881 ἀρχαῖος
3487 809 3597 862 καὶ
3622 811 3742 880 πρῶ-

2163 915 2255 962 τος
2287 898 2586 970 νομοθέτης
2602 900 2847 970 Μωῦσῆς
2874 900 3121 968 γέγονεν,
3154 884 3349 965 αὑταῖς
3380 900 3603 967 λέξεσὶν
3632 904 3741 955 οὕτω

2162 991 2293 1061 περὶ
2338 991 2504 1044 αὐτοῦ
2536 991 2817 1062 γέγραφε’
2851 991 3015 1045 Μετὰ
3040 994 3150 1060 γὰρ
3193 991 3313 1060 τὴν
3349 994 3632 1046 παλαιὰν
3657 997 3741 1049 tu)

2161 1082 2286 1135 κατ’
2327 1083 2633 1153 Αἴγυπτον
2648 1083 3201 1152 βίουξκατάστασιν
3240 1084 3355 1153 τὴν
3374 1089 3741 1155 μυθολογου-

2154 1172 2351 1242 μένην
2402 1172 2679 1243 γενέσθαι
2700 1173 2799 1226 ἐπὶ
2825 1172 2977 1228 θεῶν
2996 1173 3091 1227 καὶ
3122 1172 3332 1242 ἡρώων
3352 1214 3365 1238 ,
3407 1173 3629 1228 πεῖσαί
3649 1195 3737 1243 ga-

2160 1283 2264 1319 σιν
2296 1267 2612 1336 ἐγγράφοις
2644 1266 2850 1335 νόμοις
2873 1265 3108 1334 πρῶτον
3142 1265 3403 1336 χρῆσθαι
3443 1270 3522 1321 τὰ
3558 1269 3737 1332 πλήθη

2160 1359 2257 1413 καὶ
2274 1359 2457 1423 ,ϐιοῦν
2489 1359 2759 1428 Μωυσῆν
2786 1360 2901 1432 (95)
2919 1359 3108 1427 ἄνδρα
3126 1359 3223 1413 καὶ
3245 1359 3322 1428 τῇ
3348 1360 3533 1429 ψυχῇ
3546 1361 3736 1430 μέγαν,

2160 1450 2257 1502 καὶ
2283 1448 2363 1515 τῷ
2380 1450 2499 1514 ,ϐίῳ
2518 1449 2882 1504 ἱκανώτατον
2903 1449 3015 1520 (96)
3029 1451 3597 1519 μνημονευόμενον.
3634 1447 3741 1504 Εἶτα

2160 1540 2331 1612 βραχύ
2349 1560 2400 1594 τι
2416 1542 2690 1614 προελθὼν
2706 1543 2800 1597 καὶ
2816 1542 2923 1597 τῶν
2939 1543 3187 1598 παλαιῶν
3203 1542 3518 1615 νομοθετῶν
3535 1543 3741 1614 μνησθῆ-

2158 1647 2245 1683 ναι
2265 1630 2605 1702 βουλόμενος,
2642 1632 2860 1703 πρώτου
2884 1635 3162 1698 Μωῦσέως
3183 1635 3247 1704 μέ
3257 1635 3642 1706 μνηται.Ἔφη
3657 1638 3741 1705 γὰρ

2156 1723 2346 1786 αὑταῖς
2362 1723 2566 1787 λέξεσιν
2582 1723 2752 1786 οὕτως
2773 1742 2786 1754 ο
2813 1724 2979 1792 Παρὰ
2991 1725 3107 1793 μὲν
3136 1725 3259 1791 τοῖς
3274 1725 3589 1789 Ἰουδαίοις
3602 1727 3741 1777 Marii.

480 1818 718 1871 divinam
738 1818 1078 1888 judicarent,
1121 1819 1228 1872 sive
1270 1819 1409 1887 quod
1433 1818 1650 1887 plebem,
1694 1819 1822 1871 dum
1876 1834 2041 1872 eorum

2168 1813 2283 1881 mir
2300 1815 2408 1867 τὸν
2426 1817 2801 1885 καλούμενον
2821 1815 2963 1868 Θεὸν
2979 1816 3112 1885 (97),
3136 1817 3192 1869 εἴ
3195 1834 3255 1870 τε
3270 1816 3636 1887 θαυμαστὴν
3650 1820 3738 1885 (98)

479 1910 841 1979 praestantiam
870 1922 917 1965 et
947 1921 1256 1980 potestatem
1287 1912 1613 1976 considerat,
1640 1913 1731 1981 qui
1755 1912 1890 1981 leges
1920 1913 2062 1966 inve-

478 2003 619 2055 nisse
644 2002 963 2067 dicerentur,
996 2003 1165 2071 magis
1197 2004 1338 2055 dicto
1385 2005 1688 2057 audientem
1718 2003 1836 2072 fore
1876 2004 2057 2057 existi-

478 2098 702 2146 marent.
740 2090 1040 2147 Secundum
1076 2092 1301 2164 lEggpti
1343 2094 1697 2165 legislaturem
1745 2094 2060 2150 Sasouchim

478 2171 641 2253 fuisse
671 2195 984 2249 memorant,
1011 2185 1180 2238 virum
1221 2185 1503 2253 prudentia
1526 2193 1895 2255 prrestantem.
1936 2184 2063 2238 Ter-

476 2277 609 2329 tium
635 2276 814 2347 ferunt
838 2277 1212 2333 Sesonchosim
1235 2294 1404 2348 regem
1433 2293 1536 2333 non
1557 2277 1727 2332 solum
1753 2279 1903 2331 rebus
1927 2278 2058 2333 bello

549 2472 667 2549 (95)
697 2471 986 2549 Μῳῦσῆν,
1019 2473 1312 2549 S_ic_etiam
1340 2475 1503 2549 liabet
1545 2474 1778 2549 cyrillus
1815 2475 2057 2531 Alexan-

475 2543 812 2617 drinus,ilib.
865 2543 917 2611 r,
956 2548 1010 2599 in
1038 2545 1180 2608 Jul..
1214 2562 1265 2614 p.
1306 2546 1411 2617 15,,
1444 2543 1643 2602 Justini
1676 2549 1902 2617 vestigia
1934 2563 2060 2617 pre-

478 2630 655 2670 mens.
690 2616 899 2686 Lapsus
931 2626 1112 2670 autem
1147 2617 1365 2669 videtur
1393 2616 1453 2671 S.
1488 2626 1699 2686 martyr
1740 2616 2059 2672 errarent)-

477 2686 663 2757 minis.
687 2684 823 2740 Nam
868 2687 920 2739 in
956 2687 1131 2757 editis
1167 2687 1447 2741 codicibus
1478 2684 1695 2741 Diodori
1726 2686 1924 2757 legitur
1954 2688 2057 2743 hoc

477 2757 532 2828 in
584 2756 702 2828 loco
740 2772 797 2827 p.
831 2758 901 2811 84
925 2796 942 2821 ,
986 2755 1227 2828 Μνεύην,
1270 2772 1431 2828 quam
1474 2772 1662 2811 vocem
1697 2755 1922 2828 minime
1957 2758 2057 2811 du-

475 2826 591 2898 bito
630 2826 919 2894 irrepsisse
950 2843 1048 2897 pro
1086 2826 1300 2898 Μηνᾶν.
1337 2826 1493 2881 Hunc
1519 2829 1667 2898 enim
1702 2826 1891 2880 Menen
1935 2830 2051 2881 sive

475 2896 668 2951 Menan
703 2898 969 2953 Diodorus
998 2898 1051 2952 in
1074 2896 1269 2969 eodem
1296 2898 1457 2961 libro,
1484 2913 1538 2966 p.
1558 2897 1648 2963 42,
1685 2906 1917 2952 testatur
1940 2899 2053 2969 pri-

476 2983 625 3021 mum
646 2978 768 3037 post
800 2969 932 3023 deos
964 2970 1019 3023 in
1048 2967 1285 3038 Egypto
1322 2981 1599 3038 regnasse,
1628 2978 1681 3020 et
1710 2967 2056 3038 populos'do-

476 2984 625 3021 mum
646 2984 768 3037 post
800 2984 932 3023 aeos
964 2986 1019 3023 ιιι
1048 2984 1285 3038 mgypto
1322 2984 1599 3036 regnasse,
1628 2984 1681 3020 et
1710 2984 1934 3091 populos
1959 2984 2053 3023 uo-

475 3039 655 3094 cuisse
687 3039 815 3092 deos
844 3040 1023 3107 colere
1051 3054 1115 3092 ac
1152 3054 1307 3093 sacra
1339 3037 1538 3092 facere.
1577 3038 1704 3107 Disp
1732 3041 1873 3091 icent
1920 3039 2053 3094 mihi

478 3109 562 3179 lite
614 3100 919 3179 vocesyxai
952 3107 1123 3179 βιοῦν,
1164 3110 1317 3162 deest
1347 3108 1440 3161 καί
1493 3109 1633 3179 apud
1673 3100 1970 3161 Diodorum
1999 3120 2054 3163 et

2162 1910 2258 1962 καὶ
2289 1911 2456 1964 θείαν
2486 1910 2640 1977 ὅλως
2672 1912 2915 1965 ἔννοιαν
2943 1907 3094 1965 εἶναι
3136 1913 3462 1979 κρίναντας
3500 1914 3617 1981 (99)
3649 1913 3737 1977 τὴν

2153 2001 2512 2070 μέλλουσαν
2566 2001 2907 2071 ὠφελήσειν
2959 2000 3285 2069 ἀνθρώπων
3335 2001 3604 2070 πλῆθος,
3643 2004 3735 2055 εἴτε

2160 2092 2309 2159 πρὸς
2340 2092 2452 2159 τὴν
2474 2092 2783 2161 ὑπεροχὴν
2816 2091 2915 2145 καὶ
2933 2091 3188 2161 δύναμιν
3215 2091 3334 2145 τῶν
3356 2093 3568 2160 εὑρεῖν
3593 2096 3736 2161 λεττ-

2153 2181 2355 2251 μένων
2377 2182 2519 2249 τοὺς
2545 2184 2767 2251 νόμους
2786 2181 3218 2250 ἀποϐλέψαντα
3244 2183 3351 2235 τὸν
3380 2183 3601 2251 ὄχλον,
3614 2184 3735 2251 μάλ-

2158 2277 2273 2326 λον
2288 2275 2696 2328 ὑπακούεσθαι
2711 2275 3423 2343 διαλαϐόνταςΔεύτερον
3439 2275 3511 2329 δὲ
3525 2276 3734 2346 repetis?

2160 2481 2420 2534 aberrare
2465 2478 2733 2547 petuisse,
2786 2484 2847 2530 ut
2898 2476 3121 2546 Moysen
3168 2475 3511 2547 appellatum
3582 2477 3725 2531 Deum

2160 2554 2432 2605 crederet.
2461 2549 2622 2603 Clara
2649 2549 2793 2602 enim
2833 2558 2886 2601 et
2909 2548 3205 2614 perspicua
3250 2558 3334 2602 est
3363 2546 3596 2601 Diodori
3622 2564 3724 2601 seu-

2162 2622 2327 2675 tentia
2356 2620 2446 2686 qui
2476 2628 2762 2687 postquam
2790 2617 2857 2671 de
2894 2612 3057 2672 Mene
3106 2618 3320 2672 locutus
3357 2626 3470 2680 est,
3514 2633 3727 2685 eumque

2160 2693 2309 2757 leges
2340 2690 2439 2745 sibi
2475 2705 2502 2741 a
2530 2687 2800 2742 Mercurio
2829 2689 3057 2757 traditas
3082 2688 3371 2740 simulasse
3409 2687 3593 2757 dixit;
3628 2690 3722 2741 inec

2159 2756 2336 2815 addit:
2360 2759 2513 2825 Quod
2550 2759 2687 2810 idem
2712 2759 2853 2825 apud
2885 2756 3096 2811 Grtrcos
3133 2756 3359 2810 Minoem
3410 2756 3613 2815 (Irette.
3639 2757 3725 2825 Ly-

2158 2848 2374 2899 curgum
2406 2828 2613 2897 Sparta:
2631 2827 2818 2896 fecisse
2845 2828 3138 2895 perhibent,
3161 2844 3383 2899 quorum
3418 2827 3525 2879 iste
3547 2846 3579 2880 a
3601 2828 3723 2885 lore.

2158 2896 2341 2953 Iticiab
2366 2900 2608 2968 Apolline
2629 2898 2765 2965 leges
2785 2914 2839 2952 se
2882 2900 3141 2965 accepisse
3164 2900 3320 2951 dixit.
3344 2896 3427 2968 Ald
3468 2900 3723 2951 commenti

2157 2988 2318 3036 genus
2337 2966 2477 3037 apud
2500 2970 2674 3035 plures
2686 2983 2886 3036 quoque
2905 2968 3042 3019 alias
3062 2978 3236 3034 gentes
3260 2966 3585 3029 adhibitum,
3608 2974 3722 3018 mul-

2156 3052 2329 3094 torum
2361 3040 2615 3092 bonorum
2640 3053 2802 3090 causa
2837 3037 2918 3089 his
2941 3039 3031 3106 qui
3050 3038 3285 3106 persuasi
3313 3048 3439 3089 sunt
3478 3039 3721 3091 exstitisse

2158 3112 2347 3192 fertur.
2384 3108 2523 3193 Nam
2555 3108 2696 3193 qpud
2720 3105 3027 3193 Arimaspos
3057 3105 3401 3160 Zathraustes
3436 3108 3722 3193 bqnumge-

476 3176 665 3247 Cyrill.
702 3177 853 3249 etii.
885 3174 1046 3249 Stlret
1078 3181 1129 3231 in
1154 3179 1409 3233 omnibus
1441 3174 1951 3249 mss.“Suspicorex
1986 3180 2053 3233 iis
2079 3174 2121 3233 C
2155 3174 2320 3246 nium,
2373 3180 2514 3249 apud
2562 3174 2720 3249 Getas
2775 3176 3047 3249 lamolxis
3097 3193 3425 3249 communem
3494 3174 3685 3231 Vestam
3708 3216 3720 3239 ,

476 3245 570 3317 qui
606 3263 705 3317 pro
731 3245 921 3303 Menen
974 3248 1222 3317 legerunt
1252 3249 1499 3308 Mneveu,
1534 3245 1767 3317 aliquem
1809 3248 1877 3301 ad
1908 3266 2053 3303 inar-

477 3265 570 3317 qui
606 3265 705 3317 pro
731 3265 921 3303 menen
974 3265 1022 3302 te
1061 3265 1222 3302 erunt
1252 3265 1499 3308 mneven,
1534 3265 1767 3317 anquem
1809 3265 1877 3301 au
1908 3266 2051 3303 inar-

477 3319 660 3387 ginem
688 3320 1004 3389 apposuisse
1026 3265 1184 3389 ξοῦν,
1213 3328 1273 3373 ιιι
1320 3318 1907 3389 οάιιιοιιοιόι--Μιιονοιι
1939 3320 2051 3375 dici

476 3386 670 3443 bovem
725 3386 941 3459 nigrum
977 3386 1179 3444 Oéiridi
1230 3403 1474 3450 sacrum,
1516 3389 1611 3459 qui
1643 3386 1911 3457 lleliopoli
1952 3406 2054 3443 nu-

477 3458 801 3527 triebatur;
849 3475 915 3512 ac
974 3460 1103 3513 inde
1148 3460 1202 3513 in
1256 3465 1568 3513 contextum
1601 3458 1890 3527 irrepsisse
1923 3459 2052 3516 illud

477 3526 649 3597 βιοῦν,
698 3529 842 3596 quod
899 3530 1046 3583 hunc
1097 3529 1278 3584 locum
1312 3529 1529 3596 penitus
1569 3526 1861 3597 deformat.
1890 3529 2054 3584 Deest

472 3596 577 3669 vox
602 3600 841 3669 Μωῦσῆν
866 3600 919 3654 in
946 3600 1079 3669 Reg.
1101 3598 1274 3669 leti.
1296 3628 1368 3639 —
1387 3598 1555 3656 Τὴν..
1583 3596 1791 3665 ἄνδρα.
1813 3596 1870 3651 In
1901 3599 2053 3655 libris

471 3668 671 3741 Justini
698 3668 861 3725 editis
881 3668 1077 3741 legitur
1095 3668 1163 3724 τὰ
1186 3669 1275 3724 πλ.
1306 3669 1404 3741 καὶ
1419 3668 1606 3741 ,ϐιοῦν
1620 3669 1826 3740 Μωσῆν
1857 3669 2047 3741 ἄνδρα.

475 3740 718 3808 Expunxi
752 3756 908 3795 voces
939 3738 1045 3793 kal
1071 3751 1126 3797 et
1186 3738 1436 3808 Μωσῆν,
1468 3740 1668 3808 quippe
1711 3738 1835 3807 qua:
1875 3738 2052 3810 neque

476 3810 530 3862 in
566 3811 690 3864 cod.
719 3810 854 3878 Reg.
880 3812 935 3876 1,
958 3812 1012 3873 2,
1043 3822 1099 3864 et
1140 3810 1429 3879 Argentor.
1470 3811 1718 3879 legantur
1760 3811 2054 3879 (duntaxat

474 3879 529 3952 in
562 3895 659 3952 ora
683 3886 806 3935 cod.
837 3882 973 3952 Reg.
998 3881 1056 3943 2,
1085 3880 1369 3950 marginali
1393 3897 1421 3933 a
1450 3879 1898 3952 Lat_ino_quodam
1923 3895 2048 3935 sero

470 3948 1015 4018 Mwﬁrascriptum
1034 3956 1138 4019 est)
1162 3948 1339 4019 neque
1364 3951 1506 4019 apud
1524 3948 1784 4019 Cyrillum
1816 3960 2048 4016 exstent;

473 4021 641 4075 etiam
690 4022 743 4073 in
790 4020 1009 4075 Diodori
1069 4018 1432 4075 c0dd.instis
1478 4018 1731 4073 munibus
1757 4018 1889 4072 illud
1929 4020 2049 4083 καί,

473 4089 619 4160 quod
652 4090 1043 4160 Wesselingius
1068 4106 1134 4144 ex
1184 4090 1424 4160 editione
1450 4087 1661 4160 Justini
1684 4088 2051 4159 Sylburgiana

475 4157 709 4229 recepit,
742 4157 1013 4216 omittiiur
1046 4171 1102 4216 et
1123 4176 1222 4230 pro
1244 4157 1474 4226 Μωσῆν
1494 4159 1762 4228 reperitur
1785 4157 2047 4227 Μνεύην.

474 4230 812 4287 Vocabulum
861 4230 1047 4297 ,βιοῦν
1096 4232 1298 4300 ejicere
1345 4232 1553 4284 idcirco
1601 4245 1707 4283 non
1765 4232 2047 4292 dubitavi,

474 4303 618 4371 quod
641 4303 777 4356 nihil
811 4303 941 4356 facit
971 4303 1038 4355 ad
1062 4301 1388 4371 sententiam
1420 4311 1473 4354 et
1504 4302 2049 4371 interpretamentum

474 4369 646 4441 sapit;
698 4372 843 4427 haud
901 4373 1067 4427 dubie
1125 4374 1295 4433 enim,
1340 4369 1564 4424 Marauo
1614 4369 1723 4436 jam
1769 4385 2046 4435 monente,

471 4440 653 4497 scriba
690 4445 909 4514 quidam
953 4448 1019 4497 ad
1047 4445 1345 4511 marginem
1370 4440 1829 4514 ﬁoiiryapposuit,
1859 4452 1917 4493 ut
1947 4443 2047 4514 ad;

2155 3257 2296 3318 apud
2320 3245 2541 3304 Judtvos
2576 3247 2783 3317 Moyses
2819 3246 3010 3318 Deum,
3033 3248 3121 3315 qui
3156 3245 3283 3299 1A0
3306 3247 3541 3309 dicitur,
3580 3250 3723 3314 legum

2156 3317 2423 3375 auctorem
2464 3335 2683 3372 suarum
2733 3317 2953 3387 ﬁnxisse
2981 3318 3335 3385 perhibentur.
3388 3318 3591 3371 Nullus
3615 3331 3721 3369 sane

2156 3392 2379 3446 errandi
2440 3390 2595 3444 locus
2636 3390 2688 3443 in
2733 3389 2817 3442 bis
2849 3388 3061 3451 verbis;
3094 3402 3193 3440 nec
3223 3388 3539 3455 quidquam
3588 3402 3721 3455 aper-

2159 3462 2286 3529 tius,
2314 3476 2477 3528 quam
2504 3460 2744 3529 Moysem
2777 3474 2845 3512 ex
2878 3456 3099 3529 piodori
3115 3458 3397 3529 sententia
3427 3473 3544 3529 non
3579 3456 3719 3529 Deum

2157 3526 2493 3601 appellatum
2528 3526 2717 3593 fuisse,
2741 3530 2835 3583 sed
2878 3528 3011 3601 Deo,
3036 3526 3128 3599 qui
3175 3527 3466 3581 dicebatur
3497 3527 3629 3594 IAO,
3658 3527 3720 3580 le-

2154 3600 2250 3671 ges
2278 3616 2407 3655 suas
2433 3610 2689 3667 acceptas
2730 3600 3008 3671 retulisse.

2226 3672 2339 3740 (98)
2366 3671 2505 3724 Εἴτε
2548 3668 2922 3740 θαυμαστήν.
2954 3667 3206 3723 Imitatur
3235 3667 3548 3740 Diodorum
3591 3667 3718 3740 lose-

2154 3737 2329 3811 pbus,
2350 3740 2447 3796 lib.
2488 3756 2548 3794 ll.
2568 3737 2769 3811 Contra
2801 3741 2935 3811 App.
2963 3750 3018 3793 et
3049 3740 3193 3811 quod
3236 3740 3290 3811 in
3319 3737 3618 3811 defensore
3641 3737 3719 3791 Ju-

2156 3807 2296 3866 daici
2344 3811 2581 3864 instituti
2636 3810 2876 3873 mireris,
2904 3825 3010 3863 non
3065 3807 3235 3862 inulto
3277 3807 3718 3861 bonoriticemius

2154 3884 2221 3937 de
2252 3882 2434 3951 Moyse
2467 3880 2893 3951 loquiturquam
2919 3881 2984 3951 de
3016 3878 3194 3951 Minoe
3220 3888 3277 3932 et
3308 3877 3609 3947 Lycurgo.
3634 3876 3712 3951 Sic

2153 3954 2298 4007 enim
2328 3948 2585 4019 loquitur,
2620 3966 2674 4020 p.
2706 3950 2837 4004 107i
2872 3964 2885 3999 :
2912 3948 3121 4018 Moyses
3148 3950 3310 4017 igitur
3334 3964 3457 3999 cum
3486 3949 3719 4015 pra'claro

2153 4024 2317 4075 animi
2346 4022 2612 4089 praposito
2646 4031 2902 4085 uteretur,
2926 4036 2987 4074 ac
3023 4036 3103 4072 res
3135 4034 3350 4089 magnas
3379 4020 3602 4085 egisset,
3632 4034 3718 4069 me-

2154 4093 2255 4145 rito
2284 4088 2384 4145 sibi
2416 4093 2686 4144 videbatur
2718 4091 2883 4144 Deum
2906 4090 3089 4143 ducent
3114 4099 3161 4142 et
3188 4088 3542 4141 consiliorum
3561 4102 3717 4140 aut-to-

2154 4178 2260 4215 rem
2281 4165 2490 4214 habere.
2518 4160 2586 4213 Et
2612 4177 2729 4214 cum
2755 4161 2854 4214 sibi
2876 4160 2983 4228 ipse
3005 4160 3153 4229 prius
3180 4158 3536 4227 persuasisset
3562 4158 3715 4210 omnia

2154 4249 2185 4284 a
2237 4248 2290 4285 se
2328 4233 2614 4284 seettndum
2655 4232 2819 4297 ipsius
2871 4231 3193 4283 voluntatem
3235 4229 3354 4297 fieri
3401 4240 3453 4280 et
3498 4231 3714 4297 cogitari,

2153 4307 2386 4355 eumdem
2445 4304 2742 4368 opinionem
2812 4299 3145 4353 multitudini
3199 4312 3318 4352 ante
3363 4303 3557 4368 omnia
3612 4298 3716 4368 injif

2153 4374 2393 4425 ciendam
2426 4366 2691 4425 censebat.
2714 4369 2854 4424 Nam
2876 4372 2964 4438 qui
2986 4380 3153 4431 vitam
3184 4385 3332 4422 suam
3358 4384 3390 4420 a
3408 4366 3530 4422 Deo
3553 4366 3715 4433 inspici

2153 4444 2491 4503 crediderint,
2544 4458 2648 4494 non
2690 4443 3031 4493 adducuntur
3053 4450 3109 4492 ut
3148 4439 3436 4508 quidquam
3501 4448 3711 4507 peccent.

473 4511 721 4568 moneret
776 4514 1020 4568 Mnevem
1064 4515 1172 4569 dici
1224 4514 1415 4567 bovem
1454 4512 1655 4566 Usiridi
1685 4526 1924 4576 sacrum,
1951 4512 2042 4579 qui
2078 4512 2125 4570 D
2157 4511 2299 4565 Talis
2332 4514 2493 4581 igitur
2528 4513 2800 4580 legislator
2825 4520 3002 4563 noster
3028 4511 3248 4575 exstitit,
3294 4524 3401 4581 non
3426 4524 3621 4581 magus
3640 4516 3713 4581 aut

474 4581 741 4650 lleliopoli
792 4586 1138 4638 nutriebatur
1168 4601 1182 4637 :
1219 4584 1347 4637 inde
1394 4583 1447 4636 in
1492 4589 1697 4635 textum
1732 4582 1954 4635 Diodori
1988 4589 2043 4633 et

468 4652 671 4723 Justini
705 4654 892 4718 ,βιοῦν
937 4656 1079 4708 istud
1125 4655 1366 4723 irrepsit,
1414 4653 1558 4720 quod
1599 4653 1775 4706 locum
1824 4654 2042 4723 penitus

471 4721 759 4778 deformat.
806 4725 967 4778 Βοῦν
996 4734 1176 4778 autem
1221 4721 1274 4776 in
1297 4722 1484 4786 βιοῦν
1524 4732 1787 4775 mutatum
1818 4737 1939 4774 esse
1964 4722 2043 4773 vi-

472 4792 631 4846 detur
657 4796 727 4847 ob
749 4795 1239 4858 anteeedensﬁlov
1266 4804 1321 4846 et
1350 4808 1587 4861 sequens
1607 4792 1743 4856 βίῳ.
1770 4791 2041 4846 Czeterum

472 4862 861 4918 ltbodomanus
890 4866 1178 4919 lectionem
1219 4862 1369 4916 κατὰ
1392 4864 1537 4925 βίον
1562 4866 1833 4931 proponit.
1861 4864 2038 4915 υττυ.

553 4936 665 5003 (96)
702 4933 1281 5002 'IxardnaronApud
1312 4930 1605 4987 Diodorum
1642 4933 1840 5001 legitur
1860 4930 2040 4984 κοινό-

469 5020 629 5077 τατον
663 5005 769 5077 τῶν
804 5006 1308 5077 μνημονευομένων.

542 5076 654 5145 (97)
680 5072 1201 5146 Τὸνκιιζὶούμενον
1236 5074 1401 5128 Θεόν.
1434 5072 1604 5129 Nemo
1626 5081 1727 5146 est
1778 5073 1870 5143 qui
1924 5073 2040 5128 haec

468 5144 656 5215 legens
680 5164 804 5217 inon
829 5150 999 5215 prima
1014 5144 1219 5217 vspecie
1273 5146 1551 5200 existimet
1570 5144 1814 5217 AMoysen
1833 5145 2067 5217 appelw

468 5217 638 5271 latum
671 5216 843 5272 Deum
869 5215 1226 5272 fuisseJllinc
1265 5218 1523 5286 deceptus
1555 5215 1788 5285 Cyrillus
1830 5215 1946 5269 haec
1970 5216 2036 5269 ad

468 5288 689 5357 Moysen
748 5288 935 5352 refert,
984 5297 1039 5341 et
1086 5304 1211 5342 cum
1244 5291 1533 5355 superiore
1563 5286 1877 5340 testimonio
1902 5300 2037 5339 con-

460 5355 667 5427 jutigit,
700 5360 949 5426 quamvis
1000 5358 1245 5413 Justinus
1276 5358 1483 5425 aliquid
1537 5359 1881 5425 interjectum
1916 5370 2036 5409 esse

465 5440 686 5482 moneat
732 5434 876 5483 inter
920 5438 1213 5498 utrumque
1276 5430 1667 5498 testimonium.
1700 5432 2032 5498 Quinetiam

465 5499 743 5570 existimat
770 5497 1315 5570 Cyrillusnon’nullos
1354 5497 1644 5569 Egyptios
1694 5497 1787 5550 Dei
1838 5513 2031 5570 nomen

464 5567 637 5639 Moysi
659 5567 941 5637 detulisse,
974 5572 1057 5624 vel
1086 5567 1650 5639 admirationespsius
1685 5569 1931 5639 virtutis,
1950 5569 2033 5621 vel

464 5638 609 5706 quod
636 5642 803 5695 Deum
846 5642 925 5697 illi
972 5644 1175 5696 dixisse
1224 5638 1603 5695 audivissent:
1642 5639 1775 5693 Ecce
1815 5638 1937 5690 dedi
1984 5649 2033 5691 te

464 5710 631 5761 Deum
648 5711 940 5766 Pharaoni.
969 5714 1037 5767 At
1063 5711 1330 5773 Justinus,
1364 5713 1455 5779 qui
1500 5711 1616 5764 haec
1663 5710 1797 5777 ipsis
1825 5710 1877 5763 iu
1908 5709 2029 5763 fon-

466 5780 607 5833 tibus
635 5782 947 5853 hauriebat,
976 5801 1082 5841 non
1118 5784 1413 5840 videturita
1448 5799 1477 5837 a
1510 5782 1726 5840 Diodori
1758 5782 2027 5836 sententia

2148 4578 2593 4651 planus'aliquis,
2621 4595 2675 4635 ut
2712 4581 2882 4650 iniqui
2914 4582 3297 4651 conviciatores
3330 4578 3609 4641 dictitant,
3637 4578 3709 4629 sed

2184 4652 2328 4705 uales
2355 4650 2493 4715 apud
2523 4652 2734 4706 (ἑταῖροι
2774 4651 3005 4703 Minoem
3029 4662 3076 4703 et
3109 4650 3247 4703 alios
3269 4660 3532 4715 posteum
3576 4650 3708 4717 legis.

2170 4733 2342 4792 atores
2356 4724 2619 4776 exstitisse
2635 4724 2953 4792 gloriantur.
2980 4718 3186 4792 Horum
3201 4726 3334 4792 enim
3352 4719 3577 4792 quidam
3592 4717 3710 4779 lori,

2145 4790 2321 4846 Minos
2349 4805 2523 4846 autem
2556 4789 2787 4862 Apollini
2809 4801 2855 4844 et
2894 4792 3108 4844 oraculo
3136 4789 3407 4862 Delphico,
3429 4790 3578 4858 leges
3601 4803 3705 4841 suas

2143 4876 2383 4931 acceptas
2432 4859 2711 4931 referebat,
2744 4863 2852 4915 sive
2888 4863 3027 4930 quod
3055 4864 3129 4913 ita
3158 4877 3212 4913 se
3253 4876 3360 4912 rem
3389 4859 3590 4914 habere
3619 4874 3710 4911 cre-

2142 4932 2341 5003 derent,
2368 4936 2472 4987 sive
2502 4936 2639 5003 quod
2654 4932 2867 5001 [acilius
2888 4947 3236 5003 persuasuros
3258 4946 3311 4984 se
3337 4932 3708 5003 existimarent.

2142 5000 2488 5059 Perabsurda
2513 5000 2661 5058 sane
2694 5003 2962 5056 timiditas
2998 5000 3243 5071 Josephi,
3266 5001 3360 5069 qui
3398 5002 3453 5071 in
3496 5002 3615 5070 ipso
3643 5014 3711 5051 re.

2142 5072 2358 5143 ligionis
2384 5076 2633 5139 cardine,
2666 5078 2791 5128 dum
2816 5072 3099 5143 metuitne
3130 5070 3305 5126 risum
3344 5070 3590 5143 etbuicis
3618 5085 3713 5143 m0-

2143 5140 2291 5210 veat,
2346 5155 2440 5199 aut
2471 5144 2630 5200 ﬁdem
2668 5158 2776 5199 non
2805 5143 2990 5208 faciat,
3016 5142 3377 5215 Moysisgcunt
3408 5140 3534 5197 Deo
3556 5142 3707 5215 ςυιιυτ

2139 5218 2266 5281 quia
2296 5226 2373 5271 tot
2423 5215 2745 5270 certissimis
2769 5215 2934 5268 rebus
2960 5222 3157 5267 testata
3197 5213 3281 5267 sic
3318 5213 3531 5281 elevat,
3577 5213 3707 5278 quasi

2142 5280 2308 5340 totam
2360 5301 2473 5341 rem
2521 5286 2754 5356 Moyses,
2786 5294 2846 5337 ut
2876 5294 3065 5352 postea
3115 5283 3289 5339 Minos
3314 5293 3370 5339 et
3411 5280 3705 5354 Lycurgus.

2139 5358 2207 5410 ad
2235 5356 2604 5410 multitudinis
2642 5357 2933 5408 utilitatem
2965 5356 3241 5409 tinxisset.

2211 5428 2324 5498 (99)
2352 5428 2706 5495 Κρίναντας.
2738 5425 2831 5498 sic
2870 5426 3106 5498 habuere
3124 5427 3297 5494 prima
3325 5440 3495 5478 manu
3528 5423 3652 5498 Reg.
3681 5420 3699 5471 l

2135 5508 2190 5569 et
2216 5495 2269 5562 2,
2306 5495 2381 5553 'et
2433 5514 2557 5551 mox
2603 5495 2979 5569 διαλαϐόντας.
3021 5496 3165 5569 Editi
3214 5498 3505 5569 κρίνοντος
3535 5495 3704 5548 cuita-

2135 5568 2410 5633 λαϐόντος.
2467 5569 2691 5640 Legitur
2735 5568 2999 5639 κρίναντα
3051 5571 3104 5621 in
3155 5568 3283 5637 licg.
3309 5570 3365 5631 5,
3400 5570 3640 5640 Uolbert.
3666 5574 3705 5611 tl

2135 5642 2375 5762 illia-soni.
2405 5637 2601 5696 Habuit
2629 5637 2795 5696 etiam
2824 5640 3175 5697 Uolbertinus
3205 5643 3381 5708 prima
3418 5654 3583 5691 manu
3606 5637 3703 5687 διαο

2166 5727 2200 5762 α
2268 5728 2415 5762 νταε.

2164 5711 2415 5775 ἁδόντας.
