3764 6482
441 369 446 374 -
473 333 580 390 9.85

1447 329 1504 386 S.
1541 330 1802 387 JUSTINI
1838 329 2250 387 PHILOSOPIII
2284 329 2370 386 ΕΤ
2409 329 2762 386 MARTYRIS
3609 332 3690 387 εει

474 451 707 520 ruptioni
741 451 1032 504 obnoxium
1066 465 1190 502 esse
1219 490 1234 512 ,
1272 451 1524 504 eumdem
1580 465 1724 506 nunc
1768 451 2010 506 contrari

2153 451 2408 505 τάναντία
2435 449 2599 503 αὑτὸν
2629 449 2836 518 είσάγει
2857 449 3102 518 λέγοντα,
3130 449 3337 518 ἀγνοῶν
3363 449 3450 503 ὃτι
3477 449 3692 519 οὐδαμῶς

470 554 810 597 asserentem
855 545 1101 597 inducit:
1137 560 1243 597 non
1280 545 1728 600 animadvertetis
1769 563 1828 599 se
1865 545 1916 598 in
1945 546 2048 598 bac

471 637 782 704 disputandi
838 638 1048 688 ratione
1100 635 1366 688 mendacii
1421 637 1629 688 crimen
1693 636 1842 690 nullo
1891 646 2048 703 pacto

471 727 710 796 ell‘ugere
751 744 929 798 posse.
975 727 1084 799 24
1120 728 1208 782 Vel
1265 728 1409 780 enim
1459 728 1610 795 prius
1651 729 1913 783 mentitus
1943 741 2044 792 est,

471 835 598 874 cum
633 821 842 874 diceret
879 819 1142 888 quidquid
1188 817 1390 870 factum
1434 827 1518 871 est
1562 819 1900 887 eorruptioni
1948 819 2048 872 ob-

474 910 692 964 noxium
724 926 882 972 esse;
913 911 992 963 vel
1026 924 1198 974 nunc,
1247 910 1520 963 contraria
1565 911 1925 978 pronuntians
1961 911 2046 964 his

472 1016 593 1070 qua:
623 1002 773 1070 prius
805 1001 1015 1054 dixerat
1044 1002 1110 1055 de
1141 1001 1264 1054 diis.
1298 999 1352 1053 Si
1391 1002 1537 1054 enim
1571 1015 1794 1056 necesse
1824 1002 2046 1055 omnino

470 1101 576 1157 est.
606 1102 663 1145 ιιι
691 1092 953 1162 quidquid
1000 1092 1200 1146 factum
1246 1102 1350 1156 est,
1377 1091 1714 1158 corruptioui
1747 1093 2042 1146 obnoxium

472 1183 544 1236 sit
592 1183 891 1236 secundum
925 1184 1158 1250 priorem
1185 1180 1316 1246 ,ejus
1343 1181 1752 1246 deﬁnitionem;
1784 1179 1878 1249 qui
1907 1195 2044 1248 qna-

471 1277 588 1329 drat
618 1287 673 1327 ut
702 1276 814 1328 ﬁeri
835 1275 1024 1343 possit.
1045 1275 1188 1342 quod
1221 1289 1444 1328 necesse
1460 1284 1551 1331 est
1580 1274 1697 1327 ﬁeri
1731 1288 1836 1327 non
1855 1271 2045 1341 posse?

475 1366 697 1419 Videtur
748 1367 912 1436 igitur
946 1365 1097 1419 l’lato
1145 1365 1346 1418 frustra
1389 1365 1573 1434 opiﬁci
1619 1379 1719 1417 suo
1763 1378 1885 1430 quae
1927 1362 2039 1416 ﬁeri

471 1471 576 1510 non
627 1458 836 1524 possint
889 1455 1106 1524 largiri,
1156 1454 1282 1508 dum
1329 1468 1461 1519 eos,
1508 1455 1597 1522 qui
1648 1454 1814 1507 semel
1855 1469 2043 1506 corru-

469 1547 662 1615 ptiuui,
692 1555 877 1614 utpote
909 1545 1036 1599 facti
1069 1560 1136 1597 ex
1167 1543 1648 1611 matcria,obnoxii
1677 1552 1830 1610 sunt,
1857 1559 2044 1596 rursus

467 1641 612 1694 illius
649 1638 914 1692 benelicio
953 1653 982 1691 a
1029 1637 1381 1704 corruptione
1431 1646 1486 1688 et
1527 1635 1887 1689 dissolutione
1940 1636 2042 1688 im-

469 1749 661 1787 munes
689 1733 808 1788 fore
839 1729 1174 1800 pronuntiat.
1222 1726 1356 1783 Nam
1391 1727 1630 1780 materia:
1669 1726 1777 1779 vim
1801 1767 1815 1789 ,
1845 1737 2036 1795 utpote

2147 542 2290 594 οὕτω
2319 543 2546 595 δυνατὸν
2582 543 2640 594 τὸ
2663 541 2762 611 τῆς
2789 541 3140 611 ψευδολογίας
3166 543 3423 610 ἐκφυγεῖν
3451 540 3688 611 ἔγκλημ’.

2149 634 2219 686 Ἦ
2264 634 2371 704 γάρ
2421 633 2478 686 τὸ
2531 634 2797 704 πρότερον
2848 632 3122 704 εἰρηκὼς,
3179 635 3286 686 πᾶν
3324 633 3383 686 τὸ
3438 633 3694 702 γενόμενον

2147 723 2417 796 φθαρτὸν,
2452 725 2742 794 ψεύδεται,
2789 725 2822 795 ἢ
2859 724 2953 776 νῦν
2998 725 3256 778 τάναντία
3303 727 3415 787 τοῖς
3464 723 3692 795 πρότερον

2146 816 2275 886 περὶ
2324 815 2504 868 αὐτῶν
2573 818 2885 887 εἰρημένοις
2952 816 3438 886 ἐπαγγελλόμενος.
3509 816 3570 867 Et
3611 817 3692 885 γὰρ

2144 909 2353 980 ἀνάγκη
2390 911 2538 961 πᾶσα
2584 909 2642 962 τδ
2680 909 2942 978 γεννητὸν
2987 908 3222 980 φθαρτὸν
3263 904 3406 962 εἶναι
3458 907 3595 960 κατὰ
3628 907 3692 962 τὸν

2147 999 2411 1070 πρότερον
2460 999 2628 1052 αὐτοῦ
2673 1001 2820 1071 ὅρον,
2859 999 2973 1064 πῶς
3011 1002 3282 1069 συγχωρεῖ
3319 999 3380 1052 τὸ
3415 1001 3539 1066 κατ’
3563 999 3693 1066 ἀνάγ-

2146 1105 2248 1157 κην
2270 1085 2530 1142 ἀδύνατον
2562 1089 2817 1158 γενέσθαι
2839 1090 3096 1156 δυνατόνς
3132 1092 3292 1144 Ὥστε
3329 1091 3515 1162 μάτην
3555 1089 3692 1142 ἔοικεν

2144 1183 2174 1234 ὁ
2221 1181 2447 1235 Πλάτων
2484 1181 2722 1236 ἀδύνατα
2757 1181 3076 1254 χαρίζεσθαι
3127 1180 3203 1250 τῷ
3245 1182 3364 1234 κατ’
3422 1179 3587 1234 αὑτὸν
3624 1181 3691 1249 δη-

2152 1273 2397 1346 μιουργῷ
2421 1314 2436 1339 ,
2480 1275 2605 1338 τοὺς
2656 1273 2839 1339 ἅπαξ,
2869 1275 2956 1329 διά
2999 1275 3059 1328 τὸ
3098 1275 3157 1340 ἐξ
3198 1275 3329 1344 ὕλης
3362 1273 3692 1342 γεγενῆσθαι.

2145 1365 2418 1438 φθαρτοὶις
2465 1367 2558 1419 καὶ
2601 1366 2797 1431 αὐτοὺς
2841 1367 3200 1438 γενομένους,
3249 1362 3407 1427 αὖθις
3451 1364 3522 1417 δι’
3565 1363 3690 1416 αὕτη]

2143 1458 2455 1530 ἀφθάρτους
2481 1459 2578 1512 καὶ
2609 1457 2839 1523 ἀλύτους
2865 1459 3331 1530 ἐπαγγελλόμενος
3357 1456 3694 1526 Esse-0:11.117:

2143 1548 2250 1620 γὰρ
2277 1550 2373 1620 τῆς
2417 1549 2548 1620 ὖλης
2582 1549 2827 1621 δύναμιν,
2871 1551 3162 1622 ἀγέννητον
3215 1552 3307 1604 καὶ
3332 1549 3606 1620 ίσὸχρονον
3627 1551 3692 1600 nl

2145 1638 2421 1708 ἡλικιῶτιν
2452 1639 2594 1691 κατά
2618 1639 2714 1709 τὴν
2756 1639 2920 1692 αὑτοῦ
2949 1639 3106 1704 δόξαν
3145 1639 3238 1693 τοῦ
3276 1637 3608 1710 δημιουργοῦ
3632 1634 3695 1691 ὦ·

2147 1747 2245 1784 σαν
2269 1771 2283 1793 ,
2315 1731 2654 1785 ἀντιστατεῖν
2695 1732 2838 1794 εἰκὸς
2881 1734 2944 1802 τῇ
2995 1732 3158 1786 αὑτοῦ
3193 1731 3472 1802 βουλήσει.
3506 1730 3592 1800 Τῷ
3614 1732 3693 1800 γὰρ

471 1823 811 1892 ingenitam,
856 1832 940 1884 et,
987 1828 1044 1874 ul.
1095 1819 1210 1887 ipse
1255 1819 1510 1888 opinatur
1556 1817 1744 1879 Plato,
1780 1816 2014 1884 mqnaleu

2153 1821 2221 1891 μὴ
2258 1823 2574 1892 πεποιηκότι
2606 1823 2829 1895 οὐδεμία
2854 1823 3071 1889 ἐξουσία
3105 1823 3240 1894 πρὸς
3266 1824 3326 1876 τὸ
3363 1823 3443 1894 μὴ
3478 1823 3692 1890 γεγονὸςο

467 1915 646 1983 epiﬁri
681 1924 735 1966 et
761 1930 994 1967 coarvam
1027 1951 1043 1975 ,
1075 1911 1341 1964 obluctari
1391 1927 1487 1980 par
1528 1919 1610 1964 est
1643 1909 1815 1978 ipsius
1846 1910 2041 1962 volun-

469 2007 586 2060 tati.
625 2008 681 2060 lii
717 2008 860 2060 enim
889 2007 978 2075 qui
1012 2021 1119 2059 non
1147 2005 1355 2058 creavit
1411 2003 1558 2056 nulla
1589 2012 1672 2056 est
1705 2002 1756 2056 in
1793 2002 1867 2065 id,
1895 1996 2042 2071 quud

465 2109 550 2152 est
583 2098 885 2153 .‘ncreatum
912 2137 927 2162 ,
962 2105 1239 2167 potestas;
1274 2097 1414 2150 unde
1463 2109 1561 2148 nec
1591 2095 1675 2146 vis
1721 2093 1828 2146 nlla
1866 2093 1918 2146 ei
1955 2093 2038 2147 in-

467 2189 596 2243 l'erri
633 2197 850 2259 potest,
885 2203 1010 2241 cum
1047 2187 1118 2242 ab
1149 2188 1294 2241 omni
1326 2197 1550 2241 externa
1586 2186 1922 2240 necessitate
1977 2184 2040 2238 li-

462 2287 592 2338 hera
643 2285 737 2339 sit.
782 2283 862 2340 Ad
902 2285 1016 2338 haec
1076 2281 1372 2353 respiciens
1435 2280 1592 2336 Plato
1639 2281 1717 2334 sic
1767 2279 1991 2348 scripsit

460 2393 668 2432 camus.
710 2396 729 2428 ι

529 2472 622 2527 2L
663 2472 943 2539 Quomodo
976 2487 1108 2543 ergo
1141 2471 1435 2526 llotnerum
1489 2471 1714 2526 civitate
1749 2489 1844 2526 sua
1881 2470 2033 2542 ejii-it

461 2564 638 2628 Plato,
664 2566 808 2632 quod
837 2565 1148 2619 Phoenicem
1185 2573 1438 2632 suscepta
1469 2566 1535 2618 ad
1576 2564 1842 2619 Achillem
1888 2566 2033 2634 lcga-

462 2658 609 2710 tioue
640 2657 752 2709 lucc
776 2656 972 2710 Aelii-li
1001 2656 1269 2710 dicentem
1304 2657 1590 2711 induxerit
1623 2673 1636 2710 :

745 2745 797 2800 Μ
807 2745 1024 2799 utubiles
1050 2757 1097 2799 et
1127 2746 1226 2813 ipsi
1247 2757 1364 2798 sunt
1391 2748 1464 2798 dii
1482 2788 1496 2808 ,

460 2855 583 2894 cum
627 2838 892 2893 llomcrus
933 2854 1037 2890 non
1093 2838 1159 2892 de
1197 2853 1324 2908 rege
1363 2847 1417 2892 et
1457 2839 1678 2893 deorum
1729 2840 2028 2893 secundum

465 2931 742 2984 Platonem
774 2930 970 2996 opiﬁre
999 2929 1048 2980 id
1076 2929 1294 2990 dixerit.
1330 2927 1423 2983 sed
1456 2931 1523 2984 de
1547 2931 1654 2983 clis
1681 2931 2035 2998 quibusdam,

459 3038 596 3090 quos
633 3021 807 3074 Graeci
847 3022 1034 3089 plures
1074 3035 1193 3074 esse
1221 3023 1574 3084 existimant.
1625 3033 1683 3074 ut
1720 3024 1930 3077 discere
1955 3033 2037 3078 est

461 3130 527 3167 ex
558 3114 675 3181 ipso
707 3112 965 3179 Plutone,
993 3113 1149 3178 cujus
1182 3116 1296 3166 bace
1331 3125 1459 3166 sunt
1498 3115 1661 3167 verba
1689 3132 1700 3166 :
1741 3133 1758 3163 ι
1792 3113 1870 3166 Dii
1904 3116 2034 3168 deo-

465 3203 610 3259 rum?
631 3223 650 3256 ο
688 3205 786 3259 Uni
819 3207 966 3258 enim
991 3215 1045 3259 et
1074 3205 1250 3273 primo
1285 3205 1394 3258 Deo
1425 3215 1748 3274 potestatem
1775 3215 1830 3259 et
1858 3207 2029 3273 impc-
2057 3235 2112 3289 (ιν

463 3297 601 3351 rium
655 3298 895 3351 onmium
941 3295 1208 3352 llomerus
1248 3313 1344 3366 per
1389 3313 1615 3352 auream
1671 3300 1818 3353 illam
1857 3299 2034 3352 del'ert

460 3399 735 3444 catenam.
765 3388 1006 3442 Caeteros
1037 3398 1218 3443 autem
1263 3388 1394 3442 deos
1437 3397 1648 3442 tantum
1683 3391 1752 3443 ab
1779 3389 1924 3442 illius
1954 3388 2036 3441 di-

463 3481 688 3533 vinitate
717 3480 913 3534 abesse
943 3487 1094 3548 putat
1114 3519 1130 3545 ,
1179 3489 1236 3533 ut
1264 3494 1359 3534 eos
1404 3494 1510 3532 una
1541 3495 1664 3533 cum
1699 3480 1830 3547 ipsis
1863 3479 2037 3532 homi-

463 3573 623 3626 nibus
651 3573 931 3626 nominare
965 3589 1070 3626 non
1102 3573 1332 3626 dubitet.
1361 3569 1606 3641 Ulyssem
1643 3571 1790 3626 enim
1825 3571 2038 3626 inducit

462 3665 580 3720 haec
601 3666 668 3718 de
697 3663 928 3720 llectore
959 3663 1155 3718 Achilli
1189 3664 1458 3717 dicentem
1483 3676 1498 3715 :

570 3844 702 3896 Dira
739 3844 866 3908 {urit
899 3841 1030 3897 Jove
1058 3839 1314 3908 conlisus,
1350 3854 1438 3892 nec
1455 3855 1586 3908 jura
1618 3847 1827 3893 veretur

575 3912 696 3967 Ulla
721 3913 989 3966 hominum
1023 3924 1174 3980 atque
1204 3913 1379 3963 deum.

462 4006 696 4062 Omnino
743 4005 870 4059 mihi
915 4006 1129 4058 videtur
1161 4005 1265 4057 hoc
1309 4002 1422 4057 loco
1472 4001 1774 4062 Homerus.
1823 4015 1944 4054 cum
1983 3999 2038 4053 in

463 4098 718 4168 :Egypto,
765 4113 869 4149 non
915 4110 1073 4150 secus
1105 4112 1168 4150 ac
1199 4095 1385 4160 Plato,
1411 4097 1478 4151 de
1508 4093 1766 4164 singulari
1803 4092 1910 4146 Deo
1943 4107 2038 4146 eo-

463 4193 765 4263 gnovissct.
807 4190 951 4245 clare
982 4190 1034 4243 id
1068 4199 1121 4242 et
1146 4203 1333 4258 aperte
1367 4190 1707 4260 signiﬁcare,
1739 4189 1782 4241 si
1813 4186 1935 4256 quis
1963 4185 2036 4251 ei,

462 4281 554 4351 qui
588 4289 690 4344 est,
725 4279 834 4333 Deo
886 4279 1144 4344 conﬁdat,
1182 4280 1328 4333 illum
1369 4295 1580 4344 eorum,
1616 4279 1706 4348 qui
1739 4292 1846 4331 non
1881 4286 2036 4340 sunt,

463 4369 726 4424 rationem
771 4370 970 4422 nullam
1027 4370 1250 4425 habere.
1297 4369 1386 4424 Sic
1413 4371 1559 4424 enim
1605 4380 1659 4422 et
1707 4369 1833 4423 alibi
1881 4366 2069 4438 poeta'

462 4477 558 4529 per
585 4459 747 4514 aliam
782 4476 966 4514 vocem
998 4461 1242 4530 ejusdem
1277 4461 1563 4528 ponderis,
1610 4459 1660 4512 id
1684 4469 1769 4513 est
1791 4475 1887 4528 per
1916 4473 2042 4526 pro-

464 4565 659 4603 nomen
688 4591 702 4613 ,
743 4549 907 4603 allato
932 4549 1099 4602 utitur
1123 4568 1151 4603 a
1185 4549 1409 4604 Platone
1443 4551 1728 4620 participio
1762 4566 1908 4609 cum,
1941 4548 2036 4618 qui

2144 1913 2285 1965 ὥστε
2325 1914 2446 1966 οὐδὲ
2482 1914 2767 1984 βιασθῆναι
2801 1915 2973 1986 αὐτὴν
3004 1915 3230 1968 δυνατὸν
3255 1915 3356 1983 τῆς
3393 1915 3592 1981 ἔξωθεν
3621 1915 3695 1966 πά-

2146 2022 2245 2075 σης
2285 2007 2530 2077 ἀνάγκης
2557 2007 2846 2079 ἐλευθέραν
2890 2003 3075 2060 οὖσαν.
3105 2008 3202 2060 Διά
3231 2007 3392 2060 τοῦτο
3424 2007 3600 2060 τοίνυν
3629 2007 3698 2058 καὶ

2142 2096 2304 2159 αὐτὸς
2330 2099 2358 2150 ὁ
2392 2097 2640 2162 Πλάτων,
2670 2100 2751 2162 εἰς
2775 2098 2948 2151 ταῦτα
2970 2098 3214 2170 ἀφορῶν,
3241 2098 3386 2152 οὕτω
3417 2098 3693 2168 γέγραφεν

2147 2206 2166 2238 ι
2191 2187 2424 2260 Ἀνάγκη
2450 2189 2507 2242 δὲ
2539 2189 2659 2242 οὐδὲ
2680 2189 2814 2242 Θεὸν
2843 2190 3097 2259 λέγεσθαι
3124 2189 3345 2244 δυνατὸν
3389 2188 3695 2261 βιάζεσθαι.»

2053 2296 2068 2333 :
2115 2301 2135 2332 σ
2189 2281 2421 2339 Necesse
2481 2295 2566 2339 est
2615 2293 2672 2338 ut
2706 2285 2811 2339 vim
2867 2285 2983 2340 Deo
3038 2285 3226 2341 inferri
3277 2301 3383 2340 non
3435 2299 3596 2354 posse
3633 2285 3696 2337 di-

2209 2466 2298 2520 24.
2332 2466 2457 2530 Πῶς
2499 2461 2591 2520 οὖν
2642 2468 2888 2539 ’Όμηρον
2935 2467 3036 2538 τῆς
3076 2467 3272 2522 ἑαυτοῦ
3316 2469 3595 2534 πολιτείας
3633 2473 3698 2524 ἐκ·

2140 2557 2322 2612 ϐάλλει
2344 2557 2589 2621 Πλάτων,
2608 2559 2796 2630 ἐπειδὴ
2832 2562 2890 2614 ὲν
2916 2563 2981 2632 τῇ
3009 2560 3147 2632 πρὸς
3181 2562 3432 2632 Ἀχιλλέα
3471 2564 3696 2634 πρεσϐείᾳ

2140 2649 2231 2703 τὸν
2263 2649 2484 2704 Φοίνικα
2518 2651 2786 2722 πεποίηκε
2821 2651 2898 2722 τῷ
2945 2653 3174 2723 Ἀχιλλεί
3209 2653 3438 2722 λέγοντα
3465 2673 3480 2685 ·

2447 2743 2727 2810 Στρεπτοὶ
2753 2742 2820 2797 δέ
2853 2761 2916 2797 τε
2937 2745 3032 2798 καὶ
3060 2746 3179 2798 θεοὶ
3202 2747 3374 2799 αὐτοί
3390 2747 3459 2810 η,

2140 2836 2313 2889 καίτοι
2363 2835 2600 2905 Ὀμήρου
2631 2835 2691 2888 οὐ
2725 2835 2854 2907 περὶ
2883 2836 2975 2889 τοῦ
3002 2837 3269 2906 βασιλέως
3300 2838 3394 2890 καὶ
3421 2838 3565 2892 κατὰ
3587 2838 3697 2890 Πλά-

2137 2945 2282 2979 τωνα
2327 2926 2664 2997 δημιουργοῦ
2705 2927 2812 2980 τῶν
2852 2925 2990 2980 Θεῶν
3023 2928 3182 2981 τοῦτο
3225 2930 3550 2999 εἰρηκότος,
3593 2931 3698 2982 ἀλλὰ

2138 3019 2266 3087 περί
2301 3035 2463 3071 τινων
2495 3017 2631 3071 Θεῶν
2665 3017 2772 3071 τῶν
2807 3019 2936 3090 παρ’
2975 3019 3198 3090 Ἕλλησι
3228 3020 3442 3072 πολλῶν
3474 3018 3608 3074 εἶναι
3634 3038 3700 3072 νο-

2143 3106 2448 3178 μιζομένων
2473 3147 2487 3170 ,
2516 3107 2589 3170 ὡς
2634 3107 2782 3160 ἐστιν
2817 3109 2946 3177 ἡμῖν
2987 3109 3078 3160 καὶ
3111 3109 3258 3180 παρά
3301 3110 3392 3162 τοῦ
3444 3111 3697 3171 Πλάτωνος

2143 3199 2452 3270 μανθάνειν,
2491 3219 2507 3243 ι
2539 3198 2661 3251 Θεοὶ
2689 3198 2825 3251 Θεῶν
2859 3218 2876 3250 ι
2915 3199 3163 3268 λέγοντος
3191 3217 3205 3264 ;
3242 3200 3330 3271 Τῷ
3365 3203 3483 3274 γάρ
3518 3203 3594 3255 ἐνὶ
3627 3204 3703 3254 καὶ

2135 3289 2334 3359 πρώτῳ
2366 3288 2484 3359 Θεῴ
2527 3287 2618 3358 τὴν
2662 3287 2911 3352 ἐξουσίαν
2952 3291 3046 3343 καὶ
3099 3290 3158 3343 τὸ
3203 3293 3404 3361 κράτος
3470 3293 3699 3346 ἁπάντων

2143 3383 2390 3453 ’Όμηρος
2411 3380 2499 3435 διὰ
2532 3381 2629 3451 τῆς
2662 3381 3111 3453 χρυσῆς-ἐκείνης
3133 3383 3390 3455 ἀναφέρει
3431 3384 3697 3454 σειρᾱςη·

2137 3474 2261 3533 τοὺς
2306 3472 2362 3525 δὲ
2419 3471 2637 3534 λοιποὺς
2683 3469 2838 3534 Θεους
2888 3471 3140 3525 τοσοῦτον
3193 3473 3420 3543 ἀπέχειν
3482 3473 3584 3542 ἔψη
3625 3473 3699 3541 τῆς

2139 3564 2346 3617 ἐκείνου
2379 3563 2632 3634 οεότητος
2657 3601 2672 3626 ,
2703 3561 2844 3616 ὥστε
2879 3563 3076 3627 αὐτοὺς
3119 3565 3210 3617 καὶ
3247 3564 3386 3635 μετά
3422 3563 3703 3635 ἀνθρώπιον

2139 3653 2436 3726 ὀνομάζειν
2469 3653 2671 3720 ἀξιοῦν.
2703 3654 2807 3708 Τὸν
2838 3654 2966 3723 γοῦν
3016 3655 3270 3709 Ὀδυσσέα
3303 3657 3447 3710 κατά
3483 3656 3576 3710 τοῦ
3600 3657 3703 3708 Ἕκ-

2139 3765 2294 3819 τορος
2329 3746 2464 3818 πρὸς
2494 3746 2583 3799 τὸν
2631 3745 2874 3816 Ἀχιλλέα
2903 3748 3112 3816 εἰσάγει
3145 3747 3371 3815 λέγοντα
3392 3765 3405 3778 ο

2218 3843 2501 3895 Μαίνεται
2531 3841 2844 3911 ἐκπάγλως
2870 3842 3128 3910 πίσυνος
3149 3844 3231 3896 Διὶ
3248 3883 3262 3908 ,
3299 3844 3446 3898 οὺδέ
3473 3862 3525 3898 τι
3557 3844 3652 3896 τίει

2225 3911 2461 3980 Ἀνέρης
2480 3951 2494 3975 ,
2523 3912 2664 3966 οὐδὲ
2694 3913 2868 3977 θεούς
2888 3913 2948 3966 ’⁷.

2153 4004 2414 4058 Ἐνταῦοά
2450 4022 2538 4075 μοι
2572 4006 2818 4077 Ὄμηρος
2843 4005 2988 4059 δοκεί
3023 4006 3238 4069 πάντως
3274 4024 3376 4058 που
3409 4008 3511 4060 καὶ
3548 4007 3704 4069 αὐτὸς,

2139 4097 2326 4167 ὥσπερ
2375 4099 2403 4149 ὁ
2431 4096 2716 4172 κΙΙλάτων,
2771 4099 2828 4150 ὲν
2880 4096 3140 4167 Αἰγύπτῳ
3192 4096 3378 4167 μαθὼν
3426 4101 3562 4170 περὶ
3611 4098 3709 4158 ἐνὸς

2141 4187 2277 4240 Θεοῦ
2324 4187 2510 4256 σαφῶς
2545 4188 2636 4241 καὶ
2666 4187 2914 4260 φανερῶς
2947 4189 3096 4241 τουτὶ
3132 4189 3440 4260 ἐμφαίνειν,
3489 4193 3570 4244 ὅτι
3597 4194 3623 4245 ὁ
3650 4190 3711 4260 τῷ

2139 4276 2252 4330 ὄντι
2286 4277 2559 4340 πεποιθὼς
2592 4276 2711 4348 Θεῷ
2746 4275 2852 4330 τῶν
2890 4279 2965 4349 μὴ
2998 4278 3167 4332 ὄντων
3200 4278 3409 4350 ἀμελεῖ.
3439 4281 3599 4334 Οὕτω
3620 4281 3711 4352 γάρ

2139 4371 2168 4421 ὁ
2201 4371 2430 4442 ποιητὴς
2467 4369 2580 4441 (79)
2632 4370 2726 4423 καί
2759 4369 2991 4441 ἀλλαχοῦ
3027 4389 3129 4423 που
3173 4370 3240 4424 δι’
3288 4371 3490 4444 ἐτέρας
3537 4372 3710 4440 λέξεως

2144 4461 2568 4532 ἱσοδυναμούσης
2587 4501 2602 4523 ,
2630 4461 2731 4532 τῆς
2760 4461 3106 4531 ἀντωνυμίας
3139 4463 3272 4532 (80),
3309 4463 3489 4534 ταὺτῇ
3534 4469 3598 4535 τῇ
3626 4465 3712 4516 ὑπὸ

2146 4551 2427 4616 Πλάτωνος
2457 4552 2718 4626 εἰρημένῃ
2747 4556 2948 4624 μετοχῇ
2979 4553 3272 4624 κέχρηται,
3308 4554 3400 4607 τὸν
3428 4556 3567 4608 ὂντα
3602 4555 3711 4614 Θεὺν

462 4653 579 4709 est,
608 4641 778 4696 Deum
809 4643 1166 4713 designante,
1201 4644 1269 4699 de
1313 4660 1419 4714 quo
1448 4643 1586 4698 dixit
1631 4641 1821 4697 Plato;
1854 4659 1871 4691 ι
1901 4640 2014 4707 ραις

2153 4642 2568 4714 ἀπαγγελλούση
2593 4685 2607 4709 ,
2641 4645 2768 4717 περὶ
2801 4639 2862 4700 οὗ
2905 4648 2932 4700 ὁ
2966 4645 3191 4700 Πλάτων
3353 4664 3365 4676 ·
3417 4668 3434 4697 ι
3475 4649 3542 4701 Τί
3584 4650 3638 4701 τὸ
3665 4648 3712 4700 ὃν

569 4876 610 4907 ⁸⁵
651 4876 806 4932 llum.
860 4878 1008 4934 lliad.
1044 4895 1135 4944 lx,
1162 4879 1286 4934 497.

462 5100 572 5156 bile
599 5108 705 5166 εει,
755 5103 807 5154 id
854 5117 922 5156 ne
955 5101 1064 5158 Deo
1097 5103 1316 5171 quidem
1347 5104 1563 5156 volente
1611 5100 2030 5171 incorruptibiie

462 5172 580 5224 ﬁeri
615 5185 775 5237 posse
818 5170 1150 5226 ostenderet.
1195 5174 1264 5226 At
1297 5175 1582 5226 ltzercticus
1627 5173 1716 5225 ille
1751 5170 2019 5224 Tl‘llitciltl

461 5257 569 5314 non
617 5242 1082 5314 animadgertebat
1117 5243 1177 5297 S.
1214 5255 1504 5314 martyrem
1537 5258 1642 5296 non
1670 5259 1735 5295 ex
1771 5257 1866 5294 sua
1901 5256 2028 5309 pro-

458 5311 716 5380 pria,sed
751 5328 816 5366 ex
849 5312 1090 5368 Platonis
1120 5311 1386 5367 sententia
1419 5323 1796 5382 argumentum
1829 5314 2026 5382 depro-

463 5397 614 5438 mere
659 5383 923 5438 adversus
973 5384 1146 5452 ipsmn
1199 5381 1503 5436 Platonem.
1550 5383 1682 5435 Nam
1712 5397 1834 5435 cum
1879 5381 2030 5433 Plato

466 5454 749 5507 materiam
779 5455 1084 5507 iucreatam
1130 5458 1380 5508 crederet
1407 5493 1420 5518 ,
1453 5471 1558 5507 non
1587 5452 1864 5505 immerito
1897 5468 2031 5504 cott-

467 5523 638 5574 tendit
665 5522 910 5578 Justinus
937 5526 1142 5577 nullum
1177 5527 1227 5577 in
1259 5540 1378 5578 eam
1400 5526 1485 5590 jus
1511 5539 1632 5577 esse
1657 5532 1710 5576 et
1743 5522 2034 5588 imperium

469 5591 560 5644 Det
588 5632 603 5654 ,
654 5610 716 5648 ac
751 5595 978 5662 proinde
1007 5596 1228 5648 deorum
1266 5604 1474 5648 natura:
1501 5636 1514 5656 ,
1550 5593 1641 5661 qui
1685 5607 1749 5645 ex
1803 5592 2034 5662 materia

466 5663 667 5734 cuuulili
701 5660 891 5733 ριίεηιι,
923 5682 1026 5718 non
1057 5680 1218 5734 posse
1247 5660 1708 5718 ἰιιιιιιυιῚιιΙιιιιιθιιι
1740 5678 1770 5714 a
1801 5660 2034 5734 Deo_d_0-

471 5733 610 5784 nari.
659 5736 833 5787 Simili
877 5730 1210 5804 argumento
1243 5739 1539 5789 utebantur
1569 5731 1871 5785 adversarii
1919 5730 2040 5804 Βιλι-

471 5813 614 5858 tonis
640 5842 655 5865 .
711 5807 762 5859 in
791 5800 981 5875 primis
1012 5806 1370 5872 Aristotcles,
1412 5807 1504 5876 qui
1549 5816 1601 5858 ut
1636 5800 2048 5858 incommodum

3473 4810 3516 4835 ἢ

1401 4879 1441 4910 ⁸⁸
1484 4879 1635 4935 Iliad.
1665 4893 1777 4941 vni,
1823 4878 1883 4933 l8
1909 4893 2040 4950 seqq
2097 4884 2138 4914 "’
2174 4886 2344 4941 llliad.
2379 4903 2452 4951 Ix,
2491 4902 2542 4943 ν.
2575 4888 2700 4945 9.59.

2129 5095 2427 5170 eitugeret,
2465 5118 2518 5156 tu
2557 5109 2704 5172 quod
2737 5121 2856 5159 sese
2891 5105 3044 5158 Pluto
3074 5103 3422 5170 coniecerat,
3459 5100 3706 5154 mundum

2135 5187 2398 5245 ειιᾳοτιιιιιιι
2437 5188 2560 5226 esse
2604 5175 2863 5245 ﬁngebat.
2915 5177 3048 5229 Cum
3104 5187 3285 5245 autem
3331 5173 3710 5245 responderent

2130 5241 2422 5314 Platonici,
2449 5253 2505 5295 ut
2536 5253 2620 5297 est
2649 5239 2788 5314 apud
2815 5247 3102 5298 Eusebium
3141 5243 3317 5309 Praap.
3351 5239 3610 5314 ευιιηῃτι.
3636 5251 3712 5295 ιν,

2134 5327 2166 5366 c
2198 5311 2291 5384 ﬁ:
2323 5314 2628 5375 materiam,
2661 5310 2787 5366 dum
2828 5317 2953 5384 ﬁngi
2997 5331 3054 5369 se.
3085 5329 3110 5365 a
3148 5317 3257 5367 Deo
3289 5310 3561 5366 etoruari
3603 5321 3712 5374 per-

2137 5381 2289 5435 misit
2314 5384 2568 5453 ,_victam
2596 5400 2656 5437 se
2689 5401 2716 5433 ει
2765 5384 2874 5436 Deo
2907 5381 2970 5438 ac
3020 5392 3340 5453 superatam
3378 5385 3711 5453 declarasse;

2137 5467 2203 5505 ac
2235 5451 2465 5518 proinde
2518 5452 2662 5504 illum
2703 5453 2795 5508 Dei
2853 5451 3465 5522 operumperpetuitati
3503 5451 3714 5522 obstare

2139 5537 2246 5574 "0"
2294 5536 2491 5587 Posse;
2555 5524 2768 5577 videtur
2815 5520 3057 5580 Justinus
3093 5520 3221 5578 huic
3251 5520 3604 5591 responsioni
3641 5531 3715 5567 oc-

2133 5606 2362 5646 currere
2399 5592 2655 5646 voluisse.

2213 5660 2329 5729 (⁷9)
2371 5660 2534 5714 οὕτω
2574 5663 2685 5729 γὰρ
2717 5663 2749 5714 ό
2776 5662 3046 5729 ποιητής.
3098 5663 3231 5731 Reg.
3272 5662 3293 5714 1
3335 5660 3505 5714 habet
3536 5657 3710 5714 οὕτως.

2209 5732 2320 5798 (δυ)
2367 5731 2480 5796 Τῆς
2514 5731 2906 5800 ἀντωνυμίας.
2966 5733 3139 5786 l’rave
3173 5734 3222 5786 in
3253 5731 3418 5786 editis
3463 5733 3531 5799 τῇ
3563 5731 3716 5780 άντων

2142 5801 2324 5872 γυμίᾳ.
2360 5803 2557 5857 Vtttttttt
2585 5810 2911 5859 suslttltntus
2937 5822 3036 5875 ope
3065 5805 3267 5860 codicis
3295 5801 3624 5858 Culbertmi.
