  <div class='ocr_page' id='page_1' title='image "/cluster/home/n/w/nwhite01/storage/ocr_20150623/6/hvd.32044019206606/159.png"; bbox 0 0 3764 6498; ppageno 0'>
   <div class='ocr_carea' id='block_1_1' title="bbox 429 392 536 450">
    <p class='ocr_par' dir='ltr' id='par_1_1' title="bbox 429 392 536 450">
     <span class='ocr_line' id='line_1_1' title="bbox 429 392 536 450; baseline 0.009 -1"><span class='ocrx_word' id='word_1_1' title='bbox 429 392 536 450; x_wconf 70' lang='grc'><strong>50⁸5</strong></span> 
     </span>
    </p>
   </div>
   <div class='ocr_carea' id='block_1_2' title="bbox 1438 392 2767 451">
    <p class='ocr_par' dir='ltr' id='par_1_2' title="bbox 1438 392 2767 451">
     <span class='ocr_line' id='line_1_2' title="bbox 1438 392 2767 451; baseline 0.001 -1"><span class='ocrx_word' id='word_1_2' title='bbox 1438 394 1495 450; x_wconf 88' lang='lat' dir='ltr'><strong>S.</strong></span> <span class='ocrx_word' id='word_1_3' title='bbox 1534 392 1800 450; x_wconf 80' lang='lat' dir='ltr'><strong>JUSTlNl</strong></span> <span class='ocrx_word' id='word_1_4' title='bbox 1835 392 2247 450; x_wconf 82' lang='lat' dir='ltr'><strong>PHILOSOPHI</strong></span> <span class='ocrx_word' id='word_1_5' title='bbox 2282 394 2370 450; x_wconf 84' lang='lat' dir='ltr'><strong>ET</strong></span> <span class='ocrx_word' id='word_1_6' title='bbox 2404 394 2767 451; x_wconf 75' lang='lat' dir='ltr'><strong>MARTYRIS</strong></span> 
     </span>
    </p>
   </div>
   <div class='ocr_carea' id='block_1_3' title="bbox 3612 399 3714 454">
    <p class='ocr_par' dir='ltr' id='par_1_3' title="bbox 3612 399 3714 454">
     <span class='ocr_line' id='line_1_3' title="bbox 3612 399 3714 454; baseline 0.01 -1"><span class='ocrx_word' id='word_1_7' title='bbox 3612 399 3714 454; x_wconf 59' lang='grc' dir='ltr'>σοι</span> 
     </span>
    </p>
   </div>
   <div class='ocr_carea' id='block_1_4' title="bbox 499 506 1981 587">
    <p class='ocr_par' dir='ltr' id='par_1_4' title="bbox 499 509 1981 582">
     <span class='ocr_line' id='line_1_4' title="bbox 499 509 1981 582; baseline 0.001 -16"><span class='ocrx_word' id='word_1_8' title='bbox 499 511 592 566; x_wconf 77' lang='lat'><strong>35.</strong></span> <span class='ocrx_word' id='word_1_9' title='bbox 618 509 740 567; x_wconf 79' lang='lat' dir='ltr'><strong>Jam</strong></span> <span class='ocrx_word' id='word_1_10' title='bbox 765 509 928 581; x_wconf 80' lang='lat' dir='ltr'><strong>igitur</strong></span> <span class='ocrx_word' id='word_1_11' title='bbox 952 521 1166 582; x_wconf 89' lang='lat' dir='ltr'><strong>tempus</strong></span> <span class='ocrx_word' id='word_1_12' title='bbox 1188 521 1292 576; x_wconf 87' lang='lat' dir='ltr'><strong>est.</strong></span> <span class='ocrx_word' id='word_1_13' title='bbox 1312 527 1344 568; x_wconf 90' lang='grc' dir='ltr'><strong>ο</strong></span> <span class='ocrx_word' id='word_1_14' title='bbox 1367 511 1566 578; x_wconf 68' lang='lat' dir='ltr'><strong>Graeci,</strong></span> <span class='ocrx_word' id='word_1_15' title='bbox 1593 521 1650 566; x_wconf 90' lang='lat' dir='ltr'><strong>ut</strong></span> <span class='ocrx_word' id='word_1_16' title='bbox 1677 526 1744 567; x_wconf 84' lang='lat' dir='ltr'><strong>ex</strong></span> <span class='ocrx_word' id='word_1_17' title='bbox 1769 513 1981 569; x_wconf 87' lang='lat' dir='ltr'><strong>historii</strong></span> 
     </span>
    </p>
   </div>
   <div class='ocr_carea' id='block_1_5' title="bbox 2159 506 3716 587">
    <p class='ocr_par' dir='ltr' id='par_1_5' title="bbox 2196 506 3716 587">
     <span class='ocr_line' id='line_1_5' title="bbox 2196 506 3716 587; baseline -0.002 -18"><span class='ocrx_word' id='word_1_18' title='bbox 2196 515 2286 569; x_wconf 80' lang='grc'><strong>55.</strong></span> <span class='ocrx_word' id='word_1_19' title='bbox 2330 514 2536 587; x_wconf 77' lang='grc' dir='ltr'>Καιρός</span> <span class='ocrx_word' id='word_1_20' title='bbox 2561 510 2653 569; x_wconf 76' lang='grc' dir='ltr'><strong>οὖν</strong></span> <span class='ocrx_word' id='word_1_21' title='bbox 2681 516 2808 587; x_wconf 74' lang='grc' dir='ltr'>ἥκει</span> <span class='ocrx_word' id='word_1_22' title='bbox 2849 513 2964 578; x_wconf 63' lang='grc' dir='ltr'>νῦν,</span> <span class='ocrx_word' id='word_1_23' title='bbox 3006 513 3326 577; x_wconf 75' lang='grc' dir='ltr'><strong>πεισθέντας</strong></span> <span class='ocrx_word' id='word_1_24' title='bbox 3357 514 3529 586; x_wconf 77' lang='grc' dir='ltr'>ὑμᾶς,</span> <span class='ocrx_word' id='word_1_25' title='bbox 3557 506 3603 567; x_wconf 72' lang='grc' dir='ltr'>ὦ</span> <span class='ocrx_word' id='word_1_26' title='bbox 3628 514 3716 568; x_wconf 67' lang='lat' dir='ltr'><strong>iv-</strong></span> 
     </span>
    </p>
   </div>
   <div class='ocr_carea' id='block_1_6' title="bbox 430 604 2012 678">
    <p class='ocr_par' dir='ltr' id='par_1_6' title="bbox 430 604 2012 678">
     <span class='ocr_line' id='line_1_6' title="bbox 430 604 2012 678; baseline 0.001 -18"><span class='ocrx_word' id='word_1_27' title='bbox 430 604 676 660; x_wconf 77' lang='lat' dir='ltr'><strong>ex-ternis</strong></span> <span class='ocrx_word' id='word_1_28' title='bbox 744 605 989 674; x_wconf 79' lang='lat' dir='ltr'><strong>persuasi</strong></span> <span class='ocrx_word' id='word_1_29' title='bbox 1044 606 1284 678; x_wconf 82' lang='lat' dir='ltr'><strong>Moysem</strong></span> <span class='ocrx_word' id='word_1_30' title='bbox 1331 615 1389 660; x_wconf 91' lang='lat' dir='ltr'><strong>et</strong></span> <span class='ocrx_word' id='word_1_31' title='bbox 1436 615 1665 660; x_wconf 73' lang='lat' dir='ltr'><strong>caeteros</strong></span> <span class='ocrx_word' id='word_1_32' title='bbox 1715 606 2012 675; x_wconf 76' lang='lat' dir='ltr'><strong>prophetas</strong></span> 
     </span>
    </p>
   </div>
   <div class='ocr_carea' id='block_1_7' title="bbox 430 696 2011 772">
    <p class='ocr_par' dir='ltr' id='par_1_7' title="bbox 430 696 2011 772">
     <span class='ocr_line' id='line_1_7' title="bbox 430 696 2011 772; baseline 0.003 -20"><span class='ocrx_word' id='word_1_33' title='bbox 430 696 603 752; x_wconf 87' lang='lat' dir='ltr'><strong>multo</strong></span> <span class='ocrx_word' id='word_1_34' title='bbox 643 697 710 752; x_wconf 87' lang='lat' dir='ltr'><strong>iis</strong></span> <span class='ocrx_word' id='word_1_35' title='bbox 747 698 1022 764; x_wconf 79' lang='lat' dir='ltr'><strong>omnibus,</strong></span> <span class='ocrx_word' id='word_1_36' title='bbox 1053 702 1146 770; x_wconf 88' lang='lat' dir='ltr'><strong>qui</strong></span> <span class='ocrx_word' id='word_1_37' title='bbox 1181 702 1458 770; x_wconf 90' lang='lat' dir='ltr'><strong>sapientes</strong></span> <span class='ocrx_word' id='word_1_38' title='bbox 1506 700 1649 772; x_wconf 89' lang='lat' dir='ltr'><strong>apud</strong></span> <span class='ocrx_word' id='word_1_39' title='bbox 1694 715 1790 755; x_wconf 87' lang='lat' dir='ltr'><strong>vos</strong></span> <span class='ocrx_word' id='word_1_40' title='bbox 1840 698 2011 764; x_wconf 82' lang='lat' dir='ltr'><strong>habiti</strong></span> 
     </span>
    </p>
   </div>
   <div class='ocr_carea' id='block_1_8' title="bbox 431 790 2014 863">
    <p class='ocr_par' dir='ltr' id='par_1_8' title="bbox 431 790 2014 863">
     <span class='ocr_line' id='line_1_8' title="bbox 431 790 2014 863; baseline 0.002 -19"><span class='ocrx_word' id='word_1_41' title='bbox 431 800 580 853; x_wconf 85' lang='lat' dir='ltr'><strong>sunt,</strong></span> <span class='ocrx_word' id='word_1_42' title='bbox 626 790 970 859; x_wconf 87' lang='lat' dir='ltr'><strong>antiquiores</strong></span> <span class='ocrx_word' id='word_1_43' title='bbox 999 805 1142 860; x_wconf 86' lang='lat' dir='ltr'><strong>esse,</strong></span> <span class='ocrx_word' id='word_1_44' title='bbox 1167 793 1237 848; x_wconf 89' lang='lat' dir='ltr'><strong>ab</strong></span> <span class='ocrx_word' id='word_1_45' title='bbox 1266 794 1486 863; x_wconf 88' lang='lat' dir='ltr'><strong>antiquo</strong></span> <span class='ocrx_word' id='word_1_46' title='bbox 1524 792 1792 862; x_wconf 78' lang='lat' dir='ltr'><strong>majorum</strong></span> <span class='ocrx_word' id='word_1_47' title='bbox 1824 806 2014 848; x_wconf 83' lang='lat' dir='ltr'><strong>errore</strong></span> 
     </span>
    </p>
   </div>
   <div class='ocr_carea' id='block_1_9' title="bbox 430 882 2009 955">
    <p class='ocr_par' dir='ltr' id='par_1_9' title="bbox 430 882 2009 955">
     <span class='ocr_line' id='line_1_9' title="bbox 430 882 2009 955; baseline 0.003 -19"><span class='ocrx_word' id='word_1_48' title='bbox 430 882 742 945; x_wconf 87' lang='lat' dir='ltr'><strong>discedatis,</strong></span> <span class='ocrx_word' id='word_1_49' title='bbox 770 898 836 938; x_wconf 89' lang='lat' dir='ltr'><strong>ac</strong></span> <span class='ocrx_word' id='word_1_50' title='bbox 861 883 1074 940; x_wconf 90' lang='lat' dir='ltr'><strong>divinas</strong></span> <span class='ocrx_word' id='word_1_51' title='bbox 1098 887 1484 955; x_wconf 86' lang='lat' dir='ltr'><strong>prophetarum</strong></span> <span class='ocrx_word' id='word_1_52' title='bbox 1510 887 1702 955; x_wconf 82' lang='lat' dir='ltr'><strong>legatis</strong></span> <span class='ocrx_word' id='word_1_53' title='bbox 1727 887 2009 951; x_wconf 85' lang='lat' dir='ltr'><strong>historias,</strong></span> 
     </span>
    </p>
   </div>
   <div class='ocr_carea' id='block_1_10' title="bbox 427 974 2012 1050">
    <p class='ocr_par' dir='ltr' id='par_1_10' title="bbox 427 974 2012 1050">
     <span class='ocr_line' id='line_1_10' title="bbox 427 974 2012 1050; baseline 0.003 -23"><span class='ocrx_word' id='word_1_54' title='bbox 427 990 725 1045; x_wconf 81' lang='lat' dir='ltr'><strong>veramque</strong></span> <span class='ocrx_word' id='word_1_55' title='bbox 749 993 818 1031; x_wconf 78' lang='lat' dir='ltr'><strong>es</strong></span> <span class='ocrx_word' id='word_1_56' title='bbox 864 974 1135 1045; x_wconf 79' lang='lat' dir='ltr'><strong>ejusmodi</strong></span> <span class='ocrx_word' id='word_1_57' title='bbox 1167 979 1526 1048; x_wconf 84' lang='lat' dir='ltr'><strong>scriptoribus</strong></span> <span class='ocrx_word' id='word_1_58' title='bbox 1568 979 1880 1050; x_wconf 83' lang='lat' dir='ltr'><strong>religionem</strong></span> <span class='ocrx_word' id='word_1_59' title='bbox 1924 977 2012 1032; x_wconf 87' lang='lat' dir='ltr'><strong>di-</strong></span> 
     </span>
    </p>
   </div>
   <div class='ocr_carea' id='block_1_11' title="bbox 427 1070 2002 1144">
    <p class='ocr_par' dir='ltr' id='par_1_11' title="bbox 427 1070 2002 1144">
     <span class='ocr_line' id='line_1_11' title="bbox 427 1070 2002 1144; baseline 0.003 -20"><span class='ocrx_word' id='word_1_60' title='bbox 427 1070 614 1134; x_wconf 86' lang='lat' dir='ltr'><strong>scatis,</strong></span> <span class='ocrx_word' id='word_1_61' title='bbox 659 1070 749 1138; x_wconf 88' lang='lat' dir='ltr'><strong>qui</strong></span> <span class='ocrx_word' id='word_1_62' title='bbox 784 1085 889 1124; x_wconf 92' lang='lat' dir='ltr'><strong>non</strong></span> <span class='ocrx_word' id='word_1_63' title='bbox 923 1071 1212 1125; x_wconf 89' lang='lat' dir='ltr'><strong>verborum</strong></span> <span class='ocrx_word' id='word_1_64' title='bbox 1241 1072 1396 1127; x_wconf 81' lang='lat' dir='ltr'><strong>vobis</strong></span> <span class='ocrx_word' id='word_1_65' title='bbox 1426 1083 1599 1128; x_wconf 85' lang='lat' dir='ltr'><strong>artem</strong></span> <span class='ocrx_word' id='word_1_66' title='bbox 1647 1075 2002 1144; x_wconf 86' lang='lat' dir='ltr'><strong>promittunt,</strong></span> 
     </span>
    </p>
   </div>
   <div class='ocr_carea' id='block_1_12' title="bbox 427 1160 2006 1236">
    <p class='ocr_par' dir='ltr' id='par_1_12' title="bbox 427 1160 2006 1236">
     <span class='ocr_line' id='line_1_12' title="bbox 427 1160 2006 1236; baseline 0.004 -22"><span class='ocrx_word' id='word_1_67' title='bbox 427 1175 526 1216; x_wconf 88' lang='lat' dir='ltr'><strong>nec</strong></span> <span class='ocrx_word' id='word_1_68' title='bbox 554 1160 846 1215; x_wconf 82' lang='lat' dir='ltr'><strong>artiﬁciose</strong></span> <span class='ocrx_word' id='word_1_69' title='bbox 870 1162 936 1216; x_wconf 89' lang='lat' dir='ltr'><strong>ad</strong></span> <span class='ocrx_word' id='word_1_70' title='bbox 966 1164 1397 1230; x_wconf 78' lang='lat' dir='ltr'><strong>persuadendum</strong></span> <span class='ocrx_word' id='word_1_71' title='bbox 1431 1163 1727 1234; x_wconf 92' lang='lat' dir='ltr'><strong>loquuntur</strong></span> <span class='ocrx_word' id='word_1_72' title='bbox 1751 1164 1828 1236; x_wconf 91' lang='lat' dir='ltr'><strong>(id</strong></span> <span class='ocrx_word' id='word_1_73' title='bbox 1861 1168 2006 1221; x_wconf 88' lang='lat' dir='ltr'><strong>enim</strong></span> 
     </span>
    </p>
   </div>
   <div class='ocr_carea' id='block_1_13' title="bbox 427 1253 2006 1329">
    <p class='ocr_par' dir='ltr' id='par_1_13' title="bbox 427 1253 2006 1329">
     <span class='ocr_line' id='line_1_13' title="bbox 427 1253 2006 1329; baseline 0.003 -21"><span class='ocrx_word' id='word_1_74' title='bbox 427 1253 706 1324; x_wconf 90' lang='lat' dir='ltr'><strong>proprium</strong></span> <span class='ocrx_word' id='word_1_75' title='bbox 745 1262 831 1308; x_wconf 90' lang='lat' dir='ltr'><strong>est</strong></span> <span class='ocrx_word' id='word_1_76' title='bbox 877 1267 1064 1308; x_wconf 88' lang='lat' dir='ltr'><strong>eorum</strong></span> <span class='ocrx_word' id='word_1_77' title='bbox 1104 1255 1196 1325; x_wconf 90' lang='lat' dir='ltr'><strong>qtti</strong></span> <span class='ocrx_word' id='word_1_78' title='bbox 1227 1257 1513 1311; x_wconf 85' lang='lat' dir='ltr'><strong>veritatem</strong></span> <span class='ocrx_word' id='word_1_79' title='bbox 1545 1255 1716 1311; x_wconf 83' lang='lat' dir='ltr'><strong>furari</strong></span> <span class='ocrx_word' id='word_1_80' title='bbox 1748 1257 2006 1329; x_wconf 85' lang='lat' dir='ltr'><strong>volunt),</strong></span> 
     </span>
    </p>
   </div>
   <div class='ocr_carea' id='block_1_14' title="bbox 423 1346 2005 1418">
    <p class='ocr_par' dir='ltr' id='par_1_14' title="bbox 423 1346 2005 1418">
     <span class='ocr_line' id='line_1_14' title="bbox 423 1346 2005 1418; baseline 0.001 -18"><span class='ocrx_word' id='word_1_81' title='bbox 423 1347 520 1401; x_wconf 85' lang='lat' dir='ltr'><strong>sed</strong></span> <span class='ocrx_word' id='word_1_82' title='bbox 566 1346 729 1401; x_wconf 85' lang='lat' dir='ltr'><strong>verba</strong></span> <span class='ocrx_word' id='word_1_83' title='bbox 774 1355 830 1401; x_wconf 84' lang='lat' dir='ltr'><strong>et</strong></span> <span class='ocrx_word' id='word_1_84' title='bbox 875 1347 1093 1401; x_wconf 90' lang='lat' dir='ltr'><strong>nomina</strong></span> <span class='ocrx_word' id='word_1_85' title='bbox 1143 1347 1486 1418; x_wconf 82' lang='lat' dir='ltr'><strong>simpliciter,</strong></span> <span class='ocrx_word' id='word_1_86' title='bbox 1522 1358 1580 1402; x_wconf 94' lang='lat' dir='ltr'><strong>nt</strong></span> <span class='ocrx_word' id='word_1_87' title='bbox 1629 1363 1690 1404; x_wconf 91' lang='lat' dir='ltr'><strong>se</strong></span> <span class='ocrx_word' id='word_1_88' title='bbox 1729 1349 2005 1416; x_wconf 73' lang='lat' dir='ltr'><strong>olferunt’,</strong></span> 
     </span>
    </p>
   </div>
   <div class='ocr_carea' id='block_1_15' title="bbox 428 1423 2003 1510">
    <p class='ocr_par' dir='ltr' id='par_1_15' title="bbox 428 1423 2003 1510">
     <span class='ocr_line' id='line_1_15' title="bbox 428 1423 2003 1510; baseline 0.001 -18"><span class='ocrx_word' id='word_1_89' title='bbox 428 1446 734 1504; x_wconf 87' lang='lat' dir='ltr'><strong>usurpant,</strong></span> <span class='ocrx_word' id='word_1_90' title='bbox 780 1453 844 1492; x_wconf 88' lang='lat' dir='ltr'><strong>ac</strong></span> <span class='ocrx_word' id='word_1_91' title='bbox 891 1453 951 1492; x_wconf 85' lang='lat' dir='ltr'><strong>ea</strong></span> <span class='ocrx_word' id='word_1_92' title='bbox 986 1423 1138 1492; x_wconf 84' lang='lat' dir='ltr'><strong>vobis</strong></span> <span class='ocrx_word' id='word_1_93' title='bbox 1172 1440 1454 1505; x_wconf 87' lang='lat' dir='ltr'><strong>nttntiant,</strong></span> <span class='ocrx_word' id='word_1_94' title='bbox 1499 1453 1618 1509; x_wconf 66' lang='lat' dir='ltr'><strong>qua:</strong></span> <span class='ocrx_word' id='word_1_95' title='bbox 1661 1439 1914 1510; x_wconf 86' lang='lat' dir='ltr'><strong>delapsus</strong></span> <span class='ocrx_word' id='word_1_96' title='bbox 1951 1441 2003 1494; x_wconf 90' lang='lat' dir='ltr'><strong>in</strong></span> 
     </span>
    </p>
   </div>
   <div class='ocr_carea' id='block_1_16' title="bbox 421 1530 2005 1602">
    <p class='ocr_par' dir='ltr' id='par_1_16' title="bbox 421 1530 2005 1602">
     <span class='ocr_line' id='line_1_16' title="bbox 421 1530 2005 1602; baseline 0.002 -18"><span class='ocrx_word' id='word_1_97' title='bbox 421 1545 517 1586; x_wconf 87' lang='lat' dir='ltr'><strong>eos</strong></span> <span class='ocrx_word' id='word_1_98' title='bbox 546 1530 778 1601; x_wconf 84' lang='lat' dir='ltr'><strong>Spiritus</strong></span> <span class='ocrx_word' id='word_1_99' title='bbox 809 1541 1058 1595; x_wconf 86' lang='lat' dir='ltr'><strong>sanctus,</strong></span> <span class='ocrx_word' id='word_1_100' title='bbox 1087 1530 1172 1586; x_wconf 92' lang='lat' dir='ltr'><strong>his</strong></span> <span class='ocrx_word' id='word_1_101' title='bbox 1202 1531 1294 1602; x_wconf 91' lang='lat' dir='ltr'><strong>qui</strong></span> <span class='ocrx_word' id='word_1_102' title='bbox 1324 1547 1504 1587; x_wconf 88' lang='lat' dir='ltr'><strong>veram</strong></span> <span class='ocrx_word' id='word_1_103' title='bbox 1539 1532 1855 1602; x_wconf 75' lang='lat' dir='ltr'><strong>religionem</strong></span> <span class='ocrx_word' id='word_1_104' title='bbox 1888 1533 2005 1587; x_wconf 87' lang='lat' dir='ltr'><strong>edi-</strong></span> 
     </span>
    </p>
   </div>
   <div class='ocr_carea' id='block_1_17' title="bbox 420 1622 2004 1705">
    <p class='ocr_par' dir='ltr' id='par_1_17' title="bbox 420 1622 2004 1705">
     <span class='ocr_line' id='line_1_17' title="bbox 420 1622 2004 1705; baseline 0.001 -28"><span class='ocrx_word' id='word_1_105' title='bbox 420 1637 575 1677; x_wconf 91' lang='lat' dir='ltr'><strong>scere</strong></span> <span class='ocrx_word' id='word_1_106' title='bbox 601 1622 851 1692; x_wconf 88' lang='lat' dir='ltr'><strong>cupiunt,</strong></span> <span class='ocrx_word' id='word_1_107' title='bbox 884 1637 981 1705; x_wconf 81' lang='lat' dir='ltr'><strong>per</strong></span> <span class='ocrx_word' id='word_1_108' title='bbox 1007 1638 1101 1678; x_wconf 86' lang='lat' dir='ltr'><strong>eos</strong></span> <span class='ocrx_word' id='word_1_109' title='bbox 1132 1624 1348 1679; x_wconf 86' lang='lat' dir='ltr'><strong>tradere</strong></span> <span class='ocrx_word' id='word_1_110' title='bbox 1379 1624 1570 1679; x_wconf 87' lang='lat' dir='ltr'><strong>voluit.</strong></span> <span class='ocrx_word' id='word_1_111' title='bbox 1598 1623 1792 1679; x_wconf 77' lang='lat' dir='ltr'><strong>Malum</strong></span> <span class='ocrx_word' id='word_1_112' title='bbox 1837 1624 2004 1696; x_wconf 77' lang='lat' dir='ltr'><strong>igitur</strong></span> 
     </span>
    </p>
   </div>
   <div class='ocr_carea' id='block_1_18' title="bbox 419 1715 2000 1786">
    <p class='ocr_par' dir='ltr' id='par_1_18' title="bbox 419 1715 2000 1786">
     <span class='ocr_line' id='line_1_18' title="bbox 419 1715 2000 1786; baseline 0.004 -20"><span class='ocrx_word' id='word_1_113' title='bbox 419 1729 638 1770; x_wconf 88' lang='lat' dir='ltr'><strong>omnem</strong></span> <span class='ocrx_word' id='word_1_114' title='bbox 664 1718 924 1784; x_wconf 84' lang='lat' dir='ltr'><strong>pudorem</strong></span> <span class='ocrx_word' id='word_1_115' title='bbox 973 1715 1298 1786; x_wconf 87' lang='lat' dir='ltr'><strong>abjicientes</strong></span> <span class='ocrx_word' id='word_1_116' title='bbox 1325 1730 1391 1771; x_wconf 88' lang='lat' dir='ltr'><strong>ac</strong></span> <span class='ocrx_word' id='word_1_117' title='bbox 1417 1727 1658 1772; x_wconf 88' lang='lat' dir='ltr'><strong>veterem</strong></span> <span class='ocrx_word' id='word_1_118' title='bbox 1715 1719 2000 1773; x_wconf 91' lang='lat' dir='ltr'><strong>hominum</strong></span> 
     </span>
    </p>
   </div>
   <div class='ocr_carea' id='block_1_19' title="bbox 419 1808 2000 1880">
    <p class='ocr_par' dir='ltr' id='par_1_19' title="bbox 419 1808 2000 1880">
     <span class='ocr_line' id='line_1_19' title="bbox 419 1808 2000 1880; baseline 0.003 -19"><span class='ocrx_word' id='word_1_119' title='bbox 419 1821 685 1872; x_wconf 87' lang='lat' dir='ltr'><strong>errorem,</strong></span> <span class='ocrx_word' id='word_1_120' title='bbox 716 1816 772 1863; x_wconf 87' lang='lat' dir='ltr'><strong>et</strong></span> <span class='ocrx_word' id='word_1_121' title='bbox 801 1808 1016 1863; x_wconf 88' lang='lat' dir='ltr'><strong>inanem</strong></span> <span class='ocrx_word' id='word_1_122' title='bbox 1046 1809 1434 1865; x_wconf 85' lang='lat' dir='ltr'><strong>ostentationis</strong></span> <span class='ocrx_word' id='word_1_123' title='bbox 1463 1811 1778 1880; x_wconf 86' lang='lat' dir='ltr'><strong>strepitum,</strong></span> <span class='ocrx_word' id='word_1_124' title='bbox 1809 1812 1862 1866; x_wconf 91' lang='lat' dir='ltr'><strong>in</strong></span> <span class='ocrx_word' id='word_1_125' title='bbox 1891 1826 2000 1880; x_wconf 88' lang='lat' dir='ltr'><strong>quo</strong></span> 
     </span>
    </p>
   </div>
   <div class='ocr_carea' id='block_1_20' title="bbox 2120 607 3712 681">
    <p class='ocr_par' dir='ltr' id='par_1_20' title="bbox 2120 607 3712 681">
     <span class='ocr_line' id='line_1_20' title="bbox 2120 607 3712 681; baseline -0.001 -19"><span class='ocrx_word' id='word_1_126' title='bbox 2120 608 2248 680; x_wconf 80' lang='grc' dir='ltr'>δρες</span> <span class='ocrx_word' id='word_1_127' title='bbox 2282 609 2561 680; x_wconf 85' lang='grc' dir='ltr'>Ἕλληνες,</span> <span class='ocrx_word' id='word_1_128' title='bbox 2595 609 2703 662; x_wconf 71' lang='grc' dir='ltr'><strong>ἀπὸ</strong></span> <span class='ocrx_word' id='word_1_129' title='bbox 2732 609 2840 662; x_wconf 89' lang='grc' dir='ltr'><strong>τῶν</strong></span> <span class='ocrx_word' id='word_1_130' title='bbox 2884 607 3082 672; x_wconf 80' lang='grc' dir='ltr'>ἔξωθεν</span> <span class='ocrx_word' id='word_1_131' title='bbox 3117 607 3388 681; x_wconf 75' lang='grc' dir='ltr'><strong>ἱστοριῶν,</strong></span> <span class='ocrx_word' id='word_1_132' title='bbox 3413 610 3500 662; x_wconf 85' lang='grc' dir='ltr'><strong>ὅτι</strong></span> <span class='ocrx_word' id='word_1_133' title='bbox 3535 607 3712 678; x_wconf 79' lang='grc' dir='ltr'>πολλῷ</span> 
     </span>
    </p>
   </div>
   <div class='ocr_carea' id='block_1_21' title="bbox 2119 698 3714 770">
    <p class='ocr_par' dir='ltr' id='par_1_21' title="bbox 2119 698 3714 770">
     <span class='ocr_line' id='line_1_21' title="bbox 2119 698 3714 770; baseline 0.001 -18"><span class='ocrx_word' id='word_1_134' title='bbox 2119 698 2492 770; x_wconf 77' lang='grc' dir='ltr'>πρεσϐύτατος</span> <span class='ocrx_word' id='word_1_135' title='bbox 2537 700 2784 770; x_wconf 76' lang='grc' dir='ltr'>Μωῦσῆς</span> <span class='ocrx_word' id='word_1_136' title='bbox 2827 699 2920 752; x_wconf 70' lang='grc' dir='ltr'><strong>καὶ</strong></span> <span class='ocrx_word' id='word_1_137' title='bbox 2956 699 3004 753; x_wconf 87' lang='grc' dir='ltr'>οἱ</span> <span class='ocrx_word' id='word_1_138' title='bbox 3033 699 3213 752; x_wconf 74' lang='grc' dir='ltr'>λοιποὶ</span> <span class='ocrx_word' id='word_1_139' title='bbox 3247 698 3526 770; x_wconf 77' lang='grc' dir='ltr'><strong>προφῆται</strong></span> <span class='ocrx_word' id='word_1_140' title='bbox 3556 701 3714 768; x_wconf 71' lang='grc' dir='ltr'>γεγό-</span> 
     </span>
    </p>
   </div>
   <div class='ocr_carea' id='block_1_22' title="bbox 2117 790 3709 864">
    <p class='ocr_par' dir='ltr' id='par_1_22' title="bbox 2117 790 3709 864">
     <span class='ocr_line' id='line_1_22' title="bbox 2117 790 3709 864; baseline -0.001 -20"><span class='ocrx_word' id='word_1_141' title='bbox 2117 810 2238 844; x_wconf 88' lang='grc' dir='ltr'>νασι</span> <span class='ocrx_word' id='word_1_142' title='bbox 2275 791 2492 845; x_wconf 85' lang='grc' dir='ltr'>πάντων</span> <span class='ocrx_word' id='word_1_143' title='bbox 2519 791 2626 845; x_wconf 89' lang='grc' dir='ltr'><strong>τῶν</strong></span> <span class='ocrx_word' id='word_1_144' title='bbox 2657 795 2787 864; x_wconf 79' lang='grc' dir='ltr'>παρ’</span> <span class='ocrx_word' id='word_1_145' title='bbox 2816 793 2946 864; x_wconf 82' lang='grc' dir='ltr'>ὑμῖν</span> <span class='ocrx_word' id='word_1_146' title='bbox 2980 791 3158 861; x_wconf 81' lang='grc' dir='ltr'>σοφῶν</span> <span class='ocrx_word' id='word_1_147' title='bbox 3201 790 3534 862; x_wconf 76' lang='grc' dir='ltr'>γεγενῆσθαι</span> <span class='ocrx_word' id='word_1_148' title='bbox 3561 809 3709 861; x_wconf 84' lang='grc' dir='ltr'>νομι-</span> 
     </span>
    </p>
   </div>
   <div class='ocr_carea' id='block_1_23' title="bbox 2117 881 3689 956">
    <p class='ocr_par' dir='ltr' id='par_1_23' title="bbox 2117 881 3689 956">
     <span class='ocr_line' id='line_1_23' title="bbox 2117 881 3689 956; baseline 0.001 -20"><span class='ocrx_word' id='word_1_149' title='bbox 2117 881 2373 946; x_wconf 87' lang='grc' dir='ltr'>σθέντων,</span> <span class='ocrx_word' id='word_1_150' title='bbox 2402 883 2501 953; x_wconf 82' lang='grc' dir='ltr'>τῆς</span> <span class='ocrx_word' id='word_1_151' title='bbox 2528 883 2766 948; x_wconf 81' lang='grc' dir='ltr'>παλαιᾶς</span> <span class='ocrx_word' id='word_1_152' title='bbox 2807 884 2906 956; x_wconf 85' lang='grc' dir='ltr'><strong>μὲν</strong></span> <span class='ocrx_word' id='word_1_153' title='bbox 2932 885 3076 955; x_wconf 77' lang='grc' dir='ltr'>ὑμᾶς</span> <span class='ocrx_word' id='word_1_154' title='bbox 3106 883 3215 938; x_wconf 86' lang='grc' dir='ltr'><strong>τῶν</strong></span> <span class='ocrx_word' id='word_1_155' title='bbox 3258 884 3545 955; x_wconf 84' lang='grc' dir='ltr'>προγόνων</span> <span class='ocrx_word' id='word_1_156' title='bbox 3577 887 3689 938; x_wconf 67' lang='grc' dir='ltr'><strong>ἀπο</strong></span> 
     </span>
    </p>
   </div>
   <div class='ocr_carea' id='block_1_24' title="bbox 2116 976 3709 1048">
    <p class='ocr_par' dir='ltr' id='par_1_24' title="bbox 2116 976 3709 1048">
     <span class='ocr_line' id='line_1_24' title="bbox 2116 976 3709 1048; baseline 0 -19"><span class='ocrx_word' id='word_1_157' title='bbox 2116 976 2307 1045; x_wconf 81' lang='grc' dir='ltr'>στῆναι</span> <span class='ocrx_word' id='word_1_158' title='bbox 2332 977 2559 1048; x_wconf 78' lang='grc' dir='ltr'><strong>πλάνης,</strong></span> <span class='ocrx_word' id='word_1_159' title='bbox 2583 978 2824 1048; x_wconf 80' lang='grc' dir='ltr'>ἐντυχεῖν</span> <span class='ocrx_word' id='word_1_160' title='bbox 2846 978 2903 1031; x_wconf 88' lang='grc' dir='ltr'><strong>δέ</strong></span> <span class='ocrx_word' id='word_1_161' title='bbox 2929 981 3047 1042; x_wconf 87' lang='grc' dir='ltr'>ταῖς</span> <span class='ocrx_word' id='word_1_162' title='bbox 3077 977 3250 1042; x_wconf 78' lang='grc' dir='ltr'>θείαις</span> <span class='ocrx_word' id='word_1_163' title='bbox 3272 977 3380 1032; x_wconf 88' lang='grc' dir='ltr'><strong>τῶν</strong></span> <span class='ocrx_word' id='word_1_164' title='bbox 3410 979 3709 1048; x_wconf 75' lang='grc' dir='ltr'>προφητῶν</span> 
     </span>
    </p>
   </div>
   <div class='ocr_carea' id='block_1_25' title="bbox 2115 1069 3707 1143">
    <p class='ocr_par' dir='ltr' id='par_1_25' title="bbox 2115 1069 3707 1143">
     <span class='ocr_line' id='line_1_25' title="bbox 2115 1069 3707 1143; baseline -0.001 -20"><span class='ocrx_word' id='word_1_165' title='bbox 2115 1070 2396 1142; x_wconf 79' lang='grc' dir='ltr'>ἱστορίαις,</span> <span class='ocrx_word' id='word_1_166' title='bbox 2435 1070 2528 1122; x_wconf 79' lang='grc' dir='ltr'><strong>καὶ</strong></span> <span class='ocrx_word' id='word_1_167' title='bbox 2561 1070 2762 1139; x_wconf 88' lang='grc' dir='ltr'>γνῶναι</span> <span class='ocrx_word' id='word_1_168' title='bbox 2798 1072 2926 1143; x_wconf 84' lang='grc' dir='ltr'>παρ’</span> <span class='ocrx_word' id='word_1_169' title='bbox 2952 1069 3130 1124; x_wconf 81' lang='grc' dir='ltr'>αὐτῶν</span> <span class='ocrx_word' id='word_1_170' title='bbox 3171 1070 3269 1142; x_wconf 79' lang='grc' dir='ltr'>τὴν</span> <span class='ocrx_word' id='word_1_171' title='bbox 3307 1069 3489 1141; x_wconf 87' lang='grc' dir='ltr'>ἀληθῆ</span> <span class='ocrx_word' id='word_1_172' title='bbox 3529 1069 3707 1123; x_wconf 80' lang='grc' dir='ltr'>θεοσέ-</span> 
     </span>
    </p>
   </div>
   <div class='ocr_carea' id='block_1_26' title="bbox 2113 1162 3704 1234">
    <p class='ocr_par' dir='ltr' id='par_1_26' title="bbox 2113 1162 3704 1234">
     <span class='ocr_line' id='line_1_26' title="bbox 2113 1162 3704 1234; baseline 0.003 -21"><span class='ocrx_word' id='word_1_173' title='bbox 2113 1163 2282 1226; x_wconf 76' lang='grc' dir='ltr'>ϐειαν,</span> <span class='ocrx_word' id='word_1_174' title='bbox 2317 1163 2376 1215; x_wconf 81' lang='grc' dir='ltr'><strong>οῦ</strong></span> <span class='ocrx_word' id='word_1_175' title='bbox 2410 1163 2584 1232; x_wconf 87' lang='grc' dir='ltr'>λόγων</span> <span class='ocrx_word' id='word_1_176' title='bbox 2628 1163 2755 1234; x_wconf 86' lang='grc' dir='ltr'>ὑμῖν</span> <span class='ocrx_word' id='word_1_177' title='bbox 2809 1162 3262 1232; x_wconf 82' lang='grc' dir='ltr'><strong>ἀπαγγελλόντων</strong></span> <span class='ocrx_word' id='word_1_178' title='bbox 3309 1162 3534 1233; x_wconf 82' lang='grc' dir='ltr'>τέχνας,</span> <span class='ocrx_word' id='word_1_179' title='bbox 3585 1164 3704 1217; x_wconf 62' lang='grc' dir='ltr'>οὐδὲ</span> 
     </span>
    </p>
   </div>
   <div class='ocr_carea' id='block_1_27' title="bbox 2113 1252 3704 1326">
    <p class='ocr_par' dir='ltr' id='par_1_27' title="bbox 2113 1252 3704 1326">
     <span class='ocr_line' id='line_1_27' title="bbox 2113 1252 3704 1326; baseline 0.002 -21"><span class='ocrx_word' id='word_1_180' title='bbox 2113 1252 2352 1321; x_wconf 75' lang='grc' dir='ltr'>πιθανῶς</span> <span class='ocrx_word' id='word_1_181' title='bbox 2389 1254 2482 1307; x_wconf 69' lang='grc' dir='ltr'><strong>καὶ</strong></span> <span class='ocrx_word' id='word_1_182' title='bbox 2513 1253 2877 1317; x_wconf 86' lang='grc' dir='ltr'>πιστευτικῶς</span> <span class='ocrx_word' id='word_1_183' title='bbox 2907 1253 3174 1322; x_wconf 81' lang='grc' dir='ltr'>λέγοντων</span> <span class='ocrx_word' id='word_1_184' title='bbox 3195 1271 3208 1284; x_wconf 84' lang='grc'><em>’</em></span> <span class='ocrx_word' id='word_1_185' title='bbox 3245 1254 3403 1308; x_wconf 86' lang='grc' dir='ltr'>τοῦτο</span> <span class='ocrx_word' id='word_1_186' title='bbox 3424 1255 3538 1326; x_wconf 80' lang='grc' dir='ltr'>γὰρ</span> <span class='ocrx_word' id='word_1_187' title='bbox 3575 1255 3704 1308; x_wconf 75' lang='grc' dir='ltr'>[διον</span> 
     </span>
    </p>
   </div>
   <div class='ocr_carea' id='block_1_28' title="bbox 2110 1346 3703 1419">
    <p class='ocr_par' dir='ltr' id='par_1_28' title="bbox 2110 1346 3703 1419">
     <span class='ocr_line' id='line_1_28' title="bbox 2110 1346 3703 1419; baseline 0.001 -18"><span class='ocrx_word' id='word_1_188' title='bbox 2110 1347 2218 1401; x_wconf 85' lang='grc' dir='ltr'><strong>τῶν</strong></span> <span class='ocrx_word' id='word_1_189' title='bbox 2248 1347 2346 1419; x_wconf 83' lang='grc' dir='ltr'><strong>τὴν</strong></span> <span class='ocrx_word' id='word_1_190' title='bbox 2377 1346 2634 1418; x_wconf 82' lang='grc' dir='ltr'>ἀλήθειαν</span> <span class='ocrx_word' id='word_1_191' title='bbox 2680 1348 2932 1402; x_wconf 81' lang='grc' dir='ltr'>κλέπτειν</span> <span class='ocrx_word' id='word_1_192' title='bbox 2975 1346 3267 1401; x_wconf 87' lang='grc' dir='ltr'>ἐθελόντων</span> <span class='ocrx_word' id='word_1_193' title='bbox 3287 1365 3300 1378; x_wconf 79' lang='grc'><em>’</em></span> <span class='ocrx_word' id='word_1_194' title='bbox 3342 1347 3483 1401; x_wconf 85' lang='grc' dir='ltr'>ἀλλὰ</span> <span class='ocrx_word' id='word_1_195' title='bbox 3516 1349 3703 1412; x_wconf 77' lang='grc' dir='ltr'>ἁπλῶς</span> 
     </span>
    </p>
   </div>
   <div class='ocr_carea' id='block_1_29' title="bbox 2107 1441 3703 1515">
    <p class='ocr_par' dir='ltr' id='par_1_29' title="bbox 2107 1441 3703 1515">
     <span class='ocr_line' id='line_1_29' title="bbox 2107 1441 3703 1515; baseline 0.002 -21"><span class='ocrx_word' id='word_1_196' title='bbox 2107 1443 2218 1506; x_wconf 84' lang='grc' dir='ltr'>τοῖς</span> <span class='ocrx_word' id='word_1_197' title='bbox 2247 1441 2591 1512; x_wconf 76' lang='grc' dir='ltr'>ἐπιτυχοῦσιν</span> <span class='ocrx_word' id='word_1_198' title='bbox 2625 1441 2734 1512; x_wconf 68' lang='grc'><strong>(44)</strong></span> <span class='ocrx_word' id='word_1_199' title='bbox 2774 1441 2997 1512; x_wconf 81' lang='grc' dir='ltr'>ὀνόμασί</span> <span class='ocrx_word' id='word_1_200' title='bbox 3024 1459 3082 1496; x_wconf 90' lang='grc' dir='ltr'><strong>τε</strong></span> <span class='ocrx_word' id='word_1_201' title='bbox 3117 1443 3210 1496; x_wconf 68' lang='grc' dir='ltr'><strong>καὶ</strong></span> <span class='ocrx_word' id='word_1_202' title='bbox 3246 1442 3456 1514; x_wconf 77' lang='grc' dir='ltr'>ῥήμασι</span> <span class='ocrx_word' id='word_1_203' title='bbox 3485 1445 3703 1515; x_wconf 75' lang='grc' dir='ltr'>χρωμέ-</span> 
     </span>
    </p>
   </div>
   <div class='ocr_carea' id='block_1_30' title="bbox 2107 1533 3700 1604">
    <p class='ocr_par' dir='ltr' id='par_1_30' title="bbox 2107 1533 3700 1604">
     <span class='ocr_line' id='line_1_30' title="bbox 2107 1533 3700 1604; baseline -0.001 -14"><span class='ocrx_word' id='word_1_204' title='bbox 2107 1552 2234 1599; x_wconf 86' lang='grc' dir='ltr'>νων,</span> <span class='ocrx_word' id='word_1_205' title='bbox 2274 1533 2423 1588; x_wconf 81' lang='grc' dir='ltr'>ταῦθ’</span> <span class='ocrx_word' id='word_1_206' title='bbox 2452 1535 2582 1604; x_wconf 80' lang='grc' dir='ltr'>ὑμῖν</span> <span class='ocrx_word' id='word_1_207' title='bbox 2612 1533 3080 1602; x_wconf 76' lang='grc' dir='ltr'>ἀπαγγελλόντων,</span> <span class='ocrx_word' id='word_1_208' title='bbox 3118 1533 3153 1586; x_wconf 80' lang='grc' dir='ltr'>ἃ</span> <span class='ocrx_word' id='word_1_209' title='bbox 3196 1534 3253 1587; x_wconf 74' lang='grc' dir='ltr'>τὸ</span> <span class='ocrx_word' id='word_1_210' title='bbox 3282 1534 3438 1603; x_wconf 76' lang='grc' dir='ltr'>ἅγιον</span> <span class='ocrx_word' id='word_1_211' title='bbox 3471 1537 3562 1588; x_wconf 86' lang='grc' dir='ltr'>ἐπ’</span> <span class='ocrx_word' id='word_1_212' title='bbox 3607 1538 3700 1589; x_wconf 72' lang='grc' dir='ltr'>αῦ-</span> 
     </span>
    </p>
   </div>
   <div class='ocr_carea' id='block_1_31' title="bbox 2105 1622 3702 1697">
    <p class='ocr_par' dir='ltr' id='par_1_31' title="bbox 2105 1622 3702 1697">
     <span class='ocr_line' id='line_1_31' title="bbox 2105 1622 3702 1697; baseline 0 -19"><span class='ocrx_word' id='word_1_213' title='bbox 2105 1625 2230 1688; x_wconf 83' lang='grc' dir='ltr'>τοὺς</span> <span class='ocrx_word' id='word_1_214' title='bbox 2263 1622 2519 1678; x_wconf 76' lang='grc' dir='ltr'>κατελθὸν</span> <span class='ocrx_word' id='word_1_215' title='bbox 2569 1623 2811 1694; x_wconf 83' lang='grc' dir='ltr'>Πνεῦμα,</span> <span class='ocrx_word' id='word_1_216' title='bbox 2853 1625 2978 1687; x_wconf 82' lang='grc' dir='ltr'>τοὺς</span> <span class='ocrx_word' id='word_1_217' title='bbox 3020 1623 3117 1695; x_wconf 84' lang='grc' dir='ltr'><strong>τὴν</strong></span> <span class='ocrx_word' id='word_1_218' title='bbox 3164 1623 3336 1697; x_wconf 82' lang='grc' dir='ltr'>ἀληθῆ</span> <span class='ocrx_word' id='word_1_219' title='bbox 3386 1624 3702 1681; x_wconf 74' lang='grc' dir='ltr'>θεοσέϐειαν</span> 
     </span>
    </p>
   </div>
   <div class='ocr_carea' id='block_1_32' title="bbox 2109 1714 3700 1791">
    <p class='ocr_par' dir='ltr' id='par_1_32' title="bbox 2109 1714 3700 1791">
     <span class='ocr_line' id='line_1_32' title="bbox 2109 1714 3700 1791; baseline -0.002 -21"><span class='ocrx_word' id='word_1_220' title='bbox 2109 1715 2401 1788; x_wconf 82' lang='grc' dir='ltr'>μανθάνειν</span> <span class='ocrx_word' id='word_1_221' title='bbox 2449 1714 2805 1787; x_wconf 77' lang='grc' dir='ltr'>βουλομένους</span> <span class='ocrx_word' id='word_1_222' title='bbox 2832 1715 2898 1768; x_wconf 83' lang='grc' dir='ltr'>δι’</span> <span class='ocrx_word' id='word_1_223' title='bbox 2941 1715 3120 1769; x_wconf 78' lang='grc' dir='ltr'>αὐτῶν</span> <span class='ocrx_word' id='word_1_224' title='bbox 3152 1716 3424 1771; x_wconf 84' lang='grc' dir='ltr'>διδάσκειν</span> <span class='ocrx_word' id='word_1_225' title='bbox 3454 1718 3700 1791; x_wconf 66' lang='grc' dir='ltr'>προῄρη-</span> 
     </span>
    </p>
   </div>
   <div class='ocr_carea' id='block_1_33' title="bbox 2104 1805 3698 1882">
    <p class='ocr_par' dir='ltr' id='par_1_33' title="bbox 2104 1805 3698 1882">
     <span class='ocr_line' id='line_1_33' title="bbox 2104 1805 3698 1882; baseline 0.001 -18"><span class='ocrx_word' id='word_1_226' title='bbox 2104 1828 2212 1865; x_wconf 90' lang='grc' dir='ltr'>ται.</span> <span class='ocrx_word' id='word_1_227' title='bbox 2256 1812 2442 1864; x_wconf 78' lang='grc' dir='ltr'>Πᾶσαν</span> <span class='ocrx_word' id='word_1_228' title='bbox 2473 1805 2565 1863; x_wconf 84' lang='grc' dir='ltr'><strong>οῦν</strong></span> <span class='ocrx_word' id='word_1_229' title='bbox 2605 1809 2758 1874; x_wconf 81' lang='grc' dir='ltr'>αἰδῶ,</span> <span class='ocrx_word' id='word_1_230' title='bbox 2795 1810 2888 1863; x_wconf 69' lang='grc' dir='ltr'><strong>καὶ</strong></span> <span class='ocrx_word' id='word_1_231' title='bbox 2929 1809 3164 1864; x_wconf 72' lang='grc' dir='ltr'>παλαιὰν</span> <span class='ocrx_word' id='word_1_232' title='bbox 3197 1809 3504 1882; x_wconf 84' lang='grc' dir='ltr'>ἀνθρώπων</span> <span class='ocrx_word' id='word_1_233' title='bbox 3560 1812 3698 1865; x_wconf 74' lang='grc' dir='ltr'>πλά-</span> 
     </span>
    </p>
   </div>
   <div class='ocr_carea' id='block_1_34' title="bbox 418 1898 1981 1973">
    <p class='ocr_par' dir='ltr' id='par_1_34' title="bbox 418 1900 1981 1972">
     <span class='ocr_line' id='line_1_34' title="bbox 418 1900 1981 1972; baseline 0.002 -19"><span class='ocrx_word' id='word_1_234' title='bbox 418 1900 582 1954; x_wconf 75' lang='grc' dir='ltr'>ειίιιῐη</span> <span class='ocrx_word' id='word_1_235' title='bbox 625 1915 846 1955; x_wconf 86' lang='lat' dir='ltr'><strong>omnem</strong></span> <span class='ocrx_word' id='word_1_236' title='bbox 898 1901 1054 1956; x_wconf 81' lang='lat' dir='ltr'><strong>beate</strong></span> <span class='ocrx_word' id='word_1_237' title='bbox 1089 1902 1302 1957; x_wconf 84' lang='lat' dir='ltr'><strong>vivendi</strong></span> <span class='ocrx_word' id='word_1_238' title='bbox 1339 1903 1604 1957; x_wconf 89' lang='lat' dir='ltr'><strong>rationem</strong></span> <span class='ocrx_word' id='word_1_239' title='bbox 1648 1904 1880 1972; x_wconf 85' lang='lat' dir='ltr'><strong>positam</strong></span> <span class='ocrx_word' id='word_1_240' title='bbox 1914 1903 1981 1957; x_wconf 92' lang='lat' dir='ltr'><strong>du</strong></span> 
     </span>
    </p>
   </div>
   <div class='ocr_carea' id='block_1_35' title="bbox 2159 1898 3696 1973">
    <p class='ocr_par' dir='ltr' id='par_1_35' title="bbox 2159 1898 3696 1973">
     <span class='ocr_line' id='line_1_35' title="bbox 2159 1898 3696 1973; baseline -0.001 -19"><span class='ocrx_word' id='word_1_241' title='bbox 2159 1919 2222 1973; x_wconf 59' lang='grc' dir='ltr'>λν,</span> <span class='ocrx_word' id='word_1_242' title='bbox 2253 1901 2347 1954; x_wconf 78' lang='grc' dir='ltr'><strong>καὶ</strong></span> <span class='ocrx_word' id='word_1_243' title='bbox 2379 1900 2466 1953; x_wconf 80' lang='grc' dir='ltr'><strong>τὸν</strong></span> <span class='ocrx_word' id='word_1_244' title='bbox 2494 1899 2601 1953; x_wconf 86' lang='grc' dir='ltr'><strong>τῶν</strong></span> <span class='ocrx_word' id='word_1_245' title='bbox 2637 1899 2816 1967; x_wconf 82' lang='grc' dir='ltr'>ὄγκων</span> <span class='ocrx_word' id='word_1_246' title='bbox 2852 1898 2961 1970; x_wconf 70' lang='grc'><strong>(45)</strong></span> <span class='ocrx_word' id='word_1_247' title='bbox 2991 1899 3333 1972; x_wconf 76' lang='grc' dir='ltr'>φαντασιὼδη</span> <span class='ocrx_word' id='word_1_248' title='bbox 3367 1901 3696 1971; x_wconf 79' lang='grc' dir='ltr'>παρωσάμεο</span> 
     </span>
    </p>
   </div>
   <div class='ocr_carea' id='block_1_36' title="bbox 416 1990 1997 2060">
    <p class='ocr_par' dir='ltr' id='par_1_36' title="bbox 416 1990 1997 2060">
     <span class='ocr_line' id='line_1_36' title="bbox 416 1990 1997 2060; baseline 0.001 -15"><span class='ocrx_word' id='word_1_249' title='bbox 416 1991 562 2056; x_wconf 86' lang='lat' dir='ltr'><strong>citis,</strong></span> <span class='ocrx_word' id='word_1_250' title='bbox 589 2003 653 2044; x_wconf 89' lang='lat' dir='ltr'><strong>ea</strong></span> <span class='ocrx_word' id='word_1_251' title='bbox 681 1990 962 2045; x_wconf 81' lang='lat' dir='ltr'><strong>sectamini</strong></span> <span class='ocrx_word' id='word_1_252' title='bbox 993 2006 1111 2060; x_wconf 63' lang='lat' dir='ltr'><strong>quin</strong></span> <span class='ocrx_word' id='word_1_253' title='bbox 1144 1992 1294 2046; x_wconf 83' lang='lat' dir='ltr'><strong>vobis</strong></span> <span class='ocrx_word' id='word_1_254' title='bbox 1326 1993 1474 2046; x_wconf 83' lang='lat' dir='ltr'><strong>utilia</strong></span> <span class='ocrx_word' id='word_1_255' title='bbox 1527 1993 1653 2047; x_wconf 82' lang='lat' dir='ltr'><strong>sint.</strong></span> <span class='ocrx_word' id='word_1_256' title='bbox 1681 1991 1827 2048; x_wconf 90' lang='lat' dir='ltr'><strong>Nihil</strong></span> <span class='ocrx_word' id='word_1_257' title='bbox 1855 1993 1997 2047; x_wconf 90' lang='lat' dir='ltr'><strong>enim</strong></span> 
     </span>
    </p>
   </div>
   <div class='ocr_carea' id='block_1_37' title="bbox 417 2081 2001 2152">
    <p class='ocr_par' dir='ltr' id='par_1_37' title="bbox 417 2081 2001 2152">
     <span class='ocr_line' id='line_1_37' title="bbox 417 2081 2001 2152; baseline -0.001 -14"><span class='ocrx_word' id='word_1_258' title='bbox 417 2083 473 2138; x_wconf 90' lang='lat' dir='ltr'><strong>in</strong></span> <span class='ocrx_word' id='word_1_259' title='bbox 509 2081 743 2151; x_wconf 84' lang='lat' dir='ltr'><strong>majores</strong></span> <span class='ocrx_word' id='word_1_260' title='bbox 773 2092 991 2138; x_wconf 79' lang='lat' dir='ltr'><strong>vestros</strong></span> <span class='ocrx_word' id='word_1_261' title='bbox 1038 2084 1360 2152; x_wconf 81' lang='lat' dir='ltr'><strong>peccabitis,</strong></span> <span class='ocrx_word' id='word_1_262' title='bbox 1403 2085 1446 2138; x_wconf 89' lang='lat' dir='ltr'><strong>si</strong></span> <span class='ocrx_word' id='word_1_263' title='bbox 1493 2099 1638 2138; x_wconf 93' lang='lat' dir='ltr'><strong>nunc</strong></span> <span class='ocrx_word' id='word_1_264' title='bbox 1685 2083 1738 2138; x_wconf 91' lang='lat' dir='ltr'><strong>in</strong></span> <span class='ocrx_word' id='word_1_265' title='bbox 1785 2093 2001 2139; x_wconf 90' lang='lat' dir='ltr'><strong>contra-</strong></span> 
     </span>
    </p>
   </div>
   <div class='ocr_carea' id='block_1_38' title="bbox 417 2173 1996 2245">
    <p class='ocr_par' dir='ltr' id='par_1_38' title="bbox 417 2173 1996 2245">
     <span class='ocr_line' id='line_1_38' title="bbox 417 2173 1996 2245; baseline -0.002 -15"><span class='ocrx_word' id='word_1_266' title='bbox 417 2178 555 2230; x_wconf 88' lang='lat' dir='ltr'><strong>riam</strong></span> <span class='ocrx_word' id='word_1_267' title='bbox 587 2189 779 2230; x_wconf 88' lang='lat' dir='ltr'><strong>eorum</strong></span> <span class='ocrx_word' id='word_1_268' title='bbox 821 2174 1000 2229; x_wconf 87' lang='lat' dir='ltr'><strong>errori</strong></span> <span class='ocrx_word' id='word_1_269' title='bbox 1033 2185 1242 2244; x_wconf 88' lang='lat' dir='ltr'><strong>partem</strong></span> <span class='ocrx_word' id='word_1_270' title='bbox 1277 2173 1407 2229; x_wconf 79' lang='lat' dir='ltr'><strong>let-ri</strong></span> <span class='ocrx_word' id='word_1_271' title='bbox 1439 2175 1650 2241; x_wconf 82' lang='lat' dir='ltr'><strong>velitis;</strong></span> <span class='ocrx_word' id='word_1_272' title='bbox 1691 2192 1830 2245; x_wconf 88' lang='lat' dir='ltr'><strong>quos</strong></span> <span class='ocrx_word' id='word_1_273' title='bbox 1871 2175 1996 2245; x_wconf 87' lang='lat' dir='ltr'><strong>qni-</strong></span> 
     </span>
    </p>
   </div>
   <div class='ocr_carea' id='block_1_39' title="bbox 414 2269 1997 2338">
    <p class='ocr_par' dir='ltr' id='par_1_39' title="bbox 414 2269 1997 2338">
     <span class='ocr_line' id='line_1_39' title="bbox 414 2269 1997 2338; baseline 0.003 -14"><span class='ocrx_word' id='word_1_274' title='bbox 414 2271 538 2326; x_wconf 90' lang='lat' dir='ltr'><strong>dem</strong></span> <span class='ocrx_word' id='word_1_275' title='bbox 572 2269 869 2326; x_wconf 83' lang='lat' dir='ltr'><strong>verisimile</strong></span> <span class='ocrx_word' id='word_1_276' title='bbox 895 2279 982 2324; x_wconf 91' lang='lat' dir='ltr'><strong>est</strong></span> <span class='ocrx_word' id='word_1_277' title='bbox 1008 2284 1150 2324; x_wconf 91' lang='lat' dir='ltr'><strong>nunc</strong></span> <span class='ocrx_word' id='word_1_278' title='bbox 1179 2270 1231 2324; x_wconf 91' lang='lat' dir='ltr'><strong>in</strong></span> <span class='ocrx_word' id='word_1_279' title='bbox 1263 2269 1478 2325; x_wconf 83' lang='lat' dir='ltr'><strong>inl‘erno</strong></span> <span class='ocrx_word' id='word_1_280' title='bbox 1505 2285 1627 2325; x_wconf 84' lang='lat' dir='ltr'><strong>sera</strong></span> <span class='ocrx_word' id='word_1_281' title='bbox 1671 2273 1997 2338; x_wconf 87' lang='lat' dir='ltr'><strong>pcenitentia</strong></span> 
     </span>
    </p>
   </div>
   <div class='ocr_carea' id='block_1_40' title="bbox 415 2361 2000 2433">
    <p class='ocr_par' dir='ltr' id='par_1_40' title="bbox 415 2361 2000 2433">
     <span class='ocr_line' id='line_1_40' title="bbox 415 2361 2000 2433; baseline -0.001 -16"><span class='ocrx_word' id='word_1_282' title='bbox 415 2361 609 2418; x_wconf 89' lang='lat' dir='ltr'><strong>ductos</strong></span> <span class='ocrx_word' id='word_1_283' title='bbox 642 2361 850 2433; x_wconf 86' lang='lat' dir='ltr'><strong>lugere,</strong></span> <span class='ocrx_word' id='word_1_284' title='bbox 885 2377 951 2417; x_wconf 91' lang='lat' dir='ltr'><strong>ac</strong></span> <span class='ocrx_word' id='word_1_285' title='bbox 978 2361 1024 2417; x_wconf 89' lang='lat' dir='ltr'><strong>si</strong></span> <span class='ocrx_word' id='word_1_286' title='bbox 1061 2363 1179 2416; x_wconf 86' lang='lat' dir='ltr'><strong>tieri</strong></span> <span class='ocrx_word' id='word_1_287' title='bbox 1213 2373 1418 2432; x_wconf 86' lang='lat' dir='ltr'><strong>posset,</strong></span> <span class='ocrx_word' id='word_1_288' title='bbox 1445 2373 1504 2418; x_wconf 94' lang='lat' dir='ltr'><strong>ut</strong></span> <span class='ocrx_word' id='word_1_289' title='bbox 1538 2363 1660 2418; x_wconf 91' lang='lat' dir='ltr'><strong>inde</strong></span> <span class='ocrx_word' id='word_1_290' title='bbox 1692 2363 1842 2418; x_wconf 85' lang='lat' dir='ltr'><strong>vobis</strong></span> <span class='ocrx_word' id='word_1_291' title='bbox 1867 2380 2000 2417; x_wconf 88' lang='lat' dir='ltr'><strong>nun-</strong></span> 
     </span>
    </p>
   </div>
   <div class='ocr_carea' id='block_1_41' title="bbox 414 2455 1994 2526">
    <p class='ocr_par' dir='ltr' id='par_1_41' title="bbox 414 2455 1994 2526">
     <span class='ocr_line' id='line_1_41' title="bbox 414 2455 1994 2526; baseline -0.002 -14"><span class='ocrx_word' id='word_1_292' title='bbox 414 2457 636 2522; x_wconf 88' lang='lat' dir='ltr'><strong>tiarent,</strong></span> <span class='ocrx_word' id='word_1_293' title='bbox 664 2471 784 2526; x_wconf 67' lang='lat' dir='ltr'><strong>quae</strong></span> <span class='ocrx_word' id='word_1_294' title='bbox 810 2456 913 2511; x_wconf 83' lang='lat' dir='ltr'><strong>sibi</strong></span> <span class='ocrx_word' id='word_1_295' title='bbox 953 2465 1078 2526; x_wconf 91' lang='lat' dir='ltr'><strong>post</strong></span> <span class='ocrx_word' id='word_1_296' title='bbox 1111 2455 1270 2524; x_wconf 72' lang='lat' dir='ltr'><strong>hujus</strong></span> <span class='ocrx_word' id='word_1_297' title='bbox 1308 2457 1434 2512; x_wconf 64' lang='lat' dir='ltr'><strong>vitae</strong></span> <span class='ocrx_word' id='word_1_298' title='bbox 1475 2456 1636 2512; x_wconf 89' lang='lat' dir='ltr'><strong>linem</strong></span> <span class='ocrx_word' id='word_1_299' title='bbox 1675 2467 1994 2520; x_wconf 88' lang='lat' dir='ltr'><strong>evenerunt,</strong></span> 
     </span>
    </p>
   </div>
   <div class='ocr_carea' id='block_1_42' title="bbox 414 2547 1997 2620">
    <p class='ocr_par' dir='ltr' id='par_1_42' title="bbox 414 2547 1997 2620">
     <span class='ocr_line' id='line_1_42' title="bbox 414 2547 1997 2620; baseline 0.001 -16"><span class='ocrx_word' id='word_1_300' title='bbox 414 2547 823 2616; x_wconf 83' lang='lat' dir='ltr'><strong>cognosceretis</strong></span> <span class='ocrx_word' id='word_1_301' title='bbox 869 2548 1113 2618; x_wconf 83' lang='lat' dir='ltr'><strong>profecto</strong></span> <span class='ocrx_word' id='word_1_302' title='bbox 1157 2549 1374 2620; x_wconf 88' lang='lat' dir='ltr'><strong>quantis</strong></span> <span class='ocrx_word' id='word_1_303' title='bbox 1407 2564 1505 2604; x_wconf 86' lang='lat' dir='ltr'><strong>vos</strong></span> <span class='ocrx_word' id='word_1_304' title='bbox 1546 2548 1704 2602; x_wconf 89' lang='lat' dir='ltr'><strong>malis</strong></span> <span class='ocrx_word' id='word_1_305' title='bbox 1736 2549 1997 2605; x_wconf 83' lang='lat' dir='ltr'><strong>liberatos</strong></span> 
     </span>
    </p>
   </div>
   <div class='ocr_carea' id='block_1_43' title="bbox 412 2637 1996 2709">
    <p class='ocr_par' dir='ltr' id='par_1_43' title="bbox 412 2637 1996 2709">
     <span class='ocr_line' id='line_1_43' title="bbox 412 2637 1996 2709; baseline 0.001 -16"><span class='ocrx_word' id='word_1_306' title='bbox 412 2637 606 2695; x_wconf 91' lang='lat' dir='ltr'><strong>velint.</strong></span> <span class='ocrx_word' id='word_1_307' title='bbox 643 2637 752 2694; x_wconf 89' lang='lat' dir='ltr'><strong>Sed</strong></span> <span class='ocrx_word' id='word_1_308' title='bbox 793 2654 916 2693; x_wconf 89' lang='lat' dir='ltr'><strong>cum</strong></span> <span class='ocrx_word' id='word_1_309' title='bbox 955 2639 1006 2692; x_wconf 93' lang='lat' dir='ltr'><strong>in</strong></span> <span class='ocrx_word' id='word_1_310' title='bbox 1035 2639 1328 2709; x_wconf 65' lang='lat' dir='ltr'><strong>praesentia</strong></span> <span class='ocrx_word' id='word_1_311' title='bbox 1370 2654 1471 2695; x_wconf 86' lang='lat' dir='ltr'><strong>nec</strong></span> <span class='ocrx_word' id='word_1_312' title='bbox 1500 2639 1567 2693; x_wconf 90' lang='lat' dir='ltr'><strong>ah</strong></span> <span class='ocrx_word' id='word_1_313' title='bbox 1610 2638 1717 2693; x_wconf 92' lang='lat' dir='ltr'><strong>illis</strong></span> <span class='ocrx_word' id='word_1_314' title='bbox 1747 2639 1996 2695; x_wconf 85' lang='lat' dir='ltr'><strong>ediscere</strong></span> 
     </span>
    </p>
   </div>
   <div class='ocr_carea' id='block_1_44' title="bbox 414 2729 1996 2802">
    <p class='ocr_par' dir='ltr' id='par_1_44' title="bbox 414 2729 1996 2802">
     <span class='ocr_line' id='line_1_44' title="bbox 414 2729 1996 2802; baseline 0.001 -17"><span class='ocrx_word' id='word_1_315' title='bbox 414 2730 655 2802; x_wconf 87' lang='lat' dir='ltr'><strong>possitis,</strong></span> <span class='ocrx_word' id='word_1_316' title='bbox 702 2745 800 2785; x_wconf 91' lang='lat' dir='ltr'><strong>nec</strong></span> <span class='ocrx_word' id='word_1_317' title='bbox 828 2729 896 2784; x_wconf 87' lang='lat' dir='ltr'><strong>ab</strong></span> <span class='ocrx_word' id='word_1_318' title='bbox 928 2731 994 2785; x_wconf 90' lang='lat' dir='ltr'><strong>iis</strong></span> <span class='ocrx_word' id='word_1_319' title='bbox 1028 2731 1117 2800; x_wconf 91' lang='lat' dir='ltr'><strong>qui</strong></span> <span class='ocrx_word' id='word_1_320' title='bbox 1159 2729 1248 2784; x_wconf 88' lang='lat' dir='ltr'><strong>hic</strong></span> <span class='ocrx_word' id='word_1_321' title='bbox 1274 2729 1409 2785; x_wconf 80' lang='lat' dir='ltr'><strong>falso</strong></span> <span class='ocrx_word' id='word_1_322' title='bbox 1458 2730 1779 2802; x_wconf 83' lang='lat' dir='ltr'><strong>appellatam</strong></span> <span class='ocrx_word' id='word_1_323' title='bbox 1817 2730 1996 2799; x_wconf 83' lang='lat' dir='ltr'><strong>philo-</strong></span> 
     </span>
    </p>
   </div>
   <div class='ocr_carea' id='block_1_45' title="bbox 413 2822 1993 2893">
    <p class='ocr_par' dir='ltr' id='par_1_45' title="bbox 413 2822 1993 2893">
     <span class='ocr_line' id='line_1_45' title="bbox 413 2822 1993 2893; baseline 0 -16"><span class='ocrx_word' id='word_1_324' title='bbox 413 2822 660 2892; x_wconf 82' lang='lat' dir='ltr'><strong>sophiant</strong></span> <span class='ocrx_word' id='word_1_325' title='bbox 689 2823 1033 2892; x_wconf 81' lang='lat' dir='ltr'><strong>proﬁtentur,</strong></span> <span class='ocrx_word' id='word_1_326' title='bbox 1074 2822 1341 2893; x_wconf 88' lang='lat' dir='ltr'><strong>reliquum</strong></span> <span class='ocrx_word' id='word_1_327' title='bbox 1393 2823 1647 2893; x_wconf 80' lang='lat' dir='ltr'><strong>deinceps</strong></span> <span class='ocrx_word' id='word_1_328' title='bbox 1677 2823 1829 2878; x_wconf 87' lang='lat' dir='ltr'><strong>vobis</strong></span> <span class='ocrx_word' id='word_1_329' title='bbox 1853 2824 1993 2888; x_wconf 88' lang='lat' dir='ltr'><strong>erit,</strong></span> 
     </span>
    </p>
   </div>
   <div class='ocr_carea' id='block_1_46' title="bbox 414 2916 1992 2986">
    <p class='ocr_par' dir='ltr' id='par_1_46' title="bbox 414 2916 1992 2986">
     <span class='ocr_line' id='line_1_46' title="bbox 414 2916 1992 2986; baseline 0.001 -17"><span class='ocrx_word' id='word_1_330' title='bbox 414 2925 498 2982; x_wconf 89' lang='lat' dir='ltr'><strong>ut,</strong></span> <span class='ocrx_word' id='word_1_331' title='bbox 540 2916 810 2986; x_wconf 87' lang='lat' dir='ltr'><strong>majorum</strong></span> <span class='ocrx_word' id='word_1_332' title='bbox 853 2927 1158 2970; x_wconf 85' lang='lat' dir='ltr'><strong>vestrorum</strong></span> <span class='ocrx_word' id='word_1_333' title='bbox 1195 2930 1438 2970; x_wconf 87' lang='lat' dir='ltr'><strong>errorem</strong></span> <span class='ocrx_word' id='word_1_334' title='bbox 1480 2917 1818 2986; x_wconf 86' lang='lat' dir='ltr'><strong>abjicientes,</strong></span> <span class='ocrx_word' id='word_1_335' title='bbox 1853 2917 1992 2971; x_wconf 89' lang='lat' dir='ltr'><strong>vati-</strong></span> 
     </span>
    </p>
   </div>
   <div class='ocr_carea' id='block_1_47' title="bbox 413 3009 1992 3079">
    <p class='ocr_par' dir='ltr' id='par_1_47' title="bbox 413 3009 1992 3079">
     <span class='ocr_line' id='line_1_47' title="bbox 413 3009 1992 3079; baseline 0.001 -15"><span class='ocrx_word' id='word_1_336' title='bbox 413 3009 574 3064; x_wconf 89' lang='lat' dir='ltr'><strong>ciniis</strong></span> <span class='ocrx_word' id='word_1_337' title='bbox 595 3023 880 3064; x_wconf 86' lang='lat' dir='ltr'><strong>sacrorum</strong></span> <span class='ocrx_word' id='word_1_338' title='bbox 912 3009 1152 3064; x_wconf 79' lang='lat' dir='ltr'><strong>virorum</strong></span> <span class='ocrx_word' id='word_1_339' title='bbox 1181 3023 1400 3079; x_wconf 89' lang='lat' dir='ltr'><strong>operam</strong></span> <span class='ocrx_word' id='word_1_340' title='bbox 1429 3010 1569 3064; x_wconf 88' lang='lat' dir='ltr'><strong>detis</strong></span> <span class='ocrx_word' id='word_1_341' title='bbox 1599 3019 1650 3064; x_wconf 90' lang='lat' dir='ltr'><strong>et</strong></span> <span class='ocrx_word' id='word_1_342' title='bbox 1679 3009 1748 3064; x_wconf 89' lang='lat' dir='ltr'><strong>ab</strong></span> <span class='ocrx_word' id='word_1_343' title='bbox 1780 3009 1859 3063; x_wconf 86' lang='lat' dir='ltr'><strong>eis</strong></span> <span class='ocrx_word' id='word_1_344' title='bbox 1885 3026 1992 3065; x_wconf 82' lang='lat' dir='ltr'><strong>non</strong></span> 
     </span>
    </p>
   </div>
   <div class='ocr_carea' id='block_1_48' title="bbox 414 3100 1994 3173">
    <p class='ocr_par' dir='ltr' id='par_1_48' title="bbox 414 3100 1994 3173">
     <span class='ocr_line' id='line_1_48' title="bbox 414 3100 1994 3173; baseline 0.002 -18"><span class='ocrx_word' id='word_1_345' title='bbox 414 3101 688 3156; x_wconf 81' lang='lat' dir='ltr'><strong>sermonis</strong></span> <span class='ocrx_word' id='word_1_346' title='bbox 717 3100 1041 3170; x_wconf 78' lang='lat' dir='ltr'><strong>elegantiam</strong></span> <span class='ocrx_word' id='word_1_347' title='bbox 1077 3102 1278 3172; x_wconf 82' lang='lat' dir='ltr'><strong>petatis</strong></span> <span class='ocrx_word' id='word_1_348' title='bbox 1311 3111 1508 3173; x_wconf 81' lang='lat' dir='ltr'><strong>(neque</strong></span> <span class='ocrx_word' id='word_1_349' title='bbox 1546 3103 1692 3158; x_wconf 89' lang='lat' dir='ltr'><strong>enim</strong></span> <span class='ocrx_word' id='word_1_350' title='bbox 1729 3104 1781 3156; x_wconf 91' lang='lat' dir='ltr'><strong>in</strong></span> <span class='ocrx_word' id='word_1_351' title='bbox 1813 3103 1994 3158; x_wconf 84' lang='lat' dir='ltr'><strong>verbis</strong></span> 
     </span>
    </p>
   </div>
   <div class='ocr_carea' id='block_1_49' title="bbox 2102 1987 3695 2064">
    <p class='ocr_par' dir='ltr' id='par_1_49' title="bbox 2102 1987 3695 2064">
     <span class='ocr_line' id='line_1_49' title="bbox 2102 1987 3695 2064; baseline -0.001 -17"><span class='ocrx_word' id='word_1_352' title='bbox 2102 2011 2180 2048; x_wconf 92' lang='grc' dir='ltr'><strong>νοι</strong></span> <span class='ocrx_word' id='word_1_353' title='bbox 2206 1993 2396 2063; x_wconf 72' lang='grc' dir='ltr'>ψόφον,</span> <span class='ocrx_word' id='word_1_354' title='bbox 2427 1993 2492 2046; x_wconf 87' lang='grc' dir='ltr'>δι’</span> <span class='ocrx_word' id='word_1_355' title='bbox 2519 1987 2579 2046; x_wconf 81' lang='grc' dir='ltr'><strong>οῦ</strong></span> <span class='ocrx_word' id='word_1_356' title='bbox 2613 1991 2707 2045; x_wconf 73' lang='grc' dir='ltr'><strong>καὶ</strong></span> <span class='ocrx_word' id='word_1_357' title='bbox 2736 1992 2834 2064; x_wconf 85' lang='grc' dir='ltr'>τὴν</span> <span class='ocrx_word' id='word_1_358' title='bbox 2867 1993 3047 2045; x_wconf 75' lang='grc' dir='ltr'>πᾶσαν</span> <span class='ocrx_word' id='word_1_359' title='bbox 3074 1992 3183 2064; x_wconf 73' lang='grc'><strong>(46)</strong></span> <span class='ocrx_word' id='word_1_360' title='bbox 3217 1992 3523 2046; x_wconf 82' lang='grc' dir='ltr'>ἀπόλαυσιν</span> <span class='ocrx_word' id='word_1_361' title='bbox 3550 1993 3695 2063; x_wconf 75' lang='grc' dir='ltr'>ἔχειν</span> 
     </span>
    </p>
   </div>
   <div class='ocr_carea' id='block_1_50' title="bbox 2100 2084 3695 2156">
    <p class='ocr_par' dir='ltr' id='par_1_50' title="bbox 2100 2084 3695 2156">
     <span class='ocr_line' id='line_1_50' title="bbox 2100 2084 3695 2156; baseline -0.002 -16"><span class='ocrx_word' id='word_1_362' title='bbox 2100 2085 2298 2151; x_wconf 82' lang='grc' dir='ltr'>οἴεσθε,</span> <span class='ocrx_word' id='word_1_363' title='bbox 2347 2084 2535 2156; x_wconf 78' lang='grc' dir='ltr'>ἔχεσθε</span> <span class='ocrx_word' id='word_1_364' title='bbox 2589 2084 2696 2137; x_wconf 87' lang='grc' dir='ltr'><strong>τῶν</strong></span> <span class='ocrx_word' id='word_1_365' title='bbox 2741 2085 2868 2155; x_wconf 79' lang='grc' dir='ltr'>ὑμῖν</span> <span class='ocrx_word' id='word_1_366' title='bbox 2901 2085 3311 2155; x_wconf 77' lang='grc' dir='ltr'>συμφερόντων.</span> <span class='ocrx_word' id='word_1_367' title='bbox 3363 2085 3538 2139; x_wconf 73' lang='grc' dir='ltr'>Οὐδὲν</span> <span class='ocrx_word' id='word_1_368' title='bbox 3585 2086 3695 2156; x_wconf 67' lang='grc' dir='ltr'>γὲρ</span> 
     </span>
    </p>
   </div>
   <div class='ocr_carea' id='block_1_51' title="bbox 2101 2175 3691 2250">
    <p class='ocr_par' dir='ltr' id='par_1_51' title="bbox 2101 2175 3691 2250">
     <span class='ocr_line' id='line_1_51' title="bbox 2101 2175 3691 2250; baseline -0.001 -20"><span class='ocrx_word' id='word_1_369' title='bbox 2101 2177 2253 2230; x_wconf 77' lang='grc' dir='ltr'>ἔσται</span> <span class='ocrx_word' id='word_1_370' title='bbox 2301 2177 2427 2250; x_wconf 88' lang='grc' dir='ltr'>παρ’</span> <span class='ocrx_word' id='word_1_371' title='bbox 2469 2175 2622 2247; x_wconf 78' lang='grc' dir='ltr'>ὑμῶν</span> <span class='ocrx_word' id='word_1_372' title='bbox 2664 2177 2785 2230; x_wconf 80' lang='grc' dir='ltr'>οῦδὲ</span> <span class='ocrx_word' id='word_1_373' title='bbox 2832 2176 2960 2246; x_wconf 72' lang='grc' dir='ltr'><strong>περ)⁵</strong></span> <span class='ocrx_word' id='word_1_374' title='bbox 3007 2177 3131 2238; x_wconf 78' lang='grc' dir='ltr'>τοῦς</span> <span class='ocrx_word' id='word_1_375' title='bbox 3181 2175 3486 2247; x_wconf 87' lang='grc' dir='ltr'>προγόνους</span> <span class='ocrx_word' id='word_1_376' title='bbox 3535 2176 3691 2247; x_wconf 78' lang='grc' dir='ltr'>ὑμῶν</span> 
     </span>
    </p>
   </div>
   <div class='ocr_carea' id='block_1_52' title="bbox 2100 2267 3695 2342">
    <p class='ocr_par' dir='ltr' id='par_1_52' title="bbox 2100 2267 3695 2342">
     <span class='ocr_line' id='line_1_52' title="bbox 2100 2267 3695 2342; baseline -0.001 -19"><span class='ocrx_word' id='word_1_377' title='bbox 2100 2270 2440 2342; x_wconf 83' lang='grc' dir='ltr'>πλημμελὲς,</span> <span class='ocrx_word' id='word_1_378' title='bbox 2469 2271 2518 2322; x_wconf 87' lang='grc' dir='ltr'><strong>εί</strong></span> <span class='ocrx_word' id='word_1_379' title='bbox 2545 2271 2624 2332; x_wconf 85' lang='grc' dir='ltr'><strong>είς</strong></span> <span class='ocrx_word' id='word_1_380' title='bbox 2666 2267 2761 2339; x_wconf 80' lang='grc' dir='ltr'>τὴν</span> <span class='ocrx_word' id='word_1_381' title='bbox 2795 2269 3048 2322; x_wconf 82' lang='grc' dir='ltr'>ἐναντίαν</span> <span class='ocrx_word' id='word_1_382' title='bbox 3085 2267 3194 2339; x_wconf 71' lang='grc'><strong>(47)</strong></span> <span class='ocrx_word' id='word_1_383' title='bbox 3231 2267 3532 2340; x_wconf 84' lang='grc' dir='ltr'>τρέπεσθαι</span> <span class='ocrx_word' id='word_1_384' title='bbox 3573 2268 3695 2322; x_wconf 59' lang='lat' dir='ltr'><strong>vani.</strong></span> 
     </span>
    </p>
   </div>
   <div class='ocr_carea' id='block_1_53' title="bbox 2099 2359 3694 2434">
    <p class='ocr_par' dir='ltr' id='par_1_53' title="bbox 2099 2359 3694 2434">
     <span class='ocr_line' id='line_1_53' title="bbox 2099 2359 3694 2434; baseline -0.001 -18"><span class='ocrx_word' id='word_1_385' title='bbox 2099 2364 2195 2434; x_wconf 81' lang='grc' dir='ltr'>τῆς</span> <span class='ocrx_word' id='word_1_386' title='bbox 2218 2363 2276 2429; x_wconf 77' lang='grc' dir='ltr'><strong>ἐξ</strong></span> <span class='ocrx_word' id='word_1_387' title='bbox 2299 2363 2520 2416; x_wconf 77' lang='grc' dir='ltr'>ἐκείνων</span> <span class='ocrx_word' id='word_1_388' title='bbox 2549 2360 2801 2432; x_wconf 85' lang='grc' dir='ltr'>βούλεσθε</span> <span class='ocrx_word' id='word_1_389' title='bbox 2821 2361 3046 2432; x_wconf 82' lang='grc' dir='ltr'>πλάνης,</span> <span class='ocrx_word' id='word_1_390' title='bbox 3066 2360 3160 2424; x_wconf 83' lang='grc' dir='ltr'><strong>οῦς</strong></span> <span class='ocrx_word' id='word_1_391' title='bbox 3186 2359 3330 2424; x_wconf 79' lang='grc' dir='ltr'>εἰκὸς</span> <span class='ocrx_word' id='word_1_392' title='bbox 3345 2363 3406 2413; x_wconf 83' lang='grc' dir='ltr'><strong>ἐν</strong></span> <span class='ocrx_word' id='word_1_393' title='bbox 3425 2361 3556 2432; x_wconf 70' lang='grc' dir='ltr'>ᾅδου</span> <span class='ocrx_word' id='word_1_394' title='bbox 3574 2361 3694 2415; x_wconf 77' lang='grc' dir='ltr'>νυνὶ</span> 
     </span>
    </p>
   </div>
   <div class='ocr_carea' id='block_1_54' title="bbox 2099 2450 3692 2526">
    <p class='ocr_par' dir='ltr' id='par_1_54' title="bbox 2099 2450 3692 2526">
     <span class='ocr_line' id='line_1_54' title="bbox 2099 2450 3692 2526; baseline -0.001 -18"><span class='ocrx_word' id='word_1_395' title='bbox 2099 2454 2470 2525; x_wconf 78' lang='grc' dir='ltr'>ἐκπρόθεσμον</span> <span class='ocrx_word' id='word_1_396' title='bbox 2505 2453 2788 2525; x_wconf 87' lang='grc' dir='ltr'>μετάνοιαν</span> <span class='ocrx_word' id='word_1_397' title='bbox 2821 2453 3211 2524; x_wconf 77' lang='grc' dir='ltr'>μετανοοῦντας</span> <span class='ocrx_word' id='word_1_398' title='bbox 3258 2453 3577 2526; x_wconf 82' lang='grc' dir='ltr'>ὀδύρεσθαι·</span> <span class='ocrx_word' id='word_1_399' title='bbox 3612 2450 3692 2519; x_wconf 76' lang='grc' dir='ltr'>οἷς</span> 
     </span>
    </p>
   </div>
   <div class='ocr_carea' id='block_1_55' title="bbox 2097 2542 3690 2618">
    <p class='ocr_par' dir='ltr' id='par_1_55' title="bbox 2097 2542 3690 2618">
     <span class='ocr_line' id='line_1_55' title="bbox 2097 2542 3690 2618; baseline -0.001 -18"><span class='ocrx_word' id='word_1_400' title='bbox 2097 2547 2145 2600; x_wconf 88' lang='grc' dir='ltr'><strong>εί</strong></span> <span class='ocrx_word' id='word_1_401' title='bbox 2171 2546 2394 2601; x_wconf 81' lang='grc' dir='ltr'>δυνατὸν</span> <span class='ocrx_word' id='word_1_402' title='bbox 2420 2542 2486 2617; x_wconf 82' lang='grc' dir='ltr'>ἦν</span> <span class='ocrx_word' id='word_1_403' title='bbox 2518 2545 2727 2599; x_wconf 89' lang='grc' dir='ltr'>ἐκεῖθεν</span> <span class='ocrx_word' id='word_1_404' title='bbox 2751 2545 2942 2618; x_wconf 81' lang='grc' dir='ltr'>δηλοῦν</span> <span class='ocrx_word' id='word_1_405' title='bbox 2977 2546 3105 2616; x_wconf 80' lang='grc' dir='ltr'>ὑμῖν</span> <span class='ocrx_word' id='word_1_406' title='bbox 3133 2545 3200 2600; x_wconf 68' lang='grc' dir='ltr'>τὰ</span> <span class='ocrx_word' id='word_1_407' title='bbox 3240 2544 3380 2617; x_wconf 73' lang='grc' dir='ltr'>μετὰ.</span> <span class='ocrx_word' id='word_1_408' title='bbox 3415 2547 3690 2618; x_wconf 73' lang='grc' dir='ltr'>τελευτὴν</span> 
     </span>
    </p>
   </div>
   <div class='ocr_carea' id='block_1_56' title="bbox 2097 2639 3690 2712">
    <p class='ocr_par' dir='ltr' id='par_1_56' title="bbox 2097 2639 3690 2712">
     <span class='ocr_line' id='line_1_56' title="bbox 2097 2639 3690 2712; baseline -0.003 -18"><span class='ocrx_word' id='word_1_409' title='bbox 2097 2639 2250 2694; x_wconf 87' lang='grc' dir='ltr'>τοῦδε</span> <span class='ocrx_word' id='word_1_410' title='bbox 2280 2639 2372 2694; x_wconf 83' lang='grc' dir='ltr'><strong>τοῦ</strong></span> <span class='ocrx_word' id='word_1_411' title='bbox 2412 2639 2527 2710; x_wconf 87' lang='grc' dir='ltr'>βίου</span> <span class='ocrx_word' id='word_1_412' title='bbox 2560 2640 2946 2712; x_wconf 75' lang='grc' dir='ltr'>συμϐεϐηκότα</span> <span class='ocrx_word' id='word_1_413' title='bbox 2969 2640 3175 2706; x_wconf 74' lang='grc' dir='ltr'>αὐτοῖς,</span> <span class='ocrx_word' id='word_1_414' title='bbox 3206 2639 3411 2703; x_wconf 75' lang='grc' dir='ltr'>ἔγνωτε</span> <span class='ocrx_word' id='word_1_415' title='bbox 3446 2640 3516 2693; x_wconf 79' lang='grc' dir='ltr'>ἂν</span> <span class='ocrx_word' id='word_1_416' title='bbox 3548 2642 3690 2693; x_wconf 81' lang='grc' dir='ltr'>ὅσων</span> 
     </span>
    </p>
   </div>
   <div class='ocr_carea' id='block_1_57' title="bbox 2098 2730 3691 2803">
    <p class='ocr_par' dir='ltr' id='par_1_57' title="bbox 2098 2730 3691 2803">
     <span class='ocr_line' id='line_1_57' title="bbox 2098 2730 3691 2803; baseline 0 -18"><span class='ocrx_word' id='word_1_417' title='bbox 2098 2732 2242 2803; x_wconf 77' lang='grc' dir='ltr'>ὑμᾶς</span> <span class='ocrx_word' id='word_1_418' title='bbox 2291 2731 2596 2796; x_wconf 81' lang='grc' dir='ltr'>ἀπαλλάξαι</span> <span class='ocrx_word' id='word_1_419' title='bbox 2647 2731 2832 2785; x_wconf 83' lang='grc' dir='ltr'>κακῶν</span> <span class='ocrx_word' id='word_1_420' title='bbox 2870 2730 3200 2803; x_wconf 81' lang='grc' dir='ltr'>προείλοντο.</span> <span class='ocrx_word' id='word_1_421' title='bbox 3234 2732 3370 2785; x_wconf 78' lang='grc' dir='ltr'>Νυνὶ</span> <span class='ocrx_word' id='word_1_422' title='bbox 3402 2730 3460 2784; x_wconf 86' lang='grc' dir='ltr'>δὲ</span> <span class='ocrx_word' id='word_1_423' title='bbox 3501 2732 3691 2801; x_wconf 74' lang='grc' dir='ltr'>ἐπειδὴ</span> 
     </span>
    </p>
   </div>
   <div class='ocr_carea' id='block_1_58' title="bbox 2100 2801 3690 2895">
    <p class='ocr_par' dir='ltr' id='par_1_58' title="bbox 2100 2801 3690 2895">
     <span class='ocr_line' id='line_1_58' title="bbox 2100 2801 3690 2895; baseline -0.002 -19"><span class='ocrx_word' id='word_1_424' title='bbox 2100 2801 2183 2895; x_wconf 50' lang='grc' dir='ltr'><strong>μὴ.</strong></span> <span class='ocrx_word' id='word_1_425' title='bbox 2207 2822 2430 2876; x_wconf 82' lang='grc' dir='ltr'>δυνατὸν</span> <span class='ocrx_word' id='word_1_426' title='bbox 2457 2824 2515 2875; x_wconf 88' lang='grc' dir='ltr'><strong>ἐν</strong></span> <span class='ocrx_word' id='word_1_427' title='bbox 2557 2822 2647 2895; x_wconf 37' lang='grc' dir='ltr'><strong>τῷ,</strong></span> <span class='ocrx_word' id='word_1_428' title='bbox 2669 2823 2895 2894; x_wconf 85' lang='grc' dir='ltr'>παρόντι</span> <span class='ocrx_word' id='word_1_429' title='bbox 2918 2801 3070 2893; x_wconf 76' lang='grc' dir='ltr'>μήτε</span> <span class='ocrx_word' id='word_1_430' title='bbox 3107 2824 3237 2894; x_wconf 80' lang='grc' dir='ltr'>παρ’</span> <span class='ocrx_word' id='word_1_431' title='bbox 3278 2821 3508 2875; x_wconf 78' lang='grc' dir='ltr'>ἐκείνων</span> <span class='ocrx_word' id='word_1_432' title='bbox 3542 2823 3690 2891; x_wconf 74' lang='grc' dir='ltr'>ὑμᾶς</span> 
     </span>
    </p>
   </div>
   <div class='ocr_carea' id='block_1_59' title="bbox 2100 2913 3689 2988">
    <p class='ocr_par' dir='ltr' id='par_1_59' title="bbox 2100 2913 3689 2988">
     <span class='ocr_line' id='line_1_59' title="bbox 2100 2913 3689 2988; baseline -0.003 -17"><span class='ocrx_word' id='word_1_433' title='bbox 2100 2915 2412 2987; x_wconf 87' lang='grc' dir='ltr'>μανθάνειν,</span> <span class='ocrx_word' id='word_1_434' title='bbox 2470 2917 2604 2988; x_wconf 81' lang='grc' dir='ltr'>μήτε</span> <span class='ocrx_word' id='word_1_435' title='bbox 2642 2915 2747 2986; x_wconf 83' lang='grc' dir='ltr'>μὴν</span> <span class='ocrx_word' id='word_1_436' title='bbox 2781 2915 2928 2987; x_wconf 86' lang='grc' dir='ltr'><strong>παρά</strong></span> <span class='ocrx_word' id='word_1_437' title='bbox 2958 2913 3064 2967; x_wconf 88' lang='grc' dir='ltr'><strong>τῶν</strong></span> <span class='ocrx_word' id='word_1_438' title='bbox 3091 2913 3321 2967; x_wconf 87' lang='grc' dir='ltr'>ἐνταῦθα</span> <span class='ocrx_word' id='word_1_439' title='bbox 3353 2913 3450 2985; x_wconf 79' lang='grc' dir='ltr'><strong>τὴν</strong></span> <span class='ocrx_word' id='word_1_440' title='bbox 3480 2915 3689 2984; x_wconf 74' lang='grc' dir='ltr'>ψευδώ-</span> 
     </span>
    </p>
   </div>
   <div class='ocr_carea' id='block_1_60' title="bbox 2095 3006 3688 3079">
    <p class='ocr_par' dir='ltr' id='par_1_60' title="bbox 2095 3006 3688 3079">
     <span class='ocr_line' id='line_1_60' title="bbox 2095 3006 3688 3079; baseline -0.003 -17"><span class='ocrx_word' id='word_1_441' title='bbox 2095 3026 2261 3078; x_wconf 90' lang='grc' dir='ltr'>νυμον</span> <span class='ocrx_word' id='word_1_442' title='bbox 2309 3007 2512 3079; x_wconf 80' lang='grc' dir='ltr'>ταύτην</span> <span class='ocrx_word' id='word_1_443' title='bbox 2559 3007 2876 3078; x_wconf 81' lang='grc' dir='ltr'>φιλοσοφίαν</span> <span class='ocrx_word' id='word_1_444' title='bbox 2925 3007 3236 3077; x_wconf 76' lang='grc' dir='ltr'>φιλοσοφεῖν</span> <span class='ocrx_word' id='word_1_445' title='bbox 3279 3006 3688 3078; x_wconf 76' lang='grc' dir='ltr'>ἐπαγγελλομέ-</span> 
     </span>
    </p>
   </div>
   <div class='ocr_carea' id='block_1_61' title="bbox 2096 3099 3687 3176">
    <p class='ocr_par' dir='ltr' id='par_1_61' title="bbox 2096 3099 3687 3176">
     <span class='ocr_line' id='line_1_61' title="bbox 2096 3099 3687 3176; baseline -0.001 -22"><span class='ocrx_word' id='word_1_446' title='bbox 2096 3119 2220 3165; x_wconf 88' lang='grc' dir='ltr'>νων,</span> <span class='ocrx_word' id='word_1_447' title='bbox 2260 3101 2548 3176; x_wconf 67' lang='grc' dir='ltr'>ἀκόλουθον</span> <span class='ocrx_word' id='word_1_448' title='bbox 2582 3102 2709 3172; x_wconf 84' lang='grc' dir='ltr'>ὑμῖν</span> <span class='ocrx_word' id='word_1_449' title='bbox 2753 3100 2904 3153; x_wconf 72' lang='grc' dir='ltr'>ἔσται</span> <span class='ocrx_word' id='word_1_450' title='bbox 2953 3100 3159 3164; x_wconf 83' lang='grc' dir='ltr'>λοιπὸν,</span> <span class='ocrx_word' id='word_1_451' title='bbox 3198 3099 3294 3171; x_wconf 81' lang='grc' dir='ltr'>τὴν</span> <span class='ocrx_word' id='word_1_452' title='bbox 3326 3099 3434 3153; x_wconf 87' lang='grc' dir='ltr'><strong>τῶν</strong></span> <span class='ocrx_word' id='word_1_453' title='bbox 3483 3102 3687 3172; x_wconf 79' lang='grc' dir='ltr'>προγό-</span> 
     </span>
    </p>
   </div>
   <div class='ocr_carea' id='block_1_62' title="bbox 412 3191 1981 3266">
    <p class='ocr_par' dir='ltr' id='par_1_62' title="bbox 412 3193 1981 3266">
     <span class='ocr_line' id='line_1_62' title="bbox 412 3193 1981 3266; baseline -0.001 -16"><span class='ocrx_word' id='word_1_454' title='bbox 412 3196 509 3250; x_wconf 85' lang='lat' dir='ltr'><strong>sed</strong></span> <span class='ocrx_word' id='word_1_455' title='bbox 558 3194 610 3249; x_wconf 91' lang='lat' dir='ltr'><strong>in</strong></span> <span class='ocrx_word' id='word_1_456' title='bbox 643 3193 900 3264; x_wconf 88' lang='lat' dir='ltr'><strong>operibus</strong></span> <span class='ocrx_word' id='word_1_457' title='bbox 938 3205 1121 3249; x_wconf 83' lang='lat' dir='ltr'><strong>nostra</strong></span> <span class='ocrx_word' id='word_1_458' title='bbox 1150 3193 1339 3264; x_wconf 80' lang='lat' dir='ltr'><strong>religio</strong></span> <span class='ocrx_word' id='word_1_459' title='bbox 1376 3196 1594 3266; x_wconf 87' lang='lat' dir='ltr'><strong>posita),</strong></span> <span class='ocrx_word' id='word_1_460' title='bbox 1638 3196 1732 3251; x_wconf 86' lang='lat' dir='ltr'><strong>sed</strong></span> <span class='ocrx_word' id='word_1_461' title='bbox 1772 3211 1835 3250; x_wconf 88' lang='lat' dir='ltr'><strong>ea</strong></span> <span class='ocrx_word' id='word_1_462' title='bbox 1877 3195 1981 3249; x_wconf 84' lang='lat' dir='ltr'><strong>edi-</strong></span> 
     </span>
    </p>
   </div>
   <div class='ocr_carea' id='block_1_63' title="bbox 2159 3191 3688 3266">
    <p class='ocr_par' dir='ltr' id='par_1_63' title="bbox 2159 3191 3688 3265">
     <span class='ocr_line' id='line_1_63' title="bbox 2159 3191 3688 3265; baseline -0.003 -18"><span class='ocrx_word' id='word_1_463' title='bbox 2159 3211 2200 3247; x_wconf 69' lang='grc' dir='ltr'><strong>ιν</strong></span> <span class='ocrx_word' id='word_1_464' title='bbox 2217 3192 2368 3264; x_wconf 83' lang='grc' dir='ltr'>ὑμῶν</span> <span class='ocrx_word' id='word_1_465' title='bbox 2388 3193 2777 3265; x_wconf 84' lang='grc' dir='ltr'>ἀπωσαμένους</span> <span class='ocrx_word' id='word_1_466' title='bbox 2795 3191 2905 3263; x_wconf 66' lang='grc'><strong>(48)</strong></span> <span class='ocrx_word' id='word_1_467' title='bbox 2931 3191 3156 3263; x_wconf 81' lang='grc' dir='ltr'>πλάνην,</span> <span class='ocrx_word' id='word_1_468' title='bbox 3185 3193 3537 3261; x_wconf 82' lang='grc' dir='ltr'>ἐντυγχάνειν</span> <span class='ocrx_word' id='word_1_469' title='bbox 3571 3195 3688 3254; x_wconf 61' lang='lat' dir='ltr'><strong>cui;</strong></span> 
     </span>
    </p>
   </div>
   <div class='ocr_carea' id='block_1_64' title="bbox 411 3286 1990 3357">
    <p class='ocr_par' dir='ltr' id='par_1_64' title="bbox 411 3286 1990 3357">
     <span class='ocr_line' id='line_1_64' title="bbox 411 3286 1990 3357; baseline -0.001 -15"><span class='ocrx_word' id='word_1_470' title='bbox 411 3287 581 3343; x_wconf 83' lang='lat' dir='ltr'><strong>scatis</strong></span> <span class='ocrx_word' id='word_1_471' title='bbox 610 3302 730 3357; x_wconf 73' lang='lat' dir='ltr'><strong>qua:</strong></span> <span class='ocrx_word' id='word_1_472' title='bbox 756 3286 910 3341; x_wconf 87' lang='lat' dir='ltr'><strong>vobis</strong></span> <span class='ocrx_word' id='word_1_473' title='bbox 945 3294 1207 3340; x_wconf 71' lang='lat' dir='ltr'><strong>aeternam</strong></span> <span class='ocrx_word' id='word_1_474' title='bbox 1235 3289 1405 3340; x_wconf 87' lang='lat' dir='ltr'><strong>vitam</strong></span> <span class='ocrx_word' id='word_1_475' title='bbox 1434 3287 1663 3340; x_wconf 83' lang='lat' dir='ltr'><strong>allatura</strong></span> <span class='ocrx_word' id='word_1_476' title='bbox 1698 3287 1830 3344; x_wconf 87' lang='lat' dir='ltr'><strong>sint.</strong></span> <span class='ocrx_word' id='word_1_477' title='bbox 1857 3287 1990 3341; x_wconf 86' lang='lat' dir='ltr'><strong>Nam</strong></span> 
     </span>
    </p>
   </div>
   <div class='ocr_carea' id='block_1_65' title="bbox 412 3377 1989 3449">
    <p class='ocr_par' dir='ltr' id='par_1_65' title="bbox 412 3377 1989 3449">
     <span class='ocr_line' id='line_1_65' title="bbox 412 3377 1989 3449; baseline 0 -15"><span class='ocrx_word' id='word_1_478' title='bbox 412 3379 504 3448; x_wconf 85' lang='lat' dir='ltr'><strong>qui</strong></span> <span class='ocrx_word' id='word_1_479' title='bbox 553 3393 748 3433; x_wconf 89' lang='lat' dir='ltr'><strong>nomen</strong></span> <span class='ocrx_word' id='word_1_480' title='bbox 775 3377 1128 3449; x_wconf 66' lang='lat' dir='ltr'><strong>philosophiae</strong></span> <span class='ocrx_word' id='word_1_481' title='bbox 1159 3378 1524 3448; x_wconf 88' lang='lat' dir='ltr'><strong>nequidquam</strong></span> <span class='ocrx_word' id='word_1_482' title='bbox 1557 3378 1918 3443; x_wconf 81' lang='lat' dir='ltr'><strong>dedecorant,</strong></span> <span class='ocrx_word' id='word_1_483' title='bbox 1951 3379 1989 3434; x_wconf 90' lang='lat' dir='ltr'><strong>ii</strong></span> 
     </span>
    </p>
   </div>
   <div class='ocr_carea' id='block_1_66' title="bbox 411 3469 1989 3540">
    <p class='ocr_par' dir='ltr' id='par_1_66' title="bbox 411 3469 1989 3540">
     <span class='ocr_line' id='line_1_66' title="bbox 411 3469 1989 3540; baseline -0.002 -14"><span class='ocrx_word' id='word_1_484' title='bbox 411 3470 547 3526; x_wconf 89' lang='lat' dir='ltr'><strong>nihil</strong></span> <span class='ocrx_word' id='word_1_485' title='bbox 577 3471 718 3526; x_wconf 88' lang='lat' dir='ltr'><strong>scire</strong></span> <span class='ocrx_word' id='word_1_486' title='bbox 764 3479 1092 3540; x_wconf 90' lang='lat' dir='ltr'><strong>arguuntur,</strong></span> <span class='ocrx_word' id='word_1_487' title='bbox 1124 3471 1584 3540; x_wconf 88' lang='lat' dir='ltr'><strong>quemadmodum</strong></span> <span class='ocrx_word' id='word_1_488' title='bbox 1618 3478 1673 3524; x_wconf 91' lang='lat' dir='ltr'><strong>et</strong></span> <span class='ocrx_word' id='word_1_489' title='bbox 1705 3469 1807 3538; x_wconf 91' lang='lat' dir='ltr'><strong>ipsi</strong></span> <span class='ocrx_word' id='word_1_490' title='bbox 1851 3484 1989 3523; x_wconf 90' lang='lat' dir='ltr'><strong>cou-</strong></span> 
     </span>
    </p>
   </div>
   <div class='ocr_carea' id='block_1_67' title="bbox 2093 3284 3686 3358">
    <p class='ocr_par' dir='ltr' id='par_1_67' title="bbox 2093 3284 3686 3358">
     <span class='ocr_line' id='line_1_67' title="bbox 2093 3284 3686 3358; baseline -0.004 -17"><span class='ocrx_word' id='word_1_491' title='bbox 2093 3287 2199 3341; x_wconf 88' lang='grc' dir='ltr'><strong>τῶν</strong></span> <span class='ocrx_word' id='word_1_492' title='bbox 2232 3287 2390 3358; x_wconf 91' lang='grc' dir='ltr'>ἱερῶν</span> <span class='ocrx_word' id='word_1_493' title='bbox 2418 3287 2628 3358; x_wconf 87' lang='grc' dir='ltr'>ἀνδρῶν</span> <span class='ocrx_word' id='word_1_494' title='bbox 2661 3285 3040 3358; x_wconf 77' lang='grc' dir='ltr'>προφητείαις,</span> <span class='ocrx_word' id='word_1_495' title='bbox 3076 3284 3149 3356; x_wconf 84' lang='grc' dir='ltr'>μὴ</span> <span class='ocrx_word' id='word_1_496' title='bbox 3186 3284 3521 3354; x_wconf 86' lang='grc' dir='ltr'>δοκιμότητα</span> <span class='ocrx_word' id='word_1_497' title='bbox 3546 3287 3686 3355; x_wconf 69' lang='grc' dir='ltr'>φράο</span> 
     </span>
    </p>
   </div>
   <div class='ocr_carea' id='block_1_68' title="bbox 2094 3375 3687 3448">
    <p class='ocr_par' dir='ltr' id='par_1_68' title="bbox 2094 3375 3687 3448">
     <span class='ocr_line' id='line_1_68' title="bbox 2094 3375 3687 3448; baseline -0.003 -17"><span class='ocrx_word' id='word_1_498' title='bbox 2094 3395 2231 3441; x_wconf 88' lang='grc' dir='ltr'>σεως</span> <span class='ocrx_word' id='word_1_499' title='bbox 2257 3378 2381 3448; x_wconf 86' lang='grc' dir='ltr'>παρ’</span> <span class='ocrx_word' id='word_1_500' title='bbox 2427 3375 2606 3429; x_wconf 80' lang='grc' dir='ltr'>αὐτῶν</span> <span class='ocrx_word' id='word_1_501' title='bbox 2654 3376 2936 3440; x_wconf 72' lang='grc' dir='ltr'>αἰτοῦντας</span> <span class='ocrx_word' id='word_1_502' title='bbox 2971 3375 3051 3446; x_wconf 81' lang='grc' dir='ltr'>(οῦ</span> <span class='ocrx_word' id='word_1_503' title='bbox 3084 3375 3190 3445; x_wconf 78' lang='grc' dir='ltr'>γὰρ</span> <span class='ocrx_word' id='word_1_504' title='bbox 3238 3377 3296 3428; x_wconf 89' lang='grc' dir='ltr'><strong>ἐν</strong></span> <span class='ocrx_word' id='word_1_505' title='bbox 3325 3375 3534 3443; x_wconf 82' lang='grc' dir='ltr'>λόγοις,</span> <span class='ocrx_word' id='word_1_506' title='bbox 3571 3376 3687 3429; x_wconf 70' lang='grc' dir='ltr'>ἀλλ’</span> 
     </span>
    </p>
   </div>
   <div class='ocr_carea' id='block_1_69' title="bbox 2089 3467 3689 3541">
    <p class='ocr_par' dir='ltr' id='par_1_69' title="bbox 2089 3467 3689 3541">
     <span class='ocr_line' id='line_1_69' title="bbox 2089 3467 3689 3541; baseline 0.006 -24"><span class='ocrx_word' id='word_1_507' title='bbox 2089 3472 2147 3523; x_wconf 72' lang='grc' dir='ltr'><strong>ἐν</strong></span> <span class='ocrx_word' id='word_1_508' title='bbox 2187 3470 2366 3540; x_wconf 79' lang='grc' dir='ltr'>ἔργοις</span> <span class='ocrx_word' id='word_1_509' title='bbox 2407 3468 2474 3522; x_wconf 75' lang='grc' dir='ltr'>τὰ</span> <span class='ocrx_word' id='word_1_510' title='bbox 2521 3469 2619 3540; x_wconf 80' lang='grc' dir='ltr'>τῆς</span> <span class='ocrx_word' id='word_1_511' title='bbox 2665 3468 2938 3541; x_wconf 78' lang='grc' dir='ltr'>ἡμετέρας</span> <span class='ocrx_word' id='word_1_512' title='bbox 2989 3467 3300 3531; x_wconf 77' lang='grc' dir='ltr'>θεοσεϐείας</span> <span class='ocrx_word' id='word_1_513' title='bbox 3335 3469 3689 3540; x_wconf 73' lang='grc' dir='ltr'>πράγματα),</span> 
     </span>
    </p>
   </div>
   <div class='ocr_carea' id='block_1_70' title="bbox 412 3560 1981 3635">
    <p class='ocr_par' dir='ltr' id='par_1_70' title="bbox 412 3560 1981 3634">
     <span class='ocr_line' id='line_1_70' title="bbox 412 3560 1981 3634; baseline -0.001 -16"><span class='ocrx_word' id='word_1_514' title='bbox 412 3564 554 3618; x_wconf 76' lang='lat' dir='ltr'><strong>[lteri</strong></span> <span class='ocrx_word' id='word_1_515' title='bbox 597 3573 867 3634; x_wconf 90' lang='lat' dir='ltr'><strong>coguntur</strong></span> <span class='ocrx_word' id='word_1_516' title='bbox 894 3562 977 3618; x_wconf 84' lang='lat' dir='ltr'><strong>vel</strong></span> <span class='ocrx_word' id='word_1_517' title='bbox 1021 3561 1211 3628; x_wconf 87' lang='lat' dir='ltr'><strong>inviti;</strong></span> <span class='ocrx_word' id='word_1_518' title='bbox 1247 3562 1374 3617; x_wconf 90' lang='lat' dir='ltr'><strong>dum</strong></span> <span class='ocrx_word' id='word_1_519' title='bbox 1403 3577 1511 3616; x_wconf 93' lang='lat' dir='ltr'><strong>non</strong></span> <span class='ocrx_word' id='word_1_520' title='bbox 1552 3560 1724 3616; x_wconf 88' lang='lat' dir='ltr'><strong>solum</strong></span> <span class='ocrx_word' id='word_1_521' title='bbox 1758 3560 1902 3616; x_wconf 89' lang='lat' dir='ltr'><strong>inter</strong></span> <span class='ocrx_word' id='word_1_522' title='bbox 1930 3576 1981 3616; x_wconf 83' lang='lat' dir='ltr'><strong>se</strong></span> 
     </span>
    </p>
   </div>
   <div class='ocr_carea' id='block_1_71' title="bbox 2159 3560 3688 3635">
    <p class='ocr_par' dir='ltr' id='par_1_71' title="bbox 2159 3561 3688 3635">
     <span class='ocr_line' id='line_1_71' title="bbox 2159 3561 3688 3635; baseline -0.001 -20"><span class='ocrx_word' id='word_1_523' title='bbox 2159 3564 2184 3616; x_wconf 79' lang='lat' dir='ltr'><strong>.‘t</strong></span> <span class='ocrx_word' id='word_1_524' title='bbox 2220 3562 2410 3635; x_wconf 83' lang='grc' dir='ltr'>μαθεῖν</span> <span class='ocrx_word' id='word_1_525' title='bbox 2448 3565 2576 3633; x_wconf 79' lang='grc' dir='ltr'>παρ’</span> <span class='ocrx_word' id='word_1_526' title='bbox 2612 3561 2789 3615; x_wconf 67' lang='grc' dir='ltr'>αὐτῶν</span> <span class='ocrx_word' id='word_1_527' title='bbox 2822 3562 2891 3615; x_wconf 71' lang='grc' dir='ltr'>τὰ</span> <span class='ocrx_word' id='word_1_528' title='bbox 2940 3561 3090 3615; x_wconf 82' lang='grc' dir='ltr'>αἴτια</span> <span class='ocrx_word' id='word_1_529' title='bbox 3137 3561 3265 3630; x_wconf 82' lang='grc' dir='ltr'>ὑμῖν</span> <span class='ocrx_word' id='word_1_530' title='bbox 3306 3561 3407 3631; x_wconf 75' lang='grc' dir='ltr'>τῆς</span> <span class='ocrx_word' id='word_1_531' title='bbox 3459 3561 3688 3614; x_wconf 71' lang='grc' dir='ltr'>αἰωνίου</span> 
     </span>
    </p>
   </div>
   <div class='ocr_carea' id='block_1_72' title="bbox 411 3654 1990 3727">
    <p class='ocr_par' dir='ltr' id='par_1_72' title="bbox 411 3654 1990 3727">
     <span class='ocr_line' id='line_1_72' title="bbox 411 3654 1990 3727; baseline 0.001 -17"><span class='ocrx_word' id='word_1_532' title='bbox 411 3655 650 3724; x_wconf 87' lang='lat' dir='ltr'><strong>litigant.</strong></span> <span class='ocrx_word' id='word_1_533' title='bbox 679 3657 773 3712; x_wconf 88' lang='lat' dir='ltr'><strong>sed</strong></span> <span class='ocrx_word' id='word_1_534' title='bbox 810 3657 976 3711; x_wconf 90' lang='lat' dir='ltr'><strong>etiam</strong></span> <span class='ocrx_word' id='word_1_535' title='bbox 1019 3671 1154 3711; x_wconf 89' lang='lat' dir='ltr'><strong>suas</strong></span> <span class='ocrx_word' id='word_1_536' title='bbox 1193 3655 1296 3726; x_wconf 88' lang='lat' dir='ltr'><strong>ipsi</strong></span> <span class='ocrx_word' id='word_1_537' title='bbox 1331 3654 1619 3727; x_wconf 88' lang='lat' dir='ltr'><strong>opiniones</strong></span> <span class='ocrx_word' id='word_1_538' title='bbox 1651 3656 1815 3712; x_wconf 90' lang='lat' dir='ltr'><strong>aliter</strong></span> <span class='ocrx_word' id='word_1_539' title='bbox 1853 3657 1990 3712; x_wconf 86' lang='lat' dir='ltr'><strong>alias</strong></span> 
     </span>
    </p>
   </div>
   <div class='ocr_carea' id='block_1_73' title="bbox 409 3760 710 3818">
    <p class='ocr_par' dir='ltr' id='par_1_73' title="bbox 409 3760 710 3818">
     <span class='ocr_line' id='line_1_73' title="bbox 409 3760 710 3818; baseline 0 -17"><span class='ocrx_word' id='word_1_540' title='bbox 409 3760 710 3818; x_wconf 78' lang='lat' dir='ltr'><strong>exponunt.</strong></span> 
     </span>
    </p>
   </div>
   <div class='ocr_carea' id='block_1_74' title="bbox 2089 3654 3687 3729">
    <p class='ocr_par' dir='ltr' id='par_1_74' title="bbox 2089 3654 3687 3729">
     <span class='ocr_line' id='line_1_74' title="bbox 2089 3654 3687 3729; baseline -0.002 -19"><span class='ocrx_word' id='word_1_541' title='bbox 2089 3655 2234 3729; x_wconf 76' lang='grc' dir='ltr'>ζωῆς</span> <span class='ocrx_word' id='word_1_542' title='bbox 2294 3657 2547 3728; x_wconf 86' lang='grc' dir='ltr'>ἐσόμενα.</span> <span class='ocrx_word' id='word_1_543' title='bbox 2601 3658 2663 3710; x_wconf 85' lang='grc' dir='ltr'>Οί</span> <span class='ocrx_word' id='word_1_544' title='bbox 2712 3656 2820 3728; x_wconf 74' lang='grc' dir='ltr'><strong>γὰρ</strong></span> <span class='ocrx_word' id='word_1_545' title='bbox 2870 3656 3048 3727; x_wconf 85' lang='grc' dir='ltr'>μάτην</span> <span class='ocrx_word' id='word_1_546' title='bbox 3097 3654 3156 3708; x_wconf 89' lang='grc' dir='ltr'>τὺ</span> <span class='ocrx_word' id='word_1_547' title='bbox 3211 3655 3312 3725; x_wconf 81' lang='grc' dir='ltr'>τῆς</span> <span class='ocrx_word' id='word_1_548' title='bbox 3359 3654 3687 3724; x_wconf 81' lang='grc' dir='ltr'>φιλοσοφίας</span> 
     </span>
    </p>
   </div>
   <div class='ocr_carea' id='block_1_75' title="bbox 2089 3747 3686 3822">
    <p class='ocr_par' dir='ltr' id='par_1_75' title="bbox 2089 3747 3686 3822">
     <span class='ocr_line' id='line_1_75' title="bbox 2089 3747 3686 3822; baseline -0.003 -19"><span class='ocrx_word' id='word_1_549' title='bbox 2089 3749 2486 3822; x_wconf 78' lang='grc' dir='ltr'>ἐπηρεάζοντες</span> <span class='ocrx_word' id='word_1_550' title='bbox 2536 3750 2724 3821; x_wconf 77' lang='grc' dir='ltr'>ὄνομα,</span> <span class='ocrx_word' id='word_1_551' title='bbox 2764 3749 2916 3802; x_wconf 75' lang='grc' dir='ltr'>οὐδὲν</span> <span class='ocrx_word' id='word_1_552' title='bbox 2970 3748 3171 3812; x_wconf 80' lang='grc' dir='ltr'>εἰδότες</span> <span class='ocrx_word' id='word_1_553' title='bbox 3211 3747 3564 3817; x_wconf 83' lang='grc' dir='ltr'>ἐλέγχονται,</span> <span class='ocrx_word' id='word_1_554' title='bbox 3611 3748 3686 3810; x_wconf 75' lang='grc' dir='ltr'>ὡς</span> 
     </span>
    </p>
   </div>
   <div class='ocr_carea' id='block_1_76' title="bbox 408 3838 3686 3914">
    <p class='ocr_par' dir='ltr' id='par_1_76' title="bbox 408 3838 3686 3914">
     <span class='ocr_line' id='line_1_76' title="bbox 408 3838 3686 3914; baseline -0.001 -20"><span class='ocrx_word' id='word_1_555' title='bbox 408 3841 507 3895; x_wconf 75' lang='grc' dir='ltr'><strong>καὶ</strong></span> <span class='ocrx_word' id='word_1_556' title='bbox 557 3843 710 3896; x_wconf 76' lang='grc' dir='ltr'>αὐτοὶ</span> <span class='ocrx_word' id='word_1_557' title='bbox 764 3842 1074 3914; x_wconf 87' lang='grc' dir='ltr'>όμοολογεῖν</span> <span class='ocrx_word' id='word_1_558' title='bbox 1134 3841 1227 3896; x_wconf 70' lang='grc' dir='ltr'>καὶ</span> <span class='ocrx_word' id='word_1_559' title='bbox 1279 3843 1502 3908; x_wconf 83' lang='grc' dir='ltr'>ἄκοντες</span> <span class='ocrx_word' id='word_1_560' title='bbox 1564 3843 1984 3913; x_wconf 78' lang='grc' dir='ltr'>ἀναγκάζονται,</span> <span class='ocrx_word' id='word_1_561' title='bbox 2023 3843 2088 3897; x_wconf 84' lang='grc' dir='ltr'>δι’</span> <span class='ocrx_word' id='word_1_562' title='bbox 2121 3838 2196 3897; x_wconf 80' lang='grc' dir='ltr'>ὧν</span> <span class='ocrx_word' id='word_1_563' title='bbox 2221 3845 2281 3897; x_wconf 79' lang='grc' dir='ltr'><strong>οὐ</strong></span> <span class='ocrx_word' id='word_1_564' title='bbox 2314 3843 2449 3914; x_wconf 80' lang='grc' dir='ltr'>πρὸς</span> <span class='ocrx_word' id='word_1_565' title='bbox 2489 3842 2750 3913; x_wconf 79' lang='grc' dir='ltr'>ἀλλήλους</span> <span class='ocrx_word' id='word_1_566' title='bbox 2785 3841 3130 3906; x_wconf 77' lang='grc' dir='ltr'>στασιάζουσι</span> <span class='ocrx_word' id='word_1_567' title='bbox 3175 3841 3356 3913; x_wconf 89' lang='grc' dir='ltr'>μόνον,</span> <span class='ocrx_word' id='word_1_568' title='bbox 3415 3839 3561 3895; x_wconf 72' lang='grc' dir='ltr'>ἀλλὰ</span> <span class='ocrx_word' id='word_1_569' title='bbox 3589 3839 3686 3892; x_wconf 72' lang='grc' dir='ltr'><strong>καὶ</strong></span> 
     </span>
    </p>
   </div>
   <div class='ocr_carea' id='block_1_77' title="bbox 410 3934 1699 4003">
    <p class='ocr_par' dir='ltr' id='par_1_77' title="bbox 410 3934 1699 4003">
     <span class='ocr_line' id='line_1_77' title="bbox 410 3934 1699 4003; baseline 0.004 -17"><span class='ocrx_word' id='word_1_570' title='bbox 410 3935 508 3998; x_wconf 78' lang='grc' dir='ltr'>τὰς</span> <span class='ocrx_word' id='word_1_571' title='bbox 533 3934 740 3988; x_wconf 76' lang='grc' dir='ltr'>ἑαυτῶν</span> <span class='ocrx_word' id='word_1_572' title='bbox 769 3934 956 3989; x_wconf 83' lang='grc' dir='ltr'>ἄλλοτε</span> <span class='ocrx_word' id='word_1_573' title='bbox 985 3935 1159 4000; x_wconf 82' lang='grc' dir='ltr'>άλλως</span> <span class='ocrx_word' id='word_1_574' title='bbox 1189 3935 1493 3990; x_wconf 88' lang='grc' dir='ltr'>ἐκτίθενται</span> <span class='ocrx_word' id='word_1_575' title='bbox 1521 3937 1699 4003; x_wconf 80' lang='grc' dir='ltr'>δόξας.</span> 
     </span>
    </p>
   </div>
   <div class='ocr_carea' id='block_1_78' title="bbox 485 4031 1981 4104">
    <p class='ocr_par' dir='ltr' id='par_1_78' title="bbox 485 4031 1981 4104">
     <span class='ocr_line' id='line_1_78' title="bbox 485 4031 1981 4104; baseline 0.003 -18"><span class='ocrx_word' id='word_1_576' title='bbox 485 4031 576 4086; x_wconf 80' lang='grc'><strong>56.</strong></span> <span class='ocrx_word' id='word_1_577' title='bbox 618 4031 769 4097; x_wconf 87' lang='lat' dir='ltr'><strong>Quod</strong></span> <span class='ocrx_word' id='word_1_578' title='bbox 796 4032 840 4085; x_wconf 90' lang='lat' dir='ltr'><strong>si</strong></span> <span class='ocrx_word' id='word_1_579' title='bbox 866 4032 1110 4086; x_wconf 90' lang='lat' dir='ltr'><strong>veritatis</strong></span> <span class='ocrx_word' id='word_1_580' title='bbox 1140 4033 1383 4088; x_wconf 86' lang='lat' dir='ltr'><strong>inventio</strong></span> <span class='ocrx_word' id='word_1_581' title='bbox 1424 4033 1548 4088; x_wconf 85' lang='lat' dir='ltr'><strong>linis</strong></span> <span class='ocrx_word' id='word_1_582' title='bbox 1578 4034 1797 4103; x_wconf 88' lang='lat' dir='ltr'><strong>quidam</strong></span> <span class='ocrx_word' id='word_1_583' title='bbox 1842 4035 1981 4104; x_wconf 90' lang='lat' dir='ltr'><strong>apud</strong></span> 
     </span>
    </p>
   </div>
   <div class='ocr_carea' id='block_1_79' title="bbox 411 4123 1980 4196">
    <p class='ocr_par' dir='ltr' id='par_1_79' title="bbox 411 4123 1980 4196">
     <span class='ocr_line' id='line_1_79' title="bbox 411 4123 1980 4196; baseline 0.001 -16"><span class='ocrx_word' id='word_1_584' title='bbox 411 4140 505 4180; x_wconf 88' lang='lat' dir='ltr'><strong>eos</strong></span> <span class='ocrx_word' id='word_1_585' title='bbox 543 4123 898 4194; x_wconf 78' lang='lat' dir='ltr'><strong>philosophiae</strong></span> <span class='ocrx_word' id='word_1_586' title='bbox 924 4124 1154 4190; x_wconf 89' lang='lat' dir='ltr'><strong>dicitur;</strong></span> <span class='ocrx_word' id='word_1_587' title='bbox 1189 4127 1461 4194; x_wconf 92' lang='lat' dir='ltr'><strong>quomodo</strong></span> <span class='ocrx_word' id='word_1_588' title='bbox 1486 4126 1580 4196; x_wconf 92' lang='lat' dir='ltr'><strong>qui</strong></span> <span class='ocrx_word' id='word_1_589' title='bbox 1612 4127 1861 4182; x_wconf 86' lang='lat' dir='ltr'><strong>veritatis</strong></span> <span class='ocrx_word' id='word_1_590' title='bbox 1891 4142 1980 4181; x_wconf 56' lang='lat' dir='ltr'><strong>eo.</strong></span> 
     </span>
    </p>
   </div>
   <div class='ocr_carea' id='block_1_80' title="bbox 409 4217 1986 4289">
    <p class='ocr_par' dir='ltr' id='par_1_80' title="bbox 409 4217 1986 4289">
     <span class='ocr_line' id='line_1_80' title="bbox 409 4217 1986 4289; baseline 0.005 -19"><span class='ocrx_word' id='word_1_591' title='bbox 409 4217 707 4288; x_wconf 91' lang='lat' dir='ltr'><strong>gnitionem</strong></span> <span class='ocrx_word' id='word_1_592' title='bbox 745 4217 1021 4273; x_wconf 89' lang='lat' dir='ltr'><strong>consecuti</strong></span> <span class='ocrx_word' id='word_1_593' title='bbox 1053 4232 1159 4272; x_wconf 89' lang='lat' dir='ltr'><strong>non</strong></span> <span class='ocrx_word' id='word_1_594' title='bbox 1194 4228 1346 4284; x_wconf 90' lang='lat' dir='ltr'><strong>sunt,</strong></span> <span class='ocrx_word' id='word_1_595' title='bbox 1391 4218 1742 4289; x_wconf 60' lang='lat' dir='ltr'><strong>philosophiae</strong></span> <span class='ocrx_word' id='word_1_596' title='bbox 1769 4223 1986 4278; x_wconf 88' lang='lat' dir='ltr'><strong>nomine</strong></span> 
     </span>
    </p>
   </div>
   <div class='ocr_carea' id='block_1_81' title="bbox 224 4289 1989 4383">
    <p class='ocr_par' dir='ltr' id='par_1_81' title="bbox 224 4289 1989 4383">
     <span class='ocr_line' id='line_1_81' title="bbox 224 4289 1989 4383; baseline 0.003 -20"><span class='ocrx_word' id='word_1_597' title='bbox 224 4290 228 4292; x_wconf 42' lang='grc'><em>’</em></span> <span class='ocrx_word' id='word_1_598' title='bbox 289 4359 292 4361; x_wconf 35' lang='grc' dir='ltr'>λ</span> <span class='ocrx_word' id='word_1_599' title='bbox 321 4289 328 4311; x_wconf 47' lang='grc'><em>³</em></span> <span class='ocrx_word' id='word_1_600' title='bbox 409 4310 558 4381; x_wconf 87' lang='lat' dir='ltr'><strong>digni</strong></span> <span class='ocrx_word' id='word_1_601' title='bbox 586 4309 733 4364; x_wconf 82' lang='lat' dir='ltr'><strong>sint?</strong></span> <span class='ocrx_word' id='word_1_602' title='bbox 758 4307 893 4364; x_wconf 80' lang='lat' dir='ltr'><strong>Nam</strong></span> <span class='ocrx_word' id='word_1_603' title='bbox 925 4308 970 4364; x_wconf 91' lang='lat' dir='ltr'><strong>si</strong></span> <span class='ocrx_word' id='word_1_604' title='bbox 999 4319 1307 4365; x_wconf 88' lang='lat' dir='ltr'><strong>vestrorum</strong></span> <span class='ocrx_word' id='word_1_605' title='bbox 1340 4313 1648 4380; x_wconf 90' lang='lat' dir='ltr'><strong>sapientum</strong></span> <span class='ocrx_word' id='word_1_606' title='bbox 1699 4313 1989 4383; x_wconf 82' lang='lat' dir='ltr'><strong>sapientis-</strong></span> 
     </span>
    </p>
   </div>
   <div class='ocr_carea' id='block_1_82' title="bbox 410 4399 1990 4468">
    <p class='ocr_par' dir='ltr' id='par_1_82' title="bbox 410 4399 1990 4468">
     <span class='ocr_line' id='line_1_82' title="bbox 410 4399 1990 4468; baseline 0.002 -12"><span class='ocrx_word' id='word_1_607' title='bbox 410 4401 585 4456; x_wconf 84' lang='lat' dir='ltr'><strong>simus</strong></span> <span class='ocrx_word' id='word_1_608' title='bbox 617 4399 897 4468; x_wconf 89' lang='lat' dir='ltr'><strong>Socrates,</strong></span> <span class='ocrx_word' id='word_1_609' title='bbox 941 4403 1028 4455; x_wconf 92' lang='lat' dir='ltr'><strong>cui</strong></span> <span class='ocrx_word' id='word_1_610' title='bbox 1074 4412 1314 4456; x_wconf 87' lang='lat' dir='ltr'><strong>vestrum</strong></span> <span class='ocrx_word' id='word_1_611' title='bbox 1367 4403 1533 4456; x_wconf 90' lang='lat' dir='ltr'><strong>etiam</strong></span> <span class='ocrx_word' id='word_1_612' title='bbox 1586 4408 1899 4468; x_wconf 88' lang='lat' dir='ltr'><strong>oraculum,</strong></span> <span class='ocrx_word' id='word_1_613' title='bbox 1930 4418 1990 4459; x_wconf 80' lang='lat' dir='ltr'><strong>ut</strong></span> 
     </span>
    </p>
   </div>
   <div class='ocr_carea' id='block_1_83' title="bbox 412 4495 1570 4563">
    <p class='ocr_par' dir='ltr' id='par_1_83' title="bbox 412 4495 1570 4563">
     <span class='ocr_line' id='line_1_83' title="bbox 412 4495 1570 4563; baseline 0 -15"><span class='ocrx_word' id='word_1_614' title='bbox 412 4495 512 4563; x_wconf 89' lang='lat' dir='ltr'><strong>ipsi</strong></span> <span class='ocrx_word' id='word_1_615' title='bbox 544 4495 805 4558; x_wconf 86' lang='lat' dir='ltr'><strong>narratis.</strong></span> <span class='ocrx_word' id='word_1_616' title='bbox 841 4495 941 4550; x_wconf 87' lang='lat' dir='ltr'><strong>hoc</strong></span> <span class='ocrx_word' id='word_1_617' title='bbox 979 4495 1346 4551; x_wconf 90' lang='lat' dir='ltr'><strong>testimonium</strong></span> <span class='ocrx_word' id='word_1_618' title='bbox 1381 4495 1570 4549; x_wconf 86' lang='lat' dir='ltr'><strong>dedit:</strong></span> 
     </span>
    </p>
   </div>
   <div class='ocr_carea' id='block_1_84' title="bbox 485 4600 1785 4676">
    <p class='ocr_par' dir='ltr' id='par_1_84' title="bbox 485 4600 1785 4676">
     <span class='ocr_line' id='line_1_84' title="bbox 485 4600 1785 4676; baseline -0.002 -14"><span class='ocrx_word' id='word_1_619' title='bbox 485 4606 732 4662; x_wconf 84' lang='lat' dir='ltr'><strong>Omnium</strong></span> <span class='ocrx_word' id='word_1_620' title='bbox 765 4609 1034 4662; x_wconf 82' lang='lat' dir='ltr'><strong>hominum</strong></span> <span class='ocrx_word' id='word_1_621' title='bbox 1070 4606 1315 4663; x_wconf 81' lang='lat' dir='ltr'><strong>Socrates</strong></span> <span class='ocrx_word' id='word_1_622' title='bbox 1344 4600 1785 4676; x_wconf 77' lang='lat' dir='ltr'><strong>sapisn&#39;lt&#39;ssimus,</strong></span> 
     </span>
    </p>
   </div>
   <div class='ocr_carea' id='block_1_85' title="bbox 414 4747 1990 4820">
    <p class='ocr_par' dir='ltr' id='par_1_85' title="bbox 414 4747 1990 4820">
     <span class='ocr_line' id='line_1_85' title="bbox 414 4747 1990 4820; baseline -0.001 -18"><span class='ocrx_word' id='word_1_623' title='bbox 414 4750 647 4820; x_wconf 75' lang='lat' dir='ltr'><strong>gendum</strong></span> <span class='ocrx_word' id='word_1_624' title='bbox 675 4748 910 4820; x_wconf 84' lang='lat' dir='ltr'><strong>vide_tttr.</strong></span> <span class='ocrx_word' id='word_1_625' title='bbox 945 4747 1200 4820; x_wconf 14' lang='lat' dir='ltr'><strong>Maranu‘s</strong></span> <span class='ocrx_word' id='word_1_626' title='bbox 1227 4747 1606 4802; x_wconf 87' lang='lat' dir='ltr'><strong>tantummodo</strong></span> <span class='ocrx_word' id='word_1_627' title='bbox 1634 4748 1748 4820; x_wconf 13' lang='grc' dir='ltr'>γύπό</span> <span class='ocrx_word' id='word_1_628' title='bbox 1791 4747 1842 4802; x_wconf 92' lang='lat' dir='ltr'><strong>in</strong></span> <span class='ocrx_word' id='word_1_629' title='bbox 1880 4747 1990 4801; x_wconf 87' lang='grc' dir='ltr'><strong>ἀπό</strong></span> 
     </span>
    </p>
   </div>
   <div class='ocr_carea' id='block_1_86' title="bbox 413 4817 1990 4886">
    <p class='ocr_par' dir='ltr' id='par_1_86' title="bbox 413 4817 1990 4886">
     <span class='ocr_line' id='line_1_86' title="bbox 413 4817 1990 4886; baseline 0.001 -14"><span class='ocrx_word' id='word_1_630' title='bbox 413 4817 764 4872; x_wconf 76' lang='lat' dir='ltr'><strong>vultmutari.</strong></span> <span class='ocrx_word' id='word_1_631' title='bbox 788 4817 864 4872; x_wconf 77' lang='lat' dir='ltr'><strong>Ex</strong></span> <span class='ocrx_word' id='word_1_632' title='bbox 886 4833 1008 4873; x_wconf 91' lang='lat' dir='ltr'><strong>mea</strong></span> <span class='ocrx_word' id='word_1_633' title='bbox 1035 4817 1398 4886; x_wconf 88' lang='lat' dir='ltr'><strong>qualicunque</strong></span> <span class='ocrx_word' id='word_1_634' title='bbox 1412 4819 1700 4883; x_wconf 89' lang='lat' dir='ltr'><strong>sententia,</strong></span> <span class='ocrx_word' id='word_1_635' title='bbox 1723 4829 1779 4871; x_wconf 89' lang='lat' dir='ltr'><strong>ut</strong></span> <span class='ocrx_word' id='word_1_636' title='bbox 1797 4833 1990 4873; x_wconf 84' lang='lat' dir='ltr'><strong>sensus</strong></span> 
     </span>
    </p>
   </div>
   <div class='ocr_carea' id='block_1_87' title="bbox 411 4887 1986 4953">
    <p class='ocr_par' dir='ltr' id='par_1_87' title="bbox 411 4887 1986 4953">
     <span class='ocr_line' id='line_1_87' title="bbox 411 4887 1986 4953; baseline 0.001 -12"><span class='ocrx_word' id='word_1_637' title='bbox 411 4899 468 4941; x_wconf 90' lang='lat' dir='ltr'><strong>et</strong></span> <span class='ocrx_word' id='word_1_638' title='bbox 494 4898 769 4941; x_wconf 84' lang='lat' dir='ltr'><strong>structura</strong></span> <span class='ocrx_word' id='word_1_639' title='bbox 797 4898 1028 4953; x_wconf 85' lang='lat' dir='ltr'><strong>constet,</strong></span> <span class='ocrx_word' id='word_1_640' title='bbox 1057 4888 1276 4941; x_wconf 87' lang='lat' dir='ltr'><strong>videtur</strong></span> <span class='ocrx_word' id='word_1_641' title='bbox 1300 4887 1379 4939; x_wconf 90' lang='lat' dir='ltr'><strong>sic</strong></span> <span class='ocrx_word' id='word_1_642' title='bbox 1403 4888 1798 4941; x_wconf 86' lang='lat' dir='ltr'><strong>emendandum</strong></span> <span class='ocrx_word' id='word_1_643' title='bbox 1830 4902 1948 4942; x_wconf 88' lang='lat' dir='ltr'><strong>esse</strong></span> <span class='ocrx_word' id='word_1_644' title='bbox 1971 4901 1986 4941; x_wconf 89' lang='lat'><strong>:</strong></span> 
     </span>
    </p>
   </div>
   <div class='ocr_carea' id='block_1_88' title="bbox 410 4956 1989 5031">
    <p class='ocr_par' dir='ltr' id='par_1_88' title="bbox 410 4956 1989 5031">
     <span class='ocr_line' id='line_1_88' title="bbox 410 4956 1989 5031; baseline -0.001 -19"><span class='ocrx_word' id='word_1_645' title='bbox 410 4958 511 5012; x_wconf 86' lang='grc' dir='ltr'>Διά</span> <span class='ocrx_word' id='word_1_646' title='bbox 524 4975 665 5031; x_wconf 76' lang='grc' dir='ltr'>τινος</span> <span class='ocrx_word' id='word_1_647' title='bbox 685 4958 1014 5031; x_wconf 81' lang='grc' dir='ltr'>ἀλληγορίας</span> <span class='ocrx_word' id='word_1_648' title='bbox 1029 4957 1096 5031; x_wconf 82' lang='grc' dir='ltr'><strong>τά</strong></span> <span class='ocrx_word' id='word_1_649' title='bbox 1120 4956 1224 5010; x_wconf 80' lang='grc' dir='ltr'><strong>ὑπὸ</strong></span> <span class='ocrx_word' id='word_1_650' title='bbox 1237 4956 1524 5031; x_wconf 5' lang='grc' dir='ltr'>,Μωῦσέως</span> <span class='ocrx_word' id='word_1_651' title='bbox 1550 4957 1774 5031; x_wconf 22' lang='grc' dir='ltr'>καὶλτῶν</span> <span class='ocrx_word' id='word_1_652' title='bbox 1790 4957 1989 5031; x_wconf 79' lang='grc' dir='ltr'>λοιπῶν</span> 
     </span>
    </p>
   </div>
   <div class='ocr_carea' id='block_1_89' title="bbox 411 5027 1989 5102">
    <p class='ocr_par' dir='ltr' id='par_1_89' title="bbox 411 5027 1989 5102">
     <span class='ocr_line' id='line_1_89' title="bbox 411 5027 1989 5102; baseline -0.001 -19"><span class='ocrx_word' id='word_1_653' title='bbox 411 5029 704 5102; x_wconf 77' lang='grc' dir='ltr'>προφητῶν</span> <span class='ocrx_word' id='word_1_654' title='bbox 737 5027 1016 5102; x_wconf 79' lang='grc' dir='ltr'>εἰρημένα</span> <span class='ocrx_word' id='word_1_655' title='bbox 1064 5030 1123 5102; x_wconf 84' lang='grc' dir='ltr'><strong>ἐν</strong></span> <span class='ocrx_word' id='word_1_656' title='bbox 1172 5030 1299 5102; x_wconf 78' lang='grc' dir='ltr'>τοῖς</span> <span class='ocrx_word' id='word_1_657' title='bbox 1318 5058 1393 5102; x_wconf 83' lang='lat'><strong>——_</strong></span> <span class='ocrx_word' id='word_1_658' title='bbox 1425 5027 1884 5102; x_wconf 71' lang='grc' dir='ltr'>ἀπηγγελκότων,</span> <span class='ocrx_word' id='word_1_659' title='bbox 1935 5028 1989 5082; x_wconf 92' lang='lat' dir='ltr'><strong>id</strong></span> 
     </span>
    </p>
   </div>
   <div class='ocr_carea' id='block_1_90' title="bbox 413 5097 1984 5166">
    <p class='ocr_par' dir='ltr' id='par_1_90' title="bbox 413 5097 1984 5166">
     <span class='ocr_line' id='line_1_90' title="bbox 413 5097 1984 5166; baseline -0.001 -13"><span class='ocrx_word' id='word_1_660' title='bbox 413 5097 559 5166; x_wconf 81' lang='lat' dir='ltr'><strong>quod</strong></span> <span class='ocrx_word' id='word_1_661' title='bbox 586 5097 842 5153; x_wconf 24' lang='lat' dir='ltr'><strong>‘tnaxini&#39;e</strong></span> <span class='ocrx_word' id='word_1_662' title='bbox 864 5097 1135 5154; x_wconf 65' lang='lat' dir='ltr'><strong>convenit</strong></span> <span class='ocrx_word' id='word_1_663' title='bbox 1173 5097 1397 5153; x_wconf 88' lang='lat' dir='ltr'><strong>dictioni</strong></span> <span class='ocrx_word' id='word_1_664' title='bbox 1430 5097 1711 5165; x_wconf 83' lang='lat' dir='ltr'><strong>Martyris;</strong></span> <span class='ocrx_word' id='word_1_665' title='bbox 1761 5102 1984 5164; x_wconf 86' lang='lat' dir='ltr'><strong>etenim,</strong></span> 
     </span>
    </p>
   </div>
   <div class='ocr_carea' id='block_1_91' title="bbox 410 5167 1987 5239">
    <p class='ocr_par' dir='ltr' id='par_1_91' title="bbox 410 5167 1987 5239">
     <span class='ocr_line' id='line_1_91' title="bbox 410 5167 1987 5239; baseline 0.001 -18"><span class='ocrx_word' id='word_1_666' title='bbox 410 5183 471 5225; x_wconf 91' lang='lat' dir='ltr'><strong>nt</strong></span> <span class='ocrx_word' id='word_1_667' title='bbox 512 5175 819 5238; x_wconf 76' lang='lat' dir='ltr'><strong>exemplum</strong></span> <span class='ocrx_word' id='word_1_668' title='bbox 851 5169 1101 5235; x_wconf 71' lang='lat' dir='ltr'><strong>afferam,</strong></span> <span class='ocrx_word' id='word_1_669' title='bbox 1133 5169 1295 5238; x_wconf 87' lang='lat' dir='ltr'><strong>paulo</strong></span> <span class='ocrx_word' id='word_1_670' title='bbox 1341 5178 1466 5223; x_wconf 88' lang='lat' dir='ltr'><strong>ante</strong></span> <span class='ocrx_word' id='word_1_671' title='bbox 1496 5167 1569 5239; x_wconf 73' lang='grc' dir='ltr'><strong>(ρ.</strong></span> <span class='ocrx_word' id='word_1_672' title='bbox 1596 5169 1687 5239; x_wconf 76' lang='lat'><strong>3?.)</strong></span> <span class='ocrx_word' id='word_1_673' title='bbox 1727 5170 1776 5222; x_wconf 92' lang='lat' dir='ltr'><strong>iu</strong></span> <span class='ocrx_word' id='word_1_674' title='bbox 1822 5170 1987 5224; x_wconf 73' lang='lat' dir='ltr'><strong>simili</strong></span> 
     </span>
    </p>
   </div>
   <div class='ocr_carea' id='block_1_92' title="bbox 411 5239 1986 5307">
    <p class='ocr_par' dir='ltr' id='par_1_92' title="bbox 411 5239 1986 5307">
     <span class='ocr_line' id='line_1_92' title="bbox 411 5239 1986 5307; baseline -0.001 -14"><span class='ocrx_word' id='word_1_675' title='bbox 411 5255 579 5295; x_wconf 83' lang='lat' dir='ltr'><strong>causa</strong></span> <span class='ocrx_word' id='word_1_676' title='bbox 613 5240 801 5294; x_wconf 86' lang='lat' dir='ltr'><strong>iisdem</strong></span> <span class='ocrx_word' id='word_1_677' title='bbox 831 5239 946 5294; x_wconf 86' lang='lat' dir='ltr'><strong>lere</strong></span> <span class='ocrx_word' id='word_1_678' title='bbox 973 5240 1154 5294; x_wconf 86' lang='lat' dir='ltr'><strong>verbis</strong></span> <span class='ocrx_word' id='word_1_679' title='bbox 1184 5239 1557 5307; x_wconf 86' lang='lat' dir='ltr'><strong>pronuntiavit</strong></span> <span class='ocrx_word' id='word_1_680' title='bbox 1585 5256 1599 5291; x_wconf 92' lang='lat'><strong><em>:</em></strong></span> <span class='ocrx_word' id='word_1_681' title='bbox 1623 5241 1722 5294; x_wconf 75' lang='grc' dir='ltr'>Διά</span> <span class='ocrx_word' id='word_1_682' title='bbox 1752 5240 1810 5293; x_wconf 82' lang='grc' dir='ltr'><strong>δέ</strong></span> <span class='ocrx_word' id='word_1_683' title='bbox 1843 5257 1986 5303; x_wconf 90' lang='grc' dir='ltr'>τινος</span> 
     </span>
    </p>
   </div>
   <div class='ocr_carea' id='block_1_93' title="bbox 410 5309 1988 5402">
    <p class='ocr_par' dir='ltr' id='par_1_93' title="bbox 410 5309 1988 5402">
     <span class='ocr_line' id='line_1_93' title="bbox 410 5309 1988 5402; baseline 0 0"><span class='ocrx_word' id='word_1_684' title='bbox 410 5309 738 5402; x_wconf 58' lang='grc' dir='ltr'><strong>ἀέἓέιτορίὲς</strong></span> <span class='ocrx_word' id='word_1_685' title='bbox 765 5310 831 5402; x_wconf 73' lang='grc' dir='ltr'><strong>ῖτά</strong></span> <span class='ocrx_word' id='word_1_686' title='bbox 855 5309 960 5364; x_wconf 58' lang='grc' dir='ltr'><strong>ὑπὸ</strong></span> <span class='ocrx_word' id='word_1_687' title='bbox 979 5310 1097 5402; x_wconf 52' lang='lat' dir='ltr'><strong>si?</strong></span> <span class='ocrx_word' id='word_1_688' title='bbox 1125 5309 1988 5402; x_wconf 54' lang='grc' dir='ltr'><strong>ιιοφητίένῖῇίριμὲνρεάπαγ-</strong></span> 
     </span>
    </p>
   </div>
   <div class='ocr_carea' id='block_1_94' title="bbox 409 5380 1987 5451">
    <p class='ocr_par' dir='ltr' id='par_1_94' title="bbox 409 5380 1987 5451">
     <span class='ocr_line' id='line_1_94' title="bbox 409 5380 1987 5451; baseline 0 -16"><span class='ocrx_word' id='word_1_689' title='bbox 409 5380 634 5451; x_wconf 72' lang='grc' dir='ltr'>γέλλιυν.</span> <span class='ocrx_word' id='word_1_690' title='bbox 669 5381 938 5436; x_wconf 62' lang='lat' dir='ltr'><strong>Caeterum</strong></span> <span class='ocrx_word' id='word_1_691' title='bbox 978 5381 1113 5434; x_wconf 84' lang='lat' dir='ltr'><strong>Cod.</strong></span> <span class='ocrx_word' id='word_1_692' title='bbox 1145 5380 1345 5435; x_wconf 70' lang='lat' dir='ltr'><strong>Vitnar.</strong></span> <span class='ocrx_word' id='word_1_693' title='bbox 1374 5380 1534 5451; x_wconf 64' lang='lat' dir='ltr'><strong>habet</strong></span> <span class='ocrx_word' id='word_1_694' title='bbox 1562 5398 1574 5431; x_wconf 89' lang='lat'><strong>:</strong></span> <span class='ocrx_word' id='word_1_695' title='bbox 1610 5380 1713 5434; x_wconf 82' lang='lat' dir='ltr'><strong>Sed</strong></span> <span class='ocrx_word' id='word_1_696' title='bbox 1741 5383 1794 5434; x_wconf 83' lang='lat' dir='ltr'><strong>id</strong></span> <span class='ocrx_word' id='word_1_697' title='bbox 1835 5398 1987 5435; x_wconf 81' lang='lat' dir='ltr'><strong>omne</strong></span> 
     </span>
    </p>
   </div>
   <div class='ocr_carea' id='block_1_95' title="bbox 411 5449 1988 5520">
    <p class='ocr_par' dir='ltr' id='par_1_95' title="bbox 411 5449 1988 5520">
     <span class='ocr_line' id='line_1_95' title="bbox 411 5449 1988 5520; baseline 0.001 -15"><span class='ocrx_word' id='word_1_698' title='bbox 411 5449 576 5506; x_wconf 73' lang='lat' dir='ltr'><strong>rerbis</strong></span> <span class='ocrx_word' id='word_1_699' title='bbox 617 5455 958 5520; x_wconf 79' lang='lat' dir='ltr'><strong>orationeque</strong></span> <span class='ocrx_word' id='word_1_700' title='bbox 1004 5462 1327 5505; x_wconf 85' lang='lat' dir='ltr'><strong>commutata</strong></span> <span class='ocrx_word' id='word_1_701' title='bbox 1357 5467 1388 5502; x_wconf 92' lang='lat' dir='ltr'><strong>a</strong></span> <span class='ocrx_word' id='word_1_702' title='bbox 1426 5449 1607 5519; x_wconf 80' lang='lat' dir='ltr'><strong>Moyse</strong></span> <span class='ocrx_word' id='word_1_703' title='bbox 1647 5451 1845 5518; x_wconf 78' lang='lat' dir='ltr'><strong>fuerint</strong></span> <span class='ocrx_word' id='word_1_704' title='bbox 1886 5468 1988 5506; x_wconf 76' lang='lat' dir='ltr'><strong>ra:-</strong></span> 
     </span>
    </p>
   </div>
   <div class='ocr_carea' id='block_1_96' title="bbox 411 5520 1987 5591">
    <p class='ocr_par' dir='ltr' id='par_1_96' title="bbox 411 5520 1987 5591">
     <span class='ocr_line' id='line_1_96' title="bbox 411 5520 1987 5591; baseline 0.002 -19"><span class='ocrx_word' id='word_1_705' title='bbox 411 5529 640 5591; x_wconf 81' lang='lat' dir='ltr'><strong>terisque</strong></span> <span class='ocrx_word' id='word_1_706' title='bbox 680 5527 873 5576; x_wconf 80' lang='lat' dir='ltr'><strong>nostris</strong></span> <span class='ocrx_word' id='word_1_707' title='bbox 907 5523 1117 5574; x_wconf 79' lang='lat' dir='ltr'><strong>vatibus</strong></span> <span class='ocrx_word' id='word_1_708' title='bbox 1157 5520 1408 5582; x_wconf 82' lang='lat' dir='ltr'><strong>mutuati,</strong></span> <span class='ocrx_word' id='word_1_709' title='bbox 1441 5531 1495 5573; x_wconf 91' lang='lat' dir='ltr'><strong>et</strong></span> <span class='ocrx_word' id='word_1_710' title='bbox 1532 5537 1632 5575; x_wconf 86' lang='lat' dir='ltr'><strong>ms.</strong></span> <span class='ocrx_word' id='word_1_711' title='bbox 1666 5522 1778 5575; x_wconf 87' lang='lat' dir='ltr'><strong>Pici</strong></span> <span class='ocrx_word' id='word_1_712' title='bbox 1807 5540 1819 5576; x_wconf 90' lang='lat'><strong>:</strong></span> <span class='ocrx_word' id='word_1_713' title='bbox 1856 5521 1987 5587; x_wconf 81' lang='lat' dir='ltr'><strong>Qui-</strong></span> 
     </span>
    </p>
   </div>
   <div class='ocr_carea' id='block_1_97' title="bbox 409 5591 1985 5662">
    <p class='ocr_par' dir='ltr' id='par_1_97' title="bbox 409 5591 1985 5662">
     <span class='ocr_line' id='line_1_97' title="bbox 409 5591 1985 5662; baseline 0.002 -19"><span class='ocrx_word' id='word_1_714' title='bbox 409 5607 508 5662; x_wconf 78' lang='lat' dir='ltr'><strong>que</strong></span> <span class='ocrx_word' id='word_1_715' title='bbox 555 5604 698 5645; x_wconf 84' lang='lat' dir='ltr'><strong>certa</strong></span> <span class='ocrx_word' id='word_1_716' title='bbox 742 5593 898 5646; x_wconf 77' lang='lat' dir='ltr'><strong>veluti</strong></span> <span class='ocrx_word' id='word_1_717' title='bbox 943 5592 1200 5662; x_wconf 76' lang='lat' dir='ltr'><strong>allegoria</strong></span> <span class='ocrx_word' id='word_1_718' title='bbox 1243 5593 1353 5644; x_wconf 77' lang='lat' dir='ltr'><strong>suis</strong></span> <span class='ocrx_word' id='word_1_719' title='bbox 1403 5591 1855 5662; x_wconf 76' lang='lat' dir='ltr'><strong>lucubrationibus</strong></span> <span class='ocrx_word' id='word_1_720' title='bbox 1890 5596 1985 5646; x_wconf 77' lang='lat' dir='ltr'><strong>de-</strong></span> 
     </span>
    </p>
   </div>
   <div class='ocr_carea' id='block_1_98' title="bbox 411 5661 1983 5733">
    <p class='ocr_par' dir='ltr' id='par_1_98' title="bbox 411 5661 1983 5733">
     <span class='ocr_line' id='line_1_98' title="bbox 411 5661 1983 5733; baseline 0.004 -21"><span class='ocrx_word' id='word_1_721' title='bbox 411 5661 771 5733; x_wconf 74' lang='lat' dir='ltr'><strong>prompserunt</strong></span> <span class='ocrx_word' id='word_1_722' title='bbox 801 5681 881 5724; x_wconf 88' lang='lat' dir='ltr'><strong>ea,</strong></span> <span class='ocrx_word' id='word_1_723' title='bbox 927 5679 1106 5733; x_wconf 67' lang='lat' dir='ltr'><strong>quam</strong></span> <span class='ocrx_word' id='word_1_724' title='bbox 1151 5661 1330 5730; x_wconf 77' lang='lat' dir='ltr'><strong>Moyse</strong></span> <span class='ocrx_word' id='word_1_725' title='bbox 1370 5669 1421 5715; x_wconf 90' lang='lat' dir='ltr'><strong>et</strong></span> <span class='ocrx_word' id='word_1_726' title='bbox 1458 5661 1673 5732; x_wconf 85' lang='lat' dir='ltr'><strong>reliquis</strong></span> <span class='ocrx_word' id='word_1_727' title='bbox 1717 5663 1983 5732; x_wconf 73' lang='lat' dir='ltr'><strong>praphetis</strong></span> 
     </span>
    </p>
   </div>
   <div class='ocr_carea' id='block_1_99' title="bbox 412 5732 932 5788">
    <p class='ocr_par' dir='ltr' id='par_1_99' title="bbox 412 5732 932 5788">
     <span class='ocr_line' id='line_1_99' title="bbox 412 5732 932 5788; baseline 0.013 -6"><span class='ocrx_word' id='word_1_728' title='bbox 412 5732 722 5784; x_wconf 77' lang='lat' dir='ltr'><strong>didicerunt.</strong></span> <span class='ocrx_word' id='word_1_729' title='bbox 756 5734 932 5788; x_wconf 84' lang='grc' dir='ltr'>Οττο.</span> 
     </span>
    </p>
   </div>
   <div class='ocr_carea' id='block_1_100' title="bbox 486 5799 1631 5874">
    <p class='ocr_par' dir='ltr' id='par_1_100' title="bbox 486 5799 1631 5874">
     <span class='ocr_line' id='line_1_100' title="bbox 486 5799 1631 5874; baseline 0.004 -21"><span class='ocrx_word' id='word_1_730' title='bbox 486 5799 598 5871; x_wconf 66' lang='grc' dir='ltr'><strong>(Η)</strong></span> <span class='ocrx_word' id='word_1_731' title='bbox 649 5802 1084 5873; x_wconf 74' lang='grc' dir='ltr'>Ἐπιτυχοῦινιν.</span> <span class='ocrx_word' id='word_1_732' title='bbox 1119 5803 1271 5874; x_wconf 68' lang='lat' dir='ltr'><strong>Coll).</strong></span> <span class='ocrx_word' id='word_1_733' title='bbox 1299 5802 1631 5874; x_wconf 79' lang='grc' dir='ltr'>ἐντυχοῦσιν.</span> 
     </span>
    </p>
   </div>
   <div class='ocr_carea' id='block_1_101' title="bbox 2158 4029 3682 4105">
    <p class='ocr_par' dir='ltr' id='par_1_101' title="bbox 2158 4029 3682 4105">
     <span class='ocr_line' id='line_1_101' title="bbox 2158 4029 3682 4105; baseline -0.004 -17"><span class='ocrx_word' id='word_1_734' title='bbox 2158 4035 2247 4088; x_wconf 82' lang='grc'>⁸56.</span> <span class='ocrx_word' id='word_1_735' title='bbox 2279 4036 2342 4088; x_wconf 74' lang='grc' dir='ltr'><strong>Εἰ</strong></span> <span class='ocrx_word' id='word_1_736' title='bbox 2368 4035 2424 4088; x_wconf 86' lang='grc' dir='ltr'><strong>δὲ</strong></span> <span class='ocrx_word' id='word_1_737' title='bbox 2449 4036 2483 4104; x_wconf 83' lang='grc' dir='ltr'>ἡ</span> <span class='ocrx_word' id='word_1_738' title='bbox 2509 4032 2772 4105; x_wconf 84' lang='grc' dir='ltr'>τάληθοῦς</span> <span class='ocrx_word' id='word_1_739' title='bbox 2799 4031 3014 4104; x_wconf 71' lang='grc' dir='ltr'>εὕρεσις</span> <span class='ocrx_word' id='word_1_740' title='bbox 3039 4035 3163 4104; x_wconf 79' lang='grc' dir='ltr'>ὅρος</span> <span class='ocrx_word' id='word_1_741' title='bbox 3189 4046 3272 4094; x_wconf 84' lang='grc' dir='ltr'><strong>τις</strong></span> <span class='ocrx_word' id='word_1_742' title='bbox 3296 4029 3520 4098; x_wconf 85' lang='grc' dir='ltr'>λέγεται</span> <span class='ocrx_word' id='word_1_743' title='bbox 3550 4033 3682 4100; x_wconf 81' lang='grc' dir='ltr'>παρ’</span> 
     </span>
    </p>
   </div>
   <div class='ocr_carea' id='block_1_102' title="bbox 2087 4111 3682 4197">
    <p class='ocr_par' dir='ltr' id='par_1_102' title="bbox 2087 4111 3682 4197">
     <span class='ocr_line' id='line_1_102' title="bbox 2087 4111 3682 4197; baseline -0.003 -16"><span class='ocrx_word' id='word_1_744' title='bbox 2087 4128 2270 4190; x_wconf 81' lang='grc' dir='ltr'>αὐτοῖς</span> <span class='ocrx_word' id='word_1_745' title='bbox 2316 4127 2651 4197; x_wconf 88' lang='grc' dir='ltr'>φιλοσοφίας,</span> <span class='ocrx_word' id='word_1_746' title='bbox 2700 4125 2816 4188; x_wconf 87' lang='grc' dir='ltr'><strong>πῶς</strong></span> <span class='ocrx_word' id='word_1_747' title='bbox 2863 4127 2910 4178; x_wconf 80' lang='grc' dir='ltr'>οἱ</span> <span class='ocrx_word' id='word_1_748' title='bbox 2949 4125 3047 4196; x_wconf 79' lang='grc' dir='ltr'>τῆς</span> <span class='ocrx_word' id='word_1_749' title='bbox 3075 4111 3305 4195; x_wconf 73' lang='grc' dir='ltr'>ἀληθοῦς</span> <span class='ocrx_word' id='word_1_750' title='bbox 3343 4122 3419 4193; x_wconf 81' lang='grc' dir='ltr'><strong>μὴ</strong></span> <span class='ocrx_word' id='word_1_751' title='bbox 3467 4124 3682 4192; x_wconf 79' lang='grc' dir='ltr'>τυγχά-</span> 
     </span>
    </p>
   </div>
   <div class='ocr_carea' id='block_1_103' title="bbox 2087 4212 3682 4284">
    <p class='ocr_par' dir='ltr' id='par_1_103' title="bbox 2087 4212 3682 4284">
     <span class='ocr_line' id='line_1_103' title="bbox 2087 4212 3682 4284; baseline -0.002 -15"><span class='ocrx_word' id='word_1_752' title='bbox 2087 4233 2266 4279; x_wconf 86' lang='grc' dir='ltr'>νοντες</span> <span class='ocrx_word' id='word_1_753' title='bbox 2309 4215 2561 4284; x_wconf 85' lang='grc' dir='ltr'>γνώσεως</span> <span class='ocrx_word' id='word_1_754' title='bbox 2601 4215 2694 4269; x_wconf 85' lang='grc' dir='ltr'><strong>τοῦ</strong></span> <span class='ocrx_word' id='word_1_755' title='bbox 2736 4214 2834 4284; x_wconf 77' lang='grc' dir='ltr'>τῆς</span> <span class='ocrx_word' id='word_1_756' title='bbox 2881 4213 3197 4284; x_wconf 83' lang='grc' dir='ltr'>φιλοσοφίας</span> <span class='ocrx_word' id='word_1_757' title='bbox 3241 4212 3506 4284; x_wconf 83' lang='grc' dir='ltr'>ὀνόματός</span> <span class='ocrx_word' id='word_1_758' title='bbox 3539 4214 3682 4267; x_wconf 74' lang='grc' dir='ltr'>εἰσιν</span> 
     </span>
    </p>
   </div>
   <div class='ocr_carea' id='block_1_104' title="bbox 2090 4304 3682 4382">
    <p class='ocr_par' dir='ltr' id='par_1_104' title="bbox 2090 4304 3682 4382">
     <span class='ocr_line' id='line_1_104' title="bbox 2090 4304 3682 4382; baseline -0.004 -19"><span class='ocrx_word' id='word_1_759' title='bbox 2090 4307 2264 4374; x_wconf 78' lang='grc' dir='ltr'>ᾶξιοι;</span> <span class='ocrx_word' id='word_1_760' title='bbox 2311 4311 2374 4362; x_wconf 84' lang='grc' dir='ltr'><strong>Εἰ</strong></span> <span class='ocrx_word' id='word_1_761' title='bbox 2412 4309 2520 4382; x_wconf 77' lang='grc' dir='ltr'>γὰρ</span> <span class='ocrx_word' id='word_1_762' title='bbox 2565 4311 2594 4363; x_wconf 87' lang='grc' dir='ltr'><strong>ό</strong></span> <span class='ocrx_word' id='word_1_763' title='bbox 2639 4308 2745 4362; x_wconf 86' lang='grc' dir='ltr'><strong>τῶν</strong></span> <span class='ocrx_word' id='word_1_764' title='bbox 2788 4309 2916 4379; x_wconf 89' lang='grc' dir='ltr'>παρ’</span> <span class='ocrx_word' id='word_1_765' title='bbox 2960 4307 3088 4378; x_wconf 86' lang='grc' dir='ltr'>ὑμῖν</span> <span class='ocrx_word' id='word_1_766' title='bbox 3136 4305 3315 4375; x_wconf 86' lang='grc' dir='ltr'>σοφῶν</span> <span class='ocrx_word' id='word_1_767' title='bbox 3360 4304 3682 4374; x_wconf 81' lang='grc' dir='ltr'>σοφώτατος</span> 
     </span>
    </p>
   </div>
   <div class='ocr_carea' id='block_1_105' title="bbox 2091 4394 3678 4472">
    <p class='ocr_par' dir='ltr' id='par_1_105' title="bbox 2091 4394 3678 4472">
     <span class='ocr_line' id='line_1_105' title="bbox 2091 4394 3678 4472; baseline -0.001 -18"><span class='ocrx_word' id='word_1_768' title='bbox 2091 4399 2409 4472; x_wconf 77' lang='grc' dir='ltr'>Σωκράτης,</span> <span class='ocrx_word' id='word_1_769' title='bbox 2425 4394 2470 4469; x_wconf 79' lang='grc' dir='ltr'>ᾧ</span> <span class='ocrx_word' id='word_1_770' title='bbox 2487 4402 2580 4455; x_wconf 76' lang='grc' dir='ltr'><strong>καὶ</strong></span> <span class='ocrx_word' id='word_1_771' title='bbox 2606 4401 2665 4454; x_wconf 87' lang='grc' dir='ltr'><strong>τὸ</strong></span> <span class='ocrx_word' id='word_1_772' title='bbox 2685 4402 3014 4472; x_wconf 85' lang='grc' dir='ltr'>χρηστήριον</span> <span class='ocrx_word' id='word_1_773' title='bbox 3037 4398 3209 4470; x_wconf 82' lang='grc' dir='ltr'>ὑμῶν,</span> <span class='ocrx_word' id='word_1_774' title='bbox 3227 4397 3302 4462; x_wconf 89' lang='grc' dir='ltr'>ὡς</span> <span class='ocrx_word' id='word_1_775' title='bbox 3329 4397 3487 4452; x_wconf 80' lang='grc' dir='ltr'>αὐτοί</span> <span class='ocrx_word' id='word_1_776' title='bbox 3513 4417 3678 4470; x_wconf 77' lang='grc' dir='ltr'>φατε,</span> 
     </span>
    </p>
   </div>
   <div class='ocr_carea' id='block_1_106' title="bbox 2097 4486 3066 4564">
    <p class='ocr_par' dir='ltr' id='par_1_106' title="bbox 2097 4486 3066 4564">
     <span class='ocr_line' id='line_1_106' title="bbox 2097 4486 3066 4564; baseline -0.005 -19"><span class='ocrx_word' id='word_1_777' title='bbox 2097 4493 2360 4564; x_wconf 88' lang='grc' dir='ltr'>μαρτυρεῖ</span> <span class='ocrx_word' id='word_1_778' title='bbox 2389 4490 2559 4560; x_wconf 85' lang='grc' dir='ltr'>λέγων</span> <span class='ocrx_word' id='word_1_779' title='bbox 2587 4486 2716 4560; x_wconf 76' lang='grc'><strong>(49)·</strong></span> <span class='ocrx_word' id='word_1_780' title='bbox 3063 4515 3066 4518; x_wconf 80' lang='lat'><strong><em>~</em></strong></span> 
     </span>
    </p>
   </div>
   <div class='ocr_carea' id='block_1_107' title="bbox 2210 4603 3512 4689">
    <p class='ocr_par' dir='ltr' id='par_1_107' title="bbox 2210 4603 3512 4689">
     <span class='ocr_line' id='line_1_107' title="bbox 2210 4603 3512 4689; baseline -0.001 -27"><span class='ocrx_word' id='word_1_781' title='bbox 2210 4603 2468 4673; x_wconf 70' lang='grc' dir='ltr'>Ἀνδρῶν</span> <span class='ocrx_word' id='word_1_782' title='bbox 2497 4603 2774 4659; x_wconf 78' lang='grc' dir='ltr'>ἁπάντων</span> <span class='ocrx_word' id='word_1_783' title='bbox 2800 4603 3117 4674; x_wconf 83' lang='grc' dir='ltr'>Σωκράτης</span> <span class='ocrx_word' id='word_1_784' title='bbox 3143 4604 3512 4689; x_wconf 40' lang='lat' dir='ltr'><strong>vagatae,</strong></span> 
     </span>
    </p>
   </div>
   <div class='ocr_carea' id='block_1_108' title="bbox 2163 4718 3664 4814">
    <p class='ocr_par' dir='ltr' id='par_1_108' title="bbox 2163 4718 3664 4814">
     <span class='ocr_line' id='line_1_108' title="bbox 2163 4718 3664 4814; baseline -0.001 -14"><span class='ocrx_word' id='word_1_785' title='bbox 2163 4748 2274 4812; x_wconf 66' lang='lat'><strong>(45)</strong></span> <span class='ocrx_word' id='word_1_786' title='bbox 2303 4748 2411 4800; x_wconf 82' lang='lat' dir='ltr'><strong>Kal.</strong></span> <span class='ocrx_word' id='word_1_787' title='bbox 2540 4747 2746 4814; x_wconf 73' lang='grc' dir='ltr'>ὄγκων.</span> <span class='ocrx_word' id='word_1_788' title='bbox 2776 4745 2904 4812; x_wconf 74' lang='lat' dir='ltr'><strong>lieg.</strong></span> <span class='ocrx_word' id='word_1_789' title='bbox 2939 4747 2970 4796; x_wconf 80' lang='grc'><strong>5</strong></span> <span class='ocrx_word' id='word_1_790' title='bbox 3003 4754 3055 4797; x_wconf 89' lang='lat' dir='ltr'><strong>et</strong></span> <span class='ocrx_word' id='word_1_791' title='bbox 3087 4747 3323 4797; x_wconf 74' lang='lat' dir='ltr'><strong>Clarom.</strong></span> <span class='ocrx_word' id='word_1_792' title='bbox 3350 4718 3446 4796; x_wconf 75' lang='grc' dir='ltr'><strong>καί</strong></span> <span class='ocrx_word' id='word_1_793' title='bbox 3468 4749 3664 4813; x_wconf 68' lang='grc' dir='ltr'>ὂγκσν.</span> 
     </span>
    </p>
   </div>
   <div class='ocr_carea' id='block_1_109' title="bbox 2163 4813 3667 4887">
    <p class='ocr_par' dir='ltr' id='par_1_109' title="bbox 2163 4813 3667 4887">
     <span class='ocr_line' id='line_1_109' title="bbox 2163 4813 3667 4887; baseline -0.001 -17"><span class='ocrx_word' id='word_1_794' title='bbox 2163 4817 2271 4887; x_wconf 72' lang='grc'><strong>(46)</strong></span> <span class='ocrx_word' id='word_1_795' title='bbox 2305 4816 2415 4870; x_wconf 81' lang='grc' dir='ltr'><strong>Καὶ</strong></span> <span class='ocrx_word' id='word_1_796' title='bbox 2435 4817 2550 4882; x_wconf 80' lang='grc' dir='ltr'>τὴν</span> <span class='ocrx_word' id='word_1_797' title='bbox 2573 4813 2796 4887; x_wconf 68' lang='grc' dir='ltr'>πᾶσαν.</span> <span class='ocrx_word' id='word_1_798' title='bbox 2822 4813 3165 4887; x_wconf 78' lang='lat' dir='ltr'><strong>Cottjunctio,</strong></span> <span class='ocrx_word' id='word_1_799' title='bbox 3192 4829 3313 4887; x_wconf 64' lang='lat' dir='ltr'><strong>quae</strong></span> <span class='ocrx_word' id='word_1_800' title='bbox 3340 4823 3421 4866; x_wconf 78' lang='lat' dir='ltr'><strong>est</strong></span> <span class='ocrx_word' id='word_1_801' title='bbox 3444 4813 3667 4887; x_wconf 2' lang='lat' dir='ltr'><strong>inquiss.</strong></span> 
     </span>
    </p>
   </div>
   <div class='ocr_carea' id='block_1_110' title="bbox 2087 4884 3662 4955">
    <p class='ocr_par' dir='ltr' id='par_1_110' title="bbox 2087 4884 3662 4955">
     <span class='ocr_line' id='line_1_110' title="bbox 2087 4884 3662 4955; baseline -0.004 -10"><span class='ocrx_word' id='word_1_802' title='bbox 2087 4896 2145 4945; x_wconf 83' lang='lat' dir='ltr'><strong>et</strong></span> <span class='ocrx_word' id='word_1_803' title='bbox 2175 4888 2225 4940; x_wconf 88' lang='lat' dir='ltr'><strong>in</strong></span> <span class='ocrx_word' id='word_1_804' title='bbox 2249 4884 2376 4942; x_wconf 83' lang='lat' dir='ltr'><strong>edit.</strong></span> <span class='ocrx_word' id='word_1_805' title='bbox 2409 4887 2468 4939; x_wconf 75' lang='grc' dir='ltr'>Β.</span> <span class='ocrx_word' id='word_1_806' title='bbox 2498 4887 2559 4940; x_wconf 89' lang='lat' dir='ltr'><strong>St</strong></span> <span class='ocrx_word' id='word_1_807' title='bbox 2610 4885 2820 4955; x_wconf 81' lang='lat' dir='ltr'><strong>legitur,</strong></span> <span class='ocrx_word' id='word_1_808' title='bbox 2843 4884 3114 4955; x_wconf 53' lang='lat' dir='ltr'><strong>esciderat</strong></span> <span class='ocrx_word' id='word_1_809' title='bbox 3135 4899 3198 4937; x_wconf 83' lang='lat' dir='ltr'><strong>ex</strong></span> <span class='ocrx_word' id='word_1_810' title='bbox 3221 4884 3662 4955; x_wconf 9' lang='lat' dir='ltr'><strong>ed.ganni_1636.</strong></span> 
     </span>
    </p>
   </div>
   <div class='ocr_carea' id='block_1_111' title="bbox 2162 4953 3660 5030">
    <p class='ocr_par' dir='ltr' id='par_1_111' title="bbox 2162 4953 3660 5030">
     <span class='ocr_line' id='line_1_111' title="bbox 2162 4953 3660 5030; baseline -0.001 -21"><span class='ocrx_word' id='word_1_811' title='bbox 2162 4957 2272 5030; x_wconf 63' lang='grc'><strong>(47)</strong></span> <span class='ocrx_word' id='word_1_812' title='bbox 2294 4959 2397 5030; x_wconf 70' lang='grc' dir='ltr'><strong>Εἰς</strong></span> <span class='ocrx_word' id='word_1_813' title='bbox 2415 4955 2528 5023; x_wconf 72' lang='grc' dir='ltr'><strong>τὴν</strong></span> <span class='ocrx_word' id='word_1_814' title='bbox 2546 4953 2848 5030; x_wconf 35' lang='lat' dir='ltr'><strong>sia-fartim:</strong></span> <span class='ocrx_word' id='word_1_815' title='bbox 2873 4953 3027 5030; x_wconf 67' lang='lat' dir='ltr'><strong>Deest</strong></span> <span class='ocrx_word' id='word_1_816' title='bbox 3055 4953 3360 5030; x_wconf 62' lang='lat' dir='ltr'><strong>prmppsitio</strong></span> <span class='ocrx_word' id='word_1_817' title='bbox 3383 4953 3435 5006; x_wconf 91' lang='lat' dir='ltr'><strong>in</strong></span> <span class='ocrx_word' id='word_1_818' title='bbox 3459 4953 3630 5030; x_wconf 44' lang='lat' dir='ltr'><strong>Regi</strong></span> <span class='ocrx_word' id='word_1_819' title='bbox 3647 4996 3660 5008; x_wconf 89' lang='lat'><strong>.</strong></span> 
     </span>
    </p>
   </div>
   <div class='ocr_carea' id='block_1_112' title="bbox 2163 4958 3660 5149">
    <p class='ocr_par' dir='ltr' id='par_1_112' title="bbox 2163 4958 3660 5149">
     <span class='ocr_line' id='line_1_112' title="bbox 2163 4958 3660 5076; baseline -0.001 -66"><span class='ocrx_word' id='word_1_820' title='bbox 2163 4958 2250 5030; x_wconf 74' lang='grc'><strong>(47</strong></span> <span class='ocrx_word' id='word_1_821' title='bbox 2294 4959 2397 5020; x_wconf 70' lang='grc' dir='ltr'><strong>Εἰς</strong></span> <span class='ocrx_word' id='word_1_822' title='bbox 2415 4958 2528 5023; x_wconf 74' lang='grc' dir='ltr'>τὴν</span> <span class='ocrx_word' id='word_1_823' title='bbox 2546 4958 2844 5008; x_wconf 73' lang='grc' dir='ltr'>ἐναντίαν.</span> <span class='ocrx_word' id='word_1_824' title='bbox 2873 4958 3027 5007; x_wconf 88' lang='lat' dir='ltr'><strong>Deest</strong></span> <span class='ocrx_word' id='word_1_825' title='bbox 3055 4958 3360 5076; x_wconf 54' lang='lat' dir='ltr'><strong>prmgositio</strong></span> <span class='ocrx_word' id='word_1_826' title='bbox 3383 4958 3435 5006; x_wconf 91' lang='lat' dir='ltr'><strong>in</strong></span> <span class='ocrx_word' id='word_1_827' title='bbox 3460 4958 3629 5025; x_wconf 69' lang='lat' dir='ltr'><strong>Regi</strong></span> <span class='ocrx_word' id='word_1_828' title='bbox 3647 4996 3660 5008; x_wconf 89' lang='lat'><strong>.</strong></span> 
     </span>
     <span class='ocr_line' id='line_1_113' title="bbox 2163 4958 3660 5149; baseline -0.001 -69"><span class='ocrx_word' id='word_1_829' title='bbox 2163 4958 2274 5149; x_wconf 40' lang='lat'><strong>(48$</strong></span> <span class='ocrx_word' id='word_1_830' title='bbox 2316 5025 2777 5094; x_wconf 76' lang='grc' dir='ltr'>Ἁπωσαμένους.</span> <span class='ocrx_word' id='word_1_831' title='bbox 2815 5023 2944 5092; x_wconf 79' lang='lat' dir='ltr'><strong>Reg.</strong></span> <span class='ocrx_word' id='word_1_832' title='bbox 2973 5024 3038 5087; x_wconf 82' lang='grc'>5,</span> <span class='ocrx_word' id='word_1_833' title='bbox 3071 5031 3125 5076; x_wconf 89' lang='lat' dir='ltr'><strong>et</strong></span> <span class='ocrx_word' id='word_1_834' title='bbox 3196 5023 3389 5077; x_wconf 77' lang='lat' dir='ltr'><strong>larum.</strong></span> <span class='ocrx_word' id='word_1_835' title='bbox 3423 5038 3555 5080; x_wconf 90' lang='lat' dir='ltr'><strong>cum</strong></span> <span class='ocrx_word' id='word_1_836' title='bbox 3589 5024 3660 5078; x_wconf 72' lang='grc' dir='ltr'>Β.</span> 
     </span>
     <span class='ocr_line' id='line_1_114' title="bbox 2163 5094 3006 5149; baseline -0.002 0"><span class='ocrx_word' id='word_1_837' title='bbox 2163 5137 2172 5149; x_wconf 91' lang='grc'><strong>.</strong></span> <span class='ocrx_word' id='word_1_838' title='bbox 2205 5114 2232 5149; x_wconf 84' lang='lat' dir='ltr'><strong>a</strong></span> <span class='ocrx_word' id='word_1_839' title='bbox 2298 5096 2499 5149; x_wconf 90' lang='lat' dir='ltr'><strong>calcem</strong></span> <span class='ocrx_word' id='word_1_840' title='bbox 2529 5094 3006 5149; x_wconf 77' lang='grc' dir='ltr'>ἁποσεισαμένους.</span> 
     </span>
    </p>
   </div>
   <div class='ocr_carea' id='block_1_113' title="bbox 2094 5094 3006 5156">
    <p class='ocr_par' dir='ltr' id='par_1_113' title="bbox 2094 5094 3006 5156">
     <span class='ocr_line' id='line_1_115' title="bbox 2094 5094 3006 5156; baseline -0.005 -4"><span class='ocrx_word' id='word_1_841' title='bbox 2094 5094 2178 5152; x_wconf 82' lang='lat' dir='ltr'><strong>St.</strong></span> <span class='ocrx_word' id='word_1_842' title='bbox 2205 5094 2269 5151; x_wconf 85' lang='lat' dir='ltr'><strong>ad</strong></span> <span class='ocrx_word' id='word_1_843' title='bbox 2298 5096 2499 5150; x_wconf 89' lang='lat' dir='ltr'><strong>calcem</strong></span> <span class='ocrx_word' id='word_1_844' title='bbox 2529 5094 3006 5156; x_wconf 78' lang='grc' dir='ltr'>ἀποσεισαμένους.</span> 
     </span>
    </p>
   </div>
   <div class='ocr_carea' id='block_1_114' title="bbox 2157 5162 3665 5237">
    <p class='ocr_par' dir='ltr' id='par_1_114' title="bbox 2157 5162 3665 5237">
     <span class='ocr_line' id='line_1_116' title="bbox 2157 5162 3665 5237; baseline -0.003 -17"><span class='ocrx_word' id='word_1_845' title='bbox 2157 5167 2267 5237; x_wconf 72' lang='grc'><strong>(49)</strong></span> <span class='ocrx_word' id='word_1_846' title='bbox 2297 5165 2515 5237; x_wconf 22' lang='grc' dir='ltr'>Λέᾼγων.</span> <span class='ocrx_word' id='word_1_847' title='bbox 2547 5166 2660 5219; x_wconf 84' lang='lat' dir='ltr'><strong>Hoc</strong></span> <span class='ocrx_word' id='word_1_848' title='bbox 2685 5166 2750 5219; x_wconf 92' lang='lat' dir='ltr'><strong>de</strong></span> <span class='ocrx_word' id='word_1_849' title='bbox 2779 5162 3002 5237; x_wconf 58' lang='lat' dir='ltr'><strong>Sperate</strong></span> <span class='ocrx_word' id='word_1_850' title='bbox 3031 5162 3311 5237; x_wconf 81' lang='lat' dir='ltr'><strong>oraculum</strong></span> <span class='ocrx_word' id='word_1_851' title='bbox 3345 5163 3505 5237; x_wconf 80' lang='lat' dir='ltr'><strong>multi</strong></span> <span class='ocrx_word' id='word_1_852' title='bbox 3542 5179 3665 5237; x_wconf 64' lang='lat' dir='ltr'><strong>me-</strong></span> 
     </span>
    </p>
   </div>
   <div class='ocr_carea' id='block_1_115' title="bbox 2088 5233 3658 5302">
    <p class='ocr_par' dir='ltr' id='par_1_115' title="bbox 2088 5233 3658 5302">
     <span class='ocr_line' id='line_1_117' title="bbox 2088 5233 3658 5302; baseline -0.004 -10"><span class='ocrx_word' id='word_1_853' title='bbox 2088 5233 2336 5300; x_wconf 86' lang='lat' dir='ltr'><strong>morant;</strong></span> <span class='ocrx_word' id='word_1_854' title='bbox 2362 5233 2480 5289; x_wconf 75' lang='lat' dir='ltr'><strong>iens</strong></span> <span class='ocrx_word' id='word_1_855' title='bbox 2500 5245 2678 5290; x_wconf 84' lang='lat' dir='ltr'><strong>autem</strong></span> <span class='ocrx_word' id='word_1_856' title='bbox 2700 5245 2784 5288; x_wconf 88' lang='lat' dir='ltr'><strong>est</strong></span> <span class='ocrx_word' id='word_1_857' title='bbox 2805 5233 2978 5298; x_wconf 87' lang='lat' dir='ltr'><strong>Plato,</strong></span> <span class='ocrx_word' id='word_1_858' title='bbox 3001 5233 3139 5299; x_wconf 90' lang='lat' dir='ltr'><strong>apud</strong></span> <span class='ocrx_word' id='word_1_859' title='bbox 3164 5247 3322 5302; x_wconf 91' lang='lat' dir='ltr'><strong>quem</strong></span> <span class='ocrx_word' id='word_1_860' title='bbox 3349 5233 3402 5284; x_wconf 91' lang='lat' dir='ltr'><strong>in</strong></span> <span class='ocrx_word' id='word_1_861' title='bbox 3429 5233 3658 5301; x_wconf 75' lang='lat' dir='ltr'><strong>Apolog.</strong></span> 
     </span>
    </p>
   </div>
   <div class='ocr_carea' id='block_1_116' title="bbox 2087 5302 3662 5376">
    <p class='ocr_par' dir='ltr' id='par_1_116' title="bbox 2087 5302 3662 5376">
     <span class='ocr_line' id='line_1_118' title="bbox 2087 5302 3662 5376; baseline -0.003 -15"><span class='ocrx_word' id='word_1_862' title='bbox 2087 5323 2138 5376; x_wconf 89' lang='lat' dir='ltr'><strong>p.</strong></span> <span class='ocrx_word' id='word_1_863' title='bbox 2166 5308 2255 5368; x_wconf 73' lang='lat'><strong>21,</strong></span> <span class='ocrx_word' id='word_1_864' title='bbox 2278 5304 2342 5359; x_wconf 84' lang='lat' dir='ltr'><strong>A.</strong></span> <span class='ocrx_word' id='word_1_865' title='bbox 2364 5305 2457 5376; x_wconf 86' lang='lat' dir='ltr'><strong>ed.</strong></span> <span class='ocrx_word' id='word_1_866' title='bbox 2490 5305 2677 5374; x_wconf 85' lang='lat' dir='ltr'><strong>Steph.</strong></span> <span class='ocrx_word' id='word_1_867' title='bbox 2706 5305 2861 5374; x_wconf 84' lang='lat' dir='ltr'><strong>(Opp.</strong></span> <span class='ocrx_word' id='word_1_868' title='bbox 2899 5304 2984 5376; x_wconf 90' lang='lat' dir='ltr'><strong>ed_.</strong></span> <span class='ocrx_word' id='word_1_869' title='bbox 3011 5303 3126 5376; x_wconf 49' lang='grc' dir='ltr'><strong>Βίρἐ</strong></span> <span class='ocrx_word' id='word_1_870' title='bbox 3151 5303 3258 5376; x_wconf 76' lang='lat' dir='ltr'><strong>vol.</strong></span> <span class='ocrx_word' id='word_1_871' title='bbox 3287 5303 3329 5365; x_wconf 90' lang='lat' dir='ltr'><strong>l,</strong></span> <span class='ocrx_word' id='word_1_872' title='bbox 3351 5302 3527 5376; x_wconf 41' lang='lat' dir='ltr'><strong>p.»{8)</strong></span> <span class='ocrx_word' id='word_1_873' title='bbox 3570 5305 3662 5357; x_wconf 89' lang='lat' dir='ltr'><strong>ille</strong></span> 
     </span>
    </p>
   </div>
   <div class='ocr_carea' id='block_1_117' title="bbox 2085 5371 3660 5462">
    <p class='ocr_par' dir='ltr' id='par_1_117' title="bbox 2085 5371 3660 5462">
     <span class='ocr_line' id='line_1_119' title="bbox 2085 5371 3660 5462; baseline -0.003 -31"><span class='ocrx_word' id='word_1_874' title='bbox 2085 5371 2289 5442; x_wconf 75' lang='lat' dir='ltr'><strong>narrat,</strong></span> <span class='ocrx_word' id='word_1_875' title='bbox 2314 5371 3059 5462; x_wconf 32' lang='lat' dir='ltr'><strong>Clp&#39;preph&#39;ontleméqnoudapt</strong></span> <span class='ocrx_word' id='word_1_876' title='bbox 3093 5371 3325 5457; x_wconf 75' lang='lat' dir='ltr'><strong>Delphos</strong></span> <span class='ocrx_word' id='word_1_877' title='bbox 3346 5373 3660 5462; x_wconf 62' lang='lat' dir='ltr'><strong>prolectpm</strong></span> 
     </span>
    </p>
   </div>
   <div class='ocr_carea' id='block_1_118' title="bbox 2081 5443 3660 5587">
    <p class='ocr_par' dir='ltr' id='par_1_118' title="bbox 2081 5443 3660 5587">
     <span class='ocr_line' id='line_1_120' title="bbox 2085 5443 3660 5517; baseline -0.006 -16"><span class='ocrx_word' id='word_1_878' title='bbox 2085 5462 2301 5517; x_wconf 85' lang='lat' dir='ltr'><strong>rogasse</strong></span> <span class='ocrx_word' id='word_1_879' title='bbox 2330 5465 2341 5498; x_wconf 93' lang='lat'><strong>:</strong></span> <span class='ocrx_word' id='word_1_880' title='bbox 2370 5445 2435 5497; x_wconf 81' lang='lat' dir='ltr'><strong>Ei’</strong></span> <span class='ocrx_word' id='word_1_881' title='bbox 2456 5443 2542 5510; x_wconf 73' lang='grc' dir='ltr'><strong>τις</strong></span> <span class='ocrx_word' id='word_1_882' title='bbox 2566 5444 2696 5514; x_wconf 85' lang='grc' dir='ltr'>ἐμοῦ</span> <span class='ocrx_word' id='word_1_883' title='bbox 2737 5443 2936 5512; x_wconf 86' lang='lat' dir='ltr'><strong>(Socr.)</strong></span> <span class='ocrx_word' id='word_1_884' title='bbox 2971 5443 3054 5513; x_wconf 81' lang='grc' dir='ltr'><strong>εἴη</strong></span> <span class='ocrx_word' id='word_1_885' title='bbox 3089 5443 3412 5511; x_wconf 76' lang='grc' dir='ltr'>σοφώτεροςο</span> <span class='ocrx_word' id='word_1_886' title='bbox 3441 5443 3660 5495; x_wconf 77' lang='grc' dir='ltr'>ἀνεῖλεν</span> 
     </span>
     <span class='ocr_line' id='line_1_121' title="bbox 2081 5509 3658 5587; baseline -0.003 -16"><span class='ocrx_word' id='word_1_887' title='bbox 2081 5513 2172 5587; x_wconf 79' lang='grc' dir='ltr'><strong>οὖν</strong></span> <span class='ocrx_word' id='word_1_888' title='bbox 2195 5520 2227 5586; x_wconf 76' lang='grc' dir='ltr'>ἡ</span> <span class='ocrx_word' id='word_1_889' title='bbox 2261 5514 2455 5573; x_wconf 89' lang='grc' dir='ltr'>Πυθία,</span> <span class='ocrx_word' id='word_1_890' title='bbox 2488 5514 2695 5587; x_wconf 65' lang='grc' dir='ltr'>μηδένα</span> <span class='ocrx_word' id='word_1_891' title='bbox 2730 5509 3214 5587; x_wconf 36' lang='grc' dir='ltr'>σοφώτερον-εἶναι.</span> <span class='ocrx_word' id='word_1_892' title='bbox 3248 5509 3401 5587; x_wconf 77' lang='lat' dir='ltr'><strong>Quod</strong></span> <span class='ocrx_word' id='word_1_893' title='bbox 3435 5514 3658 5587; x_wconf 68' lang='lat' dir='ltr'><strong>poetica</strong></span> 
     </span>
    </p>
   </div>
   <div class='ocr_carea' id='block_1_119' title="bbox 2082 5581 3653 5652">
    <p class='ocr_par' dir='ltr' id='par_1_119' title="bbox 2082 5581 3653 5652">
     <span class='ocr_line' id='line_1_122' title="bbox 2082 5581 3653 5652; baseline -0.003 -12"><span class='ocrx_word' id='word_1_894' title='bbox 2082 5581 2256 5640; x_wconf 79' lang='lat' dir='ltr'><strong>forma</strong></span> <span class='ocrx_word' id='word_1_895' title='bbox 2303 5581 2564 5640; x_wconf 77' lang='lat' dir='ltr'><strong>dederunt</strong></span> <span class='ocrx_word' id='word_1_896' title='bbox 2611 5583 2915 5638; x_wconf 85' lang='lat' dir='ltr'><strong>Scholiasta</strong></span> <span class='ocrx_word' id='word_1_897' title='bbox 2946 5581 3333 5652; x_wconf 69' lang='lat' dir='ltr'><strong>Aristophanis</strong></span> <span class='ocrx_word' id='word_1_898' title='bbox 3380 5584 3451 5635; x_wconf 88' lang='lat' dir='ltr'><strong>ad</strong></span> <span class='ocrx_word' id='word_1_899' title='bbox 3502 5581 3653 5636; x_wconf 75' lang='grc' dir='ltr'>Ναί).</span> 
     </span>
    </p>
   </div>
   <div class='ocr_carea' id='block_1_120' title="bbox 2083 5654 2917 5722">
    <p class='ocr_par' dir='ltr' id='par_1_120' title="bbox 2083 5654 2917 5722">
     <span class='ocr_line' id='line_1_123' title="bbox 2083 5654 2917 5722; baseline -0.005 -10"><span class='ocrx_word' id='word_1_900' title='bbox 2083 5659 2202 5718; x_wconf 67' lang='lat' dir='ltr'><strong>1H,</strong></span> <span class='ocrx_word' id='word_1_901' title='bbox 2237 5665 2290 5710; x_wconf 90' lang='lat' dir='ltr'><strong>et</strong></span> <span class='ocrx_word' id='word_1_902' title='bbox 2327 5655 2520 5709; x_wconf 87' lang='lat' dir='ltr'><strong>Snidas</strong></span> <span class='ocrx_word' id='word_1_903' title='bbox 2552 5670 2596 5708; x_wconf 91' lang='lat' dir='ltr'><strong>s.</strong></span> <span class='ocrx_word' id='word_1_904' title='bbox 2631 5669 2682 5707; x_wconf 89' lang='lat' dir='ltr'><strong>v.</strong></span> <span class='ocrx_word' id='word_1_905' title='bbox 2715 5654 2872 5722; x_wconf 87' lang='grc' dir='ltr'>σοφός</span> <span class='ocrx_word' id='word_1_906' title='bbox 2905 5673 2917 5708; x_wconf 93' lang='lat'>:</span> 
     </span>
    </p>
   </div>
   <div class='ocr_carea' id='block_1_121' title="bbox 2149 5721 3540 5795">
    <p class='ocr_par' dir='ltr' id='par_1_121' title="bbox 2149 5721 3540 5795">
     <span class='ocr_line' id='line_1_124' title="bbox 2149 5721 3540 5795; baseline -0.004 -14"><span class='ocrx_word' id='word_1_907' title='bbox 2149 5727 2350 5795; x_wconf 28' lang='grc' dir='ltr'>Σοφόςη</span> <span class='ocrx_word' id='word_1_908' title='bbox 2372 5723 2704 5795; x_wconf 62' lang='grc' dir='ltr'>Σοφοκλῆς,</span> <span class='ocrx_word' id='word_1_909' title='bbox 2737 5721 3074 5795; x_wconf 62' lang='grc' dir='ltr'>σοφώτερος</span> <span class='ocrx_word' id='word_1_910' title='bbox 3105 5721 3156 5775; x_wconf 86' lang='grc' dir='ltr'>δ’</span> <span class='ocrx_word' id='word_1_911' title='bbox 3187 5721 3540 5795; x_wconf 54' lang='grc' dir='ltr'>Εὐριπίδη-ς.</span> 
     </span>
    </p>
   </div>
   <div class='ocr_carea' id='block_1_122' title="bbox 2150 5791 3651 5875">
    <p class='ocr_par' dir='ltr' id='par_1_122' title="bbox 2150 5791 3651 5875">
     <span class='ocr_line' id='line_1_125' title="bbox 2150 5791 3651 5875; baseline -0.004 -21"><span class='ocrx_word' id='word_1_912' title='bbox 2150 5791 2406 5865; x_wconf 57' lang='grc' dir='ltr'>’Δεῖ-δρῶν</span> <span class='ocrx_word' id='word_1_913' title='bbox 2413 5791 2465 5848; x_wconf 69' lang='grc' dir='ltr'>δ⁴</span> <span class='ocrx_word' id='word_1_914' title='bbox 2484 5793 2760 5850; x_wconf 75' lang='grc' dir='ltr'>ἁπάντων</span> <span class='ocrx_word' id='word_1_915' title='bbox 2772 5793 3083 5875; x_wconf 63' lang='grc' dir='ltr'>Σωκράτης</span> <span class='ocrx_word' id='word_1_916' title='bbox 3096 5791 3551 5861; x_wconf 68' lang='grc' dir='ltr'>σοφώτατος.οτ</span> <span class='ocrx_word' id='word_1_917' title='bbox 3559 5809 3651 5848; x_wconf 79' lang='grc' dir='ltr'><strong>το.</strong></span> 
     </span>
    </p>
   </div>
  </div>
