3764 6514
112 373 203 429 395

1274 367 1724 426 (ΖΟΗΟΒΤΑΤΙΟ
1759 369 1850 423 AD
1886 367 2210 425 GRAECOS.

3230 368 3336 425 506

109 487 332 557 ὁμολογεῖ
371 485 528 556 μηδὲν
571 487 791 555 εἰδέναι,
835 488 952 553 πῶς
996 489 1044 542 oi
1097 487 1213 560 μετ’
1248 487 1412 543 αὐτὸν
1451 488 1545 542 καὶ
1587 506 1629 542 τε

1781 489 1800 540 .i
1830 489 1941 553 hic,
1970 488 2213 556 inquam,
2242 486 2374 542 nihil
2420 502 2479 542 se
2512 488 2655 542 scire
2705 486 3022 551 confitetur,
3061 484 3336 554 quomodo

111 579 158 629 ὲν
195 577 425 649 οὐρανοῖς
471 579 867 650 ἐπηγγέλλοντο
918 580 1148 645 είδὲναις
1194 581 1492 653 Σωκράτης
1546 579 1655 652 γάρ

110 669 272 721 ἑαυτὸν
303 669 458 739 σοφὸν
485 669 571 724 διὰ
596 671 738 726 τοῦτ’
770 671 1024 745 εἰρῆσθαι.
1047 673 1172 744 ἔφη,
1197 675 1280 727 δτι
1310 671 1418 727 τῶν
1451 671 1656 726 λοιπῶν

109 759 374 832 ἀνθρώπων
409 759 443 814 δι
469 760 541 832 μὴ
585 762 734 816 ἴσασι
782 765 1263 835 προσποιουμένων
1297 763 1513 828 εἰδέναι,
1559 763 1655 817 αύ-

107 847 182 911 rb;
219 849 309 900 οὐκ
349 847 505 902 ὤκνει
538 852 702 923 μηδὲν
716 851 992 922 ὁμολογεῖν
1007 853 1360 924 (49Ἶείδέναί.
1383 855 1524 926 Ἔφη
1544 855 1652 928 γάρ

105 940 280 1003 οὕτως’
337 941 558 994 «Ἐοικά
594 944 645 1010 γ’
677 938 768 996 οὖν
807 942 956 1014 αὐτῷ
1005 943 1182 1015 τούτῳ
1223 946 1441 1018 σμικρῷ
1479 945 1653 1014 σοφώ-

106 1051 238 1096 τατος
262 1028 414 1094 εἶναι,
441 1035 522 1086 ὅτι
558 1034 592 1088 ἃ
619 1035 694 1106 μὴ
725 1030 869 1099 οἶδα,
889 1035 1009 1089 οὐδὲ
1037 1037 1220 1107 οἴομαι
1245 1038 1461 1092 εἰδέναι.
1481 1059 1497 1090 ι
1531 1040 1650 1112 Μη-

103 1128 197 1190 δεὶς
220 1125 270 1178 δὲ
305 1124 494 1179 οἰέσθω
521 1127 943 1198 εἰρωνευόμενον
979 1128 1198 1196 ἄγνοιαν
1236 1131 1648 1202 προσποιεῖσθαι

103 1218 382 1290 Σωκράτην,
418 1218 606 1290 ἐπειδὴ
639 1219 900 1283 πολλάκις
930 1221 988 1272 ἐν
1024 1224 1134 1284 τοῖς
1180 1222 1450 1292 διαλόγοις
1489 1223 1646 1278 εἴωθε

101 1309 230 1363 τοῦτο
257 1314 438 1363 ποιεῖν.
472 1311 535 1364 Ἦ
565 1312 672 1384 γὰρ
704 1313 986 1366 τελευταία
1031 1315 1186 1385 ῥῆσις
1209 1315 1308 1384 τῆς
1329 1316 1646 1385 ἀπολογίας,

99 1406 152 1474 ῆν
180 1403 260 1455 ἐπὶ
287 1403 342 1455 τὺ
367 1401 737 1476 δεσμωτήριον
766 1405 941 1459 ἀπιὼν
971 1405 1094 1479 ἔφη,
1128 1407 1279 1478 δηλοῖ
1313 1409 1449 1478 μετὰ
1481 1427 1648 1464 σπου.

98 1499 175 1568 δῆς
199 1501 348 1552 αὑτὸν
373 1502 465 1553 καὶ
496 1501 752 1573 ἀληθείας
910 1505 1134 1574 ἄγνοιαν
1160 1507 1461 1578 ὁμολογεῖν.
1497 1511 1645 1581 Ἔφη

98 1593 182 1662 γὰρ
206 1590 396 1654 οὕτως’
435 1611 452 1643 ι
495 1593 652 1647 Ἀλλὰ
676 1595 784 1666 γὰρ
817 1597 917 1668 ἤδη
952 1596 1070 1669 ὥρα
1101 1600 1340 1663 ἀπιέναι,
1375 1601 1499 1671 ἐμοὶ
1545 1600 1643 1672 μὲν

96 1685 461 1756 τεθνηξομένῳ,
516 1687 646 1757 ύμῖν
694 1687 751 1740 δὲ
809 1688 1178 1762 βιωσομένοις,
1243 1693 1524 1766 Ὀπὸτεροι
1583 1694 1641 1748 δὲ

96 1778 220 1847 ἡμῶν
244 1779 330 1831 ἐπὶ
356 1778 418 1832 τὸ
437 1778 661 1850 ἄμεινον
691 1782 924 1852 πρᾶγμα
947 1783 1215 1855 ἔρχονται,
1251 1784 1445 1858 ἄδηλον
1477 1789 1640 1842 παντὶ

96 1866 204 1937 πλὴν
227 1866 256 1938 ἢ
279 1868 352 1938 τῷ
375 1867 512 1939 Θεῷ.
529 1889 548 1920 ι
584 1870 743 1924 Ἀλλὰ
768 1872 1066 1948 Σωκράτης
1099 1875 1220 1946 μὲν,
1247 1877 1450 1948 ταύτην
1483 1879 1641 1933 ὑστά-

95 1978 168 2031 την
190 1963 239 2014 ὲν
268 1961 340 2032 τῷ
367 1962 563 2034 Ἀρείῳ
593 1965 754 2036 πάγῳ
792 1965 974 2038 φωνὴν
1003 1968 1184 2037 ἀφεὶς,
1217 1969 1309 2022 ἐπὶ
1348 1970 1408 2023 τὸ
1436 1970 1641 2042 δεσμωο

94 2055 242 2124 τήριον
254 2055 494 2128 ὥρμησε,
513 2055 592 2126 τῷ
605 2057 724 2129 Θεῴ
747 2059 891 2130 μόνῳ
903 2060 999 2132 τὴν
1016 2060 1122 2114 τῶν
1139 2066 1268 2136 παρ’
1281 2065 1314 2134 η
1323 2067 1411 2135 μῖν
1428 2065 1637 2138 sesan

93 2147 384 2216 πραγμάτων
406 2147 694 2219 ἀναφέρων
722 2148 923 2216 γνῶσιν
940 2165 958 2182 ⁶
986 2152 1034 2204 οἱ
1063 2151 1118 2204 δὲ
1148 2153 1267 2223 μετ’
1286 2154 1468 2217 αὐτὸν,
1501 2156 1638 2227 μηδὲ

92 2239 140 2291 τᾶ
163 2237 243 2290 ἐπὶ
268 2239 365 2309 γῆς
388 2239 593 2308 γνῶναι
627 2239 934 2311 δυνάμενοι,
966 2243 1034 2296 τὰ
1063 2244 1122 2296 ὲν
1159 2244 1373 2316 ούρανῷ
1404 2245 1514 2318 (50)
1559 2247 1638 2311 ὼς

91 2332 348 2402 ἑωρακότες
388 2334 588 2388 εἰδέναι
631 2335 1076 2404 ἐπαγγέλλονται.
1123 2338 1180 2390 Ὀ
1218 2339 1348 2407 γοῦν
1392 2339 1636 2412 Ἀριστο⁴

85 2424 243 2494 ἕλῃς,
287 2426 360 2489 ὡς
406 2428 802 2506 (ἰωῇ-τερον
854 2429 1138 2497 Πλάτωνος
1172 2430 1242 2484 τά
1291 2434 1350 2484 ὲν

91 2515 320 2604 togati-ag,
351 2519 447 2588 ούχ
485 2519 676 2592 ὥσπερ
704 2522 732 2574 ὀ
771 2520 993 2573 Πλάτων
1017 2523 1076 2574 ἐν
1112 2524 1175 2594 τῇ
1205 2521 1452 2594 πυρώδει
1472 2525 1631 2597 ούσία

90 2607 290 2662 τόνΘεδν
338 2605 474 2664 εἶναι
522 2611 706 2680 λέγει,
737 2610 880 2666 οὕτω
917 2613 1010 2666 καὶ
1059 2613 1220 2678 αὐτὸς
1269 2614 1393 2686 ἔφη,
1427 2615 1541 2669 ἀλλ’
1572 2617 1632 2669 ἐν

90 2697 145 2769 τῷ
168 2699 445 2772 αἰθεριὼδει
489 2703 723 2774 πέμπτῳ
759 2706 1004 2776 στοιχείῳ
1045 2703 1182 2759 εἶναι
1223 2707 1386 2760 αὑτὸν
1418 2709 1631 2780 ἀπεφή-

89 2807 201 2846 νατο,
229 2794 328 2847 Καὶ
350 2796 478 2866 mp!
522 2795 726 2850 τούτων
759 2797 1106 2851 πιστεύεσθαι
1139 2799 1329 2853 ἑαυτὸν
1359 2800 1445 2854 διὰ
1486 2801 1631 2853 δοκι-

93 2883 255 2953 μότητα
293 2886 542 2956 φράσεως
569 2886 754 2953 ἀξιῶν,
795 2889 914 2942 οὐδὲ
944 2890 1040 2959 τὴν
1068 2889 1161 2943 τού
1199 2891 1438 2962 Εὐρίπου
1469 2891 1628 2961 φύσιν

90 2974 159 3026 τοῦ
195 2976 332 3041 ὄντος
371 2979 434 3031 ὲν
459 2979 691 3033 Χαλκίδι
722 2980 926 3048 γνῶναι
971 2981 1240 3052 δυνηθεὶς,
1289 2983 1378 3036 διὰ
1429 2983 1629 3054 πολλὴν

89 3064 257 3128 ἁὼξίαν
297 3069 389 3121 καὶ
428 3069 691 3142 αἰσχύνην
726 3071 1024 3142 λυπηθεὶς,
1080 3075 1311 3146 μετέστη
1343 3075 1435 3129 τοῦ
1487 3075 1623 3144 βίου.

89 3157 250 3228 Μηδεὶς
292 3158 378 3214 οὖν
413 3162 523 3216 τῶν
568 3159 625 3216 εὖ
676 3164 1012 3236 φρονούντων
1063 3167 1331 3238 προτέραν
1384 3168 1625 3239 ἡγείσθω
1652 3200 1695 3258 C

89 3248 161 3316 τῖες
197 3252 368 3307 ἑαυτοῦ
398 3255 675 3328 σωτηρίας
711 3256 806 3328 τὴν
850 3258 1055 3312 τούτων
1088 3259 1440 3328 εύγλωττίαν,
1489 3261 1624 3316 ἀλλὰ

90 3344 196 3396 κατὰ
226 3347 311 3417 τὴν
356 3349 591 3402 παλαιὰν
623 3350 838 3422 ἐκείνην
875 3352 1140 3424 ἱστορίαν,
1189 3352 1346 3424 κηρῷ
1390 3352 1458 3406 τὰ
1508 3347 1622 3407 ὦτα

91 3435 395 3510 ςραξάμενος,
432 3441 532 3512 τὴν
561 3442 624 3494 ἐκ
655 3441 767 3495 τῶν
790 3443 1055 3514 σειρήνων
1085 3441 1264 3496 αὐτῶν
1301 3443 1623 3514 ἐνοχλοῦσαν

89 3527 229 3597 ἡδεῖαν
249 3533 482 3600 φευγέτω
513 3532 735 3604 βλάϐην.
762 3535 824 3587 Οἱ
852 3535 960 3607 γάρ
990 3536 1376 3607 προειρημένοι
1409 3536 1622 3607 ἄνδρες,

88 3618 232 3694 ὥσπερ
259 3642 305 3678 τι
331 3625 521 3698 δέλεαρ
552 3626 648 3698 τὴν
679 3627 1011 3695 εύγλωττίαν
1046 3629 1453 3700 προϊσχόμενοι,
1489 3630 1622 3683 πολ-

89 3714 180 3777 λοὺς
203 3718 416 3786 ἀπάγειν
456 3720 557 3790 τῆς
593 3719 760 3791 ὀρθῆς
787 3720 1098 3785 θεοσεϐείας
1127 3722 1498 3794 προῄρηνται,
1533 3742 1622 3794 μι-

91 3807 296 3878 μούμενοι
322 3810 408 3865 τὸν
440 3813 541 3884 τὴν
571 3812 940 3886 πολυθεότητα
968 3816 1093 3877 τοὺς
1131 3815 1380 3886 πρώτους
1411 3815 1623 3887 ἀνθρὼ-

91 3920 188 3965 me;
212 3904 398 3971 διδάξαι
451 3907 818 3978 τολμήσαντα.
870 3904 963 3971 Οἷς
1013 3909 1086 3980 μὴ
1140 3907 1418 3962 πείθεσθαι
1475 3910 1620 3981 ὑμᾶς

89 3993 206 4058 ἀξιῶ,
227 3999 558 4068 ἐντυγχάνειν
587 3999 643 4052 δὲ
682 4003 802 4064 ταῖς
828 3999 935 4054 τῶν
965 4000 1126 4071 ίερῶν
1157 3999 1368 4073 ἀνδρῶν
1401 4020 1616 4074 προφη-

91 4087 233 4150 τείαις.
256 4091 311 4143 Ei
335 4091 387 4144 δέ
411 4110 495 4156 τις
525 4091 703 4157 δκνος,
725 4093 757 4164 ἢ
792 4093 998 4147 παλαιά
1029 4093 1136 4147 τῶν
1162 4096 1439 4166 προγόνων
1464 4095 1618 4167 ὑμῶν

89 4177 413 4251 δεισιδαιμονία
439 4184 579 4246 τέως
612 4185 960 4254 ἐντυγχάνειν
992 4187 1138 4256 ὑμᾶς
1168 4190 1288 4251 ταῖς
1318 4187 1424 4241 τῶν
1447 4189 1617 4258 ἁγίων

89 4270 249 4341 ἀνδρῶν
275 4276 624 4346 προφητείαις
654 4277 874 4339 κωλύει,
893 4279 960 4331 δι’
982 4271 1056 4331 ὧν
1079 4279 1302 4333 δυνατὸν
1327 4280 1617 4352 μανθάνειν

90 4362 196 4429 ὑμᾶς
220 4365 302 4418 ἕνα
335 4370 426 4420 καὶ
460 4369 620 4439 μόνον
657 4365 797 4423 εἶναι
824 4371 957 4424 Θεὸν
997 4371 1131 4443 (51),
1169 4373 1197 4426 ὂ
1240 4373 1456 4445 πρῶτόν
1500 4376 1614 4428 ἐστι

91 4456 160 4524 τῆς
187 4459 391 4531 ἀληθοῦς
417 4462 723 4527 θεοσεϐείας
757 4463 1062 4537 γνώρισμα,
1086 4466 1162 4537 τῷ
1186 4465 1316 4536 γοῦν
1350 4469 1613 4540 πρότερον

1758 583 1846 651 qui
1893 589 2011 650 post
2057 596 2178 635 eum
2211 580 2316 634 orti
2363 588 2523 644 sunt,
2571 580 2738 634 etiam
2781 578 3027 634 ctelestia
3059 577 3160 632 sibi
3203 585 3334 630 nota

1755 687 1878 727 esse
1909 671 2276 741 profitentur?
2310 669 2569 726 Socrates
2601 671 2752 725 ciiim
2790 678 3080 740 propterea
3121 666 3335 735 sapien-

1754 751 1862 819 tem
1904 780 1963 819 se
1987 778 2107 820 esse
2137 763 2340 818 dictum
2371 764 2468 827 ait,
2509 764 2654 834 quod
2685 777 2811 819 cum
2854 761 3036 818 cancri
3086 760 3335 816 homines

1751 858 2006 912 simulent
2047 872 2105 912 se
2135 857 2279 911 seire
2323 875 2442 927 qua:
2480 857 2747 924 nesciant,
2789 857 2907 926 ipse
2940 869 3046 910 non
3084 853 3333 924 pigretur

1751 951 1889 1006 nihil
1933 965 1993 1006 se
2021 951 2164 1005 scire
2190 950 2461 1005 confiteri.
2503 949 2575 1004 lta
2606 949 3000 1005 enimdicebat
3027 965 3042 1003 :
3082 967 3101 1000 ι
3132 947 3335 1002 Videor

1753 1045 1918 1115 igitur
1949 1045 2051 1100 hac
2098 1061 2156 1100 re
2189 1047 2479 1116 perexigua
2527 1059 2650 1100 esse
2691 1043 3153 1113 sapientissimus,
3185 1043 3331 1113 quod

1751 1153 1870 1207 qua:
1896 1139 2132 1192 nesciam
2165 1154 2269 1191 non
2307 1151 2392 1192 me
2419 1136 2728 1192 existimem
2774 1137 2937 1192 scire.
2966 1155 2988 1189 ι
3035 1135 3205 1190 Nemo
3233 1150 3332 1188 au-

1753 1243 1857 1288 tein
1890 1231 2168 1287 existimet
2215 1230 2501 1286 Socratem
2555 1231 2727 1286 ironia
2760 1232 2993 1302 quadam
3030 1229 3329 1301 ignoratio-

1748 1338 1871 1378 nem
1906 1338 2016 1393 ιιι-αι
2057 1339 2118 1379 se
2164 1323 2333 1388 ferre,
2361 1323 2467 1394 33
2513 1337 2579 1376 eo
2615 1323 2765 1392 quod
2824 1323 2896 1377 ita
2947 1340 3006 1378 se
3043 1337 3238 1393 gerere
3272 1321 3326 1376 in

1747 1417 2036 1486 colloquiis
2079 1416 2274 1472 soleat.
2301 1416 2558 1471 EXtrema
2593 1416 2738 1471 enim
2772 1415 2953 1470 verba
2972 1414 3325 1478 defensionis,

1746 1523 1906 1578 quam
1948 1507 2000 1560 in
2032 1521 2310 1562 carcerem
2347 1507 2534 1562 abiens
2578 1507 2975 1576 pronuntiavit,
3001 1515 3327 1576 argumento

1745 1612 1893 1666 sunt,
1936 1603 2085 1656 serio
2135 1601 2284 1655 illum
2323 1609 2379 1656 et
2410 1615 2540 1656 vere
2583 1599 2980 1667 ignorationem
3027 1615 3149 1655 esse
3187 1613 3324 1654 con-

1745 1693 1973 1748 fessum.
2005 1691 2097 1748 Sic
2143 1691 2288 1746 enim
2322 1690 2600 1759 loquitur:
2633 1707 2652 1742 ι
2685 1687 2791 1744 Sed
2820 1688 2933 1758 jam
2979 1699 3195 1759 tempus
3240 1698 3324 1744 es'

1744 1794 1804 1841 ut
1844 1787 2122 1849 abeamus,
2150 1800 2250 1855 ego
2279 1783 2497 1854 quidem
2532 1783 2850 1848 moriturus,
2895 1797 2991 1836 vos
3026 1791 3208 1836 autem
3237 1781 3322 1835 vi-

1675 1844 1713 1898 B
1743 1879 1882 1934 cturi
1911 1895 1925 1932 :
1957 1878 2062 1932 utri
2098 1888 2281 1932 autem
2329 1877 2395 1931 ad
2451 1875 2678 1930 meliora
2727 1874 3174 1946 proficiscantur,
3222 1890 3320 1930 ne-

1741 1971 1873 2026 mini
1921 1981 2108 2025 notum
2145 1969 2248 2024 nisi
2283 1969 2414 2023 Deo.
2437 1988 2462 2020 »ν
2504 1966 2763 2023 Socrates
2807 1969 2911 2024 hac
2949 1966 3142 2022 ultima
3192 1980 3324 2022 voce

1740 2062 1794 2116 in
1842 2061 2131 2132 Areopago
2174 2062 2375 2115 emissa
2428 2060 2480 2113 in
2531 2073 2813 2114 carcerem
2859 2059 3021 2126 abiit,
3060 2057 3160 2114 soli
3211 2057 3322 2112 Deo

1739 2171 1920 2211 rerum
1948 2155 2108 2210 nobis
2149 2155 2459 2223 ignotarum
2495 2153 2864 2224 cognitionem
2911 2152 3184 2208 tribuens.
3210 2151 3316 2219 Qui

1738 2257 1918 2304 autem
1963 2257 2086 2318 post
2123 2264 2247 2303 eum
2284 2248 2460 2303 exorti
2494 2258 2640 2313 sunt,
2675 2261 2796 2301 cum
2841 2261 2914 2300 ne
2945 2253 3162 2300 terrena
3194 2245 3320 2316 qui-

1736 2339 1858 2394 dem
1905 2338 2218 2407 cognitione
2258 2338 2475 2407 assequi
2523 2338 2863 2407 potuissent,
2913 2335 3156 2390 cmlestia
3211 2335 3317 2391 sibi

1734 2430 2013 2501 explorata
2071 2445 2195 2486 esse
2246 2429 2481 2499 professi
2535 2439 2682 2493 sunt,
2729 2439 2991 2495 tanquam
3019 2443 3083 2484 ea
3140 2428 3318 2484 oculis

1733 2525 1846 2578 suis
1894 2524 2178 2580 vidissent.
2229 2522 2321 2578 Sic
2370 2523 2700 2578 Aristoteles
2745 2521 2900 2591 quasi
2965 2521 3309 2586 accuratius,

1731 2634 1892 2688 quam
1922 2616 2093 2678 Plato,
2120 2615 2364 2670 coelestia
2405 2617 2649 2680 vidisset,
2688 2629 2798 2670 non
2838 2623 2897 2668 ut
2925 2615 3029 2670 iste
3065 2615 3116 2669 in
3155 2614 3316 2684 ignea

1729 2707 2030 2761 substantia
2063 2707 2158 2778 (ita
2185 2708 2328 2763 enim
2374 2706 2581 2762 Platoni
2617 2708 2850 2777 visum),
2885 2709 2981 2762 sed
3022 2707 3074 2761 in
3120 2708 3315 2778 quinto

1728 2800 1967 2854 :ethereo
1996 2800 2268 2855 elemento
2301 2802 2468 2855 Deum
2513 2816 2636 2856 esse
2678 2799 3072 2870 pronuntiavit.
3106 2801 3170 2855 Et
3217 2797 3313 2870 qui

1729 2893 1888 2948 fidem
1921 2893 2022 2948 sibi
2067 2893 2152 2948 bis
2197 2895 2266 2949 de
2310 2897 2471 2948 rebus
2515 2893 2586 2947 ob
2634 2902 2936 2962 spectatum
2985 2903 3043 2948 et
3090 2893 3314 2964 elegans

1728 2985 1942 3040 (licendi
1992 3000 2162 3056 genus
2213 2985 2398 3040 haberi
2453 2984 2726 3054 postulat,
2773 2985 2912 3041 idem
2952 3001 3076 3040 cum
3124 2985 3313 3056 Euripi

1726 3077 2022 3132 Chalcidici
2056 3086 2312 3132 naturam
2346 3077 2681 3148 investigare
2704 3093 2811 3132 non
2849 3087 3058 3148 posset,
3083 3076 3315 3133 collecto

1728 3185 1791 3224 ex
1840 3170 2108 3225 dedecore
2151 3178 2208 3224 et
2261 3169 2559 3239 ignominia
2594 3168 2780 3225 dolore
2809 3169 3096 3238 perculsus
3141 3169 3311 3224 vitam

1730 3261 1968 3330 reliquit.
2016 3259 2186 3316 Nemo
2225 3261 2390 3331 igitur
2433 3275 2498 3315 ex
2543 3261 2632 3316 bis
2668 3261 2760 3331 qui
2811 3260 3033 3331 sapiunt
3076 3262 3309 3317 salutem

1725 3369 1877 3409 suam
1904 3355 2095 3409 borum
2141 3353 2420 3408 hominum
2449 3353 2773 3423 eloquentia:
2816 3354 3171 3424 posthabeat;
3213 3353 3308 3410 sed

1726 3462 1888 3501 aures
1933 3463 2060 3502 suas
2108 3447 2404 3502 secundum
2437 3455 2680 3500 veterem
2713 3445 3002 3500 historiam
3048 3461 3172 3502 cera
3217 3446 3312 3501 ob-

1727 3547 1935 3601 turans,
1985 3536 2281 3607 perniciem
2314 3551 2379 3589 ex
2414 3536 2500 3590 his
2547 3535 2821 3590 sirenibus
2866 3537 3112 3590 suaviter
3157 3535 3305 3591 iuse-

1726 3639 1964 3685 ctantein
1999 3629 2188 3699 fugiat.
2222 3630 2473 3684 Praedicti
2509 3631 2654 3684 enim
2687 3631 3007 3698 scriptorcs,
3037 3630 3164 3683 dum
3199 3645 3310 3684 ser-

1724 3725 1900 3778 monis
1944 3724 2274 3778 suavitatem
2313 3722 2480 3778 vcluti
2521 3722 2809 3793 quamdam
2845 3737 3026 3777 escam
3073 3733 3310 3793 praeten-

1723 3817 1876 3880 dunt,
1919 3817 2114 3870 mullos
2144 3831 2172 3869 a
2203 3831 2332 3870 vera
2393 3815 2655 3884 religione
2691 3815 2968 3871 abducere
3011 3825 3303 3884 conantur,

1726 3908 2003 3962 imitantes
2042 3923 2166 3963 eum
2228 3909 2320 3978 qui
2378 3909 2780 3963 multitudinem
2831 3910 3058 3965 deorum
3093 3909 3304 3980 primos

1723 4000 1969 4054 homines
1995 4000 2190 4055 docere
2220 4016 2386 4055 ausus
2414 4010 2518 4056 est.
2552 3999 2649 4056 His
2683 4010 2872 4058 auctor
2908 4003 3059 4059 vobis
3086 4017 3205 4058 sum
3233 4018 3303 4058 ne

1720 4091 2120 4159 obsequamini,
2170 4092 2263 4146 sed
2299 4092 2481 4160 potius
2519 4102 2837 4148 Sanctorum
2883 4093 3164 4148 hominum
3209 4107 3302 4146 va-

1722 4180 1924 4236 ticiniis
1971 4197 2190 4251 operam
2238 4183 2400 4238 dctis.
2444 4184 2540 4238 Sin
2577 4194 2758 4240 autem
2803 4184 3023 4254 pigritia
3068 4195 3165 4239 aut
3197 4201 3302 4240 an-

1721 4275 1870 4343 tiqua
1914 4277 2176 4345 majorum
2223 4278 2538 4346 superstitio
2579 4288 2893 4333 sanctorum
2928 4279 3171 4333 virorum
3204 4295 3293 4332 va-

1719 4367 1905 4423 ticinia
1939 4368 2115 4432 legere
2155 4371 2426 4438 prohibet,
2454 4386 2519 4426 ex
2555 4371 2755 4440 quibus
2803 4371 3018 4426 discere
3063 4373 3300 4442 potestis

1720 4477 1884 4517 unum
1917 4461 2182 4515 acsolum
2215 4477 2338 4518 esse
2387 4462 2578 4527 Deum,
2607 4464 2751 4532 quod
2787 4461 3005 4531 quidem
3060 4464 3295 4533 primum

92 4548 198 4616 ὑμᾶς
239 4555 323 4625 τὴν
361 4556 726 4628 πολυοεότητα
767 4557 1060 4623 διδάξαντι,
1092 4557 1318 4632 ὕστερον
1363 4560 1419 4612 δὲ
1464 4561 1616 4614 λυσι-

1783 4565 1803 4608 t
1857 4571 2001 4610 vera:
2057 4554 2334 4627 religionis
2383 4555 2629 4624 insigne;
2675 4555 2868 4609 saltem
2918 4556 3007 4621 ei,
3055 4556 3146 4626 qui
3201 4571 3296 4612 vos

219 4647 300 4698 καὶ
343 4649 644 4716 ἀναγκαίαν
689 4650 1015 4722 παλινῳδίαν
1054 4647 1182 4723 ᾆσαι
1224 4653 1612 4726 προελομένῳ,

93 4734 293 4808 πείσθητε
332 4741 547 4811 Ὀρφεῖ,
593 4741 742 4794 ταῦτ’
785 4744 1028 4815 εἰρηκότι
1074 4743 1109 4797 ἃ
1149 4744 1330 4817 μικρῷ
1379 4745 1614 4818 πρόσθεν

93 4825 316 4896 γέγραφα·
348 4834 436 4885 καὶ
478 4837 590 4896 τοῖς
620 4835 858 4898 λοιποῖς.
904 4835 999 4886 καὶ
1045 4838 1158 4898 τοῖς
1203 4837 1270 4890 τὰ
1303 4837 1442 4889 αὐτὰ
1484 4838 1616 4910 περὶ

92 4916 177 4982 ἑνὸς
197 4921 312 4976 Θεοῦ
336 4928 631 4997 γεγραφόσι
662 4925 938 4999 πείσθητε.
966 4927 1127 4991 Θείας
1157 4929 1264 5000 γὰρ
1290 4929 1428 5001 ὑπὲρ
1459 4931 1614 5001 ὑμῶν

92 5015 292 5078 προνοίας
310 5017 459 5088 ἔργον
491 5019 700 5087 γέγονε,
727 5019 788 5073 τὸ
825 5020 918 5073 καὶ
951 5020 1183 5084 ἄκοντας
1211 5020 1434 5086 τούτους
1468 5041 1610 5095 μαρ.

92 5106 229 5170 τνρεῖν
264 5109 321 5160 τὰ
363 5110 464 5162 ύπθ)
500 5109 610 5163 τῶν
641 5111 950 5182 προφητῶν·
967 5112 1094 5183 περὶ
1137 5111 1254 5174 ἑνὸς
1291 5113 1612 5185 Θεοῦείρη-

96 5196 196 5262 μένα
226 5201 377 5274 ἀληθῆ
407 5200 566 5267 εἶναι,
603 5207 689 5259 ἵνα
723 5206 874 5278 παρὰ
918 5207 1134 5260 πάντων
1173 5209 1201 5259 ὁ
1229 5206 1326 5276 τῆς
1363 5206 1613 5260 πολυθεό-

94 5301 214 5354 tcto;
241 5290 339 5359 (52)
371 5294 724 5366 ἀθετούμενος
755 5296 912 5363 λόγος
941 5295 1194 5367 ἀφορμὴν
1237 5296 1364 5366 ὑμῖν
1396 5297 1612 5368 παρέχη

95 5376 166 5447 τῆς
185 5383 385 5453 ἀληθοῦς
407 5388 678 5456 γνώσεως.

144 5472 213 5526 57.
247 5478 418 5535 Ἔσται
451 5481 507 5536 δὲ
541 5485 669 5554 ύμῐν
713 5485 910 5557 ῥαδίως
953 5484 1050 5556 τὴν
1083 5484 1249 5556 ὀρθὴν
1301 5483 1610 5537 Θεοσὲϐειαν

147 5605 255 5690 (θ’)
288 5611 633 5690 Ὀμολογεῖν.
683 5619 904 5690 Legitur

97 5681 131 5722 et
152 5679 358 5762 ligarem.
385 5696 437 5762 et
465 5679 528 5741 a'd
559 5679 779 5762 calcent:
801 5691 940 5762 apud

272 5751 356 5835 ’ξν
380 5757 626 5835 οιίρανεῖ).
660 5749 796 5835 ξῖεέ.
829 5749 863 5816 3
891 5773 942 5817 et
971 5762 1213 5820 ϐίαι-01η.
1239 5765 1296 5816 ἐν
1337 5764 1616 5835 οὐρανοῖς,

100 5823 135 5866 ct
160 5821 223 5872 sic
243 5821 302 5876 ad
329 5821 521 5884 calcem
551 5821 618 5883 Β.
658 5828 740 5886 St.

954 5623 1229 5748 διμρλὲχῶν
1287 5624 1339 5677 in
1377 5621 1508 5694 Reg.
1551 5626 1605 5689 5,

1718 4647 1891 4717 primo
1925 4647 2322 4702 multitudinem
2366 4647 2592 4701 deorum
2637 4648 2924 4714 docuerat,
2971 4649 3065 4703 sed
3106 4659 3295 4720 postea

1718 4741 1902 4796 utilem
1933 4755 1998 4796 ac
2041 4740 2406 4796 necessariam
2441 4741 2546 4796 sibi
2588 4739 2923 4810 palinodiam
2964 4742 3295 4798 cantandam

1715 4847 1836 4886 esse
1870 4839 2049 4897 ratus,
2105 4846 2168 4885 ea
2223 4831 2360 4886 dixit
2404 4847 2524 4902 qua:
2565 4831 2729 4902 paulo
2772 4841 2900 4887 ante
2949 4834 3293 4897 scribebam,

1715 4923 1936 4993 Orpheo
1961 4925 2170 4981 credite
2193 4934 2245 4979 et
2277 4925 2404 4980 aliis
2431 4923 2524 4995 qui
2554 4925 2622 4978 de
2652 4939 2760 4979 uno
2798 4925 2906 4979 Deo
2933 4926 3123 4980 eadem
3159 4928 3300 4981 scri-

1713 5031 1891 5086 psere.
1925 5018 2018 5073 Dei
2064 5019 2208 5072 enim
2247 5018 2311 5071 in.
2341 5032 2438 5071 nos
2479 5017 2817 5086 providentia
2850 5017 3054 5072 factum
3090 5027 3196 5084 est,
3237 5027 3295 5072 ut

1716 5111 1770 5164 hi
1811 5126 1937 5164 vera
1989 5125 2112 5166 esse
2146 5112 2537 5182 prophetarum
2592 5113 2660 5166 de
2712 5127 2820 5166 uno
2873 5112 2984 5167 Deo
3018 5112 3162 5166 dicta
3209 5110 3291 5164 vel

1716 5203 1867 5258 inviti
1906 5203 2226 5268 faterentur,
2275 5213 2353 5265 ut,
2405 5205 2606 5273 rejecta
2637 5204 2705 5258 ab
2746 5203 3003 5258 erunibus
3049 5202 3294 5256 multitu-

1712 5300 1853 5354 dinis
1895 5300 2119 5353 deorum
2166 5301 2436 5364 doctrina,
2487 5299 2702 5369 copiam
2750 5299 2903 5354 vobis
2942 5298 3052 5351 veri
3088 5312 3288 5366 cogno-

1711 5394 1898 5447 scendi
1929 5394 2219 5461 praeberet.

1781 5485 1869 5538 '57.
1910 5485 2031 5538 Erit
2055 5493 2235 5540 autem
2272 5486 2428 5540 vobis
2458 5485 2716 5556 perfacile
2755 5501 2937 5540 veram
2969 5485 3287 5555 religionem

1718 5625 2104 5770 adﬁl‘glgirac
2134 5634 2298 5701 Θεόν.
2325 5633 2561 5690 Clarom.
2593 5635 2807 5702 εἰδέναι,
2838 5636 2915 5693 sic
2936 5635 3098 5692 etiam
3123 5633 3280 5699 Colb.

1782 5770 1895 5840 (52)
1931 5775 2387 5840 Πολιθεότητος.
2421 5773 2574 5831 Coll).
2609 5776 2912 5841 πολυθεΐας.

3361 2197 3526 2329 Λα

3360 2321 3373 2352 Ι
3453 2337 3458 2348 ι

3449 2361 3455 2372 ι

3448 2375 3454 2382 ι

3443 2530 3468 2562 γ

3536 2515 3552 2528 ”
3568 2529 3588 2560 ν·
3613 2525 3662 2560 χ]

3589 2278 3606 2288 "
3621 2275 3636 2297 ⁸(

3633 2303 3639 2310 ι

3571 2321 3588 2330 ε.

3623 2549 3668 2602 νίς.
