3764 6498
448 343 547 398 501

1488 332 1545 389 S.
1584 280 1849 387 JUSTINI
1885 324 2296 383 PHILOSOPlll
2331 324 2417 379 ET
2462 323 2821 379 MARTYRIS
3600 330 3687 385 ωε

448 458 632 525 aliqua
658 468 725 509 ex
760 460 916 522 parte
962 465 1026 504 ex
1074 450 1299 520 antiqua
1332 448 1539 520 Sibylla
1586 450 1797 503 discere
1819 491 1833 512 ,
1866 448 2012 517 cujus

2159 462 2191 497 κ
2239 442 2437 513 μέρους
2472 442 2622 512 παρὰ
2653 442 2750 511 τῆς
2788 440 3022 503 παλαιᾶς
3056 439 3317 512 Σιϐύλλης
3352 440 3417 494 ἐκ
3448 458 3589 501 τινος
3613 443 3688 495 δυ-

450 545 711 605 vaticiuia
742 561 807 601 ex
841 545 1043 612 potenti
1098 541 1278 596 alllatu
1331 543 1475 595 edita
1528 541 1595 594 ad
1638 541 2023 609 prophetarum

447 637 759 691 doctrinam
784 649 953 704 prope
978 632 1241 687 accedere
1266 632 1539 684 videntur.
1574 629 1721 683 llanc
1755 627 2025 698 Babylone

447 737 625 782 ortam
650 726 864 788 dicunt,
905 724 1094 779 Berosi
1122 723 1427 779 Clialdaicte
1468 721 1713 776 historia:
1742 719 2024 787 scriptoris

450 820 619 874 tiliam
641 836 658 885 ;
684 830 740 873 et
764 833 889 873 cum
921 817 976 870 iu
1006 816 1317 883 Campania:
1354 828 1484 869 oras
1508 813 1686 868 delata
1712 812 1895 866 nescio
1918 826 2024 881 quo

450 923 610 982 pacto
652 913 879 975 fuisset,
929 910 999 964 ibi
1052 908 1269 965 oracula
1309 908 1547 963 edidisse
1598 907 1649 959 in
1699 906 1853 970 urbe,
1902 919 2024 973 qua:

447 1001 634 1055 Cumae
659 1001 880 1065 dicitur,
908 999 1073 1064 Baiis,
1118 998 1206 1051 ubi
1258 1006 1385 1052 sunt
1433 996 1684 1051 Thermas
1710 994 2021 1065 Campanae,

448 1107 544 1147 sex
594 1091 862 1161 lapidibus
901 1091 1131 1145 distans.
1184 1086 1451 1150 Vidimus,
1475 1102 1596 1141 cum
1644 1086 1697 1140 in
1740 1086 1844 1140 hac
1891 1086 2025 1140 urbe

374 1238 387 1258 ‘
449 1198 718 1247 essemus,
750 1183 923 1237 locum
955 1180 1271 1250 quemdam,
1306 1179 1396 1233 ubi
1441 1179 1698 1233 sacellum
1729 1176 2021 1232 maximum

366 1272 372 1279 “
446 1292 515 1331 ex
542 1292 649 1331 uno
676 1290 806 1330 saxo
828 1274 1071 1330 excisum
1116 1273 1525 1343 conspeximus,
1561 1287 1676 1327 rem
1714 1287 1844 1327 sane
1884 1287 2025 1341 prte-

446 1368 804 1423 clarissimam
841 1378 899 1423 et
922 1368 1071 1422 omni
1102 1368 1467 1421 admiratione
1508 1366 1763 1435 dignam;
1801 1365 1874 1419 ibi
1924 1379 2020 1418 sua

446 1460 593 1515 illam
625 1461 850 1515 oracula
873 1460 1109 1515 edidisse
1137 1462 1463 1523 narrabant,
1495 1458 1583 1527 qui
1614 1459 1726 1512 lliEC
1745 1473 1772 1510 a
1796 1456 2021 1527 majori-

446 1553 568 1612 bus,
598 1559 656 1603 ut
684 1551 870 1619 patria:
898 1565 1009 1603 sua‘
1024 1549 1134 1622 34
1152 1550 1368 1619 propria
1384 1560 1728 1618 acceperant.
1760 1548 1816 1602 In
1846 1548 2024 1603 medio

446 1653 628 1695 autem
650 1642 852 1697 sacello
871 1644 1252 1697 monstrabant
1278 1641 1434 1697 nobis
1458 1643 1559 1696 tria
1586 1641 1929 1711 receptacula
1956 1657 2022 1697 ex

445 1735 638 1789 eodem
665 1736 850 1789 excisa
873 1748 1029 1797 saxo,
1058 1733 1256 1804 quibus
1286 1748 1426 1802 aqua
1453 1732 1673 1803 repletis
1698 1733 1879 1788 lavare
1901 1748 2020 1788 eam

447 1827 725 1891 dicebant,
757 1837 813 1882 et
845 1841 968 1882 cum
998 1835 1205 1881 vestem
1248 1825 1634 1893 resumpsisset
1678 1827 1731 1881 in
1776 1825 2023 1880 intimam

451 1916 640 1970 sacelli
670 1916 839 1971 aadem
871 1915 1129 1969 secedere
1148 1954 1163 1978 ,
1196 1931 1261 1969 ex
1288 1915 1478 1969 eodem
1505 1930 1639 1969 saxo
1669 1914 1930 1981 excisam,
1961 1930 2026 1968 ac

448 2007 504 2062 in
530 2009 711 2063 medio
732 2008 865 2063 aedis
886 2008 1163 2062 sedentem
1188 2008 1404 2061 excelso
1427 2007 1584 2073 solio,
1613 2008 1690 2062 sic
1713 2007 2022 2062 vaticinari.

447 2098 622 2169 Hujus
654 2100 895 2171 sibyllae,
930 2109 987 2153 ut
1031 2101 1205 2164 vatis,
1236 2114 1360 2154 cum
1400 2098 1555 2153 multi
1588 2100 1679 2153 alii
1726 2100 2024 2169 scriptores

445 2192 765 2258 meminere,
796 2201 906 2247 tum
931 2192 1096 2246 etiam
1129 2191 1284 2246 Plato
1312 2192 1363 2246 iu
1395 2190 1645 2246 Pliwdro.
1674 2190 1899 2247 Videtur
1927 2208 2023 2246 au-

444 2295 554 2341 tem
588 2288 749 2351 mihi,
777 2302 898 2342 cum
947 2287 1001 2342 in
1047 2286 1192 2341 illius
1236 2286 1494 2341 vaticinia
1529 2286 1831 2350 incidisset,
1872 2294 2025 2341 vates

444 2393 546 2449 pro
571 2380 770 2434 divinis
799 2378 1114 2435 hominibus
1138 2379 1418 2434 habuisse.
1448 2379 1683 2435 Videbat
1714 2379 1856 2433 enim
1902 2394 2021 2447 qua:

443 2470 512 2524 ab
539 2470 625 2525 illa
664 2471 791 2526 olim
834 2471 1090 2539 praedicta
1136 2470 1394 2534 fuerant,
1433 2485 1597 2541 Opere
1644 2470 1937 2539 compleri;
1965 2480 2023 2524 et

443 2561 650 2616 idcirco
671 2562 949 2617 admirans
975 2564 1028 2616 in
1063 2562 1291 2617 Menone
1328 2577 1393 2616 ac
1434 2562 1652 2617 totidem
1685 2562 1866 2616 verbis
1887 2562 2017 2616 elle-

442 2668 572 2709 rens
601 2664 776 2720 vates,
816 2656 891 2708 ita
933 2655 1168 2710 scribit:
1206 2672 1223 2704 ‹
1256 2655 1426 2711 Recte
1472 2670 1603 2711 sane
1644 2655 1856 2709 divinos
1900 2654 2018 2708 illos

442 2762 725 2811 vocemus,
759 2763 899 2817 quos
928 2764 1069 2802 nunc
1107 2747 1445 2817 appellamus
1473 2759 1643 2802 vates.
1675 2747 1790 2802 Non
1826 2750 2017 2804 imme-

442 2840 552 2895 rito
579 2841 876 2895 dixerimus
901 2842 1113 2895 divinos
1141 2840 1266 2896 illos
1290 2856 1432 2906 esse,
1453 2851 1507 2895 et
1530 2840 1788 2895 divinitus
1812 2840 2018 2896 alllatos

443 2943 502 2987 et
544 2949 574 2986 a
614 2934 723 2988 Deo
764 2943 1085 3003 correptos,
1135 2949 1260 2989 cum
1314 2949 1573 3004 prospere
1628 2934 2017 2997 vaticinantur,

442 3025 613 3079 multa
657 3036 713 3079 et
760 3041 955 3096 magna
1007 3027 1286 3091 dicentes,
1332 3042 1434 3081 nec
1486 3026 1783 3095 quidquam
1826 3041 2017 3081 eorum

2128 538 2293 607 νατῆς
2318 537 2425 607 (55)
2455 536 2739 598 ἐπιπνοίας
2760 535 2843 590 διὰ
2869 534 3134 607 χρησμῶν
3160 536 3303 606 ὑμᾶς
3328 536 3686 609 διδασκούσης,

2131 630 2422 700 μανθάνειν
2476 628 2627 683 ταῦθ’
2683 629 2827 700 ειπερ
2873 629 3043 697 ἐγγὺς
3074 623 3214 681 εἷναι
3246 627 3394 681 δοκεῖ
3451 629 3548 699 τῆς
3597 631 3688 685 τῶν

2129 721 2420 794 προφητῶν
2446 721 2815 784 διδασκαλίας.
2844 720 3059 790 Ταύτην
3087 720 3142 773 δὲ
3170 722 3232 772 ἐκ
3269 721 3365 789 μὲν
3391 720 3688 786 Βαϐυλῶνος

2127 813 2418 887 ὡρμῆσθαί
2452 830 2622 883 φασι,
2663 810 2958 883 Βηρὼσσου
2992 807 3103 880 (54)
3141 809 3233 863 τοῦ
3268 810 3366 881 τὴν
3399 810 3689 883 Χαλδαῖκὴν

2130 908 2371 980 ἱστορίαν
2402 906 2709 979 γράψαντος
2742 904 3018 976 θυγατέρα
3056 899 3220 957 οὖσαν
3251 904 3363 974 (55)
3390 922 3403 935 ⁸
3441 906 3518 968 είς
3550 905 3605 957 δὲ
3634 908 3689 959 τά

2130 1000 2271 1071 μέρη
2321 1000 2418 1071 τῆς
2451 997 2782 1070 Καμπανίας
2810 997 2909 1050 οὐκ
2951 991 3046 1049 οἷδ’
3076 997 3225 1060 ὅπως
3261 995 3522 1049 διαϐᾶσαν
3542 1037 3556 1060 ,
3592 998 3691 1049 ἐκεῖ

2126 1093 2250 1156 τοὺς
2278 1092 2555 1164 χρησμοὺς
2588 1086 2929 1160 ἐξαγορεύειν
2959 1087 3017 1140 ἔν
3047 1105 3152 1141 τινι
3185 1088 3385 1158 Κουμᾷ
3416 1087 3559 1140 οὕτω
3601 1105 3688 1141 κα-

2127 1186 2362 1257 λουμένῃ
2413 1186 2603 1249 πόλει,
2640 1184 2700 1251 ἒξ
2744 1185 2991 1257 σημείοις
3018 1184 3129 1256 (56)
3179 1184 3447 1255 διεστώσῃ
3493 1184 3689 1250 Baiani,

2126 1278 2254 1331 ἔνθα
2311 1284 2378 1331 τά
2431 1277 2609 1349 θερμὰ
2656 1277 2755 1348 τῆς
2809 1276 3143 1347 Καμπανίας
3198 1271 3337 1329 εἶναι
3394 1275 3688 1346 συμϐαίνει.

2138 1369 2514 1441 Ἐθεασάμεθα
2546 1370 2601 1422 δὲ
2635 1372 2693 1423 ἐν
2726 1372 2791 1441 τῇ
2830 1367 2982 1421 πόλει
3025 1368 3301 1438 γενόμενοι
3333 1368 3427 1421 καί
3457 1386 3574 1420 τινα
3612 1371 3689 1421 16-

2126 1482 2256 1527 πον,
2303 1465 2367 1516 ἐν
2399 1455 2443 1530 ᾧ
2477 1462 2755 1534 βασιλικὴν
2779 1462 2889 1532 (57)
2929 1462 3191 1533 μεγίστην
3228 1461 3288 1524 ἐξ
3326 1461 3448 1523 ἐνὸς
3475 1461 3688 1530 ἐξεσμέ-

2127 1577 2223 1630 νην
2250 1558 2359 1629 (58)
2416 1557 2561 1610 λίθου
2591 1556 2855 1627 ἔγνωμεν,
2881 1558 3112 1629 πρᾶγμα
3142 1556 3419 1626 μέγιστον,
3451 1556 3544 1608 καὶ
3572 1572 3692 1609 παν-

2125 1652 2216 1714 τὸς
2243 1649 2519 1720 θαύματος
2536 1648 2702 1712 ἄξιον·
2728 1646 2855 1703 ἔνθα
2880 1648 3004 1710 τοὺς
3032 1648 3313 1720 χρησμοὺς
3336 1645 3505 1716 αὐτὴν
3535 1648 3694 1714 ἀπαγ-

2125 1741 2334 1810 γέλλειν
2376 1742 2423 1793 οἱ
2471 1740 2547 1804 ὡς
2593 1741 2661 1795 τά
2712 1739 2918 1812 πάτρια
2950 1740 3058 1811 (59)
3107 1738 3506 1811 παρειληφότες
3558 1741 3693 1812 παρὰ

2125 1834 2233 1887 τῶν
2278 1832 2485 1888 ἑαυτῶν
2539 1834 2819 1906 προγόνων
2868 1832 3124 1903 ἔφασκον.
3172 1833 3260 1887 Ἐν
3307 1831 3459 1902 μέσῳ
3504 1830 3563 1884 δὲ
3608 1834 3693 1901 τῆς

2128 1924 2414 1995 βασιλικῆς
2449 1924 2789 1977 ἐπεδείκνυον
2830 1926 2960 1994 ἡμῖν
2990 1926 3139 1995 τρεῖς
3165 1922 3474 1994 δεξαμενὰς
3506 1924 3573 1975 ἐκ
3613 1922 3692 1974 τοῦ

2125 2019 2291 2072 αὐτοῦ
2312 2016 2603 2089 ἐξεσμένας
2628 2016 2774 2070 λίθου
2797 2017 2938 2087 (60)·
2968 2010 3043 2069 ὧν
3070 2016 3462 2089 πληρουμένων
3490 2016 3691 2078 ὓδατος,

2123 2109 2377 2164 λούεσθαι
2427 2108 2597 2180 αὐτὴν
2640 2111 2697 2163 ἐν
2742 2109 2931 2171 αὐταῖς
2964 2108 3168 2176 ἔλεγον,
3213 2110 3308 2164 καὶ
3350 2108 3543 2180 στολὴν
3576 2110 3690 2161 ἀνα-

2123 2202 2535 2274 λαμϐάνουσαν,
2572 2203 2651 2264 είς
2695 2200 2785 2253 τὸν
2833 2201 3112 2255 ἐνδότατον
3148 2199 3257 2271 (61)
3291 2201 3390 2271 τῆς
3424 2199 3695 2270 βασιλικῆς

2125 2293 2330 2365 βαδίζει
2362 2289 2509 2347 οἷκον
2542 2295 2606 2346 ἐκ
2644 2292 2735 2348 τοῦ
2770 2293 2935 2348 αὑτοῦ
2978 2294 3269 2365 ἐξεσμένον
3302 2294 3453 2346 λίθου
3474 2311 3487 2323 ’
3526 2294 3620 2347 καὶ
3647 2296 3697 2345 ἐν

2127 2386 2277 2456 μέσῳ
2306 2384 2398 2437 τοῦ
2430 2384 2579 2441 οἴκου
2610 2383 2720 2453 (62)
2756 2383 3124 2457 καθεζομένην
3159 2385 3251 2438 ἐπὶ
3285 2386 3495 2456 ὑψηλοῦ
3532 2385 3697 2454 βήμα-

2122 2496 2211 2542 τος
2255 2478 2349 2532 καὶ
2396 2478 2625 2551 θρόνου,
2679 2478 2821 2534 οὕτω
2862 2480 2987 2543 τοὺς
3028 2480 3305 2552 χρησμοὺς
3340 2480 3696 2551 ἐξαγορεύειν.

2123 2571 2339 2642 Ταύτης
2356 2571 2412 2623 δὲ
2434 2571 2530 2641 τῆς
2546 2570 2807 2643 Σιϐύλλης
2829 2570 2905 2634 ὡς
2932 2570 3255 2644 χρησμῳδοῦ
3276 2572 3463 2623 πολλοὶ
3493 2573 3594 2642 μὲν
3615 2571 3697 2624 καὶ

2124 2661 2273 2714 ἄλλοι
2303 2660 2408 2715 τῶν
2433 2660 2792 2731 συγγραφέων
2824 2662 3148 2733 μέμνηνται,
3184 2662 3277 2715 κα).
3302 2663 3529 2715 Πλάτων
3553 2666 3610 2716 ἐν
3630 2663 3699 2733 τῷ

2122 2752 2371 2819 Φαίδρῳ.
2407 2753 2559 2805 Δοκεῖ
2585 2752 2640 2804 δέ
2678 2770 2764 2823 μοι
2795 2756 2907 2816 τοῖς
2930 2753 3131 2824 ταύτης
3168 2757 3440 2829 χρησμοῖς
3471 2754 3698 2825 ἐντυχὼν

2124 2843 2153 2893 ὁ
2188 2840 2435 2902 Πλάτων,
2471 2843 2594 2904 τοὺς
2634 2843 2989 2913 χρησμῳδοῦς
3019 2843 3340 2908 ἐκθειάζειν.
3388 2846 3568 2915 Ἐώρα
3599 2847 3700 2916 γὰρ

2122 2934 2186 2987 τὰ
2211 2934 2303 2985 ὑπ’
2326 2932 2495 3002 αὐτῆς
2524 2932 2690 2986 πάλαι
2714 2934 3083 3005 προειρημένα
3112 2934 3293 3008 ἔργοις
3318 2936 3695 3007 πληρούμενα⁸

2123 3024 2215 3078 καὶ
2246 3025 2336 3078 διὰ
2368 3024 2525 3078 τοῦτο
2572 3024 2858 3095 θαυμάσας
2890 3027 2949 3079 ἐν
2983 3026 3058 3097 τῷ
3092 3026 3229 3099 πρὸς
3262 3008 3497 3080 Μένωνα
3526 3028 3699 3099 λόγῳ,

442 3131 565 3185 qua:
594 3116 780 3169 dicunt
811 3115 1193 3185 iutelligeutes.
1234 3137 1253 3169 ι
1286 3117 1385 3171 Hic
1415 3116 1700 3171 manifeste
1730 3125 1786 3172 et
1830 3127 2012 3185 aperte

2159 3118 2310 3181 ύταῖς
2341 3117 2546 3181 λέξεσιν
2580 3116 2818 3171 ἐπαινῶν
2851 3117 2975 3180 τοὺς
3009 3118 3370 3190 χρησμῳδοὺς
3394 3160 3415 3183 ,
3436 3120 3583 3172 οὓτω
3621 3124 3704 3189 γέ-

444 3209 512 3261 ad
536 3206 740 3281 sibylla:
770 3209 993 3279 respicit
1032 3224 1243 3265 versus.
1276 3209 1395 3279 Ipsa
1422 3208 1589 3271 enim.
1618 3223 1727 3264 non
1756 3218 1814 3263 ut
1844 3219 2017 3279 poetae

444 3306 567 3368 post
609 3301 813 3370 scripta
862 3302 1140 3368 carmina,
1188 3302 1501 3357 facultatem
1549 3304 1783 3358 habebat
1826 3290 2016 3357 emen-

446 3392 609 3447 dandi
640 3403 695 3446 et
734 3392 976 3461 limandi,
1017 3393 1070 3447 in
1102 3395 1186 3449 bis
1227 3395 1526 3463 praesertim
1557 3410 1677 3463 qute
1706 3395 1772 3449 ad
1800 3409 2020 3449 accura-

446 3497 563 3539 tam
594 3500 945 3541 numerorum
978 3486 1149 3557 legem
1194 3488 1488 3558 pertinent.
1537 3487 1641 3542 Sed
1682 3488 1735 3542 in
1784 3488 1903 3557 ipso
1934 3486 2017 3538 af-

444 3578 604 3633 ﬂatus
648 3579 878 3635 articulo
928 3580 1069 3635 vatis
1118 3596 1340 3635 munere
1364 3580 1723 3651 fungebatur;
1779 3596 1842 3634 ac
1878 3580 2019 3634 desi-

445 3680 607 3724 nente
633 3670 816 3726 alllatu
850 3671 1141 3728 desinebat
1177 3673 1449 3728 dictorqu
1484 3673 1811 3727 recordatio.
1844 3674 2020 3740 Atque

446 3766 563 3819 inec
591 3780 721 3819 sane
761 3767 971 3821 exstitit
1012 3782 1174 3822 causa
1201 3806 1217 3831 ,
1263 3782 1363 3821 cur
1417 3782 1522 3821 non
1576 3780 1764 3821 omnes
1805 3766 2017 3819 numeri

444 3874 702 3913 versuum
730 3860 936 3930 sibylla:
958 3870 1331 3916 servarentur.
1369 3859 1623 3926 ldenim,
1655 3873 1777 3913 cum
1819 3858 1871 3912 in
1916 3859 2018 3913 hac

445 3951 580 4007 urbe
641 3968 922 4017 essemus,
979 3969 1009 4007 a
1071 3954 1484 4022 perductoribus
1531 3954 1871 4017 didicimus,
1926 3952 2019 4020 qui

446 4054 505 4098 et
558 4044 699 4109 loca,
744 4046 810 4099 in.
848 4046 1046 4115 quibus
1090 4046 1515 4109 vaticinabatur,
1557 4046 1712 4101 nobis
1750 4055 2021 4100 monstra-

449 4147 599 4203 runt,
633 4148 686 4193 et
728 4138 962 4193 loculum
988 4139 1275 4207 quemdam
1300 4154 1366 4192 et
1394 4153 1503 4193 tere
1531 4148 1927 4203 constructum,
1965 4137 2018 4192 in

445 4246 557 4297 quo
587 4228 702 4297 ejus
749 4229 1007 4299 reliquias
1055 4229 1327 4284 asservari
1380 4229 1656 4284 dicebant.
1693 4227 1824 4281 Illud
1856 4227 2019 4281 etiam

446 4324 591 4377 inter.
620 4323 752 4388 alia,
787 4332 845 4377 ut
883 4337 925 4376 a.
947 4321 1240 4389 majoribus
1267 4332 1549 4391 acceptum
1579 4321 1900 4386 narrabant,
1928 4334 2022 4375 eos

444 4415 537 4481 qui
564 4424 693 4469 tunc
720 4414 944 4469 oracula
976 4414 1347 4483 excipiebant,
1378 4430 1500 4469 eum
1529 4413 1790 4467 illitterati
1815 4422 2018 4476 essent,

2120 3227 2330 3282 γραφεν
2353 3227 2365 3239 ·
2397 3230 2414 3261 ι
2451 3208 2658 3281 Ὀρθῶς
2683 3210 2790 3281 ἄρα
2816 3208 2883 3263 ἂν
2910 3208 3165 3281 καλοῖμεν
3192 3210 3372 3275 θείους
3396 3228 3455 3264 τε
3485 3212 3699 3275 αὐτοὺς,

2118 3305 2213 3369 οὓς
2260 3305 2323 3375 δὴ
2380 3304 2474 3356 νῦν
2517 3304 2747 3374 λέγομεν
2798 3303 3178 3377 χρησμῳδούς.
3222 3305 3336 3375 Οὐχ
3368 3306 3701 3377 ἥκιστα(6ἷ›)

2122 3401 2322 3469 φαῖμεν
2358 3397 2421 3450 ἂν
2454 3396 2675 3461 τούτους
2708 3396 2884 3460 θείους
2917 3392 3053 3449 εἶναι
3081 3396 3174 3450 καὶ
3203 3396 3575 3461 ἐνθουσιάζειν
3599 3399 3703 3451 ἐπί-

2122 3504 2285 3550 πνους
2330 3486 2520 3549 ὁντας,
2572 3487 2665 3540 καὶ
2700 3485 3097 3556 κατεχομένους
3131 3489 3196 3539 ἐκ
3227 3486 3320 3539 τοῦ
3359 3487 3494 3539 Θεοῦ
3517 3528 3532 3551 ,
3581 3489 3704 3540 ὅταν

2122 3580 2428 3652 κατορθῶσι
2469 3581 2716 3649 λέγοντες
2751 3580 2921 3633 πολλὰ
2970 3582 3063 3634 καὶ
3114 3581 3325 3651 μεγάλα
3362 3582 3701 3653 πράγματα,

2124 3675 2286 3747 μηδὲν
2313 3674 2512 3737 εἰδότες
2541 3667 2615 3726 ὧν
2645 3672 2861 3741 λέγουσι
2884 3690 2897 3702 ⁸
2931 3692 2949 3724 ι
2990 3673 3174 3742 σαφῶς
3213 3675 3307 3726 κα).
3344 3674 3599 3747 φανερῶς
3631 3677 3706 3737 εἰς

2121 3769 2245 3831 τοὺς
2293 3766 2553 3837 Σιϐύλλης
2614 3765 2834 3837 ἀφορῶν
2885 3766 3184 3838 χρησμούς.
3235 3766 3386 3838 Λῦτη
3424 3768 3560 3838 γὰρ,
3611 3769 3705 3837 οὐχ

2123 3857 2313 3929 ῶσπερ
2344 3860 2393 3911 οί
2427 3858 2670 3928 ποιηταὶ,
2708 3858 2802 3912 καὶ
2838 3858 2974 3929 μετὰ
3004 3859 3062 3910 τὸ
3083 3857 3375 3928 γράψαιτὰ
3401 3859 3705 3928 ποιήματα,

2122 3945 2267 4020 εἶχεν
2302 3948 2548 4013 ἐξουσίαν
2580 3948 2923 4020 διορθοῦσθαι
2954 3950 3047 4001 καὶ
3082 3949 3317 4015 ἐπιξέειν
3355 3949 3595 4021 μάλιστα
3621 3950 3705 4001 διὰ

2122 4043 2219 4113 τὴν
2251 4042 2359 4095 τῶν
2395 4042 2604 4113 μέτρων
2630 4042 2910 4114 ἀκρίϐειαν
2935 4058 2948 4072 ’
2984 4042 3097 4095 ἀλλ’
3128 4044 3185 4094 ἐν
3218 4042 3317 4112 μὲν
3350 4042 3430 4113 τῷ
3463 4042 3567 4112 τῆς
3598 4045 3709 4094 ἐπιο

2124 4134 2315 4197 πνοίας
2344 4134 2519 4207 καιρῷ
2542 4173 2557 4197 ,
2592 4134 2659 4187 τὰ
2682 4135 2779 4205 τῆς
2812 4134 3144 4206 προφητείας
3184 4134 3456 4206 ἐπλήρουε
3499 4153 3709 4188 παυσαο

2127 4229 2293 4299 μένης
2323 4228 2379 4280 δὲ
2412 4228 2509 4298 τῆς
2541 4228 2825 4291 ἐπιπνοίας
2848 4268 2861 4290 ,
2898 4228 3174 4280 ἐπέπαυτο
3207 4227 3301 4280 καὶ
3335 4230 3368 4298 ἡ
3406 4228 3517 4281 τῶν
3552 4230 3707 4300 εἰρηρ

2127 4322 2301 4391 μένων
2350 4321 2558 4391 μνήμη.
2605 4318 2760 4372 Τοῦτ’
2792 4316 2885 4373 οῦν
2918 4320 3089 4373 αἴτιον
3138 4318 3232 4372 τοῦ
3284 4320 3360 4390 μὴ
3410 4320 3596 4372 πάντα
3646 4322 3710 4373 τὰ

2130 4412 2303 4483 μέτρα
2324 4411 2430 4465 τῶν
2466 4410 2613 4463 ἐπῶν
2644 4410 2744 4479 τῆς
2775 4409 3037 4481 Σιϐύλλης
3062 4408 3352 4474 σώζεσθαι.
3381 4411 3550 4462 Αὐτοὶ
3576 4413 3708 4480 γὰρ,

443 4521 601 4574 διερει-
629 4508 697 4561 ab
739 4515 1004 4561 accurata.
1043 4521 1390 4561 numerorum
1427 4506 1811 4561 observatione
1850 4505 2012 4561 aber-

2159 4522 2183 4556 ν
2229 4507 2294 4575 τῇ
2347 4504 2497 4556 πόλει
2548 4502 2860 4572 γενόμενοι,
2897 4502 3047 4574 παρὰ
3078 4501 3186 4554 τῶν
3220 4502 3579 4572 περιηγητῶν
3617 4519 3711 4571 με·

445 4610 618 4651 rassc.
648 4596 825 4666 Atque
857 4597 909 4651 id
944 4612 1123 4651 causa:
1161 4611 1282 4651 esse
1325 4596 1599 4661 dicebant,
1629 4612 1728 4651 cur
1755 4609 2018 4650 numerus

516 4733 633 4803 (55)
673 4733 967 4803 Δυνατῆς.
995 4733 1154 4806 Deest
1180 4735 1232 4788 in
1261 4733 1413 4790 Colb.
1446 4733 1564 4789 Mox
1595 4733 1884 4806 μανθάνειν
1909 4748 2020 4786 ηιρ-

444 4805 552 4859 lius
578 4814 873 4873 poneretur
900 4814 1026 4859 ante
1052 4805 1115 4858 ἐκ
1146 4823 1310 4869 τινος.

519 4876 634 4947 (54)
678 4876 881 4945 Sibylla
913 4874 1100 4930 Berosi
1125 4874 1701 4947 ()baltlaicaihistorire
1730 4874 2022 4947 scriptoris

444 4944 556 5000 lilia
578 4944 800 5001 dicitur.
849 4947 1133 5000 Statuerat
1162 4944 1395 5000 Grabius
1420 4944 1691 4999 Justinum
1749 4962 1780 4996 a
1828 4944 2020 5011 frivola

444 5020 799 5072 recentiorum
846 5017 1151 5071 criticorum
1196 5018 1529 5069 accusatione
1577 5015 1881 5076 vindicare,
1924 5017 2019 5068 sed

443 5103 560 5143 rem
586 5087 699 5156 jam
733 5099 909 5144 actam
934 5100 1058 5156 esse
1090 5086 1297 5139 indicat
1331 5102 1361 5138 a
1403 5086 1467 5140 (ἱ.
1514 5084 1564 5138 J.
1620 5084 1810 5137 Vossio
1840 5087 1890 5136 in
1916 5083 2016 5156 lib.

444 5175 461 5213 ι
498 5150 874 5213 Πίὴἰειονὶεἰε
918 5154 1144 5212 Cra'cis.
1171 5171 1290 5222 cap.
1336 5158 1386 5212 l.
1432 5156 1599 5207 l’aulo
1632 5165 1758 5209 ante
1794 5155 1924 5209 illud
1957 5154 2021 5208 ἐκ

443 5246 588 5293 τινος
620 5230 851 5300 δυνατῆς
893 5225 1177 5287 ἐπιπνοίας
1207 5236 1371 5286 verte,
1429 5237 1488 5278 ut
1523 5225 1689 5289 infra,
1726 5241 1789 5279 ea:
1819 5226 2021 5293 potenti

442 5305 674 5372 quodam
706 5301 904 5372 nﬂlntu.

545 5371 635 5439 55)
677 5361 1033 5439 Βῆρώσσου.
1060 5364 1441 5439 ...θυγατέρα
1461 5361 1677 5439 οὖσαν.
1707 5365 1760 5419 ιιι
1790 5364 2021 5420 Persica:

446 5436 671 5511 Sibyllae
708 5436 889 5507 aptius
929 5439 1350 5511 convenit-eunt
1392 5436 1500 5511 lilia
1544 5438 1727 5491 Berusi
1771 5439 2015 5501 dicatur,

445 5505 704 5565 observat
734 5505 970 5566 Callteus
1008 5528 1057 5564 (ν,
1093 5509 1129 5561 2
1156 5510 1229 5561 De
1253 5505 1441 5576 Sibyll.

520 5582 634 5649 (56)
674 5584 968 5650 Σημείοις.
1012 5581 1077 5634 Il.
1120 5581 1203 5633 St.
1252 5580 1318 5631 ad
1363 5580 1566 5633 calcem
1614 5578 1874 5647 σημείων.
1926 5576 2018 5632 Sic

447 5653 611 5703 etiam
644 5655 694 5705 in
729 5665 877 5707 textu
910 5652 1066 5706 Coll).

520 5722 632 5790 (ΞΠ)
672 5722 1027 5788 Βιισιλικήν.
1049 5725 1189 5775 Ante
1223 5721 1360 5773 lianc
1392 5732 1578 5772 vocem
1614 5718 1677 5773 ll.
1708 5717 1787 5773 St.
1813 5720 1890 5790 ad
1906 5717 2016 5771 cal-

448 5806 567 5845 cem
596 5788 648 5847 et
676 5792 808 5863 Reg.
839 5793 872 5846 5
905 5803 956 5848 et
986 5792 1223 5846 Clarum.
1262 5790 1465 5844 habent
1492 5791 1555 5844 ad
1584 5804 1753 5860 marg.
1786 5788 1979 5844 οίκίαν.

2127 4593 2472 4667 μαθήκαμεν,
2510 4594 2616 4646 τῶν
2650 4594 2744 4647 καὶ
2778 4594 2900 4656 τοὺς
2933 4594 3129 4656 τύπους
3153 4596 3211 4645 ὲν
3237 4586 3325 4670 ὀἷς
3360 4592 3710 4663 ἐχρησμῴδει

2194 4729 2691 4800 (58)Ἐξεσμένηκ.
2716 4726 2977 4800 Similiter
2998 4727 3257 4797 Virgilius
3274 4726 3369 4800 liii.
3386 4742 3438 4779 vt
3459 4726 3707 4779 .Encid.:

2197 4798 2449 4853 Emeisum
2484 4800 2731 4852 Euboicw
2754 4798 2893 4851 latus
2921 4799 3101 4867 ingens
3134 4800 3282 4863 rupis
3310 4798 3364 4849 in
3392 4808 3638 4854 antrum.

2197 4870 2311 4941 (59)
2348 4870 2425 4941 Τὰ
2458 4868 2695 4941 πάτρια.
2728 4869 2889 4941 Deest
2914 4868 3179 4923 articulus
3209 4869 3261 4920 in
3293 4868 3452 4921 Colb.

2195 4938 2308 5011 (60)
2349 4940 2551 5011 Λίθον.
2762 4938 2914 5008 λίθῳ.

2195 5006 2425 5080 (61)Εὶς
2446 5008 2553 5062 τὸν
2565 5006 2903 5065 tramam.
2921 5008 3011 5063 Sic
3031 5018 3086 5063 el
3103 5007 3358 5077 Virgilius
3374 5006 3598 5061 ίΕηεὶά.
3620 5026 3679 5063 ιιι
3698 5028 3711 5062 :

2936 5080 3067 5145 Quw
3097 5095 3222 5145 rupe
3249 5079 3346 5131 sub
3379 5082 3489 5130 ima

2300 5152 2472 5207 Facta
2500 5151 2661 5206 cauit.

2191 5224 2305 5295 (62)
2347 5224 2456 5277 Τοῦ
2500 5222 2689 5274 οἴκου.
2734 5220 2890 5275 Colb.
2922 5219 2998 5291 τῷ
3024 5219 3188 5290 οἴκῳ,
3217 5228 3270 5274 et
3308 5218 3389 5273 sic
3414 5218 3477 5271 Β.
3514 5217 3602 5271 St.
3641 5221 3717 5271 ad

2121 5296 2348 5350 calcem.

2192 5366 2307 5434 (65)
2350 5366 2474 5431 Οὐχ
2505 5362 2746 5430 ἣκιστα.
2782 5362 2955 5434 Minus
2985 5368 3241 5434 accurate
3265 5358 3516 5434 Platonis
3540 5361 3715 5434 verba

2123 5428 2297 5491 relert'
2321 5428 2595 5498 Just-inus,
2624 5435 2758 5486 forte
2774 5433 2898 5501 quia
2926 5432 3242 5483 memoriter
3275 5430 3579 5501 referebat.
3612 5428 3716 5481 Le-

2120 5508 2266 5572 gitur
2292 5508 2459 5581 enim_
2484 5505 2623 5572 apud
2666 5500 2946 5581 Platonem
2979 5521 2990 5555 :
3021 5500 3530 5581 qusptpeobq‘xai
3571 5502 3715 5581 μάν-

2120 5594 2230 5639 τεις
2263 5577 2357 5629 καὶ
2384 5576 2509 5637 τοὺς
2543 5574 2855 5644 ποιητικοὺς
2890 5572 3133 5644 eumn;
3158 5588 3170 5599 ·
3210 5572 3463 5644 καὶτοὺς
3498 5572 3715 5622 πολιτι-

2121 5648 2249 5710 κοὺς
2279 5649 2376 5716 οὐχ
2408 5647 2605 5715 ἥκιστα
2631 5642 2852 5715 τούτων.
2886 5642 3153 5716 Nimirum
3176 5642 3447 5716 pol‘itieos,
3475 5644 3600 5694 sive
3618 5658 3716 5716 eos

2121 5720 2211 5784 qui
2240 5711 2624 5783 rempublicam
2652 5711 2870 5786 gerunt,
2904 5714 3184 5783 coniungit
3217 5711 3371 5768 l'lato
3405 5727 3533 5769 cum
3573 5711 3716 5763 vati-

2124 5788 2221 5843 bus
2253 5799 2305 5842 et
2330 5787 2525 5857 poetis.
