3764 6516
114 383 201 439 509

1213 378 1665 437 COHORTATIO
1702 379 1793 433 AD
1830 377 2170 435 GRAECOS“

3216 383 3318 437 510

112 504 226 572 ἡμῖν
260 500 645 566 ὑπδειξάντων
666 540 679 567 ,
713 501 807 554 καὶ
835 500 1005 571 φανεῖν
1046 517 1166 555 τινα
1200 504 1263 555 ὲκ
1296 500 1496 571 χαλκοῦ
1527 518 1618 554 κατ

1777 498 2033 555 ionnullis
2054 498 2304 553 versibus
2326 496 2498 563 desit;
2518 497 2854 567 quippe'eum
2881 498 3016 567 ipsa,
3036 506 3317 568 postquam

113 595 495 664 εσκευασμένον,
553 596 610 647 ὲν
752 595 820 648 τὰ
882 594 1115 664 λείψανα
1160 595 1333 664 αὐτῆς
1384 592 1649 657 σώζεσθαι

112 686 299 754 ἔλεγον.
328 687 597 754 Ἔφασκον
629 686 685 739 δὲ
722 686 858 756 μετά
886 686 1105 739 πάντων
1136 679 1211 739 ὧν
1243 684 1526 756 διηγοῦντο
1558 684 1652 736 καὶ

110 779 271 841 τοῦτο,
304 779 388 840 ὡς’
428 778 575 849 παρὰ
620 777 727 830 τῶν
781 777 1059 849 προγόνων
1109 777 1441 848 ἀκηκοότες,
1476 776 1558 829 ὅτι
1602 777 1651 827 oi

111 863 507 933 ἐκλαμϐάνοντες
530 864 656 927 τοὺς
684 865 962 936 χρησμοὺς
986 864 1286 936 τηνικαῦτα
1305 905 1322 928 ,
1349 864 1505 927 ἐκτὸς
1532 881 1651 918 παι-

110 954 310 1017 δεύσεως
338 954 486 1019 ὄντες
504 995 519 1019 ,
555 955 820 1026 πολλαχοῦ
847 956 945 1026 τῆς
975 956 1083 1010 τῶν
1119 957 1337 1028 μέτρων
1362 956 1645 1026 ἀκριᾶείας

109 1046 407 1117 διήμαρτον
462 1048 556 1100 καὶ
613 1048 815 1119 ταύτην
874 1048 1057 1116 ἔλεγον
1119 1047 1296 1101 αἰτίαν
1352 1043 1488 1100 εἶναι
1546 1047 1643 1117 τῆς

109 1138 241 1191 ἐνίων
270 1137 408 1191 ἐπῶν
438 1140 739 1212 ἀμετρίας,
776 1141 872 1211 τῆς
908 1140 1005 1211 μὲν
1038 1139 1361 1213 χρησμῳδοῦ
1398 1139 1534 1210 μετά
1583 1140 1642 1193 τὸ

107 1227 379 1281 πεπαῦσθαι
405 1228 516 1295 (64)
550 1231 649 1301 τῆς
695 1231 925 1302 κατοχῆς
959 1232 1053 1285 καὶ
1098 1231 1197 1301 τῆς
1229 1231 1515 1293 ἐπιπνοίας
1567 1230 1641 1302 μὴ

1751 591 1924 647 teneri
1950 599 2007 645 et
2038 588 2209 644 aﬂlari
2245 590 2507 653 desierat,
2538 588 2673 644 nihil
2698 604 2911 651 eorum,
2942 604 3063 658 qua
3088 590 3317 655 dixerat,

1750 685 2149 743 recordaretur;
2185 680 2392 736 librarii
2442 691 2621 735 autem
2656 680 2725 734 ob
2766 680 3098 748 imperitiam
3130 680 3198 734 ab
3225 695 3318 735 ac-

1749 787 1933 831 curata
1978 790 2327 830 numerorum
2374 774 2753 829 observatione
2791 773 3160 828 aberrassent.
3200 774 3317 838 Qua

1750 869 1818 923 de
1846 883 2009 922 causa
2040 866 2317 920 Platonem
2351 866 2416 919 ad
2448 864 2667 936 Sibylla
2695 864 2910 919 oracula
2939 864 3316 933 respicientem

1750 958 1893 1013 idem
1926 959 1991 1013 de
2022 958 2237 1012 vatibus
2266 957 2645 1026 pronuntiasse
2674 955 2865 1025 liquet.
2908 956 3000 1011 Sic
3026 956 3168 1009 enim
3198 956 3312 1008 ait:

1754 1066 1774 1100 ι
1806 1047 1940 1103 Cum
1973 1062 2230 1117 prospere
2278 1048 2665 1111 vaticinantur,
2699 1046 2866 1102 multa
2909 1055 2963 1102 et
3006 1061 3199 1117 magna
3229 1046 3312 1099 di-

1747 1153 1966 1202 centes,
2019 1156 2117 1195 nec
2152 1139 2447 1210 quidquam
2483 1154 2671 1195 eorum
2716 1155 2837 1208 qua
2877 1140 3066 1194 dicunt
3110 1138 3312 1191 intelli-

1749 1242 1957 1300 gentes.
1997 1248 2015 1282 ι

109 1319 422 1389 μεμνημένης
454 1320 564 1373 τῶν
597 1323 917 1393 εἰρημένων,
953 1320 1060 1374 τῶν
1095 1321 1152 1375 δὲ
1181 1321 1541 1392 ύπογραφέων
1583 1321 1649 1372 δι’
1692 1320 2043 1375 ἀπαιδευσίαν
2075 1321 2171 1390 τῆς
2217 1320 2324 1372 τῶν
2354 1320 2579 1391 ἶμέτρων
2624 1320 2908 1391 ἀκριϐείας
2961 1322 3317 1375 ἐκπεπτωκό-

105 1426 207 1461 των.
252 1410 342 1463 Διά
392 1410 549 1465 τοῦτο
594 1414 769 1467 τοίνυν
815 1413 903 1467 τὸν
960 1413 1254 1477 Πλάτωνα,
1319 1415 1399 1477 είς
1436 1412 1559 1477 τοῦς
1592 1414 1688 1484 τῆς
1740 1412 2000 1497 Σιϐύλλης
2034 1411 2323 1485 ἀφορῶντα
2355 1412 2633 1482 χρησμοὺς
2667 1411 2934 1484 περὶτῶν
2974 1413 3335 1485 χρησμῳδῶν-

102 1500 220 1553 τοῦτ’
248 1502 515 1572 εἰρηκέναι
547 1503 727 1573 δῆλον.
764 1505 903 1577 Ἔφη
934 1506 1043 1581 γὰρ
1072 1504 1272 1569 οὕτως·
1300 1524 1317 1556 ι
1352 1506 1519 1559 Ὅταν
1552 1505 1854 1577 κατορθῶσι
1888 1505 2137 1573 λέγοντες
2172 1503 2337 1556 πολλά
2364 1504 2457 1555 καὶ
2502 1502 2709 1571 μεγάλα
2759 1505 3058 1576 πράγματα
3084 1548 3097 1573 ,
3146 1505 3313 1578 μηδὲν

103 1592 266 1655 εἰδότες
292 1587 364 1647 ὧν
395 1596 630 1663 λέγουσι.
668 1618 686 1649 ι

157 1683 232 1738 58.
256 1686 390 1757 Πλὴν
414 1688 529 1741 ἀλλ’
552 1689 867 1762 ἐπειδήπερ,
888 1684 931 1745 ὦ
949 1692 1138 1763 ἄνδρες
1154 1692 1430 1762 Ἕλληνες,
1452 1692 1553 1745 οὐκ
1575 1693 1618 1744 ἐν

1813 1684 1902 1740 58.
1947 1683 2051 1739 Sed
2077 1684 2211 1753 quia
2232 1698 2331 1738 nec
2372 1685 2423 1738 in
2457 1684 2682 1752 poeticis
2709 1684 2973 1750 numeris,
3024 1702 3056 1739 ο
3106 1686 3304 1756 Graeci,

102 1779 362 1844 ποιητικοῖς
382 1779 600 1849 μέτροις
616 1782 682 1833 τά
697 1782 792 1851 τῆς
811 1781 1041 1853 ἀληθοῦς
1063 1782 1369 1847 θεοσεϐείας
1388 1784 1618 1857 πράγμαι

1777 1790 1866 1830 era
1897 1776 2088 1846 religio
2131 1775 2233 1829 sita
2271 1785 2373 1840 est,
2408 1788 2509 1829 nec
2536 1775 2591 1827 in
2632 1788 2720 1836 ea,
2752 1790 2873 1844 qua
2912 1777 3053 1845 apud
3106 1792 3202 1833 vos
3255 1781 3308 1835 in

101 1882 169 1928 τα,
187 1866 293 1919 οὐδὲ
315 1871 370 1921 ὲν
390 1872 453 1940 τῇ
488 1872 617 1942 παρ’
637 1872 765 1943 ὑμῖν
789 1874 965 1927 εύδοκι
974 1874 1146 1947 μούσῃ
1171 1876 1470 1939 παιδεύσει,
1506 1875 1638 1943 ἀφέσ-

102 1976 222 2027 μενοι
251 1960 424 2013 λοιπὸν
458 1963 557 2033 τῆς
591 1963 697 2016 τῶν
732 1965 941 2038 μέτρων
977 1968 1068 2019 καὶ
1100 1968 1273 2036 λόγων
1318 1968 1634 2041 ἀκριϐείας,

99 2054 187 2115 τοῖς
228 2053 311 2105 ὑπ’
343 2055 511 2125 αὐτῆς
539 2056 651 2126 (65)
702 2060 1009 2130 εἰρημένοις
1060 2062 1417 2131 ἀφιλονείκως
1466 2078 1634 2133 προσ-

100 2143 294 2211 έχοντες,
319 2146 488 2214 γνῶτε
523 2149 705 2201 πόσων
739 2151 863 2222 ὑμῖν
892 2152 1111 2221 ἀγαθῶν
1139 2153 1284 2207 αἰτία
1316 2153 1467 2206 ἔσται
1488 2194 1501 2217 ,
1537 2152 1635 2222 τὴν

98 2235 168 2287 τοῦ
210 2238 444 2311 Σωτῆρος
498 2240 659 2311 ἡμῶν
707 2241 878 2313 Ἰησοῦ
931 2246 1168 2317 Χριστοῦ
1213 2246 1397 2315 ἄφιξιν
1446 2246 1631 2315 σαφῶς

100 2330 169 2379 καὶ
205 2330 439 2401 φανερῶς
488 2332 936 2405 προαγορεύουσα
961 2352 975 2363 ·
1008 2334 1066 2398 ὃς
1092 2376 1106 2399 ,
1140 2335 1233 2389 τοῦ
1273 2335 1407 2389 Θεοῦ
1454 2336 1631 2409 ὑπάρ-

99 2437 182 2486 χων
209 2420 366 2487 Λόγος
398 2421 704 2493 ἀχώριστος
732 2423 840 2494 (66)
875 2425 1137 2496 δυνάμει,
1172 2426 1261 2479 τὸν
1296 2427 1413 2479 κατ’
1448 2429 1635 2481 εἰκόνα

97 2512 167 2562 καὶ
192 2513 429 2582 ὁμοίωσιν
479 2514 615 2568 Θεοῦ
656 2516 960 2571 πλασθέντα
1008 2518 1290 2571 ἀναλαϐὼν
1323 2519 1626 2592 ἄνθρωπον,

94 2606 168 2673 τῆς
211 2606 306 2658 τῶν
350 2608 594 2680 ἀρχαίων
626 2611 772 2680 ἡμᾶς
805 2612 1082 2683 προγόνων
1132 2612 1403 2684 ἀνέμνησε
1450 2613 1629 2667 θεοσε-

95 2696 239 2760 ϐείας,
271 2696 333 2768 ἣν
362 2700 410 2750 οἱ
445 2696 506 2763 ἐξ
540 2700 718 2753 αὐτῶν
754 2702 1035 2777 γενόμενοι
1086 2702 1359 2775 ἄνθρωποι
1410 2705 1629 2758 καταλι-

94 2788 276 2853 πόντες,
308 2790 625 2863 διδασκαλίᾳ
654 2793 921 2862 βασκάνου
948 2794 1199 2865 δαίμονος
1218 2838 1231 2859 ,
1268 2796 1360 2849 ἐπὶ
1393 2798 1489 2867 τὴν
1520 2798 1627 2852 τῶν

96 2879 150 2949 μὴ
177 2880 298 2934 θεῶν
329 2884 644 2956 ἐτράπησαν
676 2884 990 2957 θρησκείαν.
1028 2888 1087 2939 Εἰ
1109 2887 1163 2940 δέ
1198 2906 1279 2951 τις
1310 2889 1465 2953 ὄκνος
1499 2890 1626 2960 ύμῖν

92 2970 258 3038 ἐνοχλεῖ
300 2973 535 3037 πίστεως
583 2977 709 3046 περὶ
743 2977 839 3047 τῆς
876 2977 967 3030 τοῦ
1002 2977 1290 3049 ἀνθρώπου
1342 2980 1621 3045 πλάσεως,

93 3061 304 3135 πείσθητε
331 3066 574 3131 τούτοις,
609 3063 687 3131 οἷς
721 3068 799 3120 ἔτι
833 3070 1117 3140 προσέχειν
1157 3070 1333 3123 οἴεσθε
1366 3072 1496 3135 δεῖν,
1530 3079 1625 3126 καὶ

1739 1868 1915 1938 pretio
1936 1878 2043 1932 est,
2067 1866 2400 1929 eruditione;
2439 1866 2641 1921 omissa
2668 1866 2925 1935 deinceps
2952 1883 3309 1925 numerorum

1737 1967 1793 2013 et
1839 1957 2127 2013 verborum
2175 1954 2441 2024 exquisita
2477 1956 2723 2017 ratione,
2775 1955 2912 2015 citra
2939 1960 3339 2017 contentionis

1736 2048 1971 2102 studium
2004 2047 2131 2116 quid
2186 2060 2215 2099 a
2264 2044 2469 2116 Sibylla
2521 2046 2735 2100 dicatur
2767 2046 3219 2118 animadvertite,
3254 2063 3308 2108 et

1733 2150 1935 2211 quanta
1967 2140 2123 2194 vobis
2151 2138 2378 2193 allatura
2411 2140 2484 2193 sit
2523 2140 2663 2195 bona
2684 2137 3043 2209 ,.perspicite,
3076 2142 3224 2199 clare
3253 2158 3309 2200 et

1734 2240 1919 2301 aperte
1943 2230 2249 2287 Salvatoris
2270 2232 2441 2287 nostri
2468 2230 2594 2287 Jesu
2620 2232 2829 2289 Christi
2854 2239 3143 2293 adventum
3172 2253 3304 2308 pra-

1733 2326 2020 2391 nuutians;
2068 2327 2157 2395 qui
2201 2342 2324 2381 cum
2373 2328 2444 2381 sit
2485 2327 2576 2382 Dei
2610 2327 2870 2395 Verbum,
2901 2332 3106 2384 virtute
3130 2340 3183 2385 et
3212 2346 3303 2400 po-

1731 2419 1899 2472 tentia
1929 2419 1997 2472 ab
2024 2434 2090 2473 eo
2118 2419 2505 2487 inseparabile,
2538 2421 2813 2476 hominem
2839 2424 2905 2476 ad
2933 2423 3221 2492 imaginem
3253 2432 3302 2477 et

1729 2510 2142 2564 similitudinem
2176 2511 2267 2565 Dei
2298 2521 2539 2566 creatum
2566 2527 2874 2577 assumens,
2904 2515 3182 2569 revocavit
3211 2528 3302 2568 no-

1728 2600 1810 2655 bis
1843 2601 1895 2655 iu
1926 2603 2245 2657 memoriam
2280 2603 2583 2672 priscorum
2629 2614 2912 2671 parentmu
2959 2606 3301 2675 religionem,

1727 2708 1832 2763 qua
1862 2694 2050 2749 relicta
2084 2710 2271 2749 eorum
2317 2697 2519 2764 posteri
2540 2735 2556 2759 ,
2594 2696 2759 2750 invidi
2792 2698 3053 2752 damonis
3085 2698 3333 2752 monitis-

1728 2795 1783 2840 et
1815 2786 2065 2841 doctrina
2101 2791 2168 2840 ad
2194 2789 2345 2854 deos,
2378 2790 2469 2857 qui
2510 2788 2644 2842 nulli
2673 2802 2819 2854 sunt,
2852 2789 3108 2845 colendos
3134 2790 3302 2845 deﬂe-

1727 2887 1943 2933 xerunt.
1971 2878 2077 2949 35
2106 2880 2161 2933 Si
2188 2895 2291 2949 qua
2318 2890 2498 2934 autem
2525 2880 2678 2935 vobis
2710 2882 2979 2949 obstrepit
3009 2882 3302 2950 dubitatio,

1727 2973 2021 3040 quominus
2052 2970 2211 3026 ﬁdem
2254 2972 2490 3025 hominis
2534 2973 2799 3027 creatioui
2847 2972 3182 3035 adhibeatis,
3234 2975 3299 3029 iis

1726 3064 1959 3125 credite,
1994 3078 2127 3132 quos
2171 3063 2361 3117 adlmc-
2386 3064 2687 3119 audiendos
2736 3066 2970 3133 putatis,
3010 3075 3065 3120 et
3105 3066 3300 3121 scitote

92 3154 223 3216 γνῶτε
248 3156 320 3207 ὅτι
348 3156 403 3209 τὸ
428 3174 503 3209 πα
511 3159 560 3229 ρ’
583 3160 708 3229 ύμῖν
731 3161 1077 3230 χρηστήριον,
1098 3160 1325 3224 ἀξιωθὲν
1347 3163 1451 3215 ὑπό
1480 3181 1618 3226 τινος

1777 3156 2003 3208 'aculum
2040 3167 2299 3219 vestrum,
2332 3173 2452 3211 cum
2499 3174 2527 3212 a
2575 3160 2807 3228 quodam
2856 3169 3101 3229 rogatum
3130 3168 3296 3223 esset,

92 3245 220 3313 ὕμνον
248 3248 333 3301 τοῦ
378 3252 816 3322 παντοκράτορος
856 3252 1100 3305 ἐκδοῦναι
1146 3252 1279 3306 Θεοῦ
1301 3293 1316 3317 ,
1349 3254 1525 3319 οὕτως
1563 3258 1619 3309 ἐν

92 3335 208 3405 μέσῳ
236 3338 319 3390 τοῦ
354 3339 525 3411 ὕμνου
561 3342 664 3411 ἔφη
688 3360 699 3370 '

94 3426 173 3491 ’ος
197 3427 414 3496 πρῶτον
447 3431 695 3497 πλάσας
733 3432 846 3502 (67)
872 3436 1168 3503 μερόπων,
1209 3434 1383 3575 ﬁdi?
1414 3435 1481 3487 δὲ
1517 3453 1617 3488 κα-

1273 3546 1291 3558 .
1347 3522 1527 3571 σσας.

1273 3522 1527 3571 νιεσσας.

87 3586 170 3637 Καὶ
188 3590 351 3645 τοῦτον
372 3592 641 3657 σώζεσθαι
664 3595 751 3649 τὸν
777 3596 804 3648 ῦ
813 3614 941 3667 μνον
962 3598 1108 3669 παρά
1132 3598 1343 3660 πολλοῖς
1362 3592 1437 3651 ῶν
1461 3599 1616 3667 ἴσμεν

90 3679 359 3745 συμϐαίνει,
406 3686 486 3747 είς
538 3684 753 3756 ἔλεγχον
796 3688 903 3745 τῶν
944 3688 1018 3759 μὴ
1071 3688 1351 3742 πείθεσθαι
1395 3693 1459 3761 τῇ
1510 3692 1614 3745 ὑπὸ

87 3777 264 3829 πάντων
302 3784 715 3855 μαρτυρουμένη
750 3784 977 3858 ἀληθείᾳ
1021 3786 1373 3857 βουλομένων.
1412 3788 1475 3840 El.
1505 3790 1613 3842 τοί-

86 3883 172 3928 νυν,
196 3863 235 3921 ὦ
259 3872 441 3943 ἄνδρες
476 3874 769 3947 Ἕλληνες,
804 3876 876 3947 μὴ
911 3879 1305 3950 προτιμοτέραν
1325 3878 1435 3950 (68)
1469 3882 1613 3951 ἡγεῖ-

85 3958 156 4010 σθε
188 3963 272 4033 τῆς
312 3966 460 4035 ὑμῶν
516 3968 693 4021 αὐτῶν
741 3970 1013 4042 σωτηρίας
1063 3971 1161 4042 τὴν
1209 3973 1337 4044 περὶ
1380 3973 1488 4025 τῶν
1537 3973 1610 4045 μὴ

84 4051 215 4105 ὅντων
235 4056 360 4109 θεῶν
386 4060 557 4131 ψευδῆ
588 4064 908 4131 φαντασίαν,
940 4063 1218 4136 πείσθητε,
1242 4064 1429 4137 ῶσπερ
1452 4066 1606 4136 ἔφην,

160 4147 463 4225 ἀρχαιοτάτῃ
507 4154 600 4207 καὶ
643 4154 844 4226 σφόδρα
881 4156 1086 4227 παλαιᾷ
1116 4157 1377 4231 Σιϐύλλῃ,
1413 4155 1481 4231 ἧς
1504 4158 1608 4222 τὰς

86 4232 255 4301 βίβλους
287 4241 339 4293 ἐν
368 4244 518 4313 πάσῃ
560 4246 624 4314 τῇ
659 4245 951 4317 οἰκουμένῃ
1000 4246 1267 4311 σώζεσθαι
1296 4248 1603 4319 συμϐαίνει,

84 4325 181 4394 περὶ
221 4330 307 4397 μὲν
358 4331 463 4383 τῶν
506 4332 813 4404 λεγομένων
854 4336 1012 4399 θεῶν,
1057 4336 1131 4400 ῶς
1178 4338 1250 4408 μὴ
1279 4337 1468 4401 ὄντων,
1499 4339 1608 4392 ἀπό

84 4431 189 4479 τινος
231 4420 446 4493 δυνατῆς
497 4426 779 4491 ἐπιπνοίας
831 4428 919 4481 διά
964 4429 1227 4501 χρησμῶν
1270 4431 1416 4501 ἡμᾶς
1456 4432 1604 4485 διδα-

1726 3256 1784 3312 ut
1810 3247 2071 3316 hymnum
2106 3248 2157 3300 in
2191 3248 2357 3303 Deum
2394 3249 2824 3318 omnipotentem
2858 3252 3042 3305 ederet
3068 3291 3082 3314 ,
3116 3252 3193 3305 sic
3242 3252 3304 3306 in

1725 3341 1900 3395 medio
1933 3342 2133 3412 hymno
2160 3344 2362 3397 dixisse
2393 3362 2405 3397 :

1801 3432 1904 3498 Qui
1930 3436 2155 3503 primum
2181 3436 2453 3491 mortalem
2484 3437 2699 3505 efﬂuxit,
2735 3439 3004 3509 Adamque
3026 3442 3247 3496 uocauit.

1719 3596 1894 3662 Atque
1927 3607 2070 3647 nunc
2108 3594 2366 3665 hymnum
2418 3610 2446 3648 a
2496 3595 2682 3652 multis
2713 3612 2852 3666 quos
2896 3598 3147 3652 novimus
3170 3614 3290 3653 ser-

1718 3686 1833 3739 vari
1869 3686 2159 3754 contingit,
2196 3685 2263 3739 ad
2291 3700 2386 3741 eos
2412 3688 2747 3757 arguendos,
2792 3689 2883 3758 qui
2928 3689 3140 3744 veritati
3174 3706 3289 3743 om-

1717 3777 1865 3830 nium
1918 3775 2225 3831 testimonio
2269 3778 2605 3832 conﬁrmata
2643 3780 2899 3835 assentiri
2944 3781 3154 3836 nolunt.
3182 3780 3287 3837 Ve-

1714 3878 1883 3923 stram
1915 3869 2085 3939 igitur
2120 3869 2375 3935 salutem,
2407 3885 2439 3924 ο
2468 3869 2665 3937 Graci,
2705 3872 2750 3925 si
2781 3872 2919 3928 l'also
2951 3875 3016 3928 de
3041 3874 3164 3939 diis,
3194 3876 3287 3945 qui

1713 3959 1849 4014 nulli
1876 3969 2026 4025 sunt,
2067 3970 2379 4017 commento
2412 3962 2683 4031 potiorem
2708 3965 2926 4030 ducitis,
2966 3966 3194 4031 credite,
3230 3977 3289 4021 ut

1706 4051 1818 4120 jam
1871 4053 2006 4118 dixi,
2051 4052 2269 4124 Sibylla:
2318 4055 2717 4123 antiquissima
2754 4065 2810 4110 et
2860 4059 3286 4124 vetustissima,

1712 4144 1867 4211 cujus
1894 4144 2016 4198 libri
2047 4160 2142 4214 per
2178 4153 2346 4199 totum
2386 4147 2576 4201 orbem
2621 4158 2933 4211 servantur,
2963 4164 3190 4219 quaque
3216 4163 3284 4203 ex

1711 4238 1913 4304 potenti
1946 4240 2185 4307 quodam
2238 4236 2422 4291 alﬂatu
2477 4241 2609 4292 deos
2657 4240 2747 4308 qui
2797 4240 3075 4307 dicuntur,
3109 4242 3283 4297 nullos

1710 4343 1831 4384 esse
1864 4344 1961 4398 per
1988 4331 2205 4383 oracula
2232 4345 2331 4384 nos
2363 4330 2543 4395 docet,
2578 4347 2643 4385 ac
2675 4332 2741 4387 de
2771 4331 2955 4388 futuro
2982 4334 3283 4403 Salvatoris

1710 4419 1884 4475 nostri
1942 4418 2069 4474 Jesu
2112 4419 2319 4475 Christi
2375 4421 2655 4487 adventu,
2707 4438 2772 4477 ac
2822 4422 2983 4478 rebus
3028 4423 3281 4479 omnibus

86 4507 245 4581 σκούσῃ
266 4527 278 4539 ο
313 4514 436 4585 περὶ
459 4515 516 4567 δὲ
540 4516 639 4585 τῆς
667 4517 760 4569 τοῦ
792 4518 1043 4589 Σωτῆρος
1071 4520 1225 4590 ἡμῶν
1260 4519 1434 4591 Ἰησοῦ
1465 4522 1600 4591 Χρι-

1784 4528 1842 4566 as
1872 4525 2124 4581 gesturus
2146 4526 2283 4582 erat,
2309 4518 2456 4571 clare
2489 4526 2543 4571 et
2568 4526 2754 4587 aperte
2785 4517 3136 4585 praenuntiat.
3160 4516 3279 4571 Erit

84 4598 178 4650 στοῦ
217 4603 496 4677 μελλούσης
539 4608 765 4662 ἔσεσθαι
801 4611 1135 4683 παρουσίας,
1176 4614 1425 4685 καὶπερὶ
1464 4615 1599 4668 πάν-

82 4703 161 4738 των
182 4691 273 4743 τῶν
308 4696 392 4747 ὑπ’
421 4697 586 4750 αὐτοῦ
631 4700 873 4767 γίνεσθαι
915 4702 1236 4772 μελλόντων,
1284 4704 1470 4774 σαφῶς
1507 4706 1601 4759 καὶ

82 4783 279 4854 φανερῶς
302 4785 402 4857 (69)
430 4791 914 4863 προαναφωνούσῃ.
940 4794 1133 4847 Ἔσται
1158 4795 1263 4866 γὰρ
1288 4796 1416 4865 ύμῖν
1438 4798 1601 4863 ἁναγτ

132 4955 225 5028 (63)
257 4964 405 5040 ligarat
435 4968 883 5040 τιὸ-πεπαῦσθαι.
920 4969 1051 5040 Reg.
1078 4972 1123 5025 '5-
1145 4980 1197 5023 et
1227 4970 1467 5027 Clarom.
1507 4975 1596 5031 διὰ

80 5024 580 5111 τὺΙῖς-ξξτιξῖξσθαιηδῳ
602 5039 861 5111 etiamad
891 5024 1099 5095 calc‘em
1131 5041 1194 5095 Β.
1229 5024 1313 5096 St.

82 5100 386 5217 u‘(?';‘3)lp"ll‘:z'
411 5107 620 5177 αὐτῆς.
650 5107 716 5161 Β.
748 5107 830 5165 St.
865 5111 955 5163 ὑπ’
977 5114 1181 5176 αὐτοῖς.
1205 5111 1433 5169 Codices
1461 5132 1592 5171 mss.

152 5182 191 5219 ιη
224 5182 378 5228 ΙΕΧΙΙΙ,

256 5241 607 5324 ’.ἔχῴρισντορ
644 5247 797 5324 Colb.
820 5250 1139 5324 ἀχώρητος.

256 5310 510 5391 ρλάἱγας.
653 5318 831 5391 δίκαι]
865 5310 1068 5377 calcem
1100 5310 1437 5389 ἀναπλάσας.

258 5379 702 5465 ζζρρτιμὸζέρᾳν.
733 5390 890 5445 Colb.
925 5392 1356 5465 προθυμοτέραν.

132 5450 223 5535 (6.9)
254 5450 521 5535 Khler—api
555 5450 884 5516 ἕτάντων....
918 5450 1127 5531 σὶιςρῶξ-
1162 5450 1258 5519 καὶ
1298 5466 1587 5535 φανερῶς.

79 5511 137 5603 Et
152 5602 155 5603 ν
173 5511 447 5603 llis-verbis
461 5511 650 5603 ’ἀρχιδ
666 5511 943 5603 statu—ere.
964 5511 1257 5603 possumus
1275 5511 1379 5598 ,rsvi

244 5592 485 5676 ιίΡτοςιιιη
529 5600 915 5676 Sibyllinorum
949 5591 1379 5672 complexionem
1407 5647 1423 5671 ,
1452 5591 1579 5676 qua;

82 5651 332 5745 lt‘lu‘thodie
370 5651 694 5745 habemus,”
718 5671 910 5725 saltent
956 5687 1048 5730 cas
1076 5651 1585 5745 'pariég"éj'u;.;‘,oﬁi

82 5720 314 5813 libroruin,
339 5753 453 5806 qna
1321 5720 1586 5803 Eiiiéiiiiis

82 5803 120 5845 et
140 5803 557 5865 unmiumirerum
590 5813 657 5867 ab
682 5827 748 5868 eo
780 5803 1141 5881 gerendarum
1180 5817 1583 5883 pradictioucm

1704 4606 1847 4659 enim
1872 4606 2024 4660 vobis
2054 4607 2248 4662 harum
2283 4625 2463 4663 rerum
2494 4608 2758 4677 cognitio,
2787 4610 3097 4663 necessaria
3129 4624 3279 4678 qua-

1702 4698 1823 4752 dum
1854 4699 1919 4752 ad
1934 4709 2247 4754 sanctorum
2268 4700 2547 4754 hominum
2570 4700 2824 4754 vaticinia
2851 4701 3271 4769 praemeditatio.

1702 4793 1853 4860 Quod
1886 4796 1929 4847 si
1968 4795 2101 4863 quis.
2123 4794 2190 4848 ab
2240 4794 2635 4863 antiquissimis
2679 4795 2820 4865 apud
2860 4810 2956 4851 eos
2990 4793 3275 4864 appellatis

1699 4974 2011 5036 continent,
2043 4974 2152 5043 jam
2197 4983 2343 5039 tum,
2390 4976 2666 5030 scribente
2698 4974 2946 5039 Justino,
3000 4976 3053 5031 in
3103 4992 3269 5031 unum

1698 5045 1860 5116 velu_ti
1889 5059 2087 5116 corpus
2119 5046 2370 5099 redactas
2398 5044 2589 5099 fuisse.
2624 5045 2767 5100 Nihil
2796 5063 2928 5100 sane
2958 5048 3272 5116 suspicatus

1696 5124 1780 5188 est
1806 5112 2076 5188 Justinus,
2119 5116 2364 5188 quamvis
2413 5132 2604 5188 omnes
2648 5117 2842 5171 horum
2876 5112 3141 5172 librorum
3175 5134 3271 5188 pa-

1697 5186 1836 5253 gina
1868 5184 2111 5257 fraudem
2140 5184 2457 5257 ’clamiteut.
2506 5184 2612 5241 Sed
2660 5197 2842 5240 tamen
2875 5203 2978 5241 non
3010 5184 3270 5257 gravissi-

1698 5271 1842 5308 mum
1866 5255 2013 5325 _mihi
2047 5256 2261 5308 videtur
2298 5254 2428 5309 illud
2474 5267 2741 5311 erratum.
2788 5254 3089 5325 Antequam
3121 5258 3266 5310 enim

1697 5326 1821 5378 libri
1860 5323 2113 5395 Sibyllini
2150 5325 2307 5379 otiosi
2353 5326 2588 5381 hominis
2635 5344 2799 5381 manu
2842 5323 3264 5395 fabricarentur,

1696 5394 2004 5468 invaluerat
2032 5397 2170 5465 apud
2194 5394 2535 5468 Christianos
2555 5398 2801 5467 quadam
2829 5404 2896 5451 de
2927 5394 3138 5468 Sibylla
3155 5398 3267 5468 Opi-

1695 5467 1809 5532 nio,
1842 5480 1964 5535 qua
1995 5474 2047 5519 et
2088 5466 2353 5520 artiﬁcem
2395 5468 2463 5519 ad
2507 5466 2644 5536 opus
2678 5466 3083 5536 suscipiendum
3130 5466 3263 5519 inci-

1698 5546 1842 5606 tasse
1870 5545 1925 5589 et
1959 5538 2107 5606 operi
2137 5537 2296 5590 tidem
2329 5546 2383 5589 et
2413 5539 2793 5592 auctoritatem
2826 5538 3040 5591 videtur
3073 5537 3261 5591 conci-

1693 5605 1878 5661 liasse.
1906 5605 2231 5660 Jauuludum
2255 5608 2396 5660 enim
2429 5610 2716 5664 constabat
2747 5607 2943 5661 Christi
2968 5606 3259 5661 adventum

1692 5691 1720 5729 a
1758 5676 1960 5747 Sibylla
1988 5678 2303 5745 pratlictum
2330 5675 2517 5739 fuisse,
2544 5680 2657 5731 sive
2688 5677 2739 5731 id
2776 5677 2872 5742 illi,
2904 5686 2961 5729 ut
2985 5676 3259 5743 Balaatno,

1692 5760 2008 5801 concessum
2052 5748 2249 5806 luerit,
2278 5748 2392 5800 sive
2428 5757 2537 5802 tota
2579 5762 2688 5811 res,
2730 5755 2787 5799 ut
2824 5747 3003 5801 multa
3033 5748 3171 5813 alia,
3193 5765 3259 5803 ex

1691 5816 2044 5872 Hebr-acrum
2088 5817 2384 5873 traditione
2422 5817 2657 5873 ﬂuxerit.
2694 5818 2809 5872 Cur
2844 5819 2987 5873 enim
3030 5818 3258 5875 llernus
