3764 6482
78 405 191 460 537

1214 403 1558 461 APOLOGIA
1600 405 1615 457 I
1658 404 1794 461 ΡΙὶο
1831 403 2287 460 CllltlSTlANlS.

3273 403 3374 458 33-3

81 522 185 576 καὶ
214 521 636 594 προσκυνοῦμεν
658 562 672 586 ,
700 520 843 591 λογῳ
886 520 979 574 καὶ
1012 520 1241 593 ἀληθείᾳ
1273 521 1563 593 τιμῶντες,
1599 540 1659 575 κα

1844 522 2175 593 rophcticnm
2206 520 2435 575 colimus
2467 527 2521 572 et
2553 517 2869 583 adoramus,
2903 518 3113 575 ratione
3141 528 3196 575 et
3227 524 3373 575 veri-

80 614 263 669 »παντὶ
299 614 609 685 βουλομένῳ
654 612 867 684 μαθεῖν,
892 611 970 676 ὡς
1004 612 1387 684 ἐδιδάχθημεν,
1434 614 1684 683 ἀφθόνως

81 706 503 778 παραδιδόντες.

160 797 219 850 7.
274 795 434 851 Ἀλλὰ
460 798 623 868 φήσει
666 814 770 862 τις,
806 798 906 869 ἤδη
929 800 1072 862 τινὲς
1101 798 1397 870 ληφθέντες
1422 800 1690 873 ἠλέγχθη-

85 910 194 946 σαν
219 894 542 966 κακοῦργοι.
572 894 678 948 Καὶ
706 893 815 966 γὰρ
848 894 1076 958 πολλοὺς
1106 896 1365 959 πολλάκις
1396 895 1506 965 (52)
1524 938 1538 959 ,
1560 898 1689 950 ὅταν

83 989 360 1041 ἑκάστοτε
399 988 508 1041 τῶν
546 989 1037 1060 κατηγορουμένων
1073 990 1166 1044 τὸν
1196 989 1311 1060 βίον
1353 991 1644 1062 ἐξετάζητε
1670 1032 1684 1057 ,

83 1081 208 1135 ἀλλ’
254 1082 318 1134 ού
361 1080 451 1134 διὰ
484 1082 611 1145 τοὺς
666 1080 1063 1153 προλεχθέντας
1110 1082 1224 1153 (55)
1271 1082 1683 1147 καταδικάζετε.

86 1173 348 1237 Καθόλου
379 1174 478 1243 μὲν
497 1169 591 1226 οὖν
618 1174 838 1227 κάκεῖνο
868 1173 1260 1246 ὁμολογοῦμεν,
1289 1176 1371 1228 ὄτι
1399 1175 1458 1228 ὃν
1486 1174 1688 1247 τρόπον

86 1268 139 1318 οἱ
183 1268 248 1318 ἐν
276 1264 503 1336 Ἕλλησι
544 1264 614 1317 τὰ
647 1258 830 1329 αύτοῖς
875 1264 1085 1336 ἀρεστὰ
1120 1265 1578 1339 δογματίσαντες,
1624 1269 1688 1320 ἐκ

89 1357 304 1422 παντὸς
328 1358 407 1429 τῷ
434 1359 515 1411 ἐνὶ
553 1358 778 1429 ὀνόματι
803 1358 1123 1428 φιλοσοφίας
1148 1359 1683 1432 προσαγορεύονται,

89 1450 301 1520 καίπερ
348 1450 459 1502 τῶν
499 1450 787 1519 δογμάτων
828 1450 1088 1504 ἐναντίων
1132 1450 1301 1505 ὄντων
1325 1470 1341 1483 ο
1384 1452 1555 1517 οὕτως
1594 1453 1687 1507 καὶ

89 1541 201 1594 τῶν
224 1546 286 1596 ἐν
309 1542 609 1616 βαρϐάροις
632 1543 940 1613 γενομένων
961 1544 1053 1597 καὶ
1076 1543 1343 1611 δοξάντων
1358 1544 1469 1615 (54)
1485 1545 1685 1615 σοφῶν,

86 1634 151 1687 τὸ
178 1636 759 1707 ἐπικατηγορούμενον
784 1636 957 1707 ὄνομα
988 1637 1167 1690 κοινόν
1204 1640 1339 1691 ἐστι.
1376 1640 1688 1710 Χριστιανοὶ

88 1726 201 1798 γάρ
222 1728 431 1791 πάντες
460 1727 981 1799 προσαγορεύονται.
1016 1727 1179 1781 Ὅθεν
1206 1730 1422 1783 πάντων
1451 1731 1560 1783 τῶν
1590 1748 1688 1784 κα-

88 1819 542 1891 ταγγελλομένων
565 1822 713 1892 ὑμῖν,
732 1821 831 1885 τὰς
854 1822 1083 1895 πράξεις
1102 1824 1382 1895 κρίνεσθαι
1404 1823 1683 1896 ἀξιοῦμεν,

1793 624 1902 669 tate
1919 623 2267 679 venerantes,
2290 620 2347 666 et
2366 619 2426 666 ut
2450 611 2687 681 quisque
2715 612 2927 666 discere
2952 611 3214 677 voluerit,
3230 613 3369 667 citra

1791 706 2077 772 invidiam,
2108 715 2167 760 ut
2196 706 2373 761 edocti
2405 720 2617 773 sumas,
2646 703 3050 774 impertientes.

1861 804 1915 857 7.
1958 801 2066 858 Sed
2108 802 2253 856 dicet
2298 797 2679 870 aliquiszlam
2711 799 2997 866 nonnulli,
3041 815 3165 856 cum
3218 816 3371 853 com-

1789 895 2040 964 prehensi
2070 894 2332 960 fuissent,
2366 891 2604 949 convieti
2632 902 2763 947 sunt
2796 892 3091 948 malefacti.
3120 893 3200 948 Ac
3232 892 3373 947 ntul-

1791 996 1876 1042 tos
1931 986 2155 1057 quidem
2220 999 2500 1056 persaepe,
2545 999 2670 1041 cum
2738 983 2793 1039 in
2845 984 3013 1039 vitam
3092 983 3373 1054 inquiritis

1793 1093 2030 1145 reorum,
2064 1076 2479 1143 condemnatis;
2517 1091 2625 1131 non
2657 1086 2843 1131 tamen
2878 1084 3106 1147 propter
3131 1091 3248 1142 eos,
3273 1077 3372 1147 qui

1790 1169 1941 1239 prius
1964 1168 2115 1225 fuere
2141 1168 2396 1236 convicti,
2429 1169 2827 1224 condemnatis.
2859 1168 2994 1225 lllud
3029 1184 3163 1239 ergo
3203 1183 3373 1239 gene-

1793 1261 1951 1315 ratim
1981 1260 2326 1327 confitemur,
2357 1261 2823 1331 quemadmodum
2862 1262 2953 1333 qui
2982 1263 3123 1331 apud
3152 1260 3372 1317 Graecos

1791 1355 2102 1410 arridentes
2154 1355 2259 1409 sibi
2305 1354 2589 1425 opiniones
2647 1354 2926 1421 docuere,
2984 1370 3092 1411 uno
3150 1356 3375 1411 omnino

1792 1447 2150 1520 philosophiae
2177 1447 2398 1502 nomine
2442 1448 2819 1519 appellantur,
2853 1449 3110 1520 quamvis
3151 1457 3373 1505 contra-

1792 1542 1886 1596 ria:
1911 1541 2022 1596 sint
2060 1556 2250 1596 eorum
2281 1542 2567 1597 sententia:
2594 1560 2609 1607 ;
2635 1543 2732 1599 .ita
2761 1543 2917 1604 etiis
2944 1542 3037 1613 qui
3069 1540 3211 1611 apud
3247 1541 3375 1595 bar-

1790 1634 1957 1690 baros
1980 1634 2237 1691 exstitere
2265 1644 2358 1689 aut
2380 1634 2681 1690 existimati
2710 1645 2841 1691 sunt
2887 1635 3192 1705 sapientes,
3222 1650 3376 1691 com-

1792 1741 1958 1783 mune
2014 1727 2344 1799 impnsitum;
2398 1745 2522 1787 esse
2574 1744 2795 1785 nomen.
2858 1728 3159 1785 Christiani
3230 1726 3377 1783 enim

1792 1820 2135 1891 appellantur
2161 1838 2378 1880 omnes.
2418 1825 2695 1894 Rogamus
2745 1825 2930 1893 itaque
2974 1832 3037 1877 ut
3084 1821 3373 1885 omnium,

90 1914 178 1965 ἵνα
223 1916 253 1966 ὁ
298 1914 578 1984 ἐλεγχθεὶς
606 1913 682 1978 ὡς
713 1914 896 1979 ἄδικος
938 1916 1277 1987 κολάζηται,
1313 1917 1450 1971 ἀλλὰ
1499 1917 1574 1989 μὴ
1613 1918 1659 1970 ὠ

1844 1914 1881 1967 ti
1910 1916 2049 1985 apud
2079 1931 2172 1971 vos
2199 1928 2555 1985 accusantur,
2607 1917 2983 1990 dijudicentur
3017 1915 3287 1979 actiones,
3318 1924 3378 1968 ut

89 2006 133 2057 Χ
141 2007 445 2077 ριστιανός.
492 2007 618 2060 Ἐὰν
639 2006 695 2059 δέ
724 2026 808 2071 τις
829 2007 1155 2077 ἀνέλεγκτος
1175 2010 1432 2081 φανῆται,
1454 2009 1687 2081 ἀπολύη-

89 2114 199 2159 ται,
235 2097 315 2158 ὡς
339 2099 670 2170 Χριστιανὸς
703 2099 855 2153 οὐδὲν
886 2099 1110 2155 ἀδικῶν.
1137 2101 1211 2153 Ού
1233 2100 1343 2172 γάρ
1374 2101 1501 2166 τοὺς
1521 2119 1689 2173 κατη-

88 2190 401 2260 γοροῦντας
466 2192 713 2255 κολάζειν
776 2192 921 2263 ὑμᾶς
980 2192 1321 2265 ἀξιώσομεν·
1388 2193 1687 2266 ἀρκοῦνται

88 2285 197 2356 γὰρ
258 2287 327 2356 τῇ
398 2284 676 2359 προσούσῃ
734 2284 1002 2357 πονηρίᾳ,
1072 2287 1167 2339 καὶ
1223 2289 1289 2359 τῇ
1350 2287 1457 2341 τῶν
1509 2288 1689 2342 καλῶν

88 2378 305 2450 ἀγνοίᾳ.

153 2668 209 2722 8.
256 2666 572 2735 Λογίσασθε
599 2666 643 2719 δ’
669 2667 753 2719 ὅτι
784 2667 926 2739 ὑπὲρ
973 2668 1127 2739 ὑμῶν
1156 2666 1331 2722 ταῦτα
1356 2666 1587 2739 ἔφημεν,
1624 2670 1690 2722 ἐκ

84 2760 177 2813 τοῦ
207 2759 298 2829 ἐφ’
335 2761 470 2830 ἡμῖν
492 2755 628 2813 εἶναι
656 2760 936 2831 ἀρνεῖσθαι
969 2759 1409 2832 ἐξεταζομένους.
1446 2761 1583 2814 Ἀλλ’
1624 2762 1684 2814 ού

86 2850 403 2922 βουλόμεθα
443 2851 542 2923 ζῇν
569 2852 1038 2923 ψευδολογοῦντες.
1067 2852 1173 2907 Τοῦ
1198 2853 1307 2923 γάρ
1345 2854 1565 2908 αίωνίου
1592 2855 1687 2908 καὶ

87 2944 343 3016 καθαροῦ
380 2944 496 3015 βίου
528 2946 940 3019 ἐπιθυμοῦντες,
971 2947 1070 3019 τῆς
1098 2947 1234 3017 μετὰ
1262 2947 1397 3001 Θεοῦ
1420 2948 1514 3001 τοῦ
1547 2949 1685 3002 πάν-

86 3057 194 3091 των
219 3040 915 3124 Πατὲξςίκαὶᾷηὲᾇνίρχοῦ
937 3042 1211 3113 διαγωγῆς
1237 3042 1683 3113 ἀντιποιούμεθα,

88 3133 183 3186 καὶ
210 3132 531 3203 σπεύδομεν
562 3134 656 3187 ἐπὶ
680 3134 739 3186 τὸ
776 3134 1090 3205 ὁμολογεῖν,
1122 3136 1171 3187 oi
1201 3135 1557 3206 πεπεισμένοι
1592 3136 1685 3189 καὶ

87 3226 450 3290 πιστεύοντες
484 3229 669 3297 τυχεῖν
716 3226 921 3281 τούτων
966 3226 1227 3281 δύνασθαι
1265 3230 1389 3292 τοὺς
1430 3229 1522 3282 τὸν
1552 3228 1685 3283 Θεὸν

84 3319 151 3371 δι’
177 3320 367 3392 ἔργων
387 3321 680 3385 πείσαντας
698 3360 713 3385 ,
740 3321 822 3373 ὅτι
855 3320 1004 3392 αὐτῷ
1034 3322 1267 3387 εἵποντο,
1300 3322 1392 3375 καὶ
1416 3322 1516 3393 τῆς
1555 3323 1685 3394 παρ’

90 3412 242 3482 αύτῷ
274 3413 560 3483 διαγωγῆς
588 3413 758 3483 ἥρων,
782 3412 909 3465 ἔνθα
944 3414 1108 3466 κακία
1137 3414 1237 3467 οὐκ
1262 3415 1563 3469 ἀντιτυπεῖ.
1602 3416 1687 3479 Ὡς

92 3506 193 3575 μὲν
224 3501 323 3559 οὖν
366 3505 456 3558 διὰ
488 3505 732 3577 βραχέων
762 3510 957 3569 εἰπεῖν,
988 3506 1023 3560 ἆ
1052 3524 1108 3559 τε
1143 3508 1552 3580 προσδοκῶμεν,
1596 3510 1686 3563 καὶ

89 3598 501 3671 μεμαθήκαμεν
521 3600 609 3653 διὰ
639 3602 732 3655 τοῦ
754 3601 1011 3673 Χριστοῦ,
1036 3602 1129 3656 καὶ
1148 3601 1491 3673 διδάσκομεν,
1514 3603 1687 3657 ταῦτα

88 3696 232 3747 ἐστ;.
276 3693 508 3747 Πλάτων
543 3693 658 3765 (55)
691 3694 747 3748 δὲ
777 3694 980 3766 ὁμοίως
1026 3694 1130 3765 ἔφη
1178 3696 1552 3766 Ῥαδάμανθυν
1594 3698 1686 3750 καὶ

1132 3790 1143 3807 1
1196 3806 1199 3807 ν
1228 3789 1240 3805 ν
1323 3790 1333 3804 ι
1413 3792 1425 3805 I

100 3879 299 3947 Ἡμεῖς
331 3878 389 3931 δὲ
408 3919 423 3942 ,
455 3878 515 3931 τὸ
542 3880 674 3932 αὐτὸ
704 3880 933 3952 πρᾶγμα
963 3880 1143 3951 φαμὲν
1178 3881 1537 3953 γενήσεσθαι,
1571 3882 1684 3935 ἀλλ’

88 3972 199 4023 ὑπὸ
227 3970 323 4025 τοῦ
355 3971 595 4042 Χριστοῦ
616 4013 631 4035 ,
662 3973 754 4026 καὶ
796 3975 908 4035 τοῖς
938 3974 1123 4037 αὐτοῖς
1162 3972 1377 4044 σώμασι
1412 3973 1549 4045 μετὰ
1578 3973 1686 4027 τῶν

86 4065 282 4136 ψυχῶν
313 4065 617 4135 γινομένων
647 4065 781 4137 (56),
815 4067 905 4119 καὶ
927 4066 1153 4119 αἰωνίαν
1180 4065 1400 4119 κόλασιν
1427 4066 1687 4141 κολασθη-

93 4153 365 4223 σομένων,
396 4153 511 4205 ἀλλ’
549 4154 670 4225 οὐχὶ
700 4154 1040 4225 χιλιονταετῆ
1073 4155 1345 4224 περίοδον,
1374 4156 1450 4220 ὡς
1479 4158 1685 4222 ἐκεῖνος

91 4245 198 4316 ἔφη
224 4286 240 4309 ,
286 4246 467 4317 μόνον.
520 4249 583 4300 ΕΞ
630 4247 728 4318 μὲν
771 4246 864 4301 οὖν
887 4249 1113 4302 ἄπιστον
1160 4248 1191 4319 ἢ
1238 4248 1495 4301 ἀδύνατον
1531 4251 1686 4305 τοῦτο

92 4335 259 4405 φήσει
312 4352 395 4398 τις
440 4336 578 4400 πρὸς
615 4338 793 4407 ἡμᾶς,
826 4339 858 4404 ὴ
890 4338 946 4391 δὲ
979 4337 1157 4409 πλάνη
1191 4339 1303 4409 (57)
1331 4340 1481 4393 ἐστὶν
1524 4341 1684 4396 ἄλλον

327 4495 445 4570 Καί
480 4497 593 4570 γὰρ
642 4500 916 4567 πολλοὺς
945 4498 1267 4567 πολλάκις,
1318 4500 1686 4570 Subinlelligit

91 4566 334 4641 G_rabius
405 4568 691 4638 ἐλέγχετε,
758 4572 852 4626 sed
894 4566 1131 4641 prorsus
1193 4571 1487 4641 immerito.
1546 4566 1680 4626 Nam

91 4638 243 4689 clara
274 4646 361 4689 est
386 4622 1068 4705 verborum,constructio,
1099 4640 1326 4705 πολλοὺς
1349 4640 1680 4707 πολλάκις...
1716 4622 1761 4679 D

92 4708 507 4781 καταδικάζετε.
567 4711 720 4777 Quod
771 4721 949 4766 autem
1002 4710 1248 4767 Justinus
1300 4712 1496 4767 multos
1537 4730 1680 4781 saepe

89 4779 452 4833 condemnari
485 4784 584 4842 ait.
622 4782 671 4834 id
704 4783 769 4836 de
792 4782 1123 4837 Christianis
1155 4783 1327 4851 accipi
1362 4799 1466 4837 non
1498 4779 1679 4851 potest

91 4850 397 4915 (quomodo
428 4853 571 4906 enim
604 4853 805 4909 multos
846 4869 909 4908 ex
951 4854 1058 4906 illis
1088 4850 1370 4908 convictos
1397 4850 1565 4907 fuisse
1596 4856 1677 4907 l'a-

91 4929 328 4980 teretur.
352 4938 475 4974 cum
507 4938 707 4991 paucos
725 4932 935 4977 tantum
960 4924 1265 4988 objicerent
1283 4924 1585 4978 adversarii
1607 4926 1675 4989 ?);

90 4994 187 5067 sed
211 4992 526 5067 generatim
545 4995 705 5067 docet
727 4995 919 5067 quanti
948 4996 1165 5067 intersit
1192 4995 1242 5067 in
1266 5010 1481 5067 reorum
1511 4997 1675 5049 vitam

94 5062 401 5134 inqnirere,
432 5072 488 5115 ut
517 5064 657 5134 idem
688 5062 775 5134 jus
813 5066 1067 5130 impetret
1102 5065 1451 5119 Christianis.

158 5130 281 5209 153)
322 5133 429 5209 Διζι
455 5133 598 5209 τοὺς
628 5130 1088 5204 προλεχθέντας.
1140 5136 1292 5203 Legit
1324 5134 1560 5209 Grabius
1588 5137 1675 5191 διὰ

93 5202 249 5273 τοῦτο
282 5202 710 5272 προλεχθέντας,
746 5202 847 5260 sed
888 5202 1094 5261 inutilis
1128 5202 1350 5273 prorsus
1395 5207 1508 5261 Inec
1539 5223 1661 5262 eon-

89 5272 322 5344 jeetnra.
369 5273 540 5326 Multo
585 5281 762 5344 aptius
807 5287 861 5332 et
911 5272 1251 5330 commodius
1299 5276 1586 5332 l‘crionius
1622 5290 1676 5332 et

94 5342 279 5419 Billins
314 5344 503 5419 legunt
529 5342 773 5412 Etdrtobg
800 5347 1281 5419 προελεγχθέντας.
1312 5348 1510 5401 Multos
1542 5363 1675 5405 sane

94 5414 473 5468 condemnatis
493 5457 508 5478 ,
540 5434 663 5471 eum
690 5420 756 5472 de
802 5414 1066 5487 cujusque
1093 5422 1200 5472 vita
1236 5419 1513 5487 inquiritis
1533 5461 1548 5482 ,
1580 5422 1675 5474 sed

94 5498 183 5560 eos
218 5500 333 5560 non
377 5487 763 5544 condemnatis
793 5496 1017 5560 propter
1046 5504 1140 5543 eos
1174 5491 1264 5555 qui
1291 5488 1403 5554 jam
1436 5491 1672 5545 convicti

93 5552 264 5608 fuere.
298 5556 485 5623 Quare
532 5560 746 5613 etiamsi
790 5552 1031 5615 nonnulli
1072 5576 1138 5616 ex
1174 5552 1504 5614 Christianis
1536 5577 1673 5617 cou-

96 5626 213 5679 \‘iCli
248 5626 473 5692 fuerint,
506 5645 613 5681 non
652 5632 857 5685 idcirco
889 5633 1069 5685 (ueteri
1105 5632 1527 5685 condemnandi.

159 5698 272 5765 (Si)
312 5696 424 5750 Καὶ
472 5698 803 5762 δοξάντων.
857 5702 991 5755 Illud
1035 5702 1126 5756 καί
1190 5702 1333 5755 idem
1383 5702 1523 5755 valet
1570 5705 1675 5759 hoc

95 5770 205 5821 lucu
247 5786 312 5822 ac
341 5769 397 5839 ἢ.
436 5770 692 5823 Declarat
738 5772 883 5826 enim
914 5788 1203 5826 commune
1234 5786 1355 5826 esse
1402 5772 1673 5827 Christia-

96 5856 280 5892 norum
300 5856 503 5893 nomen
536 5841 605 5893 iis
628 5843 719 5907 qui
757 5859 813 5897 re
841 5852 933 5896 aut
958 5844 1176 5897 nomine
1196 5853 1322 5897 sunt
1350 5842 1669 5899 Christiani.

158 5910 272 5983 (δῦ)
311 5910 594 5965 [Μάτων.
654 5914 915 5971 Observat
966 5914 1330 5986 Crabiushis
1382 5914 1447 5969 de
1511 5918 1673 5973 rebus

1791 2007 1886 2076 qui
1934 2010 2215 2064 convictus
2264 2010 2464 2077 fuerit,
2513 2013 2778 2082 puniatur
2824 2021 2882 2065 ut
2928 2010 3242 2081 improbus,
3279 2024 3376 2063 ne-

1790 2114 2062 2169 quaquam
2089 2112 2272 2156 autem
2302 2113 2360 2157 ut
2381 2102 2729 2159 Christianus
2755 2121 2769 2170 ;
2805 2102 2851 2156 si
2878 2116 3041 2170 quem
3068 2108 3253 2155 autem
3279 2114 3377 2154 ex-

1792 2200 1874 2245 tra
1925 2192 2144 2246 noxiam
2192 2208 2314 2249 esse
2361 2204 2576 2264 pateat,
2628 2194 2943 2250 dimittatur
3008 2203 3067 2247 ut
3110 2194 3374 2248 innocens

1788 2284 2156 2342 Christianus.
2191 2286 2331 2342 Nam
2362 2298 2419 2342 ut
2445 2287 2499 2341 in
2541 2288 2687 2359 ipsos
2717 2288 2991 2343 delatores
3023 2286 3374 2340 animadver-

1793 2378 1921 2433 tatis
1964 2381 2189 2435 minime
2242 2381 2593 2450 rogabimus;
2644 2382 2782 2435 satis
2810 2380 2956 2433 enim
2994 2379 3102 2433 illis
3131 2387 3215 2433 est
3245 2390 3375 2445 snp-

1790 2468 1939 2537 plicii
1987 2484 2085 2525 sua
2134 2470 2377 2540 ipsorum
2446 2469 2693 2538 nequitia
2745 2484 2810 2523 ac
2858 2467 3128 2522 bonarum
3184 2480 3373 2518 rerum

1791 2562 2089 2631 ignoratio.

1860 2656 1913 2711 8.
1960 2654 2148 2713 VeStra
2198 2667 2380 2711 autem
2413 2671 2580 2711 causa
2626 2656 2743 2711 INBC
2793 2671 2821 2709 a
2870 2654 3027 2709 nobis
3064 2653 3208 2709 dicta
3255 2662 3377 2705 esse

1789 2767 1859 2805 cx
1905 2766 1971 2805 eo
2022 2749 2310 2819 intelligite
2335 2788 2350 2816 ,
2386 2750 2533 2819 quod
2572 2750 2625 2803 in
2666 2747 2825 2803 nobis
2874 2746 3040 2802 situm
3070 2745 3141 2800 sit
3175 2756 3374 2811 negare

1788 2860 1912 2900 cum
1964 2844 2390 2913 interrogantur.
2433 2842 2541 2897 Sed
2590 2844 2774 2897 vivere
2824 2841 3076 2897 nolumus
3117 2835 3371 2892 obstricti

1792 2937 2096 2992 mendacio.
2137 2935 2383 2992 Aﬂternte
2424 2937 2571 2993 enim
2615 2953 2679 2991 ac
2726 2950 2876 3005 purae
2922 2934 3046 2988 vita:
3077 2929 3257 3001 cupidi
3306 2929 3374 2982 ad

1792 3030 2127 3085 domicilium
2178 3046 2302 3085 cum
2350 3029 2460 3084 Duo
2492 3030 2871 3085 universorum
2905 3026 3065 3081 Patre
3090 3034 3146 3079 et
3179 3023 3376 3091 opiﬁce
3462 3044 3463 3047 η

1790 3124 2117 3193 promissum
2153 3124 2565 3188 contendimus;
2625 3138 2689 3177 ac
2718 3112 3080 3191 properamus
3105 3118 3171 3172 ad
3206 3115 3375 3172 conli-

1792 3216 2055 3282 tendum,
2095 3232 2219 3270 cum
2265 3231 2587 3284 persuasum
2625 3216 2925 3271 habeamus
2969 3221 3025 3268 et
3062 3212 3372 3271 credamus,

1792 3308 1906 3362 lucc
1936 3307 2071 3362 bona
2094 3309 2177 3362 -ab
2206 3308 2311 3364 illis
2338 3308 2650 3375 comparari
2697 3320 2859 3376 posse
2881 3345 2897 3369 ,
2929 3305 3021 3374 qui
3068 3302 3228 3357 factis
3259 3299 3375 3353 suis

1794 3401 1975 3455 testati
2022 3402 2131 3457 Deo
2160 3401 2365 3457 fuerint
2394 3418 2455 3457 se
2492 3402 2642 3456 illum
2680 3409 2924 3456 sectatus
2951 3414 3105 3462 esse,
3137 3412 3201 3451 ac
3244 3394 3373 3448 illud

1790 3495 1933 3563 apud
1978 3510 2102 3550 eum
2136 3494 2473 3549 domicilium
2510 3494 2799 3548 adamasse
2823 3531 2839 3557 ,
2869 3490 2958 3545 ubi
2991 3490 3138 3543 nulla
3169 3485 3371 3541 vitiosi-

1792 3599 1873 3641 tas
1905 3587 2224 3644 reluctatur.
2249 3586 2320 3644 Ut
2350 3588 2520 3655 igitur
2553 3586 2883 3642 brevissime
2912 3583 3017 3640 dici
3041 3590 3239 3653 potest,
3260 3579 3373 3632 luce

1789 3694 1915 3738 sunt
1941 3699 2063 3753 quae
2089 3692 2495 3752 exspectamus,
2521 3695 2751 3751 quaeque
2782 3693 2811 3732 a
2837 3678 3060 3733 Christo
3080 3672 3372 3728 didicimus

1788 3786 1843 3831 et
1890 3780 2171 3834 docemus.
2228 3776 2541 3835 Similiter;
2577 3773 2799 3843 quidem
2862 3769 3012 3823 [’lato
3071 3764 3370 3834 improbos,

1786 3872 1900 3944 48
1931 3887 2053 3926 cum
2084 3872 2151 3925 ad
2192 3869 2430 3924 Minoem
2473 3875 2527 3921 et
2565 3866 3045 3921 Rhadamanthum
3080 3858 3371 3917 venerint,

1790 3965 2038 4033 punitum
2087 3963 2150 4017 iri
2198 3964 2267 4017 ab
2313 3962 2417 4016 illis
2462 3962 2601 4015 dixit
2636 3982 2652 4015 ι
2698 3975 2798 4014 nos
2848 3966 3029 4011 autem
3070 3949 3376 4013 idetnillis

1788 4068 2114 4113 eventurum
2166 4057 2443 4119 dicimus,
2490 4055 2585 4110 sed
2635 4070 2665 4108 a
2718 4052 2976 4114 Christo;
3032 4047 3196 4116 idque
3234 4041 3373 4096 exsi-

1787 4148 2057 4203 stentibus
2088 4148 2139 4201 in
2179 4148 2368 4202 iisdem
2405 4145 2732 4215 corporibus
2754 4184 2769 4208 ,
2805 4158 2908 4197 una
2940 4157 3066 4195 eum
3104 4136 3218 4191 suis
3253 4133 3370 4187 ani-

1790 4240 2003 4306 mabus,
2038 4249 2092 4295 ut
2127 4255 2285 4310 parua
2309 4249 2513 4294 aeterna
2563 4236 2888 4307 puniantur,
2920 4247 3027 4287 non
3079 4230 3226 4284 mille
3269 4241 3371 4280 an-

1789 4351 2014 4402 norum,
2082 4346 2140 4389 ut
2181 4336 2283 4389 iste
2329 4334 2497 4397 dixit,
2550 4330 2787 4385 circuitu
2836 4326 3085 4381 definita.
3141 4322 3200 4377 Si
3251 4320 3374 4390 quis

1789 4512 1952 4568 agere
2002 4495 2304 4568 Platonem
2346 4492 2400 4568 in
2451 4490 2610 4568 (fora.
2662 4500 2800 4568 tom.
2860 4488 2875 4541 Ι
2925 4480 3372 4568 οιιὶι.μξεξτι·ιιιιξ,

1789 4551 1983 4638 ρῗῦἒι,
2008 4577 2063 4621 et
2092 4566 2143 4638 in
2174 4563 2426 4638 A_p_oloyia
2455 4551 2729 4638 Socigtis,
2747 4570 2802 4638 et
2816 4568 2893 4638 tle
2917 4554 3202 4638 suppliciis
3194 4551 3374 4638 mutille

1790 4621 2060 4692 {natorum
2110 4636 2164 4717 in
2192 4621 2425 4696 Τειιιιῦο,
2469 4631 2651 4717 his.
2704 4621 2873 4717 italia
2912 4621 3373 4717 οιὺιίίρξεητιιὶηιη

1789 4710 1909 4763 bius
1933 4710 2027 4763 lib.
2064 4723 2096 4761 χ
2123 4706 2198 4760 De
2227 4722 2363 4773 rep.,
2395 4722 2450 4775 p.
2469 4695 2598 4767 761,
2629 4714 2683 4757 et
2713 4704 2765 4757 in
2790 4702 2978 4769 σοι-θ..
3006 4714 3058 4768 p.
3080 4695 3206 4753 557,
3230 4702 3287 4746 et
3316 4707 3369 4746 tu

1786 4780 2027 4846 Phintia,
2064 4777 2316 4848 ι).1“2.25.
2452 4846 2473 4848 _
2745 4844 2756 4848 _
2814 4843 2838 4848 _
2995 4839 3006 4848 .
3081 4838 3093 4848 .
3143 4836 3166 4848 ..
3230 4833 3241 4848 .

1858 4850 1970 4920 (56)
2016 4836 2395 4920 ἰδινομὲνωη
2444 4846 2663 4920 Supple
2700 4843 2881 4920 αὐτων
2916 4839 3008 4920 _ve|
3048 4836 3377 4920 ,ἀνθρώπων

1782 4903 2082 4991 γινομένων
2120 4903 2303 4991 αῦτοῖς
2335 4903 2665 4988 σώμασὶίἰξι
2700 4918 2757 4969 ἐν
2786 4914 2966 4991 αὐτοῖς
2991 4908 3213 4991 emptast

1782 4978 2144 5061 étbv't’fsxtbv.
2203 4978 2435 5061 Necesse
2470 5005 2576 5061 non
2622 4999 2705 5040 est
2744 5001 2867 5039 cunt
2900 4978 3152 5037 'l‘ltirlbio
3196 4978 3377 5047 legere

1781 5058 2084 5133 γινομένοις
2107 5073 2159 5133 et
2189 5058 2698 5133 κολασθησομένοις.

1856 5122 1970 5202 (37)
2006 5122 2078 5187 ἸΙ
2101 5132 2169 5185 δὲ
2200 5122 2437 5202 πλάνιῂ
2465 5122 2797 5202 Corruptum
2832 5135 2989 5202 putat
3022 5127 3166 5178 hunc
3197 5122 3372 5202 locum

1781 5192 2041 5262 Grabiits.
2080 5204 2298 5271 Langus
2329 5192 2703 5255 et'Perionius
2735 5200 2809 5255 sic
2832 5192 3289 5265 interpretantur
3319 5199 3375 5267 ut

1782 5279 1969 5332 dicant
2005 5291 2124 5338 eos,
2159 5275 2251 5343 qui
2280 5272 2550 5339 judicium
2580 5279 2783 5343 negant
2808 5309 2823 5332 ,
2855 5284 2923 5343 es
2956 5283 3064 5343 uno
3096 5278 3285 5319 errore
3320 5274 3371 5343 tu

1783 5350 1951 5402 alium
2004 5338 2222 5409 delabi,
2269 5338 2446 5397 donec
2480 5341 2694 5395 tandem
2749 5343 2852 5394 hoc
2891 5338 3375 5411 jttdicin__perat:lq

1950 5417 2078 5470 ntali
2110 5432 2138 5468 a
2168 5399 2501 5485 Christianis
2523 5413 2664 5485 Alieri
2696 5399 2906 5480 pateat;
2956 5407 3027 5485 At
3057 5399 3191 5485 nihil
3224 5399 3375 5481 aliud

1781 5490 1882 5544 sibi
1913 5487 2025 5541 vult
2055 5486 2330 5549 Justinus,
2364 5483 2469 5558 nisi
2511 5483 2667 5558 hunc
2696 5475 2942 5536 errorem
2975 5475 3374 5558 dejndieionsi

1784 5561 1947 5615 modo
1994 5573 2151 5611 error
2183 5560 2291 5621 sit,
2342 5554 2603 5610 levissimi
2641 5568 2762 5609 esse
2799 5554 3100 5622 momenti,
3130 5556 3372 5622 quantum

1781 5646 1948 5700 Opere
1974 5638 2028 5682 et
2057 5629 2219 5683 iactis
2242 5617 2380 5683 nihil
2400 5625 3020 5700 deliquisseargnentur
3044 5617 3370 5700 Christiani.

1785 5685 1954 5758 v'uces
1999 5701 2138 5763 illaz,
2171 5700 2264 5771 ἥδε
2307 5701 2339 5769 ἡ
2376 5685 2551 5771 πλάνη
2603 5694 2750 5748 ἐστὶν
2773 5685 2944 5771 βελλου
2982 5688 3118 5760 πρὸς
3150 5685 3370 5755 ἕτερον,

1781 5775 1921 5827 ident
1947 5762 2148 5827 sonant
2172 5762 2235 5825 ae
2254 5762 2429 5841 πλάνη
2460 5762 2915 5841 άλλοπρόπᾳλλοςγ
2940 5770 3372 5841 .Cl‘rtfthotntqtt-

1781 5845 1867 5898 uis
1891 5854 1945 5897 et
1974 5843 2347 5911 quotidianus,
2381 5829 2541 5911 qitetn
2589 5829 2648 5891 δι’
2673 5836 2797 5914 quis
2828 5834 2983 5914 nobis
3015 5829 3371 5914 ttltjicial‘gljf'f

1780 5916 1885 5971 cile
1938 5904 2010 5971 sit
2068 5916 2121 5968 iit
2188 5904 2601 5981 ipso'c'ensore
2657 5904 2835 5964 simile
2904 5904 3125 5973 aliquod
3178 5904 3366 5953 vitium
