3764 6548
184 387 309 444 341

1290 399 1640 456 APOLOGIA
1680 403 1700 456 l
1738 399 1877 456 PRO
1909 397 2370 456 CHRISTIANIS.

3387 399 3489 454 34‘!

185 503 451 572 ἑαυτοὺς
481 508 551 563 δι’
589 511 765 583 ἔργων
798 515 1034 583 δείξωσι,
1073 520 1171 591 τῆς
1201 521 1318 591 μετ’
1344 521 1509 574 αὐτοῦ
1545 523 1769 594 ἀναστρι

1938 519 2175 574 'olnntati
2207 516 2576 583 exhibuerint,
2594 515 2890 586 adepturos
2920 515 3261 586 accepimus,
3279 523 3340 570 ut
3362 530 3486 571 cum

187 597 318 667 φῆς
355 603 764 676 καταξιωθῆναι
804 612 1250 685 προσειλήφαμεν
1290 613 1804 685 συμϐασιλεύοντας,

187 689 532 762 ἀφθάρτους
564 698 657 750 καὶ
683 700 913 780 ἀπαθεῖς
958 705 1304 776 γενομένους.
1338 707 1435 759 Ὃν
1467 706 1670 777 τρόπον
1699 707 1806 778 γὰρ

187 780 306 851 τὴν
339 784 524 857 ἀρχὴν
565 789 666 844 οὐκ
710 791 868 858 ὄντας
899 796 1122 868 ἐποίησε
1147 839 1162 861 ,
1197 797 1292 852 τὸν
1325 798 1484 853 αὐτὸν
1526 799 1807 871 ἡγούμεθα

187 872 416 942 τρόπον
441 918 456 940 ,
503 877 590 933 διὰ
622 882 684 936 τὸ
727 883 941 939 ἑλέσθαι
984 889 1111 952 τοὺς
1153 891 1510 961 αἱρουμένους
1548 890 1616 944 τὰ
1658 890 1806 961 αὐτῷ

187 963 446 1035 ἀρεστὰ,
475 971 571 1023 καὶ
604 973 914 1047 ἀφθαρσίας
940 979 1035 1032 καὶ
1067 983 1353 1046 συνουσίας
1378 983 1800 1055 καταξιωθῆναι.

193 1056 276 1110 Τὸ
327 1060 434 1130 μὲν
475 1063 586 1134 γὰρ
621 1066 718 1138 τὴν
752 1070 928 1142 ἀρχὴν
955 1072 1241 1140 γενέσθαι,
1281 1077 1379 1146 οὐχ
1407 1078 1673 1149 ἡμέτερον
1703 1074 1798 1150 ἦν·

188 1149 260 1202 τὸ
285 1150 337 1204 δ’
368 1153 797 1229 ἐξακολουθῆσαι
821 1156 902 1224 οἷς
922 1163 1075 1233 φίλον
1092 1165 1238 1238 αὑτῷ
1259 1169 1618 1240 αἱρουμένους
1639 1172 1708 1225 δι’
1726 1149 1801 1226 ὧν

193 1243 375 1310 αὐτὸς
409 1247 723 1322 ἐδωρήσατο
752 1253 986 1324 λογικῶν
1029 1257 1347 1331 δυνάμεων,
1395 1262 1574 1316 πείθει
1621 1281 1680 1317 τε
1711 1266 1803 1318 καὶ

194 1337 283 1400 είς
317 1338 508 1394 πίστιν
549 1343 672 1413 ἄγει
704 1348 870 1418 ημᾶς.
916 1350 1025 1403 Καὶ
1073 1352 1212 1424 ὑπὲρ
1242 1353 1460 1408 πάντων
1499 1355 1801 1428 ἀνθρώπιον

196 1428 497 1500 ἡγούμεθα
520 1430 689 1503 εἶναι,
715 1438 794 1510 τῷ
827 1441 900 1513 μὴ
933 1441 1210 1514 εἴργεσθαι
1235 1445 1344 1517 (64)
1386 1449 1560 1502 ταῦτα
1599 1449 1802 1522 μανθά-

194 1522 498 1615 νειν,
521 1526 617 1615 καὶ
638 1530 1040 1600 προτρέπεσθαι
1063 1535 1155 1587 ἐπὶ
1175 1535 1554 1611 ταῦτα.Ὅπερ
1568 1539 1678 1612 (65)
1691 1542 1800 1615 γὰρ

193 1607 304 1660 οὐκ
327 1610 684 1686 ἠδυνήθησαν
719 1620 767 1671 οί
796 1619 1128 1693 ἀνθρώπειοι
1164 1626 1318 1698 νόμοι
1343 1629 1581 1700 πρᾶξαι,
1627 1607 1798 1687 ταῦτα

193 1702 224 1752 ὁ
247 1700 417 1771 λόγος
449 1703 559 1776 (66)
590 1707 732 1773 θεῖος
754 1709 828 1764 ῶν
857 1715 1174 1786 είργάσατο,
1205 1721 1252 1772 εί
1283 1720 1358 1792 μὴ
1384 1723 1435 1775 oi
1461 1723 1653 1793 φαῦλοι
1683 1725 1799 1780 δαί-

199 1809 367 1861 pave;
398 1800 808 1891 κατεσκέδασαν
828 1806 998 1862 πολλά
1021 1808 1189 1882 ψευδῆ
1213 1813 1305 1866 καὶ
1325 1812 1460 1868 ἄθεα
1493 1821 1798 1891 κατηγορή-

1910 625 1975 666 eo
2012 611 2234 680 degant,
2271 621 2437 679 atque
2467 624 2574 664 una
2614 616 2843 678 regnent
2880 607 3251 673 corruptionis
3276 595 3333 662 et
3361 623 3489 678 per-

1908 704 2176 774 pessionis
2203 713 2483 774 expertes.
2513 701 2987 772 Quemadmodum
3021 703 3167 756 enim
3217 703 3286 757 ab
3329 702 3490 756 initio

1910 814 2016 854 non
2045 799 2376 854 exsistentes
2403 798 2634 862 creavit,
2672 797 2864 852 eodem
2899 795 3060 852 modo
3088 796 3334 850 futurum
3369 811 3491 850 cre-

1908 890 2106 955 dimus,
2151 900 2212 945 ut
2237 891 2328 960 qui
2359 890 2628 959 elegerint
2663 905 2786 959 quae
2817 890 2922 960 ipsi
2971 889 3209 958 placent,
3238 889 3309 944 ob
3346 887 3492 942 banc

1906 967 2148 1052 eligendi
2171 982 2440 1037 rationem
2496 981 2916 1037 immortalitate
2940 991 2994 1036 et
3020 980 3114 1036 Dei
3148 981 3402 1035 convictu
3435 989 3490 1034 et

1905 1074 2300 1128 consuetudine
2330 1073 2643 1144 dignentur.
2695 1072 2828 1127 Nam
2858 1083 2920 1128 ut
2955 1088 2984 1126 a
3023 1073 3296 1142 principio
3325 1071 3478 1126 ﬁere-

1905 1181 2048 1231 mus,
2079 1167 2135 1221 in
2164 1166 2322 1222 nobis
2347 1169 2511 1221 situm
2543 1183 2648 1222 non
2682 1177 2834 1233 erat;
2870 1175 2928 1220 ut
2971 1178 3152 1221 autem
3195 1181 3256 1222 ea
3289 1181 3488 1234 sequa-

1905 1271 2030 1310 mur
2051 1272 2172 1327 quae
2213 1259 2313 1326 ipsi
2355 1257 2601 1327 placent,
2632 1258 2892 1312 adhibitis
2942 1259 3008 1312 ad
3040 1258 3350 1328 eligendum
3396 1275 3488 1312 ra-

1905 1350 2196 1412 tionalibus
2241 1349 2613 1411 facultatibus.
2647 1365 2786 1421 quas
2831 1333 3008 1412 abeo
3039 1351 3389 1421 accepimus,
3431 1351 3486 1403 id

1905 1442 2020 1513 ipse
2058 1441 2217 1497 nobis
2243 1443 2538 1513 persuadet
2565 1452 2620 1497 et
2659 1443 2725 1496 ad
2775 1444 2934 1498 ﬁdem
2975 1459 3075 1499 nos
3101 1444 3339 1499 adducit.
3387 1448 3487 1497 At-

1903 1546 2010 1600 que
2041 1531 2094 1586 id
2122 1531 2344 1601 quidem
2378 1531 2444 1585 ad
2484 1545 2678 1586 omnes
2727 1531 2977 1588 homines
3016 1534 3293 1602 pertinere
3338 1532 3485 1586 arbi-

1905 1633 2136 1689 tramur,
2167 1639 2234 1678 eo
2278 1623 2424 1694 quod
2457 1639 2566 1678 non
2610 1633 2907 1678 arceantur
2940 1624 3008 1677 ali
3051 1625 3136 1679 his
3182 1625 3482 1684 discendis,

1900 1718 1995 1774 sed
2040 1717 2221 1788 potius
2255 1717 2478 1772 hortatu
2532 1715 2599 1771 ad
2653 1731 2716 1770 ea
2764 1716 3090 1772 inciteutur.
3140 1717 3294 1784 Quod
3336 1719 3482 1772 enim

1899 1826 2010 1866 non
2040 1820 2332 1882 potuerant
2378 1810 2525 1881 leges
2553 1811 2804 1867 humana:
2846 1811 3132 1881 perﬁcere,
3171 1813 3224 1866 id
3258 1813 3482 1867 verbum

197 1903 375 1982 ματα,
405 1890 698 1964 σύμμαχον
726 1895 982 1965 λαϐόντες
1005 1901 1102 1973 τὴν
1131 1905 1189 1957 ἐν
1217 1905 1432 1978 ἑκάστῳ
1457 1888 1636 1981 κακὴν

1938 1906 2142 1960 ivinum
2173 1905 2553 1976 prmstitisset,
2582 1906 2686 1961 nisi
2714 1906 2840 1960 mali
2875 1907 3151 1961 daemones
3178 1907 3383 1961 sociam
3416 1906 3484 1959 ad

196 1976 384 2033 πάντα
418 1983 515 2036 καὶ
545 1987 796 2060 ποικίλην
820 1989 978 2060 φύσει
1009 1995 1325 2066 ἐπιθυμίαν,
1452 1976 1605 2054 οὐδὲν
1629 1976 1794 2072 πρδσ-

194 2082 345 2123 εστιν
375 2074 531 2143 ἡμῖν.

266 2248 352 2303 Η.
379 2253 494 2306 Καὶ
519 2256 697 2327 ὑμεῖς,
718 2259 1049 2326 ἀκούσαντες
1074 2264 1350 2334 βασιλείαν
1377 2267 1790 2338 προσδοκῶντας

190 2341 362 2411 ἡμᾶς,
403 2346 642 2416 ἀκρίτως
668 2349 1006 2423 ἀνθρώπινον
1045 2356 1221 2426 λέγειν
1252 2360 1399 2430 ἡμᾶς
1434 2359 1787 2433 ὑπειλήφατε,

184 2434 351 2503 ἡμῶν
382 2437 483 2510 τὴν
514 2441 652 2510 μετά
681 2443 818 2498 Θεοῦ
846 2446 1136 2515 λεγόντων,
1168 2451 1244 2514 ὡς
1277 2451 1372 2504 καὶ
1395 2454 1460 2506 ἐκ
1481 2452 1574 2507 τοῦ
1600 2456 1790 2508 ἀνετα-

185 2525 458 2597 ζομένους
516 2531 605 2600 ὑφ’
658 2534 812 2605 ὑμῶν
858 2539 1139 2609 ὁμολογεῖν
1198 2538 1336 2596 εἶναι
1388 2545 1746 2616 Χριστιανοὺς
1770 2589 1785 2612 ,

182 2616 558 2685 γινώσκοντες
622 2623 698 2694 τῷ
751 2628 1105 2698 ὁμολογοῦντι
1161 2631 1388 2687 θάνατον
1437 2635 1536 2707 τὴν
1584 2635 1788 2708 ζημίαν

183 2709 430 2778 κεῖσθαι,
461 2715 728 2785 φαίνεται.
754 2720 816 2773 Εἰ
838 2721 947 2794 γὰρ
966 2721 1305 2794 ἀνθρώπινον
1323 2724 1599 2796 βασιλείαν
1621 2745 1788 2799 προσ-

180 2803 491 2878 εδοκῶμεν,
524 2810 624 2864 κάν
663 2813 979 2886 ὴρνούμεθα
1009 2817 1157 2881 ὅπως
1194 2816 1269 2889 μὴ
1294 2818 1664 2891 ἀναιρώμεθα,
1690 2823 1786 2874 καὶ

183 2895 474 2953 λανθάνειν
526 2905 894 2977 ἐπειρώμεθα,
937 2909 1085 2972 ὅπως
1160 2910 1266 2964 τῶν
1320 2913 1786 2984 προσδοκωμένων

182 2987 465 3060 τύχωμεν.
500 2992 638 3047 Ἀλλ’
664 2996 786 3048 ἐπεὶ⁸
811 2997 913 3050 οὑκ
941 3000 1019 3061 είς
1069 2998 1128 3051 τὺ
1174 2997 1269 3052 νῦν
1297 3000 1396 3063 τὰς
1423 3000 1644 3064 ἐλπίδας
1673 3001 1786 3073 ἕχο-

186 3098 311 3152 μεν,
339 3084 708 3155 ἀναιρούντων
737 3089 797 3142 οὐ
831 3091 1292 3163 πεφροντίκαμεν,
1321 3092 1414 3146 τοῦ
1444 3095 1537 3148 καὶ
1568 3095 1782 3159 πάντως

185 3170 300 3242 ςδτ)
332 3175 624 3231 ἀποθανεῖν
649 3179 1016 3249 ὀφειλομένου.

261 3284 346 3338 12.
401 3287 630 3359 Ἀρωγοὶ
673 3291 716 3345 δ’
762 3294 892 3366 ὑμῖν
929 3297 1024 3349 καὶ
1067 3297 1344 3370 σύμμαχοι
1375 3300 1512 3371 πρὸς
1560 3305 1781 3375 εἰρήνην

179 3379 354 3449 ἐσμὲν
381 3382 597 3437 πάντων
627 3386 826 3458 μᾶλλον
848 3389 1175 3462 ἀνθρώπων,
1201 3395 1250 3447 οἳ
1274 3394 1446 3448 ταῦτα
1465 3395 1780 3468 δοξάζομεν,

177 3469 259 3534 ὡς
287 3471 474 3526 λαθεῖν
502 3476 656 3542 Θεὸν,
707 3484 1027 3554 κακοεργὸν,
1059 3485 1091 3558 ἢ
1119 3486 1466 3560 πλεονέκτην,
1567 3489 1784 3544 ἐπίϐου-

179 3569 293 3626 Aw,
317 3566 352 3637 ἢ
381 3569 655 3640 ἐνάρετον,
689 3572 948 3629 ἀδύνατον
977 3572 1138 3642 εἶναι,
1164 3581 1259 3632 καὶ
1294 3581 1522 3636 ἕκαστον
1550 3585 1635 3636 ἐπ’
1653 3585 1784 3636 αἰω-

179 3654 302 3709 νίαν
347 3660 569 3714 κόλασιν
615 3663 650 3734 ῆ
694 3667 967 3738 σωτηρίαν
1009 3671 1130 3724 κατ’
1173 3671 1330 3737 ἀξίαν
1370 3674 1478 3727 τῶν
1532 3676 1784 3747 πράξεων

181 3750 530 3821 πορεύεσθαι.
560 3756 623 3809 Ei
650 3759 760 3830 γὰρ
787 3761 836 3812 οἱ
869 3761 1065 3827 πάντες
1093 3764 1367 3836 ἅνθρωποι
1397 3767 1569 3823 ταῦτα
1595 3771 1784 3839 ἐγίνω-

181 3857 332 3906 σκον,
363 3844 464 3900 οὐκ
491 3845 558 3900 ἄν
583 3867 668 3912 τις
696 3850 792 3921 τὴν
817 3853 1017 3906 κακίαν
1034 3855 1170 3927 πρὸς
1185 3857 1363 3926 ὀλίγον
1385 3861 1590 3931 ᾑρεῖτο,
1621 3865 1787 3932 γινώ-

179 3949 328 3987 σκων
349 3939 676 4010 πορεύεσθαι
700 3943 785 3995 ἐπ’
828 3946 1051 4000 αἰωνίαν
1099 3949 1188 4002 διὰ
1241 3951 1413 4024 πυρὸς
1459 3953 1777 4025 καταδίκην,

179 4029 296 4082 ἀλλ’
342 4033 406 4085 ἐκ
442 4035 640 4099 παντὸς
689 4038 890 4107 τρόπου
924 4042 1114 4096 ἐαυτὸν
1165 4049 1378 4117 συνεῖχε
1425 4047 1519 4101 καὶ
1556 4049 1778 4120 ἐκόσμει

177 4125 373 4194 ἀρετῇ,
412 4126 560 4192 ὅπως
584 4131 693 4184 τῶν
720 4132 870 4203 παρά
915 4132 1009 4187 τοῦ
1049 4135 1184 4189 Θεοῦ
1227 4138 1365 4210 τύχῃ
1403 4139 1645 4210 ἀγαθῶν,
1684 4144 1778 4196 καὶ

177 4216 287 4268 τῶν
310 4219 686 4291 κολαστηρίων
708 4225 1128 4297 ἀπηλλαγμένος
1158 4229 1264 4300 εἴη.
1301 4231 1376 4283 Οὐ
1407 4232 1516 4303 γάρ
1534 4233 1622 4287 διὰ
1651 4236 1776 4299 τοὺς

180 4305 271 4376 ὑφ’
301 4309 454 4379 ὑμῶν
478 4313 764 4383 κειμένους
789 4317 986 4387 νόμους
1012 4318 1124 4391 (68)
1155 4320 1248 4374 καὶ
1266 4322 1513 4387 κολάσεις
1545 4325 1778 4394 πειρῶν-

249 4466 378 4540 (ϐιί),
406 4469 594 4540 Τῷμὴ
623 4471 942 4540 εἴργεσθαι.
985 4473 1210 4530 Frustra
1269 4476 1356 4531 hic
1407 4479 1649 4534 nonnulli
1696 4479 1776 4534 le-

177 4548 314 4612 gnat
339 4539 396 4592 τὸ
431 4539 504 4610 μὴ
530 4539 832 4612 εἴργεσθαι.
867 4545 958 4600 Sic
989 4545 1267 4602 reddimus
1298 4549 1440 4604 hunc
1471 4549 1670 4612 locum,
1715 4559 1776 4603 ut

1897 1997 2080 2051 omnia
2106 2005 2162 2051 et
2190 1997 2513 2067 adjutricem
2549 1997 2876 2054 adhibentes
2904 1998 3104 2052 malam
3131 1997 3185 2051 in
3229 2011 3483 2067 unoque-

1895 2103 2002 2159 que
2027 2097 2084 2144 et
2115 2089 2323 2144 variam
2353 2099 2548 2144 natura
2581 2091 2943 2161 cupiditatem
2974 2131 2989 2155 ,
3025 2089 3193 2144 multa
3252 2087 3390 2144 falsa
3426 2098 3482 2142 et

1896 2181 2063 2248 impia
2095 2181 2327 2238 crimina
2353 2223 2369 2248 ,
2409 2197 2644 2253 quorum
2690 2182 2892 2238 nullius
2938 2182 3144 2239 conscii
3193 2181 3351 2236 nobis
3388 2196 3482 2235 sn-

1897 2286 2036 2336 mus,
2069 2273 2121 2326 in
2153 2271 2348 2343 vulgus
2372 2274 2732 2344 sparsissent.

1965 2363 2054 2417 ﬂ.
2083 2361 2194 2420 Vos
2219 2373 2422 2432 autem,
2463 2381 2587 2422 cum
2637 2382 2860 2438 regnum
2901 2382 2931 2422 a
2974 2367 3133 2424 nobis
3166 2368 3481 2439 exspectari

1893 2457 2121 2522 auditis,
2165 2459 2458 2514 humanum
2502 2475 2790 2531 perperam
2833 2462 3221 2532 suspicamini,
3253 2476 3374 2516 cum
3414 2459 3479 2514 il-

1893 2551 2003 2618 lud,
2028 2552 2170 2622 quod
2198 2566 2320 2607 cum
2354 2554 2461 2608 Deo
2489 2562 2592 2619 est,
2623 2554 2898 2622 dicamus;
2929 2563 2987 2608 ut
3015 2555 3102 2610 vel
3129 2570 3196 2610 ex
3230 2569 3296 2610 eo
3327 2564 3480 2624 patet

1891 2642 2035 2711 quod
2067 2658 2097 2695 a
2141 2643 2293 2698 vobis
2335 2644 2657 2714 interrogati
2714 2645 2992 2701 fateamur
3030 2661 3128 2700 nos
3170 2659 3294 2701 esse
3321 2645 3480 2700 Chri-

1891 2738 2131 2805 stianos,
2156 2741 2406 2809 quamvis
2434 2743 2622 2798 mortis
2665 2758 2885 2813 pinnam
2915 2743 3196 2799 conﬁtenti
3243 2745 3477 2815 positam

1888 2831 2148 2889 sciamus.
2176 2831 2310 2887 Nam
2343 2834 2386 2888 si
2418 2835 2713 2890 humanum
2750 2852 2973 2906 regnum
3004 2847 3475 2908 exspectaremus,

1889 2939 2209 2996 negaremus
2237 2929 2482 2998 profecto
2523 2931 2778 2986 interitus
2819 2932 3024 2986 vitandi
3071 2948 3263 3000 causa,
3298 2943 3354 2987 et
3392 2933 3474 2986 la-

1889 3033 2002 3078 tere
2056 3038 2401 3089 conaremur,
2454 3025 2520 3078 ad
2572 3039 2636 3079 ea
2664 3042 2785 3096 quae
2842 3036 3228 3098 exspectamus
3281 3043 3477 3083 conse—

1887 3116 2123 3185 quenda.
2165 3116 2270 3171 Sed
2317 3121 2443 3188 quia
2492 3134 2619 3186 spes
2675 3121 2727 3174 iu
2781 3121 2943 3175 rebus
2977 3122 3341 3192 praesentibus
3377 3137 3475 3192 po—

1887 3207 2020 3260 sitas
2071 3223 2174 3261 non
2227 3206 2515 3270 habemus,
2555 3207 2934 3264 interfectores
2976 3210 3129 3281 parvi
3165 3209 3471 3279 pendimus.

1889 3315 2010 3356 cum
2041 3303 2341 3370 prmsertim
2375 3315 2521 3357 mors
2551 3303 2770 3358 omnino
2808 3303 3071 3358 declinari
3104 3316 3208 3356 non
3239 3302 3436 3373 possit.

1961 3391 2047 3446 12.
2111 3391 2275 3447 Vobis
2323 3401 2501 3448 autem
2560 3395 2836 3463 adjutores
2895 3396 3137 3453 omnium
3192 3396 3472 3451 hominum

1888 3484 2126 3538 maxime
2153 3493 2206 3542 et
2234 3484 2506 3538 auxiliarii
2534 3483 2600 3537 ad
2632 3499 2819 3552 pacem
2847 3500 3058 3549 smnus,
3084 3486 3176 3556 qui
3210 3487 3324 3541 huic
3372 3487 3471 3540 do-

1886 3593 2096 3646 cemus,
2129 3578 2243 3634 ﬁeri
2271 3577 2492 3630 omnino
2522 3590 2627 3629 non
2654 3591 2814 3645 posse
2837 3585 2897 3629 ut
2923 3576 3088 3630 Deum
3114 3576 3280 3630 lateat
3305 3576 3472 3631 male-

1885 3672 2041 3738 ﬁcus,
2070 3681 2163 3726 aut
2184 3685 2394 3731 avarus,
2429 3678 2523 3723 aut
2575 3667 2878 3734 insidiator,
2909 3679 3004 3722 aut
3050 3668 3248 3722 virtute
3272 3667 3473 3737 praedi-

1885 3776 1993 3832 tus,
2026 3781 2090 3820 ac
2134 3776 2575 3835 unumquemque
2635 3763 2704 3816 ad
2755 3773 3037 3823 aeternam,
3083 3761 3199 3815 sive
3224 3774 3468 3828 pwnam,

1883 3857 1998 3916 sive
2019 3857 2251 3912 salutem
2281 3871 2377 3925 pro
2401 3857 2614 3911 meritis
2637 3854 2914 3910 actionum
2929 3867 3150 3908 suarum
3175 3852 3465 3920 proﬁcisci.

1883 3949 2016 4004 Nam
2044 3950 2089 4004 si
2122 3950 2236 4004 haec
2263 3949 2478 4014 cognita
2518 3946 2778 4002 omnibus
2809 3946 3117 3999 hominibus
3144 3954 3349 4010 essent,
3375 3959 3470 3998 ne-

1883 4057 1970 4095 mo
2005 4041 2194 4095 vitium
2245 4041 2310 4094 ad
2367 4042 2531 4096 breve
2587 4052 2801 4109 tempus
2844 4038 3093 4110 eligeret,
3135 4053 3260 4093 cuni
3304 4051 3363 4092 se
3400 4037 3469 4089 ad

1879 4146 2140 4188 aeternam
2198 4134 2338 4204 ignis
2384 4131 2892 4188 condemnationem
2941 4131 3212 4201 proﬁcisci
3269 4131 3466 4193 sciret;

1880 4226 1974 4280 sed
2011 4239 2132 4279 sese
2187 4223 2411 4278 omnino
2440 4225 2750 4278 contineret
2792 4237 2856 4276 ac
2909 4225 3116 4277 virtute
3149 4231 3468 4283 exornaret,

1881 4324 1995 4370 tum
2022 4315 2089 4370 ad
2117 4313 2280 4380 bona,
2311 4329 2434 4382 qute
2465 4328 2497 4368 a
2536 4314 2642 4367 Deo
2682 4313 3095 4383 promittuntur,
3125 4326 3470 4380 consequen-

1879 4476 2007 4547 quid
2037 4473 2342 4530 addemlum
2375 4480 2518 4547 esset
2549 4471 2674 4547 huic
2704 4471 2846 4532 loco,
2883 4469 2976 4540 qui
3031 4469 3277 4547 profecto
3311 4485 3468 4547 men-

1879 4541 2038 4602 dosus
2087 4560 2192 4600 nou
2242 4551 2346 4605 est,
2394 4542 2699 4595 addendmn
2730 4551 2878 4595 esset
2916 4541 3079 4594 παντί
3113 4551 3171 4595 ιιι
3220 4543 3271 4594 in
3303 4542 3461 4609 Apol.

179 4609 326 4683 nulla
359 4609 597 4680 supersit
638 4613 944 4669 diﬁicultas.
989 4616 1290 4671 Conﬁrmat
1352 4618 1495 4672 hunc
1545 4609 1761 4674 sensum

1968 4632 2024 4668 ιι.
2064 4616 2148 4676 Η,
2189 4629 2295 4667 non
2327 4626 2457 4665 vero
2485 4611 2711 4683 παντός.
2746 4610 2893 4683 Nihil
2937 4613 3103 4665 etiam
3138 4621 3309 4665 mutat
3337 4629 3464 4667 eru-

174 4678 456 4753 diistiniis,
502 4685 628 4736 dilui
669 4684 744 4738 ait
795 4685 1142 4753 Evangelium
1196 4687 1359 4742 latius
1417 4698 1760 4744 inanaturuiu

177 4751 364 4813 luisse,
404 4753 504 4805 nisi
535 4754 666 4806 falsa
689 4755 917 4808 crimina
944 4751 1312 4812 obstitissent.

402 4823 596 4891 ’Άπεμ
623 4824 754 4901 _lloc
780 4842 876 4901 pro
900 4827 1050 4901 vnlg.
1084 4827 1220 4901 ὅπερ
1258 4829 1548 4901 legendum
1593 4832 1760 4894 probe

179 4890 425 4965 Davisius
455 4890 682 4958 notavit,
719 4890 1140 4965 astipulauiihus
1171 4890 1459 4956 Caillzﬁiilio
1491 4912 1545 4956 et
1590 4890 1760 4954 Brau-

175 4964 295 5034 ιιίοξ
317 4979 463 5034 _ergo
497 4967 696 5034 recepi.
727 4964 908 5022 Uno.

245 5032 354 5108 (ὅθ)
396 5035 586 5108 Ταῦτα
621 5032 653 5089 ὅ
681 5039 880 5108 λόγος.
928 5038 1076 5108 Legit
1116 5039 1401 5096 Perionius
1436 5042 1593 5096 τοῦτο
1618 5043 1646 5094 ὁ
1675 5043 1759 5095 λῦ⁸

176 5103 451 5183 γοςιθεῐος
504 5103 936 5183 ἀει-εἰργάσατο,
987 5103 1054 5183 et
1081 5111 1220 5166 infra
1275 5111 1642 5179 γινώσκοντας
1683 5113 1758 5183 τῷ

173 5175 538 5251 ὁμολογοῦντι.
581 5175 686 5232 Sed
723 5175 842 5247 ejus
864 5181 1193 5251 emendatio,
1222 5183 1264 5235 si
1287 5175 1468 5251 prima
1497 5201 1596 5238 vox
1617 5175 1760 5236 exei-

176 5248 371 5322 piatur,
394 5248 514 5322 aliis
538 5263 643 5322 non
675 5252 957 5322 probatur.
986 5250 1240 5306 Libenter
1267 5248 1500 5320 legerem
1530 5258 1557 5308 ὁ
1584 5255 1756 5322 Λόγος

175 5313 304 5390 Θεὸς
325 5315 420 5380 ὢν,
455 5313 702 5390 Verbum,
728 5337 845 5372 cum
875 5321 1012 5375 Deus
1037 5322 1127 5387 sit,
1149 5325 1261 5377 lure
1281 5313 1628 5390 pr'wstitisset.
1665 5313 1757 5379 Sic

174 5386 333 5440 etiam
366 5389 493 5464 legit
525 5389 826 5464 Thirlhius.
859 5393 1012 5458 Quod
1036 5386 1290 5464 ispectat'
1314 5397 1379 5449 ad
1430 5397 1558 5449 illud
1595 5393 1757 5464 γινώ-

178 5473 408 5522 σκοντες,
440 5460 636 5514 similia
672 5463 877 5531 passim
907 5463 1048 5532 apud
1080 5461 1356 5518 Justinum
1385 5460 1629 5536 exempla
1662 5482 1754 5520 oe-

175 5541 409 5582 currunt.

225 5596 346 5682 .(67)
367 5599 478 5654 Τοῦ
497 5599 593 5682 καί
616 5600 870 5682 adrade“.
887 5602 951 5682 Il.
971 5604 1159 5682 Steph.
1179 5607 1461 5682 legendum
1489 5615 1640 5682 putat
1661 5607 1751 5662 τοῦ

176 5672 412 5749 ςιέιματος
445 5672 540 5749 καὶ
569 5673 808 5749 πάντως.
828 5674 943 5749 _Se_d
994 5672 1106 5749 lure
1161 5672 1391 5732 absurda
1442 5672 1752 5733 emendatio

175 5739 273 5819 loci
305 5742 493 5819 integri
539 5753 603 5819 et
647 5745 789 5819 sani.
827 5744 970 5799 Infra
1004 5747 1192 5819 eadem
1228 5751 1470 5803 occurrit
1500 5751 1750 5819 loquendi

176 5810 306 5863 ratio
331 5830 381 5864 ιι.
415 5811 503 5865 55.
531 5811 766 5888 Grabins
795 5825 945 5888 putat
975 5818 1244 5871 excidisse
1276 5835 1341 5872 ex
1373 5810 1605 5888 utroque
1634 5820 1752 5874 loco

177 5895 346 5939 \ucetu
398 5885 596 5948 παντὸς
652 5884 720 5941 ob
765 5887 1069 5956 proximum
1125 5888 1254 5944 illud
1309 5884 1541 5955 πάντως.
1571 5890 1676 5946 Sed
1704 5893 1749 5946 si

1871 4679 2014 4744 ditus
2040 4687 2217 4740 editor
2259 4682 2643 4743 Londinensis,
2691 4683 2783 4750 qui
2829 4679 3026 4735 Justini
3087 4683 3358 4748 vulgatam
3393 4683 3464 4736 le-

1864 4760 2100 4813 ctionem
2136 4755 2316 4824 ﬁrmat
2363 4752 2467 4806 hoc
2497 4767 2654 4806 versu
2697 4752 2994 4822 Euripidis,
3033 4752 3245 4824 βροτοῖς
3285 4753 3460 4807 ἅπασι

1866 4827 2151 4883 κατθανεῖν
2179 4823 2472 4893 ὀφείλεται.

1937 4900 2045 4971 (ϋὸ)
2085 4892 2412 4971 ,κειμένους
2451 4894 2698 4971 νόμους.
2742 4892 2890 4971 Salis
2937 4895 3198 4965 praeclare
3246 4895 3459 4971 Tertul-

1865 4965 2041 5024 liaiius
2062 4970 2124 5022 ὃ.
2157 4968 2410 5036 Martyris
2438 4965 2701 5035 vestigiis,
2731 4983 2750 5016 ι
2780 4966 2885 5019 Sed
2907 4975 3106 5035 quanta
3135 4968 3457 5030 auctoritas,

1864 5041 2060 5110 inquit,
2095 5039 2270 5106 legum
2298 5041 2689 5110 humanarum,
2709 5052 2828 5110 eum
2861 5037 2979 5110 illas
3009 5051 3064 5110 et
3092 5039 3327 5110 evadere
3350 5039 3460 5110 hu-

1863 5106 1993 5164 mini
2027 5110 2300 5173 contingat
2333 5107 2648 5174 plerumque
2682 5109 2732 5159 iu
2758 5106 3007 5161 admissis
3027 5107 3383 5172 deliteseeuli,
3405 5118 3458 5161 et

1863 5181 2521 5250 aliquandocontemnere
2544 5192 2611 5228 ex
2645 5176 3099 5250 involuntatevel
3130 5179 3458 5250 necessitate

1863 5247 2294 5314 delinquenti....
2326 5249 2606 5301 enimvero
2639 5262 2758 5309 nos,
2789 5249 2880 5314 qui
2931 5248 3032 5300 sub
3069 5247 3177 5300 Deo
3212 5249 3452 5300 omnium

1863 5268 2025 5306 deum
2052 5268 2294 5302 ll6llll....
2326 5268 2606 5301 CIIIIIIVCI‘U
2639 5268 2758 5309 1105,
2789 5268 2880 5314 (IIII
2931 5268 3032 5300 SUI)
3069 5268 3177 5300 UCU
3212 5268 3452 5300 Olllllllllll

1861 5268 2205 5391 specuiatore
2242 5316 2651 5391 dispungimur,
2705 5319 2905 5391 quique
2967 5327 3228 5391 aeternam
3270 5315 3337 5367 ab
3387 5334 3453 5370 eo

1861 5387 2075 5462 plenam
2103 5389 2468 5462 providemus,
2501 5389 2695 5462 merito
2724 5387 2823 5462 soli
2858 5388 3180 5462 innocentiae
3202 5392 3449 5462 occurri-

1860 5457 2004 5522 inus.
2033 5457 2211 5529 et’pro
2241 5457 2481 5513 scientia:
2528 5458 2868 5525 plenitudine
2899 5468 2954 5512 et
2985 5472 3083 5522 pro
3114 5457 3447 5512 latebrarum

1859 5528 2177 5588 dilliculta’te
2208 5540 2264 5583 et
2296 5545 2394 5598 pro
2445 5528 2822 5598 magnitudine
2860 5531 3157 5588 cruciatus,
3197 5542 3304 5580 non
3331 5529 3452 5581 diii-

1862 5606 2029 5665 turni,
2061 5617 2246 5656 verum
2278 5599 2619 5667 sempiterni,
2643 5613 2766 5650 eum
2794 5599 3049 5652 timentes
3072 5612 3231 5664 quem
3255 5599 3449 5653 timeri:

1858 5675 2081 5729 debebit
2123 5685 2178 5727 et
2230 5674 2345 5742 ipse
2397 5671 2487 5737 qui
2546 5670 2801 5742 timentes
2839 5668 3299 5742 judicat,_Deu_m
3340 5687 3446 5723 nou

1859 5736 2554 5813 proconsulem'timentes.
2589 5757 2606 5787 ι
2643 5736 2797 5804 Apol.
2835 5755 2881 5792 e.
3069 5738 3279 5813 Similia
3307 5743 3446 5809 apud

1858 5810 2143 5886 Origenem
2175 5817 2448 5886 leguntur,
2614 5825 2663 5862 tv
2706 5819 2890 5886 contra
2933 5810 3100 5874 Cels,
3133 5827 3186 5880 ιι.
3219 5811 3349 5876 200,
3393 5825 3446 5864 et

1860 5880 1998 5956 apud
2031 5880 2441 5951 Eusebfl'rwp.
2484 5881 2574 5936 lib.
2616 5895 2703 5946 xv,
2737 5893 2786 5933 c.
2819 5880 2874 5937 5.
