3764 6496
255 3062 261 3068 ’
296 3063 303 3067 ’
356 3090 487 3129 vero
517 3076 699 3128 sciunt
732 3076 847 3129 ﬁeri

385 373 490 431 343

1325 372 1381 428 S.
1424 372 1692 430 JUSTlNl
1720 367 2136 430 PIIILOSOPHI
2178 374 2266 429 ET
2308 374 2667 431 MARTYRIS
3616 379 3653 433 4

384 484 470 555 da,
502 497 613 542 tum
640 488 706 542 ad
737 486 984 558 fugienda
1017 487 1299 556 supplicia.
1333 487 1518 559 Neque
1544 490 1689 545 enim
1724 490 1813 559 qui
1843 504 1910 557 pe

2113 505 2164 540 αι
2196 487 2479 542 λανθάνειν
2509 490 2823 553 ἀδικοῦντες
2850 506 2864 518 ’
2901 489 3221 562 ἀνθρώπους
3260 492 3308 545 δ’
3340 492 3501 558 ὂντας
3537 494 3665 548 λαν-

382 588 531 641 cant,
558 577 595 631 ii
621 587 842 648 propter
868 579 1075 647 positas
1100 594 1130 633 a
1159 578 1311 633 vobis
1352 579 1499 648 leges
1522 589 1577 633 et
1612 593 1799 649 pinnas
1826 578 1959 631 late-

381 687 442 726 re
474 681 775 735 conamur;
820 672 916 725 sed
947 686 1069 725 cum
1098 686 1157 726 se
1180 670 1437 738 consequi
1471 684 1631 738 posse
1680 670 1879 731 sciant,
1903 678 1961 722 ut

378 778 499 826 vos,
522 774 582 819 ut
603 772 731 834 pote
758 761 1031 826 homines,
1074 761 1299 825 lateant,
1335 760 1517 829 iniqua
1558 761 1785 814 faciunt.
1813 761 1881 813 At
1912 761 1958 813 si

376 856 695 913 didicissent
739 864 795 910 et
840 870 1153 925 persuasum
1212 852 1324 924 50
1376 854 1635 908 haberent
1692 852 1808 907 ﬁeri
1851 869 1957 906 non

374 964 559 1019 posse,
591 958 649 1003 ut
678 950 846 1005 Deum
872 948 1165 1018 quidquam
1192 946 1378 1012 lateat,
1405 961 1509 1000 non
1538 945 1699 1000 modo
1729 946 1956 1009 factum,

375 1047 477 1123 sed
501 1046 665 1101 etiam
704 1047 1030 1114 cogitatum;
1079 1042 1270 1099 saltem
1326 1056 1551 1112 propter
1589 1043 1955 1112 impendentia

372 1138 634 1208 supplicia
665 1139 1002 1194 honestatem
1028 1137 1252 1192 omnino
1281 1135 1556 1201 colerent;
1599 1135 1652 1190 id
1678 1138 1822 1206 quod
1846 1148 1899 1193 et
1926 1154 1955 1191 ο

370 1232 529 1287 vobis
574 1231 923 1286 concedetur.
980 1226 1086 1283 Sed
1131 1227 1364 1295 speciem
1399 1226 1541 1283 datis
1578 1228 1952 1292 metuentium,

371 1339 439 1377 ne
471 1339 658 1379 omnes
694 1337 849 1392 aequa
881 1322 1111 1385 faciant,
1147 1338 1247 1376 nec
1275 1321 1387 1388 jam
1424 1322 1695 1387 habeatis,
1736 1322 1790 1375 in
1821 1336 1957 1390 quos

369 1414 839 1468 aniuiadvertatis.
870 1412 1205 1469 Carnificum
1234 1414 1438 1467 saneid
1465 1411 1627 1479 foret,
1653 1427 1759 1465 non
1788 1413 1955 1466 bono-

369 1520 489 1558 rum
519 1504 849 1574 principum.
884 1503 1214 1559 Persuasum
1255 1512 1437 1558 autem
1469 1503 1754 1567 habemus,
1783 1503 1955 1556 malo-

364 1610 489 1649 rum
531 1594 836 1650 daemonum
884 1594 1224 1665 operatione,
1268 1594 1360 1663 qui
1402 1594 1611 1649 hostias
1650 1604 1708 1647 et
1747 1594 1953 1648 cultum

364 1686 437 1741 ab
485 1686 797 1741 hominibus
838 1697 1039 1756 praeter
1071 1688 1342 1743 rationem
1390 1688 1699 1741 viventibus
1742 1696 1952 1757 petunt,

364 1777 484 1833 haec
508 1793 745 1849 quoque,
771 1789 829 1831 ut
851 1779 962 1848 jam
987 1777 1245 1838 diximus,
1288 1778 1424 1834 ﬁeri.
1464 1776 1569 1834 Vos
1602 1789 1783 1832 autem
1804 1821 1819 1844 ,
1860 1780 1952 1845 qui

2063 576 2244 631 θάνειν
2276 578 2421 650 ὑμᾶς
2450 579 2676 632 δυνατὸν
2700 579 3055 652 ἐπιστάμενοι
3086 582 3383 637 ἀδικοῦσιν.
3428 586 3493 638 El
3534 586 3621 657 ἑμι
3645 617 3665 627 -

2060 669 2155 723 θον
2172 668 2282 741 (69)
2302 670 2396 724 καὶ
2421 670 2755 743 ἐπείσθησαν
2778 672 2913 727 Θεὸν
2935 674 3194 729 ἀδύνατον
3219 674 3358 730 εἶναι
3373 675 3561 733 λαθεῖν
3586 698 3663 743 τι,

2059 760 2122 812 οὐ
2149 761 2309 831 μόνον
2353 764 2747 835 πραττόμενον,
2790 764 2927 820 ἀλλὰ
2975 766 3069 819 καὶ
3112 767 3525 839 βουλευόμενον,
3560 770 3663 823 κᾶν

2059 856 2149 910 διὰ
2193 858 2262 911 τὰ
2304 858 2629 929 ἐπικείμενα
2667 860 2779 931 (70)
2819 863 2884 913 ὲκ
2930 862 3131 925 παντὸς
3182 864 3391 934 τρόπον
3442 864 3664 934 κόσμιοι

2058 942 2220 1017 ἦσαν,
2248 948 2324 1013 ὡς
2351 949 2445 1002 καὶ
2473 949 2630 1019 auat;
2654 952 2990 1023 συμφήσετε.
3023 954 3160 1006 Ἀλλ’
3187 955 3403 1009 ἐοίκατε
3425 955 3662 1010 δεδιέναι

2063 1038 2137 1109 μὴ
2165 1039 2365 1103 πάντες
2399 1040 2923 1113 δικαιοπραγήσωσι,
2958 1044 3051 1097 καὶ
3092 1046 3250 1116 ὑμεῖς
3280 1046 3375 1111 οὒς
3400 1047 3659 1112 κολάζετε

2061 1130 2172 1203 (71)
2209 1134 2289 1187 ἔτι
2310 1134 2410 1203 οὐχ
2444 1120 2871 1206 ἕξετε.’Δημίων
2903 1135 2947 1187 δ’
2982 1135 3048 1190 ἂν
3078 1136 3162 1210 εἴη
3196 1139 3256 1191 τὸ
3293 1139 3540 1193 τοιοῦτον
3566 1140 3657 1213 ἕρ-

2058 1240 2174 1293 γον,
2209 1223 2327 1277 ἀλλ’
2369 1224 2471 1278 οὐκ
2507 1226 2786 1297 ἀρχόντων
2829 1226 3073 1295 ἀγαθῶν.
3125 1230 3483 1302 Πεπείσμεθα
3521 1232 3565 1285 δ’
3596 1235 3659 1285 ἐκ

2056 1324 2326 1394 δαιμόνων
2367 1322 2606 1392 φαύλων,
2633 1324 2684 1377 οἳ
2715 1325 2809 1377 καὶ
2836 1328 2989 1397 παρὰ
3018 1326 3126 1379 τῶν
3151 1325 3364 1395 ἀλόγως
3395 1328 3657 1399 βιούντων

2056 1416 2266 1470 αίτοῦσι
2295 1415 2512 1487 θύματα
2541 1416 2637 1470 καὶ
2676 1414 2994 1488 θεραπείας,
3042 1419 3135 1472 καὶ
3175 1418 3349 1474 ταῦτα
3392 1421 3531 1492 (72),
3580 1422 3656 1485 ὡς

2058 1511 2395 1582 προέφημεν,
2425 1509 2762 1582 ἐνεργεῖσθαι
2789 1528 2803 1540 ⁸
2850 1510 2965 1565 ἀλλ’
3002 1512 3101 1582 οὐχ
3126 1511 3292 1584 ὑμᾶς,
3329 1514 3383 1567 οἴ
3410 1531 3474 1582 γε
3508 1514 3655 1566 εὐσε-

2056 1602 2205 1666 ϐείας
2233 1604 2329 1657 καὶ
2358 1602 2673 1672 φιλοσοφίας
2696 1601 2983 1674 όρέγεσθε,
3010 1602 3203 1673 ἄλογόν
3232 1623 3285 1658 τι
3311 1605 3519 1676 πρᾶξαι
3544 1607 3651 1677 (75)

2058 1694 2459 1767 ὑπειλήφαμεν.
2506 1695 2568 1748 El
2606 1694 2665 1748 δὲ
2701 1696 2795 1747 καὶ
2830 1696 2989 1765 ὑμεῖς
3029 1696 3230 1767 ὁμοίως
3262 1700 3376 1761 τοῖς
3405 1700 3654 1771 ἀνοήτοις

2058 1785 2125 1838 τὰ
2154 1782 2249 1855 ἔθη
2276 1784 2383 1855 πρὸ
2408 1784 2509 1855 τῆς
2523 1783 2783 1854 ἀληθείας
2811 1787 3028 1857 τιμᾶτε,
3048 1787 3317 1858 πράττετε
3346 1789 3376 1842 ὃ
3400 1789 3649 1845 δύνασθε.

366 1871 588 1939 pietatis
621 1880 676 1927 et
717 1869 1074 1940 ρὶιὶιοεομιιὶω
1119 1868 1349 1925 studiosi
1390 1869 1549 1935 estis,
1582 1868 1718 1923 nihil
1756 1878 1913 1937 prmte

2113 1853 2331 1932 morie-0v
2347 1853 2547 1950 (706%
2572 1853 2827 1933 δύνανται
2854 1853 2951 1934 καὶ
2976 1853 3237 1953 ἄρχοντες
3265 1883 3376 1954 πρὸ
3403 1884 3502 1954 τῆς
3529 1884 3655 1954 ἀληο

366 1963 637 2018 rationem
665 1962 907 2019 facturos
937 1963 1288 2020 arbitramur.
1315 1962 1474 2030 Quod
1504 1962 1549 2016 si
1587 1962 1687 2030 ipsi
1714 1978 1949 2032 quoque,

366 2057 552 2110 itidem
584 2065 640 2110 ut
670 2056 916 2111 homines
944 2055 1285 2125 insipientes,
1327 2054 1544 2110 Veritati
1595 2056 1950 2109 consuetudi-

364 2167 490 2205 nem
522 2152 851 2221 anteponitis
869 2193 883 2218 ,
909 2153 1051 2223 quod
1081 2152 1133 2207 in
1152 2161 1336 2208 vestra
1362 2162 1634 2222 potestate
1660 2153 1824 2207 situm
1843 2162 1949 2219 est,

364 2241 547 2297 facite.
611 2242 735 2299 Plus
783 2253 961 2299 autem
1011 2261 1116 2299 non
1172 2254 1398 2313 possunt
1454 2259 1525 2299 ne
1579 2244 1679 2315 ipsi
1729 2246 1949 2315 quidem

362 2333 673 2404 principes,
713 2336 756 2390 si
792 2337 1007 2391 veritati
1046 2338 1358 2407 opinionem
1401 2347 1755 2405 anteponant.
1784 2353 1949 2406 quam

361 2423 603 2482 latrones
645 2427 699 2481 in
748 2427 1063 2485 solitudine.
1124 2430 1198 2484 At
1264 2445 1361 2486 vos
1408 2430 1632 2485 minime
1693 2431 1951 2485 litaturos

360 2515 595 2573 Verbum
621 2519 887 2587 declarat,
914 2536 1022 2590 quo
1056 2523 1228 2592 magis
1276 2522 1507 2594 regium,
1558 2524 1843 2593 magisque
1870 2523 1951 2590 jn-

359 2616 501 2663 stum
536 2609 857 2681 principem,
891 2612 1187 2667 secuudmu
1212 2613 1511 2682 genitorem
1562 2613 1706 2668 illius
1758 2613 1945 2677 Deum,

431 2792 542 2864 (69)
556 2794 625 2846 El
644 2792 885 2864 ἐμαθον.
922 2793 1077 2863 Legit
1107 2793 1427 2864 Sylburgius
1454 2795 1502 2845 εἰ
1536 2792 1581 2845 δ’
1605 2791 1825 2863 ἔμαθον.
1857 2793 1948 2847 Ni-

431 2811 542 2916 (υιῖ)
556 2811 885 2916 usitatior.
922 2811 1077 2863 Legit
1107 2811 1427 2873 ayinurgius
1454 2811 1502 2845 ει
1536 2811 1566 2845 ο
1605 2811 1825 2863 εμαυον.
1857 2811 1945 2847 ινι-

359 2864 496 2935 Mitt
541 2866 617 2917 dit
697 2865 962 2927 lnrlbius,
1002 2866 1096 2919 sed
1128 2867 1257 2932 legit
1285 2866 1335 2917 οἱ
1383 2863 1493 2935 γάρ
1521 2863 1611 2916 διὰ
1653 2865 1800 2927 τοὺς,
1832 2877 1945 2922 etc.

364 2953 382 2984 ι
418 2934 518 3001 Qui
548 2936 697 2987 enim
729 2946 951 3003 prapter
987 2935 1132 3003 leges
1162 2946 1215 2988 et
1246 2950 1434 3003 ptenas
1465 2934 1509 2987 ’a
1557 2935 1708 2989 vobis
1737 2942 1939 2989 consti-

359 3015 504 3059 tutas
546 3004 884 3058 contendunt
931 3006 1097 3061 latere
1154 3006 1352 3071 injuste
1404 3015 1630 3074 agentes
1665 3003 1942 3074 (quoniam

892 3091 1047 3145 posse
1076 3086 1133 3129 ut
1164 3091 1259 3129 V05
1283 3118 1297 3141 ,
1353 3085 1541 3143 utpote
1570 3076 1658 3142 qui
1697 3080 1943 3131 iiOlttiltPS

355 3146 523 3219 estis,
544 3146 772 3219 lateant,
807 3146 1005 3219 injuste
1032 3147 1323 3219 agunt),si
1356 3147 1533 3219 edocti
1563 3156 1767 3209 essent,
1794 3166 1814 3197 ι
1834 3159 1939 3202 etc.

358 3216 484 3271 llam
512 3217 722 3285 legendi
760 3218 902 3272 ratio
927 3218 1098 3285 prima
1122 3216 1304 3286 specie
1340 3218 1591 3271 arridere
1620 3219 1813 3286 possit,
1848 3220 1942 3272 sed

356 3302 581 3354 prorsus
608 3288 908 3357 rcjicietur,
935 3290 979 3342 si
997 3285 1334 3356 expendatur
1360 3285 1648 3340 attentius.
1678 3285 1774 3340 llic
1796 3289 1942 3357 enim

354 3359 601 3412 Just.nus
624 3356 785 3427 quam
820 3360 1092 3427 potentior
1134 3360 1205 3412 sit
1249 3358 1507 3411 humanis
1538 3357 1746 3427 legibus
1779 3356 1943 3411 Chri-

353 3428 531 3481 stiana
563 3430 814 3483 doctrina
862 3430 1198 3483 demonstrat
1249 3430 1351 3483 hoc
1410 3438 1753 3498 argumento,
1800 3432 1942 3495 quod

352 3514 504 3566 sprm
535 3499 753 3554 fallendi
798 3502 898 3553 ista
945 3501 1243 3570 praeripiat,
1296 3501 1379 3553 liae
1428 3512 1556 3570 vero
1608 3500 1940 3567 relinquant.

354 3572 563 3624 Statuit
591 3572 770 3638 itaque
805 3568 1005 3624 latendi
1038 3568 1216 3625 studio
1247 3570 1300 3623 iii
1331 3568 1645 3625 hominibus
1680 3570 1943 3637 improbis

351 3658 461 3693 non
491 3644 874 3696 auctoritatem
908 3642 1087 3711 legum
1128 3640 1528 3705 commendari,
1579 3640 1673 3694 sed
1712 3640 1944 3693 inlirmi-

354 3722 519 3765 tatem
558 3714 736 3779 argui,
776 3729 873 3767 nec
917 3716 1091 3782 legum
1152 3723 1295 3765 metu
1320 3780 1328 3782 Α
1356 3726 1422 3765 ac
1467 3711 1769 3782 reverentia
1802 3712 1939 3763 late-

349 3782 481 3835 bras
510 3783 576 3836 ad
602 3786 811 3837 laciniis
842 3780 1035 3852 quani,
1063 3785 1156 3839 sed
1182 3800 1277 3852 spe
1308 3780 1571 3836 facinoris
1594 3780 1941 3835 absconden-

351 3799 481 3835 pras
510 3799 576 3836 au
602 3799 811 3837 tactnus
883 3800 981 3838 uae.
1000 3800 1035 3851 i,
1063 3799 1156 3839 seu
1182 3800 1277 3852 spe
1308 3799 1571 3836 iactuoris
1594 3799 1937 3835 aosconuen-

351 3853 430 3923 di,
462 3870 581 3921 qua:
611 3854 656 3907 si
693 3799 932 3918 tollatih',
990 3870 1097 3907 non
1150 3855 1258 3923 jam
1295 3852 1509 3906 facinus
1542 3854 1937 3909 committetur.

356 3922 544 3977 Utrum
588 3926 701 3979 haec
743 3925 917 3992 inepta
951 3936 997 3977 et
1034 3922 1170 3992 {una
1219 3923 1386 3977 videri
1426 3924 1628 3976 debent
1683 3938 1746 3976 ac
1798 3923 1937 3989 [teda

348 3995 674 4061 depravatio,
712 4012 779 4047 au
812 4006 1066 4063 peracuta
1098 3996 1387 4053 sententia,
1441 3994 1496 4047 in
1546 4009 1651 4062 qua
1718 4009 1934 4063 perver-

350 4068 507 4117 tenda
539 4066 623 4117 vir
660 4068 1009 4119 doctissimus
1036 4065 1367 4118 desudavit?

418 4135 529 4205 (70)
568 4136 672 4189 Διὰ
701 4136 772 4189 τὰ
800 4135 1165 4206 ἐπικείμενα.
1199 4133 1570 4205 linpendentia
1620 4136 1869 4192 videlicet
1906 4154 1939 4190 a

345 4207 461 4261 Deo
495 4207 789 4275 supplicia.

417 4277 526 4348 (7i)
549 4275 855 4336 Κολάζετε.
872 4277 1179 4347 cheudum
1210 4276 1425 4348 videtur
1451 4276 1733 4347 κολάζητε,
1752 4278 1860 4342 vel,
1879 4291 1937 4333 ut

345 4346 896 4422 Sylbnrginsposuit,
931 4346 1211 4402 κολάσετε.
1238 4377 1309 4422 -—_
1336 4346 1431 4422 [Ut
1457 4351 1596 4422 hanc
1624 4346 1931 4422 libertatein

344 4420 557 4475 dicendi
588 4420 854 4474 leniamus
874 4435 1105 4489 eamque
1128 4434 1248 4472 cum
1271 4420 1453 4473 debita
1478 4420 1640 4489 regia:
1663 4420 1933 4486 majestati

344 4492 673 4556 reverentia,
708 4504 970 4559 quantum
1027 4490 1148 4543 tieri
1205 4499 1406 4558 potest,
1437 4491 1809 4554 conciliemus,
1839 4492 1934 4546 ob-

2057 1969 2205 2033 θείας
2231 1971 2387 2037 δόξαν
2407 1971 2698 2043 τιμῶντες,
2720 1972 2841 2026 ὅσον
2864 1974 2957 2027 καὶ
2976 1975 3169 2045 λῃσταὶ
3191 1977 3249 2028 ὲν
3268 1976 3497 2047 ἐρημίᾳ.
3529 1978 3652 2030 Ὀτι

2052 2060 2099 2113 δ’
2122 2062 2183 2113 οὐ
2207 2061 2591 2134 καλλιερήσετε
2619 2062 2754 2132 (75),
2783 2066 2812 2117 ὁ
2838 2066 3007 2133 Λόγος
3036 2066 3441 2130 ἀποδείκνυσιν,
3468 2060 3527 2121 οὗ
3554 2068 3652 2137 βα-

2056 2153 2411 2207 σιλικώτατον
2440 2153 2551 2224 (76)
2592 2155 2684 2207 καὶ
2720 2157 3063 2211 δικαιότατον
3101 2158 3339 2229 ἄρχοντα
3380 2160 3519 2229 μετὰ
3558 2161 3651 2212 τὸν

2052 2249 2389 2318 γεννήσαντα
2411 2248 2563 2312 Θεὸν,
2583 2249 2770 2301 οὐδένα
2794 2250 3012 2320 οἴδαμεν
3035 2251 3289 2303 ὕντα.Ὃν
3314 2252 3427 2324 γὰρ
3454 2253 3653 2322 τρόπον

2052 2337 2387 2408 διαδέχεσθαι
2406 2339 2664 2411 πενίας,ἢ
2691 2339 2861 2411 πάθη,
2893 2342 2925 2413 ἢ
2947 2342 3163 2407 ἀδοξίας
3194 2346 3473 2416 πατρικὰς
3500 2346 3649 2415 ὑφαι-

2054 2428 2273 2499 ροῦνται
2304 2430 2505 2495 πάντες
2525 2448 2537 2461 ·
2568 2431 2742 2496 οὕτως
2768 2433 2864 2486 καὶ
2897 2434 2997 2487 ὅσα
3017 2433 3083 2489 ἂν
3114 2435 3477 2510 ὑπαγορεύσει
3501 2441 3529 2491 ὁ
3548 2440 3649 2489 Λό-

2051 2534 2145 2586 γος
2175 2521 2249 2591 μὴ
2276 2521 2386 2574 δεῖν
2408 2521 2698 2592 αἱρεῖσθαι,
2726 2526 2755 2576 ό
2776 2523 3031 2596 νουνεχὴς
3054 2525 3153 2596 οὐχ
3184 2527 3474 2598 αἱρήσεται
3513 2529 3643 2596 (77).

2051 2610 2379 2681 Γενήσεσθαι
2406 2613 2578 2667 ταῦτα
2602 2615 2780 2668 πάντα
2816 2617 3063 2685 προεῖπε,
3103 2618 3248 2687 φημὶ
3283 2617 3420 2690 (78),
3456 2620 3487 2672 ό
3516 2622 3648 2690 ὴμέ-

2050 2790 2264 2845 videtur
2290 2790 2627 2849 mutandum.

2122 2861 2237 2931 (7t)
2278 2862 2597 2916 Τοσοῦτον.
2648 2864 2773 2917 llaec
2818 2864 2982 2917 citata
3022 2878 3051 2916 a
3083 2862 3240 2919 Joan.
3289 2864 3568 2931 Damasc.,
3625 2881 3643 2919 ι

2053 2930 2267 2992 Ραναι..
2299 2948 2423 2999 cap.
2456 2934 2544 2995 58,
2586 2943 2644 2985 ut
2678 2946 2862 2988 monet
2885 2934 3140 2989 Grabius.

2120 3002 2232 3074 (75)
2273 3004 2355 3056 Οὺ
2381 3003 2830 3075 καλλιερήσετε.
2867 3003 3017 3075 lianc
3078 3019 3261 3075 vocem
3326 3004 3542 3075 Langus
3588 3017 3644 3059 et

2047 3073 2137 3127 alii
2170 3078 2248 3128 sic
2285 3073 2581 3143 accipiunt.
2607 3075 2762 3142 quasi
2795 3074 2853 3128 S.
2884 3074 3087 3144 Martyr
3111 3073 3483 3142 imperatores
3517 3077 3647 3130 lita-

2048 3154 2202 3216 turos
2231 3144 2311 3213 (It.
2349 3162 2403 3200 e.
2437 3159 2715 3216 prosperos
2738 3161 3007 3216 successu:
3029 3146 3326 3216 habituros)
3369 3158 3550 3216 neget,
3597 3148 3645 3200 si

2050 3214 2328 3297 decuriones
2369 3213 2569 3276 colere,
2617 3232 2691 3297 ae
2722 3214 3360 3297 victintasnillisoll‘erre
3392 3213 3643 3297 pergant.

2048 3286 2121 3338 At
2153 3286 2498 3359 perspicuum
2556 3296 2640 3359 est
2665 3283 2937 3359 Iustinum
2965 3285 3034 3340 de
3077 3283 3643 3359 injtista_Clii'istiatto-

2050 3372 2171 3409 rum
2205 3371 2336 3411 nece
2360 3354 2730 3423 expostulare,
2759 3371 2825 3410 ac
2860 3354 3213 3424 imperatores
3258 3355 3520 3411 litaturos
3547 3375 3646 3411 ne—

2049 3442 2206 3495 gare,
2231 3427 2275 3479 si
2322 3426 2612 3479 veritatem
2656 3426 3033 3480 consuetudini
3069 3428 3549 3495 posthabeant,et,
3588 3438 3648 3478 ut

2052 3496 2231 3550 solent
2262 3496 2502 3549 latrones
2541 3498 2591 3549 iti
2619 3496 2933 3559 solitudine,
2969 3496 3314 3551 Christianos
3339 3500 3515 3550 lurori
3540 3516 3643 3552 suo

2050 3566 2356 3619 immolent.
2390 3567 2566 3620 Simili
2593 3584 2780 3625 sensu,
2803 3567 2896 3619 sed
2932 3584 3038 3620 non
3072 3569 3193 3620 sine
3232 3568 3413 3621 ironia
3451 3568 3645 3622 Demo-

2048 3653 2175 3711 naa,
2205 3648 2341 3711 teste
2364 3635 2825 3711 Lucianoinejus
2857 3635 2993 3711 Vita,
3022 3654 3073 3705 p.
3100 3638 3204 3691 549
3231 3655 3244 3690 :
3277 3638 3646 3711 Ἀνδρεςνγάρ

2060 3706 2352 3779 έΑθηναῖοι,
2386 3707 2583 3779 inquit,
2614 3707 2849 3779 ἐμὲ
2892 3707 3126 3779 ὁρῶντες
3162 3706 3646 3779 ἐστεφανωμένον,

2046 3776 2202 3849 ὑμεῖς
2246 3778 2347 3848 ἤδη
2391 3777 2537 3849 κάμε
2586 3776 2947 3831 καταθύσατε.
2990 3778 3064 3831 Τὸ
3113 3780 3223 3849 γὰρ
3268 3776 3539 3849 πρότερον
3585 3782 3646 3832 οὐ

2045 3846 2623 3919 καλλιερήσατεζιέιιηι
2655 3866 2735 3901 me
2757 3862 3091 3913 coronatum,
3144 3846 3514 3916 Atheuienses,
3564 3854 3644 3902 vi-

2042 3921 2233 3982 dentis,
2260 3930 2487 3971 mactate
2515 3936 2615 3972 me.
2656 3919 2930 3972 Hactenus
2958 3921 3094 3973 enim
3121 3938 3225 3975 non
3247 3920 3471 3974 litaslt's.
3514 3921 3645 3975 Pro-

2045 4002 2201 4044 vocat
2228 4006 2359 4059 ergo
2386 3990 2748 4044 Atheuienses
2780 3992 3079 4053 Demonax,
3129 4001 3187 4044 ut
3230 4007 3291 4043 se
3315 4005 3643 4045 coronatum

2043 4071 2310 4131 maetent,
2345 4060 2389 4113 si
2423 4061 2585 4114 litare
2615 4062 2805 4114 velint.
2839 4061 3040 4115 Contra
3090 4063 3522 4131 imperatoribus
3552 4067 3646 4115 tle-

2042 4129 2533 4185 nuntiatJustinus
2592 4145 2687 4185 eos
2735 4150 2841 4184 non
2888 4129 3177 4197 litaturos,’
3210 4135 3254 4186 si
3287 4132 3646 4187 Christianos

2040 4201 2326 4321 {Impulerit
2362 4219 2376 4255 :
2409 4203 2577 4271 idque
2606 4202 2674 4256 ab
2703 4203 2823 4271 ipso
2856 4200 3031 4257 Verbo
3053 4206 3493 4258 detu0nstratuui
3521 4219 3645 4257 esse

2076 4287 2138 4321 cc
2161 4282 2303 4321 arat.

2039 4274 2188 4327 dccla
2199 4282 2303 4326 rat.

2108 4342 2221 4413 (76)
2271 4338 2354 4398 Οὗ
2417 4343 2922 4407 βασιλικώτατον.
2974 4341 3137 4397 Verbi
3184 4343 3645 4412 omnipotentiam

2038 4414 2127 4467 hic
2158 4416 2418 4483 pra-dieat
2447 4413 2715 4477 Justinus,
2743 4426 2803 4467 ut
2847 4416 3101 4467 ostendat
3150 4429 3434 4481 nunquam
3489 4417 3639 4468 dein.

2042 4494 2213 4546 turos,
2240 4490 2332 4552 qui
2366 4486 2434 4539 ab
2464 4504 2529 4538 eo
2555 4485 2725 4552 adjuti
2760 4497 3029 4553 praecepta
3059 4486 3178 4552 ejus
3226 4487 3389 4553 sequi
3425 4486 3639 4548 malint,

344 4564 671 4639 servandum
726 4556 815 4639 :est
871 4559 1145 4615 Iustinum
1198 4556 1509 4639 imperato-ri
1549 4561 1773 4630 ejusque
1803 4561 1930 4617 liliis
1960 4557 2006 4611 D
2035 4571 2198 4639 qutun
2226 4558 2430 4639 patrias
2452 4556 2885 4639 supet'stilioiies.

341 4650 481 4701 quos
505 4632 906 4701 alloquebatur,
944 4646 1289 4700 nequaquam
1322 4632 1621 4686 attribuere
1652 4644 1760 4685 tam
1807 4645 1933 4700 per-

339 4720 559 4758 versum
602 4702 926 4763 consilium,
976 4711 1167 4771 nteos
1218 4711 1461 4754 metuere
1514 4704 1823 4771 suspicetur
1866 4720 1935 4757 ne

340 4792 535 4829 omnes
566 4789 722 4839 :equa
753 4772 983 4842 iaciant.
1036 4770 1187 4842 lianc
1229 4770 1623 4838 cogitationem
1670 4773 1932 4842 improbis

341 4847 658 4897 hominibus
692 4840 841 4909 injici
874 4859 903 4893 ιι
936 4841 1271 4894 daemonibus
1301 4843 1545 4895 declarat
1578 4861 1591 4897 :
1635 4840 1932 4911 imperato-

342 4930 434 4969 res
486 4915 614 4967 uiuil
670 4924 860 4982 prieter
916 4912 1175 4963 rationem
1228 4911 1465 4977 [auaros
1510 4914 1754 4967 conlidit.
1813 4913 1930 4969 Non

340 5002 493 5038 suam
558 5000 690 5051 erg.)
753 4982 1027 5050 propriam
1079 4982 1389 5049 opinionem
1422 4992 1510 5035 aut
1561 4984 1930 5050 sus‘picioaeui

340 5060 570 5123 prolert,
593 5056 688 5109 sed
714 5054 767 5106 id
787 5054 1157 5120 objicit,quod
1184 5052 1423 5106 nonnulli
1450 5069 1516 5106 ex
1540 5055 1928 5122 imperatorum

339 5128 533 5196 agendi
593 5126 801 5178 ratione
845 5124 1104 5193 colligere
1162 5134 1421 5192 possent;
1474 5127 1628 5193 quasi
1671 5127 1927 5179 diceret:

337 5198 685 5250 Christianos
715 5210 992 5262 persequi,
1042 5209 1272 5263 quorum
1308 5205 1414 5247 tam
1449 5196 1596 5249 utilis
1626 5198 1695 5250 ad
1738 5197 1928 5249 vitium

338 5269 748 5337 exstirpandum
776 5266 1048 5328 doetrina,
1080 5266 1357 5318 hominum
1391 5267 1609 5319 videtur
1662 5283 1783 5321 esse
1818 5284 1929 5320 tite-

362 5342 605 5392 uentiutn
628 5379 642 5402 ,
685 5352 753 5390 ne
800 5352 995 5389 omnes
1026 5350 1180 5402 wqoa
1212 5338 1434 5390 laciant.
1471 5337 1526 5388 ln
1571 5338 1654 5391 his
1684 5354 1805 5405 qua:
1841 5355 1929 5392 se-

354 5422 604 5477 juuntur,
656 5405 986 5473 Carm/icum
1033 5422 1160 5477 sane
1206 5412 1259 5474 id
1307 5410 1465 5475 foret,
1524 5426 1624 5461 non
1670 5410 1927 5462 bonorum

338 5476 665 5549 principum,
698 5480 928 5530 ﬁdenter
956 5476 1117 5543 hujus
1151 5479 1265 5531 vitii
1312 5480 1702 5545 turpitudinem
1746 5481 1930 5533 decla-

335 5562 446 5611 rat,
481 5564 539 5603 ut
574 5552 700 5604 illud
727 5551 777 5601 in
815 5549 1201 5616 imperatorem
1252 5550 1479 5616 ejusque
1523 5552 1665 5604 liltos
1705 5553 1930 5606 minime

335 5624 532 5692 cadere
563 5618 953 5692 demonstret.]
973 5617 1057 5671 Ex
1082 5620 1346 5673 Addendis
1374 5615 1421 5672 et
1440 5615 1818 5676 Emeudundis.

407 5691 521 5763 (72)
560 5693 671 5745 Καὶ
697 5690 901 5745 ταῦτα.
936 5690 1141 5759 Nempe
1162 5692 1604 5746 absurdissimam
1655 5696 1802 5747 illam
1831 5711 1925 5748 co-

334 5773 652 5831 gitationem
680 5776 734 5814 et
763 5774 962 5815 metunt
996 5780 1064 5815 ne
1095 5779 1285 5815 omnes
1316 5778 1465 5831 a-qua
1497 5764 1719 5817 lactant.

328 5904 329 5907 η
408 5832 521 5905 (75)
562 5831 813 5901 Πρᾶξαι.
840 5834 908 5889 ll.
937 5834 1131 5906 Steph.
1172 5833 1351 5892 mallet
1394 5834 1640 5905 πράξειν,
1667 5838 1763 5894 sed
1788 5836 1925 5893 nihil

2109 4622 2376 4695 (77ῙΟὺχ
2403 4622 2732 4693 αΙρήσεται.
2765 4626 2878 4678 Non
2913 4625 3051 4677 male
3086 4622 3323 4679 Grabius
3372 4626 3647 4680 subintel-

2037 4696 2313 4765 ligendum
2348 4708 2525 4765 putat,
2555 4696 2767 4749 etiamsi
2796 4697 2969 4762 patrio
3002 4712 3146 4748 more
3176 4698 3281 4748 sint
3311 4706 3552 4764 receptu,
3590 4709 3647 4750 ut

2036 4778 2299 4821 accurata
2330 4777 2402 4819 sit
2424 4768 2765 4836 comparatio
2806 4779 2951 4819 inter
2977 4784 3041 4819 ea
3069 4781 3191 4834 qua:
3218 4784 3248 4819 a
3291 4765 3474 4820 Verbo
3521 4783 3649 4837 pro-

2035 4839 2207 4892 hibita
2241 4838 2322 4890 vir
2348 4839 2587 4906 prudens
2626 4854 2733 4891 noti
2764 4837 2950 4905 eliget,
2973 4848 3027 4890 et
3074 4853 3137 4887 ea
3169 4854 3292 4904 qua:
3342 4841 3585 4907 quisque
3618 4858 3647 4893 a

2035 4910 2283 4976 patribus
2315 4908 2634 4962 haereditate
2670 4910 2923 4975 accipere
2965 4908 3310 4963 reformidat.

2106 4979 2218 5050 (78)
2256 4981 2430 5046 Φημί.
2462 4980 2715 5033 lielcrtur
2746 4982 2846 5031 ltoc
2874 4983 3095 5030 verbum
3130 4986 3197 5029 ad
3230 4996 3295 5031 ea
3324 4995 3454 5047 quae
3483 4983 3647 5049 paulo

2034 5062 2163 5103 ante
2179 5052 2603 5113 dixitJUstiuus,
2629 5065 2822 5116 nempe
2846 5051 3204 5116 imperatores
3223 5068 3327 5103 non
3354 5052 3644 5115 litaturos,

2032 5124 2077 5174 si
2107 5127 2450 5175 christianos
2480 5132 2742 5183 tuacteut,
2775 5122 2939 5188 idque
2974 5136 3003 5171 a
3038 5117 3213 5173 Verbo
3263 5126 3643 5176 demonstrari

2032 5194 2315 5249 etdoceri.
2380 5199 2560 5258 Quare
2620 5206 2724 5243 non
2789 5192 3134 5243 incommode
3191 5192 3345 5254 illttd,
3395 5194 3641 5261 inquam,

2034 5274 2278 5331 usurpat,
2311 5262 2400 5315 ubi
2449 5262 2726 5329 explicare
2780 5262 3018 5315 instituit
3057 5264 3334 5330 quomodo
3392 5262 3638 5316 Verbum

2032 5335 2282 5387 docuerit
2316 5335 2502 5387 inanes
2534 5334 2650 5386 l'ore
2673 5343 3083 5401 persecuturum
3132 5343 3394 5388 conatus.
3428 5333 3645 5404 Duplici

2032 5408 2175 5457 enim
2230 5407 2459 5458 rationis
2519 5417 2793 5456 momento
2848 5414 3138 5456 veritatem
3180 5406 3391 5457 Christi
3436 5410 3638 5473 praedi-

2031 5477 2230 5529 ctionis
2255 5480 2613 5530 demonstrat.
2672 5476 2750 5527 Ac
2796 5489 3033 5543 primum
3083 5477 3305 5543 quidem
3335 5489 3542 5542 repetit
3574 5493 3642 5529 ei

2031 5547 2203 5614 ipsius
2231 5548 2438 5601 Christi
2473 5545 2775 5612 majestate,
2805 5548 2929 5613 qui,
2980 5560 3103 5597 cum
3151 5563 3433 5600 summum
3485 5564 3643 5600 excr-

2031 5630 2155 5670 ceat
2186 5634 2308 5670 cum
2338 5619 2503 5671 Patre
2528 5621 2845 5683 imperium,
2869 5615 3213 5670 Christianos
3244 5634 3377 5670 suos
3431 5620 3506 5671 ita
3555 5638 3641 5671 to-

2032 5688 2266 5753 borabit,
2302 5703 2359 5741 ut
2388 5703 2727 5757 qu.ecunque
2758 5690 2945 5756 lugere
2968 5700 3289 5755 prazcepertt
3310 5729 3326 5750 ,
3354 5690 3426 5741 ab
3457 5691 3523 5742 iis
3556 5709 3640 5744 rc-

2030 5759 2261 5828 fugiant,
2295 5771 2351 5813 ut
2403 5763 2492 5812 alii
2529 5762 2776 5811 homines
2809 5778 2837 5809 a
2883 5770 3204 5826 paupertate
3235 5770 3289 5812 et
3324 5770 3535 5815 morbis
3591 5772 3641 5815 et

2030 5836 2330 5901 ignominia
2359 5834 2611 5901 relegere
2643 5830 2837 5886 solent.
2886 5829 2996 5887 sed
3026 5846 3153 5901 qum
3180 5835 3248 5884 de
3296 5833 3503 5889 ωηιδιι
3560 5838 3640 5890 dt-
