  <div class='ocr_page' id='page_1' title='image "/cluster/home/n/w/nwhite01/storage/ocr_20150623/6/hvd.32044019206606/183.png"; bbox 0 0 3764 6496; ppageno 0'>
   <div class='ocr_carea' id='block_1_1' title="bbox 444 385 543 439">
    <p class='ocr_par' dir='ltr' id='par_1_1' title="bbox 444 385 543 439">
     <span class='ocr_line' id='line_1_1' title="bbox 444 385 543 439; baseline -0.01 0"><span class='ocrx_word' id='word_1_1' title='bbox 444 385 543 439; x_wconf 73' lang='lat'><strong><em>531</em></strong></span> 
     </span>
    </p>
   </div>
   <div class='ocr_carea' id='block_1_2' title="bbox 1398 368 2725 435">
    <p class='ocr_par' dir='ltr' id='par_1_2' title="bbox 1398 368 2725 435">
     <span class='ocr_line' id='line_1_2' title="bbox 1398 368 2725 435; baseline -0.006 -3"><span class='ocrx_word' id='word_1_2' title='bbox 1398 379 1455 435; x_wconf 91' lang='lat' dir='ltr'><strong><em>S.</em></strong></span> <span class='ocrx_word' id='word_1_3' title='bbox 1497 377 1761 434; x_wconf 76' lang='lat' dir='ltr'><strong><em>JUSTINI</em></strong></span> <span class='ocrx_word' id='word_1_4' title='bbox 1792 370 2200 430; x_wconf 79' lang='lat' dir='ltr'><strong><em>PHILOSOPIII</em></strong></span> <span class='ocrx_word' id='word_1_5' title='bbox 2240 371 2328 425; x_wconf 84' lang='lat' dir='ltr'><strong>ET</strong></span> <span class='ocrx_word' id='word_1_6' title='bbox 2368 368 2725 425; x_wconf 77' lang='lat' dir='ltr'><strong><em>MARTYRIS</em></strong></span> 
     </span>
    </p>
   </div>
   <div class='ocr_carea' id='block_1_3' title="bbox 3592 361 3704 416">
    <p class='ocr_par' dir='ltr' id='par_1_3' title="bbox 3592 361 3704 416">
     <span class='ocr_line' id='line_1_3' title="bbox 3592 361 3704 416; baseline -0.036 0"><span class='ocrx_word' id='word_1_7' title='bbox 3592 361 3704 416; x_wconf 72' lang='lat'><strong><em>352</em></strong></span> 
     </span>
    </p>
   </div>
   <div class='ocr_carea' id='block_1_4' title="bbox 441 475 1943 566">
    <p class='ocr_par' dir='ltr' id='par_1_4' title="bbox 441 490 1940 566">
     <span class='ocr_line' id='line_1_4' title="bbox 441 490 1940 566; baseline -0.005 -17"><span class='ocrx_word' id='word_1_8' title='bbox 441 497 532 566; x_wconf 86' lang='lat' dir='ltr'><strong><em>qui</em></strong></span> <span class='ocrx_word' id='word_1_9' title='bbox 560 496 682 549; x_wconf 85' lang='lat' dir='ltr'><strong><em>odio</em></strong></span> <span class='ocrx_word' id='word_1_10' title='bbox 730 511 814 547; x_wconf 88' lang='lat' dir='ltr'><strong><em>vos</em></strong></span> <span class='ocrx_word' id='word_1_11' title='bbox 848 502 1234 562; x_wconf 86' lang='lat' dir='ltr'><strong><em>persequuntur</em></strong></span> <span class='ocrx_word' id='word_1_12' title='bbox 1255 492 1322 545; x_wconf 84' lang='grc'><strong><em>³⁹.</em></strong></span> <span class='ocrx_word' id='word_1_13' title='bbox 1358 491 1659 546; x_wconf 84' lang='lat' dir='ltr'><strong><em>Benedicite</em></strong></span> <span class='ocrx_word' id='word_1_14' title='bbox 1689 490 1940 544; x_wconf 84' lang='lat' dir='ltr'><strong><em>maledice</em></strong></span> 
     </span>
    </p>
   </div>
   <div class='ocr_carea' id='block_1_5' title="bbox 2140 475 3702 566">
    <p class='ocr_par' dir='ltr' id='par_1_5' title="bbox 2140 475 3702 558">
     <span class='ocr_line' id='line_1_5' title="bbox 2140 475 3702 558; baseline -0.01 -18"><span class='ocrx_word' id='word_1_15' title='bbox 2140 488 2208 540; x_wconf 68' lang='lat' dir='ltr'><strong><em>ut</em></strong></span> <span class='ocrx_word' id='word_1_16' title='bbox 2241 487 2352 558; x_wconf 76' lang='grc' dir='ltr'><strong><em>γὰρ</em></strong></span> <span class='ocrx_word' id='word_1_17' title='bbox 2375 489 2428 540; x_wconf 85' lang='grc' dir='ltr'><strong><em>οί</em></strong></span> <span class='ocrx_word' id='word_1_18' title='bbox 2458 502 2667 554; x_wconf 85' lang='grc' dir='ltr'><em>πορνοι</em></span> <span class='ocrx_word' id='word_1_19' title='bbox 2713 482 2882 536; x_wconf 81' lang='grc' dir='ltr'><em>τοῦτο</em></span> <span class='ocrx_word' id='word_1_20' title='bbox 2912 481 3209 534; x_wconf 76' lang='grc' dir='ltr'><em>ποιοῦσιν.</em></span> <span class='ocrx_word' id='word_1_21' title='bbox 3251 477 3402 549; x_wconf 81' lang='grc' dir='ltr'><strong><em>Ἐγὼ</em></strong></span> <span class='ocrx_word' id='word_1_22' title='bbox 3441 475 3509 528; x_wconf 86' lang='grc' dir='ltr'><strong><em>δὲ</em></strong></span> <span class='ocrx_word' id='word_1_23' title='bbox 3549 475 3702 544; x_wconf 79' lang='grc' dir='ltr'><em>ὑμῖν</em></span> 
     </span>
    </p>
   </div>
   <div class='ocr_carea' id='block_1_6' title="bbox 440 582 2004 654">
    <p class='ocr_par' dir='ltr' id='par_1_6' title="bbox 440 582 2004 654">
     <span class='ocr_line' id='line_1_6' title="bbox 440 582 2004 654; baseline -0.002 -13"><span class='ocrx_word' id='word_1_24' title='bbox 440 588 580 641; x_wconf 82' lang='lat' dir='ltr'><strong><em>tibus</em></strong></span> <span class='ocrx_word' id='word_1_25' title='bbox 610 586 776 650; x_wconf 88' lang='lat' dir='ltr'><strong><em>vobis,</em></strong></span> <span class='ocrx_word' id='word_1_26' title='bbox 805 594 854 638; x_wconf 89' lang='lat' dir='ltr'><strong><em>et</em></strong></span> <span class='ocrx_word' id='word_1_27' title='bbox 891 595 1038 638; x_wconf 88' lang='lat' dir='ltr'><strong><em>orate</em></strong></span> <span class='ocrx_word' id='word_1_28' title='bbox 1091 600 1187 654; x_wconf 90' lang='lat' dir='ltr'><strong><em>pro</em></strong></span> <span class='ocrx_word' id='word_1_29' title='bbox 1236 584 1680 638; x_wconf 74' lang='lat' dir='ltr'><strong><em>calumniantibus</em></strong></span> <span class='ocrx_word' id='word_1_30' title='bbox 1718 599 1808 638; x_wconf 87' lang='lat' dir='ltr'><strong><em>vos</em></strong></span> <span class='ocrx_word' id='word_1_31' title='bbox 1827 583 1897 638; x_wconf 74' lang='lat'><strong><em>‘°.</em></strong></span> <span class='ocrx_word' id='word_1_32' title='bbox 1938 582 2004 638; x_wconf 81' lang='lat' dir='ltr'><strong><em>Ut</em></strong></span> 
     </span>
    </p>
   </div>
   <div class='ocr_carea' id='block_1_7' title="bbox 439 675 2004 744">
    <p class='ocr_par' dir='ltr' id='par_1_7' title="bbox 439 675 2004 744">
     <span class='ocr_line' id='line_1_7' title="bbox 439 675 2004 744; baseline -0.002 -11"><span class='ocrx_word' id='word_1_33' title='bbox 439 691 621 733; x_wconf 83' lang='lat' dir='ltr'><strong><em>autem</em></strong></span> <span class='ocrx_word' id='word_1_34' title='bbox 674 687 860 732; x_wconf 88' lang='lat' dir='ltr'><strong><em>nostra</em></strong></span> <span class='ocrx_word' id='word_1_35' title='bbox 915 675 1382 731; x_wconf 86' lang='lat' dir='ltr'><strong><em>communicenms</em></strong></span> <span class='ocrx_word' id='word_1_36' title='bbox 1419 692 1540 729; x_wconf 90' lang='lat' dir='ltr'><strong><em>cum</em></strong></span> <span class='ocrx_word' id='word_1_37' title='bbox 1572 675 1874 744; x_wconf 72' lang='lat' dir='ltr'><strong><em>egentibus,</em></strong></span> <span class='ocrx_word' id='word_1_38' title='bbox 1905 691 2004 730; x_wconf 83' lang='lat' dir='ltr'><strong><em>nec</em></strong></span> 
     </span>
    </p>
   </div>
   <div class='ocr_carea' id='block_1_8' title="bbox 437 765 2004 838">
    <p class='ocr_par' dir='ltr' id='par_1_8' title="bbox 437 765 2004 838">
     <span class='ocr_line' id='line_1_8' title="bbox 437 765 2004 838; baseline -0.003 -16"><span class='ocrx_word' id='word_1_39' title='bbox 437 769 733 838; x_wconf 83' lang='lat' dir='ltr'><strong>quidquam</strong></span> <span class='ocrx_word' id='word_1_40' title='bbox 765 768 952 838; x_wconf 69' lang='lat' dir='ltr'><strong><em>gloria:</em></strong></span> <span class='ocrx_word' id='word_1_41' title='bbox 977 782 1143 822; x_wconf 85' lang='lat' dir='ltr'><strong><em>causa</em></strong></span> <span class='ocrx_word' id='word_1_42' title='bbox 1180 766 1466 832; x_wconf 77' lang='lat' dir='ltr'><strong><em>faciamus,</em></strong></span> <span class='ocrx_word' id='word_1_43' title='bbox 1497 767 1614 819; x_wconf 62' lang='lat' dir='ltr'><strong><em>haec</em></strong></span> <span class='ocrx_word' id='word_1_44' title='bbox 1643 766 1786 819; x_wconf 84' lang='lat' dir='ltr'><strong><em>dixit</em></strong></span> <span class='ocrx_word' id='word_1_45' title='bbox 1809 781 1823 819; x_wconf 89' lang='lat'><strong>:</strong></span> <span class='ocrx_word' id='word_1_46' title='bbox 1846 765 2004 819; x_wconf 84' lang='lat' dir='ltr'><strong><em>Omni</em></strong></span> 
     </span>
    </p>
   </div>
   <div class='ocr_carea' id='block_1_9' title="bbox 436 858 2006 930">
    <p class='ocr_par' dir='ltr' id='par_1_9' title="bbox 436 858 2006 930">
     <span class='ocr_line' id='line_1_9' title="bbox 436 858 2006 930; baseline -0.003 -16"><span class='ocrx_word' id='word_1_47' title='bbox 436 862 631 930; x_wconf 86' lang='lat' dir='ltr'><strong><em>petenti</em></strong></span> <span class='ocrx_word' id='word_1_48' title='bbox 679 861 802 913; x_wconf 85' lang='lat' dir='ltr'><strong><em>d‘ate</em></strong></span> <span class='ocrx_word' id='word_1_49' title='bbox 827 899 841 921; x_wconf 92' lang='lat'><strong><em>,</em></strong></span> <span class='ocrx_word' id='word_1_50' title='bbox 869 868 920 913; x_wconf 86' lang='lat' dir='ltr'><strong><em>et</em></strong></span> <span class='ocrx_word' id='word_1_51' title='bbox 953 869 1138 912; x_wconf 84' lang='lat' dir='ltr'><strong><em>mutuo</em></strong></span> <span class='ocrx_word' id='word_1_52' title='bbox 1177 875 1383 912; x_wconf 80' lang='lat' dir='ltr'><strong><em>sumere</em></strong></span> <span class='ocrx_word' id='word_1_53' title='bbox 1414 858 1668 912; x_wconf 87' lang='lat' dir='ltr'><strong><em>volentem</em></strong></span> <span class='ocrx_word' id='word_1_54' title='bbox 1707 875 1770 912; x_wconf 90' lang='lat' dir='ltr'><strong><em>ne</em></strong></span> <span class='ocrx_word' id='word_1_55' title='bbox 1800 875 2006 912; x_wconf 83' lang='lat' dir='ltr'><strong><em>averse-</em></strong></span> 
     </span>
    </p>
   </div>
   <div class='ocr_carea' id='block_1_10' title="bbox 435 948 2002 1017">
    <p class='ocr_par' dir='ltr' id='par_1_10' title="bbox 435 948 2002 1017">
     <span class='ocr_line' id='line_1_10' title="bbox 435 948 2002 1017; baseline 0.001 -16"><span class='ocrx_word' id='word_1_56' title='bbox 435 950 565 1002; x_wconf 85' lang='lat' dir='ltr'><strong><em>mini</em></strong></span> <span class='ocrx_word' id='word_1_57' title='bbox 589 949 654 1003; x_wconf 78' lang='grc'><strong><em>⁸⁵⁸.</em></strong></span> <span class='ocrx_word' id='word_1_58' title='bbox 694 949 754 1003; x_wconf 83' lang='lat' dir='ltr'><strong><em>St</em></strong></span> <span class='ocrx_word' id='word_1_59' title='bbox 787 965 1011 1017; x_wconf 87' lang='lat' dir='ltr'><strong><em>namque</em></strong></span> <span class='ocrx_word' id='word_1_60' title='bbox 1059 958 1242 1002; x_wconf 88' lang='lat' dir='ltr'><strong><em>mutuo</em></strong></span> <span class='ocrx_word' id='word_1_61' title='bbox 1292 950 1376 1000; x_wconf 90' lang='lat' dir='ltr'><strong><em>his</em></strong></span> <span class='ocrx_word' id='word_1_62' title='bbox 1417 948 1556 1001; x_wconf 89' lang='lat' dir='ltr'><strong><em>datis</em></strong></span> <span class='ocrx_word' id='word_1_63' title='bbox 1604 966 1636 1001; x_wconf 89' lang='lat' dir='ltr'><strong><em>a</em></strong></span> <span class='ocrx_word' id='word_1_64' title='bbox 1678 949 1869 1016; x_wconf 90' lang='lat' dir='ltr'><strong><em>quibus</em></strong></span> <span class='ocrx_word' id='word_1_65' title='bbox 1915 967 2002 1003; x_wconf 90' lang='lat' dir='ltr'><strong><em>vos</em></strong></span> 
     </span>
    </p>
   </div>
   <div class='ocr_carea' id='block_1_11' title="bbox 436 1041 2003 1110">
    <p class='ocr_par' dir='ltr' id='par_1_11' title="bbox 436 1041 2003 1110">
     <span class='ocr_line' id='line_1_11' title="bbox 436 1041 2003 1110; baseline 0.004 -18"><span class='ocrx_word' id='word_1_66' title='bbox 436 1051 732 1108; x_wconf 78' lang='lat' dir='ltr'><strong><em>recepturos</em></strong></span> <span class='ocrx_word' id='word_1_67' title='bbox 781 1042 1024 1108; x_wconf 88' lang='lat' dir='ltr'><strong><em>speratis,</em></strong></span> <span class='ocrx_word' id='word_1_68' title='bbox 1066 1043 1194 1110; x_wconf 84' lang='lat' dir='ltr'><strong><em>quid</em></strong></span> <span class='ocrx_word' id='word_1_69' title='bbox 1230 1041 1347 1095; x_wconf 86' lang='lat' dir='ltr'><strong><em>novi</em></strong></span> <span class='ocrx_word' id='word_1_70' title='bbox 1396 1041 1854 1110; x_wconf 78' lang='lat' dir='ltr'><strong><em>facitis?faciunt</em></strong></span> <span class='ocrx_word' id='word_1_71' title='bbox 1904 1044 2003 1098; x_wconf 85' lang='lat' dir='ltr'><strong><em>hoc</em></strong></span> 
     </span>
    </p>
   </div>
   <div class='ocr_carea' id='block_1_12' title="bbox 431 1131 2000 1200">
    <p class='ocr_par' dir='ltr' id='par_1_12' title="bbox 431 1131 2000 1200">
     <span class='ocr_line' id='line_1_12' title="bbox 431 1131 2000 1200; baseline 0.004 -16"><span class='ocrx_word' id='word_1_72' title='bbox 431 1142 480 1184; x_wconf 87' lang='lat' dir='ltr'><strong><em>et</em></strong></span> <span class='ocrx_word' id='word_1_73' title='bbox 509 1132 776 1200; x_wconf 86' lang='lat' dir='ltr'><strong><em>publicani</em></strong></span> <span class='ocrx_word' id='word_1_74' title='bbox 792 1132 856 1185; x_wconf 64' lang='grc'><strong><em>⁸³.</em></strong></span> <span class='ocrx_word' id='word_1_75' title='bbox 899 1131 998 1186; x_wconf 82' lang='lat' dir='ltr'><strong><em>Vos</em></strong></span> <span class='ocrx_word' id='word_1_76' title='bbox 1025 1145 1202 1186; x_wconf 88' lang='lat' dir='ltr'><strong><em>autem</em></strong></span> <span class='ocrx_word' id='word_1_77' title='bbox 1251 1133 1414 1188; x_wconf 86' lang='lat' dir='ltr'><strong><em>nolite</em></strong></span> <span class='ocrx_word' id='word_1_78' title='bbox 1463 1135 1831 1189; x_wconf 81' lang='lat' dir='ltr'><strong><em>thesaurizare</em></strong></span> <span class='ocrx_word' id='word_1_79' title='bbox 1856 1137 2000 1190; x_wconf 83' lang='lat' dir='ltr'><strong><em>vobis</em></strong></span> 
     </span>
    </p>
   </div>
   <div class='ocr_carea' id='block_1_13' title="bbox 431 1220 2000 1296">
    <p class='ocr_par' dir='ltr' id='par_1_13' title="bbox 431 1220 2000 1296">
     <span class='ocr_line' id='line_1_13' title="bbox 431 1220 2000 1296; baseline 0.001 -20"><span class='ocrx_word' id='word_1_80' title='bbox 431 1220 539 1292; x_wconf 81' lang='lat'><strong>53</strong></span> <span class='ocrx_word' id='word_1_81' title='bbox 569 1225 840 1277; x_wconf 84' lang='lat' dir='ltr'><strong><em>thesauros</em></strong></span> <span class='ocrx_word' id='word_1_82' title='bbox 860 1224 914 1276; x_wconf 89' lang='lat' dir='ltr'><strong><em>in</em></strong></span> <span class='ocrx_word' id='word_1_83' title='bbox 938 1234 1097 1288; x_wconf 88' lang='lat' dir='ltr'><strong><em>terra,</em></strong></span> <span class='ocrx_word' id='word_1_84' title='bbox 1127 1225 1215 1278; x_wconf 90' lang='lat' dir='ltr'><strong><em>ubi</em></strong></span> <span class='ocrx_word' id='word_1_85' title='bbox 1247 1240 1423 1296; x_wconf 75' lang='lat' dir='ltr'><strong><em>wrugo</em></strong></span> <span class='ocrx_word' id='word_1_86' title='bbox 1456 1236 1505 1279; x_wconf 90' lang='lat' dir='ltr'><strong><em>et</em></strong></span> <span class='ocrx_word' id='word_1_87' title='bbox 1536 1226 1679 1280; x_wconf 90' lang='lat' dir='ltr'><strong><em>tinea</em></strong></span> <span class='ocrx_word' id='word_1_88' title='bbox 1699 1225 2000 1292; x_wconf 82' lang='lat' dir='ltr'><strong><em>demolitur,</em></strong></span> 
     </span>
    </p>
   </div>
   <div class='ocr_carea' id='block_1_14' title="bbox 431 1311 2001 1382">
    <p class='ocr_par' dir='ltr' id='par_1_14' title="bbox 431 1311 2001 1382">
     <span class='ocr_line' id='line_1_14' title="bbox 431 1311 2001 1382; baseline 0.004 -20"><span class='ocrx_word' id='word_1_89' title='bbox 431 1321 477 1363; x_wconf 90' lang='lat' dir='ltr'><strong><em>et</em></strong></span> <span class='ocrx_word' id='word_1_90' title='bbox 504 1311 777 1378; x_wconf 64' lang='lat' dir='ltr'><strong><em>pradones</em></strong></span> <span class='ocrx_word' id='word_1_91' title='bbox 799 1313 1055 1382; x_wconf 70' lang='lat' dir='ltr'><strong><em>effodiunt</em></strong></span> <span class='ocrx_word' id='word_1_92' title='bbox 1075 1326 1093 1366; x_wconf 91' lang='lat'><strong><em>:</em></strong></span> <span class='ocrx_word' id='word_1_93' title='bbox 1117 1317 1208 1367; x_wconf 88' lang='lat' dir='ltr'><strong><em>sed</em></strong></span> <span class='ocrx_word' id='word_1_94' title='bbox 1229 1314 1587 1369; x_wconf 83' lang='lat' dir='ltr'><strong><em>thesaurizate</em></strong></span> <span class='ocrx_word' id='word_1_95' title='bbox 1612 1315 1759 1369; x_wconf 84' lang='lat' dir='ltr'><strong><em>vobis</em></strong></span> <span class='ocrx_word' id='word_1_96' title='bbox 1789 1315 2001 1370; x_wconf 79' lang='lat' dir='ltr'><strong><em>thesau-</em></strong></span> 
     </span>
    </p>
   </div>
   <div class='ocr_carea' id='block_1_15' title="bbox 430 1405 2002 1475">
    <p class='ocr_par' dir='ltr' id='par_1_15' title="bbox 430 1405 2002 1475">
     <span class='ocr_line' id='line_1_15' title="bbox 430 1405 2002 1475; baseline 0.003 -21"><span class='ocrx_word' id='word_1_97' title='bbox 430 1419 515 1456; x_wconf 85' lang='lat' dir='ltr'><strong><em>ros</em></strong></span> <span class='ocrx_word' id='word_1_98' title='bbox 547 1405 602 1456; x_wconf 90' lang='lat' dir='ltr'><strong><em>in</em></strong></span> <span class='ocrx_word' id='word_1_99' title='bbox 633 1405 782 1468; x_wconf 78' lang='lat' dir='ltr'><strong><em>ctelo,</em></strong></span> <span class='ocrx_word' id='word_1_100' title='bbox 819 1405 907 1458; x_wconf 89' lang='lat' dir='ltr'><strong><em>ubi</em></strong></span> <span class='ocrx_word' id='word_1_101' title='bbox 957 1422 1124 1475; x_wconf 90' lang='lat' dir='ltr'><strong><em>neque</em></strong></span> <span class='ocrx_word' id='word_1_102' title='bbox 1176 1422 1359 1475; x_wconf 68' lang='lat' dir='ltr'><strong><em>azrugo</em></strong></span> <span class='ocrx_word' id='word_1_103' title='bbox 1393 1423 1556 1475; x_wconf 85' lang='lat' dir='ltr'><strong><em>neque</em></strong></span> <span class='ocrx_word' id='word_1_104' title='bbox 1601 1407 1742 1460; x_wconf 84' lang='lat' dir='ltr'><strong><em>tinea</em></strong></span> <span class='ocrx_word' id='word_1_105' title='bbox 1778 1407 2002 1459; x_wconf 87' lang='lat' dir='ltr'><strong><em>demoli-</em></strong></span> 
     </span>
    </p>
   </div>
   <div class='ocr_carea' id='block_1_16' title="bbox 425 1493 2001 1563">
    <p class='ocr_par' dir='ltr' id='par_1_16' title="bbox 425 1493 2001 1563">
     <span class='ocr_line' id='line_1_16' title="bbox 425 1493 2001 1563; baseline 0.003 -19"><span class='ocrx_word' id='word_1_106' title='bbox 425 1503 516 1563; x_wconf 60' lang='lat' dir='ltr'><strong><em>tur</em></strong></span> <span class='ocrx_word' id='word_1_107' title='bbox 540 1493 604 1547; x_wconf 73' lang='lat'><strong><em>&quot;&#39;.</em></strong></span> <span class='ocrx_word' id='word_1_108' title='bbox 643 1497 784 1559; x_wconf 77' lang='lat' dir='ltr'><strong><em>Quid</em></strong></span> <span class='ocrx_word' id='word_1_109' title='bbox 815 1496 956 1550; x_wconf 89' lang='lat' dir='ltr'><strong><em>enim</em></strong></span> <span class='ocrx_word' id='word_1_110' title='bbox 1007 1496 1222 1563; x_wconf 82' lang='lat' dir='ltr'><strong><em>prodest</em></strong></span> <span class='ocrx_word' id='word_1_111' title='bbox 1276 1497 1499 1557; x_wconf 89' lang='lat' dir='ltr'><strong><em>homini,</em></strong></span> <span class='ocrx_word' id='word_1_112' title='bbox 1533 1498 1580 1548; x_wconf 88' lang='lat' dir='ltr'><strong><em>si</em></strong></span> <span class='ocrx_word' id='word_1_113' title='bbox 1615 1496 1871 1549; x_wconf 84' lang='lat' dir='ltr'><strong><em>mundum</em></strong></span> <span class='ocrx_word' id='word_1_114' title='bbox 1915 1504 2001 1548; x_wconf 80' lang='lat' dir='ltr'><strong><em>to-</em></strong></span> 
     </span>
    </p>
   </div>
   <div class='ocr_carea' id='block_1_17' title="bbox 419 1557 1999 1656">
    <p class='ocr_par' dir='ltr' id='par_1_17' title="bbox 419 1557 1999 1656">
     <span class='ocr_line' id='line_1_17' title="bbox 419 1557 1999 1656; baseline 0.003 -20"><span class='ocrx_word' id='word_1_115' title='bbox 419 1557 535 1636; x_wconf 47' lang='lat' dir='ltr'><strong><em>ium</em></strong></span> <span class='ocrx_word' id='word_1_116' title='bbox 567 1585 820 1650; x_wconf 86' lang='lat' dir='ltr'><strong><em>lucretur,</em></strong></span> <span class='ocrx_word' id='word_1_117' title='bbox 872 1588 1067 1641; x_wconf 74' lang='lat' dir='ltr'><strong><em>anima:</em></strong></span> <span class='ocrx_word' id='word_1_118' title='bbox 1111 1604 1234 1642; x_wconf 71' lang='lat' dir='ltr'><strong><em>vero</em></strong></span> <span class='ocrx_word' id='word_1_119' title='bbox 1285 1604 1396 1642; x_wconf 74' lang='lat' dir='ltr'><strong><em>sua:</em></strong></span> <span class='ocrx_word' id='word_1_120' title='bbox 1421 1589 1790 1642; x_wconf 79' lang='lat' dir='ltr'><strong><em>detrimentum</em></strong></span> <span class='ocrx_word' id='word_1_121' title='bbox 1819 1589 1999 1656; x_wconf 79' lang='lat' dir='ltr'><strong><em>patia-</em></strong></span> 
     </span>
    </p>
   </div>
   <div class='ocr_carea' id='block_1_18' title="bbox 427 1677 1997 1750">
    <p class='ocr_par' dir='ltr' id='par_1_18' title="bbox 427 1677 1997 1750">
     <span class='ocr_line' id='line_1_18' title="bbox 427 1677 1997 1750; baseline 0.008 -24"><span class='ocrx_word' id='word_1_122' title='bbox 427 1677 690 1730; x_wconf 82' lang='lat' dir='ltr'><strong><em>tur?Aut</em></strong></span> <span class='ocrx_word' id='word_1_123' title='bbox 732 1695 889 1748; x_wconf 85' lang='lat' dir='ltr'><strong><em>quam</em></strong></span> <span class='ocrx_word' id='word_1_124' title='bbox 933 1681 1078 1733; x_wconf 89' lang='lat' dir='ltr'><strong><em>dabit</em></strong></span> <span class='ocrx_word' id='word_1_125' title='bbox 1134 1683 1598 1735; x_wconf 82' lang='lat' dir='ltr'><strong><em>commutationem</em></strong></span> <span class='ocrx_word' id='word_1_126' title='bbox 1653 1698 1748 1750; x_wconf 87' lang='lat' dir='ltr'><strong><em>pro</em></strong></span> <span class='ocrx_word' id='word_1_127' title='bbox 1817 1680 1997 1738; x_wconf 71' lang='lat' dir='ltr'><strong><em>ea“?</em></strong></span> 
     </span>
    </p>
   </div>
   <div class='ocr_carea' id='block_1_19' title="bbox 427 1765 1998 1843">
    <p class='ocr_par' dir='ltr' id='par_1_19' title="bbox 427 1765 1998 1843">
     <span class='ocr_line' id='line_1_19' title="bbox 427 1765 1998 1843; baseline 0.004 -23"><span class='ocrx_word' id='word_1_128' title='bbox 427 1765 804 1825; x_wconf 74' lang='lat' dir='ltr'><strong><em>Tltesaurizate</em></strong></span> <span class='ocrx_word' id='word_1_129' title='bbox 826 1788 948 1842; x_wconf 86' lang='lat' dir='ltr'><strong><em>ergo</em></strong></span> <span class='ocrx_word' id='word_1_130' title='bbox 978 1773 1251 1827; x_wconf 88' lang='lat' dir='ltr'><strong><em>thesauros</em></strong></span> <span class='ocrx_word' id='word_1_131' title='bbox 1275 1775 1331 1828; x_wconf 88' lang='lat' dir='ltr'><strong><em>in</em></strong></span> <span class='ocrx_word' id='word_1_132' title='bbox 1353 1774 1494 1828; x_wconf 69' lang='lat' dir='ltr'><strong><em>crrlis</em></strong></span> <span class='ocrx_word' id='word_1_133' title='bbox 1514 1815 1530 1838; x_wconf 86' lang='lat'><strong><em>,</em></strong></span> <span class='ocrx_word' id='word_1_134' title='bbox 1565 1776 1654 1827; x_wconf 91' lang='lat' dir='ltr'><strong><em>ubi</em></strong></span> <span class='ocrx_word' id='word_1_135' title='bbox 1700 1791 1790 1828; x_wconf 90' lang='lat' dir='ltr'><strong><em>nec</em></strong></span> <span class='ocrx_word' id='word_1_136' title='bbox 1817 1789 1998 1843; x_wconf 70' lang='lat' dir='ltr'><strong><em>wrugo</em></strong></span> 
     </span>
    </p>
   </div>
   <div class='ocr_carea' id='block_1_20' title="bbox 2106 570 3701 649">
    <p class='ocr_par' dir='ltr' id='par_1_20' title="bbox 2106 570 3701 649">
     <span class='ocr_line' id='line_1_20' title="bbox 2106 570 3701 649; baseline -0.009 -15"><span class='ocrx_word' id='word_1_137' title='bbox 2106 580 2262 649; x_wconf 61' lang='grc' dir='ltr'><em>λέγω</em></span> <span class='ocrx_word' id='word_1_138' title='bbox 2281 596 2294 610; x_wconf 83' lang='lat'><strong><em>°</em></strong></span> <span class='ocrx_word' id='word_1_139' title='bbox 2329 579 2413 633; x_wconf 84' lang='grc' dir='ltr'><em>Εὐ</em></span> <span class='ocrx_word' id='word_1_140' title='bbox 2419 582 2599 648; x_wconf 83' lang='grc' dir='ltr'><em>χεσθε</em></span> <span class='ocrx_word' id='word_1_141' title='bbox 2624 575 2776 644; x_wconf 82' lang='grc' dir='ltr'><em>ὑπὲρ</em></span> <span class='ocrx_word' id='word_1_142' title='bbox 2806 574 2926 628; x_wconf 86' lang='grc' dir='ltr'><strong><em>τῶν</em></strong></span> <span class='ocrx_word' id='word_1_143' title='bbox 2962 572 3190 642; x_wconf 86' lang='grc' dir='ltr'><em>ἐχθρῶν</em></span> <span class='ocrx_word' id='word_1_144' title='bbox 3209 570 3399 642; x_wconf 84' lang='grc' dir='ltr'><em>ὑμῶν,</em></span> <span class='ocrx_word' id='word_1_145' title='bbox 3430 570 3524 623; x_wconf 72' lang='grc' dir='ltr'><em>καὶ</em></span> <span class='ocrx_word' id='word_1_146' title='bbox 3547 570 3701 637; x_wconf 53' lang='grc' dir='ltr'><em>ἀγη-</em></span> 
     </span>
    </p>
   </div>
   <div class='ocr_carea' id='block_1_21' title="bbox 2108 662 3700 740">
    <p class='ocr_par' dir='ltr' id='par_1_21' title="bbox 2108 662 3700 740">
     <span class='ocr_line' id='line_1_21' title="bbox 2108 662 3700 740; baseline -0.007 -16"><span class='ocrx_word' id='word_1_147' title='bbox 2108 670 2255 726; x_wconf 82' lang='grc' dir='ltr'><em>πᾶτε</em></span> <span class='ocrx_word' id='word_1_148' title='bbox 2285 670 2428 737; x_wconf 89' lang='grc' dir='ltr'><em>τοὺς</em></span> <span class='ocrx_word' id='word_1_149' title='bbox 2465 669 2800 740; x_wconf 78' lang='grc' dir='ltr'><strong><em>μισοῦντας</em></strong></span> <span class='ocrx_word' id='word_1_150' title='bbox 2838 664 3016 736; x_wconf 81' lang='grc' dir='ltr'><em>ὑμᾶς,</em></span> <span class='ocrx_word' id='word_1_151' title='bbox 3066 666 3162 719; x_wconf 77' lang='grc' dir='ltr'><em>καὶ</em></span> <span class='ocrx_word' id='word_1_152' title='bbox 3201 663 3508 733; x_wconf 72' lang='grc' dir='ltr'><strong><em>εὐλογεῖτε</em></strong></span> <span class='ocrx_word' id='word_1_153' title='bbox 3546 662 3700 724; x_wconf 75' lang='grc' dir='ltr'><em>τοὺς</em></span> 
     </span>
    </p>
   </div>
   <div class='ocr_carea' id='block_1_22' title="bbox 2107 754 3665 832">
    <p class='ocr_par' dir='ltr' id='par_1_22' title="bbox 2107 754 3665 832">
     <span class='ocr_line' id='line_1_22' title="bbox 2107 754 3665 832; baseline -0.007 -16"><span class='ocrx_word' id='word_1_154' title='bbox 2107 764 2558 832; x_wconf 78' lang='grc' dir='ltr'><strong><em>καταρωμένους</em></strong></span> <span class='ocrx_word' id='word_1_155' title='bbox 2583 759 2744 830; x_wconf 81' lang='grc' dir='ltr'><em>ὑμῖν,</em></span> <span class='ocrx_word' id='word_1_156' title='bbox 2765 759 2864 812; x_wconf 80' lang='grc' dir='ltr'><em>καὶ</em></span> <span class='ocrx_word' id='word_1_157' title='bbox 2908 758 3162 826; x_wconf 84' lang='grc' dir='ltr'><strong><em>εὔχεσθε</em></strong></span> <span class='ocrx_word' id='word_1_158' title='bbox 3195 755 3351 824; x_wconf 83' lang='grc' dir='ltr'><em>ὑπὲρ</em></span> <span class='ocrx_word' id='word_1_159' title='bbox 3396 755 3516 809; x_wconf 86' lang='grc' dir='ltr'><em>τῶν</em></span> <span class='ocrx_word' id='word_1_160' title='bbox 3541 754 3665 821; x_wconf 66' lang='lat' dir='ltr'><strong><em>exn</em></strong></span> 
     </span>
    </p>
   </div>
   <div class='ocr_carea' id='block_1_23' title="bbox 2098 846 3696 923">
    <p class='ocr_par' dir='ltr' id='par_1_23' title="bbox 2098 846 3696 923">
     <span class='ocr_line' id='line_1_23' title="bbox 2098 846 3696 923; baseline -0.007 -15"><span class='ocrx_word' id='word_1_161' title='bbox 2098 854 2428 923; x_wconf 79' lang='grc' dir='ltr'><em>ρεαζόντων</em></span> <span class='ocrx_word' id='word_1_162' title='bbox 2445 850 2622 922; x_wconf 80' lang='grc' dir='ltr'><em>ὑμᾶς.</em></span> <span class='ocrx_word' id='word_1_163' title='bbox 2647 853 2742 913; x_wconf 72' lang='grc' dir='ltr'><strong>Εἰς</strong></span> <span class='ocrx_word' id='word_1_164' title='bbox 2765 850 2824 904; x_wconf 85' lang='grc' dir='ltr'><strong><em>δὲ</em></strong></span> <span class='ocrx_word' id='word_1_165' title='bbox 2847 850 2907 902; x_wconf 79' lang='grc' dir='ltr'><em>τὸ</em></span> <span class='ocrx_word' id='word_1_166' title='bbox 2952 851 3224 902; x_wconf 83' lang='grc' dir='ltr'><strong><em>κοινωνεῖν</em></strong></span> <span class='ocrx_word' id='word_1_167' title='bbox 3253 851 3366 910; x_wconf 84' lang='grc' dir='ltr'><em>τοῖς</em></span> <span class='ocrx_word' id='word_1_168' title='bbox 3389 846 3696 917; x_wconf 76' lang='grc' dir='ltr'><strong><em>δεομένοις,</em></strong></span> 
     </span>
    </p>
   </div>
   <div class='ocr_carea' id='block_1_24' title="bbox 2107 939 3698 1017">
    <p class='ocr_par' dir='ltr' id='par_1_24' title="bbox 2107 939 3698 1017">
     <span class='ocr_line' id='line_1_24' title="bbox 2107 939 3698 1017; baseline -0.006 -17"><span class='ocrx_word' id='word_1_169' title='bbox 2107 947 2200 1001; x_wconf 72' lang='grc' dir='ltr'><em>καὶ</em></span> <span class='ocrx_word' id='word_1_170' title='bbox 2243 945 2407 1017; x_wconf 77' lang='grc' dir='ltr'><em>μηδὲν</em></span> <span class='ocrx_word' id='word_1_171' title='bbox 2448 944 2584 1014; x_wconf 78' lang='grc' dir='ltr'><em>πρὸς</em></span> <span class='ocrx_word' id='word_1_172' title='bbox 2609 941 2767 1008; x_wconf 78' lang='grc' dir='ltr'><em>δόξαν</em></span> <span class='ocrx_word' id='word_1_173' title='bbox 2799 944 2992 1005; x_wconf 79' lang='grc' dir='ltr'>ποιεῖν,</span> <span class='ocrx_word' id='word_1_174' title='bbox 3024 941 3196 994; x_wconf 77' lang='grc' dir='ltr'><em>ταῦτα</em></span> <span class='ocrx_word' id='word_1_175' title='bbox 3225 940 3329 1011; x_wconf 79' lang='grc' dir='ltr'><strong><em>ἔφη</em></strong></span> <span class='ocrx_word' id='word_1_176' title='bbox 3351 957 3366 970; x_wconf 88' lang='grc'><strong>·</strong></span> <span class='ocrx_word' id='word_1_177' title='bbox 3397 939 3585 992; x_wconf 76' lang='grc' dir='ltr'><em>Παντὶ</em></span> <span class='ocrx_word' id='word_1_178' title='bbox 3616 939 3698 1003; x_wconf 76' lang='grc' dir='ltr'><em>τῷ</em></span> 
     </span>
    </p>
   </div>
   <div class='ocr_carea' id='block_1_25' title="bbox 2103 1033 3696 1102">
    <p class='ocr_par' dir='ltr' id='par_1_25' title="bbox 2103 1033 3696 1102">
     <span class='ocr_line' id='line_1_25' title="bbox 2103 1033 3696 1102; baseline -0.006 -11"><span class='ocrx_word' id='word_1_179' title='bbox 2103 1038 2366 1091; x_wconf 82' lang='grc' dir='ltr'><em>αἰτοῦντι</em></span> <span class='ocrx_word' id='word_1_180' title='bbox 2393 1035 2608 1099; x_wconf 77' lang='grc' dir='ltr'><strong><em>δίδοτε,</em></strong></span> <span class='ocrx_word' id='word_1_181' title='bbox 2631 1036 2726 1090; x_wconf 77' lang='grc' dir='ltr'><em>καὶ</em></span> <span class='ocrx_word' id='word_1_182' title='bbox 2753 1035 3250 1102; x_wconf 74' lang='grc' dir='ltr'><em>τὸνβουλόμενον</em></span> <span class='ocrx_word' id='word_1_183' title='bbox 3268 1033 3696 1094; x_wconf 75' lang='grc' dir='ltr'><strong><em>δανείσασθαι,</em></strong></span> 
     </span>
    </p>
   </div>
   <div class='ocr_carea' id='block_1_26' title="bbox 2097 1121 3697 1201">
    <p class='ocr_par' dir='ltr' id='par_1_26' title="bbox 2097 1121 3697 1201">
     <span class='ocr_line' id='line_1_26' title="bbox 2097 1121 3697 1201; baseline -0.005 -17"><span class='ocrx_word' id='word_1_184' title='bbox 2097 1131 2184 1201; x_wconf 78' lang='grc' dir='ltr'><em>μὴ</em></span> <span class='ocrx_word' id='word_1_185' title='bbox 2208 1127 2652 1197; x_wconf 62' lang='grc' dir='ltr'><em>ἀποστραφῆτε.</em></span> <span class='ocrx_word' id='word_1_186' title='bbox 2689 1131 2753 1182; x_wconf 83' lang='lat' dir='ltr'><strong><em>El</em></strong></span> <span class='ocrx_word' id='word_1_187' title='bbox 2789 1128 2899 1198; x_wconf 77' lang='grc' dir='ltr'><em>γὰρ</em></span> <span class='ocrx_word' id='word_1_188' title='bbox 2921 1126 3211 1188; x_wconf 79' lang='grc' dir='ltr'><strong><em>δανείζετε</em></strong></span> <span class='ocrx_word' id='word_1_189' title='bbox 3245 1126 3386 1194; x_wconf 81' lang='grc' dir='ltr'><em>παρ’</em></span> <span class='ocrx_word' id='word_1_190' title='bbox 3413 1121 3697 1178; x_wconf 69' lang='grc' dir='ltr'><em>ὦνὲλειί-</em></span> 
     </span>
    </p>
   </div>
   <div class='ocr_carea' id='block_1_27' title="bbox 2103 1213 3698 1283">
    <p class='ocr_par' dir='ltr' id='par_1_27' title="bbox 2103 1213 3698 1283">
     <span class='ocr_line' id='line_1_27' title="bbox 2103 1213 3698 1283; baseline -0.004 -11"><span class='ocrx_word' id='word_1_191' title='bbox 2103 1219 2224 1281; x_wconf 81' lang='grc' dir='ltr'><em>ζετε</em></span> <span class='ocrx_word' id='word_1_192' title='bbox 2245 1219 2471 1283; x_wconf 80' lang='grc' dir='ltr'><em>λαϐεῖν,</em></span> <span class='ocrx_word' id='word_1_193' title='bbox 2495 1219 2551 1272; x_wconf 86' lang='grc' dir='ltr'><strong><em>τί</em></strong></span> <span class='ocrx_word' id='word_1_194' title='bbox 2581 1218 2790 1271; x_wconf 82' lang='grc' dir='ltr'><em>καινὸν</em></span> <span class='ocrx_word' id='word_1_195' title='bbox 2815 1217 3068 1282; x_wconf 80' lang='grc' dir='ltr'><em>ποιεῖτε;</em></span> <span class='ocrx_word' id='word_1_196' title='bbox 3094 1217 3268 1271; x_wconf 82' lang='grc' dir='ltr'><em>τοῦτο</em></span> <span class='ocrx_word' id='word_1_197' title='bbox 3300 1217 3400 1270; x_wconf 82' lang='grc' dir='ltr'><em>καὶ</em></span> <span class='ocrx_word' id='word_1_198' title='bbox 3431 1219 3488 1269; x_wconf 76' lang='grc' dir='ltr'><em>οἱ</em></span> <span class='ocrx_word' id='word_1_199' title='bbox 3511 1213 3698 1268; x_wconf 81' lang='grc' dir='ltr'><em>τελῶ-</em></span> 
     </span>
    </p>
   </div>
   <div class='ocr_carea' id='block_1_28' title="bbox 2103 1305 3694 1377">
    <p class='ocr_par' dir='ltr' id='par_1_28' title="bbox 2103 1305 3694 1377">
     <span class='ocr_line' id='line_1_28' title="bbox 2103 1305 3694 1377; baseline -0.005 -13"><span class='ocrx_word' id='word_1_200' title='bbox 2103 1327 2200 1364; x_wconf 89' lang='grc' dir='ltr'><em>ναι</em></span> <span class='ocrx_word' id='word_1_201' title='bbox 2231 1309 2528 1362; x_wconf 77' lang='grc' dir='ltr'><em>ποιοῦσιν.</em></span> <span class='ocrx_word' id='word_1_202' title='bbox 2566 1307 2751 1377; x_wconf 84' lang='grc' dir='ltr'><strong><em>Ὑμεῖς</em></strong></span> <span class='ocrx_word' id='word_1_203' title='bbox 2789 1307 2857 1361; x_wconf 81' lang='grc' dir='ltr'><em>δὲ</em></span> <span class='ocrx_word' id='word_1_204' title='bbox 2896 1307 2984 1376; x_wconf 81' lang='grc' dir='ltr'><em>μὴ</em></span> <span class='ocrx_word' id='word_1_205' title='bbox 3026 1307 3412 1376; x_wconf 66' lang='grc' dir='ltr'><em>θησαιφίζετε</em></span> <span class='ocrx_word' id='word_1_206' title='bbox 3451 1305 3694 1363; x_wconf 76' lang='grc' dir='ltr'><em>ἑαυτοῖς</em></span> 
     </span>
    </p>
   </div>
   <div class='ocr_carea' id='block_1_29' title="bbox 2101 1395 3695 1468">
    <p class='ocr_par' dir='ltr' id='par_1_29' title="bbox 2101 1395 3695 1468">
     <span class='ocr_line' id='line_1_29' title="bbox 2101 1395 3695 1468; baseline -0.004 -15"><span class='ocrx_word' id='word_1_207' title='bbox 2101 1402 2197 1453; x_wconf 79' lang='grc' dir='ltr'><strong><em>ἐπὶ</em></strong></span> <span class='ocrx_word' id='word_1_208' title='bbox 2228 1399 2338 1467; x_wconf 77' lang='grc' dir='ltr'><em>τῆς</em></span> <span class='ocrx_word' id='word_1_209' title='bbox 2362 1398 2495 1468; x_wconf 80' lang='grc' dir='ltr'><em>γῆς,</em></span> <span class='ocrx_word' id='word_1_210' title='bbox 2527 1397 2679 1452; x_wconf 77' lang='grc' dir='ltr'><em>ὅπου</em></span> <span class='ocrx_word' id='word_1_211' title='bbox 2712 1397 2836 1466; x_wconf 77' lang='grc' dir='ltr'><em>σὴς</em></span> <span class='ocrx_word' id='word_1_212' title='bbox 2877 1399 2973 1452; x_wconf 75' lang='grc' dir='ltr'><strong><em>καὶ</em></strong></span> <span class='ocrx_word' id='word_1_213' title='bbox 3010 1395 3234 1464; x_wconf 73' lang='grc' dir='ltr'><em>,βρῶσις</em></span> <span class='ocrx_word' id='word_1_214' title='bbox 3271 1395 3563 1466; x_wconf 63' lang='grc' dir='ltr'><em>ἀφανίζει,</em></span> <span class='ocrx_word' id='word_1_215' title='bbox 3594 1397 3695 1447; x_wconf 77' lang='grc' dir='ltr'><strong><em>καὶ</em></strong></span> 
     </span>
    </p>
   </div>
   <div class='ocr_carea' id='block_1_30' title="bbox 2099 1487 3696 1559">
    <p class='ocr_par' dir='ltr' id='par_1_30' title="bbox 2099 1487 3696 1559">
     <span class='ocr_line' id='line_1_30' title="bbox 2099 1487 3696 1559; baseline -0.003 -16"><span class='ocrx_word' id='word_1_216' title='bbox 2099 1491 2319 1559; x_wconf 76' lang='grc' dir='ltr'><em>λῃσταὶ</em></span> <span class='ocrx_word' id='word_1_217' title='bbox 2353 1489 2781 1557; x_wconf 82' lang='grc' dir='ltr'><em>διορύσσουσι’</em></span> <span class='ocrx_word' id='word_1_218' title='bbox 2829 1488 3208 1557; x_wconf 78' lang='grc' dir='ltr'><strong><em>θησαυρίζετε</em></strong></span> <span class='ocrx_word' id='word_1_219' title='bbox 3254 1487 3324 1541; x_wconf 81' lang='grc' dir='ltr'><strong><em>δὲ</em></strong></span> <span class='ocrx_word' id='word_1_220' title='bbox 3351 1488 3595 1552; x_wconf 83' lang='grc' dir='ltr'><em>ἑαυτοῖς</em></span> <span class='ocrx_word' id='word_1_221' title='bbox 3626 1488 3696 1539; x_wconf 81' lang='grc' dir='ltr'><em>ἐν</em></span> 
     </span>
    </p>
   </div>
   <div class='ocr_carea' id='block_1_31' title="bbox 2099 1579 3696 1648">
    <p class='ocr_par' dir='ltr' id='par_1_31' title="bbox 2099 1579 3696 1648">
     <span class='ocr_line' id='line_1_31' title="bbox 2099 1579 3696 1648; baseline -0.004 -13"><span class='ocrx_word' id='word_1_222' title='bbox 2099 1581 2224 1647; x_wconf 82' lang='grc' dir='ltr'><em>τοῖς</em></span> <span class='ocrx_word' id='word_1_223' title='bbox 2262 1580 2560 1648; x_wconf 81' lang='grc' dir='ltr'><em>οὐρανοῖς,</em></span> <span class='ocrx_word' id='word_1_224' title='bbox 2601 1579 2754 1633; x_wconf 73' lang='grc' dir='ltr'><em>ὅπου</em></span> <span class='ocrx_word' id='word_1_225' title='bbox 2784 1581 2922 1633; x_wconf 86' lang='grc' dir='ltr'><em>οὔτε</em></span> <span class='ocrx_word' id='word_1_226' title='bbox 2959 1580 3080 1648; x_wconf 81' lang='grc' dir='ltr'><em>σὴς</em></span> <span class='ocrx_word' id='word_1_227' title='bbox 3108 1579 3247 1633; x_wconf 85' lang='grc' dir='ltr'><em>οὐτε</em></span> <span class='ocrx_word' id='word_1_228' title='bbox 3264 1579 3496 1648; x_wconf 78' lang='grc' dir='ltr'><em>βρῶσις</em></span> <span class='ocrx_word' id='word_1_229' title='bbox 3531 1580 3696 1648; x_wconf 59' lang='grc' dir='ltr'><em>ἀρα-</em></span> 
     </span>
    </p>
   </div>
   <div class='ocr_carea' id='block_1_32' title="bbox 2099 1669 3695 1740">
    <p class='ocr_par' dir='ltr' id='par_1_32' title="bbox 2099 1669 3695 1740">
     <span class='ocr_line' id='line_1_32' title="bbox 2099 1669 3695 1740; baseline -0.001 -16"><span class='ocrx_word' id='word_1_230' title='bbox 2099 1671 2260 1731; x_wconf 80' lang='grc' dir='ltr'><em>νίζει.</em></span> <span class='ocrx_word' id='word_1_231' title='bbox 2296 1672 2358 1725; x_wconf 89' lang='grc' dir='ltr'><em>Τί</em></span> <span class='ocrx_word' id='word_1_232' title='bbox 2391 1671 2502 1740; x_wconf 75' lang='grc' dir='ltr'><em>γὰρ</em></span> <span class='ocrx_word' id='word_1_233' title='bbox 2529 1670 2840 1740; x_wconf 71' lang='grc' dir='ltr'><em>ὠφελεῖται</em></span> <span class='ocrx_word' id='word_1_234' title='bbox 2869 1670 3198 1740; x_wconf 79' lang='grc' dir='ltr'><em>ἅνθρωπος,</em></span> <span class='ocrx_word' id='word_1_235' title='bbox 3229 1669 3307 1724; x_wconf 85' lang='grc' dir='ltr'><em>ἂν</em></span> <span class='ocrx_word' id='word_1_236' title='bbox 3326 1670 3436 1723; x_wconf 75' lang='grc' dir='ltr'><strong><em>τὸν</em></strong></span> <span class='ocrx_word' id='word_1_237' title='bbox 3457 1671 3695 1738; x_wconf 71' lang='grc' dir='ltr'><em>κόσμον</em></span> 
     </span>
    </p>
   </div>
   <div class='ocr_carea' id='block_1_33' title="bbox 2098 1762 3694 1832">
    <p class='ocr_par' dir='ltr' id='par_1_33' title="bbox 2098 1762 3694 1832">
     <span class='ocr_line' id='line_1_33' title="bbox 2098 1762 3694 1832; baseline 0 -16"><span class='ocrx_word' id='word_1_238' title='bbox 2098 1763 2245 1817; x_wconf 81' lang='grc' dir='ltr'><em>ὅλον</em></span> <span class='ocrx_word' id='word_1_239' title='bbox 2280 1763 2569 1831; x_wconf 78' lang='grc' dir='ltr'><strong><em>κερδήσῃ,</em></strong></span> <span class='ocrx_word' id='word_1_240' title='bbox 2616 1763 2730 1830; x_wconf 76' lang='grc' dir='ltr'><em>τὴν</em></span> <span class='ocrx_word' id='word_1_241' title='bbox 2769 1762 2838 1814; x_wconf 85' lang='grc' dir='ltr'><strong><em>δὲ</em></strong></span> <span class='ocrx_word' id='word_1_242' title='bbox 2892 1763 3104 1832; x_wconf 73' lang='grc' dir='ltr'><em>ψυχὴν</em></span> <span class='ocrx_word' id='word_1_243' title='bbox 3145 1764 3334 1817; x_wconf 82' lang='grc' dir='ltr'><em>αὐτοῦ</em></span> <span class='ocrx_word' id='word_1_244' title='bbox 3366 1763 3694 1829; x_wconf 71' lang='grc' dir='ltr'><em>ἀπολέσῃς</em></span> 
     </span>
    </p>
   </div>
   <div class='ocr_carea' id='block_1_34' title="bbox 425 1851 1943 1935">
    <p class='ocr_par' dir='ltr' id='par_1_34' title="bbox 425 1862 1938 1935">
     <span class='ocr_line' id='line_1_34' title="bbox 425 1862 1938 1935; baseline 0.005 -24"><span class='ocrx_word' id='word_1_245' title='bbox 425 1874 519 1912; x_wconf 87' lang='lat' dir='ltr'><strong><em>nec</em></strong></span> <span class='ocrx_word' id='word_1_246' title='bbox 580 1862 722 1914; x_wconf 79' lang='lat' dir='ltr'><strong><em>tinea</em></strong></span> <span class='ocrx_word' id='word_1_247' title='bbox 767 1863 1052 1916; x_wconf 81' lang='lat' dir='ltr'><strong><em>demolitur</em></strong></span> <span class='ocrx_word' id='word_1_248' title='bbox 1073 1864 1138 1918; x_wconf 75' lang='lat'><strong><em>“.</em></strong></span> <span class='ocrx_word' id='word_1_249' title='bbox 1190 1866 1303 1918; x_wconf 82' lang='lat' dir='ltr'><strong><em>Et:</em></strong></span> <span class='ocrx_word' id='word_1_250' title='bbox 1345 1863 1518 1918; x_wconf 75' lang='lat' dir='ltr'><strong><em>Estote</em></strong></span> <span class='ocrx_word' id='word_1_251' title='bbox 1565 1875 1738 1919; x_wconf 89' lang='lat' dir='ltr'><strong><em>autem</em></strong></span> <span class='ocrx_word' id='word_1_252' title='bbox 1789 1867 1938 1935; x_wconf 84' lang='lat' dir='ltr'><strong><em>benig</em></strong></span> 
     </span>
    </p>
   </div>
   <div class='ocr_carea' id='block_1_35' title="bbox 2140 1851 3695 1935">
    <p class='ocr_par' dir='ltr' id='par_1_35' title="bbox 2140 1851 3695 1924">
     <span class='ocr_line' id='line_1_35' title="bbox 2140 1851 3695 1924; baseline -0.005 -11"><span class='ocrx_word' id='word_1_253' title='bbox 2140 1860 2172 1913; x_wconf 68' lang='lat' dir='ltr'><strong><em>il</em></strong></span> <span class='ocrx_word' id='word_1_254' title='bbox 2194 1858 2249 1910; x_wconf 88' lang='grc' dir='ltr'><strong><em>τί</em></strong></span> <span class='ocrx_word' id='word_1_255' title='bbox 2271 1855 2449 1910; x_wconf 89' lang='grc' dir='ltr'><em>δώσει</em></span> <span class='ocrx_word' id='word_1_256' title='bbox 2469 1854 2661 1922; x_wconf 83' lang='grc' dir='ltr'><em>αὐτῆς</em></span> <span class='ocrx_word' id='word_1_257' title='bbox 2687 1853 3117 1924; x_wconf 76' lang='grc' dir='ltr'><em>ἀντάλλαγμα;</em></span> <span class='ocrx_word' id='word_1_258' title='bbox 3149 1854 3550 1923; x_wconf 77' lang='grc' dir='ltr'><em>Θησαυρίζετε</em></span> <span class='ocrx_word' id='word_1_259' title='bbox 3579 1851 3695 1909; x_wconf 75' lang='grc' dir='ltr'><em>οὖν</em></span> 
     </span>
    </p>
   </div>
   <div class='ocr_carea' id='block_1_36' title="bbox 425 1952 1993 2024">
    <p class='ocr_par' dir='ltr' id='par_1_36' title="bbox 425 1952 1993 2024">
     <span class='ocr_line' id='line_1_36' title="bbox 425 1952 1993 2024; baseline 0.006 -23"><span class='ocrx_word' id='word_1_260' title='bbox 425 1961 475 2002; x_wconf 91' lang='lat' dir='ltr'><strong><em>et</em></strong></span> <span class='ocrx_word' id='word_1_261' title='bbox 520 1952 906 2020; x_wconf 86' lang='lat' dir='ltr'><strong><em>misericordes,</em></strong></span> <span class='ocrx_word' id='word_1_262' title='bbox 947 1956 1083 2007; x_wconf 87' lang='lat' dir='ltr'><strong><em>sicut</em></strong></span> <span class='ocrx_word' id='word_1_263' title='bbox 1130 1955 1294 2009; x_wconf 90' lang='lat' dir='ltr'><strong><em>Pater</em></strong></span> <span class='ocrx_word' id='word_1_264' title='bbox 1345 1965 1516 2009; x_wconf 84' lang='lat' dir='ltr'><strong><em>vester</em></strong></span> <span class='ocrx_word' id='word_1_265' title='bbox 1561 1956 1815 2024; x_wconf 84' lang='lat' dir='ltr'><strong><em>benignus</em></strong></span> <span class='ocrx_word' id='word_1_266' title='bbox 1843 1967 1993 2010; x_wconf 87' lang='lat' dir='ltr'><strong><em>estet</em></strong></span> 
     </span>
    </p>
   </div>
   <div class='ocr_carea' id='block_1_37' title="bbox 424 2041 1996 2115">
    <p class='ocr_par' dir='ltr' id='par_1_37' title="bbox 424 2041 1996 2115">
     <span class='ocr_line' id='line_1_37' title="bbox 424 2041 1996 2115; baseline 0.005 -24"><span class='ocrx_word' id='word_1_267' title='bbox 424 2041 729 2095; x_wconf 85' lang='lat' dir='ltr'><strong><em>misericors</em></strong></span> <span class='ocrx_word' id='word_1_268' title='bbox 751 2042 818 2106; x_wconf 78' lang='lat'><strong><em>“,</em></strong></span> <span class='ocrx_word' id='word_1_269' title='bbox 860 2059 924 2096; x_wconf 86' lang='lat' dir='ltr'><strong><em>ac</em></strong></span> <span class='ocrx_word' id='word_1_270' title='bbox 975 2044 1137 2099; x_wconf 87' lang='lat' dir='ltr'><strong><em>solem</em></strong></span> <span class='ocrx_word' id='word_1_271' title='bbox 1169 2062 1325 2098; x_wconf 90' lang='lat' dir='ltr'><strong><em>suum</em></strong></span> <span class='ocrx_word' id='word_1_272' title='bbox 1356 2046 1490 2099; x_wconf 79' lang='lat' dir='ltr'><strong><em>oriri</em></strong></span> <span class='ocrx_word' id='word_1_273' title='bbox 1515 2044 1651 2115; x_wconf 69' lang='lat' dir='ltr'><strong><em>facit</em></strong></span> <span class='ocrx_word' id='word_1_274' title='bbox 1679 2062 1838 2112; x_wconf 89' lang='lat' dir='ltr'><strong><em>super</em></strong></span> <span class='ocrx_word' id='word_1_275' title='bbox 1869 2062 1996 2114; x_wconf 81' lang='lat' dir='ltr'><strong><em>pec-</em></strong></span> 
     </span>
    </p>
   </div>
   <div class='ocr_carea' id='block_1_38' title="bbox 420 2135 1996 2204">
    <p class='ocr_par' dir='ltr' id='par_1_38' title="bbox 420 2135 1996 2204">
     <span class='ocr_line' id='line_1_38' title="bbox 420 2135 1996 2204; baseline 0.003 -20"><span class='ocrx_word' id='word_1_276' title='bbox 420 2143 648 2196; x_wconf 85' lang='lat' dir='ltr'><strong><em>catores,</em></strong></span> <span class='ocrx_word' id='word_1_277' title='bbox 691 2143 740 2188; x_wconf 86' lang='lat' dir='ltr'><strong><em>et</em></strong></span> <span class='ocrx_word' id='word_1_278' title='bbox 780 2135 962 2204; x_wconf 85' lang='lat' dir='ltr'><strong><em>justos</em></strong></span> <span class='ocrx_word' id='word_1_279' title='bbox 1009 2147 1056 2190; x_wconf 88' lang='lat' dir='ltr'><strong><em>et</em></strong></span> <span class='ocrx_word' id='word_1_280' title='bbox 1111 2137 1279 2190; x_wconf 86' lang='lat' dir='ltr'><strong><em>mulos</em></strong></span> <span class='ocrx_word' id='word_1_281' title='bbox 1299 2137 1366 2195; x_wconf 68' lang='grc'><strong><em>⁸⁷.</em></strong></span> <span class='ocrx_word' id='word_1_282' title='bbox 1405 2136 1488 2192; x_wconf 81' lang='lat' dir='ltr'><strong><em>Ne</em></strong></span> <span class='ocrx_word' id='word_1_283' title='bbox 1519 2138 1751 2192; x_wconf 73' lang='lat' dir='ltr'><strong><em>sollicite</em></strong></span> <span class='ocrx_word' id='word_1_284' title='bbox 1801 2137 1996 2190; x_wconf 87' lang='lat' dir='ltr'><strong><em>curetis</em></strong></span> 
     </span>
    </p>
   </div>
   <div class='ocr_carea' id='block_1_39' title="bbox 419 2222 1996 2296">
    <p class='ocr_par' dir='ltr' id='par_1_39' title="bbox 419 2222 1996 2296">
     <span class='ocr_line' id='line_1_39' title="bbox 419 2222 1996 2296; baseline 0.005 -22"><span class='ocrx_word' id='word_1_285' title='bbox 419 2222 546 2290; x_wconf 83' lang='lat' dir='ltr'><strong><em>quid</em></strong></span> <span class='ocrx_word' id='word_1_286' title='bbox 595 2225 736 2277; x_wconf 85' lang='lat' dir='ltr'><strong><em>esuri</em></strong></span> <span class='ocrx_word' id='word_1_287' title='bbox 786 2224 924 2289; x_wconf 83' lang='lat' dir='ltr'><strong><em>sitis,</em></strong></span> <span class='ocrx_word' id='word_1_288' title='bbox 953 2236 1045 2278; x_wconf 88' lang='lat' dir='ltr'><strong><em>aut</em></strong></span> <span class='ocrx_word' id='word_1_289' title='bbox 1092 2227 1282 2296; x_wconf 86' lang='lat' dir='ltr'><strong><em>quibus</em></strong></span> <span class='ocrx_word' id='word_1_290' title='bbox 1328 2229 1483 2280; x_wconf 87' lang='lat' dir='ltr'><strong><em>usuri</em></strong></span> <span class='ocrx_word' id='word_1_291' title='bbox 1547 2228 1883 2281; x_wconf 88' lang='lat' dir='ltr'><strong><em>vestimentis.</em></strong></span> <span class='ocrx_word' id='word_1_292' title='bbox 1913 2228 1996 2282; x_wconf 82' lang='lat' dir='ltr'><strong><em>An</em></strong></span> 
     </span>
    </p>
   </div>
   <div class='ocr_carea' id='block_1_40' title="bbox 417 2312 1996 2386">
    <p class='ocr_par' dir='ltr' id='par_1_40' title="bbox 417 2312 1996 2386">
     <span class='ocr_line' id='line_1_40' title="bbox 417 2312 1996 2386; baseline 0.005 -20"><span class='ocrx_word' id='word_1_293' title='bbox 417 2328 506 2366; x_wconf 89' lang='lat' dir='ltr'><strong><em>vos</em></strong></span> <span class='ocrx_word' id='word_1_294' title='bbox 549 2312 845 2370; x_wconf 89' lang='lat' dir='ltr'><strong><em>volucribus</em></strong></span> <span class='ocrx_word' id='word_1_295' title='bbox 893 2327 943 2372; x_wconf 90' lang='lat' dir='ltr'><strong><em>et</em></strong></span> <span class='ocrx_word' id='word_1_296' title='bbox 983 2317 1113 2386; x_wconf 83' lang='lat' dir='ltr'><strong><em>[eris</em></strong></span> <span class='ocrx_word' id='word_1_297' title='bbox 1148 2334 1254 2372; x_wconf 90' lang='lat' dir='ltr'><strong><em>non</em></strong></span> <span class='ocrx_word' id='word_1_298' title='bbox 1286 2320 1590 2384; x_wconf 63' lang='lat' dir='ltr'><strong><em>praestatis?</em></strong></span> <span class='ocrx_word' id='word_1_299' title='bbox 1642 2330 1691 2374; x_wconf 89' lang='lat' dir='ltr'><strong><em>et</em></strong></span> <span class='ocrx_word' id='word_1_300' title='bbox 1719 2319 1860 2374; x_wconf 87' lang='lat' dir='ltr'><strong><em>Deus</em></strong></span> <span class='ocrx_word' id='word_1_301' title='bbox 1899 2320 1996 2374; x_wconf 84' lang='lat' dir='ltr'><strong><em>alit</em></strong></span> 
     </span>
    </p>
   </div>
   <div class='ocr_carea' id='block_1_41' title="bbox 414 2402 1994 2479">
    <p class='ocr_par' dir='ltr' id='par_1_41' title="bbox 414 2402 1994 2479">
     <span class='ocr_line' id='line_1_41' title="bbox 414 2402 1994 2479; baseline 0.004 -23"><span class='ocrx_word' id='word_1_302' title='bbox 414 2403 530 2456; x_wconf 82' lang='lat' dir='ltr'><strong><em>illa.</em></strong></span> <span class='ocrx_word' id='word_1_303' title='bbox 561 2402 644 2458; x_wconf 81' lang='lat' dir='ltr'><strong><em>Ne</em></strong></span> <span class='ocrx_word' id='word_1_304' title='bbox 665 2405 834 2475; x_wconf 85' lang='lat' dir='ltr'><strong><em>igitur</em></strong></span> <span class='ocrx_word' id='word_1_305' title='bbox 859 2407 1078 2461; x_wconf 84' lang='lat' dir='ltr'><strong><em>solliciti</em></strong></span> <span class='ocrx_word' id='word_1_306' title='bbox 1102 2408 1219 2462; x_wconf 88' lang='lat' dir='ltr'><strong><em>sitis</em></strong></span> <span class='ocrx_word' id='word_1_307' title='bbox 1247 2410 1376 2478; x_wconf 89' lang='lat' dir='ltr'><strong><em>quid</em></strong></span> <span class='ocrx_word' id='word_1_308' title='bbox 1403 2411 1546 2463; x_wconf 89' lang='lat' dir='ltr'><strong><em>esuri</em></strong></span> <span class='ocrx_word' id='word_1_309' title='bbox 1578 2410 1721 2476; x_wconf 91' lang='lat' dir='ltr'><strong><em>sitis,</em></strong></span> <span class='ocrx_word' id='word_1_310' title='bbox 1751 2420 1842 2463; x_wconf 86' lang='lat' dir='ltr'><strong><em>aut</em></strong></span> <span class='ocrx_word' id='word_1_311' title='bbox 1874 2411 1994 2479; x_wconf 84' lang='lat' dir='ltr'><strong><em>qui-</em></strong></span> 
     </span>
    </p>
   </div>
   <div class='ocr_carea' id='block_1_42' title="bbox 416 2492 1997 2557">
    <p class='ocr_par' dir='ltr' id='par_1_42' title="bbox 416 2492 1997 2557">
     <span class='ocr_line' id='line_1_42' title="bbox 416 2492 1997 2557; baseline 0.005 -8"><span class='ocrx_word' id='word_1_312' title='bbox 416 2492 511 2552; x_wconf 86' lang='lat' dir='ltr'><strong><em>bus</em></strong></span> <span class='ocrx_word' id='word_1_313' title='bbox 543 2497 694 2553; x_wconf 86' lang='lat' dir='ltr'><strong><em>usuri</em></strong></span> <span class='ocrx_word' id='word_1_314' title='bbox 741 2498 1092 2555; x_wconf 84' lang='lat' dir='ltr'><strong><em>indumentis.</em></strong></span> <span class='ocrx_word' id='word_1_315' title='bbox 1135 2498 1296 2556; x_wconf 86' lang='lat' dir='ltr'><strong><em>Novit</em></strong></span> <span class='ocrx_word' id='word_1_316' title='bbox 1338 2501 1478 2556; x_wconf 81' lang='lat' dir='ltr'><strong><em>enim</em></strong></span> <span class='ocrx_word' id='word_1_317' title='bbox 1503 2497 1669 2556; x_wconf 83' lang='lat' dir='ltr'><strong><em>Pater</em></strong></span> <span class='ocrx_word' id='word_1_318' title='bbox 1698 2511 1866 2556; x_wconf 88' lang='lat' dir='ltr'><strong><em>vester</em></strong></span> <span class='ocrx_word' id='word_1_319' title='bbox 1893 2518 1997 2557; x_wconf 75' lang='lat' dir='ltr'><strong><em>rte-</em></strong></span> 
     </span>
    </p>
   </div>
   <div class='ocr_carea' id='block_1_43' title="bbox 414 2587 1989 2665">
    <p class='ocr_par' dir='ltr' id='par_1_43' title="bbox 414 2587 1989 2665">
     <span class='ocr_line' id='line_1_43' title="bbox 414 2587 1989 2665; baseline 0.008 -26"><span class='ocrx_word' id='word_1_320' title='bbox 414 2587 588 2654; x_wconf 87' lang='lat' dir='ltr'><strong><em>lestis,</em></strong></span> <span class='ocrx_word' id='word_1_321' title='bbox 624 2608 713 2646; x_wconf 92' lang='lat' dir='ltr'><strong><em>vos</em></strong></span> <span class='ocrx_word' id='word_1_322' title='bbox 760 2593 903 2647; x_wconf 88' lang='lat' dir='ltr'><strong><em>hisce</em></strong></span> <span class='ocrx_word' id='word_1_323' title='bbox 957 2595 1215 2664; x_wconf 77' lang='lat' dir='ltr'><strong><em>indigere.</em></strong></span> <span class='ocrx_word' id='word_1_324' title='bbox 1252 2594 1484 2660; x_wconf 66' lang='lat' dir='ltr'><strong><em>Querite</em></strong></span> <span class='ocrx_word' id='word_1_325' title='bbox 1539 2608 1724 2650; x_wconf 86' lang='lat' dir='ltr'><strong><em>autem</em></strong></span> <span class='ocrx_word' id='word_1_326' title='bbox 1768 2611 1989 2665; x_wconf 84' lang='lat' dir='ltr'><strong><em>regnum</em></strong></span> 
     </span>
    </p>
   </div>
   <div class='ocr_carea' id='block_1_44' title="bbox 414 2681 1990 2755">
    <p class='ocr_par' dir='ltr' id='par_1_44' title="bbox 414 2681 1990 2755">
     <span class='ocr_line' id='line_1_44' title="bbox 414 2681 1990 2755; baseline 0.006 -22"><span class='ocrx_word' id='word_1_327' title='bbox 414 2681 687 2747; x_wconf 66' lang='lat' dir='ltr'><strong><em>caelorum,</em></strong></span> <span class='ocrx_word' id='word_1_328' title='bbox 715 2693 763 2737; x_wconf 88' lang='lat' dir='ltr'><strong><em>et</em></strong></span> <span class='ocrx_word' id='word_1_329' title='bbox 785 2686 965 2738; x_wconf 86' lang='lat' dir='ltr'><strong><em>omnia</em></strong></span> <span class='ocrx_word' id='word_1_330' title='bbox 995 2691 1107 2740; x_wconf 78' lang='lat' dir='ltr'><strong><em>hwc</em></strong></span> <span class='ocrx_word' id='word_1_331' title='bbox 1128 2686 1451 2755; x_wconf 80' lang='lat' dir='ltr'><strong><em>adjicientur</em></strong></span> <span class='ocrx_word' id='word_1_332' title='bbox 1479 2689 1622 2742; x_wconf 79' lang='lat' dir='ltr'><strong><em>vobis</em></strong></span> <span class='ocrx_word' id='word_1_333' title='bbox 1644 2687 1710 2741; x_wconf 68' lang='grc'><strong><em>⁸³.</em></strong></span> <span class='ocrx_word' id='word_1_334' title='bbox 1732 2685 1832 2741; x_wconf 87' lang='lat' dir='ltr'><strong><em>Ubi</em></strong></span> <span class='ocrx_word' id='word_1_335' title='bbox 1853 2690 1990 2742; x_wconf 87' lang='lat' dir='ltr'><strong><em>enim</em></strong></span> 
     </span>
    </p>
   </div>
   <div class='ocr_carea' id='block_1_45' title="bbox 414 2773 1985 2842">
    <p class='ocr_par' dir='ltr' id='par_1_45' title="bbox 414 2773 1985 2842">
     <span class='ocr_line' id='line_1_45' title="bbox 414 2773 1985 2842; baseline 0.006 -17"><span class='ocrx_word' id='word_1_336' title='bbox 414 2773 712 2842; x_wconf 83' lang='lat' dir='ltr'><strong><em>thesaurus,</em></strong></span> <span class='ocrx_word' id='word_1_337' title='bbox 746 2775 856 2829; x_wconf 88' lang='lat' dir='ltr'><strong><em>illic</em></strong></span> <span class='ocrx_word' id='word_1_338' title='bbox 894 2785 945 2830; x_wconf 92' lang='lat' dir='ltr'><strong><em>et</em></strong></span> <span class='ocrx_word' id='word_1_339' title='bbox 982 2793 1124 2830; x_wconf 85' lang='lat' dir='ltr'><strong><em>mens</em></strong></span> <span class='ocrx_word' id='word_1_340' title='bbox 1174 2778 1402 2832; x_wconf 85' lang='lat' dir='ltr'><strong><em>hominis</em></strong></span> <span class='ocrx_word' id='word_1_341' title='bbox 1432 2789 1507 2833; x_wconf 88' lang='lat' dir='ltr'><strong><em>est</em></strong></span> <span class='ocrx_word' id='word_1_342' title='bbox 1530 2779 1600 2836; x_wconf 64' lang='grc' dir='ltr'><em>δ’.</em></span> <span class='ocrx_word' id='word_1_343' title='bbox 1628 2780 1693 2832; x_wconf 86' lang='lat' dir='ltr'><strong><em>Et</em></strong></span> <span class='ocrx_word' id='word_1_344' title='bbox 1721 2797 1735 2832; x_wconf 91' lang='lat'><strong>:</strong></span> <span class='ocrx_word' id='word_1_345' title='bbox 1771 2779 1854 2834; x_wconf 85' lang='lat' dir='ltr'><strong><em>Ne</em></strong></span> <span class='ocrx_word' id='word_1_346' title='bbox 1881 2784 1985 2834; x_wconf 82' lang='lat' dir='ltr'><strong><em>ista</em></strong></span> 
     </span>
    </p>
   </div>
   <div class='ocr_carea' id='block_1_46' title="bbox 414 2865 1985 2942">
    <p class='ocr_par' dir='ltr' id='par_1_46' title="bbox 414 2865 1985 2942">
     <span class='ocr_line' id='line_1_46' title="bbox 414 2865 1985 2942; baseline 0.005 -24"><span class='ocrx_word' id='word_1_347' title='bbox 414 2865 667 2934; x_wconf 77' lang='lat' dir='ltr'><strong><em>feceritis,</em></strong></span> <span class='ocrx_word' id='word_1_348' title='bbox 731 2878 787 2921; x_wconf 91' lang='lat' dir='ltr'><strong><em>ut</em></strong></span> <span class='ocrx_word' id='word_1_349' title='bbox 839 2868 1140 2938; x_wconf 89' lang='lat' dir='ltr'><strong><em>spectaculo</em></strong></span> <span class='ocrx_word' id='word_1_350' title='bbox 1188 2870 1309 2924; x_wconf 83' lang='lat' dir='ltr'><strong><em>sitis</em></strong></span> <span class='ocrx_word' id='word_1_351' title='bbox 1364 2871 1704 2934; x_wconf 89' lang='lat' dir='ltr'><strong><em>hominibus;</em></strong></span> <span class='ocrx_word' id='word_1_352' title='bbox 1744 2872 1985 2942; x_wconf 88' lang='lat' dir='ltr'><strong><em>alioquin</em></strong></span> 
     </span>
    </p>
   </div>
   <div class='ocr_carea' id='block_1_47' title="bbox 413 2960 1986 3033">
    <p class='ocr_par' dir='ltr' id='par_1_47' title="bbox 413 2960 1986 3033">
     <span class='ocr_line' id='line_1_47' title="bbox 413 2960 1986 3033; baseline 0.006 -25"><span class='ocrx_word' id='word_1_353' title='bbox 413 2960 705 3013; x_wconf 82' lang='lat' dir='ltr'><strong><em>mercedem</em></strong></span> <span class='ocrx_word' id='word_1_354' title='bbox 743 2977 850 3014; x_wconf 88' lang='lat' dir='ltr'><strong><em>non</em></strong></span> <span class='ocrx_word' id='word_1_355' title='bbox 878 2961 1133 3015; x_wconf 82' lang='lat' dir='ltr'><strong><em>habebitis</em></strong></span> <span class='ocrx_word' id='word_1_356' title='bbox 1178 2979 1210 3016; x_wconf 88' lang='lat' dir='ltr'><strong><em>a</em></strong></span> <span class='ocrx_word' id='word_1_357' title='bbox 1254 2961 1416 3018; x_wconf 90' lang='lat' dir='ltr'><strong><em>Patre</em></strong></span> <span class='ocrx_word' id='word_1_358' title='bbox 1441 2973 1608 3019; x_wconf 87' lang='lat' dir='ltr'><strong><em>vestro</em></strong></span> <span class='ocrx_word' id='word_1_359' title='bbox 1638 2965 1727 3033; x_wconf 87' lang='lat' dir='ltr'><strong><em>qui</em></strong></span> <span class='ocrx_word' id='word_1_360' title='bbox 1757 2964 1812 3018; x_wconf 88' lang='lat' dir='ltr'><strong><em>in</em></strong></span> <span class='ocrx_word' id='word_1_361' title='bbox 1845 2964 1986 3018; x_wconf 65' lang='lat' dir='ltr'><strong><em>cretis</em></strong></span> 
     </span>
    </p>
   </div>
   <div class='ocr_carea' id='block_1_48' title="bbox 411 3049 571 3103">
    <p class='ocr_par' dir='ltr' id='par_1_48' title="bbox 411 3049 571 3103">
     <span class='ocr_line' id='line_1_48' title="bbox 411 3049 571 3103; baseline 0.019 -3"><span class='ocrx_word' id='word_1_362' title='bbox 411 3061 485 3101; x_wconf 86' lang='lat' dir='ltr'><strong><em>est</em></strong></span> <span class='ocrx_word' id='word_1_363' title='bbox 505 3049 571 3103; x_wconf 82' lang='grc'><strong><em>⁵⁸.</em></strong></span> 
     </span>
    </p>
   </div>
   <div class='ocr_carea' id='block_1_49' title="bbox 2097 1943 3695 2013">
    <p class='ocr_par' dir='ltr' id='par_1_49' title="bbox 2097 1943 3695 2013">
     <span class='ocr_line' id='line_1_49' title="bbox 2097 1943 3695 2013; baseline -0.002 -15"><span class='ocrx_word' id='word_1_364' title='bbox 2097 1947 2168 1999; x_wconf 87' lang='grc' dir='ltr'><em>ἐν</em></span> <span class='ocrx_word' id='word_1_365' title='bbox 2201 1945 2324 2011; x_wconf 85' lang='grc' dir='ltr'><em>τοῖς</em></span> <span class='ocrx_word' id='word_1_366' title='bbox 2363 1945 2662 2013; x_wconf 77' lang='grc' dir='ltr'><em>οὐρανοῖς,</em></span> <span class='ocrx_word' id='word_1_367' title='bbox 2709 1943 2862 1998; x_wconf 75' lang='grc' dir='ltr'><em>ὅπου</em></span> <span class='ocrx_word' id='word_1_368' title='bbox 2911 1945 3050 1998; x_wconf 83' lang='grc' dir='ltr'><em>οὔτε</em></span> <span class='ocrx_word' id='word_1_369' title='bbox 3093 1945 3215 2013; x_wconf 82' lang='grc' dir='ltr'><em>σὴς</em></span> <span class='ocrx_word' id='word_1_370' title='bbox 3275 1945 3419 1998; x_wconf 74' lang='grc' dir='ltr'><em>οὔτε</em></span> <span class='ocrx_word' id='word_1_371' title='bbox 3454 1943 3695 2011; x_wconf 81' lang='grc' dir='ltr'><em>βρῶσις</em></span> 
     </span>
    </p>
   </div>
   <div class='ocr_carea' id='block_1_50' title="bbox 2096 2034 3694 2106">
    <p class='ocr_par' dir='ltr' id='par_1_50' title="bbox 2096 2034 3694 2106">
     <span class='ocr_line' id='line_1_50' title="bbox 2096 2034 3694 2106; baseline -0.001 -16"><span class='ocrx_word' id='word_1_372' title='bbox 2096 2036 2384 2103; x_wconf 62' lang='grc' dir='ltr'><em>ἀφανίζει.</em></span> <span class='ocrx_word' id='word_1_373' title='bbox 2417 2036 2549 2098; x_wconf 81' lang='grc' dir='ltr'><em>Καὶ,</em></span> <span class='ocrx_word' id='word_1_374' title='bbox 2596 2037 2850 2090; x_wconf 71' lang='grc' dir='ltr'><em>Γίνεσθε</em></span> <span class='ocrx_word' id='word_1_375' title='bbox 2890 2034 2959 2088; x_wconf 84' lang='grc' dir='ltr'><strong><em>δὲ</em></strong></span> <span class='ocrx_word' id='word_1_376' title='bbox 2987 2037 3237 2106; x_wconf 84' lang='grc' dir='ltr'><em>χρηστοὶ</em></span> <span class='ocrx_word' id='word_1_377' title='bbox 3265 2038 3364 2091; x_wconf 82' lang='grc' dir='ltr'><em>καὶ</em></span> <span class='ocrx_word' id='word_1_378' title='bbox 3393 2039 3694 2106; x_wconf 61' lang='grc' dir='ltr'><em>οὶκτᾲπμο-</em></span> 
     </span>
    </p>
   </div>
   <div class='ocr_carea' id='block_1_51' title="bbox 2096 2129 3691 2200">
    <p class='ocr_par' dir='ltr' id='par_1_51' title="bbox 2096 2129 3691 2200">
     <span class='ocr_line' id='line_1_51' title="bbox 2096 2129 3691 2200; baseline -0.001 -16"><span class='ocrx_word' id='word_1_379' title='bbox 2096 2148 2219 2196; x_wconf 89' lang='grc' dir='ltr'><em>νες,</em></span> <span class='ocrx_word' id='word_1_380' title='bbox 2248 2131 2328 2196; x_wconf 86' lang='grc' dir='ltr'><em>ὡς</em></span> <span class='ocrx_word' id='word_1_381' title='bbox 2352 2130 2446 2184; x_wconf 81' lang='grc' dir='ltr'><em>καὶ</em></span> <span class='ocrx_word' id='word_1_382' title='bbox 2477 2134 2508 2184; x_wconf 87' lang='grc' dir='ltr'>ό</span> <span class='ocrx_word' id='word_1_383' title='bbox 2537 2129 2740 2198; x_wconf 78' lang='lat' dir='ltr'><strong><em>[Iarin</em></strong></span> <span class='ocrx_word' id='word_1_384' title='bbox 2794 2131 2961 2200; x_wconf 85' lang='grc' dir='ltr'><em>ὑμῶν</em></span> <span class='ocrx_word' id='word_1_385' title='bbox 2999 2133 3263 2200; x_wconf 82' lang='grc' dir='ltr'><em>χρηστός</em></span> <span class='ocrx_word' id='word_1_386' title='bbox 3293 2132 3429 2185; x_wconf 85' lang='grc' dir='ltr'><em>ἐστι</em></span> <span class='ocrx_word' id='word_1_387' title='bbox 3457 2132 3558 2185; x_wconf 71' lang='grc' dir='ltr'><em>καὶ</em></span> <span class='ocrx_word' id='word_1_388' title='bbox 3607 2135 3691 2184; x_wconf 79' lang='grc' dir='ltr'><strong><em>οἰ-</em></strong></span> 
     </span>
    </p>
   </div>
   <div class='ocr_carea' id='block_1_52' title="bbox 2096 2221 3692 2292">
    <p class='ocr_par' dir='ltr' id='par_1_52' title="bbox 2096 2221 3692 2292">
     <span class='ocr_line' id='line_1_52' title="bbox 2096 2221 3692 2292; baseline 0 -16"><span class='ocrx_word' id='word_1_389' title='bbox 2096 2224 2372 2292; x_wconf 78' lang='grc' dir='ltr'><em>κτίρμων,</em></span> <span class='ocrx_word' id='word_1_390' title='bbox 2394 2223 2490 2276; x_wconf 78' lang='grc' dir='ltr'><em>καὶ</em></span> <span class='ocrx_word' id='word_1_391' title='bbox 2509 2221 2614 2275; x_wconf 78' lang='grc' dir='ltr'><strong><em>τὸν</em></strong></span> <span class='ocrx_word' id='word_1_392' title='bbox 2630 2222 2709 2290; x_wconf 81' lang='grc' dir='ltr'><strong><em>ήλ</em></strong></span> <span class='ocrx_word' id='word_1_393' title='bbox 2721 2240 2812 2276; x_wconf 86' lang='grc' dir='ltr'><strong><em>ιον</em></strong></span> <span class='ocrx_word' id='word_1_394' title='bbox 2829 2222 3013 2276; x_wconf 85' lang='grc' dir='ltr'><em>αὐτοῦ</em></span> <span class='ocrx_word' id='word_1_395' title='bbox 3034 2222 3352 2277; x_wconf 71' lang='grc' dir='ltr'><em>ἀνατέλλει</em></span> <span class='ocrx_word' id='word_1_396' title='bbox 3375 2223 3475 2277; x_wconf 74' lang='grc' dir='ltr'><strong><em>ἐπὶ</em></strong></span> <span class='ocrx_word' id='word_1_397' title='bbox 3495 2224 3692 2292; x_wconf 74' lang='grc' dir='ltr'><strong><em>ἁμαρ⁸</em></strong></span> 
     </span>
    </p>
   </div>
   <div class='ocr_carea' id='block_1_53' title="bbox 2098 2315 3687 2386">
    <p class='ocr_par' dir='ltr' id='par_1_53' title="bbox 2098 2315 3687 2386">
     <span class='ocr_line' id='line_1_53' title="bbox 2098 2315 3687 2386; baseline -0.001 -17"><span class='ocrx_word' id='word_1_398' title='bbox 2098 2315 2347 2380; x_wconf 86' lang='grc' dir='ltr'><em>τωλούς,</em></span> <span class='ocrx_word' id='word_1_399' title='bbox 2392 2315 2489 2369; x_wconf 78' lang='grc' dir='ltr'><em>καὶ</em></span> <span class='ocrx_word' id='word_1_400' title='bbox 2543 2315 2812 2381; x_wconf 83' lang='grc' dir='ltr'><em>δικαίους</em></span> <span class='ocrx_word' id='word_1_401' title='bbox 2861 2315 2959 2369; x_wconf 79' lang='grc' dir='ltr'><em>καὶ</em></span> <span class='ocrx_word' id='word_1_402' title='bbox 3014 2317 3345 2383; x_wconf 83' lang='grc' dir='ltr'><em>πονηρούς.</em></span> <span class='ocrx_word' id='word_1_403' title='bbox 3376 2315 3476 2384; x_wconf 74' lang='grc' dir='ltr'><strong><em>Μὴ</em></strong></span> <span class='ocrx_word' id='word_1_404' title='bbox 3515 2335 3687 2386; x_wconf 86' lang='grc' dir='ltr'><em>μερι-</em></span> 
     </span>
    </p>
   </div>
   <div class='ocr_carea' id='block_1_54' title="bbox 2092 2406 3694 2479">
    <p class='ocr_par' dir='ltr' id='par_1_54' title="bbox 2092 2406 3694 2479">
     <span class='ocr_line' id='line_1_54' title="bbox 2092 2406 3694 2479; baseline 0 -19"><span class='ocrx_word' id='word_1_405' title='bbox 2092 2406 2282 2479; x_wconf 74' lang='grc' dir='ltr'><em>μνιῖτε</em></span> <span class='ocrx_word' id='word_1_406' title='bbox 2310 2407 2378 2460; x_wconf 88' lang='grc' dir='ltr'><strong><em>δὲ</em></strong></span> <span class='ocrx_word' id='word_1_407' title='bbox 2421 2409 2477 2472; x_wconf 82' lang='grc' dir='ltr'><strong><em>τί</em></strong></span> <span class='ocrx_word' id='word_1_408' title='bbox 2504 2407 2751 2478; x_wconf 71' lang='grc' dir='ltr'><em>φάγητε,</em></span> <span class='ocrx_word' id='word_1_409' title='bbox 2793 2408 2830 2476; x_wconf 73' lang='grc' dir='ltr'><strong><em>ἢ</em></strong></span> <span class='ocrx_word' id='word_1_410' title='bbox 2863 2410 2919 2462; x_wconf 88' lang='grc' dir='ltr'><strong><em>τί</em></strong></span> <span class='ocrx_word' id='word_1_411' title='bbox 2951 2409 3322 2477; x_wconf 82' lang='grc' dir='ltr'><em>ἐνδύσησθε’</em></span> <span class='ocrx_word' id='word_1_412' title='bbox 3359 2411 3475 2479; x_wconf 79' lang='grc' dir='ltr'><em>οὐχ</em></span> <span class='ocrx_word' id='word_1_413' title='bbox 3514 2408 3694 2478; x_wconf 80' lang='grc' dir='ltr'><em>ὑμεῖς</em></span> 
     </span>
    </p>
   </div>
   <div class='ocr_carea' id='block_1_55' title="bbox 2095 2499 3692 2572">
    <p class='ocr_par' dir='ltr' id='par_1_55' title="bbox 2095 2499 3692 2572">
     <span class='ocr_line' id='line_1_55' title="bbox 2095 2499 3692 2572; baseline 0.001 -18"><span class='ocrx_word' id='word_1_414' title='bbox 2095 2499 2215 2554; x_wconf 82' lang='grc' dir='ltr'><strong><em>τῶν</em></strong></span> <span class='ocrx_word' id='word_1_415' title='bbox 2243 2500 2534 2557; x_wconf 72' lang='grc' dir='ltr'><em>πετετνῶν</em></span> <span class='ocrx_word' id='word_1_416' title='bbox 2567 2502 2667 2557; x_wconf 75' lang='grc' dir='ltr'><em>καὶ</em></span> <span class='ocrx_word' id='word_1_417' title='bbox 2706 2500 2825 2557; x_wconf 79' lang='grc' dir='ltr'><strong><em>τῶν</em></strong></span> <span class='ocrx_word' id='word_1_418' title='bbox 2858 2503 3077 2571; x_wconf 77' lang='grc' dir='ltr'><em>θηρίων</em></span> <span class='ocrx_word' id='word_1_419' title='bbox 3122 2501 3473 2572; x_wconf 61' lang='grc' dir='ltr'><em>διαφέρετε;</em></span> <span class='ocrx_word' id='word_1_420' title='bbox 3504 2504 3610 2556; x_wconf 72' lang='grc' dir='ltr'><em>καὶ</em></span> <span class='ocrx_word' id='word_1_421' title='bbox 3660 2506 3692 2556; x_wconf 90' lang='lat' dir='ltr'><strong><em>o&#39;</em></strong></span> 
     </span>
    </p>
   </div>
   <div class='ocr_carea' id='block_1_56' title="bbox 2097 2591 3690 2666">
    <p class='ocr_par' dir='ltr' id='par_1_56' title="bbox 2097 2591 3690 2666">
     <span class='ocr_line' id='line_1_56' title="bbox 2097 2591 3690 2666; baseline 0.001 -18"><span class='ocrx_word' id='word_1_422' title='bbox 2097 2596 2242 2660; x_wconf 83' lang='grc' dir='ltr'><em>Θεὸς</em></span> <span class='ocrx_word' id='word_1_423' title='bbox 2272 2595 2464 2664; x_wconf 60' lang='grc' dir='ltr'><em>τρέφει</em></span> <span class='ocrx_word' id='word_1_424' title='bbox 2497 2595 2668 2650; x_wconf 78' lang='grc' dir='ltr'><em>αὐτιὶ.</em></span> <span class='ocrx_word' id='word_1_425' title='bbox 2710 2595 2807 2663; x_wconf 72' lang='grc' dir='ltr'><strong><em>Μὴ</em></strong></span> <span class='ocrx_word' id='word_1_426' title='bbox 2829 2591 2943 2650; x_wconf 83' lang='grc' dir='ltr'><em>οὖν</em></span> <span class='ocrx_word' id='word_1_427' title='bbox 2966 2595 3378 2665; x_wconf 76' lang='grc' dir='ltr'><em>μεριμνήσητε</em></span> <span class='ocrx_word' id='word_1_428' title='bbox 3398 2598 3454 2649; x_wconf 91' lang='grc' dir='ltr'><strong><em>τί</em></strong></span> <span class='ocrx_word' id='word_1_429' title='bbox 3490 2595 3690 2666; x_wconf 60' lang='grc' dir='ltr'><em>φάγη-</em></span> 
     </span>
    </p>
   </div>
   <div class='ocr_carea' id='block_1_57' title="bbox 2093 2684 3695 2758">
    <p class='ocr_par' dir='ltr' id='par_1_57' title="bbox 2093 2684 3695 2758">
     <span class='ocr_line' id='line_1_57' title="bbox 2093 2684 3695 2758; baseline 0.002 -20"><span class='ocrx_word' id='word_1_430' title='bbox 2093 2703 2176 2748; x_wconf 86' lang='grc' dir='ltr'><strong><em>τε,</em></strong></span> <span class='ocrx_word' id='word_1_431' title='bbox 2208 2685 2246 2754; x_wconf 75' lang='grc' dir='ltr'><strong>ἢ</strong></span> <span class='ocrx_word' id='word_1_432' title='bbox 2269 2687 2323 2739; x_wconf 89' lang='grc' dir='ltr'><strong><em>τί</em></strong></span> <span class='ocrx_word' id='word_1_433' title='bbox 2366 2685 2707 2755; x_wconf 79' lang='grc' dir='ltr'><em>ἐνδύσησθε</em></span> <span class='ocrx_word' id='word_1_434' title='bbox 2726 2705 2738 2717; x_wconf 93' lang='grc'>·</span> <span class='ocrx_word' id='word_1_435' title='bbox 2767 2684 2891 2740; x_wconf 80' lang='grc' dir='ltr'><em>οἶδε</em></span> <span class='ocrx_word' id='word_1_436' title='bbox 2911 2689 3020 2758; x_wconf 71' lang='grc' dir='ltr'><strong><em>γὰρ</em></strong></span> <span class='ocrx_word' id='word_1_437' title='bbox 3042 2692 3074 2741; x_wconf 85' lang='grc' dir='ltr'><strong><em>ό</em></strong></span> <span class='ocrx_word' id='word_1_438' title='bbox 3097 2687 3299 2756; x_wconf 78' lang='grc' dir='ltr'><em>Πατὴρ</em></span> <span class='ocrx_word' id='word_1_439' title='bbox 3321 2688 3490 2757; x_wconf 84' lang='grc' dir='ltr'><em>ὑμῶν</em></span> <span class='ocrx_word' id='word_1_440' title='bbox 3527 2692 3564 2741; x_wconf 84' lang='grc' dir='ltr'><em>ό</em></span> <span class='ocrx_word' id='word_1_441' title='bbox 3593 2691 3695 2742; x_wconf 72' lang='grc' dir='ltr'><em>οὐ-</em></span> 
     </span>
    </p>
   </div>
   <div class='ocr_carea' id='block_1_58' title="bbox 2085 2777 3693 2850">
    <p class='ocr_par' dir='ltr' id='par_1_58' title="bbox 2085 2777 3693 2850">
     <span class='ocr_line' id='line_1_58' title="bbox 2085 2777 3693 2850; baseline 0.001 -19"><span class='ocrx_word' id='word_1_442' title='bbox 2085 2777 2314 2846; x_wconf 83' lang='grc' dir='ltr'><em>ριὶνιος,</em></span> <span class='ocrx_word' id='word_1_443' title='bbox 2347 2778 2436 2832; x_wconf 85' lang='grc' dir='ltr'><em>ὅτι</em></span> <span class='ocrx_word' id='word_1_444' title='bbox 2467 2781 2693 2836; x_wconf 84' lang='grc' dir='ltr'><em>τούτων</em></span> <span class='ocrx_word' id='word_1_445' title='bbox 2722 2781 2932 2848; x_wconf 78' lang='grc' dir='ltr'><em>χρείαν</em></span> <span class='ocrx_word' id='word_1_446' title='bbox 2977 2781 3172 2850; x_wconf 78' lang='grc' dir='ltr'><em>ἕχετε’</em></span> <span class='ocrx_word' id='word_1_447' title='bbox 3209 2779 3436 2848; x_wconf 75' lang='grc' dir='ltr'><em>ζητεῖτε</em></span> <span class='ocrx_word' id='word_1_448' title='bbox 3471 2780 3543 2833; x_wconf 83' lang='grc' dir='ltr'><em>δὲ</em></span> <span class='ocrx_word' id='word_1_449' title='bbox 3577 2781 3693 2848; x_wconf 72' lang='grc' dir='ltr'><em>τὴν</em></span> 
     </span>
    </p>
   </div>
   <div class='ocr_carea' id='block_1_59' title="bbox 2085 2870 3694 2941">
    <p class='ocr_par' dir='ltr' id='par_1_59' title="bbox 2085 2870 3694 2941">
     <span class='ocr_line' id='line_1_59' title="bbox 2085 2870 3694 2941; baseline 0.003 -20"><span class='ocrx_word' id='word_1_450' title='bbox 2085 2871 2412 2935; x_wconf 80' lang='grc' dir='ltr'><em>βασιλείαν</em></span> <span class='ocrx_word' id='word_1_451' title='bbox 2430 2870 2548 2926; x_wconf 85' lang='grc' dir='ltr'><strong><em>τῶν</em></strong></span> <span class='ocrx_word' id='word_1_452' title='bbox 2573 2872 2864 2940; x_wconf 83' lang='grc' dir='ltr'><em>οὐρανῶν,</em></span> <span class='ocrx_word' id='word_1_453' title='bbox 2893 2874 2989 2927; x_wconf 75' lang='grc' dir='ltr'><em>καὶ</em></span> <span class='ocrx_word' id='word_1_454' title='bbox 3038 2872 3221 2926; x_wconf 85' lang='grc' dir='ltr'><em>ταῦτα</em></span> <span class='ocrx_word' id='word_1_455' title='bbox 3268 2872 3468 2926; x_wconf 74' lang='grc' dir='ltr'><em>πάντα</em></span> <span class='ocrx_word' id='word_1_456' title='bbox 3499 2889 3694 2941; x_wconf 69' lang='grc' dir='ltr'><em>προσ-</em></span> 
     </span>
    </p>
   </div>
   <div class='ocr_carea' id='block_1_60' title="bbox 2093 2961 3689 3034">
    <p class='ocr_par' dir='ltr' id='par_1_60' title="bbox 2093 2961 3689 3034">
     <span class='ocr_line' id='line_1_60' title="bbox 2093 2961 3689 3034; baseline 0.001 -18"><span class='ocrx_word' id='word_1_457' title='bbox 2093 2961 2407 3030; x_wconf 73' lang='grc' dir='ltr'><em>τεθήσεται</em></span> <span class='ocrx_word' id='word_1_458' title='bbox 2465 2964 2630 3034; x_wconf 84' lang='grc' dir='ltr'><em>ὺμῖν.</em></span> <span class='ocrx_word' id='word_1_459' title='bbox 2661 2966 2848 3018; x_wconf 76' lang='grc' dir='ltr'><em>Ὅπου</em></span> <span class='ocrx_word' id='word_1_460' title='bbox 2904 2967 3012 3034; x_wconf 74' lang='grc' dir='ltr'><strong><em>γὰρ</em></strong></span> <span class='ocrx_word' id='word_1_461' title='bbox 3048 2968 3081 3017; x_wconf 84' lang='grc' dir='ltr'><strong><em>ό</em></strong></span> <span class='ocrx_word' id='word_1_462' title='bbox 3127 2967 3436 3032; x_wconf 73' lang='grc' dir='ltr'><em>θησαυρός</em></span> <span class='ocrx_word' id='word_1_463' title='bbox 3487 2965 3689 3028; x_wconf 78' lang='grc' dir='ltr'><em>ἐστιν,</em></span> 
     </span>
    </p>
   </div>
   <div class='ocr_carea' id='block_1_61' title="bbox 2092 3053 3691 3126">
    <p class='ocr_par' dir='ltr' id='par_1_61' title="bbox 2092 3053 3691 3126">
     <span class='ocr_line' id='line_1_61' title="bbox 2092 3053 3691 3126; baseline 0.002 -18"><span class='ocrx_word' id='word_1_464' title='bbox 2092 3053 2221 3108; x_wconf 80' lang='grc' dir='ltr'><em>ἐκεῖ</em></span> <span class='ocrx_word' id='word_1_465' title='bbox 2259 3055 2356 3108; x_wconf 75' lang='grc' dir='ltr'><em>καὶ</em></span> <span class='ocrx_word' id='word_1_466' title='bbox 2403 3058 2436 3109; x_wconf 86' lang='grc' dir='ltr'>ό</span> <span class='ocrx_word' id='word_1_467' title='bbox 2473 3056 2622 3123; x_wconf 89' lang='grc' dir='ltr'><em>νοῦς</em></span> <span class='ocrx_word' id='word_1_468' title='bbox 2657 3055 2760 3109; x_wconf 88' lang='grc' dir='ltr'><em>τοῦ</em></span> <span class='ocrx_word' id='word_1_469' title='bbox 2806 3056 3140 3125; x_wconf 74' lang='grc' dir='ltr'><em>ἀνθρώπου.</em></span> <span class='ocrx_word' id='word_1_470' title='bbox 3180 3057 3310 3110; x_wconf 78' lang='grc' dir='ltr'><em>Καί·</em></span> <span class='ocrx_word' id='word_1_471' title='bbox 3344 3058 3444 3126; x_wconf 79' lang='grc' dir='ltr'><strong><em>Μὴ</em></strong></span> <span class='ocrx_word' id='word_1_472' title='bbox 3471 3058 3691 3126; x_wconf 75' lang='grc' dir='ltr'><em>ποιῆτε</em></span> 
     </span>
    </p>
   </div>
   <div class='ocr_carea' id='block_1_62' title="bbox 410 3140 3695 3220">
    <p class='ocr_par' dir='ltr' id='par_1_62' title="bbox 410 3140 3695 3220">
     <span class='ocr_line' id='line_1_62' title="bbox 410 3140 3695 3220; baseline 0.004 -28"><span class='ocrx_word' id='word_1_473' title='bbox 410 3140 597 3194; x_wconf 85' lang='grc' dir='ltr'><em>ταῦτα</em></span> <span class='ocrx_word' id='word_1_474' title='bbox 627 3143 778 3209; x_wconf 78' lang='grc' dir='ltr'><em>πρὸς</em></span> <span class='ocrx_word' id='word_1_475' title='bbox 821 3141 884 3196; x_wconf 85' lang='grc' dir='ltr'><em>τὸ</em></span> <span class='ocrx_word' id='word_1_476' title='bbox 911 3141 1189 3212; x_wconf 78' lang='grc' dir='ltr'><em>θεαθῆναι</em></span> <span class='ocrx_word' id='word_1_477' title='bbox 1229 3144 1348 3200; x_wconf 79' lang='grc' dir='ltr'><strong><em>ὑπὸ</em></strong></span> <span class='ocrx_word' id='word_1_478' title='bbox 1376 3145 1495 3200; x_wconf 83' lang='grc' dir='ltr'><strong><em>τῶν</em></strong></span> <span class='ocrx_word' id='word_1_479' title='bbox 1531 3147 1854 3214; x_wconf 80' lang='grc' dir='ltr'><em>ἀνθρώπων</em></span> <span class='ocrx_word' id='word_1_480' title='bbox 1875 3161 1891 3175; x_wconf 86' lang='grc'><strong>·</strong></span> <span class='ocrx_word' id='word_1_481' title='bbox 1925 3147 1978 3198; x_wconf 87' lang='grc' dir='ltr'><strong><em>εἱ</em></strong></span> <span class='ocrx_word' id='word_1_482' title='bbox 2009 3143 2076 3198; x_wconf 86' lang='grc' dir='ltr'><strong><em>δὲ</em></strong></span> <span class='ocrx_word' id='word_1_483' title='bbox 2116 3144 2202 3216; x_wconf 86' lang='grc' dir='ltr'><strong><em>μή</em></strong></span> <span class='ocrx_word' id='word_1_484' title='bbox 2239 3161 2325 3216; x_wconf 79' lang='grc' dir='ltr'><strong><em>γε,</em></strong></span> <span class='ocrx_word' id='word_1_485' title='bbox 2346 3146 2572 3214; x_wconf 75' lang='grc' dir='ltr'><em>μισθὸν</em></span> <span class='ocrx_word' id='word_1_486' title='bbox 2592 3149 2704 3202; x_wconf 79' lang='grc' dir='ltr'><strong><em>οὐκ</em></strong></span> <span class='ocrx_word' id='word_1_487' title='bbox 2729 3148 2896 3218; x_wconf 77' lang='grc' dir='ltr'><em>ἔχετε</em></span> <span class='ocrx_word' id='word_1_488' title='bbox 2923 3150 3082 3217; x_wconf 81' lang='grc' dir='ltr'><em>παρὰ</em></span> <span class='ocrx_word' id='word_1_489' title='bbox 3109 3149 3213 3204; x_wconf 85' lang='grc' dir='ltr'><em>τοῦ</em></span> <span class='ocrx_word' id='word_1_490' title='bbox 3241 3149 3476 3218; x_wconf 75' lang='grc' dir='ltr'><em>Πατρός</em></span> <span class='ocrx_word' id='word_1_491' title='bbox 3521 3151 3695 3220; x_wconf 77' lang='grc' dir='ltr'><em>ὑμῶν</em></span> 
     </span>
    </p>
   </div>
   <div class='ocr_carea' id='block_1_63' title="bbox 413 3232 1078 3304">
    <p class='ocr_par' dir='ltr' id='par_1_63' title="bbox 413 3232 1078 3304">
     <span class='ocr_line' id='line_1_63' title="bbox 413 3232 1078 3304; baseline 0.005 -17"><span class='ocrx_word' id='word_1_492' title='bbox 413 3233 517 3287; x_wconf 87' lang='grc' dir='ltr'><em>τοῦ</em></span> <span class='ocrx_word' id='word_1_493' title='bbox 541 3232 612 3286; x_wconf 84' lang='grc' dir='ltr'><em>ἐν</em></span> <span class='ocrx_word' id='word_1_494' title='bbox 638 3233 761 3300; x_wconf 82' lang='grc' dir='ltr'><em>τοῖς</em></span> <span class='ocrx_word' id='word_1_495' title='bbox 780 3234 1078 3304; x_wconf 78' lang='grc' dir='ltr'><em>οὐρανοῖς.</em></span> 
     </span>
    </p>
   </div>
   <div class='ocr_carea' id='block_1_64' title="bbox 481 3325 2056 3394">
    <p class='ocr_par' dir='ltr' id='par_1_64' title="bbox 481 3325 2056 3394">
     <span class='ocr_line' id='line_1_64' title="bbox 481 3325 2056 3394; baseline 0.004 -15"><span class='ocrx_word' id='word_1_496' title='bbox 481 3326 571 3380; x_wconf 83' lang='grc'><strong><em>16.</em></strong></span> <span class='ocrx_word' id='word_1_497' title='bbox 611 3325 887 3382; x_wconf 82' lang='lat' dir='ltr'><strong><em>Patientes</em></strong></span> <span class='ocrx_word' id='word_1_498' title='bbox 919 3338 1100 3383; x_wconf 88' lang='lat' dir='ltr'><strong><em>autem</em></strong></span> <span class='ocrx_word' id='word_1_499' title='bbox 1131 3340 1191 3384; x_wconf 93' lang='lat' dir='ltr'><strong><em>ut</em></strong></span> <span class='ocrx_word' id='word_1_500' title='bbox 1242 3331 1412 3386; x_wconf 86' lang='lat' dir='ltr'><strong><em>simus</em></strong></span> <span class='ocrx_word' id='word_1_501' title='bbox 1443 3342 1499 3386; x_wconf 90' lang='lat' dir='ltr'><strong><em>et</em></strong></span> <span class='ocrx_word' id='word_1_502' title='bbox 1540 3332 1606 3386; x_wconf 88' lang='lat' dir='ltr'><strong><em>ad</em></strong></span> <span class='ocrx_word' id='word_1_503' title='bbox 1640 3333 1983 3388; x_wconf 88' lang='lat' dir='ltr'><strong><em>serviendum</em></strong></span> <span class='ocrx_word' id='word_1_504' title='bbox 2013 3338 2056 3394; x_wconf 86' lang='lat' dir='ltr'>C</span> 
     </span>
    </p>
   </div>
   <div class='ocr_carea' id='block_1_65' title="bbox 408 3418 1980 3493">
    <p class='ocr_par' dir='ltr' id='par_1_65' title="bbox 408 3418 1980 3493">
     <span class='ocr_line' id='line_1_65' title="bbox 408 3418 1980 3493; baseline 0.006 -22"><span class='ocrx_word' id='word_1_505' title='bbox 408 3418 664 3473; x_wconf 84' lang='lat' dir='ltr'><strong><em>omnibus</em></strong></span> <span class='ocrx_word' id='word_1_506' title='bbox 697 3420 868 3488; x_wconf 81' lang='lat' dir='ltr'><strong><em>parati</em></strong></span> <span class='ocrx_word' id='word_1_507' title='bbox 901 3436 964 3475; x_wconf 85' lang='lat' dir='ltr'><strong><em>ac</em></strong></span> <span class='ocrx_word' id='word_1_508' title='bbox 997 3423 1091 3477; x_wconf 80' lang='lat' dir='ltr'><strong><em>ira:</em></strong></span> <span class='ocrx_word' id='word_1_509' title='bbox 1123 3433 1407 3491; x_wconf 83' lang='lat' dir='ltr'><strong><em>expertes,</em></strong></span> <span class='ocrx_word' id='word_1_510' title='bbox 1448 3440 1568 3493; x_wconf 62' lang='lat' dir='ltr'><strong><em>quin</em></strong></span> <span class='ocrx_word' id='word_1_511' title='bbox 1599 3425 1668 3478; x_wconf 87' lang='lat' dir='ltr'><strong><em>ab</em></strong></span> <span class='ocrx_word' id='word_1_512' title='bbox 1715 3441 1780 3479; x_wconf 87' lang='lat' dir='ltr'><strong><em>co</em></strong></span> <span class='ocrx_word' id='word_1_513' title='bbox 1836 3426 1980 3480; x_wconf 87' lang='lat' dir='ltr'><strong><em>dicta</em></strong></span> 
     </span>
    </p>
   </div>
   <div class='ocr_carea' id='block_1_66' title="bbox 409 3509 1976 3582">
    <p class='ocr_par' dir='ltr' id='par_1_66' title="bbox 409 3509 1976 3582">
     <span class='ocr_line' id='line_1_66' title="bbox 409 3509 1976 3582; baseline 0.003 -20"><span class='ocrx_word' id='word_1_514' title='bbox 409 3517 557 3573; x_wconf 87' lang='lat' dir='ltr'><strong><em>sunt,</em></strong></span> <span class='ocrx_word' id='word_1_515' title='bbox 585 3509 659 3564; x_wconf 82' lang='lat' dir='ltr'><strong><em>ita</em></strong></span> <span class='ocrx_word' id='word_1_516' title='bbox 693 3527 752 3565; x_wconf 90' lang='lat' dir='ltr'><strong><em>se</em></strong></span> <span class='ocrx_word' id='word_1_517' title='bbox 782 3513 1022 3568; x_wconf 84' lang='lat' dir='ltr'><strong><em>habent:</em></strong></span> <span class='ocrx_word' id='word_1_518' title='bbox 1061 3513 1167 3579; x_wconf 84' lang='lat' dir='ltr'><strong><em>Qui</em></strong></span> <span class='ocrx_word' id='word_1_519' title='bbox 1213 3524 1262 3567; x_wconf 79' lang='lat' dir='ltr'><strong><em>te</em></strong></span> <span class='ocrx_word' id='word_1_520' title='bbox 1311 3515 1540 3582; x_wconf 86' lang='lat' dir='ltr'><strong><em>percutit</em></strong></span> <span class='ocrx_word' id='word_1_521' title='bbox 1590 3514 1644 3567; x_wconf 89' lang='lat' dir='ltr'><strong><em>in</em></strong></span> <span class='ocrx_word' id='word_1_522' title='bbox 1678 3514 1976 3578; x_wconf 76' lang='lat' dir='ltr'><strong><em>maxillam,</em></strong></span> 
     </span>
    </p>
   </div>
   <div class='ocr_carea' id='block_1_67' title="bbox 406 3600 1982 3675">
    <p class='ocr_par' dir='ltr' id='par_1_67' title="bbox 406 3600 1982 3675">
     <span class='ocr_line' id='line_1_67' title="bbox 406 3600 1982 3675; baseline 0.004 -25"><span class='ocrx_word' id='word_1_523' title='bbox 406 3600 579 3666; x_wconf 76' lang='lat' dir='ltr'><strong><em>prwbe</em></strong></span> <span class='ocrx_word' id='word_1_524' title='bbox 603 3610 652 3653; x_wconf 89' lang='lat' dir='ltr'><strong><em>et</em></strong></span> <span class='ocrx_word' id='word_1_525' title='bbox 680 3600 924 3656; x_wconf 87' lang='lat' dir='ltr'><strong><em>alteram.</em></strong></span> <span class='ocrx_word' id='word_1_526' title='bbox 958 3601 1026 3655; x_wconf 84' lang='lat' dir='ltr'><strong><em>Et</em></strong></span> <span class='ocrx_word' id='word_1_527' title='bbox 1053 3604 1118 3656; x_wconf 89' lang='lat' dir='ltr'><strong><em>ab</em></strong></span> <span class='ocrx_word' id='word_1_528' title='bbox 1146 3621 1230 3669; x_wconf 88' lang='lat' dir='ltr'><strong><em>eo,</em></strong></span> <span class='ocrx_word' id='word_1_529' title='bbox 1277 3606 1366 3675; x_wconf 88' lang='lat' dir='ltr'><strong><em>qui</em></strong></span> <span class='ocrx_word' id='word_1_530' title='bbox 1394 3604 1566 3674; x_wconf 79' lang='lat' dir='ltr'><strong><em>aufert</em></strong></span> <span class='ocrx_word' id='word_1_531' title='bbox 1593 3605 1689 3659; x_wconf 87' lang='lat' dir='ltr'><strong><em>tibi</em></strong></span> <span class='ocrx_word' id='word_1_532' title='bbox 1723 3606 1982 3670; x_wconf 86' lang='lat' dir='ltr'><strong><em>tunicam,</em></strong></span> 
     </span>
    </p>
   </div>
   <div class='ocr_carea' id='block_1_68' title="bbox 408 3692 1984 3764">
    <p class='ocr_par' dir='ltr' id='par_1_68' title="bbox 408 3692 1984 3764">
     <span class='ocr_line' id='line_1_68' title="bbox 408 3692 1984 3764; baseline 0.003 -20"><span class='ocrx_word' id='word_1_533' title='bbox 408 3699 500 3744; x_wconf 87' lang='lat' dir='ltr'><strong><em>aut</em></strong></span> <span class='ocrx_word' id='word_1_534' title='bbox 529 3692 916 3758; x_wconf 82' lang='lat' dir='ltr'><strong><em>vestimentum,</em></strong></span> <span class='ocrx_word' id='word_1_535' title='bbox 945 3694 1054 3748; x_wconf 90' lang='lat' dir='ltr'><strong><em>noli</em></strong></span> <span class='ocrx_word' id='word_1_536' title='bbox 1083 3695 1358 3764; x_wconf 83' lang='lat' dir='ltr'><strong><em>prohibere</em></strong></span> <span class='ocrx_word' id='word_1_537' title='bbox 1388 3695 1456 3748; x_wconf 79' lang='lat'><strong><em>“.</em></strong></span> <span class='ocrx_word' id='word_1_538' title='bbox 1493 3695 1596 3760; x_wconf 84' lang='lat' dir='ltr'><strong><em>Qui</em></strong></span> <span class='ocrx_word' id='word_1_539' title='bbox 1641 3711 1759 3749; x_wconf 88' lang='lat' dir='ltr'><strong><em>vero</em></strong></span> <span class='ocrx_word' id='word_1_540' title='bbox 1784 3698 1865 3748; x_wconf 85' lang='lat' dir='ltr'><strong><em>ira</em></strong></span> <span class='ocrx_word' id='word_1_541' title='bbox 1887 3711 1984 3748; x_wconf 76' lang='lat' dir='ltr'><strong><em>ea:-</em></strong></span> 
     </span>
    </p>
   </div>
   <div class='ocr_carea' id='block_1_69' title="bbox 376 3785 1982 3857">
    <p class='ocr_par' dir='ltr' id='par_1_69' title="bbox 376 3785 1982 3857">
     <span class='ocr_line' id='line_1_69' title="bbox 376 3785 1982 3857; baseline 0.004 -24"><span class='ocrx_word' id='word_1_542' title='bbox 376 3785 708 3851; x_wconf 83' lang='lat' dir='ltr'><strong><em>_c.mduerit,</em></strong></span> <span class='ocrx_word' id='word_1_543' title='bbox 758 3789 826 3840; x_wconf 90' lang='lat' dir='ltr'><strong><em>ad</em></strong></span> <span class='ocrx_word' id='word_1_544' title='bbox 874 3788 1044 3857; x_wconf 86' lang='lat' dir='ltr'><strong><em>ignem</em></strong></span> <span class='ocrx_word' id='word_1_545' title='bbox 1093 3789 1520 3842; x_wconf 86' lang='lat' dir='ltr'><strong><em>condemnationi</em></strong></span> <span class='ocrx_word' id='word_1_546' title='bbox 1565 3788 1823 3842; x_wconf 78' lang='lat' dir='ltr'><strong><em>obnoxius</em></strong></span> <span class='ocrx_word' id='word_1_547' title='bbox 1862 3787 1982 3857; x_wconf 79' lang='lat' dir='ltr'><strong><em>fue-</em></strong></span> 
     </span>
    </p>
   </div>
   <div class='ocr_carea' id='block_1_70' title="bbox 406 3875 1981 3950">
    <p class='ocr_par' dir='ltr' id='par_1_70' title="bbox 406 3875 1981 3950">
     <span class='ocr_line' id='line_1_70' title="bbox 406 3875 1981 3950; baseline 0.004 -23"><span class='ocrx_word' id='word_1_548' title='bbox 406 3875 474 3928; x_wconf 88' lang='lat' dir='ltr'><strong><em>rit</em></strong></span> <span class='ocrx_word' id='word_1_549' title='bbox 537 3875 607 3930; x_wconf 84' lang='grc'><strong><em>⁵³.</em></strong></span> <span class='ocrx_word' id='word_1_550' title='bbox 653 3876 873 3931; x_wconf 86' lang='lat' dir='ltr'><strong><em>Omnem</em></strong></span> <span class='ocrx_word' id='word_1_551' title='bbox 937 3888 1115 3934; x_wconf 86' lang='lat' dir='ltr'><strong><em>autent</em></strong></span> <span class='ocrx_word' id='word_1_552' title='bbox 1181 3881 1479 3950; x_wconf 79' lang='lat' dir='ltr'><strong><em>adigentem</em></strong></span> <span class='ocrx_word' id='word_1_553' title='bbox 1517 3889 1568 3934; x_wconf 92' lang='lat' dir='ltr'><strong><em>te</em></strong></span> <span class='ocrx_word' id='word_1_554' title='bbox 1622 3881 1691 3933; x_wconf 84' lang='lat' dir='ltr'><strong><em>ad</em></strong></span> <span class='ocrx_word' id='word_1_555' title='bbox 1748 3879 1981 3933; x_wconf 91' lang='lat' dir='ltr'><strong><em>milliare</em></strong></span> 
     </span>
    </p>
   </div>
   <div class='ocr_carea' id='block_1_71' title="bbox 405 3967 1982 4030">
    <p class='ocr_par' dir='ltr' id='par_1_71' title="bbox 405 3967 1982 4030">
     <span class='ocr_line' id='line_1_71' title="bbox 405 3967 1982 4030; baseline 0.006 -13"><span class='ocrx_word' id='word_1_556' title='bbox 405 3980 600 4030; x_wconf 88' lang='lat' dir='ltr'><strong><em>unum,</em></strong></span> <span class='ocrx_word' id='word_1_557' title='bbox 627 3967 832 4023; x_wconf 85' lang='lat' dir='ltr'><strong><em>duobus</em></strong></span> <span class='ocrx_word' id='word_1_558' title='bbox 879 3970 1031 4024; x_wconf 88' lang='lat' dir='ltr'><strong><em>illum</em></strong></span> <span class='ocrx_word' id='word_1_559' title='bbox 1069 3974 1323 4026; x_wconf 87' lang='lat' dir='ltr'><strong><em>comitare</em></strong></span> <span class='ocrx_word' id='word_1_560' title='bbox 1371 3972 1439 4026; x_wconf 82' lang='grc'><strong><em>⁸³.</em></strong></span> <span class='ocrx_word' id='word_1_561' title='bbox 1477 3971 1710 4026; x_wconf 83' lang='lat' dir='ltr'><strong><em>Luceant</em></strong></span> <span class='ocrx_word' id='word_1_562' title='bbox 1743 3988 1864 4026; x_wconf 78' lang='lat' dir='ltr'><strong><em>vero</em></strong></span> <span class='ocrx_word' id='word_1_563' title='bbox 1895 3973 1982 4026; x_wconf 82' lang='lat' dir='ltr'><strong><em>be-</em></strong></span> 
     </span>
    </p>
   </div>
   <div class='ocr_carea' id='block_1_72' title="bbox 404 4055 1981 4129">
    <p class='ocr_par' dir='ltr' id='par_1_72' title="bbox 404 4055 1981 4129">
     <span class='ocr_line' id='line_1_72' title="bbox 404 4055 1981 4129; baseline 0.004 -22"><span class='ocrx_word' id='word_1_564' title='bbox 404 4055 612 4124; x_wconf 75' lang='lat' dir='ltr'><strong><em>nefacta</em></strong></span> <span class='ocrx_word' id='word_1_565' title='bbox 637 4069 813 4113; x_wconf 87' lang='lat' dir='ltr'><strong><em>vestra</em></strong></span> <span class='ocrx_word' id='word_1_566' title='bbox 856 4078 1035 4115; x_wconf 90' lang='lat' dir='ltr'><strong><em>coram</em></strong></span> <span class='ocrx_word' id='word_1_567' title='bbox 1078 4063 1399 4129; x_wconf 87' lang='lat' dir='ltr'><strong><em>hominibus,</em></strong></span> <span class='ocrx_word' id='word_1_568' title='bbox 1461 4073 1514 4115; x_wconf 89' lang='lat' dir='ltr'><strong><em>ut</em></strong></span> <span class='ocrx_word' id='word_1_569' title='bbox 1564 4062 1647 4116; x_wconf 91' lang='lat' dir='ltr'><strong><em>illi</em></strong></span> <span class='ocrx_word' id='word_1_570' title='bbox 1673 4078 1734 4114; x_wconf 89' lang='lat' dir='ltr'><strong><em>ea</em></strong></span> <span class='ocrx_word' id='word_1_571' title='bbox 1763 4077 1981 4114; x_wconf 84' lang='lat' dir='ltr'><strong><em>cernen-</em></strong></span> 
     </span>
    </p>
   </div>
   <div class='ocr_carea' id='block_1_73' title="bbox 406 4153 1977 4237">
    <p class='ocr_par' dir='ltr' id='par_1_73' title="bbox 406 4153 1977 4237">
     <span class='ocr_line' id='line_1_73' title="bbox 406 4153 1977 4237; baseline 0.008 -35"><span class='ocrx_word' id='word_1_572' title='bbox 406 4158 504 4216; x_wconf 88' lang='lat' dir='ltr'><strong><em>tes,</em></strong></span> <span class='ocrx_word' id='word_1_573' title='bbox 543 4153 874 4208; x_wconf 89' lang='lat' dir='ltr'><strong><em>admirentur</em></strong></span> <span class='ocrx_word' id='word_1_574' title='bbox 907 4154 1120 4211; x_wconf 86' lang='lat' dir='ltr'><strong><em>Patrem</em></strong></span> <span class='ocrx_word' id='word_1_575' title='bbox 1177 4169 1403 4237; x_wconf 47' lang='lat' dir='ltr'><strong><em>vesotrum</em></strong></span> <span class='ocrx_word' id='word_1_576' title='bbox 1425 4158 1514 4229; x_wconf 87' lang='lat' dir='ltr'><strong><em>qui</em></strong></span> <span class='ocrx_word' id='word_1_577' title='bbox 1560 4159 1615 4210; x_wconf 89' lang='lat' dir='ltr'><strong><em>in</em></strong></span> <span class='ocrx_word' id='word_1_578' title='bbox 1642 4157 1782 4211; x_wconf 66' lang='lat' dir='ltr'><strong><em>caelis</em></strong></span> <span class='ocrx_word' id='word_1_579' title='bbox 1809 4157 1977 4214; x_wconf 64' lang='lat' dir='ltr'><strong><em>est&quot;.</em></strong></span> 
     </span>
    </p>
   </div>
   <div class='ocr_carea' id='block_1_74' title="bbox 405 4238 1980 4318">
    <p class='ocr_par' dir='ltr' id='par_1_74' title="bbox 405 4238 1980 4318">
     <span class='ocr_line' id='line_1_74' title="bbox 405 4238 1980 4318; baseline 0.006 -25"><span class='ocrx_word' id='word_1_580' title='bbox 405 4238 521 4294; x_wconf 86' lang='lat' dir='ltr'><strong><em>Non</em></strong></span> <span class='ocrx_word' id='word_1_581' title='bbox 556 4244 699 4297; x_wconf 87' lang='lat' dir='ltr'><strong><em>enim</em></strong></span> <span class='ocrx_word' id='word_1_582' title='bbox 735 4245 990 4302; x_wconf 87' lang='lat' dir='ltr'><strong><em>reluctari</em></strong></span> <span class='ocrx_word' id='word_1_583' title='bbox 1016 4258 1258 4318; x_wconf 79' lang='lat' dir='ltr'><strong><em>oportet,</em></strong></span> <span class='ocrx_word' id='word_1_584' title='bbox 1307 4265 1484 4318; x_wconf 84' lang='lat' dir='ltr'><strong><em>neque</em></strong></span> <span class='ocrx_word' id='word_1_585' title='bbox 1518 4263 1618 4304; x_wconf 91' lang='lat' dir='ltr'><strong><em>nos</em></strong></span> <span class='ocrx_word' id='word_1_586' title='bbox 1676 4249 1980 4304; x_wconf 84' lang='lat' dir='ltr'><strong><em>imitatores</em></strong></span> 
     </span>
    </p>
   </div>
   <div class='ocr_carea' id='block_1_75' title="bbox 400 4335 1979 4409">
    <p class='ocr_par' dir='ltr' id='par_1_75' title="bbox 400 4335 1979 4409">
     <span class='ocr_line' id='line_1_75' title="bbox 400 4335 1979 4409; baseline 0.004 -25"><span class='ocrx_word' id='word_1_587' title='bbox 400 4345 523 4386; x_wconf 90' lang='lat' dir='ltr'><strong><em>csse</em></strong></span> <span class='ocrx_word' id='word_1_588' title='bbox 555 4335 818 4390; x_wconf 74' lang='lat' dir='ltr'><strong><em>titulorum</em></strong></span> <span class='ocrx_word' id='word_1_589' title='bbox 855 4337 967 4391; x_wconf 88' lang='lat' dir='ltr'><strong><em>vult</em></strong></span> <span class='ocrx_word' id='word_1_590' title='bbox 1004 4338 1179 4404; x_wconf 85' lang='lat' dir='ltr'><strong><em>Deus;</em></strong></span> <span class='ocrx_word' id='word_1_591' title='bbox 1213 4339 1306 4394; x_wconf 89' lang='lat' dir='ltr'><strong><em>sed</em></strong></span> <span class='ocrx_word' id='word_1_592' title='bbox 1363 4348 1422 4393; x_wconf 94' lang='lat' dir='ltr'><strong><em>ut</em></strong></span> <span class='ocrx_word' id='word_1_593' title='bbox 1469 4337 1808 4409; x_wconf 87' lang='lat' dir='ltr'><strong><em>patientia-et</em></strong></span> <span class='ocrx_word' id='word_1_594' title='bbox 1843 4337 1979 4392; x_wconf 85' lang='lat' dir='ltr'><strong><em>leni-</em></strong></span> 
     </span>
    </p>
   </div>
   <div class='ocr_carea' id='block_1_76' title="bbox 403 4430 1979 4502">
    <p class='ocr_par' dir='ltr' id='par_1_76' title="bbox 403 4430 1979 4502">
     <span class='ocr_line' id='line_1_76' title="bbox 403 4430 1979 4502; baseline 0.004 -27"><span class='ocrx_word' id='word_1_595' title='bbox 403 4432 519 4480; x_wconf 83' lang='lat' dir='ltr'><strong><em>tate</em></strong></span> <span class='ocrx_word' id='word_1_596' title='bbox 547 4440 738 4482; x_wconf 89' lang='lat' dir='ltr'><strong><em>omnes</em></strong></span> <span class='ocrx_word' id='word_1_597' title='bbox 762 4444 794 4482; x_wconf 88' lang='lat' dir='ltr'><strong><em>a</em></strong></span> <span class='ocrx_word' id='word_1_598' title='bbox 839 4430 1108 4487; x_wconf 83' lang='lat' dir='ltr'><strong><em>dedecore</em></strong></span> <span class='ocrx_word' id='word_1_599' title='bbox 1141 4441 1197 4486; x_wconf 87' lang='lat' dir='ltr'><strong><em>ct</em></strong></span> <span class='ocrx_word' id='word_1_600' title='bbox 1252 4432 1556 4502; x_wconf 83' lang='lat' dir='ltr'><strong><em>cupiditate</em></strong></span> <span class='ocrx_word' id='word_1_601' title='bbox 1587 4430 1850 4486; x_wconf 82' lang='lat' dir='ltr'><strong><em>malorum</em></strong></span> <span class='ocrx_word' id='word_1_602' title='bbox 1884 4431 1979 4483; x_wconf 74' lang='lat' dir='ltr'><strong><em>ali-</em></strong></span> 
     </span>
    </p>
   </div>
   <div class='ocr_carea' id='block_1_77' title="bbox 401 4511 1977 4592">
    <p class='ocr_par' dir='ltr' id='par_1_77' title="bbox 401 4511 1977 4592">
     <span class='ocr_line' id='line_1_77' title="bbox 401 4511 1977 4592; baseline 0.007 -27"><span class='ocrx_word' id='word_1_603' title='bbox 401 4511 666 4573; x_wconf 86' lang='lat' dir='ltr'><strong><em>ducamus</em></strong></span> <span class='ocrx_word' id='word_1_604' title='bbox 703 4521 950 4576; x_wconf 83' lang='lat' dir='ltr'><strong><em>hortatus</em></strong></span> <span class='ocrx_word' id='word_1_605' title='bbox 997 4532 1104 4578; x_wconf 87' lang='lat' dir='ltr'><strong><em>est.</em></strong></span> <span class='ocrx_word' id='word_1_606' title='bbox 1141 4524 1295 4590; x_wconf 81' lang='lat' dir='ltr'><strong><em>Quod</em></strong></span> <span class='ocrx_word' id='word_1_607' title='bbox 1345 4524 1564 4592; x_wconf 89' lang='lat' dir='ltr'><strong><em>quidem</em></strong></span> <span class='ocrx_word' id='word_1_608' title='bbox 1614 4524 1763 4577; x_wconf 90' lang='lat' dir='ltr'><strong><em>etde</em></strong></span> <span class='ocrx_word' id='word_1_609' title='bbox 1793 4522 1977 4576; x_wconf 91' lang='lat' dir='ltr'><strong><em>multis</em></strong></span> 
     </span>
    </p>
   </div>
   <div class='ocr_carea' id='block_1_78' title="bbox 401 4611 1973 4683">
    <p class='ocr_par' dir='ltr' id='par_1_78' title="bbox 401 4611 1973 4683">
     <span class='ocr_line' id='line_1_78' title="bbox 401 4611 1973 4683; baseline 0.004 -23"><span class='ocrx_word' id='word_1_610' title='bbox 401 4611 493 4675; x_wconf 89' lang='lat' dir='ltr'><strong><em>qui</em></strong></span> <span class='ocrx_word' id='word_1_611' title='bbox 524 4612 666 4676; x_wconf 86' lang='lat' dir='ltr'><strong><em>apud</em></strong></span> <span class='ocrx_word' id='word_1_612' title='bbox 696 4627 789 4668; x_wconf 88' lang='lat' dir='ltr'><strong><em>vos</em></strong></span> <span class='ocrx_word' id='word_1_613' title='bbox 847 4614 1087 4681; x_wconf 80' lang='lat' dir='ltr'><strong><em>fuerunt,</em></strong></span> <span class='ocrx_word' id='word_1_614' title='bbox 1124 4618 1503 4672; x_wconf 85' lang='lat' dir='ltr'><strong><em>demonstrare</em></strong></span> <span class='ocrx_word' id='word_1_615' title='bbox 1535 4630 1847 4683; x_wconf 87' lang='lat' dir='ltr'><strong><em>possumus,</em></strong></span> <span class='ocrx_word' id='word_1_616' title='bbox 1882 4615 1973 4683; x_wconf 85' lang='lat' dir='ltr'><strong><em>qui</em></strong></span> 
     </span>
    </p>
   </div>
   <div class='ocr_carea' id='block_1_79' title="bbox 2160 3327 3689 3409">
    <p class='ocr_par' dir='ltr' id='par_1_79' title="bbox 2160 3327 3689 3409">
     <span class='ocr_line' id='line_1_79' title="bbox 2160 3327 3689 3409; baseline 0.005 -28"><span class='ocrx_word' id='word_1_617' title='bbox 2160 3327 2246 3382; x_wconf 86' lang='grc'><strong><em>16.</em></strong></span> <span class='ocrx_word' id='word_1_618' title='bbox 2282 3327 2419 3401; x_wconf 79' lang='grc' dir='ltr'><em>Περὶ</em></span> <span class='ocrx_word' id='word_1_619' title='bbox 2449 3327 2508 3382; x_wconf 82' lang='grc' dir='ltr'><strong><em>δὲ</em></strong></span> <span class='ocrx_word' id='word_1_620' title='bbox 2540 3329 2632 3384; x_wconf 75' lang='grc' dir='ltr'><em>τοῦ</em></span> <span class='ocrx_word' id='word_1_621' title='bbox 2665 3329 3024 3395; x_wconf 68' lang='grc' dir='ltr'><strong><em>ἀνεξικάκως</em></strong></span> <span class='ocrx_word' id='word_1_622' title='bbox 3066 3329 3206 3386; x_wconf 83' lang='grc' dir='ltr'><em>εἶναι</em></span> <span class='ocrx_word' id='word_1_623' title='bbox 3227 3373 3241 3397; x_wconf 94' lang='grc'><strong><em>,</em></strong></span> <span class='ocrx_word' id='word_1_624' title='bbox 3290 3335 3388 3387; x_wconf 73' lang='grc' dir='ltr'><em>καὶ</em></span> <span class='ocrx_word' id='word_1_625' title='bbox 3421 3337 3536 3407; x_wconf 78' lang='grc' dir='ltr'><em>ὑπη</em></span> <span class='ocrx_word' id='word_1_626' title='bbox 3549 3354 3689 3409; x_wconf 84' lang='grc' dir='ltr'><em>ρετι-</em></span> 
     </span>
    </p>
   </div>
   <div class='ocr_carea' id='block_1_80' title="bbox 2087 3421 3690 3496">
    <p class='ocr_par' dir='ltr' id='par_1_80' title="bbox 2087 3421 3690 3496">
     <span class='ocr_line' id='line_1_80' title="bbox 2087 3421 3690 3496; baseline 0.005 -22"><span class='ocrx_word' id='word_1_627' title='bbox 2087 3422 2217 3484; x_wconf 78' lang='grc' dir='ltr'><em>κοὺς</em></span> <span class='ocrx_word' id='word_1_628' title='bbox 2248 3421 2406 3485; x_wconf 80' lang='grc' dir='ltr'><em>πᾶσι,</em></span> <span class='ocrx_word' id='word_1_629' title='bbox 2458 3422 2555 3476; x_wconf 73' lang='grc' dir='ltr'><em>καὶ</em></span> <span class='ocrx_word' id='word_1_630' title='bbox 2596 3425 2916 3496; x_wconf 81' lang='grc' dir='ltr'><em>ἀοργήτους,</em></span> <span class='ocrx_word' id='word_1_631' title='bbox 2945 3424 2981 3478; x_wconf 83' lang='grc' dir='ltr'>ἂ</span> <span class='ocrx_word' id='word_1_632' title='bbox 3032 3424 3156 3496; x_wconf 74' lang='grc' dir='ltr'><em>ἔφη,</em></span> <span class='ocrx_word' id='word_1_633' title='bbox 3201 3427 3378 3482; x_wconf 80' lang='grc' dir='ltr'><em>ταῦτά</em></span> <span class='ocrx_word' id='word_1_634' title='bbox 3418 3432 3562 3484; x_wconf 75' lang='grc' dir='ltr'><em>ὲστιο</em></span> <span class='ocrx_word' id='word_1_635' title='bbox 3608 3431 3690 3496; x_wconf 78' lang='grc' dir='ltr'><strong><em>Τῷ</em></strong></span> 
     </span>
    </p>
   </div>
   <div class='ocr_carea' id='block_1_81' title="bbox 2087 3510 3688 3590">
    <p class='ocr_par' dir='ltr' id='par_1_81' title="bbox 2087 3510 3688 3590">
     <span class='ocr_line' id='line_1_81' title="bbox 2087 3510 3688 3590; baseline 0.007 -29"><span class='ocrx_word' id='word_1_636' title='bbox 2087 3510 2370 3563; x_wconf 82' lang='grc' dir='ltr'><em>τύπτοντί</em></span> <span class='ocrx_word' id='word_1_637' title='bbox 2424 3527 2542 3564; x_wconf 88' lang='grc' dir='ltr'><strong><em>σου</em></strong></span> <span class='ocrx_word' id='word_1_638' title='bbox 2604 3512 2718 3580; x_wconf 74' lang='grc' dir='ltr'><em>τὴν</em></span> <span class='ocrx_word' id='word_1_639' title='bbox 2773 3514 3062 3582; x_wconf 70' lang='grc' dir='ltr'><em>σιαγόνα,</em></span> <span class='ocrx_word' id='word_1_640' title='bbox 3130 3515 3358 3586; x_wconf 83' lang='grc' dir='ltr'><em>πάρεχε</em></span> <span class='ocrx_word' id='word_1_641' title='bbox 3427 3522 3526 3574; x_wconf 75' lang='grc' dir='ltr'><strong><em>καὶ</em></strong></span> <span class='ocrx_word' id='word_1_642' title='bbox 3574 3522 3688 3590; x_wconf 78' lang='grc' dir='ltr'><em>τὴν</em></span> 
     </span>
    </p>
   </div>
   <div class='ocr_carea' id='block_1_82' title="bbox 2085 3602 3687 3684">
    <p class='ocr_par' dir='ltr' id='par_1_82' title="bbox 2085 3602 3687 3684">
     <span class='ocr_line' id='line_1_82' title="bbox 2085 3602 3687 3684; baseline 0.008 -29"><span class='ocrx_word' id='word_1_643' title='bbox 2085 3602 2303 3670; x_wconf 80' lang='grc' dir='ltr'><em>ἄλλην·</em></span> <span class='ocrx_word' id='word_1_644' title='bbox 2332 3603 2430 3657; x_wconf 78' lang='grc' dir='ltr'><em>καὶ</em></span> <span class='ocrx_word' id='word_1_645' title='bbox 2472 3603 2580 3658; x_wconf 83' lang='grc' dir='ltr'><em>τὸν</em></span> <span class='ocrx_word' id='word_1_646' title='bbox 2623 3607 2878 3673; x_wconf 78' lang='grc' dir='ltr'><em>αἴροντα</em></span> <span class='ocrx_word' id='word_1_647' title='bbox 2921 3625 3037 3662; x_wconf 90' lang='grc' dir='ltr'><strong><em>σου</em></strong></span> <span class='ocrx_word' id='word_1_648' title='bbox 3093 3609 3200 3663; x_wconf 82' lang='grc' dir='ltr'><strong><em>τὸν</em></strong></span> <span class='ocrx_word' id='word_1_649' title='bbox 3249 3613 3496 3679; x_wconf 81' lang='grc' dir='ltr'><em>χιτῶνα,</em></span> <span class='ocrx_word' id='word_1_650' title='bbox 3535 3617 3577 3684; x_wconf 80' lang='grc' dir='ltr'><strong><em>ἧ</em></strong></span> <span class='ocrx_word' id='word_1_651' title='bbox 3623 3618 3687 3670; x_wconf 79' lang='grc' dir='ltr'><em>τό</em></span> 
     </span>
    </p>
   </div>
   <div class='ocr_carea' id='block_1_83' title="bbox 2087 3693 3686 3776">
    <p class='ocr_par' dir='ltr' id='par_1_83' title="bbox 2087 3693 3686 3776">
     <span class='ocr_line' id='line_1_83' title="bbox 2087 3693 3686 3776; baseline 0.008 -30"><span class='ocrx_word' id='word_1_652' title='bbox 2087 3693 2480 3766; x_wconf 72' lang='grc' dir='ltr'><em>ίμάτιον(94),</em></span> <span class='ocrx_word' id='word_1_653' title='bbox 2529 3695 2616 3766; x_wconf 78' lang='grc' dir='ltr'><em>μὴ</em></span> <span class='ocrx_word' id='word_1_654' title='bbox 2677 3699 2978 3768; x_wconf 76' lang='grc' dir='ltr'><em>κωλύσῃς.</em></span> <span class='ocrx_word' id='word_1_655' title='bbox 3050 3702 3149 3767; x_wconf 83' lang='grc' dir='ltr'><em>Ὃς</em></span> <span class='ocrx_word' id='word_1_656' title='bbox 3195 3701 3247 3754; x_wconf 83' lang='grc' dir='ltr'><strong><em>δ’</em></strong></span> <span class='ocrx_word' id='word_1_657' title='bbox 3275 3702 3354 3757; x_wconf 85' lang='grc' dir='ltr'><em>ἂν</em></span> <span class='ocrx_word' id='word_1_658' title='bbox 3408 3706 3686 3776; x_wconf 54' lang='lat' dir='ltr'><strong><em>dprecor},</em></strong></span> 
     </span>
    </p>
   </div>
   <div class='ocr_carea' id='block_1_84' title="bbox 2083 3784 3683 3864">
    <p class='ocr_par' dir='ltr' id='par_1_84' title="bbox 2083 3784 3683 3864">
     <span class='ocr_line' id='line_1_84' title="bbox 2083 3784 3683 3864; baseline 0.01 -28"><span class='ocrx_word' id='word_1_659' title='bbox 2083 3784 2299 3852; x_wconf 78' lang='grc' dir='ltr'><em>ἔνοχός</em></span> <span class='ocrx_word' id='word_1_660' title='bbox 2326 3785 2498 3838; x_wconf 84' lang='grc' dir='ltr'><em>ἐστιν</em></span> <span class='ocrx_word' id='word_1_661' title='bbox 2521 3789 2610 3852; x_wconf 84' lang='grc' dir='ltr'><em>εὶς</em></span> <span class='ocrx_word' id='word_1_662' title='bbox 2639 3785 2704 3839; x_wconf 86' lang='grc' dir='ltr'><em>τὸ</em></span> <span class='ocrx_word' id='word_1_663' title='bbox 2745 3788 2885 3856; x_wconf 79' lang='grc' dir='ltr'><em>πῦρ.</em></span> <span class='ocrx_word' id='word_1_664' title='bbox 2940 3792 3127 3844; x_wconf 81' lang='grc' dir='ltr'><em>Παντὶ</em></span> <span class='ocrx_word' id='word_1_665' title='bbox 3169 3791 3236 3844; x_wconf 85' lang='grc' dir='ltr'><strong><em>δὲ</em></strong></span> <span class='ocrx_word' id='word_1_666' title='bbox 3277 3795 3683 3864; x_wconf 74' lang='grc' dir='ltr'><em>ἀγγαρεύοντί</em></span> 
     </span>
    </p>
   </div>
   <div class='ocr_carea' id='block_1_85' title="bbox 2083 3876 3686 3959">
    <p class='ocr_par' dir='ltr' id='par_1_85' title="bbox 2083 3876 3686 3959">
     <span class='ocr_line' id='line_1_85' title="bbox 2083 3876 3686 3959; baseline 0.01 -32"><span class='ocrx_word' id='word_1_667' title='bbox 2083 3890 2183 3928; x_wconf 89' lang='grc' dir='ltr'><strong><em>σοι</em></strong></span> <span class='ocrx_word' id='word_1_668' title='bbox 2201 3876 2402 3942; x_wconf 83' lang='grc' dir='ltr'><em>μίλιον</em></span> <span class='ocrx_word' id='word_1_669' title='bbox 2415 3876 2505 3942; x_wconf 86' lang='grc' dir='ltr'><em>ἐν,</em></span> <span class='ocrx_word' id='word_1_670' title='bbox 2519 3879 2942 3949; x_wconf 81' lang='grc' dir='ltr'><em>ἀκολούθησον</em></span> <span class='ocrx_word' id='word_1_671' title='bbox 2956 3881 3083 3936; x_wconf 83' lang='grc' dir='ltr'><em>δύο.</em></span> <span class='ocrx_word' id='word_1_672' title='bbox 3105 3885 3328 3954; x_wconf 75' lang='grc' dir='ltr'><em>Λαμψά</em></span> <span class='ocrx_word' id='word_1_673' title='bbox 3336 3905 3411 3940; x_wconf 87' lang='grc' dir='ltr'><strong><em>τω</em></strong></span> <span class='ocrx_word' id='word_1_674' title='bbox 3426 3888 3496 3941; x_wconf 85' lang='grc' dir='ltr'><strong><em>δὲ</em></strong></span> <span class='ocrx_word' id='word_1_675' title='bbox 3513 3892 3686 3959; x_wconf 77' lang='grc' dir='ltr'><em>ὑμῶν</em></span> 
     </span>
    </p>
   </div>
   <div class='ocr_carea' id='block_1_86' title="bbox 2083 3969 3683 4047">
    <p class='ocr_par' dir='ltr' id='par_1_86' title="bbox 2083 3969 3683 4047">
     <span class='ocr_line' id='line_1_86' title="bbox 2083 3969 3683 4047; baseline 0.01 -26"><span class='ocrx_word' id='word_1_676' title='bbox 2083 3969 2156 4022; x_wconf 82' lang='grc' dir='ltr'><em>τὰ</em></span> <span class='ocrx_word' id='word_1_677' title='bbox 2208 3971 2368 4023; x_wconf 77' lang='grc' dir='ltr'><em>καλὰ</em></span> <span class='ocrx_word' id='word_1_678' title='bbox 2411 3971 2556 4040; x_wconf 76' lang='grc' dir='ltr'><em>ἔργα</em></span> <span class='ocrx_word' id='word_1_679' title='bbox 2606 3973 2948 4040; x_wconf 79' lang='grc' dir='ltr'><em>ἔμπροσθεν</em></span> <span class='ocrx_word' id='word_1_680' title='bbox 3001 3974 3119 4029; x_wconf 79' lang='grc' dir='ltr'><em>τῶν</em></span> <span class='ocrx_word' id='word_1_681' title='bbox 3161 3979 3516 4047; x_wconf 77' lang='grc' dir='ltr'><em>ἀνθρώπων,</em></span> <span class='ocrx_word' id='word_1_682' title='bbox 3583 3986 3683 4038; x_wconf 77' lang='grc' dir='ltr'><em>ἵνα</em></span> 
     </span>
    </p>
   </div>
   <div class='ocr_carea' id='block_1_87' title="bbox 2077 4059 3686 4141">
    <p class='ocr_par' dir='ltr' id='par_1_87' title="bbox 2077 4059 3686 4141">
     <span class='ocr_line' id='line_1_87' title="bbox 2077 4059 3686 4141; baseline 0.012 -29"><span class='ocrx_word' id='word_1_683' title='bbox 2077 4059 2438 4128; x_wconf 73' lang='grc' dir='ltr'><em>βλέποντες,</em></span> <span class='ocrx_word' id='word_1_684' title='bbox 2479 4063 2812 4133; x_wconf 80' lang='grc' dir='ltr'><em>θαυμάζωσι</em></span> <span class='ocrx_word' id='word_1_685' title='bbox 2847 4064 2954 4119; x_wconf 77' lang='grc' dir='ltr'><em>τὸν</em></span> <span class='ocrx_word' id='word_1_686' title='bbox 3002 4069 3231 4137; x_wconf 86' lang='grc' dir='ltr'><em>Πατέρα</em></span> <span class='ocrx_word' id='word_1_687' title='bbox 3276 4073 3449 4141; x_wconf 76' lang='grc' dir='ltr'><em>ὑμῶν</em></span> <span class='ocrx_word' id='word_1_688' title='bbox 3476 4077 3592 4130; x_wconf 70' lang='grc' dir='ltr'><em>τὸν</em></span> <span class='ocrx_word' id='word_1_689' title='bbox 3617 4081 3686 4130; x_wconf 72' lang='grc' dir='ltr'><em>ἐν</em></span> 
     </span>
    </p>
   </div>
   <div class='ocr_carea' id='block_1_88' title="bbox 2083 4151 3684 4239">
    <p class='ocr_par' dir='ltr' id='par_1_88' title="bbox 2083 4151 3684 4239">
     <span class='ocr_line' id='line_1_88' title="bbox 2083 4151 3684 4239; baseline 0.012 -35"><span class='ocrx_word' id='word_1_690' title='bbox 2083 4151 2208 4217; x_wconf 85' lang='grc' dir='ltr'><em>τοῖς</em></span> <span class='ocrx_word' id='word_1_691' title='bbox 2237 4153 2532 4220; x_wconf 78' lang='grc' dir='ltr'><em>οὐρανοῖς.</em></span> <span class='ocrx_word' id='word_1_692' title='bbox 2563 4155 2638 4207; x_wconf 77' lang='grc' dir='ltr'><em>Οὐ</em></span> <span class='ocrx_word' id='word_1_693' title='bbox 2671 4155 2780 4227; x_wconf 76' lang='grc' dir='ltr'><em>γὰρ</em></span> <span class='ocrx_word' id='word_1_694' title='bbox 2812 4157 3090 4230; x_wconf 79' lang='grc' dir='ltr'><em>ἀνταίρειν</em></span> <span class='ocrx_word' id='word_1_695' title='bbox 3123 4160 3236 4214; x_wconf 83' lang='grc' dir='ltr'><em>δεῖ·</em></span> <span class='ocrx_word' id='word_1_696' title='bbox 3271 4165 3397 4219; x_wconf 78' lang='grc' dir='ltr'><em>οὐδὲ</em></span> <span class='ocrx_word' id='word_1_697' title='bbox 3432 4172 3684 4239; x_wconf 71' lang='grc' dir='ltr'><em>μιμητὰς</em></span> 
     </span>
    </p>
   </div>
   <div class='ocr_carea' id='block_1_89' title="bbox 2083 4237 3682 4330">
    <p class='ocr_par' dir='ltr' id='par_1_89' title="bbox 2083 4237 3682 4330">
     <span class='ocr_line' id='line_1_89' title="bbox 2083 4237 3682 4330; baseline 0.013 -36"><span class='ocrx_word' id='word_1_698' title='bbox 2083 4237 2224 4295; x_wconf 80' lang='grc' dir='ltr'><em>εἶναι</em></span> <span class='ocrx_word' id='word_1_699' title='bbox 2256 4243 2364 4296; x_wconf 83' lang='grc' dir='ltr'><em>τῶν</em></span> <span class='ocrx_word' id='word_1_700' title='bbox 2398 4244 2618 4312; x_wconf 79' lang='grc' dir='ltr'><em>φαύλων</em></span> <span class='ocrx_word' id='word_1_701' title='bbox 2666 4245 2990 4319; x_wconf 75' lang='grc' dir='ltr'><em>βεϐούληται</em></span> <span class='ocrx_word' id='word_1_702' title='bbox 3052 4253 3219 4321; x_wconf 77' lang='grc' dir='ltr'><em>ἡμᾶς,</em></span> <span class='ocrx_word' id='word_1_703' title='bbox 3271 4255 3410 4309; x_wconf 82' lang='grc' dir='ltr'><em>ἀλλὰ</em></span> <span class='ocrx_word' id='word_1_704' title='bbox 3436 4237 3682 4330; x_wconf 30' lang='grc' dir='ltr'><strong><em>διὰ-τῆς</em></strong></span> 
     </span>
    </p>
   </div>
   <div class='ocr_carea' id='block_1_90' title="bbox 2083 4336 3681 4422">
    <p class='ocr_par' dir='ltr' id='par_1_90' title="bbox 2083 4336 3681 4422">
     <span class='ocr_line' id='line_1_90' title="bbox 2083 4336 3681 4422; baseline 0.01 -33"><span class='ocrx_word' id='word_1_705' title='bbox 2083 4336 2362 4408; x_wconf 82' lang='grc' dir='ltr'><em>ὑπομονῆς</em></span> <span class='ocrx_word' id='word_1_706' title='bbox 2393 4337 2489 4390; x_wconf 72' lang='grc' dir='ltr'><em>καὶ</em></span> <span class='ocrx_word' id='word_1_707' title='bbox 2521 4337 2827 4409; x_wconf 78' lang='grc' dir='ltr'><em>πραότητος</em></span> <span class='ocrx_word' id='word_1_708' title='bbox 2862 4339 2921 4404; x_wconf 77' lang='grc' dir='ltr'>ἐξ</span> <span class='ocrx_word' id='word_1_709' title='bbox 2953 4341 3213 4414; x_wconf 76' lang='grc' dir='ltr'><strong><em>αἰσχύνης</em></strong></span> <span class='ocrx_word' id='word_1_710' title='bbox 3247 4347 3341 4398; x_wconf 73' lang='grc' dir='ltr'><em>καὶ</em></span> <span class='ocrx_word' id='word_1_711' title='bbox 3376 4350 3681 4422; x_wconf 72' lang='grc' dir='ltr'><em>ἐπιθυμίας</em></span> 
     </span>
    </p>
   </div>
   <div class='ocr_carea' id='block_1_91' title="bbox 2081 4428 3680 4512">
    <p class='ocr_par' dir='ltr' id='par_1_91' title="bbox 2081 4428 3680 4512">
     <span class='ocr_line' id='line_1_91' title="bbox 2081 4428 3680 4512; baseline 0.008 -31"><span class='ocrx_word' id='word_1_712' title='bbox 2081 4428 2192 4482; x_wconf 86' lang='grc' dir='ltr'><em>τῶν</em></span> <span class='ocrx_word' id='word_1_713' title='bbox 2224 4429 2410 4483; x_wconf 81' lang='grc' dir='ltr'>κακῶν</span> <span class='ocrx_word' id='word_1_714' title='bbox 2442 4429 2596 4497; x_wconf 76' lang='grc' dir='ltr'><em>ἄγειν</em></span> <span class='ocrx_word' id='word_1_715' title='bbox 2643 4430 2851 4495; x_wconf 84' lang='grc' dir='ltr'><em>πάντας</em></span> <span class='ocrx_word' id='word_1_716' title='bbox 2885 4435 3282 4505; x_wconf 68' lang='grc' dir='ltr'><em>προετρέψατο.</em></span> <span class='ocrx_word' id='word_1_717' title='bbox 3337 4441 3405 4491; x_wconf 87' lang='lat' dir='ltr'><strong><em>&quot;O</em></strong></span> <span class='ocrx_word' id='word_1_718' title='bbox 3438 4440 3551 4512; x_wconf 73' lang='grc' dir='ltr'><em>γὰρ</em></span> <span class='ocrx_word' id='word_1_719' title='bbox 3587 4445 3680 4496; x_wconf 77' lang='grc' dir='ltr'><em>καὶ</em></span> 
     </span>
    </p>
   </div>
   <div class='ocr_carea' id='block_1_92' title="bbox 2082 4512 3681 4600">
    <p class='ocr_par' dir='ltr' id='par_1_92' title="bbox 2082 4512 3681 4600">
     <span class='ocr_line' id='line_1_92' title="bbox 2082 4512 3681 4600; baseline 0.006 -27"><span class='ocrx_word' id='word_1_720' title='bbox 2082 4521 2175 4573; x_wconf 74' lang='grc' dir='ltr'><strong><em>ἐπὶ</em></strong></span> <span class='ocrx_word' id='word_1_721' title='bbox 2208 4519 2417 4573; x_wconf 78' lang='grc' dir='ltr'><em>πολλῶν</em></span> <span class='ocrx_word' id='word_1_722' title='bbox 2449 4520 2562 4592; x_wconf 77' lang='lat'><strong><em>(95)</em></strong></span> <span class='ocrx_word' id='word_1_723' title='bbox 2624 4522 2731 4574; x_wconf 82' lang='grc' dir='ltr'><strong><em>τῶν</em></strong></span> <span class='ocrx_word' id='word_1_724' title='bbox 2777 4524 2908 4594; x_wconf 87' lang='grc' dir='ltr'><em>παρ’</em></span> <span class='ocrx_word' id='word_1_725' title='bbox 2940 4526 3073 4594; x_wconf 85' lang='grc' dir='ltr'><strong><em>ἡμῖν</em></strong></span> <span class='ocrx_word' id='word_1_726' title='bbox 3119 4525 3236 4598; x_wconf 76' lang='lat'><strong><em>(96)</em></strong></span> <span class='ocrx_word' id='word_1_727' title='bbox 3283 4512 3681 4600; x_wconf 73' lang='grc' dir='ltr'><em>γεγενημένων</em></span> 
     </span>
    </p>
   </div>
   <div class='ocr_carea' id='block_1_93' title="bbox 2082 4613 3681 4692">
    <p class='ocr_par' dir='ltr' id='par_1_93' title="bbox 2082 4613 3681 4692">
     <span class='ocr_line' id='line_1_93' title="bbox 2082 4613 3681 4692; baseline 0.006 -24"><span class='ocrx_word' id='word_1_728' title='bbox 2082 4613 2360 4678; x_wconf 71' lang='grc' dir='ltr'><em>ἀποδεῖξαι</em></span> <span class='ocrx_word' id='word_1_729' title='bbox 2392 4613 2607 4684; x_wconf 71' lang='grc' dir='ltr'><em>ἔχομεν,</em></span> <span class='ocrx_word' id='word_1_730' title='bbox 2644 4617 2708 4667; x_wconf 84' lang='grc' dir='ltr'><em>ὲκ</em></span> <span class='ocrx_word' id='word_1_731' title='bbox 2755 4613 2945 4684; x_wconf 79' lang='grc' dir='ltr'><em>βιαίων</em></span> <span class='ocrx_word' id='word_1_732' title='bbox 2977 4616 3071 4668; x_wconf 78' lang='grc' dir='ltr'><em>καὶ</em></span> <span class='ocrx_word' id='word_1_733' title='bbox 3117 4620 3400 4689; x_wconf 76' lang='grc' dir='ltr'><em>τυράννων</em></span> <span class='ocrx_word' id='word_1_734' title='bbox 3451 4626 3681 4692; x_wconf 65' lang='grc' dir='ltr'><em>μετέϐα-</em></span> 
     </span>
    </p>
   </div>
   <div class='ocr_carea' id='block_1_94' title="bbox 397 4699 1943 4785">
    <p class='ocr_par' dir='ltr' id='par_1_94' title="bbox 397 4699 1940 4775">
     <span class='ocr_line' id='line_1_94' title="bbox 397 4699 1940 4775; baseline 0.007 -28"><span class='ocrx_word' id='word_1_735' title='bbox 397 4711 460 4748; x_wconf 80' lang='lat' dir='ltr'><strong><em>ex</em></strong></span> <span class='ocrx_word' id='word_1_736' title='bbox 496 4699 743 4758; x_wconf 84' lang='lat' dir='ltr'><strong><em>violentis</em></strong></span> <span class='ocrx_word' id='word_1_737' title='bbox 800 4715 857 4759; x_wconf 83' lang='lat' dir='ltr'><strong><em>et</em></strong></span> <span class='ocrx_word' id='word_1_738' title='bbox 909 4706 1155 4775; x_wconf 86' lang='lat' dir='ltr'><strong><em>tyrannis</em></strong></span> <span class='ocrx_word' id='word_1_739' title='bbox 1201 4706 1470 4761; x_wconf 87' lang='lat' dir='ltr'><strong><em>immutati</em></strong></span> <span class='ocrx_word' id='word_1_740' title='bbox 1497 4714 1644 4769; x_wconf 89' lang='lat' dir='ltr'><strong><em>sunt,</em></strong></span> <span class='ocrx_word' id='word_1_741' title='bbox 1692 4706 1773 4759; x_wconf 88' lang='lat' dir='ltr'><strong><em>vel</em></strong></span> <span class='ocrx_word' id='word_1_742' title='bbox 1809 4709 1940 4760; x_wconf 84' lang='lat' dir='ltr'><strong><em>vesti</em></strong></span> 
     </span>
    </p>
   </div>
   <div class='ocr_carea' id='block_1_95' title="bbox 2140 4699 3680 4785">
    <p class='ocr_par' dir='ltr' id='par_1_95' title="bbox 2140 4705 3680 4785">
     <span class='ocr_line' id='line_1_95' title="bbox 2140 4705 3680 4785; baseline 0.005 -25"><span class='ocrx_word' id='word_1_743' title='bbox 2140 4725 2172 4760; x_wconf 61' lang='grc' dir='ltr'><em>ην</em></span> <span class='ocrx_word' id='word_1_744' title='bbox 2202 4705 2548 4777; x_wconf 79' lang='grc' dir='ltr'><em>ἡττηθέντες,</em></span> <span class='ocrx_word' id='word_1_745' title='bbox 2581 4707 2614 4777; x_wconf 83' lang='grc' dir='ltr'>ἢ</span> <span class='ocrx_word' id='word_1_746' title='bbox 2650 4707 2907 4775; x_wconf 87' lang='grc' dir='ltr'><em>γειτόνων</em></span> <span class='ocrx_word' id='word_1_747' title='bbox 2940 4709 3235 4782; x_wconf 79' lang='grc' dir='ltr'><em>καρτερίαν</em></span> <span class='ocrx_word' id='word_1_748' title='bbox 3269 4711 3389 4780; x_wconf 74' lang='grc' dir='ltr'><em>βίον</em></span> <span class='ocrx_word' id='word_1_749' title='bbox 3427 4732 3680 4785; x_wconf 74' lang='grc' dir='ltr'><em>παρακο-</em></span> 
     </span>
    </p>
   </div>
   <div class='ocr_carea' id='block_1_96' title="bbox 395 4792 1968 4866">
    <p class='ocr_par' dir='ltr' id='par_1_96' title="bbox 395 4792 1968 4866">
     <span class='ocr_line' id='line_1_96' title="bbox 395 4792 1968 4866; baseline 0.007 -26"><span class='ocrx_word' id='word_1_750' title='bbox 395 4799 518 4854; x_wconf 77' lang='lat' dir='ltr'><strong><em>gata</em></strong></span> <span class='ocrx_word' id='word_1_751' title='bbox 554 4792 855 4849; x_wconf 85' lang='lat' dir='ltr'><strong><em>vicinorum</em></strong></span> <span class='ocrx_word' id='word_1_752' title='bbox 880 4799 1006 4852; x_wconf 76' lang='lat' dir='ltr'><strong><em>vita:</em></strong></span> <span class='ocrx_word' id='word_1_753' title='bbox 1032 4799 1342 4852; x_wconf 84' lang='lat' dir='ltr'><strong><em>constantia</em></strong></span> <span class='ocrx_word' id='word_1_754' title='bbox 1390 4798 1539 4863; x_wconf 85' lang='lat' dir='ltr'><strong><em>vieti,</em></strong></span> <span class='ocrx_word' id='word_1_755' title='bbox 1570 4797 1650 4851; x_wconf 88' lang='lat' dir='ltr'><strong><em>vel</em></strong></span> <span class='ocrx_word' id='word_1_756' title='bbox 1685 4809 1968 4866; x_wconf 80' lang='lat' dir='ltr'><strong><em>perspecta</em></strong></span> 
     </span>
    </p>
   </div>
   <div class='ocr_carea' id='block_1_97' title="bbox 395 4883 1966 4962">
    <p class='ocr_par' dir='ltr' id='par_1_97' title="bbox 395 4883 1966 4962">
     <span class='ocr_line' id='line_1_97' title="bbox 395 4883 1966 4962; baseline 0.004 -25"><span class='ocrx_word' id='word_1_757' title='bbox 395 4883 496 4940; x_wconf 78' lang='lat' dir='ltr'><strong><em>via:</em></strong></span> <span class='ocrx_word' id='word_1_758' title='bbox 518 4891 773 4944; x_wconf 80' lang='lat' dir='ltr'><strong><em>comitum</em></strong></span> <span class='ocrx_word' id='word_1_759' title='bbox 809 4892 860 4946; x_wconf 91' lang='lat' dir='ltr'><strong><em>in</em></strong></span> <span class='ocrx_word' id='word_1_760' title='bbox 892 4892 1108 4962; x_wconf 86' lang='lat' dir='ltr'><strong><em>injuriis</em></strong></span> <span class='ocrx_word' id='word_1_761' title='bbox 1133 4892 1472 4960; x_wconf 80' lang='lat' dir='ltr'><strong><em>perferendis</em></strong></span> <span class='ocrx_word' id='word_1_762' title='bbox 1517 4891 1652 4944; x_wconf 89' lang='lat' dir='ltr'><strong><em>mira</em></strong></span> <span class='ocrx_word' id='word_1_763' title='bbox 1681 4892 1966 4960; x_wconf 81' lang='lat' dir='ltr'><strong><em>patientia,</em></strong></span> 
     </span>
    </p>
   </div>
   <div class='ocr_carea' id='block_1_98' title="bbox 465 5059 1576 5127">
    <p class='ocr_par' dir='ltr' id='par_1_98' title="bbox 465 5059 1576 5127">
     <span class='ocr_line' id='line_1_98' title="bbox 465 5059 1576 5127; baseline 0.002 -14"><span class='ocrx_word' id='word_1_764' title='bbox 465 5059 508 5091; x_wconf 72' lang='lat'><strong><em>‘9</em></strong></span> <span class='ocrx_word' id='word_1_765' title='bbox 550 5059 734 5114; x_wconf 83' lang='lat' dir='ltr'><strong><em>Matth.</em></strong></span> <span class='ocrx_word' id='word_1_766' title='bbox 765 5078 819 5121; x_wconf 80' lang='grc' dir='ltr'><strong><em>ν,</em></strong></span> <span class='ocrx_word' id='word_1_767' title='bbox 859 5061 949 5127; x_wconf 73' lang='grc'><strong><em>46,</em></strong></span> <span class='ocrx_word' id='word_1_768' title='bbox 978 5061 1070 5116; x_wconf 71' lang='grc' dir='ltr'><em>Η.</em></span> <span class='ocrx_word' id='word_1_769' title='bbox 1141 5061 1188 5094; x_wconf 74' lang='grc' dir='ltr'><strong><em>⁸ο</em></strong></span> <span class='ocrx_word' id='word_1_770' title='bbox 1226 5061 1357 5116; x_wconf 87' lang='lat' dir='ltr'><strong><em>an.</em></strong></span> <span class='ocrx_word' id='word_1_771' title='bbox 1385 5078 1459 5126; x_wconf 77' lang='lat' dir='ltr'><strong><em>Vl,</em></strong></span> <span class='ocrx_word' id='word_1_772' title='bbox 1485 5061 1576 5115; x_wconf 76' lang='lat'><strong><em>9.8.</em></strong></span> 
     </span>
    </p>
   </div>
   <div class='ocr_carea' id='block_1_99' title="bbox 389 5128 900 5190">
    <p class='ocr_par' dir='ltr' id='par_1_99' title="bbox 389 5128 900 5190">
     <span class='ocr_line' id='line_1_99' title="bbox 389 5128 900 5190; baseline 0.01 -10"><span class='ocrx_word' id='word_1_773' title='bbox 389 5128 435 5160; x_wconf 81' lang='lat'><strong><em>&quot;’</em></strong></span> <span class='ocrx_word' id='word_1_774' title='bbox 472 5129 666 5183; x_wconf 80' lang='lat' dir='ltr'><strong><em>Matth.</em></strong></span> <span class='ocrx_word' id='word_1_775' title='bbox 702 5147 777 5190; x_wconf 68' lang='grc' dir='ltr'><em>γι,</em></span> <span class='ocrx_word' id='word_1_776' title='bbox 809 5130 900 5185; x_wconf 68' lang='lat'><strong><em>20.</em></strong></span> 
     </span>
    </p>
   </div>
   <div class='ocr_carea' id='block_1_100' title="bbox 389 5199 1878 5270">
    <p class='ocr_par' dir='ltr' id='par_1_100' title="bbox 389 5199 1878 5270">
     <span class='ocr_line' id='line_1_100' title="bbox 389 5199 1878 5270; baseline 0.003 -18"><span class='ocrx_word' id='word_1_777' title='bbox 389 5199 432 5230; x_wconf 84' lang='grc'><strong><em>⁵¹</em></strong></span> <span class='ocrx_word' id='word_1_778' title='bbox 477 5199 614 5254; x_wconf 88' lang='lat' dir='ltr'><strong><em>Luc.</em></strong></span> <span class='ocrx_word' id='word_1_779' title='bbox 654 5215 723 5263; x_wconf 87' lang='lat' dir='ltr'><strong><em>vt,</em></strong></span> <span class='ocrx_word' id='word_1_780' title='bbox 759 5199 850 5254; x_wconf 68' lang='lat'><strong><em>29.</em></strong></span> <span class='ocrx_word' id='word_1_781' title='bbox 966 5201 1013 5232; x_wconf 74' lang='grc'><strong><em>⁸³</em></strong></span> <span class='ocrx_word' id='word_1_782' title='bbox 1054 5201 1248 5256; x_wconf 80' lang='lat' dir='ltr'><strong><em>Matth.</em></strong></span> <span class='ocrx_word' id='word_1_783' title='bbox 1279 5217 1328 5267; x_wconf 80' lang='grc' dir='ltr'><strong><em>ν,</em></strong></span> <span class='ocrx_word' id='word_1_784' title='bbox 1355 5201 1448 5258; x_wconf 73' lang='lat'><strong><em>9.2.</em></strong></span> <span class='ocrx_word' id='word_1_785' title='bbox 1523 5202 1569 5233; x_wconf 82' lang='grc'><strong><em>⁸³</em></strong></span> <span class='ocrx_word' id='word_1_786' title='bbox 1598 5203 1759 5270; x_wconf 77' lang='lat' dir='ltr'><strong><em>lbid.,</em></strong></span> <span class='ocrx_word' id='word_1_787' title='bbox 1787 5203 1878 5257; x_wconf 75' lang='grc'><strong><em>41.</em></strong></span> 
     </span>
    </p>
   </div>
   <div class='ocr_carea' id='block_1_101' title="bbox 461 5382 1975 5456">
    <p class='ocr_par' dir='ltr' id='par_1_101' title="bbox 461 5382 1975 5456">
     <span class='ocr_line' id='line_1_101' title="bbox 461 5382 1975 5456; baseline 0.007 -18"><span class='ocrx_word' id='word_1_788' title='bbox 461 5382 574 5453; x_wconf 70' lang='grc'><strong><em>(94)</em></strong></span> <span class='ocrx_word' id='word_1_789' title='bbox 608 5384 679 5439; x_wconf 83' lang='grc' dir='ltr'>Ἢ</span> <span class='ocrx_word' id='word_1_790' title='bbox 706 5383 779 5456; x_wconf 76' lang='grc' dir='ltr'><em>τὸ</em></span> <span class='ocrx_word' id='word_1_791' title='bbox 819 5383 1075 5452; x_wconf 80' lang='grc' dir='ltr'><em>ἱμάτιον.</em></span> <span class='ocrx_word' id='word_1_792' title='bbox 1129 5385 1287 5456; x_wconf 80' lang='lat' dir='ltr'><strong><em>Legit</em></strong></span> <span class='ocrx_word' id='word_1_793' title='bbox 1320 5387 1598 5456; x_wconf 73' lang='lat' dir='ltr'><strong><em>Thirlbius</em></strong></span> <span class='ocrx_word' id='word_1_794' title='bbox 1626 5394 1723 5445; x_wconf 79' lang='grc' dir='ltr'><em>καὶ</em></span> <span class='ocrx_word' id='word_1_795' title='bbox 1754 5393 1813 5446; x_wconf 85' lang='grc' dir='ltr'><em>τὸ</em></span> <span class='ocrx_word' id='word_1_796' title='bbox 1847 5394 1975 5456; x_wconf 82' lang='grc' dir='ltr'><strong><em>ἱμά-</em></strong></span> 
     </span>
    </p>
   </div>
   <div class='ocr_carea' id='block_1_102' title="bbox 376 5452 1973 5528">
    <p class='ocr_par' dir='ltr' id='par_1_102' title="bbox 376 5452 1973 5528">
     <span class='ocr_line' id='line_1_102' title="bbox 376 5452 1973 5528; baseline 0.008 -22"><span class='ocrx_word' id='word_1_797' title='bbox 376 5470 528 5516; x_wconf 80' lang='grc' dir='ltr'><em>τιον,</em></span> <span class='ocrx_word' id='word_1_798' title='bbox 555 5452 642 5506; x_wconf 60' lang='grc' dir='ltr'><strong><em>ιιι</em></strong></span> <span class='ocrx_word' id='word_1_799' title='bbox 673 5455 1000 5528; x_wconf 82' lang='lat' dir='ltr'><strong><em>sit_sensus,</em></strong></span> <span class='ocrx_word' id='word_1_800' title='bbox 1067 5473 1161 5510; x_wconf 89' lang='lat' dir='ltr'><strong><em>nec</em></strong></span> <span class='ocrx_word' id='word_1_801' title='bbox 1213 5452 1440 5526; x_wconf 71' lang='lat' dir='ltr'><strong><em>pallium</em></strong></span> <span class='ocrx_word' id='word_1_802' title='bbox 1473 5463 1826 5528; x_wconf 87' lang='lat' dir='ltr'><strong><em>prohibueris.</em></strong></span> <span class='ocrx_word' id='word_1_803' title='bbox 1866 5452 1973 5518; x_wconf 79' lang='lat' dir='ltr'><strong><em>Sed</em></strong></span> 
     </span>
    </p>
   </div>
   <div class='ocr_carea' id='block_1_103' title="bbox 379 5524 1975 5602">
    <p class='ocr_par' dir='ltr' id='par_1_103' title="bbox 379 5524 1975 5602">
     <span class='ocr_line' id='line_1_103' title="bbox 379 5524 1975 5602; baseline 0.011 -32"><span class='ocrx_word' id='word_1_804' title='bbox 379 5529 390 5570; x_wconf 73' lang='grc' dir='ltr'><strong><em>ι</em></strong></span> <span class='ocrx_word' id='word_1_805' title='bbox 427 5537 508 5575; x_wconf 80' lang='lat' dir='ltr'><strong><em>aee</em></strong></span> <span class='ocrx_word' id='word_1_806' title='bbox 544 5524 860 5602; x_wconf 74' lang='lat' dir='ltr'><strong><em>memoriter</em></strong></span> <span class='ocrx_word' id='word_1_807' title='bbox 881 5525 1098 5602; x_wconf 76' lang='lat' dir='ltr'><strong><em>videtur</em></strong></span> <span class='ocrx_word' id='word_1_808' title='bbox 1134 5524 1338 5602; x_wconf 73' lang='lat' dir='ltr'><strong><em>referre</em></strong></span> <span class='ocrx_word' id='word_1_809' title='bbox 1369 5524 1636 5594; x_wconf 83' lang='lat' dir='ltr'><strong><em>Justinus.</em></strong></span> <span class='ocrx_word' id='word_1_810' title='bbox 1659 5550 1724 5588; x_wconf 86' lang='lat' dir='ltr'><strong><em>ac</em></strong></span> <span class='ocrx_word' id='word_1_811' title='bbox 1750 5535 1975 5602; x_wconf 85' lang='lat' dir='ltr'><strong><em>proinde</em></strong></span> 
     </span>
    </p>
   </div>
   <div class='ocr_carea' id='block_1_104' title="bbox 391 5595 1974 5667">
    <p class='ocr_par' dir='ltr' id='par_1_104' title="bbox 391 5595 1974 5667">
     <span class='ocr_line' id='line_1_104' title="bbox 391 5595 1974 5667; baseline 0.011 -25"><span class='ocrx_word' id='word_1_812' title='bbox 391 5607 500 5667; x_wconf 77' lang='lat' dir='ltr'><strong><em>non</em></strong></span> <span class='ocrx_word' id='word_1_813' title='bbox 537 5595 972 5667; x_wconf 80' lang='lat' dir='ltr'><strong><em>accuratissime.</em></strong></span> <span class='ocrx_word' id='word_1_814' title='bbox 1013 5597 1069 5650; x_wconf 81' lang='lat' dir='ltr'><strong><em>Si</em></strong></span> <span class='ocrx_word' id='word_1_815' title='bbox 1104 5599 1226 5665; x_wconf 90' lang='lat' dir='ltr'><strong><em>quis</em></strong></span> <span class='ocrx_word' id='word_1_816' title='bbox 1286 5608 1464 5654; x_wconf 87' lang='lat' dir='ltr'><strong><em>tamen</em></strong></span> <span class='ocrx_word' id='word_1_817' title='bbox 1499 5595 1788 5657; x_wconf 70' lang='lat' dir='ltr'><strong><em>emendare</em></strong></span> <span class='ocrx_word' id='word_1_818' title='bbox 1823 5604 1974 5667; x_wconf 85' lang='lat' dir='ltr'><strong><em>velit,</em></strong></span> 
     </span>
    </p>
   </div>
   <div class='ocr_carea' id='block_1_105' title="bbox 393 5661 1976 5740">
    <p class='ocr_par' dir='ltr' id='par_1_105' title="bbox 393 5661 1976 5740">
     <span class='ocr_line' id='line_1_105' title="bbox 393 5661 1976 5740; baseline -0.011 1"><span class='ocrx_word' id='word_1_819' title='bbox 393 5661 681 5740; x_wconf 57' lang='grc' dir='ltr'><strong><em>¹⁸ξῧθ¹¹ί¹¹ἱ²¹¹</em></strong></span> <span class='ocrx_word' id='word_1_820' title='bbox 717 5665 896 5740; x_wconf 44' lang='lat' dir='ltr'><strong><em>poli“</em></strong></span> <span class='ocrx_word' id='word_1_821' title='bbox 929 5675 1095 5740; x_wconf 52' lang='lat'><strong><em>95.39!»</em></strong></span> <span class='ocrx_word' id='word_1_822' title='bbox 1123 5661 1358 5738; x_wconf 61' lang='grc' dir='ltr'><em>ἆῖροντά</em></span> <span class='ocrx_word' id='word_1_823' title='bbox 1389 5687 1484 5724; x_wconf 75' lang='grc' dir='ltr'><em>σου</em></span> <span class='ocrx_word' id='word_1_824' title='bbox 1520 5673 1578 5725; x_wconf 81' lang='grc' dir='ltr'><em>τὸ</em></span> <span class='ocrx_word' id='word_1_825' title='bbox 1612 5674 1846 5740; x_wconf 80' lang='grc' dir='ltr'><em>ἱμάτιον,</em></span> <span class='ocrx_word' id='word_1_826' title='bbox 1884 5661 1976 5727; x_wconf 57' lang='grc' dir='ltr'><em>καὶ</em></span> 
     </span>
    </p>
   </div>
   <div class='ocr_carea' id='block_1_106' title="bbox 390 5729 1129 5810">
    <p class='ocr_par' dir='ltr' id='par_1_106' title="bbox 390 5729 1129 5810">
     <span class='ocr_line' id='line_1_106' title="bbox 390 5729 1129 5810; baseline 0.003 -1"><span class='ocrx_word' id='word_1_827' title='bbox 390 5729 731 5810; x_wconf 38' lang='lat' dir='ltr'><strong><em>“interius</em></strong></span> <span class='ocrx_word' id='word_1_828' title='bbox 753 5735 828 5810; x_wconf 62' lang='lat' dir='ltr'><strong><em>ait</em></strong></span> <span class='ocrx_word' id='word_1_829' title='bbox 861 5734 1129 5810; x_wconf 55' lang='grc' dir='ltr'><strong><em>κωλύσῃς-</em></strong></span> 
     </span>
    </p>
   </div>
   <div class='ocr_carea' id='block_1_107' title="bbox 465 5798 1976 5883">
    <p class='ocr_par' dir='ltr' id='par_1_107' title="bbox 465 5798 1976 5883">
     <span class='ocr_line' id='line_1_107' title="bbox 465 5798 1976 5883; baseline 0.009 -29"><span class='ocrx_word' id='word_1_830' title='bbox 617 5804 676 5856; x_wconf 91' lang='grc' dir='ltr'><em>Ὂ</em></span> <span class='ocrx_word' id='word_1_831' title='bbox 720 5798 829 5873; x_wconf 55' lang='grc' dir='ltr'><strong><em>τὲειρ</em></strong></span> <span class='ocrx_word' id='word_1_832' title='bbox 870 5805 963 5883; x_wconf 70' lang='grc' dir='ltr'><em>καὶ</em></span> <span class='ocrx_word' id='word_1_833' title='bbox 1164 5809 1425 5865; x_wconf 75' lang='grc' dir='ltr'><em>πολλῶν.</em></span> <span class='ocrx_word' id='word_1_834' title='bbox 1505 5813 1695 5871; x_wconf 74' lang='lat' dir='ltr'><strong><em>Melius</em></strong></span> <span class='ocrx_word' id='word_1_835' title='bbox 1728 5817 1753 5868; x_wconf 79' lang='grc' dir='ltr'>ὃ</span> <span class='ocrx_word' id='word_1_836' title='bbox 1787 5833 1845 5883; x_wconf 84' lang='grc' dir='ltr'><strong><em>γε</em></strong></span> <span class='ocrx_word' id='word_1_837' title='bbox 1884 5818 1976 5868; x_wconf 69' lang='grc' dir='ltr'><em>καὶ</em></span> 
     </span>
    </p>
   </div>
   <div class='ocr_carea' id='block_1_108' title="bbox 1655 5062 3027 5131">
    <p class='ocr_par' dir='ltr' id='par_1_108' title="bbox 1655 5062 3027 5131">
     <span class='ocr_line' id='line_1_108' title="bbox 1655 5062 3027 5131; baseline 0.007 -16"><span class='ocrx_word' id='word_1_838' title='bbox 1655 5062 1699 5094; x_wconf 68' lang='grc'>⁸³</span> <span class='ocrx_word' id='word_1_839' title='bbox 1729 5062 1887 5128; x_wconf 82' lang='lat' dir='ltr'><strong><em>Ibid.,</em></strong></span> <span class='ocrx_word' id='word_1_840' title='bbox 1926 5063 2018 5120; x_wconf 75' lang='grc'><strong><em>50.</em></strong></span> <span class='ocrx_word' id='word_1_841' title='bbox 2094 5066 2142 5096; x_wconf 71' lang='grc'><strong><em>⁵⁸</em></strong></span> <span class='ocrx_word' id='word_1_842' title='bbox 2183 5065 2456 5129; x_wconf 64' lang='grc' dir='ltr'><em>Ιιιὶιίηῆ-ί.</em></span> <span class='ocrx_word' id='word_1_843' title='bbox 2533 5069 2578 5100; x_wconf 66' lang='grc'>⁸³</span> <span class='ocrx_word' id='word_1_844' title='bbox 2619 5067 2805 5122; x_wconf 82' lang='lat' dir='ltr'><strong><em>Matth.</em></strong></span> <span class='ocrx_word' id='word_1_845' title='bbox 2835 5085 2910 5131; x_wconf 77' lang='lat' dir='ltr'><strong><em>Vt,</em></strong></span> <span class='ocrx_word' id='word_1_846' title='bbox 2940 5071 3027 5124; x_wconf 76' lang='lat'><strong><em>19.</em></strong></span> 
     </span>
    </p>
   </div>
   <div class='ocr_carea' id='block_1_109' title="bbox 990 5131 1943 5272">
    <p class='ocr_par' dir='ltr' id='par_1_109' title="bbox 990 5131 1943 5270">
     <span class='ocr_line' id='line_1_109' title="bbox 990 5131 1943 5198; baseline 0.001 -14"><span class='ocrx_word' id='word_1_847' title='bbox 990 5132 1038 5163; x_wconf 73' lang='grc'>⁸⁸</span> <span class='ocrx_word' id='word_1_848' title='bbox 1078 5131 1212 5185; x_wconf 88' lang='lat' dir='ltr'><strong><em>Luc.</em></strong></span> <span class='ocrx_word' id='word_1_849' title='bbox 1249 5149 1319 5188; x_wconf 74' lang='lat' dir='ltr'><strong><em>vn.</em></strong></span> <span class='ocrx_word' id='word_1_850' title='bbox 1350 5132 1441 5184; x_wconf 70' lang='lat'><strong><em>36.</em></strong></span> <span class='ocrx_word' id='word_1_851' title='bbox 1513 5131 1557 5164; x_wconf 58' lang='grc' dir='ltr'><strong><em>ιτ</em></strong></span> <span class='ocrx_word' id='word_1_852' title='bbox 1598 5131 1788 5187; x_wconf 85' lang='lat' dir='ltr'><strong><em>Matth.</em></strong></span> <span class='ocrx_word' id='word_1_853' title='bbox 1825 5150 1874 5198; x_wconf 82' lang='grc' dir='ltr'><em>ν,</em></span> <span class='ocrx_word' id='word_1_854' title='bbox 1902 5131 1943 5188; x_wconf 64' lang='lat'><strong><em>4;</em></strong></span> 
     </span>
     <span class='ocr_line' id='line_1_110' title="bbox 995 5201 1878 5270; baseline 0.003 -16"><span class='ocrx_word' id='word_1_855' title='bbox 995 5204 1013 5232; x_wconf 83' lang='grc'><strong>²</strong></span> <span class='ocrx_word' id='word_1_856' title='bbox 1054 5201 1248 5256; x_wconf 85' lang='lat' dir='ltr'><strong><em>Matth.</em></strong></span> <span class='ocrx_word' id='word_1_857' title='bbox 1279 5217 1328 5267; x_wconf 80' lang='grc' dir='ltr'><strong><em>ν,</em></strong></span> <span class='ocrx_word' id='word_1_858' title='bbox 1355 5201 1448 5258; x_wconf 73' lang='lat'><strong><em>9.2.</em></strong></span> <span class='ocrx_word' id='word_1_859' title='bbox 1523 5202 1569 5233; x_wconf 83' lang='grc'><strong><em>⁸³</em></strong></span> <span class='ocrx_word' id='word_1_860' title='bbox 1598 5203 1759 5270; x_wconf 76' lang='lat' dir='ltr'><strong><em>lbid.,</em></strong></span> <span class='ocrx_word' id='word_1_861' title='bbox 1787 5203 1878 5257; x_wconf 74' lang='grc'><strong><em>41.</em></strong></span> 
     </span>
    </p>
   </div>
   <div class='ocr_carea' id='block_1_110' title="bbox 2140 5131 2799 5272">
    <p class='ocr_par' dir='ltr' id='par_1_110' title="bbox 2143 5135 2799 5272">
     <span class='ocr_line' id='line_1_111' title="bbox 2151 5135 2799 5204; baseline 0.006 -17"><span class='ocrx_word' id='word_1_862' title='bbox 2151 5135 2341 5190; x_wconf 87' lang='lat' dir='ltr'><strong><em>Matth.</em></strong></span> <span class='ocrx_word' id='word_1_863' title='bbox 2372 5153 2446 5198; x_wconf 82' lang='lat' dir='ltr'><strong><em>Vl,</em></strong></span> <span class='ocrx_word' id='word_1_864' title='bbox 2470 5139 2564 5204; x_wconf 72' lang='lat'><strong><em>‘25,</em></strong></span> <span class='ocrx_word' id='word_1_865' title='bbox 2588 5139 2680 5203; x_wconf 72' lang='lat'><strong><em>‘26,</em></strong></span> <span class='ocrx_word' id='word_1_866' title='bbox 2711 5141 2799 5195; x_wconf 77' lang='grc'><strong><em>55.</em></strong></span> 
     </span>
     <span class='ocr_line' id='line_1_112' title="bbox 2143 5207 2354 5272; baseline 0.009 -12"><span class='ocrx_word' id='word_1_867' title='bbox 2143 5208 2224 5272; x_wconf 88' lang='lat' dir='ltr'><strong><em>d.,</em></strong></span> <span class='ocrx_word' id='word_1_868' title='bbox 2265 5207 2354 5263; x_wconf 81' lang='grc'><strong><em>16.</em></strong></span> 
     </span>
    </p>
   </div>
   <div class='ocr_carea' id='block_1_111' title="bbox 2079 4796 3679 4874">
    <p class='ocr_par' dir='ltr' id='par_1_111' title="bbox 2079 4796 3679 4874">
     <span class='ocr_line' id='line_1_113' title="bbox 2079 4796 3679 4874; baseline 0.006 -23"><span class='ocrx_word' id='word_1_869' title='bbox 2079 4799 2460 4870; x_wconf 82' lang='grc' dir='ltr'><em>λουοήσαντες,</em></span> <span class='ocrx_word' id='word_1_870' title='bbox 2489 4799 2523 4871; x_wconf 78' lang='grc' dir='ltr'>ἢ</span> <span class='ocrx_word' id='word_1_871' title='bbox 2557 4796 2764 4853; x_wconf 81' lang='grc' dir='ltr'><em>σύνοδοι</em></span> <span class='ocrx_word' id='word_1_872' title='bbox 2797 4800 2980 4871; x_wconf 87' lang='grc' dir='ltr'><em>πόρων</em></span> <span class='ocrx_word' id='word_1_873' title='bbox 2998 4801 3512 4874; x_wconf 71' lang='grc' dir='ltr'><em>πλεονεκτουμένων</em></span> <span class='ocrx_word' id='word_1_874' title='bbox 3547 4810 3679 4860; x_wconf 68' lang='grc' dir='ltr'><em>ὑπο-</em></span> 
     </span>
    </p>
   </div>
   <div class='ocr_carea' id='block_1_112' title="bbox 2083 4888 3679 4966">
    <p class='ocr_par' dir='ltr' id='par_1_112' title="bbox 2083 4888 3679 4966">
     <span class='ocr_line' id='line_1_114' title="bbox 2083 4888 3679 4966; baseline 0.005 -24"><span class='ocrx_word' id='word_1_875' title='bbox 2083 4889 2248 4962; x_wconf 82' lang='grc' dir='ltr'><em>μονὴν</em></span> <span class='ocrx_word' id='word_1_876' title='bbox 2283 4888 2441 4961; x_wconf 78' lang='grc' dir='ltr'><em>ξένην</em></span> <span class='ocrx_word' id='word_1_877' title='bbox 2473 4890 2980 4961; x_wconf 79' lang='grc' dir='ltr'><em>κατανοήσαντες,ἤ</em></span> <span class='ocrx_word' id='word_1_878' title='bbox 3013 4898 3679 4966; x_wconf 80' lang='grc' dir='ltr'><em>συμπραγματευομένων</em></span> 
     </span>
    </p>
   </div>
   <div class='ocr_carea' id='block_1_113' title="bbox 3122 5072 3673 5135">
    <p class='ocr_par' dir='ltr' id='par_1_113' title="bbox 3122 5072 3673 5135">
     <span class='ocr_line' id='line_1_115' title="bbox 3122 5072 3673 5135; baseline 0.016 -13"><span class='ocrx_word' id='word_1_879' title='bbox 3122 5073 3166 5102; x_wconf 67' lang='grc'><strong><em>⁵⁸</em></strong></span> <span class='ocrx_word' id='word_1_880' title='bbox 3207 5072 3400 5131; x_wconf 65' lang='lat' dir='ltr'><strong><em>Matth.</em></strong></span> <span class='ocrx_word' id='word_1_881' title='bbox 3439 5093 3552 5135; x_wconf 69' lang='lat' dir='ltr'><strong><em>va,</em></strong></span> <span class='ocrx_word' id='word_1_882' title='bbox 3581 5079 3673 5131; x_wconf 62' lang='lat'><strong><em>‘25.</em></strong></span> 
     </span>
    </p>
   </div>
   <div class='ocr_carea' id='block_1_114' title="bbox 2879 5140 3673 5212">
    <p class='ocr_par' dir='ltr' id='par_1_114' title="bbox 2879 5140 3673 5212">
     <span class='ocr_line' id='line_1_116' title="bbox 2879 5140 3673 5212; baseline 0.01 -19"><span class='ocrx_word' id='word_1_883' title='bbox 2879 5140 2923 5173; x_wconf 75' lang='grc'><strong><em>’⁵³</em></strong></span> <span class='ocrx_word' id='word_1_884' title='bbox 2965 5143 3246 5206; x_wconf 65' lang='lat' dir='ltr'><strong><em>lbid.,‘ll.</em></strong></span> <span class='ocrx_word' id='word_1_885' title='bbox 3326 5147 3374 5177; x_wconf 76' lang='grc' dir='ltr'><strong><em>’⁵ο</em></strong></span> <span class='ocrx_word' id='word_1_886' title='bbox 3419 5147 3581 5212; x_wconf 73' lang='grc' dir='ltr'><em>ΙΙ,ι1ιΙ.,</em></span> <span class='ocrx_word' id='word_1_887' title='bbox 3630 5152 3673 5201; x_wconf 93' lang='lat' dir='ltr'><strong><em>l.</em></strong></span> 
     </span>
    </p>
   </div>
   <div class='ocr_carea' id='block_1_115' title="bbox 2076 5391 2438 5448">
    <p class='ocr_par' dir='ltr' id='par_1_115' title="bbox 2076 5391 2438 5448">
     <span class='ocr_line' id='line_1_117' title="bbox 2076 5391 2438 5448; baseline -0.003 0"><span class='ocrx_word' id='word_1_888' title='bbox 2076 5391 2173 5448; x_wconf 73' lang='grc' dir='ltr'><strong><em>ἐπὶ</em></strong></span> <span class='ocrx_word' id='word_1_889' title='bbox 2206 5391 2438 5447; x_wconf 84' lang='grc' dir='ltr'><em>πολλῶν.</em></span> 
     </span>
    </p>
   </div>
   <div class='ocr_carea' id='block_1_116' title="bbox 2153 5462 3670 5544">
    <p class='ocr_par' dir='ltr' id='par_1_116' title="bbox 2153 5462 3670 5544">
     <span class='ocr_line' id='line_1_118' title="bbox 2153 5462 3670 5544; baseline 0.009 -27"><span class='ocrx_word' id='word_1_890' title='bbox 2153 5462 2264 5535; x_wconf 84' lang='lat'><strong><em>(96)</em></strong></span> <span class='ocrx_word' id='word_1_891' title='bbox 2303 5462 2426 5544; x_wconf 59' lang='grc' dir='ltr'><em>Τῶν</em></span> <span class='ocrx_word' id='word_1_892' title='bbox 2445 5463 2582 5530; x_wconf 78' lang='grc' dir='ltr'><em>παρ’</em></span> <span class='ocrx_word' id='word_1_893' title='bbox 2602 5462 2763 5532; x_wconf 71' lang='grc' dir='ltr'><em>ἡμῖν.</em></span> <span class='ocrx_word' id='word_1_894' title='bbox 2803 5462 2895 5544; x_wconf 60' lang='grc' dir='ltr'><em>γει</em></span> <span class='ocrx_word' id='word_1_895' title='bbox 2916 5465 3200 5544; x_wconf 68' lang='lat' dir='ltr'><strong><em>legendum</em></strong></span> <span class='ocrx_word' id='word_1_896' title='bbox 3232 5469 3344 5544; x_wconf 78' lang='grc' dir='ltr'><em>τῶν</em></span> <span class='ocrx_word' id='word_1_897' title='bbox 3368 5475 3501 5544; x_wconf 82' lang='grc' dir='ltr'><em>παρ’</em></span> <span class='ocrx_word' id='word_1_898' title='bbox 3519 5473 3552 5524; x_wconf 85' lang='grc' dir='ltr'>ὑ</span> <span class='ocrx_word' id='word_1_899' title='bbox 3560 5476 3670 5542; x_wconf 81' lang='grc' dir='ltr'><em>μίν.</em></span> 
     </span>
    </p>
   </div>
   <div class='ocr_carea' id='block_1_117' title="bbox 2083 5534 3670 5615">
    <p class='ocr_par' dir='ltr' id='par_1_117' title="bbox 2083 5534 3670 5615">
     <span class='ocr_line' id='line_1_119' title="bbox 2083 5534 3670 5615; baseline 0.004 -27"><span class='ocrx_word' id='word_1_900' title='bbox 2083 5534 2135 5615; x_wconf 71' lang='lat' dir='ltr'><strong><em>id</em></strong></span> <span class='ocrx_word' id='word_1_901' title='bbox 2162 5534 2315 5615; x_wconf 54' lang='lat' dir='ltr'><strong><em>quod</em></strong></span> <span class='ocrx_word' id='word_1_902' title='bbox 2365 5543 2588 5615; x_wconf 68' lang='lat' dir='ltr'><strong><em>secutus</em></strong></span> <span class='ocrx_word' id='word_1_903' title='bbox 2646 5550 2765 5587; x_wconf 81' lang='lat' dir='ltr'><strong><em>sunt</em></strong></span> <span class='ocrx_word' id='word_1_904' title='bbox 2809 5535 2879 5615; x_wconf 78' lang='lat' dir='ltr'><strong><em>_in</em></strong></span> <span class='ocrx_word' id='word_1_905' title='bbox 2939 5534 3378 5615; x_wconf 73' lang='lat' dir='ltr'><strong><em>interpretando,</em></strong></span> <span class='ocrx_word' id='word_1_906' title='bbox 3413 5534 3499 5596; x_wconf 71' lang='lat' dir='ltr'><strong><em>vel</em></strong></span> <span class='ocrx_word' id='word_1_907' title='bbox 3539 5534 3670 5615; x_wconf 73' lang='grc' dir='ltr'><em>παρ’</em></span> 
     </span>
    </p>
   </div>
   <div class='ocr_carea' id='block_1_118' title="bbox 2080 5602 3669 5675">
    <p class='ocr_par' dir='ltr' id='par_1_118' title="bbox 2080 5602 3669 5675">
     <span class='ocr_line' id='line_1_120' title="bbox 2080 5602 3669 5675; baseline 0.006 -22"><span class='ocrx_word' id='word_1_908' title='bbox 2080 5605 2223 5675; x_wconf 81' lang='grc' dir='ltr'><strong><em>ἡμῖν</em></strong></span> <span class='ocrx_word' id='word_1_909' title='bbox 2243 5602 2644 5671; x_wconf 79' lang='grc' dir='ltr'><em>γεγενημένων,</em></span> <span class='ocrx_word' id='word_1_910' title='bbox 2679 5608 2819 5671; x_wconf 78' lang='lat' dir='ltr'><strong><em>quod</em></strong></span> <span class='ocrx_word' id='word_1_911' title='bbox 2859 5609 3068 5675; x_wconf 85' lang='lat' dir='ltr'><strong><em>quidem</em></strong></span> <span class='ocrx_word' id='word_1_912' title='bbox 3090 5602 3341 5675; x_wconf 74' lang='lat' dir='ltr'><strong><em>pluribus</em></strong></span> <span class='ocrx_word' id='word_1_913' title='bbox 3363 5602 3669 5666; x_wconf 69' lang='lat' dir='ltr'><strong><em>nostrorum</em></strong></span> 
     </span>
    </p>
   </div>
   <div class='ocr_carea' id='block_1_119' title="bbox 2080 5673 3667 5736">
    <p class='ocr_par' dir='ltr' id='par_1_119' title="bbox 2080 5673 3667 5736">
     <span class='ocr_line' id='line_1_121' title="bbox 2080 5673 3667 5736; baseline 0.003 -8"><span class='ocrx_word' id='word_1_914' title='bbox 2080 5673 2310 5728; x_wconf 79' lang='lat' dir='ltr'><strong><em>evenisse</em></strong></span> <span class='ocrx_word' id='word_1_915' title='bbox 2341 5689 2620 5736; x_wconf 82' lang='lat' dir='ltr'><strong><em>possumus</em></strong></span> <span class='ocrx_word' id='word_1_916' title='bbox 2645 5673 3024 5732; x_wconf 82' lang='lat' dir='ltr'><strong><em>demonstrare.</em></strong></span> <span class='ocrx_word' id='word_1_917' title='bbox 3064 5673 3266 5733; x_wconf 83' lang='lat' dir='ltr'><strong><em>Ibidem</em></strong></span> <span class='ocrx_word' id='word_1_918' title='bbox 3296 5698 3403 5733; x_wconf 83' lang='lat' dir='ltr'><strong><em>non</em></strong></span> <span class='ocrx_word' id='word_1_919' title='bbox 3443 5684 3667 5736; x_wconf 80' lang='lat' dir='ltr'><strong><em>dubium</em></strong></span> 
     </span>
    </p>
   </div>
   <div class='ocr_carea' id='block_1_120' title="bbox 2083 5742 3666 5818">
    <p class='ocr_par' dir='ltr' id='par_1_120' title="bbox 2083 5742 3666 5818">
     <span class='ocr_line' id='line_1_122' title="bbox 2083 5742 3666 5818; baseline 0.008 -25"><span class='ocrx_word' id='word_1_920' title='bbox 2083 5743 2213 5818; x_wconf 85' lang='lat' dir='ltr'><strong><em>quin</em></strong></span> <span class='ocrx_word' id='word_1_921' title='bbox 2267 5742 2550 5818; x_wconf 74' lang='lat' dir='ltr'><strong><em>legendum</em></strong></span> <span class='ocrx_word' id='word_1_922' title='bbox 2609 5743 2678 5818; x_wconf 72' lang='lat' dir='ltr'><strong><em>sit</em></strong></span> <span class='ocrx_word' id='word_1_923' title='bbox 2719 5745 2766 5794; x_wconf 84' lang='lat' dir='ltr'><strong><em>oi</em></strong></span> <span class='ocrx_word' id='word_1_924' title='bbox 2815 5748 2875 5798; x_wconf 79' lang='grc' dir='ltr'><em>ἐκ</em></span> <span class='ocrx_word' id='word_1_925' title='bbox 2912 5747 3111 5818; x_wconf 79' lang='grc' dir='ltr'><em>βιαίου.</em></span> <span class='ocrx_word' id='word_1_926' title='bbox 3155 5747 3313 5818; x_wconf 71' lang='lat' dir='ltr'><strong><em>Legit</em></strong></span> <span class='ocrx_word' id='word_1_927' title='bbox 3362 5751 3666 5817; x_wconf 70' lang='lat' dir='ltr'><strong><em>&#39;l&#39;hirlbius,</em></strong></span> 
     </span>
    </p>
   </div>
   <div class='ocr_carea' id='block_1_121' title="bbox 2081 5811 2787 5882">
    <p class='ocr_par' dir='ltr' id='par_1_121' title="bbox 2081 5811 2787 5882">
     <span class='ocr_line' id='line_1_123' title="bbox 2081 5811 2787 5882; baseline 0.004 -19"><span class='ocrx_word' id='word_1_928' title='bbox 2081 5817 2172 5882; x_wconf 75' lang='grc' dir='ltr'><em>ὅγε</em></span> <span class='ocrx_word' id='word_1_929' title='bbox 2209 5811 2366 5866; x_wconf 66' lang='grc' dir='ltr'><em>καὶ...</em></span> <span class='ocrx_word' id='word_1_930' title='bbox 2394 5811 2787 5882; x_wconf 59' lang='grc' dir='ltr'><em>γεγενημένον.</em></span> 
     </span>
    </p>
   </div>
  </div>
