3764 6494
64 358 147 412 3ῐό

1168 354 1513 412 APOLOGIA
1552 356 1572 409 l
1612 352 1752 410 PRO
1794 354 2238 412 CHRISTIANIS

3231 362 3338 418 55b

66 473 413 546 πειραθέντες,
453 475 607 548 Περὶ
640 477 704 531 δὲ
736 477 832 532 τοῦ
865 478 938 550 μὴ
979 476 1204 548 ὀμνύναι
1235 477 1406 540 ὅλως,
1440 474 1619 546 τὰληθ²

1798 474 1838 528 cl
1865 476 2166 544 exploratis
2191 491 2382 532 eorum
2414 476 2659 534 moribus
2689 477 3008 547 quibuscum
3039 486 3333 541 contrahe-

61 571 103 623 δὲ
131 569 300 636 λέγειν
333 567 449 631 ἀεὶ,
485 569 682 634 οὕτως
746 571 1180 644 παρεκελεύσατο
1201 589 1214 601 ο
1246 571 1345 638 Μὴ
1389 573 1649 641 όμόσητε

60 665 224 726 ὅλως-ο
272 661 438 713 ἔστω
497 660 577 713 δὲ
625 662 804 731 ὑμῶν
846 663 913 716 τὸ
961 663 1068 716 Ναὶ
1123 665 1243 717 rat“
1287 663 1386 717 καὶ
1451 664 1519 716 τὸ
1565 666 1647 720 Οὒ

57 758 133 808 (ῖῦ·
180 753 243 807 τὸ
268 752 339 806 δὲ
373 757 707 820 περισσὸν
740 757 965 812 τούτων
988 757 1056 810 ἐκ
1090 757 1196 810 τοῦ
1241 758 1528 826 πονηροῦ.
1560 761 1648 824 Ὠς

56 845 100 898 ιὲ
129 845 214 898 καὶ
241 845 334 898 τὸν
366 847 512 901 Θεὸν
555 849 729 920 μόνον
787 848 868 900 δεῖ
897 850 1251 918 προσκυνεῖν,
1285 850 1456 914 οὕτως
1501 851 1648 906 ἒπει-

58 955 151 994 σεν.
201 935 394 992 εἰπών·
454 942 748 1009 Μεγίστη
803 939 1017 1006 ἐντολή
1057 941 1225 996 ἐστι·
1275 943 1494 1011 Κύριον
1539 942 1648 998 τὸν

59 1033 184 1084 Θείέγ
225 1045 344 1084 σου
405 1031 908 1100 προσκυνήσεις,
962 1033 1058 1086 καὶ
1109 1033 1271 1100 αὐτῷ
1316 1037 1484 1104 μόνῳ
1532 1040 1644 1092 λα-

57 1125 300 1191 τρεύσεις
322 1123 396 1188 ἐξ
436 1123 606 1191 ὅλης
644 1124 762 1192 τῆς
807 1124 1050 1193 καρδίας
1080 1141 1217 1190 σου,
1258 1128 1355 1181 καὶ
1402 1128 1474 1193 ἐξ
1495 1129 1646 1196 ὅλης

56 1218 147 1285 τῆς
185 1218 402 1286 ἰσχύος
470 1232 625 1280 σου,
677 1219 898 1285 Κύριον
950 1217 1056 1272 τὸν
1102 1218 1251 1273 Θεὸν
1305 1220 1414 1275 τὸν
1470 1224 1642 1289 ποιή-

56 1308 222 1361 σαντά
276 1324 376 1364 σε.
428 1310 557 1362 Καὶ
605 1309 999 1380 προσελθόντος
1059 1309 1209 1382 αὐτῷ
1241 1329 1406 1377 τινος,
1439 1315 1536 1367 καὶ
1567 1317 1643 1369 εἰ·

274 1401 643 1456 Διδάσκαλε
675 1402 876 1470 ἀγαθὲ,
910 1404 1243 1475 ἀπεκρίνατο
1287 1405 1492 1474 λέγων’
1533 1410 1642 1462 Οὑ-

56 1495 159 1559 δεὶς
202 1495 472 1564 ἀγαθὸς,
525 1496 586 1547 εὶ
623 1495 714 1564 μὴ
746 1497 934 1565 μόνος
964 1499 998 1550 ό
1045 1498 1191 1564 Θεὸς
1231 1500 1260 1551 ὁ
1303 1501 1539 1571 ποιήσας
1572 1501 1640 1555 τὰ

58 1588 226 1644 πάντα.
272 1588 340 1640 Οἳ
387 1588 436 1640 δ’
473 1588 548 1642 ἂν
587 1588 664 1660 μὴ
722 1589 1084 1662 εὐρίσκωνται
1141 1591 1380 1662 βιοῦντες
1428 1593 1504 1658 ὡς
1534 1594 1639 1649 ἐδί-

53 1680 174 1746 δαξε.
206 1681 692 1751 γνωριζέσθωσαν
728 1683 801 1754 μὴ
846 1683 996 1748 ὄντες
1039 1685 1391 1756 Χριστιανοὶ,
1425 1687 1528 1741 κᾶν
1548 1686 1637 1741 λέ-

54 1790 194 1838 γωσιν
222 1774 312 1826 διὰ
345 1773 612 1845 γλώττης
645 1775 713 1828 τὰ
744 1776 838 1829 τοῦ
883 1778 1124 1848 Χριστοῦ
1170 1779 1512 1850 διδάγματα*
1575 1781 1637 1834 ού

56 1863 140 1933 γὰρ
168 1865 292 1928 τοὺς
356 1866 534 1937 μόνον
578 1866 872 1935 λέγοντας,
925 1869 1060 1922 ἀλλὰ
1115 1871 1241 1934 τοὺς
1274 1872 1370 1924 καλ⁸
1401 1871 1467 1924 τὰ
1500 1872 1636 1944 ἔργα

52 1958 388 2026 πράττοντας,
461 1959 817 2031 σωθήσεσθαι
877 1960 1001 2033 ἔφη,
1066 1959 1201 2016 Εἷπε
1261 1964 1368 2037 γὰρ
1429 1963 1634 2029 οὕτως·

55 2052 174 2120 Οὐχὶ
221 2050 345 2116 πᾶς
377 2053 417 2103 ό
457 2049 666 2120 λέγων
688 2068 812 2120 μοι,
855 2054 1050 2119 Κύριε,
1076 2055 1270 2122 Κύριε,
1297 2057 1639 2112 εἰσελεύσε-

53 2156 124 2192 ται
168 2143 254 2206 εἰς
303 2139 431 2207 τὴν
482 2139 825 2203 ,ϐασιλείαν
878 2138 998 2192 τῶν
1060 2140 1370 2208 οὐρανῶν,
1438 2143 1576 2197 ἀλλ’
1604 2146 1638 2196 ό

53 2230 215 2284 ποιῶν
261 2231 330 2283 τό
375 2230 622 2299 θέλημα
668 2229 774 2283 τοῦ
821 2231 1055 2298 Πατρός
1093 2248 1213 2300 μου
1263 2233 1370 2286 τοῦ
1405 2232 1477 2286 ἐν
1513 2233 1637 2300 τοῖς

52 2323 323 2391 οὐρανοῖς.
361 2325 470 2389 Ὃς
497 2324 614 2393 γὰρ
653 2323 858 2378 ἀκούει
880 2341 1022 2391 μου,
1070 2324 1167 2378 καὶ
1216 2325 1374 2378 ποιεῖ
1395 2325 1432 2378 ἀ
1455 2325 1632 2396 λέγω,

49 2419 222 2471 ἀκούει
268 2417 382 2470 τοῦ
421 2417 908 2483 ἀποστείλαντός
929 2434 1026 2486 με.
1075 2419 1296 2471 Πολλοὶ
1333 2418 1402 2471 δὲ
1425 2419 1635 2486 ἐροῦσι

49 2525 153 2573 μοι·
179 2509 383 2575 Κύριε,
430 2509 639 2575 Κύριε,
692 2509 765 2561 οὐ
799 2507 880 2574 τῷ
919 2508 1010 2574 σῷ
1042 2510 1289 2579 όνίζιιατι
1332 2510 1634 2582 ἐφάγομεν

52 2599 126 2650 καὶ
159 2599 436 2666 ἐπίομεν,
465 2598 566 2650 καὶ
616 2597 906 2666 δυνάμεις
925 2599 1328 2671 ἐποιήσαμεν;
1363 2603 1473 2657 Καὶ
1499 2586 1640 2660 τότε

50 2688 142 2754 iga}:
171 2689 400 2756 αὐτοῖς·
458 2689 854 2758 Ἀποχωρεῖτε
890 2692 996 2745 ἀπ’
1046 2693 1193 2761 ἐμοῦ
1232 2693 1470 2762 ἐργάται
1517 2692 1628 2764 τῆς

48 2782 296 2850 circuiere.
333 2784 482 2836 Τότε
518 2782 832 2852 κλαυθμὸς
858 2784 1052 2849 ἔσται,
1076 2785 1172 2839 καὶ
1206 2787 1481 2856 βρυγμὸς
1513 2787 1631 2842 τῶν

48 2873 317 2928 ἰδόντων·
359 2874 520 2927 ὅταν
567 2876 624 2928 oi
679 2874 797 2944 μὲν
835 2875 1052 2930 δίκαιοι
1108 2877 1435 2948 ,λάμψωσιν
1482 2879 1564 2946 ὡς
1595 2883 1628 2935 ό

48 2964 227 3030 ἦμος·
260 2970 316 3020 οἱ
340 2967 414 3019 δὲ
438 2965 641 3020 ἄδικοι
668 2966 1005 3020 πέκπωνται
1035 2967 1123 3034 (96
1141 2968 1176 3038 ⁸)
1203 2971 1354 3035 εὶςτὸ
1389 2969 1629 3025 αἰώνιον

44 3058 166 3122 πῦρ.
202 3060 433 3112 Πολλοὶ
481 3059 601 3128 γὰρ
659 3058 923 3127 ἥξουσιν
965 3058 1064 3112 ἐπὶ
1108 3059 1190 3126 τῷ
1219 3062 1468 3131 ὀνόματί
1482 3081 1625 3133 μου,

44 3148 242 3210 ἔξωθεν
298 3150 421 3219 μὲν
493 3149 885 3218 ἐνδεδυμένοι
955 3149 1213 3219 δέρματα
1279 3153 1622 3220 προϐάτων,

44 3240 248 3291 ἔσωθεν
285 3239 356 3293 δὲ
407 3240 593 3306 ὄντες
633 3241 807 3293 λύκοι
845 3240 1133 3310 ἅρπαγεςο
1171 3241 1240 3295 ἐκ
1287 3241 1404 3296 τῶν
1438 3242 1628 3312 ἔργων

43 3326 223 3378 αὐτῶν
245 3327 670 3397 ἐπιγνώσεσθε
704 3330 947 3395 αὐτούς.
984 3329 1115 3384 Πᾶν
1146 3331 1215 3384 δὲ
1254 3332 1506 3401 δένδρον
1537 3333 1624 3403 μὴ

45 3418 238 3471 ποιοῦν
293 3421 540 3490 καρπὸν
587 3421 782 3474 καλὸν
849 3421 1199 3477 ἐκκόπτεται
1241 3424 1339 3478 καὶ
1382 3429 1471 3492 εἰς
1505 3426 1625 3494 πῦρ

41 3511 335 3571 βάλλεται.
370 3513 736 3578 Κολάζεσοαι
767 3513 822 3566 δὲ
882 3515 1010 3578 τοὺς
1040 3515 1142 3569 οὐκ
1173 3517 1483 3582 ἀκολούθως
1515 3521 1625 3582 τοῖς

43 3604 344 3678 ξίδὰγμασιν
405 3608 582 3661 αὑτοῦ
642 3606 914 3678 βιοῦντας,
968 3608 1295 3681 λεγομένους
1345 3610 1400 3664 δὲ
1465 3610 1624 3682 μόνον

42 3697 402 3766 Χριστιανοὺς,
437 3700 538 3755 καὶ
572 3701 666 3770 ὑφ’
698 3701 854 3774 ὑμῶν
885 3702 1167 3774 ἀξιοῦμεν.

99 3790 187 3842 {7.
217 3793 419 3866 Φόρους
481 3795 543 3848 δὲ
608 3795 706 3848 καὶ
764 3797 1028 3868 εἰσφορὰς
1073 3800 1184 3861 τοῖς
1230 3797 1320 3866 ὑφ’
1351 3796 1507 3869 ὑμῶν
1538 3815 1624 3851 τε-

41 3884 314 3952 ταγμένοις
346 3885 639 3958 πανταχοῦ
672 3888 777 3960 πρὸ
809 3889 1029 3942 πάντων
1061 3887 1382 3960 πειρώμεθα
1414 3890 1620 3959 φέρειν,

44 3975 106 4037 ὡς
147 3979 514 4052 ἐδιδάχθημεν
577 3985 715 4056 παρ’
759 3983 946 4038 αὐτοῦ.
995 3985 1132 4037 Κατ’
1165 3987 1344 4038 ἐκεῖνο
1387 3983 1496 4056 γὰρ
1527 3984 1620 4038 τοῦ

45 4070 218 4138 ναεροῦ
251 4071 652 4144 προσελθόντες
712 4074 891 4142 τινὲς,
956 4075 1185 4148 ἠρώτων
1245 4076 1425 4141 αὑτὸν,
1462 4079 1511 4130 εἰ
1541 4077 1624 4131 δεῖ

45 4159 267 4234 Καίσαρι
315 4165 524 4236 φόρους
583 4167 794 4221 τελεῖν·
838 4167 934 4222 καὶ
984 4167 1338 4239 ἀπεκρίνατο·
1395 4169 1621 4224 Εἴπατέ

41 4269 145 4317 μοι,
194 4256 359 4323 τίνος
407 4259 623 4311 εἰκόνα
672 4257 740 4312 τὸ
797 4260 1062 4329 νόμισμα
1113 4261 1270 4330 ἔχει;
1318 4262 1380 4314 Οἱ
1411 4261 1467 4314 δὲ
1497 4262 1621 4330 ἔφα-

46 4359 163 4394 σανο
196 4348 530 4416 Καίσαρος⁸
600 4349 696 4403 καὶ
741 4351 904 4404 πάλιν
935 4352 1370 4424 ἁνταπεκρίνατο
1399 4353 1582 4417 αὐτοῖς
1601 4371 1614 4383 ·

59 4437 308 4492 Ἀπόδοτε
352 4437 470 4496 οὖν
509 4443 585 4494 τὰ
630 4443 932 4510 Καίσαρος
972 4443 1054 4510 τῷ
1096 4445 1370 4514 Καίσαρι,
1409 4445 1505 4498 καὶ
1547 4445 1620 4500 τὰ

1753 568 1905 622 hant.
1937 567 2018 622 Ne
2049 576 2229 624 autem
2265 570 2514 641 jurcmus
2537 571 2782 638 omnino,
2823 574 2920 628 sed
2953 590 3079 629 vera
3119 592 3336 648 semper

1751 659 2024 726 dicamus,
2058 661 2140 716 sic
2175 662 2474 733 prmcepit:
2524 662 2610 718 Ne
2660 665 2857 735 juretis
2883 668 3118 732 omnino,
3141 670 3232 722 sed
3263 671 3334 725 sit

1750 765 1980 807 vestrum
2016 769 2035 807 :
2068 753 2186 822 Est,
2216 765 2290 810 est
2310 772 2330 821 ;
2360 766 2409 809 et
2441 771 2461 811 :
2496 754 2642 824 Non,
2683 773 2786 812 non
2811 775 2828 821 ;
2858 762 2999 830 quod
3038 771 3212 815 autem
3249 763 3332 817 his

1749 847 2112 902 abundantius
2148 857 2225 902 est
2252 887 2268 911 ,
2323 865 2355 901 a
2383 847 2525 903 malo
2563 857 2635 902 est
2667 849 2734 904 ⁸⁵.
2767 851 2933 906 Deum
2965 867 3130 922 porro
3156 854 3332 909 solum

1748 937 2037 993 colendum
2070 953 2211 1002 esse,
2246 941 2320 994 ita
2349 941 2547 1006 suasit,
2591 941 2822 998 dicens:
2859 942 3157 998 Maximum
3179 961 3334 1000 man-

1747 1030 1930 1084 datum
1957 1040 2032 1084 est
2056 1047 2076 1086 :
2137 1031 2421 1087 Dominum
2475 1033 2646 1088 Deum
2675 1045 2824 1088 tuum
2871 1037 3142 1100 adorabis,
3175 1050 3333 1108 atque

1745 1123 1898 1177 illum
1927 1125 2097 1178 solum
2127 1125 2265 1178 coles
2297 1141 2362 1179 ex
2390 1134 2499 1178 toto
2545 1128 2704 1181 corde
2743 1138 2856 1192 tuo,
2884 1138 2932 1182 et
2973 1145 3039 1182 ea:
3061 1140 3172 1184 tota
3219 1131 3331 1200 for-

1746 1218 1979 1272 titudine
2010 1229 2143 1284 tua;
2180 1218 2462 1272 Dominum
2512 1219 2681 1274 Deum
2703 1230 2876 1287 tuum,
2919 1222 3012 1290 qui
3037 1222 3159 1291 fecit
3185 1234 3235 1278 te
3257 1223 3326 1280 “.

1745 1307 1812 1363 Et
1835 1311 2136 1366 accedente
2161 1310 2228 1362 ad
2259 1324 2380 1364 eum
2431 1309 2689 1378 quodam,
2714 1321 2876 1379 atque
2925 1311 3175 1367 dicente:
3209 1314 3330 1368 Ma-

1745 1402 1907 1470 gister
1933 1402 2065 1456 bone
2089 1415 2109 1453 :
2157 1402 2439 1471 respondit
2463 1403 2715 1472 inquiens
2743 1425 2754 1459 ε
2786 1403 2951 1458 Nemo
2980 1407 3168 1472 bonus,
3192 1423 3330 1476 prte-

1743 1505 1982 1566 terquam
2004 1495 2150 1550 solus
2176 1495 2317 1550 Deus
2343 1496 2412 1561 ⁸⁷,
2463 1499 2557 1566 qui
2581 1497 2829 1552 condidit
2854 1500 3056 1554 omnia.
3091 1500 3193 1566 Qui
3227 1517 3325 1555 au-

1714 1594 1856 1644 tem
1898 1604 2009 1644 non
2052 1590 2126 1643 ita
2154 1589 2574 1658 comperiantur
2627 1591 2835 1658 vivere,
2871 1573 3327 1660 quemadmodum

1670 1839 1714 1896 Β

1655 3194 1696 3250 C

1741 1682 1954 1745 docuit,
1982 1697 2076 1737 eos
2109 1696 2209 1750 pro
2238 1690 2390 1736 certo
2416 1688 2632 1736 constet
2671 1697 2778 1736 non
2806 1697 2932 1738 esse
2957 1683 3327 1751 Christianos,

1742 1775 1998 1843 quamvis
2061 1774 2244 1846 lingua
2305 1774 2660 1845 pronuntient
2729 1773 2937 1831 Christi
2995 1777 3322 1833 doctrinam.

1744 1866 1862 1920 Non
1896 1869 2042 1921 enim
2076 1883 2176 1922 eos
2220 1867 2311 1937 qui
2347 1867 2727 1923 tantummodo
2759 1870 2966 1934 dicunt,
3004 1871 3097 1925 sed
3125 1871 3217 1939 qui
3246 1872 3326 1924 fn-

1743 1970 1833 2014 cta
1869 1962 2035 2014 etiam
2089 1960 2376 2024 exhibent,
2443 1962 2623 2015 salvos
2655 1977 2776 2016 esse
2810 1962 3020 2017 futuros
3043 1964 3200 2018 dixit.
3233 1963 3326 2019 Sic

1739 2048 1884 2102 enim
1921 2047 2041 2101 ait:
2081 2045 2206 2100 Non
2237 2047 2409 2100 omnis
2436 2048 2526 2117 qui
2575 2047 2706 2100 dicit
2738 2048 2892 2113 milii,
2933 2049 3176 2114 Domine,
3210 2049 3322 2105 Do-

1739 2139 1899 2204 mine,
1928 2137 2170 2191 introibit
2192 2138 2249 2190 in
2282 2155 2497 2207 regnum
2527 2138 2818 2204 caelorum;
2846 2141 2938 2194 sed
2960 2144 3052 2209 qui
3075 2141 3206 2211 facit
3233 2159 3324 2196 vo-

1739 2229 1998 2284 luntatem
2031 2227 2216 2284 Patris
2244 2230 2348 2284 mei
2373 2231 2463 2300 qui
2485 2232 2540 2284 in
2567 2232 2709 2285 caelis
2741 2243 2817 2286 est
2840 2233 2906 2286 ⁵⁸.
2939 2233 3082 2286 Ναηι
3120 2235 3213 2303 qui
3242 2251 3325 2289 me

1739 2322 1914 2384 audit,
1947 2331 1996 2375 et
2047 2337 2165 2390 quw
2187 2321 2307 2375 dico
2339 2321 2495 2390 facit,
2520 2339 2637 2376 eum
2672 2324 2822 2377 audit
2845 2327 2936 2394 qui
2968 2326 3110 2388 ntisit
3145 2345 3223 2381 me
3249 2330 3319 2382 ⁵⁸.

1739 2409 2000 2465 I’ermulti
2062 2419 2239 2465 autem
2315 2413 2487 2465 dicent
2543 2414 2712 2470 milii:
2760 2414 3004 2482 Domine,
3073 2417 3320 2486 Domine,

1738 2520 1910 2556 nonne
1935 2507 1993 2558 in
2035 2505 2245 2558 nomine
2293 2514 2382 2559 tuo
2417 2504 2623 2560 edimus
2664 2517 2710 2560 et
2738 2508 2980 2576 bibimus,
3006 2521 3053 2564 et
3103 2512 3321 2568 uirtutes

1734 2599 2080 2664 prtcstitimus
2112 2599 2203 2653 ‘°?
2236 2598 2304 2653 Et
2330 2611 2454 2655 tunc
2493 2603 2667 2656 dicam
2706 2604 2816 2658 eis:
2865 2605 3128 2660 Discedite
3173 2624 3206 2660 a
3240 2624 3322 2662 me

1739 2689 1850 2762 54
1877 2693 1969 2761 qui
1988 2692 2284 2760 operamini
2311 2693 2647 2763 iniquitatem
2680 2695 2746 2748 θ’.
2778 2694 2864 2748 Ibi
2894 2707 3004 2750 tum
3031 2698 3189 2766 fletus
3218 2699 3321 2753 erit

1733 2792 1782 2835 et
1838 2783 2042 2836 stridor
2068 2783 2326 2847 dentium,
2376 2800 2494 2838 cum
2516 2785 2655 2855 justi
2699 2788 2910 2857 quidem
2947 2800 3003 2842 ut
3033 2789 3115 2845 sol
3144 2791 3319 2860 fulge-

1733 2872 1886 2936 bunt,
1942 2873 2134 2941 injusti
2189 2885 2366 2930 autem
2430 2877 2708 2932 mittentur
2737 2880 2792 2934 in
2821 2882 2993 2950 ignem
3046 2883 3319 2952 sempiter-

1732 2979 1856 3017 num
1896 2965 1964 3019 θ’.
1998 2965 2161 3020 Multi
2207 2968 2472 3039 siquidem
2515 2969 2722 3023 rettient
2764 2971 2860 3026 sub
2915 2963 3124 3028 nomine
3180 2990 3317 3037 meo,

1730 3055 2065 3112 extrinsecus
2093 3059 2267 3112 ovium
2312 3059 2538 3128 pellibus
2591 3063 2792 3127 induti,
2834 3079 2954 3119 cum
3003 3065 3319 3121 intrinsecus

1732 3147 1842 3218 lupi
1883 3151 1989 3204 sint
2043 3168 2282 3219 rapaces.
2337 3154 2422 3208 Ea:
2467 3156 2710 3224 operibus
2765 3173 2949 3211 eorunt
2989 3161 3316 3230 cognoscetis

1733 3243 1881 3296 illos.
1939 3244 2128 3298 Omnis
2180 3255 2357 3300 autem
2408 3250 2570 3303 arbor
2599 3266 2701 3303 non
2744 3249 2943 3319 faciens
2971 3253 3202 3320 fructum
3225 3253 3320 3308 bc-

1729 3352 1878 3400 num,
1917 3339 2202 3404 exciditur,
2236 3350 2283 3394 et
2330 3341 2386 3395 in
2417 3342 2591 3411 ignem
2643 3343 2926 3413 conjicitur
2949 3345 3014 3398 ⁶³.
3045 3344 3317 3402 Caeterum

1731 3434 1823 3501 qui
1861 3450 1967 3488 non
1996 3443 2362 3492 consentanee
2395 3439 2685 3508 prmceptis
2719 3439 2864 3494 illius
2895 3440 3103 3508 vivunt,
3129 3455 3322 3495 aeno-

1732 3528 1878 3580 Istine
1911 3537 2071 3582 tenus
2103 3528 2401 3584 Christiani
2455 3542 2603 3596 sunt,
2663 3531 2717 3587 hi
2751 3541 2810 3586 ut
2841 3547 2871 3586 a
2908 3533 3065 3588 vobis
3096 3548 3316 3604 quoque

1731 3619 2056 3688 puniantur,
2092 3636 2370 3692 rogamus.

1798 3787 1885 3842 17.
1917 3787 2051 3843 Illud
2077 3789 2246 3844 etiam
2271 3789 2456 3845 studio
2507 3789 2666 3848 nobis
2699 3801 2804 3858 est,
2851 3802 2912 3846 ut
2939 3793 3226 3866 vectigalia
3257 3805 3315 3852 et

1725 3894 1923 3936 census
1952 3881 2040 3947 iis,
2081 3883 2281 3952 quibus
2333 3884 2436 3941 hoc
2485 3901 2680 3940 munus
2732 3886 3111 3952 commisistis,
3146 3887 3311 3958 primi

1725 3973 1971 4028 omnium
2013 3976 2354 4046 pendamus,
2410 3978 2870 4047 quemadmodum
2926 3977 2994 4034 ab
3025 3991 3092 4034 eo
3122 3993 3313 4034 sumus

1725 4066 1992 4123 instituti.
2050 4067 2146 4123 Illo
2178 4083 2419 4138 namque
2444 4079 2689 4141 tempore
2723 4072 3043 4127 accedentes
3062 4071 3309 4141 quidam,

1729 4162 2074 4232 percunctati
2102 4171 2231 4216 sunt
2264 4177 2333 4217 ex
2358 4161 2473 4229 illo,
2503 4177 2571 4218 an
2620 4163 2822 4219 Caesari
2855 4165 3142 4236 vectigalia
3176 4179 3309 4234 pen-

1723 4257 1853 4309 dere
1883 4254 2288 4324 oporteatiuqui
2325 4270 2650 4326 responsum
2685 4257 2791 4312 hoc
2831 4257 2901 4312 ab
2933 4273 3001 4312 eo
3033 4257 3306 4312 retulere:

1722 4348 1918 4413 Dicite,
1964 4347 2160 4417 inquit,
2210 4348 2361 4413 milii,
2416 4348 2570 4418 cujus
2597 4349 2892 4419 imaginem"
2923 4366 3170 4404 nummus
3210 4353 3310 4403 Ita-

1722 4439 1846 4496 bet?
1877 4439 1981 4507 Qui
2023 4439 2115 4494 ubi
2162 4439 2464 4505 dixissent,
2526 4437 2758 4494 Ca’saris
2787 4454 2806 4492 :
2857 4439 3083 4494 Reddite
3121 4442 3307 4511 igitur,

50 4528 138 4579 τοῦ
181 4531 326 4584 Θεοῦ
376 4531 459 4598 τῷ
513 4532 656 4598 Θεῷ.
697 4533 857 4586 Ὅθεν
889 4534 1024 4590 Θεὸν
1058 4535 1159 4606 μὲν
1194 4537 1353 4608 μόνον
1385 4555 1619 4610 προσκυ-

1798 4572 1822 4596 ,,
1856 4547 1974 4602 qua:
2014 4529 2249 4612 Cwsaris
2273 4541 2419 4597 sunt,
2449 4530 2691 4598 Cwsari;
2722 4543 2770 4586 et
2799 4550 2917 4602 qua:
2945 4532 3068 4601 Dei,
3094 4532 3201 4588 Deo
3235 4534 3304 4589 “.

49 4618 257 4690 νοῦμεν·
291 4624 422 4694 ύμῖν
452 4625 514 4676 δὲ
549 4627 688 4695 πρὸς
730 4627 798 4680 τὰ
829 4628 965 4682 ἄλλα
997 4627 1276 4699 χαίροντες
1309 4630 1614 4701 ὑπηρετοῦ-

51 4729 153 4778 μεν,
183 4713 416 4783 βασιλεῖς
449 4716 546 4768 καὶ
580 4717 844 4789 ἄρχοντας
872 4718 1176 4790 ἀνθρώπων
1206 4720 1614 4793 ὁμολογοῦντες,

48 4806 129 4857 καὶ
170 4808 451 4878 εὐχόμενοι
517 4809 660 4879 μετὰ
706 4809 804 4880 τῆς
851 4810 1134 4883 βασιλικῆς
1195 4813 1477 4884 δυνάμεως
1521 4813 1616 4868 καὶ

49 4895 277 4967 ῦρὴρονα
307 4901 402 4954 τὸν
433 4901 700 4971 λογισμὸν
745 4901 970 4972 ἔχοντας
1015 4904 1161 4974 ὑμᾶς
1204 4905 1516 4977 εὑρεθῆναι.
1551 4907 1616 4959 Εἰ

44 4986 92 5040 δὲ
134 4991 221 5044 καὶ
250 4992 409 5063 ἡμῶν
473 4993 786 5064 εὐχομένων
844 4996 940 5048 καὶ
1001 4997 1178 5051 πάντα
1236 5000 1316 5062 εἰς
1377 4999 1610 5070 φανερὸν

43 5079 280 5138 τιθέντων
301 5087 793 5158 ἀφροντιστήσετε,
827 5088 978 5142 οὐδὲν
1010 5091 1172 5160 ἡμεῖς
1205 5090 1612 5162 βλαϐησόμεθα,

45 5177 395 5241 πιστεύοντες,
435 5179 643 5249 μᾶλλον
674 5177 730 5231 δὲ
762 5179 857 5233 καὶ
890 5184 1268 5253 πεπεισμένοι,
1302 5185 1424 5236 κατ’
1456 5184 1615 5250 ἀξίαν

45 5266 142 5317 τῶν
171 5271 417 5340 πρὴξεων
447 5270 686 5324 ἕκαστον
725 5271 895 5326 τίσειν
939 5273 1026 5327 διὰ
1070 5277 1240 5349 πυρὸς
1283 5278 1502 5331 αἰωνίου
1534 5277 1614 5331 δί-

46 5375 158 5420 κας,
187 5363 276 5416 καὶ
307 5363 445 5434 πρὸς
476 5363 777 5432 ἀναλογίαν
837 5359 911 5420 ὧν
955 5367 1113 5422 ἔλαϐε
1145 5369 1428 5442 δυνάμεων
1459 5371 1613 5442 παρὰ

57 5448 189 5516 ἐεοῦ,
245 5454 336 5506 τὸν
394 5453 560 5524 λόγον
619 5455 1125 5528 ἀπαιτηθήσεσθαι,
1186 5461 1262 5525 ὡς
1305 5463 1334 5514 ὁ
1380 5462 1614 5532 Χριστὸς

111 5573 152 5645 ξ’
174 5574 355 5631 Matth.
382 5594 436 5640 ν,
465 5579 560 5645 54,
588 5576 678 5631 57.
754 5577 800 5610 ⁸⁸
827 5576 987 5632 Marc.
1017 5594 1116 5641 xu,
1142 5578 1231 5633 30.
1305 5579 1351 5612 ⁸⁷
1382 5577 1570 5633 Matth.
1601 5594 1718 5642 XIX,
1750 5579 1804 5643 6,
1842 5579 1924 5632 i7.

1722 4624 1961 4680 Proinde
1991 4639 2091 4680 nos
2122 4623 2294 4679 solum
2329 4624 2495 4680 Deum
2524 4627 2839 4692 adoramus;
2857 4627 3009 4681 vobis
3034 4636 3216 4683 autem
3251 4627 3305 4684 in

1721 4720 1888 4774 rebus
1920 4717 2045 4773 aliis
2069 4717 2176 4774 laeti
2210 4718 2499 4783 servimus,
2537 4733 2692 4788 reges
2733 4733 2797 4773 ac
2831 4717 3105 4789 principes
3129 4719 3307 4774 homi-

1721 4827 1852 4865 num
1885 4825 2008 4868 essc
2044 4820 2440 4882 agnoscentes,
2475 4819 2530 4865 et
2563 4810 2726 4864 simul
2761 4819 3071 4880 precantes,
3099 4821 3159 4866 ut
3181 4827 3304 4866 cum

1717 4901 1866 4971 regia
1917 4909 2185 4970 potestate
2248 4915 2441 4956 sanam
2495 4915 2712 4971 quoque
2767 4909 3005 4956 mentem
3056 4901 3307 4958 obtinere

1718 4994 2152 5065 comperiamini.
2177 4993 2336 5061 Quod
2375 4995 2420 5050 si
2449 5010 2551 5050 nos
2574 5004 2890 5064 precantes,
2924 5003 3088 5065 atque
3121 4995 3304 5050 omnia

1721 5088 1776 5143 in
1811 5087 1988 5144 lucem
2046 5085 2392 5158 proferentes
2442 5103 2551 5142 non
2603 5088 2978 5143 curaveritis:
3037 5087 3172 5142 nihil
3207 5101 3305 5142 nos

1718 5181 1936 5251 quidem
1984 5181 2266 5251 capiemus
2319 5181 2660 5250 detrimenti,
2717 5183 2915 5252 quippe
2959 5197 3081 5236 cum
3112 5179 3303 5236 creda-

1712 5285 1862 5339 mus,
1899 5273 1982 5328 vel
2013 5275 2196 5344 potius
2235 5289 2554 5344 persuasum
2616 5275 2941 5341 habeamus,
2990 5290 3092 5344 pro
3126 5273 3304 5327 actio-

1718 5381 1847 5419 num
1883 5367 2095 5421 meritis
2152 5381 2596 5436 unumquemque
2647 5380 2839 5436 ptenas
2905 5381 3001 5436 per
3033 5375 3298 5419 aeternum

1720 5459 1898 5528 ignem
1940 5459 2221 5524 daturum,
2280 5467 2336 5513 et
2369 5474 2469 5524 pro
2503 5459 2718 5513 ratione
2743 5467 3084 5528 acceptarum
3122 5472 3150 5509 a
3191 5457 3300 5511 Deo

2005 5579 2049 5610 ³⁸
2080 5579 2271 5630 Matth.
2305 5593 2412 5641 vit,
2441 5580 2530 5630 21.
2608 5599 2625 5617 ·
2681 5583 2778 5639 lb.,
2811 5583 2900 5632 24.
2979 5583 3023 5614 ⁸ο
3055 5586 3107 5640 ib
3177 5591 3263 5646 Sil.

50 5639 86 5670 “
115 5641 234 5701 Luc.
268 5648 496 5712 xm,26.
545 5639 621 5678 ’⁸⁸
652 5645 843 5702 Matth.
875 5664 990 5715 xm,
1025 5639 1111 5704 4‘2.
1190 5649 1236 5681 ⁸³
1264 5649 1454 5704 Matth.
1487 5665 1584 5715 vn,
1614 5639 1818 5708 152⁷16.
1846 5648 1931 5701 l9.
2008 5648 2053 5680 δ”
2080 5646 2268 5702 Matth.
2309 5639 2443 5713 uti,
2476 5647 2564 5714 i7,
2603 5647 2689 5711 i9,
2715 5648 2804 5715 ‘20,
2836 5649 2921 5706 2L

114 5760 234 5827 φιν)
268 5761 594 5831 Πέμψωνται
636 5762 778 5831 conj.
810 5761 1010 5832 Davis,
1039 5767 1128 5821 sed
1159 5770 1412 5840 pessime.
