3764 6500
477 365 577 422 571

1401 366 1459 425 S.
1499 368 1765 427 JUSTINI
1803 371 2214 430 PHILOSOPHI
2252 375 2342 432 ET
2380 377 2741 438 MARTYRIS

3642 388 3740 442 3τὲ

477 482 680 551 galium
724 494 992 551 equorum
1025 482 1263 546 aluisse,
1314 483 1388 539 ita
1440 502 1585 542 nunc
1632 497 1689 544 et
1742 504 1946 560 pueros
1976 494 2033 546 ad

2186 495 2229 558 Ξς
2254 495 2313 548 τὸ
2332 497 2571 570 αἰσχρῶς
2585 498 2820 571 χρῆσθαι
2844 499 3036 571 μόνον’
3057 502 3150 555 καὶ
3165 502 3367 574 ὁμοίως
3389 501 3633 575 θηλειῶν
3650 508 3739 557 καὶ

480 583 666 643 turpes
695 573 959 628 duntaxat
982 589 1145 640 usus;
1175 583 1231 629 et
1256 574 1582 631 feminarum
1615 579 1824 649 pariter
1842 595 1908 636 ac
1927 595 2047 635 am-

476 664 629 735 bigui
664 679 830 720 sexus
856 665 1157 729 hominum,
1180 680 1246 720 ac
1273 666 1505 722 nefanda
1530 671 1862 738 patrantium
1890 674 2045 727 turba

477 759 547 813 ad
576 759 678 814 hoc
704 760 978 831 piaculum
1007 761 1148 830 apud
1173 778 1365 818 omnes
1388 772 1580 832 gentes
1608 774 1842 834 prostat.
1870 764 2048 834 Atque

475 865 544 905 ex
584 851 669 907 his
698 854 979 908 mercedes
1002 862 1058 908 et
1090 853 1292 908 tributa
1328 864 1383 910 et
1424 854 1711 927 vectigalia
1742 855 2044 926 percipitis,

479 958 604 998 cum
644 959 740 1000 eos
792 961 858 1000 ex
919 947 1055 1003 orbe
1105 959 1290 1003 vestro
1340 949 1697 1004 exterminari
1746 959 2045 1020 oporteret.

476 1037 688 1105 Quibus
718 1039 809 1107 qui
831 1039 1025 1107 utitur,
1053 1040 1099 1096 is
1121 1052 1319 1111 praeter
1343 1042 1635 1098 nefandum
1658 1053 1712 1099 et
1729 1043 1951 1113 impium
1983 1058 2047 1099 ac

476 1129 810 1199 impudicum
839 1132 1185 1187 concubitum
1243 1146 1366 1188 cum
1391 1134 1523 1198 ﬁlio,
1561 1135 1605 1190 si
1635 1136 1706 1191 ita
1733 1150 1853 1191 sors
1876 1134 2039 1201 ferat,

476 1231 573 1277 aut
602 1232 838 1292 cognato
869 1233 961 1279 aut
993 1223 1166 1279 fratre
1194 1226 1476 1281 miscetur.
1524 1224 1661 1281 Sunt
1704 1226 1797 1297 qui
1846 1225 2048 1281 liberos

474 1317 642 1373 etiam
691 1333 820 1374 suos
869 1328 927 1375 et
973 1334 1171 1377 uxores
1218 1322 1575 1391 prostituam;
1637 1322 1715 1377 Ac
1762 1322 1940 1393 palam
1992 1330 2048 1377 et

475 1422 665 1481 aperte
691 1413 912 1483 quidam
936 1415 1002 1470 ad
1031 1415 1364 1487 cynredicam
1402 1415 1793 1485 turpitudinem
1827 1415 2051 1470 eviran-

476 1513 588 1570 tur,
618 1512 783 1575 atque
817 1506 873 1561 in
900 1515 1132 1563 matrem
1165 1509 1390 1563 deorum
1440 1507 1557 1563 haec
1603 1507 1865 1579 mysteria
1902 1504 2048 1561 refe-

475 1609 634 1666 runt;
655 1610 823 1672 atque
847 1602 988 1672 apud
1012 1618 1453 1674 unumquemque
1475 1618 1686 1666 eorum,
1702 1618 1841 1673 quos
1860 1603 2050 1659 existi-

476 1689 663 1753 matis,
685 1691 940 1756 deorum,
966 1705 1224 1762 magnum
1247 1708 1475 1763 serpens
1501 1692 1809 1765 symbolum
1838 1708 1903 1749 ac
1934 1708 2049 1766 my-

476 1784 708 1837 sterium
738 1794 1076 1839 rcceusetur.
1100 1783 1272 1854 igitur
1296 1801 1419 1857 quae
1448 1788 1626 1858 palam
1673 1798 1730 1845 et
1772 1797 1961 1859 aperte
2016 1804 2046 1843 a

2149 589 2486 662 ἀνδρογύνων
2516 594 2610 645 κα)⁸
2635 594 3012 666 ἀρῤητοποιῶν
3037 596 3239 667 πλῆθος
3267 598 3406 651 κατὰ
3436 600 3553 651 πᾶν
3579 598 3734 661 ἔθνος

2150 685 2244 739 ἐπὶ
2275 685 2461 738 τούτου
2485 687 2577 739 τοῦ
2601 688 2767 757 ἄγους
2791 690 3009 761 ἕστηκε.
3033 692 3143 744 Καὶ
3167 692 3371 745 τούτων
3394 690 3634 762 μισθοὺς

2150 778 2405 851 εἰσφορὰς
2420 781 2512 833 καὶ
2521 779 2644 851 τέλη
2658 780 2982 851 λαμϐάνετε,
2996 781 3111 835 δέον
3124 783 3349 852 ἐκκόψαι
3366 784 3481 837 ἀπὸ
3494 783 3601 853 τῆς
3618 786 3739 851 ὑμεη

2148 870 2310 941 τέρας
2326 869 2434 939 (55)
2452 872 2792 943 οίκουμένης.
2816 871 2927 925 Καὶ
2952 874 3060 926 τῶν
3083 873 3287 937 τούτοις
3303 874 3615 945 χρωμένων
3638 876 3732 937 τὶς.

2151 962 2287 1033 πρὸς
2312 963 2377 1032 τῇ
2404 960 2547 1033 ἀθέῳ
2572 963 2664 1016 καὶ
2684 963 2871 1016 ἀσεϐεῖ
2898 968 2987 1017 καλ
3024 965 3255 1036 ἀκρατεῖ
3279 966 3445 1036 μίξει,
3485 964 3541 1017 εί
3564 964 3731 1034 τύχοι,

2150 1054 2321 1125 τέκνῳ
2348 1054 2381 1125 ἢ
2420 1056 2747 1127 συγγενεῖ,ἢ
2793 1055 3007 1127 ἀδελφῷ
3034 1055 3306 1128 μίγνυται.
3340 1059 3403 1109 Ol
3433 1057 3498 1111 δὲ
3545 1056 3645 1109 καὶ
3676 1060 3733 1109 τε

2151 1145 2355 1200 ἑαυτῶν
2370 1146 2533 1200 τέκνα
2552 1147 2645 1200 καὶ
2667 1148 2763 1211 τὰς
2779 1147 3084 1219 ὁμοζύγους
3101 1150 3612 1220 προαγωγεύονται.
3635 1152 3733 1203 Καὶ

2151 1238 2398 1312 φανερῶς
2413 1242 2492 1303 εἰς
2512 1240 2776 1294 κιναιδίαν
2798 1242 3194 1296 ἀποκόπτονταί
3216 1260 3381 1307 τινες,
3401 1243 3502 1296 καὶ
3528 1244 3613 1305 είς
3640 1260 3735 1311 μη-

2150 1332 2279 1404 τέρα
2303 1332 2441 1385 θεῶν
2465 1333 2532 1386 τὰ
2561 1335 2836 1406 μυστήρια
2862 1335 3211 1407 ἀναφέρουσι,
3246 1336 3339 1388 καὶ
3368 1336 3528 1408 παρὰ
3570 1336 3729 1389 πανέι

2150 1423 2257 1477 τῶν
2285 1422 2650 1494 νομιζομένων
2688 1426 2818 1497 παρ’
2848 1426 2975 1496 ὑμῖν
3006 1425 3116 1496 θεῷ
3142 1425 3275 1497 (54),
3304 1426 3427 1495 ὄφις
3457 1425 3727 1496 σύμϐολον

2154 1511 2296 1583 μέγα
2324 1512 2417 1566 καὶ
2450 1514 2746 1586 μυστήριον
2776 1514 3172 1588 ἀναγράφεται.
3217 1516 3330 1573 Καὶ
3374 1516 3443 1571 τά
3479 1515 3729 1587 (pavspé;

2152 1607 2278 1677 ὑμῖν
2319 1607 2668 1679 πραττόμενα
2707 1608 2803 1661 καὶ
2843 1609 3147 1681 τιμώμενα,
3185 1610 3263 1673 ὠς
3309 1612 3732 1684 ἀνατετραμμέ-

2151 1709 2242 1746 νου
2281 1692 2391 1763 (55)
2430 1695 2523 1747 καὶ
2566 1694 2626 1747 οὐ
2674 1696 2942 1768 παρόντος
2983 1698 3160 1766 φωτὸς
3205 1699 3353 1752 θείου
3396 1700 3560 1771 (56),
3607 1705 3732 1772 ήμέν

2154 1788 2553 1860 προσγράφετε.
2592 1790 2767 1862 Ὅπερ
2795 1791 3230 1863 ἀπηλλαγμένοις
3264 1795 3398 1864 ἡμῖν
3434 1795 3536 1848 τοῦ
3568 1800 3731 1867 πρᾶτ-

473 1873 632 1929 vobis
661 1884 896 1945 aguntur
918 1884 974 1931 et
994 1877 1269 1946 coluntur,
1299 1893 1362 1934 ea
1393 1880 1553 1935 nobis
1579 1881 1875 1948 ascribitis,
1896 1895 2030 1950 quas

2186 1851 2265 1933 ειν
2369 1851 2571 1934 τούτων
2595 1882 2655 1934 οὐ
2690 1851 3098 1956 βλάϐηνφέρει,
3129 1851 3265 1939 ἀλλὰ
3287 1851 3411 1950 ’τοῖς
3433 1851 3729 1959 πράττουσί

473 1979 540 2019 ea
574 1966 757 2023 divino
794 1968 999 2026 lumine
1033 1984 1231 2026 everso
1252 1978 1308 2026 et
1331 1971 1605 2026 exstincto
1643 1979 2049 2042 perpetremus.

2152 1972 2247 2025 καὶ
2267 1971 2774 2047 ψευδομαρτυροῦσι
2811 1974 3032 2045 μᾶλλον.

474 2059 630 2127 Quod
661 2065 878 2133 quidem
939 2066 1120 2133 nobis,
1179 2065 1271 2137 qui
1299 2081 1404 2121 non
1430 2066 1466 2121 ii
1498 2081 1685 2122 sumus
1743 2075 1805 2122 ut
1830 2066 2127 2138 quidquam
2167 2066 2433 2135 ejusmodi
2470 2067 2757 2130 faciamus,
2794 2070 3019 2124 minime
3060 2081 3241 2139 nocet,
3279 2073 3375 2127 sed
3426 2071 3499 2127 iis
3538 2073 3727 2142 potius.

474 2159 565 2229 qui
597 2173 660 2214 ea
693 2160 793 2231 ipsi
822 2160 1028 2216 faciunt
1049 2170 1103 2217 et
1131 2162 1185 2217 in
1215 2162 1349 2218 alios
1371 2160 1508 2219 falso
1538 2161 1850 2229 conferunt.

542 2252 634 2309 28.
662 2254 815 2324 Apud
845 2270 946 2311 nos
972 2257 1118 2312 enim
1150 2256 1407 2328 princeps
1440 2259 1709 2314 malorum
1734 2261 2044 2315 daemonum

472 2358 702 2415 serpens
724 2356 954 2403 vocatur
979 2358 1035 2404 et
1064 2348 1271 2405 Satana
1316 2358 1373 2405 et
1414 2350 1691 2417 diabolus,
1717 2359 1773 2405 ut
1813 2350 2045 2423 potestis

470 2453 541 2495 ex
569 2439 767 2495 litteris
796 2442 1004 2497 nostris
1028 2443 1327 2497 scrutando
1353 2444 1684 2515 perspicere.
1710 2442 1865 2498 Hunc
1889 2443 2046 2499 Chri-

471 2540 591 2587 stus
618 2535 1060 2602 praemonstravit
1089 2549 1215 2590 cum
1234 2535 1405 2604 ipsius
1425 2536 1671 2589 exercitu
1696 2544 1752 2590 et
1773 2543 2049 2590 assectan-

2211 2257 2301 2312 28.
2327 2256 2464 2329 Hap‘
2481 2257 2611 2329 ἡμῖν
2631 2255 2729 2328 μὲν
2743 2257 2851 2329 γάρ
2867 2256 3214 2330 δάρχηγέτης
3229 2256 3335 2312 τῶν
3350 2258 3545 2312 κακῶν
3560 2258 3735 2325 δαιμῷ

2144 2366 2270 2415 νων,
2288 2349 2409 2420 ὄφις
2424 2347 2685 2414 καλεῖται,
2703 2349 2796 2402 καὶ
2811 2350 3065 2413 σατανᾶς,
3084 2350 3179 2402 καὶ
3192 2348 3455 2413 διάϐολος,
3475 2350 3558 2413 ὡς
3572 2352 3661 2428 καὶ
3676 2354 3729 2401 ἐκ

2147 2442 2256 2495 τῶν
2290 2441 2571 2513 ἡμετέρων
2615 2441 3061 2512 συγγραμμάτων
3093 2443 3490 2514 ἐρευνήσαντες
3552 2442 3729 2513 μαθεῖν

2148 2532 2375 2588 δύνασθε
2393 2550 2407 2564 ’
2440 2532 2499 2587 δν
2528 2534 2608 2596 είς
2623 2533 2682 2586 τὸ
2705 2532 2815 2605 πῦρ
2837 2532 3255 2605 πεμφθήσεσθαι
3276 2534 3415 2605 μετά
3442 2534 3554 2603 τῆς
3574 2532 3727 2588 αὐτοῦ

474 2628 625 2685 tibus
650 2629 967 2687 hominibus
996 2633 1050 2687 in
1084 2632 1266 2703 ignem
1303 2631 1530 2685 missum
1564 2630 1656 2697 iri,
1684 2640 1744 2685 ut
1781 2631 1837 2686 in
1866 2630 2033 2688 inﬁni-

2187 2626 2412 2697 τρατιᾶς
2435 2625 2528 2679 κα)⁵
2568 2624 2677 2678 τῶν
2720 2625 3002 2695 ἑπομένων
3029 2623 3351 2697 ἀνθρώπων,
3396 2624 3729 2692 κολασθησο-

476 2732 591 2778 tum
645 2740 821 2780 aevum
866 2728 1276 2782 excrucientur.
1347 2726 1452 2797 σι
1526 2723 1846 2795 interposita
1897 2726 2033 2781 enim

2186 2727 2347 2791 ιένους
2371 2727 2461 2781 τὸν
2485 2726 2787 2799 ἀπέραντον
2812 2725 3003 2789 αἰῶνα,
3023 2727 3401 2799 προεμήνυσεν
3426 2726 3455 2779 ὁ
3478 2725 3725 2796 Χριστός.

475 2832 652 2883 mora,
690 2820 987 2889 quominus
1015 2821 1068 2876 id
1106 2824 1249 2878 Dens
1280 2823 1545 2878 hactenus
1572 2820 1880 2892 perliceret,
1912 2834 2033 2890 pro-

2186 2818 2262 2870 ἰαὶ
2290 2817 2453 2889 γάρὴ
2503 2816 2733 2887 ἐπιμονὴ
2779 2816 2870 2869 τοῦ
2918 2816 3149 2888 μηδέπω
3185 2816 3341 2869 τοῦτο
3387 2816 3606 2890 πρᾶξαι
3652 2816 3729 2867 τὸν

471 2918 595 2979 pter
619 2911 919 2967 humanum
953 2929 1122 2985 genus
1148 2915 1396 2985 contigit.
1423 2914 1689 2970 Przcvidet
1713 2914 1857 2970 enim
1887 2927 2033 2983 quos

2186 2910 2303 2974 ιεὺν,
2334 2910 2423 2971 διὰ
2455 2910 2513 2962 τὸ
2546 2906 2885 2981 ἀνθρώπινον
2917 2908 3075 2980 γένος
3104 2908 3425 2978 γεγένηται.
3457 2906 3729 2979 Προγινὼ-

469 3002 598 3057 dam
629 3018 698 3058 ex
754 3006 1080 3075 pmnitentia
1122 3007 1354 3063 salutem
1407 3016 1820 3071 consecuturos,
1872 3020 2033 3074 quos-

2186 3020 2271 3056 κει
2296 3004 2401 3075 γάρ
2433 3018 2584 3065 τινας
2610 3003 2674 3057 ἐκ
2709 3000 2997 3071 μετανοίας
3036 2999 3378 3073 σωθήσεσθαι
3421 3000 3725 3071 μέλλοντας,

473 3093 600 3149 dam
657 3111 790 3151 vero
811 3097 1052 3153 nondum
1078 3113 1201 3155 esse
1232 3110 1413 3156 natos.
1447 3100 1514 3154 Et
1541 3099 1609 3155 ab
1641 3099 1800 3154 initio
1826 3098 2033 3168 quidem

2186 3098 2243 3152 αί
2269 3113 2418 3159 τινας
2452 3095 2675 3167 μηδέπω
2705 3094 2834 3158 ἴσως
2859 3093 3237 3166 γεννηθέντας.
3275 3093 3387 3147 Καὶ
3422 3092 3528 3164 τὴν
3567 3092 3726 3164 ἀρχὴν

478 3186 778 3241 humanum
813 3204 989 3259 genus
1042 3190 1396 3263 intelligentia
1442 3200 1501 3246 et
1531 3206 1661 3247 vera
1699 3189 1929 3260 eligendi
1980 3204 2033 3243 at

2186 3188 2329 3261 οερδν
2362 3187 2454 3241 καὶ
2489 3187 2785 3258 δυνάμενον
2814 3184 3084 3258 αἱρεῖσθαι
3111 3184 3336 3255 τάληθῆ,
3356 3185 3456 3237 καὶ
3471 3180 3539 3237 εὖ
3572 3184 3726 3257 πράτ-

476 3288 630 3334 recta
661 3280 898 3336 faciendi
941 3282 1200 3339 facultate
1239 3285 1527 3354 praeditum
1572 3284 1815 3349 creavit,
1861 3282 1936 3337 ita
1990 3290 2053 3337 ut

475 3375 733 3430 omnibus
754 3374 1071 3434 hominibus
1122 3376 1266 3432 nulla
1318 3376 1460 3446 apud
1502 3376 1671 3430 Deum
1709 3375 2052 3445 relinquatur

474 3469 786 3525 excusatio.
819 3468 1051 3524 Ratione
1088 3469 1232 3526 enim
1279 3471 1489 3540 prmditi
1519 3479 1573 3525 et
1622 3471 1689 3524 ad
1738 3469 2049 3541 intelligen-

474 3561 602 3616 dum
636 3562 749 3631 apti
773 3568 829 3616 et
851 3560 1063 3617 habiles
1092 3562 1262 3617 creati
1293 3572 1438 3616 sunt.
1472 3562 1529 3616 Si
1556 3563 1679 3631 quis
1717 3570 1900 3617 autem
1933 3562 2051 3617 haec

471 3651 647 3709 Deum
677 3670 876 3712 curare
919 3664 1104 3725 neget,
1156 3655 1202 3709 is
1238 3655 1323 3710 vel
1364 3669 1491 3709 eum
1538 3670 1647 3709 non
1694 3668 1814 3710 esse
1866 3663 2051 3709 astute

472 3748 853 3819 prolitebitur;
884 3749 969 3804 vel
993 3750 1038 3805 si
1069 3750 1160 3814 sit,
1200 3749 1467 3819 pravitate
1497 3746 1741 3818 gaudere
1764 3754 1859 3801 aut
1883 3746 2050 3816 lapidi

474 3839 709 3894 similem
740 3854 964 3895 manere
987 3840 1148 3902 dicet,
1181 3854 1280 3894 nec
1300 3838 1596 3908 quidquam
1629 3852 1753 3893 esse
1782 3840 2050 3895 virtutem

475 3939 574 3985 aut
602 3930 821 3998 vitium,
848 3932 944 3986 sed
967 3930 1080 3987 sola
1125 3930 1383 4001 opinione
1432 3932 1548 3987 haec
1605 3933 1675 3989 ab
1732 3932 2050 3988 hominibus

473 4025 618 4079 bona
651 4032 749 4080 aut
775 4025 914 4081 mala
942 4024 1217 4095 iudicari;
1249 4039 1371 4094 qua:
1416 4039 1550 4081 sane
1588 4025 1828 4081 maxima
1861 4025 2051 4096 impie-

478 4128 564 4175 tas
596 4128 654 4174 et
685 4118 949 4189 iniustitia
978 4128 1082 4176 est.

544 4283 659 4354 (55)
686 4280 821 4354 Vide
844 4283 1062 4354 initium
1092 4284 1248 4354 Apol.
1278 4284 1661 4354 Athenagorae.

568 4350 658 4425 5i)
693 4350 830 4425 Θεῷ.
848 4352 987 4425 Legi
1021 4350 1203 4422 posset
1224 4354 1394 4425 θεῶν.
1410 4352 1769 4425 βγιιιιιιικὶιις.

568 4423 659 4494 55)
694 4424 789 4494 Ὠς
826 4423 1372 4494 ἀνατετραμμένου.
1408 4423 1525 4478 Huc
1569 4425 1707 4478 redit
1752 4430 1882 4494 tota,
1914 4434 2048 4494 sen-

474 4492 648 4552 tentia
682 4513 697 4549 :
733 4492 865 4559 Quae
897 4496 1072 4563 palam
1099 4492 1372 4565 et’aperte
1404 4494 1607 4559 facitis,
1628 4509 1704 4565 ea
1736 4509 1767 4565 a
1800 4493 1959 4565 nobis
1984 4497 2038 4545 in

2152 3298 2284 3346 τειν,
2310 3280 2371 3337 τὸ
2392 3279 2545 3348 γένος
2570 3278 2630 3332 τὸ
2658 3276 2992 3351 ἀνθρώπινον
3014 3275 3333 3346 πεποίηκεν,
3362 3275 3502 3329 ὥστ’
3532 3278 3723 3329 ἀναπο-

2151 3375 2385 3445 λόγητον
2408 3369 2548 3428 εἶναι
2574 3374 2686 3437 τοῖς
2724 3373 2892 3426 πᾶσιν
2920 3369 3229 3444 ἀνθρώποις
3264 3369 3421 3442 παρά
3464 3370 3553 3439 τῷ
3585 3369 3721 3437 Θεῷ·

2150 3466 2358 3538 λογικοὶ
2386 3466 2493 3540 γὰρ
2536 3467 2629 3523 καὶ
2669 3463 2994 3535 θεωρητικοὶ
3033 3463 3378 3532 γεγένηνται.
3425 3462 3493 3515 Et
3542 3461 3599 3513 δέ
3654 3478 3724 3521 τις

2151 3558 2372 3612 ἀπιστεῖ
2410 3557 2589 3628 μέλειν
2632 3554 2834 3608 τούτων
2877 3554 2953 3625 τῷ
2991 3553 3143 3624 Θεῷ,
3180 3553 3215 3622 ἢ
3259 3550 3334 3623 μὴ
3377 3545 3525 3604 εἶναι
3578 3551 3723 3603 αὑτὸν

2151 3651 2240 3705 διὰ
2262 3650 2455 3721 τέχνης
2496 3648 2608 3719 (57)
2642 3647 2967 3719 ὁμολογήσει
2993 3664 3006 3677 ’
3045 3646 3079 3717 ἢ
3130 3645 3259 3698 ὄντα
3301 3640 3524 3714 χαίρειν
3565 3642 3721 3709 κακίᾳ

2153 3744 2340 3814 φήσει,
2370 3742 2404 3813 ἢ
2439 3740 2570 3812 λίθῳ
2596 3739 2808 3795 ἐοικότα
2836 3738 3036 3810 μένειν,
3081 3738 3171 3793 καὶ
3212 3735 3384 3807 μηθὲν
3425 3730 3571 3788 εἶναι
3607 3734 3721 3803 ἀρε-

2150 3836 2247 3908 τὴν
2276 3835 2408 3907 μηδὲ
2445 3834 2661 3899 κακίαν,
2693 3834 2820 3907 δόξῃ
2863 3834 2919 3886 δὲ
2961 3832 3118 3905 μόνον
3155 3832 3282 3895 τοὺς
3316 3828 3643 3903 ἀνθρώπους
3688 3828 3719 3895 ἢ

2151 3928 2387 4000 ἀγαθάἣ
2422 3926 2566 3981 κακὰ
2593 3926 2765 3981 ταῦτα
2805 3923 3088 3997 ἡγεῖσθαι·
3133 3925 3282 3995 ἢπερ,
3319 3922 3558 3993 μεγίστη
3600 3920 3717 3973 ἀσέ-

2153 4021 2273 4093 βεια
2304 4020 2397 4076 καὶ
2423 4020 2606 4079 ἀδικία
2633 4019 2769 4073 ἐστί.

2150 4288 2454 4360 ignoratis:
2488 4302 2585 4343 nos
2614 4301 2741 4344 vero
2777 4286 2939 4343 etiam
2985 4288 3038 4341 in
3073 4284 3317 4360 tepcbris
3362 4282 3581 4360 scelera
3627 4300 3711 4360 no-

2149 4353 2267 4431 stra
2292 4373 2680 4431 recognoscere
2701 4372 3009 4431 possumus.
3055 4376 3075 4409 ι
3103 4353 3242 4410 Vide
3268 4353 3426 4421 Apol.
3454 4353 3513 4421 2,
3544 4370 3600 4411 ιι.
3633 4355 3711 4412 ll.

2148 4427 2283 4484 Item
2308 4427 2576 4495 Athenag.
2610 4428 2765 4494 Apol.
2792 4445 2847 4481 ιι.
2880 4427 2971 4481 54.

2222 4498 2336 4567 (56)
2369 4499 2564 4563 Φωτὸς
2592 4500 2776 4555 θείου.
2802 4496 3005 4551 Lumen
3030 4496 3157 4550 illud
3184 4495 3273 4567 Dei
3305 4510 3433 4567 non_
3450 4495 3712 4567 rationem

475 4564 717 4621 tenebris
740 4556 853 4617 lieri
879 4556 1269 4621 dictitatis.Sic
1294 4556 1639 4635 interpretari
1666 4564 2036 4635 malui,quam
2071 4556 2117 4613 D
2144 4556 2250 4625 ιιοὸ
2280 4556 2423 4632 ideo,
2450 4556 2555 4623 sed'
2598 4570 2771 4623 lucem
2821 4566 2994 4621 oculis
3053 4565 3300 4634 corporis
3353 4563 3699 4635 aﬂ'nlgentem

475 4650 599 4691 cum
630 4634 751 4688 aliis
780 4635 1168 4703 interpretibus
1202 4638 1317 4690 hmc
1351 4635 1418 4689 ad
1446 4634 1618 4703 ipsos
1666 4634 1918 4688 ethnicos
1952 4647 2039 4686 re—

474 4704 641 4770 ferre,
671 4704 823 4772 quasi
851 4702 1087 4758 diuinum
1112 4703 1288 4759 lumen
1309 4706 1416 4760 sive
1443 4706 1577 4757 ratio
1607 4706 1813 4756 inversa
1846 4704 1900 4756 in
1932 4702 2039 4755 illis

473 4785 631 4841 esset,
667 4774 792 4827 dum
824 4774 934 4844 huic
964 4784 1149 4844 ngunl.
1176 4775 1401 4829 Videtur
1424 4774 1667 4828 Justinus
1692 4774 2036 4844 ethnicorum

475 4859 660 4899 mores
686 4857 809 4899 cum
826 4841 1018 4898 alIlctis
1039 4845 1242 4899 nomini
1263 4843 1576 4900 Christiano
1599 4843 1924 4897 criminibus
1957 4841 2038 4895 sic

476 4929 818 4982 comparare,
854 4921 913 4965 ut
946 4913 1161 4969 etiamsi
1206 4929 1267 4970 ea
1319 4913 1619 4968 Christiani
1663 4912 2034 4974 admitterent,

475 4984 709 5041 ethnicis
735 4995 912 5039 tamen
938 4984 1115 5051 palam
1144 4995 1198 5039 et
1226 4995 1413 5052 aperte
1440 4984 1877 5052 perpetrantibus
1902 4997 2034 5037 con-

473 5058 754 5109 cederent.
816 5052 1161 5111 lniqnitatem
1223 5055 1565 5111 ethnicorum
1626 5053 1816 5106 eodem
1876 5052 2037 5106 modo

479 5125 711 5193 castigat
741 5121 1114 5181 Tertullianus
1143 5138 1161 5180 ι
1187 5126 1255 5178 ad
1298 5123 1454 5186 Nal.,
1497 5137 1617 5191 cap.
1649 5122 1735 5176 16.
1779 5141 1796 5173 ι
1832 5121 2033 5193 Verum

467 5192 849 5264 jamlaudate,
904 5193 1102 5262 inquit,
1158 5194 1438 5250 consilium
1472 5194 1661 5248 incesti
1708 5192 2032 5256 verecundi,

475 5266 621 5335 quod
676 5266 978 5320 adulteram
1012 5275 1223 5319 noctem
1255 5263 1549 5319 commenti
1595 5277 1805 5329 sumus,
1848 5277 1915 5317 ne
1943 5269 2035 5335 aut

473 5331 656 5390 lucem
684 5346 781 5389 aut
839 5349 1023 5405 veram
1068 5345 1282 5389 noctem
1327 5331 2034 5405 contaminaremus,pquod

474 5408 638 5460 etiam
657 5404 952 5462 luminibus
972 5406 1202 5460 terrenis
1224 5405 1552 5474 parcendum
1576 5403 2029 5474 existimavimus,

475 5478 622 5544 quod
649 5485 1137 5545 nostratniquoque
1157 5472 1547 5545 conscientiam
1580 5472 1815 5528 ludimus
1836 5474 2033 5545 :quod—

474 5542 690 5616 cunque
716 5546 862 5602 enim
890 5542 1144 5609 facimus,
1170 5548 1214 5600 si
1250 5545 1494 5599 volumus
1526 5544 1652 5616 (leg.
1686 5545 1731 5599 si
1768 5542 2031 5614 velamus)

476 5618 842 5685 suspicamur.
875 5617 1141 5672 Craterum
1167 5616 1378 5671 incesta
1411 5625 1590 5669 vestra
1624 5630 1719 5686 pro
1746 5630 1841 5669 sua
1870 5617 2031 5669 Iiber-

476 5695 590 5738 tate
616 5698 671 5742 et
694 5689 814 5743 luce
842 5687 991 5740 omni
1032 5697 1086 5739 et
1113 5696 1272 5741 nocte
1303 5687 1449 5740 omni
1500 5696 1553 5741 et
1589 5697 1697 5739 tota
1734 5687 1858 5741 εωιί
1895 5701 2030 5740 con-

476 5757 712 5813 scientia
736 5758 1016 5822 fruuntur,
1052 5758 1305 5826 quodque
1345 5756 1556 5812 felicius
1588 5758 1875 5824 proveniat
1904 5771 2029 5811 cum

478 5827 657 5898 palam
685 5829 958 5884 miscentis
987 5826 1191 5885 incesta
1219 5838 1331 5884 ιοιο
1365 5829 1586 5885 conscio
1610 5828 1771 5895 cmio,
1796 5828 1893 5884 soli
1928 5826 2027 5896 ipsi

2143 4639 2409 4705 designat.
2439 4639 2530 4693 Sic
2547 4637 2799 4692 Clemens
2818 4635 3040 4704 Pwdag.
3071 4636 3162 4689 lib.
3192 4652 3274 4701 ιιι,
3309 4650 3433 4701 cap.
3463 4652 3547 4699 ιι,
3572 4652 3707 4704 βπε-

2143 4708 2499 4777 cipitvetniis
2533 4717 2589 4759 nt
2615 4722 2785 4762 canos
2837 4722 2941 4760 non
2993 4706 3257 4762 inﬁciant.
3292 4706 3387 4760 sed
3443 4705 3499 4758 in
3538 4706 3700 4759 lucem

2142 4776 2241 4833 Dei
2270 4779 2513 4847 e/feranl,
2551 4778 2607 4829 id
2636 4777 2774 4845 quod
2802 4777 3034 4847 maxime
3062 4776 3417 4847 venerandum
3455 4785 3563 4838 est,
3589 4777 3710 4828 ἀνα-

2138 4845 2375 4902 δεικτέον
2402 4847 2492 4899 ὑπ’
2513 4848 2685 4915 αὐγὰς
2706 4847 2798 4900 τοῦ
2827 4845 2960 4900 Θεοῦ
2981 4845 3040 4899 τὸ
3070 4845 3307 4916 τίμημα.
3354 4845 3552 4909 Essxi,
3590 4855 3714 4900 teste

2139 4917 2375 4987 Josepho
2403 4933 2464 4983 ιι,
2496 4916 2610 4970 Bel.
2641 4917 2775 4971 Jud.
2808 4932 2930 4987 cap.
2963 4917 3017 4979 7,
3078 4929 3199 4968 cum
3265 4923 3480 4987 natura:
3527 4916 3713 4987 darent

2139 4984 2383 5057 operam.
2416 4987 2706 5052 diligenter
2734 5001 2858 5042 sese
2878 4984 3034 5041 veste
3054 4984 3421 5057 contegebant
3449 4985 3713 5057 ηθξιῦγὰς

2140 5053 2277 5112 Θεοῦ
2306 5059 2473 5111 lucem
2500 5057 2733 5110 divinam
2756 5057 3215 5111 contaminarent.
3236 5053 3509 5108 Observat
3530 5054 3714 5107 Eusta-

2141 5130 2286 5184 thius
2332 5131 2387 5181 in
2421 5127 2584 5180 Iliad.
2628 5143 2681 5195 p.
2743 5127 2868 5181 852.
2914 5127 3065 5180 Diem
3104 5122 3462 5195 ab_Homero
3501 5139 3710 5195 sacram

2138 5199 2438 5260 vocari,ac
2489 5192 2660 5264 ipsam
2719 5206 2935 5252 noctem
2976 5194 3116 5266 apud
3167 5192 3465 5249 Hesiodum
3524 5194 3709 5247 eodem

2137 5269 2301 5324 modo
2329 5266 2617 5337 appellari.
2647 5266 2784 5321 Hinc
2811 5266 2977 5337 etiam
3016 5276 3220 5337 terram
3249 5278 3706 5337 sacrarnLrnuros

2135 5353 2324 5462 ᾕιρηρε
2353 5331 2455 5392 dici
2480 5336 2656 5392 solere
2681 5339 2822 5393 idem
2851 5336 3088 5406 scriptor
3109 5335 3287 5399 docet,
3322 5348 3453 5403 pag.
3488 5331 3620 5399 789,
3663 5334 3707 5385 in

2193 5426 2243 5462 ta
2288 5447 2303 5461 ο

2193 5410 2303 5462 ind.

2206 5479 2320 5550 (57)
2358 5481 2462 5534 Διά
2484 5480 2725 5548 τέχνης·
2762 5474 3072 5550 Ιιθιιςῃᾶυηι
3112 5480 3268 5543 putat
3308 5472 3510 5550 Billius
3536 5473 3709 5550 δίεχε-

2134 5542 2231 5621 νῆς
2260 5542 2347 5621 vel
2382 5542 2622 5621 ἀτεχνῶς
2655 5542 2748 5602 lib.
2779 5542 3079 5621 ιιξοίιεενυ.
3116 5542 3288 5605 sacr.,
3318 5557 3447 5621 cap.
3477 5542 3534 5597 6.
3574 5543 3706 5621 Bed-

2134 5614 2209 5675 di't
2246 5614 2515 5676 Grabius'i
2553 5620 2603 5672 Ν
2611 5636 2677 5673 οη
2713 5617 3052 5686 conﬁtebitur
3102 5631 3167 5668 ea:
3196 5626 3308 5686 arte
3352 5614 3463 5686 sive
3508 5614 3708 5682 apiﬁa‘o

2136 5691 2233 5744 Dei
2279 5707 2397 5745 euri:
2434 5692 2706 5745 exsistere.
2760 5684 2829 5740 At
2857 5685 2946 5739 διὰ
2978 5685 3173 5755 τέχνης
3206 5684 3419 5755 aliquid
3449 5698 3707 5741 asserere.

2134 5762 2278 5816 idem
2309 5772 2394 5816 est
2418 5776 2480 5815 ac
2508 5776 2614 5815 non
2651 5758 2825 5829 palam
2848 5767 2905 5829 et
2938 5754 3295 5829 aperteillud
3327 5761 3597 5829 statuere.
3631 5756 3708 5805 sed

2134 5847 2256 5887 cum
2293 5832 2526 5888 artilicio
2557 5824 2813 5901 quodam.
2848 5826 2983 5883 Nam
3018 5827 3110 5895 qni
3146 5826 3314 5881 Deum
3345 5824 3591 5877 humana
3619 5839 3707 5877 non
