3764 6494
25 393 147 449 θΤΙ
1150 402 1493 463 APOLOGIA
1532 408 1564 480 gt
1602 406 1742 466 PRO
1771 408 2232 470 CHRISTIANIS.
3221 412 3328 469 578

26 486 178 542 θοῦν
235 490 342 551 τὸν
388 494 624 566 Χριστὸν
668 498 763 551 καὶ
808 498 1196 572 βλασφημοῖεν,
1228 500 1480 555 ἐκέλευεν
1510 503 1653 557 ἀπά-

1824 506 2001 562 bebat.
2032 507 2090 562 In
2118 507 2209 563 his
2241 515 2425 561 autem
2469 506 2854 575 prophetarum
2899 503 3053 560 libris
3080 520 3330 575 prauum-

26 580 285 648 γεσθαι.
339 585 430 639 Ἑν
459 586 524 658 δὴ
567 590 684 652 ταῖς
727 590 836 645 τῶν
868 592 1160 665 προφητῶν
1194 592 1394 662 βίϐλοις
1425 594 1653 668 εὕρομεν

1824 608 1953 653 itum
2003 600 2305 669 reperimus
2351 598 2534 654 Iesum
2562 599 2841 654 Christum
2874 610 3121 654 nostrum
3162 599 3327 655 adre.

24 679 617 750 προκηρύσσόμενον,
666 684 1133 755 παραγινόμενον,
1170 684 1510 757 γεννώμενον
1570 687 1653 741 διὰ

1824 698 1994 744 autem
2041 700 2205 760 atque
2240 706 2306 746 ex
2362 689 2580 761 Virgine
2624 697 2969 755 nascentem,
3012 690 3079 743 ad
3112 698 3329 745 aetatem

24 767 369 837 παρθένου,
406 772 500 826 καὶ
530 773 913 845 ἀνδρούμενον,
946 776 1042 830 καὶ
1073 776 1445 848 θεραπεύοντα
1478 780 1653 833 πᾶσαν

1824 780 1968 836 rilem
2024 784 2468 850 pervenientem,
2524 786 2745 839 morbos
2778 798 2971 839 omnes
3016 793 3070 838 ct
3116 784 3331 854 :rgritu-

22 857 209 911 νόσον
286 861 388 914 καὶ
451 864 629 917 πᾶσαν
692 866 985 935 μαλακίαν,
1034 869 1128 922 καὶ
1172 870 1399 939 νεκροὺς
1442 870 1653 938 ἀνεγεί-

1824 887 1913 927 nes
1939 884 2245 941 curantem,
2276 885 2331 931 et
2362 884 2603 932 mortuos
2632 878 2699 930 ad
2735 876 2905 930 vitam
2954 885 3328 941 revocantem,

22 966 247 1018 ροντα,
303 952 408 1005 καὶ
453 953 817 1025 φθονούμενον
848 957 943 1011 καὶ¹
973 958 1338 1031 ἀγνοούμενον
1370 959 1466 1014 καὶ⁵
1498 977 1653 1013 σταυ-

1824 966 2010 1029 visunt,
2037 967 2340 1035 ignoratum
2360 978 2417 1023 et
2440 969 2781 1030 cruciﬁxum,
2812 967 3132 1023 morientem
3160 978 3216 1023 et
3238 984 3328 1023 re-

22 1038 333 1129 ρούμενον
385 1041 594 1113 Ἰησοῦν
636 1044 725 1097 τὸν
773 1046 1040 1119 ἡμέτερον
1072 1050 1338 1119 Χριστὸν,
1386 1048 1481 1102 καὶ
1524 1050 1653 1103 ἀπο-

1829 1067 2095 1127 rgentem,
2125 1074 2190 1114 ac
2217 1061 2269 1114 in
2302 1060 2469 1115 caelos
2495 1059 2883 1117 ascendentem
2908 1078 2924 1128 ;
2957 1074 3187 1129 eumque
3208 1074 3329 1115 esse

23 1128 400 1198 θνῄσκοντα,
464 1132 558 1185 καὶ
618 1135 1070 1207 ἀνεγειρόμενον,
1133 1139 1229 1193 καὶ
1272 1142 1353 1203 εἰς
1395 1140 1653 1213 οὐρανοὺς

1848 1150 2029 1204 vocari
2058 1149 2254 1204 Filium
2289 1151 2405 1218 Dei,
2436 1160 2492 1206 et
2523 1151 2809 1207 nonnullos
2854 1152 2924 1207 ab
2963 1167 3031 1207 eo
3093 1128 3232 1206 mitti
3259 1154 3328 1206 ad

20 1220 439 1291 ἀνερχόμενον
459 1263 475 1287 ,
520 1223 617 1276 κα)⁸
664 1225 791 1278 Υἱὸν
836 1224 972 1279 Θεοῦ
1003 1227 1131 1281 ὄντα
1164 1228 1259 1282 καὶ
1290 1229 1653 1300 κεκλημένον,

1824 1257 1917 1297 nne
1954 1243 2233 1297 hominum
2280 1259 2471 1313 genus,
2519 1245 2613 1312 qui
2649 1245 2764 1300 haec
2788 1244 3106 1313 praedicent,
3138 1246 3330 1315 magis-

20 1310 125 1362 καί
164 1328 342 1376 τινας
380 1314 768 1385 πεμπομένους
812 1316 905 1369 ὑπ’
937 1317 1101 1383 αὐτοῦ
1133 1320 1213 1383 εἰς
1244 1320 1351 1372 πᾶν
1382 1319 1536 1386 γένος
1567 1320 1653 1372 ἀνη

1824 1350 1862 1389 ιο
1898 1333 1975 1388 illi
2001 1334 2225 1388 credere
2256 1310 2349 1389 eos
2377 1310 2468 1405 qui
2495 1310 2621 1390 sunt
2666 1350 2734 1390 ex
2763 1310 3041 1406 gentibus.
3067 1310 3329 1390 Prmnun-

20 1399 297 1471 θρώπων
349 1404 688 1483 κηρύξοντας
731 1407 901 1463 ταῦτα
922 1449 937 1473 ,
984 1410 1078 1463 καὶ
1109 1411 1231 1474 τοὺς
1263 1408 1323 1477 ἐξ
1354 1408 1523 1463 ὲθνῶν
1554 1412 1653 1463 ἁν-

1824 1434 1926 1481 ιιιιε
1968 1435 2149 1480 autem
2194 1434 2300 1490 est,
2349 1437 2643 1495 antequam
2698 1428 2966 1498 prodiret,
2997 1428 3157 1482 annis
3186 1443 3329 1481 nunc

23 1493 324 1565 θρώπους
371 1500 575 1571 μᾶλλον
623 1499 772 1572 αῦτῷ
817 1500 1111 1557 πιστεύειν.
1171 1500 1558 1577 Προειρητεύθη

1824 1516 2047 1587 [inquies
2079 1517 2245 1582 mille,
2280 1532 2424 1572 nunc
2449 1493 2533 1572 ter
2559 1493 2725 1582 mille,
2758 1535 2903 1573 nunc
2938 1519 3023 1574 bis
3052 1518 3215 1585 mille,
3241 1518 3327 1572 iu-

24 1590 174 1659 πρὶν
211 1591 254 1662 ἢ
294 1594 543 1664 φανῆναι
589 1594 775 1659 αὐτὸν,
821 1593 967 1648 ἔτεσι
1009 1595 1140 1649 ποτὲ
1174 1596 1273 1665 μὲν
1307 1612 1653 1665 πεντακισχι-

1824 1608 1971 1660 rdum
2025 1607 2192 1670 mille,
2240 1621 2629 1677 nonnunquam
2663 1608 3011 1676 octingentis.
3057 1608 3165 1679 63
3193 1607 3328 1662 Nam

22 1680 172 1743 λίοις
212 1682 374 1752 (68),
441 1683 570 1737 ποτὲ
613 1682 669 1735 δὲ
713 1683 1049 1754 τρισχιλίοις,
1098 1685 1226 1737 ποτὲ⁹
1270 1684 1327 1738 δὲ
1358 1683 1653 1754 δισχιλίοις,

1824 1700 2054 1754 cundum
2125 1699 2536 1770 generationem
2589 1701 2973 1755 successiones
3011 1702 3104 1755 alii
3167 1711 3331 1769 atque

22 1775 129 1826 καὶ
167 1775 359 1829 πάλιν
397 1775 585 1846 χιλίοις
604 1774 735 1847 (69),
766 1776 861 1830 καὶ
891 1776 1077 1830 ἄλλοτε
1109 1775 1463 1863 ὀκτακορίοις.
1500 1774 1653 1829 Κατά

1824 1792 1849 1845 Li
1876 1791 2151 1863 propheta:
2173 1792 2525 1846 exstiterunt.
3244 1780 3257 1794 ’

22 1866 145 1935 γὰρ
182 1867 299 1929 τὰς
351 1867 605 1937 διαδοχὰς
650 1867 758 1920 τῶν
788 1867 962 1937 γενῶν
996 1867 1107 1939 (70)
1143 1866 1319 1940 ἕτεροι
1352 1867 1445 1920 καὶ
1476 1867 1653 1938 ἕτεροι
1684 1872 1727 1928 Β

26 1957 307 2023 ἐγένοντο
348 1960 650 2029 προφῆται.

108 2049 496 2121 5Ξ.Μωῦσῆς
518 2052 615 2121 μὲν
654 2046 769 2117 οὗν,
808 2051 1025 2123 πρῶτος
1057 2052 1165 2106 τῶν
1203 2051 1495 2126 προφητῶν
1544 2049 1655 2120 (71)

26 2141 382 2212 γενόμενος,
417 2137 567 2195 εἶπεν
595 2142 871 2208 αύτολεξεὶ
892 2143 1081 2208 οὕτως·
1106 2147 1228 2199 Οὐκ
1257 2144 1526 2213 ἐκλείψει
1554 2144 1657 2211 ἆρ-

28 2247 164 2298 χων
178 2231 260 2295 ἐξ
279 2230 489 2285 Ἰούδα
505 2231 644 2285 οὐδὲ
665 2233 997 2301 ἡγούμενος
1014 2233 1082 2287 ἐκ
1099 2231 1215 2286 ἑῶν
1222 2232 1433 2302 μηρῶν
1446 2230 1654 2296 αὐτοῦ,

28 2322 151 2388 ἓως
199 2321 289 2376 ἂν
328 2324 489 2391 ἔλθῃ
517 2315 564 2389 ᾧ
591 2324 904 2379 ἀπόκειται
946 2324 1055 2396 (72)
1077 2340 1092 2356 ·
1128 2325 1227 2378 καί
1270 2324 1452 2390 αὐτὸς
1488 2324 1658 2378 ἔσται

29 2416 402 2483 προσδοκία
416 2414 623 2481 ἐθνῶν,
641 2415 951 2486 δεσμεύων
965 2417 1116 2485 πρὸς
1132 2416 1403 2485 ἄμπελον
1419 2416 1525 2470 τὸν
1540 2416 1658 2469 πῶ-

32 2511 155 2560 λον
177 2510 414 2572 αὐτοῦ,
442 2509 689 2562 πλύνων
710 2510 780 2561 ἐν
807 2510 1009 2579 αἵματι
1035 2508 1358 2579 σταφυλῆς
1377 2510 1492 2578 τὴν
1519 2527 1658 2562 στο-

32 2600 163 2664 λὴν
185 2602 353 2652 αὐτο
367 2599 421 2652 ῦ.
441 2600 729 2672 Ὑμέτερον
747 2595 839 2653 οῦν
855 2603 1001 2652 ἐστιν
1020 2600 1263 2671 ἀκριϐῶς
1284 2599 1531 2664 ἐξετάσαι
1560 2603 1655 2655 καὶ

38 2690 271 2759 μαθεῖν,
313 2689 481 2760 μέχρι
518 2689 660 2754 τίνος
712 2687 779 2761 ἦν
810 2690 994 2762 ἄρχων
1026 2692 1121 2744 καὶ
1154 2690 1405 2761 βασιλεὺς
1429 2693 1486 2744 ὲν
1522 2694 1654 2745 Ἰον-

34 2783 217 2845 διίοις
258 2781 403 2843 ἴδιος
444 2780 640 2836 αὐτῶν.
700 2781 878 2851 Μέχρι
915 2780 1015 2851 τῆς
1062 2780 1423 2853 φανερώσεως
1483 2780 1663 2851 Ἰησοῦ

36 2871 297 2944 Χριστοῦ
334 2870 433 2924 τοῦ
457 2873 721 2943 ἡμετέρου
742 2872 1079 2937 διδασκάλου,
1107 2872 1329 2925 καὶτῶν
1353 2873 1653 2943 ἀγνοουμέ-

37 2982 152 3017 νων
186 2963 555 3032 προφητειῶν
602 2962 902 3035 ἐξηγητοῦ,
951 2964 1026 3028 ὠς
1076 2963 1382 3036 προερρέθη
1430 2963 1533 3017 ὑπὸ
1559 2962 1652 3016 τοῦ

38 3054 195 3107 θείου
226 3054 399 3123 ἁγίου
423 3056 759 3127 προφητικώ
788 3056 928 3110 Πνεύ
939 3074 1105 3128 ματος
1131 3058 1220 3110 διὰ
1245 3056 1337 3110 τοῦ
1355 3056 1651 3119 Μωῦσέως,

1827 3053 2085 3119 incipctn,
2143 3052 2316 3108 donec
2374 3053 2588 3106 veniret
2647 3051 2738 3108 ille
2765 3054 2851 3107 cui
2885 3054 3185 3123 repositum
3215 3065 3334 3109 erat

42 3150 115 3221 μὴ
152 3148 451 3217 ἐκλείψειν
495 3147 731 3219 ἄρχοντα
765 3150 876 3203 ἀπὸ
914 3148 1183 3203 Ἰουδαίων
1211 3149 1316 3212 ἕως
1358 3148 1423 3202 ἂν
1461 3147 1587 3219 ἔλθῃ
1609 3141 1653 3216 ᾧ

1824 3161 2001 3214 guunt.
2032 3143 2199 3200 Judas
2226 3146 2368 3199 enim
2402 3151 2595 3199 auctor
2629 3147 2846 3215 generis
2876 3144 3190 3200 Judazorum
3243 3162 3339 3202 ex-

35 3218 356 3292 ἀέὸκειται
405 3238 467 3291 τὸ
491 3218 780 3309 βασίλειον.
819 3238 1019 3303 Ἰούδας
1043 3240 1151 3311 γάρ
1194 3240 1490 3310 προπάτωρ
1527 3218 1653 3292 Ἰου-

1834 3236 1917 3298 tit,
1948 3251 1977 3288 a
2007 3250 2118 3305 quo
2142 3236 2311 3289 etiam
2341 3245 2398 3289 ut
2430 3235 2602 3291 Judaei
2634 3246 2963 3290 vocarentur
2996 3238 3338 3303 habuerunt;

39 3331 241 3395 δαίων,
279 3333 380 3399 ἀφ’
407 3325 469 3385 οὗ
514 3333 607 3384 καὶ
654 3333 714 3384 τὸ
755 3333 997 3386 Ἰουδαῖοι
1040 3332 1317 3386 καλεῖσθαι
1356 3335 1653 3404 ἐσχήκασιο

1842 3338 2131 3399 postquam
2160 3328 2251 3383 ille
2282 3330 2507 3398 prodiit,
2539 3345 2634 3385 vos
2672 3328 2874 3384 Iudaeis
2921 3330 3258 3399 imperastis,
3285 3342 3343 3385 et

42 3424 141 3473 καὶ
176 3422 351 3492 ὑμεῖς
382 3420 521 3492 μετὰ
547 3422 644 3493 τὴν
670 3423 969 3495 γενομένην
1017 3423 1179 3477 αὐτοῦ
1228 3425 1530 3496 φανέρωσιν
1565 3424 1653 3477 καὶ

1824 3434 1973 3473 nnem
1999 3434 2187 3474 eorum
2208 3430 2410 3474 terram
2440 3421 2633 3475 ditioni
2654 3432 2851 3476 vestrre
2888 3423 3186 3493 adjecistis.
3208 3421 3342 3475 illud

56 3514 354 3568 Ἰουδαίων
382 3514 792 3579 ἐϐασιλεύσατε,
823 3517 916 3569 καὶ
953 3518 1053 3588 τῆς
1101 3516 1323 3570 ἐκείνων
1354 3517 1532 3586 πάσης
1554 3517 1653 3587 γῆς

1824 3522 1965 3577 ηιριη,
2001 3511 2124 3581 Ipse
2156 3513 2254 3566 erit
2312 3514 2630 3581 exspectatio
2682 3514 2940 3582 gentium,
2999 3514 3343 3582 signiﬁcabat

46 3608 436 3677 ἐκρατήσατε.
460 3606 532 3659 Τὸ
561 3607 637 3670 δὲ,
669 3608 863 3674 Αὐτὸς
886 3608 1058 3662 ἔσται
1080 3609 1413 3677 προσδοκία
1443 3608 1653 3671 ἐθνῶν,

1824 3618 1878 3657 re
1904 3618 1970 3658 ex
2001 3603 2255 3658 omnibus
2285 3604 2666 3673 gentibus,qui
2705 3619 2827 3658 eum
2849 3604 3028 3658 denuo
3051 3613 3340 3656 venturum

48 3698 363 3772 μην-στικὸν
389 3694 457 3770 ἦν
480 3700 562 3752 ὅτι
594 3700 658 3752 ὲκ
689 3700 903 3755 πάντων
929 3700 1036 3754 τῶν
1061 3700 1228 3755 ἐθνῶν
1256 3700 1653 3773 προσδοκήσου-

1830 3707 2162 3768 spectarent.
2192 3696 2347 3764 Quod
2378 3697 2598 3767 quidem
2631 3698 2785 3753 vobis
2831 3698 2962 3753 licet
3016 3712 3239 3753 cernere
3287 3705 3342 3749 et

1827 2035 1916 2093 '52.
1966 2037 2179 2110 Moyses
2203 2041 2444 2110 quidem,
2476 2041 2568 2111 qui
2604 2043 2815 2113 primus
2848 2048 3061 2101 exstitit
3096 2050 3335 2118 prolihe-

1758 2138 1961 2197 tarum,
1990 2133 2068 2187 sic
2096 2133 2163 2187 ad
2199 2136 2420 2190 verbum
2480 2138 2703 2206 scripsit
2732 2156 2746 2193 :
2787 2136 2911 2193 Non
2943 2140 3151 2209 deﬁciet
3196 2144 3339 2210 prin-

1757 2238 1873 2289 ceps
1893 2239 1919 2277 e
1935 2222 2103 2290 Iuda,
2124 2241 2287 2295 neque
2316 2226 2425 2279 dua:
2444 2243 2471 2280 ε
2490 2227 2688 2295 femore
2709 2228 2843 2297 ejus,
2868 2229 3031 2284 donec
3055 2234 3225 2285 veniat
3250 2237 3334 2286 cui

1759 2318 2042 2384 repositum
2077 2328 2175 2383 est,
2200 2328 2247 2372 et
2272 2321 2377 2387 ipse
2408 2321 2504 2373 erit
2532 2322 2849 2388 exspectatio
2880 2326 3138 2391 gentium,
3163 2326 3335 2394 ligans

1758 2408 1827 2459 ad
1846 2410 2213 2478 vitempullum
2244 2428 2419 2479 suum,
2438 2411 2621 2467 lavans
2644 2415 2698 2467 in
2719 2414 2974 2482 sanguine
3004 2431 3116 2469 uva:
3146 2416 3335 2469 stolam

1756 2501 1977 2555 suam".
2006 2503 2254 2557 Vestrum
2288 2514 2371 2559 est
2425 2507 2593 2577 igitur
2646 2516 2899 2562 accurate
2954 2508 3229 2577 inquirere
3284 2518 3338 2564 et

1759 2608 2087 2661 pernoscere
2112 2596 2470 2667 quoadusque
2501 2597 2703 2652 Judmis
2740 2613 2869 2652 suus
2900 2597 3065 2653 fuerit
3088 2599 3340 2668 proprius

1756 2684 2009 2754 princeps
2048 2694 2101 2741 et
2151 2702 2273 2741 res.
2328 2687 2599 2743 Nimirum
2652 2690 2828 2760 quoad
2885 2691 3135 2761 apparuit
3180 2690 3338 2746 Jesus

1755 2778 2002 2833 Christus
2028 2778 2286 2847 magister
2311 2788 2515 2844 noster,
2552 2788 2607 2834 et
2635 2780 2920 2835 latentium
2975 2782 3336 2836 oraculorum

1758 2870 2058 2939 interpres,
2103 2872 2559 2940 quemadmodum
2595 2871 2911 2941 praedictum
2955 2882 3039 2927 est
3065 2888 3095 2927 a
3125 2873 3333 2941 Spiritui

1756 2961 2075 3030 pmplietico
2103 2977 2200 3033 per
2224 2960 2487 3032 Moysem,
2545 2978 2653 3017 non
2708 2961 3046 3018 deiecturum
3077 2980 3107 3018 e
3140 2960 3340 3017 Iudaeis

164 3868 215 3901 ”
256 3868 399 3924 Gen.
429 3884 582 3938 ms,
618 3867 707 3926 10.

124 4034 256 4105 (68)
299 4038 847 4106 Πεντακισχιλίοις.
899 4039 1247 4094 Demonstrat
1301 4038 1645 4093 Martiameus

1748 4040 1973 4095 Cohort.
2004 4049 2065 4093 ut
2090 4039 2421 4108 scriptorum
2453 4042 2696 4095 omnitun
2718 4038 3163 4109 antiquissimum
3189 4036 3346 4109 citat,

50 4117 258 4179 noster
304 4107 723 4179 inudefensione
769 4118 902 4165 text.
948 4108 1112 4163 llebr.
1165 4119 1296 4162 tom.
1332 4108 1398 4171 ll,
1432 4124 1556 4179 cap.
1586 4110 1639 4169 i,

1749 4110 1880 4178 quid
1906 4111 2103 4164 mirum
2140 4106 2245 4174 est,
2273 4113 2315 4165 si
2346 4127 2467 4165 eum
2490 4114 2593 4167 hoc
2616 4114 2734 4166 loco
2768 4106 2908 4165 inter
2946 4125 3137 4164 sacros
3164 4106 3344 4173 scrip-

52 4177 310 4244 primum
364 4176 515 4231 illum
568 4180 908 4247 prophetam,
954 4179 1047 4248 qui
1083 4179 1291 4234 Christi
1348 4176 1641 4239 adventum

54 4248 318 4313 quinque
367 4263 633 4300 annorum
685 4248 925 4303 millibus
972 4250 1270 4317 praecessit,
1312 4265 1415 4303 non
1464 4250 1645 4303 Heno-

55 4318 231 4388 chum
294 4329 435 4388 esse.
487 4327 546 4369 ut
594 4318 845 4388 placebat
907 4319 1179 4385 Perionio,
1227 4320 1321 4373 sed
1353 4320 1640 4383 Adamnm,

55 4385 225 4453 cujus
266 4386 551 4454 prophetia
594 4385 782 4444 sacris
831 4398 886 4443 et
916 4388 1303 4443 ecclesiasticis
1361 4389 1645 4456 scriptori-

60 4458 170 4508 lms
210 4456 454 4509 laudata.
480 4459 632 4521 Quod
662 4468 843 4512 autem
874 4459 1016 4513 idem
1050 4456 1394 4512 Martiauaeus
1426 4475 1491 4512 ex
1520 4473 1644 4510 ver-

61 4527 151 4579 bis
174 4523 379 4578 Justini
411 4527 638 4595 colligit,
666 4543 787 4582 eum
830 4542 935 4582 non
960 4528 1191 4595 amplius
1218 4543 1378 4596 quam
1404 4530 1647 4597 quinque

1752 4188 1897 4233 tores
1923 4182 2154 4246 primum
2184 4182 2471 4235 recenset?

1821 4245 1936 4318 (η)
1968 4246 2042 4319 τῼ
2064 4248 2388 4303 ἀπόκειται.
2434 4250 2632 4319 Regius
2677 4254 2844 4308 codex
2890 4259 2944 4303 et
2997 4249 3060 4302 Β.
3109 4245 3340 4319 Stepha-

1751 4314 1853 4375 nus
1878 4314 2075 4373 habent
2119 4319 2147 4371 ὃ
2175 4322 2485 4382 ἀπόκειται,
2516 4314 2764 4376 Clarum.
2810 4322 2871 4374 τὸ
2901 4320 3209 4373 ἀπόκειται.
3246 4314 3347 4367 Le-

1750 4391 1897 4454 gitur
1949 4390 2001 4441 in
2054 4392 2258 4443 nostris
2295 4392 2626 4445 editionibus
2674 4391 2815 4445 LXX
2870 4392 3224 4454 interpretum
3271 4382 3343 4435 τὰ

1752 4457 2091 4528 ἀποκείμενα
2131 4459 2296 4530 αὐτῷ.
2332 4460 2523 4527 Magna
2556 4469 2639 4513 est
2685 4462 2784 4514 liae
2829 4463 2882 4513 in
2918 4473 2973 4512 re
3003 4456 3162 4530 apud
3208 4454 3346 4508 scri-

1754 4538 1938 4594 ptores
1959 4527 2369 4585 ecclesiasticos
2403 4531 2654 4594 varietas,
2689 4530 2782 4583 sed
2827 4545 2931 4583 non
2985 4527 3206 4581 dubium
3261 4534 3346 4576 est

62 4611 347 4649 annorum
394 4590 563 4651 millia
602 4590 853 4674 a_mundi
892 4590 1173 4652 creatione
1205 4590 1270 4651 a'd
1300 4590 1519 4674 Christi
1556 4590 1647 4651 or-

1829 4599 2099 4674 inJeget‘it
2128 4593 2436 4674 Jttstiuusé
2467 4590 2789 4674 ἀπόκειται,
2830 4611 2940 4653 tum
3000 4596 3126 4666 quia
3176 4594 3343 4674 paulo

64 4676 185 4717 tum
245 4682 590 4736 numerasse,
646 4668 699 4721 id
735 4682 927 4722 vereor
966 4678 1024 4721 ut
1061 4679 1270 4722 certum
1313 4678 1367 4721 et
1396 4669 1652 4736 explora-

65 4744 185 4807 tum
211 4734 307 4789 sit.
344 4735 527 4803 Neque
577 4739 719 4807 enim
758 4739 812 4792 in
849 4737 1117 4807 ejusmodi
1150 4742 1394 4791 numeris
1429 4734 1656 4792 accura-

67 4804 289 4876 tissime
343 4816 597 4860 versatur
635 4804 904 4870 Justinus,
938 4808 1029 4876 qui
1080 4809 1246 4862 etiam
1284 4808 1427 4861 infra
1463 4825 1515 4861 n.
1550 4808 1643 4860 42.

67 4875 343 4996 υιῖἶὶιιεω
375 4877 532 4930 annis
572 4878 718 4933 mille
761 4888 814 4932 et
844 4875 1163 4946 quingentis
1211 4886 1338 4931 ante
1368 4878 1651 4937 Christum

67 4960 132 4996 eo
173 4956 331 4996 ocat.

62 4956 331 5000 cottocat.

137 5015 257 5087 (69)
300 5017 549 5082 Χιλίοις.
616 5016 747 5073 Post
792 5016 1085 5079 Adamutn,
1129 5017 1242 5071 Noe
1292 5030 1346 5072 et
1394 5017 1651 5087 Moysent,

62 5086 328 5155 proprius
386 5088 575 5141 Davidi
633 5087 785 5142 locus
823 5088 1042 5142 videtur
1070 5090 1363 5157 assignari.
1391 5086 1498 5141 Sed
1530 5103 1653 5140 cum

66 5160 135 5209 ab
189 5170 261 5209 eo
305 5171 481 5225 usque
538 5158 605 5211 ad
659 5158 938 5213 Christum
1004 5174 1177 5211 annos
1216 5159 1361 5213 mille
1396 5166 1453 5211 et
1502 5159 1658 5225 quin-

69 5238 267 5294 gentos
299 5227 447 5281 infra
490 5239 742 5283 numeret
768 5226 1045 5294 Justinus,
1102 5228 1239 5283 nihil
1275 5228 1410 5284 certi
1442 5228 1657 5283 videtur

70 5296 235 5349 statui
267 5312 453 5365 posse.

138 5365 256 5435 (70)
288 5365 521 5435 rerum.
576 5366 731 5436 Legit
771 5368 975 5437 γενεῶν
1018 5368 1262 5423 eruditus
1287 5366 1658 5433 Londinensis

69 5439 268 5491 editor.
302 5438 411 5491 Sed
441 5436 575 5490 nihil
611 5436 831 5504 prorsus
856 5443 1192 5492 mutandum.
1226 5439 1315 5493 Sic
1339 5441 1482 5494 enim
1518 5438 1655 5490 infra

74 5506 223 5582 κατὰ.
266 5507 785 5582 γένουςλδιαδοχήνζ
828 5511 919 5582 Sic
957 5509 1465 5582 etiamuAl‘ricatrus
1516 5509 1658 5582 apud

72 5577 268 5652 ζάθεοι).
301 5577 442 5631 Hist.
475 5579 573 5631 lin.
620 5577 659 5645 ς,
680 5577 729 5632 c.
756 5579 786 5631 7
822 5595 837 5632 :
867 5580 965 5652 τὴν
1003 5577 1317 5651 ἐπαλλαγὴν
1342 5579 1452 5633 τῶν
1489 5579 1660 5647 γενῶν

70 5645 415 5718 διηγήσομαι.

138 5717 223 5791 (7t
238 5722 257 5785 )
284 5717 531 5791 Πρῶτος
557 5717 1042 5791 τῶν-προφητῶν.
1067 5719 1184 5774 Non
1212 5720 1367 5775 video
1389 5736 1488 5775 cur
1510 5720 1657 5791 Moy-

75 5802 160 5841 sen
184 5786 429 5843 Grabius
460 5786 754 5843 contendat
782 5786 1065 5859 dignitate,
1103 5807 1210 5844 nou
1257 5800 1516 5859 tempore.
1549 5786 1660 5859 prt-

78 5875 213 5917 ttttlllt
260 5861 659 5935 prophetarum
711 5860 837 5916 dici.
876 5860 1045 5930 Quem
1095 5862 1236 5916 enim
1298 5859 1543 5925 Justinus
1604 5862 1655 5926 in

1759 4676 1880 4740 post
1911 4665 2061 4721 addit
2094 4680 2217 4737 post
2240 4672 2337 4723 has
2370 4665 2532 4723 νόθος
2556 4668 2617 4723 τὸ
2652 4670 2941 4740 βασίλειον,
2977 4676 3087 4740 tum
3130 4665 3255 4740 quia
3291 4665 3344 4715 iu

1757 4735 1979 4807 Dialogo
2012 4754 2067 4791 u.
2097 4735 2222 4806 120,
2250 4742 2526 4796 contendit
2551 4742 2618 4794 ita
2652 4735 2951 4793 reddidisse
2980 4735 3341 4807 Septuaginta

1758 4806 2110 4875 interpretes.
2135 4826 2197 4863 ac
2223 4809 2441 4863 Judzeos
2472 4811 2634 4864 aliam
2664 4811 2952 4863 lectionem
2976 4806 3343 4875 excogitasse,

1759 4893 1953 4952 nempe
1976 4878 2045 4952 τὰ
2090 4879 2431 4950 ἀποκείμενα
2464 4880 2632 4952 αὐτῷ.
2676 4880 3011 4952 Lectionem,
3037 4892 3205 4952 quant
3226 4885 3347 4952 t_ue-

1760 4943 2140 5021 turlustiuus,
2166 4943 2337 5020 magis
2358 4943 2616 5004 usitatam
2644 4949 2783 5021 apud
2812 4943 3156 5021 Christianos
3180 4943 3349 4997 fuisse

1760 5018 2507 5094 colligimus-chtestimonio
2548 5018 2911 5094 .lttlia'ni,__qtti
2967 5033 3063 5094 eos
3098 5021 3349 5094 __accusat

1758 5090 1899 5155 apud
1923 5088 2118 5171 Cyrill.
2151 5092 2306 5171 Alex.
2339 5092 2432 5171 lib.
2461 5106 2586 5171 _Vlll,
2621 5107 2674 5171 ρ.
2712 5090 2863 5171 1253,
2900 5089 3040 5171 quod
3096 5087 3347 5171 scriptu!-

1762 5152 1878 5212 ram
1903 5152 2347 5226 depravaveriut,
2383 5152 2685 5216 inducenda
2712 5160 2813 5213 hac
2847 5152 3082 5212 lectione
3136 5152 3180 5221 ᾧ
3214 5152 3345 5226 ἀξιό-

1760 5222 2091 5301 κειταιίδίο
2117 5222 2511 5301 interpretatus
2536 5242 2621 5285 est
2657 5230 3037 5301 Symmachus,
3070 5236 3211 5279 teste
3236 5222 3346 5301 iiu—

1760 5300 1916 5371 sebio
1946 5293 2506 5369 menstrvaang.
2564 5317 2616 5371 p.
2662 5293 2791 5355 572.
2835 5293 3343 5371 intet'dtint_eadem

1762 5368 1921 5424 lectio
1946 5372 2188 5441 occurrit
2213 5372 2354 5441 apud
2406 5363 2720 5435 Eusebium,
2764 5380 2820 5425 ut
2847 5369 3051 5441 lib._vu
3109 5363 3342 5441 Reman.-

1760 5448 1857 5492 str.
1885 5455 2005 5508 cap.
2035 5440 2129 5495 ult.
2156 5427 2261 5495 Sed
2286 5441 2400 5509 ipse
2426 5441 2517 5496 lib.
2550 5457 2669 5509 vtu,
2696 5427 2815 5508 cap.
2848 5455 2893 5503 I,
2919 5438 2996 5491 sic
3018 5436 3254 5509 explicat
3277 5427 3343 5485 τὰ

1762 5504 2099 5581 ἀποκείμενα
2134 5504 2376 5575 Christo,
2410 5522 2466 5563 ut
2495 5504 2665 5565 aliter
2686 5504 2879 5581 legisse
2934 5522 3039 5562 non
3068 5504 3339 5581 videatur.

1762 5576 2018 5649 Legimus
2042 5580 2185 5649 apud
2211 5582 2538 5636 Archelaum
2567 5598 2623 5651 p.
2658 5583 2725 5637 78
2740 5576 2770 5635 ἐ
2799 5579 2975 5632 Donec
2997 5576 3161 5651 peniat
3191 5576 3344 5641 cujus

1762 5647 1859 5703 est.
1887 5653 2036 5725 Quod
2072 5647 2290 5725 Quidem
2324 5647 2668 5725 librariorum
2696 5657 2937 5725 erratum
2960 5647 3174 5725 videtur
3200 5655 3343 5725 essee

1760 5736 1863 5789 pro
1894 5713 1978 5774 au.-
2000 5713 2105 5795 jus'
2122 5731 2221 5795 est.
2254 5721 2495 5795 Longius
2526 5722 2665 5780 foret
2692 5722 2766 5795 in
2820 5717 2941 5771 aliis
2981 5713 3344 5789 scriptoribus

1768 5794 2121 5848 recensendis
2154 5794 2458 5857 immorari.
