3764 6496
392 430 407 448 ,
464 380 569 438 5'19

1384 390 1442 447 S.
1483 390 1755 449 JUSTINI
1792 393 2202 452 PHILOSOPHI
2241 394 2330 450 ET
2368 394 2726 453 MABTYRIS

3625 403 3733 461 380

464 499 542 554 rei
574 499 909 570 experientia
942 502 1188 560 credere.
1218 505 1299 561 Ex
1355 512 1503 565 omni
1552 512 1698 567 enim
1754 515 2005 571 hominm

2182 532 2229 569 ιν
2256 514 2418 571 αὐτὸν
2475 516 2635 570 πάλιν
2687 514 3221 587 παραγενησόμενονν
3248 514 3382 589 ὅπερ
3414 516 3545 588 ὄψει
3600 518 3731 588 lapis

463 606 662 662 genere
691 596 1180 666 exspectantillum
1207 601 1259 654 in
1300 598 1484 659 Judaaa
1516 606 1858 676 crucifixum,
1916 618 2039 679 post

464 700 625 752 qnetn
649 688 833 742 statim
864 690 1006 746 bello
1031 701 1190 762 capta
1221 693 1530 753 Iudaeorum
1573 709 1715 756 terra
1748 702 1902 758 vobis
1930 713 2036 759 tra-

465 778 572 831 dita
603 789 708 833 est.
738 779 882 835 istud
920 798 1105 852 porro,
1139 786 1310 855 ligans
1345 790 1414 843 ad
1444 791 1597 845 vitem
1628 793 1837 861 pullum
1860 812 2034 863 suum,

459 879 511 924 et
542 869 723 925 lavaris
760 871 814 925 in
844 878 1100 943 sanguine
1130 892 1243 931 uva:
1263 878 1459 932 stolam
1506 898 1680 946 suam,
1733 885 2035 954 symbolum

460 969 579 1014 erat
607 976 694 1016 res
723 962 1039 1033 signiﬁcans
1070 966 1267 1033 partim
1302 964 1529 1024 Christo
1562 980 1881 1039 eventuras,
1908 987 2038 1040 par-

461 1052 557 1106 tim
605 1054 672 1108 ab
708 1056 821 1126 ipsa
872 1060 1157 1127 gerendas.
1218 1058 1354 1115 Nam
1410 1063 1588 1133 pullus
1615 1064 1835 1132 quidam
1868 1064 2037 1121 asinae

457 1144 638 1197 stabat
664 1146 716 1199 in
749 1147 979 1216 quodam
1012 1148 1241 1205 introitu
1292 1150 1401 1207 vici
1435 1152 1502 1207 ad
1551 1154 1714 1208 vitem
1746 1153 2031 1223 alligatus;

456 1250 619 1306 quem
649 1254 770 1293 cum
803 1242 907 1297 sibi
934 1258 963 1296 a
997 1245 1279 1315 discipulis
1326 1255 1459 1302 tunc
1506 1247 1701 1301 adduci
1756 1248 2032 1317 jussisset,

454 1330 746 1387 adductum
773 1336 1112 1403 conscendit,
1146 1339 1305 1408 eique
1356 1339 1600 1392 insidens
1635 1337 2030 1409 Jerosolymam

452 1425 729 1495 ingressus
782 1437 889 1493 est,
932 1430 1023 1483 ubi
1077 1432 1375 1486 maximum
1423 1430 1736 1487 Iudaeorum
1770 1432 2028 1500 templum

448 1527 589 1581 erat,
632 1520 777 1588 quod
809 1532 998 1591 postea
1034 1538 1063 1575 a
1094 1524 1251 1578 vobis
1278 1539 1533 1579 eversum
1582 1535 1688 1580 est.
1735 1526 1813 1579 Ac
1840 1535 2031 1596 postea

448 1609 503 1665 in
537 1626 756 1665 crucem
789 1621 947 1668 actus
974 1623 1076 1679 est,
1130 1623 1188 1669 ut
1236 1615 1381 1685 quod
1416 1616 1682 1685 reliquum
1737 1625 1858 1671 erat
1910 1632 2033 1687 pro-

445 1703 644 1774 phetite
666 1703 1001 1774 expleretur.
1035 1704 1167 1759 Nam
1198 1704 1328 1759 illud
1360 1705 1542 1759 lavaris
1566 1706 1619 1758 in
1637 1706 1893 1776 sanguine
1918 1722 2032 1761 uva:

444 1790 637 1845 stolam
658 1809 831 1856 suam,
859 1792 1168 1861 passionem
1201 1793 1349 1848 illam
1392 1796 1816 1864 prtenuntiabat,
1866 1811 2027 1866 quam

2142 609 2398 680 πάρεστιν
2430 607 2576 671 ἰδεῖν,
2608 608 2699 662 καὶ
2732 607 2879 679 ἔργῳ
2903 607 3205 678 πεισθῆναι.
3242 609 3337 661 Ἐκ
3364 610 3593 665 πάντων
3618 614 3728 681 γὰρ

2138 701 2312 769 γενῶν
2346 698 2645 772 ἀνθρώπων
2670 698 3007 769 προσδοκῶσι
3063 699 3153 753 τὸν
3190 702 3248 753 ὲν
3288 701 3531 771 Ἰουδαίᾳ
3558 716 3727 755 orau-

2141 785 2400 859 ρωθέντα,
2449 786 2566 858 μεθ’
2597 787 2655 840 ὃν
2694 787 2855 850 εὐθὺς
2899 787 3218 859 δοριάλωτος
3249 790 3378 861 ὑμῖν
3407 792 3443 861 ἡ
3472 790 3551 859 γῆ
3594 790 3726 844 ’1ου-

2136 878 2300 932 δαίων
2342 878 2636 950 παρεδόθη.
2682 879 2756 931 Τὸ
2781 878 2858 943 δὲ,
2900 880 3212 948 Δεσμεύων
3258 880 3409 948 πρὸς
3442 880 3724 950 ἄμπελον

2136 969 2244 1021 τὸν
2267 968 2473 1023 πῶλον
2504 970 2710 1035 αὐτοῦ,
2740 969 2837 1024 καὶ
2860 972 3108 1025 πλύνων
3134 970 3247 1037 τὴν
3268 972 3511 1039 στολὴν
3533 975 3720 1026 αὺτεῦ

2135 1059 2207 1113 ἐν
2227 1061 2428 1129 αἵματι
2484 1061 2825 1130 σταφυλῆς,
2867 1061 3132 1133 σύμϐολον
3169 1062 3469 1134 δηλωτικὸν
3520 1060 3591 1134 ἦν
3618 1065 3721 1116 τῶν

2136 1153 2516 1225 γενησομένων
2571 1153 2649 1224 τῷ
2680 1154 2919 1225 Χριστῷ,
2961 1154 3189 1208 καὶτῶν
3233 1154 3326 1207 ὑπ’
3353 1155 3531 1208 αὐτοῦ
3584 1175 3723 1226 πρα-

2136 1244 2505 1315 χθησομένων.
2555 1245 2739 1310 Πῶλος
2773 1246 2880 1317 γάρ
2926 1264 3012 1310 τις
3051 1246 3171 1300 ὄνου
3215 1247 3473 1318 εἱστήκει
3510 1246 3569 1300 ἐν
3617 1266 3717 1301 τινι

2135 1337 2324 1408 εἰσόδῳ
2359 1336 2551 1408 κώμης
2584 1338 2718 1409 πρὸς
2756 1338 2998 1410 ἄμπελον
3039 1340 3149 1411 (75)
3174 1339 3487 1410 δεδεμένος,
3517 1342 3576 1393 ὃν
3603 1342 3719 1395 ἐκέ-

2133 1429 2324 1484 λευσεν
2346 1432 2570 1501 ἀγαγεῖν
2601 1433 2748 1504 αὐτῷ
2768 1434 2889 1487 τότε
2911 1437 3037 1499 τοὺς
3078 1438 3387 1508 γνωρίμους
3408 1438 3607 1501 αὐτοῦ,
3630 1443 3717 1492 καὶ

2134 1521 2393 1593 ἀχθέντος
2447 1524 2643 1588 ἐπιϐὰς
2696 1525 2949 1590 ἐκάθισε,
2996 1528 3087 1580 καὶ
3138 1528 3490 1599 εἰσελήλυθεν
3528 1532 3609 1593 εἰς
3654 1532 3715 1583 τὲ

2146 1613 2512 1685 Ἰεροσόλυμα,
2546 1614 2674 1668 ἔνθα
2696 1616 2757 1668 τὸ
2793 1616 3046 1687 μέγιστον
3090 1620 3229 1690 ἱερὸν
3251 1616 3318 1691 ἦν
3356 1620 3656 1683 Ἰουδαίων,
3691 1620 3715 1673 δ

2133 1704 2222 1773 ὑφ’
2253 1705 2408 1776 ὑμῶν
2474 1706 2698 1779 ὕστερον
2750 1712 3120 1783 κατεστράφη.
3184 1714 3293 1766 Καὶ
3354 1714 3499 1785 μετά
3548 1715 3713 1768 ταῦτα

2134 1796 2475 1869 ἐσταυρώθη,
2509 1799 2659 1863 ὃπως
2712 1801 2773 1853 τὸ
2811 1800 2995 1856 λεῖπον
3019 1804 3119 1875 τῆς
3166 1806 3511 1877 προψητείας
3537 1824 3713 1861 συντε-

443 1891 563 1938 crat
590 1898 875 1952 passurus,
902 1884 1166 1954 sanguine
1195 1899 1294 1941 eos
1329 1889 1558 1956 expians
1605 1889 1698 1960 qui
1753 1889 1855 1959 ipsi
1906 1903 2005 1945 cre

2182 1889 2315 1961 εσθῇ.
2342 1891 2414 1944 Τὸ
2440 1891 2569 1963 γὰρ,
2600 1893 2856 1946 luam
2888 1893 3001 1963 τὴν
3040 1873 3504 1965 citos-aratum?»
3538 1901 3608 1952 ἐν
3628 1904 3710 1954 az-

440 1975 599 2031 dunt.
634 1976 765 2033 Nam
794 1993 913 2047 quae
938 1979 1138 2033 dicitur
1161 1994 1190 2033 a
1215 1980 1402 2037 divino
1430 1979 1635 2051 Spiritu
1664 1998 1764 2053 per
1785 1984 2021 2053 prophe-

442 2077 553 2124 tam
578 2071 735 2136 stola,
758 2075 1003 2128 homines
1033 2083 1160 2128 sunt
1187 2075 1237 2129 ei
1259 2076 1570 2140 credentes,
1591 2075 1642 2128 in
1669 2075 1866 2144 quibus
1890 2075 2022 2133 illud

438 2177 468 2215 a
502 2163 611 2217 Deo
646 2179 829 2221 semen
868 2167 1074 2221 habitat
1098 2164 1359 2222 Verbum.
1393 2166 1548 2233 Quod
1581 2175 1766 2223 autem
1820 2166 2023 2223 dicitur

436 2256 659 2325 sanguis
690 2272 827 2323 uva},
885 2257 936 2311 id
989 2257 1340 2328 signiﬁcabat
1368 2272 1519 2323 eum,
1552 2258 1645 2328 qui
1674 2258 2021 2328 appariturus

434 2364 576 2418 erat,
602 2354 926 2425 sanguinem
948 2354 1165 2422 quidem
1193 2352 1535 2418 habiturum,
1568 2352 1664 2407 sed
1701 2367 1805 2406 non
1833 2366 1897 2405 ex
1920 2352 2023 2406 bu-

429 2460 598 2501 mano
629 2447 862 2510 semine,
898 2461 1083 2500 verum
1129 2460 1197 2500 ex
1233 2444 1417 2499 divina
1444 2444 1668 2498 virtute.
1701 2442 1885 2498 Prima
1925 2459 2022 2497 au-

434 2546 543 2591 tem
606 2538 902 2592 secundum
956 2547 1240 2606 parentem
1309 2534 1554 2589 omnium
1612 2542 1669 2588 et
1730 2532 2019 2587 Dominum

433 2627 621 2684 Virtus
643 2628 915 2692 etFilius,
964 2628 1201 2684 Verbum
1227 2638 1347 2695 est;
1404 2626 1552 2697 quod
1605 2624 1883 2696 quomodo
1939 2623 2021 2678 in-

429 2734 715 2781 carnatum
742 2724 906 2780 homo
933 2722 1137 2779 factum
1155 2723 1246 2785 sit,
1261 2721 1517 2792 deinceps
1533 2720 1804 2775 dicemus.
1819 2719 2021 2787 Quem-

431 2818 725 2874 admodum
789 2818 934 2873 enim
986 2833 1105 2872 uva:
1162 2817 1483 2887 sanguinem
1540 2812 1652 2886 64
1700 2828 1807 2868 ιιοιι
1856 2814 2021 2867 homo

428 2910 580 2976 fecit,
605 2911 701 2966 sed
718 2908 862 2966 Deus
894 2926 910 2965 :
941 2908 1014 2963 ita
1039 2918 1095 2965 et
1117 2907 1209 2963 hic
1233 2908 1456 2979 sanguis
1478 2906 1891 2977 signiﬁcabatur
1909 2921 2019 2960 non

427 3015 495 3057 ex
529 3003 769 3057 humano
819 3001 1109 3073 sanguine,
1157 3001 1252 3056 sed
1287 3014 1354 3054 ex
1390 3000 1591 3054 virtute
1632 2998 1747 3064 Dei,
1800 3006 1860 3052 ut
1905 2998 2019 3066 jam

427 3096 693 3159 diximus,
722 3094 965 3149 futurus.
992 3095 1172 3163 Atque
1193 3090 1361 3146 Isaias
1378 3091 1518 3147 alius
1538 3092 1797 3161 propheta
1828 3090 2017 3145 eadem

428 3189 612 3244 verbis
642 3187 874 3244 diversis
897 3188 1201 3257 praedicens
1227 3189 1309 3246 sic
1334 3187 1479 3249 fatur
1509 3201 1523 3238 :
1551 3183 1934 3240 Orieturstella
1955 3199 2020 3237 ea:
2046 3218 2087 3277 ο

427 3279 595 3335 Jacob
619 3288 666 3335 et
694 3280 795 3349 ﬂos
830 3296 858 3335 ε
891 3281 1252 3357 radice,Jesse
1281 3280 1544 3343 ascendet,
1578 3288 1626 3333 et
1655 3278 1711 3331 in
1739 3275 2014 3330 brachium

425 3371 544 3440 ejus
574 3382 754 3442 gentes
776 3374 1061 3442 sperabunt
1088 3374 1159 3427 "°.
1189 3369 1358 3429 Stella
1393 3386 1530 3427 sane
1585 3369 1766 3425 lucida
1819 3378 2014 3423 exorta

422 3474 528 3530 est,
564 3474 618 3521 et
645 3464 745 3523 llos
795 3464 1104 3522 ascendite
1134 3465 1321 3521 radice
1381 3462 1559 3527 Iesse,
1597 3462 1687 3517 bic
1735 3459 2012 3531 Christus.

421 3558 561 3614 Nam
587 3574 655 3615 ex
685 3560 909 3630 Virgine
964 3557 1193 3616 seminis
1240 3554 1456 3623 Jacobi,
1512 3555 1602 3625 qui
1658 3553 1813 3609 .ludaa
1859 3560 2014 3621 pater

420 3655 634 3711 exstitit
664 3653 880 3727 (Judam
907 3661 1092 3710 autem
1119 3649 1425 3708 Judaiorum
1450 3659 1662 3720 patrem
1689 3662 1811 3704 esse
1826 3655 2013 3703 osten-

422 3750 624 3819 dimus)
657 3763 755 3818 per
778 3747 1039 3814 virtutem
1070 3743 1168 3801 Dei
1194 3744 1413 3815 genitus
1444 3751 1547 3797 est.
1576 3742 1657 3796 Ac
1688 3739 1844 3803 Iesse
1889 3738 2013 3813 qni—

421 3842 545 3896 dem
581 3834 819 3911 proavus
844 3827 1049 3894 Christi
1073 3824 1374 3893 secundum
1405 3833 1688 3890 oraculum
1740 3832 1872 3899 fuit;
1920 3831 2013 3887 Ja-

420 3933 544 3989 cobi
569 3941 748 3987 autem
780 3941 834 3986 et
860 3930 1014 3986 Judae
1044 3928 1187 3985 ﬁlius
1207 3928 1507 3985 secundum
1538 3925 1763 3994 generis
1789 3938 2011 3979 succes-

421 4025 655 4080 sionem.

2131 1999 2273 2050 ματι
2301 1982 2647 2053 σταφυλῆς,
2698 1986 3127 2056 προαγγελτικδν
3163 1983 3230 2059 ἦν
3272 1989 3368 2042 τοῦ
3416 1991 3630 2056 πάθους
3658 1988 3710 2047 οὗ

2126 2074 2356 2144 πάσχειν
2387 2074 2601 2145 ἔμελλε,
2633 2075 2701 2128 δι’
2730 2077 2959 2147 αἵματος
2989 2078 3264 2150 καθαίρων
3285 2082 3417 2145 τοὺς
3438 2083 3711 2135 πιστεύον-

2122 2182 2220 2230 τας
2245 2166 2409 2237 αὐτῷ.
2451 2166 2514 2219 Ἠ
2545 2166 2653 2239 γὰρ
2680 2168 2989 2241 κεκλημένη
3023 2169 3125 2223 ὑπὸ
3161 2170 3254 2224 τοῦ
3279 2171 3428 2225 θείου
3462 2174 3710 2244 Πνεύμα-

2122 2273 2214 2319 τος
2265 2256 2354 2309 διὰ
2401 2257 2495 2309 τοῦ
2548 2259 2829 2330 προφήτου
2873 2260 3053 2333 στολὴ,
3089 2263 3136 2314 οἱ
3177 2264 3537 2329 πιστεύοντες
3570 2266 3709 2335 αὐτῷ

2124 2351 2265 2403 είσιν
2299 2350 2600 2423 ἂνθρωποι,
2633 2353 2691 2406 ὲν
2712 2345 2794 2416 οἷς
2821 2355 2961 2406 οἰκεῖ
2986 2355 3045 2407 τὸ
3070 2355 3218 2427 παρά
3244 2356 3339 2410 τοῦ
3372 2357 3519 2411 Θεοῦ
3547 2359 3708 2430 erip-

2126 2460 2222 2513 μα,
2254 2443 2283 2495 ὁ
2304 2443 2474 2511 Λόγος
2506 2442 2639 2514 (74).
2681 2444 2753 2497 Τὸ
2782 2446 2839 2499 δὲ
2888 2447 3173 2519 εἰρημένον
3204 2444 3341 2520 αἷμα
3366 2451 3473 2521 τῆς
3514 2469 3708 2520 σταφυ-

2123 2535 2222 2605 λῆς
2248 2537 2581 2607 σημαντικὸν
2603 2539 2697 2592 τοῦ
2724 2538 2866 2609 ἔχειν
2899 2539 2995 2610 μὲν
3028 2538 3163 2611 αἷμα
3184 2541 3275 2594 τὸν
3305 2544 3703 2613 φανησόμενον,

2122 2628 2238 2683 ἀλλ’
2265 2629 2364 2683 ούκ
2414 2629 2474 2695 ἐξ
2529 2630 2866 2703 ἀνθρωπείου
2914 2632 3243 2705 σπέρματος,
3294 2634 3414 2688 ἀλλ’
3444 2638 3517 2689 ἐκ
3565 2636 3707 2700 θείας

2122 2721 2423 2793 δυνάμεως.
2468 2722 2532 2775 Ἡ
2555 2722 2612 2776 δὲ
2652 2723 2844 2796 πρώτη
2893 2722 3119 2796 δύναμις
3144 2726 3257 2796 (75)
3301 2728 3445 2797 μετά
3483 2729 3579 2782 τὸν
3604 2731 3706 2782 [ια-

2112 2801 2253 2885 ’τέρα
2282 2814 2499 2868 πάντων
2535 2814 2628 2868 καὶ
2673 2814 2952 2888 Δεσπότην
2994 2817 3146 2881 Θεὸν,
3175 2818 3270 2871 καὶ
3300 2819 3451 2885 Υἱὸς,
3480 2823 3512 2875 ὁ
3538 2822 3700 2889 Λόγος

2122 2907 2267 2961 ἐστίν
2288 2925 2302 2938 ·
2350 2908 2409 2972 ὃς
2432 2908 2553 2961 τίνα
2585 2907 2784 2980 τρόπον
2826 2910 3251 2981 ισαρκοποιηθεὶς
3292 2910 3590 2985 ἄνθρωπος
3614 2914 3701 2980 γέ-

2122 3016 2309 3067 γονεν,
2340 3003 2396 3054 ὲν
2426 3002 2533 3064 τοῖς
2563 3000 2688 3071 ὲςῆς
2734 3000 2984 3074 ἐροῦμεν.
3024 3003 3121 3056 Ὃν
3147 3003 3346 3075 τρόπον
3371 3004 3485 3075 γὰρ
3516 3005 3579 3057 τὸ
3612 3005 3701 3073 τῆς

2122 3093 2370 3164 ἀμπέλου
2396 3087 2533 3165 αἷμα
2561 3094 2661 3147 ούκ
2691 3094 2975 3167 ἄνθρωπος
3012 3095 3329 3166 πεποίηκεν,
3355 3095 3474 3148 ἀλλ’
3497 3097 3529 3149 ὁ
3555 3096 3699 3161 Θεὸς,

2122 3183 2293 3247 οὕτως
2320 3184 2594 3238 καὶτοῦτο
2646 3184 2915 3258 ἐμηνύετο
2969 3185 3079 3257 (76)
3107 3185 3209 3240 οὐκ
3259 3185 3323 3250 ἐξ
3358 3186 3699 3259 ἀνθρωπείου

2123 3275 2436 3345 σπέρματος
2473 3275 2801 3347 γενήσεσθαι
2842 3275 2905 3328 τὸ
2950 3269 3109 3346 αἷμα,
3168 3274 3282 3329 ἀλλ’
3302 3277 3369 3328 ὲκ
3419 3276 3702 3350 δυνάμεως

2117 3365 2275 3430 Θεοῦ,
2306 3366 2382 3430 ὡς
2410 3366 2747 3439 προέφημεν,
2777 3367 2888 3421 Καὶ
2931 3366 3163 3430 Ἡσαΐας
3208 3367 3264 3420 δὲ
3305 3367 3467 3430 ἄλλος
3501 3371 3701 3440 προφή-

2118 3474 2216 3528 της
2247 3458 2314 3511 τὰ
2342 3458 2479 3511 αὐτὰ
2506 3458 2571 3512 δι’
2604 3458 2779 3515 ἄλλων
2830 3461 3042 3537 ῥήσεων
3097 3459 3479 3531 προφητεύων,
3531 3460 3699 3523 οὕτως

2118 3545 2300 3603 εἶπεν·
2346 3550 2643 3605 Ἀνατελεῐ
2682 3551 2909 3619 ἄστρον
2938 3552 3049 3620 (77η)
3092 3552 3162 3616 ἐξ
3205 3552 3431 3618 Ἰακὼϐ,
3464 3553 3571 3606 καί
3601 3554 3698 3607 ἇν-

2118 3647 2222 3710 θος
2247 3643 2612 3710 ἀναϐήσεται
2640 3644 2758 3702 ἀπὸ
2806 3643 2917 3713 τῆς
2955 3644 3124 3714 ῥίζης
3184 3645 3433 3699 Ἰεσσαί·
3468 3647 3573 3700 καὶ
3602 3648 3694 3700 ἐπὶ

2108 3737 2218 3790 τὸν
2242 3738 2544 3807 βραχίονα
2574 3736 2759 3791 αὐτοῦ
2800 3738 2945 3804 ἔθνη
2985 3737 3323 3792 ἐλπιοῦσιν.
3378 3739 3621 3810 ’Δστρον
3644 3740 3695 3792 δὲ

2111 3829 2369 3899 φωτεινὸν
2417 3829 2677 3892 ἀνέτειλε,
2726 3830 2821 3884 καὶ
2876 3830 3036 3895 ἄνθος
3063 3830 3228 3902 ἀνέϐη
3272 3830 3380 3885 ἀπὸ
3409 3832 3514 3901 τῆς
3544 3832 3695 3903 ῥίζης

2124 3922 2339 3987 Ἰεσσαὶ,
2373 3917 2526 3985 οὗτος
2565 3924 2594 3975 ὁ
2642 3922 2893 3994 Χριστός.
2945 3921 3045 3976 Διά
3102 3922 3211 3993 γὰρ
3264 3922 3546 3994 παρθένου
3593 3924 3688 3992 τῆς

2108 4014 2217 4067 ἀπὸ
2256 4013 2351 4067 τοῦ
2421 4015 2731 4086 σπέρματος
2794 4014 3016 4078 Ἰακὼϐ,
3072 4014 3166 4067 τοῦ
3225 4013 3525 4085 γενομένου
3586 4032 3691 4067 πει-

418 4117 548 4190 τρὸς
597 4115 799 4180 Ἰούδα,
848 4115 941 4169 τοῦ
1002 4113 1369 4185 δεδηλωμένον
1422 4108 1689 4164 Ἰουδαίων
1736 4107 1978 4180 πατρὸς,
2028 4106 2117 4161 διὰ
2178 4109 2461 4181 δυνάμεως
2510 4108 2645 4162 Θεοῦ
2693 4108 3014 4181 ἀπεκυήθη·
3075 4110 3171 4163 καὶ
3236 4109 3435 4163 Ἰεσσαὶ
3478 4108 3692 4181 προπά-

416 4227 534 4281 τωρ
600 4210 698 4282 μὶν
768 4209 909 4267 κατά
967 4209 1028 4262 τὸ
1093 4208 1271 4277 λόγιον
1320 4206 1665 4277 γεγένηται·
1716 4203 1812 4259 τοῦ
1872 4203 1931 4257 δὲ
1996 4203 2190 4257 Ἰακὼὸ
2257 4205 2355 4259 καὶ
2412 4203 2506 4258 τοῦ
2586 4204 2753 4265 Ἰούδα
2817 4203 2958 4259 κατά
3021 4204 3211 4275 γένους
3266 4203 3522 4276 διαδοχὴν
3578 4204 3689 4266 υἱὸς

418 4302 686 4360 ὑπῆογεν.

607 4321 686 4360 εν.

456 4321 735 4455 Jam
769 4413 902 4456 vero
932 4398 1384 4470 quemadmodum
1404 4412 1469 4451 ex
1493 4395 1705 4468 virgine
1728 4395 1999 4451 oriturum

416 4494 699 4566 conceptis
723 4496 908 4552 verbis
934 4495 1105 4551 Isaias
1128 4492 1464 4566 praedixerit,
1494 4491 1704 4548 audite.
1760 4489 1856 4547 Sic
1887 4504 1991 4545 au-

511 4658 560 4692 ”
598 4659 705 4715 Isa.
745 4667 902 4728 x1,1.

492 4801 603 4889 (75)
629 4805 787 4889 ῌρὸς
812 4806 1108 4889 ἄμπελον.
1147 4807 1309 4889 Hunc
1333 4807 1543 4879 pullum
1564 4806 1639 4889 ad
1663 4806 1827 4888 vitem
1885 4804 2010 4889 alli-
2043 4833 2088 4889 Ι)

419 4881 603 4949 gatuin
638 4873 811 4949 fuisse
836 4873 938 4949 nec
963 4873 1734 4949 Evangelistm'narrant,inec
1766 4876 1883 4945 ipse
1910 4874 2011 4949 Ju-

418 4942 597 5017 stinus
632 4946 695 5017 in;
718 4945 944 5017 Dialogo
973 4964 1031 5003 ιι.
1058 4942 1148 5017 75',
1186 4949 1275 5003 ubi
1308 4950 1450 5003 hanc
1476 4942 1818 5017 prophetiam
1874 4946 2008 5001 ube-

418 5012 533 5066 rius
556 5014 816 5082 explicat.

490 5084 604 5151 (74)
630 5084 699 5159 Τὸ
717 5086 883 5159 ’παρὰ
900 5088 1019 5159 Ατοῦ
1046 5089 1193 5144 Θεοῦ
1224 5088 1479 5159 σπέρμα,
1499 5090 1535 5142 ό
1562 5087 1770 5157 Λόγος.
1798 5085 2009 5159 Legsn:

417 5152 545 5229 dum
567 5152 847 5210 existimat
885 5157 1196 5214 Grabiusrb
1221 5152 1594 5229 maritimtum
1619 5152 1744 5229 quia
1780 5152 2011 5226 Spiritui

416 5224 616 5279 melius
650 5228 927 5291 convenit,
981 5236 1040 5282 ut
1078 5231 1130 5283 in
1163 5224 1419 5284 lidelihns
1465 5224 1683 5282 dicatur
1720 5224 2004 5292 habitare;

417 5304 535 5350 tum
557 5295 683 5369 quia
712 5311 817 5369 non
837 5299 1007 5353 multo
1038 5308 1180 5369 post,
1206 5314 1401 5368 nempe
1425 5316 1479 5369 ιι.
1507 5299 1602 5363 55,
1638 5298 1875 5353 Verbum
1903 5310 2004 5351 νο·-

415 5375 580 5440 catur
628 5367 896 5440 Spiritus.
952 5367 1081 5424 Scio
1126 5367 1398 5440 equidem
1438 5367 1621 5424 Verbo
1670 5369 1944 5440 interdum
1973 5382 2003 5420 a

414 5433 639 5492 Justino
665 5433 906 5506 Spiritus
938 5455 1135 5495 nomen
1176 5433 1434 5505 attribui;
1487 5448 1545 5493 at
1588 5440 1695 5492 hoc
1744 5439 1865 5492 loco
1899 5451 2008 5489 non

417 5506 764 5577 incommode
814 5519 1044 5563 vocatur
1082 5525 1292 5564 semen.
1324 5509 1417 5563 Sic
1459 5510 1513 5564 in
1548 5508 1700 5577 Apol.
1750 5509 1811 5577 ξ,
1844 5523 1898 5577 ιι.
1928 5507 1960 5557 6
1994 5521 2007 5556 :

420 5575 703 5659 'Epcpu_mv
727 5579 889 5659 παντὶ
920 5580 1066 5649 γένει
1104 5578 1406 5659 ἀνθρώ-πων
1447 5575 1669 5659 σπέρμα
1689 5576 1782 5630 τοῦ
1816 5576 2008 5644 Λόγου,

419 5658 474 5699 ct
504 5651 661 5722 rb];
692 5649 831 5722 κατά
869 5649 1245 5722 σπερματικοῦ
1270 5649 1652 5722 Δόγουᾼμέρος.

493 5718 607 5788 (75)
647 5718 807 5773 Ἡδὲ
856 5714 1055 5789 πρῶτὴ
1105 5714 1380 5789 δύναμις.
1433 5714 1586 5785 Quod
1643 5718 1720 5772 ait
1763 5714 2007 5789 Justinus

419 5784 662 5843 Verbum
687 5803 808 5845 esse
843 5784 1099 5844 virtutem
1133 5784 1306 5854 illam,
1337 5784 1473 5858 quae
1491 5788 1837 5844 obumbravit
1870 5784 2003 5858 Vir-

419 5858 561 5927 gini;
596 5859 854 5931 quodque
876 5860 1005 5917 illud
1040 5877 1193 5918 num.
1242 5856 1492 5930 sequenti
1530 5869 1686 5916 vocat
1737 5856 2001 5930 Spiritum

2178 4398 2265 4451 55.
2304 4398 2414 4450 Καὶ
2472 4396 2636 4450 πάλιν
2690 4396 2767 4460 ὡς
2813 4395 3088 4461 αὑτολεξεὶ
3136 4394 3227 4449 διά
3282 4394 3561 4466 παρθένου
3596 4396 3687 4468 μὲν

2108 4489 2503 4561 τεχθησόμενος
2532 4489 2619 4543 διὰ
2675 4487 2768 4542 τοῦ
2814 4489 3032 4547 Ἡσαΐου
3074 4488 3482 4562 προεφητεύθη,
3534 4488 3688 4543 ἀκούφ

2118 4811 2388 4863 sanctum,
2421 4800 2472 4854 id
2505 4813 2701 4854 novum
2733 4797 2902 4854 videri
2932 4813 3039 4853 non
3068 4797 3248 4863 debet,
3278 4798 3375 4853 sed
3430 4800 3685 4856 usitatum

2116 4874 2218 4928 fuit
2242 4872 2384 4940 apud
2412 4880 2632 4925 sanctos
2662 4869 2854 4924 Patres
2887 4878 3013 4923 ante
3043 4879 3099 4923 et
3128 4878 3270 4940 ροειΔ
3295 4867 3603 4935 Justinum,
3636 4881 3688 4924 ut

2117 4937 2365 5013 pluribus
2390 4942 2729 5013 demonstrat
2760 4940 3108 4995 doctissimus
3132 4937 3194 4994 S.
3232 4937 3427 4993 Hilarii
3453 4941 3682 5011 Operam

2112 5010 2309 5075 editor,
2340 5012 2555 5065 Prael'al.
2582 5027 2638 5063 n.
2666 5010 2721 5065 2.

2183 5084 2295 5154 (76)
2327 5083 2505 5136 Τοῦτο
2522 5080 2830 5154 ἐμηνύετο).
2853 5080 3007 5150 Legit
3025 5081 3214 5154 τούτου
3244 5079 3550 5154 Tbirlbius,
3577 5097 3690 5151 quae

2112 5151 2332 5224 quidem
2364 5154 2675 5233 emendatio
2718 5152 2850 5205 satis
2891 5162 3016 5220 apta
3056 5152 3291 5215 videtur,
3340 5152 3439 5206 sed
3472 5151 3687 5207 minime

2113 5238 2441 5280 110688521³ιὲ.

2185 5294 2298 5365 (77)
2342 5290 2650 5365 ξΑνατελεῖ
2692 5290 2935 5365 ἄστρον.
2996 5291 3261 5365 Observat
3313 5290 3556 5365 Grabius
3592 5292 3689 5347 hoc

2110 5362 2353 5419 Balaami
2381 5362 2690 5427 oraculum,
2744 5364 2962 5415 Orietur
2998 5362 3151 5415 stella
3199 5376 3268 5415 ea:
3310 5362 3507 5425 Iacob,
3552 5366 3683 5430 apud

2119 5437 2381 5491 Irenaeum
2402 5432 2559 5487 citari
2584 5432 2677 5488 lib.
2710 5447 2793 5496 ιιι,
2820 5447 2870 5486 c.
2897 5433 2954 5497 9,
2976 5441 3027 5486 et
3052 5430 3205 5485 Isaiae
3228 5431 3281 5484 in
3301 5433 3685 5497 antiquissimo

2122 5504 2299 5561 Vossii
2331 5503 2517 5557 codice
2555 5502 2817 5569 attribui,
2873 5512 2934 5556 ut
2988 5502 3164 5557 eidem
3225 5502 3513 5572 propheta:
3541 5518 3571 5555 ιι
3597 5500 3685 5554 Ju-

2118 5577 2264 5630 stino
2290 5573 2567 5627 tribuitur.
2592 5572 2707 5641 Sed
2729 5572 2844 5626 hmc
2869 5572 3011 5627 ratio
3032 5586 3137 5641 non
3170 5569 3255 5626 me
3280 5569 3533 5627 deterret
3557 5586 3681 5641 quo-

2119 5648 2299 5699 minus
2326 5644 2543 5698 credam
2575 5640 2877 5707 Iustinum,
2905 5642 3031 5696 dum
3064 5640 3407 5711 Scripturam
3435 5640 3683 5697 memori-

2118 5729 2199 5769 ter
2225 5716 2378 5778 citat,
2407 5726 2474 5768 ex
2504 5715 2714 5770 duobus
2730 5712 2988 5782 oraculis,
3010 5709 3230 5767 Balaam
3252 5718 3307 5767 et
3330 5709 3512 5780 Isaiae,
3531 5728 3680 5771 unum

2114 5786 2325 5844 iecisse.
