3764 6462
84 382 223 440 381
1227 382 1574 446 ΑΡΟΕΟΟῙΑ
1611 389 1633 445 Ι
1670 386 1807 447 PRO
1846 387 2313 449 CHRISTIANIS.
3306 391 3417 452 582

88 522 293 562 σατε,
344 494 647 579 Ἑλέχθηδὲ
679 506 853 571 οὕτως
873 524 887 538 ·
935 506 1079 562 Ἰδοὺ
1107 507 1161 576 ’ἠ
1195 509 1490 577 παρθένος
1518 508 1588 562 ἐν
1630 528 1668 579 τ

1864 525 1947 566 em
1984 510 2198 565 loculus
2244 514 2328 563 est
2361 522 2375 559 :
2411 504 2548 561 Ecce
2602 504 2765 576 Virgo
2810 506 2868 561 in
2898 516 3046 562 utero
3098 509 3330 577 habebit,
3363 520 3415 566 et

80 598 274 666 στρὶ
307 599 458 664 ἔξει,
494 601 591 653 καὶ
626 600 857 665 τέξεται
887 601 1019 653 υἱόν
1039 616 1052 629 ’
1116 600 1212 654 καὶ
1246 600 1494 667 ἐροῦσιν
1524 600 1625 653 ἐπὶ
1652 620 1668 654 ι

1867 603 2001 656 ariet
2031 603 2224 671 ﬁlium,
2257 607 2311 653 et
2328 599 2500 654 dicent
2525 615 2683 668 super
2705 600 2913 654 nomine
2933 600 3048 670 ejus
3069 616 3089 656 :
3116 601 3411 657 Nobiscum

79 688 385 761 ὀνόματι
446 692 653 756 αὐτοῦ,
695 693 835 746 Μεθ’
885 690 1056 760 ἡμῶν
1112 694 1145 745 ὀ
1196 692 1356 757 Θεός.
1418 693 1485 745 Ἀ
1522 689 1668 761 γὰρὲ

1864 694 2048 747 Deus“.
2100 692 2235 759 Quae
2265 690 2410 746 enim
2450 688 2793 745 incredibilia
2846 698 3005 744 erant
3044 698 3099 744 et
3134 690 3254 745 ﬁeri
3300 705 3408 745 non

79 784 340 838 ἄπιστα
376 786 471 838 καὶ
503 784 740 839 ἀδύνατα
771 784 1101 855 νομιζόμενα
1155 785 1307 856 παρὰ
1359 788 1473 848 τοῖς
1514 785 1668 856 ὰνθρι

1865 800 1990 841 osse
2020 785 2336 840 hominibus
2360 783 2707 847 videbantur,
2734 796 2797 836 ea
2834 783 2976 837 Deus
2997 798 3092 851 per
3146 780 3409 851 Spiritum

79 891 253 939 me;
287 876 644 948 γενήσεσθαι,
703 876 875 929 ταῦτα
904 879 931 929 ὁ
964 876 1096 940 Θεὸς
1125 878 1470 947 προεμήνυσε
1512 876 1599 929 διὰ
1630 894 1668 928 τ‹

1869 877 2209 947 ropheticum
2241 874 2424 929 futura
2478 872 2883 943 pramuntiavit,
2919 883 2978 927 ut
3022 887 3144 926 cum
3196 874 3411 929 evenis-

78 967 480 1038 προφητικοῦ
515 967 835 1037 Πνεύματος
878 966 1092 1038 μέλλειν
1143 966 1410 1034 γίνεσθαι,
1470 968 1561 1033 ἵν’,
1596 969 1668 1021 ὅτε

1864 976 1973 1033 ent,
2003 967 2137 1023 ﬁdes
2157 967 2236 1022 eis
2270 980 2375 1021 non
2405 965 2781 1035 derogaretur,
2813 964 2906 1019 sed
2943 978 3009 1019 ex
3033 979 3099 1019 eo
3148 964 3291 1034 quod
3320 980 3410 1019 es-

78 1056 383 1128 γένηται,
425 1058 499 1130 μὴ
530 1058 827 1129 ἀπιπηθῇ,
871 1058 984 1110 ἀλλ’
1017 1059 1083 1111 ὲκ
1110 1058 1205 1111 τοῦ
1240 1058 1598 1130 προειρῆσθαι
1632 1078 1668 1113 π

1864 1073 1946 1116 ent
1983 1063 2265 1132 praedicta,
2293 1060 2672 1115 crederentur.
2700 1058 2778 1113 Ne
2805 1058 2899 1128 qui
2931 1068 3108 1113 autem
3137 1057 3405 1127 prolatam

82 1147 357 1239 στευθῇ.
399 1150 587 1213 Ὅπως
612 1149 669 1202 δέ
698 1166 841 1213 τινες
874 1148 986 1219 (78)
1018 1150 1092 1223 μὴ
1122 1151 1415 1222 νοήσαντες
1446 1151 1544 1223 τὴν
1575 1151 1668 1239 δεδι

1864 1154 2165 1225 rophetiam
2197 1154 2381 1209 minus
2410 1152 2802 1223 intelligentes,
2834 1152 3025 1207 eadem
3066 1154 3222 1207 nobis
3268 1150 3407 1221 obji-

76 1236 387 1311 λωμὲνην
434 1242 790 1313 προφητείαν,
836 1240 1204 1309 ἐγκαλέσωσιν
1250 1243 1385 1313 ήμῖν
1435 1242 1579 1314 ἆπερ
1611 1236 1668 1296 ἐν

1864 1250 1995 1309 lant,
2026 1260 2145 1314 qua:
2164 1244 2362 1315 poetis,
2393 1242 2582 1298 Jovem
2614 1242 2924 1298 dicentibus
2942 1243 3009 1298 ad
3037 1242 3294 1297 mulieres
3325 1241 3405 1297 rei

77 1332 447 1404 κὰλέσαμεν
473 1336 588 1396 τοῖς
641 1335 893 1404 ποιηταῖς
923 1333 1166 1386 εἰποῦσιν
1198 1333 1523 1405 ἀφροδισίων
1564 1335 1668 1405 χάρ

1864 1350 2071 1391 euereae
2100 1350 2269 1390 causa
2302 1334 2629 1399 ventitasse,
2651 1334 2989 1404 obiecimus;
3022 1333 3189 1389 verba
3215 1333 3405 1404 expla-

78 1423 452 1494 ἐληλυθέναι
503 1427 595 1478 ἐπὶ
641 1428 904 1494 γυναῖκας
934 1426 1025 1479 τὸν
1054 1426 1151 1478 Δία
1171 1466 1185 1489 ,
1232 1426 1567 1498 διασαφῆσαι
1595 1427 1668 1479 τοὶ

1864 1443 1955 1482 are
1986 1438 2275 1483 lentemus.
2314 1426 2447 1482 Illud
2486 1428 2651 1498 igitur
2695 1447 2710 1483 :
2744 1427 2878 1481 Ecce
2938 1425 3095 1497 Virgo
3145 1428 3200 1482 in
3251 1438 3404 1481 utero

79 1516 318 1584 λόγους
347 1516 764 1587 πειρασώμεθα.
798 1517 872 1571 Τὸ
898 1512 990 1571 οὖν
1012 1557 1025 1581 ,
1071 1516 1214 1572 Ἰδοὺ
1254 1518 1293 1586 ἡ
1327 1517 1668 1586 παρθένοςέ

1864 1520 2050 1587 ubebit,
2083 1519 2357 1590 significat
2390 1519 2599 1588 absque
2643 1519 2935 1573 concubitu
2987 1527 3398 1588 concepturam.

78 1608 344 1677 γαστρὶ
368 1609 513 1674 ἔξει,
550 1610 803 1681 σημαίνει
832 1610 891 1663 ού
942 1610 1417 1664 συνουσωσθεῖσαν
1449 1610 1547 1683 τὴν
1575 1627 1668 1682 παι

1868 1626 1953 1665 am
1978 1616 2025 1666 si
2054 1626 2177 1665 cum
2240 1611 2422 1680 aliquo
2486 1612 2881 1677 consuevisset,
2929 1626 3037 1666 non
3089 1610 3202 1681 jam
3257 1620 3404 1667 esset

82 1700 279 1754 θένον
315 1702 623 1756 ωλλαὸεῖν.
648 1704 734 1771 ,Εί
767 1702 876 1773 γὰρ
905 1701 1296 1774 ὲσυνουσιάσθη
1329 1703 1435 1756 ὑπὸ
1470 1702 1668 1757 ὁτουοῦε

1864 1704 1994 1773 irgo.
2017 1702 2125 1758 Sed
2146 1702 2320 1757 virtus
2336 1702 2427 1758 Dei
2445 1703 2841 1772 superveniens
2862 1702 3074 1774 Virgini
3101 1702 3400 1757 obumbra-

78 1794 209 1847 οὐκ
244 1794 337 1847 ἔτι
366 1791 437 1867 ἦν
467 1794 735 1867 παρθένος
756 1812 770 1825 ·
812 1794 945 1849 ἀλλὰ
971 1794 1200 1866 δύναμις
1226 1794 1383 1861 Θεοῦ,
1414 1794 1668 1848 ὲπελθοῦσ

1864 1796 1898 1851 it
1925 1810 2068 1860 eam,
2100 1795 2342 1865 fecitque
2367 1804 2427 1850 ut
2466 1807 2603 1860 tum,
2652 1811 2778 1851 cum
2818 1806 2967 1851 esset
3014 1797 3207 1867 Virgo,
3259 1811 3401 1867 pra:-

79 1888 164 1956 τῇ
226 1887 528 1959 Παρθένῳ,
588 1888 910 1941 ἐπεσκίασεν
974 1888 1174 1959 αὐτὴν,
1224 1887 1319 1941 καὶ
1372 1887 1668 1959 κυοφορῆσε

1864 1898 2030 1945 maret.
2063 1889 2133 1944 Et
2162 1890 2254 1960 qui
2290 1900 2424 1945 tunc
2450 1891 2519 1944 ad
2546 1890 2717 1960 ipsam
2743 1890 3026 1960 Virginem
3062 1891 3268 1944 missus
3315 1897 3401 1943 est

80 1978 402 2050 παρθένον
432 1974 597 2032 οὖσαν
628 1980 913 2052 πεποίηκε.
964 1980 1076 2033 Καὶ
1102 1982 1130 2033 ὁ
1159 1977 1482 2041 ἀποσταλεὶς
1499 1977 1555 2031 δὲ
1574 1978 1668 2050 πρί

1866 1982 2056 2054 ngelus
2099 1982 2220 2050 Dei,
2254 1984 2335 2039 sic
2378 1984 2558 2038 laetum
2607 1983 2659 2038 ei
2707 1983 2961 2037 nuntium
3003 1982 3183 2037 attulit
3217 2000 3233 2038 :
3264 1980 3401 2037 Ecce

78 2072 293 2144 αὐτὴν
326 2072 431 2144 τὴν
461 2072 726 2144 παρθένον
754 2073 874 2125 κατ’
906 2073 1083 2125 ἐκεῖνο
1108 2070 1203 2125 τοῦ
1258 2070 1452 2143 καιροῦ
1481 2071 1668 2140 ἄγγελε

1864 2073 2069 2141 incipies
2101 2073 2157 2126 in
2187 2080 2335 2127 utero
2356 2090 2421 2127 ea:
2443 2070 2651 2142 Spiritu
2681 2083 2885 2137 sancto,
2915 2081 2965 2127 et
2986 2076 3161 2143 paries
3202 2074 3393 2144 ﬁlium,

80 2162 276 2230 Θεοῦ,
313 2162 708 2234 εὐηγγελίσατο
738 2163 907 2234 αὐτὴν
963 2162 1132 2217 εἰπών
1154 2180 1168 2194 ο
1215 2163 1359 2218 Ἰδοὺ
1416 2164 1668 2233 orva

1884 2163 2061 2219 Filius
2090 2164 2351 2219 Altissimi
2380 2165 2656 2218 vocabitur
2678 2179 2697 2216 :
2721 2174 2770 2219 et
2803 2165 3013 2219 vocabis
3044 2182 3233 2219 nomen
3282 2166 3395 2235 ejus

79 2255 167 2308 ἐν
201 2256 438 2324 γαστρί
459 2256 529 2310 ἐκ
555 2258 899 2326 Πνεύματος
926 2256 1119 2326 ἁγίου,
1140 2256 1240 2309 καὶ
1266 2255 1408 2325 τέξῃ
1436 2256 1590 2321 υἱὸν,
1612 2256 1713 2311 καὶ

92 2350 261 2414 Υἱὸς
333 2349 631 2417 ’Υψίστου
669 2347 1059 2417 ικληθήσεται
1080 2366 1094 2379 ·
1146 2348 1245 2402 καὶ
1305 2347 1586 2415 καλέσεις
1640 2348 1711 2403 τὸ

82 2441 311 2510 ὄνομα
383 2443 569 2496 αὐτοῦ
623 2442 859 2511 Ἰησοῦν
892 2459 906 2472 ·
959 2441 1144 2508 αὐτὸς
1199 2442 1311 2511 γὰρ
1367 2440 1554 2496 σώσει
1601 2441 1711 2495 τὸν

82 2534 274 2587 λαὸν
316 2534 510 2588 αὐτοῦ
558 2534 676 2589 ἀπὸ
722 2533 842 2588 τῶν
897 2533 1197 2604 αμαρτιῶν
1240 2533 1473 2588 αὐτῶν’
1535 2533 1611 2597 ὡς
1657 2534 1707 2587 οἱ

81 2625 713 2697 ἀπομνημονεύσαντες
782 2626 961 2679 πάντα
1007 2625 1077 2679 τὰ
1131 2627 1260 2699 περὶ
1308 2626 1403 2679 τοῦ
1454 2624 1709 2695 Σωτῆρος

80 2717 275 2788 ἡμῶν
307 2717 491 2789 Ἰησοῦ
544 2717 779 2790 Χριστοῦ
820 2716 1095 2784 ἐδίδαξανσ
1137 2714 1219 2782 οἷς
1265 2716 1664 2788 ἐπιστεύσαμεν
1688 2733 1703 2747 ο

1809 2257 2015 2313 Iesum.
2043 2257 2187 2328 ,Ipse
2241 2261 2380 2315 enim
2431 2260 2634 2314 salvum
2684 2259 2843 2328 faciet
2885 2259 3136 2327 pOpulum
3179 2276 3333 2313 suum
3363 2277 3395 2311 a

1808 2352 2035 2422 peccatis
2060 2368 2243 2407 eorum
2262 2354 2309 2383 “
2331 2353 2785 2422 quemadmodum
2810 2353 3131 2416 docuerunt,
3161 2353 3250 2422 qui
3277 2367 3394 2407 om-

1810 2446 1900 2501 nia
1930 2447 1997 2501 ad
2032 2445 2376 2503 Salvatorem
2405 2455 2658 2502 nostrum
2688 2445 2873 2502 Jesum
2903 2446 3185 2503 Christum
3214 2447 3392 2517 perli-

1806 2539 1992 2594 nentia
2020 2538 2220 2593 litteris
2245 2538 2605 2605 mandarunt;
2628 2539 2826 2609 quibus
2848 2538 3067 2608 quidem
3092 2535 3391 2595 credimus,

1806 2634 1934 2705 quia
1964 2648 2063 2703 per
2090 2648 2214 2689 eum
2238 2633 2429 2699 etiam,
2456 2647 2618 2703 quem
2637 2633 2750 2703 jam
2775 2632 3036 2697 diximus,
3053 2630 3251 2686 lsaiam
3271 2626 3390 2697 Spi-

1807 2728 1951 2781 ritus
1983 2725 2339 2796 propheticus
2370 2724 2520 2779 illum
2556 2725 2656 2787 ita.
2689 2726 2764 2778 uti
2805 2723 3180 2793 exposuimus,
3214 2719 3394 2776 nasci-

84 2812 303 2882 ἐπειδὴ
339 2813 437 2865 καὶ
465 2811 550 2865 διὰ
591 2812 813 2865 Ἡσαΐου
841 2811 935 2865 τοῦ
969 2809 1444 2882 προδεδηλωμένου
1476 2809 1538 2863 τὸ
1568 2826 1701 2880 προ-

84 2904 350 2975 φητικὸν
380 2904 602 2976 Πνεῦμα
628 2903 817 2959 τοῦτον
844 2903 1225 2975 γενησόμενον,
1261 2902 1337 2966 ὡς
1367 2902 1705 2974 προεμήνύο-

88 3016 209 3067 μεν
249 2998 393 3067 (79),
429 2997 553 3067 ἔφη.
584 2998 658 3051 Τὸ
685 2997 907 3068 Πνεῦμα
933 2992 1027 3051 οὖν
1067 2996 1162 3050 καὶ
1191 2995 1290 3067 τὴν
1328 2996 1557 3067 δύναμιν
1604 2993 1703 3065 τήν

84 3090 266 3162 παρὰ
293 3089 392 3142 τοῦ
427 3088 562 3142 Θεοῦ
590 3088 738 3142 οὐδὲν
770 3088 897 3142 ἄλλο
928 3090 1117 3159 νοῆσαι
1174 3087 1330 3158 θέμις
1352 3126 1367 3151 ,
1411 3087 1444 3158 ἦ
1484 3087 1574 3139 τὸν
1603 3086 1705 3138 Λό-

84 3200 229 3252 γον,
280 3183 348 3245 ὃς
374 3182 469 3235 καὶ⁵
491 3181 835 3253 πρωτότοκος
860 3180 939 3252 τῷ
969 3180 1088 3251 Θεῷ
1117 3182 1266 3245 ἐστι,
1296 3178 1502 3249 Μωσῆς
1532 3178 1644 3249 (80)
1672 3178 1703 3231 ὁ

1808 2826 1987 2871 turum
2022 2814 2180 2870 dixit.
2220 2815 2488 2885 Spiritum
2523 2815 2689 2885 igitur
2709 2823 2764 2870 et
2796 2814 3053 2868 virtutem
3075 2828 3197 2883 qua:
3222 2826 3253 2865 a
3280 2810 3393 2865 Deo

1804 2917 1909 2975 est,
1958 2908 2093 2964 nihil
2142 2907 2288 2962 aliud
2321 2906 2404 2961 fas
2448 2916 2535 2962 est
2566 2906 2894 2976 intelligere,
2927 2920 3090 2975 quam
3126 2904 3387 2970 Verbum,

1803 3000 1947 3070 quod
1975 3011 2029 3055 et
2062 3000 2171 3054 Deo
2202 2999 2627 3069 primogenitum
2658 3007 2762 3065 est,
2797 3006 2857 3051 ut
2880 2998 2949 3064 is,
2975 2995 3269 3067 quemjam
3299 2995 3387 3049 di-

1802 3092 2003 3158 ximus,
2030 3089 2243 3162 Moyses
2274 3090 2538 3161 propheta
2564 3087 2844 3143 iudicavit.
2866 3089 3046 3157 Atque
3082 3087 3173 3142 hic
3214 3085 3391 3157 Spiri-

1807 3195 1891 3239 tus
1920 3200 2046 3239 cum
2080 3185 2132 3238 iu
2178 3184 2460 3255 Virginem
2508 3183 2731 3253 illapsus
2769 3190 2931 3247 esset,
2986 3182 3146 3251 eique
3189 3180 3389 3235 obum-

88 3274 593 3348 προδεδηλωμένος
626 3275 911 3345 προφήτης
941 3273 1202 3345 ἐμήνυσε.
1246 3270 1357 3330 Καὶ
1397 3269 1577 3333 τοῦτο,
1614 3269 1668 3322 ὲλ

1864 3286 2042 3342 'asset,
2084 3276 2233 3332 illam
2263 3292 2372 3331 non
2390 3291 2458 3331 ex
2482 3275 2800 3341 concubitu,
2825 3276 2918 3331 sed
2937 3290 3003 3331 ex
3027 3275 3229 3329 virtute
3246 3286 3388 3342 prte-

88 3369 197 3421 θὸν
231 3368 331 3420 ἐπὶ
350 3367 451 3439 τήν
478 3365 754 3439 Παρθένον
784 3366 877 3418 καὶ
914 3366 1260 3431 ὲπισκιάσαν,
1305 3364 1365 3416 οὐ
1394 3362 1483 3418 διὰ
1512 3380 1701 3416 συνου-

90 3461 255 3523 σίας,
303 3457 446 3512 ἀλλὰ
486 3458 575 3512 διὰ
614 3458 895 3528 δυνάμεως
951 3458 1229 3529 ἐγκύμονα
1274 3456 1596 3526 κατέστησε.
1626 3456 1700 3508 Τὸ

88 3554 153 3606 δὲ
185 3551 409 3623 Ἰησοῦς
434 3552 603 3623 ὄνομα
624 3554 689 3622 τῇ
737 3550 977 3622 Ἐϐραΐδι
1006 3552 1157 3621 φωνῇ
1191 3548 1373 3620 σωτήρ
1406 3550 1472 3620 τῇ
1514 3547 1700 3618 Ἐλλη-

90 3646 212 3699 νὶδι
240 3645 512 3715 διαλέκτῳ
559 3643 728 3717 δηλοῖ.
769 3642 929 3697 Ὅθεν
959 3645 1055 3696 καὶ⁵
1085 3645 1113 3695 ὁ
1151 3640 1381 3710 ἄγγελος
1426 3639 1565 3711 πρὸς
1593 3638 1694 3710 τὴν

94 3736 389 3808 Παρθένον
402 3732 542 3801 εἷπε,
556 3736 652 3790 καὶ
665 3734 946 3801 καλέσεις
959 3734 1025 3787 τὸ
1038 3734 1224 3803 ὄνομα
1234 3731 1421 3787 αὐτοῦ
1432 3729 1694 3800 Ἰησοῦν·

93 3828 296 3896 αὐτὸς
322 3829 433 3899 τὰρ
462 3827 646 3884 σώσει
675 3828 784 3881 τὸν
812 3827 967 3882 λαὸν
1004 3826 1193 3880 αὐτοῦ
1221 3824 1339 3880 ἀπὸ
1370 3822 1489 3877 τῶν
1513 3826 1699 3893 duap-

94 3920 251 3974 τιῶν
288 3919 512 3974 αὐτῶν.
555 3922 675 3975 Ὅτι
722 3920 779 3974 δὲ
831 3918 1007 3973 οὐδενὶ
1033 3918 1178 3989 ἄλλῳ
1223 3913 1603 3987 θεοφοροῦνται
1647 3916 1698 3968 οἱ

98 4012 549 4084 προφητεύοντες
588 4014 638 4066 εί
674 4011 750 4084 μὴ
781 4009 926 4082 λόγῳ
954 4010 1083 4081 θείῳ
1115 4010 1251 4082 (8i),
1294 4009 1389 4063 καὶ
1417 4008 1594 4079 ὑμεῖς,
1620 4005 1697 4070 ὡς

98 4104 506 4176 ὑπολαμὸάνω,
540 4106 761 4177 φήσετε.

177 4197 271 4249 54.
316 4197 488 4251 Ὅπου
521 4195 579 4249 δὲ
612 4196 707 4249 καὶ⁵
738 4195 837 4266 τῆς
876 4195 981 4266 γῆς
1018 4194 1308 4264 γεννᾶσθαι
1345 4192 1590 4264 ἔμελλεν,
1620 4192 1696 4256 ὡς

100 4294 375 4361 προεῖπεν
402 4290 589 4362 ἕτερος
612 4290 896 4361 προφήτης
917 4290 946 4341 ὁ
967 4286 1229 4358 Μιχαίας,
1252 4286 1701 4356 ἀκούσατε.”Εφη

99 4386 159 4439 δὲ
211 4385 423 4449 οὕτως’
467 4384 575 4438 Καὶ
612 4383 715 4449 σὺ,
758 4381 1028 4451 Βηθλεὲμ
1064 4379 1140 4451 γῆ
1180 4379 1386 4445 Ἰούδα,
1429 4376 1703 4448 οὐδαμῶς

173 4553 220 4583 ⁷⁸
266 4550 378 4606 lsa.
409 4566 507 4617 vn,
540 4551 630 4606 l4.
704 4552 752 4584 "
792 4551 929 4610 Luc.
959 4567 1002 4619 t,
1030 4552 1088 4616 5,
1112 4549 1218 4615 32;
1260 4546 1449 4604 Matth.
1484 4561 1525 4615 ι,
1553 4546 1645 4602 21.

177 4723 528 4797 (Ἱὸὶβοπως
554 4723 621 4779 δέ
650 4742 826 4792 τινες.
858 4723 1173 4797 Legendum
1200 4731 1381 4778 mouet
1411 4720 1688 4777 Thirlbius
1723 4724 1765 4779 ι)

102 4794 253 4867 ὅπως
368 4797 441 4867 μή
473 4812 637 4858 τινες.

174 4812 253 4857 ως
279 4812 338 4848 οε
345 4812 441 4918 gn
473 4812 637 4858 τινες.

330 4866 433 4947 :_q
453 4865 923 4947 προεξηνύομεν.
950 4864 1191 4945 Clarom.
1237 4862 1683 4947 προσμηνύομεν.

177 4934 297 5006 (80)
322 4934 572 5003 Μωσῆς.
605 4934 779 4991 Nemo
808 4944 917 5006 est,
945 4935 1171 5006 quinon
1197 4934 1456 5006 advertat
1503 4934 1690 5001 legen-

107 5006 236 5062 dum
269 5004 411 5077 esse,
436 5005 513 5077 ὡς
542 5005 769 5077 Μωσῆς.
800 5004 906 5077 Sed
935 5004 1169 5060 Grabius
1224 5005 1392 5077 longe
1417 5006 1689 5077 diversam

104 5076 436 5130 emendandi
465 5072 745 5142 hujusloci
779 5076 1043 5129 rationem
1070 5072 1346 5141 sequitur:
1369 5072 1684 5145 Legendum

106 5149 251 5201 enim
281 5156 459 5216 putat,
516 5145 594 5210 ὡς
626 5146 872 5216 Ἡσαΐας,
896 5154 1057 5214 atque
1084 5159 1328 5216 errorem
1357 5146 1481 5216 inde
1509 5149 1687 5216 ortum

108 5224 265 5284 putat
282 5211 434 5286 'quod
453 5217 712 5281 scriptum
738 5215 929 5286 fuisset
950 5211 1234 5269 brevitatis
1257 5229 1423 5269 causa
1451 5214 1527 5276 ὡς
1567 5211 1686 5265 Ἦσ.

113 5289 255 5340 unde
288 5284 499 5340 factum
526 5286 754 5356 Μωσῆς.
798 5284 1034 5356 Necesse
1063 5293 1286 5356 non‘est
1318 5292 1688 5356 commentum

113 5356 351 5416 hominis
364 5356 564 5411 eruditi
593 5350 838 5425 pluribus
864 5354 1135 5409 refellere.
1178 5354 1373 5424 Liquet
1402 5354 1546 5409 enim
1593 5350 1688 5405 Ju-

112 5428 335 5491 slinum,
363 5428 456 5494 qui
488 5424 737 5481 hoc'loco
774 5425 1011 5479 Verbum
1071 5433 1199 5479 ante
1248 5424 1685 5494 incarnationem

110 5491 537 5565 primogenitum
590 5510 712 5550 esse
762 5496 941 5558 docet,
965 5494 1237 5565 “minime;
1257 5496 1565 5565 reSpexisse
1614 5491 1683 5545 ad

111 5566 258 5619 Isaite
287 5563 358 5619 de
376 5565 518 5621 Filio
558 5567 845 5621 incarnato
878 5573 932 5619 et
964 5563 1191 5632 Virgine
1214 5563 1379 5618 Deum
1436 5563 1683 5632 pariente

108 5636 353 5706 oracula.
382 5639 453 5691 At
473 5636 677 5706 Moysis
700 5634 1023 5706 auctoritate
1046 5633 1294 5691 Iustinus
1342 5635 1528 5706 utitur
1561 5633 1681 5687 dia-

110 5704 289 5775 lng.n.
320 5705 411 5771 50,
448 5717 507 5759 ut
542 5703 737 5774 probet
790 5705 1023 5775 Verbum
1062 5719 1182 5760 esse
1230 5703 1676 5775 primogenitum.

112 5772 218 5848 Qua
229 5791 286 5830 re
311 5792 419 5831 non
446 5772 609 5848 debet
637 5775 803 5848 lsaias
829 5776 881 5830 in
902 5773 1099 5848 Moysis
1116 5772 1293 5837 iocum
1313 5772 1669 5834 huc‘intrudi.

112 5842 239 5902 Vide
266 5848 412 5904 hunc
434 5844 648 5919 Dialogi
674 5845 874 5903 locum.
988 5842 1003 5848 ’
1624 5868 1627 5871 λ

1807 3380 2060 3441 gnantem
2084 3369 2284 3427 eﬂ‘ecit.
2315 3370 2472 3426 Jesus
2500 3382 2704 3437 autem,
2738 3368 3232 3439 llebraictelinguae
3285 3382 3387 3422 no—

1809 3482 1955 3531 men,
1986 3466 2128 3521 idem
2160 3474 2318 3519 sonat
2352 3464 2542 3519 Grazco
2569 3478 2820 3519 sermone
2848 3478 2911 3518 ac
2942 3462 3211 3517 Salvator.
3231 3460 3385 3518 Unde

1807 3558 2032 3629 angelus
2061 3557 2128 3612 ad
2151 3556 2415 3625 virginem
2468 3556 2607 3610 dixit
2638 3569 2650 3605 :
2682 3554 2751 3608 Et
2809 3555 3017 3610 vocabis
3066 3569 3251 3608 nomen
3291 3552 3386 3606 Je-

1804 3669 1953 3718 sum;
1983 3654 2091 3723 ipse
2122 3651 2259 3706 enim
2289 3652 2489 3706 salvum
2521 3651 2680 3722 faciet
2709 3650 2958 3720 populum
2975 3665 3130 3704 suum
3148 3664 3180 3700 a
3205 3663 3385 3716 pecca-

1802 3748 1870 3800 tis
1886 3763 2087 3801 eorum.
2115 3746 2486 3802 Vaticinantes
2508 3754 2690 3802 autem
2718 3745 2844 3799 dum
2864 3743 3126 3799 divinitus
3139 3740 3379 3799 ederun-

1805 3847 1913 3903 tur,
1941 3840 2088 3893 nulla
2139 3838 2244 3894 alia
2295 3855 2356 3894 re
2390 3839 2602 3903 ell'erri,
2650 3853 2812 3909 quam
2844 3838 3012 3892 verbo
3043 3835 3250 3902 divino,
3284 3848 3382 3890 vos

1801 3943 2039 4001 quoque,
2078 3932 2340 3999 arbitror,
2382 3932 2594 3989 dicetis.

1867 4182 1976 4257 65
2013 4184 2103 4240 34.
2150 4182 2250 4240 Ubi
2296 4192 2479 4238 autem
2527 4190 2796 4237 terrarum
2845 4180 3154 4237 nasciturus
3199 4190 3373 4247 esset,

1799 4280 2070 4351 quomodo
2103 4279 2242 4335 alius
2288 4279 2551 4349 propheta
2603 4277 2857 4332 Michaeas
2907 4275 3244 4345 prtedixerit,
3280 4290 3376 4329 au-

1803 4373 1934 4428 dite.
1960 4371 2052 4428 Sic
2098 4379 2277 4427 autem
2309 4371 2448 4425 dixit
2483 4390 2496 4424 :
2528 4368 2595 4423 Et
2622 4366 3166 4435 tu,Bethlebemterra
3190 4364 3374 4430 ludia,

1862 4717 1975 4788 (81)
2003 4717 2174 4785 Λόγῳ
2204 4714 2364 4788 θείῳ.
2402 4710 2758 4788 Nequaquam
2806 4709 2923 4788 h_:ec
2944 4712 3029 4788 de
3059 4709 3242 4788 Verbo
3276 4706 3371 4788 Dei

1793 4780 2031 4854 Filio,'ut
2056 4780 2445 4842 existimarunt
2472 4780 2795 4854 interpretes
2818 4781 3036 4854 Justini.
3053 4780 3370 4854 accipienda

1794 4850 1950 4926 sunt,
1970 4858 2065 4912 sed
2090 4857 2158 4926 de
2187 4853 2573 4926 eloquiishDei,
2612 4866 2732 4921 qum
2769 4851 3107 4926 inllaunnaut
3134 4850 3371 4926 prophe:

1794 4941 1898 4993 tas,
1927 4917 2081 4982 utde
2129 4917 2367 4994 Jnsepho
2418 4917 2746 4994 dictum—est
2786 4922 2845 4994 in
2892 4918 3102 4994 psalmo
3136 4917 3276 4994 cui;
3306 4917 3369 4972 τὸ

1791 4991 1971 5069 λόγιον
1995 4997 2089 5069 τοῦ
2118 4991 2323 5069 Κυρίου
2360 4992 2845 5069 έπύρωσενξιύτύν.
2879 4992 3196 5060 Quanquam
3238 4991 3369 5045 Ver-

1792 5063 1920 5125 bum
1957 5068 2166 5137 aspirat
2208 5063 2507 5137 prophetis
2529 5079 2625 5137 per
2651 5063 2916 5137 Spiritum
2940 5071 3224 5137 sanctuln;
3260 5077 3365 5137 non

1796 5150 1976 5194 tamen
2009 5130 2341 5206 quadrabat,
2368 5130 2729 5206 utJustinusl
2752 5133 2842 5206 qui
2880 5133 3100 5188 tertiam
3124 5130 3366 5206 Trinita-

1797 5212 1864 5265 tis
1890 5202 2187 5263 Personam
2222 5205 2499 5276 appellare
2519 5203 2655 5276 solet
2697 5203 2959 5276 Spiritum
2983 5202 3364 5276 propheticum

1789 5279 1873 5349 (ut
1900 5293 2049 5333 num.
2066 5277 2120 5343 6,
2146 5271 2279 5333 l5ei
2294 5271 2414 5349 35),
2434 5273 2728 5349 prophetas
2743 5271 2818 5327 ab
2838 5272 2965 5349 alia,
2987 5286 3147 5349 quam
3164 5271 3361 5337 Verbo,

1787 5341 2031 5405 Persona
2080 5341 2307 5418 negaret
2332 5341 2528 5418 amari.
2558 5342 2832 5418 [fraaterea
2862 5344 3010 5418 haec_
3035 5341 3221 5418 verba,
3268 5355 3360 5394 vos

1785 5434 2016 5489 quoque,
2046 5411 2299 5484 arbitror,
2324 5415 2536 5490 dicetis,
2570 5412 2857 5490 Justinutg
2894 5411 3130 5490 probant
3178 5412 3244 5465 de
3285 5425 3359 5490 re

1787 5483 1934 5545 facili
1965 5498 2018 5542 et
2040 5483 2351 5558 pervulgata
2379 5486 2547 5555 loqui.
2593 5483 2761 5537 Porro
2815 5483 3102 5558 Trinitatis
3126 5488 3362 5558 _mysle~

1790 5561 1930 5614 rium
1955 5549 2194 5614 ethnicis
2222 5549 2407 5614 uotum
2437 5549 2542 5610 non
2593 5562 2729 5616 erat,
2763 5552 2848 5608 vel
2892 5552 3072 5619 potius
3122 5549 3360 5619 invisum

1787 5640 1912 5685 erat
1960 5639 2016 5683 et
2064 5630 2289 5685 stultum
2344 5625 2657 5682 videbatur.
2693 5634 2753 5677 ut
2805 5618 3063 5677 obServat
3110 5618 3362 5675 Justinus

1783 5715 1939 5755 num.
1970 5700 2062 5755 15.
2084 5701 2157 5755 At
2179 5709 2334 5755 vates
2358 5694 2595 5765 eloquiis
2626 5693 2825 5765 divinis
2852 5689 3181 5765 inﬂammari
3206 5699 3261 5747 et
3280 5690 3361 5745 el-

1783 5770 1937 5836 ferri,
1970 5786 2058 5828 res
2087 5780 2208 5828 erat
2231 5770 2298 5825 ad
2325 5762 2569 5827 omnium
2597 5762 3018 5833 intelligentiam
3046 5776 3359 5820 accomtuow

1780 5842 1923 5899 data.
