3764 6492
45 368 118 428 589
1127 374 1474 433 APOLOGIA
1511 377 1532 432 ι
1568 361 1707 436 PRO
1745 372 2210 438 CHRIS’I‘IANIS.

3211 385 3316 443 590

43 481 151 537 οὐδὲ
174 483 348 572 ,ιοτοι
395 478 496 539 ὧν
547 487 704 558 οὐχι
755 489 1068 546 ἀκούονται
1097 497 1156 547 αἱ
1191 496 1380 564 φωναὶ
1413 498 1605 552 αὐτῶν

1788 518 1808 553 νι
1829 517 2032 556 omnem
2051 511 2248 556 terram
2267 501 2426 556 exivit
2461 510 2624 555 sanus
2648 511 2918 565 eorum,‘et
2940 502 2994 557 in
3017 502 3150 572 ﬁnes
3175 503 3318 560 (rbis

43 575 117 638 Εἰς
150 571 362 628 πᾶσαν
400 576 532 644 τὴν
588 579 726 649 γῆν
772 582 1028 651 ἐξῆλθεν
1067 587 1099 638 d
1135 588 1392 657 φθόγγος
1418 584 1635 654 αὐτῶν,

40 662 110 715 καὶ
137 665 221 729 εἰς
248 665 325 718 τὰ
362 667 623 735 πέρατα
654 671 778 741 τῆς
807 675 1154 744 οἰκουμένης
1176 676 1250 731 τὰ
1267 679 1506 748 ῥήματα
1532 683 1641 734 αὐ-

39 757 144 809 τῶν.
186 758 282 810 Ἐν
322 758 412 825 τῷ
445 762 626 829 ἡλίῳ
657 765 834 819 ἔθετο
869 766 932 820 τὸ
962 767 1247 838 σκήνωμα
1271 770 1458 825 αὑτοῦ
1481 811 1495 836 ,
1541 772 1640 827 καὶ

37 847 188 914 αὐτὸς
205 889 220 912 ,
251 850 335 916 ὠς
364 854 665 921 νυμφίος
693 856 1163 927 ἐκπορευόμενος
1182 860 1250 914 ἐκ
1272 863 1509 916 παστοῦ
1536 865 1640 918 αὐ-

38 942 145 1004 τοῦ,
185 940 664 1011 ἀταλλιάσεται
698 946 784 1014 ὡς
815 951 984 1019 γίγας
1011 951 1256 1022 δραμεῖν
1292 954 1454 1009 ὀδόν.
1494 955 1640 1028 Πρὸς

38 1032 213 1096 τούτοις
241 1032 300 1084 δὲ
339 1034 448 1088 καὶ
493 1034 694 1105 λόγων
747 1039 950 1112 ἑτέρων
992 1040 1100 1096 τῶν
1146 1044 1638 1114 προφητευθέντων

36 1123 86 1177 δι’
119 1123 274 1177 αὐτοῦ
322 1125 432 1179 τοῦ
471 1128 661 1182 Δασὶδ
680 1170 696 1195 ,
746 1131 929 1196 καλῶς
965 1132 1089 1203 ’ἔχον
1121 1135 1216 1188 καὶ
1257 1135 1472 1200 οἰκείως
1519 1139 1640 1190 ὲπι-

40 1217 313 1288 μνησθῆναι
339 1219 750 1292 λελογισμεθα
770 1240 784 1254 ⁸
817 1224 877 1289 eg
897 1218 970 1278 ὧν
1001 1227 1191 1297 μαθεῖν
1225 1229 1352 1299 ὑμῖν
1380 1231 1633 1301 πάρεστι,

36 1309 128 1371 πῶς
147 1309 548 1381 προτρέπεται
582 1312 691 1385 ζῇν
723 1321 854 1381 τοᾉς
881 1317 1198 1389 ἀνθρώπους
1214 1321 1274 1374 τὸ
1299 1323 1636 1394 προφητικὸν

42 1403 262 1473 Πνεῦμα*
302 1405 409 1458 καὶ
452 1407 588 1472 πῶς
621 1409 824 1480 μηνύει
856 1410 953 1482 τὴν
982 1415 1349 1485 γεγενημένην
1395 1417 1635 1489 Ἡρώδου

39 1496 106 1548 τοῦ
147 1497 425 1566 βασιλέως
479 1501 797 1569 Ἰουδαίων,
849 1503 943 1557 καὶ
982 1506 1158 1559 αὐτῶν
1204 1507 1507 1574 Ἰουδαίων,
1543 1511 1636 1564 καὶ

40 1589 230 1643 Πιλάτου
250 1591 354 1645 τοῦ
395 1593 697 1667 ὑμετέρου
735 1595 867 1668 παρ’
900 1599 1081 1662 αὐτοῖς
1107 1599 1397 1671 γενομένου
1421 1603 1636 1675 ἐπιτρόι

39 1699 145 1746 που,
180 1683 281 1736 σὺν
316 1687 446 1748 τοῖς
485 1687 669 1740 αὑτοῦ
707 1683 1072 1760 στρατιώταις
1093 1691 1235 1745 κατὰ
1268 1693 1363 1746 τοῦ
1397 1695 1633 1766 Χριστοῦ

40 1776 317 1830 σλνὲὶευσιν
367 1778 490 1850 (97)
522 1797 537 1810 ·
589 1780 693 1834 καὶ
736 1782 822 1834 ὅτι
862 1783 1210 1838 πιστεύεσθαι
1257 1785 1482 1856 ἔμελλεν
1528 1788 1634 1841 ὑπὸ

38 1867 118 1920 τῶν
142 1871 200 1922 ὲκ
229 1871 454 1935 παντὸς
487 1872 700 1942 γένους
723 1873 822 1927 ἀνθ
833 1873 1025 1946 ρώπων
1043 1893 1057 1904 ·
1091 1879 1182 1930 καί
1215 1878 1295 1931 ὅτι
1324 1878 1486 1933 αὐτὸν
1507 1880 1634 1935 Υἱὸν

38 1961 161 2012 καὶεί
187 1963 214 2014 ὁ
247 1962 431 2028 Θεὸς,
470 1964 576 2017 καὶ
614 1966 955 2020 ὑποτάσσειν
989 1968 1136 2039 αὑτῷ
1169 1969 1375 2034 πάντας
1405 1970 1634 2043 ἐχθροὺς

37 2054 340 2124 ἐπήγγελται
360 2073 376 2085 ο
415 2057 518 2110 καὶ
565 2057 692 2121 πῶς
725 2059 775 2111 οἱ
820 2059 1071 2128 δαίμονες
1091 2060 1199 2134 (98)
1221 2101 1235 2124 ,
1263 2063 1385 2116 ὅσον
1416 2064 1504 2116 ἐπ’
1539 2065 1636 2117 αὐ-

36 2145 146 2208 τοῖς,
179 2146 281 2216 τήν
312 2163 380 2200 τε
413 2146 520 2201 τοῦ
548 2149 770 2221 πατρὸς
797 2147 1014 2204 πάντων
1057 2153 1151 2205 καὶ
1179 2153 1439 2207 δεσπότου
1474 2155 1631 2221 Θεοῦ,

39 2238 110 2290 καὶ
127 2238 220 2310 τὴν
248 2240 427 2294 αὑτοῦ
460 2241 564 2295 τοῦ
601 2242 853 2315 Χριστοῦ
882 2243 1129 2311 ἐξουσίαν
1163 2249 1355 2316 φυγεῖν
1388 2248 1629 2319 πειρῶν-

39 2345 137 2383 ται·
183 2334 279 2386 καὶ
331 2334 414 2397 ὡς
450 2337 538 2398 εἰς
589 2337 894 2405 μετάνοιαν
939 2337 1094 2391 καὶεί
1132 2339 1340 2404 πάντας
1391 2340 1421 2393 ὁ
1460 2340 1630 2406 Θεὸς,

38 2423 142 2492 πρὶν
167 2423 361 2478 ’ἐλθεῖν
397 2426 506 2497 τὴν
544 2426 772 2498 ἡμέραν
818 2429 919 2499 τῆς
960 2430 1212 2502 κρίσεως.
1269 2433 1531 2505 Εῖρηνται
1575 2435 1632 2488 δὲ

37 2515 181 2580 οὖτως
200 2535 213 2546 ·
245 2517 574 2587 Μακάριος
600 2517 765 2590 ἀνὴρ
794 2520 862 2586 ὃς
883 2523 993 2576 οὐκ
1017 2524 1308 2593 ἐπορεύθη
1337 2527 1406 2580 ἐν
1427 2526 1634 2595 ,βουλῇ

39 2606 266 2672 aesar,
319 2610 427 2663 καὶ
473 2610 551 2663 ἐν
602 2611 729 2677 ὁδῷ
770 2615 1133 2683 ἁμαρτωλῶν
1160 2621 1269 2672 οὐκ
1305 2621 1491 2689 ἔστη,
1535 2621 1634 2675 καὶ

35 2697 113 2749 ἐπὶ
136 2698 435 2768 καθέὸραν
463 2703 710 2771 ,λοιμῶν
737 2705 848 2757 οὐκ
865 2703 1144 2759 ἐκάθισεν
1161 2723 1173 2736 ·
1210 2709 1349 2762 ἀλλ’
1390 2709 1430 2779 ἢ
1457 2711 1530 2764 ἐν
1553 2710 1634 2777 τῷ

37 2791 170 2860 νόμῳ
196 2793 428 2860 Κυρίου
463 2795 535 2846 τὸ
575 2793 818 2864 θέλημα
849 2798 1064 2861 αὐτοῦ,
1111 2799 1210 2852 καὶ
1243 2801 1315 2854 ἐν
1355 2802 1436 2869 τῷ
1471 2805 1634 2873 νόμῳ

35 2884 196 2937 αὑτοῦ
223 2883 565 2952 μελετήσει
619 2887 855 2958 ’ἡμέρας
896 2890 994 2943 καὶ
1033 2894 1274 2959 νυκτός.
1320 2895 1429 2948 Καὶ
1461 2895 1632 2950 ἕσται

35 2975 98 3038 ὡς
125 2975 184 3027 τὸ
218 2976 414 3040 ξύλον
459 2977 532 3038 τὸ
578 2981 1043 3051 πεφυτευμένον
1085 2984 1245 3052 παρὰ
1291 2986 1399 3052 τὰς
1438 2985 1630 3051 διεξό-

33 3066 154 3133 δους
179 3068 296 3122 τῶν
322 3069 608 3135 ὑδάτων,
644 3069 677 3124 ὃ
708 3071 818 3126 τὸν
852 3076 1084 3142 καρπὸν
1129 3077 1314 3131 αὑτοῦ
1352 3077 1532 3133 δώσει
1561 3080 1632 3134 ἐν

34 3159 188 3226 καιρῷ
214 3162 406 3216 αὐτοῦ
427 3203 444 3227 ,
481 3163 594 3217 καὶ
619 3163 691 3216 τὸ
712 3165 952 3232 φύλλον
977 3167 1165 3222 αὐτοῦ
1194 3170 1304 3222 οὐκ
1331 3169 1630 3240 ἀπορῤυή-
1657 3216 1700 3274 C

37 3267 173 3274 __.-__
238 3254 327 3274 ___.
368 3253 575 3274 μιηγνη
621 3254 732 3274 ,μη
771 3256 797 3274 ι
910 3270 921 3274 _
991 3257 1018 3268 -
1177 3271 1180 3274 «
1285 3259 1311 3274 ..
1368 3261 1427 3274 η,

34 3267 173 3304 σεται
193 3293 207 3317 ,
231 3254 330 3308 καὶ
352 3253 577 3309 πάντα
609 3254 736 3309 ὅσα
763 3256 841 3311 ἂν
875 3257 1018 3327 ποιῇ
1058 3259 1625 3328 κατευοδωθήσεται.

39 3345 138 3411 Οὐχ
162 3346 344 3413 οὕτως
372 3350 433 3400 οἱ
467 3344 736 3413 ἀσεϐεῖς
759 3387 774 3411 ,
809 3349 920 3418 οὐχ
952 3349 1142 3416 οὕτως
1167 3391 1181 3415 ,
1213 3346 1351 3407 ἀλλ’
1398 3353 1438 3422 ἢ
1485 3355 1629 3408 ὡσεὶ

34 3437 191 3502 χνοῦς
209 3478 224 3501 ,
255 3438 330 3492 ὃν
367 3439 668 3508 ἐκρίπτει
699 3442 734 3493 ὀ
760 3439 979 3510 ἄνεμος
1007 3444 1126 3496 ἀπὸ
1161 3443 1485 3512 προσώπου
1519 3446 1629 3515 τῆς

35 3526 142 3594 γῆς.
173 3532 268 3585 Διὰ
295 3531 485 3585 τοῦτο
518 3533 644 3585 οὐκ
667 3531 1120 3599 ἀναστήσονται
1145 3536 1379 3603 ἀσεϐεῖς
1405 3537 1474 3590 ὲν
1503 3540 1628 3606 κρί-

31 3635 143 3682 σει,
168 3622 303 3676 οὐδὲ
335 3623 712 3692 ἁμαρτωλοὶ
737 3623 806 3676 ἐν
830 3624 1037 3694 ,ϐουλῇ
1078 3626 1342 3681 δικαίων.
1383 3629 1510 3681 ’Ὅτι
1540 3647 1628 3698 τι·-

32 3712 222 3767 νώσιει
265 3718 498 3784 Κύριος
549 3715 710 3770 ὁδὸν
749 3715 1023 3782 δικαίων,
1070 3720 1168 3773 καὶ
1211 3719 1350 3787 ὁδὸς
1392 3721 1628 3776 ἀσεϐῶν

32 3807 328 3864 ἀπολεῖται.
363 3811 504 3864 Ἵνα
538 3809 604 3861 τι
631 3807 947 3876 ἐφρύαξαν
964 3811 1133 3880 ἔθνη,
1152 3811 1398 3866 καὶλαοὶ
1419 3813 1624 3882 ἐμελέ-

35 3913 204 3966 τησαν
217 3901 390 3956 καινά
410 3903 530 3976 (99)
537 3919 559 3966 ;
580 3902 988 3972 Παρέστησαν
1002 3908 1055 3958 cl
1064 3905 1349 3972 βασιλεῖς
1364 3904 1474 3975 τῆς
1488 3905 1622 3977 γῆς,

38 3995 120 4046 καὶ
146 3999 193 4049 οἱ
211 3997 509 4066 ἄρχοντες
536 3995 956 4065 συνήχθησαν
979 3998 1079 4051 ἐπὶ
1096 3999 1160 4051 τὸ
1176 3999 1321 4052 αὑτύ
1349 3998 1498 4052 κατὰ
1517 3998 1624 4053 τοῦ

37 4088 261 4154 Κυρίου,
295 4091 394 4145 καὶ
435 4089 605 4143 κατὰ
636 4089 748 4142 τοῦ
779 4091 1035 4158 Χριστοῦ
1066 4091 1278 4154 αὑτοῦ,
1305 4091 1618 4161 λέγοντεςο

41 4182 424 4252 Διαῤῥήξωμεν
444 4183 606 4248 τοὺς
628 4182 896 4251 δεσμοὺς
919 4182 1140 4247 αὐτῶν,
1163 4184 1261 4237 καὶ
1283 4185 1625 4254 ἀπορρίψω-

33 4290 134 4338 μεν
161 4275 252 4344 ἀφ’
293 4276 472 4346 ἡμῶν
512 4274 632 4328 τὸν
672 4271 848 4344 ζυγύν
884 4274 1099 4329 αὐτῶν.
1143 4277 1195 4328 Ὀ
1225 4276 1514 4330 κατοικῶν
1555 4279 1625 4332 ἐν

39 4369 284 4436 οίιίανοῖς
306 4368 730 4439 ἑκτελάσεται
761 4368 1001 4434 αὐτοὺς,
1027 4367 1125 4422 καὶ
1150 4371 1182 4422 ὁ
1204 4370 1418 4437 Κύριος
1441 4369 1623 4440 ἐκμυ-

41 4461 237 4527 ammte?
248 4464 502 4528 αὐτούς.
518 4461 668 4515 Τότε
693 4457 950 4525 λαλήσει
974 4459 1124 4527 πρὸς
1146 4460 1366 4525 αὐτοὺς
1385 4461 1455 4513 ὲν
1473 4461 1622 4532 ὀργῇ

1744 601 1901 646 terra:
1947 593 2102 646 verba
2160 609 2365 647 eorum.
2420 591 2489 646 In
2543 591 2654 646 sole
2698 593 2871 660 posuit
2921 594 3320 648 tabernaculum

1743 698 1920 750 suum,
1951 694 1997 738 et
2025 685 2138 753 ipse
2164 694 2416 755 tanquam
2437 700 2660 754 sponsus
2688 685 2971 753 procedens
2995 685 3060 738 de
3082 685 3319 741 thalamo

1741 792 1836 829 suo
1875 776 2162 831 exsultabit
2193 787 2250 829 ut
2296 777 2444 846 gigas
2491 775 2560 829 ad
2597 776 2916 830 currendum
2956 777 3094 830 viam
3117 775 3188 831 “.
3219 775 3320 832 His

1741 877 1927 922 autem
1962 867 2068 922 alia
2097 882 2315 938 quoque
2350 868 2595 937 ejusdem
2634 867 2857 922 Davidis
2887 868 3149 924 vaticinia
3179 870 3319 940 adji-

1740 975 1888 1024 cere,
1922 961 2247 1030 praeclarum
2281 975 2346 1016 ac
2373 960 2534 1030 hujus
2563 959 2662 1014 loci
2695 961 2979 1030 proprium
3008 975 3132 1016 esse
3156 962 3321 1017 duxi-

1739 1065 1884 1113 mus,
1907 1065 1977 1104 ex
2006 1051 2206 1120 quibus
2235 1049 2448 1105 discere
2486 1049 2737 1118 potestis,
2766 1053 3041 1120 quomodo
3067 1052 3320 1110 homines

1738 1142 1924 1196 vivere
1969 1139 2206 1211 Spiritus
2250 1142 2602 1212 propheticus
2630 1142 2896 1206 hortetur,
2931 1143 3203 1211 quomodo
3235 1145 3319 1198 fa-

1738 1239 1881 1285 ctam
1905 1232 1974 1286 ab
1994 1231 2207 1288 Herode
2226 1230 2538 1286 Judaeoruni
2556 1245 2687 1302 rege
2707 1231 2950 1302 ipsisque
2973 1229 3176 1288 ludatis
3192 1247 3316 1287 cum

1736 1323 1929 1388 Pilato,
1960 1335 2143 1380 vestro
2175 1325 2320 1394 apud
2363 1337 2458 1380 eos
2497 1333 2872 1392 procuratore,
2913 1323 3138 1394 ejusque
3168 1325 3317 1379 mili-
3357 1345 3369 1374 \

1740 1414 1885 1469 tibus
1931 1416 2196 1469 adversus
2245 1413 2526 1469 Christum
2571 1414 2864 1469 coitionem
2901 1425 3127 1481 narret;
3174 1430 3317 1484 quo-

1735 1505 1898 1560 modo
1945 1504 2252 1560 credituros
2302 1505 2356 1560 in
2405 1505 2558 1559 illum
2603 1506 2696 1575 qui
2735 1521 2800 1560 ex
2828 1505 2977 1560 omni
3034 1504 3321 1561 hominum

1736 1610 1935 1668 genere
1979 1596 2165 1650 vocati
2208 1605 2360 1664 sunt,
2409 1611 2643 1667 eumque
2676 1612 2706 1650 a
2746 1595 2859 1651 Deo
2894 1596 3090 1651 Filium
3131 1596 3320 1652 vocari

1736 1689 1902 1752 dicat,
1929 1702 1994 1742 ac
2018 1686 2237 1744 Patrem
2261 1686 2509 1757 polliceri
2536 1687 2913 1756 subjecturum
2935 1701 2996 1742 se
3022 1685 3098 1741 illi
3127 1700 3321 1742 omnes

1736 1779 2028 1848 inimicos;
2053 1789 2172 1834 tum
2201 1780 2372 1835 etiam
2402 1781 2680 1851 quomodo
2720 1778 3016 1847 daemones,
3052 1789 3320 1852 quantum

1665 1869 1709 1924 Β
1736 1872 1791 1927 in
1826 1872 1958 1941 ipsis
1984 1881 2090 1938 est,
2128 1874 2373 1943 parentis
2422 1873 2807 1928 universorum
2841 1881 2898 1928 et
2933 1872 3149 1927 Domini
3196 1871 3320 1941 Dei,

1741 1964 2020 2035 ipsiusque
2071 1964 2278 2020 Christi
2337 1974 2670 2035 potestatem
2727 1964 2970 2029 ell'ugere
3018 1975 3316 2032 conentur;

1737 2057 2009 2126 quomodo
2036 2056 2272 2128 denique
2301 2071 2492 2112 omnes
2527 2058 2668 2113 Deus
2705 2059 2771 2112 ad
2805 2059 3185 2128 paenitentiam
3217 2074 3320 2114 voc

1737 2159 1858 2214 cet,
1889 2159 2183 2219 antequam
2229 2150 2346 2205 dies
2381 2148 2576 2218 judicii
2623 2152 2897 2207 adveniat.
2947 2150 3090 2208 Sunt
3133 2162 3319 2208 autem

1735 2243 1822 2298 his
1845 2244 1990 2298 elata
2017 2243 2230 2300 verbis:
2255 2243 2456 2300 Beatus
2485 2246 2566 2299 uir
2588 2247 2678 2316 qui
2711 2262 2816 2299 non
2854 2247 2981 2300 abiit
3005 2247 3059 2302 in
3089 2247 3317 2302 consilio

1735 2334 2038 2403 impiorum,
2057 2343 2104 2388 et
2141 2333 2199 2387 in
2221 2334 2308 2388 via
2339 2345 2678 2405 peccatorum
2708 2352 2810 2389 non
2842 2338 2984 2391 stetit
3014 2352 3034 2391 :
3064 2346 3116 2390 et
3145 2338 3198 2391 in
3221 2353 3317 2392 ca-

1736 2423 1922 2478 thedra
1968 2423 2282 2493 pestilentia:
2327 2441 2434 2479 non
2467 2426 2630 2480 sedit.
2686 2424 2791 2480 Sed
2839 2429 2894 2480 in
2937 2428 3050 2497 lege
3094 2427 3317 2483 Domini

1735 2514 1978 2568 voluntas
2024 2515 2180 2584 ejus:
2212 2525 2261 2570 et
2298 2517 2356 2571 in
2397 2517 2508 2588 lege
2550 2519 2667 2588 ejus
2711 2519 3054 2573 meditabitur
3093 2521 3178 2575 die
3202 2560 3217 2584 ,
3253 2537 3318 2574 ac

1736 2617 1910 2662 nocte.
1945 2607 2014 2661 Et
2039 2609 2140 2662 erit
2171 2618 2427 2677 tanquam
2471 2609 2673 2680 lignum
2695 2651 2709 2675 ,
2741 2611 2880 2682 quod
2907 2610 3205 2681 plantatum
3239 2620 3320 2666 est

1735 2714 1888 2752 secus
1915 2698 2169 2754 decursus
2201 2717 2462 2771 aquarum
2491 2718 2506 2766 ;
2535 2704 2676 2771 quod
2707 2702 2940 2771 fructum
2971 2719 3125 2757 suum
3167 2704 3318 2759 dabit

1733 2789 1788 2843 in
1819 2799 2049 2859 tempore
2069 2808 2189 2846 suo.
2222 2792 2286 2846 Et
2318 2793 2506 2862 folium
2533 2793 2647 2862 ejus
2677 2810 2782 2850 non
2803 2796 3040 2864 deﬂuet;
3068 2804 3116 2848 et
3139 2796 3320 2851 omnia

1733 2895 2056 2950 quacunque
2100 2882 2298 2950 faciet,
2347 2886 2824 2953 prosperabuntur.
2869 2886 2996 2942 Non
3037 2889 3113 2942 sic
3145 2888 3317 2958 impii,

1735 2987 1840 3024 non
1879 2973 1992 3038 sic;
2023 2973 2115 3027 sed
2145 2983 2397 3045 tanquam
2430 2977 2621 3044 pulvis,
2647 2994 2799 3048 quem
2828 2979 3044 3050 projicit
3068 2991 3254 3035 ventus
3279 2997 3314 3034 a

1735 3064 1872 3132 facie
1914 3074 2088 3120 terrm.
2138 3065 2269 3121 Ideo
2308 3083 2412 3122 non
2453 3079 2725 3139 resurgent
2779 3073 2928 3141 impii
2980 3074 3032 3126 in
3074 3073 3318 3143 judicio,

1734 3169 1902 3224 neque
1919 3168 2219 3224 peccatores
2241 3161 2295 3212 in
2322 3160 2544 3215 consilio
2564 3161 2860 3230 justorum.
2881 3162 3154 3229 Quoniam
3177 3167 3318 3222 novit

1734 3246 1996 3303 Dominus
2036 3251 2171 3304 viam
2199 3251 2506 3320 justorum;
2545 3263 2592 3307 et
2627 3254 2730 3308 iter
2775 3255 3065 3322 impiorum
3101 3258 3316 3325 peribit.

1729 3339 1844 3410 68
1894 3340 2074 3405 Quare
2121 3341 2450 3410 fremuerunt
2496 3354 2710 3413 gentes.
2754 3356 2802 3400 et
2849 3347 3030 3416 populi
3075 3348 3319 3403 meditati

1730 3439 1856 3485 sunt
1901 3431 2125 3485 inania?
2174 3431 2473 3488 Astiterunt
2526 3452 2672 3506 reges
2719 3448 2875 3492 terra:
2907 3454 2926 3491 :
2957 3447 3008 3493 et
3054 3439 3318 3507 principes

1730 3535 2088 3580 convenerunt
2127 3525 2184 3582 in
2219 3543 2383 3580 unum
2423 3529 2678 3583 adversus
2706 3528 3014 3594 Dominum,
3039 3541 3090 3585 et
3126 3533 3318 3587 aduer-

1730 3633 1820 3672 sus
1869 3617 2141 3672 Christum
2173 3620 2319 3688 ejus,
2368 3621 2604 3675 dicentes
2629 3639 2648 3676 :
2680 3622 3058 3692 Dirumpamus
3102 3623 3316 3681 vincula

1729 3728 1910 3766 eorum
1940 3725 1959 3764 .'
1990 3723 2037 3766 et
2067 3713 2416 3782 projiciamus
2445 3731 2477 3765 a
2508 3715 2654 3768 nobis
2685 3715 2878 3785 jugum
2917 3716 3176 3784 ipsorum.
3208 3717 3314 3784 Qui

1728 3801 1935 3856 habitat
1965 3802 2022 3855 in
2056 3802 2223 3867 caelis,
2263 3804 2508 3857 irridebit
2545 3820 2633 3858 eos
2658 3816 2678 3857 .'
2710 3816 2756 3858 ct
2791 3805 3050 3862 Dominus
3081 3808 3313 3862 subsan-

1731 3895 1876 3949 nabit
1911 3911 2020 3949 eos.
2054 3895 2200 3950 Tunc
2242 3896 2488 3965 loquetur
2517 3897 2586 3950 ad
2627 3914 2713 3952 eos
2750 3899 2803 3952 in
2849 3899 2934 3953 ira
2977 3916 3109 3965 sua,
3158 3911 3208 3956 et
3254 3901 3311 3956 in

1729 3989 1912 4058 furore
1953 4005 2050 4043 suo
2093 3990 2422 4044 conturbabit
2467 4006 2576 4044 eos.
2619 3990 2738 4062 Ego
2771 4004 2948 4047 autem
2990 3995 3310 4050 constitutus

1727 4096 1844 4134 sum
1882 4096 1974 4134 rex
2001 4081 2065 4134 ab
2104 4097 2194 4146 eo,
2224 4097 2383 4148 super
2423 4080 2554 4135 Sion
2606 4094 2838 4137 montem
2888 4094 3130 4138 sanctum
3169 4084 3305 4156 ejus,

1725 4175 2024 4243 praedicans
2047 4185 2364 4242 prteceptum
2393 4173 2627 4229 Domini.
2654 4175 2912 4231 Dominus
2935 4179 3069 4231 dixit
3093 4179 3163 4232 ad
3195 4191 3307 4232 me:

1728 4263 1906 4317 Filius
1947 4280 2091 4317 meus
2130 4279 2183 4316 es
2217 4273 2316 4319 tu:
2351 4280 2443 4332 ego
2489 4263 2644 4318 hodie
2682 4267 2842 4335 genui
2889 4276 2960 4322 te.
3003 4265 3226 4321 Postula
3271 4285 3306 4322 a

1727 4375 1830 4423 me,
1862 4369 1910 4411 et
1938 4361 2074 4410 dabo
2095 4358 2190 4410 tibi
2224 4367 2400 4424 gentes
2428 4357 2790 4411 Irwreditatem
2821 4364 2988 4422 tuam,
3019 4368 3069 4412 et
3093 4375 3308 4427 posses-4

1726 4452 1929 4505 sionem
1967 4459 2114 4503 tuam
2141 4451 2391 4504 terminos
2427 4459 2603 4503 terrae.
2637 4448 2800 4518 Reges
2825 4465 2914 4504 eos
2944 4451 2998 4503 in
3021 4451 3168 4520 virga
3196 4452 3308 4520 {er-

40 4551 215 4617 αὺτοῦ,
236 4554 330 4608 καὶ
347 4554 422 4607 ἐν
437 4553 524 4618 τῷ
551 4549 724 4622 θυμῷ
739 4550 922 4605 αὑτοῦ
943 4549 1181 4618 ταράξει
1201 4553 1439 4618 αὐτούς.
1476 4554 1605 4623 Ἐγὰ

1788 4559 1817 4596 α
1851 4556 1871 4593 :
1900 4550 2154 4610 tanquam
2203 4557 2328 4596 uasa
2370 4540 2520 4620 ﬁguli
2561 4540 2860 4610 confringes
2892 4558 3000 4596 eos.
3032 4540 3102 4595 Et
3137 4560 3300 4611 nunc,

44 4640 98 4692 ἑὲ
117 4647 486 4712 κατεστάθην
509 4641 828 4708 βασιλεὺς
851 4643 950 4697 ὑπ’
967 4643 1175 4708 αὑτοῦ,
1193 4643 1290 4697 ἐπὶ
1309 4643 1463 4698 Σιὼν
1479 4645 1616 4714 ὄρος

43 4734 92 4783 τρῖ
113 4735 262 4803 ἅγιον
275 4737 494 4798 αὑτοῦ,
512 4733 898 4803 διαγγέλλων
915 4733 983 4788 τὸ
998 4736 1348 4805 πρόσταγμα
1367 4738 1614 4804 Κιρίου.

45 4825 228 4893 Κύριος
245 4829 376 4882 εἶπε
390 4831 555 4898 πρός
564 4843 668 4896 με’
696 4827 828 4892 Υἱός
854 4844 973 4896 μου
998 4828 1056 4880 εἷ
1085 4829 1184 4881 σύο
1217 4828 1331 4899 ἐγὼ
1350 4828 1616 4898 σήμερον

43 4917 339 4988 γεγέννηκά
371 4938 471 4975 σε.
511 4919 777 4986 Αἵτησαι
804 4920 942 4987 παρ’
970 4918 1138 4987 ἐμοῦ,
1183 4921 1281 4972 καὶ
1312 4919 1482 4974 δώσω
1515 4937 1616 4974 σοι

42 5005 162 5073 ἔθνη
189 5009 297 5077 τὴν
331 5008 766 5078 κληρονομίαν
797 5023 934 5071 σου,
969 5007 1067 5059 καὶ
1099 5005 1212 5074 τὴν
1236 5005 1614 5075 κατάσχεσιν

43 5111 139 5151 σου
176 5102 244 5156 τὰ
280 5103 518 5171 πέρατα
569 5099 686 5168 τῆς
722 5097 854 5169 γῆς.
905 5096 1219 5167 Ποιμανεῖς
1275 5097 1494 5164 αὐτοὺς
1547 5097 1615 5150 ἐν

39 5189 210 5258 ῥάϐδῳ
237 5193 461 5264 σιδηρᾷ
486 5210 501 5224 ο
544 5193 630 5257 ὡς
685 5190 874 5258 σκεύη
919 5188 1214 5259 κεραμέως
1255 5189 1613 5258 συντρίψεις

121 5325 160 5360 ⁸⁸
191 5328 332 5386 Psal.
364 5345 528 5397 svnt,
559 5329 619 5383 2.
708 5327 756 5359 ⁹⁰
797 5326 940 5381 Psal.
971 5341 989 5380 1
1023 5335 1078 5382 et
1104 5342 1164 5393 ιι,
1197 5341 1294 5396 per
1329 5335 1530 5380 totum.

102 5444 203 5524 (97)
241 5448 653 5524 ξυνελευσιν.
680 5442 782 5497 Hic
807 5435 1418 5524 quoqueapostolorum
1441 5439 1613 5524 vesti-

43 5513 131 5632 qi‘is
169 5516 219 5570 in
270 5516 564 5587 Scriptura
620 5509 1033 5581 interpretanda
1087 5509 1292 5566 insistit
1337 5509 1606 5565 Justinus.

65 5587 157 5632 “Ide
183 5587 300 5632 AM-
336 5604 412 5632 ιν,
439 5589 537 5632 Q7-
570 5585 816 5632 Gmmus
845 5591 898 5632 et
921 5583 1232 5632 TntnLuws.

65 5582 157 5639 fide
181 5587 301 5642 Act.
336 5582 414 5652 iv,
439 5589 539 5642 27.
570 5585 816 5640 GRABIUS
845 5591 898 5637 et
921 5583 1232 5637 Tumwws.

99 5656 326 5732 (βψω
349 5649 482 5724 πῶς
513 5659 578 5732 οι.
599 5655 905 5723 δαίμονες.
935 5652 1212 5732 Daemones
1237 5665 1368 5720 ergo
1400 5649 1606 5732 existi-

44 5721 202 5800 arabat
226 5730 278 5781 in
315 5731 421 5784 hoc
453 5721 714 5800 psalmo,
745 5738 1072 5800 qucrnﬂmox
1120 5723 1349 5800 releret,
1382 5721 1565 5800 dicere
1587 5759 1602 5781 ,

43 5797 382 5870 ςίνιυιφαηηιε
408 5791 642 5870 vincula
659 5810 860 5870 eorum.
898 5794 1074 5858 Quare
1101 5792 1308 5870 videtur
1330 5791 1604 5870 principes

41 5864 162 5930 illos,
191 5862 283 5939 qui
323 5870 489 5927 initio
521 5866 725 5938 psalmi
772 5873 1165 5932 memorantur,
1201 5862 1476 5918 tlzrtnones
1502 5862 1600 5935 ine

1725 4650 1892 4705 reges,
1915 4632 2194 4703 intelligite
2225 4645 2242 4684 :
2268 4631 2577 4699 erudimini,
2604 4648 2780 4686 omnes
2806 4635 2891 4702 qui
2908 4633 3169 4702 judicati:
3197 4646 3303 4688 tero

1725 4743 1860 4780 ram.
1891 4724 2093 4780 Servite
2123 4724 2354 4778 Domino
2385 4725 2437 4776 in
2473 4725 2700 4778 timore:
2728 4736 2776 4778 et
2816 4725 3080 4780 exsultate
3106 4728 3156 4780 ei
3180 4744 3300 4782 cum

1722 4833 1974 4874 tremore.
2013 4819 2408 4889 Apprehendite
2453 4819 2816 4888 disciplinam,
2871 4821 3146 4890 nequando
3187 4822 3301 4874 ira-

1722 4923 1904 4966 scatur
1933 4911 2214 4975 Dominus,
2235 4921 2284 4965 et
2315 4914 2542 4982 pereatis
2574 4912 2636 4965 de
2667 4916 2750 4967 via
2774 4915 2946 4979 justa.
2979 4913 3110 4967 Cum
3142 4930 3300 4968 exar-

1717 5005 1843 5059 serit
1887 5005 1945 5057 in
1991 5004 2129 5058 brevi
2177 5003 2259 5057 ira
2301 5004 2416 5072 ejus
2442 5018 2461 5056 :
2495 5003 2633 5057 beati
2673 5019 2849 5057 omnes
2885 5005 2977 5075 qui
3022 5003 3298 5073 conﬁdunt

1720 5099 1776 5150 in
1814 5113 1873 5151 eo
1896 5098 1964 5150 9°.

1660 5189 1898 5254 αὐτούς.
1944 5188 2057 5243 Καὶ
2099 5189 2238 5253 νῦν,
2285 5187 2590 5254 βασιλεῖς,
2624 5188 2874 5253 σύνετε,
2915 5187 3289 5256 παιδεύθητε,

1716 5441 2008 5497 tellexisse.
2368 5482 2372 5488 η

1788 5513 1901 5583 (99)
1925 5512 2134 5567 Καινά.
2167 5508 2517 5583 Manifestum
2546 5509 2890 5583 librariorum
2913 5513 3284 5583 erratumpro

1714 5575 1940 5638 κενάὲ-
1957 5583 2166 5638 Καινά.
2183 5583 2386 5640 Omnes
2405 5581 2643 5638 editores
2660 5582 2762 5651 legi
2783 5580 2965 5651 volunt
2981 5575 3129 5651 κενα.
3145 5576 3283 5651 Cinna

1711 5670 1846 5728 vero
1876 5655 2039 5709 etiam
2070 5666 2196 5709 octo
2228 5653 2502 5728 versionis
2524 5645 2908 5728 Alexandrina:
2929 5649 3039 5718 (ed.
3075 5645 3282 5716 Holm.)

1709 5725 1871 5779 codd.
1908 5741 2038 5779 mss.
2068 5737 2310 5779 nostram
2360 5723 2657 5779 exhibeant
2699 5719 3008 5786 lectionem,
3055 5730 3284 5786 prorsus

1709 5810 1819 5853 non
1850 5805 1935 5854 est
1964 5797 2244 5854 mutanda.
2273 5793 2449 5852 Orro.
