3770 6500
39 365 137 423 595

1167 363 1511 420 APOLOGIA
1547 363 1567 416 l
1598 361 1737 419 PRO
1764 360 2224 417 CHRISTIANIS.

3202 364 3308 438 sat

36 485 158 557 ρίας
187 484 300 538 καὶ
324 482 428 548 τὰς
453 483 721 547 κολάσεις,
754 481 971 546 καὶτὰς
997 480 1208 551 ἀγαθὰς
1230 479 1463 552 ἀμοιϐὰς
1484 523 1499 546 ,
1528 480 1646 533 κατ’

1869 479 2038 532 bonas
2096 480 2570 533 remunerationcs
2632 493 2731 547 pro
2796 480 3005 535 meritis
3057 481 3323 555 cujusque

31 577 201 641 ἀξίαν
260 578 383 631 τῶν
433 576 685 649 πράξεων
731 578 964 631 ἑκάστου
1007 574 1352 630 ἀποδίδοσθαι
1400 573 1490 628 διά
1537 574 1647 627 τῶν

30 671 360 743 προφητῶν
390 670 671 743 μαθόντες,
695 671 789 725 καὶ
815 671 1011 743 ἀληθὲς
1032 667 1464 740 ἀποφαινόμεθα.
1496 667 1649 720 Ἐπεὶ

30 764 75 815 εἰ
103 761 196 833 μὴ
234 763 406 816 τοῦτό
435 766 603 820 ἐστιν.
648 763 782 817 ἀλλά
816 762 937 817 καθ’
963 763 1304 834 εἱμαρμένην
1349 761 1527 833 πάντα
1560 760 1647 830 γί-

32 872 196 909 νεται
221 895 241 919 ,
278 855 412 910 οὒτε
450 857 510 910 τὸ
541 857 627 926 ἐφ’
663 858 794 927 ἡμῖν
839 857 990 909 ἐστιν
1032 854 1186 918 ὅλως.
1222 855 1286 907 Et
1319 853 1428 925 γὰρ
1459 852 1650 923 εἵμαρ-

29 965 115 1001 ται
158 948 258 1019 (8)
292 949 449 1003 τόνδε
478 949 604 1003 τινά
646 948 849 1017 ἀγαθὸν
881 944 1055 1010 εἶναι,
1091 948 1183 1001 καὶ
1226 947 1376 1001 τόνδε
1415 945 1646 1015 φαῦλον,

30 1038 147 1091 οὗθ’
181 1032 366 1104 οὗτος
405 1039 702 1103 ἀποδεκτὸς
724 1079 740 1104 ,
790 1040 910 1093 οὐδὲ
949 1042 1154 1103 ἐκεῖνος
1199 1038 1495 1111 μεμπτέος.
1540 1039 1652 1092 Καὶ

32 1126 95 1185 αὖ
117 1173 136 1195 ,
176 1135 239 1187 εί
286 1134 372 1205 μὴ
414 1133 733 1205 προαιρέσει
775 1132 1036 1204 ἐλευθέρᾳ
1072 1133 1207 1204 πρὸς
1236 1132 1299 1185 τὸ
1333 1132 1552 1202 φεύγειν
1581 1131 1650 1185 τὰ

34 1223 290 1293 αἰσχρὰ,
322 1226 422 1277 καὶ
452 1224 724 1296 αἱρεῖσθαι
757 1224 827 1277 τά
863 1222 1034 1287 καλὰ,
1069 1222 1295 1293 δύναμιν
1321 1222 1432 1292 ἔχει
1459 1221 1520 1276 τὸ
1554 1224 1650 1276 ἀν-

35 1314 337 1387 θρώπειον
361 1317 515 1383 γένος
533 1357 548 1377 ,
578 1316 818 1370 ἀναίτιόν
842 1316 957 1368 ἐστι
975 1315 1084 1367 τῶν
1106 1315 1458 1386 ὁπωσδήποτε
1486 1332 1654 1386 πρατ-

34 1408 328 1477 τομένων.
371 1409 505 1461 Ἀλλ’
527 1410 608 1463 ὃτι
636 1408 896 1481 ἐλευθέρᾳ
923 1410 1237 1481 προαιρέσει
1258 1410 1352 1462 καὶ
1375 1408 1649 1481 κατορθοῖ,

37 1499 130 1549 καὶ
172 1499 526 1567 σφάλλεται,
556 1499 732 1563 οὕτως
763 1500 1177 1571 ἁποδείκνυμεν.
1218 1501 1322 1554 Τὸν
1352 1500 1514 1554 αὑτὸν
1557 1500 1652 1554 ἀν-

36 1590 280 1660 θρωπον
333 1593 447 1645 τῶν
500 1594 760 1647 ἐναντίων
813 1592 911 1665 τὴν
964 1593 1275 1665 μετέλευσιν
1331 1595 1653 1665 ποιούμενον

36 1685 307 1753 ὁρῶμεν
342 1685 393 1737 εί
425 1685 482 1738 δὲ
514 1686 745 1757 εἵμαρτο
774 1685 808 1759 ἢ
846 1686 1045 1756 φαῦλον
1083 1685 1117 1757 ἢ
1160 1678 1445 1741 σπουδαῖον
1477 1683 1650 1751 εἶναι,

36 1776 139 1829 οὐκ
172 1778 252 1831 ἄν
284 1794 422 1830 ποτε
443 1777 552 1829 τῶν
584 1778 842 1833 ἐναντίων
869 1777 1115 1842 δεκτικὸς
1144 1775 1213 1850 ἦν
1232 1820 1247 1843 ,
1281 1780 1374 1833 καὶ
1396 1779 1653 1833 πλειστά-

1751 572 2025 626 actionum
2083 572 2337 641 irrogari,
2393 588 2581 627 verum
2633 574 2686 628 id
2737 589 2859 631 esse
2910 575 3319 630 conﬁrmamus.

1748 664 1883 719 Nam
1930 666 1973 720 si
2022 680 2109 719 res
2158 664 2231 719 ita
2278 680 2340 719 se
2390 682 2494 721 non
2536 666 2735 732 habet,
2766 682 2829 722 ac
2864 668 2958 722 fati
2996 671 3326 725 necessitate

1751 759 1890 813 ﬁniat
1919 760 2135 824 omnia,
2190 759 2370 814 nullus
2404 759 2518 829 jam
2555 760 2729 815 libero
2769 761 2998 816 arbitrio
3042 761 3212 819 locus.
3263 762 3323 818 Si

1747 851 1893 905 enim
1924 849 2038 904 fato
2070 850 2347 905 decretum
2390 862 2478 906 est
2523 852 2669 907 hunc
2713 868 2838 908 esse
2888 853 3086 908 bonum
3111 894 3129 919 ,
3163 856 3325 910 istum

1751 954 1933 997 autem
1982 943 2219 1009 malum,
2277 958 2454 1013 neque
2502 944 2590 998 hic
2637 943 2973 1011 laudandus,
3014 961 3190 1017 neque
3225 949 3330 1003 iste

1753 1035 2164 1104 vituperandus.
2214 1034 2297 1090 Ac
2344 1050 2533 1091 rursus
2573 1035 2675 1090 nisi
2705 1036 2998 1090 humanum
3040 1054 3211 1108 genus
3242 1039 3330 1093 fa-

1750 1126 2008 1181 cultatem
2071 1128 2271 1182 habeat
2325 1127 2494 1183 libera
2552 1128 2721 1183 animi
2772 1128 3087 1185 inductione
3145 1141 3203 1186 et
3243 1131 3330 1184 l‘u-

1751 1217 1930 1287 giendi
1958 1220 2134 1288 turpia
2164 1228 2220 1274 et
2240 1218 2469 1275 honesta
2499 1220 2766 1281 sectandi.
2786 1234 2948 1278 extra
2977 1224 3195 1279 noxiam
3220 1234 3328 1289 est,

1753 1308 2015 1379 quidquid
2062 1312 2256 1378 egerit.
2294 1312 2404 1367 Sed
2455 1311 2628 1369 libera
2664 1315 2831 1369 animi
2881 1315 3196 1372 inductione
3226 1316 3331 1371 ho-

1756 1401 1959 1455 minem
1988 1402 2073 1455 vel
2105 1405 2241 1457 bene
2269 1418 2434 1474 agere
2459 1404 2541 1460 vel
2572 1405 2731 1471 male,
2761 1406 2841 1461 sic
2867 1407 3327 1462 demonstramus.

1755 1491 2045 1547 Hominem
2077 1495 2330 1551 eumdem
2364 1495 2417 1550 in
2449 1499 2727 1551 contraria
2760 1507 3141 1555 transcurrere
3178 1501 3332 1556 vide-

1756 1600 1899 1640 mus.
1934 1584 2087 1651 Quod
2114 1587 2158 1641 si
2186 1584 2303 1643 l‘ato
2340 1588 2621 1643 decretum
2663 1598 2830 1655 esset,
2852 1605 2976 1646 eum
3004 1591 3092 1646 vel
3129 1592 3332 1647 bonum

1756 1691 1879 1732 esse
1941 1677 2029 1732 vel
2076 1678 2301 1745 malum,
2350 1695 2454 1734 non
2506 1694 2645 1736 sane
2700 1683 3102 1737 contrariorum
3155 1699 3332 1756 capax

1756 1779 1940 1835 esset,
2008 1786 2109 1827 nec
2182 1781 2289 1825 tam
2358 1785 2504 1842 saepe
2561 1782 2884 1828 mutaretur.
2936 1774 3046 1830 Sed
3110 1793 3181 1832 ne
3241 1777 3335 1832 alii

40 1887 125 1932 in;
194 1870 559 1940 μετετίθετο·
600 1870 715 1924 ἀλλ’
758 1870 867 1924 οὐδ’
911 1872 961 1924 οί
1011 1872 1107 1942 μὲν
1149 1868 1291 1943 ἦσαν
1343 1873 1651 1936 σπουδαῖοι,

1844 1863 1978 1918 idem
2028 1864 2155 1919 boni
2214 1874 2421 1929 essent,
2467 1864 2558 1921 alii
2618 1866 2778 1931 mali;
2818 1867 2903 1922 vel
2944 1869 3111 1923 etiam
3163 1868 3335 1925 fatum

40 1964 84 2014 oi
109 1963 175 2016 δὲ
216 1962 459 2031 φαῦλοι,
501 1963 625 2017 ἐπεὶ
657 1963 759 2035 τὴν
794 1965 1136 2037 εἱμαρμένην
1174 1965 1352 2020 αἰτίαν
1398 1966 1652 2037 φαύλων,

40 2056 136 2108 καὶ
179 2057 421 2109 ἐναντία
468 2058 636 2128 ἑαυτῇ
674 2060 1017 2130 πράττουσαν
1045 2061 1455 2133 ἀποφαινόμεθα
1479 2062 1554 2134 (9)

43 2150 237 2201 ἐκεῖνο
268 2149 337 2201 τὸ
364 2151 764 2223 προειρημένον
794 2150 942 2218 δόξαι
973 2153 1173 2225 ἀληθὲς
1202 2152 1341 2208 εἶναι
1359 2195 1375 2220 ,
1401 2156 1481 2209 ὅτι
1505 2155 1656 2210 οὐδέν

44 2238 201 2291 ἐστιν
234 2240 417 2311 ἁρετὴ
461 2241 581 2293 οὐδὲ
611 2243 813 2305 κακία,
846 2243 981 2297 ἀλλά
1009 2243 1133 2316 δόξῃ
1168 2246 1382 2316 μόνονῆ
1414 2246 1592 2315 ἀγαθά
1621 2246 1654 2317 ἢ

46 2331 202 2385 κακά
232 2332 558 2404 νομίζεται,
591 2335 759 2408 ἥπερ,
796 2336 873 2400 ὼς
893 2336 1167 2391 δείκνυσιν
1193 2339 1222 2390 ὁ
1252 2338 1655 2421 ἀλῃθῂςλόγος,

50 2427 302 2498 μεγίστη
357 2427 581 2481 ἀσέϐεια
636 2429 733 2483 καὶ
778 2429 962 2484 ἀδικία
1001 2432 1169 2485 ἐστίν.
1208 2416 1659 2506 Ἀλλῗέμαρμὲ-

47 2534 150 2592 νην
188 2519 317 2592 (ιο)
370 2523 547 2592 φαμὲν
597 2523 953 2595 ἀπαράϐατον
991 2524 1199 2596 ταύτην
1248 2520 1387 2579 εῖναι
1429 2528 1542 2590 τοῖς
1589 2525 1659 2580 τὰ

51 2613 199 2667 καλὰ
230 2614 620 2685 ὲκλεγομένοις
644 2615 711 2669 τά
740 2614 864 2680 ἀξια
887 2616 1135 2687 ἐπιτίμια
1157 2634 1169 2647 ·
1205 2617 1299 2671 καὶ
1320 2620 1431 2682 ταῖς
1455 2618 1657 2690 ὁμοίως

51 2707 117 2760 τὰ
173 2708 444 2772 ἐναντία,
495 2709 563 2762 τὰ
614 2708 740 2776 ἄξια
784 2710 1054 2782 ἐπίχειρα.
1105 2711 1181 2765 Οὐ
1226 2710 1337 2782 γὰρ
1375 2713 1661 2784 ὥσπερτά

52 2802 235 2866 ἄλλα,
275 2797 395 2855 οἷον
438 2801 632 2873 δένδρα
674 2804 771 2857 καὶ
807 2803 1142 2875 τετράποδα,
1186 2804 1351 2876 μηδὲν
1389 2804 1661 2876 δυνάμενα

53 2894 394 2966 προαιρέσει
422 2895 705 2965 πράττειν,
728 2896 980 2968 εποίησεν
1010 2897 1039 2949 ὁ
1060 2896 1193 2960 Θεὸς
1222 2895 1315 2950 τὸν
1338 2896 1623 2966 ἄνθρωπον
1642 2914 1656 2927 ο

54 2986 182 3040 (οὐδὲ
220 2988 339 3061 γὰρ
372 2984 439 3059 ἦν
459 2988 608 3053 ἄξιος
636 2989 930 3061 ἀμοιϐῆςῆ
964 2989 1185 3043 ἐπαίνου
1205 3030 1220 3054 ,
1248 2989 1351 3044 οὐκ
1400 2990 1495 3059 ἀφ’
1534 2990 1662 3044 ἑαυ-

54 3080 154 3133 τοῦ
185 3080 454 3151 ἐλόμενος
487 3082 548 3133 τὸ
580 3081 805 3151 ἀγαθὸν,
848 3081 983 3136 ἀλλὰ
1008 3083 1167 3136 τοῦτο
1202 3083 1492 3155 γενόμενος
1512 3100 1526 3115 ·
1552 3082 1661 3137 οὐδ’

56 3172 108 3223 εί
138 3172 324 3235 κακὸς
354 3173 565 3243 ὑπῆρχε
588 3212 605 3236 ,
646 3174 872 3238 δικαίως
901 3172 1176 3238 κολάσεως
1214 3173 1529 3245 ἐτύγχανεν,
1559 3175 1663 3229 οὐκ

60 3267 159 3334 ἀρ’
192 3266 398 3319 ἑαυτοῦ
427 3266 670 3331 τοιοῦτος
701 3266 797 3331 ὢν,
838 3266 953 3321 ἀλλ’
994 3267 1146 3321 οὐδὲν
1184 3267 1480 3339 δυνάμενος
1524 3264 1663 3322 εἶναι

60 3358 151 3409 ἒτε
161 3374 263 3427 ρον
295 3357 427 3427 παρ’
458 3358 485 3409 ὃ
513 3359 774 3427 ἐγεγόνει.

139 3448 239 3503 Li.
279 3450 515 3515 Ἐδίδαξε
536 3452 597 3504 δὲ
628 3453 777 3522 ἡμᾶς
814 3452 985 3507 ταῦτα
1035 3454 1096 3507 τὸ
1129 3454 1285 3522 ἅγιον
1328 3453 1666 3526 προφητικὸν

63 3542 327 3612 Πνεῦμα,
356 3542 450 3596 διά
493 3545 739 3608 Μωσέως
777 3546 956 3616 φῆσαν
1002 3546 1081 3617 τῷ
1127 3545 1328 3619 πρώτῳ
1372 3544 1665 3601 πλασθέντι

69 3634 189 3702 ιιι)
222 3633 498 3705 ἀνθρώπῳ
526 3636 779 3708 εἰρῆσθαι
823 3638 929 3691 ὑπὸ
953 3637 1045 3691 τοῦ
1082 3638 1216 3691 Θεοῦ
1252 3638 1457 3703 οὓτωςο
1510 3639 1665 3694 Ἰδοὺ

65 3729 191 3795 πρὸ
221 3727 549 3794 προσώπου
587 3744 707 3785 σου
766 3732 831 3785 τὸ
879 3732 1124 3802 ἀγαθὸν,
1170 3733 1265 3786 καὶ
1315 3731 1385 3786 τὸ
1444 3735 1662 3787 κακόν·

68 3818 324 3881 ἔκλεξαι
347 3819 411 3872 τὸ
441 3820 681 3889 ἀγαθόν.
721 3824 832 3877 Καὶ
860 3824 1022 3878 πάλιν
1052 3824 1141 3878 διὰ
1183 3824 1404 3879 Ἡσαΐου
1431 3825 1522 3879 τοῦ
1554 3825 1669 3879 ἐτέ-

74 3926 176 3976 ρου
216 3911 523 3982 προφήτου,
572 3911 649 3975 ὼς
679 3913 787 3966 ἀπὸ
830 3912 921 3966 τοῦ
954 3915 1167 3986 Πατρὸς
1221 3915 1331 3970 τῶν
1385 3915 1524 3995 ὅλων
1572 3916 1667 3971 καὶ

73 4004 357 4057 Δεσπὸτου
390 4002 523 4055 Θεοῦ
557 4006 641 4068 εἰς
689 4005 845 4058 τοῦτο
881 4006 1140 4079 λεχθῆναι
1171 4007 1375 4072 οὕτως·
1433 4012 1670 4065 Aonida—

73 4098 214 4155 σθε,
261 4094 507 4162 καθαροὶ
569 4094 851 4164 “ﬁt-8008'
911 4097 1167 4166 ἀφέλετε
1221 4098 1329 4164 τὰς
1376 4100 1670 4168 πονηρίας

75 4186 202 4238 ἀπὸ
264 4183 387 4237 τῶν
436 4184 653 4255 ψυχῶν
711 4186 897 4255 ὑμῶν,
942 4188 1161 4257 μάθετε
1195 4188 1385 4243 καλὸν
1438 4188 1665 4242 ποιεῖν·

76 4278 331 4343 κρίνατε
394 4275 635 4345 ὀρφανῷ
659 4316 674 4340 ,
742 4278 841 4331 καὶ
886 4278 1238 4333 δικαιώσατε
1298 4280 1517 4349 χήραν·
1572 4279 1672 4334 καὶ

76 4367 279 4430 δεῦτε,
320 4370 419 4421 καὶ
463 4368 887 4440 διαλεχθῶμεν,
925 4371 1087 4442 λέγει
1134 4373 1368 4439 Κύριος.
1405 4372 1514 4425 Καὶ
1563 4371 1672 4425 ἐὰν

75 4448 236 4513 ὦσεν
272 4462 335 4512 ai
363 4460 644 4528 ἁμαρτίαι
667 4458 835 4529 ὑμῶν
870 4461 953 4526 ὡς
978 4461 1309 4529 φοινικοῦν,
1339 4462 1480 4515 ὡσεὶ
1504 4463 1670 4530 ἔριον

1755 1956 2023 2011 malorum
2075 1970 2301 2011 causam
2330 1972 2474 2022 esse,
2509 1973 2574 2013 ac
2630 1959 2902 2013 contraria
2941 1961 3044 2015 sibi
3106 1962 3209 2032 ipsi
3256 1964 3340 2016 fa-

1753 2061 1883 2102 cere
1931 2057 2333 2115 statueremus;
2376 2048 2463 2103 vel
2493 2064 2679 2103 verum
2731 2051 2887 2106 nobis
2928 2052 3205 2110 videretur
3254 2055 3334 2122 id,

1755 2137 1824 2193 de
1860 2132 1971 2208 quo
1999 2139 2111 2209 jam
2158 2140 2475 2206 diximus“,
2514 2141 2649 2195 nihil
2673 2156 2797 2197 esse
2839 2144 3095 2200 virtutem
3137 2156 3233 2201 aut
3255 2149 3339 2203 vi-

1756 2230 1933 2297 tium,
1988 2231 2083 2287 sed
2127 2231 2245 2286 sola
2295 2233 2549 2303 opiniOue
2601 2235 2746 2289 bona
2800 2245 2893 2290 aut
2951 2238 3092 2293 mala
3147 2241 3341 2313 dijudi‘

1757 2325 1898 2393 cari,
1928 2340 2050 2394 qua:
2078 2325 2344 2397 profecto,
2383 2337 2443 2382 ut
2472 2342 2601 2382 vera
2642 2329 2784 2384 ratio
2822 2332 3186 2399 demonstrat,
3214 2354 3335 2391 ina-

1759 2417 1907 2474 xima
1936 2418 2193 2490 impietas
2211 2428 2267 2476 et
2298 2420 2565 2490 iniustitia
2594 2436 2697 2481 est.
2733 2427 2841 2482 Sed
2873 2427 3047 2484 fatum
3072 2430 3339 2486 inelucta-

1758 2511 1870 2567 bile
1904 2510 2037 2566 illud
2067 2527 2193 2568 esse
2219 2513 2492 2580 dicimus,
2525 2517 2631 2583 his,
2663 2520 2754 2587 qui
2784 2520 2923 2575 bona
2957 2522 3186 2593 eligunt,
3220 2540 3341 2580 me-

1761 2604 1870 2658 rita
1904 2606 2128 2675 praemia
2155 2646 2175 2671 ,
2208 2607 2297 2663 his
2322 2624 2450 2664 vero
2471 2610 2567 2680 qui
2599 2613 2894 2678 contraria,
2928 2615 3165 2671 debitam
3195 2633 3339 2673 mer-

1759 2697 1971 2753 cedem.
2018 2698 2205 2769 Neque
2250 2700 2395 2756 enim
2442 2711 2501 2757 ut
2548 2714 2786 2771 caetera,
2834 2716 2961 2776 puta
3013 2709 3242 2765 arbores
3285 2720 3341 2765 et

1759 2792 2171 2862 quadrupedes,
2211 2806 2333 2861 qua:
2365 2792 2499 2848 nihil
2523 2792 2731 2863 judicio
2759 2807 2814 2852 et
2842 2799 3121 2857 voluntate
3152 2800 3342 2857 facere

1760 2893 2027 2954 possunt,
2070 2884 2145 2938 ita
2179 2883 2323 2940 Deus
2347 2886 2626 2942 hominem
2652 2888 2807 2944 fecit.
2841 2888 2957 2945 Non
2985 2891 3130 2946 enim
3159 2907 3341 2948 remu-

1762 2976 2046 3032 neratione
2087 2987 2182 3032 aut
2227 2977 2391 3034 laude
2433 2980 2633 3051 dignus
2662 2982 2831 3049 foret,
2863 2984 2911 3039 si
2940 2998 3007 3041 ex
3034 2986 3215 3057 seipso
3244 2988 3343 3043 bo-

1764 3086 1894 3126 num
1922 3086 2031 3126 non
2056 3071 2308 3142 eligeret,
2340 3087 2528 3130 verum
2560 3076 2632 3131 ita
2669 3088 2833 3133 natus
2866 3089 3040 3145 esset;
3087 3096 3189 3136 nec
3230 3097 3343 3136 me-

1766 3166 1895 3230 rito,
1930 3167 1973 3221 si
2007 3167 2185 3223 malus
2230 3178 2411 3234 esset,
2442 3171 2752 3239 puniretur,
2778 3182 2836 3226 ut
2865 3173 2960 3243 qui
2988 3189 3096 3229 non
3125 3190 3190 3230 ex
3220 3190 3344 3231 sese

1771 3260 1896 3314 talis
1920 3258 2081 3325 foret,
2111 3260 2206 3317 sed
2233 3259 2381 3317 aliud
2407 3262 2475 3317 ab
2504 3278 2592 3329 eo,
2616 3265 2759 3335 quod
2793 3276 2957 3322 natus
2982 3264 3196 3335 iuisset,
3220 3284 3343 3325 esse

1768 3369 1874 3408 non
1910 3366 2115 3422 posset.

1836 3447 1932 3503 44.
1969 3446 2095 3503 Haec
2124 3448 2305 3505 edocti
2342 3466 2530 3505 sumus
2570 3466 2599 3504 a
2637 3462 2829 3506 sancto
2864 3452 3071 3521 Spiritu
3110 3458 3349 3526 prOphe-

1770 3540 1899 3607 tico,
1940 3542 2033 3611 qui
2062 3557 2163 3612 per
2193 3541 2435 3613 Moysem
2471 3551 2701 3599 testatur
2722 3545 2797 3609 ei,
2824 3545 2917 3614 qui
2944 3547 3153 3615 primus
3185 3564 3347 3604 crea-

1768 3644 1859 3687 tus
1910 3643 2014 3699 est,
2055 3634 2262 3689 homini
2298 3634 2414 3690 hare
2445 3634 2612 3688 Deum
2650 3635 2810 3689 verba
2845 3637 3093 3692 dixisse:
3121 3638 3260 3693 Ecce
3289 3641 3346 3694 in

1769 3734 2046 3793 conspectu
2075 3736 2165 3779 tuo
2197 3726 2394 3780 bonum
2458 3735 2506 3781 et
2553 3726 2754 3780 malum
2778 3742 2800 3781 :
2844 3727 2977 3797 elige
3040 3729 3231 3784 bonum
3258 3731 3343 3795 ⁹⁸;

1769 3827 1824 3872 et
1858 3833 2050 3872 rursus
2080 3833 2176 3887 per
2226 3815 2422 3873 Isaiam
2476 3815 2642 3871 alium
2695 3817 3018 3888 prophetam
3060 3820 3180 3876 haec
3224 3832 3346 3876 tan-

1770 3923 1935 3978 quam
1968 3924 2035 3963 ει
2067 3923 2302 3979 persona
2332 3910 2584 3978 parentis
2617 3908 2997 3965 universorum
3037 3922 3092 3967 et
3126 3912 3349 3969 Domini

1770 4000 1865 4055 Dei
1900 4000 1953 4054 in
2008 4000 2254 4055 eamdem
2292 4001 2617 4055 sententiam
2659 4001 2805 4056 dicta
2843 4017 3008 4059 esse:
3042 4003 3343 4073 Lavansins',

1768 4092 1956 4144 mundi
2012 4101 2198 4157 estote,
2233 4091 2442 4160 auferte
2484 4093 2628 4145 mala
2689 4109 2755 4148 ea:
2805 4097 3083 4152 animabus
3145 4102 3346 4167 vestris,

1772 4184 1965 4238 discite
1997 4184 2169 4252 facere
2202 4186 2688 4256 bonum;jadicate
2716 4188 2941 4258 pupillo,
2970 4200 3017 4243 et
3051 4190 3349 4260 justiﬁcate

1771 4278 2017 4340 viduam;
2046 4288 2093 4329 ct
2121 4278 2288 4331 uenite
2317 4287 2364 4331 et
2393 4279 2761 4347 disceptemtss,
2801 4281 2925 4333 dicit
2958 4280 3236 4335 Dominus.
3276 4282 3347 4335 Et

1774 4368 1825 4422 si
1856 4367 2054 4435 fuerint
2102 4378 2321 4436 peccata
2376 4380 2547 4423 vestra
2599 4371 2755 4438 quasi
2807 4370 3161 4439 phwniceum,
3213 4373 3350 4427 sicut

1775 4464 1956 4517 lanam
1986 4463 2279 4527 dealbabo;
2302 4474 2347 4518 et
2373 4465 2419 4519 si
2448 4464 2673 4533 fuerint,
2702 4474 2759 4518 ut
2786 4467 3077 4531 coccinum,
3102 4468 3237 4520 sicut
3261 4469 3349 4520 ni-

72 4548 392 4604 νίενκανῶέ
440 4550 538 4604 καὶ
569 4551 678 4603 ἐὰν
709 4546 861 4606 ὦσιν
912 4552 993 4618 ὡς
1048 4552 1348 4614 κόκκινον,
1388 4553 1469 4617 ὡς
1495 4553 1656 4622 χιόνα

1844 4570 1885 4607 m
1910 4554 2186 4610 dealbabo.
2229 4553 2295 4608 Et
2320 4556 2367 4609 si
2398 4556 2668 4610 volueritis
2691 4567 2738 4612 et
2761 4558 3038 4613 audieritis
3070 4575 3171 4625 me,
3210 4558 3348 4613 bona

77 4642 383 4696 .ltvzaré.
411 4644 519 4697 Καὶ
545 4644 654 4697 ἐὰν
693 4642 924 4711 θέλητε,
971 4643 1068 4697 καὶ
1103 4643 1506 4711 είσακούσητέ
1522 4662 1664 4712 μου,

78 4746 152 4783 τε
189 4734 388 4804 ἀγαθὰ
410 4733 520 4802 τῆς
548 4734 663 4805 rﬁc
697 4734 990 4805 φάτεσθε·
1038 4736 1147 4790 ἐὰν
1174 4734 1242 4789 δὲ
1267 4733 1354 4804 μὴ
1389 4737 1669 4791 εἰσακού-

80 4818 227 4883 σητέ
284 4840 441 4893 μου,
492 4824 760 4894 μάχαιρα
816 4823 972 4898 ὑμᾶς
1022 4826 1348 4880 κατέδεται.
1411 4827 1483 4881 Τὸ
1557 4827 1669 4898 γὰρ

76 4909 279 4976 crepa
309 4916 532 4982 Κυρίου
571 4897 870 4984 ualuas.
894 4917 1099 4971 ταῦτα.
1148 4918 1221 4970 Τὸ
1250 4917 1307 4971 δὲ
1340 4897 1671 4991 προειρημέ-

1774 4658 1931 4701 terra:
1959 4648 2275 4711 comedetis;
2306 4649 2350 4702 si
2380 4664 2502 4702 vero
2545 4664 2649 4703 non
2693 4650 2968 4703 audieritis
2998 4665 3100 4716 me,
3138 4651 3362 4721 gladius

1773 4741 2013 4807 deposcet
2046 4755 2157 4793 vos.
2206 4738 2280 4794 0s
2309 4740 2451 4794 enim
2500 4739 2717 4794 Domini
2768 4741 2999 4795 locutum
3030 4752 3106 4796 est
3146 4743 3258 4797 hac
3291 4746 3362 4799 ".

1775 4828 1932 4896 Quod
1969 4838 2150 4886 autem
2185 4831 2389 4886 dictum
2420 4832 2793 4903 εεῑηϐίαάἰιιι
2823 4834 3068 4903 depascet
3100 4852 3209 4899 vos,
3253 4853 3364 4894 non

1778 4922 1922 4977 hanc
1950 4923 2060 4976 vim
2087 4931 2149 4977 et
2196 4923 2524 4978 sententiam
2559 4924 2749 4989 habet,
2798 4932 2859 4978 ut
2891 4925 3073 4995 gladio
3117 4940 3255 4982 neca
3274 4932 3368 4984 ndi

147 5063 401 5138 “Supra
445 5085 501 5123 n.
532 5070 587 5124 8.
666 5069 713 5102 ”
754 5069 910 5125 Deut.
943 5087 1075 5140 xxx,
1104 5070 1171 5127 15
1191 5080 1247 5128 et
1284 5072 1371 5127 i9.
1448 5074 1501 5105 ”
1538 5074 1643 5130 lsa.
1678 5074 1942 5143 1,16-20.

148 5228 226 5295 .3)
268 5230 341 5283 El
394 5228 507 5297 γὰρ
556 5229 847 5299 εἵμαρται.
916 5228 1108 5284 Nescio
1156 5245 1253 5284 cur
1298 5230 1483 5299 legere
1542 5232 1674 5287 velit

81 5304 129 5354 εί
158 5301 212 5351 ῐέ
259 5300 570 5354 Thirlbius.
613 5298 733 5353 Mox
781 5300 844 5352 ll.
891 5298 1201 5368 Stephanus
1231 5298 1503 5355 levissima
1534 5318 1672 5356 con-

72 5370 119 5435 jt'
131 5370 228 5443 ctu
237 5386 299 5421 ra
315 5370 636 5443 degentium
650 5379 805 5435 putat
829 5370 1175 5443 ἀποδεκτέος,
1209 5372 1291 5425 vel
1326 5373 1598 5443 μεμπτός.

153 5440 235 5509 (9)
315 5438 806 5510 'Azogcawdywa.
883 5440 1073 5496 Melius
1143 5438 1341 5495 visum'
1390 5438 1672 5499 nonnullis

80 5510 545 5581 ἀποφαινώμεθα.

153 5582 275 5651 (10)
340 5579 499 5635 Ἀλλ’
520 5581 902 5650 εἱμαρμένην.
954 5579 1225 5638 Similiter
1262 5583 1516 5639 Clemens
1542 5585 1674 5639 Διεσ-

85 5653 497 5743 xandrinusqt‘lle
531 5655 798 5743 bonorum
830 5653 1172 5743 etimit-lorum
1208 5656 1670 5743 praernii‘s‘Sti-om.

84 5740 177 5783 vn.
212 5739 343 5791 pag.
388 5722 530 5777 710:
567 5722 710 5844 αύτὲ
738 5740 840 5775 που
872 5725 905 5794 ἡ
958 5723 1293 5795 Ἀδράστεια,
1328 5723 1450 5805 καθ’
1473 5725 1540 5795 ἢν
1574 5725 1673 5778 οὐκ

82 5793 192 5846 ἔστι
223 5794 519 5864 διαδρᾶναι
550 5795 640 5847 τὸν
714 5792 820 5847 εον.
875 5794 1003 5848 lltcc
1044 5807 1118 5847 est
1177 5797 1451 5864 Adrastia,
1484 5812 1669 5848 secun-

76 5872 208 5917 dum
240 5862 411 5935 quam
449 5865 616 5917 Deum
646 5864 877 5933 effugere
920 5882 1025 5919 non
1056 5866 1195 5920 licet.
1230 5862 1318 5921 Sic
1351 5868 1516 5921 etiam
1546 5866 1672 5922 llic-

420 5959 701 6019 PATBOL.
738 5957 857 6018 Gn.
898 5958 1005 6020 VI.

1779 5233 1955 5288 rocles
1996 5235 2048 5289 in
2089 5234 2231 5291 libro
2261 5235 2339 5290 De
2386 5234 2733 5292 Providentia
2780 5247 2828 5291 et
2858 5235 2999 5293 Fato
3038 5238 3182 5306 apud
3213 5235 3355 5291 Pho-

1780 5306 1943 5367 tium,
1970 5307 2091 5379 cod.
2121 5306 2246 5379 Si},
2279 5308 2555 5361 statuebat
2588 5308 2700 5379 τὴν
2755 5307 3003 5379 μέντοιγε
3031 5311 3097 5379 τῇ
3128 5307 3355 5378 προνοίᾳ

1779 5376 2153 5448 συνεπομένην
2177 5376 2333 5449 δίκην
2362 5376 2703 5449 είμαρμένήν
2735 5376 3038 5440 καλεῖσθαι,
3070 5376 3353 5447 justitiam

1777 5462 1897 5517 quia
1922 5463 1997 5517 ea:
2019 5448 2354 5517 providentia
2388 5448 2752 5517 consequitur,
2778 5450 2951 5515 fatum
2976 5450 3174 5502 vocari.

1853 5516 1964 5585 (il)
2005 5516 2090 5582 Τῷ
2131 5517 2339 5586 πρώτῳ
2371 5516 2725 5573 πλασθέντι.
2780 5520 2836 5572 Si
2886 5521 3050 5573 verba
3097 5527 3353 5587 specten-

1784 5597 1891 5649 tur,
1928 5604 2033 5642 non
2066 5591 2240 5655 primo
2270 5590 2478 5643 homini
2517 5589 2661 5644 dicta
2693 5599 2852 5653 sunt;
2899 5589 3016 5651 sed,
3069 5597 3128 5640 ut
3160 5588 3355 5643 obser—

1782 5668 1874 5711 vat
1902 5656 2224 5721 Grabius,ex
2263 5675 2333 5712 xv
2379 5659 2750 5714 Ecclesiastici
2785 5670 2840 5712 et
2868 5674 2974 5712 xxx
3016 5658 3358 5713 Deuteronov

1781 5729 1872 5780 mii
1918 5739 2044 5783 sunt
2080 5731 2267 5798 petita.
2298 5729 2405 5784 Sed
2454 5740 2634 5785 tamen
2667 5730 2712 5783 si
2744 5742 2935 5784 sensus
2959 5729 3356 5793 consideretur,

1779 5801 1911 5921 slatis
1956 5800 2073 5855 haec
2119 5812 2433 5870 congruunt
2481 5816 2605 5856 cum
2666 5799 2735 5853 iis
2779 5812 2901 5867 quae
2954 5800 3098 5854 Deus
3147 5800 3354 5858 Alam:

1780 5880 1941 5921 tmt.

1780 5880 1941 5923 ιιιιιι.

3007 5965 3080 6024 13
