3770 6480
126 354 218 410 397

1230 348 1572 407 APOLOGIA
1606 349 1627 403 l
1662 346 1797 403 1³1ιο
1830 345 2291 403 CHRISTIANIS.

3251 348 3354 404 398

126 483 198 519 σιν
228 464 335 535 (16)
363 465 677 535 πεποίηται·
708 465 1049 519 ὲπακούσατε
1080 463 1191 517 τῶν
1231 464 1536 536 εἰρημένων
1592 462 1671 516 διὰ

1826 461 1896 525 it;
1965 461 2150 515 audite
2198 459 2475 531 prophetae
2527 460 2748 515 Davidis
2807 462 2992 528 verba,
3048 479 3169 533 qum
3230 476 3359 519 sunt

124 558 269 613 A16i6
307 556 396 610 τοῦ
428 558 725 628 προφήτου.
765 558 920 610 Ἔστι
958 557 1014 611 δὲ
1057 556 1257 611 ταῦτα·
1285 554 1470 611 Εἶπεν
1505 560 1537 610 ὀ
1561 557 1677 609 Κύ-

116 666 231 716 ριος
258 648 333 712 τῷ
374 649 571 716 Κυρίῳ
613 665 753 717 μου·
787 648 984 702 Κάθου
1037 648 1106 701 ἐκ
1152 646 1365 711 δεξιῶν
1386 665 1525 716 μου,
1569 646 1679 713 ἕως

124 741 192 796 ἂν
203 739 277 795 θῶ
291 740 426 807 τοὺς
438 741 689 809 ἐχθρούς
708 757 824 794 σου
844 739 1177 794 ὑποπόδιον
1191 738 1309 793 τῶν
1328 738 1528 792 ποδῶν
1540 755 1674 791 σου.

133 834 361 889 Ῥἁϐδον
416 832 723 903 δυνάμεως
777 832 1179 898 ἐξαποστελεῐ
1229 848 1327 885 σοι
1366 834 1581 900 Κύριος
1609 831 1678 896 ἐξ

131 924 527 995 Ἰερουσαλήμ·
588 926 686 979 καὶ
758 926 1145 994 κατακυρίευε
1211 925 1281 977 ἐν
1337 926 1505 993 μέσῳ
1562 923 1680 977 τῶν

120 1018 325 1086 ἐχθρῶν
350 1034 485 1072 σου.
525 1022 685 1072 Μετὰ
723 1018 838 1073 σοῦ
863 1020 900 1087 τ’)
928 1017 1085 1087 ἀρχὴ
1118 1019 1187 1070 ἐν
1220 1017 1408 1087 ἡμέρᾳ
1437 1017 1547 1085 τῆς
1571 1017 1677 1071 δυ-

120 1108 325 1179 νάμεώς
350 1125 469 1165 σου
498 1110 567 1163 ἐν
597 1110 723 1177 ταῖς
766 1113 1144 1181 λαμπρότησι
1170 1111 1291 1164 τῶν
1315 1112 1499 1180 ἁγίων
1539 1126 1674 1163 σου.

132 1205 218 1257 Ἐκ
243 1204 492 1273 γαστρὸς
530 1204 641 1271 πρὸ
686 1204 995 1273 ἑωσφόρον
1022 1202 1321 1272 ἐγέννησά
1348 1220 1438 1256 σε.
1490 1202 1563 1254 Τὸ
1585 1198 1678 1254 οὖν

122 1296 400 1368 εἰρημένον,
440 1296 691 1350 Ῥάϐδον
721 1295 1028 1365 δυνάμεως
1057 1295 1455 1359 ἐξαποστελεῖ
1479 1315 1577 1354 σοι
1608 1301 1678 1366 ἐξ

132 1382 512 1457 Ἰερουσαλὴμ,
543 1387 970 1460 προαγγελτικὸν
999 1386 1093 1441 τοῦ
1120 1388 1279 1457 λόγου
1310 1388 1402 1442 τοῦ
1432 1392 1675 1463 ἰσχυροῦ,

120 1480 168 1533 ὃν
195 1480 292 1532 ἀπὸ
335 1480 695 1552 Ἰερουσαλὴμ
745 1483 793 1534 οἱ
824 1480 1113 1535 ἀπόστολοι
1146 1482 1310 1535 αὑτοῦ
1346 1481 1674 1550 ἐξελθόντες,

121 1571 363 1642 πανταχοῦ
401 1572 501 1643 ὲκή
514 1572 696 1644 ρυξαν.
732 1572 949 1645 Καίπερ
978 1573 1209 1627 θανάτου
1241 1573 1351 1645 (17)
1372 1576 1678 1647 ὁρισθέντος

124 1665 243 1717 κατὰ
299 1665 403 1718 τῶν
462 1665 844 1731 διδασκόντων,
898 1666 931 1736 ἢ
993 1668 1131 1731 ὅλως
1185 1668 1588 1738 ὁμολογούντων
1618 1672 1678 1724 τὸ

119 1758 265 1827 ὄνομα
301 1758 389 1810 τοῦ
442 1757 705 1830 Χριστοῦ,
749 1761 912 1831 ἡμεῖς
959 1760 1235 1832 πανταχοῦ
1280 1763 1374 1815 καὶ
1432 1761 1675 1826 ἀσπαζό-

1782 552 2088 621 cjusmodi:
2146 554 2289 607 Dixit
2363 553 2621 608 Dominus
2679 555 2905 609 Domino
2950 574 3064 612 meo
3092 574 3111 612 :
3162 563 3284 613 sede
3323 578 3356 613 a

1781 647 1983 700 dextris
2032 648 2201 701 meis:
2249 647 2414 701 donec
2461 663 2655 717 ponam
2698 649 2940 704 inimicos
2991 662 3107 706 tuos
3156 655 3356 707 scabel-

1780 738 1891 790 lum
1937 741 2131 806 pedum
2190 749 2426 793 tuorum.
2498 737 2709 810 Virgam
2770 742 2977 797 uirtutis
3019 745 3218 799 emittet
3264 747 3358 801 tibi

1781 829 2040 884 Dominus
2062 847 2127 885 ea:
2154 830 2490 885 Hierusalem
2514 850 2534 888 .°
2571 843 2622 887 et
2660 835 2932 889 dominare
2969 836 3022 889 in
3050 838 3221 891 medio
3252 838 3357 893 ini-

1781 922 2039 995 micorum
2087 930 2321 977 tuorum.
2357 923 2548 977 Tecum
2584 926 2909 993 principatus
2955 929 3011 980 in
3047 929 3132 981 die
3170 941 3358 997 polen-

1782 1014 1873 1067 tia:
1914 1024 2020 1069 tute
2074 1016 2129 1069 in
2180 1017 2545 1085 splendoribus
2607 1029 2909 1073 sanctorum
2980 1030 3214 1080 tuorum.
3273 1022 3359 1079 Em

1780 1116 1928 1161 utero
1960 1118 2079 1161 ante
2102 1109 2380 1177 luciferum
2415 1112 2572 1180 genui
2600 1124 2649 1165 te
2671 1112 2739 1166 ³⁸.
2773 1112 2925 1178 Quod
2962 1113 3127 1181 igitur
3154 1116 3355 1170 dictum

1781 1209 1907 1253 est:
1953 1198 2167 1271 Virgam
2222 1204 2435 1257 virtutis
2478 1207 2676 1259 emittet
2718 1206 2812 1260 tibi
2857 1224 2922 1261 ea:
2972 1207 3310 1263 Hierusalem
3336 1250 3354 1275 ,

1781 1290 2223 1360 prtesignilicatio
2256 1304 2375 1348 erat
2406 1296 2644 1363 potentis
2684 1296 2829 1350 illius
2873 1298 3155 1364 doctrinae,
3192 1314 3354 1368 quam

1780 1381 1901 1449 ejus
1933 1382 2164 1451 apostoli
2224 1384 2619 1457 Hierosolymis
2657 1388 2891 1455 profecti
2925 1390 3126 1459 ubique
3156 1392 3358 1459 [medi-

1781 1486 2068 1530 caverunt.
2124 1476 2191 1531 Et
2240 1479 2492 1547 quamvis
2527 1495 2674 1535 mors
2699 1482 2916 1537 decreta
2946 1492 3003 1537 et
3051 1486 3355 1541 constituta

1779 1566 1852 1621 sit
1902 1568 2226 1625 docentibus
2284 1579 2379 1624 aut
2436 1573 2663 1627 omnino
2706 1574 3091 1631 conﬁtentibus
3154 1592 3354 1632 nomen

1780 1657 2012 1725 Christi,
2054 1676 2152 1715 nos
2182 1662 2387 1733 ubique
2444 1674 2500 1718 et
2548 1665 2930 1735 amplectimur
2976 1678 3031 1722 et
3070 1668 3353 1725 docemus.

1780 1751 1934 1819 Quod
1970 1754 2015 1808 si
2051 1770 2147 1809 vos
2178 1756 2281 1825 71
2310 1771 2523 1827 quoque
2548 1758 2662 1813 hazc
2682 1759 2865 1815 animo
2894 1760 3111 1817 inimico
3144 1762 3353 1832 legetis,

124 1849 260 1919 μεθα,
294 1852 383 1903 καὶ
417 1850 765 1922 διδάσκομεν.
808 1852 871 1904 El
920 1851 977 1904 δὲ
1031 1854 1125 1905 καὶ
1161 1854 1320 1923 ὑμεῖς
1374 1854 1449 1918 ὡς
1495 1854 1671 1925 ἐχθροὶ

1821 1843 1916 1897 ibil
1950 1846 2203 1915 amplius,
2238 1859 2295 1901 ut
2324 1847 2438 1915 jam
2465 1850 2705 1906 diximus
2731 1852 2798 1916 “,
2825 1853 3053 1922 potestis
3072 1867 3233 1923 quam
3262 1869 3357 1909 oc-

122 1942 403 2008 ὲντεύξεσθε
431 1943 610 1997 τοῖσδε
658 1946 773 2006 τοῖς
797 1943 996 2012 λόγοις,
1037 1944 1099 1997 ού
1134 1944 1295 1997 πλέον
1339 1963 1391 1998 τι
1422 1945 1672 2011 δύνασθε,

123 2030 532 2105 ὡςπροέφημεν,
575 2034 668 2087 τοῦ
722 2035 998 2104 φονεύειν·
1052 2036 1189 2107 ὅπερ
1236 2039 1368 2108 ἡμῖν
1401 2038 1499 2109 μὲν
1524 2038 1675 2091 οὐδε-

127 2125 233 2193 μίαν
280 2126 479 2198 βλάϐην
513 2128 703 2199 φέρει·
752 2130 880 2199 ὑμῖν
910 2128 966 2181 δὲ
1021 2128 1117 2181 καὶ
1148 2131 1280 2183 πᾶσι
1324 2134 1438 2194 τοῖς
1477 2132 1677 2195 ἀδίκως

124 2214 455 2285 ὲχθραίνουσι,
507 2221 605 2273 καὶ
660 2220 733 2291 μὴ
798 2219 1275 2292 μετατιθεμένοις,
1322 2223 1542 2276 κόλασιν
1588 2225 1675 2277 διὰ

126 2307 267 2376 παρος
302 2308 525 2363 αἰωνίαν
556 2310 867 2381 ἐργάζεται.

182 2399 255 2453 46.
290 2402 403 2453 Ἵνα
431 2401 489 2455 δὲ
533 2403 608 2474 μή
656 2420 801 2467 τινες
832 2404 1297 2473 ἀλογισταίνοντες
1330 2409 1409 2470 εἰς
1442 2408 1674 2481 ἀποτρο-

128 2492 211 2563 πὴν
254 2494 354 2564 (18)
388 2494 496 2548 τῶν
528 2495 927 2567 δεδιδαγμένων
961 2498 1051 2566 ὑφ’
1092 2498 1243 2569 ἡμῶν
1287 2501 1481 2553 εῐπωσι
1506 2541 1520 2565 ,
1570 2503 1676 2573 πρὸ

125 2586 234 2638 ἑτῶν
253 2587 435 2640 ἑκατὸν
468 2589 838 2659 πεντήκοντα(
846 2589 929 2660 19)
946 2592 1303 2663 γεγεννῆσθαι
1328 2593 1419 2646 τὸν
1442 2594 1674 2664 Χριστὸν

124 2678 269 2746 λέγειν
298 2682 437 2751 ἡμᾶς
471 2682 566 2734 ἐπὶ
597 2682 869 2754 Κυρηνίου
893 2723 907 2745 ,
954 2683 1286 2754 δεδιὼχὲναι
1320 2685 1376 2738 δὲ
1419 2686 1453 2739 ἃ
1496 2704 1675 2757 φαμεν

122 2768 293 2836 διδάξαι
321 2773 478 2825 αὑτὸν
513 2772 744 2845 ὕστερον
781 2775 994 2845 χρόνοις
1018 2777 1111 2831 ἐπὶ
1136 2777 1361 2829 Ποντίου
1402 2778 1635 2832 Πιλάτου
1657 2822 1671 2846 ,

124 2860 197 2911 καὶ
224 2863 541 2917 ὲπικαλῶσιν
585 2864 695 2937 (20)
720 2906 735 2929 ,
777 2866 852 2929 ὡς
876 2867 1182 2921 ἀνευθύνων
1214 2868 1383 2922 όντων
1406 2871 1514 2924 τῶν
1542 2890 1676 2943 προ-

124 2956 464 3025 γεγενημένων
494 2959 716 3011 πάντων
738 2958 1061 3030 ἀνθρώπιον,
1093 2960 1395 3028 φθάσαντες
1417 2962 1514 3033 τὴν
1542 2964 1676 3017 ἀπο-

128 3045 225 3113 ρίαν
252 3045 552 3117 λυσώμεθα.
593 3050 695 3101 Τὸν
736 3051 970 3121 Χριστὸν
1017 3053 1360 3124 πρωτότοκον
1400 3055 1494 3108 τοῦ
1539 3056 1674 3110 Θεοῦ

127 3133 235 3245 εἶναι
250 3140 619 3213 ἐδιδάχθημεν,
633 3143 726 3195 καὶ
740 3144 1197 3216 προεμηνύσαμεν
1214 3146 1369 3215 λόγον
1393 3148 1522 3202 ὄντα
1537 3150 1669 3222 (21),
1699 3188 1741 3245 C

127 3223 173 3282 οὗ
194 3232 285 3283 πᾶν
308 3233 457 3301 γένος
479 3234 784 3305 ἀνθρώπιον
821 3237 1049 3307 μετέσχε
1072 3254 1085 3268 ·
1123 3240 1217 3292 καὶ
1250 3241 1298 3291 οἱ
1341 3240 1683 3321 μερσλόγου¹

130 3323 380 3409 βγιὼσαντες
413 3330 734 3409 Χῗριστιαίνοί
766 3332 872 3383 εἰσι
897 3370 911 3393 ,
948 3330 1050 3383 κᾶν
1084 3331 1231 3386 ἄθεοι
1275 3333 1668 3405 ἐνομίσθησαν·

127 3407 213 3466 οἷον
240 3414 303 3468 ἐνί
322 3408 548 3492 Ἕλλησι
698 3421 1674 3567 5W1

128 3508 165 3557 oi
188 3508 338 3567 ὅμοιοι
360 3512 571 3567 αὐτοῖς·
594 3514 652 3565 ὲν
684 3512 824 3567 Βαοὸ
868 3531 982 3567 om:
1011 3515 1067 3567 δὲ
1098 3514 1368 3567 ’Λϐοαὰιι.
1405 3518 1499 3567 καὶ
1527 3519 1674 3567 Ἀνα-

128 3508 165 3557 oi
188 3508 338 3578 ὅμοιοι
360 3512 571 3577 αὐτοῖς·
594 3514 652 3565 ὲν
683 3508 1067 3585 βαρὸάῇιῖξδὲ
1098 3514 1368 3587 Ἀϐραὰμ,
1405 3518 1499 3570 καὶ
1527 3519 1675 3571 Ἀνα-

128 3598 241 3663 νίας,
261 3606 348 3656 καὶ
374 3605 653 3677 Ἀζαρίας,
680 3606 775 3659 καὶ
798 3606 1040 3679 Μισαὴλ,
1062 3609 1157 3661 καὶ
1183 3608 1387 3673 Ἠλίας,
1407 3611 1502 3663 καὶ
1525 3610 1673 3664 ἄλλοι

90 3728 101 3737 κ
132 3691 314 3755 πολλοὶ,
355 3687 425 3747 ὦν
468 3695 573 3758 τὰς
617 3696 843 3767 πράξεις
884 3697 917 3767 ἢ
963 3696 1033 3749 τὰ
1067 3698 1307 3769 ὀνόματα
1351 3700 1673 3769 καταλέγειν

134 3784 302 3853 μακρὸν
360 3783 495 3841 εἶναι
560 3789 947 3859 ἐπιστάμενοι,
1018 3791 1183 3844 τανῦν
1234 3792 1668 3863 παραιτούμεθα.

134 3874 263 3927 Ὥστε
310 3879 397 3931 καὶ
446 3881 495 3932 οἱ
542 3881 934 3952 προγενόμενοι
988 3882 1117 3935 ἄνευ
1160 3881 1320 3951 λόγου
1375 3882 1671 3953 βιώσαντες

132 3964 350 4038 ἄχρηστοι
380 3972 471 4024 καὶ
515 3972 702 4044 ἐχθροὶ
735 3973 813 4042 τῷ
859 3972 1080 4045 Χριστῷ
1125 3970 1301 4045 ἦσαν,
1353 3976 1459 4043 καὶ,
1491 3978 1671 4044 φονεῖς

133 4057 218 4110 τῶν
247 4063 368 4131 μετὰ
407 4059 569 4134 λόγου
617 4065 911 4135 βιούντων·
960 4067 1009 4119 οἱ
1059 4067 1115 4120 δὲ
1152 4067 1290 4138 μετὰ
1334 4067 1493 4137 λόγου
1546 4068 1672 4139 βιώ-

136 4166 288 4217 σαντες
306 4157 394 4209 καὶ
419 4157 664 4228 βιοῦντες
696 4160 1015 4231 Χριστιανοὶ
1050 4160 1184 4231 (22),
1223 4162 1316 4214 καὶ
1338 4160 1551 4230 ἄφοϐοι,
1576 4162 1669 4215 καὶ

134 4242 353 4317 ἀτάραχοι
392 4250 719 4322 ὑπάρχουσι.
769 4254 845 4304 Δι’
886 4253 951 4323 ἣν
985 4253 1030 4307 δ’
1072 4253 1253 4306 αἰτίαν
1274 4252 1361 4306 διὰ
1388 4253 1669 4324 δυνάμεως

134 4336 363 4408 τοῦλόγου
387 4343 525 4397 κατὰ
548 4343 646 4413 τὴν
675 4344 770 4396 τοῦ
795 4344 1010 4414 Πατρός
1044 4345 1261 4398 πάντων
1282 4344 1376 4397 καὶ
1396 4345 1667 4397 Δεσπότου

138 4428 243 4483 Θεοῦ
266 4432 463 4505 βουλὴν,
496 4434 591 4489 διὰ
626 4435 905 4508 Παρθένου
929 4435 1213 4507 ἅνθρωπος
1232 4435 1540 4507 άπεκυὴθη,
1574 4438 1668 4490 καὶ

84 4518 89 4531 ’
145 4517 311 4591 Ἰησοῦς
330 4528 717 4599 ἐπωνομάσθη,
754 4528 846 4582 καὶ
881 4528 1214 4597 σταυρωθεὶς
1239 4528 1525 4582 ἀποθανὼν
1547 4528 1667 4582 ἀνέ-

191 4678 227 4709 ’⁵
258 4680 387 4737 Psal.
409 4700 520 4751 cu,
554 4686 660 4740 1ο5.
751 4685 797 4716 ⁹⁶
836 4701 985 4739 num.
1020 4684 1056 4739 2
1082 4695 1136 4739 et
1158 4686 1241 4739 12.

193 4834 286 4904 (16)
335 4839 446 4907 Τὴν
477 4841 863 4908 ἑπικύρωσιν.
914 4839 1223 4908 Legendum
1280 4854 1401 4894 esse
1455 4838 1656 4893 ἐπιπύ-

1834 4838 1944 4908 (20)

142 4921 271 4978 {esset
298 4911 597 4966 observavit
622 4910 812 4968 Billius
846 4911 937 4966 lib.
957 4928 995 4965 tt
1028 4910 1243 4965 Observ.
1270 4927 1433 4969 sacr..
1459 4925 1578 4978 cap.
1602 4911 1656 4976 6,

143 4976 269 5048 idque
314 4984 493 5048 prohat
544 4999 609 5043 ex
663 4984 788 5037 aliis
835 4982 991 5045 locis,
1044 4982 1099 5034 in
1161 4981 1361 5048 quibus
1411 4976 1660 5034 Justinus

142 5042 255 5122 lianc
282 5042 454 5122 vocem
483 5042 728 5122 usurpat,
766 5067 958 5121 nempe
978 5042 1148 5121 'hujus
1180 5042 1351 5119 'Apol.
1386 5067 1442 5106 n.
1493 5050 1562 5105 57
1608 5058 1664 5105 et

99 5166 105 5173 .
142 5114 211 5178 ὕοι
237 5129 281 5173 et
306 5120 449 5184 Apol.
484 5123 542 5187 2,
577 5114 632 5176 ηξ
671 5114 723 5177 6.

200 5190 522 5260 (Π)Καίπερ
552 5193 829 5249 θανάτου.
888 5194 1177 5249 Prtemittil
1225 5194 1319 5247 καί
1371 5202 1497 5248 ante
1544 5191 1662 5246 haec

143 5260 273 5335 Verba
300 5260 577 5335 Thirlbius.
610 5266 691 5335 vel
722 5268 880 5333 paulo
906 5275 1027 5335 post
1049 5274 1175 5319 ante
1198 5267 1377 5335 ἡμεῖς.

200 5328 291 5399 (18)
324 5328 921 5407 Ἀποτροπήνςιάεηί
968 5334 1097 5405 legit
1154 5328 1503 5407 άνᾷτροπήν,
1567 5333 1662 5387 sed

148 5408 330 5471 prorsus
360 5407 625 5460 mendose.
656 5406 750 5459 His
774 5409 920 5461 enim
947 5406 1192 5460 occurrit
1221 5405 1469 5460 JuStinus
1493 5443 1509 5468 ,
1538 5418 1661 5471 quae

146 5465 200 5547 ξεί
234 5468 582 5547 fielorquenda
614 5474 761 5531 illius
791 5477 939 5531 dicta
977 5476 1151 5545 magis
1176 5492 1339 5547 quam
1388 5475 1459 5529 ad
1495 5465 1658 5530 refel-

147 5530 270 5609 lentia
290 5530 609 5609 spectabant.

203 5604 579 5680 (l9)7'Numerus
610 5618 896 5673 rotundus.
926 5615 1199 5671 Similiter
1224 5615 1318 5671 alii
1352 5617 1567 5679 Patres,
1600 5623 1662 5669 ut

149 5673 466 5756 Tertu'llianus
491 5687 558 5739 ad
589 5689 827 5743 nationes
856 5705 894 5751 ι,
912 5703 961 5742 c.
984 5684 1055 5739 7:
1085 5687 1264 5756 Igitur
1288 5687 1435 5741 letali
1465 5673 1661 5743 nostra:

150 5750 341 5828 'toftdunt
363 5757 477 5828 anni
508 5771 637 5821 ccc;
671 5761 762 5813 sed
791 5750 949 5828 paulo
977 5750 1183 5826 post,'c.
1203 5757 1237 5812 9
1260 5776 1273 5811 :
1293 5756 1565 5828 Utsupra,
1588 5758 1664 5809 in—

149 5821 530 5893 ﬂuit,cdidimus,
547 5821 931 5904 (etatisntistrw
952 5821 1182 5883 nondum
1198 5829 1326 5885 anni
1342 5821 1457 5883 ccc.
1480 5824 1658 5883 Οτι-ο.

1778 1937 1983 1994 cidere.
2031 1939 2186 2005 Quod
2241 1956 2373 1997 sane
2426 1943 2651 2013 nullqu
2686 1944 2843 1999 nobis
2890 1945 3145 2001 damnum
3170 1946 3351 2013 aﬂ'ert,

1777 2032 1934 2087 vobis
1956 2042 2135 2087 autem
2167 2049 2233 2090 ac
2252 2036 2507 2091 omnibus
2538 2035 2738 2105 injuste
2758 2038 2885 2091 odio
2922 2038 3354 2109 indulgentibtzs.

1778 2139 1880 2178 nec
1910 2124 2287 2194 pteuitentiam
2343 2129 2654 2198 agentibus,
2708 2140 2967 2185 aeternum
3022 2146 3120 2201 per
3172 2130 3354 2202 ignem

1777 2218 2106 2286 supplicium
2137 2220 2379 2279 coniicit.

1850 2400 1938 2454 46.
1963 2399 2039 2455 Ne
2066 2402 2155 2469 qui
2184 2411 2365 2456 autem
2394 2417 2422 2455 a
2450 2402 2663 2459 ratione
2688 2405 3028 2466 aberrantes.
3048 2406 3115 2460 ad
3141 2420 3202 2459 ea
3232 2421 3357 2476 qua

1776 2490 2067 2545 docuimus
2096 2492 2498 2561 detorquenda,
2518 2493 2797 2549 Christum
2821 2496 3007 2551 dicant
3030 2506 3159 2553 ante
3179 2513 3355 2553 annos

1777 2593 1995 2639 centum
2043 2596 2099 2641 et
2128 2588 2528 2657 quinquaginta
2578 2598 2767 2643 natum
2813 2605 2842 2644 a
2896 2590 3056 2645 nobis
3100 2592 3205 2646 dici
3253 2592 3356 2646 sub

1776 2676 2052 2746 Cyrenio,
2085 2693 2148 2733 ac
2186 2687 2308 2747 post
2363 2680 2493 2734 illud
2542 2689 2753 2751 tempus
2801 2698 2863 2736 ea
2913 2683 3197 2747 docuisse,
3230 2698 3355 2753 qua!

1776 2771 1952 2839 ipsum
1977 2771 2231 2826 docuisse
2267 2773 2640 2836 dicimus,sub
2656 2774 2854 2829 Pontio
2879 2775 3084 2841 Pilato;
3121 2775 3354 2843 indeque

1777 2863 2039 2929 consequi
2064 2862 2342 2929 obiiciant,
2366 2872 2422 2917 ut
2453 2865 2697 2920 insontes
2721 2866 2834 2920 sint
2860 2866 3112 2921 homines
3137 2880 3353 2932 omnes,

1777 2956 1866 3025 qui
1896 2966 2024 3011 ante
2056 2956 2185 3011 illud
2216 2968 2429 3027 tempus
2454 2958 2626 3023 fuere;
2648 2959 3001 3013 dubitationis
3019 2958 3353 3014 solutionem

1776 3050 2187 3119 occupabimus.
2222 3051 2503 3106 Christum
2547 3052 2973 3121 primogenitum
3008 3052 3101 3107 Dei
3140 3065 3262 3107 esse
3290 3066 3358 3110 ac

1776 3142 2047 3196 rationem
2092 3142 2239 3197 illam
2269 3184 2284 3208 ,
2318 3143 2475 3214 cujus
2505 3161 2667 3201 omne
2702 3146 2982 3200 hominum
3024 3159 3197 3217 genus
3224 3161 3356 3216 par-

1780 3235 1953 3304 ticeps
1978 3246 2136 3301 erat,
2186 3238 2479 3292 didicimus
2500 3247 2599 3303 ,-et
2642 3253 2804 3309 supra
2830 3237 3257 3294 declaravimus.
3290 3240 3357 3294 Et

1778 3328 1870 3396 qui
1900 3342 2022 3383 cum
2051 3330 2267 3384 ratione
2293 3331 2591 3395 vixerunt,
2620 3331 2918 3387 Christiani
2945 3341 3067 3387 sunt
3093 3370 3110 3396 ,
3135 3332 3355 3387 etiamsi

1776 3420 1923 3473 athei
1970 3420 2268 3475 existimati
2316 3424 2459 3488 sint;
2509 3421 2698 3491 quales
2742 3424 2882 3493 apud
2931 3422 3151 3479 Graecos
3198 3422 3355 3477 fuere

1775 3510 2031 3569 Socrates
2101 3523 2157 3568 et
2220 3513 2557 3578 Heraclitus;
2630 3514 2773 3583 apud
2839 3513 3106 3568 barbaros
3167 3525 3354 3569 autem

1774 3609 2051 3665 Abraham
2074 3648 2090 3670 ,
2116 3608 2390 3669 Ananias,
2438 3607 2668 3661 Azarias
2688 3646 2703 3672 ,
2753 3605 2939 3660 Misael
2978 3616 3033 3660 et
3062 3607 3206 3661 Elias
3226 3647 3242 3672 ,
3286 3622 3355 3663 ae

1777 3700 1930 3753 multi
1962 3700 2052 3751 alii
2088 3714 2318 3766 quorum
2350 3699 2662 3754 actionibus
2691 3707 2787 3751 aut
2816 3698 3129 3753 nominibus
3160 3711 3351 3753 recen-

1776 3791 1982 3855 sendis,
2014 3790 2141 3859 quia
2188 3789 2410 3859 longum
2454 3790 2507 3844 id
2552 3804 2673 3844 esse
2711 3790 2933 3856 scimus,
2963 3803 3111 3843 nunc
3150 3802 3345 3858 super—

1776 3883 2048 3937 sedetnus.
2080 3882 2347 3936 Similiter
2370 3882 2461 3951 qui
2499 3881 2627 3936 olim
2669 3881 2876 3949 absque
2900 3880 3110 3934 ratione
3137 3879 3327 3934 vixere

1776 3973 2013 4043 improbi
2054 3983 2108 4027 et
2137 3972 2365 4029 Christo
2414 3973 2625 4028 inimici
2672 3971 2825 4026 fuere
2852 4012 2867 4033 ,
2895 3981 2951 4025 et
2980 3986 3172 4026 eorum
3193 4012 3212 4037 ,
3255 3972 3350 4040 qui

1776 4082 1898 4121 cum
1930 4066 2148 4122 ratione
2174 4067 2449 4130 vivebant,
2480 4066 2790 4121 homicidae.
2822 4066 2923 4131 Qui
2952 4079 3079 4119 vero
3107 4078 3232 4119 cum
3264 4078 3353 4116 ra-

1778 4157 1925 4211 tione
1950 4157 2207 4210 vixerunt
2233 4168 2286 4209 et
2312 4156 2539 4221 vivunt,
2570 4157 2865 4211 Christiani
2902 4165 3029 4210 sunt
3058 4164 3221 4224 atque
3242 4153 3349 4209 itn-

1774 4248 1953 4318 pavidi
2003 4257 2057 4303 et
2103 4249 2385 4317 intrepidi.
2433 4249 2605 4316 Quam
2651 4258 2836 4303 autem
2875 4250 2944 4303 ob
2991 4262 3212 4302 causam
3252 4260 3351 4314 per

1775 4324 2031 4398 virtutem
2078 4343 2239 4398 Verbi
2284 4344 2587 4398 secundum
2632 4343 2815 4397 Patris
2860 4344 3243 4396 universorum
3292 4347 3351 4393 et

1776 4436 1994 4490 Domini
2048 4436 2143 4490 Dei
2186 4436 2521 4490 voluntatem
2558 4450 2626 4490 ex
2657 4434 2881 4502 Virgine
2930 4432 3148 4503 genitus
3189 4432 3259 4486 sit
3292 4440 3351 4485 et

1774 4524 1935 4583 Jesus
1979 4528 2421 4599 cognominatus,
2468 4541 2533 4581 ac
2565 4526 2863 4583 cruciﬁxus
2891 4536 2948 4582 et
2977 4533 3227 4580 mortuus
3258 4537 3350 4579 re-

1998 4834 2414 4891 Ἑπικαλῶσιν.
2448 4834 2514 4890 Β.
2550 4833 2743 4905 Steph.
2773 4835 2840 4889 ad
2872 4834 3079 4891 calcem
3102 4844 3156 4892 et
3177 4838 3351 4893 codex

1764 4905 2224 4963 Claromontanus
2256 4907 2322 4961 ad
2356 4906 2658 4978 marginem
2684 4905 3002 4978 ὲπικλῶσιν.
3028 4906 3145 4961 Non
3175 4911 3349 4978 magis

1766 4980 2075 5033 necessaria
2109 4978 2278 5047 Langi
2311 4977 2645 5037 emendatio,
2685 4977 2775 5044 qui
2808 4979 2913 5046 legi
2948 4994 3108 5047 posse
3144 4979 3343 5034 existi-

1766 5060 1901 5111 mat,
1934 5049 2208 5116 ἐγκαλῶσι
2250 5050 2521 5109 incusem,
2553 5047 2833 5114 objiciunt.

1841 5118 1951 5190 (21)
2009 5118 2515 5190 Προεμηνύσαμεν
2572 5118 2759 5186 λόγον
2807 5117 2969 5190 ὄντα.
3033 5118 3151 5173 Jam
3204 5132 3348 5190 stepe

1774 5188 2026 5246 JuStinus
2054 5195 2121 5245 de
2149 5189 2326 5243 Verbo
2359 5189 2574 5242 loculus
2603 5189 3014 5256 est;praacipue
3044 5204 3174 5243 vero
3208 5206 3261 5240 n.
3287 5188 3343 5251 5,

1770 5262 1862 5326 10,
1896 5261 1986 5323 12,
2014 5261 2105 5323 23.
2140 5260 2225 5313 52.
2258 5258 2364 5313 Sed
2392 5259 2668 5313 Christum
2706 5274 2827 5313 esse
2863 5260 3131 5313 rationem
3172 5258 3345 5323 illam,

1770 5331 1926 5398 cujus
1960 5346 2150 5384 omnes
2178 5330 2425 5383 homines
2457 5337 2584 5382 sunt
2610 5329 2908 5397 participes
2940 5331 3217 5398 praecipue
3242 5330 3347 5381 do-

1769 5414 1855 5458 cet
1886 5402 1937 5454 in
1965 5400 2223 5469 Apologia
2257 5401 2493 5453 secunda
2520 5400 2634 5469 n.77
2664 5407 2719 5452 et
2752 5398 2805 5453 9.

1838 5472 1947 5543 (22)
1987 5468 2329 5543 Χριστιανοι
2368 5472 2512 5543 εἱσι.
2558 5468 2677 5543 Non
2714 5471 2945 5543 obscura
2979 5479 3063 5523 est
3094 5468 3152 5523 S.
3198 5484 3346 5543 mar:

1766 5539 1905 5615 tyris
1931 5539 2254 5605 sententia,
2285 5542 2381 5595 sed
2407 5540 2538 5609 quia
2582 5540 3063 5615 illamobscurare
3094 5539 3347 5615 nonnulli

1767 5607 2075 5676 tentarunt,
2109 5627 2301 5666 eorum
2333 5607 2637 5665 commenta
2666 5607 2988 5663 refelluntur
3034 5611 3086 5663 in
3135 5609 3344 5664 Praefa-

1770 5686 1940 5739 tione.
1975 5686 2125 5749 Quod
2161 5694 2345 5735 autem
2395 5680 2637 5735 nonnulli
2680 5678 2965 5748 legendum
3012 5690 3206 5750 putant
3242 5681 3345 5740 hoc

1769 5757 1933 5812 etiam
1956 5755 2075 5810 loco
2108 5750 2469 5823 Χρηστιανοί,
2494 5750 2549 5806 id
2576 5764 2738 5821 supra
2761 5750 3099 5821 explosimus
3128 5769 3184 5811 n.
3217 5754 3274 5813 4.
