3760 6498
379 372 486 433 405

1334 379 1390 437 S.
1426 384 1687 441 JUSTIN]
1719 383 2131 442 PHILOSOPHI
2168 386 2256 440 ET
2296 387 2656 444 MARTYRIS

3520 389 3632 447 ιοι

377 495 602 550 ctionem
630 513 732 552 non
762 501 962 567 aperuit
986 516 1042 555 os
1072 517 1244 557 suum.
1276 502 1426 559 Sicut
1451 507 1560 561 ovis
1580 507 1649 560 ad
1680 507 1945 560 victimam

2126 522 2183 559 ν·
2217 506 2296 573 τῷ
2315 507 2559 578 μώλωπι
2588 506 2773 565 αὐτοῦ
2803 506 2973 576 ἡμεῖς
3003 505 3268 577 ἰάθημεν.
3294 505 3638 572 Πάντες-ὡς

377 589 571 646 ductus
609 602 718 656 est;
739 601 787 646 et
811 593 944 646 sicut
969 610 1136 664 agnus
1159 613 1338 650 coram
1369 601 1616 654 tondente
1647 610 1842 664 mutus,
1869 603 1946 654 sic

378 696 485 734 non
512 683 718 750 aperuit
748 701 805 738 os
827 701 999 738 suum.
1021 685 1086 739 In
1109 686 1406 742 humilitate
1427 707 1522 743 sua
1534 692 1801 761 judicium
1829 691 1943 759 ejus

376 774 758 844 sublatum.est
783 775 825 829 °.
873 777 1170 848 Postquam
1215 779 1381 850 igitur
1404 782 1706 836 cruciﬁxus
1735 792 1848 848 est,
1876 785 1945 839 ab

378 878 446 919 eo
476 865 644 920 etiam
691 867 943 936 discipuli
978 884 1170 924 omnes
1211 870 1554 938 defecerunt,
1587 889 1709 928 eum
1737 888 1947 945 negan-

377 963 499 1017 tes;
539 973 835 1029 rursusque
858 976 922 1015 es
952 963 1182 1018 mortuis
1208 963 1482 1020 redivivus
1517 981 1637 1020 cum
1671 967 1752 1021 eis
1779 982 1946 1037 appa-

375 1049 600 1118 ruisset,
629 1062 682 1105 et
707 1054 1057 1123 prophetias,
1100 1055 1153 1110 in
1184 1056 1379 1124 quibus
1409 1057 1588 1112 futura
1619 1058 1734 1116 haec
1758 1062 1943 1115 omnia

373 1143 696 1210 pradietum
727 1143 923 1210 fuerat,
942 1146 1122 1214 legere
1146 1148 1444 1212 docuisset,
1462 1149 1723 1219 illumque
1748 1167 1944 1206 ascen-

376 1228 592 1284 dentem
618 1232 669 1285 in
693 1234 888 1288 caelum
924 1235 1222 1303 vidissent,
1249 1251 1304 1293 et
1329 1241 1714 1307 credidissent,
1741 1257 1806 1296 ac
1832 1244 1938 1296 vir-

375 1332 525 1389 tute,
564 1340 725 1392 quam
756 1327 880 1383 inde
917 1329 1025 1384 illis
1065 1331 1328 1397 immisit,
1360 1343 1584 1403 accepta
1610 1373 1626 1398 ,
1673 1336 1740 1389 ad
1784 1351 1945 1391 onme

373 1410 658 1468 hominum
688 1430 862 1484 genus
907 1418 1135 1487 profecti
1186 1431 1404 1486 essent;
1457 1423 1572 1478 [uec
1607 1426 1847 1479 docuere
1891 1434 1946 1480 et

375 1506 606 1569 apostoli
634 1508 890 1576 appellati
923 1519 1069 1564 sunt.

2049 599 2311 666 πρόϐατα
2339 597 2782 668 ἐπλανήθημεν,
2825 598 3130 665 ἄνθρωπος
3168 594 3244 665 τῇ
3284 594 3405 660 ὀδῷ
3441 594 3633 650 αὑτοῦ

2049 688 2390 757 ἐπλανήθη·
2419 688 2518 742 καὶ
2553 688 2892 756 παρέδωκεν
2921 685 3106 741 αὐτὸν
3146 685 3275 752 ταῖς
3316 685 3636 755 ἁμαρτίαις

2048 781 2247 851 ἡμῶν,
2271 781 2368 835 καὶ
2397 779 2580 847 αὐτὸς
2617 780 2714 835 διὰ
2754 780 2820 834 τὸ
2863 777 3234 834 κεκακῶσθαι
3263 779 3378 831 οὐκ
3404 777 3634 845 ἀνοίγει

2048 874 2114 928 τὸ
2139 875 2331 943 στόμα
2353 873 2559 928 αὐτοῦ.
2596 874 2689 939 Ὠς
2729 874 3025 941 πρόϐατον
3052 869 3151 924 ἐπὶ
3174 869 3426 940 σφαγὴν
3447 865 3629 936 ἤχθη,

2050 965 2150 1018 καί
2177 967 2258 1031 ὡς
2289 965 2478 1034 ἀμνὸς
2504 965 2784 1019 ἐναντίον
2804 964 2910 1019 τοῦ
2931 963 3234 1032 κείροντος
3254 961 3446 1016 αὑτὸν
3472 960 3635 1028 ἄφω-

2049 1076 2176 1124 νος,
2218 1057 2406 1123 οὕτως
2447 1058 2558 1111 οὐκ
2583 1057 2810 1126 ἀνοίγει
2844 1055 2912 1109 τὸ
2948 1056 3144 1125 στόμα
3171 1053 3381 1108 αὐτοῦ.
3429 1053 3522 1104 Ἑν
3550 1049 3635 1119 τῇ

2051 1147 2400 1203 ταπεινώσει
2447 1147 2632 1201 αὐτοῦ
2683 1147 2721 1214 η
2767 1147 2967 1215 κρίσις
3015 1144 3202 1200 αὑτοῦ
3247 1143 3424 1212 ἤρθη.
3475 1140 3634 1195 Μετὰ

2049 1236 2142 1294 οὖν
2171 1239 2231 1294 τὸ
2261 1237 2638 1310 σταυρωθῆναι
2682 1238 2876 1303 αὐτὸν,
2915 1236 3010 1291 καὶ
3054 1238 3104 1290 οἰ
3153 1233 3422 1306 γνώριμοι
3463 1229 3634 1286 αὐτοῦ

2020 1367 2023 1374 η
2052 1333 2253 1396 πάντες
2283 1333 2618 1404 ἀπέστησαν,
2653 1331 3019 1404 ἀρνησάμενοι
3052 1329 3246 1384 αὐτόν·
3281 1327 3507 1397 ὕστερον
3542 1324 3628 1388 δὲ,

2051 1429 2116 1481 ὲκ
2145 1426 2352 1498 νεκρῶν
2409 1427 2770 1490 ἀναστάντος,
2817 1425 2914 1479 καὶ
2965 1423 3221 1493 ὀφθέντος
3262 1421 3480 1486 αὐτοῖς,
3531 1417 3632 1471 καὶ

2047 1519 2171 1580 ταῖς
2198 1517 2554 1588 προφητείαις
2587 1517 2850 1587 ἐντυχεῖν,
2873 1518 2930 1568 ἐν
2959 1509 3048 1578 αἷς
3081 1514 3256 1567 πάντα
3281 1513 3458 1567 ταῦτα
3491 1526 3631 1580 προ-

373 1597 557 1668 είρητο
581 1601 937 1672 γενησόμενα,
962 1603 1288 1669 διδάξαντος,
1319 1607 1409 1660 καὶ
1445 1609 1523 1671 εἰς
1553 1607 1780 1679 οὐρανὸν
1801 1607 2158 1679 ἀνερχόμενον
2197 1609 2396 1672 ἰδόντες
2417 1649 2431 1672 ,
2467 1609 2560 1662 καὶ
2592 1608 2994 1670 πιστεύσαντες,
3019 1607 3112 1660 καὶ
3133 1604 3364 1675 δύναμιν
3421 1600 3634 1656 ἐκεῖθεν

371 1690 557 1754 αὐτοῖς
586 1691 928 1762 πεμφθεῖσαν
961 1697 1090 1768 παρ’
1123 1696 1288 1754 αὑτοῦ
1315 1698 1604 1763 λαϐόντες,
1639 1700 1732 1753 καὶ
1772 1701 1850 1764 εἰς
1890 1702 2000 1754 πᾶν
2031 1701 2185 1769 γένος
2218 1699 2520 1772 ἀνθρώπων
2556 1700 2832 1765 ἐλθόντες,
2858 1699 3030 1753 ταῦτα
3055 1696 3322 1764 ἐδίδαξαν,
3365 1696 3458 1749 καὶ
3490 1695 3631 1749 ἁπό-

331 1801 336 1806 ·
374 1783 550 1837 οτολοι
583 1786 1114 1859 προσηγορεύθησαν.

374 1867 389 1877 ”
446 1878 537 1934 5|.
575 1879 744 1938 Nobis
777 1893 958 1937 autem
990 1894 1049 1939 ut
1077 1888 1386 1942 ostenderet
1421 1887 1660 1958 Spiritus
1690 1892 1927 1962 prophe-

2126 1889 2192 1942 ii.
2234 1889 2348 1942 Ἵνα
2365 1887 2420 1940 δὲ
2443 1886 2656 1959 μηνύσῃ
2679 1887 2808 1957 ἡμῖν
2829 1901 2888 1938 το
2923 1885 3255 1956 προφητικὸν
3277 1883 3523 1956 Πνεῦμα,
3545 1886 3631 1939 ὅτι

419 2052 601 2130 abei‘e,
634 2079 688 2122 et
712 2068 950 2123 inimicis
975 2071 1089 2123 suis
1131 2071 1421 2140 imperare,
1458 2075 1540 2130 sic
1578 2052 1895 2134 locutus'est
1931 2097 1942 2130 :

405 2155 776 2234 ienerationem
809 2161 923 2232 ejus
962 2163 1080 2232 quis
1133 2166 1444 2222 enarrabit?
1471 2166 1617 2231 Quia-
1658 2170 1864 2225 tollitur
1885 2174 1949 2228 de

375 2265 518 2309 terra
570 2257 674 2308 vita
733 2257 866 2325 ejus.
904 2259 982 2310 Ab
1030 2257 1400 2328 iniquitatibus
1450 2279 1630 2316 eorum
1670 2266 1860 2319 transit
1893 2268 1947 2320 in

374 2358 614 2402 mortem.
643 2348 709 2402 Et
741 2349 876 2402 dabo
905 2350 1155 2417 pessimos
1185 2367 1280 2419 pro
1315 2353 1584 2420 sepultura
1611 2355 1746 2422 ejus,
1779 2366 1830 2410 et
1861 2359 1946 2410 di-

373 2441 499 2494 vites
545 2457 640 2511 pro
677 2456 843 2498 morte
877 2443 1042 2500 illius.
1095 2443 1235 2508 Quia
1286 2446 1614 2512 iniquitatem
1665 2465 1767 2502 non
1799 2451 1945 2520 fecit,

377 2547 544 2601 neque
599 2533 836 2586 inventus
878 2544 952 2587 est
987 2535 1142 2587 dolus
1204 2535 1259 2588 in
1312 2552 1402 2589 ore
1427 2537 1542 2606 ejus
1565 2553 1584 2590 :
1609 2550 1657 2592 et
1693 2539 1948 2596 Dominus

372 2624 481 2676 vult
513 2625 776 2678 mundare
797 2641 914 2679 eum
950 2643 984 2679 a
1022 2625 1198 2697 plaga.
1231 2625 1293 2681 Si
1325 2629 1480 2682 datus
1509 2629 1668 2698 fuerit
1714 2649 1810 2700 pro
1837 2649 1953 2700 pec-

374 2730 525 2783 cata,
567 2720 746 2771 anima
770 2729 938 2771 vestra
971 2719 1161 2772 videbit
1191 2735 1364 2773 semen
1395 2720 1708 2790 longaevum.
1741 2723 1809 2776 Et
1839 2724 1947 2778 vult

373 2812 632 2866 Dominus
663 2812 876 2883 auferre
911 2813 976 2867 de
1008 2813 1190 2868 dolore
1222 2815 1454 2868 animum
1499 2815 1633 2884 ejus,
1677 2821 1948 2872 ostendere

375 2907 422 2958 ei
450 2905 638 2968 lucem,
668 2919 717 2960 et
743 2906 978 2974 formare
1010 2905 1382 2976 intelligentia,
1405 2907 1705 2976 justi/icore
1738 2909 1948 2977 justum

377 2999 504 3051 bene
531 2999 834 3052 servientem
878 2999 1086 3052 multis.
1120 2999 1186 3051 Et
1217 3011 1433 3068 peccata
1478 3012 1657 3054 nostra
1689 3002 1798 3070 ipse
1825 3020 1949 3070 por-

377 3091 546 3154 tabit;
589 3101 868 3164 propterea
908 3092 1018 3158 ipse
1055 3092 1340 3158 possidebit
1391 3075 1609 3156 multos,
1637 3104 1684 3146 et
1723 3095 1944 3162 fortium

376 3185 573 3238 dividet
619 3183 808 3250 spolia,
839 3199 933 3251 pro
961 3199 1020 3236 eo
1065 3185 1205 3252 quod
1254 3185 1453 3237 tradita
1503 3197 1579 3238 est
1617 3189 1686 3238 ad
1727 3197 1946 3241 mortem

377 1973 522 2054 licus
550 1986 701 2040 eum,
733 1976 824 2045 qui
860 1975 976 2030 huic
1020 1978 1249 2046 patitur,
1283 1995 1390 2034 non
1426 1983 1736 2038 enarrabile
1775 2002 1948 2056 genus

321 2019 601 2211 Eabeie,
634 2079 688 2122 et
712 2068 950 2123 inimicis
975 2071 1089 2123 suis
1131 2071 1421 2140 imperare,
1458 2075 1540 2130 sic
1578 2075 1788 2132 locutus
1811 2088 1895 2134 est
1931 2097 1942 2130 :

405 2155 776 2211 'enerationem
809 2161 923 2211 eius
962 2163 1080 2211 auis
1133 2166 1444 2211 enarrnbt't?
1471 2166 1617 2211 nuin.
1658 2170 1864 2211 ιηηῑιιη-
1885 2174 1948 2211 Α,

2051 1982 2078 2034 ὁ
2104 1975 2275 2033 ταῦτα
2303 1981 2526 2050 πάσχων
2558 1977 2946 2048 άνεκδιήγητον
2983 1975 3094 2047 ἔχει
3116 1977 3176 2030 τὸ
3204 1977 3386 2046 γένος,
3409 1978 3500 2031 καὶ
3531 1978 3632 2047 βα·-

2051 2070 2250 2124 σιλεύει
2281 2071 2388 2124 τῶν
2415 2069 2647 2141 ἐχθρῶν,
2674 2068 2778 2139 ἔφη
2803 2067 3000 2130 οὕτως’
3033 2067 3151 2135 Τὴν
3181 2070 3406 2141 ,γενεὰν
3448 2067 3631 2122 αὐτοῦ

2049 2163 2141 2228 τίς
2185 2161 2566 2232 διηγήσεταυ
2611 2161 2699 2215 ὅτι
2749 2160 2972 2229 αἰρεται
3008 2158 3128 2214 ἀπὸ
3159 2156 3270 2227 τῆς
3304 2159 3421 2228 τῆς
3447 2160 3486 2227 ἠ
3517 2156 3630 2224 ζ’ωὴ

2049 2255 2266 2310 αὐτοῦ’
2295 2254 2413 2310 ἀπὸ
2444 2254 2564 2308 τῶν
2599 2252 2861 2323 ἀνομιῶν
2907 2251 3107 2307 αὐτῶν
3153 2249 3288 2319 ἥκει
3325 2254 3417 2316 εἰς
3456 2249 3632 2304 θάνα-

2050 2366 2174 2403 τον.
2227 2348 2336 2402 Kal
2380 2347 2552 2403 δώσω
2598 2347 2740 2413 τοὺς
2783 2345 3084 2414 πονηροὺς
3123 2343 3258 2398 ἀντὶ
3287 2343 3401 2412 τῆς
3442 2343 3630 2411 ταφῆς

2050 2442 2254 2505 αὐτοῦ,
2288 2443 2384 2496 καί
2415 2441 2554 2507 τοὺς
2581 2441 2916 2506 πλουσίους
2943 2439 3075 2494 ἀντὶ
3098 2437 3202 2492 τοῦ
3229 2437 3491 2492 θανάτου
3525 2438 3632 2490 αὑ-

2049 2537 2186 2590 τοῦ·
2221 2535 2308 2589 ὅτι
2339 2535 2593 2604 ἀνομίαν
2631 2536 2742 2587 οὐκ
2773 2533 3085 2599 ἐποίησεν,
3114 2529 3258 2585 οὐδὲ
3287 2529 3502 2599 εὑρέθη
3529 2529 3628 2582 δό-

2049 2633 2160 2695 λος
2195 2629 2265 2683 ἐν
2293 2627 2372 2692 τῷ
2399 2627 2650 2696 στόματι
2703 2624 2888 2680 αὑτοῦ
2908 2641 2922 2656 ⁸
2953 2625 3053 2678 καί
3109 2627 3325 2692 Κύριος
3339 2624 3629 2688 βούλεται

2050 2723 2363 2791 καθαρίσαι
2402 2720 2588 2774 αὑτὸν
2640 2718 2750 2788 τῆς
2795 2717 3056 2788 πληγῆς.
3099 2717 3232 2770 Ἐὰν
3265 2715 3448 2769 δῶται
3501 2713 3630 2782 περί

2049 2813 2354 2883 ἁμαρτίας,
2386 2814 2423 2880 ἡ
2464 2810 2635 2880 ψυχὴ
2675 2810 2841 2880 ὑμῶν
2870 2809 3079 2878 ὄψεται
3127 2807 3370 2876 σπέρμα
3413 2806 3630 2876 μακρό-

2050 2906 2198 2958 ϐιον.
2226 2904 2339 2958 Καὶ
2374 2905 2664 2968 βούλεται
2718 2903 2934 2968 Κύριος
2977 2899 3226 2969 ἀφελεῖν
3264 2899 3386 2954 ἀπὸ
3444 2899 3629 2951 πόνου

2051 2999 2164 3068 τὴν
2212 2999 2425 3069 ψυχὴν
2466 2997 2674 3062 αὐτοῦ,
2705 2995 2895 3061 δεῖξαι
2950 2993 3110 3060 αὐτῷ
3164 2991 3312 3062 φῶς,
3359 2990 3458 3044 καί
3486 2988 3631 3042 πλά-

2051 3111 2156 3149 σαι
2169 3093 2258 3162 τῇ,
2279 3093 2548 3156 συνέσει,
2580 3089 2890 3146 δικαιῶσαι
2917 3084 3230 3142 δίκαιονεῦ
3261 3085 3630 3140 δουλεύοντα

2051 3189 2330 3251 πολλοῖς”
2364 3185 2463 3238 καί
2497 3185 2603 3250 τὰς
2632 3184 2919 3253 ἁμαρτίας
2951 3181 3119 3251 ἡμῶν
3150 3179 3334 3244 αὐτὸς
3363 3177 3624 3232 ἀνοίσει·

376 3277 557 3330 anima
584 3276 732 3345 ejus;
759 3285 806 3328 et
833 3277 889 3328 in
916 3278 1109 3344 iniquis
1158 3286 1430 3345 reputatus
1461 3287 1558 3342 est,
1589 3287 1637 3331 et
1671 3280 1782 3345 ipse
1823 3296 1944 3345 pec-

2126 3279 2145 3332 't
2172 3277 2346 3330 τοῦτο
2373 3275 2555 3341 αὐτὸς
2581 3273 3022 3343 κληρονομήσει
3060 3271 3352 3336 πολλοὺς,
3389 3270 3494 3323 καὶ
3517 3267 3629 3320 τῶν

375 3378 499 3421 cata
539 3367 829 3423 multarunt
881 3367 1023 3431 tulit,
1075 3379 1123 3422 et
1168 3379 1382 3438 propter
1411 3371 1714 3440 iniquitates
1765 3387 1945 3424 eorum

376 3462 609 3516 traditus
645 3473 718 3515 est
741 3461 784 3514 '.
819 3460 1102 3528 Quomodo
1136 3471 1316 3516 autem
1344 3469 1399 3515 et
1437 3462 1490 3514 in
1519 3462 1716 3515 cmlum
1749 3476 1944 3516 ascen-

376 3570 574 3610 surum
607 3569 731 3610 esse
781 3554 933 3608 illum
965 3555 1290 3624 pnedictum
1321 3555 1413 3616 sit,
1444 3553 1652 3610 audite.
1684 3554 1777 3610 Sic
1801 3554 1946 3609 enim

374 3651 580 3705 dictum
607 3657 692 3702 est
722 3665 742 3702 εν
767 3647 956 3702 Tollite
1007 3659 1186 3716 portas
1223 3647 1512 3704 calorum:
1562 3650 1862 3718 aperimini,
1890 3659 1948 3704 ut

371 3743 708 3814 ingrediatur
753 3759 846 3798 rex
901 3741 1106 3810 gloriw.
1149 3742 1280 3808 Quis
1309 3751 1384 3796 est
1436 3743 1534 3796 iste
1578 3758 1671 3795 rea:
1721 3743 1948 3814 gloria?

373 3835 637 3890 Dominus
665 3836 838 3904 fortis,
867 3845 916 3889 et
949 3835 1204 3889 Dominus
1242 3845 1422 3904 potens
1440 3836 1482 3890 ⁸.
1515 3834 1796 3902 Quomodo
1848 3851 1949 3890 au-

377 3940 486 3986 tem
521 3938 576 3984 et
618 3928 686 3982 de
716 3927 872 3982 caelis
928 3937 1193 3982 venturus
1226 3928 1298 3980 sit
1341 3943 1465 3983 cum
1509 3929 1704 3998 gloria,
1763 3931 1948 3987 audite

374 4037 499 4091 quae
532 4037 593 4076 ea
625 4022 692 4076 de
719 4036 779 4076 re
805 4021 948 4074 dicta
996 4028 1121 4074 sunt
1151 4035 1246 4088 per
1272 4019 1562 4075 Jeremiam
1601 4023 1944 4092 prophetam.

375 4113 470 4170 Sic
499 4123 678 4168 autem
709 4103 767 4168 se
794 4114 996 4167 habent
1024 4127 1039 4167 :
1064 4111 1194 4165 Ecce
1228 4123 1476 4182 tanquam
1507 4113 1654 4182 ﬁlius
1714 4115 1947 4170 hominis

372 4207 514 4260 venit
556 4207 614 4259 in
665 4204 887 4259 nubibus
923 4206 1055 4265 (teli,
1079 4214 1126 4258 et
1148 4206 1325 4275 angeli
1359 4208 1474 4277 ejus
1499 4224 1618 4261 cum
1656 4225 1716 4262 eo
1738 4212 1780 4264 °.

2058 3367 2323 3437 ἰσχυρῶν
2342 3367 2534 3438 μεριεῖ
2554 3368 2756 3420 σκύλα
2777 3383 2790 3396 ⁸
2822 3367 2948 3420 ἀνθ’
2979 3360 3066 3418 ὧν
3093 3363 3390 3432 παρεδόθη
3416 3363 3503 3425 εἰς
3535 3358 3630 3413 θά-

2052 3477 2240 3534 νατον
2268 3461 2306 3528 ἡ
2339 3459 2509 3528 ψυχὴ
2539 3459 2746 3524 αὑτοῦ,
2777 3458 2874 3512 καὶ
2920 3458 2991 3512 ἐν
3038 3458 3161 3523 τοῖς
3205 3457 3456 3525 ἀνόμοις
3500 3454 3628 3507 b.10-

2055 3555 2254 3625 τίσθη,
2273 3554 2368 3607 καί
2399 3553 2580 3619 αὐτὸς
2607 3553 2894 3622 ἁμαρτίας
2920 3548 3168 3604 πολλῶν
3194 3547 3514 3616 ἀνήνεγκε,
3537 3544 3631 3598 καὶ

2055 3647 2153 3702 διὰ
2195 3648 2301 3712 τὰς
2345 3646 2594 3714 ἀνομίας
2639 3644 2838 3698 αὐτῶν
2879 3643 3060 3708 αὐτὸς
3105 3639 3430 3708 παρεδόθη,
3473 3636 3630 3701 me:

2055 3742 2148 3796 καὶ
2181 3744 2260 3806 εἰς
2314 3741 2406 3795 τὸν
2435 3740 2664 3813 οὐρανὸν
2703 3737 2928 3810 ἔμελλεν
2974 3732 3431 3801 ἀνιέναι,.καθὼς
3470 3747 3618 3803 προε-

2055 3834 2320 3907 φητεύθη,
2359 3833 2656 3888 ἀκούσατεο
2694 3830 2886 3902 ἐλέχθη
2927 3829 2984 3882 δὲ
3020 3827 3224 3892 οὕτως⁸
3261 3828 3469 3895 Ἄρατε
3521 3823 3630 3876 πύ-

2053 3932 2168 3995 λας
2215 3927 2505 3998 οὐρανῶν,
2553 3925 2688 3981 ἀνοί
2690 3928 2893 3994 χθητε,
2941 3923 3042 3976 ἵνα
3085 3921 3330 3988 εἰσέλθῃ
3378 3922 3412 3972 ὁ
3459 3918 3631 3983 ,ϐασι-

2053 4021 2200 4086 λεὺς
2231 4019 2338 4089 τῆς
2365 4019 2567 4084 δόξης.
2600 4017 2694 4081 Τίς
2731 4015 2901 4068 ἐστιν
2919 4009 3096 4079 οὗτος
3131 4015 3163 4066 o'
3187 4009 3494 4075 ,βασιλεὺς
3528 4005 3630 4075 τῆς

2057 4114 2280 4182 suam;
2336 4113 2550 4179 Κύριος
2603 4106 2880 4176 κραταιὸς
2936 4104 3034 4158 καὶ
3082 4104 3299 4170 Κύριος
3354 4098 3627 4162 δυνατός.

2067 4208 2154 4272 Ὠς
2205 4205 2262 4259 δὲ
2315 4203 2409 4257 καὶ
2469 4200 2539 4266 ἐξ,
2572 4198 2817 4272 οὐρανῶν
2855 4193 3252 4267 παραγίνεσθαι
3303 4191 3448 4262 μετὰ
3482 4189 3630 4258 δόξης

375 4301 599 4372 μέλλει,
651 4299 919 4354 ἀκούσατε
974 4301 1067 4354 καὶ
1120 4299 1228 4354 τῶν
1275 4302 1580 4374 εἰρημένων
1649 4306 1728 4367 εἰς
1775 4303 1932 4358 τοῦτο
1973 4302 2061 4356 διὰ
2103 4300 2368 4372 Ἱερεμίου
2436 4297 2550 4368 (54)
2596 4294 2686 4348 τοῦ
2743 4292 3045 4366 προφήτου.
3114 4288 3272 4340 Ἔστι
3321 4285 3381 4339 δὲ
3432 4283 3625 4336 ταῦτα·

382 4396 530 4451 Ἰδοὺ
575 4397 655 4463 ὠς
684 4393 813 4461 υἱὸς
865 4393 1177 4464 ἀνθρώπου
1221 4395 1452 4464 ἔρχεται
1505 4396 1705 4451 ἐπάνω
1760 4397 1878 4451 τῶν
1937 4392 2209 4464 νεφελῶν
2266 4390 2374 4444 τοῦ
2412 4386 2693 4456 οίφανοῦ,
2722 4386 2820 4439 καί
2867 4387 2921 4439 ol
2977 4382 3219 4451 ἄγγελοι
3285 4379 3478 4434 αὐτοῦ
3519 4376 3632 4432 σὺν

372 4489 551 4554 αὐτῷ.

444 4583 537 4639 52.
576 4582 847 4648 Quoniam
901 4584 1071 4654 igitur
1110 4599 1230 4656 qua:
1265 4594 1594 4646 evenerunt.
1621 4582 1733 4652 jam
1765 4583 1945 4636 omnia

2126 4600 2214 4655 52.
2263 4587 2486 4668 Ἐπειδὴ
2519 4595 2698 4649 τοίνυν
2741 4593 2808 4647 τὰ
2838 4590 3106 4662 γενόμενα
3143 4588 3244 4660 ἤδη
3279 4587 3464 4642 πάντα
3500 4588 3620 4642 ἀπο-

371 4675 720 4730 ostendimus
768 4677 1060 4746 praedicta,
1111 4687 1402 4748 antequam
1465 4678 1791 4743 evenirent,
1850 4691 1950 4745 per

371 4768 673 4838 prophetas
701 4767 903 4834 fuisse;
937 4785 1167 4824 necesse
1196 4779 1282 4825 est
1310 4779 1362 4823 et
1396 4785 1482 4832 ea,
1520 4784 1644 4838 quae
1684 4767 1946 4822 similiter

371 4859 648 4929 prtedicta'
702 4871 850 4924 sunt,
897 4877 963 4916 ac
1017 4861 1315 4931 aliquando
1371 4862 1668 4924 evenient,
1720 4859 1966 4913 omnino-

373 4963 642 5009 eventura
696 4954 945 5010 credere.
997 4954 1466 5021 Quemadmodum
1521 4952 1666 5006 enim
1723 4967 1785 5005 ea
1826 4964 1949 5020 qua:

370 5049 485 5120 jam
509 5057 828 5108 evenerunt,
853 5050 1114 5116 praedicta
1137 5059 1191 5102 et
1215 5049 1459 5119 ignorata
1489 5055 1832 5111 evenerunt;
1868 5046 1944 5100 ita

373 5153 428 5198 et
453 5158 574 5211 qum
618 5151 932 5210 supersunt,
966 5140 1220 5205 quamvis
1247 5141 1574 5210 ignorentur
1602 5155 1666 5194 ac
1698 5155 1804 5194 non
1833 5152 1950 5192 cre-

373 5239 598 5300 dantur,
623 5235 898 5291 evenient.
933 5236 1077 5288 Duos
1103 5234 1249 5288 enim
1307 5235 1454 5289 illius
1505 5235 1778 5288 adventus
1809 5248 1947 5302 prae-

374 5331 630 5388 dixerunt
677 5328 953 5398 propheta:
988 5341 1003 5379 :
1038 5342 1205 5380 unum
1237 5329 1482 5397 quidem,
1508 5328 1598 5397 qui
1648 5328 1759 5398 jam
1795 5326 1946 5381 exhi-

491 5537 512 5570 '
543 5541 651 5594 lsa.
682 5551 802 5603 LIII,
838 5535 955 5591 1—8.
1052 5534 1074 5567 ⁷
1114 5534 1278 5598 lbid.,
1311 5533 1462 5586 8-12.

445 5739 558 5813 (5-4)
584 5740 690 5813 Διίι
723 5742 1016 5812 Ἱερεμίου.
1059 5740 1204 5813 Non»
1227 5736 1474 5813 Jeremite
1511 5749 1636 5791 esse
1677 5733 1822 5793 hunc
1867 5735 1945 5790 lo-

375 5807 646 5878 cuiu,'scd
673 5807 932 5880 Danielis,
955 5813 1067 5882 jam
1101 5811 1250 5868 multi
1280 5807 1665 5869 observarunt.

2055 4689 2342 4758 δείκνυμεν
2389 4686 2581 4758 πρίνῆ
2627 4681 2879 4751 γενέσθαι
2908 4679 3355 4752 προκεκηρύχθαι
3400 4679 3491 4732 διὰ
3534 4675 3629 4731 τῶν

2057 4781 2369 4853 προφητῶν,
2388 4777 2601 4849 ἀνάγκη
2627 4774 2722 4830 καὶ
2744 4773 2871 4846 περὶ
2900 4773 3006 4826 τῶν
3017 4772 3214 4842 ὁμοίως
3235 4769 3631 4842 προφητευθέν-

2055 4892 2183 4938 των,
2216 4872 2514 4944 μελλόντων
2536 4871 2593 4924 δὲ
2615 4867 2875 4940 γίνεσθαι,
2910 4866 3088 4920 πίστιν
3120 4864 3282 4935 ἔχειν,
3322 4863 3400 4926 ὡς
3425 4863 3631 4921 πάντως

2056 4965 2457 5038 γενησομένων.
2499 4965 2595 5016 Ὃν
2617 4961 2726 5033 γὰρ
2756 4961 2955 5032 τρόπον
2982 4959 3048 5012 τὰ
3068 4957 3169 5028 ήδη
3196 4956 3493 5025 γενόμενα,
3518 4968 3630 5024 προ·

2057 5051 2444 5125 κεκηρυγμένα
2476 5049 2569 5104 καὶ
2599 5048 2936 5119 ἀγνοούμενα
2977 5047 3177 5117 ἀπέϐη,
3205 5044 3296 5097 τὸν
3326 5045 3496 5097 αὑτὸν
3522 5041 3632 5114 τρό⁴

2053 5162 2152 5198 πον
2205 5143 2298 5196 καὶ
2352 5144 2421 5196 τὰ
2471 5141 2750 5202 λείποντα,
2795 5137 2896 5191 κᾶν
2952 5137 3213 5206 ἀγνοῆται
3267 5134 3363 5187 καὶ
3411 5132 3632 5201 ἀπιστῆ-

2052 5251 2141 5288 ται
2181 5233 2314 5305 (55),
2375 5231 2767 5302 ἁποϐἡσονται.
2808 5225 2911 5279 Δύο
2953 5224 3063 5296 γὰρ
3111 5221 3275 5276 αὑτοῦ
3335 5219 3629 5293 παρουσίας

2050 5322 2432 5398 προεκήρυξαν
2475 5324 2525 5376 οἱ
2563 5321 2867 5393 προφῆται*
2909 5316 3037 5389 μίαν
3075 5315 3196 5386 μὲν,
3224 5313 3324 5387 τὴν
3367 5313 3472 5384 ἢδη
3497 5325 3630 5381 γενο-

1575 5528 1599 5562 ⁸
1639 5529 1791 5585 Psal.
1838 5543 2001 5592 χχιιι,
2033 5527 2083 5579 7.
2159 5524 2193 5556 θ’
2221 5509 2358 5578 Dan.
2383 5538 2482 5587 vn,
2512 5523 2599 5575 l5.

2126 5730 2236 5802 (35)
2277 5728 2387 5784 Kal
2419 5722 2764 5791 ἀπιστῆται.
2801 5720 2874 5776 Ita
2923 5719 3162 5777 Clarum.
3197 5715 3344 5773 Editi
3379 5709 3625 5790 armasti-

2057 5815 2164 5854 ται.
