3760 6482
512 367 620 429 U5
1479 375 1537 434 S.
1577 377 1842 433 JUSTINI
1881 378 2293 437 PHILOSOPHI
2321 382 2410 436 ET
2445 383 2808 441 MARTYRIS
3669 394 3717 448 Η

512 489 848 561 indigentem
882 493 1046 548 vitam
1077 505 1508 564 consequantur,
1542 497 1783 550 animum
1834 498 1900 552 ad
1940 499 2094 554 iusti-

2214 499 2398 572 ίρειῶν
2422 503 2570 574 ἡμᾶς
2602 503 2854 576 ρυόμενοι
2878 504 3278 576 εὐεργετοῦσιν,
3308 506 3533 572 ἑαυτοὺς
3567 508 3620 562 δὲ
3644 528 3718 565 ωσι

515 591 630 636 tuta
667 595 853 638 nostra
887 585 1204 657 adjungere.
1239 587 1295 643 Si
1328 603 1459 642 vero
1497 587 1634 640 nihil
1667 588 1934 659 reliquum
1970 607 2095 647 esse

2214 593 2326 653 κους
2354 591 2464 661 (59)
2495 594 2590 646 καὶ
2620 593 3041 667 μισανθρώπους
3067 595 3162 649 καὶ
3200 595 3510 666 φιλοδόξους
3525 598 3718 654 δεικνά

515 684 641 742 post
700 686 932 731 mortem
994 679 1248 742 credunt,
1300 687 1466 748 atque
1528 679 1583 732 in
1638 688 1839 734 statum
1900 697 2095 737 sensus

2214 702 2307 738 rw.
2338 685 2412 737 Οὐ
2451 685 2560 759 γὰρ
2598 687 2674 752 ὡς
2704 687 3108 754 ἀπαλλάξοντες
3143 691 3294 761 ἡμᾶς
3318 691 3641 762 ἀναιροῦσιν,
3670 696 3718 751 ἀλ

511 778 793 834 expertem
827 770 1126 824 morientes
1169 771 1368 827 cadere
1411 772 1804 842 pronuntiant;
1858 774 1996 829 bene
2033 777 2100 832 de

2214 779 2289 843 ῶς
2313 779 2736 853 ἀποστεροῦντες
2762 779 2906 852 ζωῆς
2933 782 3027 834 καὶ
3053 781 3248 854 ἡδονῆς
3279 783 3581 853 φονεύουσι.

513 860 668 914 nobis
699 873 996 924 merentur,
1023 864 1166 932 quod
1194 881 1292 920 nos
1313 865 1473 932 hujus
1522 867 1648 921 vita:
1677 867 2120 935 perpessionihus
2154 885 2218 926 ac
2267 874 2597 928 necessariis
2637 874 2957 928 muneribus
3025 874 3292 940 liberem,
3357 877 3567 942 seipsos
3611 889 3711 932 autc

514 953 791 1019 improbos
815 964 868 1006 et
900 955 1224 1012 inhumanos
1252 968 1306 1010 et
1334 959 1650 1028 Opinionum
1715 971 1993 1019 amatores
2047 965 2164 1035 78
2195 966 2463 1035 praebent.
2494 965 2682 1036 Neque
2711 968 2859 1021 enim
2893 967 3149 1022 occidunt
3183 977 3242 1021 ut
3293 967 3550 1031 libereut,
3605 971 3683 1023 sed
3711 990 3718 1026 ι

512 1047 622 1099 vita
658 1056 708 1102 et
741 1049 1018 1118 voluptate
1046 1052 1302 1121 spolient.

587 1158 676 1215 58.
718 1160 1044 1219 Marcionem
1077 1167 1242 1220 etiam
1293 1168 1602 1240 Ponticum,
1650 1185 1706 1230 ut
1755 1177 1998 1233 diximus
2028 1179 2098 1245 ’°,

513 1255 668 1318 pravi
703 1257 980 1310 daemones
1031 1257 1400 1325 immiserunt,
1436 1265 1527 1332 qui
1582 1278 1887 1322 creatorem
1935 1267 2102 1324 caele-

516 1341 680 1396 stium
714 1359 777 1398 ac
806 1350 1149 1402 terrestrium
1183 1354 1427 1408 omnium
1474 1357 1640 1409 Deum
1689 1367 1743 1411 et
1772 1359 2104 1428 praenuntia-

520 1444 632 1488 tum
679 1451 709 1490 a
757 1441 1044 1510 prophetis
1076 1443 1358 1500 Christum
1407 1450 1526 1518 ejus
1562 1448 1762 1504 Filium
1799 1451 2098 1506 etiamnum

518 1541 721 1598 negare
751 1531 931 1598 docet,
966 1534 1133 1589 alium
1169 1547 1350 1592 autem
1386 1543 1679 1610 quemdam
1721 1554 1922 1612 praster
1946 1560 2102 1599 crea-

519 1627 692 1672 torem
741 1622 1124 1679 universorum
1177 1627 1346 1681 Deum
1406 1633 1689 1700 prmdicat,
1740 1650 1804 1688 ac
1848 1635 2102 1692 similiter

517 1710 684 1765 alium
731 1714 922 1769 ﬁlium.
954 1717 1090 1770 lluic
1133 1720 1285 1774 multi
1344 1728 1630 1780 credentes
1677 1737 1734 1780 ut
1771 1729 1872 1782 soli
1907 1745 2096 1784 verum

2275 1172 2365 1229 58.
2411 1173 2526 1227 Καὶ
2550 1173 2855 1246 Μαρκίωνα
2880 1173 2936 1226 δὲ
2958 1173 3049 1227 τὸν
3075 1173 3182 1226 ἀπὸ
3210 1173 3442 1235 Πόντου,
3471 1173 3544 1237 ὡς
3567 1174 3718 1244 προέεπ

2210 1283 2328 1338 μεν,
2366 1263 2763 1336 προεϐάλλοντο
2798 1267 2848 1318 οἱ
2876 1263 3068 1334 φαῦλοι
3096 1263 3351 1334 δαίμονες
3371 1281 3384 1293 ·
3425 1263 3483 1327 ὃς
3516 1265 3718 1336 άρνεῖσὸέ

2210 1359 2310 1432 μὲν
2351 1359 2442 1412 τὸν
2474 1357 2701 1429 ποιητὴν
2731 1356 2838 1409 τῶν
2869 1355 3136 1428 οὐρανίων
3168 1356 3264 1410 καὶ
3297 1356 3501 1426 γηΐνων
3542 1356 3718 1410 άπάντιι

2207 1456 2362 1518 Θεὸν,
2396 1454 2492 1508 καὶ
2513 1455 2603 1506 τὸν
2634 1452 3083 1526 προκηρυχθέντα
3109 1452 3196 1505 διὰ
3221 1452 3329 1505 τῶν
3359 1454 3641 1525 προφητῶν
3661 1457 3718 1526 Χρ

2209 1546 2333 1599 στὸν
2365 1545 2491 1597 Υῐὸν
2514 1541 2702 1606 αὐτοῦ,
2730 1543 2825 1596 καὶ
2848 1541 2941 1596 νῦν
2964 1543 3235 1598 διδάσκει·
3267 1543 3425 1597 ἄλλον
3451 1545 3506 1598 δέ
3531 1563 3643 1598 τινα
3663 1565 3717 1599 καί

2205 1637 2459 1709 αγγέλλει
2495 1637 2647 1708 παρά
2680 1636 2769 1689 τὸν
2798 1635 3478 1724 ξηεὲρὲρχὸχέεὸνπάντων
3522 1637 3660 1698 Θεὸν,
3681 1655 3718 1694 xc

2207 1733 2410 1804 ὁμοίως
2448 1731 2636 1803 ἓτερον
2678 1729 2792 1783 υἱόν
2837 1723 2980 1800 (60)·
3107 1724 3316 1793 πολλοὶ,
3369 1729 3664 1793 πεισθέντες
3695 1731 3718 1782 ἀ

518 1805 745 1870 scienti,
775 1823 874 1862 nos
908 1808 1166 1874 irrident,
1189 1815 1388 1868 nullam
1423 1833 1613 1873 eorum
1636 1821 1757 1889 q'u:e
1785 1822 1976 1878 dicunt
2005 1825 2102 1878 de-

2214 1825 2357 1896 μόνῳ
2386 1823 2594 1894 τάληθῆ
2633 1823 3008 1894 ἐπισταμένῳ,
3042 1822 3199 1894 ἡμῶν
3234 1823 3624 1891 καταγελῶσιν,
3650 1826 3718 1878 att

520 1903 980 1955 monstrationem
1018 1905 1313 1971 habentes;
1361 1911 1456 1964 sed
1492 1914 1662 1967 stulte
1709 1915 1858 1970 velut
1905 1918 2027 1984 agni
2071 1931 2100 1971 a

521 1987 650 2057 lupo
686 1994 844 2060 rapti.
876 1995 927 2048 in
956 2001 1191 2065 prmdam
1227 2000 1408 2069 impiis
1435 2004 1787 2071 opinionibus
1819 2017 1874 2062 et
1900 2009 2103 2062 daemo-

521 2080 682 2134 nibus
709 2083 930 2137 cedunt.
966 2084 1111 2140 Nihil
1156 2091 1300 2143 enim
1333 2092 1481 2146 aliud
1515 2097 1854 2151 contendunt
1901 2109 1958 2153 et
2002 2113 2104 2168 pu-

521 2183 693 2238 gnant
733 2173 768 2226 ii
801 2175 891 2242 qui
947 2177 1204 2232 dicuntur
1235 2182 1533 2252 daemones,
1567 2187 1669 2241 nisi
1715 2197 1772 2242 ut
1801 2189 2050 2244 homines
2073 2207 2100 2244 a

519 2275 775 2320 creatore
807 2268 914 2322 Deo
940 2279 994 2324 et
1025 2272 1389 2342 primogenito
1415 2278 1536 2347 ejus
1559 2278 1778 2334 Christo
1804 2281 2103 2337 abducant.

517 2354 599 2408 Ac
625 2371 718 2410 eos
746 2360 990 2427 quidem,
1027 2365 1119 2432 qui
1150 2381 1210 2420 se
1236 2367 1403 2422 humo
1435 2371 1626 2425 tollere
1659 2384 1960 2441 nequeunt,
1995 2387 2107 2431 ter-

518 2448 668 2502 renis
691 2459 744 2504 et
773 2456 1101 2511 manutactis
1137 2461 1296 2513 rebus
1320 2461 1609 2518 aﬂixerunt
1639 2476 1696 2520 et
1727 2465 1986 2536 alligant;
2011 2472 2102 2538 qui

521 2551 702 2596 autem
746 2558 804 2598 se
858 2547 927 2600 ad
978 2551 1496 2619 contemplationem
1556 2571 1738 2610 rerum
1789 2557 2102 2615 caelestium

521 2633 759 2700 erigunt,
784 2651 879 2690 eos
920 2640 1340 2708 supplantando,
1375 2647 1480 2700 nisi
1505 2661 1642 2701 sano
1674 2650 1786 2702 sint
1808 2650 2023 2720 judicio
2050 2661 2107 2707 et

523 2739 715 2793 puram
763 2738 820 2782 et
874 2745 1104 2786 vacuam
1157 2737 1327 2789 animi
1380 2740 1890 2808 perturbationibus
1935 2745 2105 2800 vitam

523 2816 743 2888 degant,
778 2822 830 2875 in
862 2824 1196 2894 impietatem
1243 2829 1575 2902 impingunt.

597 2933 686 2990 59.
726 2938 903 3008 Atque
944 2951 1003 2994 ut
1036 2958 1064 2995 a
1099 2943 1421 3000 doctoribus
1458 2949 1687 3014 nostris,
1719 2950 1772 3004 id
1821 2961 1907 3007 est
1949 2967 1979 3006 a
2009 2953 2108 3009 do—

525 3027 704 3082 ctrina
737 3045 832 3098 per
866 3034 1162 3102 prophetas
1195 3038 1436 3108 vulgata,
1479 3053 1763 3112 acceptum
1795 3060 1918 3100 esse
1948 3045 2108 3100 intel-

2203 1914 2368 1981 δειξιν
2403 1915 2673 1986 μηδεμίαν
2709 1915 2837 1989 περὶ
2871 1908 2946 1968 ὧν
2976 1915 3222 1982 λέγουσιν
3245 1913 3462 1984 ἔχοντες
3480 1932 3492 1943 ·
3516 1914 3640 1967 ἀλλὰ
3661 1915 3718 1967 ἁλι

2203 2025 2336 2077 γως,
2371 2008 2444 2071 ὼς
2475 2008 2580 2060 ὑπὸ
2615 2006 2780 2060 λύκου
2827 2006 2990 2080 ἄρνες
3032 2007 3496 2079 συνηρπασμένοι,
3527 2007 3648 2078 βορὰ
3672 2006 3718 2058 :6;

2204 2098 2378 2152 ἀθέων
2406 2098 2690 2170 δογμάτων
2719 2100 2815 2152 καὶ
2843 2098 3114 2170 δαιμόνων
3138 2099 3401 2167 γξνονται.
3432 2101 3502 2152 Οὐ
3529 2101 3629 2170 γάρ
3654 2099 3718 2151 ἄλ)

2205 2208 2256 2244 τι
2283 2189 2642 2260 ἀγωνίζονται
2664 2193 2712 2243 οἱ
2733 2190 3020 2261 λεγόμενοι
3046 2191 3322 2262 δαίμονες,
3349 2193 3383 2264 ἢ
3416 2190 3638 2259 ἀπάγειν
3657 2193 3718 2244 τοῦ

2204 2284 2526 2356 ἀνθρώπους
2556 2285 2664 2338 ἀπὸ
2687 2283 2776 2338 τοῦ
2805 2285 3131 2355 ποιήσαντος
3158 2284 3316 2346 Θεοῦ,
3345 2285 3442 2338 καὶ
3470 2284 3558 2336 τοῦ
3580 2300 3718 2356 apum

2205 2377 2363 2445 γόνου
2391 2375 2552 2430 αὑτοῦ
2581 2376 2838 2448 Χριστοῦ.
2869 2377 2980 2431 Καὶ
3002 2379 3130 2440 τοὺς
3163 2379 3260 2448 μὲν
3286 2377 3384 2448 τῆς
3413 2377 3512 2446 γῆς
3538 2375 3606 2446 μὴ
3633 2379 3718 2428 ἐπει

2209 2468 2399 2541 ρεσθαι
2448 2469 2781 2540 δυναμένους
2830 2471 2944 2533 τοῖς
2991 2469 3206 2540 γηῖνοις
3255 2469 3353 2522 καὶ
3400 2469 3718 2541 χειροποιήτα

2207 2561 2587 2632 προσήλωσαν,
2628 2563 2722 2616 καὶ
2765 2563 3128 2634 προσηλοῦσι·
3165 2562 3292 2625 τοὺς
3332 2561 3389 2614 δὲ
3433 2562 3522 2614 ἐπὶ
3561 2560 3718 2632 θεωρία

2207 2650 2365 2706 θείων
2414 2654 2718 2727 ὁρμῶντας,
2767 2654 3223 2727 ὑπεκκροῦοντες,
3283 2655 3352 2726 ἢν
3416 2654 3487 2725 μὴ
3539 2652 3718 2722 λογισμέ

2208 2744 2460 2818 σώφρονα
2505 2748 2599 2800 καὶ
2644 2746 2888 2820 καθαρὸν
2936 2748 3032 2802 καὶ
3073 2748 3264 2820 ἀπαθῆ
3309 2750 3423 2820 βίον
3460 2750 3658 2821 ἔχωσιν,
3688 2749 3718 2804 εἰ

2205 2840 2460 2893 ἀσέϐειαν
2494 2839 2872 2911 ἐμϐάλλουσιν.

2277 2959 2365 3016 59.
2417 2961 2536 3014 Ἵνα
2566 2961 2631 3015 ’δὲ
2664 2961 2759 3014 καὶ
2805 2963 2955 3034 παρὰ
2997 2961 3102 3015 τῶν
3141 2963 3427 3038 ἡμετέρων
3461 2963 3718 3016 διδασκάλω

2209 3053 2473 3125 (λέγομεν
2513 3054 2570 3108 δὲ
2606 3054 2695 3108 τοῦ
2733 3054 2894 3124 λόγου
2932 3055 3023 3109 τοῦ
3059 3056 3147 3110 διὰ
3183 3056 3291 3110 τῶν
3332 3056 3614 3130 προφητῶν
3641 3053 3718 3125 (61]

525 3117 728 3188 ligatis,
773 3124 919 3191 quod
967 3126 1105 3180 dixit
1168 3129 1346 3194 Plato,
1396 3133 1586 3197 Deum,
1638 3150 1760 3189 cum
1815 3139 2101 3194 materiam

2214 3117 2438 3200 λαϐόντα
2462 3147 2552 3201 τὸν
2584 3117 2846 3201 Πλάτωνα
2889 3147 3099 3219 μάθητε
3145 3149 3205 3202 τὸ
3231 3117 3429 3212 εἰπεῖν,
3452 3117 3588 3223 ’ὓλην
3618 3117 3718 3217 ἄμφι

526 3211 816 3270 informem
859 3221 1130 3284 vertisset,
1178 3226 1440 3280 mundum
1487 3227 1716 3294 fecisse;
1755 3232 1940 3286 audite
1977 3235 2106 3303 quid

528 3305 756 3360 totidem
788 3310 971 3364 verbis
995 3313 1191 3367 dixerit
1223 3315 1456 3388 Moyses,
1484 3319 1692 3387 primus
1719 3324 2108 3392 prophetarum

525 3407 584 3449 et
608 3399 971 3468 scriptoribus
995 3405 1256 3460 omnibus
1282 3410 1574 3476 vetustior,
1615 3420 1673 3465 ut
1696 3426 1858 3482 supra
1885 3415 2111 3470 demon-

527 3491 826 3548 stravimus
853 3495 920 3559 ³⁸,
954 3512 1054 3565 per
1085 3514 1253 3567 quem
1306 3499 1544 3569 Spiritus
1579 3506 1932 3574 propheticus
1975 3523 2111 3578 quo-

528 3583 690 3636 modo
714 3588 974 3642 mundum
1007 3589 1150 3644 Detts
1179 3592 1338 3648 initio
1363 3604 1420 3648 et
1450 3609 1516 3649 ex
1551 3596 1749 3666 quibus
1777 3599 2105 3668 condiderit,

529 3672 777 3730 declarat
814 3678 898 3733 his
939 3683 1156 3738 verbis:
1187 3683 1252 3738 1η
1295 3689 1559 3756 principio
1588 3689 1709 3759 fecit
1747 3690 1886 3747 Deus
1919 3695 2108 3748 caelum

529 3775 578 3818 et
620 3776 834 3822 terram.
886 3769 1051 3826 Terra
1093 3786 1268 3829 autem
1300 3790 1412 3831 erat
1449 3780 1730 3836 invisibilis
1759 3792 1806 3835 et
1835 3783 2109 3854 incompo-

528 3859 632 3911 sita
654 3898 669 3923 ,
707 3869 755 3913 et
793 3868 1016 3918 tenebrae
1049 3884 1205 3938 super
1229 3871 1513 3939 abyssum:
1549 3883 1598 3926 et
1630 3873 1868 3943 Spiritus
1907 3877 2001 3931 Dei
2030 3878 2111 3948 [e-

533 3951 750 4003 rebatur
775 3971 933 4022 super
968 3975 1184 4026 aquam.
1231 3959 1297 4013 Et
1335 3963 1470 4017 dixit
1502 3961 1678 4020 Deus:
1715 3965 1844 4020 Fiat
1887 3971 1984 4024 tua:
2007 3987 2026 4025 :
2060 3980 2109 4024 et

532 4039 678 4108 facta
724 4054 800 4096 eu
830 4043 948 4100 lux.
993 4048 1171 4105 Verbo
1214 4050 1380 4121 igitur
1425 4055 1516 4109 Dei
1564 4072 1630 4111 ex
1674 4059 1937 4128 subjectis
1977 4070 2034 4115 et
2077 4077 2107 4115 a

533 4130 720 4203 Moyse
771 4136 1066 4207 designatis
1109 4144 1272 4198 rebus
1320 4147 1578 4201 nmndum
1624 4149 1942 4206 universum
1986 4167 2108 4209 esse

531 4228 813 4281 c0nditum
852 4240 904 4285 et
937 4231 1110 4300 Plato,
1145 4244 1198 4288 et
1227 4238 1318 4306 qui
1355 4240 1543 4294 eadem
1573 4257 1638 4296 ac
1676 4243 1767 4298 ille
1809 4245 2020 4311 dicunt,
2056 4256 2111 4304 et

530 4335 631 4375 nos
657 4323 754 4390 ipsi
789 4325 1100 4396 didicimus,
1133 4330 1396 4402 vobisque
1426 4331 1554 4389 licet
1594 4334 1736 4391 idem
1772 4339 2106 4407 perspicere.

601 4565 647 4596 ’⁸
689 4583 851 4636 supra
888 4589 940 4626 n.
970 4574 1061 4627 9.6.
1139 4576 1183 4606 ’³
1229 4592 1382 4633 num.
1407 4577 1478 4630 44
1503 4591 1559 4634 et
1587 4579 1679 4635 54.

607 4811 720 4888 (ξξ9)
762 4814 1058 4888 ζιζαυτοὺς
1077 4817 1146 4870 δὲ
1169 4822 1462 4888 φαύλους.
1499 4823 1744 4880 Similem
1780 4829 2107 4884 sententiam

531 4884 738 4951 profert
761 4885 1039 5006 Lhirlbius
1060 4904 1126 4943 ex
1170 4884 1434 4976 Apologia
1455 4893 1698 4951 Socratis
1731 4900 1872 4968 apud
1924 4897 2109 4957 Plato-

531 4967 653 5005 nem
683 4968 733 5006 ο.
835 4998 848 5006 .
1565 4981 1572 4990 ·

531 4967 653 5005 nem
683 4968 733 5020 p.
761 4957 848 5012 41.
1215 4957 1224 4961 ’
1340 4957 1357 4962 ⁷
1411 4971 1423 4976 ’
1565 4981 1572 4990 ·

605 5022 715 5097 (ϐθ)
759 5025 1005 5097 Ἕτερον
1043 5029 1196 5084 υἱόν.
1230 5031 1373 5087 Duos
1398 5034 1540 5090 ﬁlios
1568 5052 1673 5090 non
1718 5039 1908 5093 eodem
1943 5056 2106 5097 sensu

531 5093 854 5178 admittebat.
879 5093 1137 5178 ξιιμ-ρίου,
1165 5116 1272 5168 quo
1293 5104 1382 5178 alii
1415 5107 1680 5178 normulli,
1709 5109 1799 5178 qui
1828 5093 2104 5167 Christum

531 5178 560 5215 a
589 5162 716 5216 Jesu
741 5165 1079 5246 dividebant.
1116 5162 1236 5246 [pse
1255 5175 1410 5246 enim
1448 5173 1632 5230 Jesum
1667 5162 1792 5232 'siite
1824 5162 2011 5246 carne,
2043 5199 2107 5237 ac

533 5243 707 5312 totum
741 5234 909 5312 Deum
950 5252 1072 5292 esse
1108 5234 1362 5312 tingebat.
1404 5246 1508 5301 Sed
1539 5262 1662 5301 cum
1695 5264 1821 5302 eum
1876 5234 2105 5306 conten;

529 5305 706 5384 deret,
738 5319 843 5384 non
871 5306 1171 5384 Creatoris,
1187 5305 1301 5384 'sed
1339 5314 1428 5369 Dei
1463 5319 1866 5384 przestantioris
1889 5305 2103 5377 esseti-

530 5374 662 5448 lium
685 5384 739 5427 et
761 5375 1064 5442 Christum;
1090 5374 1245 5434 suum
1263 5374 1508 5439 Creatori
1529 5384 1725 5442 Filium
1752 5402 1805 5444 et
1825 5374 2101 5448 Christum

531 5444 893 5529 relinquebat,
929 5466 992 5529 ac
1033 5452 1307 5529 fatebatur
1349 5473 1367 5506 ι
1419 5457 1612 5529 Filium
1656 5467 1710 5513 et
1745 5444 2006 5529 Spiritum

530 5517 892 5641 suleIlagtiatn
926 5521 1206 5644 Crezatoris
1256 5541 1377 5580 esse
1404 5528 1680 5582 Christum
1727 5517 1864 5598 ejus.
1910 5552 1928 5583 ι
1968 5517 2103 5588 Ter;

530 5593 583 5638 tu
613 5625 653 5644 ..
706 5604 717 5639 l
763 5625 776 5639 .
807 5605 888 5644 ut.
922 5608 970 5644 c.
1042 5630 1057 5644 .

529 5586 653 5652 tul.,
685 5587 776 5641 lib.
807 5605 888 5655 Ill,
922 5608 970 5644 c.
1007 5591 1057 5644 7.

603 5657 715 5724 (6!)
760 5661 875 5744 ΔΔιόι
921 5660 1044 5744 τῶς
1080 5664 1664 5744 προφητῶῃιξυρριε
1712 5673 2101 5744 κηρυχθέντος,

531 5739 639 5804 non
683 5739 886 5816 alite‘ut,
919 5743 975 5785 ut
1005 5733 1241 5816 Grabnius
1286 5747 1348 5816 et.
1379 5733 1657 5816 Thirlbi'us
1680 5733 1823 5816 post
1859 5733 2100 5816 'Sylbur;

533 5795 699 5866 gium,
735 5798 1084 5873 λαλήσαντος.
1130 5807 1442 5876 Quinetiam
1471 5795 1760 5881 Thirlbius
1782 5795 2094 5884 legendum

2210 3254 2307 3306 φον
2336 3232 2503 3290 οῦσαν
2535 3237 2844 3310 στρέψαντα
2873 3238 2982 3308 (6‘2)
3019 3238 3109 3291 τὸν
3139 3239 3294 3303 Θεὸν,
3325 3240 3526 3311 κόσμον
3549 3240 3717 3307 ποιῆσαι

2196 3327 2478 3381 ’ἀκούσατε
2511 3327 2620 3382 τῶν
2647 3328 2926 3394 αὑτολεξεὶ
2966 3330 3270 3402 εἰρημένων
3309 3330 3398 3384 διὰ
3431 3331 3654 3392 Μωσέως
3679 3345 3718 3380 το

2209 3419 2688 3492 προδεδηλωμένου
2724 3419 2939 3493 πρώτου
2972 3422 3270 3492 προφήτου,
3303 3421 3399 3474 καὶ
3422 3421 3718 3494 πρεσὸυτέρο

2208 3512 2316 3566 τῶν
2349 3515 2406 3566 ὲν
2445 3513 2671 3584 Ἕλλησι
2706 3515 3105 3587 συγγραφέωνςθ
3145 3514 3211 3568 δι’
3243 3508 3304 3568 οῦ
3342 3514 3540 3588 μηνῦον
3566 3515 3619 3566 τὸ
3648 3527 3718 3582 τρι

2211 3603 2444 3674 φητικὸν
2487 3604 2715 3676 Πνεῦμα
2755 3605 2870 3670 πῶς
2899 3607 3000 3679 τὴν
3037 3606 3211 3679 ἀρχὴν
3252 3606 3350 3660 καὶ
3388 3607 3452 3659 ὲκ
3478 3606 3626 3658 τίνων
3658 3603 3718 3670 ﬁt

2213 3699 2548 3771 μιοῦργησεν
2593 3701 2623 3752 ό
2681 3700 2814 3764 Θεὸς
2861 3701 2952 3754 τὸν
2999 3701 3223 3772 κόσμον,
3276 3700 3380 3795 ξφη
3427 3699 3623 3795 οῦτωςσ

2208 3789 2365 3859 ἀρχῇ
2392 3791 2683 3858 ἐποίησεν
2705 3795 2737 3845 ό
2763 3791 2902 3858 Θεὸς
2936 3790 3044 3846 τὸν
3080 3789 3344 3860 οὐρανὸν
3375 3789 3470 3844 καὶ
3509 3790 3616 3855 τὴν
3639 3789 3717 3854 γῆν

2220 3882 2293 3936 Ἠ
2336 3881 2403 3934 δὲ
2439 3881 2514 3951 γῆ
2555 3879 2633 3954 ἦν
2677 3883 2929 3952 ἀόρατος
2978 3883 3075 3936 καὶ
3103 3883 3639 3946 ἀκαεασκεύαστος,
3668 3893 3718 3929 κα

2208 3975 2428 4040 σκότος
2475 3976 2676 4030 ἐπάνω
2715 3977 2824 4046 τῆς
2860 3977 3136 4032 ἀϐύσσου
3162 3991 3176 4005 ⁸
3223 3976 3323 4029 καὶ
3365 3975 3598 4043 Πνεῦμα
3629 3974 3717 4026 Θεο

2207 4066 2525 4135 ἐπεφέρετο
2563 4069 2762 4122 ἐπάνω
2783 4067 2902 4125 τῶν
2929 4069 3183 4123 ὑδάτων.
3225 4069 3336 4122 Kal
3368 4065 3532 4122 εἶπεν
3557 4071 3587 4120 ὀ
3619 4065 3718 4128 Θεζς

2209 4157 2529 4226 Γενηθήτω
2558 4160 2685 4229 φῶς
2709 4179 2722 4192 ο
2762 4162 2858 4216 καὶ
2898 4160 3136 4233 ἐγένετο
3181 4161 3371 4228 οὕτως
3397 4202 3410 4214 .
3446 4161 3598 4215 Ὥστε
3639 4159 3718 4225 λόγι

2210 4249 2343 4303 Θεοῦ
2388 4253 2452 4304 ὲκ
2495 4251 2602 4304 τῶν
2653 4255 3028 4326 ὑποκειμένων
3068 4258 3162 4312 καὶ
3204 4256 3641 4332 προδηλωθέντων
3681 4252 3717 4304 δι

2211 4339 2475 4404 Μωσέως,
2522 4343 2848 4414 γεγενῆσθαι
2891 4346 2981 4399 τὸν
3024 4347 3200 4402 πάντα
3239 4349 3460 4420 κόσμον,
3503 4347 3591 4401 καὶ
3634 4343 3718 4397 ΙΙλᾶ

2212 4834 2435 4914 conjicit
2455 4839 2632 4914 gap};
2649 4837 2742 4892 τοῦ
2771 4841 3041 4914 ἡμετέρου
3065 4842 3407 4902 διδασκάλου.

2287 4905 2404 4991 (ιβέ)
2444 4905 2823 4991 Στρέψαντοζξ
2875 4905 3004 4991 Ife-gi
3032 4930 3190 4991 posse
3215 4918 3484 4991 τρέψαντα
3511 4917 3718 4991 existima

2217 4975 2572 5054 Sylburgius;
2604 4975 2684 5034 Sic
2711 4982 2856 5054 enim
2895 4975 3044 5037 inl‘ra'
3079 4975 3610 5054 loquitur'Justiuus.
3643 4989 3717 5040 lltut

2216 5058 2403 5102 autem
2440 5049 2840 5104 observandum
2892 5064 2976 5107 est
3022 5049 3266 5113 Platonis
3315 5063 3381 5114 de
3420 5059 3592 5112 untmli
3625 5071 3718 5109 (rea

2217 5117 2362 5172 tione
2388 5123 2719 5196 sententiain
2751 5137 2862 5196 non
2881 5124 2998 5179 sine
3023 5131 3350 5196 exceptione
3373 5148 3400 5184 a
3428 5138 3607 5184 sancto
3632 5139 3718 5179 mat

2215 5198 2336 5257 tyre
2386 5189 2617 5267 laudari.
2667 5191 2800 5246 Nam
2832 5193 2960 5267 dum
2991 5189 3177 5250 solam-
3197 5203 3435 5254 materia:
3475 5199 3718 5267 dispositio

2214 5273 2336 5312 nem
2384 5262 2722 5326 considerat,
2775 5280 2881 5318 non
2928 5266 3204 5324 immerito
3251 5271 3521 5325 Platonem
3559 5262 3718 5321 laudat

2212 5329 2303 5409 qui
2332 5341 2452 5409 lant
2476 5333 2641 5409 multa
2669 5335 2939 5409 praeclare
2958 5353 3022 5388 ea
3049 5338 3116 5391 de
3151 5355 3208 5394 re
3237 5343 3478 5409 scripsit;
3511 5340 3598 5393 sed
3623 5351 3717 5392 suat

2214 5401 2283 5486 ab
2311 5415 2376 5454 eo
2402 5402 2798 5484 dissensionem
2825 5406 3095 5486 declarat,
3129 5409 3256 5486 dum
3286 5401 3586 5486 uu'irersum
3621 5423 3718 5486 niui:

2215 5469 2340 5552 dum
2377 5487 2442 5526 ex
2476 5474 2735 5552 subjectis
2779 5476 2941 5531 rebus
2981 5488 3034 5530 et
3076 5493 3123 5552 a‘
3146 5479 3333 5552 Moyse
3377 5478 3718 5552 demonstratis

2213 5538 2263 5618 ill
2296 5552 2379 5595 est
2413 5557 2490 5621 ex“
2507 5538 2646 5598 caelo
2672 5556 2721 5597 et
2754 5553 2920 5610 terra,
2950 5563 3072 5614 quae
3103 5538 3319 5621 Deus'in
3353 5550 3600 5621 principio
3621 5560 3718 5600 crca

2211 5609 2307 5684 vit,
2363 5611 2668 5684 perfectum
2721 5630 2840 5670 esse
2890 5609 3239 5684 pronuntiat.
3289 5609 3532 5675 Platonis
3566 5629 3718 5674 seutcu

2210 5679 2338 5756 tiam
2366 5683 2530 5756 simili
2564 5687 2725 5741 modo
2768 5679 2987 5740 laudant
3031 5691 3288 5745 Clemens
3329 5692 3519 5746 Strom.
3565 5707 3609 5749 ν.
3640 5701 3718 5756 pag

2207 5747 2338 5820 59!,
2378 5763 2432 5809 et
2458 5751 2834 5814 Theodoretus
2857 5758 3015 5815 initio
3039 5759 3136 5817 lib.
3173 5777 3229 5819 tv
3256 5765 3374 5818 adv.
3408 5747 3622 5816 σταται.
