3760 6482
143 375 224 432 ιει
1179 366 1522 423 A-POLOGIA
1556 369 1577 424 Ι
1613 367 1751 424 PRO
1782 367 2245 427 CIIRISTIANIS.

3245 374 3349 430 492

142 487 336 544 ποιεῖν’
370 487 597 556 κρίνατε
634 483 876 555 ὀρφανῷ,
925 484 1018 538 καὶ
1045 483 1398 538 δικαιώσατε
1420 486 1619 553 χήραν
1639 503 1652 515 ·

1848 504 1957 541 nus.
1999 486 2129 541 Etsi
2153 488 2349 556 fuerint
2378 498 2591 557 peccata
2618 498 2788 542 vestra
2815 490 2969 559 quasi
3002 490 3347 560 phwuiceum,

142 583 219 634 ml
234 579 414 640 δεῦτε,
436 579 527 630 καὶ
549 576 957 646 διαλεχθῶμεν,
996 575 1153 645 λέγει
1176 577 1410 643 Κύριος.
1435 578 1541 630 Καὶ
1561 575 1669 630 ἐὰν

140 668 266 725 ὦσιν
286 673 342 723 al
376 670 635 736 ἁμαρτίαι
669 666 827 735 ὑμῶν
846 668 923 733 ὡς
958 668 1288 736 φοινικοῦν,
1326 668 1468 722 ὡσεὶ
1510 668 1670 735 ἔριον

141 761 384 816 λευκανῶ
401 778 414 790 ⁸
447 760 537 813 ναὶ
557 760 662 812 ἐὰν
673 754 818 812 ὦσιν
831 759 909 824 ὡς
927 760 1227 823 κόκκινον,
1245 760 1325 824 ὡς
1346 761 1518 827 χιόνα
1531 764 1671 814 λευ-

144 852 293 905 κανῶ.
330 852 459 904 Ἐὰν
486 852 551 903 δὲ
566 850 650 919 μὴ
669 848 1059 917 εἰσακούσητέ
1071 868 1213 919 μου,
1230 851 1495 920 μάχαιρα
1514 851 1669 921 ὑμᾶς

143 944 427 998 κατέδεται.
461 944 528 996 Τὸ
548 943 653 1011 γὰρ
688 942 873 1011 στόμα
914 943 1133 1009 Κυρίου
1157 943 1427 1011 extimas
1458 946 1664 999 ταῦτα.

142 1036 232 1090 Καὶ
269 1034 418 1102 λόγον
450 1034 502 1087 δὲ
533 1036 611 1097 εἰς
633 1032 785 1086 τοῦτο
806 1034 951 1106 παρά
994 1034 1101 1087 τῶν
1134 1037 1446 1089 ἀποστόλων
1472 1037 1670 1108 ἐμάθο-

145 1146 225 1198 μεν
244 1123 436 1179 τοῦτον.
481 1125 690 1196 Ἐπειδὴ
728 1124 823 1196 τὴν
868 1124 1085 1197 πρώτην
1130 1126 1238 1197 (Ἠ)
1275 1128 1487 1195 γένεσιν
1514 1129 1670 1200 ήμῶν

144 1220 449 1288 ἀγνοοῦντες,
474 1221 586 1273 κατ’
617 1220 861 1291 ἀνάγκην
888 1220 1230 1291 γεγενήμεθα
1264 1220 1323 1285 ἐξ
1348 1223 1519 1294 ὑγρᾶς
1543 1240 1671 1276 σπο-

145 1315 225 1383 ρᾶς
251 1312 382 1365 κατά
421 1309 556 1381 μίξιν
597 1311 818 1382 τὴντῶν
858 1314 1060 1381 γονέων
1091 1314 1228 1385 πρὸς
1254 1314 1538 1386 ἀλλήλους,
1576 1316 1671 1370 καὶ

143 1405 187 1454 ἐν
198 1402 326 1454 ἔθεσι
351 1401 563 1471 φαύλοις
581 1402 673 1455 καὶ
702 1405 959 1474 πονηραῖς
971 1405 1334 1475 ἀναστροφαῖς
1346 1407 1667 1477 γεγόναμεν,

141 1496 260 1556 ὅπως
313 1494 385 1564 μὴ
436 1494 671 1565 ἀνάγκης
715 1494 884 1549 τέκνα
935 1497 1068 1567 μηδὲ
1110 1497 1332 1565 ἀγνοίας
1385 1498 1667 1570 μένωμεν,

140 1585 614 1656 ἀλλὰπροαιρέσεως
630 1585 723 1637 καὶ
754 1587 1088 1659 ἐπιστήμης,
1125 1588 1373 1659 ἀφέσεώς
1400 1607 1458 1642 τε
1492 1592 1671 1663 ἀμαρ-

140 1674 243 1727 τιῶν
267 1676 401 1746 ὑπὲρ
442 1670 510 1729 ὧν
564 1676 987 1747 προημαρτομεν
1010 1679 1261 1751 τύχωμεν
1292 1682 1350 1733 ὲν
1386 1681 1461 1752 τῷ
1493 1681 1667 1748 ὕδατι,

139 1766 490 1836 ἐπονομάζεται
538 1766 612 1837 τῷ
657 1767 894 1839 ἑλομένῳ
938 1769 1388 1841 ἀναγεννηθῆναι,
1430 1773 1524 1827 καὶ
1577 1791 1672 1845 με-

1770 592 2017 650 tanquam
2054 580 2233 634 lanam
2262 580 2557 645 dealbubo;
2604 590 2651 635 et
2680 581 2724 634 si
2756 583 3023 649 fueriulut
3056 584 3347 649 coccinum,

1771 674 1907 725 sicut
1932 674 2118 726 ‘nivem
2177 673 2453 727 dealbabo.
2483 672 2543 727 Si
2575 685 2748 727 autem
2796 691 2899 728 non
2940 676 3216 729 audieritis
3244 693 3348 740 me,

1772 762 1979 831 gladius
2004 763 2270 815 devorabit
2297 780 2406 816 vos.
2439 761 2511 815 Os
2544 764 2681 815 enim
2738 762 2955 816 Domini
3000 764 3232 817 locutum
3272 774 3351 818 est

1769 851 1882 903 ha'c
1916 850 1979 902 ³⁸.
2013 851 2162 904 lianc
2198 861 2378 904 autem
2416 850 2573 918 hujus
2603 852 2679 905 rei
2716 852 2981 906 rationem
3002 854 3068 907 ab
3094 854 3353 923 apostolis

1772 944 2103 1012 accepimus.
2146 943 2374 1009 Quando
2396 943 2615 1012 quidem
2648 944 2885 1012 primam
2914 954 3153 998 nostram
3183 961 3349 1015 genie-

1773 1036 2039 1089 rationem
2094 1036 2430 1105 ignorantes,
2497 1037 2830 1090 necessitate
2863 1040 3098 1106 quadam
3142 1053 3210 1092 ex
3245 1041 3350 1093 bu-

1773 1128 1923 1184 mido
1951 1129 2164 1183 semine
2197 1144 2291 1197 per
2316 1138 2554 1182 mutuam
2597 1139 2882 1197 parentum
2927 1132 3230 1186 mistiouem
3258 1147 3355 1200 ge-

1774 1219 1872 1273 niti
1926 1234 2134 1283 sumus,
2189 1228 2353 1285 atque
2404 1219 2456 1272 in
2506 1220 2690 1286 pravis
2744 1220 2989 1276 moribus
3030 1234 3085 1277 et
3131 1222 3354 1278 nefariis

1774 1312 2037 1368 institutis
2092 1312 2305 1366 educati
2345 1320 2444 1364 :ut
2495 1311 2841 1366 necessitatis
2888 1325 2945 1368 et
2981 1314 3352 1385 ignorationis

1776 1404 1875 1457 ﬁlii
1940 1420 2047 1457 non
2081 1418 2419 1469 maneamtts,
2469 1405 2561 1456 sed
2584 1403 2870 1458 electionis
2907 1416 2961 1459 et
3002 1407 3262 1474 scientiae,
3295 1422 3354 1462 et.

1773 1496 2148 1550 remissionem
2185 1504 2554 1566 peccatorum,
2590 1511 2709 1564 quae
2758 1496 2910 1564 prius
2957 1499 3352 1568 commisimus,

1773 1601 2175 1657 consequamur
2202 1588 2256 1641 in
2282 1602 2460 1657 aqua;
2494 1603 2657 1656 super
2685 1603 2750 1641 eo
2783 1588 2874 1657 qui
2903 1592 3211 1659 regenerari
3257 1607 3355 1646 vo-

1770 1678 1956 1744 luerit,
1989 1687 2043 1733 et
2092 1687 2439 1747 peccatorum
2476 1681 2854 1748 paenitentiam
2887 1684 3077 1753 egerit,
3110 1686 3355 1752 parentis

1772 1772 2013 1825 omnium
2046 1778 2099 1825 et
2130 1769 2344 1826 Domini
2383 1772 2477 1826 Dei
2531 1786 2724 1827 nomen
2755 1774 3163 1843 pronuntiatur,
3189 1786 3355 1846 atque

137 1863 424 1929 τανοήσαντι
476 1860 565 1912 ἐπὶ
607 1864 718 1923 τοῖς
767 1861 1195 1933 ἡμαρτημένοις,
1243 1863 1303 1916 τὸ
1332 1864 1425 1917 τοῦ
1459 1866 1671 1937 Πατρὸς

1848 1864 2069 1933 cipsum
2099 1863 2479 1918 tantummodo
2514 1865 2876 1933 appellamus,
2910 1884 3033 1922 cum
3087 1884 3211 1922 eum
3252 1870 3354 1923 ba-

135 1949 221 2001 τῶν
242 1950 372 2003 ὅλων
397 1950 487 2003 καὶ
518 1952 782 2004 Δεσπότου
811 1951 946 2005 Θεοῦ
983 1953 1152 2023 ὄνομα
1171 1969 1185 1983 ·
1222 1953 1354 2007 αὐτὸ
1384 1954 1542 2009 τοῦτο
1576 1957 1671 2027 μό-

134 2059 204 2095 νον
221 2044 544 2112 ἐπιλέγοντες
568 2045 697 2115 (72),
734 2045 919 2099 τοῦτον
951 2046 1273 2117 λουσόμενον
1308 2046 1533 2115 ἄγοντες
1576 2049 1670 2101 ἐπὶ

137 2134 181 2185 τὸ
210 2136 432 2207 λουτρόν.
471 2139 670 2209 Ὀνομα
703 2138 813 2211 γὰρ
838 2138 915 2210 τῷ
948 2141 1169 2212 ἀρρήτῳ
1203 2140 1321 2213 Θεῷ
1356 2142 1530 2206 οὐδεὶς
1558 2142 1672 2213 ἔχει

138 2227 278 2280 εἰπεῖν
295 2244 307 2257 ’
331 2231 377 2281 εἰ
405 2230 456 2282 δέ
482 2247 560 2293 τις
590 2231 911 2302 τολμήσειεν
948 2228 1086 2286 εἶναι
1113 2232 1314 2302 λέγειν,
1344 2235 1552 2305 μέμηνε
1574 2235 1671 2307 τὴν

137 2316 309 2372 ἄσωτον
367 2321 579 2390 μανίαν.
622 2324 886 2377 Καλεῖται
923 2324 979 2376 δὲ
1023 2324 1181 2377 τοῦτο
1219 2324 1279 2377 τὸ
1309 2324 1531 2396 λουτρὸν
1562 2345 1673 2397 φω-

136 2409 313 2478 τισμος,
333 2412 405 2475 ὡς
426 2414 805 2484 φωτιζομένων
828 2416 924 2487 τὴν
946 2416 1320 2495 Μῶν
1340 2416 1511 2470 ταῦτα
1540 2434 1672 2487 μαν-

136 2502 387 2558 θανόντων.
435 2507 542 2559 Καὶ
591 2509 676 2559 ἐπ’
713 2509 975 2578 ὀνόματος
996 2510 1053 2563 δὲ
1090 2510 1268 2583 Ἰησοῦ
1299 2510 1533 2583 Χριστοῦ
1576 2510 1669 2563 τοῦ

139 2596 500 2665 σταυρωθέντος
522 2599 617 2651 ἐπὶ
641 2601 866 2653 Ποντίου
896 2602 1145 2667 Πιλάτου,
1174 2604 1267 2657 καὶ
1296 2604 1381 2656 ἐπ’
1408 2604 1668 2674 ὀνόματος

138 2686 412 2757 Πνεύματος
447 2691 620 2758 ἁγίου,
645 2691 783 2745 ὂδιά
823 2692 929 2746 τῶν
979 2696 1275 2765 προφητῶν
1319 2694 1662 2767 προεκήρυξε

135 2779 187 2831 τὰ
206 2781 331 2833 κατὰ
373 2782 459 2833 τὸν
494 2782 698 2852 Ἰησοῦν
728 2783 925 2850 πάντα,
958 2787 985 2838 ὁ
1036 2786 1401 2856 φωτιζόμενος
1433 2786 1666 2842 λούεται.

185 2870 261 2925 62.
294 2874 399 2925 Καὶ
422 2874 480 2926 τὸ
498 2874 723 2947 λουτρὸν
754 2875 818 2946 δὴ
855 2875 1012 2929 τοῦτο
1048 2877 1381 2941 ἀκούσαντες
1403 2881 1451 2932 οἱ
1474 2878 1667 2951 δαίμο-

137 2978 205 3023 νες
223 2962 302 3014 διὰ
320 2962 409 3015 τοῦ
438 2966 715 3035 προφήτου
749 2963 859 3036 (⁵75)
907 2969 1335 3038 κεκηρυγμένον,
1359 2971 1670 3041 ὲνήργησαν

136 3057 209 3110 καὶ
252 3056 508 3128 ραντίζειν
552 3058 777 3122 ἑαυτοὺς
825 3060 953 3124 τοὺς
994 3063 1074 3124 είς
1095 3061 1160 3115 τὰ
1193 3061 1675 3138 ἱερὰαύτῶνὲπιῤ-

140 3148 397 3213 βαίνοντας,
420 3149 511 3202 καὶ
546 3149 828 3217 προσιέναι
851 3150 1032 3214 αὐτοῖς
1050 3152 1362 3222 μέλλοντας,
1377 3152 1560 3217 λοιϐὰς
1577 3154 1671 3207 καὶ⁵

132 3240 323 3305 κνίσσας
366 3242 756 3306 ἀποτελοῦντας
777 3259 790 3273 ⁸
814 3242 992 3297 τέλεον
1006 3244 1060 3296 δὲ
1082 3246 1176 3299 καὶ
1201 3245 1455 3299 λούεσθαι
1488 3246 1676 3300 ἀπιόν-

134 3348 210 3395 τες
230 3334 331 3404 (Ἠ)
363 3335 486 3405 πρὶν
510 3334 684 3387 ἐλθεῖν
714 3334 806 3385 ἐπὶ
834 3334 900 3387 τὰ
925 3335 1046 3407 ἱερὰ
1080 3336 1208 3391 ἔνθα
1229 3337 1493 3409 ἵδρυνται,
1520 3338 1675 3408 ἐνερ-

134 3426 277 3491 γοῦσι.
318 3429 423 3481 Καὶ
471 3426 580 3498 γὰρ
620 3426 679 3479 τὸ
743 3426 1073 3481 ὑπολύεσθαι
1124 3428 1510 3491 ἐπιϐαίνοντας
1560 3431 1673 3492 τοῖς

130 3518 289 3585 ἱεροῖς,
321 3521 410 3573 καὶ
440 3522 550 3583 τοῖς
581 3520 765 3583 αὐτοῖς
805 3520 917 3590 (75)
964 3521 1091 3583 τοὺς
1138 3520 1542 3592 θρησκεύοντας
1584 3539 1677 3574 κε-

136 3605 348 3663 λεύεσθαι
386 3610 489 3663 ὑπὸ
528 3609 638 3661 τῶν
675 3609 1082 3681 ἱερατευόντων,
1109 3611 1172 3661 ἐκ
1206 3609 1312 3662 τῶν
1350 3610 1673 3681 συμϐάντων

136 3700 292 3753 Mcoer
324 3702 395 3772 τῷ
436 3703 711 3774 εἰρημένῳ
752 3703 1005 3775 προφήτῃ
1044 3701 1305 3773 μαθόντες
1344 3701 1392 3755 οἱ
1426 3703 1677 3772 δαίμονες

136 3792 449 3863 ἐμιμήσαντο.
486 3795 624 3847 Κατ’
657 3796 834 3847 ἐκεῖνο
868 3793 973 3864 γὰρ
1013 3792 1105 3846 τοῦ
1134 3793 1327 3864 καιροῦ
1362 3796 1449 3847 ὅτε
1476 3795 1678 3865 Μωσῆς

138 3884 388 3956 ἐκελεύσθη
416 3884 691 3938 κατελθὼν
715 3888 794 3949 εἰς
830 3886 1100 3953 Αἴγυπτον
1135 3885 1424 3953 ἐξαγαγεῖν
1455 3885 1543 3937 τὸν
1565 3887 1683 3938 ἐκεῖ

136 3973 238 4028 λαὸν
254 3978 351 4029 τῶν
378 3978 746 4049 Ἰσραηλιτῶν,
764 3979 1137 4049 ποιμαίνοντος
1158 3978 1321 4031 αὐτοῦ
1349 3980 1405 4031 ὲν
1429 3981 1494 4049 τῇ
1529 3978 1685 4049 Ἀρα-

138 4065 240 4135 Emi}
268 4068 331 4139 τῇ
365 4068 609 4140 πρόϐατα
635 4068 729 4121 τοῦ
746 4069 882 4140 πρὸς
900 4070 1107 4143 μητρὸς
1137 4068 1280 4122 θείου
1317 4070 1449 4141 (76),
1476 4072 1532 4123 ἐν
1567 4069 1679 4143 ἰδέᾳ

140 4159 280 4227 πυρὸς
310 4162 370 4213 ἐκ
398 4160 560 4231 βάτου
596 4160 1015 4231 προσωμίλησεν
1030 4162 1178 4233 αὐτῷ
1198 4164 1225 4214 ὁ
1259 4162 1525 4234 ἡμέτερος
1552 4163 1685 4233 Χριο

136 4251 258 4313 στος,
284 4252 376 4305 καὶ
402 4249 553 4305 εἶπεν
580 4269 594 4281 ·
648 4250 983 4308 ’Υπόλυσαι
1024 4253 1097 4308 τὰ
1139 4252 1496 4323 ὑποδήματά
1540 4268 1678 4320 σου,

139 4343 217 4394 καὶ
241 4343 577 4410 προσελθὼν
594 4343 884 4399 ἄκουσον.
934 4345 992 4398 '0
1035 4344 1115 4408 δὲ,
1160 4343 1568 4416 ὑπολυσάμενος
1588 4346 1682 4399 καὶ

195 4495 232 4528 ³⁸
262 4500 356 4553 lsa.
394 4516 434 4565 ι,
487 4495 672 4555 16-20.
750 4500 793 4532 "
830 4499 1000 4554 Exod.
1028 4514 1112 4565 In,
1149 4498 1203 4553 5.

1774 1957 2088 2025 ptizandum
2126 1958 2191 2009 ad
2220 1955 2494 2010 lavacrum
2510 1957 2852 2013 deducimus.
2874 1956 3041 2013 Nemo
3074 1968 3161 2014 est
3205 1959 3351 2013 enim

1772 2049 1865 2118 qui
1893 2062 2088 2101 nomen
2124 2047 2305 2101 dicere
2336 2062 2443 2101 non
2479 2048 2770 2102 enarrabili
2814 2048 2927 2103 Deo
2960 2051 3154 2119 possit,
3182 2060 3274 2105 aut
3303 2052 3352 2106 si

1772 2141 1897 2209 quis
1931 2140 2116 2193 dicere
2142 2138 2340 2191 audeat
2365 2152 2564 2190 nomen
2600 2137 2678 2190 illi
2710 2138 2914 2201 inesse,
2954 2139 2998 2192 is
3029 2140 3241 2207 perdite
3267 2141 3355 2195 ir:-

1771 2231 1935 2286 sanit.
1980 2228 2219 2282 Vocatur
2248 2238 2433 2279 antem
2490 2226 2773 2281 lavacrum
2831 2227 2960 2281 illud
2997 2229 3348 2297 illuminatio,

1770 2337 1836 2377 eo
1860 2321 2001 2390 quod
2028 2330 2211 2373 mente
2247 2318 2626 2373 illuminentur
2658 2319 2751 2387 qui
2788 2319 2903 2373 haec
2952 2320 3191 2373 discunt.
3240 2321 3350 2377 Sed

1771 2424 1827 2469 et
1861 2414 1915 2467 in
1965 2411 2186 2466 nomine
2219 2408 2351 2464 Jesu
2386 2409 2588 2464 Christi
2634 2410 2736 2464 sub
2779 2408 2976 2464 Pontio
3016 2409 3193 2465 Pilato
3216 2426 3351 2465 cru-

1770 2504 1939 2569 ciﬁxi,
1999 2513 2054 2557 et
2084 2503 2136 2555 in
2173 2502 2394 2556 nomine
2441 2500 2679 2571 Spiritus
2733 2501 2937 2565 sancti,
2968 2501 3060 2570 qui
3095 2517 3191 2570 per
3225 2516 3353 2570 pro-

1770 2601 1965 2666 phetas
1999 2593 2180 2649 omnia
2213 2594 2279 2647 ad
2316 2591 2500 2647 Jesum
2533 2592 2835 2660 spectantia
2860 2592 3269 2661 praenuntiavit,
3304 2591 3351 2647 is

1773 2687 1865 2758 qui
1900 2687 2257 2751 illuminatur,
2282 2684 2539 2738 abluitur.

1844 2861 1933 2917 62.
1965 2865 2141 2932 Atque
2176 2863 2277 2919 hoc
2319 2863 2593 2917 lavacrum
2639 2865 2912 2918 datmones
2937 2879 3060 2918 cum
3097 2879 3191 2934 per
3220 2880 3351 2936 pro-

1773 2954 1993 3023 pbetam
2026 2955 2376 3021 praedicatum
2413 2954 2712 3021 audissent,
2742 2954 3114 3023 perfecerunt,
3151 2964 3207 3009 ut
3257 2956 3352 3026 qui

1776 3046 1978 3115 templa
2043 3060 2232 3101 eorum
2294 3045 2697 3115 ingrediuntur,
2750 3046 2932 3115 iisque
2994 3045 3354 3115 supplicaturi

1777 3149 1904 3197 sunt
1925 3149 1980 3195 et
2011 3139 2271 3194 libamina
2295 3154 2361 3193 ac
2391 3139 2611 3194 nidores
2667 3137 2925 3202 delaturi,
2954 3139 3162 3207 seipsos
3198 3152 3354 3208 aqua:

1780 3233 2101 3303 aspersione
2134 3231 2427 3286 lustrareut
2453 3249 2466 3285 :
2496 3242 2657 3300 atque
2694 3229 2820 3283 illud
2852 3231 3014 3284 etiam
3041 3231 3351 3299 perﬁciunt,

1780 3336 1842 3381 ut
1873 3324 2285 3396 proﬁciscentes
2307 3325 2522 3395 penitus
2567 3324 2769 3389 lavent,
2800 3334 3092 3391 antequam
3131 3322 3352 3391 templa,

1780 3419 1868 3474 ubi
1906 3420 2067 3475 iidem
2105 3419 2379 3473 daemones
2413 3417 2659 3473 collocati
2706 3425 2855 3481 sunt,
2885 3417 3194 3471 deveniunt.
3218 3415 3353 3471 Nam

1778 3526 1833 3569 et
1859 3516 2003 3583 quod
2037 3512 2352 3568 sacerdotes
2386 3510 2600 3579 jubent,
2643 3520 2701 3563 ut
2726 3510 2937 3564 calceos
2990 3508 3224 3574 solvant,
3261 3508 3357 3578 qui

1778 3604 1979 3675 templa
2012 3603 2394 3671 ingrediuntur
2416 3612 2483 3672 ‘et
2538 3602 2728 3656 iisdem
2766 3602 2930 3655 rebus
2963 3600 3231 3655 dtemones
3262 3615 3359 3654 co-

1782 3698 1921 3761 lunt,
1953 3696 2007 3750 id
2034 3697 2306 3748 daemones
2341 3708 2408 3747 ex
2447 3693 2555 3757 his,
2577 3708 2696 3762 qua:
2723 3692 3037 3759 supradicto
3072 3692 3350 3759 prophetae

1782 3789 1956 3861 Moysi
1992 3796 2311 3850 evenerunt,
2350 3784 2633 3863 cognitum
2668 3783 2863 3837 imitati
2893 3793 3039 3835 sunt.
3062 3781 3179 3848 Quo
3207 3781 3352 3834 enim

1781 3889 2024 3949 tempore
2060 3876 2278 3947 Moyses
2313 3878 2367 3930 in
2403 3875 2696 3946 IEgyptum
2735 3874 3064 3928 descendere
3098 3884 3151 3927 et
3177 3888 3355 3942 popu-

1782 3973 1892 4027 lum
1936 3971 2295 4027 lsraeliticum
2332 3970 2404 4025 ibi
2452 3977 2876 4025 commorantem
2915 3966 3355 4035 educerejnssus

1784 4077 1898 4133 est,
1939 4078 2252 4136 pascentem
2285 4065 2438 4119 illum
2471 4065 2524 4119 in
2559 4064 2761 4118 Arabia
2793 4078 2924 4116 oves
2957 4061 3208 4115 avunculi
3243 4076 3356 4112 ma-

1788 4159 2203 4214 terniChristus
2262 4168 2450 4214 noster
2480 4158 2532 4211 in
2580 4156 2759 4226 specie
2801 4157 2939 4227 ignis
2970 4170 3001 4210 e
3037 4156 3171 4208 rubo
3219 4153 3355 4206 allo-

1787 4262 1948 4307 cutus
1980 4263 2086 4316 est,
2112 4267 2175 4307 ac
2207 4252 2341 4306 dixit
2368 4270 2381 4305 :
2421 4250 2575 4305 Solve
2610 4248 2963 4303 calceamenta
3001 4255 3112 4307 tua,
3145 4255 3191 4298 et
3216 4260 3361 4297 acce—

1786 4345 1914 4399 dens
1934 4346 2063 4398 audi
2091 4344 2156 4398 ³⁷.
2197 4343 2337 4398 Tum
2371 4342 2462 4396 ille
2483 4338 2870 4397 calceamentis
2901 4338 3161 4407 depositis
3200 4350 3352 4392 acce-

197 4611 290 4681 (71)
329 4613 564 4681 Ἐπειδὴ
586 4612 699 4682 τὴν
726 4613 981 4682 πρώτην.
1011 4611 1135 4667 Haec
1168 4609 1397 4682 ntirit‘tce
1430 4621 1673 4664 consen-

1881 4604 2103 4682 martyri
2131 4602 2276 4675 (vide
2296 4615 2462 4682 supra
2490 4617 2544 4655 n.
2571 4601 2684 4673 55).
2712 4613 2832 4682 tum
2858 4605 2988 4682 quia
3018 4622 3181 4682 supra
3202 4605 3353 4682 dixit

147 4684 257 4736 tiunt
282 4700 399 4738 cum
434 4681 679 4739 doctrina
738 4681 797 4739 S.
852 4684 1135 4750 Augustini
1162 4698 1175 4734 :
1205 4700 1226 4735 ε
1254 4681 1423 4734 Natos
1472 4695 1577 4733 non
1609 4692 1674 4730 ex

144 4754 274 4818 bono,
297 4770 402 4824 quo
429 4755 579 4808 bonae
610 4764 740 4808 sunt
793 4755 1010 4820 nuptiae,
1062 4752 1316 4824 inquit],
1366 4750 1442 4824 De
1468 4758 1675 4816 peccat.

147 4821 401 4889 meritq'n.
434 4824 526 4888 28,
583 4826 678 4878 sed
728 4840 794 4878 ex
851 4825 996 4877 malo
1036 4821 1526 4890 concupiscentiae,
1571 4831 1678 4885 quo

144 4891 256 4963 bene
274 4894 483 4963 quidem
546 4904 773 4947 utuntur
825 4894 1045 4963 nuptiae,
1082 4894 1149 4946 de
1181 4908 1289 4962 quo
1324 4898 1504 4963 tamen
1551 4903 1677 4940 eru-

144 4958 341 5033 bescunt
365 4977 420 5018 et
444 4966 660 5033 nuptiae,
704 4978 828 5017 reos
877 4958 1126 5017 diabolus
1154 4958 1408 5032 parvulos
1457 4967 1674 5033 tenet...

144 5030 205 5085 Ex
228 5035 317 5088 hac
341 5028 774 5104 concupiscentia
810 5036 1083 5104 carn_is....
1128 5028 1463 5101 quaecunque
1500 5028 1678 5104 nasci-

146 5112 215 5176 tur
243 5106 436 5172 proles,
474 5098 726 5172 originali
772 5111 853 5157 est
900 5098 1571 5176 obligata'peccato,_nisi
1618 5098 1671 5176 in

146 5170 597 5243 i_|_lo‘renascatur,
651 5188 810 5243 quem
868 5172 988 5228 sine
1020 5170 1171 5227 'ista
1227 5170 1673 5239 concupiscentia

152 5239 284 5311 Virgo
314 5247 574 5315 cuncepit.

203 5308 302 5379 (Ῠὲ)
327 5308 494 5371 Αὐτό
519 5316 693 5369 τοῦτο
740 5315 932 5384 μόνον
982 5312 1410 5384 ἐπιλέγοντες.-
1443 5308 1676 5384 Necesse

147 5376 234 5437 Ion
262 5376 336 5440 est
369 5403 488 5441 cum
520 5376 929 5453 Grabio'legere
958 5376 1298 5452 ἐπιλέγοντες
1322 5376 1515 5453 τούτῳ,
1539 5376 1667 5453 λουτ

150 5456 359 5525 σύμενον.
412 5456 564 5517 Legit
607 5446 881 5509 Thirlbius
927 5454 1056 5505 αὐτὸ
1096 5446 1252 5507 τοῦτο
1297 5446 1680 5522 μόνονίὲπιλέ-

147 5524 306 5591 γοντος
326 5526 415 5581 τοῦ
455 5527 545 5579 τὸν
575 5524 896 5596 λουσόμενον
932 5525 1179 5592 ἄγοντος,
1207 5526 1304 5596 Itoc
1338 5531 1568 5596 tantum“
1588 5534 1680 5582 ap-

148 5586 342 5660 pellant:
355 5597 532 5665 eo,qui
553 5586 922 5664 baptizandum
949 5586 1093 5647 d‘ucit
1118 5586 1186 5646 ad
1203 5593 1500 5665 lauacrum.
1528 5586 1679 5641 Hanc

150 5664 548 5737 emendationem
604 5666 817 5737 plurimi
849 5665 1025 5737 _faci_o_,
1059 5679 1123 5718 ac
1170 5664 1215 5717 si
1246 5664 1368 5737 quis
1399 5674 1518 5712 eam
1559 5671 1681 5737 am-

150 5734 409 5801 plectatur,
446 5730 668 5789 minime
690 5734 935 5788 obstabo.
966 5733 1082 5788 Non
1109 5730 1292 5789 tamen
1312 5730 1361 5783 ei
1388 5730 1679 5801 assentior,

152 5800 244 5861 tum
290 5811 415 5873 quia
462 5804 724 5874 ejusmodi
770 5805 1057 5875 participia
1102 5819 1213 5865 non
1261 5800 1522 5864 inusitata
1555 5809 1680 5855 sunt

1779 4675 2169 4746 baptizandum
2221 4688 2327 4729 non
2356 4675 2425 4729 ab
2466 4688 2595 4738 uno,
2628 4675 2724 4727 sed
2761 4692 2789 4727 a
2819 4676 3067 4744 pluribus
3099 4680 3165 4730 ad
3201 4676 3353 4731 lava-

1776 4765 1931 4804 crum
1960 4748 2102 4800 duci.

1848 4818 1961 4888 (Ἱὸ)
1985 4817 2089 4870 Διὰ
2136 4816 2250 4888 τοῦ,
2290 4812 2621 4888 προφήτου.
2658 4815 2864 4888 lsaiam
2902 4816 3174 4885 intelligit,
3201 4816 3357 4886 cujus

1775 4884 2091 4961 paulo'ante
2128 4885 2506 4961 testimonium
2536 4884 2737 4961 attulit.

1847 4960 1962 5029 (74)
2012 4958 2227 5011 Τέλεον
2262 4954 2333 5008 δὲ
2392 4956 2491 5029 καὶ
2519 4955 2805 5029 λούεσθαι
2840 4956 3147 5024 ἀπιόντας.
3175 4958 3357 5012 Tltirl-

1775 5025 1898 5084 bius
1929 5025 2015 5084 ltic
2033 5028 2197 5082 multa
2229 5026 2521 5095 excogitat.
2546 5025 2852 5094 Legendum
2882 5036 3053 5094 putat,
3079 5030 3161 5081 vel
3190 5031 3247 5081 ἐν
3264 5030 3353 5082 τέ-

1772 5099 1890 5152 λεσι
1930 5115 2027 5167 pru
2084 5098 2286 5163 τέλεον,
2337 5097 2419 5150 vel
2445 5095 2688 5158 ἅπαντας
2714 5107 2808 5150 aut
2846 5097 3228 5167 ἱερατεύοντας
3253 5113 3353 5168 pro

1777 5170 2060 5223 ἀπιόντας.

1851 5186 2123 5310 figi-“Ek
2171 5236 2395 5310 αὐτοῖς.
2442 5237 2597 5310 Legit
2650 5239 2762 5310 τοῖς
2808 5237 2958 5310 ναοῖς
3009 5236 3350 5310 Sylburgius.

1779 5306 2131 5363 Niliilmutat
2158 5308 2419 5371 Grabius,
2468 5309 2563 5361 sed
2594 5306 2953 5375 subintelligit
2995 5306 3351 5360 dwmouibus.

1781 5380 1969 5435 Satius
2001 5381 2213 5432 videtur
2233 5377 2384 5430 rebus
2411 5377 2840 5444 subintelligere.

1853 5450 1967 5520 ('76)
2004 5449 2112 5503 Τοῦ
2137 5448 2285 5516 πρὸς
2307 5447 2533 5520 μητρρς
2566 5446 2749 5500 θείου.
2804 5446 3011 5520 Mirum
3045 5446 3187 5499 unde
3240 5444 3355 5499 haec

1784 5514 2082 5590 Sfmartyr
2128 5514 2390 5590 hauserit.
2433 5517 2599 5572 Forte
2639 5518 2899 5569 memoria
2929 5514 3185 5590 ellluente
3227 5530 3347 5590 ma-

1783 5600 1996 5645 ternum
2019 5584 2371 5645 'avuuculum
2420 5602 2518 5655 pro
2574 5601 2768 5641 socero
2796 5588 3065 5655 sumpsit.
3120 5584 3355 5655 Cptijicit

1782 5660 2063 5741 Thirlbius
2089 5675 2210 5716 eum
2251 5658 2308 5716 in
2357 5653 2599 5729 Mitysem
2632 5653 2949 5722 transferre,
2979 5654 3125 5722 quod
3147 5653 3359 5714 iacebo

1783 5741 2060 5792 convenit.
