3760 6492
433 312 541 367 «εδ

1374 310 1432 369 S.
1467 310 1733 369 JUSTINI
1772 313 2183 373 PHILOSOPH]
2223 315 2314 370 ET
2347 314 2709 372 MARTYRIS

3602 322 3703 379 ιει

435 427 577 480 deus
606 424 817 480 audivit
846 426 1240 482 descensurum
1279 441 1338 482 se
1373 427 1427 482 in
1478 426 1796 500 Egyptum,
1840 429 2010 497 ibique

2190 427 2475 495 ησελθὼν,
2528 430 2736 500 ἀκήκοε
2782 428 3069 485 κατελθεῖν
3115 432 3197 497 εἰς
3258 432 3562 503 Αἴγυπτον,
3613 438 3702 491 καὶ

433 519 798 573 commoranti
860 520 1060 590 populo
1095 519 1393 575 lsraelitieo
1441 521 1632 576 ducem
1673 522 1887 575 abeunti
1938 522 2017 573 [ιι-

437 619 658 675 turum;
695 626 931 679 cumque
958 626 987 664 a
1014 612 1257 676 Christo,
1290 613 1381 681 qui
1419 612 1470 666 in
1504 613 1687 682 specie
1732 612 1874 680 ignis
1908 613 2016 683 81

433 700 647 755 locutus
680 718 803 756 cum
831 706 948 771 ipso
1004 703 1207 767 fuerat,
1268 720 1518 773 magnam
1569 706 1825 759 virtutem
1866 720 2022 759 accc-

430 794 621 862 pisset,
650 796 932 850 descendit
964 808 1017 849 et
1051 798 1309 866 populum
1343 798 1549 857 eduxit,
1592 796 1804 866 magnis
1836 805 1892 851 et
1923 796 2020 851 atl-

435 887 702 941 mirandis
746 890 909 941 rebus
962 888 1145 951 editis,
1196 905 1334 959 quas
1375 890 1421 942 si
1466 890 1628 943 vultis
1673 891 1905 957 discere,
1952 906 2019 945 ex

433 982 552 1051 ejus
583 984 739 1037 libris
777 991 1039 1035 accurate
1089 982 1333 1036 discetis.

507 1075 596 1130 63.
631 1072 803 1127 Jtttltci
870 1084 1052 1126 autem
1098 1088 1290 1127 omnes
1335 1073 1634 1127 etiamnum
1696 1076 1894 1131 docent
1923 1093 2018 1131 ει·

433 1177 645 1222 rentem
676 1166 894 1219 nomine
924 1166 1091 1220 Deum
1121 1182 1244 1218 cum
1274 1163 1455 1236 Moyse
1485 1167 1832 1223 collocutum.
1862 1168 2017 1226 Unde

430 1257 553 1311 illos
589 1258 827 1326 Spiritus
880 1266 1103 1312 sanctus
1146 1273 1242 1329 per
1271 1262 1643 1329 supradictum
1691 1264 2013 1331 prophetam

432 1349 629 1403 lsatam
683 1350 976 1417 increpans
1041 1350 1121 1404 sic
1170 1351 1434 1418 loquitur,
1471 1361 1529 1403 ut
1583 1363 1743 1407 antea
1792 1354 2015 1424 scripsi-

434 1457 557 1496 mus
586 1442 665 1495 ‘3:
700 1442 950 1511 Cognovit
1006 1443 1095 1496 bos
1130 1458 1480 1509 possessorem
1538 1462 1712 1507 suum,
1741 1458 1787 1499 et
1831 1447 2013 1501 asinus

429 1551 665 1603 prwsepe
701 1536 903 1587 domini
933 1538 1050 1588 sui:
1082 1535 1256 1589 Israel
1306 1547 1483 1587 autem
1533 1553 1612 1589 me
1644 1553 1743 1590 non
1774 1544 2011 1606 cognovit

430 1639 480 1681 et
508 1629 737 1698 populus
795 1645 874 1681 me
921 1645 1023 1682 non
1069 1628 1327 1683 intellexit
1361 1623 1427 1683 ⁸³.
1456 1629 1534 1684 Ac
1561 1628 1720 1685 Jesus
1758 1630 2013 1686 Christus

434 1737 561 1774 cum
592 1736 686 1775 eos
714 1722 971 1775 similiter
1031 1732 1307 1789 argueret,
1366 1724 1509 1794 quod
1561 1738 1661 1777 nec
1690 1724 1819 1791 quid
1850 1722 2012 1776 Pater

433 1814 529 1879 sit,
571 1828 670 1867 nec
701 1815 828 1881 quid
865 1812 1055 1879 Filius,
1112 1816 1409 1880 novissent,
1464 1815 1543 1869 sic
1590 1824 1645 1868 et
1679 1814 1797 1883 ipse
1846 1814 2013 1869 dixit:

437 1904 610 1958 Nemo
661 1906 898 1975 cognovit
954 1904 1167 1959 Patrem
1217 1908 1318 1960 nisi
1359 1904 1556 1970 Filius,
1602 1922 1765 1974 neque
1820 1904 2021 1960 Filium

439 1999 542 2051 nisi
589 1995 773 2061 Pater,
811 2009 857 2051 et
897 2000 1083 2069 quibus
1136 2000 1434 2052 revelaverit
1478 1996 1652 2051 Filius
1682 1998 1748 2051 ⁸⁸.
1786 1996 2021 2053 Verbum

438 2103 624 2146 autem
676 2092 769 2145 Dei
826 2100 913 2145 est
960 2091 1076 2159 ejus
1112 2090 1305 2156 Filius,
1342 2098 1399 2144 ut
1431 2089 1670 2145 diximus
1690 2089 1756 2143 ⁸⁸.
1784 2088 2023 2144 Vocatur

434 2185 601 2238 etiam
630 2184 851 2254 angelus
892 2194 949 2239 et
986 2183 1288 2253 apostolus;
1320 2182 1435 2253 ipse
1463 2182 1607 2236 enim
1646 2182 1861 2236 nuntiat
1882 2196 2024 2251 qure-

427 2292 649 2345 eunque
689 2276 942 2347 cognosci
985 2275 1164 2342 decet,
1197 2283 1253 2328 et
1284 2274 1523 2328 mittitur
1552 2283 1610 2327 ut
1638 2273 1841 2328 indicet
1866 2286 2021 2343 quaa-

435 2383 650 2435 cunque
692 2366 1019 2420 nuntiantur
1045 2383 1059 2430 ;
1085 2366 1547 2435 quemadmodum
1592 2373 1647 2417 et
1677 2364 1795 2435 ipse
1830 2363 2021 2419 Domi-

435 2473 540 2512 nus
566 2469 754 2513 noster
782 2460 892 2512 ait:
928 2458 1035 2525 Qui
1061 2474 1141 2512 me
1167 2459 1343 2521 audit,
1371 2474 1488 2510 eum
1520 2458 1608 2527 qui
1640 2473 1719 2510 me
1751 2457 1891 2510 misit
1917 2473 2020 2509 au-

426 2552 512 2605 dit
537 2552 603 2607 “.
633 2554 810 2622 Atque
854 2554 907 2607 id
942 2553 1160 2620 quidem
1194 2550 1409 2622 patebit
1436 2564 1505 2604 ex
1543 2549 1744 2620 Moysis
1778 2550 2019 2619 scriptis,

436 2643 491 2699 in
522 2646 717 2713 quibus
757 2646 874 2699 hmc
910 2646 1055 2699 dicta
1087 2644 1344 2714 legimus:
1378 2640 1449 2696 Et
1482 2642 1693 2697 locutus
1736 2651 1811 2697 est
1843 2641 2018 2713 Moysi

436 2736 653 2807 angelus
704 2736 801 2790 Dei
862 2738 915 2789 in
960 2738 1177 2804 ﬂamma
1222 2735 1360 2805 ignis
1395 2734 1579 2789 erubo
1623 2744 1670 2787 et
1700 2733 1871 2786 dixit:
1907 2733 2018 2803 Ego

426 2844 551 2882 sum
586 2830 841 2882 exsistens
868 2829 977 2892 ille,
1008 2828 1147 2882 Deus
1178 2828 1471 2893 Abraham,
1508 2827 1645 2881 Deus
1674 2826 1856 2890 Isaac,
1878 2826 2017 2881 Deus

424 2918 625 2987 Jucob,
663 2920 803 2975 Deus
833 2934 1043 2990 patrum
1071 2934 1304 2977 tuorum.
1336 2920 1601 2974 Descende
1636 2921 1695 2973 in
1724 2918 2017 2989 nggptum

436 3024 484 3066 et
515 3016 647 3066 educ
674 3014 923 3085 p0pulum
953 3031 1123 3067 meum
1142 3014 1208 3064 ⁸³η.
1228 3018 1359 3086 ρυλε
1390 3028 1519 3067 vero
1567 3024 1889 3082 sequuntur,
1921 3029 2017 3083 po-

435 3106 595 3159 testis
626 3122 691 3159 ex
746 3107 878 3174 ipsis
939 3106 1113 3171 libris,
1143 3110 1186 3160 si
1220 3108 1403 3171 vultis,
1438 3121 1808 3178 cognoscere;
1839 3122 2016 3177 neque

2125 520 2414 590 ἐξαγαγεῖν
2463 520 2555 573 τὸν
2588 522 2705 574 ἐκεῖ
2736 520 2864 574 λαὸν
2895 523 3004 577 τῶν
3067 524 3439 597 Ἰσραηλιτῶν,
3486 528 3578 581 καὶ
3619 529 3705 583 δύ-

2123 633 2287 687 ναμιν
2324 615 2550 688 ἰσχυράν
2583 614 2741 669 ἔλαϐε
2798 617 2949 689 παρά
2982 617 3072 671 τοῦ
3114 619 3451 689 λαλήσαντος
3482 621 3625 693 αὐτῷ
3649 626 3704 678 ὲν

2127 707 2240 779 ἰδέᾳ
2275 710 2445 780 πυρὸς
2478 709 2735 779 Χριστοῦ·
2756 711 2849 764 καὶ
2873 710 3149 765 κατελθὼν
3190 712 3427 783 ἐξήγαγε
3451 714 3540 769 τὸν
3558 714 3702 780 λαὸν,

2123 800 2361 872 ποιήσας
2387 799 2596 870 μεγάλα
2619 802 2714 854 καὶ
2753 800 3066 873 θαυμάσια·
3103 801 3138 857 ἃ
3186 806 3236 856 εἰ
3289 803 3549 875 βούλεσθε
3598 825 3701 878 μαα

2122 891 2267 956 θεῖν,
2324 894 2388 945 ἐκ
2420 891 2528 945 τῶν
2557 894 3005 965 συγγραμμάτων
3054 895 3263 949 ἐκείνου
3307 897 3552 968 ἀκριϐῶς
3605 918 3705 969 μα-

2122 984 2374 1057 θήσεσθε.

2190 1078 2278 1133 65.
2328 1080 2571 1135 Ἰουδαῖοι
2614 1082 2669 1136 δὲ
2718 1082 2918 1147 πάντες
2964 1082 3059 1137 καὶ
3105 1084 3201 1138 νῦν
3262 1085 3575 1139 διδάσκουσι
3619 1085 3703 1141 τὸν

2118 1171 2501 1242 ἀνωνόμαστον
2548 1174 2681 1227 Θεὸν
2726 1173 3084 1245 λελαληκέναι
3132 1175 3209 1246 τῷ
3242 1177 3463 1230 Minae-1°
3499 1176 3619 1231 ὃθεν
3649 1178 3703 1231 τὸ

2120 1263 2461 1334 προφητικὸν
2496 1264 2725 1336 Πνεῦμα
2756 1266 2845 1319 διά
2890 1267 3109 1321 Ἡσαΐου
3143 1266 3236 1321 τοῦ
3284 1270 3705 1341 προμεμηνυμέ-

2116 1370 2207 1405 νου
2254 1357 2535 1427 προφήτου
2583 1357 2823 1430 ἐλέγχων
2853 1359 3073 1422 αὐτοὺς,
3121 1359 3196 1424 ὡς
3244 1362 3702 1434 προεγράψαμεν,

2113 1440 2267 1497 εἶπεν
2287 1464 2300 1476 ·
2343 1450 2535 1519 Ἔγνω
2562 1450 2719 1521 ,βοῦς
2738 1450 2847 1504 τόν
2875 1450 3270 1520 κτησάμενον,
3306 1455 3403 1507 καὶ
3439 1454 3577 1520 ὄνος
3600 1455 3705 1523 τὴν

2113 1534 2351 1606 φάτνην
2400 1540 2506 1595 τοῦ
2556 1542 2768 1609 xvplov
2822 1542 3040 1596 αὐτοῦ·
3076 1543 3329 1611 Ἰσραὴλ
3374 1543 3443 1598 δέ
3484 1563 3560 1614 με
3602 1549 3704 1599 οὐκ

2110 1628 2286 1697 ἔγνω,
2325 1629 2423 1684 καὶ
2448 1634 2483 1686 ό
2507 1634 2658 1699 λαός
2692 1649 2770 1703 με
2802 1634 2876 1688 οὐ
2910 1634 3164 1705 συνῆκε.
3202 1634 3314 1689 Καὶ
3360 1635 3565 1706 Ἰησοῦς
3596 1636 3649 1689 δὲ
3676 1639 3701 1689 ὁ

2116 1721 2373 1792 Χριστὸς,
2420 1724 2503 1776 ὃτι
2548 1725 2647 1777 οὐκ
2692 1724 2938 1792 ἔγνωσαν
2984 1727 3227 1781 Ἰουδαῖοι
3272 1728 3325 1781 τί
3358 1728 3573 1800 Πατὴρ,
3618 1730 3704 1783 καὶ

2120 1812 2172 1865 τι
2206 1815 2353 1878 Υἱὸς,
2386 1816 2587 1885 ὁμοίως
2633 1816 2871 1888 ἐλέγχων
2914 1818 3133 1884 αὐτοὺς,
3181 1820 3278 1873 καὶ
3322 1820 3491 1885 αὐτὸς
3523 1817 3698 1877 εἶπεν·

2129 1906 2338 1973 Οὐδεὶς
2376 1908 2529 1977 ἔγνω
2576 1910 2688 1981 (77)
2722 1911 2829 1964 τόν
2861 1912 3093 1981 Πατέρα
3114 1912 3272 1982 εἰμὴ
3298 1917 3331 1968 ὁ
3369 1916 3505 1982 Υἱός
3526 1931 3540 1944 ·
3571 1915 3704 1969 οὐδὲ

2126 1999 2232 2052 τόν
2267 1998 2404 2053 Υὶὸν
2432 2004 2484 2053 εὶ
2522 2000 2608 2069 μὴ
2627 2005 2659 2055 ό
2686 2002 2909 2070 Πατὴρ,
2942 2004 3037 2055 καὶ
3064 1999 3153 2070 οἷς
3178 2004 3255 2058 ἂν
3283 2006 3651 2075 ἀποκαλύψῃ
3674 2010 3701 2061 ό

2133 2092 2285 2157 Υἱός.
2330 2092 2388 2144 '0
2420 2093 2591 2161 Λόγος
2622 2092 2677 2146 δὲ
2710 2092 2803 2146 τοῦ
2835 2093 2972 2147 Θεοῦ
3018 2097 3165 2149 ἐστιν
3197 2098 3225 2150 ό
3257 2096 3386 2161 Υἱὸς
3417 2097 3602 2160 αὑτοῦ,
3634 2096 3702 2160 ὡς

2125 2181 2482 2254 προέφημενο
2532 2182 2628 2235 καὶ
2684 2182 2916 2252 ἀγγελος
2973 2183 3031 2237 δὲ
3075 2185 3344 2252 καλεῖται,
3392 2187 3491 2241 καὶ
3550 2187 3700 2241 ’Λπό-

2124 2274 2330 2339 στολος.
2364 2273 2535 2339 Αὐτὸς
2566 2275 2674 2346 γάρ
2706 2275 3040 2345 ἀπαγγέλλει
3082 2276 3195 2348 (78)
3228 2279 3329 2332 ὅσα
3357 2279 3440 2333 δεῖ
3469 2280 3703 2351 γνωσθῆ-

2120 2381 2230 2429 ναι,
2267 2366 2363 2419 καὶ
2392 2367 2780 2421 ἀποστέλλεται
2830 2365 3082 2439 μηνύσων
3124 2368 3224 2421 ὅσα
3255 2368 3602 2438 ἀγγέλλεται,
3633 2372 3702 2434 ὡς

2122 2459 2220 2512 καὶ
2250 2459 2411 2523 αὐτὸς
2441 2462 2469 2513 ό
2500 2459 2705 2531 Κύριος
2737 2460 2893 2531 ήμῶν
2926 2455 3080 2513 εἶπεν
3099 2475 3114 2490 ⁶
3162 2459 3224 2514 '0
3262 2461 3411 2531 ἐμοῦ
3454 2464 3701 2525 ἀκούων,

2120 2552 2325 2606 ἀκούει
2385 2552 2491 2607 τοῦ
2553 2554 3031 2621 ἀποστείλαντός
3074 2572 3169 2625 με.
3220 2556 3332 2609 Καὶ
3378 2558 3444 2610 ὲκ
3480 2557 3587 2609 τῶν
3616 2555 3703 2611 τοῦ

2120 2644 2369 2707 Μωσέως
2413 2643 2468 2696 δὲ
2515 2644 2965 2716 συγγραμμάτων
3012 2646 3247 2718 φανερὸν
3292 2645 3452 2700 τοῦτο
3482 2649 3704 2719 γενήσε-

2120 2750 2233 2787 ται.
2287 2733 2551 2787 Λέλεκται
2596 2734 2653 2788 δὲ
2698 2737 2757 2788 ὲν
2788 2735 2973 2799 αὐτοῖς
3028 2734 3235 2800 οὕτως’
3286 2738 3396 2791 Καὶ
3443 2737 3703 2807 ἐλάλησε

2118 2825 2327 2880 Μωσεῖ
2372 2826 2628 2897 ἄγγελος
2660 2827 2807 2881 Θεοῦ
2834 2827 2905 2881 ἐν
2924 2828 3104 2898 φλογὶ
3156 2828 3347 2897 πυρὸς
3373 2830 3442 2883 ἐκ
3472 2828 3585 2898 τῆς
3604 2829 3703 2893 βά·

2118 2938 2248 2983 του,
2297 2920 2393 2973 καὶ
2436 2916 2633 2973 εἶπεν·
2679 2918 2824 2989 Ἐγώ
2861 2921 2979 2989 εἰμι
3014 2922 3047 2973 d
3082 2919 3203 2984 ὢν,
3251 2922 3398 2987 Θεὸς
3441 2923 3698 2991 Ἀϐραὰμ,

2121 3012 2266 3078 Θεὸς
2308 3012 2533 3075 Ἰσαὰκ,
2573 3012 2715 3078 Θεὸς
2752 3011 2975 3076 Ἰακὼϐ,
3024 3015 3057 3065 ὁ
3106 3011 3251 3079 Θεὸς
3282 3012 3402 3067 τῶν
3441 3012 3703 3081 πατέρων

2116 3122 2259 3159 σου·
2292 3105 2547 3160 κὰτελθε
2574 3109 2660 3171 εὶς
2681 3105 3005 3175 Αἴγυπτον,
3032 3105 3131 3158 καὶ
3150 3104 3405 3176 ἐξάγαγε
3427 3105 3535 3160 τὸν
3557 3107 3703 3159 λαόν

434 3198 581 3252 enim
612 3199 702 3253 hic
729 3200 911 3252 omnia
956 3199 1297 3269 perscribere
1331 3214 1645 3268 possumus.
1677 3198 1802 3253 Haec
1833 3208 2010 3252 autem

2190 3216 2257 3250 av.
2312 3196 2393 3249 Τά
2424 3197 2468 3250 δ’
2501 3196 2745 3267 ἑπόμενα
2790 3195 2850 3260 ἐξ
2880 3197 3107 3251 ἐκείνων
3152 3198 3467 3269 βουλόμενοι
3513 3195 3699 3267 μαθεῖν

426 3300 501 3340 eo
534 3287 795 3351 diximus,
829 3303 937 3356 quo
969 3288 1167 3342 Filium
1216 3287 1307 3342 Dei
1340 3297 1395 3342 et
1456 3288 1759 3357 apostolum
1788 3303 1908 3343 esse
1934 3286 2024 3343 Je-

426 3392 552 3433 sum
598 3379 876 3433 Christum
933 3381 1467 3446 demonstraremus;
1515 3382 1607 3450 qtti
1643 3381 1861 3450 quidem
1896 3397 2019 3435 cum

428 3479 600 3525 antea
634 3469 868 3525 Verbum
897 3481 1061 3533 esset,
1096 3488 1159 3526 ac
1186 3474 1345 3526 modo
1376 3473 1428 3525 in
1460 3474 1646 3541 specie
1668 3473 1827 3544 ignis,
1858 3474 2017 3526 modo

431 3562 489 3616 in
522 3564 754 3632 imagine
788 3566 1115 3636 incorporea
1154 3565 1301 3619 visus
1343 3575 1511 3632 esset,
1546 3582 1691 3621 nunc
1732 3567 2013 3620 voluntate

431 3656 613 3716 Patris
665 3675 764 3729 pro
807 3658 1048 3712 humano
1074 3673 1274 3729 genere
1316 3660 1479 3713 homo
1524 3658 1701 3713 lactus
1743 3674 1805 3713 ea
1840 3660 2004 3712 etiam

427 3751 645 3820 perpeti
670 3751 951 3813 sustinuit,
976 3765 1314 3819 quaecunque
1361 3751 1411 3804 in
1451 3766 1573 3805 eum
1608 3752 1783 3805 insani
1812 3748 2010 3813 Judzci,

433 3845 738 3896 daemonum
788 3842 1042 3912 impulsu,
1088 3843 1259 3896 moliti
1294 3852 1440 3897 sunt.
1473 3842 1575 3909 Qui
1617 3859 1739 3897 cum
1773 3843 2016 3896 nomina-

429 3936 531 3989 tim
564 3937 617 3989 in
649 3935 853 4005 Moysis
903 3937 1317 3990 commentariis
1371 3952 1689 4005 expressum
1728 3937 1966 3990 habeant
1997 3952 2013 3990 :

431 4026 507 4081 Et
543 4030 752 4083 locutus
803 4040 879 4083 est
920 4030 1133 4098 angelus
1159 4029 1254 4083 Dei
1286 4046 1403 4082 cum
1436 4028 1616 4099 Moyse
1648 4030 1700 4082 in
1730 4030 1847 4098 igne
1871 4030 2019 4098 ﬂam-

425 4137 534 4175 sna:
567 4138 594 4175 e
625 4123 779 4186 rubo,
820 4135 867 4176 et
906 4124 1038 4177 dixit
1071 4136 1091 4174 :
1124 4121 1239 4192 Ego
1284 4138 1400 4175 sum
1433 4122 1689 4175 easistens
1721 4121 1829 4189 ille,
1863 4121 2003 4176 Deus

426 4216 723 4279 Abraham,
758 4214 895 4269 Deus
926 4214 1083 4270 Isaac
1117 4227 1165 4269 et
1212 4215 1351 4269 Deus
1396 4214 1586 4279 Jacob,
1626 4223 1913 4283 parentem
1945 4225 2005 4267 et

2123 3286 2352 3340 δύνασθε
2372 3304 2384 3316 ·
2421 3288 2480 3340 ού
2513 3288 2619 3358 γὰρ
2652 3287 2874 3340 δυνατὸν
2907 3290 2964 3340 ὲν
2996 3288 3202 3353 τούτοις
3232 3289 3552 3359 ἀναγράψαι
3585 3289 3703 3341 πάν-

2122 3396 2209 3431 τα.
2260 3378 2396 3431 Ἀλλ’
2428 3380 2508 3441 εἰς
2539 3376 2816 3442 ἀπόδειξιν
2862 3380 3154 3447 γεγόνασιν
3198 3380 3305 3433 οἶδε
3338 3382 3388 3433 ol
3420 3380 3596 3449 λόγοι,
3627 3382 3699 3433 ὅτι

2120 3472 2249 3535 Υἱὸς
2295 3470 2430 3523 Θεοῦ
2493 3472 2588 3523 καὶ
2650 3471 2946 3535 ἀπόστολος
2991 3472 3197 3544 Ἰησοῦς
3228 3476 3256 3526 ό
3287 3474 3524 3544 Χριστός
3572 3477 3696 3537 ὲστι,

2116 3564 2381 3635 πρότερον
2414 3562 2584 3631 Λόγος
2614 3551 2711 3625 ὢν,
2746 3562 2838 3615 καὶ
2870 3565 2928 3616 ὲν
2963 3564 3076 3637 ἰδέᾳ
3122 3564 3293 3635 πυρὸς
3328 3566 3458 3618 ποτὲ
3490 3570 3693 3634 φανεὶς,

2117 3656 2249 3709 ποτὲ
2281 3655 2337 3708 δὲ
2352 3655 2445 3708 καὶ
2462 3655 3135 3731 ὲνεὶκόνιάσωμάὶειΜἹελ)
3159 3656 3285 3710 ’νῦν
3316 3656 3392 3723 δὲ,
3426 3658 3517 3712 διὰ
3552 3657 3700 3731 θελή-

2118 3765 2291 3820 ματος
2322 3746 2458 3801 Θεοῦ
2492 3740 2631 3820 sua};
2664 3740 2765 3802 τοῦ
2780 3740 3145 3823 ἀνθρωπείου
3192 3750 3385 3817 γένους
3416 3750 3697 3822 ἄνθρωπος

2119 3843 2434 3914 γενόμενος,
2471 3842 2731 3914 ὑπέμεινε
2764 3843 2860 3897 καὶ
2902 3843 3098 3897 παθεῖν
3144 3845 3243 3898 ὅσα
3274 3845 3437 3898 αὑτὸν
3468 3846 3698 3916 ἐνήργη-

2122 3954 2219 3989 σαν
2264 3939 2312 3989 οἱ
2356 3936 2607 4007 δαίμονες
2650 3934 3108 4010 διατεθῆναιύπὺ
3150 3937 3258 3991 τῶν
3287 3940 3532 4009 ἀνοήτων
3578 3940 3698 3991 Ἰου-

2122 4026 2319 4080 δαίων·
2345 4028 2539 4091 οἵτινες
2570 4027 2784 4099 ἔχοντες
2818 4028 2997 4101 ῥητῶς
3030 4030 3316 4101 εἰρημένον
3349 4032 3407 4083 ὲν
3438 4033 3553 4094 τοῖς
3585 4030 3699 4083 Μω-

2112 4121 2249 4183 σέως
2275 4109 2611 4191 συντάγμασι
2633 4160 2649 4184 ,
2678 4122 2786 4175 Καὶ
2833 4122 3141 4188 ἐλάλησεν
3159 4122 3411 4191 ἄγγελος
3427 4122 3535 4175 τοῦ
3554 4122 3695 4175 Θεοῦ

2113 4212 2192 4279 τῷ
2207 4212 2413 4266 Μωσεῐ
2430 4212 2505 4265 ἐν
2529 4213 2755 4283 φλογὸς
2766 4214 2911 4282 πυρὶ
2937 4214 3005 4267 ἐκ
3026 4211 3137 4280 τῆς
3151 4212 3369 4277 βάτου,
3391 4214 3487 4267 καὶ
3509 4211 3694 4278 εἶπεν,

503 4396 550 4429 ⁸⁸
591 4413 756 4468 supra
796 4415 849 4452 ιι.
875 4398 967 4452 57.
1041 4397 1085 4428 ”
1124 4398 1228 4456 lsa.
1267 4414 1309 4463 ι,
1338 4396 1391 4452 3.
1468 4398 1516 4429 ⁸ο
1546 4396 1737 4451 Matth.
1780 4396 1973 4460 v.27.

2196 4395 2246 4449 ὁ.
2279 4412 2333 4448 n.
2364 4394 2455 4449 ιδ.
2534 4395 2578 4425 ⁸⁸
2614 4394 2743 4450 an.
2774 4411 2828 4459 Χ,
2864 4394 2948 4449 l6.
3027 4396 3073 4426 "
3113 4395 3283 4451 Exod.
3323 4412 3383 4450 ιη
3424 4403 3477 4456 6,

508 4553 621 4623 (77)
665 4554 873 4620 Οὐδεὶς

429 4623 531 4693 lih.
562 4638 635 4687 tv,
664 4640 784 4692 cap.
839 4628 894 4691 5,
928 4623 1072 4693 quod
1124 4625 1331 4678 Christi
1381 4623 1547 4678 verba
1601 4624 1680 4693 sic
1722 4623 2011 4693 legerent:

434 4692 609 4748 Nemo
635 4696 867 4762 cognovit
893 4692 989 4762 pro
1029 4694 1195 4746 Nemo
1227 4696 1513 4762 cognoscit.
1553 4710 1571 4743 ι
1606 4692 1668 4745 lli
1699 4703 1905 4753 autem,
1933 4692 2015 4743 in-

431 4767 579 4832 quit,
608 4765 698 4833 qui
727 4766 1011 4833 peritiores
1037 4764 1297 4833 apostolis
1324 4764 1511 4833 volunt
1533 4778 1675 4825 esse,
1707 4763 1787 4816 sic
1819 4762 2016 4833 descri-

435 4829 607 4903 bunt;
628 4829 805 4886 Nemo
830 4829 1306 4903 cognovit‘Patrem
1337 4833 1442 4886 nisi
1462 4831 1655 4894 Filius,
1686 4829 1857 4903 nec_F
1861 4831 2017 4903 ilium

430 4905 539 4957 nisi
574 4902 733 4956 Pater
761 4912 807 4957 et
850 4900 935 4956 cui
978 4905 1197 4957 voluerit
1226 4902 1405 4955 Filius
1454 4904 1706 4957 revelare.
1739 4919 1757 4951 ι
1781 4900 2016 4956 Fraudis

432 4974 803 5043 suspicionem
860 4989 1141 5028 removere
1200 4984 1389 5043 posset
1417 4974 1485 5026 ah
1520 4972 1791 5026 litereticis
1810 4969 2013 5027 Justini

430 5042 766 5112 exemplum,
821 5048 933 5112 qni,
975 5053 1033 5096 ut
1077 5042 1345 5107 videmus,
1377 5044 1566 5095 eodem
1596 5057 1823 5111 prorsus
1850 5042 2012 5095 modo

429 5112 589 5183 legit.
620 5115 725 5167 Sed
758 5116 871 5167 inec
908 5114 1196 5182 przesentis
1230 5115 1281 5166 in
1326 5113 1662 5183 praeteritum
1698 5113 2007 5166 immutatio

432 5182 835 5261 suspectanon
862 5184 1144 5261 immerito
1190 5184 1308 5261 fuit_
1345 5182 1671 5261 in_periid_is
1704 5183 2000 5261 haereticis,

430 5256 632 5324 qui,ut
668 5256 744 5308 ait
767 5255 963 5309 ibidem
1008 5254 1262 5317 lrenteus,
1297 5254 1367 5306 ita
1412 5253 1577 5307 h'unc.
1606 5253 1789 5307 locum
1832 5253 2005 5324 inter-

435 5321 818 5394 pretabantur:
851 5327 1008 5393 quasi
1054 5342 1086 5377 ο
1133 5324 1279 5377 nullo
1312 5329 1552 5393 cognitus
1577 5325 1642 5376 sit
1676 5339 1826 5376 verus
1863 5321 2004 5376 Deus

426 5409 559 5450 ante
590 5397 804 5450 Domini
834 5398 1000 5449 nostri
1035 5396 1336 5447 adventum.

528 5466 618 5540 78)
665 5467 1075 5540 Ἀπαγῖέλλει.
1100 5464 1331 5540 Codices
1354 5481 1483 5521 mss.
1511 5465 1711 5540 habent
1740 5463 1805 5540 ad
1826 5478 2003 5533 marg.

428 5547 489 5607 et
514 5532 919 5607 R.'Stepliaiius
952 5538 1015 5590 ad
1062 5536 1291 5607 calcent,
1321 5534 1703 5607 παραγγέλλει.
1734 5532 2007 5607 Observat

425 5603 666 5663 Grabius
690 5603 987 5671 Iustinum,
1012 5608 1137 5659 dum
1162 5603 1441 5661 Christum
1468 5608 1543 5659 ait
1566 5603 1748 5659 vocari
1793 5614 2012 5675 aposte-

430 5676 566 5750 lum,
614 5680 890 5750 respicere
940 5678 1006 5731 ad
1058 5676 1352 5750 Epistolam
1406 5679 1473 5731 ad
1522 5675 1803 5750 Hebraaos,
1839 5690 2001 5747 quam

424 5748 661 5816 proinde
689 5747 743 5806 in
776 5750 1075 5820 Scripturis
1102 5748 1379 5803 canonicis
1408 5747 1751 5804 numerabat.

1084 4595 1097 4607 .
1138 4553 1444 4609 Haereticos
1491 4551 1725 4622 castigat
1779 4550 2010 4605 lrenaens

2193 4549 2305 4621 (79)
2330 4549 2459 4622 _'Er
2474 4547 3028 4622 elxdrtciowgdtwr.
3063 4549 3372 4615 Legentlum
3397 4551 3692 4620 ἀσωμάτῳ,

2120 4630 2181 4673 ut
2204 4618 2376 4687 paulo
2408 4629 2529 4689 post
2560 4618 2770 4681 εἰκόνος
2801 4619 3114 4689 ἀσωμάτου.
3152 4623 3418 4689 Imagines
3443 4618 3693 4689 incorpo-

2122 4706 2246 4745 reas
2272 4692 2487 4743 videtnr
2522 4690 2831 4759 intelligere
2862 4706 2979 4753 eas,
3012 4706 3131 4758 quae
3158 4693 3353 4759 oculos
3396 4705 3502 4743 non
3533 4691 3693 4744 ferie-

2123 4761 2277 4826 bant,
2311 4762 2404 4814 sed
2436 4762 2605 4815 menti
2661 4758 2921 4814 divinitus
2968 4761 3255 4815 illustratze
3299 4758 3688 4815 oﬂ‘erebantur.

2123 4848 2146 4882 s
2187 4832 2447 4895 Verbum,
2487 4831 2663 4900 inquit
2717 4829 2954 4885 lrenaeus
3004 4832 3097 4885 lib.
3149 4846 3225 4893 tv,
3258 4846 3381 4899 cap.
3426 4830 3515 4893 20,
3545 4848 3598 4883 ιι.
3633 4845 3689 4895 it,

2124 4916 2231 4955 non
2261 4902 2312 4954 in
2346 4918 2448 4955 una
2486 4902 2683 4971 iigura,
2719 4915 2819 4956 nec
2852 4902 2903 4954 in
2954 4916 3061 4955 uno
3099 4901 3429 4956 charactere
3473 4902 3691 4954 videba-

2125 4981 2212 5026 tur
2236 4972 2553 5026 videntibus
2592 4971 2865 5040 eumased
2894 4973 3190 5025 secundum
3220 4972 3689 5040 dispensationum

2118 5043 2237 5111 ejus
2284 5057 2501 5107 causas,
2559 5043 2675 5096 sive
2708 5039 3031 5106 eﬂicaciam,
3074 5043 3217 5097 sicut
3244 5043 3297 5096 in
3327 5043 3542 5096 Daniele
3565 5044 3692 5095 scri-

2117 5125 2263 5181 ptum
2306 5123 2413 5166 est.
2455 5112 2936 5183 Aliquandoenim
2964 5129 3087 5167 cum
3116 5112 3202 5166 his
3232 5114 3322 5183 qui
3352 5124 3513 5166 erant
3546 5115 3688 5166 circa

2109 5184 2403 5244 Ananiam,
2454 5185 2730 5247 Azariam,
2762 5181 3063 5248 Misaelem,
3106 5181 3394 5237 videbatur
3426 5186 3687 5238 assistens

2109 5257 2189 5307 eis
2213 5254 2265 5307 in
2315 5254 2536 5323 fornace
2585 5254 2744 5323 ignis,
2776 5263 2832 5305 et
2863 5253 2917 5307 in
2957 5254 3197 5316 camino,
3245 5263 3297 5307 et
3328 5253 3566 5323 liberans
3586 5266 3686 5323 eos

2111 5324 2176 5375 de
2200 5323 2355 5393 igne:
2384 5322 2450 5374 Et
2500 5321 2653 5388 visio,
2684 5323 2881 5391 inquit,
2925 5324 3103 5393 quarti
3147 5324 3335 5377 similis
3374 5321 3515 5376 Filio
3566 5322 3681 5375 Dei.

2109 5393 2411 5462 Aliquando
2440 5405 2613 5447 autem
2644 5394 2780 5460 lapis
2812 5412 2841 5446 a
2871 5404 3044 5448 monte
3069 5396 3329 5448 abscissus
3373 5395 3487 5447 sine
3510 5394 3683 5445 mani-

2112 5466 2226 5524 b'ss.
2258 5474 2311 5517 et
2339 5464 2656 5534 percutiens
2687 5466 3004 5532 temporalia
3030 5479 3215 5534 regna,
3244 5476 3299 5519 et
3322 5464 3590 5534 ventilans
3619 5476 3681 5514 ea

2110 5544 2165 5586 et
2203 5535 2317 5602 ipse
2342 5533 2555 5603 replens
2577 5537 2885 5588 universam
2918 5533 3140 5589 terrain.
3165 5533 3402 5589 Rursum
3432 5533 3518 5588 hic
3540 5533 3678 5585 idem

2110 5604 2330 5683 videtur
2362 5605 2517 5671 quasi
2556 5603 2727 5661 Filius
2770 5606 3010 5663 hominis
3052 5606 3109 5662 in
3150 5606 3396 5663 nubibus
3449 5603 3571 5661 celi
3600 5615 3681 5656 re-

2110 5688 2291 5739 niens,
2329 5692 2348 5725 ι
2382 5684 2491 5727 etc.
