3770 6494
120 385 209 440 615

1170 385 1507 442 APOLOGIA
1545 386 1563 438 1
1592 385 1733 442 PRO
1766 386 2219 446 CHRISTIANIS.

3222 398 3328 454 ιεε

125 496 254 566 Ἐγώ
292 497 399 567 ειμι
446 499 479 552 ὁ
515 496 622 561 ὢν,
666 501 701 553 ὀ
740 498 886 567 Θεὸς
946 501 1211 571 Ἀϐραὰμ,
1268 504 1367 557 καὶ
1420 506 1454 557 ό
1511 502 1652 570 Θεὸς

1792 505 2100 560 onditorem
2178 506 2560 563 universorum
2608 511 2725 564 hare
2784 511 2991 567 dixisse
3061 525 3329 567 asserunt.

124 590 323 652 Ἰσαὰκ,
350 589 445 644 καὶ
471 593 505 645 ό
550 591 694 657 Θεὸς
746 592 971 655 Ἰακὼϐ,
1002 594 1095 647 τὸν
1124 594 1233 649 τῶν
1264 595 1402 650 ὅλων
1438 596 1657 668 Πατέρα

115 684 197 737 καὶ
247 680 564 755 δημιουργὸν
622 684 715 738 τὸν
756 684 931 740 ταῦτα
963 688 1185 742 εἰπόντα
1216 689 1465 758 λέγουσιν
1496 686 1654 745 εἶναι.

116 771 259 827 Ὅθεν
286 758 379 827 καῖ
408 773 467 827 τὸ
498 774 837 847 προφητικὸν
897 777 1125 849 Πνεῦμα
1184 780 1405 851 ἐλέγχον
1464 782 1659 844 αὐτοὺς

115 862 272 919 εἶτεν·
317 867 559 936 Ἰσραὴλ
591 867 659 922 δέ
695 887 773 939 με
804 872 917 925 οὐκ
936 872 1110 941 ἔγνω,
1134 874 1231 927 καὶ
1256 878 1288 928 ὀ
1325 876 1561 945 λαός-με
1587 880 1660 932 οὺ

114 957 333 1027 συνῆκε.
394 959 506 1013 Καὶ
566 961 729 1016 πάλιν
773 965 802 1017 ό
848 963 1075 1037 Ἰησοῦς,
1137 966 1214 1030 ὡς
1274 967 1657 1040 ἐδηλώσαμεν,

114 1047 224 1120 παρ’
250 1049 424 1115 αὐτοῖς
452 1050 551 1117 ὢν,
585 1049 771 1108 εἶπεν
812 1056 1023 1123 Οὐδεὶς
1067 1059 1219 1127 ἔγνω
1270 1059 1378 1111 τὸν
1428 1060 1663 1128 Πατέρα

112 1142 240 1211 εἰμὴ
273 1146 304 1197 ό
337 1144 498 1211 Υἱόςο
533 1144 676 1200 οὐδὲ
694 1147 802 1202 τὸν
851 1148 989 1204 Υἱὸν
1014 1154 1068 1204 εὶ
1103 1150 1189 1220 μὴ
1221 1154 1256 1206 ὁ
1302 1152 1525 1222 Πατὴρ,
1562 1155 1658 1209 καὶ

114 1229 189 1298 οἷς
220 1232 290 1287 ἂν
311 1237 342 1288 ό
383 1236 515 1303 Υἱὸς
549 1238 939 1309 ἀποκαλύψῃ.
982 1240 1223 1296 Ἰουδαῖοι
1254 1239 1347 1297 οῦν
1377 1245 1661 1317 ἡγησάμε-

113 1342 179 1380 νοι
216 1325 295 1381 ἀεὶ
335 1326 424 1381 τὸν
456 1329 676 1403 Πατέρα
707 1329 816 1384 τῶν
847 1331 987 1386 ὅλων
1030 1333 1383 1406 λελαληκέναι
1426 1336 1503 1408 τῷ
1534 1340 1663 1392 Μω-

114 1421 198 1481 esi,
227 1418 311 1471 τοῦ
341 1418 673 1492 λαλήσαντες
704 1422 854 1495 αὐτῷ
913 1423 1063 1488 ὄντος
1125 1426 1257 1480 Υίοῦ
1289 1427 1382 1481 τοῦ
1413 1428 1569 1494 Θεοῦ,
1603 1429 1663 1494 ὃς

113 1509 190 1562 καὶ
216 1510 428 1579 ἄγγελος
460 1512 557 1567 καὶ
600 1514 899 1579 ἀπόστολος
929 1517 1209 1589 κέκληται,
1255 1516 1479 1584 δικαίως
1511 1520 1663 1589 ἐλέγ-

113 1622 267 1673 χονται
308 1605 399 1660 καὶ
443 1607 534 1662 διὰ
594 1608 687 1661 τοῦ
750 1609 1091 1682 προφητικοῦ
1153 1610 1504 1681 Πνεύματος,
1568 1614 1663 1667 καὶ

110 1696 165 1748 δι’
203 1696 354 1750 αὑτοῦ
399 1698 493 1751 τοῦ
543 1698 805 1770 Χριστοῦ,
852 1701 930 1765 ὡς
972 1700 1098 1755 οὔτε
1142 1702 1233 1756 τὸν
1265 1704 1504 1776 Πατέρα,
1538 1704 1661 1759 οὔτε

110 1788 183 1840 τὸν
210 1788 324 1842 Υἰὺν
353 1788 617 1857 ἔγνωσαν,
654 1792 716 1844 Oi
748 1793 855 1863 γὰρ
888 1794 979 1846 τὸν
1012 1793 1141 1847 Υἰὸν
1172 1795 1395 1868 Πατέρα
1430 1796 1663 1864 φάσκον-

1758 596 1899 651 Hinc
1924 609 1979 651 et
2024 596 2263 666 Spiritus
2308 600 2656 669 prepbeticus
2700 616 2797 656 eos
2833 602 3121 672 increpans
3162 606 3331 661 dixit:

1761 686 1933 741 Israel
1978 698 2153 741 autem
2197 705 2280 743 me
2326 708 2431 744 nou
2479 692 2745 760 cognovit,
2793 703 2841 746 et
2869 694 3095 761 papulas
3123 712 3204 749 me
3229 713 3337 752 non

1760 777 2106 835 intellexit“.
2142 779 2206 834 Et
2237 797 2427 836 rursus
2466 779 2645 849 Jesus,
2700 793 2759 838 ut
2806 786 3164 851 ostendimus,
3210 804 3335 842 cum

1768 868 1911 935 apud
1938 882 2033 924 eos
2062 881 2245 925 esset:
2280 868 2451 927 Nemo
2474 876 2729 943 cognovit,
2764 874 2960 944 inquit,
2991 874 3203 929 Patrem
3233 878 3336 931 nisi

1762 956 1960 1023 Filius,
1980 977 2145 1030 neque
2170 960 2372 1016 Filium
2404 965 2508 1018 nisi
2552 961 2721 1019 Pater
2748 976 2794 1020 et
2816 968 3006 1032 quibus
3048 967 3222 1022 Filius
3256 987 3337 1024 re-

1762 1051 2007 1107 uelauerit
2033 1051 2098 1106 ⁸⁸.
2128 1051 2342 1109 Patrem
2378 1055 2543 1126 igitur
2582 1059 2960 1112 universorum
2989 1059 3158 1115 Judaei
3188 1077 3336 1115 sem-

1762 1158 1860 1210 per
1906 1158 2028 1196 cum
2083 1143 2261 1214 Moyse
2291 1145 2620 1200 collocutum
2670 1148 3075 1215 existimantes,
3110 1168 3231 1207 cum
3266 1152 3334 1219 is,

1762 1236 1856 1303 qui
1903 1234 2116 1291 locutus
2147 1245 2252 1301 est,
2282 1236 2454 1292 Filius
2492 1238 2585 1292 Dei
2620 1249 2785 1304 esset,
2817 1242 2910 1310 qui
2936 1250 2989 1295 et
3014 1242 3255 1312 Angelus
3280 1253 3339 1297 et

1762 1330 2054 1396 Apostolus
2083 1340 2314 1385 vocatus
2339 1340 2447 1396 est,
2479 1333 2677 1387 merito
2693 1344 2748 1387 et
2781 1350 2811 1387 a
2846 1338 3168 1406 pr0phetieo
3207 1338 3337 1406 Spi--

1766 1424 1873 1476 ritu
1902 1433 1958 1477 et
1990 1423 2058 1477 ab
2088 1423 2207 1490 ipso
2249 1422 2468 1477 Christo
2512 1436 2838 1491 arguuntur,
2885 1430 3030 1498 quod
3084 1448 3186 1487 nee
3227 1432 3335 1486 Pa-

1766 1528 1903 1569 trem
1940 1530 2039 1571 nec
2064 1515 2259 1569 Filium
2290 1516 2557 1570 noverint.
2584 1515 2716 1575 Nam
2742 1520 2835 1587 qui
2870 1520 3065 1575 Filium
3120 1523 3333 1579 Patrem

1763 1620 1886 1662 esse
1917 1606 2123 1671 dicunt,
2152 1606 2205 1662 bi
2238 1615 2563 1676 arguuntur,
2589 1608 2731 1675 quod
2761 1625 2863 1665 nec
2889 1610 3103 1667 Patrem
3134 1615 3333 1675 sciant,

1767 1716 1865 1754 nec
1893 1699 2091 1755 Filium
2127 1715 2250 1754 esse
2276 1701 2656 1754 universorum
2686 1701 2834 1756 Patri
2857 1715 3207 1771 cognoscant.
3231 1706 3336 1771 Qui

1763 1809 1886 1849 cum
1920 1793 2155 1848 Verbum
2177 1794 2249 1848 sit
2282 1796 2698 1865 primogenitum
2728 1797 2848 1861 Dei,
2880 1799 3022 1851 Deus
3042 1798 3203 1851 etiam
3228 1807 3334 1853 est.

111 1896 183 1942 τες
209 1877 334 1934 εἶναι
367 1881 681 1953 ἐλέγχονται
730 1885 867 1956 μήτε
898 1884 988 1938 τὸν
1020 1886 1239 1958 Πατέρα
1284 1887 1652 1959 ἐπιστάμενοι,

1789 1901 1838 1940 te
1870 1886 2023 1956 prius
2051 1886 2272 1954 quidem
2296 1887 2466 1959 Moysi
2494 1899 2550 1944 et
2576 1889 2793 1944 caeteris
2821 1891 3102 1960 prophetis
3130 1891 3181 1945 in
3208 1907 3336 1960 spe-

112 1969 216 2040 pﬁb’
244 1972 319 2025 ὃτι
361 1972 511 2027 ἐστὶν
560 1974 688 2039 rte;
733 1973 809 2046 τῷ
856 1975 1034 2049 Πατρὶ
1066 1977 1173 2031 τῶν
1203 1978 1340 2032 ὅλων
1369 1978 1662 2048 γινώσκον-

108 2076 208 2121 τες’
238 2059 292 2124 ὃς
333 2062 427 2115 καὶ
473 2063 654 2133 Λόγος
715 2065 1058 2138 πρωτότοκος
1101 2066 1177 2121 ὢν
1222 2068 1315 2122 τοῦ
1375 2068 1533 2135 Θεοῦ,
1568 2069 1663 2124 καὶ

108 2150 218 2215 Θεὸς
272 2153 527 2226 ὑπάρχει.
593 2157 705 2210 Καὶ
768 2158 1033 2232 πρότερον
1077 2159 1165 2213 διά
1209 2159 1307 2230 τῆς
1351 2159 1442 2213 τοῦ
1491 2161 1662 2234 πυρὸς

109 2245 414 2321 ὶΞΕΞῇἑκαῖ
447 2248 660 2313 εἰκόνος
720 2250 1013 2322 ἀσωμρερμ
1059 2250 1136 2322 τῷ
1180 2253 1374 2305 Μωσεῖ
1415 2252 1510 2307 καὶ
1552 2256 1664 2318 τοῖς

109 2270 414 2321 warm
447 2270 660 2313 εικονος
720 2270 837 2304 ασω
886 2270 979 2304 ατο
1059 2270 1136 2322 τῳ
1182 2270 1370 2305 Μωσει
1415 2270 1510 2307 και
1552 2270 1664 2318 τοις

105 2337 283 2409 ιτὲροις
313 2341 622 2411 προφήταις
654 2270 1066 2415 toﬁ?
1085 2346 1142 2396 ἐν
1173 2346 1386 2415 χρόνοις
1416 2345 1516 2415 τῆς
1538 2347 1664 2417 ὑμε-

106 2429 241 2499 τέρας
269 2432 457 2503 ἀρχῆς,
492 2432 572 2497 ὡς
605 2433 961 2506 προείπομεν,
1009 2434 1098 2488 διὰ
1144 2435 1413 2507 παρθένου
1449 2437 1659 2509 ἄνθρω-

106 2539 186 2585 to;
213 2523 493 2594 γενόμενος
541 2525 683 2579 κατὰ
730 2527 828 2597 τὴν
886 2525 977 2579 τοῦ
1011 2527 1224 2597 Πατρὸς
1270 2526 1485 2599 βουλὴν,
1521 2530 1658 2602 ὑπὲρ

108 2618 341 2687 σωτηρίας
386 2619 494 2672 τῶν
544 2618 907 2672 πιστευόντων
951 2617 1120 2691 αὐτῷ,
1156 2618 1252 2673 καὶ
1296 2619 1658 2693 ἐξουθενηθῆ-

105 2724 175 2759 vat
202 2708 286 2761 καὶ
316 2708 508 2763 παθεῖν
557 2709 881 2782 ὑπέμεινεν,
930 2711 1016 2764 ἵνα
1060 2709 1350 2765 ἀποθανὼν
1394 2713 1490 2766 καὶ
1522 2715 1657 2767 ἀνα-

106 2800 215 2862 στὰς
242 2804 430 2875 νικήσῃ
462 2804 559 2856 τὸν
591 2802 841 2858 θάνατον.
874 2804 947 2857 Τὸ
978 2804 1034 2857 δὲ
1066 2805 1355 2877 εἰρημένον
1398 2807 1463 2859 ὲκ
1497 2805 1659 2870 βάτου

101 2890 164 2959 τῷ
186 2893 375 2959 Μωσεῖ,
408 2895 559 2965 Ἐγώ
578 2897 692 2966 εἰμι
711 2899 743 2949 ό
763 2894 866 2961 ὢν,
883 2899 914 2949 ό
932 2894 1076 2963 Θεὸς
1106 2896 1348 2965 Ἀϐραὰμ
1362 2896 1492 2967 (80),
1508 2898 1601 2950 καὶ
1625 2901 1658 2952 ό

106 2983 226 3050 Θεὸς
270 2987 487 3051 Ἰσαὰκ,
532 2988 632 3042 καὶ
673 2991 706 3043 ό
740 2988 884 3055 Θεὸς
926 2987 1151 3051 Ἰακὼϐ,
1183 2987 1333 3043 καὶὸ
1367 2989 1512 3055 Θεὸς
1541 2989 1658 3042 τῶν

102 3077 337 3145 πατέρων
384 3097 529 3145 σου,
585 3080 919 3153 σημαντικὸν
980 3079 1071 3134 τοῦ
1133 3081 1228 3135 καὶ
1288 3080 1657 3146 ἀποθανόντας

1762 1977 1846 2032 cie
1876 1978 2016 2048 ignis
2040 1988 2090 2032 et
2117 1977 2352 2047 imagine
2385 1982 2708 2052 incorporea
2737 1983 2887 2034 visus
2916 1991 3035 2045 est;
3063 1997 3203 2036 nunc
3233 1998 3335 2036 au-

1762 2079 1869 2121 tem
1898 2068 2060 2124 vestri
2112 2069 2325 2140 imperii
2377 2074 2717 2141 temporibus
2754 2074 2863 2143 82
2893 2089 2959 2128 ex
3000 2074 3247 2145 Virgine,
3276 2082 3335 2129 ut

1758 2160 1870 2230 jam
1896 2161 2152 2224 diximus,
2185 2164 2348 2218 homo
2391 2162 2568 2220 factus
2597 2168 2893 2219 secundum
2935 2166 3111 2222 Patris
3141 2170 3333 2221 volun-

1768 2262 1935 2308 tatem
1965 2271 2064 2325 pro
2112 2270 2299 2311 eorum
2349 2257 2547 2321 salute,
2601 2257 2693 2327 qui
2746 2257 2818 2312 illi
2868 2261 3119 2323 credunt,
3148 2272 3200 2314 et
3235 2278 3334 2331 pro

1768 2345 1938 2399 nihilo
1986 2346 2175 2400 haberi
2225 2357 2279 2401 et
2316 2348 2427 2416 pati
2477 2348 2759 2409 sustinuit,
2796 2358 2854 2402 ut
2879 2360 3128 2405 mortuus
3159 2368 3222 2404 ac
3255 2368 3335 2406 re—

1763 2444 1992 2507 surgens
2021 2451 2254 2494 mortem
2299 2442 2568 2494 vinceret.
2600 2440 2754 2507 Quod
2786 2453 2963 2496 autem
2997 2458 3062 2496 ex
3090 2443 3222 2496 rubo
3251 2445 3335 2497 di-

1764 2537 1912 2581 ctmn
1937 2538 2017 2583 est
2044 2529 2241 2601 Moysi,
2279 2531 2389 2601 Ego
2414 2548 2529 2585 sum
2562 2532 2817 2584 exsistam
2836 2531 2945 2599 ille,
2990 2530 3130 2584 Deus
3159 2531 3334 2585 Abra-

1760 2622 1905 2676 ham.
1936 2630 1995 2673 ει·
2019 2620 2160 2675 Deus
2193 2622 2374 2689 Isaac,
2398 2633 2445 2677 et
2488 2622 2629 2676 Deus
2660 2620 2854 2684 Iacob,
2882 2634 2929 2675 et
2956 2621 3093 2676 Deus
3122 2634 3334 2691 patruus

1757 2713 2055 2777 tuarum“,
2087 2725 2410 2784 argumento
2438 2726 2521 2770 est
2558 2730 2652 2770 eos
2703 2716 2869 2769 etiam
2932 2724 3055 2784 post
3100 2724 3331 2769 mortem

1768 2820 2006 2868 manere,
2045 2817 2101 2860 et
2146 2806 2313 2876 ipsius
2348 2807 2548 2861 Christi
2595 2795 2842 2861 homines
2881 2821 3021 2862 esse.
3082 2805 3143 2859 Hi
3188 2808 3333 2860 enim

1768 2897 1926 2963 primi
1946 2897 2187 2951 omnium
2210 2899 2261 2952 in
2281 2899 2372 2953 Dei
2394 2899 2743 2969 inquisitione
2759 2900 2959 2952 versati
2980 2907 3137 2964 sunt;
3164 2899 3332 2952 Abra-

1766 2987 1890 3042 ham
1912 2988 2129 3057 quidem
2152 3000 2305 3059 pater
2325 2990 2519 3057 lsaaci,
2545 2992 2690 3046 Isaae
2711 3000 2891 3045 autem
2913 2988 3121 3053 Jacobi,
3147 3004 3332 3058 quent-

1766 3082 2052 3136 admodum
2076 3093 2131 3137 et
2154 3082 2363 3153 Moyses
2385 3086 2720 3155 perscripsit.

102 3169 306 3238 ixsivouc;
366 3175 574 3246 μένειν,
622 3175 716 3229 καὶ
761 3172 898 3228 εἶναι
956 3171 1118 3227 αὑτοῦ
1181 3172 1270 3225 τοῦ
1318 3173 1553 3245 Χριστοῦ
1604 3172 1941 3245 ἀνθρώπους.
2001 3173 2112 3227 Καὶ
2158 3174 2266 3245 γὰρ
2328 3174 2529 3246 πρῶτοι
2590 3175 2697 3228 τῶν
2757 3177 2974 3230 πάντων
3032 3174 3333 3249 ἀνθρώπων

101 3261 266 3316 ἐκεῖνοι
314 3267 440 3339 περί
484 3265 622 3321 Θεοῦ
684 3265 911 3339 ζήτησιν
970 3266 1382 3338 ὴσχολήθησαν,
1447 3267 1697 3337 Ἀὕραὰμ
1742 3266 1842 3335 μὲν
1888 3267 2067 3339 πατὴρ
2112 3268 2188 3321 ὢν
2232 3268 2321 3323 τοῦ
2381 3270 2596 3334 Ἰσαάκ,
2657 3271 2838 3325 Ἰσαὰκ
2881 3272 2938 3326 δὲ
2980 3271 3071 3326 τοῦ
3117 3271 3329 3337 Ἰακὼϐ,

101 3355 160 3420 ὡς
187 3360 271 3411 καὶ
300 3361 505 3433 Μωσῆς
540 3359 839 3432 ἀνέγραψε.

158 3451 233 3505 64.
264 3454 370 3508 Καὶ
400 3456 462 3509 τὸ
508 3456 818 3527 ἀνεγείρειν
863 3456 919 3509 δὲ
949 3459 1009 3511 τὸ
1053 3455 1270 3510 εἴδωλον
1301 3457 1398 3527 τῆς
1428 3455 1652 3527 λεγομέ-

1830 3455 1918 3509 64.
1960 3454 2140 3521 Atque
2180 3461 2239 3506 ut
2284 3451 2448 3515 illius,
2474 3466 2601 3519 quae
2619 3454 2836 3517 dicitur,
2872 3457 3062 3524 puella:
3102 3462 3328 3517 simula-

100 3560 179 3613 νης
205 3546 379 3618 Κόρης
411 3548 507 3601 ἐπὶ
541 3550 660 3611 ταῖς
691 3547 798 3601 τῶν
830 3548 1037 3602 ὑδάτων
1099 3551 1302 3619 πηγαῖς
1362 3548 1652 3619 ἐνεργῆσαι

1795 3562 1911 3600 rum
1936 3546 2001 3600 ad
2027 3546 2202 3600 fontes
2244 3560 2509 3613 aquarum
2552 3546 2871 3615 erigeretur,
2903 3548 2953 3601 id
2981 3563 3195 3619 quoque
3218 3553 3329 3607 da:-

99 3638 204 3701 τοὺς
240 3638 522 3710 δαίμονας,
570 3639 827 3707 λέγοντας
872 3639 1146 3712 θυγατέρα
1191 3637 1359 3709 αὐτὴν
1391 3635 1528 3691 εἶναι
1560 3637 1650 3690 τοῦ

1789 3651 1981 3688 nonum
2026 3635 2325 3699 molitione,
2349 3638 2438 3705 qui
2476 3637 2622 3690 illam
2662 3636 2811 3691 Jovis
2832 3638 2996 3693 ﬁliam
3024 3655 3146 3696 esse
3171 3644 3328 3695 dixe-

100 3728 215 3793 Διδς,
276 3731 692 3803 μιμησαμένους
724 3731 782 3785 τὸ
812 3731 901 3786 διὰ
945 3733 1190 3796 Μωσέως
1250 3731 1555 3803 εἰρημένον,
1590 3732 1652 3782 ὲκ

1790 3737 1905 3793 ιιηῑ,
1933 3743 1996 3780 ac
2018 3730 2182 3781 verba
2228 3728 2429 3799 Moysis
2477 3729 2671 3782 imitati
2718 3740 2863 3791 sunt,
2908 3733 3229 3801 contigisse,
3258 3749 3323 3788 ex

99 3820 185 3875 τῶν
213 3824 626 3895 προειρημένων
658 3824 849 3894 νοῆσαι
880 3823 1128 3877 δύνασθε.
1170 3824 1312 3896 Ἔφη
1347 3823 1453 3894 γὰρ
1484 3824 1652 3877 όΜω-

1789 3819 2137 3888 ιίε,(ιυαξ]ειιιι
2166 3819 2426 3885 diximus,
2464 3820 2778 3888 perspicere
2821 3822 3072 3890 potestis.
3116 3824 3328 3895 Moyses

103 3912 208 3981 τῆς,
258 3914 328 3977 ὡς
385 3914 860 3987 προεγράψαμεν·
922 3916 1024 3969 Ἑν
1071 3914 1231 3985 ἀρχῇ
1282 3916 1571 3981 ἐποίησεν
1617 3918 1649 3967 ό

1794 3912 1926 3974 uim,
1955 3921 2014 3964 ut
2058 3927 2222 3980 supra
2270 3912 2610 3980 scripsimus,
2663 3913 2743 3967 sic
2793 3915 2905 3967 ait:
2953 3913 3023 3967 In
3068 3917 3329 3985 principio

102 4004 219 4070 θεὸς
238 4006 337 4059 τὸν
367 4007 635 4077 οὐρανὸν
670 4008 766 4060 καὶ
811 4006 926 4076 τὴν
976 4005 1112 4077 γῆν.
1155 4007 1225 4061 'H
1253 4005 1321 4059 δὲ
1348 4004 1422 4074 τῆ
1448 4001 1526 4074 ἦν
1544 4005 1648 4058 ἀόσ-

1789 4002 1947 4055 reavit
1970 4001 2111 4055 Deus
2137 4002 2323 4055 caelum
2346 4013 2393 4056 et
2420 4014 2638 4059 terram.
2666 4002 2829 4059 Terra
2855 4015 3026 4059 autem
3062 4018 3171 4060 erat
3207 4008 3329 4061 inta-

96 4108 245 4161 ρατος
263 4098 357 4153 καὶ
380 4100 938 4164 ἀκατασκεύαστος,
968 4099 1319 4169 καίΙΙνεῦμα
1343 4097 1488 4151 Θεοῦ
1509 4097 1646 4149 ἐπε-

1789 4094 2047 4147 aectabilis
2072 4103 2121 4147 et
2151 4096 2439 4161 incondita,
2472 4105 2522 4149 et
2552 4096 2785 4162 Spiritus
2816 4096 2913 4151 Dei
2944 4097 3216 4166 ferebatur
3237 4116 3328 4151 su-

98 4185 278 4252 ξὶἐρετο
326 4189 532 4243 ἐπάνω
572 4189 691 4243 τῶν
731 4189 983 4245 ὑδάτων.
1045 4189 1140 4253 Εἰς
1174 4189 1403 4260 μίμησιν
1432 4185 1524 4242 οὖν
1556 4185 1645 4240 τοῦ

1789 4200 1842 4238 er
1866 4202 2054 4254 aquas.
2086 4187 2166 4240 Ad
2192 4186 2551 4241 imitationem
2574 4204 2704 4257 ergo
2745 4189 2886 4243 illius
2924 4190 3015 4243 Dei
3065 4191 3325 4259 Spiritus,

96 4272 343 4347 λεχθέντος
386 4281 790 4353 ἐπιφερομένου
824 4281 901 4352 τῷ
932 4281 1085 4335 ὕδατι
1129 4281 1446 4352 Πνεῦματος
1489 4280 1646 4343 Θεοῦ,

1791 4278 1843 4329 ui
1867 4292 2031 4346 super
2056 4294 2227 4347 aquas
2266 4281 2397 4334 ferri
2420 4281 2597 4335 dictus
2618 4291 2725 4344 est,
2770 4281 3149 4351 Proserpinam
3174 4282 3328 4337 lovis

96 4368 176 4439 τὴν
202 4372 375 4444 Κόρην
407 4372 689 4445 θυγατέρα
720 4372 809 4426 τοῦ
843 4374 963 4437 Διὸς
994 4373 1222 4443 ἔφασαν.
1242 4372 1354 4427 Καὶ
1385 4371 1481 4444 τὴν
1498 4372 1649 4444 ’Δθηο

1797 4370 1924 4424 liam
1966 4380 2251 4425 vocarunt.
2296 4376 2377 4426 Ae
2420 4370 2585 4425 simili
2630 4373 2872 4439 nequitia
2914 4372 3212 4427 Minervam
3255 4389 3326 4427 ex

96 4462 176 4513 νᾶν
201 4463 251 4516 δὲ
288 4465 491 4535 ὁμοίως
554 4465 979 4537 πονηρευόμενοι
1040 4465 1315 4538 θυγατέρα
1374 4464 1465 4517 τοῦ
1527 4465 1647 4527 Διὸς

1789 4478 1887 4518 ονε
1926 4463 2164 4534 genitam
2212 4465 2490 4531 dixerunt,
2536 4464 2696 4533 idque
2744 4481 2849 4519 non
2874 4480 2942 4519 ex
2982 4469 3323 4534 concubitu;

98 4552 407 4623 ἔφασαν,οὐκ
438 4559 549 4612 ἀπὸ
584 4558 781 4629 μίξεως
800 4577 813 4589 ’
849 4559 964 4612 ἀλλ’
982 4559 1167 4630 ἐπειδὴ
1200 4558 1515 4631 ὲννοηθέντα
1535 4559 1647 4629 (81)

1789 4555 1847 4608 ed
1872 4569 1994 4608 cum
2022 4556 2281 4610 mundum
2306 4571 2334 4607 a
2358 4555 2488 4622 Deo,
2520 4565 2806 4625 postquam
2823 4559 3079 4627 cogitavit
3107 4569 3162 4613 et
3189 4574 3328 4614 cou'

96 4649 170 4699 τὸν
194 4650 317 4705 Θεὸν
346 4652 436 4707 διὰ
468 4652 631 4722 λόγου
677 4653 766 4706 τὸν
827 4651 1032 4724 κόσμον
1094 4655 1316 4725 ποιῆσαι
1377 4653 1641 4722 ἔγνωσαν,

1789 4649 2036 4714 itleravit,
2067 4652 2343 4705 conditmn
2366 4666 2488 4706 esse
2527 4667 2624 4719 per
2652 4650 2889 4706 Verbum
2914 4654 3323 4721 ceguovissent,

97 4738 157 4805 ὡς
183 4744 269 4816 τὴν
300 4747 528 4820 πρώτην
559 4748 766 4802 ἔννοιαν
798 4747 1007 4818 ἔφασαν
1037 4746 1134 4819 τὴν
1178 4747 1427 4820 Ἀθηνᾶν.
1466 4748 1640 4816 Ὅπερ

1790 4742 1980 4795 rimam
2009 4742 2169 4797 veluti
2217 4745 2489 4799 notionem
2529 4744 2828 4800 Minervam
2873 4744 3145 4799 dixerunt.
3171 4745 3325 4811 Quod

95 4833 401 4899 γελοιότατον
447 4837 731 4911 ἡγούμεθα
762 4836 923 4903 εἶναι,
955 4839 1053 4909 τῆς
1084 4838 1292 4902 ἑννοίας
1324 4838 1507 4891 εἰκόνα
1539 4855 1643 4891 πα·-

1789 4834 1969 4888 uidem
1996 4836 2386 4904 perridiculum
2425 4837 2581 4892 nobis
2610 4838 2845 4905 videtur,
2874 4838 3189 4892 muliebrem
3214 4837 3326 4891 for-

97 4928 321 5003 ραφέρειν
363 4930 599 5003 θηλειῶν
645 4932 877 5004 μορφήν.
924 4930 1036 4984 Καὶ
1066 4929 1265 4997 ὁμοίως
1295 4930 1419 4994 τοὺς
1450 4928 1640 4993 ἄλλους

1789 4941 1895 4980 tam
1918 4927 1985 4981 ad
2012 4927 2302 4999 imaginem
2329 4932 2568 4985 uotiouis
2608 4930 3016 4999 exprimendam
3041 4931 3318 4985 inducere.

180 5063 222 5095 “
255 5064 355 5118 lsa.
385 5080 426 5131 ι,
450 5064 507 5118 5.
587 5062 632 5095 “
674 5063 867 5117 Matth.
892 5076 968 5125 ιι,
991 5060 1084 5119 27.
1160 5060 1205 5091 ⁵⁸
1238 5059 1406 5114 Exod.
1441 5075 1527 5125 ιιι,
1553 5056 1613 5113 6.

392 5011 715 5032 Μ

1810 5212 1925 5283 (81)
1976 5212 2389 5283 Ἐννοηθέντα.
2437 5210 2728 5281 Postquam
2759 5218 3007 5280 cogitavit
3050 5222 3099 5264 et
3143 5210 3322 5283 consi-

1739 5280 1964 5359 deravit,
1997 5282 2160 5359 idest
2198 5292 2490 5359 postquam
2518 5280 2703 5359 mundi
2747 5283 3112 5359 exemplar-iu
3141 5280 3320 5359 Verbo

1740 5367 1841 5428 suo
1864 5351 2200 5428 _descripsit.
2241 5350 2377 5428 Quae
2410 5351 2763 5428 tle__Minerva
2797 5350 3320 5428 attribuitetbnicis

1737 5422 2011 5486 Justinus,
2043 5437 2107 5476 ea
2130 5424 2424 5476 continuat
2463 5421 2798 5475 'l'hentistius
2824 5432 2963 5473 orat.
3000 5422 3086 5478 15,
3120 5421 3209 5472 ubi
3240 5421 3319 5469 ait

1738 5493 2038 5546 Minervam
2076 5508 2143 5546 ex
2178 5492 2352 5567 patris
2381 5493 2560 5567 capite
2606 5491 2975 5559 prosilientem
3018 5489 3201 5542 omnia
3231 5502 3318 5567 or-

1738 5563 1954 5616 navisse
1978 5571 2033 5615 et
2062 5562 2393 5625 condidisse,
2445 5563 2646 5615 caelum
2680 5573 2729 5613 et
2768 5570 2942 5613 terras
2993 5569 3048 5611 et
3102 5572 3224 5627 qua:
3258 5562 3313 5607 in

1738 5633 1818 5685 eis
1847 5643 1992 5685 sunt.
2022 5629 2124 5686 Cui
2142 5632 2362 5707 quidem
2408 5633 2693 5707 sententia:
2727 5640 2871 5681 tanta
2900 5637 2982 5681 est
3008 5628 3315 5707 similitudo

94 5700 389 5770 inquirendo
444 5700 868 5772 occuparentur.
922 5707 1000 5759 4ο.
1055 5703 1188 5758 Illud
1233 5704 1395 5781 etiam
1448 5702 1633 5781 obser-
1739 5702 1955 5781 cum-iis
1988 5716 2109 5771 quae
2140 5702 2393 5781 leguntur
2423 5701 2831 5781 Prm'erbavm,
2873 5707 3080 5781 itteam
3117 5700 3315 5777 merito

92 5768 325 5839 randum,
362 5776 509 5845 quod
539 5768 695 5841 paulo
731 5784 858 5829 ante
893 5775 1130 5839 dicebat,
1167 5773 1261 5826 καὶ
1291 5770 1424 5834 Θεὸς
1456 5771 1631 5841 ὑπάρ-
1736 5768 1984 5845 Justinus
2006 5768 2100 5827 ἐι
2168 5768 2518 5827 Hebraeorum
2570 5770 2811 5824 fontibus
2853 5768 3151 5822 derivatam
3196 5768 3315 5821 exi-

90 5855 179 5908 χει,
209 5855 251 5898 et
277 5844 415 5899 Deus
439 5855 535 5897 est.
1734 5844 1936 5895 stimet.

378 5942 653 6003 ΡΑτιιοι..
694 5939 813 6000 Gn.
872 5938 976 6001 VI.

2930 5914 3003 5972 1!;

153 5213 253 5285 {80)
302 5216 363 5271 '0
399 5217 547 5282 Θεὸς
596 5215 861 5285 Ἀϐραάμ.
916 5214 1062 5270 Nihil
1102 5221 1279 5285 potest
1321 5213 1389 5268 de
1423 5212 1626 5268 Christi

97 5284 707 5364 citrittitate_prmt‘larius_
734 5284 865 5340 diei.
914 5286 1194 5364 i¢.__Docet
1233 5284 1478 5364 iustitius
1506 5298 1630 5364 eum

95 5354 291 5419 dixisse,
336 5354 451 5424 Ego
474 5372 591 5408 sum
619 5358 707 5421 qui
746 5372 882 5419 sum,
914 5357 1109 5423 quibus
1143 5355 1319 5407 verbis
1341 5355 1632 5424 essentiam

95 5424 302 5478 divinam
345 5421 579 5496 eiprimi
605 5428 866 5487 declarat.
891 5421 1109 5479 Cohort.
1142 5440 1174 5477 n
1198 5424 1312 5496 flii.
1337 5422 1415 5476 2°.
1460 5421 1633 5496 [oea-

96 5502 167 5545 tur
192 5491 436 5550 Christus
491 5496 631 5550 Deus
680 5496 975 5557 Abraham,
1013 5496 1154 5549 Deus
1198 5491 1352 5547 Isaac
1394 5502 1451 5546 et
1486 5491 1630 5545 Deus

89 5558 253 5642 1incol).
283 5566 342 5621 5°
372 5566 857 5642 Idcireojllorunt
893 5566 1044 5642 Deus
1077 5575 1182 5628 est,
1218 5579 1281 5617 ac
1329 5564 1451 5642 ipsi.
1484 5561 1630 5642 illius

93 5631 314 5704 homines
348 5646 502 5699 sunt,
533 5635 657 5703 quia
696 5635 857 5704 primi
909 5635 1261 5698 exstiterunt,
1294 5632 1384 5700 qui
1439 5631 1495 5704 in
1524 5633 1631 5685 Deo
