3760 6496
462 358 569 417 ᾹΞῚ
1424 364 1479 420 S.
1516 362 1777 423 JUSTINI
1813 366 2219 424 PHILOSOPHI
2256 366 2343 423 ET
2376 366 2732 424 MARTYRIS
3608 370 3717 429 428

451 481 722 539 Similiter
761 491 817 537 et
856 483 1125 554 reliquos,
1158 483 1252 554 qui
1275 483 1554 553 dicuntur,
1576 485 1725 542 Jovis
1748 488 1973 558 ﬁliosips

2159 485 2465 558 ιεγομένους
2511 488 2657 550 υἱοὺς
2695 484 2785 539 τοῦ
2838 484 2960 549 Διὸς
3005 488 3060 539 αί
3106 486 3332 558 πράξεις
3377 489 3712 561 ἐλέγχουσιν.

451 575 699 631 actiones
720 574 1083 645 redarguunt.

523 666 615 723 65.
638 665 749 722 Nos
779 674 961 721 autem
986 676 1273 736 postquam
1308 680 1456 732 eum,
1502 668 1591 737 qui
1620 668 1780 723 ﬁdem
1803 684 1954 725 suam

2202 667 2288 721 65.
2337 668 2525 737 Ἡμεῖς
2556 664 2632 731 δὲ,
2670 666 2806 737 μετά
2837 666 2898 719 τὸ
2945 665 3118 731 οὕτως
3164 666 3349 722 λοῦσαι
3395 668 3488 722 τὸν
3520 688 3711 724 πεπει-

452 773 741 814 assensum
783 759 1046 813 doctrinae
1086 766 1286 813 nostra:
1329 766 1556 813 testatus
1580 767 1684 823 est,
1728 761 1808 816 sic
1846 761 1972 816 ablu

2166 756 2323 827 μένον
2356 756 2450 811 καὶ
2482 754 3064 827 συγχατατεθειμένον,
3099 757 3193 809 ἐπὶ
3223 759 3347 822 τοὺς
3378 760 3705 830 λεγομένους

448 865 595 917 mus,
622 850 689 904 ad
714 864 831 913 eos,
864 850 956 919 qui
980 849 1235 905 dicuntur
1273 847 1496 916 fratres,
1541 850 1885 920 deducimus,
1929 854 1973 907 ul

2162 848 2391 919 δελφούς
2452 849 2677 921 ἄγομεν,
2710 848 2839 903 ἔνθα
2884 848 3207 920 συνηγμένοι
3239 850 3365 914 εἰσὶ,
3401 852 3587 916 κοινάς
3618 853 3706 905 εὐ-

448 942 530 998 illi
556 942 868 1015 congregati
890 950 1037 1007 sunt,
1066 956 1380 997 communes
1399 958 1590 1012 preces
1633 953 1689 999 et
1714 960 1811 1013 pro
1838 946 1964 1002 nobi

2159 940 2224 1002 ἀς
2257 940 2605 1012 ποιησόμενοι
2636 942 2775 1013 ὑπέρ
2806 958 2867 994 τε
2898 940 3107 994 ἑαυτῶν
3148 941 3243 995 καὶ
3286 941 3378 995 τοῦ
3413 942 3705 1012 φωτισθέν-

447 1035 719 1105 melipsis,
741 1044 796 1089 et
842 1049 943 1104 pro
973 1048 1039 1089 eo
1064 1032 1155 1099 qui
1181 1032 1519 1088 illuminatus
1544 1042 1647 1099 est,
1680 1043 1735 1088 et
1760 1050 1859 1104 pro
1895 1036 1965 1090 ali

2159 1049 2231 1095 ος,
2264 1032 2359 1085 καὶ
2379 1032 2553 1086 ἄλλων
2584 1031 2856 1103 πανταχοῦ
2889 1032 3105 1086 πάντων
3127 1033 3381 1097 εὐτόνως,
3399 1035 3551 1098 ὅπως
3572 1051 3702 1088 κατ-

2117 1123 2457 1195 αξιωθῶμεν,
2510 1124 2580 1178 τά
2609 1123 2784 1194 ἀληθῆ
2821 1122 3102 1194 μαθόντες,
3138 1125 3234 1178 καὶ
3263 1126 3331 1179 δι’
3363 1126 3546 1199 ἔργων
3576 1129 3705 1196 ἀγα-

2120 1216 2202 1271 Θοὶ
2234 1217 2565 1281 πολιτευταὶ,
2600 1216 2695 1271 καὶ
2728 1215 2966 1286 φύλακες
3009 1217 3116 1272 τῶν
3159 1219 3569 1290 ἐντεταλμένων
3611 1223 3702 1274 εὐ-

2121 1306 2361 1379 ρεθῆναι,
2397 1311 2546 1371 ὅπως
2576 1307 2674 1379 τὴν
2705 1306 2923 1361 αίώνιον
2955 1310 3230 1382 σωτηρίαν
3261 1309 3553 1383 σωθῶμεν.
3595 1313 3703 1366 Ἀλσ

2114 1399 2311 1471 λήλους
2364 1400 2627 1471 φιλήματι
2660 1398 2771 1468 (82)
2804 1398 3162 1471 ἀσπαζόμεθα
3222 1401 3567 1473 παυσάμενοι
3596 1403 3701 1460 τῶν

2112 1490 2317 1561 εὐχῶν
2353 1491 2544 1546 ἔπειτα
2578 1489 2945 1563 προσφέρεται
2974 1492 3051 1564 τῷ
3083 1492 3383 1566 προεστῶτι
3414 1494 3527 1548 τῶν
3558 1495 3700 1550 ἀδελ·

2112 1582 2227 1651 φῶν
2288 1584 2471 1653 ἄρτος,
2506 1584 2601 1637 καὶ
2653 1586 2910 1657 ποτήριον
2971 1585 3162 1649 ὓδατος
3221 1585 3317 1640 καὶ
3378 1587 3691 1659 κράματος·

2110 1673 2204 1727 καὶ
2268 1667 2444 1739 οὗτος,
2511 1674 2715 1740 λαϐὼν,
2777 1672 2926 1731 αἶνον
2957 1676 3051 1729 καὶ
3080 1675 3237 1743 δόξαν
3270 1675 3348 1747 τῷ
3380 1678 3563 1749 Πατρὶ
3592 1679 3693 1733 τῶν

2108 1764 2247 1819 ὂλων
2293 1766 2382 1821 διά
2425 1766 2519 1819 τοῦ
2551 1767 2813 1838 ὀνόματος
2844 1767 2934 1821 τοῦ
2968 1767 3097 1821 Υίοῦ
3130 1768 3223 1823 καὶ
3252 1767 3345 1821 τοῦ
3379 1769 3693 1840 Πνεύματος

2110 1856 2200 1909 τοῦ
2244 1858 2402 1927 ἁγίου
2448 1860 2797 1932 ἀναπέμπει·
2862 1860 2957 1915 καὶ
3017 1859 3366 1932 εὐχαριστίαν
3400 1861 3517 1930 (85)
3554 1861 3691 1935 ὑπὲρ

2111 1945 2203 1998 τοῦ
2251 1946 2621 2019 κατηξιῶσθαι
2664 1949 2869 2003 τούτων
2901 1949 3012 2021 (84)
3058 1952 3187 2022 παρ’
3219 1949 3383 2003 αὐτοῦ
3431 1951 3528 2003 ἐπὶ
3559 1950 3689 2005 πολὺ

2112 2042 2375 2093 ποιεῖται·
2410 2033 2471 2092 οὗ
2505 2040 2919 2105 συντελέσαντος
2978 2040 3077 2104 τάς
3137 2040 3302 2112 εὐχάς
3347 2040 3447 2095 κα)¹
3477 2041 3577 2113 τὴν
3606 2042 3693 2095 εὐ-

2110 2132 2422 2205 χαριστίαν,
2486 2133 2595 2195 πᾶς
2624 2134 2652 2186 ό
2684 2131 2875 2204 παρὼν
2934 2131 3060 2195 λαὸς
3121 2134 3438 2203 ἐπευφημεῖ
3496 2132 3688 2201 λέγων,

2123 2224 2317 2295 Ἀμήν.
2351 2223 2424 2276 Τὸ
2467 2222 2523 2275 δὲ
2566 2221 2729 2290 ἀμὴν
2758 2225 2822 2294 τῇ
2868 2221 3104 2294 Ἐὗραϊδι
3158 2226 3306 2293 φωνῇ
3356 2224 3417 2276 τὸ
3462 2225 3692 2294 γένοιτο

2109 2315 2386 2388 σημαίνει.
2434 2313 2944 2383 Εὐχαριστήσαντος
2974 2312 3030 2367 δὲ
3059 2312 3151 2366 τοῦ
3198 2312 3563 2385 προεστῶτος,
3594 2312 3689 2368 καὶ

2106 2407 2591 2479 ὲπευερημήσαντος
2651 2406 2853 2469 παντὸς
2911 2405 3001 2458 τοῦ
3062 2405 3190 2459 λαοῦ
3211 2446 3227 2471 ,
3270 2406 3321 2458 οἱ
3366 2404 3688 2477 καλούμενοι

2107 2499 2235 2571 παρ’
2268 2500 2399 2571 ἡμῖν
2428 2496 2663 2550 διάκονοι
2722 2494 2955 2550 διδόασιν
3017 2496 3231 2566 ἑκάστῳ
3262 2496 3370 2549 τῶν
3403 2498 3688 2569 παρόντων

2110 2589 2431 2663 μεταλαϐεῖν
2462 2588 2571 2642 ἀπὸ
2594 2587 2685 2642 τοῦ
2711 2586 3197 2661 εὐχαριστηθέντος
3218 2586 3387 2659 ἄρτου
3416 2588 3515 2641 καὶ
3544 2587 3685 2645 οίνου

2106 2683 2200 2737 καὶ
2232 2681 2442 2745 ὕδατος,
2478 2679 2577 2733 καὶ
2606 2680 2721 2743 τοῖς
2751 2679 2813 2733 οὐ
2846 2677 3111 2751 παροῦσιν
3141 2678 3507 2751 ἀποφέρουσι.

2175 2779 2264 2833 66.
2306 2778 2417 2832 Καὶ
2449 2779 2483 2848 ἡ
2516 2775 2692 2847 τροφὴ
2736 2772 2874 2843 αὕτη
2908 2772 3151 2827 καλεῖται
3189 2773 3319 2845 παρ’
3354 2776 3488 2845 ἡμῖν
3520 2774 3682 2844 εὐχα-

2106 2870 2315 2942 ριστίαο
2359 2865 2428 2942 ἧς
2469 2868 2646 2921 οὐδενὶ
2679 2866 2821 2938 ἀλλῳ
2855 2868 3141 2939 μετασχεῖν
3185 2866 3304 2931 ἐξόν
3342 2866 3493 2919 ἐστιν
3528 2864 3561 2936 ﬁ
3603 2865 3684 2937 τῷ

2104 2962 2408 3016 πιστεύοντι
2462 2961 2636 3031 ἀληθῆ
2683 2955 2822 3014 εἶναι
2864 2959 2933 3013 τά
2973 2958 3331 3028 δεδιδαγμένα
3365 2959 3456 3026 ὑφ’
3502 2958 3681 3028 ἡμῶν,

2102 3056 2197 3108 καὶ
2235 3053 2551 3124 λουσαμένῳ
2587 3052 2647 3105 τὸ
2683 3052 2823 3123 ὑπὲρ
2860 3051 3107 3119 ἀφέσεως
3144 3049 3427 3121 ἁμαρτιῶν
3469 3051 3561 3103 ια).
3602 3053 3682 3114 είς

445 1127 653 1195 ubique
696 1126 951 1181 omnibus
992 1124 1203 1179 intento
1229 1123 1413 1177 animo
1435 1121 1659 1188 facturi,
1688 1133 1749 1179 ιιι
1770 1126 2019 1182 veritatis

444 1218 817 1290 cognitionem
843 1216 1049 1285 adepti,
1092 1214 1196 1269 hac
1220 1214 1388 1269 etiam
1420 1214 1598 1283 gratia
1621 1214 1929 1287 dignemur,
1960 1229 2019 1275 ut

443 1320 650 1366 rectam
673 1308 930 1379 operibus
954 1306 1122 1361 vitam
1166 1314 1391 1377 agentes
1413 1302 1467 1359 et
1491 1317 1887 1377 praeceptorum
1915 1326 2014 1365 cu-

442 1403 627 1458 stodes
658 1400 1023 1465 inveniamur,
1071 1413 1182 1469 quo
1205 1397 1435 1453 salutem
1463 1408 1727 1454 aeternam
1752 1416 2015 1472 assequa-

439 1507 586 1549 mur.
611 1491 847 1546 lnvicem
882 1489 1073 1545 osculo
1116 1489 1441 1553 salutamus,
1485 1489 1576 1544 ubi
1600 1490 1862 1546 desiimus
1887 1509 2011 1561 pre-

441 1584 577 1641 cari.
620 1582 823 1637 Deinde
847 1582 918 1647 ei,
942 1582 1034 1652 qui
1059 1580 1322 1636 fratribus
1339 1592 1560 1651 praeest,
1585 1582 1742 1652 panis
1761 1582 2008 1653 affertur,

440 1683 495 1729 et
538 1672 785 1743 poculum
810 1687 966 1741 aqua:
1005 1680 1061 1727 et
1103 1670 1249 1725 vini:
1285 1671 1482 1740 quibus
1510 1671 1603 1727 ille
1631 1674 1870 1744 acceptis
1894 1675 2010 1730 lau-

439 1766 562 1820 dem
616 1773 672 1819 et
706 1763 939 1834 gloriam
987 1763 1370 1819 universorum
1413 1763 1628 1819 Parenti
1664 1780 1761 1835 per
1809 1781 2005 1821 nomen

437 1855 563 1913 Filii
594 1866 647 1913 et
672 1858 905 1927 Spiritus
926 1856 1103 1913 sancti
1124 1857 1344 1923 emittit,
1374 1867 1431 1914 et
1451 1858 1864 1926 eucharistiam,
1896 1860 2009 1916 sive
2039 1846 2082 1899 Β

436 1950 735 2020 gratiarum
779 1949 1075 2015 actionem,
1116 1963 1216 2019 pro
1255 1949 1340 2004 his
1367 1948 1552 2005 abillo
1581 1951 1823 2020 acceptis
1853 1952 2009 2007 donis

432 2038 649 2107 prolixe
703 2039 1039 2108 exsequitur.
1093 2038 1389 2110 Postquam
1443 2053 1633 2109 preces
1667 2050 1723 2095 et
1756 2041 2008 2096 euchari-

437 2129 600 2185 stiam
655 2128 921 2197 absolvit;
964 2129 1195 2200 populus
1239 2128 1419 2184 omnis
1481 2130 1771 2195 acclamat,
1818 2133 2004 2186 Amen.

433 2220 607 2275 Amen
632 2229 812 2283 autem
840 2218 1066 2275 Hebraea
1094 2220 1277 2292 lingua
1309 2220 1451 2276 idem
1473 2222 1620 2275 valet
1643 2236 1708 2277 ac
1734 2220 1879 2276 Fiat.
1896 2223 2005 2293 83

432 2313 728 2383 Postquam
773 2328 905 2369 vero
928 2313 998 2378 is,
1029 2314 1121 2383 qui
1165 2322 1381 2384 praeest,
1428 2328 1621 2384 preces
1660 2314 1915 2379 absolvit,
1952 2324 2007 2371 et

431 2406 664 2476 populus
702 2407 879 2461 omnis
919 2404 1267 2474 acclamavit,
1308 2406 1402 2476 qui
1451 2406 1593 2476 apud
1627 2421 1726 2461 nos
1754 2406 2007 2462 dicuntur

431 2496 645 2552 diaconi
673 2511 867 2566 panem
888 2504 942 2550 et
967 2495 1151 2549 vinum
1176 2504 1231 2551 et
1261 2511 1483 2565 aquam,
1510 2497 1566 2551 in
1594 2497 1794 2566 quibus
1817 2497 2005 2568 gratia:

427 2598 567 2643 acta:
592 2598 743 2653 sunt,
772 2589 1065 2657 unicuique
1090 2590 1441 2658 praesentium
1486 2591 1865 2661 participanda
1886 2593 2003 2649 dis-

430 2681 703 2746 tribuunt,
729 2689 785 2735 et
809 2680 875 2734 ad
899 2679 1149 2736 absentes
1176 2680 1484 2751 perferunt.

499 2770 589 2827 66.
614 2772 791 2842 Atque
818 2771 920 2827 hoc
949 2770 1267 2827 alimentum
1316 2774 1460 2843 apud
1488 2790 1586 2830 nos
1619 2784 1845 2831 vocatur
1903 2789 2001 2830 eu-

427 2864 717 2930 cliaristia,
749 2864 903 2934 cujus
921 2864 1125 2919 nemini
1152 2864 1241 2918 alii
1268 2865 1391 2921 licet
1421 2882 1544 2922 esse
1570 2868 1849 2939 participi,
1898 2869 1999 2923 nisi

425 2957 518 3025 qui
547 2956 733 3010 credat
760 2970 889 3010 vera
916 2971 1039 3011 esse
1084 2971 1207 3026 quae
1244 2958 1523 3025 docemus,
1580 2969 1746 3030 atque
1794 2960 1885 3014 illo
1933 2960 2000 3014 ad

426 3048 805 3103 remissionem
834 3058 1179 3117 peccatorum
1208 3058 1263 3105 et
1286 3052 1751 3120 regenerationem
1785 3052 1999 3107 lavacro

426 3141 643 3196 ablutus
680 3139 870 3205 fuerit,
901 3149 957 3194 et
986 3141 1061 3194 ita
1092 3140 1239 3195 vivat
1267 3152 1324 3196 ut
1347 3142 1595 3198 Christus
1622 3144 1861 3198 tradidit.
1890 3143 1967 3197 Ne

2159 3146 2465 3217 θαγέννησιν
2494 3143 2736 3215 λουτρὸν,
2760 3141 2854 3195 καὶ
2875 3140 3044 3204 οὕτως
3067 3140 3265 3212 βιοῦντι
3289 3141 3366 3204 ὠς
3394 3141 3425 3192 ὁ
3448 3141 3681 3212 Χριστὸς

424 3247 533 3302 que
565 3233 711 3287 enim
736 3239 794 3286 ut
821 3246 1166 3287 communem
1210 3248 1425 3304 panem,
1454 3249 1631 3303 neque
1658 3246 1713 3288 ut
1758 3250 1996 3289 commu-

424 3338 548 3378 nem
574 3332 761 3394 potum
796 3324 896 3379 ista
930 3325 1227 3392 sumimus;
1255 3327 1349 3382 sed
1404 3324 1857 3395 quemadmodum
1899 3342 1993 3395 per

429 3413 661 3468 Verbum
689 3416 783 3471 Dei
809 3429 940 3469 caro
961 3415 1138 3472 factus
1161 3416 1318 3473 Jesus
1341 3417 1593 3472 Christus
1623 3416 1873 3471 Salvator
1898 3432 1992 3470 no-

421 3517 538 3565 ster
567 3517 623 3563 et
645 3523 868 3563 carnem
907 3520 964 3565 et
996 3510 1316 3579 sanguinem
1349 3510 1539 3565 habuit
1569 3519 1769 3564 nostra:
1801 3509 1991 3566 Salutis

418 3620 623 3671 causa;
657 3605 737 3659 sic
760 3605 928 3660 etiam
958 3602 1128 3668 illam,
1171 3605 1223 3657 in
1251 3618 1361 3673 qua
1399 3616 1493 3673 per
1550 3616 1769 3670 precem
1822 3602 1991 3671 ipsius

415 3699 584 3753 verba
622 3700 991 3754 continentem
1044 3698 1232 3769 gratia:
1283 3705 1419 3750 acta:
1462 3702 1612 3759 sunt,
1645 3692 1980 3758 alimoniam,

489 3854 601 3925 (82)
640 3854 950 3924 Φιλήματι.
987 3852 1245 3925 Quamvis
1297 3849 1355 3925 S_.
1386 3847 1635 3902 Justinus
1666 3846 1808 3925 hanc
1841 3846 1985 3925 _Ap_o-

412 3917 612 3992 loqiam
666 3917 849 3978 Romae
928 3917 1245 3992 scripserit,
1298 3921 1437 3992 ritus
1495 3927 1673 3971 tamen
1729 3917 1984 3992 Ecclesiae

417 3986 707 4049 Orientalis
748 3996 799 4047 in
842 3986 1129 4048 scribendo
1175 3990 1545 4059 sequituryet
1590 3988 1762 4059 sancti
1811 3986 1983 4040 osculi

418 4073 685 4135 tempus,
716 4080 820 4117 non
852 4070 911 4115 ut
945 4063 1001 4135 in
1037 4061 1226 4114 Latina
1256 4057 1529 4135 :Ecciesia
1573 4057 1817 4126 proxime
1857 4067 1981 4135 ante

415 4126 875 4195 com'tnuuionem,
911 4134 1026 4196 sed,
1063 4142 1118 4182 ut
1153 4131 1310 4185 estin
1349 4128 1635 4182 Constitut.
1686 4134 1855 4195 apart.
1886 4126 1979 4196 lib.

414 4218 513 4257 vm
556 4215 610 4256 et
639 4206 776 4273 apud
820 4194 1018 4273 Cyrill.
1072 4199 1190 4253 Cat.
1236 4210 1391 4273 inyst.
1419 4194 1846 4273 _5,nconstitui_t.
1893 4194 1981 4273 _Ob

414 4266 928 4327 eamdem-causam
980 4273 1245 4333 diaconis,
1288 4266 1376 4337 qui
1419 4268 1469 4320 in
1511 4267 1750 4320 Ecclesia
1786 4266 1979 4337 Latina

412 4343 635 4397 calicem
685 4354 895 4396 tantum
952 4336 1383 4404 distribuehant,
1441 4340 1727 4405 utriusque
1778 4336 1979 4405 speciei

414 4414 798 4467 distribuendae
834 4428 1030 4465 munus
1070 4410 1377 4465 committit.

2104 3238 2441 3310 παρέδωκεν.
2492 3236 2567 3290 Οὐ
2615 3236 2723 3307 γὰρ
2766 3234 2842 3298 ὡς
2887 3233 3067 3287 κοινὸν
3117 3232 3279 3305 ἄρτον
3321 3232 3444 3286 οὐδὲ
3501 3232 3681 3287 κοινὸν

2100 3333 2249 3400 πόμα
2278 3328 2448 3382 ταῦτα
2478 3327 2855 3399 λαμϐάνομεν·
2902 3324 3017 3380 ἀλλ’
3052 3325 3111 3381 ὃν
3150 3326 3351 3397 τρόπον
3387 3325 3479 3379 διά
3518 3326 3677 3395 λόγου

2098 3420 2239 3475 Θεοῦ
2277 3421 2387 3492 (85)
2425 3419 2845 3492 σαρκοποιηθεὶς
2888 3417 3093 3489 Ἰησοῦς
3133 3418 3369 3491 Χριστὸς
3414 3420 3442 3473 ό
3486 3420 3677 3492 Σωτὴρ

2098 3511 2286 3582 ἡμῶν,
2337 3511 2429 3562 καλ⁸
2482 3509 2661 3581 σάρκα
2706 3508 2799 3562 καὶ
2850 3501 2987 3579 αἷμα
3031 3507 3169 3578 ὑπὲρ
3203 3506 3480 3578 σωτηρίας
3519 3508 3675 3578 ἡμῶν

2096 3602 2281 3672 ἔσχεν,
2314 3601 2485 3664 οὕτως
2532 3601 2625 3653 καὶ
2650 3600 2747 3670 τὴν
2786 3599 2851 3651 δι’
2892 3599 3054 3669 εὐχῆς
3096 3597 3253 3665 λόγου
3284 3597 3381 3650 τοῦ
3418 3599 3547 3669 παρ’
3576 3600 3675 3651 αὐ-

2090 3692 2185 3745 τοῦ
2227 3693 2338 3763 (86)
2389 3691 2869 3763 εὐχαριστηθεῖσαν
2908 3689 3147 3761 τροφὴν,
3190 3688 3248 3754 ἐξ
3291 3684 3359 3759 ἦς
3407 3684 3545 3760 αἷμα
3583 3689 3674 3742 καὶ

2088 3845 2183 3900 ΙίΙι.
2222 3861 2319 3899 vui
2353 3854 2540 3899 contra
2567 3844 2730 3906 σείς..
2753 3842 2962 3913 p.899:
2988 3842 3126 3907 Τοὺς
3165 3841 3281 3912 μετ’
3316 3841 3672 3913 εὐχαριστίας

2088 3860 2183 3900 liti.
2222 3861 2319 3899 vui
2353 3860 2540 3899 contra
2567 3860 2730 3906 ωιτη
2753 3860 2962 3912 p.0w:
2990 3860 3126 3907 ιους
3165 3860 3266 3912 μετ
3316 3860 3379 3894 ευ
3422 3860 3672 3913 αριστιας

2086 3916 2181 3969 καὶ
2212 3916 2388 3997 εὐχῆς,
2413 3915 2515 3984 τῆς
2548 3914 2641 3968 ἐπὶ
2665 3915 2783 3995 τοῖς
2830 3911 3035 3997 δοθεῖσι
3078 3860 3556 3997 προσαγομένους.
3577 3915 3672 3997 ἆρ-

2084 4003 2208 4049 τους
2273 3982 2556 4054 ἐσθίομεν,
2624 3983 2783 4054 σῶμα
2840 3982 3163 4054 γενομένους
3222 3982 3312 4054 διὰ
3358 3982 3670 4054 τὴνεύχῆν

2084 4056 2239 4123 ἆγιόν
2271 4074 2354 4120 τι,
2402 4051 2496 4107 διαὶ
2542 4051 2765 4124 ἁγιάζον
2806 4055 2931 4118 τοὺς
2975 4051 3098 4123 μετ’
3132 4051 3317 4120 ὑγιοῦς
3354 4051 3669 4124 προθέσεως

2083 4125 2231 4194 αὐτῷ
2263 4124 2598 4197 χρωμένους.
2629 4140 2662 4197 Δι
2718 4123 2893 4197 Panes
2922 4138 3047 4197 cum
3084 4124 3391 4197 gratiarum
3449 4124 3666 4197 actione

2084 4206 2137 4247 et
2168 4192 2482 4264 precatione
2504 4195 2574 4248 ob
2610 4194 2733 4247 data
2764 4194 2879 4247 hac
2903 4194 3041 4247 dona
3066 4192 3279 4264 oblatos
3301 4193 3663 4256 comedimus,

2087 4259 2286 4334 corpus
2334 4265 2606 4334 quoddam
2650 4264 2725 4334 ob_
2763 4276 2977 4327 precem
3029 4259 3253 4315 eiTectos
3298 4276 3580 4327 sanctum,
3613 4274 3665 4316 et

2089 4332 2437 4390 sauciilieaiis
2493 4347 2587 4387 eos
2636 4332 2825 4401 quieo
2869 4341 3093 4385 utuntur
3125 4346 3249 4385 cum
3289 4346 3429 4386 sano
3460 4346 3660 4403 prepo-

2088 4403 2214 4457 situ.
2252 4423 2270 4455 ι

483 4482 596 4552 (85)
630 4484 1144 4551 Ενύχαριστίαγ.....
1182 4481 1305 4552 ἐπὶ-
1346 4476 1503 4552 παζὺ
1549 4474 1826 4552 ποιεῖται.
1868 4474 1981 4552 __Sic
2012 4490 2057 4545 υ
2092 4541 2107 4552 _
2156 4474 2272 4552 (8b)
2298 4475 2406 4552 "_Or
2437 4469 2783 4552 grados-tite
2827 4468 3241 4552 λόγοιξηθεοῦ.
3270 4468 3347 4525 De
3398 4480 3513 4552 t'ota
3540 4471 3661 4552 "hac

408 4540 547 4621 apud
578 4540 851 4605 'Ireuieii'm
891 4554 982 4605 lib.
1014 4568 1051 4613 ι,
1088 4566 1209 4620 cap.
1243 4550 1329 4616 15,
1357 4565 1411 4600 ιι.
1442 4548 1498 4621 2,
1528 4549 1596 4600 de
1641 4545 1824 4598 Marco
1856 4545 1975 4621 _Va-
2012 4540 2048 4545 ⁷
2081 4541 2574 4621 ξυειὶιιιάρςιῐίιιιι,
2602 4542 2721 4595 vide
2745 4541 2967 4621 _Pra:fat.
2992 4540 3364 4621 lllud_a_ute'i‘n,
3398 4540 3508 4621 Per
3540 4540 3660 4595 Vn-

406 4614 699 4693 Jéutiuiano
726 4640 739 4674 :
786 4624 1027 4693 ΙΙοτήρια
1055 4614 1183 4693 οἴνῲ
1214 4614 1550 4693 κεκραμένα.
1574 4614 1974 4693 προσποιοιξμε-

411 4708 497 4762 νος
528 4692 887 4762 εὐχαριστεῖν,
916 4684 1030 4762 ἱαῖ
1071 4684 1361 4762 ὲπῖ-πλέόν
1393 4684 1785 4762 ’ἐκτείνωνῄτὸν
1815 4684 1974 4752 λόγον

408 4760 507 4829 τῆς
557 4756 905 4832 ἐπιπλήσεως.
946 4778 967 4812 ι
1019 4760 1394 4832 Ρυοιιιίιλνὶιιο
1447 4757 1604 4832 mista
1654 4756 1974 4832 iiugeusse

410 4825 755 4893 ciiiiSccrare,
798 4841 958 4897 atque
1019 4829 1377 4883 invocationis
1431 4825 1973 4897 vei'ba_in_longius

408 4892 765 4967 protendens.
798 4918 817 4951 ι
850 4892 906 4952 lii
953 4902 1194 4952 eamdem
1241 4892 1663 4967 sententiath.
1700 4893 1973 4967 Firiuilia-

408 4964 531 5028 itus,
569 4984 653 5036 cp.
691 4968 776 5033 75,
805 4971 943 5022 inter
975 4967 1352 5036 Cyprianieas,
1374 4967 1440 5019 de
1479 4964 1707 5016 muliere
1737 4966 1969 5030 quadam

406 5039 667 5107 loquitur,
699 5055 815 5105 qua:
840 5056 858 5088 ι
904 5039 1067 5092 etiam
1106 5038 1207 5091 hoc
1241 5036 1555 5107 frequenter
1593 5048 1722 5107 ausa
1770 5043 1873 5093 est,
1914 5041 1971 5083 ut

407 5104 869 5162 ct'invocatione
914 5122 1019 5160 non
1060 5106 1476 5173 contemptibili,
1512 5104 1971 5173 sauctilicarese

404 5192 601 5245 panem
633 5188 689 5231 et
727 5178 1110 5230 eucharistiam
1153 5171 1332 5229 facere
1365 5172 1643 5245 simularet
1677 5185 1731 5225 et
1753 5171 1969 5245 sacriti-

401 5241 546 5300 cium
606 5248 832 5301 Domino
856 5247 1005 5315 (non)
1038 5248 1155 5299 sine
1180 5253 1522 5315 sacramento
1545 5242 1718 5297 solitae
1768 5241 1967 5315 praedi-

402 5318 633 5370 cationis
689 5312 927 5370 offerret.
961 5312 1285 5368 i'lnvocatio
1332 5314 1418 5365 illa
1472 5329 1575 5365 non
1639 5312 1968 5376 contempti-

404 5387 529 5439 bilis
561 5389 701 5441 iilem
752 5380 965 5439 videtur
1005 5400 1125 5439 esse
1170 5402 1231 5438 ac
1276 5384 1501 5452 prolixae
1544 5395 1731 5451 preces
1766 5382 1965 5434 eucha-

402 5458 589 5510 ristiaa.

474 5528 586 5595 (84)
640 5525 815 5594 Ὑπὲρ
853 5525 957 5579 τοῦ
994 5522 1389 5591 κατηξιᾶκῖθαι
1435 5522 1677 5573 τούτων.
1710 5519 1838 5595 Eam
1885 5521 1968 5595 in-

401 5593 541 5650 dicat
568 5593 636 5652 'S.
676 5593 880 5666 Marlyr
900 5598 1195 5665 gratiarum
1229 5596 1521 5666 actionem,
1546 5606 1691 5666 “qua:
1728 5594 1835 5643 er
1866 5593 1965 5641 dii-

405 5667 525 5731 plici
562 5660 1020 5729 nuntium-idmst
1042 5667 1111 5719 ob
1148 5676 1390 5716 creatum
1437 5664 1505 5712 ab
1544 5660 1637 5711 illo
1685 5676 1875 5726 panem
1909 5666 1965 5712 et

404 5740 624 5802 viuum,
680 5748 732 5790 et
781 5739 851 5791 ob
897 5741 1084 5790 eadem
1131 5736 1275 5788 dona
1326 5734 1379 5783 in
1428 5731 1631 5783 Christi
1682 5746 1874 5802 corpus
1910 5737 1959 5781 et

402 5800 716 5876 Sanguinem
746 5821 1008 5861 conversa
1030 5805 1374 5861 oﬂ'erebatur.
1406 5802 1669 5854 Similiter
1698 5800 1960 5868 Origenes

2082 4614 2205 4665 bum
2249 4612 2349 4665 Dei
2386 4614 2690 4664 incarnatus
2729 4610 2906 4674 Jesus,
2926 4621 2978 4664 et
3037 4627 3094 4663 n.
3118 4608 3186 4662 46
3216 4627 3229 4661 :
3262 4607 3373 4662 Per
3411 4613 3655 4665 virtutem

2085 4681 2245 4735 Verbi
2272 4683 2424 4734 homo
2461 4683 2655 4749 factus,
2692 4680 2954 4735 illustrari
3005 4691 3179 4747 pote5t
3204 4679 3551 4748 eteXplicari
3595 4697 3656 4735 ex

2077 4767 2230 4805 num.
2256 4752 2345 4817 55,
2370 4752 2458 4822 ubi
2486 4749 2721 4822 Spiritus
2745 4766 2837 4804 seu
2857 4750 3093 4822 Verbum
3121 4750 3328 4802 dicitur
3373 4752 3428 4803 in
3482 4752 3654 4822 Virgi-

2075 4838 2197 4875 nem
2233 4820 2599 4891 descendisse,
2630 4821 2789 4890 eique
2819 4820 3176 4874 ohumbrasse
3198 4831 3253 4872 et
3280 4820 3654 4891 praegnantem

2075 4893 2272 4946 virtute
2296 4906 2389 4945 sua
2414 4890 2679 4944 eﬂ'ccisse.

2144 4961 2256 5029 (86)
2315 4960 2393 5011 Δι’
2422 4959 2611 5027 εὐχῆς
2646 4958 2971 5031 λόγουτοῦ
3011 4958 3147 5024 παρ’
3184 4960 3396 5014 αὐτοῦ.
3420 4962 3542 5017 Vox
3566 4961 3651 5015 illa

2071 5031 2226 5099 λόγος
2259 5046 2362 5082 nun
2426 5032 2656 5083 Verbum
2703 5030 2804 5084 hoc
2846 5030 2961 5101 loco
3007 5031 3300 5096 signiﬁcat.
3350 5035 3449 5085 sed
3476 5034 3654 5101 ipsius

2071 5102 2271 5156 Christi
2306 5102 2488 5163 verba,
2517 5110 2574 5153 ut
2597 5109 2745 5168 patet
2765 5116 2827 5153 ex
2859 5100 2943 5152 his
2966 5114 3083 5166 qua:
3113 5111 3443 5166 sequuntur.
3469 5100 3651 5156 Refert

2070 5173 2218 5225 enim
2250 5168 2496 5224 Justinus
2525 5168 2726 5223 Christi
2755 5170 2916 5222 verba
2948 5179 3005 5221 ut
3033 5168 3296 5235 explicet,
3340 5186 3445 5224 cur
3490 5173 3646 5226 Chri-

2070 5242 2234 5312 stiani
2288 5240 2603 5312 alimoniam
2665 5239 2836 5312 illam,
2890 5240 2941 5291 in
2984 5253 3087 5306 qua
3136 5240 3330 5305 gratiae
3368 5240 3438 5293 δι’
3485 5242 3648 5312 εὐχῆς

2069 5310 2227 5377 λόγου
2254 5309 2359 5383 τοῦ
2390 5309 2516 5379 παρ’
2546 5308 2721 5383 αὐτοῦ
2760 5319 2905 5383 acta;
2942 5318 3321 5383 sunt,Acerpus
3347 5323 3403 5364 at
3433 5308 3647 5383 sangui-

2069 5396 2197 5433 nem
2236 5378 2437 5433 Christi
2463 5394 2582 5433 esse
2599 5381 2843 5441 credunt.
2873 5380 3346 5444 Quemadmodum
3375 5378 3645 5435 antea'ili—

2068 5453 2223 5503 cebat
2270 5468 2326 5502 ιι.
2370 5450 2438 5501 15
2472 5464 2485 5500 :
2519 5450 2676 5519 Λόγῳ
2705 5450 2868 5519 εὐχῆς
2912 5450 3005 5501 καὶ
3050 5448 3433 5517 εὐχαριστίας,
3484 5456 3643 5504 verbis

2065 5535 2269 5583 precem
2319 5529 2367 5571 et
2415 5522 2718 5586 gratiarum
2775 5521 3031 5571 actionem
3084 5522 3523 5587 continentibus;
3582 5528 3640 5573 lln

2069 5593 2174 5641 hoc
2206 5590 2322 5641 loco
2349 5590 2562 5641 videtur
2583 5590 2835 5643 eamdem
2882 5589 3140 5640 adhibere
3171 5593 3470 5644 verborum
3517 5611 3640 5645 t’ttii-

2066 5660 2421 5735 structiouem
2448 5696 2465 5722 ,
2523 5673 2645 5712 cum
2701 5663 2813 5724 ait,
2851 5659 2918 5712 δι’
2953 5657 3119 5727 εὐχῆς
3152 5656 3318 5727 λόγου
3382 5662 3477 5715 τοῦ
3522 5659 3637 5730 παρ’

2064 5745 2248 5781 αυτου.
2291 5760 2313 5791 ,
3304 5758 3315 5767 -
