3770 6492
80 351 184 406 4‘39

1187 352 1531 410 APOLOGIA
1558 352 1577 407 Ι
1605 351 1743 410 PRO
1772 351 2229 410 CHRISTIANIS.

3245 358 3350 413 ιδο

80 474 284 545 σάρκες
336 472 479 527 κατὰ
532 474 837 547 μεταϐολὴν
883 474 1173 545 τρέφονται
1208 472 1402 544 ἡμῶν,
1456 474 1661 527 ἐκείνου

1866 491 1972 544 qua
2001 475 2222 545 sanguis
2251 483 2305 529 et
2371 489 2569 531 carnes
2619 487 2819 533 nostrae
2868 492 2967 546 per
2996 474 3353 532 mutationem

77 565 174 618 τοῦ
222 566 715 637 σαρκοποιηθέντος
772 565 946 637 Ἰησοῦ
999 566 1090 619 καὶ
1144 564 1321 636 σάρκα
1382 566 1476 618 καὶ
1530 559 1667 636 αἷμα

80 658 440 729 ἐδιδάχθημεν
468 655 629 713 εἶναι.
667 660 729 712 Οἱ
761 658 871 731 γὰρ
894 656 1178 711 ἀπόστολοι
1212 657 1268 709 ὲν
1298 658 1410 720 τοῖς
1444 658 1669 727 γενομέ-

79 767 192 814 νοις
234 752 326 804 ὑπ’
357 751 537 805 αὐτῶν
571 751 1131 823 ἀπομνημονεύμασιν
1167 748 1312 820 (87),
1346 749 1382 803 ἃ
1423 748 1668 802 καλεῖται

80 844 423 913 Εὐαγγέλια,
458 844 631 907 οὕτως
662 842 985 916 παρέδωκαν
1015 843 1330 897 ἐντετάλθαι
1372 844 1554 907 αὐτοῖς
1578 843 1669 896 τὸν

93 935 335 1006 Ἰησοῦν·
401 935 632 989 λαϐόντα
679 934 882 1007 ἄρτον,
944 936 1413 1007 εὐχαριστήσαντα
1461 936 1666 988 εἰπεῖν·

86 1028 270 1081 Τοῦτο
297 1030 517 1082 ποιεῖτε
545 1031 633 1094 εἰς
661 1026 775 1096 τὴν
809 1027 1158 1097 ἀνάμνησίν
1200 1045 1318 1097 μου
1336 1044 1348 1056 ·
1391 1026 1669 1081 Τουτέστι

79 1120 144 1173 τὸ
176 1119 354 1189 σῶμά
374 1137 526 1190 μουο
564 1122 659 1173 καὶ
690 1120 750 1173 τὸ
784 1123 1041 1192 ποτήριον
1074 1120 1276 1191 ὁμοίως
1312 1118 1545 1173 λαϐόντα
1576 1120 1670 1172 καὶ

78 1218 554 1288 εὐχαριστήσαντα
587 1218 759 1269 εἰπεῖν
780 1234 793 1246 ·
837 1215 1018 1269 Τοῦτό
1057 1216 1190 1269 ἐστι
1219 1209 1361 1283 αἷμά
1387 1229 1538 1284 μου·
1576 1213 1672 1265 καὶ

82 1310 268 1379 μόνοις
318 1310 501 1375 αὐτοῖς
551 1309 893 1381 μεταδοῦναι.
951 1309 1128 1380 Ὅπερ
1181 1308 1274 1361 καὶ
1305 1310 1363 1361 ὲν
1407 1310 1520 1372 τοῖς
1575 1306 1670 1360 τοῦ

78 1398 268 1471 Μίθρα
307 1400 628 1473 μυστηρίοις
662 1401 986 1473 παρέδωκαν
1020 1399 1264 1469 γίνεσθαι
1302 1399 1672 1471 μιμησάμενοι

75 1491 123 1542 οἱ
164 1494 401 1564 πονηροὶ
446 1493 718 1565 δαίμονες.
762 1494 884 1546 Ὅτι
922 1492 1031 1565 γὰρ
1083 1492 1246 1565 ἄρτος
1279 1494 1373 1546 καὶ
1416 1494 1673 1565 ποτήριον

76 1580 276 1646 ὕδατος
307 1582 514 1637 τίθεται
545 1585 601 1636 ὲν
634 1587 753 1647 ταῖς
790 1582 884 1636 τοῦ
935 1583 1241 1655 μυουμένου
1279 1583 1521 1646 τελεταῖς
1556 1583 1673 1654 μετ’

74 1673 351 1742 ἑπιλόγων
380 1675 619 1747 τινῶν,ἥ
656 1674 986 1740 ἐπίστασθε,
1022 1677 1055 1747 ἢ
1094 1676 1283 1748 μαθεῖν
1317 1675 1566 1729 δύνασθε.

142 1766 236 1821 67.
281 1767 471 1839 Ἡμεῖς
499 1767 555 1820 δὲ
583 1767 721 1839 μετά
751 1766 926 1821 ταῦτα
948 1766 1131 1821 λοιπὸν
1158 1767 1245 1820 ἀεὶ
1271 1766 1475 1822 τούτων
1508 1766 1672 1839 ἀλλή-

1772 564 2015 631 aluntur,
2042 566 2314 621 incarnati
2358 564 2505 621 illius
2533 564 2661 622 Iesu
2689 578 2747 621 et
2769 582 2990 622 carnem
3022 578 3076 622 et
3126 572 3354 638 sangui-

1774 672 1895 710 nent
1925 671 2046 712 csse
2069 660 2243 712 edocti
2280 675 2489 713 sumus.
2528 659 2663 713 Nam
2692 661 2921 728 apostoli
2950 661 2999 715 in
3024 677 3357 718 commenta-

1771 749 1870 803 riis
1900 750 2036 810 suis.
2062 764 2183 819 quae
2210 763 2476 806 vocantur
2498 751 2814 824 Evangelia,
2845 754 2918 807 ita
2938 753 3040 809 sibi
3070 756 3358 810 mandasse

1771 838 1958 894 Jesnm
1980 842 2327 896 tradiderunt
2356 860 2369 896 :
2402 858 2527 897 eum
2556 844 2762 901 scilicet
2784 856 3011 914 accepto
3039 862 3199 917 pane,
3229 863 3357 903 cum

1772 933 1977 1000 gratias
2007 934 2231 1002 egisset,
2264 934 2474 990 dixisse
2505 951 2519 988 :
2556 934 2673 990 Hoc
2715 936 2877 1005 facile
2915 938 2970 991 in
3010 955 3180 991 meam
3217 956 3360 993 com-

1774 1027 2207 1080 memorationem
2229 1026 2297 1081 ".
2320 1025 2437 1082 Hoc
2464 1038 2538 1082 est
2559 1046 2746 1097 corpus
2772 1046 2941 1083 meum
2960 1045 2981 1094 ;
2999 1039 3053 1083 et
3069 1032 3260 1099 poculo
3283 1033 3360 1086 si-

1776 1115 1980 1170 militer
2010 1130 2262 1186 accepto,
2319 1123 2569 1189 actisque
2609 1121 2806 1189 gratiis
2837 1121 3041 1176 dixisse
3075 1140 3089 1177 :
3136 1120 3239 1174 Hic
3279 1132 3358 1175 est

1772 1209 1988 1276 sanguis
2020 1225 2166 1263 meus
2189 1210 2258 1274 ⁸⁸,
2291 1211 2534 1282 ipsisque
2563 1212 2694 1267 solis
2728 1213 3042 1269 tradidisse.
3090 1214 3269 1284 Atque
3302 1216 3357 1269 id

1773 1302 1992 1372 quidem
2022 1313 2077 1358 et
2110 1303 2163 1358 in
2204 1304 2414 1360 Mithrae
2445 1305 2720 1375 mysteriis
2753 1316 2812 1361 ut
2839 1306 3018 1373 fieret,
3054 1309 3203 1377 pravi
3247 1310 3357 1362 da:-

1777 1410 1969 1450 mones
2001 1395 2199 1450 inuitati
2234 1396 2558 1451 docuerunt.
2588 1398 2723 1452 Nam
2782 1415 2976 1467 panem
3008 1410 3062 1454 et
3104 1402 3357 1468 poculum

1776 1502 1932 1557 aquae
1965 1487 2015 1541 in
2040 1488 2178 1555 ejus,
2210 1489 2303 1557 qui
2352 1488 2621 1554 initiatur,
2681 1491 2977 1561 mysteriis,
3032 1492 3359 1560 quihusdam

1781 1581 1961 1633 verbis
1980 1581 2183 1635 additis
2203 1581 2425 1651 apponi,
2451 1591 2541 1634 aut
2574 1582 3086 1645 scitis,autdiscere
3113 1586 3358 1653 potestis.

1848 1670 1938 1726 67.
1970 1670 2049 1725 Ex
2076 1671 2165 1725 illo
2198 1681 2442 1740 tempore
2470 1671 2585 1727 haec
2611 1686 2830 1741 semper
2856 1672 3010 1726 nobis
3044 1672 3274 1728 invicem
3304 1675 3360 1727 in

1778 1764 2100 1818 memoriam
2130 1778 2491 1828 revocamus;
2527 1774 2581 1819 et
2604 1765 2695 1834 qui
2731 1764 3013 1831 habemus,
3070 1766 3363 1834 indigenti-

72 1860 198 1923 λους
233 1832 731 1932 ἀναμιμνήσκομεν
751 1877 764 1891 ·
815 1861 910 1914 καὶ
949 1862 999 1913 οἱ
1029 1859 1244 1930 ἔχοντες
1274 1861 1387 1923 τοῖς
1415 1832 1661 1929 λειπομέ-

1859 1855 2163 1911 somnibus
2218 1856 2593 1921 subvenimus,
2636 1867 2693 1911 et
2745 1871 2963 1926 semper
3020 1873 3121 1909 una
3147 1872 3358 1912 sumus.

70 1968 184 2014 νοις
216 1952 392 2004 πᾶσιν
422 1949 847 2022 ὲπικουροῦμεν,
876 1952 972 2004 καὶ
1001 1950 1268 2021 σύνεσμεν
1295 1948 1541 2022 ἀλλήλοις
1566 1951 1671 2004 ἀεί.

84 2043 210 2096 Ἐπὶ
270 2044 409 2097 πᾶσι
457 2061 515 2096 τε
562 2038 643 2106 οἷς
700 2043 1164 2115 προσφερόμεθα,
1208 2042 1536 2115 εὐλογοῦμεν
1584 2044 1674 2097 τὸν

71 2136 320 2207 Ποιητὴν
360 2135 474 2188 τῶν
523 2136 742 2189 πάντων
792 2135 882 2189 διὰ
940 2135 1036 2190 τοῦ
1086 2136 1217 2189 Υἱοῦ
1270 2136 1437 2190 αὐτοῦ
1500 2135 1674 2208 Ἰησοῦ

70 2225 319 2298 Χριστοῦ
369 2230 460 2281 καὶ
501 2228 590 2281 διὰ
631 2227 951 2299 Πνεύματος
989 2228 1085 2282 τοῦ
1118 2229 1308 2299 ἁγίου·
1347 2231 1442 2283 καὶ
1479 2232 1546 2301 τῇ
1579 2230 1675 2283 τοῦ

58 2322 223 2391 ἡλίου
252 2320 525 2392 λεγομένῃ
556 2322 739 2393 ἡμέρα
770 2321 988 2375 πάντων
1016 2322 1156 2376 κατά
1191 2322 1373 2386 πόλεις
1403 2322 1435 2393 ἢ
1473 2323 1675 2395 ἀγροὺς

72 2413 355 2483 μενόντων
410 2413 501 2465 ἐπὶ
547 2414 608 2467 τὸ
650 2414 784 2467 αὐτὸ
838 2414 1151 2479 συνέλευσις
1183 2416 1423 2484 γίνεται,
1468 2414 1563 2468 καὶ
1608 2414 1677 2467 τά

72 2504 628 2576 ἀπομνημονεύματα
675 2505 787 2559 τῶν
826 2506 1175 2570 ἀποστόλων,
1216 2508 1250 2578 ἢ
1288 2505 1360 2560 τὰ
1390 2506 1675 2578 συγγράμ-

74 2613 220 2666 ματα
256 2595 371 2649 τῶν
404 2597 705 2667 προφητῶν
732 2597 1167 2666 ἀναγινώσκεται
1198 2598 1394 2670 μέχρις
1418 2599 1672 2671 ἐγχωρεῖ.

69 2683 208 2744 Εἶτα
266 2686 626 2759 παυσαμένου
656 2687 749 2741 τοῦ
779 2686 1244 2757 ἀναγινώσκοντος
1266 2728 1281 2753 ,
1328 2692 1358 2743 ὁ
1398 2689 1677 2761 προεστὼς

68 2784 154 2837 διὰ
183 2782 360 2850 λόγου
392 2781 494 2851 τὴν
527 2779 811 2837 νουθεσίαν
844 2780 942 2838 καὶ
967 2778 1268 2852 πρόκλησιν
1298 2780 1408 2853 (88)
1440 2782 1540 2853 τῆς
1569 2782 1678 2835 τῶν

69 2876 263 2929 καλῶν
308 2876 520 2930 τούτων
569 2875 854 2947 μιμήσεως
887 2875 1143 2929 ποιεῖται.
1183 2873 1416 2928 Ἔπειτα
1460 2875 1680 2930 ἀνιστά-

73 2970 219 3040 μεθα
253 2974 412 3040 κοινῇ
460 2970 695 3031 πάντες,
749 2967 844 3020 καὶ
887 2966 1055 3039 εὐχὰς
1096 2968 1422 3039 πέμπομεν’
1466 2969 1559 3021 καὶ
1604 2967 1679 3032 ὡς

72 3065 445 3135 προέφημεν,
491 3060 862 3133 παυσαμένων
911 3060 1070 3132 ἡμῶν
1128 3062 1229 3133 τῆς
1273 3062 1474 3134 εὐχῆς,
1515 3060 1680 3135 ἄρτος

72 3158 454 3229 προσφέρεται
490 3156 585 3208 καὶ
630 3148 771 3218 οἶνος
822 3154 918 3207 καὶ
960 3154 1144 3226 ὓδωρ’
1186 3155 1282 3209 καὶ
1325 3158 1355 3209 ό
1400 3156 1679 3226 προεστὼς
1707 3182 1749 3240 c

70 3250 245 3320 εὐχὰς
268 3250 478 3322 ὁμοίως
498 3249 594 3301 καὶ
616 3247 987 3318 εὐχαριστίας,
1010 3248 1109 3319 ὅση
1129 3247 1359 3319 δύναμις
1378 3248 1527 3319 αὐτῷ
1544 3248 1673 3319 (89),

72 3343 406 3413 ἀναπέμπει
419 3342 553 3413 (90),
576 3340 671 3393 καὶ
686 3342 714 3392 ὁ
735 3340 863 3402 λαὸς
880 3340 1191 3411 ἐπευφημεῖ
1204 3340 1376 3409 λέγων
1392 3340 1452 3394 τὸ
1481 3341 1674 3410 Ἀμήν·

72 3438 167 3491 καὶ
201 3440 241 3508 ἡ
266 3436 510 3498 διάδοσις
549 3434 644 3487 καὶ
672 3436 706 3505 ἡ
726 3432 1045 3505 ’μετάληψις
1082 3433 1191 3487 ἀπὸ
1217 3432 1327 3486 τῶν
1354 3434 1679 3505 εὐχαριστη-

72 3531 281 3583 Θέντων
316 3528 538 3598 ἑκάστῳ
568 3526 809 3596 γίνεται,
837 3526 933 3580 καὶ
956 3528 1069 3590 τοῖς
1100 3526 1162 3578 οὐ
1197 3525 1433 3597 παροῦσι
1460 3525 1549 3580 διὰ
1571 3526 1679 3580 τῶν

72 3624 352 3675 διακόνιον
390 3620 686 3690 πέμπεται.
723 3620 785 3672 Οἱ
812 3618 1172 3691 εὐποροῦντες
1207 3618 1262 3671 δὲ
1293 3619 1388 3686 καὶ
1424 3617 1681 3689 βουλόμε-

76 3734 155 3770 νοι
177 3757 194 3778 ,
234 3712 385 3768 κατά
430 3712 751 3785 προαίρεσιν
783 3711 1014 3775 ἕκαστος
1045 3711 1143 3783 τὴν
1176 3710 1398 3775 ἑαυτοῦ,
1433 3712 1461 3765 ὃ
1495 3711 1679 3783 βούλε-

73 3826 163 3860 ται
216 3808 444 3861 δίδωσισ
503 3805 598 3860 καὶ
653 3805 715 3858 τὸ
772 3803 1161 3875 συλλεγόμενον
1217 3804 1369 3875 παρὰ
1412 3804 1491 3875 τῷ
1548 3823 1682 3877 προ-

74 3902 277 3954 εστῶτι
304 3898 423 3970 (91)
456 3898 771 3952 ἀποτίθεται
796 3938 810 3961 ,
846 3897 940 3950 καὶ
1003 3896 1163 3960 αὐτὸς
1189 3898 1472 3970 ἐπικουρεῖ
1505 3900 1679 3969 ὀρφα-

76 3996 186 4056 νοῖς
213 4010 279 4045 τε
318 3992 420 4045 καὶ
450 3991 645 4061 χήραις
668 4030 682 4051 ,
731 3988 827 4042 καὶ¹
864 3990 977 4052 τοῖς
1008 3986 1096 4041 διὰ
1123 3987 1307 4052 νόσον,
1341 3988 1374 4060 ἢ
1420 3987 1487 4041 δι’
1515 3988 1680 4059 ἄλλην

74 4087 260 4140 αἰτίαν
306 4084 688 4155 λειπομένοις,
742 4082 835 4135 καὶ
877 4083 991 4145 τοῖς
1035 4083 1093 4134 ὲν
1135 4081 1353 4151 δεστμοῖς
1396 4077 1545 4144 οὖσι,
1581 4084 1674 4135 καὶ

72 4184 189 4245 τοῖς
218 4178 633 4253 παρεπιδήμοις
658 4172 776 4230 οὖσι
811 4175 1014 4241 ξένοις,
1046 4175 1143 4228 καὶ
1167 4174 1355 4238 ἁπλῶς
1392 4176 1525 4229 πᾶσι
1563 4180 1675 4240 τοῖς

76 4274 136 4327 ἐν
178 4273 352 4345 χρείᾳ.
380 4266 499 4324 οὖσι
533 4268 786 4340 κηδεμὼν
834 4268 1067 4335 γίνεται.
1118 4267 1231 4338 Τὴν
1282 4266 1338 4318 δὲ
1385 4265 1478 4318 τοῦ
1527 4266 1677 4337 ἡλίου

73 4368 300 4438 ἡμέραν
366 4366 519 4434 κοινῇ
579 4362 780 4425 πάντες
830 4361 929 4433 τὴν
993 4358 1303 4412 συνέλευσιν
1349 4358 1668 4429 ποιούμεθα“

182 4464 229 4494 ιτ
272 4461 412 4516 Luc.
443 4476 578 4523 χχιι,
618 4460 704 4515 19.
784 4458 830 4490 ⁸³
869 4456 1067 4537 Matth.
1097 4473 1253 4523 xxvi,
1290 4454 1384 4510 28.

148 4558 267 4627 (87)
286 4556 943 4625 Ἀπομνημονεύμασιν.
977 4551 1540 4627 Ἀπομνημονεύματα
1562 4560 1685 4627 s_unt

79 4629 230 4684 dicta
250 4623 600 4696 sapientium
631 4642 752 4695 quae
777 4626 1039 4696 memoria
1067 4623 1413 4696 repetuntur.
1451 4624 1545 4696 Sic
1575 4623 1683 4696 βυτ

80 4700 270 4753 sebitts
308 4692 408 4751 lib.
434 4711 465 4747 v
499 4692 660 4749 Hist;
696 4698 825 4748 εισι.
856 4710 979 4761 cap.
1016 4694 1070 4755 8,
1098 4692 1163 4749 de
1201 4695 1404 4747 Irenaeo
1426 4695 1501 4745 ait
1535 4692 1685 4745 :Kal.

81 4772 311 4838 άπομνη
322 4784 485 4838 μονευ
494 4766 678 4838 μάτων
696 4764 1053 4838 ἀποστολικοῦ
1075 4763 1513 4838 τινοςξπρεσϐυτέ
1523 4780 1630 4838 ρου.
1646 4802 1659 4814 .
1670 4803 1682 4815 .

84 4834 455 4910 μνημονεύει,
495 4834 1104 4910 ὐἱοίοτιιιη--αροδιοιὶεί
1151 4836 1430 4910 cujusdam
1467 4834 1685 4910 presby-

84 4904 261 4963 ὶετῖζ..
296 4908 559 4960 meminit.
592 4906 731 4960 Hinc
778 4905 1078 4973 Xenophon
1146 4904 1432 4972 scripsisse
1487 4904 1688 4957 dicitur

82 4981 256 5034 libros
277 4978 393 5029 τῶν
420 4978 744 5047 Σωκράτους
763 4975 1339 5047 ἀπομνημονευμάτων
1360 5014 1377 5037 ,
1413 4974 1689 5027 Dictorum

82 5050 338 5104 Socratis
360 5064 479 5117 qua:
510 5046 766 5117 memoria
798 5046 1075 5100 recolebat.
1099 5115 1108 5117 _
1133 5046 1355 5117 Eadem;
1376 5059 1509 5117 voce
1562 5056 1689 5097 ante

82 5114 380 5175 Iustinum
436 5132 569 5170 usns
606 5128 689 5170 est
734 5114 932 5186 Papias
972 5115 1111 5185 apud
1162 5115 1454 5181 Eusebiqu
1480 5114 1572 5170 lib.
1604 5129 1686 5177 Ill,

85 5207 100 5242 ι
143 5206 274 5258 t-ap.
295 5189 389 5243 59.
421 5186 683 5243 GBABIUS.

156 5255 279 5329 (88)
330 5258 697 5326 Πρόκλησινῖ
756 5257 1069 5323 Legendum
1127 5255 1359 5313 Grabius
1416 5256 1692 5309 existimat

84 5330 465 5418 παιξξλτισξν·

157 5397 279 5471 (89)
340 5397 498 5468 Ὅση
531 5399 786 5469 δύναμις
807 5398 986 5464 αὐτῷ.
1008 5398 1145 5471 Non
1172 5397 1356 5471 favent
1376 5397 1494 5451 bare
1528 5397 1691 5451 verba

86 5474 175 5526 bis
215 5468 314 5540 qui
357 5480 509 5523 ratas
538 5481 594 5523 et
634 5468 769 5525 nan
807 5470 1068 5524 Ecclesia:
1101 5483 1293 5539 preces
1345 5468 1690 5540 impugnant.

86 5542 287 5611 Neque
320 5542 466 5595 enim
507 5556 603 5595 eas
632 5541 883 5597 Justinus
921 5541 973 5594 in
1002 5539 1304 5594 sacerdotis
1333 5539 1561 5611 arbitrio
1591 5554 1690 5606 po-

86 5608 231 5665 sitas
267 5611 446 5665 fuisse
470 5612 626 5675 dicit,
666 5612 760 5665 sed
812 5612 1117 5664 sacerdotis
1172 5608 1388 5662 orantis
1429 5610 1687 5661 ardorem

86 5692 143 5733 et
182 5684 553 5735 intentionem
597 5682 762 5734 animi
788 5681 1063 5748 exprimit.
1102 5679 1247 5732 Nihil
1278 5678 1381 5732 sibi
1412 5677 1557 5730 aliud
1593 5692 1692 5730 v0-

89 5752 215 5804 lunt
249 5753 365 5806 haec
400 5753 588 5814 verba,
612 5753 712 5822 ὅση
748 5751 976 5821 δύναμις
1010 5750 1181 5820 αὐτῷ,
1212 5759 1470 5817 quantum
1500 5757 1694 5822 potest,

88 5838 216 5885 seu,
243 5832 302 5874 ut
323 5823 558 5881 reddidi,
591 5819 715 5874 totis
748 5819 966 5876 viribus.
1000 5823 1092 5875 Sic
1117 5819 1276 5890 paulo
1308 5829 1435 5872 ante
1460 5819 1696 5890 dicebat.

90 5892 448 5948 Christianos
496 5892 749 5957 εὐτόνως,
776 5894 826 5948 id
861 5904 944 5948 est
975 5888 1130 5948 cutn'
1157 5904 1347 5959 tuagua
1384 5888 1548 5943 animi
1609 5890 1693 5944 in-

1775 1952 1950 2021 Alque
2018 1952 2073 2004 in
2137 1951 2391 2005 omnibus
2433 1950 2802 2004 oblationibus
2868 1950 3154 2006 laudamus
3201 1968 3362 2008 crea-

1778 2053 1949 2098 torem
1978 2043 2222 2097 omnium
2246 2056 2345 2113 per
2375 2041 2575 2096 Filium
2606 2043 2723 2111 ejus
2759 2040 2945 2096 Jesum
2995 2043 3271 2098 Christum
3305 2054 3363 2099 et

1776 2152 1873 2206 per
1897 2135 2162 2206 Spiritum
2189 2143 2464 2191 sanctum.
2496 2136 2575 2190 Ac
2600 2135 2752 2199 solis,
2788 2146 2845 2189 ut
2871 2136 3088 2199 dicitur,
3105 2137 3209 2192 ‘die
3234 2153 3361 2190 om-

1777 2228 1926 2282 nium
1950 2228 2065 2282 sive
2091 2227 2255 2282 urbes
2276 2228 2391 2282 sive
2416 2243 2581 2297 agros
2616 2228 2976 2283 incolentium
3009 2230 3062 2282 in
3103 2233 3358 2285 eumdem

1777 2318 1955 2373 locum
1978 2319 2038 2373 {lt
2067 2329 2397 2387 conventus,
2431 2329 2488 2374 et
2519 2320 2911 2375 commentaria
2962 2324 3359 2390 apostolorum,

1778 2422 1871 2465 aut
1907 2412 2112 2480 scripta
2140 2415 2532 2482 prophetarum
2586 2411 2861 2483 leguntur,
2894 2415 3073 2483 quoad
3108 2413 3234 2467 licet
3263 2428 3362 2482 per

1780 2515 2014 2575 tempus.
2060 2504 2292 2572 Deinde,
2325 2506 2414 2561 ubi
2441 2505 2615 2561 lector
2638 2504 2822 2570 desiit,
2850 2508 2895 2561 is
2922 2510 3012 2577 qui
3038 2517 3233 2577 praest
3260 2508 3363 2562 ad-

1779 2596 2137 2650 monitionem
2160 2595 2344 2651 verbis
2370 2607 2426 2651 et
2447 2597 2884 2652 adhortationem
2903 2599 2968 2652 ad
2986 2614 3071 2651 res
3087 2608 3190 2652 tam
3222 2613 3363 2667 prae-

1779 2686 1958 2740 claras
1996 2686 2283 2740 imitandas
2321 2686 2570 2757 suscipit.
2600 2686 2797 2742 Postea
2828 2703 3016 2745 omnes
3045 2691 3206 2745 simul
3233 2705 3363 2745 con-

1780 2778 2077 2848 surgimus,
2107 2787 2162 2833 et
2193 2793 2388 2849 preces
2412 2780 2756 2845 emittimus;
2791 2791 2974 2849 atque,
3006 2782 3190 2853 utjam
3221 2783 3364 2837 dixi-

1780 2887 1922 2937 mus,
1954 2872 2045 2926 ubi
2075 2871 2339 2927 desiimus
2376 2873 2611 2942 precari,
2638 2875 2797 2942 panis
2826 2874 3054 2929 aﬂ'ertur
3081 2887 3137 2931 et
3169 2879 3359 2935 vinum

1780 2974 1835 3020 et
1857 2978 1995 3033 aqua
2018 2982 2034 3019 ;
2062 2973 2118 3018 et
2135 2964 2228 3034 qui
2251 2974 2470 3034 praeest,
2497 2980 2686 3034 preces
2711 2976 2766 3019 et
2788 2968 3084 3035 gratiarum
3113 2970 3363 3025 actiones

1782 3056 1912 3111 totis
1940 3055 2146 3110 viribus
2174 3055 2397 3121 emittit,
2424 3065 2480 3110 et
2502 3056 2734 3126 populus
2756 3058 3048 3123 acclamat,
3086 3061 3273 3127 Amen,
3310 3072 3370 3118 et

1781 3164 1995 3213 eorum,
2021 3148 2075 3202 in
2104 3148 2302 3216 quibus
2333 3148 2527 3219 gratia:
2571 3158 2708 3204 actae
2733 3157 2881 3214 sunt,
2933 3152 3246 3208 distributio
3307 3158 3368 3210 lit

1782 3260 1838 3298 et
1891 3241 2320 3297 communicatio
2359 3240 2652 3312 unicuique
2687 3244 3061 3308 praesentium,
3089 3256 3143 3300 et
3172 3249 3368 3301 absen—

1784 3335 1927 3390 tibus
1955 3350 2056 3408 per
2082 3336 2342 3391 diaconos
2382 3335 2636 3391 mittitur.
2688 3335 2792 3403 Qui
2846 3338 3125 3393 abundant
3171 3352 3227 3396 et
3275 3359 3369 3396 vo-

1785 3429 1924 3495 lunt,
1952 3444 2050 3485 suo
2073 3430 2326 3498 arbitrio,
2366 3429 2514 3500 quod
2568 3432 2798 3500 quisque
2845 3433 2982 3499 vult,
3039 3435 3366 3507 largiuntur,

1780 3521 1895 3593 84
1920 3533 1974 3577 et
2005 3526 2148 3592 quod
2176 3523 2453 3594 colligitur
2475 3523 2618 3593 apud
2648 3538 2797 3590 eum,
2832 3527 2924 3595 qui
2949 3540 3170 3594 praeest,
3205 3534 3371 3600 depo-

1784 3618 1954 3682 nitur,
1983 3632 2046 3672 ac
2078 3616 2193 3688 ipse
2221 3618 2473 3673 subvenit
2513 3617 2734 3689 pupillis
2762 3630 2817 3674 et
2855 3618 3053 3685 viduis,
3101 3632 3157 3674 et
3182 3622 3249 3675 iis
3274 3625 3369 3691 qui

1784 3709 1869 3764 vel
1895 3711 1964 3766 ob
1993 3713 2262 3777 morbum,
2298 3713 2380 3768 vel
2423 3713 2590 3765 aliam
2637 3712 2708 3768 ob
2746 3729 2967 3770 causam
3020 3726 3204 3786 egent,
3254 3727 3369 3771 tum

1784 3804 1955 3858 etiam
1987 3805 2053 3859 iis
2077 3806 2168 3875 qui
2211 3805 2264 3859 in
2298 3805 2528 3860 vinculis
2567 3814 2697 3861 sunt
2737 3817 2793 3863 et
2819 3808 3240 3866 advenientibus
3277 3825 3372 3882 pe-

1787 3911 1944 3968 regre
1987 3900 2329 3969 hospitibus;
2381 3916 2492 3956 uno
2522 3902 2689 3957 verbo
2723 3904 2966 3959 omnium
3009 3904 3370 3974 indigentium

1784 4006 1973 4045 curam
2001 3993 2249 4062 suscipit.
2277 3992 2372 4048 Die
2399 4003 2581 4048 autem
2620 3995 2752 4050 solis
2789 4010 2981 4050 onmes
3018 3997 3179 4052 simul
3240 4014 3371 4052 cou—

1783 4083 2055 4148 venimus,
2089 4091 2199 4137 tum
2227 4085 2352 4153 quia
2380 4085 2552 4153 prima
2593 4086 2707 4141 haec
2756 4090 2872 4143 dies
2909 4097 3013 4152 est,
3044 4103 3150 4155 qua
3204 4089 3368 4153 Deus,

1782 4191 1906 4231 cum
1942 4172 2196 4234 tenebras
2214 4190 2269 4235 et
2295 4182 2579 4236 materiam
2606 4183 2882 4247 vertisset,
2915 4183 3174 4237 mundum
3207 4199 3369 4237 crea-

1785 4267 1886 4333 vit,
1920 4277 2037 4322 tum
2068 4270 2192 4339 quia
2220 4270 2382 4326 Jesus
2407 4273 2656 4328 Christus
2686 4273 2935 4327 Salvator
2967 4284 3153 4328 noster
3176 4275 3371 4330 eadem

1782 4360 1870 4415 die
1897 4376 1963 4416 ex
1994 4363 2223 4418 mortuis
2254 4367 2578 4421 resurrexit.
2611 4365 2792 4421 Pridie
2816 4365 2959 4420 enim
2986 4364 3212 4420 Saturni
3241 4381 3369 4423 eum

1790 4551 2248 4627 tentionepreces
2271 4550 2525 4627 fundere.
2552 4552 2618 4627 Et
2638 4568 2800 4627 supra
2825 4569 2881 4609 η.
2915 4554 3015 4627 15ι
3038 4556 3175 4627 ’Όση
3207 4556 3374 4611 δύνα-

1791 4637 1884 4696 μις
1924 4619 2221 4696 αξνοῦντες.
2267 4620 2515 4696 Ninivita:
2558 4619 2862 4696 ἀνεϐόησαν
2906 4626 3041 4696 πρὸς
3095 4619 3187 4679 τὸν
3242 4628 3376 4682 Θεὸν

1789 4690 2044 4764 ἐκτενῷς,
2072 4693 2223 4764 Jonas
2247 4708 2335 4764 tu.
2360 4708 2409 4744 ν.
2434 4693 2488 4747 8.
2515 4696 2607 4747 Sic
2637 4690 2800 4747 etiam
2830 4690 3095 4764 Origenes
3127 4713 3200 4754 vt.
3228 4701 3377 4753 Cels.

1788 4776 1913 4827 pag.
1938 4762 2042 4815 586
2076 4784 2087 4815 :
2110 4761 2270 4814 Ἀλλὰ
2290 4762 2382 4815 τὸν
2404 4765 2499 4817 ἕνα
2516 4765 2667 4829 Θεὸν,
2699 4766 2794 4818 καὶ
2824 4767 2916 4819 τὸν
2934 4761 3039 4821 ’ἕνα
3057 4768 3184 4821 Υἱὸν
3207 4768 3377 4823 αὐτοῦ

1790 4833 1885 4911 καὶ
1906 4833 2076 4911 Λόγον
2099 4832 2208 4911 καὶ.
2230 4835 2582 4911 εἰκόναηταῖς
2610 4836 2750 4911 κατά
2764 4837 2824 4889 τὸ
2851 4837 3073 4911 δυνατὸν
3099 4842 3232 4911 ἡμῖν
3264 4842 3376 4893 ἱκε-

1792 4902 2062 4980 σίαις-καί
2087 4902 2356 4980 ἀξιώσεῄσιν
2392 4906 2671 4980 σέϐομεν.
2706 4906 2895 4980 Unum
2936 4902 3155 4975 Deum,"
3180 4912 3379 4980 inquit,

1790 4981 1842 5025 et
1869 4975 2082 5026 unicum
2104 4978 2220 5042 ejus
2250 4974 2446 5049 Filium
2462 4974 2533 5030 el‘
2555 4976 2776 5030 Verbum
2806 4988 2855 5030 et
2881 4974 3185 5046 imaginem,
3208 4974 3379 5049 quau-

1793 5055 1911 5116 tum
1934 5046 2734 5116 possumus,supplicationibus
2757 5059 2803 5100 et
2836 5052 3099 5116 precibus,
3132 5046 3378 5105 colimus.

1865 5113 1979 5184 (90)
2031 5113 2414 5184 Ἀναπέμπει.
2444 5117 2556 5171 lloe
2590 5119 2776 5182 verbo,
2819 5113 2928 5186 quo
2970 5119 3218 5173 Justinus
3277 5123 3381 5173 hoc

1794 5183 1916 5259 loco
1953 5194 2192 5259 et‘antea
2216 5183 2270 5240 et
2293 5202 2435 5256 saepe
2456 5188 2591 5241 alias
2616 5190 2807 5253 utitur,
2837 5183 3152 5242 Humorem
3186 5205 3378 5259 quem-

1794 5256 1940 5317 dam,
1975 5254 2303 5327 sive__vocetn
2339 5254 2533 5327 magno
2561 5269 2756 5312 conatu
2784 5260 3038 5312 emissam
3072 5254 3381 5325 signitiCari

1794 5327 2050 5448 tébsetgzat
2083 5323 2336 5381 Valesius
2365 5323 2579 5397 ad'cap.
2617 5330 2706 5382 15.
2744 5329 2836 5382 lib.
2885 5344 2954 5381 tv.
2994 5323 3147 5384 Hist.—
3191 5329 3377 5382 eccles.

1842 5410 1936 5448 use
1979 5412 2036 5448 ιι.

1842 5410 2036 5451 ιιεευιι.

1866 5466 1982 5536 (91)
2009 5467 2177 5537 Παρὰ
2196 5465 2277 5532 τῷ
2308 5467 2659 5536 προεστῶτι.
2691 5468 2804 5523 llac
2832 5484 2965 5522 voce
2995 5469 3378 5539 presbyterum

1796 5539 2240 5610 autAepiscopum
2290 5540 2565 5610 designat.
2602 5539 2832 5609 Utrique
2864 5542 3007 5592 enim
3062 5553 3384 5610 communes

1798 5606 2205 5674 perfunctiones
2241 5610 2306 5663 de
2340 5606 2537 5678 quibus
2574 5612 2663 5664 hic
2720 5606 2917 5677 agitur,
2962 5622 3154 5675 nempe
3204 5608 3383 5676 bapti-

1797 5692 1949 5749 zare,
1980 5682 2295 5733 sacrilicare
2323 5693 2379 5735 et
2404 5696 2701 5749 pauperum
2736 5693 2922 5733 curam
2958 5692 3173 5748 gerere.
3205 5680 3385 5743 Atque

1797 5748 1853 5801 id
1885 5765 2064 5803 causa:
2102 5764 2223 5803 esse
2257 5748 2525 5813 arbitror,
2554 5766 2655 5804 cur
2681 5749 2815 5802 nihil
2838 5750 2989 5803 dicat
3032 5749 3279 5803 Justinus
3315 5751 3384 5802 de

1798 5820 2249 5899 contu-unauana;
2281 5822 2407 5890 quia
2452 5822 2663 5878 scilicet
2709 5819 2809 5876 soli
2859 5835 2979 5877 eam
3032 5823 3239 5876 dabant
3277 5820 3388 5889 epis

1799 5904 1970 5959 SCOpl.
