3770 6492
405 373 510 431 ιιδ

1367 368 1424 426 δ.
1464 367 1727 424 JUSTINI
1766 365 2175 424 PHILOSOPHI
2206 368 2294 424 ET
2325 366 2683 427 MABTYRIS

3587 366 3690 423 ιιι

406 505 530 549 eum
563 490 611 545 is
638 498 861 561 propter
896 490 1243 545 obfirmatam
1292 488 1629 544 voluntatem
1658 496 1713 541 et
1739 502 1982 541 amorem

2166 506 2195 553 ν,
2246 489 2339 543 καὶ
2367 490 2686 561 δυσκίνητον
2721 485 2858 558 πρὸς
2890 487 2950 541 τὺ
2979 485 3143 543 καλὸν
3184 488 3451 560 ὁρμῆσαι,
3497 486 3600 539 καὶ
3638 487 3689 540 ci

406 582 715 652 voluptatis,
750 598 813 637 ac
836 584 1059 637 minime
1085 581 1319 636 ﬂexilem
1341 582 1410 636 ad
1438 584 1693 635 virtutem
1718 582 1988 644 animum,

410 685 520 727 tum
553 673 716 727 etiam
750 674 898 743 pravi
932 674 1222 737 daemones,
1252 673 1345 742 qui
1386 673 1540 726 nobis
1587 671 1784 726 infensi
1845 680 1990 738 sunt,

408 780 473 818 ac
506 764 772 833 ejusmodi
803 764 1016 833 judiccs
1045 765 1097 818 in
1128 779 1225 818 sua
1273 773 1543 831 potestate
1591 772 1647 818 et
1695 764 1860 817 cultui
1894 780 1992 819 suo

407 856 651 909 addictos
695 856 921 919 habent,
953 870 1070 919 eos,
1102 864 1288 923 utpote
1311 855 1591 910 dmmoniis
1614 856 1848 924 agitatos
1874 872 1991 910 ma-

409 948 692 1016 gistratus,
733 947 798 1000 ad
837 960 1027 1000 necem
1060 946 1217 1000 nobis
1256 944 1594 1001 inferendam
1636 946 1887 1001 incitant.
1919 947 1992 1003 Ut

411 1044 589 1091 autem
652 1037 816 1092 totius
878 1037 953 1091 rei
1014 1035 1113 1090 sub
1174 1035 1375 1092 Urbico
1428 1044 1594 1106 gesta:
1637 1046 1983 1107 perspectam

410 1144 630 1182 causam
660 1127 930 1192 habeatis,
956 1127 1087 1195 quid
1113 1136 1299 1182 actum
1330 1127 1403 1180 sit
1422 1142 1712 1196 exponam.

478 1219 533 1273 2.
578 1219 768 1274 Mulier
818 1220 1065 1288 quaedam
1115 1235 1237 1273 cum
1290 1220 1408 1273 viro
1446 1218 1679 1289 degebat
1722 1220 1990 1287 intempe-

409 1314 573 1375 ranti,
622 1312 990 1381 intemperans
1044 1321 1099 1365 et
1152 1312 1264 1381 ipsa
1320 1314 1505 1381 prius;
1563 1312 1656 1365 sed
1707 1321 1989 1381 postquam

409 1406 609 1462 Christi
635 1408 933 1462 doctrinam
960 1408 1233 1477 cognovit,
1262 1410 1377 1477 ipsa
1432 1409 1497 1461 ad
1558 1408 1670 1478 89
1703 1408 1986 1462 meliorem

409 1499 617 1568 frugem
643 1514 701 1553 se
734 1501 959 1568 recepit,
991 1515 1055 1553 ac
1087 1500 1206 1555 viro
1235 1501 1307 1553 ut'
1325 1500 1578 1554 similiter
1609 1514 1727 1554 sese
1769 1499 1989 1568 collige-

409 1600 494 1644 rct
519 1593 847 1659 persuadere
886 1603 1080 1645 conata
1112 1601 1228 1651 est.
1258 1590 1629 1645 Christianam
1670 1592 1746 1644 illi
1783 1591 1987 1645 doctri-

411 1697 534 1736 nam
568 1696 864 1751 exponens,
895 1691 948 1735 et
975 1681 1157 1735 futura
1190 1680 1295 1745 his,
1323 1682 1412 1750 qui
1438 1681 1732 1735 libidinose
1755 1695 1818 1734 ac
1854 1694 1994 1748 prae-

409 1782 495 1828 ter
521 1783 723 1828 rectam
765 1776 1028 1828 ratiooem
1066 1773 1319 1839 vixerint,
1365 1771 1417 1824 in
1458 1782 1662 1825 mterno
1700 1771 1821 1841 igne
1861 1784 1993 1839 sup-

2094 581 2288 650 φαῦλοι
2337 581 2450 653 (42)
2501 582 2773 653 δαίμονες,
2817 581 3192 655 ἐχθραίνοντες
3232 583 3385 652 ἡμῖν,
3414 580 3515 633 καὶ
3560 580 3690 642 τοὺς

2093 674 2366 738 τοιούτους
2397 674 2506 746 (45)
2542 674 2799 738 δικαστὰς
2832 674 3047 745 ἔχοντες
3080 674 3427 746 ὑποχειρίους
3458 672 3559 725 καὶ
3596 668 3689 722 λα-

2092 766 2401 835 τρεύοντας,
2437 764 2513 829 ὡς
2556 761 2649 819 οὖν
2700 766 2964 837 ἄρχοντας
3001 763 3392 835 δαιμονιῶντας
3433 761 3689 832 φονεύειν

2092 857 2239 927 ἡμᾶς
2284 856 2810 929 παρασκευάζουσιν.
2856 857 3042 920 Ὅπως
3087 857 3145 909 δὲ
3189 856 3283 910 καὶ
3315 859 3349 926 ἠ
3384 854 3546 908 αίτία
3592 850 3686 907 τοῦ

2091 948 2292 1012 παντὸς
2314 947 2607 1018 γενομένου
2636 949 2728 1001 ὲπὶ
2751 948 2823 1002 Οὐ
2834 947 3018 1019 ρϐίκου
3041 948 3248 1019 φανερά
3275 948 3403 1018 ὑμῖν
3428 946 3687 1017 γένηται,

2091 1040 2158 1093 τὰ
2179 1039 2541 1110 πεπραγμένα
2564 1038 2886 1108 ἀπαγγελῶ.

2159 1220 2213 1273 2.
2237 1220 2377 1292 Γυνή
2403 1238 2484 1285 τις
2507 1220 2751 1274 συνεϐίου
2772 1220 2881 1292 (44)
2899 1220 3053 1293 ἀνδρὶ
3070 1222 3544 1283 άκολασταίνοντι,
3567 1223 3690 1275 ἁκο-

2091 1311 2448 1366 λασταίνουσα
2484 1314 2577 1365 καὶ⁹
2602 1312 2737 1385 αὑτὴ
2762 1315 3043 1385 πρότερον.
3082 1314 3231 1366 Ἐπεὶ
3251 1314 3306 1367 δὲ
3324 1314 3391 1368 τὰ
3419 1314 3522 1367 τοῦ
3553 1317 3689 1385 X9:-

2093 1402 2219 1456 στοῢ
2247 1402 2550 1474 διδάγματα
2572 1404 2711 1472 ἔγνω
2729 1404 2864 1475 αὕτη
2882 1404 3017 1474 (45),
3037 1406 3406 1477 ἐσωφρονίσθη
3426 1446 3443 1468 ,
3470 1408 3567 1459 καὶ
3603 1408 3691 1459 τὸν

2093 1492 2263 1564 ἄνδρα
2288 1493 2489 1564 ὁμοίως
2515 1498 2819 1566 σωφρονεῖν
2847 1494 3053 1548 πείθειν
3083 1497 3359 1567 ἐπειρᾶτο,
3376 1496 3691 1568 διδάγματα

2092 1584 2457 1654 ἀναφέρουσα,
2484 1586 2580 1656 τήν
2604 1603 2662 1638 τε
2698 1585 2995 1656 μέλλουσαν
3024 1589 3135 1650 τοῖς
3161 1588 3219 1639 οὐ
3258 1589 3566 1659 σωφρόνως
3598 1592 3691 1641 καὶ

2097 1674 2234 1745 μετὰ
2256 1674 2414 1743 λόγου
2428 1675 2589 1747 ὀρθοῦ
2609 1674 2811 1746 βιοῦσιν
2830 1676 3048 1731 ἔσεσθαι
3069 1680 3126 1731 ὲν
3142 1679 3347 1749 αίωνίῳ
3365 1696 3440 1731 πυ
3450 1680 3510 1751 ρὶ
3532 1680 3691 1733 κόλα-

2097 1781 2181 1817 σιν
2196 1766 2633 1835 ἀπαγγέλλουσα.
2666 1768 2722 1821 Ὀ
2736 1767 2793 1820 δὲ
2810 1771 2928 1831 ταῖς
2943 1769 3133 1833 αὐταῖς
3152 1770 3468 1838 ἀσελγείαις
3497 1772 3691 1841 tangi-

410 1864 573 1934 plicia
625 1863 979 1919 denuntians.
1031 1864 1231 1919 Verum
1275 1863 1362 1917 ille
1417 1864 1470 1915 in
1528 1863 1719 1915 iisdem
1778 1858 1993 1931 ﬂagitiis

2166 1875 2219 1923 ›ν,
2243 1857 2528 1929 ἀλλοτρίαν
2566 1858 2653 1913 διὰ
2696 1858 2803 1913 τῶν
2834 1861 3082 1930 πράξεων
3106 1862 3343 1915 ἐποιεῖτο
3378 1862 3483 1933 τὴν
3514 1879 3693 1931 γαμε-

413 1971 764 2027 permauens,
820 1955 980 2011 factis
1032 1957 1145 2010 suis
1201 1955 1459 2009 alienavit
1490 1970 1517 2007 a
1551 1970 1610 2007 se
1641 1955 1827 2006 uxoris
1874 1953 1993 2006 ani-

414 2062 584 2101 mum.
618 2046 845 2116 lmpium
882 2046 1026 2099 enim
1059 2060 1178 2099 esse
1210 2045 1403 2097 mulier
1431 2044 1751 2098 existimans
1786 2057 1909 2097 cum
1930 2057 1994 2097 eo

413 2139 671 2208 deinceps
693 2139 830 2202 viro,
862 2138 952 2207 qui
984 2147 1180 2207 praeter
1212 2148 1418 2206 natura:
1463 2138 1657 2204 legem,
1690 2148 1996 2207 przeterque

409 2229 499 2301 jus
520 2233 883 2299 undecunque
912 2229 1205 2299 voluptatis
1229 2230 1344 2284 vias
1364 2230 1694 2298 exquireret,
1731 2230 1832 2284 tori
1861 2246 1994 2284 con-

414 2324 586 2378 sortio
608 2324 782 2394 jungi,
818 2323 1101 2378 discedere
1129 2337 1159 2375 a
1192 2324 1445 2393 conjugio
1477 2320 1668 2376 voluit.
1710 2322 1817 2376 Sed
1866 2337 1994 2376 suo-

413 2432 534 2470 rum
562 2415 942 2470 auctoritatem
979 2417 1238 2479 reverita,
1262 2416 1352 2483 qui
1385 2417 1687 2469 suadebant
1724 2422 1783 2467 ut
1814 2415 1996 2470 adhuc

414 2518 682 2571 maneret,
719 2523 783 2561 ac
818 2509 1071 2561 maritum
1110 2509 1328 2562 tandem
1364 2508 1656 2577 aliquando
1690 2523 1841 2577 spem
1868 2523 1993 2560 mu-

418 2598 643 2652 tationis
677 2598 970 2651 allaturum
1007 2598 1296 2663 dicebant;
1340 2598 1448 2651 vim
1485 2598 1612 2652 fecit
1648 2599 1759 2668 ipsa
1797 2599 1898 2653 sibi
1936 2608 1995 2652 ut

416 2700 686 2745 maneret.
722 2692 792 2744 At
824 2701 1108 2760 postquam
1144 2691 1290 2745 illius
1329 2691 1415 2744 vir
1447 2690 1828 2746 Alexandriam
1871 2708 1995 2763 pro-

417 2782 612 2849 fectus,
650 2783 833 2854 pejora
882 2784 1063 2839 facere
1107 2786 1385 2839 nuntiatus
1427 2794 1541 2851 est,
1580 2784 1756 2839 verita
1792 2785 1879 2838 illa
1927 2800 1996 2840 ne

414 2875 601 2945 inique
625 2887 680 2931 ct
714 2877 878 2947 impie
908 2877 1176 2932 factorum
1214 2876 1488 2946 particeps
1519 2876 1694 2943 fieret,
1714 2878 1831 2932 siin
1865 2892 1997 2931 con-

410 2969 562 3039 jugio
596 2980 863 3035 maneret,
900 2971 1184 3039 victusque
1215 2986 1279 3024 ac
1307 2972 1409 3024 tori
1431 2986 1658 3026 consors
1680 2980 1843 3038 esset,
1868 2971 1997 3025 mis—

417 3079 479 3117 so
512 3079 601 3129 eo,
636 3063 778 3131 quod
812 3063 1045 3126 vocatis,
1077 3063 1323 3132 repudio,
1355 3063 1631 3117 discessit.
1685 3062 1819 3116 Tum
1857 3079 1995 3133 prae-

416 3155 597 3210 clarus
632 3164 686 3210 et.
718 3157 891 3211 bonus
918 3155 1007 3208 ille
1040 3155 1143 3219 vir,
1169 3170 1293 3209 cum
1319 3157 1560 3224 gaudere
1580 3156 1826 3219 deberet,
1852 3158 1994 3224 quod

419 3266 539 3320 qua:
571 3248 698 3303 olim
734 3263 871 3302 uxor
910 3263 1032 3302 cum
1054 3248 1227 3302 servis
1256 3258 1311 3301 et
1334 3249 1692 3302 mercenariis
1722 3248 1777 3301 in
1804 3250 1990 3302 vinum

418 3351 585 3411 atque
622 3356 782 3396 omne
814 3341 1071 3394 vitiorum
1110 3353 1281 3409 genus
1323 3337 1492 3392 eiIusa
1528 3338 1757 3393 licenter
1802 3355 1994 3411 perpe-

418 3434 621 3496 trabat,
659 3433 725 3487 ab
761 3432 969 3501 hisjam
996 3430 1257 3485 faciendis
1291 3430 1556 3485 deterrita
1583 3430 1797 3496 fuisset,
1824 3447 1889 3485 ac
1918 3432 1997 3500 ip-

419 3542 538 3578 sum
576 3526 740 3579 etiam
785 3526 852 3579 ab
889 3525 1080 3578 iisdem
1131 3522 1354 3592 ﬂagitiis
1401 3523 1677 3577 deterrere
1718 3522 1993 3586 studeret;

422 3618 708 3687 repudium
734 3632 839 3671 non
868 3615 1190 3685 obsequenti
1223 3615 1564 3669 nuntiantem
1592 3624 1835 3681 accusat,
1854 3614 1998 3683 quod

492 3775 602 3847 (42)
644 3774 753 3828 Καὶ
795 3776 850 3827 οἱ
894 3773 1133 3847 φαῦλοι.
1170 3775 1311 3828 Ante
1365 3773 1479 3847 hare
1526 3772 1691 3847 verba
1744 3771 1998 3847 lacunam

422 3842 872 3915 interposuerunt
900 3846 1131 3909 librarii,
1170 3861 1275 3897 non
1321 3844 1461 3911 quod
1511 3842 2000 3915 quidquam‘desit

422 3917 489 3969 ad
518 3911 801 3970 sententia:
848 3914 1184 3983 juncturam,
1216 3917 1309 3968 sed
1341 3915 1485 3981 quod
1543 3918 1736 3983 deesse
1795 3911 2000 3979 aliquid

424 3988 531 4041 illis
564 3982 859 4039 videretur.
890 3986 1242 4052 Aptissimum
1276 3984 1421 4036 enim
1454 3993 1537 4037 est
1568 3982 1671 4035 hoc
1712 3983 1995 4052 exordium

422 4068 474 4110 ct
497 4072 690 4108 nexum
712 4072 833 4108 cum
856 4055 921 4109 iis
971 4070 1089 4123 qua:
1115 4054 1370 4120 deinceps
1394 4061 1713 4105 narraturus
1733 4059 1837 4107 est.
1865 4051 1998 4104 Nam

423 4141 549 4180 cum
583 4127 631 4179 ei
664 4126 996 4194 propositum
1059 4124 1130 4177 sit
1180 4125 1555 4194 demonstrare
1595 4124 2001 4194 persecutiones

424 4198 493 4251 ab
532 4192 793 4263 improbis
838 4195 1149 4247 hominibus
1200 4203 1254 4247 et
1302 4209 1329 4245 a
1376 4193 1531 4245 malis
1577 4194 1915 4246 daemonibus
1948 4192 1999 4243 in

423 4266 765 4321 Christianos
779 4265 1002 4319 excitari
1025 4278 1289 4333 ;cumqne
1320 4279 1441 4316 mox
1460 4273 1776 4315 narraturus
1804 4263 1871 4316 sit
1891 4263 2003 4314 his-

427 4340 621 4390 loriam
662 4338 905 4389 mulieris
942 4351 970 4387 a
1010 4335 1226 4398 marito,
1264 4334 1418 4401 cujus
1452 4334 1655 4400 ﬂagitia
1711 4336 2003 4402 reprehen-

425 4408 608 4469 debat,
648 4409 698 4459 iu
736 4408 929 4474 capitis
971 4405 1268 4475 periculum
1294 4406 1574 4475 adductaa;
1613 4404 1740 4472 quid
1778 4405 2000 4475 mirum,

425 4478 469 4531 si
508 4479 559 4530 in
614 4479 881 4531 orationis
938 4474 1237 4545 primordio
1282 4474 1549 4539 declarat,
1601 4485 1653 4528 et
1705 4489 1798 4526 eos
1844 4474 2001 4541 quia

2094 1950 2215 2019 τήν.
2251 1950 2468 2013 Ἀσεϐὲς
2491 1950 2600 2021 γὰρ
2626 1951 2901 2021 ἡγουμένη
2929 1952 2990 2003 τὸ
3026 1951 3211 2006 λοιπὸν
3246 1956 3278 2024 ἡ
3306 1954 3448 2025 γυνὴ
3483 1971 3690 2022 συγκα-

2094 2040 2438 2094 τακλίνεσθαι
2477 2041 2630 2114 ἀνδρὶ
2668 2043 2819 2114 παρὰ
2863 2042 2955 2096 τὸν
2992 2043 3092 2114 τῆς
3134 2044 3350 2113 φύσεως
3391 2048 3567 2117 νόμον
3602 2049 3693 2102 καὶ

2096 2133 2247 2204 παρὰ
2269 2132 2329 2187 τὸ
2360 2134 2566 2187 δίκαιον
2594 2136 2793 2207 πόρους
2822 2136 3017 2207 ἡδονῆς
3037 2138 3101 2191 ὲκ
3129 2138 3327 2202 παντὸς
3358 2141 3693 2210 πειρωμένῳ

2095 2228 2386 2293 ποιεῖσθαι,
2412 2229 2513 2299 τῆς
2559 2228 2818 2298 συζυγίας
2865 2230 3199 2303 χωρισθῆναι
3244 2231 3543 2304 ἐϐουλήθη.
3585 2235 3693 2287 Καὶ

2098 2321 2219 2373 ἐπεὶ
2268 2320 2664 2386 ὲξεδυσωπεῖτο
2717 2322 2822 2375 ὑπὸ
2884 2322 2994 2377 τῶν
3050 2324 3242 2393 αὐτῆς,
3307 2324 3388 2378 ἔτι
3446 2328 3694 2396 προσμέ-

2096 2431 2206 2467 νειν
2232 2412 2726 2484 συμϐουλευόντων,
2762 2414 2837 2478 ὡς
2865 2417 2944 2479 είς
2975 2414 3193 2480 ἐλπίδας
3220 2415 3329 2487 (46)
3380 2416 3695 2486 μεταϐολῆς

2095 2505 2313 2577 ἥξοντάς
2341 2522 2471 2561 ποτε
2497 2504 2587 2560 τοῦ
2612 2506 2823 2576 ἀνδρὸς,
2853 2507 3144 2580 βιαζομένῃ
3172 2509 3370 2580 ἑαυτὴν
3400 2510 3694 2579 ἐπέμενεν.

2105 2599 2323 2671 Ἐπειδὴ
2350 2598 2407 2652 δὲ
2434 2601 2462 2653 ὁ
2489 2598 2690 2670 ταύτης
2720 2600 2878 2671 ἀνὴρ,
2897 2603 2975 2664 είς
3013 2601 3109 2672 τὴν
3154 2599 3569 2673 Ἀλεξάνδρειαν
3600 2621 3699 2655 πο-

2100 2688 2332 2760 ρευθεὶς,
2367 2688 2721 2761 χαλεπώτερα
2755 2690 3013 2761 πράττειν
3045 2692 3389 2763 ἀπηγγέλθη,
3425 2694 3581 2758 ὅπως
3621 2695 3696 2764 μὴ

2097 2782 2349 2846 κοινωνὸς
2385 2781 2496 2852 (47)
2531 2781 2636 2834 τῶν
2670 2781 3025 2853 ἀδικημάτων
3060 2785 3153 2838 καὶ
3187 2784 3563 2855 ἀσεϐημάτων
3597 2788 3696 2855 γέ-

2097 2892 2273 2946 νηται,
2313 2873 2552 2944 μένουσα
2588 2877 2645 2927 έν
2678 2878 2741 2946 τῇ
2779 2876 3047 2949 συζυγίᾳ,
3097 2878 3192 2933 καὶ
3237 2879 3553 2949 ὁμοδίαιτος
3602 2881 3699 2932 καὶ

2094 2966 2376 3035 ὁμόκοιτος
2436 2971 2734 3040 γινομένη,
2782 2970 2843 3022 τὸ
2886 2968 3179 3037 λεγόμενον
3224 2969 3355 3041 παρ’
3403 2970 3538 3039 ὑμῖν
3588 2969 3698 3039 (48)

2098 3058 2376 3130 ρεπούδιον
2428 3060 2594 3115 δοῦσα
2658 3060 2950 3133 ἐχωρίσθη.
3000 3061 3062 3113 '0
3115 3060 3171 3113 δὲ
3222 3061 3388 3124 καλὸς
3446 3061 3699 3129 κάγαθὴ

2098 3153 2304 3225 ταύτης
2337 3155 2497 3226 ἀνὴρ,
2532 3155 2653 3208 δέον
2688 3154 2849 3209 αὐτὸν
2882 3154 3232 3225 χαίρειν,λότι
3266 3153 3301 3207 ἃ
3338 3154 3509 3207 πάλαι
3559 3156 3702 3224 μετά

2098 3246 2204 3300 τῶν
2223 3247 2510 3321 ὑπηρετῶν
2538 3249 2633 3302 καὶ
2661 3248 2767 3301 τῶν
2793 3247 3134 3319 μισθοφόρων
3158 3247 3400 3319 εὐχερῶς
3426 3247 3698 3319 ἔπραττε,

2101 3340 2294 3412 μέθαις
2327 3341 2590 3413 χαίρουσα
2624 3342 2718 3395 καὶ
2763 3341 2931 3412 κακίᾳ
2977 3341 3157 3412 πάσῃ,
3194 3339 3400 3393 τούτων
3450 3340 3555 3410 μὲν
3589 3324 3737 3397 τῶν’

2100 3433 2351 3505 πράξεων
2397 3434 2665 3498 πέπαυτο,
2713 3433 2807 3487 καὶ
2853 3433 3015 3487 αὐτὸν
3059 3433 3127 3486 τὰ
3174 3433 3311 3486 αὐτὰ
3366 3426 3698 3487 παύσασθαι

2100 3526 2403 3596 πράττοντα
2450 3523 2726 3578 ἐϐούλετο·
2767 3525 2840 3595 μὴ
2891 3523 3216 3594 βουλομένου
3252 3522 3387 3595 (49)
3439 3525 3698 3578 ἀπαλλα-

2100 3619 2288 3688 γείσης
2321 3617 2651 3689 κατηγορίαν
2681 3618 2993 3688 πεποίηται,
3024 3616 3197 3685 λέγων
3231 3616 3401 3687 αὐτὴν
3429 3617 3477 3668 Χ
3489 3633 3698 3687 pta-11.1.-

2104 3779 2389 3833 articulum
2424 3777 2977 3849 agnosctiiit.ibidem
3013 3776 3212 3849 Euseb.
3248 3774 3435 3844 ἐπειδὴ
3463 3776 3548 3829 δέ.

2175 3850 2282 3920 (45)
2324 3847 2515 3918 Ἔγνω
2551 3848 2727 3920 αξξ-τη.
2752 3847 3025 3920 Quidquid
3053 3848 3218 3920 intra
3271 3849 3371 3900 has
3419 3860 3596 3900 voces
3649 3857 3703 3899 et

2102 3917 2235 3974 istas
2299 3920 2561 3990 ὀνόματος
2594 3918 2650 3969 δὲ
2685 3917 3011 3990 ξριστιανοῦ
3033 3917 3395 3990 λίιιιετίεριιιιιι
3456 3928 3570 3979 est,
3650 3920 3699 3971 id

2103 3992 2254 4043 deest
2284 3991 2337 4043 in
2386 3987 2663 4043 codicibus
2694 3988 2860 4055 Regio
2910 3998 2966 4042 et
3019 3987 3463 4048 Claromontano,
3496 4001 3559 4039 ac
3608 3990 3700 4041 de-

2104 4070 2377 4127 sumptum
2412 4070 2494 4114 est
2544 4074 2611 4113 ex
2672 4058 2923 4119 Eusebio,
2972 4060 3064 4126 qui
3097 4059 3347 4111 lacunam
3380 4066 3699 4125 opportune

2103 4126 2305 4196 explet.
2356 4131 2553 4184 Monuit
2613 4128 2892 4182 Thirlbius
2953 4129 3240 4197 legendum
3295 4126 3459 4196 ἔγνω,
3530 4127 3697 4199 αὐτή.

2108 4201 2269 4255 DeeSL
2291 4202 2429 4266 apud
2464 4200 2752 4254 Eusebium
2792 4209 3066 4265 postrema
3101 4214 3222 4251 vox.

2177 4270 2287 4342 (46)
2331 4270 2632 4335 Ἐλπίὸας,
2661 4269 2751 4323 Sic
2776 4284 2900 4342 eum
2925 4268 3336 4342 editisnostris
3378 4266 3488 4342 duo
3528 4268 3699 4342 codd.

2104 4337 2469 4409 antiquissimi
2500 4342 2652 4393 Colb.
2687 4349 2741 4390 et
2776 4339 2909 4409 Reg.
2936 4348 2989 4392 et
3022 4339 3156 4392 Rob.
3189 4338 3394 4409 Steph._
3432 4340 3502 4391 At
3536 4337 3704 4392 Vale-

2107 4411 2219 4464 sius
2244 4406 2413 4466 habet
2445 4410 2652 4464 ἐλπίδα.
2699 4408 2948 4463 Ἐλπίδα
2976 4410 3221 4474 reposuit
3251 4406 3310 4461 Ι).
3362 4406 3517 4461 Otto.

2182 4481 2290 4553 (47)
2334 4482 2531 4546 Ὅπως
2553 4480 2638 4550 μὴ
2671 4480 2976 4545 κοινωνός.
3016 4479 3164 4532 Militi
3199 4494 3263 4553 ex
3290 4478 3536 4545 antiquis
3562 4481 3703 4533 scri-

426 4548 936 4622 patre__cliristiano
968 4556 1072 4622 (aut
1116 4560 1286 4598 uxore
1326 4554 1418 4598 aut
1471 4546 1650 4622 vicino
1694 4554 1789 4595 aut
1824 4545 2000 4595 amico
2032 4545 2077 4600 Ι)
2108 4545 2351 4622 ptui-ilius
2397 4545 2983 4622 idem'existimarunt,
3038 4566 3141 4602 non
3203 4549 3366 4601 licere
3400 4564 3528 4622 cum
3580 4552 3702 4603 viro

426 4619 495 4671 ob
533 4618 786 4670 delictum
844 4619 1219 4686 castigantur,
1255 4626 1310 4667 et
1345 4630 1541 4684 pravos
1576 4618 1846 4667 denunties
1879 4627 2004 4686 ope-

429 4703 543 4738 ram
580 4689 710 4740 dare
738 4681 1149 4740 utChristiauos
1167 4681 1418 4739 occidant
1438 4688 1459 4736 ‘.’
1483 4686 1613 4737 Illud
1642 4700 1772 4751 ergo
1806 4681 2004 4751 φονεύ-

426 4772 529 4828 ειν
572 4759 719 4828 ἡμᾶς
764 4757 1272 4828 παρασκευάζουσιν
1328 4756 1518 4808 referri
1570 4754 1729 4828 debet
1756 4755 2005 4828 _tam__ad

428 4822 902 4887 nialos'liomine's.
927 4842 1087 4895 quam
1108 4828 1174 4879 ad
1201 4827 1493 4888 diemones,
1528 4836 1585 4877 ut
1620 4841 1677 4879 ιι.
1712 4825 1799 4877 ii:
1840 4842 1857 4872 ι
1896 4822 2006 4877 Nec

428 4898 767 4965 potentiores
802 4898 958 4949 nobis
992 4904 1177 4949 essent
1212 4896 1384 4963 iuiqtti
1424 4895 1676 4948 homines
1715 4905 1770 4946 et
1802 4896 2006 4947 daemo-

428 4983 546 5022 nes.
584 4988 602 5020 ι
660 4967 717 5020 Si
750 4968 869 5035 quis
904 4977 1083 5019 tamen
1130 4965 1333 5031 aliquid
1371 4966 1560 5019 deesse
1602 4967 1916 5028 contendat,
1964 4966 2009 5018 is

429 5040 614 5101 addat,
647 5057 664 5088 ι
705 5038 769 5089 ad
800 5035 1089 5089 tribunalia
1118 5051 1217 5089 nos
1246 5036 1443 5101 trahit,
1486 5052 1504 5087 ι
1547 5045 1673 5088 ante
1701 5039 1800 5089 has
1844 5050 2007 5089 voces

433 5126 451 5159 ι
492 5120 603 5161 tum
636 5110 799 5160 etiam
831 5107 981 5175 pravi
1023 5108 1313 5160 daemones.
1347 5125 1365 5156 ι

500 5176 609 5249 (45)
657 5178 993 5243 Τοιούτους.
1030 5177 1217 5245 Qualis
1267 5177 1476 5231 scilicet
1539 5176 1804 5246 Urbicus,
1843 5191 2007 5246 quem

422 5248 545 5319 jam
567 5250 887 5319 nominavit.

499 5317 611 5390 (Μ)
651 5318 959 5373 Συνεϐιου.
986 5318 1138 5373 lianc
1175 5319 1461 5390 historiam
1502 5319 1765 5373 Eusebius
1781 5334 1844 5372 ex
1876 5317 2009 5372 Jus-

429 5390 545 5443 tino
594 5388 922 5458 'excerptani
986 5390 1084 5443 lib.
1135 5406 1186 5443 tv
1231 5389 1377 5444 Ηεδι.
1418 5388 1589 5453 Eccl.,
1626 5405 1746 5456 cap.
1802 5390 1886 5452 i7,
1925 5391 2009 5443 iu-

430 5460 626 5514 texuit.
694 5461 747 5514 lti
802 5460 1040 5515 editione
1092 5459 1291 5514 Valcsii
1349 5461 1545 5529 legitur
1609 5459 1873 5513 συνεϐίου.
1942 5463 2009 5513 At.

433 5531 845 5601 Christophors.
883 5534 1043 5586 habet
1078 5533 1343 5595 συνεϐίω;
1398 5533 1485 5584 cui
1540 5531 1755 5586 lectioni
1813 5530 2009 5585 suifra-

436 5611 633 5672 gantur
665 5605 771 5655 duo
795 5602 1009 5656 codices
1033 5603 1395 5672 antiquissimi
1422 5602 1637 5655 Eusebii
1670 5617 1700 5653 e
1720 5602 2009 5657 bibliothe-

438 5671 501 5725 ca
530 5671 865 5745 Colbertina.
896 5684 953 5726 et
981 5674 1119 5728 alius
1151 5671 1183 5725 e
1212 5674 1401 5745 Regia.
1433 5672 1552 5745 Mox
1584 5685 1712 5745 aute
1741 5676 1882 5728 hanc
1908 5687 2005 5745 νοῇ

439 5756 558 5815 gem
585 5742 912 5815 διδάγματα,
935 5759 1056 5814 quae
1093 5744 1177 5801 bis
1207 5742 1330 5802 cum
1374 5744 1609 5799 articulo
1641 5743 1837 5813 legitur
1866 5743 2008 5812 apud

444 5812 778 5885 Eusebium,
838 5812 1002 5872 iidem
1052 5831 1184 5874 mss.
1241 5818 1457 5874 codices
1528 5812 1719 5872 neutro
1778 5816 1832 5870 in
1890 5815 2007 5871 loco

2109 4620 2355 4677 adultero
2378 4633 2471 4675 aut
2502 4638 2624 4676 cum
2655 4636 2821 4674 uxore
2856 4620 3102 4673 adultera
3129 4633 3372 4680 manere,
3400 4620 3485 4672 sic
3512 4630 3701 4673 tamen

2111 4704 2167 4744 ut
2199 4693 2775 4747 aliudmatrimonium
2835 4691 3058 4743 minime
3115 4690 3504 4743 concederent.
3559 4688 3701 4744 Vide

2108 4764 2432 4819 Cotclcrium
2464 4765 2513 4816 iu
2545 4762 2735 4814 librum
2764 4778 2796 4813 ιι
2825 4759 3056 4814 Hermae.

2181 4833 2288 4905 (48)
2312 4835 2453 4901 Hap‘
2472 4831 2640 4905 ὑμῖν.
2669 4831 2805 4884 Male
2828 4832 2881 4885 in
2910 4830 3243 4905 editionibus
3270 4828 3469 4881 Euseb.
3502 4830 3704 4898 legitur

2108 4904 2237 4973 παρ’
2272 4902 2433 4975 ἡμῖν.
2466 4904 2777 4957 Lcctionem
2830 4902 3431 4975 nostramconfirmant
3460 4908 3575 4952 tres
3593 4919 3704 4975 hrn-

2110 4970 2255 5028 diccs
2291 4970 2678 5042 antiquissimi,
2726 4974 2832 5025 duo
2863 4970 3161 5042 Colbertini
3197 4981 3249 5023 ct
3291 4983 3433 5042 unus
3470 4985 3541 5024 ex
3588 4970 3702 5023 Re.

2110 5045 2235 5113 giis.
2269 5038 2451 5098 Facile
2483 5044 2809 5112 perspicitur
2843 5058 2955 5113 cur
3001 5038 3249 5094 Justinus
3306 5040 3561 5113 Latinam
3603 5058 3700 5095 v0-

2110 5111 2227 5167 cem
2259 5111 2529 5182 usurpans
2560 5114 2780 5172 uixerit.
2836 5131 2854 5163 ι
2888 5111 3053 5164 misso
3076 5127 3141 5163 eo
3177 5112 3321 5182 quod
3357 5112 3583 5182 vocatis
3622 5127 3702 5167 re-

2110 5186 2294 5251 pudio.
2336 5204 2354 5237 ι
2396 5180 2526 5239 Mox
2557 5184 2708 5236 deest
2743 5182 2890 5253 πάσῃ
2916 5191 3036 5253 post
3061 5181 3231 5252 κακία
3252 5181 3528 5253 incudem
3558 5180 3697 5251 Reg.

2110 5250 2166 5307 et
2208 5256 2418 5311 duobus
2468 5255 2794 5309 Colbertiuis
2826 5250 3250 5321 antiquioribus.
3311 5250 3507 5319 Magna
3564 5250 3697 5307 sane

2110 5328 2414 5381 auctoritas
2444 5337 2633 5382 COIlll‘u
2673 5341 2858 5378 VOCCIII
2890 5338 2987 5376 sua
3033 5335 3224 5392 sponte
3271 5338 3379 5375 ιιυιι
3439 5337 3699 5378 necessa-

2128 5413 2137 5423 ἱ
2165 5415 2173 5426 ε

2111 5412 2268 5450 ιι.ιιιι.

2184 5466 2289 5540 (49)
2311 5465 2406 5533 Μὴ
2432 5464 2833 5540 βουλομένου.
2870 5462 2984 5540 Non
3002 5466 3275 5540 leguntur
3304 5464 3422 5540 h:_ec
3448 5467 3624 5540 verba
3648 5466 3697 5540 in

2111 5536 2283 5592 tribus
2316 5541 2593 5591 codicibus
2629 5538 2783 5589 valde
2806 5538 3067 5603 antiquis,
3099 5551 3290 5603 nempe
3332 5536 3553 5589 duobus
3575 5537 3697 5590 Col-

2110 5609 2338 5662 bertinis
2362 5618 2416 5661 et
2443 5624 2550 5661 uno
2583 5608 2773 5676 Regio.
2804 5606 2988 5673 Neque
3013 5608 3175 5676 etiam
3212 5622 3273 5676 ea
3306 5608 3567 5672 agnoscit
3610 5604 3697 5660 Ni-

2111 5683 2419 5747 cephorus,
2491 5684 2584 5733 sed
2654 5675 2833 5731 tamen
2902 5678 3099 5746 legisse
3163 5675 3397 5747 Rufinus
3459 5678 3692 5735 videtur.

2112 5744 2227 5803 illo:
2262 5758 2373 5805 tres
2402 5750 2616 5806 codices
2644 5744 2977 5804 recentiores
3007 5749 3207 5803 habent
3251 5744 3519 5800 ἀνέδωκε.
