3770 6516
64 406 194 463 ιιδ

1168 401 1518 460 APOLOGIA
1557 403 1602 459 Il
1639 402 1778 461 PRO
1805 400 2265 459 CHRISTIANIS.

3261 393 3371 449 M6

53 526 173 593 νὴν
212 516 383 578 εἶναι.
420 522 533 577 Καὶ
564 524 599 595 ἡ
636 524 735 594 μὲν
782 521 1037 594 βιϐλίδιόν
1071 538 1151 574 σοι
1198 520 1274 592 τῷ
1321 520 1636 592 αὑτοκράτοι

1811 533 1935 578 isset
1966 522 2307 578 Christiana.
2343 517 2520 585 Atque
2546 515 2635 570 illa
2659 514 2879 585 quidem
2906 512 3087 567 libello
3118 511 3237 576 libi,
3271 512 3369 566 im-

52 619 422 683 ἁναδὲὂωκε,
457 617 722 690 πρότερον
769 615 1189 687 συγχωρηθῆναι
1221 615 1357 685 αὐτῇ
1402 614 1681 685 διοικήσα-

51 711 203 765 σθαι
236 713 307 767 τὰ
338 712 534 783 ἑαυτῆς
564 709 821 777 ἀξιώσω
851 708 1043 762 ἔπειτα
1071 707 1518 779 ἀπολογήσασθαι
1552 706 1682 777 περὶ

46 803 161 855 τοῦ
207 804 672 875 κατηγορήματος
706 801 843 873 μετά
871 802 970 871 τὴν
999 800 1106 853 τῶν
1134 800 1476 870 πραγμάτων
1509 799 1681 869 αὐτῆς

48 895 350 967 ὄιοὶκησιν
376 896 509 967 (50).
541 896 653 949 Καὶ
688 893 1069 965 συνεχώρησας
1092 893 1268 945 τοῦτο.
1303 893 1359 944 '0
1390 891 1445 943 δέ
1478 891 1681 961 ταύτης

52 986 212 1038 ποτὲ
260 987 427 1058 ἀνὴρ,
464 986 600 1056 πρὸς
649 984 863 1055 ἐκείνην
912 985 1012 1055 μὲν
1055 983 1130 1055 μὴ
1174 983 1471 1053 δυνάμενος
1516 982 1683 1036 τανῦν

50 1076 145 1129 ἔτι
185 1076 384 1144 λέγειν
420 1078 566 1148 (51),
618 1077 755 1149 πρὸς
802 1074 1138 1144 Πτολεμαῖόν
1184 1093 1339 1140 τινα,
1373 1075 1433 1128 ὃν
1479 1074 1679 1147 Οὖρϐι-

48 1187 162 1235 κος
224 1170 366 1243 (52)
405 1171 722 1233 ἐκολάσατο,
770 1167 1086 1222 διδάσκαλον
1135 1168 1349 1239 ἐκείνης
1385 1166 1521 1239 (55)
1572 1166 1679 1219 τῶν

50 1262 429 1334 Χριστιανῶν
495 1261 835 1333 μαθημάτων
898 1260 1227 1330 γενόμενον,
1278 1258 1547 1331 ἐτράπετο
1592 1258 1681 1312 διὰ

52 1357 229 1409 τοῦδε
268 1356 365 1409 τοῦ
415 1355 638 1427 τρόπου.
688 1352 1114 1423 Ἑκατὸνταρχον
1160 1354 1239 1416 εἰς
1285 1350 1459 1424 δεσμὰ
1505 1349 1677 1421 ἐμϐα-

48 1448 233 1502 λόντα
269 1450 365 1502 τὸν
399 1448 757 1516 Πτολεμαῖον,
784 1444 935 1515 φίλον
958 1443 1107 1516 αὐτῷ
1129 1445 1461 1516 ὑπάρχοντα,
1493 1441 1677 1495 ἔπεισε

50 1543 345 1597 λαϐέσθαι
403 1542 496 1594 τοῦ
570 1539 931 1610 Πτολεμαίου,
996 1538 1092 1591 καὶ
1156 1537 1498 1609 ἀνερωτῆσαι
1547 1536 1679 1589 αὐτὸ

48 1634 227 1685 τοῦτο
259 1633 451 1703 μόνον,
486 1634 535 1685 ει
562 1629 890 1702 Χριστιανός
913 1632 1028 1682 ἐστι
1054 1627 1188 1701 (54).
1211 1628 1323 1681 Καὶ
1354 1629 1444 1681 τὸν
1477 1627 1677 1679 Πτολε-

54 1727 256 1792 μαῖον,
295 1722 590 1795 φιλαλήθη,
629 1721 748 1776 ἀλλ’
770 1720 870 1773 οὐκ
903 1719 1182 1792 ἀπατηλὸν
1204 1719 1325 1772 οὐδὲ
1356 1718 1678 1789 ψευδολόγον

52 1816 160 1887 τὴν
197 1815 439 1887 γνώμην
472 1814 633 1877 ὄντα,
669 1812 1083 1884 ὁμολογήσαντα
1129 1811 1319 1864 ἐαυτὸν
1353 1807 1491 1863 εἶναι
1538 1811 1675 1882 Χρι-

1784 624 2025 685 perator,
2057 614 2242 669 oblato
2275 608 2590 681 postulavit,
2621 616 2682 660 ut
2707 606 2861 675 prius
2895 603 2999 658 sibi
3035 603 3217 658 domui
3255 619 3367 657 suae
3442 614 3453 621 ‘

1782 706 2094 777 prospicere
2133 704 2354 767 liceret;
2391 700 2585 755 deinde
2638 697 2960 751 domesticis
3004 695 3166 749 rebus
3212 709 3364 748 com-

1784 799 1997 868 positis,
2027 809 2415 866 responsuram
2451 806 2510 846 se
2545 787 2908 844 accusationi.
2942 786 3122 852 Atque
3158 785 3210 837 id
3245 785 3368 853 qui-

1784 892 1904 943 dem
1935 888 2194 943 annuisti.
2232 888 2303 940 At
2338 884 2486 939 illius
2520 880 2798 951 quondam
2837 878 3086 942 maritus,
3123 877 3212 945 qui
3251 886 3366 930 tum

1705 978 1717 987 ’
1782 981 2053 1035 adversus
2095 995 2216 1035 eam
2266 993 2373 1032 non
2423 977 2535 1047 jam
2572 975 2755 1029 dicere
2805 981 3059 1042 poterat,
3099 970 3153 1023 in
3190 969 3369 1023 Ptole-

1781 1087 1976 1126 marum
1999 1071 2310 1141 quemdam,
2362 1084 2524 1139 quem
2577 1067 2816 1123 Urbicus
2855 1066 3123 1135 supplicio
3162 1064 3364 1131 aﬂ‘ecit,

1781 1165 1982 1233 quique
2007 1163 2252 1219 mulieris
2311 1164 2364 1217 in
2422 1178 2482 1217 re
2514 1162 2830 1217 Christiana
2867 1160 3129 1230 magister
3163 1161 3364 1224 fuerat,

1782 1257 2042 1325 impetum
2077 1270 2236 1310 suum
2274 1258 2440 1329 vertit
2491 1254 2598 1310 hoc
2654 1255 2838 1309 modo.
2883 1252 3204 1309 Centurioni
3242 1252 3365 1306 cui-

1780 1350 1903 1403 dam
1941 1351 2118 1405 amico
2158 1366 2257 1405 suo
2284 1352 2577 1419 persuasit,
2604 1360 2663 1404 ut
2689 1348 3042 1404 Ptolemaeum
3078 1348 3131 1401 in
3168 1361 3365 1409 carcee

1782 1455 1895 1493 rem
1930 1440 2278 1509 conjecturas
2322 1440 2784 1509 apprehenderet,
2821 1438 2983 1507 idque
3034 1426 3241 1490 tantum
3278 1435 3365 1489 in-

1782 1540 2102 1601 terrogaret,
2148 1547 2215 1584 an
2241 1538 2389 1585 esset
2421 1528 2788 1584 Christianus.
2830 1529 2968 1583 Tum
3009 1527 3361 1591 Ptolemmus,
3401 1564 3410 1575 .

1781 1630 1839 1676 ut
1869 1636 1987 1676 erat
2019 1622 2271 1677 veritatis
2306 1621 2488 1677 cultor
2521 1630 2577 1676 et
2611 1622 2795 1676 animo
2820 1637 2849 1674 ιι
2894 1621 3083 1674 fraude
3117 1629 3173 1674 et
3207 1634 3363 1672 nien-

1778 1714 1938 1769 dacio
1958 1714 2193 1780 alienus,
2228 1730 2353 1769 cum
2390 1728 2450 1769 se
2482 1715 2858 1770 Christianum
2904 1728 3027 1768 esse
3077 1711 3366 1767 confessus

1778 1815 1946 1871 esset,
1980 1804 2034 1859 in
2086 1805 2298 1859 vincula
2330 1806 2609 1874 conjectus
2641 1816 2725 1861 est
2764 1821 2793 1859 a
2844 1804 3186 1867 centurione,
3244 1804 3365 1858 diu-

56 1906 331 1969 στιανὺν,
382 1907 440 1957 ἐν
486 1903 706 1974 δεσμοῖς
752 1901 1006 1971 γενέσθαι
1052 1903 1081 1954 ό
1127 1901 1525 1971 ἑκατόνταρχος
1572 1918 1636 1953 πε

1813 1912 1879 1951 ue
1912 1898 1980 1952 ab
2013 1913 2080 1952 eo
2113 1899 2166 1951 in
2203 1914 2431 1953 carcere
2460 1897 2712 1955 aﬂlictus.
2739 1900 3025 1954 Postremo
3049 1914 3232 1953 coram
3261 1896 3367 1952 Ur-

52 1999 310 2068 ποίηκε,
358 1997 458 2051 καὶ
506 1997 599 2049 ἐπὶ
645 1995 811 2049 πολὺν
858 1994 1049 2066 χρόνον
1096 1995 1154 2047 ὲν
1200 1993 1277 2064 τῷ
1321 1993 1681 2065 δεσμωτηρίῳ

54 2092 396 2145 ἐκολάσατο.
416 2090 737 2144 Τελευταῖον
752 2089 828 2153 δέ,
846 2090 935 2143 ὅτε
966 2089 1059 2142 ἐπὶ
1074 2087 1149 2155 Ob
1159 2087 1366 2161 ρϐικον,
1380 2084 1544 2159 ἦλθεν
1565 2086 1677 2158 (55)

51 2187 79 2235 ὁ
114 2184 443 2256 ἄνθρωπος,
479 2183 682 2255 ὁμοίως
716 2182 848 2236 αὐτὸ
882 2180 1040 2235 τοῦτο
1088 2181 1249 2252 μόνον
1286 2179 1591 2252 ἐξητάσθη,
1629 2183 1678 2235 εἰ

52 2279 143 2347 εἴη
177 2277 544 2349 Χριστιανός.
593 2276 703 2329 Καὶ
737 2276 919 2339 πάλιν,
956 2275 1024 2329 τὰ
1054 2274 1198 2328 καλὰ
1229 2274 1408 2357 ἑαυτῷ
1455 2291 1679 2327 συνεπι-

55 2372 341 2438 στάμενος
378 2370 468 2422 διὰ
500 2368 597 2440 τὴν
624 2367 730 2422 ἀπὺ
763 2368 855 2421 τοῦ
892 2366 1130 2440 Χριστοῦ
1165 2352 1409 2440 διδαχὴν,
1446 2369 1505 2421 τὸ
1537 2368 1677 2421 διδα-

56 2464 293 2516 σκάλιον
332 2462 446 2533 (56)
484 2462 583 2531 τῆς
629 2458 780 2524 θείας
814 2460 1019 2531 ἀρετῆς
1054 2459 1425 2531 ὡμολόγησεν.
1474 2462 1531 2513 '0
1564 2460 1673 2532 γάρ

54 2556 412 2627 ἀρνούμενος
444 2554 624 2608 ὁτιοῦν
655 2553 789 2623 (57),
818 2553 851 2625 ἢ
889 2552 1249 2621 κατεγνωκὼς
1283 2553 1375 2606 τοῦ
1412 2554 1674 2623 πράγμα-

50 2664 164 2712 τος,
203 2648 444 2718 ἔξαρνος
478 2648 705 2715 γίνεται,
740 2645 774 2717 ἢ
811 2645 1005 2698 ἑαυτὸν
1039 2642 1257 2709 ἀνάξιον
1306 2646 1669 2715 ἐπιστάμενος

54 2742 147 2794 καὶ
182 2740 480 2811 ἀλλότριον
513 2738 604 2791 τοῦ
630 2736 974 2808 πράγματος,
999 2737 1095 2809 τὴν
1123 2738 1414 2807 ὁμολογίαν
1441 2739 1633 2807 φεύγει
1651 2757 1664 2768 ·

50 2826 123 2885 ὧν
156 2832 324 2885 οὐδὲν
362 2832 621 2902 πρόσεστι
654 2832 730 2903 τῷ
773 2831 1012 2904 ἀληθινῷ
1044 2831 1376 2903 Χριστιανῷ.
1416 2831 1528 2885 Καὶ
1572 2832 1665 2885 τοῦ

54 2926 337 2997 Οὑρδξκου
402 2925 759 2990 κελεύσαντος
815 2925 976 2979 αὑτὸν
1035 2924 1385 2996 ἀπαχθῆναι,
1436 2924 1666 2988 Λούκιός

52 3033 165 3080 τις,
216 3016 324 3070 καὶ
377 3015 541 3080 αὐτὸς
586 3014 661 3069 ὣν
719 3015 1075 3087 Χριστιανὸς,
1124 3015 1265 3087 ὁρῶν
1311 3014 1409 3087 τὴν
1454 3015 1664 3084 ἀλόγως

53 3111 228 3175 οὕτως
278 3110 593 3180 γενομένην
640 3109 845 3182 κρίσιν,
882 3110 1019 3182 πρὸς
1067 3108 1156 3163 τὸν
1205 3107 1474 3181 Οΰρϐικον
1522 3108 1659 3179 ἔφη·

60 3222 77 3252 ι
101 3203 198 3266 Τίς
235 3205 271 3273 ἡ
311 3201 502 3267 atria;
540 3199 647 3253 Τοῦ
684 3198 794 3271 (58)
833 3200 968 3272 μήτε
1008 3199 1214 3270 μοιχὸν,
1254 3200 1393 3270 μήτε
1440 3198 1657 3270 πόρνον,

58 3295 194 3364 μήτε
227 3290 588 3361 ἀνδροφόνον,
640 3291 777 3361 μήτε
823 3288 1159 3359 λωποδύτην,
1212 3290 1348 3361 μήτε
1397 3289 1654 3360 ἅρπαγα,

58 3385 195 3454 μήτε
219 3381 421 3447 ἁπλῶς
455 3382 697 3452 ἀδίκημά
733 3398 784 3434 τι
819 3379 1104 3451 πράξαντα
1135 3380 1513 3451 ἐλεγχόμενον,
1542 3378 1658 3432 ὀνό-

60 3494 228 3544 ματος
263 3477 330 3530 δέ
365 3475 696 3548 Χριστιανοῦ
728 3474 839 3548 (59)
872 3474 1261 3546 προσωνυμίαν
1292 3473 1660 3545 ὁμολογοῦντα

56 3568 157 3623 τὸν
212 3569 513 3641 ἄνθρωπον
558 3567 745 3623 τοῦτον
793 3568 1037 3622 ἐκολάσω
1071 3566 1218 3641 (60);
1254 3568 1328 3621 Οὐ
1378 3567 1659 3639 πρέποντα

127 3704 237 3771 (50)
282 3705 619 3773 Διοίκησιν.
648 3702 953 3773 Legebatnr
980 3705 1031 3757 iii
1066 3702 1230 3757 editis
1258 3703 1458 3755 nostris
1498 3712 1553 3756 et
1601 3701 1656 3756 in

61 3773 393 3845 Eusebiana
429 3775 494 3827 ll.
542 3772 730 3845 Steph.
773 3775 1011 3845 editione
1059 3773 1205 3845 tte-ca
1240 3773 1337 3845 τὴν
1383 3774 1490 3826 τῶν
1518 3791 1659 3844 πραο

59 3847 285 3914 γμάτων
339 3844 812 3916 αὐτῆςνδιοζκησιν
859 3843 1146 3916 ὑπέσχετο.
1182 3843 1284 3898 Sed
1321 3843 1654 3916 postremum

60 3912 285 3967 verbum
323 3912 576 3982 exemplo
611 3912 812 3983 Valesii
840 3912 1055 3982 sustuli,
1083 3916 1227 3983 qttod
1278 3930 1376 3968 nec
1433 3914 1652 3979 Rufino,

62 4000 155 4038 nec
178 3984 502 4052 Nicephoro
531 3982 829 4054 cognitum,
868 3985 921 4054 in
950 4002 1058 4040 uno
1097 3982 1307 4038 tantum
1343 3985 1511 4054 Regio
1559 4001 1655 4039 co-

62 4056 174 4107 dice
205 4056 524 4109 recentiore
556 4056 852 4109 invenitur.
881 4053 973 4109 Sic
1003 4058 1147 4110 enim
1175 4057 1347 4109 reddit
1390 4053 1650 4110 Rulinns:

66 4143 82 4174 ι
124 4126 183 4178 Et
215 4124 315 4179 illa
347 4126 567 4194 quidem
600 4125 835 4178 libellum
866 4126 960 4180 tibi
986 4127 1206 4185 obtulit.
1243 4128 1563 4194 imperator,
1599 4136 1657 4179 ιιι

61 4197 231 4260 primo
268 4197 693 4261 permitteretur
730 4196 777 4249 ei
828 4210 942 4248 rem
996 4196 1319 4249 familiarem
1360 4196 1650 4263 ordinare;

65 4275 169 4318 tum
202 4265 409 4319 deinde
446 4266 795 4335 responderet
828 4265 1076 4331 objectis.
1106 4285 1123 4316 ι
1170 4266 1345 4319 liabet
1395 4265 1534 4319 alius
1564 4282 1656 4319 co-

64 4335 159 4388 dex
185 4337 573 4419 e'Colbertina
610 4335 968 4401 Bibliotheca,
1020 4336 1206 4391 itidem
1256 4351 1468 4402 recens,
1517 4337 1653 4390 ὑπο-

67 4421 303 4458 matiam
316 4446 330 4457 .

96 4424 523 4547 λίὒέιιῗηιίέγειν,
560 4477 798 4531 Verbum
837 4475 1144 4532 forensibus
1188 4476 1421 4545 negotiis
1444 4487 1650 4547 aptum,

66 4561 122 4599 ac
154 4549 218 4600 de
252 4548 329 4600 iis
351 4548 570 4600 solitum
600 4548 871 4615 usurpari,
907 4549 997 4616 qui
1040 4547 1185 4601 litem
1226 4558 1646 4615 persequuntur,

68 4628 117 4667 nt
148 4620 509 4670 observatum
544 4619 723 4671 estad
768 4618 931 4685 epist.
968 4620 1039 4673 3'5
1079 4617 1136 4671 S.
1172 4618 1379 4671 Basilii.

128 4688 233 4757 (δὲ)
288 4690 395 4741 Ὃν
418 4688 721 4755 Οῦρΰικος.
762 4685 989 4754 Legitur
1030 4690 1082 4741 iti
1134 4689 1387 4741 omnibus
1426 4688 1643 4744 Eusebii

68 4760 347 4813 codicibus
378 4770 590 4832 uisset
619 4759 777 4812 editis
806 4758 1115 4832 οὸρῦίκιος.
1148 4758 1255 4832 Sed
1276 4774 1399 4832 cum
1431 4775 1459 4811 a
1483 4759 1645 4832 Justi-

70 4843 129 4881 no
160 4839 396 4883 vocetur
429 4827 661 4895 Urbicus
679 4829 842 4882 semel
874 4827 924 4883 et
957 4831 1152 4883 iterum
1188 4830 1339 4882 initio
1356 4831 1641 4895 orationis,

66 4909 214 4965 atque
242 4899 419 4953 etiam
453 4892 663 4970 infrach
690 4899 954 4970 Οὕρόικε.
1001 4902 1173 4954 satius
1214 4901 1432 4952 videtur
1471 4902 1522 4953 in
1559 4892 1643 4956 his

67 4973 243 5034 etiam,
273 4985 402 5038 qua:
459 4985 525 5022 ex
576 4969 810 5023 Eusebio
864 4971 1148 5039 desumpta
1193 4980 1341 5033 sunt,
1392 4972 1641 5024 eamdem

66 5042 386 5108 scripturam
436 5041 613 5108 sequi.
663 5040 715 5093 Id
775 5043 921 5093 enim
978 5044 1269 5103 consentit,
1303 5048 1361 5092 ut
1388 5042 1643 5095 observat

69 5106 328 5179 Valesius,
358 5121 413 5162 et
442 5106 564 5161 cum
598 5114 767 5164 veteri
799 5112 1177 5179 inscriptione,
1208 5112 1259 5164 in
1289 5126 1393 5179 qua
1417 5123 1642 5165 vocatur

68 5178 123 5243 ρ.
149 5179 359 5234 Lollius
394 5179 643 5245 Urbicus,
670 5191 723 5234 et
755 5197 876 5234 cum
907 5178 1134 5249 Apuleio
1163 5182 1255 5250 qui
1296 5182 1347 5232 in
1393 5198 1490 5235 sua
1537 5182 1638 5234 De-

70 5252 305 5304 lensione
330 5268 434 5305 non
468 5253 659 5320 procul
702 5250 765 5307 ab
800 5252 976 5314 initio,
1017 5252 1351 5319 praefectura:
1386 5250 1637 5317 Urbana),

68 5334 214 5391 quam
261 5324 404 5375 idem
443 5323 613 5391 gessit
660 5322 908 5385 Urbicus,
960 5340 1063 5375 non
1108 5323 1341 5376 obscure
1371 5322 1637 5375 meminit.

72 5390 182 5466 “illi:
225 5394 715 5466 auteui_verba‘8v
748 5391 1015 5463 Οῧρϐικος
1051 5391 1349 5447 ἐκολάσατο
1390 5394 1640 5466 leguntur

72 5462 116 5533 in
141 5465 397 5515 omnibus
428 5462 649 5516 Eusebii
678 5479 808 5516 mss.
837 5467 1136 5529 codicibus,
1170 5467 1265 5519 sed
1306 5467 1447 5533 apud
1476 5463 1638 5519 Nice-

71 5531 287 5595 phorum
339 5534 560 5586 desunt.
600 5533 827 5587 Rufinus
879 5536 1094 5588 videtur
1138 5537 1223 5588 illa
1268 5531 1637 5603 iu‘interpre-

74 5605 219 5673 tando
258 5605 586 5673 neglexisse,
620 5608 765 5673 quod
792 5607 1008 5673 quidem
1050 5617 1104 5658 et
1143 5606 1353 5661 Valesio
1383 5608 1601 5660 accidit.

130 5670 569 5749 (353)7'Ekslurnc.
687 5670 994 5749 Stephanus
1020 5677 1144 5749 legit
1172 5678 1379 5749 ἐκείνῃ,
1401 5687 1455 5731 et
1479 5679 1638 5747 paulo

73 5754 175 5807 pust
206 5747 333 5798 αὐτὸ
360 5746 517 5800 τοῦτο
556 5747 717 5816 μόνον
756 5748 803 5797 εἰ
838 5746 1160 5816 Χριστιανός
1196 5746 1487 5811 satu-seti
1522 5749 1634 5800 fru-

73 5822 169 5864 stra
197 5817 247 5869 iu
278 5816 335 5871 S.
363 5817 584 5870 Justino
614 5819 937 5871 emendetur
965 5819 1224 5887 quidquid
1257 5836 1437 5875 minus
1475 5836 1635 5875 orna-

76 5890 171 5934 tum
208 5889 573 5956 grammaticis
600 5889 829 5942 videtur.

1781 1989 1906 2043 bico
1931 1990 2219 2054 adductus,
2251 1990 2505 2044 similiter
2539 1993 2588 2045 id
2624 2007 2788 2044 unum
2844 1991 3217 2058 interrogatus
3252 1998 3359 2054 est,

1781 2096 1849 2136 an
1884 2093 2030 2136 esset
2064 2082 2446 2148 Christianus;
2485 2098 2550 2138 ac
2579 2084 2839 2152 praeclare
2862 2084 2963 2138 sibi
3001 2084 3070 2137 ob
3106 2081 3360 2136 traditam

1780 2188 1809 2226 a
1838 2173 2059 2228 Christo
2085 2174 2392 2228 doctrinam
2427 2177 2701 2238 conscius,
2728 2176 3128 2229 institutionem
3156 2175 3362 2229 divina:

1778 2270 1996 2324 virtutis
2031 2270 2225 2324 iterum
2262 2268 2545 2324 confessus
2577 2278 2681 2323 est.
2723 2267 2856 2321 Nam
2888 2269 2977 2337 qui
3005 2278 3172 2338 negat
3194 2269 3359 2338 quid-

1777 2364 1945 2432 piam,
2005 2362 2090 2415 vel
2149 2363 2269 2417 ideo
2310 2364 2421 2434 90
2460 2372 2641 2433 negat,
2678 2362 2821 2432 quod
2861 2376 2974 2415 rem
3022 2360 3193 2429 ipsam
3227 2375 3359 2413 con-

1775 2456 2025 2518 demnet;
2061 2454 2145 2507 vel
2180 2470 2239 2508 se
2275 2455 2390 2524 ipse
2417 2456 2698 2524 indignum
2732 2453 2821 2507 illa
2859 2464 2915 2506 et
2950 2451 3359 2517 alienumnjudi-

1773 2563 1925 2614 cans,
1960 2549 2358 2604 confessionem
2414 2549 2585 2620 fugit;
2625 2562 2859 2617 quorum
2910 2555 3163 2600 neutrum
3216 2546 3357 2599 inest

1772 2656 1902 2696 vero
1956 2640 2294 2696 Christiano.
2358 2642 2491 2696 Cum
2545 2642 2712 2711 igitur
2764 2639 3001 2695 Urbicus
3052 2637 3118 2692 ad
3155 2637 3358 2705 suppli-

1770 2736 1915 2789 cium
1949 2736 2144 2790 abduci
2179 2735 2530 2789 Ptolemaeum
2554 2735 2845 2804 jussisset;
2881 2732 3079 2786 Luctus
3107 2732 3355 2801 quidam,

1768 2828 1859 2897 qui
1896 2839 1951 2881 et
1985 2828 2098 2896 ipse
2137 2828 2485 2883 Christianus
2536 2836 2671 2887 erat,
2713 2835 2820 2879 tam
2855 2826 3095 2878 alienum
3123 2839 3151 2876 ιι
3195 2824 3357 2877 ratio-

1768 2936 1835 2974 ne
1889 2919 2155 2988 judicium
2216 2920 2451 2985 vidcns,
2503 2920 2581 2972 sic
2649 2916 2907 2973 Urbicum
2958 2914 3349 2985 compellavit:

1770 3030 1788 3063 ι
1824 3011 1960 3078 Quid
1980 3027 2157 3065 causa:
2179 3011 2300 3066 est?
2322 3010 2432 3066 Cur
2459 3012 2583 3066 huic
2603 3011 2807 3065 homini
2838 3026 2938 3065 nec
2969 3009 3220 3063 adulterii
3246 3024 3352 3062 nec

1764 3104 1934 3172 Stupri
1990 3120 2107 3171 reo,
2146 3120 2243 3159 nec
2280 3105 2600 3168 homicidae,
2654 3120 2755 3159 nec
2790 3106 2933 3171 furi,
2976 3119 3075 3158 nec
3119 3103 3349 3171 raptori,

1767 3210 1865 3248 nec
1897 3194 2058 3249 ullius
2093 3195 2341 3249 maleficii
2367 3197 2645 3261 convicto,
2689 3198 2784 3250 sed
2805 3205 3012 3250 tantum
3050 3195 3347 3251 Christiani

1765 3288 2002 3342 nominis
2031 3288 2448 3358 appellationem
2485 3289 2766 3343 confitenti
2806 3303 3023 3357 poenam
3065 3290 3346 3358 irrogave-

1761 3380 1878 3433 ris?
1912 3378 2024 3434 Non
2059 3392 2118 3435 ut
2149 3382 2301 3437 decet
2334 3382 2480 3449 pium
2519 3383 2924 3452 imperatorem,
2952 3395 3050 3435 nec
3087 3391 3145 3433 ut
3174 3381 3351 3449 philo-

1760 3475 1991 3545 50pbnm
2016 3473 2255 3528 Ctesaris
2294 3475 2485 3537 ﬁlium,
2523 3490 2621 3528 nec
2651 3485 2708 3528 ut
2737 3484 3152 3529 sacrosanctum
3182 3488 3345 3526 sena-

1760 3575 1898 3633 tum,
1930 3568 2166 3635 jndicas,
2210 3566 2427 3622 Urbice.
2472 3586 2491 3620 ι
2554 3568 2689 3622 Tum
2747 3568 2836 3621 ille
2888 3567 3028 3621 nihil
3068 3566 3213 3619 aliud
3252 3581 3343 3620 re-

1831 3703 1940 3775 (574).
1980 3703 2375 3773 Ἀνερωτῆσαι
2404 3702 2550 3757 αὐτὸ
2585 3704 2759 3759 τοῦτο
2786 3705 2996 3772 μόνον,
3024 3705 3094 3756 εἰ,
3118 3701 3193 3755 Ita
3220 3718 3341 3775 cum

1759 3773 2143 3844 H.’Stephano
2180 3786 2235 3829 et
2286 3776 2577 3838 Pearsono,
2627 3793 2723 3845 pro
2761 3775 2901 3845 vulg.
2932 3775 3096 3845 dvsp.
3132 3775 3180 3824 εἰ
3210 3773 3343 3825 αὐτὸ

1759 3794 1825 3828 ΙΙ.
1867 3794 2143 3844 atepnano
2180 3794 2235 3829 el
2286 3794 2577 3838 rearsono,
2627 3794 2723 3845 pro
2761 3794 2845 3827 VU!
2865 3794 2901 3829 ὀ
2932 3794 3096 3845 ανερ.
3132 3794 3180 3824 ει
3210 3794 3340 3825 αυτο

1756 3845 1913 3899 τοῦτο
1949 3845 2105 3915 μόνον
2140 3847 2505 3915 reponendum
2531 3860 2746 3912 censeo,
2789 3794 2878 3897 vei
2919 3854 3027 3897 tota
3083 3842 3340 3897 librario-

1757 3932 1878 3969 rum
1931 3919 2154 3970 natione
2208 3925 2561 3985 repugnante,
2590 3931 2713 3970 cum
2747 3915 3203 3985 praesertimmox
3251 3929 3340 3985 se-

1757 3996 1955 4054 quatur
1995 3987 2199 4057 ὁμοίως
2243 3983 2374 4039 αὑτὸ
2425 3986 2581 4041 τοῦτο
2630 3987 2790 4057 μόνον
2842 3983 3134 4056 ἐξητάσθη,
3171 3984 3341 4057 sisit;

1757 4005 1955 4054 quatur
1995 4005 2025 4038 ο
2071 4005 2199 4050 οιως
2243 4005 2374 4039 auro
2425 4005 2581 4041 τουτο
2630 4005 2790 4057 μονον
2842 4005 3134 4056 εςητασση,
3171 4005 3219 4036 ει
3252 4005 3341 4056 ειη

1754 4005 2101 4126 Χριστιανὲς.
2168 4057 2507 4125 Aslipulatur
2565 4056 2800 4119 Gwzius,
2844 4061 2947 4109 nisi
2982 4059 3123 4125 quod
3178 4055 3341 4109 αὐτόν

1755 4128 1978 4194 scribit;
2012 4130 2106 4182 sed
2131 4128 2262 4180 αὑτό
2298 4134 2436 4182 bene
2466 4143 2525 4181 se
2555 4130 2741 4185 habet.
2772 4126 2949 4181 OTTO.

1829 4196 1940 4269 (55)
1974 4199 2077 4253 Pro
2102 4198 2317 4269 vulgato
2345 4194 2528 4269 ἦλθεν,
2566 4215 2753 4253 vocem
2790 4196 2951 4269 ἤχθη,
2981 4196 3200 4265 optimis
3222 4197 3341 4269 En-

1755 4268 1889 4322 sebii
1919 4267 2683 4333 eodicibus'mss.'lirmatam,
2717 4267 2817 4322 nec
2849 4267 3119 4322 Pearsono
3146 4308 3162 4333 ,
3206 4268 3337 4323 Gal-

1756 4340 1942 4409 landio
1972 4349 2028 4392 et
2057 4338 2259 4392 Goezio
2292 4341 2680 4407 improbatam,
2716 4354 2979 4407 reponere
3027 4355 3135 4393 non
3173 4338 3336 4392 dubio

1757 4410 1886 4461 tavi.
1920 4411 2099 4466 Οττο.

1826 4479 1934 4550 (56)
1974 4477 2392 4533 Αίδαο-κάλων.
2424 4478 2613 4533 Melius
2646 4478 2806 4550 forte
2853 4476 3247 4550 διδασκαλεῖον,
3278 4486 3336 4532 ιιι

1757 4550 1810 4604 in
1837 4548 2061 4604 duobus
2089 4551 2421 4604 tjolbertinis
2448 4549 2871 4617 antiquioribus,
2895 4561 2950 4603 et
2981 4551 3191 4604 duobus
3229 4548 3333 4601 lle-

1682 4618 1723 4672 D
1753 4622 1875 4690 giis,
1905 4636 2136 4689 quorum
2170 4636 2308 4673 unus
2337 4620 2490 4671 valde
2518 4622 2798 4690 antiquus.

1818 4686 1937 4763 (57)
1983 4690 2228 4763 Ὀτιοῦν,
2258 4689 2336 4743 lta
2370 4700 2483 4743 tres
2513 4686 2809 4763 Colbei'tini
2833 4688 3144 4763 codiceset
3192 4686 3334 4763 alius

1747 4758 1889 4817 infer
1912 4758 2111 4831 Regios
2143 4762 2297 4813 valde
2328 4762 2607 4829 antiquus.
2638 4761 2729 4815 Sic
2772 4762 2937 4814 etiam
2976 4770 3030 4815 et
3050 4758 3331 4831 Nicepho-

1748 4850 1860 4898 rus,
1901 4828 2095 4886 melius
2131 4833 2399 4901 profecto,
2431 4848 2594 4899 quam
2643 4844 2699 4885 nt
2732 4833 2783 4884 in
2830 4833 2991 4883 editis
3042 4828 3231 4885 lustini
3276 4841 3332 4883 et

1748 4904 1984 4973 Eusebii_
2030 4903 2112 4956 ὃτι
2173 4902 2273 4954 οὐκ
2332 4903 2443 4973 εἴη.
2526 4902 2749 4956 Videtur
2820 4901 3051 4954 lluliuus
3139 4901 3333 4969 legisse

1744 4973 1921 5026 ὁτιοῦν
2050 4969 2417 5046 lledditenini
2446 4990 2459 5024 :
2501 4992 2518 5024 ι
2551 4974 2651 5039 Qui
2696 4984 2856 5041 negat
2885 4973 3028 5040 quod
3059 4981 3142 5026 est
3165 5012 3179 5035 ,
3211 4973 3331 5026 sine

1746 5046 1911 5097 dubio
1937 5043 2205 5110 culpabile
2237 5043 2449 5110 judicat
2478 5061 2598 5099 esse
2627 5046 2771 5111 quod
2804 5054 2983 5112 negat.
3022 5061 3040 5092 ι

1815 5115 1925 5193 (58)
1972 5114 2083 5193 Τοῦ
2109 5130 2207 5181 pro
2241 5115 2404 5193 τίνος,
2440 5116 2895 5193 subintelligendo
2928 5112 3111 5184 χάριν,
3142 5112 3195 5166 id
3224 5119 3326 5179 est,

1743 5187 1895 5252 cujus
1926 5190 1995 5237 rei
2028 5202 2210 5249 causa,
2238 5189 2346 5246 vel,
2374 5201 2485 5238 cur.
2525 5187 2696 5239 Eutr.
2718 5187 2959 5239 ΡΑτιιοι..

1814 5256 1925 5326 (59)
1979 5255 2300 5324 Ὀνόματος
2332 5255 2401 5308 δὲ
2428 5256 2807 5323 Χριστιανοῦ.
2843 5258 2948 5309 Pro
2990 5257 3074 5309 bis
3095 5252 3327 5326 vocibus

1744 5324 1941 5396 legitur
1971 5327 2022 5378 in
2053 5328 2287 5380 Clarum.
2320 5338 2375 5380 et
2397 5326 2530 5395 Reg.
2563 5335 2620 5381 et
2649 5327 2714 5381 ﬂ.
2748 5326 2938 5396 Steph.
2968 5345 2981 5380 :
3007 5324 3326 5396 παθήματος

1742 5394 2090 5466 δὲ’Χριστοῦ,
2125 5413 2244 5465 quae
2274 5394 2510 5465 quidem,
2543 5400 2761 5453 omissis
2793 5394 2860 5452 iis
2919 5415 3039 5466 qua:
3070 5394 3327 5449 exEnse—

1743 5469 1832 5522 bio
1864 5476 2145 5536 desumpta
2176 5469 2440 5531 diximus,
2471 5468 2872 5537 conjunguntur
2901 5483 3020 5522 cum
3048 5468 3133 5520 his
3160 5481 3325 5537 supe-

1744 5539 1983 5592 rioribus
2012 5541 2189 5609 verbis
2221 5539 2364 5609 ἕγνω
2396 5538 2555 5609 αὕτη,
2594 5536 2695 5608 pro
2722 5542 2917 5609 quibus
2951 5549 3132 5609 tanien
3161 5536 3326 5590 habet

1741 5609 1979 5662 Clarum.
2008 5601 2449 5674 ἐγνωκανόἷιτοι,
2481 5601 2549 5664 σι
2573 5601 2703 5674 Reg.
2740 5601 2981 5676 ἔγνωσαν
3014 5601 3178 5661 οὗτοι.

1814 5679 1923 5751 (60)
1974 5680 2296 5735 Ἐκολιὶσω.
2356 5683 2661 5749 Legendum
2719 5691 2871 5748 putat
2904 5679 2997 5751 Ali.
3043 5678 3234 5751 Steph.
3260 5676 3326 5733 σὲ

1740 5748 1985 5814 κολάσαι,
2023 5752 2106 5803 vel
2146 5754 2339 5807 saltem
2366 5748 2483 5821 post
2529 5753 2624 5804 has
2674 5765 2835 5821 voces
2862 5748 3011 5821 τίςγὴ
3045 5749 3325 5821 αἰτίαού-

1743 5825 1981 5894 dentium
2005 5820 2073 5872 δι’
2111 5822 2195 5891 ἦν.
2219 5820 2375 5894 Legit
2401 5821 2680 5881 Thirlbius
2718 5820 2821 5875 τίνι
2856 5820 3007 5892 αἰτία
3042 5822 3153 5877 τόν.
3189 5820 3326 5879 Vide

1743 5891 1950 5961 Dialog.
1980 5909 2031 5945 n.
2060 5894 2149 5948 ΞΟ.
