3770 6484
61 376 196 434 149

1182 370 1529 430 APOLOGIA
1566 369 1609 424 II
1647 366 1786 426 PRO
1821 368 2287 428 CHRISTIANIS.

3272 360 3382 420 ιεο

72 510 182 550 ut:
206 536 226 562 ,
260 495 498 568 δημοσίᾳ
540 495 989 567 καταμαρτυρεῖ,
1022 491 1098 558 ὡς
1142 491 1321 547 ἀθέων
1352 491 1449 546 καὶ
1488 489 1677 546 ἀσεϐῶ

1860 505 1925 544 lae
1965 504 2194 559 prorsus
2240 490 2478 559 ignorat,
2529 488 2723 544 atheos
2754 497 2811 544 et
2844 489 3041 560 impios
3062 502 3189 544 esse
3218 487 3365 544 Chrir

60 587 435 658 Χριστιανῶν
457 587 645 651 ὄντων,
670 586 806 659 πρὸς
828 585 986 656 χάριν
1008 584 1104 636 καὶ
1127 582 1319 655 ἡδονὴν
1345 580 1453 634 τῶν
1478 578 1687 634 πολλῶν

59 692 188 729 των
222 675 665 747 πεπλανημένων
681 674 793 746 (75)
810 673 980 727 ταῦτα
1006 671 1278 745 πράττων.
1296 670 1433 724 Εἴτε
1459 670 1587 742 γὰρ,
1610 668 1687 741 μὴ

62 769 333 841 ἐντυχὼν
349 772 460 834 τοῖς
479 768 572 822 τοῦ
587 770 630 822 Χ
641 765 821 840 ριστοῦ
832 764 1145 836 διδάγμασι,
1160 763 1486 837 κατατρέχει
1506 765 1539 835 ἡ
1547 763 1684 835 μῶν,

57 860 455 932 παμπόνηρός
491 862 637 925 ἐστι,
674 860 769 914 κα)⁵
816 858 1040 915 ἰδιωτῶν
1088 856 1266 927 πολλῷ
1315 856 1513 928 χείρων
1548 854 1684 929 (76),

60 953 118 1005 οἶ
158 952 539 1021 φυλάττονται
573 952 833 1016 πολλάκις
864 953 994 1026 περὶ
1022 946 1097 1007 ὧν
1115 953 1215 1005 οὐκ
1237 949 1551 1004 ἐπίστανται
1570 948 1686 1003 δια-

58 1043 349 1112 λέγεσθαι
366 1044 460 1097 καὶ
476 1044 967 1116 ψευδομαρτυρεῖν.
988 1046 1057 1098 Ἦ
1090 1045 1139 1097 εἰ
1172 1041 1430 1113 ἐντυχὼν,
1456 1042 1530 1114 μὴ
1560 1056 1683 1094 συν·

60 1138 178 1208 ἧκε
258 1137 323 1190 τὸ
354 1138 415 1191 ἐν
450 1138 635 1200 αὐτοῖς
673 1136 960 1207 μεγαλεῖον
996 1136 1126 1207 (77)·
1162 1136 1195 1207 ἢ
1233 1133 1433 1197 συνεὶς,
1457 1133 1593 1204 πρὸς
1625 1130 1685 1186 τὺ

66 1230 151 1299 μὴ
190 1228 611 1300 ὕποπτευθῆναι
644 1227 882 1293 τοιοῦτΟς
914 1227 1089 1281 ταῦτα
1121 1229 1284 1291 ποιεῖ,
1312 1225 1446 1279 πολὺ
1484 1224 1684 1296 μᾶλλον

59 1321 325 1392 ἀγεννὴς
356 1322 456 1376 καὶ
491 1321 868 1394 παμπόνηρος,
908 1320 1182 1391 ἰδιωτικῆς
1217 1318 1311 1373 καὶ
1357 1318 1552 1387 ἀλόγου
1597 1316 1683 1371 δό-

61 1409 172 1479 ξης
228 1411 332 1464 καὶ
380 1409 548 1479 φόϐου
582 1410 817 1465 ἐλάττων
839 1409 936 1463 ὢν.
975 1409 1087 1464 Καὶ
1120 1408 1228 1479 γὰρ
1263 1406 1535 1479 προθέντα
1569 1406 1681 1479 (78)

68 1520 143 1572 με
176 1502 291 1556 καὶ
323 1504 680 1573 ἐρωτήσαντα
712 1502 874 1556 αὑτὸν
897 1502 1192 1574 ἐρωτήσεις
1224 1498 1376 1562 τινὰς
1407 1496 1680 1562 τοιαύτας,

61 1596 171 1648 καὶ
212 1594 417 1666 μαθεῖν
450 1594 563 1666 (79)
609 1594 704 1649 καὶ
750 1594 968 1663 ἐλέγξαι
1000 1594 1081 1647 ὅτι
1115 1591 1330 1665 ἀληθῶς
1366 1589 1530 1663 μηδὲν
1564 1590 1683 1644 ἐπι-

66 1701 304 1749 σταται,
329 1685 535 1739 εἰδέναι
569 1685 714 1756 ὑμᾶς
750 1684 1033 1755 βούλομαι.
1057 1683 1170 1737 Καὶ⁹
1199 1684 1282 1735 ὃτι
1314 1680 1491 1753 ἀληθῆ
1513 1680 1677 1749 λέγω,

62 1778 118 1828 ει
173 1776 261 1848 μὴ
303 1776 686 1849 άνηνέχθησαν
732 1777 861 1847 ὑμῖν
910 1777 966 1830 αἱ
1013 1774 1289 1828 κοινωνίαι
1334 1774 1441 1827 τῶν
1483 1774 1677 1843 λόγων,

63 1847 304 1939 ἕτοιμος
338 1847 437 1922 καὶ
470 1847 742 1939 ἔφ’ίὺμῶν
775 1871 1053 1922 κοινωνεῖν
1085 1865 1193 1920 τῶν
1225 1865 1549 1938 ἐρωτήσεων
1581 1865 1685 1918 πά·
1716 1847 1759 1903 Β

64 1960 178 2015 λιν.
222 1962 524 2016 Βααιλικδν
572 1962 617 2016 δ’
650 1960 715 2015 ἂν
748 1961 845 2015 καὶ
878 1960 1037 2014 τοῦτο
1070 1959 1228 2031 ἔργον
1262 1959 1366 2031 εἴη.
1403 1960 1466 2012 Εἰ
1497 1957 1553 2010 δὲ
1588 1956 1683 2011 καὶ

67 2053 445 2124 ἐγνώσθησαν
482 2056 609 2124 ὑμῖν
644 2056 698 2108 αἱ
734 2055 1034 2125 ἐρωτήσεις
1071 2069 1193 2123 μου,
1228 2051 1324 2105 καὶ
1371 2053 1425 2104 αἱ
1473 2050 1682 2104 ἐκείνου

68 2148 432 2222 ἀποκρίσεις,
469 2149 703 2221 φανερὸν
735 2150 864 2219 ὑμῖν
905 2149 1074 2211 ἐστιν,
1110 2147 1193 2199 δτι
1225 2146 1376 2200 οὐδὲν
1409 2146 1515 2199 τῶν
1549 2148 1684 2217 ἡμε-

68 2243 259 2315 τέρων
286 2241 407 2313 (80)
444 2242 767 2296 ἐπίσταταιο
805 2240 861 2313 ἢ,
897 2242 946 2294 εἰ
978 2241 1073 2295 καὶ
1105 2239 1391 2293 ἐπίσταται
1428 2239 1561 2310 (81),
1596 2240 1683 2293 διὰ

66 2337 203 2398 τοὺς
238 2334 550 2397 ἀκούοντας
578 2334 636 2387 δὲ
668 2335 729 2387 οὐ
762 2332 936 2405 τολμᾷ
956 2332 1138 2401 λέγειν
1158 2331 1358 2402 ὁμοίως
1378 2332 1678 2404 Σωκράτει,

68 2427 147 2491 ὡς
184 2427 473 2498 προέςρην,
506 2428 568 2481 οὐ
603 2426 910 2497 φιλόσοφος,
946 2424 1083 2480 ἀλλὰ
1116 2424 1388 2495 φιλόδοξος
1412 2426 1522 2497 (82)
1546 2427 1684 2499 ἀνὴρ

67 2520 398 2574 δείκνυται·
436 2522 495 2584 ὃς
526 2536 591 2589 γε
628 2519 702 2592 μὴ
736 2519 796 2573 τὸ
818 2520 929 2591 (85)
965 2518 1330 2589 Σωκρατικὸν,
1365 2518 1687 2591 ἀξιέραστον

71 2610 154 2673 ὃν,
192 2611 366 2681 τιμᾷ,
408 2629 425 2661 ι
450 2609 588 2662 Ἀλλ’
618 2609 733 2663 οὔτι
767 2626 831 2678 γε
866 2609 974 2681 πρὸ
1008 2608 1106 2679 τῆς
1139 2607 1398 2680 ἀληθείας
1430 2610 1686 2680 τιμητέος

66 2707 175 2773 diri;
186 2721 239 2776 ρ.
279 2724 301 2757 ι
324 2702 613 2757 Ἀδύνατον
629 2703 685 2758 δὲ
700 2702 924 2774 κυνικῷ,
948 2702 1241 2774 ἀδιάφορον
1263 2703 1322 2755 τὸ
1348 2702 1499 2765 τέλος
1524 2720 1685 2775 προε-

71 2796 251 2867 μένῳ,
290 2796 359 2848 τὸ
390 2794 598 2865 ἀγαθὸν
631 2795 832 2850 ειδέναι
868 2792 1007 2866 πλὴν
1041 2794 1386 2863 ἀδιαφορίας.

1791 583 2032 646 stianos,
2063 585 2129 637 ad
2159 582 2392 653 gratiam
2416 590 2471 637 et
2498 582 2834 653 voluptatem
2860 583 3102 652 deceptae
3120 582 3372 649 plebecu-

1789 673 1855 730 la:
1884 689 2234 730 asseverans.
2272 674 2409 728 Nam
2446 675 2514 739 si,
2548 689 2669 729 cum
2694 676 3000 729 doctrinam
3034 675 3240 729 Christi
3268 690 3375 730 non

1788 760 1998 833 legerit,
2033 778 2130 819 nos
2174 772 2357 818 tamen
2387 765 2662 832 exagitat,
2714 765 3085 834 nequissimus
3132 765 3380 835 profecto

1788 864 1873 909 est
1899 869 1963 909 ac
1999 856 2169 917 multo
2205 856 2444 911 deterior
2466 855 2571 926 9],
2604 857 2920 913 hominibus
2961 857 3246 927 imperitis,
3284 858 3378 927 qui

1788 960 1933 1016 stepe
1964 957 2201 1012 cavent,
2239 963 2308 1002 ne
2340 949 2408 1003 de
2441 950 2627 1015 rebus,
2667 965 2804 1020 quas
2837 951 3109 1022 ignorant,
3149 952 3381 1019 loquan-

1788 1050 1882 1095 tur
1910 1049 1964 1096 et
1991 1040 2189 1094 falsum
2228 1041 2598 1097 testimonium
2628 1044 2841 1099 dicant.
2867 1043 2965 1097 Sin
2992 1054 3183 1097 autem
3221 1042 3375 1113 legit,

1786 1148 1896 1189 non
1948 1133 2219 1188 intellexit
2275 1134 2435 1203 hujus
2469 1134 2732 1189 doctrina:
2765 1136 3143 1202 majestatem;
3190 1146 3290 1188 aut
3321 1134 3374 1189 si

1786 1223 2093 1289 intellexit,
2127 1240 2196 1279 ne
2226 1225 2596 1282 Christianum
2645 1242 2769 1282 esse
2801 1212 2951 1281 illum
3000 1228 3253 1282 homines
3285 1242 3377 1280 su-

1788 1317 2172 1388 spicentur,ita
2191 1331 2249 1373 se
2266 1318 2426 1387 gerit,
2455 1334 2519 1374 ac
2544 1318 2713 1374 multo
2738 1321 2910 1391 magis
2941 1320 3167 1389 ignavus
3192 1328 3278 1373 est
3309 1328 3371 1373 et

1782 1410 2076 1482 pessimus,
2115 1418 2173 1464 ut
2214 1411 2305 1480 qui
2342 1412 2587 1481 papulari
2617 1426 2672 1470 et
2699 1428 2727 1467 a
2768 1414 2979 1467 ratione
3017 1412 3193 1467 aliena
3252 1412 3374 1481 opi-

1783 1502 1947 1557 nione
1985 1518 2049 1557 ac
2078 1513 2225 1558 metu
2251 1514 2558 1574 superetur.
2597 1506 2731 1559 Illud
2756 1507 2901 1560 enim
2933 1506 3081 1561 scire
3130 1520 3227 1559 vos
3275 1518 3373 1558 ve-

1783 1593 1876 1649 lim
1911 1610 2020 1661 me,
2048 1610 2171 1650 cum
2209 1597 2504 1652 nonnullas
2539 1599 2590 1654 ei
2622 1599 3080 1668 interrogationes
3105 1595 3372 1664 ejusmodi

1783 1678 2207 1755 proposuissent,
2249 1687 2513 1743 didicisse
2544 1698 2601 1743 et
2648 1689 3075 1759 deprehendisse
3102 1687 3253 1741 illum
3285 1701 3371 1739 re.

1782 1793 1907 1834 vera
1941 1779 2074 1833 nihil
2098 1778 2262 1833 scire.
2296 1780 2474 1850 Atque
2503 1790 2563 1835 ut
2591 1796 2780 1835 verum
2820 1796 2850 1835 a
2897 1796 2986 1836 me
3026 1779 3134 1834 dici
3171 1785 3373 1847 pateat,

1785 1883 2012 1943 paratus
2054 1887 2194 1935 sum,
2245 1870 2292 1927 si
2336 1876 2733 1943 disputationes
2775 1874 2879 1927 illa:
2912 1873 2978 1928 ad
3009 1888 3105 1927 vos
3148 1870 3375 1941 perlata:

1787 1979 1893 2018 non
1916 1975 2064 2031 sunt,
2096 1983 2282 2022 coram
2309 1968 2466 2022 vobis
2504 1966 2965 2037 interrogationes
3003 1965 3198 2017 iterum
3252 1975 3376 2031 pro-

1783 2070 2007 2125 ponere.
2040 2059 2267 2131 Regium
2295 2076 2426 2116 sane
2459 2061 2563 2116 hoc
2593 2060 2757 2113 etiam
2779 2074 2914 2129 opus
2940 2056 3123 2111 fuerit.
3155 2055 3213 2109 Si
3238 2066 3370 2108 vero

1784 2152 1853 2204 ad
1902 2167 2064 2207 aures
2115 2164 2330 2209 vestras
2388 2154 2848 2223 interrogationes
2908 2164 3067 2214 meae,
3116 2148 3373 2215 illiusque

1783 2259 2039 2315 reSponsa
2074 2255 2469 2315 pervenerunt,
2510 2245 2683 2313 liquet
2714 2242 2867 2297 vobis
2901 2241 3037 2296 nihil
3069 2254 3193 2294 eum
3224 2239 3369 2292 scire

1786 2350 1967 2390 rerum
2000 2348 2346 2405 nostrarum;
2382 2348 2476 2392 aut
2528 2338 2573 2393 si
2618 2338 2722 2392 scit
2758 2336 2847 2390 ille
2871 2337 3115 2405 quidem,
3139 2333 3233 2387 sed
3272 2346 3371 2385 au-

1787 2428 2051 2485 dientium
2104 2445 2249 2489 metu
2308 2450 2417 2488 non
2458 2433 2623 2487 audet
2666 2432 2733 2486 ad
2775 2427 3084 2499 exemplum
3117 2423 3370 2480 Socratis

1788 2522 2000 2593 eloqui;
2044 2539 2148 2576 non
2180 2524 2588 2595 philosophum,
2618 2524 2803 2592 ntjam
2832 2521 2975 2585 dixi,
3007 2520 3102 2574 sed
3151 2515 3367 2586 opinio-

1788 2632 1916 2670 num
1951 2630 2251 2672 amatorem
2289 2617 2657 2687 deprehendi;
2698 2617 2899 2687 quippe
2931 2612 3022 2683 qui
3062 2607 3367 2680 pulcherri-

1788 2724 1936 2764 mum
1966 2712 2095 2766 illud
2123 2714 2368 2769 Socratis
2391 2715 2597 2768 dictum
2621 2711 2773 2782 parvi
2804 2708 2969 2762 faciat
3006 2723 3019 2760 :
3057 2720 3077 2755 ι
3118 2702 3223 2757 Sed
3248 2699 3370 2768 plus

1789 2800 2014 2860 honoris
2072 2824 2177 2862 non
2231 2818 2317 2863 est
2372 2807 2676 2863 habendum
2735 2801 2965 2867 homini,
3023 2812 3185 2868 quam
3229 2793 3371 2846 veri-

65 2890 171 2943 tati
198 2891 320 2942 δ’.»
364 2890 559 2945 Verum
586 2890 855 2961 integrum
908 2890 1115 2960 Cynico
1148 2906 1256 2945 non
1289 2900 1395 2957 est,
1454 2890 1622 2947 linem
1679 2894 1933 2954 ultimum
1992 2902 2048 2958 in
2106 2904 2472 2961 indifferentia
2525 2900 2900 2967 constituenti,
2961 2895 3105 2950 aliud
3167 2893 3368 2946 bonum

66 2992 277 3054 praeter
302 2986 449 3039 hanc
489 2983 906 3039 indifferentiam
934 2986 1276 3041 existimare.

144 3075 203 3129 4.
254 3074 450 3140 Ὅπως
471 3075 527 3130 δὲ
553 3077 625 3148 μή
654 3095 737 3140 τις
758 3077 886 3149 εἴπῃ
913 3076 1023 3149 (84)
1042 3093 1057 3107 ⁶
1090 3078 1297 3143 Πάντες
1320 3068 1413 3132 οὖν
1442 3080 1673 3145 ἑαυτοὺς

1851 3081 1905 3135 4.
1949 3079 2055 3135 Sed
2085 3097 2152 3137 ne
2177 3082 2298 3152 quis
2339 3083 2412 3136 ita
2456 3084 2642 3136 dicat:
2673 3100 2691 3132 ι
2720 3079 2923 3136 Omnes
2961 3080 3125 3149 igitur
3196 3088 3369 3134 morte

70 3165 452 3237 φονεύσαντες
481 3166 777 3239 πορεύεσθε
806 3168 909 3239 ἤδη
939 3168 1088 3241 παρὰ
1108 3169 1206 3225 τὸν
1236 3169 1389 3238 Θεὸν,
1418 3170 1511 3225 καὶ
1541 3172 1672 3243 ἡμῖν

1857 3174 1934 3227 bis
1962 3174 2092 3244 ipsis
2117 3174 2263 3228 illata
2290 3173 2403 3244 jam
2434 3189 2579 3229 nunc
2597 3175 2744 3228 abite
2778 3174 2846 3228 ad
2877 3173 3065 3238 Deum,
3090 3184 3189 3224 nec
3215 3167 3371 3224 nobis

144 3348 198 3381 δ’
236 3347 388 3403 Plat.
416 3364 455 3402 ι
490 3346 564 3402 De
590 3364 728 3417 rep.,
753 3364 811 3419 p.
844 3347 968 3404 595.

147 3504 272 3574 (75)
310 3502 831 3575 Πεπλανημένων.
864 3500 953 3556 Sic
984 3502 1149 3556 etiam
1175 3502 1407 3558 Rnlinus
1450 3511 1504 3575 et
1537 3502 1677 3559 Nise

1857 3513 1894 3563 t,
1926 3503 1959 3575 ἢ
1985 3504 2031 3555 et
2055 3501 2254 3575 συνείς,
2279 3511 2330 3555 et
2361 3500 2781 3575 distinguitpost
2813 3500 3073 3575 ἐντυχών.
3098 3501 3234 3575 Male
3264 3500 3370 3575 Eu:

78 3572 305 3646 phbrtis
340 3583 426 3646 _et
490 3582 601 3626 tres
630 3574 965 3646 antiquiores
1009 3588 1137 3646 mss.
1186 3576 1425 3628 codices.
1464 3572 1570 3646 Sed
1607 3582 1688 3646 ta-

78 3642 213 3701 inen
255 3642 502 3697 Valesius
557 3644 767 3715 retinet
800 3643 1255 3715 πεπλανημένως,
1291 3654 1456 3714 atque
1501 3645 1575 3698 ita
1611 3644 1687 3699 le-

90 3715 345 3786 gendum
380 3713 838 3786 esse_cont_endit.

154 3783 276 3856 (76)
313 3782 535 3856 Πολλῷ
572 3783 917 3856 χείρωῃιιιι
951 3782 1216 3856 editiones
1249 3784 1465 3839 Eusebii
1501 3792 1556 3839 et
1589 3800 1687 3839 co-

81 3853 187 3911 dex
252 3853 666 3909 vetustissimus
734 3853 913 3917 Colb.,
951 3855 1036 3909 cui
1089 3856 1363 3909 consentit
1419 3855 1558 3909 alius
1618 3870 1688 3909 ex

82 3926 287 3997 Regiis
341 3924 495 3977 valde
529 3924 805 3997 antiquus,
825 3934 1062 3997 excepto
1092 3925 1237 3997 quod
1274 3926 1434 3997 habet
1483 3926 1684 3997 χεῖρον.

82 3993 334 4052 Codices
368 3995 703 4064 recentiores
735 4005 791 4049 et
822 3993 1162 4064 Nicephorius
1197 3995 1421 4064 habent,
1461 3993 1518 4049 ut
1552 3993 1685 4049 editi

84 4066 299 4129 nostri,
336 4061 490 4118 πολύ.
528 4063 673 4118 infra
729 4061 1137 4119 vetustissimus
1187 4069 1357 4119 codex
1409 4061 1688 4121 'Colberti-

85 4154 198 4192 nus
229 4135 401 4190 habet
434 4132 516 4187 ὢν
551 4132 780 4197 ἐλάττω,
817 4136 956 4189 alius
991 4136 1174 4190 itidem
1209 4135 1361 4190 Colb.
1400 4138 1555 4191 valde
1587 4153 1685 4190 an-

86 4210 281 4277 tiquus
316 4196 392 4277 ὧν
427 4205 683 4259 ἐλάττων.
712 4196 787 4277 lt_a
823 4214 887 4277 et
915 4204 1186 4277 Bobertus
1219 4206 1551 4277 Stephanus.
1577 4205 1685 4261 Re-

84 4268 412 4354 gio/slalfle
447 4279 708 4354 antiquus
738 4268 1080 4354 tiwﬁkdscm:

162 4346 290 4415 (Π)
326 4345 424 4413 Μὴ
451 4344 693 4416 συνῆκε
713 4345 777 4399 τὸ
806 4344 875 4398 ὲν
900 4345 1103 4413 αὐτοῖς
1127 4345 1466 4416 μεγαλεῖον.
1508 4346 1673 4403 Ense.

88 4419 185 4473 bio
218 4417 453 4472 debetur
482 4415 643 4481 hujus
686 4415 789 4469 loci
826 4415 1155 4471 emendatio.
1195 4417 1483 4472 liabehant
1531 4418 1678 4472 enim

85 4490 231 4543 editi
271 4487 447 4559 nostri
478 4500 495 4539 :
521 4486 591 4559 ’ΪΗ
623 4486 671 4559 si
692 4486 933 4559 Aémxt‘ov
978 4485 1055 4557 τῷ
1086 4490 1145 4541 ὲν
1182 4487 1365 4551 αὐτοῖς
1389 4487 1681 4559 μεγαλείῳ,

1796 3571 1981 3627 siebius
2014 3573 2104 3626 καὶ
2133 3574 2179 3624 εἰ
2206 3571 2462 3642 ἐντυχών.
2498 3571 2673 3626 liabet
2697 3572 3055 3641 Nicephorus,
3081 3582 3139 3625 ut
3167 3571 3367 3628 Justini

1795 3644 2081 3698 editiones.

1867 3716 1979 3783 (78)
2019 3714 2336 3781 Προθέντα.
2379 3711 2455 3767 Ita
2488 3713 2687 3768 Euseb.
2707 3712 2901 3766 melius
2930 3726 3091 3780 quam
3119 3712 3247 3766 editi
3275 3727 3369 3766 no-

1791 3788 1891 3841 stri
1922 3784 2278 3854 προταθὲντα.

1864 3851 1980 3924 (79)
2017 3854 2258 3908 Μαθεῖν.
2302 3854 2465 3908 Deest
2495 3852 2808 3920 conjunctio
2840 3851 3329 3924 apndjlusebinm.

1864 3921 1976 3997 (80)
2022 3924 2143 3979 Τῶν
2176 3924 2497 3997 ἡμετέρων.
2541 3924 2972 3997 ΙᾶέιξςᾼιιιΙιΙίιιίιει
2995 3922 3228 3977 Eusebio
3254 3921 3370 3993 Syl-

1789 3993 2037 4063 burgins.
2070 3997 2163 4050 Sic
2196 3999 2360 4050 etiam
2401 3996 2528 4063 legit
2569 3993 2817 4049 Ruﬁnus.

1789 4140 1842 4195 ι).
1860 4070 1973 4139 (81)
2015 4070 2101 4132 Ἠ,
2129 4069 2182 4120 ει
2212 4065 2311 4119 καὶ
2334 4065 2665 4121 ἐπίσταται.
2705 4063 2866 4120 Deest
2900 4064 2995 4119 καί
3026 4066 3166 4136 apud
3200 4065 3370 4121 Euse-

1831 4158 1961 4195 tum.

1831 4158 1961 4195 tum.

1861 4210 1974 4281 (89.)
2015 4206 2359 4281 Φιλόδοξος.
2401 4205 2754 4281 Notatur-hac
2771 4221 3022 4281 vocenon
3051 4203 3369 4281 tamgloria

1790 4277 1961 4351 quam
1983 4279 2259 4349 opinionis
2282 4289 2337 4351 et
2365 4279 2632 4333 mendacii
2664 4292 2838 4351 amor.
2860 4277 3079 4351 idcirco
3100 4277 3243 4351 enim
3272 4292 3367 4343 φι-

1787 4347 1998 4417 λόδοξος
2022 4347 2249 4404 vocatur
2292 4348 2581 4411 Crescens,
2605 4347 2729 4417 quia
2760 4348 3040 4402 veritatem
3070 4347 3368 4417 prasdicare

1788 4437 1897 4476 non
1924 4416 2107 4483 audet,
2131 4435 2195 4472 ac
2227 4418 2346 4487 plus
2372 4416 2685 4472 hominibus
2713 4418 2902 4487 tribuit
2924 4431 3097 4487 quam
3123 4416 3366 4487 veritati.

1789 4492 1958 4546 Paulo
1984 4499 2109 4544 ante
2142 4484 2428 4543 dicebatur
2469 4505 2485 4543 :
2520 4485 2816 4556 ’ἰδιωτικῆς
2850 4484 3172 4555 καϊάλόγου
3208 4484 3369 4556 δόξης

87 4560 120 4631 ἢ
161 4558 374 4631 συνεζς,
401 4558 545 4631 quod
573 4557 793 4631 quidem
822 4550 1153 4631 postremum
1185 4550 1408 4631 verbum
1439 4550 1677 4631 necessié

1857 4562 1880 4615 ὶ
1910 4560 2075 4631 φόὸου
2107 4558 2363 4612 ἐλάττων.
2415 4556 2471 4631 In
2504 4560 2752 4631 eamdem
2774 4550 3116 4631 sententiam
3154 4550 3369 4610 videtur

90 4626 267 4701 tatem
302 4628 536 4701 imponit
572 4626 790 4701 legendi
821 4639 980 4701 antea
1017 4628 1091 4701 μὴ
1114 4627 1335 4701 συνῆκε.
1366 4630 1497 4701 Post
1521 4629 1679 4682 ὲντυ-

88 4700 221 4771 χών,
261 4697 533 4771 virgulam
568 4697 820 4771 apposui,
857 4697 1234 4771 subaudiendo
1270 4700 1320 4751 id
1352 4699 1493 4766 quod
1521 4710 1678 4753 antea

90 4768 231 4824 dixit
274 4768 552 4831 Justinus,
585 4768 912 4839 κατατρέχει
940 4768 1117 4839 ἡμῶν.
1159 4772 1452 4838 Sequentia
1497 4781 1679 4824 autem

91 4842 169 4895 sic
219 4843 624 4908 interpretatus
654 4855 793 4902 sum,
839 4850 1236 4893 utcontextum
1281 4840 1425 4893 nullo
1459 4854 1681 4908 prorsus

92 4912 144 4965 in
190 4909 365 4964 verbo
407 4909 780 4963 immutarem.
816 4909 1107 4971 Nimirum.
1154 4925 1278 4964 cum
1324 4909 1589 4964 Crescens
1626 4914 1679 4965 in

91 4980 550 5051 responsionibus
577 4981 999 5051 suisisummam
1046 4981 1445 5050 ignorationem
1497 4995 1680 5035 rerum

90 5050 544 5107 Christianarum
571 5050 940 5121 signiﬁcasset
960 5090 975 5113 ,
1009 5051 1333 5121 alterutrum
1362 5065 1429 5105 ex
1467 5052 1681 5106 duobus

91 5126 477 5178 necessarium
523 5136 647 5176 esse
680 5120 978 5191 colligitur,
1018 5132 1077 5174 ut
1119 5120 1560 5176 Christianorum
1611 5121 1682 5175 li—

90 5193 225 5248 hros
263 5191 510 5255 ‘legendo
553 5207 664 5246 non
711 5192 1061 5255 intellexerit,
1108 5191 1195 5246 vel
1248 5192 1583 5248 intellexisse
1625 5206 1686 5247 se

93 5261 431 5318 dissimulet.
459 5333 464 5334 γ
490 5261 738 5331 Ruﬁnus,
797 5278 957 5334 quem
998 5264 1249 5331 sequitur
1286 5263 1552 5326 Valesius,
1606 5262 1683 5317 ita

99 5334 284 5389 reddit
318 5351 332 5386 :
369 5353 388 5385 ι
413 5333 468 5405 Si
501 5347 634 5405 vero
659 5334 791 5405 legit
816 5349 939 5404 qua:
968 5338 1109 5403 apud
1144 5349 1248 5390 nos
1280 5334 1485 5405 scripta
1520 5343 1683 5405 sunt,

94 5414 146 5457 et
175 5414 276 5458 aut
304 5420 414 5459 non
445 5403 734 5459 intellexit
752 5403 944 5459 eorum
978 5409 1265 5470 virtutem,
1291 5413 1386 5458 aut
1414 5404 1687 5459 intellexit

94 5477 345 5543 quidem,
370 5476 464 5530 sed
495 5475 868 5531 dissimulat...
904 5476 1074 5530 multo
1103 5475 1333 5545 nequior
1361 5483 1416 5530 et
1444 5476 1687 5530 detesta-

95 5546 617 5615 bilior'judicandus
655 5557 759 5601 est.
792 5564 812 5598 ι
851 5546 1020 5615 Sequi
1060 5548 1209 5601 nolui
1242 5548 1387 5602 hanc
1416 5545 1686 5615 interpre-

98 5618 399 5682 tat'mnem,
448 5618 577 5685 quia
626 5632 842 5686 aequum
896 5633 1003 5671 non
1055 5619 1268 5671 videtur
1315 5628 1375 5671 ut
1422 5616 1685 5670 Crescens

98 5688 275 5758 multo
307 5689 483 5757 magis
507 5688 735 5758 ignavus
770 5698 824 5742 et
870 5688 1146 5756 improbus
1175 5690 1415 5752 dicatur,
1446 5700 1513 5740 eo
1541 5687 1685 5754 quod

100 5756 559 5829 librorum,’qnos
582 5758 805 5829 legerat,
827 5758 1246 5829 intelligentiam
1266 5765 1553 5829 assecutus
1576 5772 1684 5829 non

98 5827 317 5885 fuisset.
342 5825 657 5896 'l'hirlbius,w
676 5840 734 5883 ut
768 5833 869 5887 hoc
897 5825 1117 5901 effugiat
1154 5828 1583 5896 incommodum,
1605 5827 1683 5883 le-

1783 4627 2045 4701 strepitus
2100 4641 2154 4685 et
2188 4627 2835 4701 ostentationisvocari
2877 4639 3151 4701 aniator,_
3174 4640 3369 4701 nempe

1784 4695 2053 4757 mendacii
2093 4710 2148 4754 et
2179 4699 2439 4753 falsarum
2487 4699 2830 4767 opinionmn.
2877 4696 3190 4765 Philosophi
3223 4695 3365 4767 κόμ-

1783 4790 1918 4837 πους
1944 4791 1998 4827 ιι.
2023 4772 2077 4837 9,
2110 4772 2382 4839 appellant
2402 4766 2709 4825 doctrinam
2743 4769 2811 4822 de
2836 4767 2959 4839 igne
2982 4776 3209 4822 aeterno.
3233 4766 3368 4821 Vide

1784 4845 1947 4897 Apol.
1978 4860 2018 4897 ι.
2053 4862 2105 4896 ιι.
2146 4841 2235 4896 57.

1836 4863 2107 4988 '2‘53)"ri'¢'
2145 4863 2329 4983 ita,
2360 4912 2469 4988 τό.Δ
2505 4910 2584 4966 lta
2628 4908 2695 4964 ιι.
2747 4909 3011 4978 Stephani
3055 4907 3364 4988 Eusebiana

1784 4982 1958 5041 editio
2006 4997 2075 5040 et'
2108 4995 2217 5038 tres
2273 4984 2606 5037 vetustiores
2656 4996 2787 5036 mss.
2818 4995 3048 5049 quorum
3098 4982 3205 5034 duo
3256 4993 3364 5032 non

1786 5066 2086 5127 agnoscunt
2122 5068 2361 5123 sequens
2399 5054 2648 5127 verbum_
2666 5051 2751 5127 όν,
2800 5051 2953 5127 qnod_
2997 5052 3162 5127 etiam
3213 5065 3240 5101 a

1785 5118 2063 5250 ⁸ῗέςῐιτρίιιιιιο
2096 5118 2427 5198 expunctum
2461 5123 2583 5179 fuit.
2610 5121 2753 5176 Editi
2781 5118 2956 5176 nostri
2988 5139 3003 5176 :
3035 5121 3201 5189 Ὂσγε
3230 5118 3367 5189 μηδὲ

1860 5266 1971 5339 (84)
2013 5268 2212 5339 Ὅπως
2244 5264 2313 5319 δὲ
2342 5265 2428 5337 μή
2456 5282 2547 5339 τις
2575 5262 2737 5333 εἴπῃ.
2777 5262 3076 5339 Dicterinm
3108 5256 3365 5339 illud.cui

1784 5332 2031 5412 occurrit
2061 5332 2328 5412 Justinus,
2343 5332 2496 5412 saepe
2514 5338 2574 5412 i_n
2608 5343 2852 5412 ore__erat
2876 5332 3229 5412 et_l_i‘nici‘s_:nr
3263 5332 3367 5381 Ar-

1789 5411 1904 5466 rius
1942 5411 2269 5474 Antoninus,
2310 5401 2486 5477 inquit
2513 5405 2886 5477 Tertullianus
2925 5403 3020 5456 lib.
3056 5401 3136 5454 Ad
3173 5401 3365 5467 Scnp.,

1787 5498 1840 5536 C-
1866 5482 1919 5545 4.
1966 5479 2021 5532 in
2053 5481 2182 5533 Asia
2219 5495 2342 5534 cum
2380 5474 2805 5549 persequeretur
2844 5474 3138 5549 instanter,
3172 5482 3364 5523 attines

1789 5541 1934 5606 illius
1952 5551 2191 5605 civitatis
2206 5541 2504 5622 Christiani
2537 5541 2987 5622 a'nte_tribunal_ia
3018 5541 3136 5622 ejus
3166 5552 3224 5619 se
3254 5552 3365 5618 ma-

1789 5622 1862 5677 nu
1898 5622 2041 5675 facta
2085 5621 2446 5675 obtulerunt:
2478 5634 2600 5674 cum
2650 5617 2757 5678 ille,
2796 5613 3136 5685 paucisduci
3172 5613 3362 5678 jussis,

1789 5693 2018 5762 reliquis
2046 5691 2121 5762 ait
2147 5710 2161 5745 :
2184 5687 2256 5742 Ὦ
2295 5688 2480 5762 βειλοὶ,
2508 5690 2555 5742 εἰ
2598 5686 2777 5743 θέλετε
2796 5682 3190 5754 ’ἀποθνήσκειν,
3224 5694 3363 5751 κρη-

1792 5759 1956 5835 μνοίἱς
1977 5762 2012 5833 ἢ
2038 5760 2267 5834 βρόχους
2289 5759 2461 5831 ἔχετε.
2494 5778 2514 5811 ι
