3770 6518
401 364 503 421 εει
1390 360 1448 418 S.
1486 359 1751 419 JUSTINI
1789 354 2199 415 PHILOSOPHI
2230 354 2318 409 ET
2353 352 2715 410 MARTYRIS
3605 355 3713 410 ιω

402 479 623 550 negotia
647 475 937 543 facessite;
958 495 978 530 ι
1001 475 1178 531 dicam
1202 473 1334 545 quid
1358 488 1540 529 causae
1565 475 1659 539 sit,
1674 472 1858 540 .cur_id
1881 486 1990 527 non

2164 468 2397 538 »άγματα
2429 466 2504 537 μὴ
2532 463 2803 536 παρέχετε
2826 478 2842 493 ·
2868 463 2979 536 ἐρῶ
3016 464 3084 518 δι’
3114 464 3181 536 ἢν
3223 463 3408 518 αίτίαν
3446 464 3615 518 τοῦτο
3650 468 3713 518 οὐ

403 571 696 635 faciamus,
728 580 785 626 et
823 570 924 625 cu'r
951 566 1275 636 interrogati
1306 565 1582 635 impavide
1605 565 1988 621 conﬁteamur.

2164 560 2429 630 ιάττομεν,
2472 558 2566 611 καὶ
2607 558 2675 610 δι’
2704 557 2773 628 ἣν
2821 556 3199 627 ἐξεταζόμενοι
3244 556 3473 625 ἀφόϐως
3516 556 3713 627 ὁμολο-

404 664 529 722 Non
566 656 773 721 frustra
817 661 1081 717 mundum
1114 676 1144 713 a
1178 660 1286 712 Deo
1313 658 1589 711 conditum
1636 669 1757 710 esse
1794 654 1991 708 didici-

2164 651 2319 722 ὖμεν.
2357 651 2472 704 Οὑκ
2510 649 2635 720 είκῆ
2681 649 2773 703 τὸν
2820 650 3023 719 κόσμον
3052 648 3419 720 πεποιηκέναι
3446 646 3541 701 τὸν
3572 648 3712 700 Θεὸν

407 775 554 826 mus,
585 758 678 813 sed
722 765 949 827 pr0pter
985 756 1288 809 humanum
1318 766 1521 823 genus;
1568 750 1783 819 placere
1810 756 1992 800 autem

2164 742 2471 813 διδάγμεθα,
2499 741 2670 812 ἀλλ’ἢ
2696 741 2784 795 διὰ
2811 742 2870 795 τὸ
2898 738 3235 814 ἀνθρώπειον
3264 740 3425 810 γένος
3450 758 3465 770 ·
3494 742 3711 813 χαίρειν

412 853 490 910 illi
533 851 646 919 jam
698 850 938 905 diximus
1005 862 1123 914 eos,
1162 846 1255 916 qui
1298 846 1447 899 illum
1477 842 1780 904 imitantur,
1802 846 1995 894 contra

2204 839 2318 899 τοῖς
2368 835 2436 888 τά
2490 834 2761 906 προσόντα
2811 832 2961 904 αὐτῷ
3025 834 3387 905 μιμουμένοις
3458 834 3712 904 προειρη-

412 944 709 1015 displicere
739 942 833 1010 qui
874 939 1151 995 deteriora
1200 937 1287 992 vel
1341 937 1488 990 dicto
1536 932 1623 988 vel
1680 931 1829 986 facto
1881 944 1998 984 am-

411 1038 749 1109 plectuntur.
772 1035 943 1104 Igitur
972 1032 1018 1086 si
1046 1045 1238 1085 omnes
1266 1028 1425 1082 nobis
1456 1027 1556 1096 ipsi
1583 1038 1775 1079 manus
1807 1022 2001 1075 alitera-

411 1145 557 1192 ntus,
589 1127 879 1197 quominus
903 1125 1196 1193 quisquam
1228 1122 1507 1191 gignatur,
1550 1126 1643 1172 aut
1688 1116 1871 1170 divina
1902 1116 1999 1169 do-

411 1219 589 1274 ctrina
624 1215 923 1279 imbuatur,
958 1213 1239 1267 autetiam
1270 1211 1567 1279 quominus
1590 1216 1771 1262 exstet
1802 1208 2001 1261 huma-

412 1326 543 1366 num
577 1324 771 1380 genus,
795 1308 848 1361 in
872 1322 1060 1368 causa,
1083 1315 1350 1374 quantum
1382 1304 1437 1357 in
1468 1303 1623 1357 nobis
1646 1311 1751 1366 est,
1773 1300 2002 1363 erimus,

413 1403 514 1472 ipsi
542 1416 757 1470 quoque
798 1410 989 1453 contra
1021 1398 1111 1451 Dei
1142 1396 1436 1450 consilium
1479 1396 1784 1467 venientes,
1835 1392 1879 1446 si
1930 1392 2005 1445 ita

411 1493 702 1548 faciamus.
720 1490 1049 1560 interrogati
1074 1494 1257 1541 autem
1286 1504 1392 1541 non
1416 1499 1704 1555 negamus,
1729 1495 1841 1536 tum
1864 1481 2005 1550 quod

412 1585 616 1640 nullius
652 1583 779 1637 mali
811 1583 967 1637 nobis
998 1581 1199 1637 conscii
1231 1581 1422 1643 simus,
1452 1588 1565 1631 tum
1593 1576 1738 1647 quod
1772 1575 2003 1643 impium

412 1678 795 1734 existimemus
826 1675 1116 1728 veritatem
1144 1674 1197 1726 in
1235 1672 1491 1727 omnibus
1518 1685 1624 1724 non
1651 1669 1857 1730 dicere,
1884 1680 2008 1720 cum

417 1772 470 1825 id
524 1770 635 1824 Deo
685 1778 897 1838 gratum
930 1782 1054 1821 esse
1087 1768 1366 1831 sciamus;
1408 1774 1519 1818 tum
1542 1763 1709 1819 etiam
1737 1760 1884 1831 quod
1913 1775 2010 1814 vos

2101 943 2199 997 μεν
2230 926 2363 997 (85),
2389 923 2799 997 ἀπαρέσκεσθαι
2830 924 2887 977 δὲ
2922 927 3033 988 τοῖς
3070 924 3142 977 τὰ
3173 924 3355 993 φαῦλα
3378 924 3712 995 ἀσπαζομέ-

2098 1036 2231 1083 νοις,
2262 1018 2296 1089 ἢ
2336 1018 2500 1089 λόγῳ,
2531 1019 2563 1089 ἢ
2604 1018 2771 1089 ἔργῳ.
2798 1016 2859 1068 Εἰ
2891 1013 2985 1070 οὖν
3014 1016 3215 1081 πάντες
3251 1018 3493 1082 ἑαυτοὺς
3520 1019 3712 1088 φονεύ-

2102 1127 2289 1181 σομεν,
2310 1109 2403 1163 τοῦ
2427 1109 2521 1162 καὶ
2557 1108 2883 1180 γεννηθῆναι
2908 1107 3020 1179 (86)
3057 1126 3198 1175 τινα,
3229 1111 3325 1164 καὶ
3352 1111 3711 1183 μαθητευθῆ-

2103 1218 2189 1254 ναι
2220 1201 2301 1265 εἰς
2325 1201 2392 1254 τά
2416 1199 2535 1253 θεῖα
2559 1200 2887 1270 διδάγματα,
2928 1199 2961 1270 ἢ
2994 1199 3088 1252 καὶ
3121 1201 3196 1271 μὴ
3226 1201 3368 1255 εἶναι
3401 1201 3467 1256 τὸ
3496 1202 3711 1274 ἀνθρώ-

2105 1310 2256 1346 πειον
2291 1293 2468 1361 γένος,
2504 1294 2629 1347 ὅσον
2660 1296 2744 1364 ἐφ’
2769 1296 2920 1365 ἡμῖν,
2960 1294 3125 1350 αἴτιοι
3164 1298 3427 1370 ἐσόμεθα,
3462 1300 3712 1355 ἐναντίον

2105 1386 2173 1455 τῇ
2221 1384 2315 1437 τοῦ
2359 1383 2495 1437 Θεοῦ
2545 1385 2707 1457 βουλῇ
2756 1386 2850 1439 καὶ
2875 1386 3031 1440 αὐτοὶ
3064 1388 3366 1455 ποιοῦντες,
3399 1391 3507 1445 ἐὰν
3550 1392 3710 1445 τοῦτο

2109 1476 2428 1548 πράξωμεν.
2467 1478 2870 1548 Ἐξεταζόμενοι
2902 1478 2959 1532 δὲ
2993 1480 3094 1533 οὐκ
3130 1481 3471 1553 ἀρνούμεθα,
3518 1483 3625 1537 διάι
3654 1486 3705 1537 τὸ

2111 1569 2533 1624 συνεπίστασθαι
2560 1573 2774 1636 ἑαυτοῖς
2806 1571 2971 1643 μηδὲν
2999 1572 3220 1642 φαῦλον,
3240 1575 3441 1640 ἀσεϐὲς
3462 1576 3527 1630 δὲ
3547 1578 3707 1647 ἡγού-

2113 1677 2265 1732 μενοι
2291 1661 2365 1734 μὴ
2387 1662 2529 1716 κατά
2568 1662 2745 1717 πάντα
2770 1662 3074 1734 ἀληθεύειν,
3099 1663 3128 1717 ὃ
3158 1664 3251 1718 καὶ
3283 1664 3441 1735 φίλον
3487 1670 3574 1738 τῷ
3596 1668 3707 1739 Θεῷ

2113 1753 2456 1825 γινώσκομεν
2475 1772 2488 1784 ο
2520 1755 2664 1823 ὑμᾶς
2680 1755 2737 1808 δὲ
2754 1754 2849 1808 καὶ
2866 1756 2964 1827 τῆς
2984 1754 3170 1810 ἀδίκου
3187 1756 3523 1828 προλήψεως
3538 1760 3706 1812 ἀπαλ-

416 1862 674 1931 0pinione
698 1860 881 1926 inique
906 1857 1203 1925 anticipata
1229 1872 1373 1910 nunc
1398 1855 1632 1909 liberare
1658 1852 2000 1908 Studeamus.

2164 1848 2268 1915 ιξαι
2288 1848 2384 1901 νῦν
2413 1848 2756 1913 σπεύδοντες.

489 1952 544 2006 5.
589 1952 647 2006 Si
680 1965 843 2018 quem
877 1956 1056 2003 autem
1094 1948 1209 2002 haec
1232 1946 1494 2013 cogitatio
1522 1947 1744 2009 subeat,
1778 1943 2005 1997 minime

415 2052 766 2102 eventurum,
797 2040 840 2095 si
869 2042 1033 2095 Deum
1062 2038 1366 2107 adjutorem
1395 2038 1876 2109 profiteremur,ut
1910 2033 2007 2088 ini-

415 2135 532 2204 qui,
587 2135 1045 2203 quemadmodum
1105 2136 1361 2201 dicimus,
1415 2132 1697 2186 dominatu
1754 2143 1854 2184 suo
1906 2140 2007 2180 nos

415 2236 729 2295 premerent
760 2242 823 2281 ac
851 2225 1135 2295 suppliciis
1166 2226 1475 2290 adicerent;
1510 2223 1618 2293 92
1652 2222 1704 2276 id
1734 2235 1954 2291 quoque
1974 2232 2007 2271 a

414 2332 505 2371 me
532 2317 887 2371 dissolvetur.
921 2320 1060 2373 Deus
1089 2318 1179 2386 qui
1214 2317 1475 2371 mundum
1498 2316 1811 2368 universum
1849 2326 2005 2366 crea-

414 2410 516 2473 vit,
544 2424 668 2463 cum
701 2420 917 2464 terrena
947 2409 1261 2464 hominibus
1299 2408 1645 2477 subiecisset,
1671 2420 1735 2459 ac
1762 2403 2006 2460 caelestia

415 2500 706 2565 elementa,
739 2516 860 2568 qua:
899 2509 955 2554 et
1002 2501 1117 2569 ipsa
1166 2499 1406 2553 hominis
1434 2512 1601 2552 causa
1629 2497 1698 2551 ab
1721 2510 1787 2550 eo
1820 2504 2007 2551 creata

415 2607 536 2647 esse
572 2592 763 2661 liquet,
802 2594 869 2647 ad
926 2593 1141 2663 frugum
1194 2601 1545 2661 proventum,
1593 2600 1648 2645 et
1704 2598 2007 2659 temporqu

416 2686 808 2742 conversiones
836 2686 1184 2750 adornasset,
1210 2694 1375 2754 atque
1398 2685 1541 2743 hanc
1562 2683 1803 2738 divinam
1835 2684 2007 2755 legem

417 2776 718 2840 sanxisset,
755 2776 1040 2830 hominum
1073 2792 1138 2830 ac
1166 2790 1350 2831 rerum
1386 2776 1485 2829 sub
1532 2774 1674 2830 cmlo
1706 2776 2009 2844 positarum

416 2883 601 2923 curam
632 2868 857 2938 angelis,
887 2883 1027 2937 quos
1063 2868 1190 2922 huic
1218 2866 1461 2939 praefecit
1490 2868 1727 2931 muneri,
1779 2870 2010 2922 commi—

417 2962 511 3018 sil.
539 2962 736 3031 Angeli
764 2972 945 3015 autem
984 2961 1233 3015 ordinem
1274 2961 1582 3014 institutum
1616 2963 2010 3042 praetergressi,

418 3054 473 3108 in
504 3062 689 3121 stupra
722 3053 1184 3108 cunrmuliet‘ibus
1213 3054 1447 3123 prolapsi
1485 3064 1701 3108 sunt-ac
1728 3053 1870 3108 ﬁlios
1894 3069 2012 3109 sus-

420 3154 689 3214 ceperunt
743 3161 861 3210 eos,
895 3146 987 3214 qui
1021 3147 1295 3201 dwmones
1324 3146 1579 3216 appellati
1605 3163 1621 3212 ;
1651 3156 1816 3216 atque
1844 3146 2010 3200 etiam

419 3244 607 3303 postea
651 3248 822 3303 genus
862 3236 1157 3289 humanum
1194 3236 1298 3291 sibi
1331 3237 1385 3290 in
1418 3235 1739 3290 servitutem
1784 3235 2014 3289 addixe-

421 3334 572 3392 runt,
613 3327 811 3396 partim
843 3329 1066 3398 scriptis
1096 3330 1348 3401 magicis,
1380 3330 1579 3399 partim
1626 3331 1933 3385 terroribus
1961 3340 2016 3386 et

421 3420 706 3489 suppliciis
738 3421 1067 3489 inferendis,
1106 3424 1305 3494 partim
1345 3423 1657 3489 sacrificiis,
1690 3422 2015 3479 suffimentis

422 3519 478 3564 et
532 3512 888 3567 libaminibus
934 3513 1262 3579 edocendis;
1295 3515 1495 3584 quibus
1526 3515 1689 3569 rebus
1717 3530 1880 3582 egere
1903 3529 2015 3569 ca:-

421 3614 720 3675 perunt,ex
741 3622 850 3675 quo
868 3607 1231 3677 cupiditatum
1261 3608 1472 3662 morbis
1500 3608 1831 3677 emaneipati
1862 3616 2011 3681 sunt;

422 3695 662 3762 denique
702 3696 757 3749 in
807 3696 1103 3755 humanum
1154 3712 1326 3767 genus
1371 3698 1568 3760 caedes,
1604 3696 1765 3762 bella,
1801 3697 2013 3751 adulte-

422 3786 529 3855 ria,
557 3786 761 3857 ﬂagitia
789 3798 951 3858 atque
981 3805 1142 3844 omne
1181 3790 1440 3845 vitiorum
1478 3806 1652 3861 genus
1677 3791 2016 3861 prosemina-

424 3887 578 3932 ruut.
612 3878 750 3933 llinc
787 3889 959 3949 poeta:
994 3889 1050 3935 et
1073 3879 1379 3965 fabularum
1404 3883 1727 3951 scriptores,
1760 3896 1881 3935 cum
1919 3895 2015 3933 an-

427 3966 576 4039 gelos
602 3969 919 4037 ignorarent
948 3973 1376 4041 progenitosque
1412 3988 1481 4027 ex
1513 3972 1623 4026 illis
1648 3972 1922 4026 daemones
1948 3985 2010 4023 ea

428 4062 484 4114 in
516 4061 787 4116 masculos
814 4072 872 4116 et
899 4062 1158 4128 feminas,
1191 4065 1245 4117 in
1276 4066 1436 4118 urbes
1461 4073 1516 4118 et
1544 4064 1796 4118 nationes
1823 4077 2014 4131 perpe-

427 4160 627 4220 trasse,
672 4169 794 4225 qua:
823 4153 1022 4210 litteris
1050 4156 1412 4223 mandabant;
1446 4157 1498 4210 in
1529 4156 1705 4227 ipsum
1741 4157 1929 4223 Deum,
1952 4172 2015 4212 ac

503 4400 618 4471 (85)
660 4401 813 4468 Apol.
852 4417 891 4463 l,
928 4418 985 4468 η,
1017 4402 1101 4458 10.

503 4471 613 4542 (86)
659 4472 767 4525 Τοῦ
798 4473 895 4525 καὶ
912 4473 1666 4549 λτειςνηθῆναιηιεςθηάηιη
1718 4476 1791 4546 μὴ
1823 4494 2011 4549 γεννη-

432 4541 604 4616 θῆναι.
624 4558 883 4616 monuere
912 4541 1202 4616 Perlonius
1228 4556 1281 4599 et
1316 4541 1665 4616 Syib'urgius.

504 4612 614 4686 (87)
655 4616 726 4665 El
747 4611 815 4665 δέ
841 4631 987 4686 τινα
1000 4614 1270 4669 ὑπέλθοι.
1315 4611 1371 4669 hi
1405 4611 1599 4672 solitos
1620 4631 1740 4673 esse
1769 4617 2010 4686 ohjicere

432 4682 683 4736 ethnicos
710 4693 940 4736 testatur
961 4685 1213 4739 Clemens
1240 4688 1672 4745 Alexandrinus.
1700 4687 1792 4751 qui
1813 4682 2006 4743 eorum

433 4753 581 4830 dicta
624 4753 705 4830 sic
736 4752 902 4830 refert
927 4753 1122 4807 Strom.
1154 4771 1228 4830 tv,
1250 4772 1310 4830 p_._
1334 4757 1439 4811 505
1465 4776 1480 4811 :
1508 4758 1607 4812 Διά
1635 4758 1687 4809 τί
1709 4756 1849 4830 οὐ
1876 4759 2007 4830 βοη-

434 4821 612 4875 θεῖσθε
649 4822 995 4893 διωκόμενοι;
1033 4826 1184 4893 φασί.
1223 4821 1387 4881 (Cur
1417 4838 1597 4880 autem
1627 4821 1888 4881 auxiliuni
1919 4821 2015 4883 vo-

433 4894 527 4973 bis.
543 4908 647 4973 non
681 4892 870 4955 fertur,
909 4910 1031 4948 cum
1048 4892 1368 4964 persecutio
1397 4898 1450 4951 in
1480 4912 1577 4953 vos
1615 4898 1899 4953 movetur?
1930 4901 2012 4953 in-

436 4972 656 5031 qumnt.
682 4980 700 5012 ι

507 5031 616 5101 (88)
646 5033 1038 5109 ρζετᾳᾷολαῖς.
1079 5033 1389 5104 Legendum
1424 5053 1545 5092 esse
1593 5038 1891 5109 μεταϐολάς
1910 5040 2012 5095 ob-

434 5102 945 5177 servat_'l‘hirlbitts,
970 5117 1023 5157 et
1050 5102 1289 5177 στοιχεῖα
1312 5122 1433 5162 esse
1462 5102 1629 5162 solent
1665 5122 1721 5164 et
1748 5102 1929 5164 lunam
1956 5120 2012 5164 et

436 5173 780 5253 aliansidetlr
803 5178 1142 5253 demonstrat
1169 5173 1237 5231 ἐι
1259 5174 1469 5253 ἆιιξιίιιὶ-
1503 5179 1722 5253 Dialogo
1747 5196 1839 5253 nn.
1866 5181 1938 5233 25
1959 5190 2013 5235 et

433 5244 522 5297 85.
556 5241 688 5297 Vide
719 5239 1004 5311 TheOphil.
1038 5246 1134 5299 lib.
1168 5264 1205 5311 ι,
1251 5263 1304 5302 n.
1330 5248 1385 5301 4.
1431 5248 1595 5304 Valde
1634 5239 1767 5305 mihi
1807 5253 2014 5304 arridet

436 5314 828 5391 ejusdemuviri
864 5316 1063 5391 eruditi
1094 5317 1198 5370 alia
1238 5320 1565 5391 observatio,
1598 5322 1691 5390 qui
1720 5322 2010 5391 legendum

435 5393 637 5459 putat:
667 5384 780 5459 Eat
805 5381 947 5459 θεῖον
974 5386 1185 5459 τούτοις
1207 5390 1369 5459 νόμον
1399 5381 1583 5457 τάξας.
1615 5381 1632 5390 ’
1772 5381 1799 5391 ”

657 5454 969 5509 Γυναικῶν
1011 5452 1284 5525 μίξεσινξ
1361 5452 1558 5515 Eadem
1629 5462 1897 5517 habemus
1957 5463 2010 5517 in

433 5524 590 5591 Apol.
621 5540 661 5585 ι,
704 5540 759 5578 n.
787 5526 841 5579 5.
890 5524 1023 5581 [hec
1060 5529 1127 5582 de
1171 5530 1378 5591 angelis
1421 5533 1694 5587 Sententia
1726 5549 1754 5585 a
1787 5532 2011 5588 Philone

434 5591 618 5648 .iudtno
644 5594 737 5650 lib.
770 5595 844 5649 De
877 5598 1162 5671 gigant.et
1188 5619 1215 5652 a
1239 5591 1477 5669 Iosepho
1510 5620 1525 5656 ι
1561 5606 1739 5671 Antiq.
1777 5605 1842 5657 ad
1873 5605 2012 5658 scri-

438 5676 626 5745 ptores
653 5677 869 5745 nostros
889 5670 1156 5745 pervenit,
1191 5686 1422 5745 quorum
1455 5670 1707 5740 pluribus
1738 5689 1805 5728 eo
1838 5676 2010 5743 magis

439 5738 645 5809 arrisit,
686 5738 831 5804 quod
856 5738 958 5807 ipsi
986 5738 1291 5809 philosophi
1316 5738 1723 5798 deos—nidorum
1746 5760 1870 5797 esse
1893 5738 2009 5798 avi-

436 5802 903 5870 dosfaterentur'.
936 5802 1068 5865 Vide
1114 5802 1412 5867 Luéiauuut
1454 5813 1550 5871 lib.
1595 5812 1671 5869 De
1705 5815 2007 5883 sacriﬁciis,

2122 1950 2141 1965 ν
2174 1943 2228 1997 5.
2270 1944 2333 1996 Εἰ
2368 1943 2425 1997 δέ
2449 1961 2569 1997 τινα
2589 1943 2812 1997 ὑπέλθοι
2832 1943 2946 2018 (87)
2977 1946 3070 2001 καὶ
3094 1948 3128 2018 ὴ
3154 1946 3329 2000 ἔννοια
3352 1945 3529 2019 αὕτη,
3559 1948 3642 2000 ὅτι
3664 1950 3704 2000 εἰ

2105 2033 2237 2089 Θεὸν
2276 2035 2663 2107 ὡμολογοῦμεν
2704 2035 2921 2108 βοηθὸν,
2953 2038 3054 2092 οὐκ
3079 2038 3167 2105 ἂν,
3206 2039 3283 2103 ώς
3311 2039 3584 2110 λέγομεν,
3611 2040 3706 2092 ὑπὸ

2105 2126 2307 2179 ἀδίκων
2354 2126 2739 2199 ἐκρατούμεθα
2780 2128 2875 2181 καὶ
2917 2128 3370 2203 ἐτιμωρούμεθα,
3410 2130 3520 2183 καὶ
3558 2130 3707 2183 τοῦτο

2106 2217 2360 2271 διαλύσω.
2381 2219 2438 2273 '0
2478 2217 2612 2283 Θεὸς
2646 2219 2739 2273 τὸν
2778 2219 2959 2274 πάντα
2982 2220 3187 2291 κόσμον
3227 2221 3493 2293 ποιήσας,
3530 2222 3709 2275 καὶτὰ

2109 2311 2331 2380 ἐπίγεια
2350 2311 2660 2384 ἀνθρώποις
2681 2310 2975 2377 ὑποτάξας,
2997 2312 3092 2366 καὶ
3116 2312 3186 2366 τά
3203 2312 3435 2383 οὐράνια
3470 2315 3707 2383 στοιχεῖα

2107 2406 2189 2467 εἰς
2213 2402 2441 2475 αὔξησιν
2464 2404 2715 2476 καρπῶν,
2754 2404 2849 2458 καὶ
2898 2403 3058 2475 ώρῶν
3108 2403 3436 2475 μεταδολαίς
3470 2405 3588 2475 (88)
3622 2422 3705 2458 κο-

2111 2498 2346 2567 σμήσας,
2378 2497 2474 2550 καὶ
2497 2496 2639 2550 θεῖον
2661 2496 2850 2551 τοῦτον
2882 2497 3045 2568 νόμον
3067 2497 3256 2563 τάξας,
3284 2496 3320 2551 ἃ
3342 2497 3443 2551 κα)⁵
3467 2497 3615 2550 αὐτά
3646 2497 3707 2549 δι’

2110 2588 2437 2660 ἀνθρώπους
2466 2589 2716 2659 φαίνεται
2738 2590 3079 2660 πεποιηκὼς,
3105 2590 3203 2663 τὴν
3226 2589 3327 2662 μὲν
3360 2588 3477 2643 τῶν
3499 2588 3707 2659 ἀνθρώ-

2110 2698 2228 2735 πων
2261 2682 2355 2735 καὶ
2384 2682 2493 2735 τῶν
2517 2682 2621 2735 ὑπὸ
2647 2681 2739 2736 τὸν
2767 2682 2993 2755 ούρανὸν
3015 2683 3271 2755 πρόνοιαν
3304 2681 3596 2751 ἀγγέλοις,
3623 2681 3707 2744 οὓς

2112 2771 2205 2823 ἐπὶ
2246 2771 2456 2836 τούτοις
2492 2770 2668 2839 ἔταξε,
2699 2773 3032 2844 παρέδωκεν.
3056 2774 3118 2827 Ol
3160 2773 3203 2826 δ’
3238 2771 3490 2841 ἄγγελοι,
3541 2790 3710 2843 παρα-

2113 2862 2304 2926 ϐάντες
2333 2861 2488 2933 τήνδε
2512 2862 2611 2935 τὴν
2648 2863 2822 2930 τάξιν,
2845 2863 3121 2933 γυναικῶν
3157 2861 3365 2934 μίξεσιν
3393 2862 3516 2933 (89)
3551 2864 3704 2935 ἠττὴ-

2119 2957 2317 3026 θησαν,
2352 2955 2447 3009 καὶ
2478 2956 2674 3021 παῖδας
2702 2957 3031 3021 ἐτέκνωσαν,
3061 2957 3115 3010 οἵ
3139 2958 3275 3010 εἰσιν
3322 2957 3374 3010 oi
3423 2957 3706 3028 λεγόμενοι

2112 3049 2394 3121 δαίμονες·
2441 3049 2534 3103 καὶ¹
2578 3050 2804 3121 προσέτι
2844 3050 3030 3103 λοιπὸν
3068 3050 3129 3102 τὸ
3169 3048 3521 3122 ἀνθρώπειον
3564 3050 3705 3118 γένος

2114 3141 2326 3205 ἑαυτοῖς
2358 3140 2657 3195 ἐδούλωσαν
2674 3159 2687 3171 ε
2711 3141 2780 3195 τά
2802 3142 2897 3214 μὲν
2917 3141 3005 3197 διὰ
3034 3142 3285 3214 μαγικῶν
3315 3143 3562 3213 γραφῶν
3583 3144 3704 3214 (90),

2116 3233 2185 3287 τὰ
2228 3235 2284 3288 δὲ
2328 3233 2417 3288 διά
2449 3234 2630 3305 φόϐων
2664 3236 2759 3289 καὶ
2789 3235 3067 3307 τιμωριῶν
3106 3236 3395 3308 ἐπέφερον,
3430 3236 3509 3289 τὰ
3543 3236 3599 3290 δὲ
3628 3236 3706 3289 διὰ

2114 3327 2332 3398 διδαχῆς
2367 3327 2622 3398 θυμάτων
2655 3330 2749 3381 καὶ
2781 3327 3138 3399 θυμιαμάτων
3184 3330 3280 3382 καὶ
3326 3330 3606 3393 σπονδῶν,
3640 3324 3704 3383 ὧν

2116 3420 2315 3485 ἐνδεεῖς
2343 3422 2598 3489 γεγόνασι
2636 3421 2773 3492 μετά
2802 3422 2865 3474 τὸ
2899 3421 3126 3477 πάθεσιν
3159 3422 3474 3494 ἐπιθυμιῶν
3518 3424 3705 3477 δουλω-

2116 3511 2312 3582 θῆναι·
2345 3514 2438 3566 καὶ
2481 3515 2560 3578 εἰς
2608 3512 2929 3585 ἀνθρώπους
2981 3514 3196 3583 φόνους,
3244 3515 3551 3585 πολέμους,
3600 3534 3705 3587 μοίο

2115 3607 2287 3676 χείας,
2323 3606 2635 3673 ἀκολασίας,
2671 3607 2766 3659 καὶ
2799 3609 2978 3661 πᾶσαν
3008 3607 3204 3661 κακίαν
3234 3606 3530 3678 ἔσπειραν.
3557 3608 3704 3661 Ὀθει

2116 3702 2210 3754 καὶ
2234 3701 2455 3772 ποιηταὶ
2478 3699 2570 3753 καὶ
2598 3698 2903 3771 μυθολόγοι,
2927 3698 3246 3767 ἀγνοοῦντες
3265 3700 3390 3764 τοὺς
3413 3700 3702 3768 ἀγγέλους,

2116 3793 2211 3846 καὶ
2243 3794 2371 3855 τοὺς
2404 3791 2464 3858 ἐξ
2496 3791 2675 3845 αὐτῶν
2706 3790 3064 3863 γεννηθέντας
3098 3791 3356 3861 δαίμονας
3376 3792 3524 3861 (91),
3546 3792 3703 3845 ταῦτα

2116 3882 2322 3957 πρᾶξαι
2356 3888 2433 3949 εἰς
2467 3885 2703 3957 ἄρρενας
2732 3884 2827 3937 καὶ
2861 3883 3100 3954 θηλείας,
3125 3885 3218 3937 καὶ
3239 3883 3421 3947 πόλεις
3441 3885 3546 3937 καὶ
3564 3884 3699 3953 ἔθνη,

2116 3980 2259 4050 ἅπερ
2292 3978 2656 4049 συνέγραψαν,
2692 3981 2772 4042 είς
2816 3978 2976 4032 αὐτὸν
3024 3978 3114 4031 τὸν
3160 3976 3313 4040 Θεὸν,
3349 3977 3441 4029 καὶ
3474 3980 3607 4041 τοὺς
3636 3978 3702 4039 ώς

2115 4070 2209 4124 ἀπ’
2243 4070 2406 4123 αὐτοῦ
2442 4072 2620 4141 σπορᾷ
2651 4070 2976 4141 γενομένους
3018 4069 3189 4133 υἱοὺς,
3221 4069 3315 4121 καὶ
3346 4068 3456 4121 τῶν
3494 4069 3702 4140 λεχθέν-

2114 4180 2220 4216 των
2256 4163 2366 4234 (92)
2413 4164 2622 4216 ἐκείνου
2671 4161 2936 4232 ἀδελφῶν,
2971 4162 3066 4216 καὶ
3110 4161 3315 4215 τέκνων
3354 4160 3573 4232 ὁμοίως
3602 4160 3700 4213 τῶν

2114 4407 2465 4481 Plutarchum
2499 4408 2606 4481 lib.,
2632 4408 2704 4481 De
2730 4407 2893 4475 Iside,
2920 4426 3026 4465 non
3058 4409 3317 4481 longeiab
3348 4410 3534 4475 initio,
3572 4410 3694 4463 Por-

2117 4481 2368 4551 phyrium
2402 4479 2477 4551 De
2505 4480 2701 4536 abstin.
2724 4481 2949 4537 animal.
2982 4498 3037 4536 n.
3072 4479 3174 4535 42:
3196 4480 3317 4536 Mox
3342 4481 3489 4535 forte
3518 4483 3580 4535 τὸ
3602 4482 3696 4533 λοι·

2037 4547 2086 4606 D
2114 4547 2214 4602 πὸν
2240 4550 2338 4603 ἀνθ
2346 4550 2484 4620 ρώπ.

2185 4620 2296 4691 (90)
2340 4622 2443 4693 Διά
2478 4621 2749 4691 μαγικῶν
2799 4620 3056 4693 προερῶν.
3100 4621 3323 4693 Legitur
3372 4623 3425 4677 in
3468 4625 3630 4693 Apol.
3659 4640 3691 4687 t,

2114 4708 2169 4783 ξι..
2216 4693 2332 4783 Mla
2361 4692 2461 4783 Διά
2505 4692 2750 4783 μαγικῶν
2801 4692 3199 4783 στροφῶν,¹ιιι“
3226 4692 3373 4783 i'deltil
3418 4694 3694 4783 observat.

2112 4760 2235 4835 Mos
2252 4764 2425 4835 etiam
2450 4760 2735 4835 legendum
2767 4760 2888 4835 esse
2918 4760 2993 4819 ὧν
3013 4763 3283 4835 ἐπέφερον
3308 4763 3595 4835 admonet.

2185 4831 2295 4905 (9i)
2310 4834 2748 4905 ῨΓενῖνηθέντας
2772 4833 3077 4904 δαίμονας.
3094 4831 3201 4889 δίο
3212 4835 3381 4905 etiam
3410 4833 3695 4905 Tertullia-

2114 4903 2801 4975 nusa'fliirlbiocitatus
2841 4906 2999 4975 Apol.
3044 4920 3165 4973 cap.
3199 4903 3314 4958 22:
3354 4921 3374 4954 ι
3405 4903 3517 4958 Sed
3562 4921 3694 4974 quo-

2113 4973 2275 5028 modo
2318 4974 2385 5027 de
2426 4974 2634 5043 angelis
2676 4973 3000 5043 quibusdam
3048 4984 3147 5029 sua
3187 4986 3382 5043 sponte
3422 4973 3590 5029 corru
3634 4977 3695 5029 tis

2113 5046 2425 5101 corruptior
2454 5060 2588 5101 gens
2619 5046 2920 5099 daauionum
2950 5046 3191 5099 evaserit
3228 5046 3491 5099 damnata
3525 5062 3553 5099 a
3590 4994 3695 5101 θέο

2113 5046 2425 5113 corruptior
2454 5060 2588 5113 gens
2619 5046 2920 5099 daauionum
2950 5046 3191 5099 evaserit
3228 5046 3491 5099 damnata
3525 5062 3553 5099 a
3590 5046 3695 5101 Deo

2113 5127 2235 5167 cum
2269 5115 2485 5183 generis
2520 5117 2841 5168 auctoribus
2878 5125 2931 5170 et
2962 5131 3082 5170 cum
3120 5130 3210 5179 eo,
3244 5130 3403 5184 quem
3435 5117 3688 5176 diximus,

2114 5185 2383 5253 principe,
2415 5188 2557 5254 apud
2604 5187 2813 5239 litteras
2858 5197 3080 5248 sancta;
3102 5188 3476 5255 cognoscitur.
3502 5207 3521 5239 ι
3566 5188 3687 5248 Alii,

2113 5264 2174 5327 ut
2196 5256 2578 5327 Athenagoras
2610 5257 2765 5323 Apol.
2797 5273 2851 5310 n.
2872 5256 2965 5321 25,
2997 5260 3243 5327 gigantes
3265 5272 3332 5311 ex
3358 5260 3577 5327 angelis
3602 5274 3688 5327 ge-

2112 5325 2259 5379 nitos
2290 5326 2502 5380 dixere.

2187 5395 2297 5466 (92)
2343 5394 2850 5468 Τῶννλεχθέντων.
2892 5398 3016 5452 Haec
3043 5413 3258 5468 quoque
3276 5398 3406 5453 mihi
3438 5399 3686 5452 videntur

2153 5475 2384 5547 eracute
2434 5467 2700 5547 illustrari
2740 5470 3409 5547 ab_e_ndem_doctissi_tuq
3454 5472 3682 5547 ediqu

2113 5537 2271 5603 Legit
2298 5537 2442 5589 enim
2468 5537 2562 5590 acati.
2594 5540 2717 5600 τοὺς
2740 5537 3027 5608 λεχθέντας
3057 5540 3261 5592 ἐκείνου
3298 5539 3564 5608 ἀδελφοὺς
3599 5538 3685 5590 καὶ

2112 5606 2277 5659 τέκνα
2296 5607 2497 5676 ὁμοίως
2526 5608 2594 5661 τά
2619 5608 2714 5661 ἀπ’
2742 5609 2923 5662 αὐτῶν
2962 5611 3203 5662 ἐκείνων.
3233 5612 3339 5664 Sed
3363 5623 3543 5664 tamen
3579 5618 3684 5662 hac

2113 5682 2530 5746 generationum
2563 5681 2757 5739 series.
2791 5680 3073 5748 Neptunus
3096 5692 3152 5734 et
3180 5681 3356 5740 Pluto.
3391 5695 3685 5747 eorumque

2114 5748 2209 5800 tilii
2255 5757 2310 5801 et
2345 5757 2596 5817 nepotes,
2635 5751 2962 5819 respondere
3006 5752 3233 5820 angelis,
3268 5750 3605 5807 dzemouibus
3633 5760 3683 5804 et

2117 5820 2381 5875 heroibus
2412 5819 2647 5875 videtur.
