3770 6488
82 342 193 400 455

1202 344 1538 403 ΑΡοιοοιΑ
1575 344 1618 398 ll
1648 342 1786 400 PRO
1818 339 2282 400 CHRISTIANIS.

3259 344 3361 401 ιιι

81 465 182 519 ἀπ’
210 466 459 531 ἐκείνων,
496 467 823 533 Ποσειδῶνος
860 467 952 523 καὶ
986 465 1319 531 Πλούτωνος,
1352 466 1652 536 ἀνήνεγκαν

1832 480 1837 514 ι
1878 475 1974 516 eos
2012 460 2105 529 qui
2141 444 2251 515 tum
2282 459 2449 530 ipsius
2482 467 2605 515 satu
2636 460 2830 529 geniti,
2865 470 2977 515 tum
3009 476 3074 517 ex
3103 461 3219 529 ejus
3249 460 3361 517 ira-

95 557 360 628 ’ονόματι
393 558 503 631 γὰρ
534 557 784 621 ἕκαστον,
815 560 953 631 ὅπερ
983 558 1212 622 ἕκαστος
1246 556 1427 627 ἐαυτῷ
1443 557 1554 627 (95)
1570 554 1679 609 τῶν

77 648 336 718 ἀγγέλων
368 652 463 705 καὶ
492 654 602 716 τοῖς
634 653 846 717 τέκνοις
880 652 1051 717 ἔθετο,
1087 650 1557 723 προσηγόρευσαν.
1593 667 1596 671 '

158 937 214 992 6.
260 940 473 1010 Ὀνομα
504 940 561 993 δὲ
594 938 673 1011 τῷ
705 940 923 994 πάντων
966 940 1143 1010 Πατρὶ
1190 938 1363 1001 θετὸν,
1399 938 1679 1008 ἀγεννήτῳ

72 1029 218 1094 Evn,
250 1032 353 1084 οῦκ
388 1025 629 1103 ἑστιν.ᾯ
658 1033 767 1101 γὰρ
811 1032 877 1086 ἂν
924 1034 1017 1086 καὶ
1062 1033 1289 1103 ὀνόματι
1324 1032 1434 1101 (94)
1471 1047 1677 1103 προσα-

72 1124 404 1196 γορεύηται,
440 1126 810 1198 πρεσϐύτερον
843 1126 954 1197 ἔχει
1005 1126 1094 1180 τὸν
1134 1126 1358 1197 θέμενον
1391 1126 1451 1177 τὸ
1483 1126 1675 1195 ὄνομα,

76 1216 158 1270 Τὸ
188 1219 248 1272 δὲ
283 1219 494 1290 Πατὴρ,
530 1219 624 1273 καὶ
665 1220 819 1284 Θεὸς,
872 1220 965 1273 καὶ
1014 1219 1276 1289 Κτίστης,
1314 1219 1406 1272 καὶ
1450 1218 1674 1290 Κύριος,

75 1309 178 1362 καὶ
214 1310 517 1381 Δεσπότης,
547 1312 648 1364 οὐκ
685 1311 926 1381 ὀνόματά
956 1312 1123 1375 ἐστιν,
1163 1311 1275 1364 ἀλλ’
1327 1312 1392 1363 ἐκ
1442 1310 1550 1362 τῶν
1583 1310 1677 1361 εύ-

73 1403 281 1455 ποιῖῶν
326 1404 420 1457 καὶ
465 1402 574 1457 τῶν
608 1403 783 1475 ἔργων
818 1402 1249 1474 προσρήσεις.Ὀ
1280 1402 1336 1455 δὲ
1370 1402 1498 1465 Υἱὸς
1530 1400 1674 1454 ὲκεί-

69 1513 192 1561 νου,
228 1498 261 1550 ὁ
296 1496 457 1565 μόνος
500 1495 789 1566 λεγόμενος
834 1494 1039 1566 κυρίως
1080 1494 1228 1558 Υἱὸς,
1279 1496 1307 1547 ὁ
1347 1493 1518 1562 Λόγος
1569 1492 1675 1564 πρὸ

66 1590 186 1641 τῶν
222 1589 570 1660 ποιημάτιον,
606 1588 699 1641 καὶ
734 1586 909 1641 συνὼν
942 1588 1035 1641 καὶ
1071 1586 1409 1657 γεννώμενος
1434 1586 1676 1656 (95),ὂτε

65 1683 175 1753 τὴν
223 1682 406 1753 ἀρχὴν
452 1682 519 1735 δι’
545 1680 710 1734 αὑτοῦ
758 1681 937 1734 πάντα
988 1679 1170 1733 ἔκτισε
1215 1680 1309 1733 καὶ
1354 1680 1669 1750 ἐκόσμησε·

64 1774 314 1845 Χριστὸς
353 1774 473 1844 μὲν,
508 1772 650 1827 κατὰ
683 1773 743 1826 τὸ
774 1773 1063 1843 κεχρῖσθαι
1100 1772 1232 1842 (96),
1268 1772 1361 1825 καὶ
1396 1771 1673 1841 κοσμῆσαι

1783 552 1956 605 tribus
1982 549 2233 620 Neptuno
2255 561 2308 605 et
2342 550 2591 619 Plutone,
2620 566 2919 621 eorumque
2945 551 3070 607 ﬁliis
3093 551 3362 622 procreati

1780 643 2123 707 ferebantur,
2144 660 2203 697 ea
2234 644 2583 699 transtulere.
2615 642 2770 710 Quod
2796 644 2940 699 enim
2970 659 3164 698 nomen
3194 660 3364 697 unus-

1779 732 2010 803 quisque
2038 734 2353 804 angelorum
2383 734 2485 788 sibi
2518 742 2573 788 et
2598 734 2725 789 ﬁliis
2751 734 2865 789 suis
2896 734 3254 805 imposuerat,
3292 750 3363 791 eo

1780 838 2053 895 quemque
2079 825 2513 896 appellaverunt.

1847 942 1904 996 6.
1944 942 2149 999 Nomen
2190 953 2372 1001 autem
2417 946 2797 1003 universorum
2836 945 3087 1013 Parenti,
3118 962 3186 1003 eo
3218 948 3362 1017 quod

1780 1033 2057 1105 ingenitus
2102 1038 2193 1103 sit,
2220 1038 2424 1092 nullum
2452 1055 2677 1108 prorsus
2703 1039 2934 1094 inditum
2971 1049 3075 1095 est.
3105 1039 3358 1107 Quocuu-

1779 1145 1885 1197 que
1930 1130 2075 1183 enim
2126 1133 2348 1187 nomine
2404 1132 2726 1203 appelletur,
2780 1132 3148 1202 antiquiorem
3199 1132 3363 1187 habet

1778 1236 1926 1286 eum,
1954 1221 2046 1290 qui
2078 1238 2275 1277 nomen
2302 1223 2581 1291 imposuit.
2604 1223 2730 1279 Haec
2750 1235 2958 1287 autem,
2984 1224 3169 1291 Pater,
3192 1226 3355 1288 Deus,

1777 1312 2056 1377 Conditor,
2080 1312 2359 1376 Dominus,
2391 1312 2587 1375 Herus,
2614 1327 2718 1365 non
2745 1321 2874 1365 sttnt
2902 1314 3147 1377 nomina,
3172 1314 3265 1367 sed
3291 1327 3361 1368 ex

1778 1405 2060 1460 beneﬁciis
2081 1414 2137 1458 et
2165 1404 2427 1473 operibus
2445 1404 2860 1474 appellationes.
2892 1405 3024 1474 Ejus
3051 1415 3229 1460 autem
3265 1404 3357 1459 Fi-

1779 1497 1908 1560 lius,
1938 1498 2031 1566 qui
2064 1495 2213 1549 solus
2247 1496 2467 1565 proprie
2493 1496 2662 1551 Filius
2692 1498 2911 1562 dicitur,
2941 1498 3177 1552 Verbum
3200 1508 3357 1552 ante-

1776 1599 1945 1652 quam
1977 1585 2213 1636 mundus
2243 1594 2549 1649 crearetur,
2592 1587 2737 1654 quod
2775 1595 2828 1640 et
2856 1602 2959 1642 una
2990 1602 3111 1640 eum
3140 1602 3205 1640 eo
3229 1590 3359 1641 ade-

1776 1686 1883 1739 rat,
1904 1686 1960 1731 et
1990 1676 2233 1744 genitum
2261 1684 2363 1741 est,
2396 1691 2519 1729 cum
2544 1690 2645 1745 per
2671 1676 2799 1729 illud
2830 1677 2989 1731 initio
3015 1677 3199 1731 omnia
3227 1692 3357 1731 con-

1778 1767 1913 1821 didit
1943 1777 2000 1823 et
2031 1769 2277 1830 ornavit;
2308 1768 2419 1832 hic,
2450 1768 2693 1838 inquam,
2726 1768 2918 1834 Filius,
2966 1784 3033 1823 eo
3079 1771 3221 1839 quod
3252 1786 3355 1824 un-

62 1869 140 1919 τὰ
194 1868 379 1920 πάντα
426 1867 493 1919 δι’
545 1865 710 1920 αὑτοῦ
762 1865 851 1917 τὸν
897 1864 1051 1928 Θεὸν,
1086 1864 1333 1932 λέγεται*
1367 1862 1537 1933 ὄνομα
1570 1862 1652 1915 κα)

1832 1874 1889 1913 us
1918 1859 1991 1913 sit
2018 1869 2072 1913 et
2097 1875 2193 1929 per
2218 1876 2340 1914 eum
2369 1860 2509 1915 Deus
2540 1861 2720 1915 omnia
2753 1862 3060 1925 ornaverit,
3091 1860 3351 1916 Christus

64 1959 205 2013 αὐτὸ
241 1960 500 2031 περιέχον
534 1959 806 2028 ἄγνωστον
842 1960 1143 2029 σημασίανο
1176 1958 1234 2011 ὃν
1261 1956 1460 2025 τρόπον
1493 1954 1667 2009 καὶτὸ

67 2052 221 2119 Θεὸς
256 2053 691 2125 προσαγόρευμα
713 2053 814 2106 οὐκ
841 2052 1013 2123 ὄνομα
1040 2053 1208 2117 ἐστιν,
1244 2049 1379 2104 ἀλλὰ
1409 2048 1667 2120 πράγμα-

63 2161 158 2209 τος
190 2143 569 2215 δυσεξηγήτοι·
603 2143 841 2214 ἔμφυτος
890 2146 958 2215 τῇ
1000 2142 1159 2212 φύσει
1200 2140 1308 2195 τῶν
1361 2140 1665 2211 ἀνθρώπων

61 2238 213 2302 δόξα.
236 2236 453 2308 Ἰησοῦς
481 2237 538 2289 δὲ
566 2236 658 2288 καὶ
693 2234 984 2308 ἀνθρώπου
1018 2236 1112 2287 καὶ
1136 2234 1393 2304 Σωτῆρος
1417 2232 1526 2303 (97)
1548 2232 1665 2284 ὀνο-

67 2347 143 2398 μα
198 2329 298 2382 καὶ
352 2329 629 2399 σημασίαν
674 2328 807 2399 ἔχει.
843 2328 953 2381 Καὶ
984 2327 1093 2399 γὰρ
1126 2327 1221 2379 καὶ
1254 2326 1556 2397 ἄνθρωπος,
1589 2324 1664 2389 ὼς

63 2424 282 2488 «poem
293 2436 396 2488 μεν
421 2416 598 2489 (97"),
626 2416 836 2485 γέγονε,
859 2416 999 2471 κατὰ
1022 2416 1117 2487 τὴν
1150 2414 1243 2469 τοῦ
1277 2414 1411 2468 Θεοῦ
1438 2414 1529 2467 καὶ
1550 2414 1665 2465 Πα-

60 2512 191 2582 τρὸς
230 2510 440 2580 βουλὴν
473 2509 805 2579 ἅποκυηθεὶς
838 2508 980 2579 ὑπὲρ
1012 2507 1119 2561 τῶν
1161 2506 1525 2560 πιστευόντων
1571 2506 1665 2558 ἀν-

63 2604 334 2675 θρώπων,
375 2602 472 2655 καὶ
506 2600 800 2655 καταλύσει
836 2601 946 2671 (98)
981 2600 1089 2653 τῶν
1119 2600 1409 2670 δαιμόνων.
1436 2600 1545 2653 Καὶ
1568 2598 1663 2652 νῦν

62 2696 127 2748 ὲκ
157 2696 273 2749 τῶν
310 2696 406 2748 ὑπ’
441 2694 563 2764 ὄψιν
604 2693 906 2764 γινομένων
951 2692 1141 2764 μαθεῖν
1180 2691 1430 2746 δύνασθε.
1467 2694 1665 2762 Δαιμο-

60 2789 397 2859 νιολήπτους
452 2786 559 2856 γὰρ
616 2785 841 2849 πολλοὺς
894 2784 1035 2837 κατὰ
1086 2783 1265 2837 πάντα
1316 2782 1406 2836 τὸν
1439 2783 1662 2853 κόσμον,

61 2882 153 2934 καὶ
188 2883 251 2933 ἐν
288 2884 359 2951 τῇ
397 2880 641 2952 ὑμετέρᾳ
675 2879 783 2949 (99)
820 2878 990 2941 πόλει,
1011 2876 1209 2955 ,πολλοὶ
1241 2876 1348 2930 τῶν
1380 2875 1663 2947 ἡμετέρων

60 2974 381 3046 ἀνθρώπων
414 2973 521 3026 τῶν
552 2971 912 3037 Χριστιανῶν.
948 2970 1335 3042 ὲπορκὶζοντες
1382 2969 1523 3023 κατὰ
1567 2968 1662 3023 τοῦ

58 3069 341 3137 ὀνόματος
409 3064 585 3137 Ἰησοῦ
636 3062 891 3136 Χριστοῦ,
946 3062 1039 3117 τοῦ
1096 3062 1497 3133 σταυρωθέντος
1568 3063 1663 3115 ἐπὶ

1771 1962 2029 2017 vocatur;
2058 1969 2165 2022 quo
2209 1955 2428 2022 quidem
2461 1962 2516 2008 et
2558 1955 2673 2023 ipso
2700 1954 2920 2008 nomine
2960 1969 3046 2009 res
3079 1952 3357 2023 significa-

1771 2052 1859 2098 tur
1904 2046 2335 2115 indeprehensa;
2385 2045 2840 2115 quemadmodum
2901 2043 3000 2098 Dei
3064 2043 3356 2115 appellatio

1769 2153 1876 2192 non
1907 2154 2102 2193 nomen
2134 2149 2240 2201 est,
2281 2141 2376 2193 sed
2404 2140 2479 2192 rei
2511 2152 2619 2191 non
2648 2136 2977 2192 enarrabilis
3006 2137 3166 2191 insita
3198 2147 3357 2192 natu-

1768 2245 1843 2283 ra:
1870 2228 2148 2283 hominum
2182 2228 2289 2299 93
2321 2229 2530 2298 Opinio.
2559 2227 2719 2282 Jcsus
2748 2237 2931 2282 autem
2957 2237 3012 2283 et
3038 2229 3275 2284 hominis
3298 2238 3356 2285 et

1771 2319 2075 2375 Salvatoris
2108 2336 2306 2375 nomen
2334 2332 2390 2374 et
2419 2321 2876 2391 signiﬁcationem
2907 2321 3095 2375 habet.
3140 2320 3273 2375 Nam
3298 2329 3354 2377 et

1771 2413 1935 2467 homo
1964 2412 2273 2482 factusest,
2305 2421 2368 2467 ut
2393 2423 2551 2467 antea
2589 2413 2844 2479 diximus,
2870 2413 2938 2467 de
2971 2412 3062 2467 Dei
3095 2421 3148 2468 et
3175 2411 3351 2469 Patris

1767 2506 2052 2561 voluntate
2082 2515 2239 2575 partu
2273 2507 2452 2561 editus
2497 2521 2599 2575 pro
2641 2507 2992 2562 credentibus
3042 2506 3353 2562 hominibus

1766 2608 1821 2653 et
1848 2598 1915 2652 ad
1944 2598 2253 2653 daemonum
2278 2598 2649 2663 eversionem.
2681 2597 2737 2653 Id
2762 2599 3010 2666 profecto
3037 2612 3103 2652 ex
3128 2599 3212 2653 his
3234 2614 3353 2669 quae

1767 2689 1820 2742 in
1878 2690 2123 2743 omnium
2180 2690 2351 2744 oculis
2402 2699 2692 2761 geruntur,
2730 2692 3044 2761 perspicere
3104 2692 3347 2759 potestis.

1765 2782 2041 2839 Plurimos
2062 2784 2205 2838 enim
2235 2784 2521 2839 dmmoniis
2550 2784 2784 2854 agitatus
2829 2784 2883 2837 in
2920 2794 3032 2839 toto
3057 2785 3188 2839 orbe
3214 2793 3268 2838 et
3294 2784 3349 2836 in

1766 2877 1903 2930 urbe
1952 2887 2163 2943 vestra,
2191 2877 2344 2931 multi
2379 2894 2446 2932 ex
2476 2880 2680 2932 nostris
2707 2878 3058 2943 Christianis,
3092 2894 3215 2933 cum
3254 2893 3351 2947 per

1765 2984 1965 3023 nomen
1993 2969 2119 3023 Jesu
2148 2967 2354 3024 Christi
2383 2970 2485 3024 sub
2529 2972 2722 3025 Pontio
2754 2971 2929 3025 Pilato
2956 2971 3207 3025 cruciﬁxi
3249 2972 3349 3025 ad-

1758 3059 2034 3128 jurarent,
2064 3064 2132 3115 ab
2158 3062 2417 3118 omnibus
2441 3062 2562 3117 aliis
2588 3062 3017 3129 adjuratoribus,
3044 3063 3350 3117 incantato—

62 3160 299 3215 Ποντίου
320 3159 577 3223 Πιλάτου,
600 3156 707 3211 ὑπὸ
737 3158 835 3227 τῆς
867 3156 1041 3212 ἄλλων
1074 3157 1289 3212 πάντων
1323 3154 1652 3226 ἐπορκιστῶν

1832 3170 1917 3209 ius
1956 3164 2014 3210 et
2050 3156 2311 3212 venelicis
2360 3171 2469 3211 non
2516 3166 2738 3212 sanatos
2786 3169 3137 3221 sanaveruut,
3184 3168 3349 3226 atque

130 3426 250 3495 (93)
296 3424 478 3491 Ὅπερ
525 3422 781 3490 ἕκαστος
834 3422 1043 3495 ἐαυτῷ.
1113 3423 1317 3495 Eadem
1399 3424 1663 3480 habemus

59 3490 237 3568 Αρδι.
262 3512 311 3568 γι,
344 3512 412 3568 κη.
440 3490 531 3560 5.,
565 3495 833 3568 ᾼιιιεηῖιε.
862 3493 1097 3568 Apol.__n.
1134 3494 1223 3555 26,
1251 3497 1390 3568 apud
1421 3495 1663 3568 Laclan-

62 3562 205 3622 tium
238 3562 450 3627 lih.‘tv,
489 3581 536 3617 c.
566 3566 659 3627 27,
685 3576 740 3618 et
772 3566 970 3618 Euseb.
997 3566 1092 3619 lib.
1122 3580 1200 3627 tv,
1234 3562 1364 3629 «ἠῢ,
1410 3563 1659 3634 Prwpar.

62 3658 151 3693 cr.
181 3653 248 3690 ex
285 3636 607 3688 Plutarcho.

134 3702 346 3831 (94ὲᾮ
364 3705 473 3773 γὰρ
488 3705 670 3759 ἄνκαὶ
690 3704 950 3773 ὀνόματι.
973 3703 1315 3759 Simillimam
1334 3707 1660 3761 sententiam

134 3789 205 3831 μαι
280 3818 292 3829 .
321 3777 563 3831 Joannes
590 3778 960 3829 Damasceuus
994 3790 1061 3827 ex
1096 3774 1423 3828 Narratione
1460 3789 1660 3831 morm-

63 3774 205 3834 citat
230 3774 563 3831 SfJoanncs
590 3778 960 3829 Damasceuus
994 3790 1061 3827 ex
1096 3774 1423 3828 Narratione
1460 3789 1660 3845 morig-

61 3854 131 3903 rii
178 3847 241 3902 S.
280 3846 499 3915 Babylw
532 3865 544 3899 :
575 3846 689 3898 Πᾶν
734 3845 844 3916 γᾴρ
886 3845 949 3916 τὸ
983 3846 1379 3916 ὀνομαζόμενον
1425 3846 1527 3900 ὑπὸ
1567 3847 1661 3899 τοῦ

59 3919 384 3985 κρείττονος
404 3914 755 3985 ὀνομάζεται,
785 3914 869 3967 ἴνα
908 3915 968 3968 τὸ
1009 3914 1105 3985 μὲν
1139 3916 1298 3985 καλῇ,
1339 3917 1397 3968 τὸ
1435 3918 1491 3970 δὲ
1520 3919 1661 3969 ὑπα-

63 3960 97 3974 ..
141 3960 381 3979 ........-,
416 3960 498 3968 --ν
548 3960 755 3979 ..τ-...η
789 3960 869 3967 -.τ
920 3960 965 3968 --
1050 3960 1098 3968 --
1352 3960 1395 3968 .-
1438 3960 1491 3970 ν-
1525 3960 1630 3969 -....

61 3960 277 4062 κξύῃ...
310 3988 452 4055 Θεὸς
472 3960 573 4039 οῦκ
594 3987 785 4057 ὄνομα,
806 3986 941 4040 ἀλλὰ
963 3960 1088 4050 δόξα
1110 3988 1235 4058 περὶ
1251 3960 1408 4051 Θεοῦ,
1435 3988 1658 4055 l’arall.,

64 4080 119 4132 p.
139 4062 278 4132 784.

138 4131 256 4201 (95)
297 4130 411 4183 Καὶ
451 4128 841 4199 γεννώμενος.
870 4127 1140 4201 -Clarom.
1180 4130 1509 4201 γενόμενος.
1571 4128 1663 4182 Sic

63 4196 245 4257 etiam
310 4196 596 4265 lugendum
642 4196 812 4267 putat
866 4196 1113 4267 Scaliger
1169 4196 1408 4252 Notﬁin
1462 4197 1657 4253 Euseb.

63 4274 274 4327 Chron.
328 4270 437 4323 Sed
482 4285 581 4325 nec
625 4266 741 4337 ipse
788 4284 886 4323 nec
930 4266 1119 4321 Bullus
1156 4279 1209 4323 et
1256 4269 1514 4334 Grabius,
1564 4269 1659 4338 qui

65 4360 199 4398 eum
234 4340 516 4402 refellunt,
546 4339 1052 4393 animadverterunt
1081 4338 1211 4392 illud
1244 4341 1355 4403 ὅτε,
1387 4350 1444 4393 et
1479 4341 1662 4399 itafin-

68 4412 372 4482 terpretati
400 4421 527 4466 sunt
555 4411 712 4482 quasi
742 4410 1005 4482 scriptum
1030 4420 1175 4463 esset
1200 4412 1300 4463 ὅτι.
1328 4409 1575 4464 Justinus
1590 4410 1659 4482 de

64 4480 198 4537 Filii
228 4482 586 4549 generatione
627 4480 693 4533 ad
724 4480 907 4533 mundi
935 4481 1268 4534 creationem
1313 4482 1451 4534 idem
1494 4480 1660 4533 sentit

1764 3429 1859 3484 lib.
1896 3444 1938 3494 t,
1970 3443 2121 3483 num.
2152 3428 2241 3493 12,
2261 3428 2338 3483 ait
2362 3427 2567 3482 nullum
2591 3440 2729 3496 opus
2748 3433 3001 3480 ornatum
3026 3438 3144 3479 esse
3166 3438 3347 3496 posse,

1762 3502 1865 3553 nlSI
1905 3492 2161 3567 ungatur,
2198 3492 2253 3552 et
2301 3499 2366 3550 ad
2404 3492 2749 3565 splendorem
2790 3496 3120 3564 expoliatur,
3148 3495 3244 3547 ἐὰν
3267 3492 3346 3565 μὴ

1762 3570 1959 3641 χρισθῇ
1994 3571 2087 3622 καὶ
2116 3568 2406 3641 στιλϐωθῇ.
2430 3572 2520 3621 Ait
2542 3569 2743 3641 ibidem
2768 3567 3350 3641 aeretn_qt_i_odanrnio:

1764 3634 1833 3695 do
1862 3634 1981 3693 luce
2015 3641 2222 3709 inungi,
2251 3634 2437 3709 τρότξῳ
2460 3638 2563 3691 τινὶ
2592 3636 2803 3709 χρίεται
2830 3635 2997 3709 φωτί.-
3016 3634 3350 3709 νυΙοιιιίηἰειτ

1765 3711 1841 3771 ni,
1878 3713 2022 3763 inter
2068 3704 2172 3763 alia
2219 3704 2439 3763 nomina
2488 3704 2809 3777 quaéVerbo
2837 3704 3094 3759 inundutn
3132 3704 3347 3777 creanti

1766 3782 2095 3845 tribuebant,
2130 3780 2409 3833 Christum
2460 3773 2591 3833 illud
2647 3778 3028 3845 appellabant;
3081 3784 3130 3828 et
3184 3773 3346 3827 Chri-«

1766 3860 1908 3905 stum
1961 3852 2214 3904 dicebant
2280 3866 2401 3905 esse
2467 3850 2645 3902 lumen
2703 3848 2833 3901 illud
2885 3863 2991 3914 quo
3056 3846 3343 3914 recedente

1764 3921 2065 3974 Aehamoth
2105 3922 2421 3988 perturbata
2470 3920 2664 3982 fuerat,
2705 3916 2844 3972 lren.
2885 3913 2977 3969 lib.
3015 3930 3085 3988 tv,
3128 3913 3337 3988 numai

1762 4003 1815 4045 et
1845 3992 1897 4044 5.
1923 3992 1979 4045 S.
2008 3986 2329 4045 Ambrosius
2361 3993 2411 4044 in
2439 3992 2577 4044 libro
2608 3990 2681 4043 De
2712 3992 2837 4058 fuga
2869 3987 3050 4040 saeculi
3077 4004 3128 4058 ο.
3162 3987 3248 4058 i5,
3276 3986 3346 4039 de

1768 4061 1947 4115 Verbo
1986 4064 2065 4116 sic
2114 4063 2357 4131 loquitur
2388 4080 2401 4116 :
2436 4078 2454 4112 ι
2483 4059 2689 4115 chtus
2712 4056 3042 4131 naturaliter
3079 4056 3285 4131 legitur
3315 4069 3347 4107 a

1765 4132 1875 4186 Deo
1907 4134 2087 4195 Patre,
2116 4126 2242 4200 quia
2279 4130 2457 4187 lumen
2509 4141 2592 4185 est
2644 4146 2857 4192 verum,
2900 4128 3044 4198 quod
3079 4126 3349 4200 illuminat

1763 4217 1978 4257 omnent
2015 4195 2290 4257 hominem
2317 4204 2621 4256 venientem
2660 4201 2711 4252 in
2753 4195 3348 4253 hunc'munduma—

1766 4273 1942 4347 [Quod
1960 4274 2046 4347 ait
2070 4272 2317 4347 Justinus
2340 4273 2574 4347 Verbum
2594 4272 2662 4347 ab
2680 4277 3132 4347 aeternoutictutn
3151 4264 3346 4347 fuisse,

1765 4335 1927 4412 atqtie
1959 4344 2085 4397 inde
2109 4345 2397 4397 deductam
2420 4343 2620 4395 Christi
2651 4340 3094 4412 appellationem,
3116 4337 3167 4389 id
3208 4335 3347 4412 vide-

1766 4404 1854 4467 tur
1882 4414 2173 4467 deduxiSse
2203 4428 2269 4465 ex
2304 4414 2485 4465 verbis
2510 4404 2829 4480 διτίρίιίταξ,
2883 4408 3042 4459 Prov.
3090 4421 3206 4480 vni,
3251 4404 3341 4480 23,

1763 4484 1851 4538 tibi
1882 4485 2183 4551 Sapientia,
2212 4498 2309 4552 pro
2337 4484 2420 4535 his
2450 4477 2655 4545 verbis,
2686 4496 2806 4548 quae
2834 4480 3109 4552 habentur
3142 4478 3199 4552 in
3233 4477 3348 4527 vul-

65 4572 133 4608 ae
173 4547 333 4624 multi
377 4553 467 4624 alii
500 4552 817 4624 scriptores,
857 4550 1021 4617 idque
1072 4553 1172 4624 hoc
1216 4551 1655 4624 locoggconceptis
1684 4557 1731 4616 ι)
1758 4564 1899 4624 gata,
1920 4547 1996 4605 Αἰ)
2022 4547 2495 4607 (ινιεηιοόνάὶηαια
2517 4547 2879 4624 sum,dicitur_
2902 4548 3069 4602 Hebr.
3098 4547 3162 4600 ob
3186 4560 3345 4624 aeter-

64 4625 261 4679 verbis
285 4623 551 4677 declarat.
576 4622 679 4675 Sed
713 4624 853 4674 hanc
874 4621 1281 4688 generationem
1310 4621 1443 4676 nihil
1469 4622 1654 4674 detra-

64 4696 203 4749 here
234 4695 306 4747 de
323 4692 446 4745 Filii
485 4694 794 4745 aeternitate
836 4691 1182 4760 perspicitur,
1230 4693 1498 4761 siquidem
1533 4700 1654 4744 erat

64 4780 179 4819 una
213 4779 343 4817 cum
392 4763 553 4817 Patre
579 4773 873 4830 antequam
908 4762 1149 4828 prodiret
1182 4764 1248 4815 ad
1284 4762 1465 4816 mundi
1500 4776 1654 4815 crea-

66 4838 305 4889 tionem.
358 4834 530 4887 Erunt
574 4832 806 4887 fortasse
852 4833 945 4899 qui
993 4832 1278 4901 legendum
1321 4841 1554 4901 putent:
1596 4831 1653 4885 '0

64 4907 248 4973 Λόγος
298 4904 407 4975 πρὸ
456 4904 565 4957 τῶν
604 4902 926 4975 ποιημάτων
955 4900 1147 4954 συνών.
1178 4920 1196 4953 ι
1225 4900 1457 4975 Verbum
1510 4904 1653 4972 quod

65 4974 351 5032 eratcum
365 4975 525 5029 Patre
544 4984 669 5029 ante
703 4974 790 5028 res
823 4983 1073 5037 creatas;
1104 4991 1121 5021 ι
1145 4974 1237 5026 sed
1266 4974 1493 5043 vulgatae
1515 4975 1653 5026 scri-

65 5058 250 5117 pturae
286 5061 478 5100 sensus
504 5059 657 5116 teque
704 5046 1002 5114 praeclarus
1030 5052 1131 5117 est,
1171 5044 1333 5117 mon
1366 5055 1495 5117 ante
1537 5044 1653 5117 haec

66 5113 241 5171 'verba
265 5118 359 5171 καὶ
386 5113 583 5177 συνών,
617 5113 1051 5184 interpungatur.
1086 5113 1208 5168 Mox
1237 5114 1433 5185 legitur
1468 5116 1521 5167 in
1549 5114 1655 5168 ιιε-

70 5190 164 5260 gio
191 5189 391 5260 codice
420 5188 697 5260 ἐκόσμησε
715 5186 817 5260 καὶ
842 5185 1046 5260 ἔκτισε.

143 5258 261 5329 (96)
298 5259 465 5311 Κατὰ
482 5256 897 5325 τὸκεχρῖσθαι.
939 5256 1186 5329 Scaliger
1204 5257 1325 5311 loco
1345 5272 1467 5311 mox
1488 5257 1654 5329 citato

66 5326 201 5401 legit
224 5326 435 5400 χρῖσαι,
469 5329 563 5401 sed
591 5330 908 5401 Grabiuset
943 5326 1034 5379 alii.
1069 5326 1237 5401 \j’erbo
1268 5329 1485 5401 passivo
1515 5327 1655 5401 acti-

67 5397 195 5454 vim
226 5397 685 5469 signiﬁcationem
716 5399 1044 5469 attribuunt,
1080 5399 1155 5452 ita
1194 5408 1253 5452 ut
1285 5399 1536 5453 Christus
1572 5397 1657 5449 di-

67 5483 231 5526 catur
263 5468 521 5531 Verbum,
547 5470 669 5537 quia
701 5485 795 5538 per
823 5470 953 5523 illud
983 5468 1123 5523 Deus
1148 5472 1330 5523 omnia
1358 5469 1571 5523 inuuxit
1598 5478 1655 5521 et

66 5543 315 5597 ornavit.
358 5539 523 5597 Solus
540 5540 800 5594 Gelenius
835 5540 1090 5603 reddidit,
1140 5557 1158 5589 ι
1187 5555 1253 5594 eo
1277 5541 1420 5608 quod
1461 5548 1656 5594 unctus

67 5616 165 5667 sit.
194 5630 217 5665 ι
254 5611 491 5667 Verbum
544 5610 791 5664 Justinus
835 5620 1056 5663 unctum
1111 5610 1278 5665 fuisse
1326 5611 1477 5673 dicit,
1526 5611 1653 5673 quia

67 5684 333 5752 splendor
355 5692 446 5735 est
463 5692 699 5752 paterna:
722 5682 904 5749 gloriae
922 5693 977 5733 et
1001 5680 1181 5734 lumen
1206 5684 1271 5736 de
1297 5682 1520 5752 lumine.
1542 5680 1653 5734 Hoc

67 5751 299 5808 verbum
327 5751 580 5823 χρίεσθαι
609 5756 745 5806 satis
775 5762 960 5823 aptuni
1005 5754 1218 5805 videtur
1246 5754 1311 5805 ad
1341 5751 1655 5822 signiﬁcau-

70 5827 198 5879 dum
231 5822 600 5894 splendorem.
636 5823 728 5879 Sic
747 5825 890 5878 enim
923 5822 1255 5893 Theophilus
1282 5824 1652 5881 Antioch-suus

1758 4617 1824 4678 ἷιο
1888 4626 2129 4691 inuncta,
2162 4624 2314 4691 tquia
2355 4624 2618 4676 nimirum
2690 4621 2951 4691 splendor
3016 4628 3101 4671 est
3174 4617 3344 4685 maje-

1759 4697 1936 4750 SIatis.
1970 4693 2113 4763 Ungi
2146 4696 2293 4749 enim
2337 4694 2479 4747 idem
2519 4703 2699 4763 estae
2736 4691 3141 4763 splendescere,
3168 4697 3233 4763 ut
3278 4703 3343 4743 ex

1756 4758 2088 4888 zupzadictis
2122 4764 2345 4833 intelligi
2384 4762 2625 4835 potest.]
2658 4762 2743 4816 Ea:
2766 4758 3044 4815 lddendis
3076 4769 3125 4813 et
3156 4758 3347 4813 Emen-

1795 4854 1863 4888 an
1907 4853 1971 4888 IS.

1795 4839 1971 4890 audis.

1826 4906 2055 4979 (97)Kat
2087 4903 2403 4975 ἀνθρώπου
2443 4906 2541 4959 καὶ
2590 4903 2883 4979 Σωτῆρος.
2947 4900 3178 4979 Nomine
3210 4898 3343 4979 Iesu

1756 4971 2035 5031 hominem
2091 4971 2254 5031 simul
2298 4986 2351 5030 et
2400 4981 2728 5031 salvatorem
2747 4971 3177 5044 —desiguari__ait,
3214 4971 3345 5044 quia

1757 5046 1892 5100 illud
1920 5047 2095 5101 Verbo
2126 5052 2414 5102 incarnato
2442 5048 2657 5102 sciebat
2684 5042 3008 5099 convenire.
3050 5042 3165 5096 Hoc
3196 5043 3342 5095 enim

1758 5118 2055 5172 discrimen
2116 5120 2259 5172 inter
2324 5120 2526 5172 Christi
2588 5126 2643 5171 et
2701 5116 2827 5171 Jesu
2885 5127 3080 5169 nomen
3145 5126 3173 5164 a
3239 5109 3345 5164 Ju-

1758 5189 1907 5259 stino
1942 5189 2194 5256 ponitur,
2248 5191 2390 5256 quod
2432 5193 2695 5259 primum
2721 5187 2900 5241 Verbo
2938 5193 3065 5238 ante
3084 5182 3346 5259 _lnearna~

1763 5254 1971 5313 tionem
2010 5254 2321 5328 competere
2354 5254 2622 5323 crederet,
2653 5256 2879 5310 alterum
2924 5264 3048 5325 post
3079 5254 3342 5306 lucarna-

1761 5329 1985 5383 tionem.

1827 5399 1959 5469 (97⁵)
2000 5400 2154 5467 Αροι.
2183 5417 2224 5463 ι,
2262 5416 2321 5455 n.
2356 5402 2428 5457 25
2464 5412 2521 5456 et
2549 5402 2641 5456 55.

1830 5461 1951 5542 (98)
2023 5461 2386 5527 Καταλύσει.
2460 5471 2781 5542 Legendum
2850 5467 2943 5521 ἐπὶ
2996 5461 3342 5542 καταλύσει,

1756 5536 1850 5595 ιη’
1885 5536 2170 5597 Perionius
2224 5554 2300 5614 et,
2341 5536 2665 5614 Sylburgius
2699 5541 2952 5614 \iiderunt
2978 5536 3341 5614 :_l.ege_r_i_d.ui_n

1757 5614 1922 5667 etiatn
1975 5614 2065 5666 ἐπὶ
2100 5613 2343 5685 σωτηρία
2369 5604 2476 5668 τῶν
2502 5604 2867 5666 πῖστευόντων
2899 5604 3123 5678 conjicit
3154 5604 3341 5661 Thirl-

1757 5685 1899 5737 hius.

1828 5754 1940 5824 (99)
1987 5755 2082 5810 ‘Er
2129 5754 2200 5825 τῇ
2229 5754 2500 5826 ὑμετέρᾳ.
2553 5755 2618 5811 R.
2653 5752 2965 5826 Stephanus
2997 5750 3162 5807 habet
3198 5750 3340 5820 ἡμι-

1758 5825 1911 5895 τέρα.
