3760 6498
420 366 532 427 ἇῢέἱ

1382 360 1441 416 s.
1476 320 1739 417 JUSTlNl
1772 355 2186 415 putLosorut
2221 356 2306 412 ΕΤ
2342 356 2702 414 MARTYRIS

3580 361 3695 420 15b

423 492 721 539 etiamnum
753 485 972 545 sanant,
1002 474 1194 531 fractis
1222 483 1275 530 et
1302 475 1498 547 ejectis
1525 476 1865 532 daemonibus
1899 475 1996 529 ho-

2169 472 2195 525 .)
2228 471 2479 545 ἐπαστῶν
2512 473 2605 527 καὶ
2638 470 3046 545 φαρμακευτῶν
3077 469 3157 543 (1)
3206 472 3283 543 μὴ
3320 469 3568 538 ίαθέντας
3609 478 3701 529 ld-

424 574 601 629 mines
622 571 1017 627 detiuentibus.

493 849 551 904 7.
596 847 938 916 Quapropter
975 843 1118 898 Deus
1178 849 1401 911 propter
1437 839 1878 897 Christianorum
1916 854 2003 896 se-

425 941 741 1009 men,qnod
784 937 838 991 in
885 951 1050 992 causa
1092 949 1219 989 esse
1262 933 1434 998 novit,
1459 947 1559 987 cur
1581 947 1763 987 rerum
1808 942 2002 986 natura

425 1040 805 1094 conservetur,
853 1038 1001 1083 tenet
1047 1042 1108 1082 se
1149 1042 1220 1081 ne
1263 1025 1642 1081 confusionem
1679 1025 1923 1089 inducat,
1948 1032 2003 1080 et

424 1124 837 1179 dissolutionem
867 1120 1036 1174 totius
1061 1118 1273 1183 mundi,
1296 1118 1370 1173 ita
1396 1128 1455 1172 ut
1482 1117 1615 1172 nulli
1634 1116 1745 1185 jam
1771 1114 2003 1185 improbi

423 1225 644 1272 exstent
668 1214 843 1283 angeli
868 1223 925 1268 et
945 1214 1220 1268 daemones
1241 1220 1296 1266 et
1332 1211 1604 1267 homines.
1628 1209 1766 1264 Nam
1800 1209 1903 1265 nisi
1927 1210 2003 1263 ita

423 1318 591 1372 esset,
630 1322 737 1360 non
767 1305 879 1373 jam
907 1305 1061 1359 vobis
1094 1306 1209 1359 haec
1241 1303 1425 1358 facere
1447 1312 1504 1357 et
1535 1318 1564 1357 a
1601 1304 1783 1371 pravis
1804 1302 2003 1356 daemo-

425 1398 589 1452 nibus
621 1396 835 1451 incitari
891 1396 1116 1459 liceret;
1161 1396 1257 1449 sed
1312 1395 1455 1465 ignis
1496 1393 1684 1463 jndicii
1727 1396 2000 1464 delapsus,

424 1490 571 1544 nullo
608 1490 929 1545 discrimine
952 1491 1135 1543 omnia
1169 1489 1516 1555 dissolveret,
1549 1488 2001 1559 quemadmodum

424 1583 552 1637 olim
576 1581 869 1645 diluvium,
891 1582 1037 1650 quod
1070 1586 1345 1637 neminem
1382 1582 1651 1650 reliquum
1687 1582 1835 1645 fecit,
1866 1594 2003 1650 prte-

424 1681 509 1728 ter
533 1691 695 1728 untuu
726 1692 849 1730 cum
888 1677 1002 1730 suis
1042 1678 1183 1744 apud
1217 1692 1319 1729 nos
1365 1684 1613 1727 vocatum
1662 1674 1814 1738 Noe,
1863 1673 2003 1742 apud

423 1780 521 1821 vos
552 1765 934 1823 Deucalionem
962 1806 977 1833 ,
1010 1782 1075 1821 ex
1129 1782 1239 1836 quo
1289 1782 1479 1821 rursus
1527 1773 1673 1819 tanta
1723 1766 1999 1819 hominum

426 1857 715 1915 multitudo
739 1868 1034 1928 propagata
1067 1867 1173 1923 est,
1203 1859 1399 1929 partim
1439 1858 1835 1928 improborum,
1864 1872 2001 1925 par—
2032 1849 2075 1905 Β

424 1948 522 1998 tim
549 1948 838 2003 bonorum.
874 1950 968 2005 Sic
1016 1951 1160 2005 enim
1206 1964 1306 2004 nos
1354 1948 1835 2020 conflagrationem
1863 1948 2000 2002 dici-

422 2050 549 2093 mus
577 2039 838 2107 luturam,
874 2042 965 2096 sed
1026 2056 1156 2103 non.
1205 2051 1262 2093 nt
1307 2039 1501 2104 Stoici,
1549 2039 1847 2095 secundum
1879 2053 1999 2093 ont-

426 2128 576 2182 nium
605 2143 787 2183 rerum
828 2139 1029 2185 mutuae
1069 2130 1121 2183 in
1154 2144 1213 2183 se
1245 2128 1477 2183 invicem
1510 2124 1885 2182 conversionis
1911 2140 1999 2178 ras

426 2221 670 2289 tionem;
707 2223 855 2291 quod
893 2221 1268 2292 turpissimum
1320 2220 1556 2275 videtur.
1606 2218 1796 2288 Neque
1833 2218 1999 2273 etiam

424 2310 538 2365 fato
576 2312 825 2367 homines
863 2326 1027 2382 agere
1079 2322 1175 2365 ant
1205 2324 1269 2365 ea
1294 2325 1415 2381 qua:
1442 2308 1701 2364 eveniunt
1734 2308 1871 2379 pati,
1905 2308 2001 2362 sed

424 2408 596 2462 libero
628 2420 902 2475 quemque
936 2403 1166 2459 arbitrio
1220 2402 1484 2471 pneclare
1526 2415 1687 2471 agere
1736 2409 1828 2453 aut
1874 2414 2002 2468 pec-

421 2517 584 2566 care;
612 2499 786 2553 bonos
810 2508 993 2552 autem
1026 2497 1294 2550 malorum
1329 2496 1635 2550 daemonum
1656 2494 1995 2562 operatione,

422 2591 586 2645 veluti
617 2591 897 2645 Socratem
932 2599 988 2644 et
1035 2588 1175 2642 alios
1206 2587 1436 2650 similes,
1468 2586 1662 2639 vexari
1704 2596 1753 2637 et
1789 2585 1843 2639 iu
1875 2585 2000 2638 vin-

423 2682 564 2737 culis
621 2698 777 2748 esse;
838 2691 1027 2737 contra
1079 2678 1541 2748 Sardanapalum,
1597 2677 1892 2746 Epicurum
1943 2684 2001 2731 et

423 2777 561 2831 alios
591 2776 854 2843 ejusmodi
912 2776 965 2829 in
1005 2789 1189 2828 rerum
1232 2775 1477 2826 omnium
1527 2772 1680 2842 cepia
1731 2780 1787 2825 et
1819 2771 2001 2840 splen-

423 2870 557 2924 dore
581 2870 769 2925 beatos
802 2869 1000 2924 videri.
1034 2867 1187 2934 Quod
1224 2882 1347 2920 enni
1376 2864 1546 2921 Stoici
1576 2866 1757 2919 minus
1799 2863 1999 2919 intelli-

423 2970 637 3032 gerent,
685 2961 780 3015 fati
828 2960 1160 3015 necessitate
1212 2957 1394 3011 omnia
1447 2956 1568 3012 fieri
1616 2957 1995 3010 decreverunt.

424 3056 689 3122 Quoniam
714 3064 891 3109 autem
924 3055 1067 3108 Deus
1110 3051 1180 3105 al)
1220 3051 1377 3104 initio
1404 3050 1640 3104 libertini
1676 3048 1996 3117 angelorum

2104 582 2286 629 σαντο,
2321 565 2415 619 καὶ
2447 565 2525 618 ἔτι
2559 565 2655 619 νῦν
2692 564 2899 629 ἰῶνται,
2936 563 3338 638 καταργοῦντες
3370 566 3465 619 καὶ
3497 566 3698 621 ἐκδιώ-

2103 674 2291 722 κοντες
2322 658 2446 721 τοὺς
2480 657 2805 729 κατέχοντας
2840 656 2918 729 (2)
2963 657 3090 725 τοὺς
3127 655 3455 729 ἀνθρώπους
3498 658 3700 731 δαίμο-

2102 767 2221 814 νας.

2175 844 2230 897 7.
2261 842 2423 895 Ὅθεν
2467 843 2563 896 καὶ
2601 842 2848 913 ἐπιμένει
2892 842 2927 894 ὁ
2966 839 3101 906 Θεὸς
3148 840 3251 914 τὴν
3300 839 3568 913 σύγχυσιν
3598 841 3699 895 καὶ

2103 934 2398 989 κατάλυσιν
2421 932 2513 987 τοῦ
2549 934 2752 999 παντὸς
2779 933 2983 1005 κόσμου
3017 932 3094 1006 μὴ
3126 933 3375 1004 ποιῆσαι,
3402 933 3491 987 ἶνα
3515 932 3614 987 καὶ
3644 935 3697 986 οἱ

2103 1025 2297 1096 φαῦλοι
2319 1024 2562 1095 ἄγγελοι,
2594 1026 2691 1080 καὶ
2725 1024 2999 1097 δαίμονες,
3043 1025 3141 1079 καὶ
3178 1026 3462 1097 ἀνθρωττοι
3490 1028 3701 1097 μηκέτι

2103 1112 2227 1183 ὦσι,
2252 1118 2340 1173 διὰ
2369 1118 2431 1172 τὸ
2458 1119 2684 1190 σπέρμα
2710 1117 2818 1171 τῶν
2853 1116 3217 1190 Χριστιανῶν,
3264 1119 3295 1172 ὃ
3342 1118 3608 1187 γινώσκει
3635 1120 3698 1173 έν

2102 1213 2169 1282 τῇ
2195 1209 2352 1279 φύσει
2376 1211 2459 1263 ὅτι
2483 1211 2652 1264 αἴτιόν
2691 1209 2768 1281 (ὅ)
2812 1209 2981 1263 ἐστιν.
3024 1209 3176 1262 Ἐπεὶ
3216 1211 3266 1265 εἰ
3310 1210 3387 1281 μὴ
3418 1210 3576 1263 τοῦτο
3598 1206 3693 1282 ἦν,

2102 1306 2203 1359 οὐκ
2225 1305 2290 1359 ἂν
2314 1306 2435 1358 οὐδὲ
2467 1306 2597 1375 ὑμῖν
2630 1303 2802 1357 ταῦτα
2855 1302 2937 1356 ἔτι
2981 1305 3155 1356 ποιεῖν
3206 1305 3304 1358 καὶ
3348 1304 3698 1376 ἐνεργεῖσθαι

2104 1396 2210 1449 ὑπὸ
2236 1396 2343 1449 τῶν
2374 1396 2591 1465 φαύλων
2631 1394 2901 1466 δαιμόνων
2924 1395 3147 1449 δυνατὸν
3177 1390 3268 1466 ἦν,
3311 1394 3453 1449 ἀλλὰ
3476 1394 3538 1447 τὸ
3579 1394 3695 1466 πῦρ

2100 1490 2163 1544 τὸ
2185 1490 2285 1561 τῆς
2310 1488 2546 1561 κρίσεως
2566 1488 2845 1552 κατελθὸν,
2870 1487 3065 1560 ἀνέδην
3093 1487 3272 1541 πάντα
3302 1487 3599 1560 διέκρινεν,
3616 1488 3695 1551 ὡς

2102 1583 2493 1656 καὶπρότερον
2540 1583 2569 1635 ὁ
2617 1580 3004 1651 κατακλυσμὸς
3046 1580 3250 1651 μηδένα
3290 1579 3491 1643 λιπὼν,
3523 1580 3691 1652 ἀλλ’ἢ

2100 1676 2194 1731 τὸν
2225 1676 2385 1746 μόνον
2413 1676 2510 1728 σὺν
2531 1677 2643 1738 τοῖς
2676 1674 2825 1737 ἰδίοις
2874 1675 3003 1744 παρ’
3027 1674 3157 1743 ἡμῖν
3182 1672 3522 1743 καλούμενον
3545 1672 3690 1738 Νῶε,

2102 1772 2232 1839 παρ’
2260 1770 2389 1840 ύμῖν
2415 1766 2473 1821 δὲ
2501 1766 2867 1829 Δευκαλίωνα,
2895 1765 2954 1831 ἐξ
2980 1759 3041 1819 οὗ
3071 1765 3231 1832 πάλιν
3258 1767 3309 1820 οἱ
3334 1765 3583 1819 τοσοῦτοι
3608 1782 3694 1835 γε·

2102 1862 2344 1931 γόνασιν,
2370 1855 2445 1915 ὧν
2468 1863 2517 1914 oi
2555 1861 2652 1932 μὲν
2686 1859 2896 1929 φαῦλοι,
2918 1859 2968 1912 οί
2988 1858 3045 1912 δὲ
3070 1859 3369 1913 σπουδαῖοι.
3403 1858 3561 1912 Οὕτω
3582 1858 3693 1931 γάρ

2102 1954 2263 2024 ἡμεῖς
2288 1954 2387 2024 τὴν
2430 1950 2741 2023 ἐκπύρωσιν
2764 1949 2942 2021 φαμὲν
2968 1949 3316 2020 γενήσεσθαι,
3353 1946 3473 2003 ἀλλ’
3499 1950 3597 2020 ούχ
3617 1950 3693 2012 ὡς

2100 2048 2150 2099 οἱ
2178 2044 2404 2098 Στωϊκοὶ⁸
2426 2044 2570 2097 κατὰ
2598 2044 2690 2096 τὸν
2715 2042 2815 2113 τῆς
2844 2043 2926 2105 εἰς
2973 2040 3178 2113 ἄλληλα
3205 2041 3429 2095 πάντων
3465 2040 3694 2113 μεταϐο-

2102 2134 2202 2205 λῆς
2215 2133 2370 2203 λόγον
2388 2150 2402 2163 ο
2426 2133 2454 2185 ὃ
2470 2134 2749 2203 αἴσχιστον
2766 2130 2959 2203 ἐφάνη.
2990 2130 3127 2185 Ἀλλ’
3145 2132 3264 2184 οὐδὲ
3282 2132 3408 2185 καθ’
3424 2134 3591 2203 εἱμαρ
3598 2134 3693 2203 μέ-

2100 2247 2199 2300 νην
2222 2228 2479 2300 πράττειν
2507 2227 2633 2290 τοὺς
2649 2225 3022 2298 ἀνθρώπουςῆ
3055 2226 3286 2296 πάσχειν
3313 2222 3387 2278 τὰ
3408 2224 3690 2294 γινόμενα,

2103 2318 2243 2374 ἀλλὰ
2293 2319 2435 2373 κατά
2474 2319 2572 2389 μὲν
2614 2320 2714 2391 τὴν
2759 2320 3078 2391 προαίρεσιν
3105 2317 3341 2371 ἕκαστον
3391 2316 3691 2387 κατορθοῦν

2100 2412 2134 2484 ἢ
2164 2411 2497 2484 ἁμαρτάνειν
2518 2429 2531 2443 ·
2566 2412 2661 2465 καὶ
2707 2412 2850 2465 κατά
2876 2412 2976 2483 τὴν
3003 2410 3111 2464 τῶν
3153 2410 3377 2480 φαύλων
3418 2409 3692 2480 δαιμὼων

2101 2504 2383 2576 ἐνέργειαν
2407 2506 2533 2568 τοὺς
2580 2505 2928 2568 σπουδαίους,
2959 2500 3071 2557 οἷον
3099 2503 3403 2574 Σωκράτην
3443 2502 3541 2556 καὶ
3564 2502 3693 2564 τοὺς

2099 2596 2339 2667 ὁμοίους,
2365 2595 2680 2660 διώκεσθαι,
2714 2597 2811 2649 καὶ
2837 2598 2894 2649 ὲν
2923 2596 3143 2667 δεσμοῖς
3183 2592 3326 2649 εἶναι
3345 2612 3360 2627 ο
3418 2595 3692 2667 Σαρδανά-

2101 2688 2271 2742 παλον
2312 2688 2391 2753 δὲ,
2449 2688 2545 2742 καὶ
2618 2687 2974 2759 Ἐπίκουρον,
3027 2688 3123 2741 καὶ
3175 2688 3305 2752 τοὺς
3352 2688 3601 2758 ὁμοίους,
3633 2689 3690 2740 ὲν

2100 2780 2331 2853 ἀφθονίᾳ
2359 2780 2452 2834 καὶ
2475 2780 2601 2852 δόξῃ
2623 2781 2800 2834 δοκεῖν
2822 2779 3177 2851 εὐδαιμονεῖν.
3201 2780 3266 2833 Ὃ
3292 2779 3369 2851 μὴ
3395 2780 3690 2850 νοήσαντες

2100 2873 2149 2923 οἱ
2181 2871 2428 2934 Στωϊκοὶ,
2453 2870 2575 2925 καθ’
2592 2870 2936 2943 εἱμαρμένης
2955 2870 3203 2941 ἀνάγκην
3228 2870 3411 2924 πάντα
3440 2870 3689 2939 γίνεσθαι

2100 2964 2470 3033 ἀπεφήναντο.
2519 2962 2659 3016 Ἀλλ’
2688 2965 2771 3017 ὅτι
2818 2962 3162 3030 αὐτεξούσιον
3186 2963 3248 3016 τό
3272 2979 3333 3015 τε
3359 2962 3473 3017 τῶν
3520 2962 3690 3031 ἀγγέ-

2100 3056 2206 3109 λων
2244 3055 2401 3125 γένος
2428 3055 2524 3109 καὶ
2545 3055 2655 3109 τῶν
2684 3053 2986 3128 ἀνθρώπιον
3030 3053 3129 3126 τὴν
3166 3055 3341 3127 ἀρχὴν
3378 3055 3640 3126 ἐποίησεν
3661 3058 3691 3107 ὁ

421 3161 479 3207 et
511 3149 786 3203 hominum
812 3162 983 3216 genus
1008 3143 1237 3210 creavit,
1273 3145 1470 3198 merito
1493 3157 1708 3208 eorum,
1737 3156 1857 3212 qua:
1878 3156 1996 3212 pec-

2169 3149 2257 3214 ;ὸς,
2281 3149 2504 3214 δικαίως
2531 3151 2671 3223 ὑπὲρ
2696 3144 2771 3204 ὧν
2796 3150 2863 3205 ἂν
2901 3149 3357 3222 πλημμελήσωσι,
3389 3150 3491 3221 τὴν
3510 3160 3693 3221 τιμω-

426 3241 697 3307 caverint,
761 3238 1024 3309 supplicia
1086 3238 1138 3291 in
1203 3248 1407 3291 artemo
1464 3236 1598 3307 igne
1661 3237 1998 3306 persolvent.

424 3331 637 3388 Ci-eatze
683 3339 862 3383 autent
918 3327 1208 3396 cujuslibet
1263 3326 1339 3382 rei
1402 3327 1519 3381 lucc
1553 3335 1747 3380 natura
1802 3334 1906 3391 est,
1942 3334 2003 3381 ut

428 3422 652 3476 virtutis
687 3430 740 3475 ct
779 3422 895 3475 vitii
940 3421 1014 3474 sit
1048 3434 1259 3490 capax;
1307 3435 1483 3489 neque
1515 3420 1662 3473 enim
1698 3418 1998 3488 quidquam

424 3515 693 3571 laudabile
752 3515 982 3582 faceret,
1035 3515 1139 3569 nisi
1177 3530 1299 3569 sese
1350 3515 1403 3568 in
1459 3525 1747 3582 utramque
1786 3524 1997 3583 partem

422 3608 667 3662 vertendi
696 3607 1011 3662 facultatem
1044 3606 1289 3661 haberet.
1323 3606 1503 3676 Atque
1537 3605 1591 3660 id
1617 3605 1786 3660 etiam
1816 3607 2000 3661 decla-

422 3700 657 3766 rantqni
693 3700 744 3752 in
783 3699 1027 3767 qualibet
1061 3698 1284 3766 regione
1318 3708 1441 3767 apte
1483 3699 1550 3751 ad
1588 3709 1791 3753 rectam
1823 3698 1997 3753 ratio-

423 3806 549 3845 netu
591 3790 734 3860 leges
759 3790 929 3845 tulere
962 3799 1053 3842 ant
1086 3790 1458 3860 philosophati
1491 3800 1637 3856 sunt,
1663 3806 1729 3845 ex
1765 3805 1829 3847 eo
1855 3792 1997 3861 quod

421 3883 523 3937 alia
560 3882 673 3938 fieri
706 3884 1085 3953 praescribunt,
1121 3883 1226 3938 alia
1278 3884 1464 3938 vitari.
1500 3883 1624 3939 Hinc
1647 3885 1836 3938 eadem
1873 3900 1999 3943 eon-

420 3986 634 4031 stauter
656 3976 888 4046 probant
931 3974 1103 4030 Stoici
1136 3992 1260 4029 cum
1293 3976 1360 4031 de
1392 3977 1639 4031 moribus
1678 3976 1991 4044 disputant;

422 4078 481 4123 ut
506 4068 666 4124 facile
698 4078 887 4139 pateat
935 4071 987 4123 in
1023 4068 1310 4138 principiis
1358 4079 1414 4124 et
1447 4073 1610 4124 rebus
1662 4069 1997 4139 iucorporeis

419 4163 825 4231 pertractaudis
860 4178 966 4217 non
997 4172 1200 4217 rectam
1236 4174 1332 4215 eos
1380 4162 1520 4216 viam
1551 4161 1824 4217 insistere.
1860 4161 1995 4216 Nam

418 4254 465 4307 si
509 4252 618 4309 fato
648 4254 764 4309 fieri
817 4255 1026 4320 dicent,
1079 4271 1202 4325 qua:
1235 4256 1305 4309 ab
1345 4255 1658 4311 hominibus
1678 4254 1790 4327 94
1817 4256 1991 4323 fiunt;

492 4448 570 4519 (l)
593 4520 604 4527 _
628 4450 1049 4527 Φαρμακευτοίς
1091 4452 1423 4527 interpretor
1453 4456 1728 4527 veneﬁcos,
1766 4456 1891 4526 quia
1916 4458 1997 4511 sic

2107 3242 2227 3313 ρίαν
2253 3244 2312 3295 ὲν
2353 3242 2557 3314 αἰωνίῳ
2599 3245 2735 3317 πυρὶ
2762 3244 3099 3316 κομίσονται,
3148 3244 3416 3315 Γεννητοῦ
3457 3245 3514 3298 δὲ
3555 3262 3692 3299 παν-

2102 3333 2195 3397 τὸς
2226 3333 2322 3405 ἥδε
2349 3335 2383 3405 ἡ
2414 3333 2608 3403 φύσις,
2651 3336 2852 3399 κακίας
2891 3337 2987 3391 καὶ
3015 3336 3216 3409 ἀρετῆς
3252 3337 3504 3392 δεκτικὸν
3522 3335 3687 3393 εἶναι.

2103 3428 2180 3480 Οὐ
2218 3426 2327 3496 γὰρ
2356 3428 2423 3481 ἂν
2446 3423 2515 3500 ἦν
2540 3429 2823 3483 ἐπαινετὸν
2856 3431 3007 3485 οὐδὲν
3036 3431 3235 3495 αὐτῶν,
3273 3435 3323 3486 εί
3347 3434 3451 3487 ούκ
3500 3430 3578 3505 ἦν
3616 3436 3687 3506 (6)

2102 3518 2188 3572 ἐπ’
2204 3519 2489 3591 ἀμφότερα
2514 3520 2831 3592 τρέπεσθαι,
2850 3523 2944 3575 καὶ
2964 3521 3189 3595 δύναμιν
3216 3520 3352 3595 εἶχε.
3372 3527 3690 3580 Δεικνύουσι

2100 3610 2157 3665 δὲ
2180 3612 2337 3665 τοῦτο
2364 3614 2459 3668 καὶ
2483 3614 2531 3666 οἱ
2560 3614 2835 3686 πανταχοῦ
2858 3616 2999 3670 κατά
3023 3615 3181 3685 λόγον
3209 3616 3302 3671 τὸν
3339 3618 3504 3690 ὀρθὸν
3528 3636 3691 3690 νομο-

2101 3703 2425 3777 θετήσαντες
2463 3707 2559 3760 καὶ
2604 3705 3068 3779 φιλοσοφήσαντες
3116 3708 3422 3781 ἄνθρωποι,
3478 3712 3543 3763 ὲκ
3599 3709 3689 3762 τοῦ

2100 3795 2461 3868 ὑπαγορεύειν
2493 3798 2613 3852 τόδε
2644 3801 2741 3870 μὲν
2769 3800 3048 3873 πράττειν,
3074 3800 3240 3854 τῶνδε
3274 3801 3332 3854 δὲ
3358 3802 3685 3872 ἀπέχεσθαι.

2100 3888 2212 3942 Καὶ
2245 3890 2294 3942 οἱ
2322 3890 2552 3943 Στωϊκοὶ
2580 3892 2880 3963 φιλόσοφοι,
2907 3895 2966 3947 ὲν
2985 3892 3065 3964 τῷ
3089 3893 3218 3966 περὶ
3250 3893 3402 3963 ἠθῶν
3427 3894 3599 3964 λόγῳ,
3624 3895 3689 3947 τὰ

2099 3979 2240 4033 αὐτὰ
2265 3980 2465 4052 τιμῶσι
2485 3983 2767 4055 καρτερῶς
2787 4002 2799 4015 ο
2828 3985 2904 4048 ώς
2923 3984 3210 4057 δηλοῦσθαι
3243 3986 3305 4039 ὲν
3334 3986 3417 4057 τῷ
3439 3987 3574 4059 περὶ
3593 3990 3690 4059 ἀρ-

2100 4073 2209 4143 χῶν
2234 4076 2328 4127 καὶ
2355 4076 2660 4147 ἀσωμάτων
2685 4078 2829 4149 λόγῳ
2871 4079 2971 4131 οὐκ
3015 4078 3228 4133 εύοδοῦν
3281 4080 3507 4145 αὐτούς.
3563 4081 3687 4135 Εἴτε

2099 4168 2207 4240 γὰρ
2245 4168 2368 4222 καθ’
2391 4171 2735 4245 εἱμαρμένην
2763 4175 2993 4245 φήσουσι
3036 4174 3105 4227 τά
3137 4175 3403 4246 γινόμενα
3429 4177 3573 4248 πρὸς
3600 4178 3687 4229 ἀν-

2100 4260 2332 4333 θρώπων
2363 4261 2626 4331 γίνεσθαι,
2672 4265 2707 4336 ἢ
2769 4265 2933 4337 μηδὲν
2981 4262 3120 4321 εἶναι
3152 4266 3286 4321 Θεὸν
3332 4269 3687 4341 παρατρεπό-

2100 4468 2321 4534 mtmdo,
2356 4477 2609 4537 tanquam
2644 4471 2696 4524 iu
2721 4473 3100 4538 custodia,scd
3123 4472 3223 4539 ipsi
3255 4476 3529 4528 mundum
3561 4490 3687 4530 con-

638 4520 1286 4613 solebaiitii‘tuioina‘gie'is
1315 4520 1800 4613 reinediis'sauare
1825 4543 1996 4583 cona-

2169 4520 2759 4613 rvani.i_Cliri_stiaitos
2811 4520 3054 4613 exagilat
3084 4520 3296 4603 Cerlsus,
3329 4547 3497 4609 quasi
3524 4520 3685 4600 dicti-

420 4588 641 4665 hautur.
692 4588 1071 4665 ObservatAS.
1128 4588 1452 4665 Ambrosius
1484 4596 1541 4649 in
1580 4597 1772 4665 psalm.
1801 4612 1995 4662 cxvitt,

419 4657 789 4723 Christianos,
822 4662 926 4714 etsi
980 4662 1034 4716 in
1083 4664 1201 4717 solo
1264 4664 1465 4720 Christi
1510 4657 1730 4722 nomine
1772 4657 1998 4722 morbos

420 4730 717 4810 curabant,
742 4732 1019 4810 veneficos
1058 4742 1237 4810 tamen
1290 4735 1566 4810 appellari
1608 4736 1799 4810 solitos
1826 4736 1997 4792 fuisse

421 4798 491 4875 ab
517 4800 773 4875 ethnicis,
814 4801 904 4867 qui
960 4805 1073 4857 haec
1131 4798 1394 4859 miracula
1429 4806 1654 4875 magica:
1694 4806 1797 4860 arti
1832 4809 1995 4860 attri-

421 4868 685 4945 huebarit.
714 4870 1076 4945 impugnatur
1108 4877 1261 4941 quasi
1296 4868 1551 4945 vene/ica}
1578 4877 1666 4945 qui
1692 4877 1750 4929 in
1783 4878 1995 4931 nomine

420 4937 635 4993 Domini
672 4937 931 5008 gloriatur

495 5010 590 5087 (2)·
621 5010 1017 5087 Κατέχοκτιις.
1073 5013 1311 5073 Claram.
1370 5016 1776 5087 κατασχόντας,
1821 5027 1877 5072 et
1928 5018 1997 5073 ad

419 5081 721 5153 marginem
752 5081 1099 5153 κατέχοντας.

494 5152 571 5223 (5)
607 5150 683 5220 Τῇ
709 5150 1027 5220 φύσεῐὸτι
1083 5156 1295 5211 αἴτιον.
1360 5158 1540 5212 Mundi
1579 5158 1994 5214 dissolutionem

460 5232 644 5292 repter
669 5223 1013 5280 Christianos
1042 5226 1246 5281 differri
1305 5228 1461 5283 docet
1498 5229 1744 5285 Justinus
1788 5230 1993 5285 aliisin

440 5293 575 5375 ocis,
605 5292 764 5375 νέμοι.
814 5296 1007 5375 ntt.‘_28
1035 5310 1090 5351 et
1123 5299 1217 5361 45,
1254 5309 1309 5375 et
1337 5299 1547 5369 Dialag.
1567 5317 1724 5375 nutu.
1744 5299 1871 5375 §9._
1904 5302 1997 5375 Sic

420 5366 587 5439 etiam
627 5366 860 5439 Hermas
896 5366 992 5421 lib.
1032 5384 1071 5431 ι,
1105 5385 1228 5439 cap.
1258 5371 1319 5437 2,
1370 5366 1523 5423 uuiu'.
1553 5372 1627 5425 ιε
1691 5390 1711 5422 ι
1744 5370 1993 5427 Ecclesia

422 5435 664 5512 omnium
718 5437 893 5512 prima
916 5448 1131 5512 _creata
1176 5435 1312 5507 est,
1336 5441 1456 5512 ideo
1497 5457 1654 5503 anus,
1682 5454 1739 5497 et
1770 5452 1994 5512 propter

420 5505 567 5583 illam
620 5505 857 5583 mundus
906 5508 1085 5583 factus
1109 5520 1246 5583 est.»
1281 5505 1369 5583 Et
1412 5511 1618 5567 Auctor
1647 5505 1891 5583 episiolaé
1921 5514 1992 5567 ad

425 5574 739 5654 Diognetum
769 5577 911 5631 infra
939 5597 995 5654 u_.
1020 5578 1054 5632 6
1077 5597 1090 5632 ε
1127 5579 1316 5654 «Quod
1332 5583 1629 5654 estanima
1658 5574 1710 5638 iii
1735 5598 1989 5654 corpore,

418 5646 620 5714 inquit,
656 5650 760 5701 hoc
806 5658 936 5703 sunt.
969 5651 1024 5703 in
1077 5652 1279 5703 mundo
1321 5651 1654 5711 Christiani.
1680 5693 1695 5708 .
1724 5694 1739 5710 .
1772 5646 1988 5709 Inclusa

420 5717 639 5782 quidem
667 5726 751 5792 est.
805 5719 990 5792 anima
1021 5733 1270 5792 corpore,
1314 5720 1409 5775 sed
1462 5720 1576 5792 ipsa
1627 5741 1827 5790 corpus
1859 5742 1989 5780 cou-

423 5795 644 5841 servat:
702 5788 782 5842 sic
830 5797 885 5841 et
934 5787 1231 5844 Christiani
1292 5787 1607 5849 detinentur
1668 5787 1888 5867 quidem
1933 5797 1985 5853 iu

2102 4615 2324 4688 tacent:
2357 4608 2491 4688 ⁸Ὅτι
2534 4610 2671 4688 Θεός
2725 4614 2892 4688 ἐστιν,
2917 4608 3065 4667 ἐἶτα
3105 4613 3222 4688 μείς
3258 4608 3477 4688 ἐκεῖνον
3530 4618 3689 4688 ἡμεῖς

2100 4677 2193 4758 ὑπ’
2220 4676 2387 4758 αὑτοῦ
2414 4680 2701 4758 ⁸ἱιιχρνότες
2748 4682 2926 4758 πάντη
2953 4676 3128 4758 epoto}.
3152 4682 3229 4753 τῷ
3248 4684 3391 4758 Θεῷο
3420 4687 3525 4758 καὶ

2100 4747 2279 4832 ῑτάντα
2323 4736 2710 4832 ὑποδέδληταί,
2751 4754 2842 4825 γῆ,
2894 4736 3000 4832 καῖ’
3040 4736 3211 4832 ὕδωρξ
3239 4736 3363 4832 ’καὶ

2099 4816 2296 4895 ἄστρα,
2330 4820 2427 4872 καὶ
2452 4816 2607 4895 ἡμῶν
2636 4816 3037 4891 ἕνεκανπάντα,
3086 4816 3199 4878 καί
3228 4826 3366 4895 ἡμῖν
3408 4816 3687 4880 δοὶἱλεύειν

2098 4886 2394 4969 τέτακται..
2433 4886 2740 4969 «Peusnest
2784 4905 2846 4969 e_t_
2884 4910 2986 4969 nos
3023 4886 3147 4969 post
3180 4886 3329 4969 enin,
3358 4898 3429 4969 ab
3462 4913 3537 4953 eo
3560 4898 3685 4951 facti

2097 4959 2322 5012 omnino
2351 4959 2557 5014 similes
2614 4962 2747 5017 Deo.
2803 4963 2970 5020 Nobis
3001 4959 3186 5020 omnia
3245 4965 3509 5034 subjecta
3536 4978 3681 5033 sunt,

2100 5035 2273 5105 terra,
2308 5047 2471 5105 aqua,
2503 5046 2618 5096 aer,
2670 5044 2853 5101 astra;
2911 5049 3134 5105 propter
3160 5050 3259 5090 uos
3289 5038 3506 5102 omnia,
3538 5051 3595 5093 et
3629 5049 3684 5093 ut

2101 5099 2521 5179 nobisserviag
2545 5099 2868 5179 ordinata,»
2912 5099 3349 5179 "aptidAOtjigen,
3383 5099 3592 5173 lib.'tv,
3629 5127 3682 5179 p.

2099 5167 2222 5242 175.
2259 5170 2432 5241 Negat
2467 5170 2731 5242 Origenes
2774 5167 2889 5230 hzec
2908 5193 2937 5231 a
2959 5167 3298 5231 Christianis
3320 5177 3432 5233 dici
3461 5167 3645 5234 sole-re
3670 5202 3681 5234 ;

2099 5236 2308 5295 fatetur
2328 5236 2915 5317 angelos'hominibus
2944 5248 3357 5317 praestantiores
3386 5266 3552 5314 esse;
3588 5267 3682 5303 ue-

2096 5319 2188 5378 ενι
2212 5321 2363 5384 astra
2396 5312 2504 5384 illis
2526 5329 2651 5369 esse
2678 5318 2920 5384 subjecta
2944 5312 2959 5382 Ξ
2987 5318 3229 5371 animata
3260 5319 3412 5373 enim
3446 5312 3545 5374 illa
3564 5335 3682 5374 esse

2096 5381 2371 5459 credebat.
2412 5383 2737 5459 Sedtamen
2777 5381 2917 5441 idem
2960 5389 3015 5442 in
3057 5388 3152 5442 lib.
3188 5403 3311 5459 vui,
3337 5406 3391 5459 p.
3423 5391 3561 5453 424,
3592 5394 3681 5445 de-

2094 5450 2268 5505 clarat
2315 5473 2337 5506 ι
2367 5456 2811 5513 constitutionem
2855 5459 3055 5513 terreni
3105 5450 3306 5512 mundi
3336 5450 3408 5514 ab
3437 5450 3680 5515 homini-

2093 5524 2198 5576 bus
2227 5522 2319 5577 Dei
2350 5527 2721 5582 t-onservari.»
2759 5528 2890 5584 Vide
2920 5528 3094 5583 Clem.
3138 5529 3415 5588 Alexaud.
3471 5533 3529 5587 in
3583 5534 3676 5588 lib.

2096 5592 2233 5669 Qui}.
2257 5596 2678 5669 diuessalvgtur,
2709 5616 2762 5669 p.
2793 5598 2885 5669 86.

2164 5662 2242 5741 (ἦ)
2267 5667 2472 5741 Eleius
2518 5666 2617 5735 ἦν.
2652 5662 2806 5741 Legit
2839 5668 3120 5741 Thirlbius
3142 5673 3191 5725 εἰ
3214 5673 3276 5741 ού
3302 5672 3402 5728 καὶ
3433 5676 3556 5741 (aut
3583 5674 3678 5726 οὐκ

2090 5732 2294 5814 avita.”
2327 5732 2610 5807 ἀμφότερα
2638 5732 2934 5814 τρέπεσθαι
2953 5739 3183 5814 δύναμιν
3212 5739 3349 5814 εἶχε.
3384 5732 3507 5800 Min
3533 5745 3676 5802 idem

2093 5804 2225 5860 lenit
2249 5805 2374 5860 τάδε
2410 5805 2530 5860 μέν.

2114 5818 2225 5874 egit
2249 5818 2374 5860 ταοι
2410 5818 2530 5873 μεν.
