3760 6492
352 5338 355 5341 λ
417 5306 581 5354 tentia
614 5320 627 5357 :

414 373 521 429 £59

1390 373 1449 431 S.
1484 372 1751 431 JUSTINI
1784 369 2193 429 PHILOSOPHI
2232 369 2321 424 ΕΤ
2354 368 2714 425 MARTYRIS

3564 376 3672 431 560

492 497 547 549 9.
575 493 680 547 Sed
706 505 772 545 ne
795 491 919 559 quis
941 490 1085 545 forte
1109 489 1250 545 idem
1276 491 1446 553 dicat,
1482 494 1630 561 quod
1670 492 1704 545 ii
1740 492 1829 558 qui
1874 489 1987 543 exi-

2167 486 2217 540 9.
2253 487 2369 538 ’Ίνα
2396 485 2451 538 δὲ
2482 487 2554 557 μή
2588 504 2672 549 τις
2695 487 2823 559 εἴπῃ
2852 487 2915 541 τὸ
2956 488 3249 561 λεγόμενον
3298 490 3404 545 ὑπὸ
3443 490 3555 545 τῶν
3581 510 3676 546 νο-

417 590 712 643 stimantur
732 584 1062 653 philosophi,
1106 584 1377 653 strepitus‘
1411 584 1603 638 inanes
1636 598 1756 638 esse
1780 597 1843 635 ac
1881 592 1990 633 ter-

418 679 615 741 ricnla,
653 691 772 745 quae
799 675 861 729 de
886 674 1254 741 improborum
1301 675 1353 726 in
1381 675 1505 743 igne
1545 682 1747 727 aeterno
1770 671 1987 725 crucia-

419 773 565 826 tibus
591 769 841 832 dicimus,
886 781 951 819 ac
992 775 1235 820 nostram
1265 779 1331 819 eo
1354 774 1604 834 spectare
1640 763 1988 826 sententiam,

415 872 473 917 ut
506 863 758 916 virtutem
785 859 1034 914 homines
1062 867 1207 910 metu
1238 857 1486 911 conducti
1513 856 1841 918 colant,non
1866 869 1993 922 pro-

416 966 540 1027 pter
568 955 739 1026 ipsius
781 952 1267 1024 pulchritudinem,
1316 962 1413 1003 nec
1455 948 1579 1017 quia
1625 947 1732 1001 illis
1781 947 1987 1016 placet;

418 1047 607 1116 paucis
632 1044 992 1115 respondebo,
1018 1043 1123 1097 nisi
1157 1043 1231 1096 ita
1265 1057 1323 1096 se
1347 1057 1434 1095 res
1457 1041 1684 1104 haheat,
1709 1041 1795 1095 vel
1818 1042 1987 1095 Deum

418 1156 525 1195 non
550 1154 695 1205 esse,
718 1139 824 1203 vel,
866 1138 910 1192 si
954 1137 1047 1203 sit,
1088 1135 1288 1189 nttllam
1344 1135 1625 1189 hominum
1666 1150 1853 1189 curant
1898 1151 1993 1203 ge-

418 1242 563 1289 rere,
583 1243 684 1281 nec
708 1226 1004 1295 quidquam
1051 1238 1172 1278 esse
1201 1223 1457 1277 virtutem
1483 1233 1537 1277 et
1559 1225 1770 1289 vitium,
1798 1239 1861 1280 ac
1888 1227 1993 1281 ini-

417 1332 525 1386 que
546 1333 573 1370 a
602 1316 778 1385 legum
810 1315 1077 1368 latoribus
1100 1314 1312 1383 puniri,
1335 1315 1425 1383 qui
1453 1315 1713 1382 praaclara
1742 1316 1991 1371 instituta

418 1410 917 1479 transgrediuntur.
942 1407 1049 1462 Sed
1091 1406 1218 1477 quia
1260 1407 1432 1475 iuiqtti
1465 1423 1569 1461 non
1602 1419 1749 1476 sunt,
1775 1424 1995 1465 eorum—

416 1516 523 1571 que
553 1516 749 1571 parens
785 1501 973 1555 eadem
1000 1515 1119 1570 qua:
1162 1500 1277 1569 ipse
1317 1498 1474 1563 facit,
1529 1499 1713 1556 facere
1738 1517 1833 1570 per
1861 1504 1995 1558 Ver-

418 1595 546 1648 bum
588 1593 867 1663 prmcipit;
915 1593 1085 1662 iniqui
1116 1603 1263 1657 sunt,
1298 1593 1388 1662 qni
1432 1594 1513 1647 eis
1554 1608 1660 1648 non
1699 1594 1809 1665 95
1833 1596 1995 1651 obse-

416 1694 681 1754 quuntur.
706 1684 763 1737 Si
789 1684 912 1751 quis
929 1692 1107 1736 autem
1135 1684 1316 1737 varias
1353 1684 1636 1738 hominum
1682 1685 1827 1755 leges
1853 1687 1993 1755 obji-

414 1777 548 1841 ciat,
566 1784 618 1831 et
647 1776 786 1844 apud
812 1776 948 1830 alios
970 1776 1190 1844 quidem
1212 1776 1473 1843 prmclara
1500 1777 1749 1845 quaedam
1775 1788 1830 1831 et
1852 1795 1994 1847 qua:-

2094 574 2401 646 μιξομένων
2429 577 2755 646 φιλοσόφων,
2799 579 2880 631 ὅτι
2926 580 3127 650 κόμποι
3154 582 3249 633 xai.
3291 581 3541 653 φόϐητρά
3557 585 3678 637 ἐστι

2091 667 2158 719 τὰ
2178 666 2452 739 λεγόμενα
2481 669 2570 738 ὑφ’
2594 672 2625 741 ἡ
2635 669 2771 740 μῶν,
2788 672 2869 724 ὅτι
2894 672 3211 737 κολάζονται
3237 675 3294 727 ὲν
3318 674 3527 745 αἰωνίῳ
3547 676 3679 745 πυρὶ

2090 759 2141 811 οἱ
2190 760 2389 823 ἄδικοι,
2434 762 2529 814 καὶ
2571 761 2657 815 διὰ
2688 764 2873 832 φόϐον,
2901 764 3014 817 ἀλλ’
3038 766 3097 818 οὐ
3132 766 3220 819 διά
3248 768 3309 819 τὸ
3350 767 3515 820 καλὸν
3540 764 3682 822 εἶναι

2092 850 2185 902 καὶ
2212 852 2463 922 ἀρεστὸν,
2505 854 2775 925 ὲναρέτως
2803 855 2950 926 βιοῦν
2984 858 3109 920 τοὺς
3156 858 3479 931 ἀνθρώπους
3504 860 3683 925 ἀξιοῦ-

2095 962 2215 1017 μεν,
2242 943 2563 1015 βραχυεπῶς
2592 947 2729 1017 πρὸς
2751 947 2906 1000 τοῦτο
2934 949 3373 1021 ἀποκρινοῦμαι,
3402 953 3506 1016 ὅτι,
3534 955 3586 1005 εί
3606 954 3683 1025 μὴ

2092 1039 2259 1093 τοῦτό
2288 1042 2455 1104 ἐστιν,
2480 1038 2602 1092 οὔτε
2626 1040 2740 1092 ἔστι
2768 1040 2919 1105 Θεὸς,
2945 1042 2977 1112 ἦ
3002 1044 3051 1094 εί
3080 1042 3247 1106 ἐστιν,
3270 1044 3333 1097 οὐ
3365 1043 3521 1114 μέλει
3536 1046 3686 1116 αὐτῷ

2092 1133 2199 1187 τῶν
2238 1132 2562 1203 ἀνθρώπων,
2603 1133 2699 1187 καὶ
2727 1134 2877 1187 οὐδέν
2906 1137 3054 1188 ἐστιν
3094 1136 3286 1208 ἀρετὴ,
3330 1138 3451 1191 οὐδὲ
3493 1139 3685 1201 κακία,

2093 1225 2187 1276 καὶ
2212 1223 2287 1287 ὡς
2320 1224 2657 1295 προέφημεν,
2700 1224 2899 1287 ἀδίκως
2937 1226 3275 1297 τιμωροῦσιν
3307 1229 3355 1280 οί
3398 1230 3688 1301 νομοθέται

2092 1316 2218 1379 τοὺς
2276 1314 2711 1385 παραϐαίνοντας
2748 1316 2816 1369 τὰ
2872 1316 3274 1388 διατεταγμένα
3321 1320 3484 1377 καλά.
3546 1324 3688 1377 Ἀλλ’

2094 1404 2218 1459 ἐπεὶ
2243 1406 2341 1459 οὐκ
2372 1406 2547 1459 ἄδικοι
2599 1406 2816 1469 ἐκεῖνοι,
2840 1406 2933 1459 καὶ
2967 1409 2996 1459 ό
3041 1408 3220 1461 αὐτῶν
3264 1412 3450 1484 πατὴρ
3476 1413 3590 1483 (11)
3618 1416 3688 1468 τὰ

2093 1498 2233 1551 αὐτὰ
2272 1496 2420 1567 αὐτῷ
2451 1498 2712 1568 πράττειν
2740 1497 2828 1551 διά
2852 1498 2941 1551 τοῦ
2971 1499 3132 1568 λόγου
3162 1502 3457 1568 διδάσκων,
3492 1508 3541 1557 οἱ
3567 1507 3689 1558 τού-

2094 1602 2207 1653 τοις
2238 1588 2610 1659 συντιθέμενοι
2641 1590 2741 1642 οὺκ
2784 1591 2960 1645 ἄδικοι
2990 1592 3126 1662 (12).
3175 1594 3305 1647 Ἐὰν
3346 1596 3405 1648 δέ
3440 1614 3525 1659 τις
3564 1599 3689 1659 τοὺς

2093 1680 2385 1751 διαφόρους
2404 1681 2601 1750 νόμους
2632 1682 2742 1735 τῶν
2761 1682 3064 1755 ἀνθρώπων
3106 1685 3451 1757 προὸἀληται
3473 1726 3487 1747 ,
3519 1688 3689 1756 λέγων

2095 1774 2176 1826 ὅτι
2204 1770 2335 1843 παρ’
2365 1766 2445 1835 οἷς
2482 1772 2581 1843 μὲν
2612 1772 2921 1845 ἀνθρώποις
2958 1774 3085 1827 τάδε
3131 1774 3292 1839 καλὰ,
3328 1776 3461 1828 τάδε
3488 1778 3689 1848 αἰσχρὰ

419 1869 548 1920 dam
578 1868 751 1935 turpia
795 1868 1011 1920 censeri
1038 1867 1224 1932 dicat;
1259 1868 1353 1921 sed
1405 1884 1526 1937 qua:
1572 1870 1710 1939 apud
1737 1869 1869 1925 istos
1894 1882 1987 1925 tur.

2154 1863 2437 1935 ινόμισται,
2468 1865 2600 1937 παρ’
2633 1865 2813 1929 ἄλλοις
2843 1865 2897 1918 δὲ
2947 1866 3014 1918 τὰ
3045 1868 3177 1937 παρ’
3211 1866 3448 1931 ἐκείνοις
3489 1870 3690 1939 αἰσχρά

417 1958 529 2025 pia,
555 1958 694 2026 apud
718 1957 854 2011 alios
888 1956 1171 2026 praeclara,
1222 1967 1280 2011 et
1324 1973 1444 2027 quae
1486 1962 1770 2028 praeclara,
1822 1964 2001 2033 turpia

416 2048 757 2114 existimari;
790 2049 836 2103 is
861 2048 1049 2103 audiat
1072 2049 1200 2118 quid
1223 2063 1286 2103 ea
1311 2064 1529 2119 quoque
1552 2053 1618 2106 de
1640 2068 1699 2107 re
1735 2053 1999 2109 dicamus.

418 2144 554 2202 Cum
589 2143 737 2213 leges
790 2145 858 2198 ab
899 2143 1167 2212 improbis
1210 2143 1421 2213 angelis
1472 2146 1883 2202 accommodate
1934 2148 2001 2204 ad

417 2252 607 2294 eorum
638 2235 938 2305 nequitiam
981 2235 1264 2290 institutas
1303 2235 1532 2302 scimus,
1556 2237 1755 2306 quibus
1793 2238 2001 2294 similes

420 2348 605 2389 eorum
629 2332 877 2386 homines
901 2330 1279 2398 delectantur;
1322 2337 1437 2385 tum
1472 2346 1607 2386 vero
1654 2342 1805 2387 recta
1857 2332 1999 2388 ratio

428 2427 748 2485 adveniens.
775 2440 879 2478 non
909 2438 1100 2478 omnes
1119 2424 1427 2492 opiniones,
1447 2438 1547 2480 nec
1581 2426 1796 2479 decreta
1815 2425 1998 2482 omnia

420 2520 687 2590 praeclara
720 2532 841 2573 esse
876 2517 1230 2582 demonstrat,
1256 2518 1353 2572 sed
1382 2519 1629 2585 quaedam
1664 2516 1827 2582 mala,
1851 2533 1999 2588 quae-

425 2612 549 2667 dam
567 2611 730 2667 bona.
765 2609 949 2675 Quare
977 2609 1246 2679 ejusmodi
1279 2608 1591 2663 hominibus
1612 2608 1801 2663 eadem
1821 2609 1996 2665 dicam

420 2712 473 2757 et
499 2702 724 2767 similia,
752 2711 807 2757 et
844 2702 1084 2765 uberius,
1108 2701 1152 2755 si
1185 2714 1323 2771 opus
1344 2700 1474 2766 erit,
1517 2700 1809 2757 disseram.
1840 2700 1998 2758 Nunc

420 2798 486 2851 ad
512 2796 847 2864 propositum
877 2794 1063 2849 redeo.

494 2884 584 2939 10.
622 2883 817 2953 Liquet
841 2898 969 2954 ergo
988 2898 1075 2939 res
1122 2892 1336 2939 nostras
1390 2898 1510 2939 esse
1566 2885 1713 2941 omni
1759 2887 1995 2943 humana

419 2976 665 3031 doctrina
717 2976 1087 3036 sublimiores,
1134 2976 1262 3044 quia
1325 2976 1589 3047 quidquid
1637 2979 1703 3033 ad
1757 2976 1993 3035 Verbum

419 3070 674 3140 pertinet,
694 3068 745 3122 id
770 3068 983 3125 exstitit
1003 3067 1253 3122 Christus
1291 3070 1384 3137 qni
1405 3084 1503 3139 pro
1534 3071 1691 3126 nobis
1719 3073 1990 3142 apparuit,

2105 1956 2268 2020 καλὰ,
2299 1957 2393 2010 καὶ
2419 1957 2488 2011 τά
2535 1958 2675 2012 καλὰ
2726 1960 2926 2032 αίσχρά
2966 1958 3265 2031 νομίζεται,
3299 1961 3549 2014 ἀκουέτω
3595 1963 3691 2014 καὶ

2103 2047 2211 2100 τῶν
2231 2050 2312 2111 εἰς
2343 2047 2498 2103 τοῦτο
2546 2048 2873 2119 λεγομένων.
2924 2049 3036 2103 Kai.
3076 2050 3276 2120 νόμους
3330 2051 3690 2118 διατάξασθαι

2102 2142 2167 2211 τῇ
2197 2138 2405 2193 ἑαυτῶν
2450 2139 2619 2212 κακίᾳ
2669 2140 2888 2211 ὁμοίους
2922 2142 3047 2204 τοὺς
3102 2141 3377 2213 πονηροὺς
3424 2144 3691 2212 ἀγγέλους

2102 2233 2462 2304 ἐπιστάμεθα,
2484 2228 2565 2297 οἷς
2591 2233 2872 2306 χαίρουσιν
2902 2235 2950 2287 oi
2970 2236 3143 2305 ὅμοιοι
3164 2235 3453 2307 γενόμενοι
3483 2235 3693 2309 ἀνθρω-

2102 2342 2193 2379 ποι
2213 2338 2226 2355 ⁶
2261 2326 2355 2378 καὶ
2398 2324 2557 2397 ὀρθὸς
2581 2324 2739 2394 λόγος
2768 2324 3055 2397 παρελθὼν
3084 2324 3218 2395 (15),
3263 2327 3326 2379 οὐ
3359 2327 3547 2391 πάσας
3601 2329 3692 2381 δό-

2101 2417 2218 2485 ξας,
2250 2419 2371 2472 οὐδὲ
2408 2418 2587 2473 πάντα
2623 2418 2874 2489 δόγματα
2934 2418 3075 2471 καλά
3118 2420 3524 2485 ἀποδείκνυσιν,
3553 2421 3694 2474 ἀλλά

2099 2510 2169 2565 τά
2195 2511 2293 2581 μὲν
2321 2510 2521 2580 φαῦλα,
2553 2511 2622 2564 τὰ
2654 2510 2711 2563 δὲ
2741 2508 2941 2578 ἀγαθά·
2974 2509 3113 2563 ὥστε
3148 2527 3237 2581 μοι
3267 2507 3367 2565 καὶ
3401 2513 3538 2583 πρὸς
3564 2514 3692 2576 τοὺς

2098 2602 2369 2668 τοιούτους
2389 2604 2457 2658 τὰ
2491 2602 2631 2658 αὐτά
2678 2603 2773 2657 καὶ
2812 2602 2881 2656 τὰ
2915 2604 3076 2675 ὅμοια
3115 2606 3425 2675 είρήσεται,
3470 2606 3562 2659 καὶ
3603 2606 3695 2658 λε-

2099 2694 2464 2766 χθήσεταιδιά
2485 2694 2771 2758 πλειόνων,
2799 2695 2893 2749 ὲάν
2922 2695 3081 2767 χρεία
3204 2695 3389 2749 Τανῧν
3409 2697 3468 2750 δὲ
3505 2698 3600 2750 ἐπὶ
3631 2697 3693 2750 τὸ

2098 2784 2456 2857 προκείμενον
2488 2785 2809 2857 ἀνέρχομαι.

2168 2900 2254 2956 10.
2296 2899 2710 2971 Μεγαλειότερα
2761 2898 2857 2970 μὲν
2888 2895 2980 2952 οὖν
3011 2899 3190 2969 πάσης
3236 2899 3581 2972 ἀνθρωπείου
3616 2902 3693 2957 δι’

2094 2992 2389 3056 δασκαλίας
2417 2992 2663 3061 φαίνεται
2691 2990 2758 3044 τὰ
2788 2992 3031 3063 ἡμέτερα
3054 3010 3067 3022 ο
3103 2994 3190 3046 διὰ
3212 2994 3371 3047 τοῦτο
3398 2994 3506 3064 (Η)
3544 2994 3694 3063 λογι-

2096 3085 2189 3141 κὸν
2214 3084 2274 3139 τὸ
2296 3084 2417 3139 ὅλον
2451 3084 2541 3137 τὸν
2572 3084 2804 3153 φανέντα
2832 3084 2901 3137 δι’
2930 3086 3075 3155 ἡμᾶς
3108 3087 3345 3156 Χριστὸν
3382 3088 3689 3154 γεγονέναι,

420 3176 615 3233 nempe
639 3176 839 3231 corpus
889 3169 943 3215 et
989 3159 1226 3215 Verbutn
1284 3168 1339 3214 et
1394 3161 1597 3217 anima.
1651 3162 1987 3235 Qntecunque

2154 3178 2191 3231 ti.
2236 3177 2397 3248 σῶμα
2418 3217 2432 3242 ,
2472 3179 2569 3231 καὶ
2602 3177 2795 3245 Λόγον,
2837 3178 2931 3229 καὶ
2958 3177 3155 3247 ψυχήν.
3193 3178 3335 3229 Ὅσα
3362 3177 3475 3249 γάρ
3506 3179 3692 3241 ινπώ

421 3256 565 3309 enim
586 3254 847 3324 przeclare
871 3268 1110 3324 unquam
1143 3252 1332 3315 dixere
1349 3264 1441 3310 aut
1471 3259 1846 3328 excogitavere
1869 3260 1987 3327 phi-

2154 3272 2183 3325 :i.
2214 3226 2544 3340 ἐφθέγξαντο
2582 3226 2868 3343 καὶιεῧρον
2894 3270 2942 3323 οί
2971 3226 3499 3341 ίριλοσοερήσαντεςιῆ
3528 3226 3694 3343 νομοΙ

421 3338 628 3417 losoplii
656 3356 748 3401 aut
777 3348 956 3418 legum
988 3347 1213 3412 latores,
1244 3348 1360 3401 haec
1394 3348 1615 3403 invento
1660 3360 1711 3404 et
1743 3350 1991 3404 conside-

421 3448 544 3493 rato
580 3438 763 3505 aliqua
797 3454 860 3493 ex
890 3446 1042 3509 parte
1071 3436 1251 3492 Verbo
1285 3439 1656 3495 elaborarunt.
1715 3441 1820 3495 Sed
1868 3442 1995 3510 quia

423 3544 528 3583 non
556 3529 740 3583 omnia
765 3543 887 3597 qua:
924 3539 1053 3582 sunt
1078 3528 1259 3591 Verbi,
1301 3527 1353 3582 id
1389 3537 1474 3582 est
1514 3527 1741 3592 Christi,
1793 3544 1996 3598 cogno—

418 3633 634 3687 verunt,
677 3638 914 3693 persmpe
940 3638 1123 3677 secum
1149 3623 1281 3692 ipsis
1311 3625 1606 3693 pugnantia
1631 3624 1906 3677 dixerunt.
1927 3622 1995 3678 Et

420 3716 513 3786 qui
543 3714 763 3770 Christo
808 3717 1101 3769 secundum
1138 3714 1429 3768 humanam
1469 3725 1719 3769 naturam
1755 3716 1991 3785 antiqui-

420 3823 546 3866 ores
602 3824 1050 3878 unamquamque
1100 3823 1215 3863 rem
1260 3809 1471 3863 ratione
1517 3809 1848 3880 investigare
1901 3818 1996 3864 aut

421 3900 680 3959 refellere
710 3902 953 3971 aggressi
992 3908 1139 3967 sunt,
1167 3901 1203 3955 ii
1236 3909 1295 3954 ut
1317 3901 1753 3971 intpiietcuriosi
1775 3901 1827 3954 itt
1850 3900 1996 3971 judi-

418 3998 563 4051 cium
591 3996 811 4051 abducti
843 3995 1016 4049 fuere.
1049 3995 1289 4063 Quorum
1318 3995 1563 4051 omnium
1599 3996 1754 4068 longe
1795 3996 1995 4051 ﬁrmis-

421 4091 593 4145 simus
625 4091 726 4144 hac
752 4089 803 4143 in
833 4104 891 4143 re
926 4088 1182 4143 Socrates
1208 4088 1260 4142 in
1291 4084 1478 4142 eadem
1509 4102 1571 4143 ac
1612 4102 1711 4141 nos
1763 4088 1993 4142 crimina

418 4191 647 4237 vocatus
677 4191 780 4238 est.
814 4180 959 4234 Nova
1013 4180 1159 4234 enim
1215 4180 1475 4236 dixerunt
1520 4181 1588 4234 ab
1632 4194 1697 4235 eo
1727 4180 1994 4235 dmmouia

493 4315 603 4386 (Η)
660 4317 721 4369 '0
777 4314 977 4369 αὐτῶν
1020 4312 1491 4386 πατήρεβὶηιίίιιι
1544 4313 1785 4386 loquitur
1840 4315 1995 4375 Philo

418 4383 515 4440 lib.
541 4383 624 4458 De
650 4388 834 4455 sacrtf.
867 4387 1043 4458 ΑΜ..
1071 4401 1205 4458 ιιτιεΖ
1231 4385 1333 4458 152
1360 4402 1372 4437 :
1416 4383 1732 4458 Νομοθέτης
1755 4386 1863 4458 γὰρ
1899 4387 1994 4439 καὶ

1041 4458 1057 4478 Ι.
1072 4458 1122 4478 --ἱ

418 4402 515 4440 ιιυ.
548 4402 624 4440 ue
650 4402 834 4455 sacri].
877 4402 1043 4449 aven,
1071 4402 1193 4455 pag.
1231 4402 1372 4437 taz:
1416 4402 1732 4507 ινομουετης
1755 4402 1863 4458 γαρ
1899 4402 1994 4439 και

418 4456 568 4536 πηγῇ
594 4456 1002 4536 νόμιον-αὐτός,
1032 4458 1122 4536 ὑφ’
1150 4452 1447 4536 οβιπάντες
1466 4454 1682 4536 ο)κατᾲ
1705 4455 1869 4536 μέρος
1909 4474 1997 4511 νο-

2098 3364 2442 3435 θετήσαντες,
2469 3361 2610 3416 κατά
2630 3363 2801 3431 Λόγου
2832 3364 2993 3435 μέρος
3024 3358 3295 3433 εὑρέσεως
3329 3358 3427 3414 καὶ
3454 3363 3692 3434 θεωρίας

2098 3456 2213 3508 ἐστὶ
2246 3454 2546 3524 πονηθέντα
2576 3454 2776 3517 αὐτοῖς.
2817 3448 3032 3524 Ἐπειδὴ
3075 3452 3130 3505 δὲ
3174 3452 3234 3505 οὐ
3284 3450 3465 3505 πάντα
3492 3452 3565 3507 τὰ
3599 3453 3693 3509 τοῦ

2098 3546 2268 3614 Λόγου
2301 3545 2621 3618 ἐγνώρισαν,
2643 3546 2701 3609 ὃς
2728 3548 2842 3599 ὲστι
2876 3544 3126 3616 Χριστὸς,
3168 3544 3262 3597 καὶ
3298 3545 3520 3598 ἐναντία
3559 3547 3691 3598 ἑαυ-

2094 3639 2209 3701 τοῖς
2235 3636 2493 3700 πολλάκις
2526 3632 2699 3690 εἷπον.
2729 3636 2837 3689 Καὶ
2859 3637 2906 3688 οἱ
2932 3636 3421 3707 προγεγραμμένοι
3449 3636 3563 3706 (15)
3598 3636 3693 3689 τοῦ

2096 3728 2331 3801 Χριστοῦ
2366 3728 2505 3781 κατὰ
2531 3728 2591 3781 τὸ
2617 3726 2953 3799 ἀνθρώπινον
2977 3725 3085 3799 (16)
3110 3768 3124 3791 ,
3152 3726 3298 3797 λόγῳ
3335 3727 3694 3797 πειραθέντες

2095 3818 2165 3871 τά
2195 3819 2495 3889 πράγματα
2528 3818 2802 3889 θεωρῆσαι
2827 3818 2921 3871 καὶ
2948 3816 3162 3885 ἐλέγξαι
3186 3856 3201 3879 ,
3238 3816 3315 3880 ὡς
3346 3818 3570 3882 ἀσεϐεῖς
3602 3820 3694 3871 καὶ

2098 3912 2380 3982 περίεργοι
2404 3913 2483 3973 είς
2506 3910 2832 3981 δικαστήρια
2857 3909 3119 3980 ἤχθησαν.
3158 3910 3215 3963 '0
3246 3912 3470 3964 πάντων
3498 3911 3561 3963 δὲ
3592 3913 3691 3964 αὑ-

2095 4002 2203 4055 τῶν
2228 4000 2483 4054 εὐτονώτε
2495 4014 2583 4072 ρος
2619 4002 2751 4072 πρὸς
2777 4000 2934 4053 τοῦτο
2964 3996 3255 4071 γενόμενος
3290 4002 3598 4075 Σωκράτης
3626 4004 3692 4056 τά

2096 4093 2235 4146 αὐτά
2280 4095 2411 4163 ἡμῖν
2444 4092 2730 4164 ἐνεκλήθη.
2782 4093 2891 4146 Καὶ
2925 4092 3034 4163 γάρ
3066 4092 3277 4162 ἔφασαν
3325 4094 3489 4148 αὐτὸν
3523 4098 3692 4150 καινά

2096 4184 2347 4255 δαιμόνια
2390 4184 2499 4254 (l7)
2554 4183 2864 4253 είσφέρειν,
2916 4184 3009 4235 καὶ
3056 4182 3148 4246 οὓς
3192 4186 3226 4254 ἡ
3281 4184 3442 4249 πόλις
3473 4187 3689 4257 νομίζει

2136 4336 2217 4374 na:
2250 4328 2575 4389 sequuntur,
2614 4327 2725 4371 tum
2758 4317 2927 4389 etiam
2962 4332 3027 4369 ex
3069 4314 3225 4378 Apol.
3275 4333 3316 4389 ι,
3350 4334 3407 4371 ιι.
3439 4317 3471 4371 5
3499 4327 3563 4370 et
3604 4321 3688 4374 IO.

2136 4337 2217 4374 ua:
2250 4337 2575 4389 sequuntur,
2614 4337 2725 4371 tum
2758 4337 2927 4370 etiam
2962 4337 3027 4369 ex
3069 4337 3225 4378 aput.
3275 4337 3316 4381 I,
3350 4337 3407 4371 η.
3439 4337 3471 4371 ε)
3499 4337 3563 4370 et
3604 4337 3688 4374 IU.

2097 4337 2282 4457 auare
2324 4390 2483 4458 paulo
2515 4399 2635 4457 post
2672 4390 2749 4440 ait
2781 4385 3029 4441 Justinus
3075 4402 3135 4458 se
3182 4388 3381 4438 eadem
3414 4390 3689 4443 adversus

2098 4457 2364 4529 ejusmodi
2410 4460 2661 4513 homines
2699 4458 3008 4521 dicturum;
3040 4457 3227 4509 eadem
3278 4472 3480 4527 nempe
3524 4475 3596 4514 ac
3627 4476 3688 4514 ea

420 4525 673 4601 μοθέταιζ
715 4545 734 4577 ι
768 4529 859 4581 Est
885 4529 1034 4580 enim
1066 4525 1364 4601 _legislator
1402 4534 1457 4601 et
1488 4525 1626 4601 lous
1652 4525 1827 4601 legunt
1857 4527 1990 4601 ipse,
2028 4594 2059 4601 Δ
2098 4525 2222 4601 qua:
2252 4530 2484 4601 Verbum
2514 4530 2793 4601 docuerat.

418 4594 521 4651 sub
552 4613 660 4665 quo
689 4613 880 4651 omnes
935 4598 1298 4718 gztrticulares
1346 4595 1741 4664 legislatures.»
1771 4596 1838 4650 Et
1859 4594 1987 4651 Ter-

418 4667 682 4718 tullianus
716 4668 871 4718 Λυοι.
899 4667 931 4717 ι
996 4686 1009 4718 :
1041 4686 1059 4718 ι
1097 4666 1230 4718 Dum
1275 4677 1455 4718 tamen
1488 4668 1674 4718 sciatis
1710 4664 1875 4718 iusas.
1910 4666 1987 4718 in-

2169 4602 2282 4671 (M)
2320 4599 2425 4652 Διὰ
2452 4599 2647 4652 τοῦτο.
2682 4596 2990 4665 Legendum
3039 4594 3127 4648 διὰ
3161 4596 3243 4658 τό,
3290 4607 3348 4648 et
3376 4597 3689 4653 observan-

2154 4687 2226 4718 tm
2274 4685 2461 4718 vocem
2492 4668 2707 4718 λογικόν
2740 4665 3005 4718 singulari
3043 4681 3207 4718 sensu
3256 4666 3349 4718 hic
3404 4671 3687 4718 usurmri.

416 4664 682 4722 tullianus
716 4668 871 4735 Apol.
899 4664 968 4718 45
996 4686 1009 4721 :
1041 4686 1059 4718 ι
1097 4666 1230 4721 Dum
1275 4677 1455 4721 tamen
1488 4668 1674 4721 sciatis
1710 4664 1875 4732 ipsas,
1910 4666 1994 4721 in-

417 4738 557 4805 quit,
588 4738 733 4808 leges
765 4753 978 4805 quoque
1012 4748 1249 4799 vestras,
1283 4752 1404 4806 quae
1450 4738 1704 4790 videntur
1730 4738 1797 4789 ad
1831 4739 1993 4792 iuno-

417 4807 659 4861 centiam
685 4822 928 4876 pergere,
952 4810 1017 4861 de
1043 4809 1222 4862 divina
1250 4809 1390 4877 lege,
1426 4807 1841 4877 utiantiquiore,
1875 4808 1991 4862 for-

418 4892 574 5000 επιειὶὲ
618 4889 908 4931 mutuatas.
942 4897 961 4929 ι
1017 4877 1135 4932 Vid.
1191 4876 1329 4948 Aug.
1378 4894 1418 4947 ι,
1466 4876 1545 4931 De
1610 4877 1704 4931 lib.
1768 4878 1988 4945 arbitr.,

418 4962 468 5000 ιι.
582 4990 594 5000 .

414 4962 468 5001 ιι.
510 4962 594 5001 ID.

487 5018 597 5089 (12)
642 5022 763 5093 Οὐκ
790 5019 998 5075 ἄδικοι.
1032 5022 1345 5093 cheudum
1380 5020 1428 5073 οί
1468 5018 1678 5093 τούτοις
1698 5016 1760 5069 οὐ
1806 5033 1989 5093 συντι-

415 5088 653 5160 θέμενοι,
681 5092 881 5157 ἄδικοι,
923 5103 1019 5146 aut
1063 5088 1436 5162 qtiisscnsus
1483 5106 1551 5143 ex
1602 5089 1706 5142 hac
1760 5090 1988 5162 periodo

354 5204 359 5225 ,
414 5159 533 5214 erui
562 5164 753 5229 possit,
785 5179 887 5216 non
940 5159 1117 5217 video.
1173 5161 1411 5216 Necesse
1458 5175 1562 5215 non
1601 5167 1685 5212 est
1714 5172 1834 5211 cum
1864 5159 1989 5229 Syl~
2038 5208 2039 5211 η

354 5238 359 5244 ’
413 5230 610 5300 burgio
642 5232 822 5300 legere
850 5234 917 5287 τὰ
957 5233 1095 5288 αὑτά
1138 5234 1339 5295 αὐτοῖς.
1378 5230 1502 5283 lizec
1542 5229 1696 5300 enim
1734 5238 1820 5300 est
1856 5245 1985 5282 sen-

728 5321 811 5353 um
869 5304 1210 5371 legislatures
1267 5304 1372 5355 alia
1412 5297 1750 5371 facere,ialia
1798 5296 1985 5371 fugere

411 5374 749 5441 pnecipiant,
780 5388 843 5427 ac
876 5370 988 5439 ipSe
1036 5374 1179 5427 Deus
1220 5374 1393 5441 legem
1435 5370 1588 5424 nobis
1632 5370 1980 5437 imposuerit;

414 5443 543 5496 inde
571 5445 819 5510 sequitur
851 5444 1125 5496 hominem
1164 5444 1334 5497 libero
1380 5441 1602 5495 arbitrio
1632 5454 1737 5492 non
1769 5453 1980 5505 carere,

412 5514 737 5581 acproinde
772 5514 989 5578 iniquos
1031 5527 1154 5567 esse
1192 5514 1283 5579 qui
1324 5512 1853 5581 legislatoribusnon
1884 5512 1984 5581 ob:

2099 4665 2226 4725 dum
2264 4665 2461 4725 'vocem
2492 4668 2707 4737 λογικόν
2740 4665 3005 4736 singulari
3043 4681 3207 4719 sensu
3256 4666 3349 4719 hic
3404 4671 3687 4737 usurpari.

2097 4740 2214 4797 Non
2246 4743 2389 4794 enim
2423 4740 2695 4809 signiﬁcat
2724 4737 2789 4809 id
2820 4738 2961 4805 quod
2999 4738 3228 4809 rationis
3259 4747 3346 4789 est
3378 4740 3688 4805 particeps,

2095 4812 2190 4865 sed
2220 4804 2501 4881 quidquid
2520 4810 2585 4861 ad
2615 4804 2849 4862 Verbum
2884 4804 3141 4875 pertinet,
3175 4822 3273 4881 seu
3303 4804 3476 4881 totam
3517 4804 3688 4864 Verbi

2094 4876 2394 4951 personam
2420 4889 2490 4951 Aet
2518 4888 2832 4951 utramque
2872 4883 3155 4951 naturam.
3207 4876 3301 4951 S_ic
3343 4876 3514 4951 paulo
3561 4892 3691 4934 ante

2094 4944 2151 5005 ἱι.
2185 4952 2217 5006 8
2246 4968 2260 5004 :
2289 4949 2445 5004 Κατά
2479 4948 2577 5020 τὴν
2604 4947 2701 5020 τοθ
2728 4944 2935 5020 παντὸς.
2960 4944 3118 5020 λόγου
3144 4944 3537 5020 γνῶσινχιιίωο
3577 4950 3691 5002 illn.

2092 5022 2255 5077 strari
2308 5014 2650 5090 possuntLex
2692 5018 2783 5090 his
2816 5016 3007 5090 Averbi‘s
3044 5014 3453 5090 _S.__Augnstini
3511 5034 3687 5075 scrin.

2099 5092 2225 5156 214,
2268 5084 2322 5145 nl
2362 5090 2433 5143 7:
2475 5109 2492 5141 ι
2529 5088 2699 5143 Totus
2748 5088 2917 5142 Filius
2965 5087 3055 5141 Dei
3103 5084 3343 5140 Verbum
3392 5096 3449 5141 et
3490 5090 3687 5149 homo,

2090 5173 2274 5230 atque,
2308 5170 2367 5216 nt
2414 5160 2724 5230 expressius
2767 5159 2942 5213 dicam
2969 5197 2985 5223 ,
3040 5156 3282 5212 Verbum
3313 5197 3330 5222 ,
3389 5158 3587 5214 anima
3637 5171 3691 5214 et

2089 5248 2147 5285 (38
2157 5249 2234 5286 ΓΟ.
2282 5250 2299 5281 ι

2158 5303 2269 5372 (15)
2312 5303 2377 5354 Ol
2424 5297 3297 5372 προγεγραμμέῃρι.-Ιιεεειι‹1ιιιιι
3331 5316 3691 5370 προγεγενη·

2089 5368 2260 5443 μένοι,
2300 5381 2357 5424 ιιι
2391 5374 2449 5443 in
2474 5368 2627 5443 Apol.
2664 5387 2700 5428 ι.
2822 5370 2910 5423 45.
2944 5368 3258 5443 Tuintetus.

2158 5444 2269 5511 (16)
2300 5441 2464 5495 Κατὰ
2484 5439 2548 5492 τὸ
2578 5438 2973 5507 ἀνθρώπινον.
3005 5438 3182 5491 Malim
3214 5441 3331 5491 hazc
3364 5438 3588 5511 referre
3618 5438 3684 5493 ad

2084 5510 2288 5567 Christi
2321 5511 2750 5575 immanitatem,
2784 5511 3080 5564 secundum
3112 5523 3277 5576 quam
3332 5510 3684 5578 antiquiores

412 5578 735 5650 sequuntur.
764 5584 991 5637 Videtur
1023 5578 1475 5636 autemJustinus
1501 5582 1676 5635 locum
1702 5580 1978 5649 Evangelii
2083 5582 2234 5636 luere
2268 5580 2600 5650 philosophi,
2622 5596 2786 5648 quam
2816 5596 2936 5632 cum
2968 5578 3089 5631 aliis
3116 5579 3526 5648 interpretibus
3556 5585 3685 5635 red-

412 5652 675 5714 iudicare,
722 5655 815 5706 ubi
859 5652 1012 5720 jubet
1065 5652 1319 5707 Christus
1353 5663 1410 5706 ut
1457 5652 1730 5705 imitemur
1760 5651 1978 5705 Patrem

411 5723 715 5795 caelestem,
750 5723 882 5777 Luc.
915 5738 987 5787 v1,
1017 5723 1118 5795 55;
1158 5723 1348 5795 Matth.
1383 5738 1432 5795 ν,
1462 5723 1581 5795 45η
1673 5792 1683 5795 _
1715 5788 1721 5795 ~

482 5794 595 5860 (l5)
634 5795 825 5863 Λόγος
854 5791 1185 5861 παρελθών.
1218 5794 1340 5848 Haec
1365 5794 1429 5847 de
1464 5793 1637 5848 Verbo
1671 5791 1971 5849 incarnato,

411 5880 519 5917 non
548 5866 615 5919 de
650 5867 884 5919 humana
914 5867 1127 5922 ratione
1170 5865 1344 5937 accipi
1380 5864 1577 5920 debere
1609 5870 1757 5931 patet
1786 5876 1853 5914 ex
1889 5863 1972 5917 his

2089 5654 2241 5715 dere,
2278 5671 2296 5703 ς
2334 5666 2430 5715 pro
2465 5652 2625 5715 raptu
2666 5650 2925 5701 humano.
2962 5666 2981 5699 ι

2152 5666 2241 5715 :re,
2278 5671 2296 5703 ι
2333 5666 2430 5721 pro
2465 5652 2625 5716 rathu
2666 5652 2925 5701 humano.
2962 5666 2981 5699 ι

2152 5723 2266 5794 (17)
2305 5719 2499 5794 Καινὰ
2536 5718 2829 5788 δαιμόνια.
2874 5717 3223 5794 ῌιιιο-Αροι.
3268 5716 3427 5776 Socr.
3481 5738 3541 5792 p.
3584 5721 3685 5787 24,

2081 5788 2335 5863 Xenoph.
2375 5792 2690 5859 Ἀπομνημ.
2724 5804 2761 5855 l,
2790 5806 2842 5859 p.
2874 5788 2998 5846 412.
3032 5789 3355 5845 Trimulus.
