3770 6508
89 377 196 434 461

1129 379 1473 436 APOLOGIA
1508 378 1553 435 ll
1585 377 1721 436 PRO
1756 374 2220 435 CHRISTIANIS.

2750 342 2777 357 κ.

3279 381 3387 435 4ῧῖ

85 489 282 555 θεοὺς,
307 492 383 563 μὴ
403 493 653 564 ἡγεῖσθαι
676 493 858 547 αὐτόν.
888 493 947 547 '0
966 492 1023 547 δὲ
1036 494 1291 567 δαίμονας
1312 495 1423 567 (18)
1451 496 1547 568 μὲν
1567 494 1656 547 τοῦ

1862 494 2007 556 duci,
2043 505 2097 549 et
2124 510 2263 565 quos
2299 495 2498 550 civitas
2544 498 2825 554 existimat
2869 502 3020 562 deos.
3062 505 3129 555 ah
3163 518 3228 557 eo
3282 520 3389 556 non

88 584 362 653 φαύλους,
400 587 494 641 καὶ
515 587 626 659 (19)
649 588 778 651 τοὺς
805 588 1117 660 πράξαντας
1145 589 1181 643 ἀ
1213 590 1421 659 ἔφασαν
1452 594 1501 645 oi
1537 611 1693 666 ποιη-

85 677 187 729 ταὶ
213 716 231 739 ,
268 677 519 731 ἐκϐαλὼν
557 679 655 749 τῆς
700 678 972 743 πολιτείας
1012 682 1107 733 καὶ
1141 683 1387 753 ’Όμηρον
1428 685 1521 737 καὶ
1566 686 1693 749 τοὺς

86 769 293 832 ἄλλους
328 770 558 841 ποιητὰς
580 811 595 834 ,
632 772 1016 842 παραιτεῖσθαι
1050 774 1177 837 τοὺς
1211 775 1533 846 ἀνθρώπους
1582 779 1689 832 ὲδίο

83 861 223 928 ϐαξε
252 878 267 892 ⁸
308 864 448 934 πρὸς
494 862 629 917 Θεοῦ
660 863 715 916 δὲ
748 864 843 917 τοῦ
886 864 1165 933 ἀγνώστου
1192 866 1300 937 (20)
1350 868 1532 932 αὐτοῖς
1555 909 1569 933 ,
1604 869 1692 923 διά

84 953 261 1022 λόγου
333 954 615 1027 ζητήσεως
683 958 978 1025 ἐπίγνωσιν
1043 958 1419 1029 προύτρέπετο
1480 960 1649 1014 εἰπών
1675 980 1687 993 ’

90 1067 111 1097 ς
160 1047 272 1101 Τὸν
303 1048 360 1101 δὲ
395 1049 609 1121 πατέρα
657 1051 751 1103 καὶ
793 1051 1125 1125 δημιουργὸν
1179 1057 1396 1109 πάντων
1445 1055 1556 1110 οὗθ’
1603 1060 1691 1111 εὑ-

88 1141 212 1209 ρεῖν
251 1139 435 1211 ῥᾴδιον
459 1179 474 1203 ,
510 1140 623 1193 οὔθ’
664 1143 894 1215 εὑρόντα
939 1147 1019 1208 εἰς
1053 1146 1259 1211 πάντας
1292 1149 1464 1200 εἰπεῖν
1515 1149 1692 1218 ἀσφα-

84 1230 185 1293 λές
215 1230 357 1302 (21).
394 1250 411 1283 ι
454 1231 522 1284 Ἀ
567 1234 595 1285 ό
641 1234 908 1307 ἡμέτερος
939 1238 1171 1308 Χριστὸς
1216 1238 1305 1292 διά
1340 1240 1441 1310 τῆς
1494 1243 1688 1296 ἑαυτοῦ

84 1319 383 1391 δυνάμεως
402 1322 623 1395 ἔπραξε.
640 1326 917 1395 Σωκράτει
941 1329 1038 1399 μὲν
1058 1329 1166 1400 γὰρ
1182 1331 1356 1396 οὐδεὶς
1371 1336 1685 1407 ἐπιστεύθη,

87 1414 238 1487 ὑπὲρ
273 1416 469 1471 τούτου
498 1418 591 1471 τοῦ
644 1421 912 1493 δόγματος
944 1424 1309 1497 ἀποθνήσκειν
1336 1444 1347 1457 ’
1381 1429 1602 1500 Χριστῷ
1630 1431 1688 1483 δὲ

83 1507 167 1578 τῷ
197 1509 297 1562 καὶ
326 1510 437 1564 ὑπὸ
466 1512 789 1584 Σωκράτους
812 1515 920 1569 ἀπὸ
946 1516 1146 1588 μέρους
1174 1519 1470 1587 γνωσθέντι
1498 1522 1689 1591 (Λόγος

84 1601 198 1671 γὰρ
224 1597 295 1673 ἦν
330 1603 427 1657 καὶ
462 1603 607 1658 ἔστιν
631 1606 660 1658 ό
681 1607 739 1659 ὲν
774 1609 936 1662 παντὶ
965 1608 1062 1673 ὢν,
1098 1612 1191 1663 καὶ
1222 1610 1309 1665 8ιά
1334 1612 1445 1667 τῶν
1478 1631 1690 1686 προφη-

82 1694 199 1747 τιῖιν
230 1695 515 1765 προειπὼν
546 1699 611 1752 τὰ
645 1698 905 1769 μέλλοντα
930 1702 1174 1769 γίνεσθαι
1200 1745 1215 1770 ,
1251 1704 1345 1757 καὶ
1384 1704 1453 1758 δι’
1493 1707 1687 1760 ἑαυτοῦ

79 1787 463 1856 ὀμοιοπαθοῦς
513 1791 805 1863 γενομένου
853 1795 945 1847 καὶ
986 1795 1296 1860 διδάξαντος
1340 1797 1576 1869 ταῦτα),
1623 1802 1684 1853 οὑ

1797 588 2125 642 existimari.
2158 590 2337 656 Atque
2367 589 2457 644 hic
2487 592 2711 658 quidem
2750 611 2871 648 cum
2906 606 2962 649 et
2994 595 3294 651 Homerum
3342 609 3387 649 et

1797 676 1933 731 alios
1973 688 2165 745 poetas
2197 678 2421 745 ejiceret
2447 696 2477 734 e
2510 682 2760 748 civitate,
2786 696 2979 740 auctor
3003 697 3121 740 erat
3145 685 3393 743 homini-

1798 763 1898 821 bus
1926 776 1983 821 ut
2009 782 2207 837 pravos
2229 770 2528 837 dmmones,
2549 788 2577 826 a
2605 775 2804 843 quibus
2833 790 2896 830 ea
2924 787 3235 845 perpetrata
3262 762 3407 849 quae:

1795 866 1968 925 poetae
2032 860 2398 929 scripserunt,
2453 874 2845 919 aversarentur
2893 879 2905 913 :
2959 866 3128 921 Deum
3176 860 3403 947 autem.)

1796 964 1961 1019 quem
1987 953 2341 1023 ignorabant,
2375 965 2433 1008 ut
2460 956 2689 1011 rationis
2721 958 3140 1029 investigatione
3181 976 3394 1032 cogno-

1795 1053 2036 1109 scerent,
2085 1044 2170 1100 his
2200 1059 2296 1100 eos
2325 1048 2508 1101 verbis
2567 1048 2899 1103 hortabatur
2930 1067 2943 1102 :
2979 1050 3271 1107 Parentem
3336 1062 3391 1106 et

1795 1134 2044 1203 Opiﬁcem
2072 1138 2454 1193 universorum
2491 1156 2666 1208 neque
2698 1142 3138 1208 invenirel'aeile,
3165 1160 3289 1209 nec,
3341 1146 3388 1197 si

1793 1224 2092 1292 inveneris,
2124 1230 2266 1298 aqud
2291 1246 2481 1286 omnes
2507 1231 2811 1299 praedicare
2852 1244 3025 1290 tutum
3061 1246 3165 1291 est.
3197 1256 3217 1291 ι
3254 1237 3382 1293 Hac

1794 1326 1978 1371 autem
2010 1318 2260 1375 Christus
2280 1334 2467 1378 noster
2498 1342 2597 1379 sua
2639 1326 2810 1394 ipsius
2846 1337 3121 1396 poteState
3168 1330 3384 1399 praesti-

1796 1409 1883 1466 tit.
1920 1408 2138 1465 Socrati
2165 1415 2310 1468 enim
2340 1431 2499 1470 nemo
2527 1426 2736 1471 tantum
2763 1418 2951 1474 habuit
2986 1420 3136 1486 lidei,
3178 1430 3236 1474 ut
3282 1436 3383 1491 pro

1794 1500 1899 1556 hac
1949 1506 2222 1559 sententia
2282 1516 2510 1561 mortem
2561 1520 2868 1579 oppeteret.
2924 1511 3144 1568 Christo
3174 1525 3381 1582 autem,

1794 1608 1951 1663 quem
1974 1594 2230 1651 Socrates
2266 1599 2444 1669 aliqua
2475 1616 2543 1654 ex
2570 1612 2725 1670 parte
2757 1603 3017 1674 cognovit
3058 1606 3199 1675 (erat
3234 1608 3381 1661 enim

1792 1696 1952 1740 etest
1975 1682 2216 1741 Verbum
2250 1689 2378 1744 illud
2410 1695 2594 1744 omnia
2636 1695 2961 1760 pervadens.
3016 1697 3159 1765 quod
3187 1708 3242 1750 et
3287 1714 3383 1766 per

1792 1780 2091 1847 prophetas
2125 1780 2307 1835 futura
2336 1784 2677 1852 praedixit,et
2705 1800 2801 1853 per
2832 1789 3096 1855 seipsum,
3126 1806 3250 1843 cum
3282 1806 3379 1842 na-

79 1879 379 1950 φιλόσοφοι
424 1882 546 1936 οὐδὲ
596 1882 865 1954 φιλόλογοι
921 1887 1080 1957 μόνον
1128 1888 1498 1960 ἐπείσθησαν,
1550 1891 1656 1945 ἀλλ.

1862 1884 1915 1921 ra
1946 1882 2133 1923 nostra
2162 1882 2412 1941 suscepta
2446 1874 2562 1927 haec
2595 1874 2840 1944 doceret)
2874 1876 3114 1942 Christo,
3136 1879 3381 1945 inquam,

77 1973 175 2026 καὶ
212 1976 603 2047 χειροτέχναι,
639 1979 734 2031 καὶ
782 1980 1057 2044 παντελῶς
1102 1982 1352 2048 ἰδιῶται,
1399 1984 1493 2039 καὶ
1525 1986 1686 2059 δόξης

78 2066 178 2120 καὶ
232 2067 408 2135 φόϐου
458 2070 554 2123 καὶ
605 2069 835 2124 θανάτου
885 2076 1432 2147 καταφρονήσαντεςσ
1498 2081 1684 2153 ἐπειδὴ

83 2159 334 2231 δύναμίς
374 2160 489 2234 ('22)
532 2166 649 2216 ὲστι
701 2164 796 2218 τοῦ
832 2166 1070 2239 ἀρρήτου
1114 2169 1327 2242 Πατρός
1352 2212 1366 2236 ,
1423 2174 1513 2226 καὶ
1565 2175 1685 2245 οὐχὶ

79 2251 439 2323 ἀνθρωπείου
472 2255 631 2324 λόγου
658 2256 729 2310 τὰ
764 2257 952 2330 σκεύη.

149 2433 246 2486 11.
276 2433 398 2521 ρύκ
430 2432 497 2488 ἀν
516 2434 571 2488 δὲ
603 2434 726 2490 οὐδὲ
755 2438 1146 2511 ὲφονευόμεθα,
1176 2443 1297 2497 οὐδὲ
1323 2444 1685 2521 δυνατώτεροι

75 2526 103 2593 ἡ
116 2524 246 2594 μῶν
284 2520 434 2596 ἦσαν
461 2526 514 2579 οἰ
540 2543 600 2579 τε
622 2528 802 2583 ἄδικοι
826 2530 1104 2603 ἄνθρωποι
1128 2535 1223 2589 καὶ
1242 2537 1513 2608 δαίμονες,
1538 2545 1585 2596 εί
1602 2520 1683 2615 μὴ

78 2622 315 2682 πάντως
344 2621 507 2674 παντὶ
532 2623 856 2693 γεννωμένῳ
883 2625 1155 2699 ἀνθρώπῳ
1189 2630 1279 2683 καὶ
1321 2631 1500 2687 θανεῖν
1523 2636 1686 2705 ώφεὶ-

76 2712 231 2767 λετο.
272 2715 442 2769 ’Ὅθεν
474 2716 567 2769 καὶ
592 2716 652 2769 τὸ
680 2716 900 2789 ὄφλημα
926 2720 1264 2788 ἀποδιδόντες
1286 2764 1300 2789 ,
1336 2726 1685 2799 εὐχαριστοῦ-

78 2822 210 2874 μεν.
241 2806 444 2860 Καίτοι
484 2824 548 2875 γε
582 2808 676 2861 καὶ
702 2809 763 2862 τὸ
794 2810 1196 2881 Ξενοφώντειον
1216 2816 1392 2869 ἐκεῖνο
1420 2817 1512 2870 νῦν
1547 2820 1684 2889 πρός

72 2912 133 2948 τε
197 2897 522 2968 Κρίσκεντα
574 2901 669 2953 καὶ
720 2902 844 2966 τοὺς
885 2902 1087 2973 ὁμοίως
1125 2904 1273 2976 αὑτῷ
1321 2906 1683 2979 ἀφραίνοντας

76 2988 254 3042 καλὸν
288 2990 389 3043 καὶ
423 2989 679 3063 εὔκαιρον
721 2994 897 3047 εἰπεῖν
933 2995 1232 3066 ἡγούμεθα.
1271 3000 1372 3051 Τὸν
1407 3001 1682 3071 Ἡρακλέα

74 3084 172 3135 ἐπὶ
210 3081 429 3154 τρίοδόν
468 3100 624 3149 τινα,
654 3084 756 3157 ἔφη
789 3089 817 3139 ό
845 3086 1115 3157 Ξενοφῶν,
1158 3089 1463 3159 βαδίζοντα,
1501 3094 1681 3166 εὑρεῖν

74 3174 178 3243 τήν
214 3188 277 3224 τε
310 3173 517 3245 ἀρετὴν
540 3176 633 3228 καὶ
664 3176 763 3247 τὴν
800 3178 1019 3241 κακίαν,
1052 3180 1109 3233 ὲν
1137 3182 1411 3248 γυναικῶν
1446 3188 1679 3255 μορφαῖς

75 3263 427 3335 φαινομένας
449 3280 462 3295 ’
499 3267 593 3320 καὶ
625 3267 723 3339 τὴν
761 3268 860 3340 μὲν
894 3271 1115 3336 κακίαν,
1153 3273 1294 3344 ἁϐρᾷ
1324 3274 1549 3347 ἐσθῆτι,
1586 3279 1680 3330 καὶ

75 3357 624 3429 ἐρωτοπεποιημένῳ
649 3360 762 3431 (25)
833 3361 926 3413 καὶ
959 3360 1209 3416 ἀνθοῦντι
1250 3367 1314 3417 ὲκ
1359 3366 1465 3418 τῶν
1503 3369 1679 3421 τοιού-

74 3464 188 3499 των
215 3446 522 3519 προσώπῳ,
540 3449 828 3529 θελκτικήν
851 3469 908 3503 τε
931 3451 1093 3515 εὐθὺς
1120 3454 1255 3525 πρὸς
1275 3455 1373 3519 τὰς
1396 3457 1547 3525 ὄψεις
1567 3459 1679 3529 (21)

76 3538 293 3606 οὖσαν,
346 3543 523 3594 εἰπεῖν
572 3542 709 3613 πρὸς
753 3544 844 3597 τὸν
897 3544 1210 3617 Ἡρακλέα,
1242 3549 1363 3612 ὅτι,
1418 3549 1486 3621 ἢν
1542 3552 1677 3623 αὐτῇ

77 3636 289 3707 ἱπηται
314 3675 330 3699 ,
367 3636 626 3707 ἡδόμενόν
651 3655 712 3691 τε
740 3639 833 3691 καὶ
867 3642 1281 3712 κεκοσμημένον
1322 3643 1399 3714 τῷ
1433 3643 1681 3716 λαμπρο-

81 3730 241 3799 τάτῳ
268 3728 369 3782 καὶ
396 3730 568 3800 ὁμοίῳ
592 3730 671 3802 τῷ
700 3732 828 3803 περ)⁵
855 3733 1021 3805 αὐτὴν
1056 3736 1243 3806 κόσμῳ
1271 3735 1570 3808 διαιτήσειν
1595 3740 1681 3791 ἀεὶ

82 3824 310 3891 ποιήσει
334 3837 348 3850 ·
386 3822 480 3874 καὶ
512 3822 614 3892 τὴν
638 3822 858 3894 ἀρετὴν,
894 3827 952 3877 ἐν
986 3826 1255 3900 αὐχμηρῷ
1288 3828 1385 3898 μὲν
1410 3828 1489 3899 τῷ
1513 3846 1679 3902 προσ-

82 3914 225 3985 ώπῳ
245 3914 345 3968 καὶ
374 3917 442 3986 τῇ
473 3914 730 3988 περιϐολῇ
762 3915 948 3980 οὖσαν,
974 3920 1147 3971 εἰπεῖν
1174 3936 1186 3949 ο
1228 3940 1245 3971 ι
1293 3919 1431 3973 Ἀλλ’
1462 3921 1529 3992 ἢν
1556 3922 1681 3992 ἐμοὶ

82 4009 255 4079 πείθῃ
281 4048 297 4070 ,
342 4008 403 4060 οὐ
440 4009 629 4079 κόσμῳ
652 4048 666 4071 ,
703 4009 819 4063 οὐδὲ
865 4009 1050 4063 κάλλει
1081 4010 1160 4082 τῷ
1195 4012 1370 4083 ῥέοντι
1400 4013 1494 4065 καῖ⁵
1526 4012 1681 4082 φθει-

87 4100 311 4171 ρομένῳ
346 4102 541 4154 ἑαυτὸν
570 4102 900 4173 κοσμήσεις,
929 4102 1062 4156 ἀλλά
1095 4107 1206 4168 τοῖς
1239 4105 1428 4168 ἀϊδίοις
1457 4106 1549 4158 καὶ
1585 4124 1683 4159 κα-

85 4190 200 4253 λοῖς
226 4190 477 4259 κόσμοις.
522 4210 540 4242 ι
575 4191 685 4243 Καὶ
719 4192 876 4245 πάνθ’
911 4192 1149 4247 ὁντινοῦν
1180 4194 1525 4265 πεπείσμεθα
1561 4195 1683 4266 φεύ-

85 4299 262 4351 γοντα
307 4283 377 4337 τά
418 4283 677 4338 δοκοῦντα
711 4284 847 4337 καλὰ
874 4326 887 4349 ,
922 4286 991 4340 τὰ
1023 4286 1079 4338 δὲ
1112 4288 1438 4359 νομιζόμενα
1473 4288 1683 4361 σκληρά

88 4379 186 4428 καὶ
232 4375 407 4443 ἄλογα
463 4377 896 4447 μετερχόμενον,
952 4378 1295 4449 εὐδαιμονίαν
1345 4381 1678 4451 ἐκδέχεσθαι.

101 4468 167 4521 Ἦ
202 4468 314 4541 γὰρ
347 4470 517 4523 κακία
542 4469 686 4541 (25),
726 4470 1021 4541 πρόϐλημα
1055 4472 1253 4543 ἑαυτῆς
1287 4472 1396 4525 τῶν
1432 4473 1683 4544 πράξεων

1793 1977 1901 2017 non
1922 1962 2233 2034 philosophi
2265 1967 2436 2020 solum
2463 1977 2518 2021 et
2539 1968 2765 2025 litterati
2801 1971 3052 2025 homines
3071 1972 3379 2038 credidere,

1791 2056 1888 2111 sed
1910 2060 2153 2128 operarii
2200 2061 2366 2114 etiam
2404 2071 2457 2116 et
2491 2064 2716 2118 omnino
2765 2064 3026 2134 imperiti,
3056 2066 3147 2134 qui
3179 2075 3235 2120 et
3263 2064 3383 2135 gloo

1795 2149 1929 2203 riam
1964 2160 2017 2204 et
2042 2161 2247 2206 metum
2272 2164 2327 2208 et
2358 2163 2589 2208 mortem
2610 2165 3061 2227 contempsi-runt
3090 2173 3102 2206 :
3132 2160 3383 2227 quando-

1799 2240 2021 2311 quidem
2054 2242 2169 2299 hwe
2197 2250 2371 2301 virtus
2416 2248 2801 2303 inenarrabilis
2836 2249 3014 2304 Patris
3049 2249 3239 2318 ellieit,
3271 2266 3379 2305 non

1803 2329 2056 2386 humanm
2088 2336 2318 2391 rationis
2344 2338 2729 2394 instrumenta.

1862 2424 1951 2481 11.
1991 2425 2102 2505 Nec
2126 2443 2256 2484 vero
2300 2430 2678 2487 occideremur
2709 2448 2810 2489 nec
2841 2434 3180 2504 potentiores
3221 2438 3380 2493 nobis

1788 2521 2163 2590 essentiniqui
2192 2522 2439 2580 homines
2462 2526 2828 2592 etdxemones,
2852 2527 2953 2581 nisi
2972 2529 3195 2582 omnino
3220 2531 3379 2584 cuili-

1788 2610 1882 2664 bet
1937 2613 2146 2669 homini
2197 2615 2379 2684 genito
2418 2617 2587 2671 etiam
2630 2619 2767 2673 mori
2807 2620 3173 2674 constitutum
3204 2631 3377 2677 esset.

1791 2701 1929 2759 Hine
1953 2720 2078 2760 eum
2099 2706 2342 2763 debitum
2374 2710 2759 2779 persolvimus,
2776 2712 2889 2785 96
2915 2714 3121 2783 gratias
3144 2716 3378 2784 agimus,

1785 2794 1941 2853 Nune
1964 2810 2144 2857 autem
2174 2804 2227 2858 in
2252 2803 2602 2861 Crescentem
2635 2818 2691 2861 et
2724 2822 2840 2871 eos,
2867 2806 2959 2875 qui
2984 2808 3174 2861 eadem
3198 2823 3266 2861 ac
3289 2809 3380 2863 ille

1788 2886 2084 2953 insaniunt,
2139 2892 2463 2962 praeclarum
2495 2903 2551 2949 et
2586 2907 2956 2965 Opportunum
2978 2910 3098 2951 esse
3140 2896 3382 2951 arbitror

1789 2979 2166 3051 Xenophontis
2198 2983 2328 3038 illud
2359 2985 2630 3054 proferre.
2679 2984 2970 3040 Herculem
2999 2985 3146 3040 enim
3186 2986 3381 3041 scribit

1788 3071 2092 3144 Xeimphon
2126 3076 2179 3130 in
2221 3079 2457 3146 quodam
2489 3079 2654 3134 trivio
2701 3080 3081 3136 ambulantem
3115 3081 3380 3136 incidisse

1785 3163 1840 3218 in
1876 3165 2132 3220 virtutem
2164 3177 2218 3221 et
2245 3168 2623 3235 vitiositatem,
2653 3185 2775 3240 qua:
2807 3170 2857 3226 ei
2906 3174 3093 3241 specie
3124 3172 3377 3227 muliebri

1787 3257 1914 3312 visa:
1964 3271 2125 3326 sunt;
2185 3273 2251 3313 ac
2291 3259 2453 3315 istam
2488 3262 2709 3330 quidem
2758 3264 2907 3320 molli
2959 3274 3017 3319 et
3046 3264 3115 3319 ad
3162 3279 3379 3320 amores

1785 3360 1912 3418 apto
1940 3354 2162 3414 vestitu,
2191 3363 2247 3406 et
2273 3353 2592 3409 ﬂoreseeuti
2621 3371 2685 3409 ex
2719 3356 2807 3409 his
2845 3356 3184 3415 ornamentis
3204 3357 3376 3423 vultu,

1784 3458 1849 3497 ac
1877 3444 2053 3498 oculis
2083 3446 2149 3500 ad
2180 3446 2601 3501 demulcendum
2628 3450 2917 3517 promptis,
2946 3450 3021 3503 ita
3068 3464 3191 3503 eum
3241 3448 3379 3504 allo-

1782 3549 2002 3591 cuiam:
2057 3539 2100 3594 si
2132 3554 2190 3594 se
2226 3550 2570 3610 sequeretur,
2631 3539 2898 3595 laeturam
2940 3551 2997 3595 ut
3057 3541 3377 3612 splendidis-

1786 3635 1928 3689 simo
1959 3634 2143 3702 cultu,
2179 3640 2396 3706 qualem
2428 3639 2654 3707 gerebat
2691 3639 2827 3708 ipsa,
2883 3638 3037 3692 hctus
3066 3649 3122 3693 et
3146 3642 3377 3693 decorus

1784 3735 2047 3797 perpetuo
2079 3730 2324 3801 degeret.
2355 3727 2629 3786 Virtutem
2671 3741 2853 3785 autem
2885 3731 3181 3800 squallcnti
3222 3730 3373 3785 vultu

1786 3834 1850 3873 ae
1876 3829 2026 3874 veste
2079 3822 2154 3876 ita
2207 3820 2458 3877 dixisse:
2499 3820 2557 3878 Si
2590 3824 2723 3877 mihi
2776 3823 3121 3893 obsequaris,
3182 3838 3287 3877 non
3325 3832 3379 3878 te

1785 3913 1996 3968 caduco
2022 3926 2077 3970 et
2125 3918 2375 3985 perituro
2407 3916 2555 3971 cultu
2586 3932 2650 3971 ac
2686 3918 2885 3973 decore
2915 3918 3233 3981 exornabis,
3280 3918 3377 3971 sed

1784 4006 2009 4060 :eternis
2043 4016 2097 4061 et
2130 4008 2409 4077 praeclaris
2467 4011 2825 4065 ornamentis.
2862 4028 2880 4061 ι
2912 4008 3170 4079 Quisquis
3210 4008 3379 4078 igitur

1784 4112 1848 4152 ea
1879 4098 2037 4168 fugit,
2080 4114 2201 4169 qua:
2245 4102 2501 4156 videntur
2541 4103 2791 4171 pulchra,
2851 4118 2915 4155 ea
2973 4113 3153 4157 autem
3191 4118 3378 4173 person

1784 4196 1997 4265 quitur,
2022 4212 2142 4267 quae
2169 4196 2305 4251 dura
2328 4206 2383 4251 et
2409 4213 2439 4251 a
2476 4198 2688 4252 ratione
2730 4197 2908 4250 aliena
2965 4197 3375 4261 existimantur,

1785 4286 1933 4341 hunc
1958 4302 2057 4357 pro
2082 4296 2233 4342 certo
2258 4300 2513 4343 tenemus
2542 4290 2757 4342 beatam
2813 4288 2980 4340 vitam
3022 4288 3372 4355 adepturum.

1787 4374 1992 4429 Vitium
2052 4374 2223 4443 enim,
2278 4385 2568 4445 postquam
2641 4378 2959 4431 actionibus
3000 4375 3140 4440 suis,
3204 4376 3374 4431 veluti

1787 4471 2060 4539 quoddam
2109 4470 2568 4539 integumentum,
2597 4486 2806 4539 eaquze
2852 4470 3037 4523 insunt
3067 4470 3255 4523 virtuti
3310 4483 3375 4523 ac

89 4562 160 4613 τὰ
195 4562 472 4632 προσόντα
505 4564 571 4633 τῇ
607 4564 776 4633 ἀρετῇ
813 4566 909 4615 καὶ
937 4563 1105 4626 ὅντως
1135 4562 1263 4615 ὄντα
1302 4563 1440 4616 καλά
1471 4564 1558 4618 διά
1590 4583 1656 4636 μιη

1864 4577 1921 4615 re
1952 4562 2091 4616 bona
2123 4570 2270 4624 sunt,
2316 4562 2619 4615 imitatione
2650 4574 2833 4615 rerum
2874 4560 3373 4630 incorruptibilinm

97 4651 323 4721 μήσεως
356 4648 611 4723 φθαρτῶν
633 4652 741 4721 (26)
779 4652 1208 4724 περιϐαλλομένη
1251 4652 1542 4724 (ἄφθαρτον
1574 4654 1684 4725 γὰρ

92 4744 246 4797 οὐδὲν
292 4743 407 4813 ἔχει
449 4743 568 4797 οὐδὲ
617 4745 837 4815 ποιῆσαι
872 4744 1145 4814 δύναται),
1194 4745 1527 4815 δουλαγωγεί
1559 4746 1686 4811 τοὺς

165 4882 283 4959 (18)
326 4884 377 4936 Ὀ
408 4882 474 4937 δὲ
505 4884 811 4959 δαίμονας.
844 4884 994 4959 χίλια
1026 4884 1161 4939 Plat.
1199 4885 1274 4959 De
1308 4884 1434 4954 Rep.
1464 4886 1502 4942 ι.
1535 4903 1597 4953 η,
1627 4904 1680 4959 p.

94 4955 199 5007 577
223 4964 284 5024 et
316 4970 476 5022 seqq.
512 4964 564 5008 et
595 4956 630 5009 l.
657 4971 714 5017 χ,
748 4972 801 5024 ρ.
840 4956 947 5009 595
978 4967 1032 5023 et
1059 4972 1213 5024 seqq.
1250 4958 1399 5011 lusu.

167 5023 285 5090 (t9)
342 5024 638 5099 Delendum
668 5026 892 5099 _videtur
918 5023 1339 5099 illud_xalante_
1361 5024 1683 5099 γτοῦςμπρά-

96 5096 332 5165 ξαντας,
364 5096 448 5149 vel
488 5094 774 5164 legendum
807 5094 903 5147 καὶ
938 5094 1270 5165 πράξαντας.
1312 5096 1467 5149 Plato
1509 5094 1605 5150 lib'.
1650 5113 1683 5150 χ

98 5169 175 5220 De
200 5162 335 5232 Rep.
363 5165 469 5219 duo
504 5162 704 5219 retinet
737 5166 918 5233 poesis
949 5162 1176 5234 genera,
1204 5171 1432 5235 hymnos
1462 5167 1516 5221 in
1560 5166 1684 5221 deos

94 5248 146 5290 et
177 5238 438 5289 bonarum
475 5253 537 5289 ac
564 5236 857 5289 illustrium
893 5237 1128 5289 uirorum
1156 5235 1514 5290 laudationes.

172 5304 292 5376 ('20)
330 5305 691 5376 Ἀγνώστου.
720 5305 971 5375 Ignotum
999 5305 1230 5360 Athenis
1252 5305 1422 5360 Deum
1452 5306 1686 5363 indicari

138 5386 257 5431 utat
288 5376 549 5432 Grabius.

98 5394 257 5448 putat
288 5394 549 5432 eramus.

171 5446 290 5517 (2|)
329 5446 645 5517 Ἀσφαλές.
682 5445 953 5502 Observat
998 5444 1277 5502 Thirlbius
1326 5447 1467 5516 apud
1499 5447 1687 5503 Plato-

101 5536 225 5573 nem
260 5525 315 5587 et
346 5520 483 5571 alios
516 5519 851 5586 scriptores,
881 5517 971 5587 qui
1002 5518 1105 5572 hoc
1137 5518 1512 5573 testimonium
1550 5520 1689 5574 cita-

102 5598 255 5647 runt.
288 5586 389 5655 legi
419 5588 700 5643 ἀδύνατον.

172 5654 286 5730 (2‘2)
325 5654 608 5729 Δύναμις.
664 5658 1000 5714 Subauditur
1055 5660 1090 5730 ἡ
1137 5658 1297 5713 τοῦτο
1346 5658 1683 5731 πράττουσα.

100 5729 220 5783 νὶιΙ.
270 5731 431 5783 paulo
465 5741 615 5783 ante.

153 5734 220 5785 id.
270 5734 431 5785 patilo
465 5741 615 5784 ante.

953 5798 1129 5857 Habet
1150 5799 1452 5871 Xenophon
1483 5798 1689 5869 ἐσθῆτα

97 5874 154 5929 δὲ
181 5869 242 5937 εξ
268 5870 333 5944 ἧς
360 5872 420 5929 ἅν
449 5871 685 5941 μάλιστα
704 5869 819 5944 ὥρα
844 5872 1161 5944 διαλάμποι,
1183 5870 1275 5931 lib.
1303 5869 1339 5926 tt
1372 5869 1687 5938 Memoraba,

1790 4656 2042 4711 obtendit
2071 4653 2233 4726 (nihil
2271 4654 2415 4709 enim
2448 4655 2861 4724 ineorrnptibile
2896 4654 3103 4709 habere
3146 4663 3242 4708 aut
3290 4656 3373 4707 fa-

1788 4764 1915 4803 cere
1961 4748 2177 4820 potest)
2230 4747 2285 4801 in
2323 4748 2642 4803 servitutem
2684 4747 2881 4818 redigit
2923 4747 3175 4801 homines
3225 4747 3372 4800 humi

1796 4874 1922 4939 c.l,
1949 4874 1977 4947 §
2001 4875 2113 4947 22._
2130 4871 2486 4947 ‘Epan._inale
2512 4871 2577 4947 ad
2610 4869 2915 4947 toliLrel'ert
2950 4869 3083 4925 Mar.
3108 4862 3378 4947 EpJ’nn.

1864 4940 1977 5017 (24)
2003 4944 2160 5015 Πρὸς
2180 4940 2288 5010 ἑὰς
2314 4944 2503 5011 ὄψεις.
2532 4942 2684 5017 Apud
2710 4940 3120 5009 Xenophontem
3148 4943 3370 5017 ὄμματα

1787 5013 2243 5095 ἀναπεπταμένα.
2275 5013 2679 5095 Quaremelius
2712 5019 2882 5075 multo
2914 5014 3376 5091 legereturzesl-

1787 5098 1984 5167 κτικήν
2013 5112 2072 5167 τε
2087 5087 2257 5167 ἐὐθὺς
2284 5087 2393 5167 τὰςΔ
2411 5091 2560 5167 ὅψεις
2580 5087 2767 5167 οὖσαν.

1860 5154 1978 5237 (ἳεὶ)
2031 5166 2094 5221 Ἠ
2119 5154 2467 5237 γὰρ’κακίαξ
2495 5162 2706 5237 §iinilis
2742 5158 3180 5237 seqtentiagpud
3210 5154 3369 5237 Joau.

1792 5227 2362 5295 Da‘tna'scenu'm'orat.
2399 5236 2453 5286 in
2487 5232 2776 5286 Sabbatum
2805 5232 2888 5294 8.,
2926 5248 2957 5302 p
3012 5230 3136 5302 817,
3180 5227 3375 5302 tribui-

1792 5293 1879 5365 in}
1906 5308 1973 5387 ad
2010 5305 2312 5387 marginem
2347 5302 2701 5387 G~reg.‘N_yss.
2730 5312 2784 5355 et
2813 5293 2942 5387 1:131:
2972 5319 2985 5355 :
3018 5293 3374 5387 id?

1791 5398 1909 5444 πως
1935 5380 1969 5449 ὴ
2017 5367 2291 5431 κακία-τῶ
2315 5373 2409 5427 τοῦ
2441 5367 2607 5428 καλοῦ
2638 5374 2987 5445 προσχήματι
3034 5367 3375 5450 ἐγκαλύπτε-

1794 5452 1934 5505 σθαι.
1963 5449 2071 5501 Καὶ
2099 5447 2207 5517 γὰρ
2226 5428 2294 5499 τά
2328 5448 2505 5498 οἰκεῖα
2530 5444 2692 5516 αἴσχη
2712 5447 2787 5517 ,τῇ
2819 5443 2986 5513 ἀρετῇ
3010 5435 3369 5509 ὲπιτριϐεται.

1794 5522 1930 5579 Vide
1955 5515 2242 5588 Prolo’guin
2274 5518 2333 5588 S.
2368 5517 2577 5588 Irentei,
2611 5515 2753 5588 u._l.

1862 5574 1992 5662 (9.6),
2010 5574 2451 5662 Atévytyﬁo’ewq
2479 5574 2773 5662 φθαρτῶν.
2803 5581 3117 5662 Legendum
3159 5574 3376 5662 seps-p-

1788 5647 1921 5717 των.
1956 5647 2092 5715 ’Νοιι
2141 5647 2296 5714 ὶιῖιιιὶ
2334 5647 2715 5730 ουιῖτῦριὶὑηὶο
2738 5695 2753 5718 ,
2786 5647 3375 5730 εοι1’ἱιιροι·ιίιριιι)ἰ1ειι

1794 5733 2101 5799 imitando,
2149 5731 2426 5788 vitiositas
2472 5718 2573 5784 sub
2614 5725 2832 5783 virtutis
2869 5719 3211 5779 ornamentis
3235 5718 3373 5774 deli~

1795 5806 1975 5862 tescit.
