3760 6490
430 367 536 422 4Ἶῦ

1387 360 1443 415 S.
1483 357 1744 416 JUSTlNl
1772 350 2181 411 PHlLOSOPlll
2223 351 2309 405 ET
2352 328 2709 408 MARTYRIS

3587 352 3686 406 {76

432 480 596 545 item;
632 492 809 550 neque
836 477 982 530 enim
1031 476 1149 532 fore
1194 482 1253 528 ut
1291 488 1417 527 eum
1466 483 1575 527 tota
1610 484 1766 527 nocte
1804 489 1866 527 ac
1909 475 1997 528 die

2175 469 2195 520 ὶ
2229 468 2321 521 σοῦ
2353 469 2451 521 οὑκ
2484 468 2562 521 ἔτι
2597 469 2688 521 καὶ
2732 464 2826 519 τοῦ
2888 465 3199 525 καθέκαστα
3244 467 3376 539 (56).
3417 470 3538 522 ἔπει
3578 473 3685 526 οὐδ’

438 585 810 643 precaremur.
846 568 959 622 Hoc
990 580 1168 622 autem
1201 582 1438 636 quonam
1485 567 1591 621 illis
1618 566 1833 628 evadat,
1864 566 2004 619 dim-

437 664 541 719 cile
566 679 672 717 non
696 671 780 717 est
802 660 1124 729 intelligere.
1161 658 1442 727 Proposita
1473 666 1619 711 enim
1646 668 1727 711 est
1762 658 1869 716 his.
1912 658 2002 725 qui

439 754 513 808 ita
551 755 820 816 sentiunt,
872 750 1172 806 disserendi
1220 759 1274 805 et
1321 749 1578 817 sequendi
1625 764 1734 816 quo
1782 747 2007 802 libuerit

439 847 733 917 impunitas
761 857 815 901 et
853 845 1097 909 licentia,
1130 859 1191 897 ac
1227 843 1418 913 agendi
1450 841 1708 910 quidquid
1736 841 2007 896 voluerint

435 948 490 994 et
527 939 777 1004 dicendi,
824 953 925 992 nec
953 935 1281 1004 supplicium
1328 934 1718 996 metuentibus,
1750 950 1849 988 nec.
1880 934 2005 987 boni

437 1031 734 1101 quidquam
767 1047 794 1084 a
836 1030 943 1083 Deo
987 1028 1356 1095 sperantibus.
1401 1026 1683 1092 Quomodo
1709 1026 1850 1079 enim
1893 1040 2005 1079 me-

440 1133 591 1176 tuant
618 1132 709 1176 aut
735 1130 957 1191 sperent
985 1119 1076 1189 qui
1112 1120 1309 1174 eadem
1344 1133 1561 1188 semper
1592 1118 1772 1172 futura
1796 1119 2004 1183 dicunt,

438 1228 631 1281 meque
660 1222 713 1267 et
744 1223 795 1264 te
831 1212 1021 1265 eodem
1051 1226 1242 1265 rursus
1278 1211 1435 1264 modo
1467 1212 1730 1274 victuros,
1761 1224 1859 1265 nec
1892 1225 2005 1263 nte-

438 1306 601 1358 liores
632 1304 821 1363 factos,
854 1318 952 1358 nec
975 1303 1324 1357 deteriores?
1354 1303 1460 1356 Alii
1488 1304 1731 1371 quidam,
1762 1318 1885 1356 cum
1908 1303 2009 1356 im-

439 1394 719 1449 mortalem
748 1407 802 1449 et
826 1396 1206 1465 incorpoream
1243 1397 1481 1448 animam
1511 1410 1632 1450 esse
1662 1405 1889 1464 ponant,
1910 1410 2008 1451 nec

439 1502 628 1555 pinnas
652 1489 876 1543 daturos
902 1503 961 1542 se
988 1497 1202 1559 putant,
1230 1489 1275 1542 si
1300 1488 1428 1557 quid
1466 1488 1589 1540 mali
1623 1488 1851 1541 fecerint
1874 1488 2006 1555 (pati

436 1584 581 1633 enim
630 1596 734 1633 non
773 1590 952 1650 potest
996 1582 1139 1650 quod
1189 1581 1571 1649 incorporeum
1619 1578 1735 1647 est)
1772 1577 2006 1646 necjant

440 1674 586 1737 Deo,
642 1688 767 1727 cum
815 1671 1140 1727 immortalis
1186 1671 1257 1726 sit
1304 1671 1522 1732 anima,
1568 1669 1872 1739 quidquam
1933 1671 2015 1723 in-

435 1763 643 1832 digent.

2110 564 2174 616 ἂν
2201 562 2480 632 ηὐχόμεθα
2504 562 2652 632 αὐτῷ
2680 562 2747 614 δι’
2770 563 2899 632 ὅλης
2917 563 3107 625 νυκτὸς
3138 564 3231 616 καὶ
3253 565 3489 636 ἡμέρας.
3517 566 3684 621 Τοῦτο

2109 655 2164 707 δὲ
2198 656 2305 728 ὅπῃ
2338 655 2521 719 αὐτοῖς
2549 654 2794 725 τελευτᾷ,
2820 655 2879 707 οὐ
2908 656 3141 725 χαλεπὸν
3163 658 3476 728 συννοῆσαι.
3501 659 3685 713 ’Ᾱδεια

2109 747 2217 818 γὰρ
2246 749 2340 800 καὶ
2372 746 2651 816 ἐλευθερία
2673 746 2850 815 λέγειν
2884 750 2979 801 καὶ
3007 749 3233 802 ἕπεσθαι
3256 752 3373 813 τοῖς
3404 750 3684 815 δοξάζουσι

2108 838 2300 901 ταῦτα,
2336 841 2507 891 ποιεῖν
2530 855 2587 890 τε
2615 840 2642 893 ὅ
2663 856 2714 891 τι
2750 838 3028 908 βούλονται
3062 842 3156 895 καὶ
3186 841 3388 909 λέγειν,
3423 843 3560 913 μήτε
3595 844 3683 896 κό-

2108 930 2261 983 λασιν
2291 930 2646 1000 φοϐουμένοις
2675 931 2806 1001 (57),
2840 933 2975 1003 μήτε
2999 932 3201 1000 ἀγαθὸν
3227 934 3509 998 ἐλπίζουσι
3536 952 3589 987 τι
3622 935 3684 988 ἑκ

2108 1020 2263 1075 Θεοῦ.
2292 1021 2414 1084 Πῶς
2435 1023 2576 1093 γὰρ;
2610 1023 2724 1090 οἵγε
2758 1023 2843 1075 ἀεὶ
2875 1022 3049 1079 ταύτὰ
3077 1024 3293 1079 ἔσεσθαι
3327 1025 3566 1094 λέγουσι,
3594 1028 3683 1080 καὶ

2109 1117 2195 1168 ἐπ’
2226 1115 2325 1185 ἐμὲ
2358 1115 2451 1167 καὶ
2484 1116 2543 1167 σὲ
2565 1115 2675 1186 (58)
2710 1114 2942 1186 ἔμπαλιν
2977 1116 3264 1187 βιώσεσθαι
3286 1118 3510 1190 ὁμοίως,
3549 1122 3684 1191 μήτε

2109 1206 2460 1279 κρείσσονας,
2516 1208 2651 1280 μήτε
2693 1208 2908 1279 χείρους
2940 1209 3248 1278 γεγονότας.
3289 1210 3476 1264 "suo;
3515 1212 3572 1265 δέ
3602 1229 3684 1267 τι-

2108 1318 2197 1365 νες
2223 1300 2353 1373 (59),
2379 1303 2813 1374 ὑποστησάμενοι
2838 1304 3105 1359 ἀθάνατον
3139 1306 3233 1359 καὶ
3260 1306 3553 1378 ἀσώματον
3585 1310 3683 1379 τὴν

2108 1398 2305 1470 ψυχὴν,
2340 1397 2484 1463 οὔτε,
2515 1399 2682 1452 κακόν
2698 1416 2748 1452 τι
2776 1399 3091 1469 δράσαντες,
3109 1400 3579 1471 ἡγοῦνταιδώσειν
3608 1403 3685 1455 δί-

2111 1506 2212 1559 κην
2247 1489 2477 1561 (ἀπαθὲς
2498 1490 2606 1561 γάρ
2620 1490 2680 1543 τὸ
2695 1491 3030 1563 ἀσώματον),
3061 1493 3205 1557 οὔτε,
3226 1494 3497 1547 ἀθανάτου
3519 1494 3684 1564 αὐτῆς

2112 1581 2459 1654 ὑπαρχούσης
2478 1624 2493 1649 ,
2521 1584 2729 1638 δέονταί
2754 1604 2805 1639 τι
2831 1585 2924 1639 τοῦ
2961 1587 3095 1641 Θεοῦ
3130 1587 3226 1642 ἔτι.

506 1853 642 1906 Tum
677 1854 770 1909 ille
798 1854 1005 1909 urbane
1040 1854 1329 1909 subridens
1362 1872 1376 1907 :
1403 1852 1482 1906 Tu
1507 1868 1659 1916 vero,
1688 1851 1890 1921 inquit,
1920 1851 2004 1905 his

2176 1850 2283 1902 Καὶ
2313 1849 2372 1911 ὃς
2393 1890 2407 1911 ,
2456 1850 2668 1903 ἀστεῖον
2701 1852 3091 1922 ὑπομειδιάσας
3111 1893 3125 1916 ,
3158 1854 3230 1907 Σὺ
3262 1853 3319 1905 δὲ
3356 1853 3506 1920 πῶς,
3540 1856 3642 1927 εφη
3662 1898 3680 1920 ,

437 1947 503 1998 de
537 1948 699 2002 rebus
731 1950 859 2019 quid
897 1964 1089 2003 censes
1110 1988 1126 2012 ,
1167 1957 1221 2002 et
1251 1962 1372 2015 qua:
1401 1958 1490 1999 tua
1522 1946 1589 1999 de
1633 1946 1745 2000 Deo
1781 1952 2001 2000 senten-

439 2042 534 2100 tia,
561 2048 615 2092 et
644 2054 763 2107 qua:
793 2040 1183 2110 philoSOphia?
1214 2040 1435 2107 Expone
1472 2039 1647 2093 nobis.

504 2130 558 2183 2.
604 2130 807 2185 Narrat
830 2149 885 2185 se
912 2131 1152 2200 pluribus
1177 2132 1403 2200 gustatis
1431 2130 1753 2200 philosophis
1791 2129 2003 2185 tandem

433 2223 716 2278 adhwsisse
764 2223 1078 2279 Platonicis.
1124 2254 1195 2265 —
1232 2225 1498 2295 Equidem
1550 2223 1687 2288 tibi,
1744 2224 1999 2295 inquam,

434 2316 562 2385 quid
602 2316 733 2372 inibi
781 2319 1033 2373 videatur
1089 2318 1409 2374 edisseram.
1456 2318 1553 2373 Est
1606 2317 1755 2372 enim
1812 2330 2003 2371 revera

435 2409 668 2462 tnaxima
720 2416 989 2479 possessio
1038 2412 1418 2480 philosophia,
1474 2425 1539 2465 ac
1598 2410 1816 2481 plurimi
1863 2409 2003 2477 apud

435 2503 601 2557 Deum
632 2504 815 2571 pretii,
836 2506 902 2558 ad
928 2522 1090 2575 quem
1127 2522 1225 2559 nos
1255 2505 1527 2575 perducit,
1549 2505 1745 2574 cuique
1772 2518 1869 2557 nos
1889 2502 2002 2557 sola

431 2596 815 2659 commendat;
852 2612 1091 2665 vereque
1138 2598 1210 2649 illi
1267 2597 1441 2652 sancti
1476 2606 1602 2650 sunt
1635 2595 1727 2665 qui
1761 2596 2002 2647 animum

433 2694 499 2740 ad
528 2686 927 2757 pliilOSOphiatu
971 2688 1292 2758 adiungunt.
1330 2686 1470 2753 Quid
1499 2698 1678 2740 autem
1721 2686 1792 2739 sit
1826 2684 2003 2753 philo-

432 2780 656 2849 s0phia,
690 2790 745 2835 et
774 2796 937 2849 quant
981 2779 1050 2833 ob
1079 2795 1302 2833 causam
1351 2780 1416 2832 ad
1451 2778 1703 2834 homines
1734 2776 2001 2838 demissa,

435 2872 720 2942 plerosque
759 2871 909 2933 latet,
955 2871 1088 2924 Nam
1136 2886 1235 2925 nec
1267 2868 1740 2943 Platonici‘103
1790 2876 2003 2935 essent,

441 2978 541 3017 nec
574 2962 766 3028 Stoici,
820 2978 921 3018 nec
964 2962 1341 3031 Peripatetici,
1387 2976 1485 3016 nec
1537 2960 1869 3023 Theoretici,
1904 2973 2006 3012 uec

436 3053 818 3123 Pythagorici;
868 3069 991 3107 cum
1039 3070 1143 3108 una
1178 3055 1250 3107 sit
1283 3054 1397 3107 haec
1436 3053 1689 3107 scientia.
1728 3050 1883 3107 Unde
1909 3067 2006 3105 au-

435 3155 543 3198 tem
578 3145 864 3215 multiceps
889 3146 1146 3209 evaserit,
1172 3146 1327 3214 juvat
1363 3146 1565 3199 dicere.
1601 3142 1708 3198 Usu
1741 3143 1907 3207 venit,
1947 3152 2005 3196 ut

437 3238 523 3302 iis,
572 3238 664 3306 qui
707 3238 1108 3306 philosophiam
1162 3238 1316 3306 primi
1376 3237 1702 3307 attigerunt,
1746 3245 1801 3289 et
1840 3249 1901 3289 ea
1945 3248 2003 3287 re

437 3330 573 3384 clari
608 3330 889 3394 exstitere,
926 3344 1274 3383 successores
1316 3329 1464 3382 nulla
1504 3329 1619 3382 veri
1654 3327 1896 3382 adhibita
1924 3327 2005 3379 in-

440 3421 822 3493 vestigatione,
875 3421 1253 3486 adhaeret-ent;
1298 3435 1363 3474 ac
1400 3430 1612 3474 tantum
1647 3435 1835 3475 eorum
1873 3434 2005 3474 con-

509 3623 617 3696 (56)
643 3624 759 3696 ΤοῦΔ
780 3622 1136 3696 καᾷέκιιᾳζα.
1168 3620 1705 3696 Mallet__Sylh_ttrgi_us
1729 3623 1843 3696 fribv
1870 3622 2003 3677 καθ-

435 3691 640 3754 tum
679 3694 764 3746 vel
802 3692 897 3745 τοῦ
934 3691 1291 3747 καθέκαστον.
1347 3691 1470 3749 Haec
1516 3694 1567 3746 in
1594 3691 2007 3761 'Peripateticos

436 3786 495 3823 et
528 3765 862 3837 Cyrenaicos
893 3765 1032 3817 dicta
1062 3764 1413 3837 crediderim,
1443 3765 1533 3834 qui
1571 3778 1759 3831 preces
1785 3766 2006 3837 rejicie-

439 3832 607 3894 bant}
635 3836 753 3889 Vid.
788 3832 987 3889 Strom.
1024 3848 1137 3898 vn,
1171 3850 1226 3903 p.
1259 3833 1398 3898 712,
1436 3832 1491 3890 et
1524 3848 1562 3888 ιι
1605 3838 1729 3887 adv.
1771 3832 2004 3899 Celsum,

437 3927 623 4049 ν’(ἓῗ)
664 3974 1076 4049 Φοόουέιένςοις.
1124 3972 1180 4026 In
1222 3973 1347 4049 eod.
1386 3972 1604 4049 Reg3‘et
1631 3973 1866 4049 Clarom.
1891 3991 2009 4049 “(po-

435 4044 734 4119 ϐουμένους
762 4055 815 4099 et
842 4044 1155 4119 ξλπίζοντας
1177 4046 1243 4095 ad
1281 4059 1449 4112 marg.
1481 4046 1571 4098 Sic
1591 4047 1758 4119 etiam
1793 4045 1858 4119 ll.
1888 4046 2011 4119 Ste-

438 4114 653 4189 phanus
676 4119 742 4170 ad
778 4116 1002 4189 calcem.
1042 4114 1146 4167 Sed
1186 4115 2004 4189 uon‘necessariaQuiettdatio;

440 4181 553 4243 haec
604 4189 749 4241 enim
803 4186 1117 4239 referuntur
1169 4184 1234 4236 ad
1294 4181 1592 4248 δοξάζουσι.
1650 4185 1707 4237 Si
1758 4183 2007 4239 Justinus

436 4273 651 4329 semper
683 4266 1008 4329 sequeretur
1043 4253 1283 4329 nitidum
1340 4256 1806 4329 dicen_di_genus,
1858 4254 2011 4329 valde

440 4322 569 4383 mihi
605 4322 876 4382 arrideret
906 4326 1020 4378 hare
1050 4324 1285 4393 Perionii
1314 4322 1657 4379 emendatio:
1699 4322 2011 4393 Ἐλευθερία

433 4402 624 4454 ἕπεται
655 4400 767 4461 τοῖς
799 4394 1083 4462 δοξάζουσι
1114 4392 1320 4457 ταῦτα,
1356 4397 1528 4447 ποιεῖν
1558 4412 1619 4451 τε
1650 4396 1678 4449 ὃ
1709 4412 1761 4447 τι
1796 4392 2011 4465 βούλον-

430 4489 521 4524 ται
553 4469 647 4523 καὶ
680 4468 878 4535 λέγειν.

2106 1942 2231 2013 περὶ
2264 1942 2467 1995 τούτων
2517 1946 2761 2014 φρονεῖς,
2809 1945 2901 1998 καὶ
2942 1946 3062 1999 τίνα
3112 1947 3339 2019 γνώμην
3376 1949 3505 2019 περὶ
3546 1949 3683 2003 Θεοῦ

2105 2034 2265 2104 ἔχεις,
2293 2034 2385 2087 καὶ
2409 2035 2544 2107 τίςὴ
2578 2038 2643 2107 σὴ
2669 2036 2983 2106 φιλοσοφία;
3014 2040 3147 2092 Εἰπὲ
3174 2042 3329 2112 ἡμῖν.

2173 2128 2227 2180 2.
2281 2126 2421 2195 Ἐγώ
2456 2144 2575 2192 σοι,
2605 2127 2741 2199 ἔφην
2765 2169 2779 2193 ,
2816 2129 2958 2201 spat,
2991 2131 3018 2183 ὃ
3044 2131 3109 2200 γέ
3141 2149 3232 2202 μοι
3268 2134 3685 2203 καταφαίνεται.

2108 2220 2261 2272 Ἐστι
2286 2219 2394 2289 γάρ
2419 2219 2496 2290 τῷ
2517 2220 2628 2274 ὄντι
2656 2220 2936 2291 φιλοσοφία
2965 2209 3215 2293 μέγιστον
3246 2226 3457 2297 κτῆμα,
3487 2226 3580 2281 καὶ
3607 2245 3686 2280 τι-

2108 2310 2377 2381 μιώτατον
2414 2311 2567 2383 Θεῷ,
2605 2305 2649 2379 ᾧ
2674 2329 2731 2366 τε
2766 2312 2873 2383 (60)
2924 2317 3190 2386 προσάγει
3231 2318 3327 2371 καὶ
3378 2319 3686 2388 συνίστησιν

2104 2404 2251 2474 ἡμᾶς
2432 2421 2443 2434 ·
2469 2404 2563 2459 καὶ
2592 2406 2726 2458 ὅσιοι
2758 2405 2833 2467 ώς
2853 2404 3064 2475 άληθῶς
3092 2403 3236 2460 οὗτοί
3267 2409 3429 2470 εἰσιν,
3468 2408 3516 2460 οἱ
3536 2408 3688 2476 φιλο-

2108 2497 2268 2567 σοφία
2294 2495 2384 2549 τὸν
2412 2497 2534 2549 νοῦν
2574 2498 3029 2569 προσεσχηκότες.
3061 2499 3125 2550 Τί
3161 2517 3291 2553 ποτε
3319 2500 3377 2552 δέ
3409 2501 3523 2552 ἐστι
3545 2500 3689 2569 φιλο-

2107 2588 2287 2659 σοφία,
2311 2590 2402 2642 καὶ
2422 2584 2483 2643 οὗ
2509 2592 2666 2661 χάριν
2698 2592 3055 2663 κατεπέμφθη
3083 2594 3161 2655 είς
3186 2593 3313 2655 τοὺς
3338 2592 3683 2663 ἀνθρώπους,

2103 2682 2229 2745 τοὺς
2262 2682 2490 2746 πολλοὺς
2516 2682 2756 2753 λέληθεν.
2784 2685 2858 2737 Οὐ
2892 2684 3000 2755 γὰρ
3027 2684 3092 2737 ἂν
3127 2685 3468 2737 Πλατωνικοὶ
3497 2681 3637 2755 ἦσαν
3668 2726 3682 2746 ,

2104 2774 2224 2827 οὐδὲ
2266 2775 2516 2841 Στωϊκοὶ,
2566 2776 2685 2829 οὐδὲ
2729 2778 3181 2849 Περιπατητικοὶ,
3227 2778 3351 2831 οὐδὲ
3406 2777 3681 2849 Θεωρητι-

2108 2869 2192 2923 κο¹ι
2227 2868 2358 2939 (61),
2400 2870 2519 2924 οὐδὲ
2548 2870 2936 2941 Πυθαγορικοὶ,
2971 2873 3097 2941 μιᾶς
3136 2870 3304 2942 οὔσης
3339 2871 3687 2943 (62)οταὺττς

2106 2963 2435 3034 ἐπιστήμης.
2472 2958 2545 3017 Οὒ
2576 2963 2632 3016 δὲ
2675 2964 2831 3033 χάριν
2878 2963 3216 3034 πολύκρανος
3261 2962 3520 3033 ἐγενηθη,
3550 2961 3690 3015 θέλω

2106 3057 2297 3109 εἰπεῖν.
2338 3056 2541 3127 Συνέϐη
2582 3058 2693 3120 τοῖς
2728 3055 2969 3128 πρώτοις
3010 3056 3311 3126 ἁψαμένοις
3356 3056 3549 3124 αὐτῆς,
3595 3055 3689 3108 καὶ

2104 3149 2193 3203 διὰ
2221 3149 2376 3203 τοῦτο
2398 3149 2625 3216 ἐνδόξοις
2648 3151 2976 3220 γενομένοις,
3001 3148 3365 3219 ἀκολουθῆσαι
3388 3150 3511 3212 τοὺς
3540 3147 3691 3200 ἔπεια

2107 3259 2194 3305 τα,
2233 3242 2395 3313 μηδὲν
2424 3243 2780 3308 ἐξετάσαντας
2819 3243 3073 3312 ἀληθείας
3109 3242 3256 3313 πέρυ
3302 3240 3689 3309 καταπλαγέν-

2106 3353 2203 3401 τας
2239 3336 2295 3389 δὲ
2330 3337 2487 3407 μόνον
2524 3339 2618 3409 τὴν
2650 3338 2947 3410 καρτερίαν
2984 3338 3163 3391 αὐτῶν
3210 3338 3307 3391 καὶ
3350 3337 3451 3409 τὴν
3489 3338 3692 3408 ἐγκρά-

2106 3447 2256 3484 τειαν
2286 3432 2377 3485 καὶ
2414 3431 2473 3484 τὸ
2500 3431 2646 3498 ξένον
2679 3432 2784 3485 τῶν
2817 3432 3010 3499 λόγων,
3051 3430 3225 3486 ταῦτα
3258 3432 3437 3503 ἀληθῆ
3467 3431 3688 3485 νομίσαι

2108 3632 2299 3702 sephia
2329 3648 2393 3687 ea
2439 3642 2544 3697 est,
2568 3647 2688 3700 qua:
2729 3633 2781 3686 in
2815 3631 3253 3702 contemplandis
3290 3633 3459 3687 rebus
3500 3648 3688 3688 versa-

2110 3701 2218 3765 tur,
2254 3718 2352 3758 nec
2379 3704 2445 3756 ad
2475 3704 2741 3758 actionem
2785 3703 2998 3771 transit.
3040 3701 3177 3756 Hinc
3226 3701 3483 3756 Julianus
3512 3704 3689 3771 impe-

2109 3782 2260 3853 rator
2291 3788 2374 3828 or.
2408 3772 2547 3853 6,_p.
2585 3766 2928 3853 190.:95'rm
2969 3772 3162 3853 διμερῆ
3219 3773 3348 3853 ’τὴ-ν.
3373 3766 3691 3853 φιλοσοφίαν

2108 3843 2441 3912 νομίσαντες,
2472 3843 2658 3913 ὥσπερ
2685 3844 2713 3895 ὁ
2755 3842 3125 3914 Ἀριστοτέλης
3155 3844 3247 3914 καὶ
3282 3842 3532 3914 Πλάτων,
3559 3842 3693 3914 θεω-

2110 3915 2435 3997 ρηματικήν
2448 3931 2503 3966 τε
2521 3912 2981 3997 καῖπρακτικην·
3014 3912 3469 3997 αὑτοῦνσμνέντες
3503 3912 3691 3997 δηλον-

2107 3982 2190 4035 ὄτι
2207 3983 2311 4053 καὶ
2352 3982 2659 4052 νοήσαντες,
2690 3982 2769 4046 ώς
2789 3983 3155 4053 οἰκεῖόνὲστιν
3182 3982 3477 4053 ἄνθρωπος
3502 3982 3687 4050 φύσει,

2110 4051 2307 4125 πράξει
2351 4052 2444 4105 καὶ
2506 4055 2801 4125 ἐπιστήμῃ.
2846 4051 3297 4125 {Philosophiam
3351 4051 3595 4125 (Eynici)
3632 4054 3690 4106 in

2110 4120 2245 4193 ditas
2279 4131 2461 4192 partes
2499 4120 2781 4183 dividunt,
2804 4122 2878 4175 uti
2916 4122 3241 4193 Aristoteles
3271 4131 3326 4175 et
3352 4120 3538 4193 Plato,
3566 4137 3691 4193 spe-

2110 4191 2402 4245 ettl'ativam
2454 4204 2507 4246 et
2555 4194 2885 4259 practicam;
2915 4191 2966 4243 in
2999 4207 3108 4259 quo
3145 4202 3291 4245 recte
3329 4191 3462 4244 illud
3496 4192 3688 4246 viden-

2110 4268 2200 4313 tur
2237 4262 2705 4325 animadvertisse,
2729 4261 3001 4315 hominem
3039 4271 3230 4314 natura
3268 4262 3336 4313 ad
3400 4261 3688 4316 scientiam

2111 4339 2167 4383 et
2198 4333 2468 4385 actionem
2504 4346 2621 4386 esse
2646 4343 3041 4399 comparatum.
3070 4350 3091 4383 ι
3113 4331 3353 4385 lsidorus
3378 4330 3691 4397 Pelusiota,

2110 4399 2208 4454 lib.
2240 4416 2302 4464 ιι,
2333 4401 2495 4470 epist.
2526 4401 2655 4462 20],
2683 4411 2793 4454 tres
2824 4400 3177 4468 philosophia:
3226 4403 3450 4468 species
3484 4402 3687 4457 distin-

2110 4472 2245 4539 guit.
2289 4486 2520 4540 quarum
2572 4470 2824 4539 primam,
2873 4484 2993 4538 quas
3042 4473 3094 4524 in
3142 4474 3364 4528 actione
3416 4484 3689 4540 versatur,

508 4541 620 4612 (58)
660 4534 773 4612 Kal
815 4536 909 4612 σέ.
937 4534 1058 4612 _Sic
1091 4535 1217 4612 cod.
1260 4534 1497 4612 Claram.
1536 4536 1677 4612 Editi
1712 4535 1917 4612 habent
1949 4534 2006 4600 ἐς
2041 4545 2083 4599 D
2110 4534 2277 4612 veluti
2306 4534 2766 4612 "fundamentum
2800 4534 2920 4593 esse
2948 4543 3160 4605 statuit;
3188 4542 3376 4599 aliam.
3406 4558 3576 4610 quam
3609 4534 3688 4596 Ιοσῖ

436 4605 688 4680 ἔμπαλιν.
727 4608 839 4680 Pro
865 4606 950 4660 ἐπ’
985 4606 1271 4676 legendum
1304 4606 1522 4662 videtur
1565 4606 1677 4673 ἔτι,
1722 4616 1782 4660 ιιι
1816 4605 1999 4659 adnio-

438 4690 559 4752 nuit
587 4679 929 4752 Sylburgius:

510 4745 864 4824 (59)?”A13Im
889 4745 960 4824 δέ
988 4764 1163 4824 τινες.
1200 4747 1495 4824 Nonnullos
1519 4758 1671 4804 notat
1694 4746 2003 4801 Platonicos

438 4823 504 4878 de
520 4818 730 4889 quibus
756 4819 994 4889 loquitur
1024 4818 1161 4889 it_il'ra
1199 4835 1347 4873 num.
1383 4819 1437 4872 5.

515 4880 626 4962 (60)
670 4880 889 4962 Θεῷ,
919 4903 1001 4962 τιςἷ
1044 4886 1198 4962 Legit
1220 4889 1543 4959 Sylburgius
1566 4886 1795 4962 Θεῷ-τε.
1834 4884 2002 4962 Paulo

438 4958 559 5031 post
588 4958 684 5031 pro
715 4961 850 5012 ὅσιοι
872 4958 1128 5031 ,Avidetur
1152 4958 1367 5030 Langus
1404 4958 1597 5030 legisse
1626 4959 1813 5021 ὄλϐιοι,
1839 4977 1856 5008 ι
1888 4958 2003 5031 feli-

439 5028 609 5099 ξοδδ
661 5032 753 5086 sed
807 5028 950 5081 nulla
1006 5044 1232 5096 prorsus
1278 5028 1504 5086 ratione.
1554 5031 1818 5099 Loquitur
1857 5028 2002 5099 enim

442 5098 689 5157 Justinus
721 5115 830 5155 nou
878 5101 945 5153 tle
980 5100 1321 5168 philosophia
1364 5098 1746 5159 ethnicorum.
1790 5100 1883 5153 sed
1937 5098 2004 5149 de

440 5168 755 5227 Christiana
786 5170 1030 5223 doctrina
1058 5212 1071 5233 ,
1108 5186 1269 5237 quam
1314 5171 1451 5225 infra
1496 5188 1644 5225 nnm.
1673 5170 1727 5230 8.
1762 5170 2003 5223 declarat

441 5244 616 5297 solam
646 5258 765 5297 esse
809 5250 1015 5295 certam
1045 5251 1207 5308 atque
1242 5242 1426 5294 utilem
1460 5241 1878 5309 philosophiam,
1916 5252 2003 5292 se-

440 5328 549 5382 que
589 5322 719 5367 tunc
761 5313 974 5365 demum
1023 5310 1192 5364 fuisse
1222 5312 1602 5381 philosophum
1627 5352 1641 5375 ,
1675 5326 1799 5382 eum
1826 5310 2007 5382 rl'actus

441 5378 525 5438 est
543 5383 907 5437 Christianus.
928 5381 1155 5435 Thirlbii
1180 5396 1308 5450 ergo
1337 5378 1619 5449 legendum
1641 5378 2005 5449 conjicientis,

444 5454 600 5524 σοφοί
624 5493 639 5517 ,
678 5452 883 5505 inutilis
912 5452 1245 5524 conjectura.

516 5518 627 5595 (61)
656 5523 1021 5595 Θεωρητικοί.
1055 5520 1391 5595 l’bil_os0pbi,
1415 5536 1550 5589 quos
1566 5519 1810 5595 Justinus
1827 5518 2011 5595 Theo-

447 5590 649 5647 reticos
681 5590 933 5661 appellat,
986 5605 1093 5642 non
1140 5590 1309 5661 iidem
1359 5602 1506 5655 sunt,
1543 5608 1606 5645 ac
1654 5592 1915 5659 Sceptici,
1954 5601 2012 5644 ut

448 5660 787 5716 existimavit
837 5662 1073 5727 Langus,
1108 5660 1220 5713 sive
1261 5661 1575 5731 Pyrrhonii,
1603 5662 1694 5730 qui
1729 5663 2009 5729 quaerendi

450 5742 507 5784 et
552 5732 910 5800 investigandi
962 5732 1125 5783 tinent
1180 5746 1284 5785 non
1348 5731 1639 5794 faciebant,
1704 5746 1826 5783 cum
1877 5731 2011 5786 nihil

453 5816 678 5868 prorsus
712 5804 978 5855 allii-mare
1010 5802 1295 5855 auderent.
1354 5800 1459 5855 Sed
1506 5801 1800 5858 theoretica
1834 5800 2011 5869 philo-

2106 4611 2283 4678 gicam
2317 4611 2579 4679 appellat,
2608 4609 2771 4663 veluti
2805 4622 3209 4675 ornamentum;
3246 4609 3470 4665 tertiam
3526 4615 3687 4667 theo-

2103 4682 2352 4744 reticnm,
2378 4683 2493 4735 sive
2528 4680 2947 4748 speculativatu,
2977 4680 3140 4733 veluti
3177 4680 3464 4750 fastigium
3504 4692 3565 4735 et
3598 4699 3689 4737 co-

2103 4751 2370 4804 ronidem.
2396 4750 2512 4805 Non
2546 4752 2654 4803 alio
2687 4764 2846 4804 sensu
2871 4750 3090 4803 videtur
3122 4753 3263 4804 hanc
3289 4766 3482 4806 vocem
3523 4767 3689 4805 usur-

2100 4832 2231 4886 pare
2258 4820 2527 4885 Justinus,
2553 4837 2655 4875 nec
2695 4821 2969 4873 immerito
2996 4818 3360 4875 Theoreticos
3394 4839 3517 4875 cum
3562 4823 3691 4876 aliis

2103 4891 2267 4944 sectis
2311 4892 2571 4955 exagitat,
2602 4904 2724 4944 cum
2762 4904 2889 4943 vera
2939 4889 3280 4959 phil050phia
3342 4908 3451 4945 non
3503 4893 3689 4945 minus

2105 4961 2366 5028 prtcclare
2388 4960 2568 5026 factis,
2595 4974 2757 5015 uuam
2788 4975 2972 5028 rerum
3003 4962 3453 5015 consideratione
3488 4963 3691 5017 debeat

2105 5023 2495 5085 commendari.
2520 5023 2584 5069 -έ-
2611 5028 2693 5084 Cl'.
2723 5030 2856 5083 Gell.
2897 5023 3057 5083 Νοει.
3085 5027 3219 5090 Au.,
3248 5043 3323 5093 χι,
3355 5032 3409 5086 5.

2178 5100 2287 5172 (62)
2321 5098 2474 5166 Μιᾶς
2517 5099 3009 5172 οὔσης.ν.1ιι]ἰίιιιιιε
3065 5099 3369 5172 imperator
3417 5101 3471 5172 in
3525 5114 3684 5157 sexta

2107 5166 2382 5244 oratione,
2430 5186 2484 5244 p.
2534 5171 2655 5244 lS-i,
2702 5166 3360 5244 sie_loqttitur_:Mnoat;
3404 5166 3499 5224 οὖν
3553 5175 3687 5244 ημῖν

2107 5242 2203 5312 τὴν
2238 5241 2553 5310 φιλοσοφίαν
2584 5242 2662 5312 είς
2696 5238 2863 5312 πολλὰ
2884 5238 3189 5312 διῳρείτω,
3228 5238 3366 5312 μηδὲ
3400 5246 3479 5305 είς
3512 5238 3685 5303 πολλά

2105 5308 2370 5381 τεμνέτω
2394 5308 2591 5381 μᾶλλον
2615 5310 2670 5363 δὲ
2711 5310 2784 5380 μὴ
2814 5308 3020 5381 πολλὰς
3041 5312 3103 5361 ὲκ
3126 5308 3253 5381 μιᾶς
3287 5308 3532 5364 ποιείτω.
3558 5314 3685 5364 Ὠς-

2110 5379 2215 5453 περ
2241 5383 2350 5453 γάρ
2386 5379 2614 5454 ἀλήθεια
2646 5379 2948 5454 μία,ίοῦτῳμ
2980 5379 3036 5454 δε
3068 5380 3158 5454 κα).
3186 5382 3496 5449 φιλοσοφία.
3543 5401 3565 5432 ι
3591 5386 3687 5435 l\e-

2115 5450 2202 5507 luo
2230 5450 2359 5520 ergo
2393 5450 2793 5520 philosophiam
2830 5451 2985 5502 nobis
3015 5450 3065 5501 in
3100 5452 3281 5518 plures
3328 5464 3513 5520 partes
3547 5454 3687 5505 divi-

2113 5525 2226 5586 dat,
2255 5523 2337 5574 vel
2371 5523 2550 5590 potius
2577 5523 2759 5591 plures
2796 5536 2862 5576 ex
2902 5535 3005 5591 una
3041 5520 3223 5591 iaciat.
3261 5520 3331 5575 Ut
3359 5524 3503 5576 enim
3546 5523 3687 5577 veri-

2117 5603 2199 5647 tas
2229 5608 2333 5646 una
2352 5602 2458 5655 est,
2486 5593 2559 5645 ita
2578 5590 2634 5645 et
2661 5590 3024 5659 philosophia.
3052 5607 3070 5642 ι
3110 5590 3389 5646 Hactenus
3421 5595 3685 5661 pra-clare

2114 5661 2391 5742 Julianus;
2427 5663 2519 5716 sed
2565 5662 2723 5742 ineo
2769 5664 2998 5742 turpiter
3040 5661 3266 5726 labitur,
3305 5665 3454 5742 quod
3501 5663 3687 5742 plures

2115 5736 2256 5794 vias,
2301 5734 2352 5786 id
2391 5741 2494 5797 est,
2534 5733 2683 5785 varia
2724 5733 3066 5785 ethnicarum
3102 5734 3570 5797 superstitionum
3605 5735 3687 5787 iu-

2120 5807 2305 5860 stituta
2341 5806 2408 5859 ad
2451 5804 2589 5858 hanc
2623 5804 2907 5859 veritatem
2933 5803 3129 5856 ducere
3160 5804 3465 5859 existimet.
