3770 6506
100 381 206 436 ιττ

1120 371 1467 431 DIALOGUS
1503 372 1648 430 CUM
1686 368 2064 427 TRYPIlONE
2100 366 2371 425 JUDEO.

3282 366 3386 422 ΠΒ

99 497 134 550 ἃ
167 494 323 568 παρὰ
356 490 454 548 τοῦ
494 491 814 548 διδασκάλου
869 488 1101 554 ἕκαστος
1148 488 1385 561 ἔμαθεν·
1425 482 1548 542 εἶτα
1595 505 1651 542 κε

1822 486 2060 542 tentiam
2084 493 2138 542 et
2169 480 2595 546 continentiam,
2624 488 2682 536 et
2711 459 2916 538 novum
2942 495 3260 538 sermonum
3289 497 3387 553 ge-

97 587 322 652 αὐτοὺς,
368 588 482 651 τοῖς
519 585 716 638 ἔπειτα
757 581 1104 656 παραδόντας
1152 579 1381 635 τοιαῦτα
1421 579 1563 634 ἄττα
1597 577 1692 632 καὶ

96 680 236 733 ἄλλα
273 677 486 742 τούτοις
529 677 908 750 προσεοικότα,
942 674 1105 728 τοῦτο
1149 673 1415 745 κληθῆναι
1455 670 1694 742 τοῦνομα

94 774 238 842 ὅπερ
271 769 528 826 ἐκαλεῖτο
549 769 578 822 ὁ
613 767 801 841 πατὴρ
825 767 918 821 τοῦ
953 767 1133 836 λόγου.
1175 763 1318 834 Ἐγὼ
1338 782 1420 830 τε,
1442 764 1565 819 κατ’
1588 766 1692 835 ἀρ-

97 865 200 933 χὰς
250 862 398 916 οὕτω
436 861 620 916 ποθῶν
656 861 749 915 καὶ
792 859 956 924 αὐτὸς
1002 858 1300 930 συμϐαλεῖν
1333 856 1538 910 τούτων
1589 855 1690 923 ἐνὶ,

95 954 354 1008 ἐπέδωκα
382 953 622 1024 ἐμαυτὸν
649 951 874 1023 Στωϊκῷ
897 952 1002 1006 τινί
1021 969 1034 982 ο
1062 951 1158 1006 καὶ
1190 951 1479 1022 διατρίψας
1507 949 1694 1006 ἱκανὸν

98 1046 219 1116 μετ’
245 1044 417 1098 αὐτοῦ
449 1045 663 1116 χρόνον,
695 1044 818 1101 ἐπεὶ
847 1044 1002 1098 οὐδὲν
1025 1042 1184 1096 πλέον
1204 1042 1414 1112 ἐγίνετό
1439 1059 1529 1112 μοι
1563 1042 1692 1114 περὶ

93 1136 231 1190 Θεοῦ
288 1136 433 1208 (οὺδέ
487 1137 597 1208 γὰρ
649 1136 812 1202 αὐτὸς
862 1135 1166 1206 ἠπίστατο,
1214 1134 1338 1188 οὐδὲ
1383 1134 1692 1202 ἀναγκαίαν

91 1231 250 1299 ἔλεγε
299 1231 512 1308 ταύτην
557 1228 695 1285 εἶναι
723 1231 821 1302 τὴν
847 1230 1139 1303 μάθησιν),
1171 1230 1364 1284 τούτου
1395 1229 1494 1301 μὲν
1523 1228 1695 1300 ἀπηλ-

89 1324 288 1395 λάγην,
307 1325 398 1377 ἐπ’
427 1324 584 1378 ἄλλον
611 1324 667 1378 δὲ
687 1319 820 1396 ἦκα,
854 1323 1298 1396 Περιπατητικὸν
1330 1321 1688 1392 καλούμενον,

84 1417 317 1488 δριμὺν,
349 1417 427 1481 ὡς
469 1415 625 1488 ᾤετο.
668 1416 780 1470 Καί
831 1433 932 1487 μου
970 1415 1338 1486 ἀνασχόμενος
1382 1410 1537 1479 οὗτος
1592 1413 1690 1478 τὰς

84 1507 324 1578 πρόπας
360 1509 595 1581 ἡμέρας,
630 1507 785 1577 ἠξίου
820 1525 888 1580 με
919 1507 1113 1560 ἔπειτα
1161 1506 1349 1578 μισθὸν
1381 1505 1584 1578 ὁρίσαι,
1615 1505 1690 1570 ὡς

83 1600 160 1669 μὴ
195 1599 493 1671 ἀνωφελὴς
527 1601 560 1670 ἡ
611 1598 864 1652 συνουσία
904 1597 1148 1668 γίγνοιτο
1195 1600 1345 1668 ἡμῖν.
1388 1597 1498 1650 Καὶ
1530 1596 1691 1650 αὑτὸν

78 1691 196 1758 ἐγὼ
245 1691 342 1745 διὰ
377 1690 585 1762 ταύτην
625 1691 725 1763 τὴν
765 1689 945 1746 αἰτίαν
975 1689 1287 1754 κατέλιπον,
1319 1689 1452 1760 μηδέ
1480 1688 1694 1757 φιλόσο-

77 1800 184 1851 ςον
221 1781 440 1853 οἰηθεὶς
478 1781 637 1846 ὅλως.
671 1781 782 1851 Τῆς
810 1779 867 1833 δέ
893 1778 1072 1850 ψυχῆς
1105 1777 1189 1831 ἔτι
1217 1795 1319 1858 μου
1353 1774 1690 1848 σπαργώσης

75 1851 327 1927 ἀκοῦσαι
361 1873 421 1926 τὸ
477 1873 607 1926 ἴδιον
659 1872 752 1926 καὶ
799 1871 860 1925 τὸ
893 1871 1174 1942 ἐξαίρετον
1347 1868 1688 1939 φιλοσοφίας,
1721 1851 1764 1906 Β

75 1967 406 2037 προσῆλθον
455 1964 828 2037 εὐδοκιμοῦντι
864 1963 1101 2036 μάλιστα
1135 1961 1510 2038 Ιῃραγορείῳ,
1535 1958 1690 2030 ἀνδρὶ

77 2058 222 2111 πολὺ
255 2058 356 2110 ἐπὶ
389 2060 456 2128 τῇ
493 2057 655 2128 σοφία
697 2054 1002 2127 φρονοῦντι.
1049 2039 1434 2116 Κᾶπειτα,ἰῖ›ς
1518 2052 1688 2109 διελέ-

77 2148 223 2220 χθην
238 2151 419 2221 αὐτῷ,
443 2149 766 2220 βουλόμενος
813 2146 1092 2221 ἀκροατὴς
1141 2146 1308 2201 αὑτοῦ
1359 2144 1454 2199 καὶ
1498 2159 1690 2197 συνου-

78 2243 318 2315 σιαστὴς
349 2243 624 2312 γενέσθαι,
655 2243 750 2295 «Τί
772 2241 882 2307 δαὶ,
913 2241 1224 2312 ὡμίλησας,
1267 2238 1394 2310 ἔφη,
1423 2238 1680 2309 μουσικῇ,

78 2337 175 2389 καὶ
226 2336 588 2408 ἀστρονομίᾳ,
625 2335 719 2390 καὶ
753 2334 1100 2406 γεωμετρίᾳ;
1137 2333 1208 2386 Ἢ
1241 2334 1427 2404 ,δοκεῖς
1465 2329 1694 2399 κατόψε-

79 2429 277 2483 σθαίτι
294 2428 406 2482 τῶν
429 2430 507 2492 εἰς
526 2427 874 2498 εὐδαιμονίαν
897 2425 1312 2489 συντελούντων,
1333 2425 1381 2477 εί
1411 2422 1486 2495 μὴ
1513 2421 1688 2476 ταῦτα

80 2521 308 2593 πρῶτον
362 2519 690 2592 διδαχθείης,
728 2519 764 2574 ἃ
794 2519 894 2592 τὴν
937 2518 1113 2591 ψυχὴν
1143 2518 1250 2572 ἀπὸ
1275 2516 1382 2570 τῶν
1411 2514 1688 2589 αἰσθητῶν

83 2615 449 2686 περισπάσει,
494 2614 587 2668 κα)⁸
632 2616 744 2677 τοῖς
781 2615 994 2684 νοητοῖς
1050 2609 1221 2683 αὐτὴν
1271 2609 1686 2681 παρασκευάσει

80 2703 390 2775 xmaipr‘v,
420 2703 562 2756 ὥστε
601 2701 732 2756 αὐτὸ
766 2694 1008 2756 κατιδεῖν
1048 2701 1108 2754 τὸ
1144 2699 1328 2764 καλὸν,
1361 2699 1454 2753 καὶ
1493 2697 1626 2752 αὐτὸ
1657 2698 1686 2751 ὅ

81 2797 234 2849 ἐστιν
266 2795 510 2864 ἁγαϐόνς
539 2815 558 2846 ι
581 2795 757 2850 Πολλά
784 2812 842 2848 τε
874 2795 1166 2859 ἐπαινέσας
1201 2792 1373 2847 ταῦτα
1404 2792 1474 2846 τὰ
1505 2790 1684 2863 μαθή-

83 2905 257 2958 ματα,
299 2890 393 2942 καὶ
432 2889 707 2958 ἀναγκαῖα
739 2886 930 2952 εἰπὼν,
964 2887 1258 2958 ἀπέπεμπε
1294 2903 1383 2957 με,
1421 2885 1544 2938 ἐπεὶ
1589 2884 1686 2937 αὑ-

80 2982 158 3052 τῷ
208 2982 544 3054 ὡμολόγησα
590 2981 665 3054 μὴ
707 2982 925 3034 εἰδέναι.
973 2981 1331 3052 Ἐδυσιρὸρουν
1356 2975 1469 3042 οὖν,
1509 2978 1586 3043 ὼς
1623 2977 1684 3031 τὸ

80 3075 253 3139 εἰκὸς,
291 3072 586 3145 ἀποτυχὼν
616 3073 716 3144 τῆς
745 3073 979 3138 ἐλπίδος,
1011 3073 1105 3127 καὶ
1144 3072 1343 3144 μᾶλλον
1457 3071 1682 3125 ἐπίστα-

86 3164 218 3218 σθαί
247 3182 303 3218 τι
330 3164 493 3217 αὑτὸν
521 3163 727 3236 ᾠόμην.
760 3163 929 3216 Πάλιν
957 3180 1016 3216 τε
1047 3161 1344 3235 τὸνχρὸνον
1372 3160 1591 3215 σκοπῶν
1608 3162 1668 3216 ὃν

80 3255 317 3326 ἔμελλον
374 3253 650 3324 ἐκτρίϐειν
695 3253 824 3326 περὶ
881 3255 1065 3308 ἐκεῖνα
1103 3253 1171 3308 τὰ
1221 3252 1545 3324 μαθήματα,
1579 3254 1682 3308 οὐκ

79 3347 392 3421 ἠνειχόμην
437 3349 516 3412 εἰς
553 3345 774 3418 μακρὰν
808 3346 1227 3417 ἀποτιθέμενος.
1280 3347 1368 3398 Ἐν
1405 3346 1688 3419 ἀμηχανίᾳ⁵

77 3439 135 3491 δέ
167 3457 272 3510 μου
317 3437 494 3502 ὄντος,
528 3436 672 3502 ἕδοξὲ
705 3453 795 3508 μοι
831 3437 923 3491 καὶ
972 3441 1086 3502 τοῖς
1134 3437 1501 3503 Πλατωνικοῖς
1530 3440 1687 3492 ἐντυ-

78 3535 195 3602 χεῖν
214 3549 228 3562 ο
266 3533 406 3586 πολὺ
437 3532 547 3604 γὰρ
583 3533 674 3585 καὶ
697 3531 902 3586 τούτων
933 3527 1001 3604 ἦν
1035 3532 1186 3596 κλέος
1205 3550 1219 3564 ·
1263 3533 1355 3590 καὶ
1382 3533 1447 3606 δὴ
1489 3533 1687 3588 νεωστὶ

78 3625 496 3696 ἐπιδημήσαντι
534 3627 600 3696 τῇ
645 3625 894 3696 ἡμετέρᾳ.
939 3624 1090 3677 πόλει
1127 3625 1334 3696 συνετῷ
1365 3624 1539 3700 ἀνδρὶ,
1594 3627 1688 3679 καὶ

79 3716 383 3788 προῦχοντι
432 3717 489 3768 ἐν
524 3718 638 3780 τοῖς
675 3715 1074 3797 ξιμλαξιρνικοίς,
1112 3716 1480 3788 ωνδιέτριὸον
1511 3716 1586 3781 ὠς
1616 3717 1685 3771 τὰ

82 3810 347 3879 μάλιστα,
379 3809 472 3864 καὶ
495 3810 853 3881 προέκοπτον,
885 3809 977 3867 καὶ
1005 3808 1255 3862 πλεῖστον
1283 3809 1408 3862 ὅσον
1441 3809 1681 3881 ἑκάστης

78 3903 305 3974 ἡμέρας
355 3901 648 3956 ἐπεδίδουν.
703 3903 812 3956 Καί
857 3920 922 3973 με
957 3903 1080 3974 ᾕρει
1109 3903 1218 3972 (65)
1247 3903 1451 3975 σφόδρα
1497 3904 1530 3975 ἡ
1573 3903 1680 3957 τῶν

80 3995 402 4066 ἀσωμάτων
429 3996 632 4067 νόησις,
659 3996 822 4076 καὶκὴ
847 3993 1052 4068 ρεῳρία
1098 3994 1207 4047 τῶν
1241 3993 1407 4072 ’ᾣεῷν
1450 3995 1682 4055 ἀνεπτέ-

81 4103 177 4157 ρου
208 4084 326 4156 (65)
359 4103 450 4156 μοι
494 4085 591 4156 τὴν
635 4073 950 4158 φ.ρόνῆ’ἆῖ”
960 4073 1180 4155 61:73?”
1197 4073 1255 4141 τε
1301 4086 1452 4152 ἐντὸς
1481 4090 1676 4160 χρόνου

79 4183 242 4255 ᾤμην
301 4181 466 4252 σοφὸς
499 4183 800 4252 γεγονέναι,
853 4179 946 4236 καὶ
995 4181 1102 4236 ὑπὸ
1144 4181 1402 4252 βλακείας
1448 4182 1674 4256 ἤλπιζον

77 4273 286 4326 αὐτίκα
315 4273 646 4344 κατόψεσθαι
679 4273 769 4327 τὸν
801 4273 964 4326 Θεόν·
1025 4272 1182 4326 τοῦτο
1222 4274 1332 4349 γὰρ
1382 4274 1534 4340 τέλος
1569 4275 1672 4346 τῆς

80 4365 378 4430 Πλάτωνος
407 4364 726 4435 φιλοσοφίας
760 4363 894 4434 (65).

1795 593 1902 635 nus
1942 577 2222 642 admirati,
2258 591 2325 633 ea
2359 575 2653 632 crederent
2680 589 2834 640 vera,
2863 589 2987 646 qua:
3020 589 3051 628 a
3103 588 3204 630 suo
3239 574 3390 645 quis-

1793 686 1901 744 que
1940 672 2210 742 magistro
2251 669 2611 732 didicissent;
2641 677 2698 722 et
2732 683 2858 723 cum
2893 666 3087 723 eadem
3125 667 3228 738 ipsi
3263 667 3384 722 suis

1792 779 2012 836 quoque
2039 761 2460 820 successoribus
2491 769 2548 816 et
2568 758 2674 814 alia
2709 761 2958 830 quaedam
2982 757 3167 815 affinia
3200 760 3380 816 tradi-

1793 856 2026 920 dissent,
2061 869 2127 910 eo
2167 851 2390 908 nomine
2424 851 2870 922 designarentur,
2918 866 3027 920 quo
3074 851 3384 923 appellatus

1793 945 1989 1002 fuisset
2014 945 2284 1001 doctrinae
2325 953 2505 1013 pater.
2548 943 2662 1011 Ego
2697 956 2914 1013 quoque
2942 957 3066 997 cum
3097 943 3256 1000 initio
3283 958 3384 1000 cn-

1791 1055 1979 1112 perem
2022 1041 2219 1095 horum
2253 1037 2422 1093 alicui
2455 1037 2507 1091 in
2542 1050 2855 1091 sermonem
2886 1037 3094 1100 venire,
3131 1035 3260 1092 dedi
3296 1052 3386 1093 me

1791 1133 2011 1189 cuidam
2046 1131 2271 1197 Stoico;
2314 1131 2562 1199 satisque
2585 1145 2707 1185 cum
2737 1145 2804 1185 eo
2835 1139 3089 1186 versatus
3115 1131 3232 1200 diu,
3259 1146 3383 1188 cum

1793 1227 1966 1282 nihilo
2004 1227 2160 1296 plura
2194 1226 2397 1282 scirem
2431 1226 2501 1281 de
2534 1226 2646 1281 Deo
2681 1226 2830 1294 (nam
2867 1240 2970 1280 nec
3001 1225 3214 1281 sciebat
3240 1223 3381 1294 ipse,

1792 1333 1975 1390 neque
2023 1319 2171 1374 hanc
2203 1319 2491 1374 scientiam
2538 1318 2912 1374 necessariam
2951 1318 3198 1387 putabat)
3223 1317 3384 1372 abeo

1791 1413 2044 1475 discessi,
2081 1425 2253 1482 atque
2285 1413 2352 1466 ad
2377 1412 2544 1468 alium
2577 1428 2666 1470 me
2694 1411 2924 1476 contuli,
2957 1426 3124 1482 quem
3152 1410 3383 1481 Peripa-

1794 1505 2016 1561 teticum
2053 1506 2350 1569 vocabant.
2398 1505 2701 1569 hominem,
2749 1514 2807 1559 ut
2851 1504 2956 1559 sibi
2995 1503 3110 1574 ipse
3153 1501 3382 1558 videba-

1795 1608 1903 1663 tur,
1943 1609 2297 1667 peracutum.
2341 1598 2590 1668 Cumque
2625 1599 2672 1654 is
2702 1616 2787 1653 me
2822 1597 3014 1668 primis
3040 1597 3234 1654 diebus
3256 1612 3384 1668 per-

1795 1690 2034 1756 tulisset,
2060 1692 2276 1761 rogavit
2296 1702 2483 1762 postea
2511 1701 2572 1746 ut
2593 1693 2662 1746 de
2699 1690 2955 1746 mercede
2995 1691 3378 1759 transigerem,

1794 1795 1902 1849 quo
1938 1780 2222 1836 fructuosa
2287 1783 2448 1837 nobis
2495 1793 2644 1837 esset
2684 1781 2832 1836 inter
2870 1795 2973 1835 nos
3014 1781 3381 1836 consuetudo.

1794 1873 1907 1930 Hac
1938 1877 2055 1944 ipsa
2086 1875 2153 1929 de
2188 1891 2354 1930 causa
2397 1877 2624 1931 missum
2679 1876 2828 1930 illum
2879 1875 3007 1942 feci,
3041 1889 3110 1929 ne
3137 1875 3384 1947 philoso-

1793 1967 1959 2038 plmm
1985 1967 2206 2036 quidem
2239 1968 2466 2022 omnino
2493 1969 2818 2022 arbitratus.
2855 1968 2965 2024 Sed
3009 1983 3132 2023 cum
3166 1969 3385 2024 animus

1793 2059 1973 2114 adhuc
2014 2059 2197 2114 studio
2267 2059 2524 2131 ﬂagraret
2559 2060 2610 2114 id
2661 2060 2803 2128 quod
2846 2059 3211 2130 philosophiae
3263 2076 3387 2131 pro.

1792 2148 1968 2220 prium
2006 2159 2062 2202 et
2110 2148 2448 2220 praecipuum
2483 2158 2573 2204 est
2607 2150 2907 2217 audiendi;
2961 2149 3383 2205 celeberrimum

1790 2241 1898 2298 adii
1949 2239 2380 2312 Pythagoreum,
2432 2242 2713 2298 hominem
2779 2243 2850 2298 de
2894 2241 3166 2313 sapientia
3225 2242 3386 2298 valde

1790 2333 2146 2404 gloriantem.
2181 2332 2389 2389 Deinde
2428 2344 2487 2389 ut
2511 2335 2821 2393 collocutus
2861 2350 2981 2391 sum
3005 2350 3130 2391 cum
3165 2349 3254 2403 eo,
3285 2351 3384 2390 au-
3431 2373 3434 2376 ~

1789 2425 1934 2482 ditor
1965 2425 2114 2480 illius
2144 2433 2198 2480 et
2231 2424 2526 2484 familiaris
2558 2427 2678 2484 fieri
2709 2429 2940 2499 cupiens
2970 2443 2988 2486 :
3022 2427 3162 2495 Quid
3222 2443 3383 2500 ergo,

1788 2519 1969 2589 inquit
2011 2519 2123 2586 ille,
2160 2519 2356 2574 dedisti
2391 2534 2616 2590 operam
2663 2523 2915 2588 musicae,
2942 2523 3296 2578 astronomiae
3327 2531 3387 2578 et

1790 2611 2148 2682 geometriae?
2185 2613 2268 2666 An
2306 2621 2464 2682 putas
2517 2623 2938 2682 perspecturum
2989 2623 3042 2670 te
3081 2613 3383 2683 quidquam

1787 2717 2007 2769 eorum,
2049 2719 2170 2774 quae
2205 2704 2380 2760 beatae
2408 2705 2533 2760 vita:
2565 2706 2901 2770 conducunt,
2929 2704 3035 2760 nisi
3075 2705 3193 2761 inec
3227 2706 3387 2774 prius

1787 2794 2071 2861 didiceris,
2119 2811 2242 2866 qua:
2284 2796 2531 2851 animum
2569 2811 2600 2851 a
2642 2798 2814 2853 rebus
2858 2812 3084 2853 sensum
3125 2797 3388 2853 moventi-

1787 2887 1889 2943 bus
1922 2885 2246 2942 abstrahent
2278 2897 2334 2943 et
2379 2889 2448 2944 ad
2478 2904 2566 2955 ca,
2607 2905 2728 2960 qua:
2759 2899 2940 2945 mente
2972 2891 3384 2960 percipiuntur,

1786 2980 2045 3037 idoneum
2067 2979 2327 3047 elIlcient,
2362 2991 2419 3035 ut
2448 2983 2623 3052 ipsum
2665 2983 2956 3052 pulchrum
2995 2991 3052 3038 et
3079 2981 3260 3052 ipsum
3289 2983 3386 3036 bo-

1785 3087 1916 3126 num
1945 3071 2261 3128 intueatur?
2300 3072 2435 3127 Cum
2471 3073 2570 3128 bas
2607 3072 2926 3143 disciplinas
2963 3073 3222 3144 pluribus
3264 3073 3384 3128 lau-

1784 3165 1994 3230 dasset,
2028 3179 2093 3220 ac
2139 3165 2481 3221 necessarias
2513 3165 2898 3234 prmdicasset,
2981 3165 3194 3222 dimisit
3228 3181 3316 3222 me
3351 3181 3384 3220 a

1789 3273 1868 3324 se,
1905 3267 2200 3327 postquam
2252 3259 2302 3314 ei
2346 3260 2634 3314 confessus
2663 3274 2784 3312 sum
2816 3272 2906 3313 me
2939 3259 3177 3315 nescire.
3213 3258 3386 3314 Fere~

1789 3351 1914 3406 bam
1947 3350 2141 3421 igitur,
2168 3363 2227 3406 ut
2269 3367 2368 3422 par
2394 3361 2538 3416 erat,
2572 3351 2804 3407 moleste
2829 3351 2976 3420 quod
3018 3367 3114 3423 spe
3151 3351 3387 3406 excidis-

1783 3457 1942 3508 sent;
1973 3458 2152 3513 eoque
2200 3445 2376 3511 magis
2400 3443 2546 3514 quod
2587 3444 2719 3498 mihi
2761 3443 2972 3514 aliquid
2997 3443 3141 3499 scire
3167 3443 3385 3499 videre-

1785 3543 1895 3592 tur.
1932 3536 2146 3591 Rursns
2175 3552 2298 3590 cum
2335 3545 2554 3606 tempus
2595 3536 2728 3592 illud
2769 3535 3210 3600 considerarem,
3237 3536 3386 3605 quod

1792 3629 1923 3682 mihi
1953 3628 2007 3682 in
2035 3628 2120 3683 his
2151 3627 2452 3697 disciplinis
2479 3628 2875 3682 conterendum
2901 3635 3047 3692 erat,
3096 3642 3206 3680 non
3239 3625 3386 3682 fere-

1789 3719 1912 3774 bam
1955 3737 2042 3775 me
2093 3722 2148 3775 in
2192 3721 2416 3792 longum
2453 3731 2668 3790 tempus
2710 3720 2888 3790 rejici.
2915 3721 2973 3776 In
3025 3721 3133 3776 hac
3161 3719 3380 3775 consilii

1782 3801 1973 3883 "inOpia
2006 3813 2183 3867 visum
2235 3823 2319 3869 est
2372 3821 2430 3866 nt
2487 3814 2554 3866 ad
2590 3813 2909 3868 Platonicos
2946 3827 3032 3867 me
3062 3812 3382 3868 conferrem

1787 3905 1973 3975 (erant
2003 3907 2148 3960 enim
2185 3921 2382 3975 magno
2415 3905 2467 3959 in
2497 3905 2697 3975 pretio)
2737 3920 2802 3959 ac
2825 3920 2949 3960 cum
2980 3905 3102 3960 viro
3127 3905 3384 3974 quodam

1783 3999 2060 4070 prudenti,
2076 3998 2166 4068 qui
2188 3996 2448 4052 recensin
2465 3997 2656 4052 urbem
2687 4005 2932 4052 nostram
2957 3996 3279 4064 advenerat,
3299 4003 3388 4052 at-

1783 4105 1889 4161 que
1911 4093 2052 4146 inter
2072 4089 2378 4144 Platonicos
2405 4088 2736 4155 excellebat,
2769 4088 3062 4160 plurimum
3095 4089 3378 4150 versabar,

1782 4181 2310 4254 proficiebamqneet
2325 4182 2569 4252 quotidie
2593 4181 2727 4236 mihi
2748 4196 2911 4250 quam
2931 4180 3183 4236 maximae
3202 4195 3384 4236 acceS‘

1781 4277 1967 4332 siones
2004 4275 2230 4332 fiebant.
2269 4275 2546 4330 Elfercbat
2594 4290 2680 4330 me
2727 4275 3080 4330 vehementer
3127 4275 3381 4343 incorpo-

1784 4381 2009 4422 rearum
2052 4381 2236 4420 rerum
2265 4365 2655 4436 intelligentia,
2682 4380 2749 4418 ac
2774 4378 2906 4418 mea:
2931 4363 3102 4417 menti
3139 4361 3257 4416 alas
3279 4361 3376 4416 ad-

83 4461 253 4514 debat
288 4460 536 4514 idearum
560 4457 980 4529 contemplatio;
1005 4458 1334 4528 sapiensque
1359 4457 1520 4531 105.
1542 4459 1676 4514 mihi
1719 4458 1943 4514 videbat
1983 4459 2125 4515 intra
2161 4459 2327 4512 breve
2361 4466 2578 4526 tempus
2638 4457 2908 4521 evasisse,
2941 4470 3006 4510 ac
3039 4469 3154 4526 pra:
3209 4453 3368 4508 stoli-

82 4557 259 4606 ditnle
293 4551 347 4604 in
396 4567 547 4620 spem
585 4565 843 4606 veneram
876 4551 1094 4604 videndi
1127 4551 1378 4619 protinus
1425 4550 1544 4603 Dei.
1573 4549 1672 4604 Hic
1704 4552 1854 4606 enim
1888 4550 2015 4605 linis
2044 4559 2133 4604 est
2156 4548 2402 4604 Platonis
2430 4548 2810 4618 philosophiae.

150 4646 206 4700 5.
245 4643 358 4703 Καί
396 4661 496 4714 μου
544 4641 717 4708 οὕτως
769 4628 1139 4714 διακείμενοι),
1173 4643 1298 4698 ἐπεὶ
1343 4640 1493 4708 ἕδοξὲ
1547 4659 1650 4696 ποτ

1855 4644 1913 4699 5.
1951 4643 2154 4698 Justini
2185 4641 2481 4697 conversio.
2523 4640 2694 4696 Senex
2736 4639 2951 4710 quidam
2976 4636 3028 4693 ei
3054 4639 3377 4693 demonstrat

81 4739 287 4808 πολλῆς
338 4737 579 4808 ἠρεμίας
618 4736 1017 4808 ἐμφορηθῆναι,
1063 4736 1157 4789 καὶ
1200 4734 1289 4788 τὸν
1319 4733 1426 4787 τῶν
1473 4733 1685 4806 ἀνθρώ-

84 4849 202 4884 πων
234 4828 347 4901 (66)
382 4829 619 4883 ἁλεεῖναι
660 4830 848 4892 πάτον,
884 4829 1229 4900 ἐπορευόμην
1278 4831 1357 4893 είς
1392 4827 1445 4882 τὶ
1486 4829 1686 4900 χωρίον

83 4920 143 4972 οὐ
206 4919 433 4991 μακρὰν
492 4919 787 4990 θαλάσσης.
844 4919 1081 4990 Πλησίον
1133 4919 1191 4978 δέ
1237 4937 1338 4992 μου
1387 4920 1682 4991 γενομένου

80 5011 295 5064 ἐκείνου
346 5009 441 5064 τοῦ
492 5011 679 5076 τόπου,
727 5011 857 5066 ἔνθα
909 5011 1132 5083 ἔμελλον
1173 5013 1504 5084 ἀφικόμενος
1545 5015 1684 5087 πρὸς

156 5171 275 5254 (ϐξ)
296 5168 428 5251 Καί
453 5188 529 5254 με
560 5173 807 5254 ﬁpeuhltl
849 5189 950 5254 pro
982 5173 1507 5254 ﬂptexs,‘p_l_acebnl,
1538 5175 1681 5243 posi-

73 5242 188 5298 tum
233 5242 409 5316 fuisse
442 5243 702 5316 observat
727 5242 1058 5316 Stephanus.
1089 5248 1160 5298 At
1192 5242 1677 5315 Sylbnrgins’pro-

75 5321 166 5368 hat
205 5313 563 5386 retinendum
600 5313 1006 5386 ῇρειεχέἰιιιίΙί
1043 5313 1296 5386 loquendi
1329 5313 1676 5386 ratio‘nesub

73 5388 254 5456 tinem
280 5382 556 5456 orationis
587 5380 837 5440 adversus
868 5380 1306 5448 στωωβίτῶτᾶ
1337 5402 1404 5456 με
1432 5380 1572 5446 εἷλε,

149 5453 264 5524 (64)
316 5453 666 5526 Ἀνεπτέρου
713 5473 810 5524 μοι
843 5473 894 5510 τ.
927 5457 1243 5526 φρόνησιν.
1281 5453 1526 5512 Narrans
1551 5471 1677 5526 pro-

67 5540 306 5587 gressus
333 5538 467 5578 suos
504 5524 560 5578 in
600 5524 954 5594 philosophia:
998 5525 1294 5580 Platonica:
1315 5527 1521 5591 studio,
1553 5524 1670 5582 cle-

66 5611 172 5718 fimi
191 5604 280 5649 ter
344 5595 521 5655 utitur
564 5595 668 5650 hac
709 5599 895 5666 phrasi
937 5596 1242 5654 Platonicis
1285 5597 1670 5653 usitatissitna.

111 5680 399 5718 rImLBIUS.

146 5735 292 5862 (65a.
310 5737 494 5820 Τοῦτο
519 5737 629 5807 γὰρ
661 5754 712 5793 τ.
736 5754 787 5816 τ.
813 5741 922 5820 ῃλ.
949 5742 1078 5808 φιλ.
1103 5738 1288 5806 Quare
1316 5737 1532 5820 caneris
1555 5738 1674 5806 phi-

146 5824 233 5862 ςοο
281 5823 468 5862 ts.ant
499 5809 660 5862 linem
699 5809 827 5862 alibi
860 5812 1153 5862 uonchant.
1181 5810 1493 5862 Platonicos
1527 5823 1670 5862 ora:-

74 5807 353 5876 loophis,
373 5809 468 5877 qni
499 5809 660 5862 linem
699 5809 827 5864 alibi
860 5807 1153 5877 ponebant,
1181 5809 1493 5864 Platonicos
1527 5823 1670 5876 pra:-

79 5884 180 5934 l‘ert
201 5879 550 5950 Augustinus
578 5879 654 5936 De
678 5879 774 5935 civ.
819 5879 938 5943 Dei,
965 5895 1085 5948 vni,
1116 5881 1148 5936 8
1176 5900 1189 5936 :
1224 5899 1243 5934 ι
1267 5881 1476 5938 Cedant
1504 5880 1669 5951 igitur

1789 4755 1950 4810 quam
2005 4739 2187 4793 inanis
2247 4741 2316 4793 sit
2373 4739 2596 4792 scientia
2651 4734 3104 4805 philosophorum.
3161 4762 3232 4773 —
3285 4733 3380 4788 Sic

1792 4828 2024 4885 allectus
2067 4846 2191 4886 cum
2223 4829 2418 4884 vellem
2451 4829 2751 4900 aliquando
2797 4827 3026 4897 plurima
3077 4824 3379 4881 solitudine

1791 4923 2032 4977 animum
2081 4922 2322 4992 explere,
2365 4932 2530 4991 atque
2563 4921 2846 4976 hominum
2888 4919 3118 4987 vestigia
3147 4919 3375 4986 ,vitare,

1790 5015 2070 5086 profectus
2097 5030 2217 5071 sum
2257 5016 2309 5070 in
2353 5031 2542 5087 agrum
2567 5013 2862 5085 quemdam
2899 5028 3006 5068 non
3041 5021 3311 5068 remotum
3344 5031 3374 5067 a

1787 5177 1838 5232 hi
1867 5191 2062 5235 omnes
2097 5175 2206 5230 illis
2233 5173 2574 5245 philosophis
2607 5173 2700 5243 qui
2727 5187 2846 5245 non,
2870 5172 3129 5228 dixerunt
3154 5171 3374 5245 beatum

1785 5248 2063 5313 hominem
2103 5243 2375 5300 fruentem
2419 5259 2658 5314 corpore
2704 5243 2786 5298 vel
2825 5244 3116 5314 fruentem
3153 5243 3367 5304 animo,

1783 5312 1890 5374 sed
1904 5316 2173 5372 fruentem
2195 5318 2340 5371 Deo:
2370 5332 2476 5370 non
2503 5312 2646 5370 sicut
2668 5329 2902 5384 corpore
2925 5314 3009 5368 vel
3043 5312 3224 5384 seipso
3248 5314 3372 5365 ani-

1787 5403 1930 5451 mus,
1963 5397 2057 5440 aut
2091 5388 2233 5442 sicut
2265 5386 2446 5441 amico
2485 5388 2720 5451 anticus,
2764 5382 2859 5439 sed
2906 5385 3050 5439 sicut
3084 5382 3206 5436 luce
3232 5398 3372 5436 ocn-

1785 5458 1892 5512 lus.
1916 5477 1932 5507 ι
1964 5457 2046 5510 Cf.
2071 5473 2121 5512 c.
2158 5458 2244 5512 12.
2272 5457 2450 5512 Orro.

1855 5527 1975 5599 (Gb)_
1993 5528 2113 5599 Τὸν
2134 5527 2254 5599 τῶν
2278 5527 2621 5599 ἁνθρώπωζ.
2645 5525 2864 5599 _Allusio
2893 5531 2980 5578 est
3001 5522 3068 5576 ad
3111 5521 3236 5575 illud
3265 5521 3372 5577 llo-

1785 5600 1920 5654 tnet'i
1947 5597 2115 5654 Iliad.
2149 5598 2204 5665 ζ,
2231 5615 2278 5652 v.
2307 5601 2436 5667 20!,
2471 5601 2542 5653 de
2563 5597 3017 5667 Bellerophonte:

1789 5791 1888 5842 Ὃν
1910 5785 2100 5857 θυμὸν
2138 5715 2998 5849 (dictumue-ir
3021 5777 3330 5833 ἀλεείνων.

2781 5875 3139 5932 SvLausstvs.
