3770 6494
83 356 183 413 ιδι

1107 349 1452 409 DIALOGUS
1481 350 1625 406 CUM
1662 348 2039 405 TRYPHONE
2069 348 2342 405 JUD£O.

3252 350 3365 408 ιιι.

84 497 179 547 τον
225 477 502 551 ἡγεῖσθαι,
537 476 607 531 τὰ
646 476 706 529 δὲ.
752 474 913 530 λοιπά
957 472 1191 544 δεύτερα
1225 472 1319 526 καὶ
1352 471 1543 543 τρίτα’
1584 470 1679 524 καὶ

1847 484 1932 523 uni
1964 478 2021 523 et
2060 467 2546 539 prmelarissimum
2590 481 2728 535 opus
2775 464 3228 533 existimandum,
3257 484 3365 525 ca:-

83 571 408 643 φιλοσοφίας
455 570 554 641 μὲν
602 566 992 642 ἀπηρτημένα,
1032 567 1230 638 μέτρια
1275 559 1371 617 καὶ
1404 563 1675 634 ἀποδοχῆς

82 666 243 731 ἀξια’
282 662 622 735 στερηθέντα
652 661 708 713 δὲ
742 660 947 730 ταύτης
991 658 1088 713 καὶ
1138 655 1212 728 μὴ
1258 654 1673 726 παρεπομένης,

83 759 197 819 τοῖς
234 753 777 826 μεταχειριζομένοις
816 752 955 807 αὐτά
987 749 1222 822 φορτικά
1266 744 1361 803 καὶ
1408 746 1670 819 βάναυσα.

166 1015 231 1067 Ἦ
266 1011 364 1069 οὖν
399 1014 693 1084 φιλοσοφία
738 1012 1088 1085 εὐδαιμονίαν
1122 1014 1301 1079 ποιεῖς
1336 1011 1439 1084 ἔφη
1473 1013 1676 1067 ὑποτυ-

84 1107 193 1177 χὼν
230 1108 342 1179 (72)
378 1110 609 1170 ἐκεῖνος.

152 1203 263 1255 Καὶ
299 1202 559 1272 μάλιστα,
588 1200 723 1271 ἔφην
762 1196 896 1268 ἐγὼ,
922 1196 1020 1252 καὶ
1048 1197 1206 1270 μόνη.

150 1295 218 1347 Τί
255 1295 368 1365 γάρ
392 1295 508 1346 ἐστι
532 1291 840 1362 φιλοσοφία,
875 1284 1031 1362 φησὶ,
1065 1289 1160 1343 καὶ
1184 1289 1266 1353 τίς
1294 1290 1327 1361 ἡ
1359 1288 1676 1361 εὐδαιμονία

81 1387 276 1455 αὐτῆς,
320 1388 369 1439 εἰ
410 1387 483 1457 μή
527 1403 579 1438 τι
618 1384 817 1438 κωλύει
851 1383 1103 1455 φράζειν,
1138 1384 1365 1452 φράσον.

147 1478 447 1547 Φιλοσοφία
481 1476 600 1548 μὲν,
621 1472 687 1547 ἦν
710 1477 754 1529 δ’
778 1472 910 1545 ἐγὼ,
940 1475 1219 1551 ἐπιστήμη
1254 1473 1375 1545 ἐστὶ.
1400 1473 1679 1546 τοῦμ

80 1573 173 1625 καὶ
204 1569 300 1623 τοῦ
325 1568 555 1641 ἀληθοῦς
582 1569 895 1637 ἐπίγνωσις*
920 1565 1234 1638 εὐδαιμονία
1265 1566 1323 1619 δὲ
1346 1565 1550 1636 ταύτης
1576 1566 1676 1637 τῆς

75 1654 397 1733 {ﬁnenem};
426 1661 520 1713 καὶ
549 1662 645 1731 τῆς
676 1659 867 1727 σοφίας
890 1659 1080 1733 γέρας.

142 1755 285 1809 Θεὸν
314 1754 429 1826 (7'5)
460 1754 516 1807 δὲ
548 1755 613 1808 σὺ
640 1754 693 1807 τί
726 1753 946 1820 καλεῖς;
974 1754 1101 1826 ἔφη.

1780 566 1896 614 tera
1928 574 2058 615 vero
2104 559 2160 614 in
2190 559 2451 615 secundis
2477 567 2532 612 et
2560 557 2740 613 tertiis
2765 558 3057 627 ponenda;
3090 574 3153 613 ac
3180 559 3363 627 philo-

1778 651 1985 721 sophia:
2022 651 2246 722 quidem
2280 652 2327 705 si
2359 650 2618 721 adjuncta
2670 648 2900 710 fuerint.
2955 648 3284 715 mediocria,
3311 658 3367 704 et

1777 757 1898 812 quae
1927 752 2287 798 assumantur
2310 743 2497 812 digna,
2522 742 2569 796 si
2602 756 2738 795 vero
2772 741 3092 795 incomitata
3118 750 3172 795 et
3198 743 3368 797 desu—

1779 843 1893 888 tuta
1921 836 1989 889 ab
2012 851 2073 889 ea
2108 834 2240 899 sint,
2274 848 2400 888 cum
2435 834 2502 887 iis
2557 833 2893 901 importuna,
2928 847 3159 901 quorum
3193 835 3369 887 mani-

1777 927 1877 982 bus
1911 935 2239 991 tractantur,
2266 935 2381 980 tum
2415 926 2581 980 etiam
2613 925 2902 979 illiberalia
2928 924 3176 978 ducenda
3201 932 3351 980 sunt.

1850 1016 2199 1087 Philosophia
2254 1014 2426 1086 igitur
2475 1015 2873 1071 beatitudinem
2924 1012 3138 1068 eﬂicit?
3190 1014 3369 1085 inquit

1778 1108 1889 1164 ille.

1852 1200 2009 1271 105
2040 1198 2132 1253 llla
2163 1214 2318 1265 vero,
2352 1200 2597 1268 inquam,
2619 1208 2672 1252 et
2704 1196 2816 1252 sola
2849 1197 3096 1266 quidem.

1848 1294 2020 1363 Igitur
2047 1292 2175 1360 quid
2200 1293 2273 1346 sit
2312 1290 2679 1360 philosophia.
2727 1290 2928 1357 inquit,
2960 1298 3016 1341 et
3066 1303 3188 1357 qua:
3237 1286 3359 1355 ejus

1780 1384 2082 1447 beatitudo,
2122 1383 2222 1437 nisi
2249 1383 2375 1449 quid
2408 1381 2590 1449 eloqui
2619 1382 2892 1451 prohibet.
2923 1381 3200 1448 eloquere.

1847 1476 2224 1545 Philosophia,
2255 1476 2474 1543 inquam
2514 1489 2636 1542 ego,
2674 1484 2759 1528 est
2788 1474 3024 1527 scientia
3055 1473 3197 1527 illius
3218 1472 3364 1539 quod

1734 1604 1737 1611 ι
1778 1579 1885 1632 est,
1916 1577 1971 1622 et
1998 1568 2111 1621 veri
2144 1568 2403 1637 cognitio.
2438 1566 2727 1620 Beatitudo
2757 1575 2939 1619 autem
2987 1566 3148 1635 hujus
3174 1565 3357 1620 scien-

1696 1658 1701 1661 Ἴ
1782 1659 1869 1713 tia:
1899 1667 1953 1711 et
1982 1656 2264 1725 sapientia:
2290 1657 2597 1725 praemium.

1856 1750 2022 1804 Deum
2051 1758 2232 1802 autem
2264 1746 2525 1816 quidnam
2557 1744 2768 1800 vocas?
2799 1745 2979 1815 inquit
3014 1744 3130 1800 ille.

146 1847 227 1900 Τὸ
258 1815 422 1901 κατὰ,
444 1847 512 1901 τὰ
541 1845 679 1900 αὐτὰ
719 1845 815 1900 καὶ
842 1815 1105 1913 sedsed;
1143 1846 1250 1902 αίεὶ
1278 1848 1420 1920 ἕχον,
1448 1846 1544 1903 καὶ
1578 1842 1670 1901 τοῦ

1851 1841 2004 1907 Quod
2036 1840 2180 1895 idem
2210 1815 2295 1893 est
2321 1850 2373 1893 et
2405 1838 2598 1893 eodem
2625 1836 2785 1891 modo
2808 1852 3027 1906 semper
3074 1853 3134 1891 se
3178 1835 3363 1902 habet,

75 1935 227 1993 εἶναι
259 1942 400 1992 πᾶσι
428 1940 540 2001 τοῖς
568 1938 746 2002 ἄλλοις
782 1938 976 2003 αἴτιον,
1019 1939 1175 1994 τοῦτο
1207 1941 1269 2012 δή
1302 1943 1450 1995 εστιν
1472 1943 1500 1994 ὀ
1522 1941 1673 2005 Θεός.

77 2034 273 2096 Οὕτως
301 2031 414 2101 ἐγὼ
436 2033 819 2105 ἀπεκρινάμην
840 2032 991 2104 αὐτῷ
1018 2050 1031 2064 ·
1065 2031 1158 2087 καὶ
1186 2031 1446 2109 ἐτέρπετο
1469 2034 1676 2098 ἐκεῖνος

77 2120 298 2174 ἀκούων
333 2138 457 2191 μου,
483 2118 658 2184 οὕτως
680 2121 742 2174 τέ
781 2139 849 2192 με
884 2124 1049 2193 ἤρετο
1089 2122 1270 2177 πάλιν.

159 2214 475 2284 Ἐπιστήμη
508 2208 608 2267 οὐκ
630 2212 745 2267 ἔστι
774 2214 952 2269 κοινὸν
995 2215 1167 2288 ὄνομα
1214 2216 1485 2289 διαφόρων
1530 2235 1676 2291 πρα-

77 2301 310 2371 γμάτων
334 2318 349 2364 ;
389 2302 487 2357 Ἐν
512 2319 571 2354 τε
592 2300 700 2373 γὰρ
736 2306 855 2367 ταῖς
879 2303 1096 2375 τέχναις
1116 2306 1355 2371 ἁπάσαις
1384 2308 1413 2359 ὀ
1451 2307 1677 2362 ἐπιστά-

81 2410 245 2462 μενος
273 2392 483 2445 τούτων
513 2392 632 2445 τινὰ
660 2395 982 2467 ἐπιστήμων
1010 2395 1279 2460 καλεῖται,
1320 2396 1376 2450 ἐν
1413 2414 1472 2451 τε
1514 2414 1678 2470 στρα-

76 2487 306 2556 τηγικῇ,
348 2486 443 2537 καὶ
468 2484 862 2557 κυϐερνητικῇ,
892 2488 1220 2559 καὶίατρικῇ
1250 2486 1470 2559 ὁμοίως.
1504 2490 1600 2541 Ἔν
1621 2506 1680 2541 τε

77 2578 195 2639 τοῖς
243 2574 411 2638 θείοις
459 2575 555 2629 καὶ
592 2576 954 2648 ἀνθρωπείοις
1002 2578 1103 2651 οὐχ
1154 2572 1329 2642 οὕτως
1378 2579 1490 2650 ἔχει
1521 2580 1631 2651 (⁷4)
1663 2599 1691 2644 '-

95 2666 408 2739 Έπιστήμη
443 2667 526 2732 τίς
559 2667 705 2720 ἐστιν
728 2669 762 2739 ὴ
786 2668 1103 2740 παρέχουσα
1134 2668 1312 2724 αὐτῶν
1345 2671 1452 2723 τῶν
1474 2671 1683 2742 ἀνθρω-

82 2761 257 2812 πίνων
312 2754 407 2812 καὶ
459 2759 566 2812 τῶν
618 2759 778 2813 θείων
830 2761 1053 2830 γνῶσιν,
1091 2762 1287 2817 ἔπειτα
1339 2763 1439 2833 τῆς
1481 2763 1683 2817 τούτων

82 2851 365 2920 θειότητος
400 2850 495 2905 καὶ
527 2850 875 2924 δικαιοσύνης
910 2853 1237 2924 ὲπίγνωσινς

159 2945 273 2999 Καὶ
314 2944 482 3015 μάλα,
519 2944 675 3016 ἔφην.

160 3039 226 3091 Τί
263 3033 393 3101 οὖνς
428 3038 628 3109 ὁμοίως
662 3034 810 3090 ἐστὶν
844 3036 1128 3109 ἄνθρωπον
1161 3032 1359 3094 εἰδέναι
1394 3039 1487 3093 καὶ
1531 3038 1683 3101 Θεὸν,

1782 1934 2036 2002 quodque
2066 1932 2281 1987 caeteris
2323 1930 2577 1985 omnibus
2618 1945 2785 1985 causa
2830 1939 2915 1983 cst
2965 1944 3065 1983 cur
3098 1930 3230 1995 sint,
3266 1931 3370 1985 hoc

1782 2042 1914 2083 sane
1940 2029 2079 2081 Deus
2110 2036 2215 2080 est.
2254 2024 2331 2079 Ita
2363 2026 2436 2079 illi
2462 2040 2563 2094 ego
2601 2025 2854 2094 respondi
2882 2042 2897 2078 :
2934 2038 3134 2093 meque
3164 2026 3255 2081 ille
3307 2026 3368 2079 li-

1783 2119 1979 2174 benter
2001 2118 2286 2181 audiebat,
2321 2132 2386 2170 ac
2420 2132 2611 2171 rursus
2638 2116 2713 2170 ita
2751 2118 3134 2186 interrogavit.

1854 2212 2091 2267 Scientia
2121 2226 2189 2265 an
2216 2227 2323 2265 non
2389 2224 2683 2265 commune
2714 2224 2912 2263 nomen
2963 2222 3047 2265 est
3078 2226 3259 2265 rerum
3289 2210 3370 2267 cli.

1785 2302 2107 2357 versarunt?
2151 2301 2208 2355 In
2259 2301 2517 2355 omnibus
2547 2300 2695 2354 enim
2731 2302 2967 2367 artibus,
3021 2303 3113 2370 qui
3176 2303 3370 2355 harum

1785 2396 2024 2465 aliquant
2076 2394 2216 2449 sciat
2266 2393 2473 2447 dicitur
2514 2394 2717 2456 sciens,
2774 2393 2827 2446 in
2878 2393 3259 2462 imperatoria.
3313 2394 3367 2447 in

1785 2485 2194 2556 gubernatoria,
2250 2483 2304 2537 in
2363 2482 2574 2537 medica
2630 2482 2914 2536 similiter.
2962 2481 3020 2535 In
3064 2481 3265 2535 divinis
3314 2490 3370 2534 et

1787 2576 2041 2633 humanis
2073 2576 2236 2630 rebus
2264 2590 2332 2629 an
2366 2575 2439 2628 ita
2467 2588 2526 2628 se
2556 2588 2644 2629 res
2687 2572 2895 2628 habet?
2924 2573 3093 2628 Estne
3138 2574 3369 2628 scientia

1786 2665 2076 2733 quaepiam.
2128 2680 2250 2735 quae
2303 2665 2611 2718 divinarum
2662 2673 2719 2716 et
2765 2663 3134 2716 humanarum
3187 2676 3369 2716 rerum

1786 2756 2155 2823 cognitionem
2188 2755 2401 2823 alierat,
2436 2770 2501 2809 ac
2531 2754 2728 2810 deinde
2752 2771 2873 2825 qua:
2904 2757 2978 2809 sit
3010 2755 3062 2808 iu
3096 2754 3203 2809 illis
3225 2754 3367 2808 divi-

1790 2849 1997 2912 nitatis,
2020 2864 2141 2917 qua:
2162 2847 2389 2917 iustitia:
2418 2847 2561 2901 ratio
2589 2846 2961 2901 demonstret?

1859 2932 2116 3006 Maxime,
2151 2941 2395 3010 inquam.

1860 3031 2002 3099 Quid
2029 3030 2240 3102 igitur?
2277 3029 2422 3085 Idem
2456 3040 2541 3084 est
2570 3029 2845 3085 hominem
2875 3036 2928 3082 et
2971 3027 3138 3083 Deum
3184 3040 3370 3093 nosse,

81 3128 157 3193 ὡς
204 3129 495 3201 μουσικὴν,
544 3129 638 3183 καὶ
671 3128 1063 3202 ἀριθμητικὴν,
1099 3129 1193 3184 καὶ
1229 3131 1615 3205 ἀστρονομίαν,
1649 3132 1679 3204 ἦ

1847 3124 2163 3185 :musieam,
2206 3122 2633 3189 arithmeticam,
2689 3120 3083 3175 astronomiam
3136 3126 3231 3171 aut.
3273 3119 3373 3173 ali-

80 3240 135 3276 τι
168 3220 417 3277 τοιοῦτον
436 3239 451 3286 ;

158 3315 236 3365 Οὐ
246 3312 460 3383 δαμῶς,
498 3312 652 3384 ἔφην.

155 3406 275 3457 οὐκ
322 3403 498 3475 ὀρθῶς
541 3404 650 3476 ἄρα
696 3403 1004 3477 ἀπεκρίθης
1035 3403 1183 3476 ἐμοὶ,
1217 3405 1321 3476 ἔφη
1358 3409 1581 3471 ἐκεῖνος.
1616 3406 1682 3461 At

87 3498 187 3565 μὲν
221 3497 336 3567 γὰρ
370 3498 435 3550 ὲκ
472 3496 764 3568 μαθήσεως
800 3496 1180 3568 προσγίνονται
1223 3501 1375 3569 ἡμῖν,
1410 3499 1443 3570 ἢ
1477 3498 1684 3571 διατρι-

82 3587 189 3657 ϐῆς
222 3587 369 3652 τινός
391 3604 403 3618 ·
443 3588 499 3640 αί
533 3586 589 3639 δὲ
624 3588 689 3640 ὲκ
722 3584 815 3639 τοῦ
852 3584 1057 3640 ἰδέσθαι
1092 3588 1391 3658 παρέχουσι
1434 3588 1531 3660 τὴν
1566 3591 1684 3641 ἐπι-

87 3681 323 3750 στήμην.
361 3680 431 3731 Et
456 3678 521 3747 γέ
557 3696 639 3733 σοι
671 3677 822 3747 λέγοι
854 3696 938 3743 τις
970 3679 1051 3732 ὅτι
1085 3672 1231 3733 ἐστὶν
1264 3681 1321 3732 ὲν
1357 3680 1514 3752 Ἰνδίᾳ
1546 3680 1685 3744 ζῶον

89 3769 234 3839 φυὴν
287 3768 389 3837 οὐχ
437 3767 623 3839 ὅμοιον
674 3769 787 3831 τοῖς
836 3766 1015 3832 ἄλλοις
1071 3770 1255 3834 πᾶσιν,
1291 3768 1425 3822 ἀλλὰ
1475 3770 1681 3843 τοῖονῆ

86 3863 250 3924 τοῖον,
290 3859 568 3923 πολυειδὲς
615 3858 710 3913 καὶ
759 3858 1025 3922 ποικίλον,
1060 3854 1161 3913 οὐκ
1195 3859 1260 3913 ἂν
1295 3860 1558 3931 πρότερον
1608 3863 1685 3913 εί-

86 3950 235 4020 δείης
272 3949 305 4020 ἢ
351 3949 480 4013 ἴδοις
516 3949 681 4003 αὐτό·
730 3950 847 4003 ἀλλ’
881 3951 1000 4003 οὐδὲ
1044 3950 1202 4018 λόγον
1234 3949 1301 4003 ἂν
1334 3950 1478 4022 ἔχοις
1512 3954 1683 4005 εἰπεῖν

88 4043 255 4097 αὐτοῦ
292 4042 434 4107 τινὰ,
470 4044 517 4095 εί
555 4042 629 4113 μὴ
663 4042 924 4108 ἀκούσαις
957 4041 1052 4096 τοῦ
1084 4038 1410 4115 ἑωρακότος.

162 4140 241 4191 οὐ
276 4135 410 4207 γὰρ,
448 4137 609 4207 φημίο

160 4227 288 4291 Πῶς
323 4223 420 4281 οὖν
452 4226 537 4291 ἂν,
574 4225 866 4297 ἔφη,νπερὶ
917 4226 1054 4280 Θεοῦ
1105 4225 1279 4298 ὀρθῶς
1336 4227 1581 4299 φρονοῖεν
1633 4230 1682 4280 οι

90 4321 455 4391 φιλύσοφοι,ἣ
491 4318 699 4386 λέγοιέν
730 4336 783 4371 τι
816 4317 1037 4389 ἀληθὲς,
1063 4319 1371 4390 ἐπιστήμην
1405 4318 1570 4373 αὐτοῦ
1607 4318 1688 4390 μὴ

92 4413 331 4482 έχοντες,
373 4410 507 4481 μηδὲ
544 4410 740 4474 ἰδόντες
774 4409 926 4475 ποτὲ,
961 4410 995 4481 ἢ
1031 4409 1397 4476 ἀκούσαντες;

174 4591 330 4645 Ἀλλκ
345 4590 447 4644 οὐκ
476 4590 619 4643 ἔστιν
651 4587 971 4660 ὀφθαλμοῖς,
1005 4582 1073 4659 ῆν
1107 4587 1152 4640 δ’
1175 4589 1307 4657 ἐγὼ,
1340 4590 1543 4658 αὐτοῖς,
1582 4591 1686 4645 πά.

93 4702 209 4758 τερ,
246 4683 447 4757 ὀρατδν
498 4683 559 4736 τὸ
608 4682 783 4746 Θείον,
820 4681 895 4746 ὡς
944 4681 1011 4735 τὰ
1063 4680 1197 4735 ἄλλα
1230 4680 1344 4746 ζῶα
1378 4684 1511 4757 (75),
1550 4684 1687 4739 ἀλλὰ

98 4778 246 4850 μόνῳ
299 4775 381 4847 νῷ
432 4774 799 4847 καταληπτὸν,
834 4773 909 4839 ὥς
965 4790 1097 4845 φησι
1146 4773 1390 4839 Πλάτων,
1426 4778 1520 4831 καὶ
1574 4777 1684 4847 ἐγὼ

97 4869 364 4940 πείθομαι
397 4866 569 4937 αὐτῷ.

162 4963 221 5017 4.
262 4963 456 5015 Ἔστιν
487 4956 600 5025 οὖν,
625 4958 780 5030 φησὶ,
817 4956 895 5029 τῷ
928 4956 1004 5027 νῷ
1032 4957 1189 5029 ἡμῶν
1228 4958 1452 5031 τοιαύτη
1483 4977 1564 5023 τις
1590 4960 1684 5014 καὶ

168 5108 286 5177 (72)
333 5107 687 5175 'I‘xowza’m
725 5105 781 5160 In
812 5115 1042 5177 utroque
1075 5108 1260 5162 codice
1282 5106 1449 5177 Regio
1480 5121 1533 5163 et
1559 5110 1685 5164 Cla-

96 5194 239 5250 rum.
270 5175 479 5250 legitur
510 5179 563 5231 in
604 5188 746 5231 textu
780 5194 792 5229 :
830 5177 893 5227 Εί
920 5175 1011 5233 οὖν
1052 5215 1066 5230 .
1112 5217 1125 5230 .
1169 5216 1184 5230 .
1230 5219 1242 5232 .
1285 5175 1383 5248 οὐχ
1424 5180 1678 5250 ὀτύχὼν.

96 5248 200 5300 Sed
233 5249 298 5301 ad
333 5251 630 5313 marginem
660 5250 772 5317 haec
801 5252 1047 5317 apposita
1074 5255 1156 5301 est
1187 5256 1313 5301 nota
1342 5244 1679 5317 ε”ΟἷμαιΪού-

94 5334 203 5388 τως
230 5317 296 5369 ἂν
325 5318 411 5388 εἴη
450 5318 690 5381 κάλλιον,
720 5314 794 5371 Ἦ
820 5314 933 5388 ob?
962 5337 1024 5388 59.
1045 5317 1171 5372 εὺὸ.
1192 5335 1253 5370 π.
1283 5320 1331 5371 ἕ.
1363 5314 1683 5388 ὺίιὸτυχὼν

94 5335 199 5380 τως
230 5335 296 5369 αν
325 5335 425 5439 ειὲ
450 5335 690 5381 καΑΑιον,
739 5335 789 5371 u
820 5335 933 5373 ουν
962 5337 1024 5388 φ.
1045 5335 1171 5372 suo.
1192 5335 1253 5370 π.
1283 5335 1331 5371 ε.
1363 5336 1682 5388 υποτυχων

91 5387 343 5459 ἐκεῖνος.
388 5428 446 5459 7.
497 5390 831 5442 STEPHANL‘S.
884 5387 1237 5443 Scribeudum
1284 5390 1317 5459 ἡ
1362 5385 1453 5441 οὖν
1498 5402 1682 5446 mouet

94 5455 347 5527 Sy!burg.
385 5458 747 5514 Retinuissem
774 5459 904 5513 illud
934 5462 1005 5524 εί,
1035 5462 1079 5513 si
1109 5455 1371 5514 mutatum
1408 5474 1513 5514 non
1537 5459 1674 5517 fuis-

92 5539 171 5580 set
206 5544 235 5578 a
266 5526 332 5579 ﬂ.
369 5528 663 5596 Stephano.

161 5598 276 5665 (73)
307 5600 497 5670 Qadr.
532 5599 707 5670 Monet
753 5599 1031 5656 Thirlbius
1077 5600 1180 5670 leg.
1232 5615 1353 5655 esse
1396 5599 1457 5653 τὸ
1494 5598 1575 5665 δν,
1619 5610 1673 5656 et

89 5682 212 5721 mox
247 5667 409 5720 τοῦτο
444 5668 519 5721 δέ.
553 5668 669 5723 Non
702 5680 876 5724 tamen
913 5667 1198 5738 corruptus
1227 5672 1438 5724 videtur
1468 5680 1669 5727 textus.

176 5749 294 5822 (74)
338 5747 681 5822 Οὐχ-οὕτως
707 5746 852 5822 ἕχει.
892 5743 1119 5822 ﬁegatio
1149 5744 1357 5822 videtur
1375 5760 1675 5822 expungen.

108 5816 225 5877 da:
258 5816 596 5890 atqueillani
621 5818 870 5887 equidem
901 5817 952 5869 in
980 5816 1383 5885 interpretando
1402 5816 1681 5887 negligen-

1787 3214 1917 3283 quid
1952 3211 2178 3266 simile?

1853 3302 2077 3358 Minime
2100 3302 2363 3373 gentium.
2398 3302 2639 3371 inquam.

1854 3394 1972 3450 Non
2003 3405 2150 3449 recte
2182 3409 2313 3464 ergo
2347 3394 2477 3448 mihi
2506 3393 2860 3461 respondisti,
2891 3392 3068 3462 inquit
3105 3391 3213 3447 ille.
3236 3390 3375 3447 Alia

1783 3488 1929 3541 enim
1976 3485 2261 3555 disciplina
2293 3494 2349 3539 et
2394 3486 2790 3539 exercitatione
2833 3485 3065 3552 quadam
3129 3499 3159 3535 a
3210 3485 3372 3540 nobis

1783 3589 2214 3649 comparantur;
2245 3577 2366 3633 alia:
2391 3591 2523 3631 vero
2547 3592 2614 3631 ex
2644 3578 2759 3630 visu
2788 3576 3077 3630 scientiam
3103 3574 3367 3632 efﬁciunt.

1785 3674 1841 3727 Si
1872 3672 1996 3741 quis
2030 3669 2127 3725 tibi
2154 3669 2303 3724 dicat
2333 3682 2458 3724 esse
2484 3669 2538 3722 in
2570 3666 2726 3722 ludia
2778 3666 2980 3721 animal
3032 3675 3227 3720 natura
3263 3684 3368 3721 non

1783 3761 1964 3817 simile
2004 3757 2509 3823 ceterisomnibus,
2554 3757 2650 3812 sed
2698 3757 2806 3811 tale
2856 3767 2949 3810 aut
3002 3758 3130 3823 tale,
3185 3756 3368 3810 multi-

1785 3854 1943 3921 plicis
1976 3868 2040 3907 ac
2080 3851 2245 3906 variat
2269 3850 2481 3916 formae,
2520 3864 2629 3905 non
2681 3850 2831 3920 prius
2872 3850 3015 3904 scias
3064 3849 3228 3919 quale
3270 3852 3366 3914 sit,

1788 3945 1888 4000 nisi
1940 3945 2167 4011 videris,
2201 3944 2297 4000 sed
2334 3956 2435 3997 nec
2476 3941 2640 3996 ullam
2678 3942 2825 3995 illius
2877 3942 3145 3996 rationem
3188 3943 3368 4012 possis

1790 4038 2041 4103 reddere,
2069 4037 2170 4091 nisi
2195 4051 2264 4091 ex
2291 4050 2357 4092 eo
2385 4035 2477 4107 qui
2510 4034 2736 4099 viderit,
2773 4034 3035 4090 audieris.

1856 4131 1974 4186 Non
2007 4131 2273 4200 proiecto,
2300 4130 2549 4199 inquam.

1854 4222 2140 4290 Quomodo
2167 4222 2350 4292 igitur,
2384 4221 2582 4289 inquit,
2612 4220 2681 4274 de
2714 4220 2827 4275 Deo
2853 4219 3165 4289 philosophi
3211 4227 3370 4275 recte

1786 4317 2053 4380 sentiant,
2077 4323 2171 4369 aut
2191 4315 2487 4384 quidquam
2515 4314 2627 4367 veri
2655 4312 2862 4377 dicant,
2890 4312 3179 4367 scientiam
3221 4310 3368 4364 illius

1785 4423 1889 4462 non
1925 4408 2213 4471 habentes,
2245 4408 2447 4476 quippe
2479 4406 2571 4475 qui
2619 4419 2720 4459 nec
2776 4406 2894 4458 visu
2943 4417 3045 4457 nec
3092 4402 3373 4458 auditione

1710 4496 1758 4555 D
1785 4499 2080 4569 quidquam
2115 4497 2179 4551 de
2202 4511 2266 4550 eo
2301 4511 2540 4565 unquam
2571 4492 2961 4565 perceperint?

1857 4590 1929 4643 At
1974 4588 2170 4655 oculis,
2219 4589 2465 4658 inquam,
2519 4597 2698 4656 pater,
2755 4588 2998 4640 divinum
3060 4600 3259 4641 numen
3307 4596 3368 4639 ut

1788 4692 1983 4735 czelcra
2017 4678 2297 4742 animalia,
2326 4677 2497 4731 videri
2532 4693 2636 4731 non
2665 4688 2869 4749 potest,
2899 4679 2995 4733 sed
3018 4676 3131 4732 sola
3179 4688 3369 4732 mente

1788 4776 2017 4845 percipi.
2048 4786 2107 4830 ut
2131 4775 2205 4829 ait
2226 4773 2407 4839 Plato,
2440 4774 2524 4828 cui
2559 4788 2660 4843 ego
2690 4773 2983 4826 assentior.

1856 4954 1909 5013 4.
1961 4958 2107 5013 Inest
2151 4959 2341 5029 igitur,
2394 4966 2569 5027 inquit
2620 4957 2732 5025 ille,
2783 4957 2956 5012 menti
3002 4967 3205 5013 nostrae
3240 4959 3367 5013 talis

1788 5116 1907 5169 dam
1933 5113 2087 5168 duxi.
2111 5113 2361 5166 lnoruata
2385 5113 2528 5165 enim
2555 5120 2701 5166 esset
2727 5110 2906 5164 oratio
2934 5127 2949 5165 :
2983 5130 3000 5162 ι
3034 5112 3114 5165 Αη
3147 5128 3250 5165 non
3292 5112 3364 5165 ita

1788 5201 1846 5239 se
1876 5200 1960 5237 res
1990 5183 2191 5238 habet?
2226 5183 2393 5236 Estne
2418 5182 2668 5246 scientia,
2696 5201 2714 5233 ι
2741 5190 2852 5252 etc.
2870 5182 2971 5252 Sic
2996 5186 3137 5235 enim
3164 5181 3366 5252 ὁμοίως

1787 5272 1908 5309 cum
1944 5254 2375 5324 prtecedentibus
2398 5254 2676 5318 conjunxi.
2721 5281 2793 5293 -—
2836 5250 3365 5324 Negatiouem'tobz)

1789 5322 2007 5385 retinui,
2038 5325 2484 5392 interrogationis
2519 5324 2672 5390 signo
2697 5332 2818 5391 post
2846 5322 2958 5392 ἔχει
2989 5324 3163 5375 deleto
3197 5340 3209 5372 :
3244 5341 3262 5370 ι
3303 5324 3366 5374 In

1788 5397 1955 5450 rebus
2003 5396 2202 5450 divinis
2245 5404 2300 5448 et
2350 5394 2607 5447 humanis
2650 5410 2757 5447 non
2798 5395 2872 5447 ita
2919 5409 2977 5447 se
3010 5409 3097 5446 res
3120 5393 3301 5446 habet.
3335 5412 3356 5443 ι

1788 5468 1964 5521 Orro.

1860 5535 1971 5607 (75)
2016 5536 2092 5590 Τὰ
2125 5534 2287 5607 ἄλλα
2320 5533 2448 5595 ζῶα.
2492 5532 2627 5588 Illud
2659 5532 2793 5587 ἄλλα
2808 5532 3010 5607 _rejieit_
3051 5530 3365 5607 Perionius,

1788 5617 1848 5660 ut
1872 5604 2209 5674 Supposilam
2237 5604 2451 5659 Justino
2484 5620 2692 5671 vocent,
2729 5615 2783 5657 et
2805 5604 2913 5674 Deo
2940 5604 3220 5669 injuriam.
3255 5604 3360 5654 Sed

1791 5673 1968 5730 minus
1985 5673 2377 5729 animadvertit
2396 5675 2610 5729 Justinu
2623 5690 2671 5726 m
2695 5688 2819 5727 tunc
2852 5673 3058 5726 Platoni
3084 5673 3366 5725 addictum

1790 5747 1979 5809 fuisse,
2012 5748 2101 5813 qui
2148 5745 2311 5798 Deum
2354 5745 2631 5812 conceptis
2676 5744 2857 5797 verbis
2906 5753 3061 5797 vocat
3092 5741 3239 5797 Ζῶον
3273 5743 3363 5796 63-

1789 5817 1898 5870 διον
1936 5822 1986 5871 in
2032 5816 2247 5881 'I‘imu’o,
2278 5832 2382 5869 non
2424 5816 2578 5885 longe
2603 5816 2669 5868 ab
2703 5814 2871 5868 initio.
