3760 6492
407 347 517 403 483
1374 345 1433 404 S.
1466 346 1733 403 JUSTINI
1763 346 2173 404 PHILOSOPHI
2205 345 2294 402 ET
2323 346 2681 404 MARTYRIS
3563 349 3653 406 λοι

408 464 655 531 quaedam
686 476 753 518 ac
794 470 944 518 tanta
979 463 1082 530 vis,
1130 472 1225 517 aut
1260 478 1366 519 non
1400 466 1563 521 citius
1598 482 1761 521 sensu
1794 482 1968 537 perce-

2132 470 2320 542 ›σαύτη
2374 468 2622 541 δύναμις,
2656 469 2686 521 δ
2734 468 2809 540 μὴ
2846 466 2961 539 (76)
3015 467 3199 539 τάχιον
3248 466 3316 520 δι’
3366 466 3653 539 αἰσθήσεως

409 555 745 624 pisset?Aut
770 555 938 610 Deum
964 558 1490 627 videbitaliquando
1538 559 1778 614 humana
1829 574 1986 615 mens

409 643 618 714 Spiritu
645 659 835 702 sancto
863 662 970 701 non
1008 657 1270 703 exornata
1294 648 1317 702 ἲ

478 739 570 790 Ait
589 740 734 792 enim
768 739 922 793 Plato
945 739 1018 803 ⁸ο,
1058 740 1278 806 inquam
1313 754 1438 809 ego,
1464 741 1623 795 talem
1647 756 1771 796 esse
1790 750 1986 796 mentts

407 828 650 893 oculum,
689 838 853 898 atque
874 832 941 884 ad
972 832 1073 885 hoc
1102 832 1260 885 nobis
1288 831 1472 884 datum
1505 832 1694 898 fuisse,
1718 843 1780 886 ut
1806 834 1982 903 ipsum

414 918 571 984 illud,
602 921 745 988 quod
762 931 864 987 est,
885 922 987 976 hoc
1005 922 1122 991 ipso
1148 922 1416 991 pellucido
1432 924 1589 977 oculo
1605 925 1789 979 videre
1816 927 1986 994 possi-

425 1027 547 1065 tnus
571 1027 586 1076 ;
614 1013 759 1080 quod
784 1012 1003 1081 quidem
1038 1028 1198 1067 causa
1226 1022 1309 1068 est
1334 1029 1521 1068 eorum
1558 1017 1825 1081 omnium,
1865 1034 1987 1087 quae

415 1114 595 1157 mente
615 1104 1115 1172 percipiuntur,nec
1132 1104 1370 1158 colorem
1388 1106 1721 1172 habens,nec
1736 1108 1981 1177 figuram,

409 1210 508 1250 nec
532 1197 975 1265 magnitudinem,
1005 1211 1104 1251 nec
1134 1197 1427 1267 quidquam
1448 1214 1636 1253 eorum
1665 1216 1787 1270 qua:
1811 1203 1984 1256 oculis

409 1293 745 1351 cernuntur;
768 1288 861 1342 sed
886 1287 1180 1355 quidnuatn
1211 1290 1330 1343 est?
1362 1286 1476 1343 Hoc
1512 1291 1711 1360 ipsum,
1741 1291 1984 1361 inquam,

411 1379 554 1447 quod
581 1393 743 1448 supra
777 1393 994 1432 omnem
1029 1380 1328 1433 essentiam
1363 1392 1487 1447 est;
1519 1398 1623 1434 non
1654 1383 1983 1450 enarrabile,

407 1482 515 1523 non
554 1468 901 1536 explicabile,
946 1468 1120 1522 solum
1173 1470 1460 1539 pulchrum
1494 1480 1549 1524 et
1585 1472 1808 1535 bonum,
1866 1474 1985 1526 ani-

408 1559 513 1613 mis
556 1574 585 1612 a
622 1568 817 1613 natura
857 1560 995 1614 bene
1044 1560 1354 1615 iul‘orntatis
1400 1563 1471 1616 ob
1503 1563 1887 1633 cognationem
1930 1573 1986 1619 et

410 1652 625 1705 videndi
659 1652 1013 1721 cupiditatem
1046 1653 1193 1706 illico
1220 1653 1506 1722 aﬂ‘ulgens.

487 1742 648 1811 106
688 1741 947 1807 Quaenam
1001 1744 1166 1813 igitur
1218 1746 1404 1809 nobis,
1454 1746 1669 1810 aiebat,
1730 1748 1983 1817 cognatio

2086 562 2307 622 ἔλασενς
2333 563 2404 615 Ἣ
2435 562 2526 616 τὸν
2558 562 2691 615 Θεὸν
2722 561 3011 635 ἀνθρώπου
3045 560 3168 625 νοῦς
3201 560 3393 630 ὄψεταί
3418 578 3564 626 ποτε,
3590 565 3653 635 μὴ

2086 652 2226 723 ἁγίῳ
2258 651 2533 722 Πνεύματι
2566 651 2979 722 κεκοσμημένος
3000 666 3014 715 ;

2155 743 2292 814 Φησὶ
2324 743 2433 813 γὰρ
2480 743 2736 808 Πλάτων,
2784 739 2853 813 ἦν
2906 742 2951 795 δ’
2985 743 3114 811 ἐγὼ,
3159 741 3290 796 αὐτὸ
3323 741 3561 795 τοιοῦτον
3590 739 3656 795 εἶ-

2084 852 2172 889 ναι
2202 835 2262 887 τὸ
2294 835 2385 887 τοῦ
2419 836 2509 887 νοῦ
2543 833 2719 905 δμμαζ
2752 836 2847 889 καὶ
2881 836 3015 907 πρὸς
3048 834 3204 889 τοῦτο
3235 836 3371 906 ἡμῖν
3404 832 3650 898 δεδόσθαι,

2084 928 2159 992 ὡς
2207 926 2463 981 δύνασθαι
2510 927 2747 1000 καθορᾷν
2782 929 2912 982 αὐτὸ
2947 931 3120 982 ἐκεῖνο
3169 927 3228 980 τὸ
3280 926 3341 979 ὃν
3392 926 3654 998 εἰλικρινεῖ

2084 1018 2235 1089 αὐτῷ
2267 1019 2478 1090 ἐκείνῳ,
2516 1019 2544 1072 ὃ
2590 1019 2695 1071 τῶν
2718 1019 3243 1090 ινρ-ηςεῷνκιὰπάντων
3280 1018 3432 1070 ἐστὶν
3479 1018 3651 1081 αἴτιον,

2084 1112 2146 1165 οὐ
2193 1110 2391 1183 χρῶμα
2423 1113 2564 1181 ἔχον,
2601 1113 2662 1165 οὐ
2711 1113 2915 1183 σχῆμα,
2951 1114 3012 1165 οὐ
3064 1110 3314 1183 μέγεθος,
3350 1110 3475 1163 οὐδὲ
3517 1111 3654 1165 οὐδὲν

2083 1198 2157 1257 ὧν
2190 1202 2465 1273 ὀφθαλμὸς
2501 1203 2707 1273 βλέπει,
2730 1204 2862 1257 ἀλλά
2894 1220 2946 1257 τι
2979 1204 3038 1256 ὃν
3069 1202 3178 1273 (77)
3212 1203 3359 1255 τοῦτ’
3379 1202 3529 1266 αὐτὸ,
3562 1219 3655 1273 φη-

2089 1295 2172 1365 μὶ,
2220 1294 2278 1347 ὃν
2330 1294 2609 1371 ἐπίέᾏειναν
2643 1295 2822 1366 πάσης
2875 1296 3083 1371 οὐρίας,
3131 1294 3253 1349 οὔτε
3308 1292 3493 1366 ῥητὸν,
3543 1293 3651 1347 οὔτε

2087 1387 2403 1459 ἀγορευτὺν,
2442 1388 2576 1441 ἀλλὰ
2624 1388 2782 1458 μόνον
2826 1389 2988 1441 καλὸν
3021 1390 3115 1441 καὶ
3149 1387 3373 1457 ἀγαθὸν,
3411 1387 3649 1457 ἐξαίφνης

2085 1469 2201 1544 ταῖς
2223 1476 2280 1533 εὖ
2316 1481 2641 1549 πεφυκυίαις
2670 1480 2868 1550 ψυχαῖς
2903 1482 3248 1552 ἐγγινόμενον
3278 1480 3443 1534 διὰτὸ
3475 1496 3627 1548 συγγε

2084 1573 2173 1637 νὲς
2207 1572 2302 1626 ita).
2336 1572 2515 1644 ἔρωτα
2547 1573 2639 1626 τοῦ
2678 1574 2901 1628 ἰδέσθαι.

2156 1748 2253 1812 Τίς
2304 1745 2397 1803 οὖν
2447 1752 2599 1820 ἡμῖν,
2634 1750 2806 1818 ἔλεγε,
2855 1750 3145 1819 συγγένεια
3198 1749 3338 1823 πρὸς
3392 1749 3484 1803 τὸν
3533 1750 3651 1805 Θιόν

410 1848 533 1886 cum
569 1834 719 1887 Deo?
744 1833 884 1887 Nunt
915 1834 1096 1887 anima
1126 1834 1305 1888 divina
1340 1845 1393 1890 et
1430 1836 1751 1892 immortalis
1793 1847 1899 1902 est,
1931 1854 1968 1893 ei

2132 1855 2264 1904 mv;
2302 1841 2371 1893 Ἣ
2404 1814 2501 1895 καί
2531 1842 2562 1912 ἡ
2598 1814 2745 1913 ψυχη
2775 1842 2894 1897 θεία
2935 1814 3042 1897 ’έαι
3092 1814 3360 1907 ἀθάνατός
3397 1844 3533 1907 ἔστι,
3566 1846 3649 1898 καὶ

410 1922 584 1989 ipsius
615 1923 776 1991 regiae
809 1923 955 1976 illius
985 1925 1183 1977 mentis
1220 1924 1521 1992 particula;
1550 1935 1605 1979 et
1632 1928 1986 1994 quemadmo-

409 2012 539 2066 dum
586 2012 674 2065 illa
708 2013 877 2066 Deum
931 2012 1100 2076 videt,
1155 2012 1228 2065 ita
1263 2014 1521 2081 consequi
1566 2029 1875 2083 possumus,
1928 2025 1987 2070 ut

410 2112 590 2159 mente
623 2114 810 2158 nostra
838 2103 1080 2156 divinum
1129 2119 1326 2158 numen
1374 2108 1788 2174 complectatur,
1822 2117 1987 2177 atque

409 2196 534 2251 inde
559 2196 669 2266 jam
717 2195 887 2250 simus
910 2195 1052 2249 beati
1078 2196 1103 2249 Υ

477 2288 733 2350 Omnino,
777 2287 1025 2355 inquam.

480 2380 617 2434 Num
651 2380 780 2435 illud
805 2382 969 2435 etiam
1002 2382 1479 2450 comprehendunt
1513 2382 1710 2438 anima:
1739 2388 1985 2441 omnium

415 2471 763 2535 animalium,
813 2472 1189 2540 interrogabat
1222 2474 1307 2527 ille
1346 2489 1414 2527 an
1448 2475 1553 2528 alia
1591 2476 1825 2532 hominis
1866 2479 1985 2532 ani-

407 2580 523 2628 ma,
552 2564 655 2617 alia
682 2564 805 2633 equi
840 2574 896 2618 et
928 2566 1106 2618 asini?

478 2654 721 2719 Minime,
758 2658 1011 2725 inquam;
1045 2640 1138 2710 sed
1165 2659 1367 2711 eadem
1402 2668 1529 2712 sunt
1559 2658 1611 2713 in
1642 2661 1915 2716 omnibus.

480 2746 757 2800 Videbunt
790 2747 978 2814 igitur,
1024 2748 1225 2817 inquit,
1261 2750 1388 2819 equi
1416 2760 1473 2805 et
1501 2751 1667 2817 asini,
1711 2762 1803 2807 aut
1836 2754 1986 2809 vide-

406 2842 535 2887 runt
564 2834 732 2888 Deum
756 2835 1085 2903 aliquando?

478 2922 595 2978 Non
639 2939 800 2988 sane,
860 2926 1117 2995 inquam;
1163 2943 1284 2981 nam
1329 2944 1397 2984 ne
1445 2930 1721 2986 hominum
1767 2934 1983 3003 quidem

408 3016 603 3085 vulgus
630 3034 644 3081 ;
681 3016 776 3070 sed
803 3024 1012 3069 tanturn
1042 3016 1087 3070 si
1122 3018 1246 3085 quis
1266 3018 1413 3086 juste
1442 3022 1658 3089 vixerit,
1689 3040 1753 3078 ac
1775 3026 1983 3095 justitia

406 3106 737 3174 exterisque
765 3108 1023 3162 omnibus
1052 3109 1341 3163 virtutibus
1376 3112 1638 3169 lustratus
1670 3116 1853 3174 fuerit.

480 3197 595 3251 Non
623 3196 735 3265 jam
771 3214 922 3268 ergo,
960 3199 1130 3268 inquit
1160 3200 1268 3265 ille,
1323 3214 1549 3273 propter
1603 3207 1982 3277 cognationem

406 3287 558 3341 videt
622 3289 824 3356 Deum,
882 3303 1055 3359 neque
1103 3305 1170 3345 eo
1210 3293 1355 3359 quod
1390 3310 1543 3351 mens
1585 3297 1687 3363 sit,
1737 3300 1829 3354 sed
1858 3301 1984 3369 quia

409 3389 725 3446 temperans
759 3389 814 3434 et
835 3381 1020 3450 justa?

482 3470 659 3534 Sane,
710 3470 970 3540 inquam;
1024 3479 1076 3527 et
1110 3472 1237 3540 quia
1285 3473 1448 3529 habet
1487 3489 1593 3544 quo
1629 3476 1794 3531 Deum
1829 3476 1989 3532 intel-

412 3557 562 3628 ligat.

482 3652 713 3707 Faciunt
735 3655 991 3724 cuiquam
1025 3654 1280 3724 injuriam
1312 3672 1491 3727 caprae
1516 3667 1570 3714 et
1598 3660 1774 3714 oves?

478 3744 696 3799 Nemini
732 3745 996 3814 profecto,
1026 3746 1269 3816 inquam.

481 3835 750 3889 Videbunt
777 3850 931 3903 ergo.
966 3836 1164 3905 inquit,
1187 3837 1485 3892 secundum
1514 3848 1659 3894 tuam
1689 3840 1986 3895 ratiocina-

413 3926 614 3986 tionem
652 3937 709 3980 et
741 3926 847 3981 ista
891 3928 1211 3983 animantia.

485 4017 707 4073 Minime
731 4036 746 4085 ;
768 4020 876 4075 illis
903 4022 1048 4075 enim
1086 4037 1308 4091 corpus,
1338 4038 1461 4079 cum
1518 4026 1627 4080 tale
1672 4027 1786 4093 sit,
1815 4028 1987 4097 impe-

411 4111 654 4165 dimento
676 4124 781 4168 est.

484 4201 540 4257 Si
574 4220 758 4258 vocem
789 4205 1067 4276 accipiant
1103 4209 1220 4263 haec
1271 4209 1594 4277 animantia,
1650 4211 1825 4281 inquit
1873 4215 1982 4282 ille,

410 4298 580 4364 probe
613 4297 763 4352 scias
794 4298 965 4353 multo
997 4299 1201 4368 potiori
1227 4298 1356 4368 jure
1405 4302 1715 4358 convicium
1767 4308 1983 4376 corpori

480 4436 525 4467 '°
570 4436 625 4491 ln
663 4435 955 4503 Pltwdone,
985 4452 1037 4508 p.
1066 4437 1157 4495 65.

479 4546 589 4623 (ῖὲ)
636 4552 696 4601 Ὃ
715 4551 821 4623 μής
865 4550 1175 4623 [ﬁs-Mdi-

2082 1930 2247 1985 αὑτοῦ
2280 1931 2491 1991 ἐκείνου
2522 1934 2613 1986 τοῦ
2646 1934 2923 2004 βασιλικοῦ
2957 1934 3049 1988 νοῦ
3086 1935 3197 2006 (78)
3250 1935 3447 2007 μέρος;
3493 1936 3575 2000 Ὠς
3600 1936 3649 1988 δὲ

2084 2025 2291 2089 ἐκεῖνος
2345 2026 2447 2097 ὁρᾷ
2497 2025 2586 2078 τὸν
2636 2026 2788 2091 Θεὸν,
2821 2026 2963 2081 οὕτω
3015 2026 3111 2081 καὶ
3161 2029 3294 2098 ἡμῖν
3338 2026 3555 2094 ἐφικτὸν
3584 2026 3650 2096 τῷ

2083 2116 2337 2187 ἡμετέρῳ
2365 2116 2442 2187 νῷ
2472 2117 2752 2173 συλλαϐεῖν
2782 2116 2844 2170 τὸ
2877 2117 3051 2181 Θεῖον,
3086 2117 3182 2171 καὶ
3212 2115 3535 2170 τούντεῦθεν
3558 2116 3647 2188 ἢδη

2085 2208 2420 2279 εὐδαιμονεῖν
2443 2224 2458 2273 ;

2155 2300 2306 2352 Πάνυ
2344 2300 2441 2370 μὲν
2475 2294 2587 2366 οὖν,
2624 2300 2779 2371 ἔφην.

2157 2388 2339 2447 Πᾶσαι
2367 2394 2411 2446 δ’
2446 2394 2594 2464 αὐτῷ
2627 2395 2738 2465 (79)
2772 2392 2859 2446 διὰ
2889 2393 3104 2447 πάντων
3136 2397 3190 2448 αἱ
3223 2393 3399 2466 ψυχαὶ
3431 2394 3650 2468 χωροῦσι

2084 2484 2192 2538 ¹ιτῶν
2232 2486 2404 2551 ζώων,
2437 2485 2645 2557 ἠρώτα,
2679 2485 2712 2557 ἢ
2758 2486 2888 2557 ἄλλη
2944 2487 3040 2557 μὲν
3085 2486 3398 2560 ἀνθρώπου,
3433 2487 3559 2559 ἄλλη
3600 2488 3649 2542 δι

2085 2577 2252 2630 ἵππου
2285 2580 2379 2632 καὶ
2410 2578 2562 2644 δνου;

2156 2668 2298 2723 Οὐκ·
2323 2670 2435 2724 ἀλλ’
2460 2673 2514 2725 αἱ
2544 2670 2704 2726 αὐταὶ
2737 2674 2795 2726 ὲν
2827 2672 2991 2726 πᾶσιν
3025 2673 3182 2736 εἰσιν,
3220 2673 3615 2745 ἀπεκρινάμην.

2158 2762 2414 2831 Ὄψονται
2461 2764 2588 2836 ἄρα,
2625 2766 2776 2837 φησὶ,
2813 2765 2905 2818 καὶ
2952 2765 3107 2819 ἵπποι
3140 2764 3238 2819 καὶ
3282 2763 3418 2829 ὄνοι,
3454 2764 3487 2836 ἢ
3521 2762 3649 2821 εἶδόν

2087 2872 2217 2908 ποτε
2250 2854 2341 2908 τὸν
2374 2855 2533 2920 Θεόν;

2158 2947 2292 3011 Οὐκ,
2324 2947 2460 3019 ἔφην
2485 2965 2499 2979 ·
2534 2948 2653 3002 οὐδὲ
2685 2948 2793 3020 γὰρ
2824 2949 3085 3003 οἷ’πολλοὶ
3116 2949 3225 3002 τῶν
3255 2947 3575 3021 ἀνθρώπων,
3608 2950 3651 3002 ει

2089 3041 2163 3113 μή
2218 3059 2302 3104 τις
2353 3042 2411 3093 ὲν
2462 3040 2584 3114 δίκῃ
2631 3041 2903 3111 βιώσαιτο,
2939 3041 3321 3113 καθηράμενος
3352 3040 3653 3112 δικαιοσύνῃ

2011 3152 2052 3209 C
2086 3134 2181 3188 καὶ
2211 3137 2276 3206 τῇ
2312 3134 2447 3207 ἄλλῃ
2480 3135 2647 3205 ἀρετῇ
2684 3134 2850 3207 πάσῃ.

2158 3227 2273 3279 Οὐκ
2305 3227 2433 3297 ἄρα,
2457 3226 2581 3297 ἔφη,
2606 3224 2695 3279 διὰ
2727 3226 2786 3279 τὸ
2822 3227 3078 3296 συγγενὲς
3109 3228 3213 3299 ὁρᾷ
3244 3227 3339 3281 τὸν
3371 3226 3523 3293 Θεὸν,
3554 3224 3651 3280 οὐδ’

2084 3318 2167 3371 ὅτι
2199 3317 2324 3382 νοῦς
2357 3322 2524 3382 ἐστιν,
2560 3318 2674 3373 ἀλλ’
2707 3319 2789 3372 ὅτι
2825 3319 3054 3391 σώφρων
3088 3321 3183 3374 καὶ
3214 3320 3456 3386 δίκαιοςς

2156 3501 2284 3566 Ναὶ,
2315 3499 2471 3571 ἔφην,
2507 3500 2602 3552 καὶ
2633 3499 2721 3552 διὰ
2753 3498 2812 3552 τὸ
2845 3498 2989 3569 ἔχειν
3020 3492 3065 3567 ᾧ
3091 3502 3203 3553 νοεῖ
3234 3498 3327 3553 τὸν
3358 3499 3511 3554 θεόν.

2157 3676 2223 3728 Τί
2256 3673 2384 3741 οὖνς
2418 3676 2664 3731 ἀδικοῦσί
2697 3694 2817 3731 τινα
2852 3673 3004 3746 αἶγες
3035 3677 3067 3748 ἢ
3094 3676 3379 3749 πρόϐατας

2157 3769 2320 3823 Οὐδὲν
2354 3770 2561 3833 οὐδένα,
2595 3767 2663 3842 ἦν
2694 3770 2739 3822 δ’
2767 3769 2894 3838 ἐγώ.

2158 3861 2417 3929 Ὄψονται
2451 3860 2579 3933 ἄρα,
2611 3862 2763 3931 φησὶ,
2789 3860 2929 3915 κατὰ
2961 3860 3050 3913 τὸν
3083 3858 3174 3913 σὺν
3196 3858 3357 3928 λόγον
3378 3859 3470 3913 καὶ
3491 3853 3651 3914 ταῦτα

2085 3952 2152 4005 τὰ
2188 3952 2336 4017 ζῶας

2090 4104 2100 4112 ς
2156 4043 2266 4095 Οὐο
2304 4042 2363 4095 τὺ
2408 4043 2518 4115 γὰρ
2564 4043 2724 4113 σῶμα
2771 4044 2974 4105 αὐτοῖς,
3007 4040 3247 4096 τοιοῦτον
3293 4042 3372 4107 ὃν,
3409 4042 3650 4114 ἐμπόδιόν

2084 4132 2248 4185 ἐστιν.

2150 4224 2213 4277 El
2246 4222 2459 4276 λάϐοιεν
2492 4221 2674 4291 φωνὴν
2707 4220 2772 4273 τά
2806 4218 2919 4284 ζῶα
2960 4219 3156 4284 ταῦτα,
3193 4219 3475 4293 ὑποτυχὼν
3519 4222 3654 4274 ἐκεῖ·

2080 4333 2191 4381 νος,
2227 4310 2286 4368 εὖ
2323 4313 2430 4367 ἴσθι
2462 4314 2542 4366 ὅτι
2574 4311 2705 4365 πολὺ
2739 4310 2804 4365 ἂν
2836 4309 3199 4383 εὐλογώτερον
3220 4311 3405 4365 ἐκεῖνα
3424 4310 3651 4383 τῷἡμε-

2090 4554 2234 4608 cnim
2260 4562 2417 4607 antea
2446 4551 2736 4621 quaesierat
2769 4564 2959 4611 senex,
2983 4564 3052 4621 an
3083 4549 3247 4603 Deum
3282 4565 3436 4621 mens
3457 4559 3647 4604 .n0stra

478 4596 591 4691 lji’;
649 4596 822 4675 Ἆᾶῖέὶέ
842 4596 1007 4681 53$.
1023 4596 1358 4691 "L’éééndum
1382 4621 1518 4677 ἀλλὰ
1534 4623 1587 4677 τι
1609 4624 1704 4690 δν;
1735 4626 1817 4678 vel
1846 4622 1968 4677 ἀλλά

2133 4623 2295 4689 piritu
2322 4596 2514 4677 sancio
2544 4638 2646 4674 nun
2677 4596 3144 4691 exornatayvi‘dere
3174 4619 3369 4687 possit,
3414 4620 3485 4674 ita
3514 4631 3650 4689 post.

407 4703 458 4739 τι
495 4688 555 4742 ὃν
588 4690 814 4744 τοιοῦτο.

477 4758 593 4832 (_78)
630 4759 957 4832 Βᾳσιλικοῦ
996 4761 1127 4817 νοῦ.
1171 4761 1285 4816 Non
1340 4763 1571 4818 deerunt
1618 4763 1856 4819 fortasse
1885 4765 1975 4832 qui

410 4829 613 4902 [egiam
640 4830 793 4902 illam
811 4840 1044 4884 mentem
1070 4832 1203 4885 nihil
1228 4832 1373 4886 aliud
1396 4848 1517 4887 esse
1542 4850 1703 4902 quam
1740 4829 1975 4890 Verbum

411 4897 504 4973 Rei
544 4900 1124 4973 prpuunt_ien_t,_atque
1169 4903 1292 4957 inde
1333 4897 1659 4957 eunt-ludant
1708 4904 1821 4973 jam
1868 4916 1977 4957 tum

409 4967 722 5042 Platdni’cos
755 4970 950 5042 de_Dei
992 4971 1196 5035 Verbo,
1228 4981 1286 5025 ut
1324 4974 1389 5025 de
1435 4988 1661 5042 persona
1697 4967 1975 5040 distincta,

406 5038 769 5111 disseruisse;
806 5040 1073 5108 siquidem
1118 5058 1285 5096 senex
1327 5038 1451 5096 non'
1484 5055 1753 5111 quaereret
1785 5059 1850 5097 ex
1882 5038 1976 5096 Jué

408 5109 554 5182 stino
584 5125 652 5163 an
684 5109 862 5182 anima
894 5123 1077 5165 nostra
1107 5127 1233 5181 pars
1262 5113 1331 5166 sit
1364 5109 1525 5182 regiae
1568 5114 1710 5167 illius
1758 5115 1972 5177 mentis,

407 5178 513 5251 nisi
543 5193 666 5251 eunt
696 5179 747 5232 in
776 5180 1015 5236 Platonis
1042 5178 1252 5244 schola,
1283 5178 1507 5250 quidsit
1538 5185 1685 5251 regia
1712 5184 1797 5235 illa
1827 5199 1975 5237 tuens

405 5246 667 5304 didicisse
710 5251 897 5304 sciret.
937 5250 1136 5306 Verum
1187 5246 1401 5305 etiamsi
1452 5246 1693 5305 dederim
1746 5255 1859 5305 hare
1908 5255 1975 5306 de

405 5319 587 5390 Verbo
620 5319 711 5374 Dei
741 5322 1055 5390 accipienda
1105 5338 1254 5386 esse;
1294 5338 1398 5375 non
1433 5322 1635 5375 idcirco
1673 5323 1975 5377 Platonicos

402 5388 471 5442 de
495 5389 669 5446 Verbo
701 5390 812 5458 jam
848 5388 960 5447 tum
991 5394 1233 5447 dederim
1265 5392 1605 5445 disseruisse.
1648 5392 1811 5447 Paulo
1847 5404 1973 5447 ante

402 5460 621 5515 dicebat
647 5478 808 5516 senex
840 5480 856 5518 :
894 5480 912 5514 ι
945 5465 1026 5516 An
1051 5464 1218 5517 Deum
1248 5462 1450 5513 videbit
1478 5463 1768 5529 aliquando
1789 5464 1969 5515 huma-

403 5544 473 5602 na
495 5546 646 5584 mens
664 5533 869 5602 Spiritu
888 5544 1081 5588 sancto
1108 5548 1212 5585 non
1238 5541 1498 5584 exornata
1514 5531 1564 5583 ζ’»
1591 5533 1670 5584 Au
1693 5533 1815 5585 inde
1839 5549 1968 5588 con-

400 5599 591 5671 cludes
618 5599 924 5658 Platonicos
952 5620 1057 5656 nou
1086 5603 1309 5655 latuisse
1332 5602 1460 5668 quid
1487 5603 1555 5654 sit
1581 5604 1817 5671 Spiritus
1843 5618 1968 5656 San-

401 5670 559 5741 ctus?
587 5672 666 5724 Ad
697 5677 943 5729 eumdem
977 5674 1241 5741 Spiritum
1276 5671 1467 5725 referri
1501 5672 1723 5741 debent,
1751 5687 1871 5740 quae
1902 5676 1968 5725 de

402 5740 549 5809 regia
603 5753 782 5800 mente
845 5745 951 5802 hoc
997 5740 1116 5799 luco
1168 5745 1445 5798 dicuntur.
1502 5740 1967 5808 Quemadmodum

2087 4708 2247 4757 quam
2281 4692 2654 4745 animadvertit
2683 4689 2953 4743 Justinttnt
3002 4691 3252 4742 humanm
3281 4700 3488 4744 natura:
3515 4694 3649 4743 hanc

2088 4761 2180 4816 Dei
2216 4762 2437 4816 videndi
2461 4760 2770 4814 facultatem
2795 4759 3113 4821 attribuere,
3138 4760 3335 4811 iterum
3366 4759 3553 4828 quaerit
3583 4774 3646 4809 au

2086 4833 2266 4885 anima
2292 4841 2477 4886 nostra
2510 4830 2688 4883 divina
2716 4834 2786 4883 sit
2817 4838 2873 4882 et
2903 4828 3223 4881 immortalis
3252 4839 3308 4882 et
3326 4832 3484 4897 regiae
3510 4829 3648 4885 illius

2086 4903 2285 4955 mentis
2316 4900 2602 4971 particula.
2636 4898 2987 4971 Perspicuum
3036 4910 3167 4971 ergo
3194 4905 3297 4971 _est
3322 4913 3461 4971 _eutn
3512 4913 3649 4949 nunc

2085 4967 2352 5040 qmereré.
2386 4986 2452 5023 an
2484 4971 2668 5023 anima
2701 4970 2843 5040 illius
2877 4969 2947 5033 sit
2978 4967 3268 5040 particula,
3304 4969 3371 5040 de
3400 4982 3502 5040 quo
3528 4980 3650 5040 ante

2085 5037 2395 5108 quaesierat,
2424 5056 2489 5092 an
2531 5042 2647 5093 sine
2688 5039 2834 5091 illius
2865 5038 3068 5108 auxilio
3104 5038 3241 5108 Deus
3267 5037 3437 5090 videri
3463 5037 3646 5108 possit.

2084 5106 2335 5165 Hieretici
2368 5111 2511 5164 illius
2540 5110 2733 5171 tralatis,
2766 5123 2888 5160 cum
2915 5107 3123 5160 viribus
3154 5106 3268 5159 suis
3293 5108 3454 5174 impie
3477 5106 3648 5176 epuli-

2079 5183 2292 5245 derent,
2313 5190 2561 5243 naturam
2594 5178 2953 5233 immortalem
2982 5187 3036 5229 et
3068 5179 3175 5229 Deo
3218 5177 3650 5245 consubstantia-

2078 5252 2182 5305 lem
2233 5253 2333 5305 sibi
2380 5250 2711 5318 arrogabant
2751 5249 2820 5302 ob
2866 5261 3053 5300 semen
3083 5246 3359 5314 quoddam
3389 5246 3487 5318 s_ib_i
3518 5244 3648 5311 inje-

2079 5331 2227 5375 ctum
2255 5338 2283 5373 a
2320 5333 2494 5373 matre
2514 5314 2617 5373 sua
2647 5320 3159 5390 Aeliatnots_.__qi_iant
3195 5318 3363 5390 etiam
3392 5314 3647 5390 Spiritum

2080 5404 2331 5446 sanctum
2358 5392 2643 5445 voeabant.
2671 5391 2822 5442 Plato
2853 5389 2902 5440 in
2927 5384 3169 5458 Philebo,
3195 5402 3249 5458 Ρ.
3284 5385 3377 5458 5t),
3411 5384 3648 5458 agnoscit

2080 5404 2331 5446 sanctum
2358 5402 2643 5445 VUCatbattl.
2671 5402 2822 5442 l’lnto
2853 5405 2902 5440 Itt
2927 5402 3169 5450 ruueno,
3234 5423 3249 5438 .
3284 5402 3377 5451 ou,
3411 5402 3647 5458 agnosgtt

2074 5462 2132 5513 in
2171 5460 2320 5515 .lnvis
2374 5471 2589 5523 natura,
2626 5458 2907 5529 βασιλικὴν
2950 5402 3647 5529 ψυχὴνηὲασιλικὺνηνουν,

2076 5533 2170 5586 sed
2201 5534 2341 5587 hanc
2364 5524 2636 5594 animam,
2663 5535 2803 5584 hanc
2845 5524 3135 5582 ammenta
3155 5524 3292 5581 love
3321 5542 3426 5581 non
3458 5524 3646 5577 distin-

2079 5604 2220 5670 guit.
2362 5668 2383 5670 _
2558 5668 2591 5670 μ
2757 5667 2779 5670 _
2845 5666 2865 5670 _
3075 5666 3086 5670 _
3146 5666 3158 5670 _
3245 5666 3254 5670 Α
3340 5665 3390 5670 Η
3523 5660 3555 5670 ν,

2143 5671 2255 5740 (79)
2294 5668 2491 5724 Πᾶσαι
2544 5668 2595 5723 δ’
2628 5667 2807 5734 αὐτῷ.
2844 5666 2985 5735 Lege
3029 5666 3179 5720 αὐτό.
3228 5665 3448 5721 Arridet
3484 5665 3645 5717 etiam

2081 5739 2329 5798 Thirlbio
2358 5745 2471 5795 haec
2493 5740 2821 5795 emendandi
2850 5740 3012 5791 ratio.
