3760 6530
366 361 471 418 487

438 475 604 534 Recte
639 476 791 532 facis.
831 474 1002 542 Quam
1054 472 1198 527 enim
1248 472 1413 526 habet
1444 474 1711 526 rationem
1739 485 1937 538 corpus
1968 484 2012 537 Α

368 575 504 628 adeo
531 572 769 626 solidum
795 579 851 624 et
882 572 1078 621 durum
1107 578 1161 620 et
1198 572 1664 635 coagmentatum,
1694 567 1946 633 quodque

369 660 715 727 immittatur,
746 663 885 731 peril
918 671 975 714 et
1018 659 1263 713 nascitur
1311 658 1576 726 quotidie,
1606 672 1713 711 non
1743 659 1811 711 al)
1842 655 1945 710 ali-

366 770 476 827 qua
514 770 682 811 causa
711 765 891 808 ortum
913 751 1180 806 censere?
1214 750 1366 816 Quod
1394 748 1440 802 si
1472 749 1704 803 mundus
1731 749 1946 820 genitus

367 857 490 913 est,
542 860 765 900 necesse
829 852 913 898 est
968 846 1181 900 animas
1224 858 1440 914 quoque
1478 842 1690 911 genitas
1720 856 1858 905 esse,
1882 857 1945 896 ac

378 951 539 1005 posse
593 936 766 990 nullas
809 950 949 989 esse.
1015 934 1152 989 Sunt
1198 935 1345 988 enim
1378 934 1536 988 facta:
1583 934 1864 987 hominum
1892 941 1947 985 et

376 1044 694 1086 cmterorum
728 1030 1042 1084 animalium
1077 1044 1263 1096 causa,
1299 1029 1345 1084 si
1386 1029 1609 1083 omnino
1649 1028 1942 1096 separatim

367 1138 432 1177 ac
465 1140 567 1177 non
594 1140 695 1177 una
722 1139 844 1177 cmn
882 1123 1118 1191 propriis
1153 1122 1477 1192 corporibus
1513 1120 1731 1191 genitas
1768 1119 1941 1175 dices.

436 1302 663 1358 Videtur
695 1305 795 1358 hoc
826 1312 970 1359 recte
1001 1319 1060 1359 se
1093 1304 1314 1360 habere.

435 1393 549 1446 Non
573 1408 706 1460 ergo
728 1394 1062 1448 immortales
1087 1398 1251 1450 sunt?

436 1483 552 1538 Non
578 1502 593 1551 ;
620 1484 882 1554 siquidem
909 1486 1203 1540 Statuimus
1234 1484 1495 1540 mundum
1519 1497 1646 1539 esse
1678 1476 1936 1555 genitum.

435 1574 550 1630 Non
586 1586 764 1630 tamen
812 1577 994 1645 perire
1024 1578 1147 1631 dico
1178 1577 1316 1631 ullas
1356 1578 1609 1642 animas;
1636 1591 1761 1631 vere
1797 1578 1940 1631 enim

363 1667 427 1721 dr.
453 1667 604 1722 lucro
660 1668 711 1721 id
768 1679 917 1721 esset
970 1668 1257 1736 improbis.
1304 1667 1442 1734 Quid
1482 1669 1689 1736 igitur?
1722 1667 1940 1722 Piorum

364 1760 580 1827 quidem
605 1759 814 1813 animas
845 1764 896 1814 in
941 1760 1164 1813 meliore
1194 1759 1313 1812 loco
1347 1774 1590 1825 manere,
1625 1759 1939 1830 iniquorum

362 1863 541 1903 autom
563 1860 614 1905 et
643 1850 910 1905 malorum
954 1852 1006 1904 in
1036 1850 1539 1918 deteriore,judicii
1590 1859 1801 1922 tempus
1840 1868 1937 1905 ex-

362 1952 694 2009 spectantes.
729 1941 822 1995 Sic
865 1941 1006 2005 istae,
1032 1957 1155 1995 cum
1193 1942 1304 1995 Deo
1334 1939 1784 2010 dignaejudicatm
1825 1940 1939 1993 fue-

365 2034 497 2095 rint,
548 2049 653 2087 non
701 2032 814 2100 jam
889 2034 1235 2098 moriuntur;
1304 2034 1387 2088 lue
1430 2049 1560 2087 vero
1615 2034 1936 2102 puniuntur,

363 2126 601 2194 quamliu
634 2142 728 2179 eas
749 2141 871 2181 esse
902 2137 954 2180 et
978 2127 1161 2194 puniri
1190 2127 1335 2181 Deus
1371 2125 1624 2180 voluerit.

433 2300 592 2362 Nunt,
640 2317 843 2371 qua'so,
880 2304 1023 2370 quod
1065 2303 1202 2357 dicis
1229 2301 1338 2356 tale
1380 2311 1488 2365 est,
1525 2303 1687 2371 quale
1719 2304 1771 2357 id
1792 2305 1937 2373 qttod

359 2401 415 2450 et
461 2396 612 2447 Plato
643 2396 981 2449 subobscure
1022 2395 1188 2448 tradit
1219 2395 1285 2448 de
1315 2396 1541 2459 mundo,
1596 2396 1936 2463 corruptioai

358 2487 657 2542 obnoxium
704 2486 921 2553 dicens,
954 2495 1232 2555 quatenus
1258 2488 1478 2555 genitus
1508 2496 1623 2551 est;
1658 2485 1820 2556 108
1852 2487 1938 2539 fu-

363 2590 544 2633 turum
591 2588 771 2633 tamen
807 2588 1032 2649 propter
1068 2576 1162 2632 Dei
1208 2576 1565 2642 voluntatem,
1611 2588 1667 2630 ut
1710 2593 1808 2630 nec
1832 2578 1934 2632 sol-

361 2686 544 2736 vatur,
579 2688 677 2726 nec
702 2672 754 2724 itt
789 2671 978 2724 mortis
1003 2669 1170 2723 latum
1200 2669 1479 2723 incurrat?
1506 2671 1650 2722 ldent
1701 2668 1794 2723 tibi
1820 2670 1934 2740 pla-

362 2772 450 2817 cet
481 2764 549 2817 de
582 2763 761 2817 anima
791 2778 855 2816 ac
885 2762 1187 2832 generatim
1240 2762 1307 2816 de
1337 2762 1591 2817 omnibus
1614 2762 1757 2816 dici?
1782 2762 1938 2829 Qum-

361 2870 579 2925 cunque
607 2855 753 2910 enim
785 2865 909 2923 post
939 2853 1109 2907 Deum
1144 2863 1295 2918 sunt,
1320 2863 1412 2908 aut
1448 2863 1613 2908 erunt
1641 2854 1936 2923 aliquando

367 2961 431 3000 ea
464 2957 716 3000 naturam
749 2945 1309 3015 habentcorruptioni
1353 2944 1671 3009 obnoxiam,
1705 2961 1769 2999 ac
1806 2945 1937 2999 talia

376 3046 508 3089 Sttttl.
562 3047 622 3089 ut
675 3034 881 3088 aboleri
941 3036 1171 3102 possint,
1209 3050 1274 3088 ac
1303 3035 1414 3105 jam
1439 3036 1583 3089 nulla
1605 3050 1748 3093 esse.
1778 3038 1937 3093 Solus

367 3133 512 3183 enim
537 3127 677 3181 Detts
709 3137 813 3190 est,
848 3127 941 3194 qui
974 3142 1073 3180 nec
1105 3127 1319 3195 genitus
1350 3127 1443 3189 sit.
1476 3143 1577 3183 nec
1599 3130 1933 3199 corruptioni
1964 3160 2007 3216 ε

351 3212 656 3283 οὺιιοχὶυε,
684 3234 746 3275 ac
771 3226 1056 3289 propterea
1083 3219 1222 3273 Dens
1259 3229 1378 3285 est;
1414 3220 1623 3289 reliqua
1665 3236 1793 3276 vero
1822 3237 1939 3275 om-

363 3313 620 3381 nia,qu."e
647 3321 769 3379 post
788 3326 913 3367 eum
972 3322 1126 3379 sunt,
1177 3313 1358 3380 genita
1400 3322 1453 3366 et
1480 3314 1813 3383 corruptioui
1842 3314 1936 3367 ob-

363 3405 554 3460 noxia.
621 3403 736 3460 Hoc
782 3406 957 3479 ipsum
996 3420 1175 3459 causa:
1206 3415 1312 3466 est,
1359 3420 1460 3460 cur
1510 3407 1704 3459 animte
1736 3417 1790 3461 et
1823 3423 1936 3459 mo-

363 3498 577 3552 riantur
597 3508 652 3552 et
687 3498 1008 3567 puniantur.
1056 3496 1188 3549 Nam
1229 3498 1274 3550 si
1309 3496 1566 3566 ingenitae
1601 3508 1803 3561 essent,
1836 3513 1936 3552 nec

362 3596 683 3655 peccarent,
733 3604 834 3643 nec
871 3587 1101 3641 stultitia
1155 3588 1558 3651 redundarent,
1588 3604 1689 3642 nec
1730 3589 1937 3658 ignavae

362 3690 567 3747 essent,
590 3696 690 3735 nec
720 3695 936 3735 rursum
964 3678 1206 3745 feroces;
1240 3694 1411 3747 neque
1432 3681 1597 3733 etiam
1627 3696 1723 3735 sua
1748 3689 1939 3750 sponte

437 3845 482 3877 “
521 3843 672 3898 Plato
708 3844 760 3897 in
799 3842 1015 3907 Timaeo,
1041 3860 1097 3916 [ι.
1128 3846 1220 3902 Η.

436 4021 547 4092 (8i)
588 4020 805 4092 Hdaag
826 4019 933 4084 τὰς
955 4019 1268 4092 ψυχάςηδί
1293 4022 1512 4075 verbum
1544 4022 1707 4075 verbo
1736 4022 1931 4074 reddat:-

365 4090 508 4153 mus,
545 4092 626 4143 sic
674 4091 811 4143 verti
853 4091 1092 4157 poterit:
1130 4109 1147 4141 ε
1189 4090 1302 4144 Nan
1354 4107 1541 4145 omnes
1575 4106 1674 4154 ego
1721 4093 1932 4145 animas

366 4164 550 4229 perire
570 4159 726 4223 dico;
766 4176 782 4210 ι
822 4160 915 4213 sed
956 4161 1181 4214 reddere
1219 4160 1421 4213 malui:
1463 4178 1480 4211 ι
1517 4161 1701 4214 Nullas
1726 4162 1934 4215 animas

367 4233 547 4299 perire
582 4231 725 4282 dico.
779 4247 797 4280 ι
836 4234 988 4296 ξίιιιρθ
1019 4231 1132 4283 hanc
1163 4230 1414 4299 loquendi
1443 4233 1579 4285 ratio
1612 4233 1662 4282 in
1688 4233 1930 4286 eamdem

366 4300 690 4355 sententiam
740 4312 1078 4367 usurpatur;
1137 4299 1281 4353 velut
1318 4316 1439 4355 cum
1474 4302 1613 4355 idem
1662 4316 1827 4354 senex
1858 4304 1934 4354 ait

364 4368 577 4424 Justino
618 4369 718 4421 sub
763 4372 921 4423 liuent
965 4369 1219 4424 colloquii
1256 4370 1370 4424 :Ot’a
1404 4371 1511 4424 γάο
1547 4370 1783 4424 συνοπτά
1814 4371 1933 4423 οὐδὲ

368 4388 577 4424 ιιιειιηο
618 4388 718 4421 suo
763 4388 921 4423 nnem
965 4388 1104 4423 cono
1147 4388 1219 4423 llll
1256 4388 1370 4424 :UD
1443 4388 1476 4424 α
1547 4388 1783 4424 συνοπτα
1814 4388 1933 4423 oues

368 4438 644 4511 guwoqséc
675 4434 840 4511 πᾶσίν
875 4441 1042 4503 ἐστιν,
1090 4388 1140 4492 εἳ
1175 4440 1247 4511 μή
1283 4452 1359 4509 τῳ
1403 4388 1534 4505 Sag;
1566 4440 1641 4511 δῷ
1676 4441 1933 4495 συνιέναι.

1330 352 1387 411 S.
1426 352 1692 410 JUSTINI
1729 345 2143 409 PHILOSOPHI
2168 352 2257 407 ΕΤ
2292 351 2650 407 MARTYRIS

3511 349 3623 404 J88

2128 472 2331 543 Ὀρθῶς
2364 470 2551 525 ποιῶν.
2601 469 2735 523 Τίνα
2777 466 2886 540 γὰρ
2926 466 3082 535 λόγον
3118 466 3253 538 ἔχει,
3290 464 3451 537 σῶμα
3479 466 3623 520 οὕτω

2051 563 2274 634 στερεὸν
2312 564 2408 617 καὶ
2439 561 2757 617 ἀντιτυπίαν
2791 560 2937 631 ἔχον,
2969 560 3064 613 καὶ
3090 559 3365 625 σύνθετον,
3400 558 3494 613 καὶ
3527 557 3625 613 ἀλυ

2047 654 2375 725 λοιούμενον,
2420 655 2515 708 καὶ
2548 653 2752 723 φθίνον,
2787 653 2882 706 καὶ
2913 652 3193 723 γινόμενον
3229 652 3466 722 ἑκάστης
3497 651 3623 721 ἠμέ-

2049 761 2168 815 ρας,
2194 744 2268 815 μὴ
2288 744 2381 797 ἀπ’
2417 745 2588 815 ἀρχῆς
2619 759 2764 806 τινος
2813 742 3060 813 ἡγεῖσθαι
3107 741 3426 810 γεγονέναι;
3456 742 3564 795 εῑδ’
3594 746 3626 796 ὁ

2047 836 2249 907 κόσμος
2282 836 2556 907 γεννητὸς,
2592 836 2805 906 ἀνάγκη
2842 835 2936 887 καὶ
2982 834 3083 898 τὰς
3113 834 3294 905 ψυχὰς
3321 834 3622 903 γεγονέναι,

2046 932 2140 983 καὶ
2173 930 2272 982 οὐκ
2317 924 2456 982 εἷναί
2505 938 2595 981 ποι
2640 928 2797 998 τάχα.
2846 926 2943 979 Διὰ
2977 925 3087 998 γὰρ
3119 927 3247 990 τοὺς
3298 926 3623 997 ἀνθρώπους

2046 1021 2292 1089 ἐγένοντο
2340 1022 2435 1074 καὶ
2465 1019 2534 1072 τὰ
2576 1019 2710 1073 ἄλλα
2743 1018 2878 1082 ζῶα,
2926 1020 2973 1071 ει
3005 1017 3142 1081 ὅλως
3192 1019 3318 1070 κατ’
3353 1016 3511 1081 ἰδίαν,
3533 1032 3628 1071 και

2049 1114 2123 1184 μὴ
2174 1112 2310 1184 μετά
2357 1112 2466 1166 τῶν
2513 1112 2657 1166 ίδίων
2708 1111 2975 1181 σωμάτων
3025 1111 3217 1181 φήσεις
3263 1109 3438 1174 αὐτὰς
3473 1125 3632 1178 γεγο-

2049 1206 2215 1259 νέναι.

2116 1293 2301 1357 Οὕτως
2331 1294 2478 1347 δοκεῖ
2506 1292 2679 1365 ὀρθῶς
2711 1292 2874 1364 ἔχειν.

2116 1387 2230 1439 Οὐκ
2261 1385 2370 1457 ἄρα
2402 1384 2657 1438 ἀθάνατοι
2680 1400 2694 1449 ;

2116 1478 2252 1540 Οὔκ,
2301 1477 2488 1548 ἐπειδὴ
2531 1478 2626 1531 καὶ
2655 1480 2684 1531 ὁ
2716 1474 2916 1547 κόσμος
2960 1474 3215 1549 γεννητὸς
3252 1478 3387 1550 ἡμῖν
3432 1477 3623 1549 ἐφάνη.

2129 1569 2289 1623 Ἀλλά
2323 1567 2427 1640 μὴν
2459 1567 2578 1621 οὐδὲ
2610 1568 2973 1638 ἀποθνήσκειν
3006 1569 3147 1639 φημὶ
3193 1568 3375 1631 πάσας
3393 1568 3494 1631 τὰς
3523 1568 3624 1637 ψο-

2047 1662 2151 1734 χάς
2174 1662 2285 1733 (84)
2324 1660 2464 1729 ἐγώ·
2512 1661 2741 1732 ἕρμαιον
2786 1660 2894 1732 γάρ
2928 1656 3140 1732 ἦν,(85)
3172 1661 3249 1725 ὡς
3278 1660 3497 1731 ἀληθῶς
3518 1666 3626 1725 τοῖς

2045 1758 2253 1817 κακοῖς.
2285 1752 2443 1806 Ἀλλά
2462 1751 2551 1816 τίς
2584 1752 2683 1816 τὰς
2703 1752 2799 1822 μὲν
2831 1751 2938 1804 τῶν
2970 1752 3232 1816 εὐσεϐῶν,
3266 1754 3327 1805 ὲν
3362 1753 3628 1825 κρείττονε

2044 1866 2133 1901 ποι
2185 1846 2346 1919 χώρῳ
2396 1839 2598 1917 μένειν,
2648 1846 2747 1909 τὰς
2790 1846 2846 1899 δὲ
2908 1845 3127 1909 ἀδίκους
3166 1845 3260 1899 καὶ
3293 1845 3541 1917 πονηρὰς
3571 1848 3627 1899 ὲν

2041 1943 2265 2014 χείρονι,
2287 1940 2379 1994 τὸν
2405 1940 2505 2009 τῆς
2526 1939 2759 2011 κρίσεως
2775 1934 3129 2009 ἐκδεχομένας
3144 1938 3337 2009 χρόνον
3353 1927 3478 1992 τότε
3496 1938 3621 2009 (86).

2041 2022 2225 2097 Οὕτως
2269 2035 2324 2085 αἱ
2374 2032 2492 2103 μὲν,
2545 2031 2692 2097 ἄξιαι
2740 2030 2832 2084 τοῦ
2865 2030 2999 2084 Θεοῦ
3037 2030 3325 2100 φανεῖσθαι
3361 2030 3496 2101 (87),
3530 2032 3625 2082 οὐκ

2040 2124 2469 2195 ἀποθνήσκουσιν
2490 2123 2569 2175 ἔτι
2587 2139 2601 2153 ο
2632 2125 2686 2176 αἱ
2715 2122 2769 2176 δὲ
2789 2121 3104 2187 κολάζονται
3130 2121 3240 2175 ἔστ’
3261 2122 3330 2175 ἂν
3347 2123 3520 2186 αὑτὰς
3536 2122 3627 2175 καὶ

2040 2213 2177 2269 εἶναι
2212 2217 2305 2269 καὶ
2338 2213 2658 2280 κολάζεσθαι
2693 2216 2722 2268 ὁ
2753 2214 2886 2278 Θεὸς
2920 2213 3068 2288 θέλῃ.

2109 2304 2256 2379 τΔρα
2276 2307 2521 2362 τοιοῦτόν
2572 2311 2718 2362 ἐστιν
2753 2309 2781 2360 δ
2812 2308 3011 2377 λέγεις,
3046 2302 3156 2360 οἷον
3190 2307 3287 2361 καὶ¹
3309 2307 3539 2362 Πλάτων
3571 2311 3626 2361 ὲν

2040 2398 2256 2470 Τιμαίῳ
2290 2398 2336 2431 ⁸⁸
2380 2400 2683 2453 αἰνίσσεται
2717 2397 2968 2471 περὶτοῦ
3020 2398 3250 2469 κόσμου,
3296 2398 3496 2466 λέγων,
3544 2399 3625 2451 ὅτι

2041 2489 2203 2553 αὐτὸς
2239 2491 2336 2561 μὲν
2381 2490 2477 2543 καὶ
2512 2488 2749 2563 φθαρτός
2782 2493 2927 2543 ἐστιν
3026 2490 3271 2559 γέγονεν,
3306 2490 3370 2543 οὐ
3405 2489 3626 2562 λυθήσε-

2038 2579 2126 2632 ται
2156 2580 2231 2643 δὲ,
2257 2580 2375 2633 οὐδὲ
2399 2576 2647 2645 τεύξεται
2671 2581 2898 2634 θανάτου
2936 2572 3149 2652 μοίρας,
3178 2580 3265 2634 διὰ
3298 2580 3400 2652 τὴν
3443 2580 3626 2653 βούλη-

2041 2684 2125 2723 σιν
2166 2670 2258 2724 τοῦ
2307 2671 2479 2737 Θεοῦς
2511 2665 2655 2725 τοῦτ⁶
2696 2671 2823 2725 αὐτό
2856 2690 2939 2725 σοι
2969 2673 3115 2725 δοκεῖ
3148 2674 3243 2725 κα)⁵
3277 2674 3409 2744 περὶ
3451 2672 3625 2745 ψυχῆς

2038 2762 2133 2816 καὶ
2156 2762 2342 2827 ἀπλῶς
2368 2763 2585 2817 πάντων
2609 2762 2737 2835 πέρι
2758 2761 3046 2831 λέγεσθαι;
3082 2761 3226 2817 Ὀσα
3245 2763 3360 2836 γάρ
3381 2766 3499 2816 ἐστι
3515 2762 3627 2835 (88)

2042 2852 2180 2922 μετὰ
2205 2852 2298 2906 τὸν
2337 2844 2468 2907 Θεὸν
2503 2846 2536 2924 ἢ
2583 2853 2735 2907 ἔσται
2781 2854 2930 2915 ποτὲ,
2976 2854 3151 2909 ταῦτα
3182 2855 3347 2922 φύσιν
3387 2855 3628 2926 φθαρτὴν

2037 2943 2181 3014 ἔχειν
2239 2942 2373 3015 (89),
2423 2946 2521 2999 καὶ
2569 2942 2658 2999 οἷά
2682 2954 2742 3002 τε
2766 2943 3191 3016 ἐξαφανισθῆναι
3229 2947 3327 3000 καὶ
3380 2946 3457 3018 μὴ
3491 2942 3629 3000 εἶναι

2038 3030 2138 3087 ἔτι.
2163 3031 2338 3097 Μόνος
2371 3032 2479 3105 γὰρ
2526 3033 2821 3104 ἀγέννητος
2855 3034 2950 3086 καὶ
2985 3033 3264 3107 ἄφθαρτος
3297 3035 3500 3100 ὁθεὸς,
3533 3035 3628 3091 καὶ

2037 3124 2123 3177 διὰ
2153 3124 2312 3178 τοῦτο
2335 3116 2465 3190 Θεός
2511 3128 2626 3179 ἐστι
2645 3136 2659 3157 ⁸
2694 3129 2762 3179 τὰ
2790 3126 2845 3180 δὲ
2877 3127 3037 3180 λοιπὰ
3062 3128 3238 3181 πάντα
3269 3130 3411 3200 μετά
3445 3130 3627 3184 τοῦτον

2040 3215 2274 3284 γεννητά
2297 3218 2390 3269 καὶ
2421 3217 2653 3289 φθαρτά.
2689 3212 2891 3271 Τούτου
2914 3219 3073 3291 χάριν
3122 3221 3219 3274 καὶ
3248 3222 3627 3293 ἀποθνήσκου-

2042 3325 2125 3361 σιν
2143 3312 2197 3361 αἱ
2226 3309 2392 3379 ψυχαὶ
2420 3312 2513 3364 καὶ
2536 3310 2850 3375 κολάζονται
2869 3330 2883 3342 ο
2921 3314 3062 3376 ἐπεὶ,
3097 3315 3147 3365 εἰ
3167 3313 3457 3384 ἀγέννητοι
3489 3311 3630 3387 ἦσαν

2037 3401 2150 3455 οὔτ’
2186 3402 2250 3455 ἂν
2286 3401 2681 3475 ἐξημάρτανον,
2700 3404 2823 3459 οὔτε
2853 3405 3168 3476 ἀφροσύνης
3187 3407 3449 3479 ἀνάπλεῳ
3464 3404 3625 3479 ἦσαν,

2036 3492 2156 3544 οὐδὲ
2190 3492 2361 3546 δειλαὶ
2411 3494 2507 3546 καὶ
2556 3493 2804 3566 θρασεῖαι
2861 3496 3054 3548 πάλιν
3092 3494 3207 3548 ἀλλ’
3239 3488 3365 3550 οὐδὲ
3405 3497 3632 3555 ἑκοῦσαε

2040 3601 2170 3637 ποτε
2219 3587 2298 3648 εἰς
2335 3584 2467 3650 σύας
2503 3586 2742 3659 ἐχώρουν
2781 3588 2892 3658 (90)
2930 3589 3024 3641 καὶ
3065 3588 3218 3657 ὄφεις
3268 3590 3366 3642 καὶ
3423 3590 3623 3653 κύνας·

2038 3675 2157 3729 οὐδὲ
2189 3674 2292 3747 μὴν
2320 3678 2724 3746 ἀναγκάζεσθαι
2740 3679 2908 3745 αὐτὰς
2929 3672 3104 3750 θέμις,
3123 3680 3283 3752 εἴπερ
3305 3682 3445 3735 εἰσὶν
3480 3682 3630 3748 ἀγέν-

2039 4023 2278 4078 Isidorus
2306 4011 2493 4078 Peius.
2521 4020 2613 4076 lib.
2643 4032 2683 4076 tt
2704 4063 2718 4083 .
2757 4022 2918 4087 epist.
2952 4020 3093 4087 203,
3116 4020 3357 4075 similem
3382 4018 3625 4076 Platonis

2042 4095 2368 4157 sententiam
2398 4092 2649 4149 referunt
2673 4108 2739 4147 ex
2774 4093 2991 4147 Timeo.

2112 4162 2221 4233 (86)
2248 4162 2478 4230 Χρόνον
2500 4164 2651 4216 τότε.
2678 4162 2824 4216 Satis
2858 4174 2999 4233 apte)
3030 4157 3327 4233 Thirlbius
3348 4162 3623 4233 emendat,

2042 4228 2427 4304 ac'legen'glum
2469 4240 2620 4304 putat
2646 4233 2840 4304 χρόνον
2859 4228 3026 4304 ᾖοτέ.
3053 4228 3450 4304 ibidem-legit
3477 4232 3625 4296 ὅπως

2041 4305 2097 4374 ai
2136 4298 2233 4373 μὲν
2263 4298 2362 4355 οὐκ
2395 4298 2810 4374 ἀποθνήσᾷἐὼσιν
2843 4302 2943 4367 ἔτι,
2968 4304 3023 4355 αί
3047 4300 3105 4354 δὲ
3136 4298 3486 4365 κολάζονται.
3520 4304 3624 4357 Sed

2042 4373 2308 4439 ejusmodi
2346 4373 2692 4439 conjecturas
2722 4373 2928 4426 referre
2947 4374 3113 4441 piget.

2114 4442 2227 4511 (87)
2251 4442 2587 4497 Φανεῖσθαι.
2618 4443 2687 4494 Ita
2709 4443 2772 4498 lt.
2804 4440 3111 4511 Stephanus
3130 4450 3189 4511 et
3212 4454 3350 4511 mss.
3383 4440 3621 4495 codices.

366 4487 558 4582 laquei
594 4508 720 4582 illud
744 4510 804 4561 οὐ
837 4511 1003 4582 πᾶσιν
1028 4487 1395 4565 idemrsonaTre
1420 4528 1485 4566 ac
1508 4487 1729 4565 nemini.
1759 4511 1937 4565 Locus
1968 4487 2016 4546 θ
2040 4487 2351 4582 Le\gen'dum
2377 4487 3112 4582 essewtpavsiaatvad'monuit
3161 4510 3511 4582 Sylbquius,
3546 4522 3622 4563 at-

372 4579 500 4639 ille,
535 4579 624 4643 qui
666 4596 807 4631 nunc
835 4580 1165 4636 inmanibus
1197 4588 1302 4645 est,
1338 4583 1388 4635 in
1423 4582 1584 4635 aliam
1610 4583 1933 4635 sententiam

366 4648 538 4717 accipi
585 4664 689 4701 non
714 4661 907 4716 potest.
934 4651 1121 4702 Nullas
1147 4667 1368 4719 prorsus
1399 4655 1611 4705 animas
1632 4654 1766 4703 mori
1824 4652 1939 4706 exi-

371 4719 569 4790 stimat
595 4733 780 4777 senex,
817 4736 884 4771 nc
915 4722 1181 4772 malorum
1238 4722 1477 4787 quidem,
1511 4724 1633 4790 quia
1671 4724 1719 4772 id
1748 4722 1853 4775 illis
1883 4725 1935 4773 iu

370 4786 524 4840 lucro
550 4788 788 4840 futurum
815 4801 980 4842 esset.
1016 4792 1071 4842 Si
1105 4806 1240 4858 quas
1259 4786 1436 4858 porro
1467 4786 1816 4857 ex'cipiendas
1843 4807 1940 4859 pu--

370 4862 541 4911 lasset
574 4874 692 4926 quae
728 4868 1088 4922 morerentur,
1123 4877 1228 4913 non
1254 4861 1388 4914 alias
1419 4862 1747 4928 excepisset,
1776 4876 1937 4928 quam

372 4928 658 4998 malorum.
720 4928 890 4981 Nemo
928 4932 1071 4981 enim
1123 4932 1490 4998 suspicabitur
1551 4946 1673 4983 eum
1723 4932 1939 4983 animas

365 4996 638 5070 juswrum
667 4998 986 5052 iuterituras
1018 4996 1341 5055 credidisse.
1372 5003 1509 5070 Ergo
1535 5016 1655 5053 cum
1686 5002 1936 5053 nomina-

372 5070 468 5119 tim
494 5068 757 5120 malorum
792 5070 1009 5121 animas
1034 5088 1137 5124 non
1166 5073 1299 5124 mori
1329 5068 1663 5141 pronuntiat,
1689 5072 1940 5124 omnibus

368 5142 980 5210 prorsuszeternitatem
1009 5141 1223 5210 astruit.

444 5208 553 5277 (85)
589 5209 866 5279 ΪΕρμαιον
886 5210 994 5276 γὰρ
1022 5206 1119 5279 ἦν.
1153 5210 1353 5264 Eodem
1388 5211 1615 5263 rationis
1663 5216 1939 5263 momento

370 5281 542 5330 utitur
586 5277 833 5333 Justinus
874 5277 1115 5345 Apolyt,
1159 5298 1212 5333 u.
1247 5282 1331 5335 18.
1378 5282 1635 5333 Sedaute
1660 5279 1936 5333 Justiuum

371 5346 595 5401 Theano
627 5348 1003 5417 Pythagorica,
1059 5359 1194 5404 teste
1239 5352 1517 5403 Clemente
1564 5351 1940 5403 Alexandrin

372 5418 571 5471 Strom.
604 5435 675 5491 tv,
712 5435 763 5487 p.
805 5418 929 5491 492:
951 5423 1294 5491 scripserat:
1322 5418 1569 5491 Ἷὶνᾼγάρ
1602 5419 1678 5491 τῷ
1706 5419 1817 5469 ὄντι
1833 5421 1940 5481 τοῖς

371 5492 559 5561 κακοῖς
592 5489 795 5558 εὐωχία
840 5492 869 5541 ὁ
888 5489 1038 5561 βίος,
1079 5489 1574 5561 πονηρευσαμενοις
1620 5489 1808 5561 ἔπειτα
1853 5504 1943 5561 τε·

370 5556 649 5631 λευτῶσιν,
682 5554 735 5612 εἶ
768 5561 841 5631 μὴ
885 5554 952 5627 ἦν
989 5554 1249 5621 ἀθάνατος
1283 5554 1496 5629 ἡψνχὴ,
1532 5560 1756 5628 ἕρμαιον
1788 5558 1816 5607 ὁ
1849 5554 1943 5608 θά-

372 5642 545 5690 νατος.
568 5647 585 5677 ς
615 5630 931 5683 Esseteuim
950 5646 1135 5682 revera
1162 5632 1317 5681 malis
1340 5634 1555 5696 epulum
1588 5632 1718 5691 vita,
1741 5636 1797 5679 et
1820 5636 1942 5692 post

374 5699 577 5749 scelera
603 5700 982 5761 morientibus,
1012 5700 1056 5751 si
1082 5700 1259 5751 anima
1289 5699 1609 5753 immortalis
1641 5713 1746 5749 non
1774 5708 1938 5758 esset,

360 5780 520 5835 (titors
569 5767 621 5820 in
666 5768 818 5823 lucro
873 5769 1032 5822 foret.
1074 5787 1090 5819 ›
1132 5769 1381 5822 Clemens
1424 5768 1615 5821 eodem
1652 5767 1705 5820 in
1738 5766 1859 5821 loco
1884 5779 1939 5819 et

2040 4578 2147 4650 que
2183 4583 2252 4635 ita
2301 4581 2494 4649 legitur
2539 4578 2591 4635 in
2644 4583 2977 4636 editionibus
3021 4578 3487 4644 GriecouLatiuts,
3524 4597 3619 4635 ex-

2040 4653 2213 4717 ceptis
2248 4659 2425 4704 tamen
2446 4652 2909 4708 Londinensibus.
2943 4650 3217 4705 Tltirlbius
3245 4650 3437 4703 mallet
3478 4650 3623 4717 ἄξιαι

2039 4721 2115 4792 τῷ
2148 4720 2281 4792 Θεῷ),
2301 4722 2604 4789 φανεῖσθαι.

2113 4792 2223 4861 (88)
2241 4787 2419 4844 ’Ὅσα
2447 4792 2557 4860 γάρ
2576 4793 2726 4847 ἐστι.
2748 4792 2802 4844 In
2832 4791 3005 4859 prima
3028 4787 3267 4861 editione
3287 4787 3623 4861 Loudinrnsi

2039 4859 2154 4929 haec
2178 4860 2363 4915 omnia
2410 4859 2723 4915 tribuuntur
2772 4863 2911 4923 seni,
2948 4874 3119 4929 usque
3163 4860 3228 4910 ad
3292 4859 3410 4913 hmc
3456 4865 3623 4912 verba

2041 4927 2159 4984 εἶτα
2193 4929 2371 4984 ἔλαθε.
2412 4932 2506 4985 Sic
2540 4935 2703 4985 etiam
2750 4931 2815 4984 R.
2862 4927 3173 4999 Stephanus
3208 4940 3261 4999 et
3289 4930 3514 4996 Langns
3544 4931 3626 4981 \‘i-

2041 5002 2238 5053 dentur
2258 5002 2635 5056 existimasse.
2680 5002 2783 5056 Sed
2835 4997 2975 5055 hzeei
3004 4999 3185 5055 omnia
3215 4997 3437 5051 Justino
3461 5014 3625 5067 cogor

2043 5071 2355 5127 restituere.
2404 5070 2589 5139 Neque
2637 5075 2781 5125 enim
2828 5086 2992 5126 senex
3038 5070 3273 5139 dixisset
3318 5070 3536 5122 animas
3574 5072 3624 5121 itt

2041 5156 2269 5209 corpora
2330 5138 2631 5195 belluarum
2685 5143 2951 5211 migrare;
2982 5139 3135 5194 nefas
3174 5138 3226 5192 itt
3273 5151 3400 5191 eum
3442 5151 3627 5192 trans-

2046 5211 2188 5264 l’erre
2223 5212 2323 5264 hoc
2392 5213 2729 5265 Platonicum
2764 5221 3154 5266 commentum.

2114 5281 2222 5349 (89)
2262 5281 2486 5349 Ἔχειν.
2522 5283 2722 5350 Supple
2757 5284 2807 5336 id
2839 5282 2981 5349 quod
3026 5295 3190 5349 supra
3228 5277 3455 5349 legitur,
3484 5279 3624 5332 ΙΙλά-

2041 5366 2160 5423 τωνΔ
2182 5352 2501 5423 αἰνίσσεται.
2558 5354 2639 5423 vel
2665 5354 2779 5423 lege
2812 5353 2942 5423 ἔχει.

2116 5420 2227 5489 (90)
2259 5423 2364 5486 Εἰς
2396 5423 2552 5486 σύας
2579 5420 2873 5489 ἐχώρουν,
2908 5433 3017 5478 etc.
3052 5422 3421 5475 Concesserat
3463 5433 3620 5487 supra

2043 5489 2315 5553 Justinus,
2368 5496 2582 5545 animas
2631 5494 2953 5560 nentiquam
3008 5494 3059 5545 itt
3114 5492 3220 5543 alia
3260 5506 3492 5555 corpora
3523 5492 3622 5541 titi-

2043 5576 2220 5628 grarc.
2259 5560 2514 5615 Fortasse
2550 5564 2712 5631 igitur
2749 5564 2833 5617 hic
2867 5578 2960 5616 eas
2996 5564 3220 5622 indicat,
3260 5575 3385 5629 quae
3424 5560 3621 5612 suntin

2047 5632 2251 5689 tn-utis;
2282 5633 2493 5685 scilicet
2527 5648 2576 5685 c.
2614 5633 2668 5698 4,
2690 5634 2758 5685 'in
2785 5635 3040 5687 omnibus
3067 5635 3289 5687 easdem
3326 5644 3451 5684 esse
3484 5645 3617 5682 com

2048 5700 2241 5754 tendit.
2278 5700 2457 5757 Οττο.
