3770 6490
454 332 545 386 491
1401 333 1456 387 S.
1488 333 1748 389 JUSTINI
1782 333 2187 391 PHILOSOPHI
2221 333 2307 387 ET
2342 330 2698 388 MARTYRIS
3579 338 3695 391 ‘92

448 452 712 515 perpetuo
744 460 942 514 corpus
972 462 1092 501 cum
1123 448 1303 501 anima
1338 449 1689 517 conjunctum
1747 461 1875 519 est;
1916 467 1950 506 ει

2078 451 2287 522 ⁵ψυφὴν
2314 449 2511 521 μηκέτι
2552 444 2708 512 εἶναι,
2757 448 2965 520 ἀπέστη
3017 450 3111 503 ἀπ’
3159 450 3326 520 αὐτῆς
3358 450 3417 503 τὸ
3450 452 3699 517 ζωτικὸν

445 553 568 591 cum
600 537 738 592 solvi
767 547 983 608 Oportet
1007 539 1149 594 hanc
1190 539 1560 607 harmoniam,
1594 544 1850 613 relinquit
1884 560 1945 599 co

2112 539 2343 612 πνεῦμα,
2378 542 2471 593 καὶ
2500 541 2597 593 οὐκ
2626 540 2769 592 ἔστιν
2801 542 2833 609 ἡ
2868 540 3012 611 ψυχὴ
3046 541 3146 605 ἔτι,
3200 542 3334 596 ἀλλά
3366 544 3465 596 καὶ
3520 543 3696 615 αὕτη,

443 642 542 695 pus
583 628 786 695 anima,
833 643 931 683 nec
968 628 1080 699 jam
1104 639 1282 684 exstat
1318 631 1479 685 homo
1509 647 1522 684 :
1550 634 1628 687 sic
1660 634 1845 697 etiam,
1884 650 1948 688 cu

2108 630 2226 683 ὅθεν
2260 629 2485 702 ἐλήφθη,
2521 632 2697 683 ἐκεῖσε
2730 634 2895 701 χωρεῖ
2928 631 3104 685 πάλιν.

441 719 680 772 animam
733 734 838 773 non
889 719 1000 788 jam
1028 736 1151 776 esse
1203 724 1543 790 oportuerit,
1584 723 1815 779 discedit
1853 724 1920 779 ab
1942 740 2006 779 ea

440 810 666 879 spiritus
685 808 889 877 vitalis,
920 825 1020 865 nec
1053 811 1166 880 jam
1207 821 1388 867 exstat
1441 813 1644 878 anima,
1681 814 1775 870 sed
1802 826 1857 872 et
1890 817 2004 886 ipsa

440 906 584 956 unde
614 901 804 957 educta
837 911 939 968 est,
967 918 1032 958 eo
1058 906 1369 961 revertitur.

2175 1024 2227 1076 7.
2261 1024 2375 1077 Τίνι
2413 1016 2525 1086 οὖν,
2561 1023 2721 1095 φημὶ,
2754 1022 2833 1075 ἐτι
2878 1039 2962 1086 τις
2984 1023 3244 1093 χρήσαιτο
3284 1021 3615 1091 διδασκάλῳ,
3645 1023 3687 1095 ἦ

508 1018 558 1072 7.
605 1016 851 1071 Veritatis
880 1019 1106 1089 cognitio
1156 1037 1188 1073 a
1250 1021 1515 1090 prophetis
1565 1020 1690 1076 solis
1758 1024 2000 1089 petenda.

2105 1109 2266 1163 πόθεν
2302 1109 2605 1181 ὠφεληθείη
2649 1128 2755 1175 τις,
2796 1111 2845 1162 εί
2881 1110 3011 1181 μηδὲ
3045 1114 3102 1164 ἐν
3142 1110 3351 1176 τούτοις
3375 1112 3438 1165 τὸ
3470 1112 3685 1181 ἀληθές

432 1138 494 1147 -
533 1110 778 1174 Quonam
827 1124 957 1179 ergo
995 1109 1106 1177 jam
1145 1111 1290 1179 quis,
1325 1111 1568 1181 inquam,
1603 1122 1789 1167 utatur
1833 1115 2003 1183 magi-

432 1212 565 1267 stro,
603 1211 695 1255 aut
735 1202 876 1256 unde
902 1202 1204 1271 adjuvetur,
1235 1204 1279 1257 si
1323 1219 1391 1259 ne
1439 1205 1529 1259 isti
1559 1205 1778 1274 quidem
1809 1221 1998 1261 verum
2105 1206 2292 1269 ὲστιν;

432 1295 685 1347 viderunt
711 1293 735 1346 ?

500 1406 770 1461 Exstitere
793 1407 953 1478 longe
979 1407 1047 1461 ab
1078 1408 1183 1461 hoc
1226 1417 1470 1475 tempore
1503 1407 1605 1461 viri
1632 1407 1848 1478 quidam
1880 1409 1997 1465 istis

427 1502 703 1568 omnibus,
732 1501 823 1571 qui
859 1501 1169 1571 phiIOSOphi
1199 1500 1603 1563 existimantur,
1632 1502 1994 1570 antiquiores,

424 1594 569 1649 beati
611 1602 665 1649 et
701 1593 831 1663 justi
862 1603 917 1648 et
956 1595 1063 1648 Deo
1096 1592 1272 1657 chari,
1315 1592 1405 1662 qui
1448 1591 1651 1661 Spiritu
1687 1603 1876 1649 sancto
1910 1594 1992 1647 af-

427 1686 591 1740 ilante
631 1684 794 1740 locuti
834 1693 986 1750 sunt,
1029 1694 1083 1739 et
1124 1684 1306 1739 futura
1349 1684 1631 1739 vaticinati
1678 1698 1829 1752 sunt,
1874 1702 1950 1756 qn

2094 1699 2202 1745 τες,
2230 1679 2323 1735 καὶ
2352 1682 2420 1736 τά
2451 1683 2709 1753 μέλλοντα
2731 1683 3102 1747 θεσπίσαντες,
3139 1683 3174 1736 ἃ
3198 1682 3261 1754 δὴ
3294 1682 3389 1736 νῦν
3412 1683 3626 1749 γίνεται
3652 1701 3668 1711 ·

422 1777 639 1845 quidem
677 1790 819 1831 nunc
853 1776 1026 1830 fiunt:
1058 1778 1337 1846 prophetae
1377 1786 1663 1831 vocantur.
1705 1778 1767 1831 Hi
1804 1794 1950 1833 veru:

2094 1777 2378 1847 προφήτας
2402 1775 2456 1829 δὲ
2480 1776 2675 1839 αὐτοὺς
2697 1776 2973 1832 καλοῦσιν.
3009 1770 3166 1830 Οὗτοι
3196 1776 3345 1847 μόνοι
3376 1777 3436 1829 τὸ
3462 1774 3673 1846 ἀληθὲς

424 1868 527 1922 soli
554 1878 607 1921 et
634 1869 909 1933 viderunt,
942 1877 995 1922 et
1022 1867 1332 1922 hominibus
1358 1867 1694 1936 nuntiarunt,
1720 1869 1950 1922 nemine:

2092 1872 2186 1924 καὶ
2218 1867 2357 1924 εἶδον
2389 1872 2481 1923 καὶ
2508 1870 2720 1936 ἐξεῖπον
2750 1868 3075 1940 ἀνθρώποις,
3114 1871 3237 1941 μήτ’
3268 1869 3672 1940 εὐλαϐηθέντες

424 1970 751 2025 metuentes,
777 1962 1045 2015 neminem
1078 1960 1320 2025 reveriti,
1355 1974 1453 2013 nec
1478 1960 1662 2029 gloria:
1690 1961 1950 2029 cupiditat

2092 1963 2225 2033 μήτε
2264 1960 2672 2033 δυσωπηθέντες
2707 1960 2848 2024 τινὰ,
2889 1961 2961 2033 μὴ
2994 1963 3287 2032 ἡττημένοι
3311 1962 3489 2033 δόξης’
3530 1962 3671 2016 ἀλλά

2183 1404 2454 1472 Ἐγένοντό
2476 1422 2619 1468 τινες
2646 1405 2751 1476 πρὸ
2780 1403 2972 1457 πολλοῦ
3005 1405 3192 1476 χρόνου
3212 1407 3429 1460 πάντων
3462 1407 3682 1462 τούτων

2096 1499 2202 1553 τῶν
2234 1500 2599 1571 νομιζομένων
2643 1499 2943 1569 φιλοσόφων
2980 1500 3341 1572 παλαιότεροι,
3384 1501 3677 1572 μακάριοι,

2096 1591 2189 1643 καὶ
2212 1592 2429 1656 δίκαιοι,
2460 1593 2554 1645 καὶ
2583 1591 2868 1660 θεοφιλεῖς,
2914 1591 3043 1661 θείῳ
3087 1590 3356 1660 πνεύματι
3399 1590 3677 1661 λαλήσαν-

421 2053 573 2120 victi,
593 2054 686 2108 sed
720 2069 785 2108 ea
826 2062 1037 2107 tantum
1067 2053 1447 2123 praedicantes,
1472 2068 1594 2122 quae
1622 2055 1950 2108 audierante

2091 2053 2225 2122 μόνα
2262 2052 2435 2105 ταῦτα
2478 2054 2723 2116 εἰπόντες
2765 2052 2801 2106 ἂ
2833 2054 3069 2124 ἥκουσαν
3103 2054 3198 2109 καὶ¹
3234 2054 3271 2108 ἃ
3315 2050 3477 2118 εἶδον,
3523 2055 3672 2125 ἁγίῳ

416 2146 663 2201 viderant
715 2146 920 2215 Spiritu
952 2156 1143 2202 sancto
1178 2146 1389 2217 repleti.
1421 2145 1647 2202 Exstant
1674 2148 1851 2201 adhuc
1891 2161 1985 2202 eo-

413 2254 532 2295 rum
563 2240 790 2310 scripta,
827 2256 949 2310 quae
996 2240 1041 2295 si
1081 2241 1204 2310 quis
1232 2241 1398 2312 legat,
1433 2242 1723 2313 plurimum
1768 2241 1893 2297 inde
1927 2251 1981 2297 et

409 2330 475 2387 ad
511 2332 906 2401 principiorum
939 2344 994 2388 et
1025 2335 1092 2389 ad
1125 2334 1251 2388 ﬁnis
1279 2344 1335 2389 et
1366 2335 1435 2393 ad
1470 2348 1659 2389 eorum
1706 2349 1830 2405 qua:
1861 2335 1982 2402 pbi-

409 2423 667 2494 losophus
693 2424 836 2480 scire
865 2424 1045 2488 debet,
1081 2426 1448 2495 cognitionem
1479 2426 1707 2497 adipisci
1752 2428 1976 2495 poterit,

409 2517 569 2571 ﬁdem
600 2515 709 2571 illis
753 2517 986 2572 habens.
1023 2516 1215 2587 Neque
1260 2520 1407 2574 enim
1460 2528 1590 2574 tunc
1634 2519 1978 2574 demonstra-

408 2602 647 2658 tionibus
672 2603 725 2657 in
754 2603 1073 2660 disserendo
1096 2606 1417 2673 utebantur;
1442 2608 1641 2679 quippe
1666 2624 1786 2662 cum
1812 2624 1974 2679 supra

412 2696 941 2753 demonstrationem
970 2711 1187 2752 omnem
1221 2699 1529 2770 gravissimi
1575 2710 1741 2755 testes
1771 2701 1976 2757 iuerint

403 2788 683 2854 veritatis;
724 2789 817 2843 sed
855 2805 975 2859 quae
998 2801 1301 2849 evenerunt
1333 2801 1385 2847 et
1415 2793 1696 2858 eveniunt,
1719 2793 1971 2849 assentiri

404 2891 605 2950 cogunt
650 2897 838 2939 eorum
880 2886 1182 2943 vaticiniis.
1213 2886 1538 2956 Quanquam
1568 2888 1736 2942 etiam
1767 2887 1836 2942 ob
1866 2887 1969 2942 mio

404 2972 586 3027 racula
612 2990 733 3043 quae
762 2975 1076 3043 ediderunt,
1108 2978 1253 3046 digni
1290 2978 1467 3042 fuere,
1497 2978 1698 3049 quibus
1721 2978 1970 3032 credere-

401 3074 519 3130 tur;
556 3065 820 3133 siquidem
849 3078 1153 3124 creatorem
1180 3070 1558 3124 universorum
1587 3067 1757 3122 Deum
1791 3076 1845 3123 et
1869 3065 1967 3121 Pa-

2089 2144 2468 2215 πληρωθέντες
2497 2145 2790 2216 Πνεύματι.
2824 2147 3235 2223 Συγγράμματα
3270 2146 3327 2200 δέ
3359 2147 3546 2200 αὐτῶν
3585 2148 3668 2200 ἐτι

2084 2238 2176 2290 καὶ
2200 2236 2294 2288 νῦν
2314 2236 2578 2307 διαμένει,
2595 2238 2692 2291 καὶ
2711 2238 2853 2299 ἐστιν
2870 2240 3154 2310 ἐντυχόντα
3176 2240 3385 2302 τούτοις
3409 2240 3665 2293 πλεῖστον

2080 2327 2424 2399 ὠφεληθῆναι
2446 2330 2538 2383 καὶ
2569 2330 2699 2402 περὶ
2726 2330 2927 2403 ἀρχῶν,
2946 2330 3044 2385 καὶ
3074 2330 3199 2402 περὶ
3221 2329 3428 2393 τέλους,
3459 2330 3562 2384 καὶ
3586 2324 3665 2384 ὧν

2080 2419 2181 2491 χρὴ
2209 2420 2405 2473 εἰδέναι
2436 2420 2527 2473 τὸν
2558 2421 2863 2490 φιλόσοφον,
2901 2420 3264 2475 πιστεύσαντα
3298 2421 3551 2484 ἐκείνοις.
3583 2423 3661 2474 Οὐ

2076 2511 2184 2581 γὰρ
2204 2510 2340 2581 μετά
2354 2511 2676 2576 ἀποδείξεως
2692 2514 3013 2585 πεποίηνται
3032 2515 3151 2567 τότε
3172 2515 3281 2584 (97)
3298 2517 3425 2579 τοὺς
3439 2515 3656 2584 λόγους,

2076 2603 2171 2656 ἆτε
2191 2604 2445 2675 ἀνωτέρω
2470 2605 2650 2674 πάσης
2671 2605 2993 2670 ἀποδείξεως
3018 2606 3169 2669 ὄντες
3188 2606 3489 2671 ἀξιόπιστοι
3521 2610 3660 2681 μάρ-

2073 2712 2229 2765 τυρες
2257 2696 2353 2766 τῆς
2379 2694 2634 2766 ἀληθείας
2656 2712 2668 2725 ο
2693 2696 2760 2750 τά
2782 2696 2838 2749 δὲ
2865 2696 3140 2750 ἀποϐάντα
3161 2699 3254 2750 καὶ
3283 2697 3657 2751 ἀποϐαίνοντα

2072 2785 2427 2855 ἐξαναγκάζει
2454 2788 2793 2842 συντίθεσθαι
2814 2792 2927 2852 τοῖς
2950 2788 3330 2860 λελαλημένοις
3348 2791 3418 2842 δι’
3440 2791 3650 2843 αὐτῶν.

2071 2879 2262 2932 Καίτοι
2299 2896 2362 2948 γε
2402 2880 2498 2934 καὶ
2538 2880 2625 2933 διά
2663 2880 2762 2945 τὰς
2800 2880 3057 2951 δυνάμεις
3087 2880 3152 2944 ἀς
3191 2881 3503 2944 ἐπετέλουν,
3549 2898 3655 2933 πι-

2070 2968 2354 3023 στεύεσθαι
2385 2969 2582 3024 δίκαιοι
2607 2966 2775 3041 ἦσαν·
2808 2969 2995 3041 ἐπειδὴ
3023 2972 3116 3024 καὶ
3142 2968 3233 3024 τὸν
3277 2972 3505 3041 ποιητὴν
3536 2972 3658 3024 τῶν

2066 3057 2202 3111 ὅλων
2225 3058 2356 3112 Θεὸν
2383 3061 2477 3113 καὶ
2507 3060 2729 3132 Πατέρα
2768 3060 3037 3126 ἐδόξαζον,
3066 3062 3161 3115 καὶ
3187 3062 3276 3115 τὸν
3306 3065 3439 3135 παρ’
3469 3063 3649 3117 αὑτοῦ

398 3165 536 3209 trem
566 3156 948 3224 celebrabant,
979 3169 1033 3213 et
1076 3160 1298 3215 missum
1341 3160 1410 3213 ab
1436 3174 1503 3214 eo
1532 3158 1836 3226 Christum,
1873 3175 1943 3230 qu

2078 3149 2298 3220 Χριστὸν
2330 3150 2458 3203 Υίὸν
2499 3151 2663 3205 αὑτοῦ
2694 3153 3090 3223 κατήγγελλονο
3136 3156 3272 3228 ὅπερ
3312 3157 3359 3209 oi
3402 3157 3513 3211 ἀπὸ
3547 3158 3650 3210 τοῦ

398 3246 565 3303 Filius
593 3247 713 3317 ejus
741 3258 845 3312 est,
894 3250 1207 3307 hominibus
1254 3250 1619 3315 nuntiabant;
1674 3250 1816 3319 quod
1845 3250 1967 3320 qui-

396 3338 515 3391 dem
548 3336 668 3392 falsi
700 3341 1000 3410 prophetae,
1028 3342 1274 3396 mendaci
1311 3352 1366 3397 et
1401 3342 1616 3409 impuro
1652 3342 1845 3412 spiritu
1880 3356 1965 3397 re-

398 3429 545 3496 pleti,
576 3444 676 3484 nec
702 3431 904 3498 fecere,
940 3446 1042 3486 nec
1069 3432 1295 3499 faciunt,
1325 3434 1420 3488 sed
1445 3435 1691 3502 quadam
1718 3432 1961 3504 prodigia

2069 3241 2268 3295 πλάνου
2304 3242 2398 3294 καὶ
2424 3242 2731 3315 ἀκαθάρτου
2758 3244 3062 3314 πνεύματος
3087 3246 3486 3317 ἐμπιπλάμενοι
3517 3249 3655 3319 ψευ-

2064 3332 2395 3405 δοπροφῆται
2420 3333 2541 3387 οὔτε
2566 3335 2829 3405 ἐποίησαν
2856 3334 2979 3390 οὔτε
3006 3337 3266 3403 ποιοῦσιν,
3299 3340 3435 3393 ἀλλά
3476 3342 3647 3397 δυνά-

2067 3443 2187 3497 μεις
2218 3425 2369 3490 τινάς
2409 3429 2651 3500 ἐνεργεῖν
2687 3430 2766 3492 είς
2807 3429 3142 3501 κατάπληξιν
3187 3431 3294 3485 τῶν
3331 3432 3648 3505 ἀνθρώπων

2061 3516 2319 3587 τολμῶσι,
2352 3519 2447 3572 καὶ
2480 3519 2547 3572 τά
2581 3520 2680 3590 τῆς
2714 3520 2919 3593 πλάνης
2950 3522 3233 3592 πνεύματα
3261 3525 3355 3577 καὶ
3378 3524 3643 3597 δαιμόνια

2058 3606 2442 3675 δοξολογοῦσιν.
2476 3608 2647 3679 Εῠχου
2675 3610 2730 3663 δέ
2772 3628 2853 3664 σοι
2886 3612 2990 3682 πρὸ
3026 3614 3238 3667 πάντων
3276 3615 3452 3684 φωτὸς
3484 3618 3639 3671 ἀνοι-

2058 3697 2250 3768 χθῆναι
2282 3699 2455 3763 πύλας
2477 3717 2489 3729 ·
2520 3701 2579 3753 οὐ
2614 3701 2723 3773 γὰρ
2757 3702 2992 3757 συνοπτά
3024 3702 3142 3757 οὐδὲ
3168 3707 3431 3775 συννοητά
3459 3710 3637 3761 πᾶσέν

2056 3793 2223 3856 ἐστιν,
2255 3794 2303 3845 εί
2334 3794 2407 3864 μή
2447 3810 2525 3863 τῳ
2554 3793 2683 3857 Θεὸς
2713 3793 2787 3864 δῷ
2819 3796 3057 3849 συνῐέναι
3087 3796 3182 3850 κα)⁵
3214 3800 3242 3851 ὁ
3265 3799 3504 3870 Χριστὸς
3537 3801 3637 3854 αὑ-

2058 3896 2167 3934 του.

390 3521 551 3577 erlere
576 3523 779 3577 audent
808 3525 872 3578 ad
908 3521 1286 3594 percellendos
1326 3525 1597 3591 homines,
1637 3540 1701 3579 ac
1733 3525 1960 3596 spiritus

389 3615 596 3668 erroris
627 3624 681 3669 et
712 3614 976 3670 daemonia
1003 3616 1311 3671 celebrant.
1342 3617 1420 3671 Tu
1456 3632 1588 3673 vero
1619 3626 1747 3672 aute
1775 3618 1958 3672 omnia

388 3722 615 3774 precare
649 3707 787 3762 lucis
830 3719 1022 3778 portas
1064 3711 1161 3765 tibi
1190 3711 1420 3779 aperiri;
1454 3725 1625 3781 neque
1651 3712 1794 3765 enim
1840 3711 1958 3765 haec

386 3798 672 3867 quisquam
710 3800 1022 3867 perspicere
1052 3811 1105 3856 et
1137 3802 1445 3873 intelligere
1478 3803 1672 3873 possit,
1716 3804 1821 3858 nisi
1864 3803 1955 3858 cui

387 3890 528 3943 Deus
560 3890 856 3957 intelligere
882 3890 1091 3947 dederit
1129 3903 1183 3947 et
1205 3892 1459 3949 Christus
1487 3894 1631 3964 ejus.

2120 3997 2173 4051 8.
2214 3997 2396 4052 Ταῦτα
2432 3999 2523 4053 καὶ
2546 3998 2625 4052 ἔτι
2644 3999 2778 4054 ἀλλα
2814 4000 2983 4056 πολλὰ
3007 4001 3176 4055 εἰπὼν
3205 4005 3433 4069 ἐκεῖνος,
3464 4005 3502 4059 ἃ.
3529 4006 3628 4059 νῦν

381 4096 708 4148 accenditur.
740 4124 808 4136 -—
834 4094 959 4150 Htec
986 4095 1075 4150 ille
1103 4106 1158 4150 et
1198 4098 1364 4151 multa
1399 4098 1502 4152 alia
1532 4115 1656 4155 cum
1695 4103 1945 4174 dixisset,

2078 4089 2238 4159 ιαιρὸς
2292 4090 2390 4142 οὐκ
2441 4089 2555 4143 ἐστι
2596 4090 2795 4159 λέγειν,
2845 4091 3036 4162 ᾤχετο,
3088 4094 3349 4159 κελεύσας
3404 4097 3623 4151 διώκειν

379 4200 501 4253 qua:
528 4187 731 4240 referre
766 4198 873 4237 non
898 4194 979 4239 est
1007 4184 1166 4252 hujus
1202 4186 1491 4255 temporis,
1522 4188 1710 4245 abiens
1737 4206 1943 4261 praece-

2078 4178 2186 4231 ,ύτά
2210 4195 2222 4208 ·
2254 4180 2347 4232 καὶ
2382 4180 2480 4233 ούκ
2521 4179 2600 4231 ἔτι
2630 4178 2790 4233 αὐτὸν
2820 4176 2976 4234 εἶδον.
3016 4182 3178 4252 Ἐμοῦ
3204 4183 3311 4253 (98)
3351 4184 3408 4237 δὲ
3439 4203 3620 4257 παρα-

375 4278 456 4345 pit
487 4286 543 4330 ut
576 4291 639 4330 ea
683 4277 995 4330 meditando
1026 4292 1422 4347 persequerer;
1457 4295 1633 4349 neque
1669 4298 1792 4338 eum
1822 4300 1942 4340 am-

2083 4270 2233 4343 ρῆμα
2256 4270 2364 4345 πῦρ
2388 4276 2444 4325 ἐν
2469 4276 2533 4343 τῇ
2556 4274 2696 4346 ψυχῇ
2726 4274 2962 4347 ἀνήφθη,
2992 4276 3085 4329 καὶ
3112 4276 3247 4349 ἔρως
3276 4277 3387 4347 ἔχει
3421 4296 3489 4348 με
3511 4278 3618 4332 τῶν

278 4392 317 4429 π,
375 4368 516 4437 plius
537 4368 669 4421 vidi.
702 4366 830 4421 Mihi
854 4383 991 4425 ,vero
1014 4368 1193 4421 statim
1220 4368 1273 4422 in
1297 4370 1480 4424 animo
1506 4371 1646 4440 ignis
1678 4388 1941 4430 accensus

2078 4364 2353 4439 ςροφητῶν,
2386 4366 2479 4418 καὶ
2510 4365 2617 4417 τῶν
2658 4365 2865 4438 ἀνδρῶν
2895 4366 3117 4419 ἐκείνων
3160 4368 3213 4419 οῖ
3239 4370 3343 4420 εἰσι
3374 4370 3614 4442 Χριστοῦ

454 4002 508 4058 8.
538 4001 788 4055 Justinus
836 4018 901 4056 ex
942 4004 1038 4056 hoc
1069 4003 1327 4072 colloquio
1362 4005 1433 4058 ad
1474 4023 1706 4062 amorem
1750 4012 1949 4068 Christi

144 4460 147 4529 ρ
246 4438 270 4545 ξ’
294 4464 307 4531 ξ
373 4471 477 4526 est,
510 4476 707 4530 meque
744 4476 897 4515 amor
928 4461 1125 4515 invasit
1158 4462 1540 4531 prophetarum
1568 4476 1625 4520 et
1658 4466 1934 4521 hominum

2086 4424 2224 4508 ὐ
2257 4424 2691 4527 διαλογιζόμενός
2726 4424 2785 4510 τὲ
2827 4459 2962 4531 πρὸς
3004 4460 3235 4528 ἐμαυτὸν
3265 4462 3393 4525 τοὺς
3420 4424 3611 4530 λόγους

298 4570 301 4575 ’
374 4552 610 4617 illorum,
639 4554 727 4622 qui
765 4552 969 4608 Christi
1002 4563 1128 4608 sunt
1157 4555 1339 4609 amici.
1368 4554 1615 4626 Cumque
1644 4557 1787 4611 illius
1816 4573 1937 4614 ser-

2039 4546 2225 4612 αὐτοῦ,
2255 4548 2457 4620 ταύτην
2488 4550 2656 4623 μόνην
2683 4549 2934 4621 εὕρισκον
2962 4550 3273 4632 φιλοσοφίαν
3306 4554 3528 4624 ἀσφαλῆ
3551 4573 3607 4608 τε

2036 4639 2131 4711 δαὶ
2172 4639 2467 4715 σύμφορον.
2512 4639 2698 4703 Οὕτως
2743 4641 2807 4711 δὴ
2854 4642 2947 4695 καὶ
2982 4642 3067 4694 διά
3090 4630 3610 4714 Ὕῖαὖτακῷῖλῖσοφος

2036 4718 2500 4802 ἐγιῦξηΒουλοίμην
2528 4733 2636 4805 (99)
2666 4734 2709 4786 δ’
2740 4734 2804 4787 ἂν
2838 4734 2931 4787 καὶ
2960 4737 3187 4800 πάντας,
3216 4737 3327 4789 ἴσον
3360 4738 3487 4807 ἐμοὶ
3514 4738 3609 4791 θυ-

2036 4821 2135 4890 μὸν
2170 4824 2587 4894 ποιησαμένους,
2620 4824 2694 4896 μὴ
2719 4826 3044 4894 ἀφίστασθαι
3073 4827 3180 4880 τῶν
3222 4828 3317 4881 τοῦ
3346 4830 3603 4901 Σωτῆρος

2031 4909 2225 4977 λόγων.
2250 4911 2376 4975 Δέος
2394 4912 2501 4984 γάρ
2526 4931 2577 4966 τι
2603 4914 2811 4984 ἔχουσιν
2834 4918 2891 4968 ἐν
2916 4917 3140 4980 ἑαυτοῖς,
3160 4918 3252 4970 καὶ
3280 4919 3454 4971 ἱκανοὶ
3483 4920 3602 4972 δυσ-

372 5022 507 5061 mea:
546 5007 779 5061 similem
824 5008 1095 5071 ineuntes,
1130 5024 1159 5062 a
1196 5009 1501 5065 Salvatoris
1537 5012 1780 5067 doctrina
1820 5029 1927 5067 non

2078 5000 2246 5071 πῆσαι
2284 5004 2410 5065 τοὺς
2450 5003 2878 5074 ἐκτρεπομένους
2918 5006 3017 5076 τῆς
3063 5007 3229 5077 ὀρθῆς
3276 5007 3418 5073 ὀδοῦ,
3462 5010 3599 5063 ἀνά-

364 5102 711 5153 aberrarent.
746 5099 917 5154 Habet
954 5102 1097 5154 enim
1129 5100 1181 5154 in
1205 5116 1265 5156 se
1304 5102 1603 5157 terribilem
1636 5104 1926 5173 quamdam

2078 5093 2225 5156 αυσίς
2266 5109 2325 5145 τε
2358 5093 2546 5164 ἡδίστη
2577 5096 2783 5164 γίνεται
2821 5098 2934 5159 τοῖς
2972 5097 3331 5168 ἐκμελετῶσιν
3372 5100 3589 5164 αὐτούς.

362 5191 725 5259 maiestatem,
758 5200 813 5246 et
841 5191 907 5245 ad
938 5206 1031 5246 eos
1063 5193 1461 5263 permovendos
1485 5194 1679 5249 idonea
1704 5204 1804 5262 est,
1830 5196 1921 5264 qui

2078 5188 2087 5238 ί
2118 5181 2210 5239 οὖν
2234 5204 2286 5239 τι
2326 5188 2418 5240 καὶ
2452 5189 2533 5240 σοὶ
2563 5188 2689 5258 περὶ
2728 5189 2951 5243 σεαυτοῦ
2989 5190 3159 5260 μέλει,
3199 5193 3292 5245 καὶ
3337 5193 3589 5264 ἀντιποιῇ

361 5283 427 5336 de
457 5290 603 5335 recta
646 5280 730 5333 via
775 5279 1141 5347 deﬂexerunt;
1170 5284 1255 5338 his
1285 5294 1485 5352 autem,
1518 5286 1609 5355 qui
1644 5300 1763 5342 eam
1805 5303 1921 5342 me-

2078 5279 2315 5350 υτηρίας,
2348 5281 2439 5332 καὶ
2469 5279 2560 5332 ἐπὶ
2584 5279 2661 5350 τῷ
2681 5279 2799 5350 Θεῴ
2830 5282 3110 5347 πέποιθας,
3144 5285 3285 5355 ἅπερ
3304 5284 3406 5337 οὐκ
3435 5284 3589 5339 ἀλλο-

372 4657 561 4698 mones
599 4644 739 4713 apud
770 4646 1010 4697 animum
1047 4658 1430 4714 proponerem.
1461 4647 1603 4701 hanc
1643 4648 1811 4702 solam
1846 4664 1933 4703 rc-

370 4733 642 4801 periebam
675 4734 1115 4803 philoSOphiam,
1153 4750 1272 4803 quae
1299 4736 1517 4803 quidem
1555 4746 1665 4792 tuta
1702 4748 1757 4793 et
1786 4740 1933 4795 utilis

369 4824 531 4879 foret.
568 4824 647 4879 Ad
698 4826 839 4880 hunc
883 4842 984 4895 ego
1030 4827 1248 4880 modum
1303 4842 1465 4896 atque
1516 4828 1620 4884 hac
1664 4831 1731 4885 de
1769 4846 1931 4886 causa

368 4916 743 4985 philosophus.
788 4916 991 4972 Vellem
1033 4919 1284 4988 equidem
1335 4930 1394 4973 ut
1435 4934 1624 4975 omnes
1666 4923 1929 4979 rationem

2018 5481 2107 5538 29.
2154 5478 2366 5551 Praeter
2386 5479 2521 5551 aliqs
2542 5481 2801 5551 Tatianus
2823 5494 3035 5549 quoque
3059 5481 3231 5551 (Orat.
3257 5482 3380 5535 adv.
3406 5479 3578 5534 Crat.

2019 5567 2070 5605 c.
2105 5549 2195 5611 29,
2232 5550 2356 5605 coll.
2390 5565 2435 5603 c.
2472 5549 2564 5614 55,
2603 5562 2659 5605 et
2703 5548 3041 5619 Tlletiphilns
3070 5548 3208 5604 'Ant.
3246 5554 3337 5617 (ad
3394 5553 3577 5604 Autot.

2018 5638 2058 5687 ι,
2089 5636 2137 5676 c.
2177 5619 2288 5690 14),
2323 5634 2447 5675 cum
2476 5620 2689 5690 Veteris
2720 5619 3051 5674 Testamenti
3101 5631 3208 5690 tum
3244 5622 3574 5690 scriptorum

2016 5688 2454 5761 propheticorum
2486 5688 2721 5747 lectione
2750 5691 2817 5744 ad
2851 5704 2963 5745 rem
2992 5688 3572 5759 Christianatu'perve-

2017 5779 2165 5817 nere.

428 5475 539 5549 (97)
582 5478 737 5532 Τότε.
791 5477 1097 5549 Legendum
1138 5482 1269 5533 ποτέ
1313 5480 1637 5550 conjiciebat
1684 5481 1917 5537 Pearso-

353 5562 539 5682 “0:98)
592 5619 789 5687 Έμοῦ.
826 5618 978 5673 Libet
1005 5618 1221 5687 erudito
1251 5620 1582 5677 Londinensi
1613 5622 1808 5677 editori
1838 5624 1917 5677 le-

356 5690 654 5761 εετςλέμοί.
690 5690 805 5761 Mox
833 5691 972 5743 itletn
1004 5686 1116 5761 εἶχε
1147 5706 1244 5760 pro
1272 5692 1402 5761 ἔχει.

427 5746 558 5826 (99)’
578 5760 979 5828 Bavio/pqr...
1017 5746 1232 5830 ,ὶὲγὼικ
1257 5746 1390 5819 C3“.
1420 5764 1534 5819 Act.
1560 5773 1728 5835 apost.
1766 5778 1914 5830 xxvi,
