3770 6508
125 376 216 432 493

1092 375 1435 434 DlALOGUS
1470 374 1616 432 CUM
1656 374 2028 432 TRYPHONE
2059 375 2324 437 ,ιυωεα

3243 386 3347 444 494

123 492 242 564 τρίῳ
264 488 337 561 (1)
369 492 462 546 τοῦ
499 492 839 565 πράγματος,
878 495 1138 568 πάρεστιν
1163 494 1435 562 ὲπιγνόντι
1465 511 1546 547 σοι
1582 493 1673 547 τὸν

1847 503 2041 556 tantur,
2076 493 2399 548 suavissima
2443 504 2532 550 est
2577 496 2814 567 requies.
2849 497 2908 553 Si
2951 513 3060 570 qua
3105 513 3238 574 ergo
3271 507 3347 560 tui

124 586 335 657 Χριστὸν
376 584 471 639 τοῦ
514 585 669 653 Θεοῦ,
713 589 804 641 καὶ
831 587 1021 660 τελείῳ
1059 587 1136 660 (2)
1166 588 1459 658 γενομένῳ,
1495 586 1674 640 εὐδαι-

129 679 305 749 μονεῖν.

187 963 358 1016 Ταῦτά
378 981 499 1034 μου,
530 963 770 1033 φίλτατε,
803 967 1064 1031 είπόντος,
1088 969 1134 1021 οἱ
1169 967 1305 1038 μετὰ
1330 968 1424 1022 τοῦ
1449 969 1677 1041 Τρύφω-

127 1073 203 1119 νος
248 1055 606 1124 ἀνεγέλασαν·
652 1057 813 1122 αὐτὸς
859 1058 934 1123 δὲ,
973 1059 1392 1130 ὑπομειδιάσας·
1446 1059 1526 1113 Τὰ
1578 1061 1676 1132 μὲν

125 1149 241 1202 ἄλλα
269 1167 378 1215 σου,
411 1152 598 1221 φησὶν,
634 1152 984 1224 ἀποδέχομαι,
1017 1153 1359 1225 καὶνᾶγαμαι
1406 1155 1506 1226 τῆς
1549 1156 1676 1226 περὶ

125 1242 175 1295 τὸ
197 1242 325 1295 θεῖον
356 1243 561 1315 ὁρμῆςα
593 1244 812 1316 ἄμεινον
843 1245 900 1298 δὲ
925 1242 992 1316 ἦν
1027 1245 1331 1315 φιλοσοφεῖν
1370 1245 1449 1300 ἔτι
1488 1263 1547 1300 σε
1575 1247 1674 1318 τὴν

127 1340 381 1402 Πλάτωνος
413 1339 447 1411 ἦ
485 1338 646 1393 ἄλλου
677 1357 771 1393 του
805 1340 1138 1408 φιλοσοφίαν,
1171 1339 1439 1394 ἀσκοῦντα
1477 1358 1670 1411 καρτε-

127 1432 230 1505 ρίαν
256 1433 344 1484 καὶ
375 1431 705 1502 ἐγκράτειαν
733 1434 828 1486 καὶ
858 1432 1230 1505 σωφροσύνην,
1269 1433 1301 1506 ἢ
1345 1432 1524 1502 λόγοις
1552 1432 1675 1497 ὲξα-

126 1524 403 1596 πατηθῆναι
429 1523 672 1595 ψευδέσι,
703 1527 796 1579 καὶ
820 1524 1124 1597 ἀνθρώποις
1156 1525 1512 1598 ἀκολουθῆσαι
1535 1527 1676 1581 οὐδε-

124 1619 198 1681 νὸς
227 1616 404 1682 ἀξίοις.
438 1617 674 1671 Μένοντι
709 1617 820 1688 γάρ
859 1635 940 1670 σοι
972 1621 1029 1671 ὲν
1067 1620 1262 1689 ἐκείνῳ
1286 1618 1365 1689 τῷ
1398 1619 1497 1690 τῆς
1525 1619 1674 1688 φιλο-

127 1710 291 1779 σοφίας
326 1709 531 1781 τρόπῳ,
565 1711 658 1763 καὶ
701 1710 862 1773 ζῶντι
909 1710 1230 1783 ἀμέμπτως,
1264 1712 1418 1776 ὲλπὶς
1460 1711 1674 1764 ὑπελεί-

1781 585 1950 655 ipsius
1974 601 2109 640 cura
2154 587 2418 654 tangeris,
2449 588 2495 641 si
2531 589 2725 643 salutis
2769 590 3002 659 cupidus
3028 606 3111 660 es,
3141 608 3207 648 ac
3237 593 3351 651 Deo

1778 675 2044 741 conﬁdis,
2086 678 2218 733 licet
2253 679 2369 743 libi,
2417 690 2608 748 utpote
2643 681 2715 736 ab
2751 682 2867 753 ipsa
2918 697 2978 739 re
3006 699 3113 738 non
3146 685 3350 750 alieno,

1779 764 1867 818 ubi
1901 765 2182 822 Christum
2215 771 2510 838 agnoveris
2541 786 2608 826 ac
2645 772 2928 842 mysteriis
2957 774 3207 832 initiatus
3234 776 3352 832 fue-

1781 855 1880 919 ris,
1921 857 2080 912 beate
2121 859 2324 914 vivere.

1853 948 2014 1019 llo
2044 951 2176 1005 Cum
2198 953 2316 1008 haec
2347 953 2628 1021 dixissem,
2659 957 2982 1014 charissime
3001 959 3246 1032 Pompei,
3278 963 3353 1018 ri.

1778 1052 1970 1097 serunt
2000 1044 2133 1098 socii
2167 1044 2505 1116 Tryphonis;
2534 1049 2647 1117 ipse
2673 1059 2854 1105 autem
2881 1051 3171 1110 subridens
3191 1073 3206 1109 :
3228 1054 3349 1111 Ca2-

1781 1143 1894 1186 tcra
1919 1136 2136 1203 quidem
2170 1147 2283 1204 tua,
2309 1139 2506 1209 inquit,
2539 1141 2730 1209 probo,
2755 1158 2818 1198 ac
2849 1144 3142 1203 vehemens
3167 1162 3348 1203 rerum

1777 1226 2083 1282 divinarum
2113 1230 2350 1285 studium
2381 1232 2649 1287 admiror.
2688 1233 2795 1290 Sed
2817 1236 2988 1291 satius
3018 1247 3135 1292 erat
3168 1239 3350 1294 adhuc

1781 1326 1830 1370 te
1874 1317 2245 1389 philosophari
2294 1323 2348 1376 in
2390 1322 2634 1380 Platonis
2670 1336 2765 1378 aut
2807 1327 3036 1387 alterius
3081 1330 3346 1400 ejusmodi

1776 1409 2086 1478 disciplina,
2120 1413 2338 1469 dantem
2365 1431 2586 1485 operam
2615 1421 2964 1487 constantize,
3001 1423 3350 1479 continentia:

1775 1511 1830 1556 et
1857 1504 2248 1572 temperantia},
2282 1522 2450 1576 quam
2488 1509 2639 1566 falsis
2667 1513 2845 1582 decipi
2891 1514 3260 1580 sermonibus,
3286 1532 3349 1570 ac

1777 1595 2086 1653 hominibus
2106 1598 2479 1656 adha'rescere
2505 1603 2704 1658 nullius
2732 1607 2912 1674 pretii.
2941 1606 3174 1663 Manenti
3198 1609 3345 1664 enim

1777 1689 1872 1742 tibi
1917 1689 1969 1743 in
2008 1689 2098 1744 illo
2131 1691 2488 1764 philosophiae
2531 1696 2808 1761 instituto,
2843 1709 2897 1754 et
2943 1701 3084 1756 citra
3126 1703 3345 1773 culpam

126 1819 236 1856 πετο
258 1801 532 1873 ἀμείνονος
560 1803 754 1873 μοίρας
777 1819 792 1832 ·
828 1802 1176 1856 καταλιπόντι
1199 1803 1255 1856 δὲ
1287 1803 1377 1857 τὸν
1405 1805 1557 1868 Θεὸν,
1580 1806 1673 1858 καὶ

1847 1785 1980 1838 venti
2026 1799 2154 1854 spes
2200 1787 2610 1858 relinquebatur
2660 1794 2829 1848 sortis
2863 1796 3130 1851 melioris.
3175 1797 3344 1853 Deum

125 1897 191 1958 εἰς
217 1894 487 1965 ἄνθρωπον
531 1894 833 1958 ἐλπίσαντι,
871 1895 997 1966 ποία
1034 1895 1114 1948 ἔτι
1154 1896 1527 1967 περιλείπεται
1571 1915 1674 1950 σω-

123 1985 294 2057 τηρίας
321 1987 382 2040 Ei
415 1981 509 2038 οῦν
538 1987 633 2040 καὶ
669 1985 801 2057 ἐμοῦ
839 1986 1014 2051 θέλεις
1059 1986 1306 2050 ἀκοῦσαι,
1341 1987 1525 2058 (φίλον
1560 1989 1674 2060 ’γάρ

126 2095 176 2132 σε
210 2078 299 2151 ἤδη
342 2078 634 2150 νενόμικα)
671 2077 885 2150 πρῶτον
929 2079 1025 2149 μὲν
1065 2079 1382 2151 περιτεμοῦ,
1421 2075 1538 2133 εἶτα
1575 2079 1675 2150 φύ-

126 2172 259 2238 λαξον
285 2172 356 2236 ὼς
393 2172 707 2243 νενόμισται
747 2170 809 2223 τὸ
851 2170 1139 2234 σάϐϐατον,
1189 2171 1284 2224 καὶ
1318 2169 1418 2234 τὰς
1459 2171 1670 2241 ἑορτὰς,

127 2266 204 2319 καὶ
238 2265 328 2329 τὰς
365 2264 665 2335 νουμηνίας
698 2261 790 2316 τοῦ
835 2260 992 2326 Θεοῦ,
1034 2263 1128 2316 καλ⁵
1168 2260 1356 2324 ἁπλῶς
1394 2259 1463 2314 τὰ
1507 2264 1566 2315 ὲν
1596 2260 1674 2332 τῷ

128 2358 252 2426 νόμῳ
285 2353 645 2428 γεγραμμένα
690 2353 866 2408 πάντα
906 2353 1048 2406 ποίει
1073 2369 1086 2382 ·
1119 2353 1213 2405 καὶ
1258 2351 1379 2404 τότε
1423 2369 1502 2404 σοι
1546 2351 1674 2416 ἴσως

128 2447 249 2510 ἔλεος
274 2445 417 2498 ἔσται
438 2443 596 2517 παρὰ
624 2443 778 2498 Θεοῦ.
813 2443 1046 2515 Χριστὸς
1069 2442 1148 2508 δὲ,
1169 2445 1217 2497 εί
1241 2445 1337 2497 καὶ
1364 2442 1671 2514 γεγένηται,

128 2540 206 2592 καὶ
233 2539 337 2592 ἔστι
363 2556 485 2603 που,
519 2527 796 2607 ἄγνωστός
818 2538 953 2600 ὲστι,
987 2536 1080 2589 καὶ
1111 2536 1230 2589 οὐδὲ
1256 2536 1415 2600 αὐτός
1443 2554 1528 2589 πω
1557 2537 1676 2588 ἐαυ-

127 2633 200 2684 τὸν
226 2632 526 2695 ἐπίσταται,
561 2630 679 2683 οὐδὲ
704 2628 816 2700 ἔχει
840 2627 1066 2700 δύναμίν
1101 2647 1220 2682 τινα
1265 2628 1455 2700 μέχρις
1491 2629 1555 2683 ἂν
1586 2629 1674 2682 ὲλ-

129 2724 216 2778 θὼν
250 2726 420 2788 Ἠλίας
451 2723 617 2795 χρίσῃ
652 2722 832 2784 αὐτὸν,
874 2723 967 2776 καὶ
1007 2723 1236 2795 φανερὸν
1280 2725 1412 2776 πᾶσι
1451 2723 1670 2792 ποιήσῃ.

139 2818 298 2887 Ὑμεῖς
333 2817 406 2881 δὲ,
455 2817 698 2887 ματαίαν
738 2813 905 2886 ἀκοὴν
952 2814 1402 2886 παραδεξάμενοι,
1442 2813 1674 2886 Χριστὸν

129 2911 311 2973 ἑαυτοῖς
348 2908 464 2962 τινὰ
505 2907 908 2968 ἁναπλάσσετε,
945 2907 1040 2961 καὶ
1088 2907 1253 2960 αὐτοῦ
1287 2908 1446 2980 χάριν
1475 2905 1543 2959 τὰ
1579 2904 1673 2959 νῦν

129 3000 353 3063 ἀσκόπως
385 2997 592 3052 ἁπόλλυ
601 2998 712 3051 σθε.

184 3179 230 3233 9.
269 3176 566 3250 Συγγνώμη
606 3195 706 3241 σοι,
749 3176 904 3247 ἔφην,
934 3169 980 3230 ὦ
1007 3175 1280 3247 ἄνθρωπε,
1318 3177 1410 3230 καὶ
1445 3175 1672 3247 ἀφεθείη
1699 3205 1741 3262 C

131 3287 214 3323 σοι.
242 3272 308 3326 Οὐ
337 3271 442 3346 γὰρ
465 3267 618 3335 οἶδας
647 3271 674 3323 ὃ
693 3269 871 3340 λέγεις
891 3287 904 3299 ·
943 3269 1078 3323 άλλά
1110 3269 1428 3340 πειθόμενος
1461 3272 1572 3334 τοῖς
1595 3269 1696 3324 δι-’

129 3364 380 3430 δισκάλοις
419 3368 466 3420 οἳ
507 3367 571 3419 οὐ
614 3366 826 3419 συνιᾶσι
871 3363 970 3428 τὰς
1008 3361 1249 3436 Γραφὰς,
1295 3365 1389 3416 καὶ
1427 3364 1674 3434 ἀπομαν-

130 3458 382 3527 τευόμενος
413 3457 597 3526 λέγεις
625 3459 653 3510 ὃ
681 3475 732 3510 τι
771 3458 836 3510 ἄν
877 3473 957 3509 σοι
986 3457 1077 3509 ἐπὶ
1118 3455 1285 3524 θυμὸν
1319 3454 1480 3508 ἔλθοι.
1513 3456 1576 3508 Ei
1617 3456 1674 3509 δὲ

133 3548 310 3617 βούλοιο
346 3551 536 3604 τούτου
582 3549 711 3622 πέρι
753 3547 1004 3615 δέξασθαι
1046 3547 1120 3618 (5)
1164 3547 1337 3616 λόγον,
1381 3547 1455 3610 ὡς
1495 3547 1554 3599 οὐ
1578 3565 1675 3599 πε-

131 3644 436 3716 πλανήμεθα,
483 3644 607 3699 οὐδὲ
645 3643 965 3715 παυσόμεθα
1003 3643 1077 3714 (4)
1121 3642 1504 3714 ὁμολογοῦντες
1554 3640 1674 3694 τοῦ-

131 3753 204 3788 τον
250 3738 340 3809 (5),
391 3738 496 3792 κᾶν
548 3737 616 3790 τὰ
659 3736 719 3801 ἐξ
770 3737 1069 3810 ἀνθρώπων
1126 3739 1254 3808 ἡμῖν
1303 3737 1672 3808 ὲπιφέρωνται

131 3827 295 3901 ὀνείδη,
315 3829 413 3884 κᾶν
433 3832 460 3883 ὁ
480 3829 784 3892 δεινότατος
804 3829 1058 3882 ἀπειπεῖν
1081 3827 1361 3899 ἀναγκάζῃ
1383 3827 1638 3900 τύραννος
1655 3845 1668 3857 ·

133 3923 405 3991 παρεστῶτι
455 3922 568 3994 γὰρ
615 3921 791 3984 δείξω,
832 3921 914 3973 ὅτι
954 3920 1014 3973 οὐ
1058 3923 1234 3985 κενοῖς
1275 3920 1673 3991 ἐπιστεύσαμεν

136 4015 311 4083 μύθοις.
365 4017 484 4070 οὐδὲ
538 4014 946 4078 ἀναποδείκτοις
1001 4013 1199 4082 λόγοις,
1256 4014 1392 4068 ἀλλὰ
1457 4019 1672 4086 μεστοῖς

132 4105 408 4175 Πνεύματος
444 4108 590 4160 θείου
624 4108 719 4160 καὶ
761 4105 986 4176 δυνάμει
1030 4106 1270 4178 βρύουσι,
1302 4108 1395 4160 καὶ
1422 4106 1671 4178 τεθηλόσι

132 4198 298 4270 χάριτι.
315 4231 381 4243 -—
395 4199 752 4269 Ἀνεγὲλασαν
767 4195 859 4252 οῦν
873 4199 1032 4254 πάλιν
1047 4202 1096 4254 οἱ
1112 4200 1226 4272 μετ’
1245 4200 1430 4264 αὐτοῦ,
1448 4202 1541 4255 καὶ
1555 4200 1673 4254 ἄκο-

190 4373 469 4451 (1)-Ἂπερ
498 4379 610 4451 Ot’gx
637 4351 954 4451 ἀλλοτρίῳ.
1005 4379 1133 4451 Πεξο
1160 4379 1446 4451 Pcrionius
1481 4382 1547 4435 ad
1595 4381 1674 4451 ip-

133 4459 230 4520 sum
276 4449 433 4520 Deum
480 4448 694 4502 refert:
744 4449 913 4503 multo
959 4450 1153 4506 melius
1203 4451 1270 4502 ad
1319 4448 1670 4520 Tryphonem

1777 1885 1960 1930 autem
2005 1877 2298 1944 deserenti,
2344 1889 2399 1934 et
2426 1897 2576 1950 spem
2621 1882 2674 1937 in
2723 1884 2941 1941 homine
2984 1889 3348 1944 constituenti

1776 1966 1903 2035 quid
1931 1966 2110 2022 adhuc
2150 1970 2475 2041 relinquitur
2507 1974 2750 2029 salutis?
2791 1975 2974 2043 Quare
3011 1979 3055 2034 si
3092 1995 3178 2035 me
3211 1996 3352 2048 quo-

1775 2074 1880 2127 que
1905 2060 2093 2116 audire
2112 2061 2259 2117 voles
2275 2062 2405 2134 (jam
2431 2066 2574 2120 enim
2601 2079 2653 2122 te
2671 2069 2904 2123 amicum
2933 2072 3232 2141 existimo),
3262 2075 3348 2130 fac

1773 2150 2008 2218 primum
2043 2159 2101 2205 ut
2135 2152 2579 2223 circumcideris;
2619 2158 2817 2214 deinde
2846 2160 3098 2226 observa,
3138 2172 3195 2218 ut
3228 2163 3349 2235 iege

1776 2241 2046 2297 sancitum
2081 2252 2189 2306 est,
2224 2245 2509 2300 sabbatum
2539 2257 2596 2300 et
2622 2245 2742 2302 dies
2779 2247 2951 2304 festos
2978 2266 3041 2307 ac
3070 2255 3346 2310 novilunia

1775 2335 1904 2401 Dei;
1947 2349 2054 2390 uno
2087 2338 2276 2400 verbo,
2309 2352 2430 2407 quae
2471 2339 2522 2392 in
2564 2339 2682 2407 lege
2724 2343 2924 2412 scripta
2969 2354 3116 2407 sunt,
3161 2348 3346 2402 omnia

1773 2442 2104 2496 exsequere;
2136 2439 2360 2498 tumque
2384 2429 2479 2484 tibi
2509 2429 2735 2486 forsitan
2767 2433 3146 2491 misericordia
3181 2439 3289 2492 crit
3314 2454 3346 2493 a

1776 2522 1904 2578 Deo.
1925 2521 2174 2576 Christus
2197 2530 2399 2589 autem,
2416 2522 2460 2576 si
2479 2522 2694 2592 quidem
2718 2533 2877 2579 natus
2896 2537 2996 2590 est,
3017 2538 3109 2582 aut
3133 2531 3345 2600 uspiam

1773 2622 2041 2674 versatur,
2091 2613 2308 2682 ignotus
2353 2622 2457 2678 est,
2501 2614 2729 2669 necdum
2763 2630 2822 2670 se
2870 2616 2987 2685 ipse
3028 2621 3203 2684 novit,
3246 2637 3349 2677 nec

1773 2702 1882 2756 ulla
1929 2705 2131 2758 virtute
2183 2704 2444 2773 praeditus
2495 2714 2600 2770 cst,
2648 2706 2824 2762 donec
2875 2723 3000 2763 euut
3050 2711 3349 2770 adveniens

1773 2795 1920 2851 Elias
1947 2796 2188 2861 unxerit,
2221 2807 2275 2851 et
2305 2797 2657 2853 manifestum
2698 2799 2957 2855 omnibus
2985 2800 3194 2858 fecerit.
3245 2803 3349 2862 Vos

1773 2899 1954 2944 autem
1981 2889 2126 2944 inani
2145 2889 2422 2945 auditione
2442 2902 2665 2954 excepta
2690 2891 2964 2948 Christum
2986 2896 3140 2950 vobis
3160 2911 3350 2965 quent-

1773 2983 1898 3036 dam
1923 2982 2153 3052 fingitis,
2190 2992 2247 3038 et
2277 2982 2422 3039 illius
2454 2999 2619 3040 causa
2652 3000 2798 3040 nunc
2826 2986 3016 3054 peritis
3043 2987 3351 3046 inconside-

1771 3084 1912 3130 rate.

1846 3164 1899 3219 9.
1933 3164 2228 3219 Christiani
2251 3181 2355 3220 non
2387 3166 2534 3220 vanis
2548 3145 2885 3222 crediderunt
2910 3169 3256 3226 sermonibus.
3281 3201 3353 3214 —

1775 3257 2107 3325 lgnoscatur,
2148 3252 2390 3326 inquam,
2427 3256 2664 3330 Trypho,
2714 3269 2770 3314 et
2817 3263 3157 3318 contionetur
3199 3265 3340 3330 tibi;

1775 3363 1948 3416 neque
1968 3349 2112 3403 enim
2137 3349 2245 3405 scis
2271 3350 2400 3421 quid
2429 3350 2611 3416 dicas;
2637 3355 2757 3414 scd.
2782 3355 3062 3424 magistris
3088 3356 3349 3411 credulus

1775 3437 2089 3510 Scripturas
2127 3455 2235 3496 non
2276 3441 2724 3513 intelligentibus,
2757 3453 2815 3498 et
2855 3445 3012 3514 quasi
3047 3446 3350 3508 hariolans.

1773 3532 2037 3602 quidquid
2074 3533 2129 3588 in
2178 3543 2416 3589 mentem
2455 3537 2685 3603 venerit,
2727 3536 2992 3607 loqueris.
3031 3538 3185 3606 Quod
3217 3539 3262 3594 si
3298 3541 3352 3595 id

1775 3621 1873 3676 tibi
1921 3625 2225 3680 rationibus
2267 3625 2489 3690 probari
2522 3627 2748 3694 pateris,
2782 3641 2881 3684 nos
2931 3627 3352 3683 scilicebdece—

1772 3725 1894 3785 ptos
1919 3731 2026 3771 non
2050 3731 2193 3781 esse,
2230 3731 2330 3772 nec
2357 3717 2629 3773 desituros
2659 3719 2806 3774 hunc
2829 3720 3103 3786 confiteri,
3134 3722 3350 3776 etiamsi

1774 3810 1934 3864 nobis
1973 3809 2268 3879 opprobria
2309 3809 2378 3863 ab
2416 3810 2730 3867 hominibus
2777 3811 3105 3880 inferantur,
3136 3815 3353 3872 etiamsi

1773 3901 2104 3956 saevissimus
2147 3899 2379 3956 deficere
2413 3909 2573 3971 cogat
2604 3908 2902 3972 tyrannus;
2954 3905 3208 3974 praesenti
3254 3905 3351 3960 tibi

1774 3993 2168 4050 demonstrabo
2197 4007 2303 4048 non
2341 3994 2497 4048 vanis
2529 4008 2630 4050 nos
2658 3997 2960 4052 credidisse
3005 3998 3221 4062 fabulis,
3251 4015 3354 4055 nec

1775 4087 2054 4144 destitutis
2107 4096 2436 4156 argumento
2466 4087 2832 4154 sermonibus,
2864 4091 2956 4145 sed
2993 4091 3198 4158 Spiritu
3229 4108 3354 4148 san-

1776 4189 1865 4236 cto
1907 4179 2081 4244 plenis
2118 4195 2183 4236 ac
2213 4180 2417 4236 virtute
2440 4181 2805 4246 scatentibus,
2840 4191 2894 4235 et
2926 4183 3103 4253 gratia
3142 4182 3352 4240 einore-

1775 4379 1853 4450 τῷ
1882 4378 2220 4451 Βεελφεγώρ.

1847 4451 1926 4520 (5)
1972 4448 2192 4520 Τούτοὺ
2218 4449 2358 4520 πέρι
2372 4448 2676 4520 δέξασθαι.
2720 4451 2796 4505 Ita
2831 4450 3000 4504 codex
3034 4449 3353 4506 Claromon-

135 4515 336 4592 Langtts.
388 4519 555 4592 inter
590 4527 883 4592 utramque
930 4515 1445 4592 interpretationem
1484 4523 1674 4592 divisit
1703 4582 1741 4592 _
1780 4515 1959 4575 latius.
1997 4519 2140 4574 Editi
2176 4515 2581 4592 περιδέξασθαι.
2615 4520 2785 4575 Totus
2823 4522 2912 4575 hic
2942 4522 3093 4576 locus
3127 4533 3354 4577 sanatur

141 4582 748 4664 an‘in’mm_l.ondinensis
779 4582 972 4664 editor.
1016 4582 1124 4664 Sed
1156 4589 1293 4664 mihi
1314 4591 1669 4664 manifestum
1703 4582 1748 4634 Ῑ)
1779 4582 2474 4664 tum_in_terpun_gc'ndovut
2520 4591 2974 4664 interpunximus,
3013 4602 3125 4644 tum
3174 4593 3355 4664 negli-

133 4657 332 4731 vitletur,
353 4659 598 4731 Judaeum
617 4659 915 4731 designari,
937 4663 1166 4728 quicum
1193 4661 1246 4715 in
1279 4662 1462 4730 Moyse
1477 4671 1531 4716 et
1550 4678 1671 4731 pro-

133 4727 284 4802 phetis
306 4739 406 4782 tam
441 4728 612 4802 multa
655 4727 988 4802 dc’Chrjsto
1030 4731 1257 4800 legeret,
1293 4727 1506 4787 alienus
1530 4727 1670 4802 quo-

135 4797 234 4850 dam
261 4801 418 4871 modo
455 4799 527 4852 ab
561 4800 645 4868 iis,
688 4815 810 4870 qua:
854 4797 1131 4856 Christum
1179 4812 1448 4871 spectant,
1489 4797 1668 4858 videri

134 4880 220 4918 non
243 4870 486 4927 debebat.

193 4937 257 5008 (2)
297 4944 520 5012 Ἱζελείῳ.
544 4941 942 4998 Perfectionem
976 4943 1082 4998 hac
1111 4958 1246 4999 voce
1274 4943 1542 5010 designari
1576 4959 1672 5012 pu-

137 5015 291 5086 [futuit
319 5010 514 5086 Justini
563 5017 914 5086 interpretes,
945 5013 1296 5086 Baptismutn
1325 5010 1669 5086 Sylburgius.

137 5077 365 5166 Erudit-us
389 5077 750 5166 Londinensis
795 5084 975 5138 editor
1002 5077 1301 5166 _Sylb_urgii
1354 5077 1383 5137 ἱ
1411 5077 1674 5166 interpre-

138 5150 298 5227 tationi
315 5153 466 5227 illud:
485 5159 601 5227 ait}
621 5154 859 5219 obstare,
874 5155 1015 5221 quod
1035 5150 1119 5208 vix
1143 5150 1256 5227 fieri
1278 5157 1449 5224 potuit
1468 5150 1675 5227 utATry-

139 5218 300 5287 phoni,
335 5225 536 5280 homini
565 5225 776 5290 Judmo,
822 5218 925 5279 iSta
963 5226 1236 5280 sententia
1273 5218 1422 5281 vocis
1467 5218 1674 5290 τέλειος

137 5292 246 5367 satis
265 5305 397 5348 esset
430 5306 711 5367 perspecta
735 5313 750 5360 ;
774 5299 917 5364 quod
948 5305 1128 5348 tamen
1150 5296 1207 5367 in
1243 5307 1354 5350 tam
1385 5297 1672 5367 negligenti

138 5362 368 5436 scriptore
398 5362 654 5421 tnoinenti
691 5362 910 5436 nonest
939 5366 1183 5422 maximi.
1215 5385 1233 5419 ν
1266 5367 1370 5420 Sed
1401 5362 1674 5436 qu'omodo

137 5427 308 5504 ῖέλέιον
330 5435 588 5502 γίνεσθαι,
617 5435 910 5498 τελεῖσθαι,
939 5437 1079 5489 idem
1102 5451 1223 5490 esse
1240 5451 1304 5490 ac
1328 5427 1556 5504 initiari,
1581 5450 1676 5491 aut

140 5497 357 5579 ignorare
378 5511 551 5579 potuit
577 5497 822 5579 Trypho,
855 5497 950 5579 aut
984 5510 1123 5560 hanc
1161 5507 1234 5560 illi
1273 5497 1672 5579 ignorationem

140 5572 834 5645 attribuereiustittus'fcutn
862 5577 976 5632 haec
1004 5580 1169 5630 verba
1203 5572 1506 5633 nonfsoltini
1534 5577 1676 5645 apud

140 5642 362 5715 profanos
400 5649 717 5718 scriptores,
757 5649 850 5702 sed
901 5649 1066 5701 etiam
1119 5649 1262 5717 apttd
1298 5662 1485 5718 sacros
1531 5642 1676 5718 hunc

143 5721 185 5759 tn
209 5725 408 5788 sensum
439 5716 814 5788 usurpentur?
851 5718 1040 5772 Nonne
1075 5716 1244 5784 enim,
1280 5728 1339 5771 ut
1373 5717 1535 5771 multa
1569 5716 1674 5788 alia

142 5783 381 5859 “[“ijlayll.
404 5783 626 5859 legimus
649 5805 796 5843 num.
820 5804 947 5853 xxv,
965 5789 999 5842 5
1017 5807 1029 5841 :
1049 5791 1157 5844 Καὶ
1175 5788 1430 5859 ἐτελέσθη
1461 5785 1675 5859 Ἰσραὴλ

142 5851 537 5928 τῷῐῖεελφεγῶρ.
582 5861 641 5914 Et
674 5862 862 5931 psalm.
903 5851 988 5929 ον,
1032 5861 1134 5914 28'
1180 5861 1288 5914 Καὶ
1319 5851 1674 5928 ὲτελὲσθὴσαν

1773 4661 1948 4732 gendo
1974 4660 2102 4732 illud
2131 4661 2386 4732 γάρίροειᾲ
2409 4660 2742 4732 παρεστῶτι,
2768 4662 2850 4716 vel
2881 4661 3109 4732 legendo
3123 4662 3209 4730 γέ.
3233 4660 3352 4732 Syl-

1773 4729 2166 4802 burgiuslegit
2196 4729 2320 4802 πέρι
2368 4729 2648 4797 δέξασθαι,
2695 4729 3250 4802 μαθήσῃξΤιιὶτιὺὶυδ
3274 4729 3352 4786 ἐί

1775 4804 1918 4924 Ederet
1949 4801 2134 4856 valere
2166 4801 2321 4870 putat
2349 4816 2414 4856 ac
2449 4819 2469 4852 ι
2506 4801 2736 4869 utinam,
2778 4821 2796 4855 ι
2832 4801 2913 4856 et
2943 4802 3076 4873 legit
3107 4803 3350 4875 παραδέ-

1807 4889 1876 4924 ασ
1911 4889 1986 4924 αι.

1807 4889 1986 4925 ασθαι.

1773 4872 2136 5013 ξαῧῗῦὐδὲ
2189 4943 2559 5012 παυσόμεθα.
2609 4940 2758 5013 ιιωεκ
2787 4941 2918 5000 die"
2973 4941 3241 5008 Justinus’
3293 4951 3354 4996 ω’

1775 5012 1961 5093 inepta
2007 5013 2324 5093 Tryphonis
2355 5012 2847 5093 consilia‘refellat,
2886 5013 2978 5093 qui
3015 5014 3082 5093 ad
3113 5015 3352 5093 circum:

1776 5083 2036 5139 cisionem
2095 5083 2530 5152 amplectendam
2593 5083 2848 5138 hortatus
2906 5082 3106 5138 fuerat.
3169 5082 3348 5136 Simili

1778 5155 1938 5208 modo
1990 5151 2341 5218 refelluntur,
2386 5155 2479 5223 qui
2534 5163 2781 5207 metuere
2829 5169 2892 5210 se
2936 5153 3236 5223 fingebant,
3268 5167 3352 5223 ine

1776 5223 2097 5302 Christiani,
2126 5221 3035 5302 crucifixorelicto,_Polycarpum:
3056 5221 3235 5302 colere
3263 5222 3352 5302 in»

1778 5295 2046 5364 ciperent.
2101 5311 2120 5345 ι
2158 5293 2335 5362 Atque
2385 5294 2501 5364 haec
2559 5291 2798 5358 aiebant,
2836 5313 2856 5346 ›
2887 5291 3062 5364 inquit
3111 5291 3351 5364 Ecclesia

1782 5362 2133 5436 St‘nyrncnsis
2153 5365 2215 5436 _in
2244 5365 2368 5418 Act.
2387 5363 2794 5436 S.‘Polycarpi,
2824 5382 2845 5416 ι
2868 5362 3283 5436 suggerentibus
3298 5369 3354 5416 et

1777 5433 2112 5491 instantibus
2146 5433 2415 5488 Judaais...
2452 5433 2624 5504 ignari
2652 5433 2796 5504 quod
2819 5449 2919 5489 nec
2940 5433 3219 5504 Christum
3248 5447 3352 5484 uno

1779 5521 1944 5575 quam
1982 5506 2365 5574 derelinquere
2409 5503 2782 5575 poterimus...
2816 5519 2918 5575 nec
2962 5503 3353 5575 diuulgauit-

1778 5569 1943 5646 quam
1990 5577 2190 5631 colere.
2214 5569 2258 5626 ἰ
2298 5569 2651 5646 ,Ἀγνοοῦντες
2697 5576 2790 5646 ὅτι
2825 5572 2949 5646 οὔτε
2985 5572 3076 5646 τδν
3120 5569 3354 5646 Χριστόν

1779 5640 1908 5699 ποτε
1940 5646 2260 5701 καταλιπεῖν
2288 5640 2693 5716 δυνησόμεθα...
2735 5643 2857 5696 οὔτε
2888 5642 3074 5714 ἕτερόν
3101 5640 3224 5700 τινα
3261 5640 3353 5698 ai.-

1779 5716 1911 5770 σειν.

1842 5789 1927 5868 ίὸ)
1974 5789 2210 5846 Τοῦτον.
2245 5788 2448 5862 Regius
2472 5786 2640 5844 codex
2673 5786 2833 5841 habet
2861 5786 2927 5839 ad
2953 5785 3249 5856 marginem
3273 5783 3355 5854 si;

1778 5874 1983 5912 τουτον.
