3770 6500
379 348 483 405 45-5

1332 355 1387 411 S.
1419 354 1680 410 JUSTINI
1716 354 2120 413 PHILOSOPHI
2166 358 2250 413 ET
2288 359 2644 416 MARTYRIS

3505 375 3613 421 ινδ

382 468 678 523 scentihus.
716 465 1057 522 --Riserunt
1089 468 1252 536 igitur
1304 469 1502 524 iterum
1542 470 1661 538 ejus
1690 472 1930 536 comites,

2101 492 2174 529 ιον
2219 477 2629 547 ἀνεφθέγγοντο.
2677 475 2817 545 Ἐγὼ
2850 475 2925 539 δὲ,
2958 476 3212 541 ἀναστὰς,
3241 471 3347 542 οἷός
3376 480 3424 532 τ’
3460 482 3616 552 ἥμην

379 569 541 629 atque
578 560 827 614 indecore
863 559 1185 615 clamarunt.
1228 561 1362 615 Tum
1388 575 1488 629 ego
1518 577 1638 616 cum
1672 566 1943 620 surrexis-

378 653 757 715 sem,abeuuti
800 652 996 707 similis
1035 668 1223 718 eram;
1272 655 1366 709 sed
1410 653 1500 708 ille
1537 665 1750 723 arrepta
1794 666 1941 712 veste

376 744 528 813 prius
550 744 899 797 dimissurum
937 746 1172 814 negavit,
1202 761 1361 814 quam
1389 746 1716 815 promissum
1754 748 1938 803 exsol—

377 836 599 889 visscm.
642 833 719 888 Ne
751 842 882 906 ergo
923 837 1338 901 tumultuentur,
1379 838 1615 907 inquam,
1662 840 1793 895 socii
1838 842 1935 907 tui,

380 944 479 986 nec
507 931 586 985 sic
620 945 678 985 se
716 926 903 1001 gerant
936 932 1225 1000 indecore;
1265 933 1358 988 sed
1392 933 1437 987 si
1474 934 1682 1000 volunt,
1720 936 1938 994 silentio

375 1025 709 1090 auscultem;
737 1024 779 1079 si
805 1040 907 1094 qua
935 1034 1113 1077 autem
1138 1026 1315 1094 potior
1335 1040 1429 1082 eos
1453 1016 1736 1096 occupatio
1771 1029 1939 1084 inter-

375 1119 559 1187 pellat,
612 1118 828 1173 abeant.
863 1118 970 1172 Nos
1009 1126 1188 1173 autem
1223 1121 1544 1175 secedamus
1588 1120 1791 1188 aliquo,
1827 1122 1935 1175 ibi-

372 1224 477 1279 que
519 1212 919 1279 requiescentes
957 1210 1377 1279 disputationem
1428 1225 1816 1280 exsequamur.
1842 1212 1938 1265 Vi-

370 1320 490 1359 sum
519 1315 603 1359 est
625 1305 785 1358 etiam
813 1303 1108 1374 Tryphoni,
1142 1313 1200 1358 ut
1237 1305 1307 1357 ita
1339 1305 1672 1370 faceremus;
1708 1318 1937 1374 cumque

371 1399 512 1451 inter
552 1412 649 1451 nos
691 1397 1080 1461 innuissemus,
1119 1396 1172 1450 in
1225 1397 1456 1451 medium
1506 1398 1643 1469 xysti
1697 1397 1933 1453 stadium

370 1490 637 1544 venimus.
669 1490 782 1543 Duo
810 1497 991 1542 autem
1020 1501 1085 1542 ex
1115 1487 1234 1553 ejus
1278 1489 1568 1544 comitibus
1602 1504 1723 1543 cum
1764 1489 1936 1544 cavil-

369 1578 461 1632 lali
491 1587 693 1643 essent,
730 1588 785 1634 et
813 1578 868 1632 in
910 1577 1146 1632 studium
1185 1587 1430 1634 nostrum
1451 1578 1636 1647 jocati,
1670 1579 1936 1635 discesse-

370 1679 514 1726 runt.
549 1672 648 1728 Ubi
698 1672 752 1726 in
802 1672 895 1728 illo
936 1672 1055 1728 loco
1101 1673 1336 1737 luimus,
1366 1673 1459 1728 ubi
1505 1674 1695 1730 sedilia
1726 1675 1935 1746 lapidea

367 1776 491 1820 suul
519 1782 584 1821 ex
624 1776 857 1835 utraque
904 1773 1093 1846 parte,
1124 1766 1285 1820 amici
1318 1765 1629 1836 Tryphonis
1663 1767 1715 1821 in
1762 1768 1933 1822 altera

2043 570 2375 643 ἀπέρχεσθαι
2399 588 2411 601 ·
2438 574 2467 624 ὁ
2486 571 2543 624 δέ
2580 588 2678 641 μου
2705 573 2797 623 τοῦ
2823 571 3037 641 ἱματίου
3059 570 3373 643 λαϐόμενος,
3394 575 3454 627 οὑ
3483 578 3618 647 πρὶν

2040 662 2260 715 ἀνύσειν
2298 662 2370 733 (6)
2412 662 2535 733 ἔφη,
2578 662 2707 734 πρὶν
2747 662 2776 714 ὃ
2817 662 3130 734 ὑπεσχόμην
3170 663 3469 719 ἐκτελέσαι.
3520 670 3616 739 Μὴ

2039 747 2151 817 οὖν,
2182 753 2339 824 ἔφην,
2377 752 2777 823 θορυϐείτωσαν
2805 752 2855 805 οἱ
2885 752 3087 823 ἑταῖροί
3124 769 3237 817 σου,
3280 754 3410 823 μηδὲ
3443 756 3619 825 ἀσχηο

2042 847 2373 918 μονείτωσαν
2417 844 2608 909 οὕτως.
2673 844 2809 897 Ἀλλ’
2867 846 2915 896 εί
2966 846 3061 916 μὲν
3114 845 3420 916 βούλονται,
3472 848 3616 919 μετά

2039 939 2265 1010 ἡσυχίας
2291 937 2682 1009 ἀκροάσθωσαν
2701 954 2713 967 ·
2755 937 2805 993 εί
2842 937 2900 991 δὲ
2925 939 3017 990 καὶ
3051 938 3275 1008 ἀσχολία
3303 956 3386 1001 τις
3426 940 3619 1002 αὑτοῖς

2041 1033 2338 1104 ὑπέρτερος
2368 1031 2613 1102 ἐμποδών
2642 1033 2806 1096 ἐστιν,
2835 1031 3112 1086 ἀπίτωσαν
3131 1049 3143 1062 ’
3183 1034 3339 1103 ἡμεῖς
3372 1033 3447 1099 δὲ,
3480 1034 3619 1086 ὑπο-

2037 1125 2385 1195 χωρήσαντές
2414 1142 2503 1177 ποι
2531 1126 2623 1178 καὶ
2646 1125 3111 1195 ἀναπαυσάμενοι,
3149 1125 3498 1196 περαίνωμεν
3523 1128 3618 1179 τὸν

2038 1214 2212 1282 λόγον.
2240 1213 2422 1280 Ἔδοξε
2463 1214 2557 1267 καὶ
2579 1213 2657 1285 τῷ
2691 1214 2942 1287 Τρύφωνι
2978 1213 3148 1278 οὑτως
3183 1217 3326 1284 ἡμᾶς
3351 1216 3579 1287 ποιῆσαι
3599 1234 3613 1245 ο

2039 1307 2134 1361 καὶ
2157 1306 2241 1379 δὴ,
2269 1308 2645 1372 ὲκνεύσαντες,
2671 1310 2749 1370 εἰς
2771 1307 2831 1360 τὸ
2859 1307 3021 1378 μέσον
3051 1306 3141 1359 τοῦ
3173 1307 3361 1372 ξύστου
3395 1310 3614 1362 στάδιον

2037 1400 2247 1471 ᾕειμεν.
2281 1400 2399 1453 Τῶν
2439 1400 2495 1452 δὲ
2544 1401 2641 1453 σὺν
2666 1399 2814 1470 αὑτῷ
2847 1398 2939 1453 δύο
2976 1398 3357 1469 χλευάσαντες,
3387 1399 3484 1452 καὶ
3515 1399 3616 1470 τὴν

2039 1491 2270 1563 σπουδὴν
2316 1491 2471 1563 ήμῶν
2508 1490 2934 1560 ὲπισκώψαντες,
2974 1491 3385 1563 ἀπηλλάγησαν.
3421 1493 3615 1562 Ἡμεῖς

2036 1581 2113 1646 δὲ,
2143 1582 2217 1646 ὡς
2240 1582 2534 1654 ἐγενόμεθα
2560 1586 2616 1637 ὲν
2636 1582 2826 1655 ἐκείνῳ
2846 1582 2922 1653 τῷ
2954 1582 3102 1653 τόπῳ
3125 1582 3249 1635 ἔνθα
3272 1582 3616 1656 ἑκατέρωθεν

2037 1672 2225 1726 λίθινοί
2256 1675 2360 1726 εἰσι
2387 1671 2570 1737 θῶκοι,
2602 1675 2659 1727 ὲν
2686 1672 2764 1744 τῷ
2798 1674 2967 1745 ἑτέρῳ
2992 1672 3343 1739 καθεσθέντες
3376 1676 3426 1727 οἱ
3471 1675 3613 1745 μετά

2036 1763 2128 1817 τοῦ
2174 1763 2486 1835 Τρύφωνος,
2516 1764 2841 1835 ἐμϐαλόντος
2886 1766 3029 1831 τινὸς
3060 1767 3238 1820 αὑτῶν
3275 1767 3433 1836 λόγον
3479 1768 3614 1840 περὶ

366 1858 636 1924 sedentes,
691 1873 811 1913 cum
856 1843 1046 1912 eorum
1090 1858 1288 1928 aliquis
1338 1859 1405 1913 de
1458 1859 1599 1915 bello
1646 1860 1700 1914 in
1745 1859 1930 1918 Judzea

2101 1855 2122 1909 5
2172 1857 2313 1911 κατὰ
2348 1858 2448 1930 τὴν
2493 1858 2749 1913 Ἰουδαίαν
2795 1859 3085 1930 γενομένου
3128 1859 3387 1931 πολέμου,
3432 1860 3617 1912 διελά-

367 1961 520 2022 gesto
551 1952 875 2007 mentionem
910 1951 1210 2019 injecisset,
1246 1950 1721 2023 colloquebantur.

439 2045 527 2100 10.
579 2045 691 2099 Hoc
739 2044 907 2100 solum
961 2044 1169 2114 Trypho
1216 2045 1472 2110 vituperat
1518 2047 1571 2100 in
1619 2046 1937 2105 Christianis

362 2133 500 2200 quod
536 2131 697 2203 legem
747 2150 851 2187 non
894 2138 1183 2187 observent.
1214 2162 1284 2173 —
1325 2132 1616 2204 Postquam
1658 2136 1821 2193 ﬁnem
1859 2137 1937 2195 fe-

362 2238 504 2288 cere,
545 2224 614 2277 ita
654 2225 720 2278 ad
745 2239 838 2279 eos
883 2239 1097 2278 rursum
1129 2223 1351 2294 inctepi.
1387 2223 1585 2280 Utrum
1618 2226 1763 2281 aliud
1798 2228 1935 2284 nihil

361 2316 413 2371 in
437 2316 612 2381 nobis,
638 2318 817 2383 amici,
854 2316 1276 2387 reprehenditis,
1313 2317 1418 2371 nisi
1465 2318 1608 2388 quod
1639 2322 1931 2378 secundum

360 2410 532 2480 legem
586 2426 690 2466 non
741 2413 1014 2475 vivamus,
1068 2425 1265 2482 neque,
1323 2420 1383 2465 ut
1436 2413 1677 2481 majores
1735 2415 1930 2483 vestri,

356 2517 522 2557 carne
548 2503 1026 2565 circumcidamur,
1072 2518 1267 2572 neque,
1302 2512 1362 2557 ut
1389 2518 1507 2571 vos,
1547 2503 1773 2559 sabbata
1811 2520 1930 2560 ser-

358 2595 587 2651 vemus?
618 2595 770 2664 111
803 2595 881 2648 An
916 2595 1027 2649 vita
1072 2595 1236 2649 etiam
1272 2606 1329 2649 et
1363 2610 1543 2651 mores
1575 2597 1745 2651 nostri
1775 2597 1932 2653 malis

374 2686 516 2754 apud
548 2700 645 2742 vos
672 2687 981 2742 rumoribus
1020 2685 1287 2756 ﬂagrant?
1317 2686 1472 2753 Quod
1503 2697 1683 2742 autem
1711 2687 1833 2743 dico
1870 2688 1934 2743 il-

368 2777 459 2832 lud
486 2788 606 2834 est:
640 2789 821 2832 utrum
863 2780 1003 2834 hanc
1031 2780 1097 2834 de
1127 2779 1284 2834 nobis
1316 2780 1624 2849 opinionem
1664 2795 1763 2834 vos
1791 2795 1928 2850 quo-

368 2888 474 2942 que
500 2872 806 2942 accepistis,
840 2873 1092 2928 humanis
1119 2888 1217 2928 nos
1248 2873 1391 2926 vesci
1421 2873 1700 2936 carnibus,
1727 2884 1783 2929 et
1809 2885 1929 2942 post

354 2965 594 3034 epulum,
621 2966 910 3020 exstinctis
938 2965 1201 3030 lucernis,
1228 2966 1279 3019 in
1310 2963 1531 3034 ﬂagitiis
1557 2965 1809 3021 nefandis
1835 2982 1932 3022 vo-

355 3057 537 3125 lutari,
564 3072 631 3111 an
667 3056 793 3111 illud
817 3057 993 3133 ipsum
1023 3057 1079 3111 in
1116 3057 1277 3113 nobis
1317 3057 1495 3113 soluat
1535 3058 1933 3123 condemnatis,

354 3151 497 3219 quod
526 3151 789 3219 ejusmodi
837 3150 1211 3204 adhaereamus
1253 3150 1535 3214 doctrinae,
1563 3165 1629 3207 ac
1666 3148 1834 3214 falsae,
1872 3157 1929 3203 ut
1954 3169 1995 3227 ς

354 3243 509 3297 vobis
538 3242 777 3306 videtur,
815 3242 1059 3311 opinioni
1090 3240 1415 3296 credamus?

422 3334 555 3387 Illud
587 3342 691 3400 est,
711 3334 853 3402 quod
885 3333 1169 3397 miramur,
1198 3333 1372 3401 inquit
1396 3333 1651 3403 Trypho:
1678 3348 1800 3403 quae
1829 3350 1927 3389 au-

351 3438 457 3483 tem
503 3427 753 3481 dictitant
806 3426 983 3494 multi,
1027 3427 1134 3481 ﬁde
1183 3427 1346 3497 digna
1404 3441 1508 3483 non
1554 3436 1714 3493 sunt;
1766 3426 1925 3497 longe

348 3521 491 3574 enim
529 3520 825 3576 abhorrent
856 3519 925 3573 ab
973 3520 1207 3573 humana
1250 3527 1473 3586 natura;
1520 3520 1614 3574 sed
1652 3528 1708 3574 et
1738 3530 1921 3575 vestra

350 3612 439 3665 illa
467 3613 518 3665 in
542 3628 625 3677 eo,
651 3613 796 3681 quod
823 3612 1057 3677 vocatis,
1086 3611 1381 3681 Evangelio
1418 3620 1685 3681 praecepta
1717 3612 1790 3665 ita
1823 3611 1924 3666 mi-

355 3704 547 3757 rabilia
580 3713 635 3759 et
661 3719 858 3775 magna
888 3718 1009 3758 esse
1033 3704 1173 3769 scio,
1197 3713 1258 3757 ut
1294 3702 1534 3771 suspicio
1560 3702 1630 3757 sit
1652 3702 1921 3757 nemiuem

347 3813 411 3852 ea
458 3812 615 3864 posse
638 3812 887 3863 servare;
923 3797 1054 3851 mihi
1093 3798 1237 3852 enim
1267 3808 1413 3851 cura:
1443 3795 1566 3863 fuit,
1606 3804 1663 3849 ut
1687 3809 1748 3849 ea
1780 3794 1923 3865 lege-

349 3902 487 3941 rem.
540 3888 595 3941 lu
643 3904 708 3944 eo
761 3898 938 3941 autem
990 3888 1335 3957 potissimum
1384 3889 1652 3942 haeremus
1703 3885 1918 3949 incerti,

350 3980 492 4044 quod
540 3995 661 4033 cum
697 3995 795 4035 vos
837 3980 1089 4049 pietatem
1126 3979 1306 4033 colere
1350 3978 1572 4039 dicatis.
1621 3988 1676 4033 et
1707 3978 1922 4032 caeteris

347 4082 611 4137 prmslare
663 4072 1027 4135 arbitremini,
1077 4073 1227 4127 nulla
1277 4081 1456 4127 tamen
1508 4072 1562 4126 in
1622 4087 1679 4125 re
1730 4072 1799 4127 ab
1842 4071 1923 4127 eis

346 4164 660 4228 discedatis,
680 4178 781 4219 nec
810 4165 975 4217 vitam
995 4174 1233 4219 vestram
1265 4178 1294 4218 a
1317 4164 1572 4234 gentibus
1597 4165 1921 4235 segregetis,

346 4265 404 4308 ut
434 4257 525 4326 qui
551 4270 648 4310 nec
674 4256 838 4310 ferias
870 4256 1119 4321 servetis,
1156 4270 1255 4311 nec
1288 4256 1543 4323 sabbata,
1565 4271 1661 4311 nec
1690 4258 1923 4310 circum~

346 4351 604 4405 cisionem
640 4350 922 4417 habeatis;
949 4350 1143 4405 deinde
1164 4351 1325 4405 etiam
1354 4350 1519 4419 quod,
1546 4366 1671 4405 cum
1703 4365 1827 4420 spes
1866 4350 1919 4403 in

346 4443 565 4497 homine
599 4442 864 4499 cruciﬁxo
908 4444 1115 4513 positas
1166 4443 1437 4507 habeatis,
1473 4442 1706 4512 speretis
1740 4454 1916 4497 tamen

2038 1950 2181 2002 λουν.

2106 2040 2190 2096 10.
2231 2039 2317 2107 Ὠς
2350 2041 2407 2096 δὲ
2440 2040 2835 2108 ἀνεπαύσαντο,
2881 2040 2992 2111 ἐγὼ
3029 2040 3199 2108 οὕτως
3228 2044 3413 2108 αὑτοῖς
3445 2044 3614 2099 πάλιν

2034 2127 2315 2201 ἠρξάμηνι
2344 2129 2437 2200 Μὴ
2469 2130 2595 2183 ἄλλο
2618 2130 2671 2182 τί
2694 2133 2840 2184 ἐστιν
2868 2132 2895 2184 ὃ
2924 2133 3298 2203 ἐπιμέμφεσθε
3326 2136 3499 2205 ἡμᾶς,
3527 2137 3611 2190 ἄνθ

2034 2219 2157 2290 δρες
2186 2220 2348 2289 φίλοι,
2380 2221 2413 2291 ἢ
2448 2220 2625 2286 τοῦτο,
2671 2224 2751 2276 ὅτι
2776 2223 2837 2276 οὑ
2874 2224 3013 2277 κατά
3035 2224 3125 2277 τὸν
3162 2225 3322 2295 νόμον
3361 2226 3610 2296 βιοῦμεν,

2033 2311 2152 2364 οὑδὲ
2172 2312 2373 2382 ὁμοίως
2394 2316 2503 2378 τοῖς
2533 2313 2818 2385 προγόνοις
2848 2315 2877 2368 ὑ
2887 2315 3000 2385 μῶν
3043 2333 3108 2369 πε
3118 2333 3226 2386 ριτε
3237 2317 3484 2388 μνόμεθα
3512 2318 3614 2389 τὴν

2035 2402 2233 2473 σάρκα,
2269 2403 2389 2457 οὑδὲ
2418 2402 2493 2469 ὡς
2531 2404 2687 2475 ὑμεῖς
2730 2405 3159 2478 σαϐϐατίζομεν;
3190 2395 3268 2462 Ἦ
3296 2410 3393 2461 καὶ
3417 2410 3445 2460 ὁ
3495 2410 3609 2479 βίος

2033 2494 2188 2565 ἡμῶν
2219 2495 2313 2549 καὶ
2338 2495 2399 2549 τὸ
2430 2490 2560 2567 ἦθος
2598 2495 2945 2569 διαϐέϐληται
2976 2499 3105 2570 παρ’
3139 2500 3302 2570 ὑμίν;
3346 2499 3522 2554 Τοῦτο
3562 2501 3611 2554 δ’

2032 2586 2180 2640 ἐστὶν
2201 2588 2229 2641 ὃ
2256 2588 2417 2657 λέγω,
2447 2588 2521 2661 μὴ
2544 2591 2636 2643 καὶ
2664 2591 2821 2661 ὑμεῖς
2845 2592 3244 2647 πεπιστεύκατε
3271 2595 3401 2665 περὶ
3428 2594 3609 2665 ἡμῶν,

2031 2678 2111 2731 ὅτι
2145 2678 2208 2749 δὴ
2249 2679 2499 2751 ἐσθίομεν
2529 2679 2867 2752 ἀνθρώπους,
2910 2684 3004 2735 καὶ
3037 2683 3175 2753 μετά
3201 2683 3298 2754 τὴν
3324 2683 3610 2754 εἰλαπίνην

2033 2767 2459 2834 ἀποσϐεννύντες
2492 2769 2615 2835 τοὺς
2645 2768 2889 2840 λύχνους,
2922 2770 3180 2842 ἀθέσμοις
3213 2771 3423 2842 μίξεσιν
3452 2775 3614 2841 ἐγκυ-

2030 2858 2284 2931 λιόμεθα;
2320 2863 2389 2914 Ἢ
2423 2861 2552 2916 αὑτὸ
2586 2862 2741 2917 τοῦτο
2770 2863 3205 2933 καταγινώσκετε
3235 2864 3392 2935 ἡμῶν
3423 2865 3613 2935 μόνον,

2030 2954 2111 3005 ὅτι
2140 2952 2397 3018 τοιούτοις
2428 2955 2766 3027 προσέχομεν
2806 2956 3003 3025 λόγοις,
3037 2956 3132 3011 καὶ
3159 2958 3259 3010 οὑκ
3283 2958 3499 3029 ἀληθεῖ,
3529 2958 3611 3023 ὡς

2028 3045 2227 3111 οἴεσθε,
2261 3048 2586 3119 πιστεύομεν
2622 3048 2786 3121 δόξῃ;

2096 3316 2251 3371 Τοῦτ’
2277 3318 2421 3373 ἐστιν
2443 3320 2470 3372 ὃ
2495 3316 2863 3392 θαυμάζομεν,
2896 3321 2999 3395 ἔφη
3023 3323 3051 3375 ὁ
3087 3323 3350 3395 Τρύφων·
3381 3326 3513 3396 περὶ
3545 3326 3609 3378 δὲ

2026 3401 2099 3463 ὧν
2140 3409 2190 3462 οἱ
2224 3409 2406 3463 πολλοὶ
2449 3410 2717 3479 λέγουσιν,
2763 3414 2824 3465 οὑ
2870 3413 3155 3468 πιστεῦσαι
3201 3415 3379 3481 ἀξιον-
3414 3417 3614 3487 πόρρω

2024 3502 2132 3574 γὰρ
2172 3502 2455 3576 κεχώρηκε
2495 3505 2593 3573 τῆς
2636 3504 2983 3577 ἀνθρωπίνης
3034 3507 3267 3575 φύσεως.
3328 3509 3514 3578 Ὑμῶν
3547 3510 3609 3562 δὲ

2025 3594 2119 3647 καὶ
2167 3594 2235 3647 τὰ
2289 3597 2347 3648 ὲν
2376 3594 2453 3664 τῷ
2491 3593 2765 3667 λεγομένῳ
2810 3595 3126 3669 Εὑαγγελίῳ
3166 3599 3610 3670 παραγγέλματα

2025 3684 2313 3756 θαυμαστὰ
2356 3685 2528 3751 οὑτως
2577 3687 2671 3740 καὶ
2723 3689 2934 3759 μεγάλα
2977 3690 3275 3760 ἐπίσταμαι
3325 3686 3490 3755 εἶναι,
3529 3692 3610 3753 ὡς

2026 3778 2425 3849 ὑπολαμϐάνειν
2459 3779 2659 3851 μηδένα
2688 3781 2944 3835 δύνασθαι
2992 3781 3220 3850 φυλάξαι
3262 3782 3430 3835 αὑτά·
3480 3784 3611 3852 ἐμοὶ

2023 3869 2133 3941 γὰρ
2160 3870 2423 3941 ἐμέλησεν
2453 3872 2690 3943 ἐντυχεῖν
2731 3872 2933 3936 αὑτοῖς.
2975 3873 3181 3926 Ἐκεῖνο
3206 3873 3261 3925 δὲ
3291 3873 3614 3945 ἀποροῦμεν

2027 3965 2279 4035 μάλιστα,
2313 3966 2360 4016 εί
2396 3950 2847 4034 ὑμεῖς,“εὑσεϐεῖν
2876 3965 3139 4034 λέγοντες,
3174 3967 3269 4020 καὶ
3295 3967 3404 4019 τῶν
3426 3967 3608 4021 ἀλλων

2022 4058 2258 4127 οἰόμενοι
2302 4056 2605 4127 διαφέρειν,
2639 4058 2758 4110 κατ’
2803 4056 2954 4109 οὐδὲν
2992 4057 3169 4110 αὑτῶν
3214 4057 3605 4122 ἀπολείπεσθε,

2022 4149 2141 4201 οὑδὲ
2164 4147 2507 4201 διαλλάσσετε
2547 4146 2653 4199 ἀπὸ
2679 4145 2785 4200 τῶν
2824 4146 2990 4200 ὲθνῶν
3024 4147 3113 4201 τὸν
3154 4148 3421 4219 ὑμέτερον
3465 4149 3604 4218 βίον,

2023 4242 2079 4293 ὲν
2107 4240 2183 4311 τῷ
2219 4243 2352 4311 μήτε
2374 4239 2470 4303 τὰς
2501 4239 2710 4312 ἑορτὰς,
2737 4240 2870 4310 μήτε
2897 4239 2963 4293 τά
2988 4240 3229 4293 σάϐϐατα
3253 4244 3464 4312 τηρεῖν,
3504 4244 3607 4311 μή·

2022 4352 2079 4387 τε
2112 4335 2209 4406 τὴν
2234 4334 2533 4405 περιτομὴν
2562 4332 2733 4403 ἔχειν’
2766 4331 2861 4384 καὶ
2896 4331 2975 4384 ἐτι
3008 4334 3093 4385 ἐπ’
3122 4332 3409 4404 ἄνθρωπον
3443 4351 3606 4387 σταυο

2027 4428 2265 4499 ρωθέντα
2298 4427 2393 4491 τὰς
2426 4427 2647 4491 ἐλπίδας
2671 4426 3000 4498 ποιούμενοι,
3032 4428 3180 4497 ὅμως
3204 4426 3454 4491 ἐλπίζετε
3485 4429 3606 4481 τεύ-

347 4533 549 4601 aliquid
594 4534 721 4590 boui
765 4552 795 4589 a
842 4536 951 4590 Deo
998 4545 1417 4600 consecuturos,
1460 4551 1568 4591 non
1610 4536 1916 4590 observatis

2101 4520 2203 4574 ιθαι
2244 4520 2444 4589 ἀγαθοῦ
2480 4538 2622 4584 τινος
2671 4520 2818 4591 παρά
2862 4519 2955 4573 τοῦ
2994 4518 3147 4577 Θεοῦ.
3197 4521 3271 4590 μὴ
3321 4521 3605 4584 ποιοῦντες

344 4624 462 4691 ejus
506 4627 798 4681 mandatis.
832 4628 912 4680 An
951 4643 1055 4682 non
1094 4626 1273 4697 legisti
1308 4627 1539 4683 deletum
1574 4629 1639 4682 iri
1681 4630 1916 4683 animam

347 4719 496 4774 illam
525 4733 591 4771 ex
624 4734 822 4787 genere
859 4734 977 4784 suo,
1019 4735 1139 4788 quae
1170 4736 1275 4774 non
1308 4720 1737 4775 circumcidetur
1767 4731 1919 4776 octa-

344 4826 413 4864 vo
436 4810 562 4864 die?
584 4809 736 4876 Quod
760 4811 977 4880 quidem
1007 4811 1211 4880 pariter
1242 4820 1295 4865 et
1328 4812 1393 4865 de
1425 4812 1750 4882 alienigenis
1778 4822 1832 4868 et
1856 4814 1923 4870 de

343 4902 522 4972 pretio
542 4903 739 4971 emptis
762 4904 1028 4957 sancitum
1047 4911 1150 4958 est.
1179 4901 1294 4958 Hoc
1329 4903 1493 4970 igitur
1530 4911 1916 4975 testamentum

346 4998 530 5051 statim
559 5006 992 5061 contemnentes,
1021 4997 1183 5051 etiam
1210 5011 1330 5066 quae
1344 5004 1751 5065 consequuntur
1784 4995 1917 5052 ﬂoc-

343 5085 601 5150 cifacitis,
627 5101 691 5138 ac
715 5085 870 5139 nobis
898 5086 1229 5156 persuadere
1256 5084 1531 5138 conanimi
1568 5082 1734 5138 Deum
1764 5084 1918 5139 vobis

412 5262 490 5334 (6)
544 5264 838 5319 Ἀνύσειν.
876 5262 1188 5333 Legendum
1216 5276 1337 5317 esse
1368 5262 1587 5334 ἀνήσειν
1622 5260 1835 5334 Longus
1864 5269 1917 5314 et

344 5330 670 5406 Sylb’urgius
693 5330 1220 5399 animadverterunt,
1259 5334 1405 5406 quod
1445 5330 1658 5406 quidem
1704 5330 1915 5406 [acilius

346 5400 514 5477 milito
549 5400 604 5459 ét
628 5408 829 5477 aptius,
866 5420 1031 5477 quam
1061 5406 1103 5459 si
1132 5414 1251 5472 post
1274 5400 1493 5477 ἀνύσειν
1514 5400 1913 5477 subaudiamus

336 5474 414 5547 τι,
444 5486 501 5528 ιιι
530 5472 677 5530 idem
705 5472 1027 5547 Sylbuggius
1072 5474 1339 5544 proponit,
1381 5483 1475 5528 aut
1510 5473 1750 5541 legamus
1781 5472 1914 5523 ἀπο-

340 5543 540 5615 νύσειν.
579 5557 636 5600 ιιι
670 5543 845 5615 placet
879 5543 1153 5599 Tltirlbio.

415 5614 493 5686 (ἶ)
529 5615 650 5671 Τῶν
664 5612 886 5673 ἔπειτα.
932 5615 1045 5669 Non
1077 5627 1291 5670 aeterna!
1323 5615 1456 5686 legis
1480 5612 1911 5686 observationem

344 5683 398 5756 in
429 5682 754 5742 Christianis
785 5688 1012 5756 requirit
1045 5686 1292 5749 Judaaus;
1331 5682 1452 5739 nam
1499 5698 1661 5751 supra
1694 5684 1910 5756 illorum

343 5753 397 5806 in
432 5756 532 5810 hoc
562 5772 761 5825 genere
794 5752 1100 5812 doctrinam
1145 5757 1523 5810 admirabilem
1551 5769 1670 5808 esse
1698 5752 1911 5825 confes-

344 5840 438 5879 sus
468 5824 585 5894 esti
615 5830 707 5883 sed
732 5828 996 5895 ejusmodi
1025 5837 1289 5899 praecepta
1310 5828 1377 5881 ab
1410 5826 1514 5881 illis
1548 5824 1745 5895 negligi
1779 5839 1905 5893 que-

2020 4615 2180 4671 αὑτοῦ
2210 4616 2307 4679 τὰς
2337 4613 2572 4677 ἐντολάς.
2607 4614 2677 4668 Ἢ
2708 4615 2809 4667 οὑκ
2840 4613 3077 4681 ἀνέγνως
3102 4614 3181 4665 ὅτι
3216 4611 3605 4684 ὲξολοθρευθή-

2022 4726 2170 4763 σεται
2204 4711 2236 4779 ἡ
2278 4708 2422 4779 ψυχὴ
2471 4708 2652 4778 ἐκείνη
2695 4709 2759 4760 ὲκ
2802 4706 2891 4760 τοῦ
2928 4706 3118 4775 γένους
3156 4706 3345 4776 αὑτῆς,
3394 4706 3517 4775 ἥτις
3540 4707 3600 4758 οὐ

2018 4802 2489 4873 περιτμηθήσεται
2534 4804 2599 4871 τῇ
2653 4800 2814 4872 ὀγδόῃ
2867 4797 3083 4870 ήμέρᾳ;
3132 4798 3363 4867 Ὁμοίως
3403 4798 3458 4850 δὲ
3507 4798 3603 4850 καὶ

2020 4893 2145 4963 περὶ
2194 4890 2299 4945 τῶν
2348 4890 2670 4959 ἀλλογενῶν,
2715 4891 2810 4945 καὶ
2859 4890 2986 4962 περὶ
3039 4888 3145 4941 τῶν
3185 4890 3601 4960 ἀργυρωνήτων

2016 4984 2338 5048 διέσταλται.
2372 4983 2587 5055 Ταύτης
2629 4980 2721 5037 οὖν
2747 4983 2847 5053 τῆς
2888 4982 3150 5055 διαθήκης
3182 4979 3385 5042 εὐθέως
3424 4995 3600 5031 κατα-

2019 5079 2384 5151 φρονήσαντες
2411 5077 2587 5146 ὑμεῖς,
2616 5075 2864 5146 ἀμελεῖτε
2889 5073 3112 5129 καὶτῶν
3146 5073 3337 5125 ἔπειτα
3371 5070 3470 5141 (7),
3503 5068 3603 5123 καὶ

2016 5256 2180 5314 ritur,
2204 5270 2325 5323 qum
2361 5268 2425 5307 ex
2459 5252 2880 5307 circumcisione
2911 5250 3414 5320 consequebantur.
3441 5247 3596 5323 illud

2017 5319 2382 5388 εύθέωςΊιίοηι
2419 5324 2632 5377 videtur
2659 5338 2858 5377 sonare
2885 5324 2987 5375 hoc
3020 5323 3140 5375 loco
3180 5337 3243 5373 ae
3271 5338 3289 5371 ι
3325 5319 3538 5383 statim,
3574 5339 3591 5369 ι

2019 5407 2074 5449 ιιι
2106 5394 2391 5448 Perionius
2435 5407 2487 5446 et
2533 5393 2749 5462 Longus
2799 5393 3170 5455 reddiderunt,
3220 5390 3302 5462 vel
3337 5388 3485 5462 idem
3533 5406 3597 5462 ae

2022 5486 2040 5517 ι
2079 5466 2350 5534 protinus.
2418 5484 2437 5517 ι
2498 5459 2745 5517 Habebat
2791 5465 2935 5517 enim
2962 5461 3333 5534 circumcisio
3371 5459 3595 5534 aliquid

2018 5529 2254 5598 molesti,
2285 5536 2427 5603 quod
2457 5536 2639 5589 statim
2664 5535 2877 5587 animos
2903 5533 3193 5586 alienabat.
3215 5529 3599 5603 _Docti_ssi_mus

2016 5598 2382 5660 Londineusis
2408 5606 2583 5660 editor
2610 5603 2892 5672 legendum
2914 5606 3087 5670 primo
3108 5601 3327 5669 conjicit
3354 5598 3593 5672 εὐήθως,

2016 5678 2098 5731 vel
2132 5674 2335 5737 εὐθέως
2360 5674 2644 5745 ἀμελεῖτε;
2668 5670 2863 5729 deinde
2890 5676 2991 5727 has
3012 5674 3360 5745 conjecturas
3388 5670 3598 5738 rejicil,

2014 5758 2071 5801 et
2108 5748 2274 5801 aliam
2325 5744 2605 5816 proponit,
2656 5760 2851 5814 nempe
2906 5745 3109 5807 εὐθέως
3164 5744 3304 5797 idem
3352 5754 3478 5794 esse
3530 5756 3599 5794 ac

2020 5838 2038 5871 ἰ
2070 5830 2289 5873 temere.
2326 5834 2346 5870 ι
2594 5832 2603 5843 ⁸
