3770 6510
147 398 237 452 497
1111 395 1455 453 DlALOGUS
1489 393 1631 451 CUM
1668 390 2040 448 TRYPIIONE
2077 390 2337 448 JUDJEO.
3254 380 3356 433 498

148 510 339 567 πείθειν
395 512 539 581 ἡμᾶς
576 511 899 582 ἐπιχειρεῖτε
939 514 1012 576 ὠς
1042 511 1241 576 εἰδότες
1269 512 1358 565 τὸν
1402 511 1553 573 Θεὸν,
1586 526 1691 581 μη-

1802 519 1987 565 notum
2036 522 2176 572 esse,
2213 522 2336 561 cum
2367 502 2501 559 nihil
2538 517 2724 559 eorum
2768 500 3005 567 faciatis,
3041 516 3159 569 qme
3185 499 3358 555 solent

144 606 224 658 δὲν
246 603 570 673 πράσσοντες
608 596 683 656 ὧν
726 603 776 656 οἱ
826 603 1146 673 φοδούμενοι
1188 604 1280 656 τὸν
1313 603 1466 657 Θεόν.
1517 598 1693 655 Εἰοῦν

1802 599 1833 654 ii
1869 598 1960 667 qui
2008 597 2174 652 Deum
2218 597 2431 652 timent.
2479 595 2538 650 Si
2585 603 2737 665 potos
2778 593 2947 664 igitur
2983 592 3067 647 his
3105 592 3172 649 de
3198 594 3359 650 rebus

145 694 273 765 ἔχεις
304 693 437 763 πρὸς
468 692 636 747 ταῦτα
659 694 1121 766 ἀπολογήσασθαι,
1140 695 1235 749 καὶ
1261 695 1521 761 ἐπιδεῖξαι
1541 688 1693 762 ᾧτινι

146 787 311 857 τρόπῳ
342 784 588 850 ἐλπίζετε
621 787 818 852 ὁτιοῦν,
858 788 960 842 κᾶν
1006 788 1079 861 μὴ
1112 789 1469 859 φυλάσσοντες
1500 789 1590 841 τὸν
1618 789 1696 843 νό-

148 895 252 948 μον,
289 878 441 932 τοῦτό
485 897 577 933 σου
608 880 779 952 ήδέως
828 881 1161 952 ἀκούσαιμεν
1195 881 1449 952 μάλιστα,
1489 879 1584 934 καὶ
1624 878 1694 933 τὰ

145 968 264 1023 ἄλλα
280 969 333 1022 δὲ
352 969 553 1041 ὁμοίως
578 970 1013 1044 συνεξετάσωμεν
1036 971 1132 1043 (8,).

210 1061 289 1113 Η.
311 1060 446 1115 Οὔτε
474 1063 625 1117 ἔσται
658 1064 786 1117 ποτὲ
817 1064 975 1128 ἄλλος
1000 1066 1131 1129 Θεὸς
1150 1106 1162 1130 ,
1195 1059 1240 1118 ὦ
1286 1064 1537 1137 Τρύφων,
1570 1063 1694 1118 οὔτε

144 1149 203 1224 ἦν
242 1155 328 1207 ἀπ’
363 1154 558 1218 αἰῶνος
603 1156 734 1227 (ἐγὼ
778 1156 950 1222 οὓτως
993 1159 1128 1229 πρὸς
1174 1158 1379 1228 αὐτόν),
1416 1157 1553 1227 πλὴν
1601 1155 1691 1210 τοῦ

145 1246 445 1314 ποιήσαντος
474 1247 567 1299 καὶ
586 1248 933 1314 διατάξαντος
965 1250 1085 1303 τόδε
1126 1251 1184 1303 τὸ
1214 1252 1340 1305 πᾶν.
1378 1249 1511 1302 Ούδὲ
1537 1249 1693 1303 ἄλλον

148 1340 232 1408 μὲν
256 1337 425 1408 ἡμῶν,
459 1338 616 1394 ἄλλον
642 1340 698 1393 δὲ
725 1342 879 1411 ὑμῶν
907 1342 1186 1413 ἡγούμεθα
1210 1342 1361 1407 Θεὸν,
1384 1343 1499 1397 ἀλλ’
1534 1343 1694 1396 αὑτὸν

144 1430 324 1480 ἐκεῖνον
363 1428 454 1480 τὸν
482 1428 820 1497 ἐξαγαγόντα
847 1434 971 1495 τοὺς
1015 1433 1252 1507 πατέρας
1293 1434 1445 1504 ὑμῶν
1479 1437 1544 1487 ἐκ
1591 1436 1693 1506 γῆς

144 1519 394 1587 Αἰγύπτου
433 1522 492 1573 ἐν
515 1522 660 1592 χειρὶ
690 1525 926 1595 κραταιᾷ
947 1523 1040 1577 καὶ
1065 1524 1306 1595 βραχίονι
1335 1524 1541 1596 ὑψηλῷ.
1570 1526 1691 1579 Οὐδ’

143 1616 212 1676 εἰς
239 1612 386 1668 ἄλλον
417 1614 542 1668 τινὰ
588 1615 897 1687 ἠλπίκαμεν
942 1617 1021 1688 (ού
1065 1620 1172 1691 γάρ
1212 1619 1402 1687 ἐστιν),
1457 1617 1571 1672 ἀλλ’
1614 1620 1693 1682 εἰς

144 1704 304 1759 τοῦτον
333 1708 413 1769 εἰς
451 1705 514 1759 ὃν
545 1707 637 1759 καὶ
678 1708 855 1780 ὑμεῖς,
897 1708 987 1763 τὸν
1016 1708 1147 1763 Θεὸν
1184 1710 1274 1763 τοῦ
1320 1709 1570 1783 Ἀϐραὰμ
1599 1711 1694 1765 καὶ

154 1796 317 1851 Ἰσαὰκ
343 1799 439 1851 καὶ⁵
487 1799 699 1854 Ἰακώϐ.
747 1800 1083 1873 Ἠλπίσαμεν
1128 1801 1203 1874 (9)
1236 1803 1294 1857 δὲ
1325 1804 1385 1857 ού
1414 1802 1503 1857 διὰ
1525 1804 1691 1856 Μωῦ-

1795 690 2113 746 satisfacere
2139 705 2202 746 ac
2233 690 2609 745 demonstrare
2628 702 2733 757 quo
2756 686 2974 741 tandem
3009 700 3169 754 pacto
3198 688 3357 758 quid-

1794 797 1955 851 quam
1988 782 2240 852 speretis,
2272 780 2521 850 quamvis
2562 779 2740 849 legem
2773 794 2878 834 non
2911 780 3271 846 custodiatis,
3304 780 3358 835 id

1794 881 1857 922 ex
1891 876 1942 922 te
1963 867 2321 925 libentissime
2348 869 2632 923 audiemus
2654 882 2718 922 ac
2746 877 2942 925 caetera
2970 869 3223 924 similiter
3252 886 3358 924 una

1793 960 2155 1017 excutiemus.

1865 1052 1954 1106 Η.
2002 1052 2109 1107 Lex
2151 1054 2426 1125 abrogata.
2478 1053 2689 1109 Novum
2736 1054 3123 1109 Testamentum
3164 1070 3198 1108 α
3245 1050 3359 1107 Deo

1792 1144 2105 1213 promissum
2125 1154 2173 1201 et
2191 1147 2397 1202 datum.
2419 1178 2491 1189 —
2507 1147 2618 1204 Nec
2636 1136 2782 1203 [alius
2798 1162 3031 1217 unquam
3065 1146 3172 1201 erit
3195 1144 3357 1210 Deus,

1793 1252 1826 1292 o
1867 1236 2104 1309 Trypho,
2157 1253 2257 1295 nec
2303 1239 2441 1296 alius
2482 1256 2511 1295 a
2544 1240 2744 1297 saeculo
2775 1239 2985 1296 exsutit
3015 1238 3113 1310 (ita
3162 1253 3262 1310 ego
3291 1239 3359 1294 ad

1794 1327 1967 1397 illum)
2003 1336 2197 1406 praeter
2222 1342 2346 1383 eum
2378 1331 2469 1398 qui
2505 1330 2644 1385 hanc
2688 1329 3098 1384 universitatem
3137 1328 3268 1383 fecit
3295 1343 3361 1384 ac

1793 1419 2077 1488 disposuit.
2122 1418 2307 1489 Neque
2350 1420 2514 1474 alium
2557 1422 2733 1487 nobis,
2782 1420 2949 1474 alium
2992 1420 3146 1475 vobis
3189 1419 3358 1474 Deum

1792 1521 1917 1563 esse
1948 1508 2219 1574 ducimus,
2251 1510 2348 1564 sed
2390 1508 2565 1578 ipsum
2596 1509 2769 1575 illum,
2806 1510 2897 1579 qui
2932 1518 3114 1579 patres
3151 1517 3362 1564 vestros

1794 1597 1985 1654 eduxit
2013 1614 2044 1654 e
2078 1608 2224 1654 terra
2256 1598 2475 1671 Egypti
2519 1600 2574 1655 in
2619 1616 2780 1656 manu
2815 1600 3019 1672 potenti
3054 1610 3109 1656 et
3136 1598 3360 1655 brachio

1793 1690 2033 1747 excelso.
2076 1690 2264 1761 Neque
2291 1692 2345 1746 in
2371 1692 2536 1747 alium
2560 1708 2889 1763 quemquam
2915 1707 3200 1761 speramus
3223 1691 3357 1761 (non

1792 1784 1938 1839 enim
1967 1784 2106 1839 alius
2135 1783 2264 1855 est),
2300 1786 2395 1841 sed
2426 1786 2481 1840 in
2524 1799 2645 1841 eum
2678 1785 2733 1839 iu
2769 1798 2931 1853 quem
2960 1792 3016 1839 et
3039 1799 3157 1847 vos,
3190 1783 3359 1838 Deum

147 1888 283 1953 σέως,
315 1890 433 1944 οὐδὲ
473 1891 565 1945 διὰ
596 1891 686 1945 τοῦ
725 1892 920 1964 νόμου·
972 1860 1146 1967 ἦγάῥ
1186 1860 1253 1949 ἀν
1298 1895 1357 1949 τὸ
1388 1895 1518 1949 αὐτὸ
1562 1895 1690 1966 ὑμῖν

1802 1874 2042 1939 Abrahae,
2088 1884 2143 1929 et
2190 1874 2336 1931 lsaac
2376 1884 2429 1932 et
2462 1874 2650 1931 Jacob.
2694 1872 2990 1944 Speramus
3036 1882 3217 1929 autem
3248 1888 3356 1928 non

142 1976 423 2049 ἐποιοῦμεν.
461 1980 603 2033 Νυνὶ
628 1982 704 2049 δὲ,
749 1982 1009 2053 (ἀνέγνων
1045 1984 1153 2057 γὰρ
1195 1984 1328 2054 (10),
1355 1979 1400 2037 ὦ
1436 1984 1690 2055 Τρύφωνν

142 2067 211 2121 ὅτι
233 2068 399 2123 ἔσοιτο
430 2072 527 2126 καὶ
555 2073 857 2138 τελευταῖος
884 2074 1068 2146 νόμος,
1101 2075 1195 2129 καὶ
1221 2076 1449 2148 διαθήκη
1491 2093 1693 2148 κυριω-

142 2161 256 2233 τάτη
275 2162 477 2229 πασῶν,
502 2167 569 2237 ἣν
584 2165 677 2221 νῦν
692 2167 809 2222 δέον
823 2168 1113 2238 φυλάσσειν
1134 2168 1339 2233 πάντας
1352 2169 1690 2241 ἀνθρώπους,

142 2254 237 2306 ὅσοι
264 2254 358 2325 τῆς
377 2256 469 2310 τοῦ
501 2257 637 2313 Θεοῦ
662 2259 1022 2332 κληρονομίας
1047 2260 1461 2315 ἀντιποιοῦνται.
1504 2263 1562 2316 '0
1586 2263 1694 2335 γὰρ

145 2344 193 2395 ἐν
220 2345 409 2416 Χωρὴϐ
452 2346 683 2412 παλαιὸς
710 2349 812 2421 ἤδη
842 2351 1004 2421 νόμος
1036 2350 1131 2404 καὶ
1161 2350 1312 2422 ὑμῶν
1348 2352 1523 2421 μόνων
1546 2366 1563 2386 ο
1585 2354 1614 2405 ό
1638 2353 1694 2406 δὲ

145 2433 338 2487 πάντων
365 2436 576 2501 ἁπλῶς.
601 2439 784 2510 Νόμος
810 2440 866 2494 δὲ
895 2440 1034 2494 κατά
1073 2441 1238 2512 νόμου
1265 2441 1376 2511 (il)
1400 2442 1577 2506 τεθεὶς
1605 2443 1695 2498 τὸν

145 2525 233 2596 πρὸ
259 2526 414 2580 αὑτοῦ
442 2527 681 2583 ἔπαυσε·
717 2530 811 2582 καὶ
831 2529 1058 2603 διαθήκη
1100 2532 1392 2601 μετέπειτα
1427 2533 1692 2605 γενομένη

142 2613 223 2685 τὴν
252 2616 517 2689 προτέραν
548 2618 750 2690 ὁμοίως
782 2620 1006 2693 ἔστησεν
1035 2622 1146 2690 (12)
1172 2639 1185 2651 ·
1218 2621 1434 2686 αἰώνιός
1473 2640 1531 2676 τε
1563 2625 1694 2695 ἡμῖν

144 2709 284 2779 νόμος
314 2711 422 2782 (15)
454 2713 554 2765 καὶ
580 2712 918 2778 τελευταῖος,
961 2716 992 2768 ὁ
1037 2714 1272 2785 Χριστὸς
1323 2714 1501 2785 ἐδόθη,
1543 2714 1693 2788 καὶὴ

141 2798 344 2873 διαθήκη
396 2805 590 2876 πιστὴ,
626 2805 746 2877 μεθ’
792 2806 860 2877 ἣν
909 2807 968 2859 οὐ
997 2806 1179 2877 νόμος,
1231 2806 1291 2860 οὐ
1341 2806 1692 2878 πρόσταγμα,

141 2892 227 2945 οὐκ
276 2895 479 2967 ἐντολή.
537 2898 608 2949 Ἢ
666 2897 731 2950 σὺ
782 2898 953 2954 ταῦτα
1000 2899 1099 2953 οὐκ
1151 2899 1394 2967 ἀνέγνως
1448 2900 1484 2953 ἃ
1529 2916 1695 2970 φησιν

151 2978 381 3045 Ἡσαΐας·
409 3001 427 3035 ι
477 2984 774 3040 Ἀκούσατέ
809 3004 931 3058 μου,
963 2988 1228 3043 ἀκούσατέ
1259 3006 1380 3060 μου,
1404 2988 1531 3053 λαός
1559 3007 1689 3060 μου·

143 3075 221 3125 καὶ
248 3076 292 3127 oi
326 3075 567 3147 βασιλεῖς
590 3079 724 3151 πρός
760 3097 827 3152 με
861 3080 1174 3145 ἐνωτίζεσθε
1194 3098 1209 3114 ⁸
1252 3083 1333 3137 ὅτι
1361 3084 1525 3153 νόμςος
1563 3084 1693 3155 παρ’

1794 1983 1893 2038 per
1920 1968 2165 2038 Moysen,
2215 1981 2391 2038 neque
2438 1983 2534 2037 per
2581 1968 2789 2039 legem;
2844 1968 2925 2025 sic
2956 1968 3272 2024 enimidem
3300 1982 3364 2021 ac

1795 2078 1891 2119 vos
1919 2062 2247 2118 faceremus.
2286 2061 2441 2118 Nunc
2470 2077 2602 2119 vero
2634 2062 2762 2133 (legi
2793 2063 2960 2128 enim,
2992 2061 3233 2132 Trypho,
3267 2075 3364 2116 no-

1793 2155 2072 2210 vissimam
2123 2154 2297 2225 legem
2335 2153 2576 2210 futuram
2606 2164 2660 2208 et
2693 2163 3078 2210 testamentum
3116 2153 3363 2209 omnium

1795 2245 2184 2310 ﬁrmissimum,
2221 2246 2363 2315 quod
2389 2261 2531 2301 nunc
2558 2245 2822 2301 custodiri
2868 2245 2938 2300 ab
2971 2244 3230 2301 omnibus
3263 2242 3361 2298 de-

1795 2350 1903 2406 cet,
1942 2340 2253 2410 quicunque
2295 2338 2672 2394 [nereditatem
2719 2337 2816 2393 Dei
2858 2337 3118 2406 consequi
3148 2334 3359 2392 volunt.

1795 2429 1932 2485 Nam
1954 2445 2074 2501 qua:
2097 2432 2150 2485 iu
2184 2431 2326 2488 Oreb
2359 2429 2698 2500 promulgata
2736 2430 2825 2484 lex
2857 2438 2963 2495 est,
2989 2438 3147 2485 vetus
3167 2428 3279 2499 jam
3306 2436 3363 2481 et

1796 2534 1978 2580 vestra
2008 2526 2180 2581 solum
2210 2534 2327 2593 est;
2360 2527 2477 2582 haec
2504 2537 2684 2580 autem
2714 2527 2957 2580 omnium
2990 2540 3213 2595 prorsus
3242 2536 3357 2590 est;

1794 2618 1882 2675 lex
1922 2627 2100 2675 autem
2130 2620 2387 2675 adversus
2414 2619 2589 2689 legem
2623 2620 2795 2689 posita
2820 2621 3055 2689 priorem
3095 2621 3355 2690 abrogat;

1795 2712 2045 2768 similiter
2073 2721 2456 2768 testamentum
2489 2714 2759 2784 posterius
2794 2714 2952 2784 112
2994 2715 3259 2785 superiori
3294 2714 3359 2769 ti-

1797 2819 1918 2861 nem
1967 2805 2215 2875 imponit,
2265 2821 2330 2861 ac
2361 2815 2563 2861 aeterna
2614 2806 2776 2861 nobis
2825 2817 2880 2861 et
2933 2807 3225 2861 novissima
3270 2807 3361 2863 lex

1794 2898 2044 2956 Christus
2072 2900 2229 2955 datus
2252 2910 2360 2966 est,
2386 2908 2441 2954 et
2465 2905 2847 2954 testamentum
2873 2898 3047 2963 ﬁdele,
3078 2907 3199 2969 post
3217 2898 3360 2967 quod

1796 3005 1905 3047 non
1938 2991 2049 3056 lex,
2076 3007 2183 3047 non
2212 2999 2569 3062 praceptum,
2595 3006 2703 3046 non
2731 2992 3065 3046 mandatum.
3096 2994 3178 3046 An
3218 3001 3274 3046 tu
3293 3006 3359 3046 ea

1798 3100 1902 3140 non
1934 3084 2137 3156 legisti,
2183 3098 2301 3154 quae
2334 3084 2466 3139 dicit
2493 3083 2664 3139 Isaias
2696 3100 2710 3137 :
2752 3101 2771 3136 ι
2801 3084 3000 3139 Audite
3030 3098 3133 3147 me,
3175 3084 3360 3138 audite

141 3160 255 3269 ἐμοῦ
293 3163 656 3233 ἐξελεύσεται,
691 3170 784 3224 καὶ
830 3173 863 3243 ἡ
896 3171 1076 3243 κρίσις
1105 3190 1205 3244 μου
1238 3174 1318 3238 εἰς
1350 3173 1465 3244 φῶς
1503 3172 1693 3229 ἐθνῶν.

1802 3191 1903 3240 me,
1934 3175 2161 3246 populus
2191 3190 2365 3243 meus,
2407 3184 2636 3245 etreges
2666 3176 2967 3231 auscultate
3013 3175 3175 3239 mihi;
3220 3190 3361 3245 quo-

155 3248 368 3325 Ἐγγίζει
417 3260 558 3331 ταχὺ
604 3262 636 3331 ή
684 3262 996 3336 δικαιοσύνη
1042 3283 1165 3337 μου,
1212 3266 1307 3321 καὶ
1356 3267 1695 3334 ἐξελεύσεται

142 3347 193 3398 τὸ
219 3352 470 3422 σωτήριόν
505 3370 632 3424 μου,
664 3354 760 3408 καὶ
794 3358 873 3420 εἰς
912 3357 1001 3410 τὸν
1040 3356 1299 3432 βραχίονα
1331 3377 1432 3430 μου
1465 3360 1591 3432 ἔθνη
1619 3360 1699 3414 ἐλ-

144 3439 320 3495 meiat.
357 3462 377 3493 ι
413 3443 529 3497 Καὶ
550 3442 638 3500 διὰ
671 3444 937 3517 Ἰερεμίου
987 3428 1115 3520 περὶ
1150 3428 1356 3521 ταύτης
1395 3428 1696 3520 αὑτῆς-τῆς

143 3532 326 3605 Καινῆς
350 3536 634 3609 Διαθήκης
683 3536 824 3593 οὕτω
871 3540 1067 3610 φησιν*
1106 3559 1125 3592 r
1178 3541 1308 3594 Ἰδοὺ
1357 3542 1558 3614 ἡμέραι
1607 3541 1697 3613 ἔρ-

144 3640 321 3691 χονται,
365 3626 514 3695 λέγει
567 3628 798 3700 Κύριος·
832 3631 926 3684 καὶ
953 3630 1278 3703 διαθήσομαι
1316 3632 1391 3702 τῷ
1429 3631 1563 3704 οἴκῳ
1597 3635 1697 3687 Ἰσ-

145 3716 261 3786 ραὴλ
302 3719 391 3773 καὶ
444 3721 526 3791 τῷ
568 3721 700 3792 οἴκῳ
740 3722 908 3777 Ἰούδα
954 3722 1219 3796 διαθήκην
1262 3724 1473 3796 καινὴν,
1511 3726 1609 3795 οὑχ
1629 3725 1696 3797 ἢν

143 3805 369 3880 διεθέμην
389 3815 500 3875 τοῖς
532 3813 799 3883 πατράσιν
837 3814 1015 3868 αὐτῶν
1058 3818 1116 3869 ἐν
1146 3816 1328 3889 ἡμέρᾳ
1436 3817 1697 3871 ἐπελαϐό-

148 3908 237 3963 μην
264 3897 352 3967 τῆς
386 3900 572 3971 χειρὸς
617 3902 794 3956 αὐτῶν
819 3902 1108 3972 ἐξαγαγεῖν
1150 3906 1348 3969 αὐτοὺς
1377 3908 1440 3959 ἐκ
1468 3906 1572 3976 γῆς
1599 3908 1698 3959 Αἰ-

146 3986 342 4051 γύπτου.
358 3997 400 4061 ι)
417 3994 479 4045 Εἰ
506 3989 600 4047 οὖν
615 3996 643 4047 ὁ
666 3994 799 4059 Θεὸς
819 3995 1080 4068 διαθήκην
1103 3998 1294 4068 καινὴν
1317 3998 1548 4071 ἐκήρυξε
1570 3998 1697 4070 μέλ-

145 4077 316 4135 λουσαν
343 4082 833 4158 διαταχθήσεσθαι,
870 4089 964 4142 καὶ
993 4091 1197 4164 ταύτην
1236 4093 1316 4155 εἰς
1354 4091 1468 4162 φῶς
1503 4092 1692 4158 ἐθνῶν,

210 4264 251 4295 ⁸³
279 4265 376 4322 lsa.
413 4283 490 4336 LI,
527 4268 583 4333 4,
614 4269 666 4325 5.
741 4272 787 4305 "
825 4271 939 4328 Jer.
972 4288 1126 4339 xxxi,
1161 4274 1250 4339 3|,
1287 4272 1379 4329 52.

207 4442 273 4509 (8)
305 4446 825 4522 Σῳτξετάσωμεν.
856 4449 980 4521 Legi
1013 4451 1175 4505 etiam
1203 4462 1383 4522 posset
1406 4454 1695 4521 συνεξετά-

150 4527 309 4581 σομεν.
346 4517 614 4572 Summo.

1796 3268 1940 3324 niam
1977 3266 2063 3323 lex
2107 3282 2139 3322 a
2176 3284 2264 3324 me
2298 3268 2470 3323 exibit
2499 3280 2554 3322 et
2580 3269 2840 3339 judicium
2882 3283 3058 3324 meum
3085 3268 3152 3337 in
3183 3267 3358 3324 lucem

1796 3360 2059 3432 gentium.
2095 3361 2511 3432 Appropinquat
2561 3361 2813 3417 celeriter
2855 3360 3073 3430 justitia
3117 3376 3261 3424 mea,
3304 3370 3361 3415 et

1796 3453 2109 3525 egredietur
2147 3456 2389 3510 salutare
2440 3470 2643 3521 meum,
2683 3465 2738 3510 et
2767 3456 2822 3509 in
2854 3454 3135 3509 brachium
3181 3469 3356 3508 meum

1797 3556 1986 3613 gentes
2020 3545 2403 3614 sperabunt".
2445 3564 2462 3598 ι
2487 3546 2552 3600 Et
2582 3561 2677 3615 per
2710 3545 3000 3601 Jeremiam
3029 3546 3093 3598 de
3116 3543 3216 3598 hoc
3238 3543 3356 3612 ipso

1799 3647 2126 3694 testamento
2155 3639 2237 3694 sic
2266 3639 2537 3707 loquitur:
2580 3655 2599 3689 ι
2640 3636 2776 3692 Ecce
2802 3638 2917 3691 dies
2946 3636 3197 3701 veniunt,
3227 3635 3360 3690 dicit

1796 3734 2079 3799 Dominus,
2110 3744 2164 3790 et
2214 3734 2458 3789 testabor
2494 3732 2676 3786 domui
2706 3731 2871 3787 Israel
2914 3740 2970 3787 et
2996 3731 3179 3786 domui
3218 3729 3357 3785 Juda

1798 3835 2182 3883 testamentum
2215 3842 2410 3881 novum
2437 3843 2450 3880 :
2477 3841 2584 3881 non
2607 3824 2746 3895 quod
2779 3830 3005 3879 testatus
3030 3838 3150 3878 sum
3190 3823 3361 3893 patri-

1795 3918 1897 3972 bus
1920 3933 2107 3973 eorum
2133 3919 2186 3973 in
2216 3919 2305 3974 die
2331 3932 2437 3987 qua
2471 3916 2801 3986 apprehendi
2834 3929 3052 3969 manum
3097 3915 3357 3983 ipsorum,

1796 4020 1855 4063 ut
1881 4010 2168 4067 educerem
2204 4025 2301 4067 eos
2321 4011 2391 4066 de
2424 4019 2569 4064 terra
2588 4008 2805 4079 :Egypti
2825 4008 2892 4062 ⁸⁸.
2926 4027 2945 4060 ι
2975 4005 3075 4077 )Si
3100 4021 3230 4077 ergo
3262 4024 3359 4061 no-

1795 4120 1921 4160 vum
1965 4116 2346 4164 testamentum
2388 4107 2528 4163 Deus
2562 4107 2863 4163 institutum
2900 4106 2966 4160 iri
3016 4104 3358 4175 praedicavit,

1870 4442 1979 4515 (12)
2032 4443 2318 4515 ζβστησε.
2360 4442 2547 4515 ΔΜῖνοι·
2605 4441 2891 4513 Sylburgio
2954 4439 3127 4515 aptius
3185 4441 3358 4515 videri

1721 4550 1765 4605 Β
1793 4511 2006 4605 ἐσϐεσεέ
2030 4511 2315 4605 Nati-[illud
2346 4512 2537 4605 ἔστησε
2564 4511 3360 4605 (iptittie_r;espotidetsimillimo

304 4587 693 4672 Ἡλπςσαμεν.
725 4588 881 4672 [Αᾟῆ
920 4589 1241 4672 Sylliurgius
1266 4593 1596 4664 ἠλπίκαμεν,
1630 4604 1689 4649 ut

1802 4586 1961 4672 verbo
1984 4583 2210 4672 scaeas}
2243 4586 2384 4672 quo‘d
2413 4584 2571 4666 paulo
2605 4583 3044 4672 alitecpgaecedit.

150 4654 284 4718 paulo
312 4668 433 4709 ante
469 4654 687 4717 legitur.
725 4654 829 4713 Sed
868 4654 984 4713 haec
1017 4654 1301 4716 levissima
1328 4673 1473 4718 sunt.

1860 4656 1971 4723 (l5)
1993 4652 2236 4716 Αὶώνιός
2249 4668 2312 4705 τε
2328 4652 2470 4721 ἡμῖν
2484 4653 2684 4723 νόμος.
2716 4653 2779 4723 κδ.
2802 4653 3049 4723 Clemens
3071 4653 3170 4707 sub
3199 4652 3359 4723 linem

209 4723 308 4800 μθ)
331 4727 479 4779 Νυνὶ
502 4726 572 4800 δὲ
597 4729 856 4796 (ἀνέγνων
881 4730 1032 4800 γάρ),
1066 4730 1184 4785 Toti
1213 4733 1336 4788 huic
1362 4734 1478 4788 loco
1514 4736 1687 4788 lucem

1802 4721 1993 4800 ςυρψ.
2016 4741 2031 4778 ι
2057 4725 2134 4776 sic
2152 4722 2685 4800 lmjttittt_t::_lvltoi'i_aﬁ§
2708 4722 2763 4800 δὲ
2782 4721 3026 4800 φαίνεται
3050 4723 3137 4800 τὸν
3160 4722 3361 4791 Κύριον

151 4790 671 4869 ηπεηρθηῃιὺεείε,
704 4790 859 4866 longa
894 4790 979 4853 illa
994 4790 1241 4869 quidem,
1267 4805 1358 4857 sed
1393 4813 1571 4856 tamen
1593 4820 1688 4857 ne-

150 4866 360 4942 cessaria
390 4868 455 4942 a_d
492 4866 1217 4942 perspiciendamorationis
1251 4874 1473 4941 seriem,
1512 4888 1689 4942 neque

152 4930 299 4985 aliena
336 4950 365 4987 a
398 4930 595 4990 Justini
624 4930 1038 4993 consuetudine.
1084 4941 1302 4997 Similes
1343 4930 1486 4997 enim
1522 4930 1689 4996 inter-

152 5004 257 5054 dum
286 5020 580 5061 occurrunt
609 5008 661 5060 in
697 5010 797 5062 hoc
833 5011 1073 5071 Dialogo.
1111 5011 1229 5065 Viti.
1267 5029 1415 5068 num.
1452 5012 1541 5066 78.
1598 5012 1692 5066 Vi-

152 5070 284 5152 detur
303 5072 548 5152 lustinus
572 5077 772 5152 dicere»
790 5070 1031 5147 ἀνέγνων
1052 5082 1178 5151 γάρ,
1208 5085 1334 5152 quia
1361 5092 1521 5138 antea
1543 5082 1692 5137 dixe-

151 5144 281 5197 ηιρί
315 5144 549 5231 Trypho,
578 5146 731 5269 106x
752 5144 1020 5219 ἀνέγνως;

209 5212 310 5269 (ΙΙ)
336 5219 529 5269 Nouor-
552 5217 590 5269 ὃ
638 5220 787 5269 κατὰ
813 5222 1019 5269 νόμου.

209 5212 310 5292 (ΙΙ)
336 5212 531 5292 Νόμος
552 5212 621 5270 δὲ
638 5220 787 5273 κατὰ
813 5212 1019 5292 tropon.
1052 5220 1167 5273 Non
1198 5223 1351 5277 video
1373 5238 1470 5277 cur
1507 5222 1694 5292 displi-

152 5293 257 5362 ceat
290 5289 398 5362 huic
428 5290 695 5362 scriptura
740 5294 956 5362 erudito
988 5289 1312 5362 Londinensi
1341 5294 1561 5357 edituri,
1594 5289 1689 5362 qui

153 5349 755 5435 lrgendumﬁrb'itratur
785 5360 948 5430 νόμος
988 5361 1045 5413 δὲ
1096 5364 1232 5433 μετὰ
1271 5365 1458 5435 νόμον.
1492 5349 1691 5435 Legem

157 5423 387 5479 adversus
416 5426 594 5499 legem
629 5423 863 5499 positam
885 5446 1004 5486 esse
1043 5423 1109 5489 eo
1142 5449 1301 5487 sensu
1332 5423 1489 5488 docet
1523 5423 1694 5486 Justi-

154 5506 260 5554 nus,
290 5498 426 5563 quod
461 5498 662 5553 veritas
692 5502 952 5555 adversus
992 5506 1261 5567 umbram,
1306 5514 1691 5557 testamentum

154 5573 389 5639 aderunt“
422 5567 688 5624 adversus
726 5573 1111 5639 temporarium
1160 5575 1419 5627 constitui
1465 5573 1689 5628 dicitur.

239 5649 336 5687 non
362 5640 659 5715 verendum
700 5656 767 5715 ne
795 5633 1040 5715 Justinus
1086 5644 1265 5715 faveat
1311 5644 1691 5698 hmreticorum

156 5701 282 5783 illius
307 5707 799 5784 aetatisimpietati,
830 5713 922 5780 qui
954 5712 1319 5784 Evangelium
1345 5715 1693 5784 opponebam

155 5778 285 5855 Legi,
314 5785 367 5827 ut
400 5778 705 5855 veritatem
718 5778 1002 5855 mendacio
1032 5794 1086 5839 et
1115 5778 1311 5850 Errori,
1334 5778 1692 5855 ett—illiusque

160 5847 299 5898 altum
330 5859 447 5901 esse
482 5848 644 5905 Deum
678 5852 971 5921 fingebant.

1789 4793 2053 4874 διαθήκην
2080 4791 2289 4874 καλῶνς
2331 4792 2622 4874 ’[δοὸιέγὼ,
2646 4791 2860 4874 λέγων,
2908 4793 2943 4862 ἡ
2984 4792 3213 4874 διαθήκη
3260 4809 3359 4874 μου

1795 4861 2118 4938 perfect}...
2156 4864 2213 4914 ἐν
2236 4861 2291 4938 δὲ
2311 4861 2393 4938 τῷ
2415 4862 2622 4933 Πέτρου
2652 4861 2963 4938 κηρύγματι
2989 4863 3171 4938 εὕροις*
3186 4861 3363 4938 ἀνήνό-

1794 4932 1893 5008 μον
1918 4935 2013 4987 καὶ
2032 4934 2187 5002 λόγον
2208 4932 2295 5008 τὸν
2311 4932 2509 5004 Κύριον
2531 4932 3083 5008 προσαγορευόμενον.
3112 4952 3130 4983 ι
3154 4934 3360 5002 Moyses

1793 5003 1968 5059 autem
1998 5007 2212 5058 videtur
2256 5003 2539 5056 Dominum
2588 5003 2859 5071 appellare
2908 5006 3358 5071 Testamentum:

1792 5077 1934 5130 Ecce
1963 5090 2083 5145 ego,
2124 5075 2333 5145 dicens,
2367 5081 2582 5142 pactum
2624 5070 2806 5145 meum
2841 5083 3089 5127 tecum...
3124 5073 3181 5145 lu
3210 5070 3358 5125 Petri

1793 5157 1969 5199 autem
1991 5141 2629 5212 praedicationeinveuies
2659 5143 2944 5196 Dominum
2968 5141 3357 5207 vocariLegetn

1793 5226 1847 5270 et
1874 5215 2180 5268 Rationem.
2240 5231 2258 5263 ι
2304 5214 2360 5267 lu
2403 5212 2651 5279 Excerpt.
2688 5228 2740 5281 p.
2769 5212 2894 5277 809,
2926 5215 3065 5267 idem
3108 5213 3359 5281 Clemens

1795 5286 2187 5356 testimonium_
2212 5298 2281 5335 ex
2328 5280 2713 5356 praedicatione
2760 5281 2905 5337 Petri
2946 5285 3152 5356 iterum
3201 5280 3355 5356 citat,

1794 5356 2034 5422 illudQue
2053 5349 2345 5409 conﬁrmat
2375 5355 2459 5407 his
2487 5352 2786 5421 Scriptura:
2810 5354 3021 5407 verbis:
3060 5370 3079 5403 ε
3126 5349 3357 5422 De_Sion

1793 5418 1963 5478 cxibii
1997 5426 2084 5479 lex
2131 5434 2187 5478 et
2216 5425 2436 5477 verbum
2477 5418 2692 5476 Domini
2722 5423 2791 5476 de
2821 5422 3144 5477 Jerusalem.
3181 5418 3359 5473 Tesu—

1796 5496 2035 5548 monium
2059 5493 2272 5549 Domini
2312 5494 2492 5561 lidele,
2516 5494 3124 5561 sapientiampraestans
3156 5505 3349 5559 parvu-

1794 5570 1880 5621 lis.
1918 5582 1940 5617 ι
1988 5561 2474 5620 VideturJustiuus
2522 5566 2575 5616 in
2618 5562 2883 5629 ejusmodi
2920 5563 3241 5617 testimoniis
3291 5562 3359 5613 de

1793 5638 2012 5692 Christo
2062 5633 2424 5703 intelligendis
2456 5638 2763 5703 consentire
2810 5647 2932 5686 cum
2983 5632 3265 5703 Clemente
3304 5640 3361 5682 et

1794 5707 2068 5763 Christum
2105 5700 2446 5760 existimasse
2486 5705 2539 5756 in
2567 5702 2722 5759 lsaia:
2763 5703 3078 5757 testimonio
3112 5700 3360 5771 proxime

1794 5777 2110 5844 sequenti,r
2148 5775 2342 5844 legem,
2369 5775 2652 5843 judicium,
2684 5772 2949 5839 justitiam
2984 5781 3037 5829 et
3064 5773 3300 5827 salutare
3336 5789 3353 5820 ι

1796 5842 2076 5917 appellari.
2118 5842 2232 5903 Vid'.
2270 5842 2465 5900 Strom.
2502 5860 2595 5915 vn,
2626 5863 2678 5917 p.
2702 5844 2823 5898 708.
