3760 6512
358 368 462 423 ινο

1326 373 1383 430 S.
1416 372 1679 429 JUSTINI
1709 368 2118 427 PHILOSOPHI
2151 368 2238 424 ET
2280 369 2640 426 MARTYRIS

3504 372 3607 430 500

358 480 600 551 illudque
624 481 678 537 in
709 483 884 541 lucem
914 486 1190 556 gentium;
1224 485 1471 543 videmus
1494 496 1677 542 autem
1709 502 1770 541 ac
1794 501 1919 556 per-

2068 486 2243 556 ρῶμεν
2269 488 2324 542 δὲ
2356 489 2449 543 καὶ
2487 485 2831 556 πεπείσμεθα
2858 484 2970 555 (14)
2995 485 3083 539 διὰ
3111 485 3204 539 τοῦ
3233 486 3501 558 ὀνόματος
3521 490 3613 543 αὐ-

356 590 579 631 suasnm
621 578 887 633 habemus
928 594 1026 649 per
1064 596 1259 636 nomen
1304 582 1475 651 ipsius
1519 582 1767 639 cruciﬁxi
1798 580 1925 635 Jesu

354 667 579 736 Christi,
606 684 636 724 a
665 671 971 727 simulacris
992 681 1044 727 et
1068 674 1135 728 ab
1165 672 1271 727 alia
1304 674 1545 743 nequitia
1582 674 1830 730 homines
1858 673 1927 727 ad

356 764 527 819 Deum
560 766 846 833 accedere,
873 781 938 822 ac
980 782 1050 823 ne
1087 777 1264 823 morte
1305 768 1520 838 quidem
1569 770 1846 838 proposita
1896 784 1927 823 a

356 855 706 912 confessione
734 866 790 912 et
818 858 1021 927 pietate
1047 858 1358 926 discedere;
1393 875 1518 914 cum
1540 876 1605 914 ex
1646 862 1925 929 operibus,

358 956 469 1002 tum
496 965 561 1005 ex
582 950 1043 1020 consequentibus
1070 949 1345 1005 miraculis
1385 950 1515 1004 licet
1554 952 1809 1005 omnibus
1838 952 1928 1005 in-

357 1040 599 1112 telligere
628 1042 771 1097 hunc
802 1058 927 1099 esse
954 1060 1148 1099 novam
1190 1043 1387 1113 legem,
1421 1052 1477 1097 et
1510 1058 1709 1099 novum
1735 1044 1927 1099 Testa-

356 1145 599 1189 mentum
628 1144 684 1190 et
712 1137 1179 1205 exspectationem
1208 1154 1397 1194 eorum
1451 1136 1545 1207 qui
1576 1151 1643 1191 ex
1676 1137 1926 1192 omnibus

355 1226 617 1293 gentibus
650 1243 679 1282 a
711 1227 824 1284 Deo
871 1230 1012 1283 bona
1054 1240 1399 1300 exspectant.
1441 1231 1642 1286 Verum
1682 1230 1826 1285 enim
1854 1229 1927 1284 ls-

355 1316 684 1381 raeliticum,
733 1318 998 1389 spiritale,
1030 1330 1086 1375 et
1129 1319 1281 1376 Iuda:
1327 1336 1531 1390 genus,
1578 1330 1633 1389 et
1673 1320 1846 1376 Jacob
1872 1331 1928 1376 et

355 1406 510 1463 Isaac
545 1417 601 1462 et
640 1409 936 1478 Abraham,
967 1411 1124 1482 cujus
1154 1412 1209 1466 in
1252 1412 1519 1481 praeputio
1564 1411 1726 1467 Iidem
1776 1412 1928 1467 testi-

355 1500 538 1553 monio
570 1515 670 1557 suo
702 1501 1081 1572 comprobavit
1127 1502 1290 1570 Deus,
1317 1503 1479 1571 eique
1521 1502 1803 1557 benedixit
1824 1542 1839 1565 ,
1863 1515 1927 1555 ac

352 1601 567 1661 patrem
614 1595 906 1651 multarum
946 1595 1184 1666 gentium
1237 1596 1473 1660 vocavit,
1516 1610 1637 1661 nos,
1680 1595 1924 1664 inquam,

352 1685 460 1740 huc
485 1699 655 1756 genus
678 1701 887 1752 sumus,
906 1687 998 1756 qui
1029 1688 1096 1741 ad
1114 1686 1281 1741 Deum
1310 1702 1408 1757 per
1433 1687 1576 1742 hunc
1606 1687 1926 1742 crucilixum

350 1778 628 1834 Christum
667 1779 915 1848 perducti
948 1793 1160 1844 sumus,
1205 1780 1670 1849 quemadmodum
1716 1791 1772 1836 et
1801 1796 1928 1836 ora-

354 1870 503 1927 tione
531 1871 688 1926 nobis
727 1870 1058 1943 procedente
1084 1872 1570 1928 demonstrabitur.

424 1962 514 2021 12.
548 1964 729 2018 ,Ιιιάωὶ
756 1974 1007 2019 cateruam
1036 1963 1196 2033 legem
1224 1964 1439 2029 violant,
1471 1965 1760 2020 Mosaicam
1789 1967 1926 2020 male

351 2056 787 2125 interpretantur.
828 2082 897 2095 —-
947 2053 1203 2108 Dicebam
1267 2054 1433 2110 etiam
1482 2063 1538 2110 et
1581 2056 1923 2124 proferebam

352 2146 502 2215 quod
544 2146 652 2201 alio
692 2146 809 2202 loco
846 2145 1048 2201 clamat
1073 2145 1282 2201 Isaias:
1319 2164 1338 2198 ι
1367 2146 1570 2203 Audite
1605 2148 1770 2204 verba
1804 2162 1921 2202 mea

351 2246 407 2292 et
439 2239 586 2292 vivet
610 2239 791 2293 anima
833 2246 1038 2303 vestra,
1074 2245 1129 2291 et
1158 2237 1399 2293 testabor
1434 2239 1591 2294 vobis
1623 2248 1924 2294 testamen-

352 2338 465 2383 tum
492 2330 908 2400 sempiternum,
949 2339 1137 2384 sancta
1164 2329 1384 2385 Davidis
1420 2330 1597 2387 ﬁdelia
1623 2350 1637 2385 :
1674 2331 1816 2388 Ecce
1845 2342 1925 2387 te-

350 2430 493 2477 stem
540 2422 755 2491 populis
795 2423 922 2479 dedi
947 2439 1093 2480 eum.
1124 2426 1329 2483 Gentes
1360 2441 1483 2497 qua:
1506 2441 1615 2480 non
1657 2434 1926 2479 noverunt

354 2522 429 2576 te,
466 2513 889 2571 invocabunt‘te
918 2535 932 2570 :
965 2518 1145 2587 populi
1190 2519 1283 2587 qui
1328 2519 1581 2573 nesciunt
1626 2526 1699 2581 te,
1733 2515 1927 2570 confu-

350 2608 499 2678 gient
530 2609 597 2664 ad
637 2618 712 2676 te,
738 2620 962 2680 propter
998 2612 1168 2666 Deum
1199 2622 1352 2667 tuum
1394 2620 1645 2667 sanctum
1686 2609 1922 2672 Israelis,

350 2701 608 2770 quoniam
633 2700 959 2770 gloriﬁcavit
989 2711 1039 2756 te
1065 2704 1131 2759 ⁸⁷.
1166 2721 1187 2756 ι
1218 2702 1368 2759 Haec
1394 2704 1567 2776 ipsam
1598 2705 1769 2775 legem
1796 2717 1928 2756 con-

354 2793 574 2847 tumelia
602 2791 881 2860 aﬂécistis,
916 2809 981 2849 ac
1009 2794 1214 2852 Novum
1256 2797 1401 2853 illius
1449 2805 1695 2853 sanctum
1729 2795 1923 2852 Testa-

351 2894 594 2941 mentum
620 2885 1014 2954 lloccil’ecistis,
1043 2904 1107 2944 ac
1141 2903 1210 2943 ne
1240 2904 1383 2945 nunc
1406 2890 1621 2959 quidem
1654 2890 1923 2959 recipitis,

351 2992 456 3033 nec
482 2992 647 3046 prave
687 2978 955 3034 factorum
984 2982 1375 3050 paenitentiam
1422 2983 1615 3053 agitis:
1663 3000 1683 3033 ι
1720 2984 1926 3038 ‘Adhuc

351 3069 497 3126 enim
528 3086 691 3127 aures
736 3081 932 3127 vestrae
977 3074 1240 3129 obturata:
1285 3082 1440 3141 sunt,
1481 3084 1536 3129 et
1575 3076 1715 3132 oculi
1750 3079 1921 3134 vestri

349 3163 636 3230 obcaecati,
676 3174 734 3219 et
785 3165 1147 3221 incrassatum
1192 3176 1275 3222 est
1318 3182 1412 3223 cor
1447 3176 1708 3223 vestrum.
1755 3189 1775 3222 ι
1818 3170 1923 3225 Ex-

349 3252 549 3309 clamat
576 3253 863 3322 Jeremias,
906 3272 972 3313 ac
1015 3273 1084 3313 ne
1128 3258 1209 3313 sic
1247 3258 1465 3327 quidem
1500 3259 1733 3315 auditis:
1770 3262 1924 3316 adest

348 3344 649 3416 Iegislator,
681 3362 782 3403 nec
812 3348 1039 3404 videtis:
1073 3364 1340 3420 pauperes
1373 3352 1717 3422 Evangelium
1753 3354 1924 3409 susci-

348 3439 530 3508 piunt,
553 3439 681 3496 casei
703 3441 917 3509 vident;
951 3458 1052 3498 nec
1084 3443 1403 3515 intelligitis.
1436 3444 1618 3500 Altera
1647 3445 1758 3514 jam
1788 3462 1924 3518 opus

348 3539 432 3585 est
456 3531 867 3588 circumcisione
886 3550 901 3600 ;
920 3550 1018 3591 vos
1030 3545 1204 3591 autem
1228 3537 1280 3591 in
1307 3553 1469 3594 carne
1493 3538 1780 3607 plurimum
1807 3540 1926 3609 glo-

351 3623 588 3677 riamini.
621 3622 871 3695 Praecipit
908 3643 1045 3683 nova
1071 3628 1175 3694 lex,
1204 3638 1263 3683 ut
1293 3639 1609 3700 perpetuum
1636 3624 1921 3686 sabbatum

351 3711 678 3769 celebretis:
708 3731 807 3771 vos
835 3728 1012 3772 autem
1045 3720 1186 3787 quod
1216 3720 1423 3775 inertes
1457 3722 1590 3778 estis
1621 3739 1717 3792 per
1756 3739 1920 3778 unum

348 3806 520 3872 diem,
551 3808 626 3877 pii
648 3808 803 3865 vobis
825 3825 946 3865 esse
976 3811 1252 3876 videmini,
1298 3828 1402 3869 non
1438 3813 1799 3884 intelligentes
1826 3832 1921 3869 cur

348 3901 405 3954 id
435 3901 589 3959 vobis
616 3904 1007 3973 {praescriptum
1059 3906 1173 3961 sit:
1228 3916 1283 3962 et
1322 3922 1515 3975 panem
1564 3908 1767 3977 absque
1815 3908 1923 3962 fer-

350 4005 539 4051 mento
560 3996 605 4051 si
641 3998 839 4063 edatis,
870 4013 900 4051 a
924 3999 1077 4052 vobis
1108 3998 1344 4055 divinam
1369 4001 1702 4055 voluntatem
1735 4001 1924 4071 imple-

350 4097 461 4142 tam
491 4088 694 4144 dicitis.
738 4089 853 4144 Non
896 4089 1009 4145 haec
1055 4091 1282 4147 Domino
1311 4092 1421 4147 Deo
1462 4102 1646 4148 nostro
1684 4094 1918 4163 placent.

348 4180 407 4234 Si
436 4180 562 4251 quis
598 4181 755 4251 113
790 4180 840 4234 in
860 4180 1015 4236 vobis
1038 4191 1121 4237 est
1142 4182 1393 4253 perjurus
1416 4194 1509 4237 aut
1533 4184 1642 4251 fur,
1669 4185 1914 4250 desinat;

346 4272 394 4326 si
427 4273 552 4342 quis
587 4274 856 4337 mmchus,
897 4273 1271 4341 ptnnitentiam
1302 4285 1469 4342 agat;
1507 4284 1563 4330 et
1596 4278 1918 4332 suavissima

347 4378 412 4418 ac
440 4379 566 4418 vera
612 4365 706 4420 Dei
745 4368 973 4422 sabbata
1002 4368 1321 4424 celebravit.
1361 4366 1417 4422 Si
1443 4369 1567 4436 quis
1606 4384 1771 4438 puras
1805 4383 1915 4422 ma-

348 4467 450 4506 nus
486 4468 591 4509 non
629 4455 814 4520 habet,
849 4456 997 4512 lavet
1027 4467 1081 4513 et
1114 4474 1283 4529 purus
1314 4468 1421 4512 est.

2028 578 2118 633 τοῦ
2145 578 2235 632 τοῦ
2265 579 2667 650 σταυρωθέντος
2710 576 2884 649 Ἰησοῦ
2914 576 3168 649 Χριστοῦ,
3190 578 3300 635 ἀπὸ
3321 578 3432 632 τῶν
3454 578 3611 634 εἰδώ-

2028 671 2133 726 λων
2155 672 2250 725 καὶ
2277 672 2376 743 τῆς
2402 671 2565 742 ἄλλης
2589 669 2799 734 ἀδικίας
2828 669 3220 742 προσελθόντας
3240 671 3317 743 τῷ
3337 671 3482 743 Θεῷ,
3516 675 3610 727 καὶ

2033 762 2194 833 μέχρι
2222 760 2453 815 θανάτου
2491 760 2859 831 ὑπομένοντας
2888 760 2989 831 τὴν
3009 761 3298 832 ὁμολογίαν
3329 764 3429 817 καὶ
3458 765 3611 820 εὐσέ-

2028 855 2182 907 ϐειαν
2211 854 2507 907 ποιεῖσθαι·
2544 854 2637 907 καὶ
2663 856 2727 906 ὲκ
2763 852 2871 906 τῶν
2907 853 3082 925 ἔργων
3099 858 3193 909 καὶ¹
3213 858 3277 908 ἐκ
3303 858 3406 927 τῆς
3428 874 3612 929 παρα-

2028 946 2389 1017 κολουθούσης
2426 946 2703 1017 δυνάμεως
2749 947 2990 1000 συνιέναι
3036 948 3171 999 πᾶσι
3227 948 3478 1014 δυνατὸν,
3529 951 3613 1003 ὃτι

2028 1032 2179 1102 οὗτός
2216 1040 2363 1091 ἐστιν
2401 1040 2430 1092 ὁ
2472 1038 2655 1100 καινὸς
2698 1037 2862 1108 νόμος
2895 1038 3030 1109 (15),
3078 1038 3179 1092 καὶ⁵
3220 1041 3254 1111 ἡ
3308 1039 3475 1110 καινὴ
3507 1038 3616 1093 δια-

2029 1132 2195 1204 θήκη,
2227 1131 2323 1185 καὶ¹
2365 1130 2713 1203 ήπροσδοκία
2760 1131 2867 1185 τῶν
2913 1132 3019 1185 ἀπὸ
3054 1131 3271 1185 πάντων
3309 1131 3421 1185 τῶν
3444 1130 3615 1185 ἐθνῶν

2028 1223 2407 1294 ἀναμενόντων
2435 1223 2501 1275 τὰ
2525 1222 2674 1295 παρὰ
2701 1222 2790 1275 τοῦ
2819 1222 2951 1275 Θεοῦ
2978 1223 3175 1291 ἀγαθά.
3217 1223 3615 1295 Ἱσραηλιτικδν

2027 1314 2137 1385 γὰρ
2165 1312 2224 1365 τὸ
2252 1312 2522 1383 ἀληθινὸν,
2558 1314 2945 1385 πνευματικὸν,
2976 1314 3071 1367 καὶ
3106 1313 3276 1368 Ἰούδα
3302 1315 3485 1382 γένος,
3520 1316 3617 1368 καὶ

2027 1406 2241 1471 Ἰακὼϐ,
2274 1408 2369 1460 καὶ
2398 1407 2603 1468 Ἰσαὰκ,
2635 1407 2728 1460 καὶ
2762 1406 3034 1478 ’Λϐραὰμ,
3069 1406 3160 1459 τοῦ
3188 1409 3247 1460 έν
3268 1408 3615 1480 ἀκροϐυστία

2028 1503 2119 1556 ἐπὶ
2142 1504 2207 1573 τῇ
2234 1502 2411 1554 πίστει
2451 1500 2885 1572 μαρτυρηθέντος
2908 1500 3012 1551 ὑπὸ
3036 1499 3127 1552 τοῦ
3152 1498 3313 1563 Θεοῦ,
3344 1500 3443 1554 xui.
3469 1500 3618 1553 εὐλορ

2027 1593 2308 1663 γηθέντος,
2336 1594 2430 1646 καὶ
2456 1593 2661 1664 πατρὸς
2682 1591 2889 1645 πολλῶν
2922 1591 3091 1645 ἐθνῶν
3111 1590 3429 1661 κληθέντος,
3454 1595 3616 1663 ἡμεῖς

2028 1688 2195 1757 ἐσμεν
2239 1687 2289 1739 οἱ
2338 1684 2426 1738 διὰ
2468 1684 2655 1737 τούτου
2707 1683 2797 1736 τοῦ
2835 1682 3235 1756 σταυρωθέντος
3268 1683 3509 1756 Χριστοῦ
3539 1684 3617 1753 τῷ

2027 1778 2146 1849 Θεῷ
2174 1776 2594 1849 προσαχθέντες,
2630 1776 2705 1840 ὡς
2737 1777 2831 1830 καὶ
2880 1776 3295 1848 προκοπτόντων
3339 1779 3479 1847 ἡμῖν
3508 1776 3619 1829 τῶν

1958 1864 2002 1923 Β
2032 1872 2207 1940 λόγων
2237 1869 2711 1940 ἀποδειχθήσεται.

2096 1972 2184 2025 12.
2218 1970 2440 2041 Ἔλεγον
2471 1970 2525 2023 δὲ
2559 1970 2638 2024 ἔτι
2669 1971 2761 2023 καὶ
2795 1970 3151 2042 προσέφερον,
3182 1970 3267 2023 ὅτι
3296 1970 3394 2024 καὶ
3422 1971 3483 2025 ὲν
3518 1970 3616 2025 ἄλ·

2026 2063 2137 2125 λοις
2165 2061 2343 2129 λόγοις
2390 2060 2617 2122 Ἡσαΐας
2648 2060 2776 2130 βοᾷ·
2820 2080 2836 2109 ι
2882 2059 3177 2112 Ἀκούσατέ
3214 2076 3319 2130 μου
3365 2061 3495 2124 τούς
3526 2060 3616 2113 λό-

2027 2171 2176 2223 γους,
2203 2153 2297 2207 καὶ
2320 2153 2541 2222 ζήσεται
2562 2154 2595 2221 ή
2626 2151 2769 2222 ψυχὴ
2794 2150 2970 2223 ὐμῶν·
2996 2151 3090 2205 καὶ
3118 2151 3454 2223 διαθήσομαι
3489 2152 3618 2224 ὐμῖν

2025 2245 2291 2316 διαθήκην
2310 2243 2545 2308 αἰώνιον,
2573 2244 2639 2297 τὰ
2661 2244 2784 2297 ὅσια
2808 2244 2971 2297 Δαϐὶδ
2995 2244 3061 2298 τὰ
3088 2246 3275 2299 πιστά.
3300 2244 3439 2298 Ἰδοὺ
3474 2248 3615 2317 μάρ-

2026 2352 2164 2407 τυρα
2187 2334 2297 2406 (16)
2330 2334 2492 2389 αὐτὸν
2519 2331 2693 2387 ἔθνεσι
2713 2333 2918 2389 δέδωκα
2936 2350 2949 2363 °
2975 2333 3102 2405 ἔθνη
3127 2334 3163 2388 ἃ
3192 2335 3293 2387 οὐκ
3316 2334 3500 2388 οἴδασί
3533 2353 3615 2399 σε,

2027 2426 2438 2481 ὲπικαλέσονταί
2474 2442 2568 2479 σε·
2612 2426 2733 2480 λαοὶ
2758 2426 2805 2479 οἳ
2838 2426 2937 2479 οὐκ
2964 2426 3284 2485 ἐπίστανταί
3324 2443 3409 2491 σε,
3442 2445 3615 2481 κατα-

2028 2520 2311 2591 φεύξονται
2356 2521 2449 2573 ἐπὶ
2483 2521 2576 2574 σέο
2620 2520 2806 2574 ἕνεκεν
2848 2519 2939 2573 τοῦ
2985 2518 3121 2573 Θεοῦ
3173 2537 3267 2573 σου
3320 2520 3417 2573 τοῦ
3458 2521 3615 2590 ἁγίου

2026 2615 2263 2687 Ἰσραὴλ,
2305 2616 2385 2669 ὅτι
2417 2615 2633 2680 ὲδόξασέ
2669 2632 2748 2669 σε.
2798 2634 2816 2665 ι
2854 2613 3053 2668 Τοῦτον
3082 2614 3246 2667 αὐτὸν
3294 2616 3460 2685 ὑμεῖς
3496 2619 3617 2686 ἡτι-

2032 2704 2247 2776 μὼσατε
2272 2706 2363 2759 τὸν
2389 2706 2573 2777 νόμον,
2614 2704 2707 2757 καὶ
2740 2704 2838 2774 τὴν
2872 2704 3061 2776 καινὴν
3091 2704 3255 2774 ἁγίαν
3298 2705 3470 2759 αὐτοῦ
3492 2708 3617 2760 Δια-

2027 2797 2200 2869 θήκην
2226 2797 2583 2867 ὲφαυλίσατεο
2628 2797 2723 2850 καὶ
2750 2797 2869 2850 οὐδὲ
2910 2797 3007 2851 νῦν
3042 2796 3446 2869 παραδέχεσθε,
3489 2800 3615 2853 οὐδὲ

2031 2894 2341 2960 μετανοεῖτε
2392 2891 2697 2963 πράξαντες
2740 2890 2945 2955 κακῶς.
3000 2910 3018 2941 ι
3059 2893 3180 2945 Ἔτι
3231 2893 3343 2965 γὰρ
3384 2893 3454 2946 τὰ
3496 2887 3617 2946 ὦτα

2029 2982 2179 3053 ὐμῶν
2209 2984 2536 3051 πέφρακται,
2569 2984 2616 3035 οἱ
2649 2981 2913 3053 ὀφθαλμοὶ
2941 2981 3093 3053 ὐμῶν
3118 2984 3497 3055 πεπήρωνται,
3518 2985 3617 3037 καὶ

2028 3075 2413 3146 πεπάχυνταιὴ
2438 3074 2631 3147 καρδία
2650 3091 2663 3104 ·
2705 3093 2723 3125 ι
2762 3074 3031 3146 κέκραγεν
3051 3075 3326 3148 Ἱερεμίας
3358 3076 3494 3147 (17),
3519 3079 3618 3131 καὶ

2024 3167 2133 3220 οὐδ’
2161 3166 2333 3232 οὕτως
2374 3166 2621 3225 ἀκούετε.
2664 3166 2933 3239 Πάρεστιν
2971 3166 3000 3217 ὁ
3038 3167 3356 3239 νομοθέτης,
3389 3169 3485 3223 καὶ
3514 3170 3618 3241 οὐχ

2025 3260 2185 3329 ὁρᾶτε
2203 3275 2217 3290 σ
2254 3259 2459 3330 πτωχοὶ
2484 3259 2923 3329 εὐαγγελίζονται
2944 3260 3077 3329 (18).
3102 3259 3295 3328 τυφλοὶ
3327 3259 3615 3329 βλέπουσι,

2028 3354 2121 3407 καὶ
2156 3354 2216 3406 οὐ
2258 3353 2489 3409 συνίετε.
2521 3354 2792 3426 Δευτέρας
2820 3354 2917 3426 ἤδη
2949 3353 3109 3425 χρεία
3153 3353 3489 3424 περιτομῆς,
3514 3354 3616 3408 καὶ

2027 3444 2181 3513 ὑμεῖς
2212 3443 2305 3496 ἐπὶ
2334 3446 2399 3515 τῇ
2428 3444 2592 3514 σαρκὶ
2623 3444 2764 3515 μέγα
2787 3446 3052 3514 φρονεῖτε.
3074 3440 3436 3505 Σαϐϐατίζειν
3467 3445 3617 3514 ὑμᾶς

2024 3536 2053 3586 ὁ
2074 3536 2259 3601 καινὸς
2286 3536 2447 3607 νόμος
2477 3537 2766 3600 διαπαντὸς
2795 3536 2989 3599 ἐθέλει,
3022 3536 3117 3588 καὶ
3160 3536 3322 3605 ὑμεῖς
3356 3536 3487 3606 μίαν
3512 3538 3617 3608 ἀρ-

2024 3626 2245 3694 γοῦντες
2281 3629 2494 3702 ἡμέραν
2524 3629 2767 3683 εὐσεϐεῖν
2796 3628 3020 3691 δοκεῖτε,
3053 3627 3126 3699 μὴ
3156 3627 3405 3691 νοοῦντες
3444 3628 3533 3682 διὰ
3563 3628 3616 3681 τί

2027 3719 2155 3788 ὑμῖν
2190 3720 2530 3791 προσετάγηο
2568 3720 2662 3775 καὶ
2693 3720 2786 3773 ἐὰν
2822 3716 3027 3789 ἄζυμον
3052 3718 3214 3790 ἄρτον
3247 3720 3483 3790 φάγητε,
3516 3736 3616 3773 πε-

2025 3811 2371 3883 πληρωκέναι
2400 3812 2460 3865 τὸ
2485 3812 2695 3884 θέλημα
2720 3812 2808 3866 τοῦ
2832 3812 2963 3866 Θεοῦ
2994 3829 3151 3882 φατε.
3174 3811 3291 3864 Οὐκ
3317 3813 3376 3864 ἑν
3399 3811 3616 3875 τούτοις

2022 3902 2234 3956 εὐδοκεῖ
2277 3903 2479 3974 Κύριος
2509 3905 2537 3956 ὁ
2578 3905 2708 3969 Θεὸς
2753 3906 2933 3977 ἡμῶν
2978 3904 3033 3957 εἴ
3070 3903 3152 3967 τίς
3183 3905 3333 3958 ἐστιν
3380 3906 3439 3957 ὲν
3479 3906 3615 3974 ὑμῖν

2024 3995 2274 4067 ἐπίορκος
2305 3996 2337 4066 ἢ
2368 3995 2624 4068 κλέπτης,
2654 3996 2947 4050 παυσάσθω
2966 4013 2978 4025 ο
3011 3994 3065 4048 εἴ
3091 4014 3174 4059 τις
3205 3997 3414 4067 μοιχὸς,
3452 4013 3615 4065 μετα-

2024 4088 2290 4158 νοησάτω,
2329 4090 2422 4141 καὶ
2454 4088 2811 4143 σεσαϐϐάτικε
2841 4090 2909 4142 τὰ
2937 4088 3184 4161 τρυφερὰ
3232 4088 3330 4141 καὶ
3373 4087 3612 4159 ἀληθινά

2026 4180 2272 4234 σάϐϐατα
2312 4180 2402 4233 τοῦ
2432 4181 2589 4235 Θεοῦ.
2621 4182 2689 4234 Εἴ
2716 4200 2796 4244 τις
2821 4182 3069 4254 καθαρὰς
3112 4183 3213 4235 οὐκ
3248 4180 3366 4252 ἔχει
3394 4184 3609 4253 χεῖρας,

2022 4272 2321 4337 λουσάσθω,
2351 4273 2445 4326 καὶ
2475 4273 2714 4344 καθαρός
2740 4274 2886 4325 ἐστιν
2917 4273 3049 4343 (19).

420 4545 506 4599 15.
536 4545 717 4602 Isaias
736 4550 883 4603 docet
906 4562 1123 4621 peccata
1147 4552 1346 4606 dimitti
1368 4568 1459 4623 per
1477 4552 1676 4609 Christi
1696 4557 1914 4626 sangui-

2094 4542 2181 4595 15.
2219 4540 2293 4594 Οὐ
2328 4540 2437 4612 γὰρ
2469 4540 2525 4594 δέ
2560 4539 2670 4613 (20)
2705 4558 2767 4610 γε
2801 4542 2880 4606 είς
2928 4540 3205 4612 βαλανεῖον
3259 4540 3408 4611 ὐμᾶς
3441 4540 3611 4614 ἔπεμ-

309 4726 313 4730 ’
418 4727 463 4760 ⁸⁷
500 4726 604 4783 Isa.
643 4745 729 4797 ιν,
765 4730 820 4797 5,
856 4732 910 4786 5.

418 4908 531 4991 (βξ)
556 4910 665 4991 ιεᾳι
705 4914 1094 4991 πεπείσμεθα.
1123 4915 1254 4972 Vide
1290 4934 1417 4991 num
1456 4919 1801 4991 πεπύσμεθα,
1832 4922 1915 4975 in-

347 4978 1043 5101 i(tguliltulliiStephanus.'Sed
1071 5001 1293 5055 prorsus
1325 4990 1621 5058 rejicienda
1642 4978 1763 5045 haec
1784 4978 1916 5047 con-

367 5065 578 5105 eetura.

342 5063 554 5203 {caliga
562 5089 753 5203 .013ng
766 5125 935 5180 ἐστιν
949 5130 982 5181 ὀ
996 5130 1201 5196 καινὸς
1215 5131 1416 5199 νόμος.
1447 5129 1573 5203 Haec
1606 5131 1671 5185 de
1700 5130 1921 5203 Christo

346 5191 725 5274 intelligenda,
768 5206 828 5251 ut
857 5206 1007 5274 patet
1044 5216 1123 5274 ex_
1161 5191 1607 5274 hisp-(tummodo
1650 5201 1915 5274 diximus.

345 5259 420 5313 Ita
442 5259 609 5340 etiam
644 5259 821 5340 viSum
855 5259 1071 5323 erudito
1102 5259 1430 5325 Londinensi
1465 5272 1687 5335 editori,
1712 5272 1802 5340 qui
1836 5274 1921 5324 in-

347 5339 609 5399 terpretes
634 5336 1000 5408 reprehendit,
1033 5343 1178 5408 quod
1221 5341 1295 5394 ita
1328 5341 1684 5407 reddiderint,
1723 5336 1745 5393 ἕ
1776 5343 1917 5396 hanc

344 5414 466 5475 esse
480 5418 690 5475 novam
716 5407 905 5475 legem.
945 5427 965 5459 ι

414 5471 526 5539 (I6)
566 5471 1097 5554 _'1601‘)'pti_qua.
1150 5477 1305 5554 Infra
1366 5496 1518 5554 num.
1560 5482 1656 5545 14,
1713 5483 1917 5554 μαρτύ-

348 5555 482 5621 ριον,
524 5552 582 5597 ιιι
609 5555 695 5621 est
725 5552 867 5621 apud
906 5549 1281 5619 Septuaginta,
1335 5551 1479 5621 quod
1516 5549 1731 5620 quidem
1785 5549 1915 5607 inihi

350 5613 808 5690 videtur__.lustini
854 5613 1139 5686 proposito
1181 5613 1615 5675 conveniendus.
1676 5623 1724 5676 Is
1768 5624 1914 5677 enim

346 5686 608 5758 eiusmodi
657 5688 1005 5758 testimoniis,
1045 5698 1102 5743 ut
1129 5690 1242 5758 jam
1282 5692 1600 5757 observavi,
1650 5695 1915 5749 adductus

348 5750 588 5872 artatur,
616 5767 676 5812 ut
697 5750 1190 5830 Christumipsu'tn
1223 5775 1415 5817 novam
1453 5750 1785 5837 esse'legem
1819 5764 1916 5819 d0-

2092 4916 2202 4987 (i7)
2238 4918 2537 4987 Κέκραγεγ
2576 4916 2865 4985 Ἱερεμίας.
2904 4913 2996 4987 ΥᾼεΙ
3018 4914 3291 4987 memoria
3322 4914 3412 4966 hic
3446 4912 3604 4987 emu-

2018 4984 2359 5049 xitJu'stino,
2407 4984 2450 5042 si
2506 4986 2785 5053 Jeremimg
2810 4984 3056 5038 attribuit
3106 4986 3357 5052 proxima
3411 4984 3603 5048 verba,

2025 5076 2043 5107 ι
2075 5060 2249 5113 Aures
2278 5068 2494 5121 vestrae.
2530 5077 2550 5111 ι
2578 5067 2708 5123 etc.,
2742 5056 2825 5109 vel
2857 5054 3079 5123 respicit
3115 5055 3185 5108 ad
3217 5055 3479 5122 superius
3512 5054 3610 5109 Je-

2022 5129 2205 5183 remia:
2232 5130 2630 5193 testimonium,
2677 5125 2831 5195 cujus
2874 5134 3254 5194 contemptum
3299 5124 3610 5193 exprobrat

2018 5196 2238 5254 ludatis.
2263 5198 2368 5253 Pro
2390 5198 2623 5253 Ieremia
2650 5198 2864 5265 Langus
2884 5197 2935 5249 in
2967 5195 3387 5265 interpretando
3418 5196 3605 5265 posuit

2020 5270 2188 5323 Isaias
2217 5285 2234 5321 :
2267 5269 2450 5323 mallet
2478 5268 2754 5323 'I‘hirlbius
2774 5264 3041 5337 Ἰωάννης
3070 5273 3163 5317 aut
3200 5264 3412 5337 Ἠλίας.
3448 5264 3607 5337 Scri-

2020 5350 2169 5406 ptum
2216 5348 2335 5393 erat
2380 5340 2435 5392 in
2483 5340 2610 5393 aliis
2658 5335 3011 5400 editionibus,
3056 5338 3089 5407 ὴ
3129 5335 3352 5407 καρδία,
3399 5335 3607 5406 κέκρα-

2018 5425 2135 5480 γεν,
2162 5418 2269 5463 etc.
2296 5408 2687 5480 Interpunctio,
2718 5422 2882 5476 quam
2909 5416 3128 5461 secutus
3157 5421 3304 5470 sum,
3334 5407 3606 5475 probatur

2020 5479 2292 5533 'I‘ltirlbio.

2091 5550 2204 5619 (l8)
2233 5549 2462 5619 Πτωχοὶ
2481 5546 2974 5618 εὐαγγελίζονται.
3006 5545 3250 5619 BeSpicit
3277 5546 3345 5619 ad
3373 5561 3607 5615 respon-

2019 5616 2137 5674 sum
2176 5616 2403 5675 Joannt's'
2428 5616 2709 5686 discipulis
2732 5636 2762 5672 ιι
2792 5619 3012 5674 Christo
3053 5618 3263 5673 datum.
3298 5616 3455 5672 lese.

2094 5690 2204 5761 (I9)
2245 5690 2510 5759 Καθαρός
2557 5684 2747 5743 ἐστιν.
2818 5691 3042 5745 Frustra
3104 5688 3319 5761 legatur
3361 5684 3606 5761 καθαρὸς

2019 5759 2192 5823 ἔσται,
2231 5772 2284 5815 ιιι
2321 5764 2545 5815 Arcerio
2573 5762 2835 5827 placuisse
2865 5769 3092 5816 testatur
3124 5759 3470 5829 Sylburgius.

2093 5833 2206 5903 (‘20)
2238 5832 2326 5887 Δέ.
2364 5832 2426 5901 δή
2456 5832 2539 5885 ed.
2574 5832 2834 5886 Ieuensis.
