3770 6546
110 388 117 391 π
133 359 226 415 501

1118 364 1463 422 DIALOGUS
1492 365 1636 423 CUM
1666 363 2040 422 TRYPIIONE
2076 365 2340 422 ΗΠ)Εο.

3278 368 3385 425 502

132 492 227 529 πεν
271 475 505 541 Ἡσαΐας
545 478 1006 547 ἀπολουσομένους
1037 479 1156 534 ἐκεῖ
1184 488 1276 535 τὸν
1292 482 1453 551 φόνον
1486 480 1579 536 καὶ
1611 482 1660 536 τέ

1818 499 1947 537 nem.
1981 482 2266 562 —.Neque
2318 481 2466 538 enim
2506 496 2605 538 vos
2632 481 2698 537 ad
2723 480 2977 538 balneum
3005 481 3163 537 misit
3187 481 3378 550 lsaias,

130 566 287 630 ἄλλας
312 568 633 640 ἁμαρτίας,
670 570 765 635 οὓς
807 571 1012 625 οὐδὲτὸ
1060 573 1157 644 τῆς
1201 573 1478 645 θαλάσσης
1524 574 1705 627 ἱκανὸν

130 660 231 712 πᾶν
251 658 396 730 ὕδωρ
429 661 762 734 καθαρίσαι·
799 663 968 729 ἀλλά,
1001 665 1077 729 ὡς
1123 667 1289 730 εἰκὸς,
1328 667 1497 721 πάλαι
1545 667 1704 721 τοῦτο

129 754 293 805 ἐκεῖνο
323 753 385 806 τὸ
420 756 693 827 σωτήριον
738 756 963 829 λουτρὸν
1006 752 1105 829 ἦν,
1141 758 1169 811 ὃ
1213 758 1399 812 εἵπετο
1447 759 1557 831 (2!)
1588 761 1703 823 τοῖς

131 844 617 916 μεταγινώσκουσι,
636 850 729 903 καὶ
764 851 958 921 μηκέτι
989 852 1183 923 αἵμασι
1200 853 1417 924 τράγων
1449 854 1542 907 καὶ
1568 871 1702 925 προ-

128 939 313 1002 ϐάτων,
346 940 393 1010 ἢ,
418 941 605 1012 σποδῷ
646 942 958 1013 δαμάλεως,
992 946 1024 1016 ἢ
1076 946 1411 1016 σεμιδάλεως
1455 965 1699 1019 προσφφ

128 1034 241 1103 ραῖς
271 1030 897 1108 καθαριζομένους(22),
920 1037 1056 1091 ἁλλά
1087 1040 1372 1094 πίστειδιά
1405 1041 1496 1094 τοῦ
1530 1042 1697 1112 αἵμα-

126 1138 203 1184 τος
234 1119 322 1173 τοῦ
354 1122 599 1192 Χριστοῦ
634 1125 727 1177 καὶ
759 1125 850 1178 τοῦ
870 1124 1102 1181 θανάτου
1117 1127 1281 1182 αὐτοῦ
1303 1146 1317 1159 ο
1351 1131 1410 1193 ὃς
1440 1129 1526 1185 διά
1542 1130 1698 1184 τοῦτο

124 1209 413 1273 ἀπέθανεν,
474 1212 557 1277 ὡς
609 1214 770 1278 αὐτὸς
815 1216 1044 1280 Ἡσαΐας
1088 1217 1188 1290 ἔφη
1216 1258 1231 1282 ,
1288 1219 1432 1274 οὕτω
1486 1221 1692 1289 λέγων*

132 1322 149 1351 ι
168 1302 533 1373 ’Δποκαλύψει
567 1305 772 1377 Κύριος
800 1308 892 1361 τὸν
926 1307 1186 1381 βραχίονα
1218 1312 1383 1366 αὐτοῦ
1416 1313 1508 1367 τὸν
1541 1314 1696 1383 ἆγιον

124 1390 340 1445 ἐνώπιον
372 1394 599 1447 πάντων
630 1395 735 1449 τῶν
768 1395 960 1463 ἐθνῶν,
1014 1399 1111 1453 καὶ
1150 1399 1373 1470 ὄψονται
1420 1404 1595 1459 πάντα
1626 1406 1694 1460 τὰ

126 1483 238 1553 ἔθνη
269 1482 379 1555 (25)
412 1486 511 1539 καὶ
545 1486 613 1539 τά
657 1487 803 1560 ἄκρα
848 1489 946 1561 τῆς
989 1492 1093 1562 γῆς
1136 1491 1234 1564 τὴν
1279 1495 1552 1568 σωτηρίαν
1595 1498 1693 1569 τὴν

124 1576 262 1646 παρὰ
292 1576 383 1629 τοῦ
400 1577 567 1631 Θεοῦ.
604 1580 923 1653 Ἀπόστητε,
941 1584 1241 1657 ἀπόστητε,
1263 1587 1537 1660 ἀπόστητε
1555 1589 1688 1660 (24),

1808 585 1867 628 ut
1901 574 1973 628 ibi
2008 577 2209 631 eadem
2247 583 2303 631 et
2352 575 2457 629 alia
2497 582 2720 645 peccata
2754 572 3075 641 ablueretis,
3115 588 3251 643 quos
3284 591 3379 629 cx-

1804 681 2040 736 purgare
2068 683 2137 723 ne
2165 676 2278 722 tota
2301 668 2518 737 quidem
2544 665 2715 721 maris
2738 681 2877 735 aqua
2909 667 3100 721 idonea
3129 667 3218 720 sit.
3248 665 3375 732 Sed,

1805 770 1865 816 ut
1889 777 1989 831 par
2016 770 2124 825 est,
2171 759 2283 829 jam
2318 769 2428 814 tum
2460 760 2636 829 ipsum
2667 758 2797 813 illud
2830 758 3105 813 lavacrum
3137 759 3377 813 salutare

1802 854 2152 925 praedicabat,
2174 853 2319 924 quod
2344 867 2534 908 eorum
2552 860 2658 918 est,
2682 850 2773 921 qui
2794 851 3170 921 paenitentiam
3188 862 3373 922 agunt,

1802 961 1903 1001 nec
1947 945 2060 1014 jam
2105 946 2386 999 hircorum
2414 952 2469 997 et
2508 943 2692 998 ovium
2719 943 2988 1013 sanguine
3041 943 3331 1012 expiantur
3355 982 3371 1006 ,

1800 1047 1895 1091 aut
1922 1037 2106 1092 vitulae
2149 1038 2355 1101 cinere,
2392 1035 2655 1091 similaeve
2686 1034 3051 1090 oblationibus
3075 1075 3090 1099 ,
3141 1035 3241 1088 sed
3266 1035 3375 1089 fide

1798 1144 1897 1199 per
1922 1129 2242 1199 sanguinem
2275 1128 2478 1184 Christi
2510 1137 2567 1182 et
2601 1136 2830 1182 mortem
2866 1126 3004 1197 ejus,
3042 1126 3134 1196 qui
3161 1139 3222 1179 ea
3257 1126 3371 1195 ipsa

1799 1223 1865 1276 de
1888 1237 2050 1277 causa
2075 1231 2323 1275 mortuus
2354 1232 2459 1287 est,
2490 1221 2950 1292 quemadmodum
2980 1221 3057 1274 ait
3087 1219 3255 1275 Isaias
3281 1219 3371 1273 bis

1796 1313 2019 1369 verbis:
2078 1329 2097 1363 ι
2135 1310 2416 1367 Revelahit
2462 1312 2725 1367 Dominus
2777 1312 3061 1366 brachium
3117 1320 3367 1366 sanctum

1795 1420 1950 1460 suum
2010 1405 2062 1459 in
2125 1414 2420 1474 conspectu
2473 1413 2793 1459 cunctarum
2861 1404 3102 1473 gentium
3146 1419 3160 1455 :
3212 1402 3367 1456 video

1793 1497 1930 1551 bunt
1955 1511 2145 1552 omnes
2175 1506 2365 1567 gentes
2390 1506 2447 1551 et
2492 1507 2651 1552 terra:
2685 1499 2817 1552 lines
2867 1497 3097 1572 salutem
3135 1511 3253 1565 qua
3280 1505 3366 1549 est

1792 1604 1824 1643 a
1852 1590 1978 1645 Deo.
2008 1589 2288 1657 Recedite,
2322 1591 2588 1656 recedite,
2638 1590 2903 1654 recedite,
2960 1597 3013 1643 et
3042 1588 3363 1659 egredimini

124 1664 348 1732 ἐξέλθετε
382 1668 621 1735 ἐκεῖθεν,
655 1671 751 1725 καὶ
782 1673 1093 1746 ἀκαθάρτου
1130 1682 1201 1751 μὴ
1250 1678 1461 1751 ἆψησθε
1482 1698 1495 1711 ο
1546 1680 1660 1746 ἐξελ

1818 1682 1918 1737 nde
1959 1692 2016 1738 et
2044 1682 2386 1737 immundqu
2418 1681 2586 1737 nolite
2626 1693 2882 1751 tangere:
2911 1681 3057 1735 exite
3086 1681 3152 1735 de
3181 1681 3360 1735 medio

124 1758 230 1810 θετε
274 1761 335 1811 ἐκ
383 1760 555 1829 μέσου
598 1763 798 1833 αὐτῆς·
848 1765 1182 1839 ἀφορίσθητε
1226 1770 1275 1821 οἱ
1322 1770 1577 1842 φέροντες
1621 1790 1660 1825 τε

1818 1774 1940 1843 jus:
1985 1776 2353 1845 separamiui,
2402 1775 2492 1843 qui
2534 1774 2766 1843 portatis
2793 1789 2921 1828 vasa
2955 1774 3200 1829 Domini:
3232 1776 3359 1843 quia

125 1849 275 1922 σκεύη
306 1853 639 1924 Κυρίου,ὅτι
670 1856 729 1908 οὐ
767 1857 903 1927 μετά
933 1862 1179 1932 ταραχῆς
1211 1862 1510 1935 πορεύεσθε
1546 1864 1657 1935 (25)

1823 1882 1893 1922 ou
1930 1866 1983 1920 in
2027 1865 2255 1919 tumultu
2287 1864 2606 1920 ambulatis.
2637 1864 2911 1918 Praecedet
2941 1865 3083 1919 enim
3118 1874 3245 1918 ante
3270 1863 3355 1917 fa-

124 1942 436 2014 Πορεύσεται
469 1946 584 2017 γάρ
616 1950 722 2018 πρὸ
754 1950 1045 2021 προσώπου
1079 1954 1231 2025 ὑμῶν
1263 1955 1466 2028 Κύριος
1485 1996 1499 2020 ,
1534 1957 1627 2011 καὶ
1656 1982 1660 2002 ‹

1820 1955 1923 2009 iein
1964 1962 2201 2009 vestram
2245 1954 2545 2019 Dominus;
2594 1963 2650 2009 et
2696 1953 2920 2023 colliget
2950 1969 3049 2009 vos
3098 1954 3357 2009 Dominus

123 2034 442 2105 ἐπισυνάγων
474 2038 625 2109 ὑμᾶς
656 2039 859 2111 Κύριος
886 2045 915 2095 ὁ
947 2044 1079 2108 Θεὸς
1123 2046 1361 2118 Ἰσραήλ.
1394 2047 1527 2102 Ἰδοὺ
1562 2066 1660 2102 συν

1818 2053 1929 2101 ieus
1956 2044 2146 2100 Israel.
2172 2045 2318 2101 Ecce
2355 2045 2625 2116 intelliget
2650 2060 2785 2115 puer
2811 2061 2986 2113 meus,
3010 2055 3066 2100 et
3091 2046 3357 2101 exaltabi-

125 2127 229 2197 ήσει
270 2130 297 2180 ό
328 2131 458 2192 παῖς
514 2148 639 2201 μου,
658 2132 753 2186 καὶ
785 2134 1263 2207 ὑψωθήσεται,καὶ
1292 2139 1659 2212 δοξασθήσετα

1818 2154 1872 2191 ur
1897 2147 1953 2192 et
1977 2137 2377 2208 gloriﬁcahitur
2400 2138 2576 2192 valde.
2602 2137 2759 2192 Sicut
2782 2139 3079 2208 stupebunt
3108 2152 3273 2208 super
3306 2146 3357 2190 te

124 2214 323 2288 σφόδρα.
379 2219 478 2271 Ὃν
524 2222 730 2292 τρόπον
793 2226 1148 2297 ἐκστήσονται
1207 2230 1388 2285 πολλοὶ
1445 2234 1539 2287 ἐπὶ
1586 2235 1676 2288 σέο

125 2306 273 2371 οὕτως
303 2307 558 2382 ἀδοξήσει
604 2315 711 2367 ἀπὸ
756 2314 861 2368 τῶν
905 2316 1207 2389 ἀνθρώπιον
1250 2323 1309 2376 τὸ
1338 2319 1477 2388 εἶδος
1521 2326 1676 2398 καὶὴ

123 2401 230 2465 δόξα
259 2419 348 2457 σου
366 2422 380 2434 -
403 2404 551 2460 οὕτω
570 2406 1044 2481 θαυμασθήσονται
1060 2414 1185 2486 ἔθνη
1207 2416 1375 2472 πολλά
1406 2420 1493 2473 ἐπ’
1510 2421 1675 2492 αὐτῷ,

126 2495 206 2547 καὶ
234 2496 507 2563 συνέξουσι
544 2499 782 2569 βασιλεῖς
812 2503 873 2555 τὸ
904 2504 1080 2576 στόμα
1110 2506 1289 2561 αὐτῶν
1309 2526 1321 2539 ⁸
1357 2510 1437 2563 ὅτι
1468 2506 1550 2575 οἷς
1580 2514 1679 2567 οὐκ

126 2587 371 2658 ἀνηγγέλη
405 2591 539 2662 περὶ
573 2592 757 2656 αὐτοῦ,
781 2594 999 2663 ὄψονται
1020 2613 1032 2625 ·
1069 2597 1225 2651 καὶοῖ
1257 2600 1355 2653 οὐκ
1386 2602 1674 2674 ἀκηκόασι,

128 2680 409 2749 συνήσουσι.
444 2681 646 2753 Κύριε,
679 2683 761 2748 τίς
793 2686 1078 2740 ἐπίστευσε
1110 2692 1174 2761 τῇ
1206 2692 1339 2762 ἀκοῇ
1375 2692 1549 2763 ἡμῶν,
1582 2696 1676 2749 καὶ

126 2768 149 2818 ὁ
176 2767 396 2840 βραχίων
428 2773 639 2842 Κυρίου
672 2776 777 2829 τίνι
809 2779 1207 2853 ἀπεκαλύφθη;
1243 2784 1675 2857 Ἀνηγγείλαμεν

128 2860 338 2953 ἐναντίον
367 2862 535 2917 αὐτοῦ
569 2865 644 2929 ὠς
676 2869 916 2935 παιδίον,
950 2871 1025 2936 ὡς
1059 2872 1183 2944 ρίζα
1227 2875 1284 2928 ἐν
1328 2879 1396 2948 γῇ
1444 2877 1669 2953 διψώσῃ.

128 2952 220 3004 Οὐκ
247 2952 385 3007 ἔστιν
415 2953 559 3022 εἶδος
589 2959 761 3031 αὐτῷ,
794 2962 916 3016 οὐδὲ
946 2964 1074 3032 δόξα
1093 2983 1107 2996 ·
1143 2968 1238 3021 καὶ
1269 2967 1481 3040 εἴδομεν
1512 2952 1675 3025 αὐτὸν

130 3045 207 3099 καὶ
233 3047 323 3100 οὐκ
351 3044 495 3119 εἶχεν
530 3048 669 3117 εἶδος
698 3055 817 3108 οὐδὲ
832 3057 1024 3123 κάλλος
1043 3077 1055 3089 ·
1083 3060 1220 3116 ἀλλά
1247 3064 1305 3117 τὸ
1338 3059 1476 3128 εἶδος
1507 3065 1671 3119 αὑτοῦ

128 3137 309 3207 ἄτιμον,
341 3146 435 3198 καὶ
467 3146 722 3201 ἐκλεῖπον
755 3151 906 3223 παρὰ
948 3153 1073 3217 τοὺς
1118 3155 1265 3219 υἱοὺς
1309 3157 1415 3211 τῶν
1464 3158 1673 3231 ἀνθρώ-

130 3246 241 3321 πων.
276 3233 594 3308 Ἀνθρωπος
624 3241 682 3293 ἐν
714 3240 890 3313 πληγῇ
924 3242 1018 3308 ὢν,
1053 3246 1148 3299 καὶ
1178 3248 1333 3312 εἰδὼς
1366 3250 1551 3321 φέρειν
1568 3269 1670 3321 μα-

130 3317 310 3388 λακίαν,
340 3325 419 3379 ὅτι
450 3330 837 3402 ἀπέστραπται
869 3334 927 3387 τὸ
973 3336 1261 3405 πρόσωπον
1307 3317 1470 3395 αὑτοιῖ
1492 3360 1505 3372 ·
1552 3317 1670 3413 ήτι-

132 3412 281 3506 μᾲσθη
310 3417 399 3472 καὶ
428 3420 534 3473 οὐκ
577 3422 849 3497 ἐλογίσθη.
884 3419 1052 3491 Οὗτος
1085 3430 1180 3494 τὰς
1209 3432 1483 3503 ἁμαρτίας
1512 3412 1668 3506 ἡμῶν

133 3504 280 3574 φέρει,
311 3511 401 3563 καὶ¹
432 3513 580 3585 περὶ,
599 3514 755 3585 ήμῶν
787 3517 1067 3573 ὀδυνᾶταιο
1102 3521 1195 3573 καὶ
1226 3525 1388 3593 ἡμεῖς
1421 3504 1669 3594 ἐλογισά-

133 3596 246 3665 μεθα
272 3603 426 3687 αὐτόν
467 3602 611 3659 εἶναι
656 3610 715 3663 ἐν
748 3611 895 3682 πόνῳ
926 3613 1021 3667 καὶ
1052 3616 1110 3668 ἐν
1141 3615 1321 3687 πληγῇ
1356 3618 1450 3671 καὶ⁵
1482 3621 1539 3672 ἐν
1570 3637 1669 3674 κα-

130 3688 293 3781 κώσεισ
323 3686 472 3759 οὗτος
506 3696 690 3767 (26)δέ
721 3702 1126 3776 ἐτραυματίσθη
1148 3706 1235 3759 διὰ
1266 3686 1363 3771 τάς
1394 3709 1666 3781 ἁμαρτίας

129 3780 285 3848 ἡμῶν,
328 3785 417 3839 καὶ
464 3789 873 3859 μμαλὰκισται
915 3793 1003 3847 διὰ
1054 3794 1151 3859 τὰς
1198 3798 1428 3869 ἀνομίας
1478 3780 1660 3871 ἡμῶν·

132 3872 311 3928 παιδεία
342 3880 566 3951 εἰρήνης
596 3882 752 3952 ἡμῶν
784 3885 869 3937 ἐπ’
901 3886 1080 3940 αὐτόν.
1118 3888 1207 3959 Τῷ
1241 3888 1466 3961 μώλωπι
1499 3893 1661 3946 αὑτοῦ

129 3962 261 4030 ἡμεῖς
302 3966 545 4041 ἱάθημεν.
594 3973 801 4037 Πάντες
844 3974 918 4038 ὡς
968 3978 1214 4047 πρόϐατα
1260 3979 1660 4053 ἐπλανήθημεν.

472 4065 499 4079 ο
543 4062 624 4079 08⁸⁸
697 4064 708 4078 ν
786 4064 810 4074 ~

134 4053 407 4145 ᾏνθρωπος
437 4065 504 4133 τῇ
533 4062 634 4133 όδῴ
651 4064 812 4117 αὑτοῦ
848 4065 1124 4140 ἐπλανήθη
1145 4086 1157 4099 ⁸
1187 4070 1279 4123 καὶ⁴
1295 4070 1497 4143 Κύριος
1524 4091 1664 4145 παρ-

129 4141 291 4200 έδωκεν
318 4152 471 4206 αὐτὸν
522 4158 639 4219 ταῖς
688 4157 984 4229 ἁμαρτίαις
1030 4160 1218 4231 ήμῶν,
1252 4163 1346 4216 καὶ
1377 4164 1536 4229 αὐτὸς
1574 4165 1662 4219 διὰ

151 4366 283 4452 ⁹(21)
333 4374 649 4452 ’0.εἵπετξο.
708 4376 840 4452 Cum
890 4377 1023 4452 ferri,
1066 4393 1169 4452 non
1221 4379 1394 4452 possit
1442 4380 1655 4452 vulgata

135 4434 387 4523 Scriptura,
414 4445 695 4523 legendum
730 4449 963 4523 videtur:
1006 4451 1069 4503 Ὃ
1102 4434 1334 4523 eius.le
1362 4454 1473 4515 τοῖς
1498 4434 1662 4522 μέέτάί

133 4516 430 4578 γινώσκουσι,
465 4516 544 4568 sic
570 4518 712 4569 enim
740 4518 901 4579 infra.
935 4534 1084 4573 num.
1114 4520 1197 4573 l4:
1232 4518 1399 4573 Τοῦτο
1434 4516 1609 4576 ἐκεῖνο
1629 4523 1658 4576 ὃ

136 4581 421 4662 προηγόρευε
457 4584 519 4637 τὸ
551 4584 865 4662 ῥάπτισμα,
909 4586 989 4662 τὸῌ
1007 4590 1164 4662 μόνον
1204 4589 1497 4662 καθαρίσαι
1531 4596 1655 4658 τοὺς

137 4599 304 4649 προηγο
365 4603 421 4638 υε
457 4599 519 4637 το
551 4599 865 4656 βαπτισμα,
909 4599 969 4640 το
1007 4599 1164 4658 μόνον
1204 4599 1497 4662 καθαρίσαι
1531 4599 1655 4658 τοὺς

137 4599 519 4777 μετανοὲἓιντας
558 4654 873 4727 δυνάμενον,
898 4658 1058 4712 τοῦτό
1102 4662 1215 4713 ἐστι
1266 4661 1328 4713 τὸ
1370 4662 1512 4734 ὕδωρ
1556 4665 1656 4734 τῆς

137 4734 263 4777 tcum.
332 4737 348 4774 t
391 4743 443 4777 η.
494 4726 587 4777 44.
620 4732 720 4777 sul)
769 4728 963 4777 ﬁnein:
996 4730 1069 4777 Τὸ
1092 4731 1232 4777 ὑπὲρ
1269 4732 1513 4777 ἀφέσεως
1544 4736 1653 4777 τῶν

288 4726 348 4802 bat
391 4743 467 4802 u._
620 4726 720 4802 sub
769 4728 928 4782 linem
950 4730 1069 4802 [Τὸ
1090 4731 1232 4802 ὑπὲρ
1269 4726 1513 4801 ἀφέσεως
1544 4726 1653 4788 τῶν

134 4793 482 4873 ᾲμαρτιῶνλδιά
522 4796 742 4873 ᾚσαῖου
788 4798 1058 4873 κήρυχθέν
1087 4793 1650 4873 λουτρόνξθυδίιηιιιη

135 4857 249 4940 loqui
273 4861 329 4915 de
356 4864 796 4940 Christianorum
834 4857 1161 4935 bap'iisuiate
1194 4857 1534 4925 manifestum
1571 4884 1654 4928 est

134 4942 183 5010 rx
208 4928 519 5010 his_ve_rbis_.
538 4938 631 5010 καὶ
660 4928 857 5009 μὴκέτι
883 4928 1099 5010 αἵμασι,
1136 4955 1237 4996 ηεε
1269 4942 1545 5004 probabile
1570 4954 1653 4999 est

136 5002 321 5077 ClluiAde
344 5002 599 5077 lsraelitis
647 5002 829 5077 agere.

188 5068 279 5164 £322
298 5068 805 5164 ἐφθαρειῖοιέέϊὲυς·
832 5080 958 5164 L338-
973 5079 1454 5164 ,καθαριξεεέγτξιςο

189 5136 281 5227 (33)
303 5136 501 5227 purga
545 5136 616 5227 ig
639 5136 805 5227 ἐθνῄ.
859 5136 1649 5227 Légnupin'iiibiiis’uam

135 5206 359 5295 ἀκραᾷτῆς
394 5215 513 5295 γῆς.
571 5206 856 5295 ΟερρεΙῙιμε
889 5206 1128 5295 Αῇηρῃά.
1185 5224 1254 5276 ad
1304 5223 1439 5279 Crit.

137 5278 601 5366 Βλξῖθνξεξξξίὶξηέι
634 5278 946 5366 appositum.
972 5278 1142 5347 'fuisse
1174 5295 1227 5366 iii
1275 5278 1518 5366 margine
1576 5278 1646 5348 τά

138 5344 253 5435 {ira},
284 5344 339 5435 ut
375 5355 498 5435 illud
529 5344 682 5435 ἄκρα
705 5344 1101 5435 explicaretur,
1116 5344 1185 5435 ac
1196 5344 1645 5435 iustintfm—utra:

137 5430 215 5495 que
238 5428 578 5491 conjunxisse.
607 5428 956 5485 ’l’ronuntiat
994 5434 1240 5488 eruditus
1284 5433 1643 5489 Londinensis

136 5486 275 5571 editor
306 5486 482 5550 (istud
513 5496 641 5571 ἐθντι
677 5514 742 5551 ex
765 5497 960 5571 ,ἰοειίηί
1001 5486 1233 5559 cerebro
1268 5486 1451 5559 ortum
1482 5486 1640 5571 esse,

139 5567 292 5644 {nullo
317 5567 654 5644 remanebant
694 5570 918 5644 vestigia
950 5573 1235 5644 verborum
1269 5574 1516 5644 proxime
1540 5567 1640 5629 an;

140 5629 516 5718 ξςςαξεηιίυιῃ.)
570 5629 1161 5718 Ειιιιίιίεηῖνθτίειειεε
1186 5654 1241 5699 ει
1270 5629 1640 5718 dissensiones

137 5702 495 5785 fflffl_’!{5lini
542 5723 573 5762 ³
604 5702 836 5785 νὶιιειξιθ,
864 5714 1202 5785 septuaginta
1245 5715 1521 5769 seniorum
1556 5715 1638 5770 in-

141 5769 494 5852 ‘Lffpretatiniie,
524 5794 660 5852 qua:
700 5769 940 5836 nimium.
968 5769 1149 5839 inuitae
1191 5796 1356 5847 sunt,
1388 5800 1550 5852 quam
1581 5769 1639 5839 ut

140 5827 205 5889 hic
233 5842 444 5915 singulas
480 5827 1632 5927 bliscrvemus:"eimiri‘plici-

1783 2229 1971 2295 multi,
2018 2230 2098 2285 sic
2139 2230 2373 2301 ingloria
2403 2231 2508 2286 erit
2534 2233 2602 2285 ab
2628 2230 2941 2287 hominibus
2987 2231 3196 2299 species
3224 2270 3241 2295 ,
3298 2240 3356 2286 et

1781 2322 1953 2389 gloria
1987 2329 2099 2375 tua.
2134 2320 2226 2376 Sic
2258 2322 2611 2375 mirabuntur
2654 2329 2843 2391 gentes
2866 2319 3048 2373 multa:
3070 2333 3237 2388 super
3262 2333 3349 2381 eo,

1780 2425 1834 2469 et
1864 2416 2221 2470 continebunt
2248 2430 2406 2485 reges
2436 2430 2497 2468 οε
2529 2428 2719 2478 suum;
2751 2412 2877 2482 quia
2903 2411 3100 2481 quibus
3130 2426 3235 2465 non
3266 2419 3351 2464 est

1780 2508 2163 2563 annuntiatum
2186 2508 2255 2563 de
2280 2523 2367 2573 eo,
2397 2508 2681 2571 videbunt,
2709 2514 2763 2561 et
2785 2505 2877 2575 qui
2903 2521 3011 2561 non
3034 2504 3349 2565 audierunt,

1779 2602 2101 2672 intelligent.
2140 2601 2369 2656 Domine
2399 2640 2415 2666 ,
2443 2601 2567 2670 quis
2603 2598 2835 2655 credidit
2874 2597 3079 2653 auditui
3125 2597 3348 2654 nostro?

1777 2694 1845 2749 Et
1870 2694 2159 2750 brachium
2186 2694 2402 2750 Domini
2428 2694 2515 2750 cui
2550 2692 2849 2749 revelatum
2880 2693 2996 2747 est?
3041 2692 3347 2747 Anuuntia-

1776 2786 1990 2851 vimus,
2020 2787 2177 2857 quasi
2215 2786 2502 2857 parvulum
2558 2785 2613 2839 in
2665 2792 2958 2855 conspectu
3008 2784 3160 2855 ejus:
3207 2783 3346 2837 sicut

1777 2879 1932 2933 radix
1962 2880 2015 2933 in
2050 2888 2195 2933 terra
2229 2877 2461 2933 sitienti.
2500 2876 2617 2931 Non
2649 2886 2734 2932 est
2779 2876 2993 2946 species
3044 2876 3131 2943 ei,
3163 2888 3345 2944 neque

1776 2970 1950 3041 gloria
1977 2987 1992 3023 :
2057 2979 2114 3026 et
2148 2971 2383 3026 vidimus
2414 2984 2571 3025 eum:
2601 2978 2656 3024 et
2681 2984 2787 3024 non
2820 2968 3057 3024 habebat
3086 2966 3345 3037 speciem,

1775 3078 1953 3133 neque
1984 3064 2274 3131 decorem;
2306 3065 2399 3119 sed
2422 3064 2631 3133 species
2657 3063 2774 3134 ejus
2798 3063 3144 3125 inhonorata,
3171 3069 3226 3115 et
3250 3060 3348 3113 de-

1776 3158 1966 3212 licieus
1990 3172 2101 3225 pra:
2132 3156 2258 3211 ﬁliis
2284 3157 2583 3211 hominum.
2620 3155 2795 3210 Homo
2844 3155 2895 3208 iu
2924 3153 3081 3225 plaga
3106 3152 3351 3222 positus,

1773 3261 1827 3304 et
1856 3251 2036 3305 sciens
2066 3249 2211 3305 ferre
2244 3250 2652 3315 inﬁrmitatem;
2683 3249 2811 3319 quia
2846 3261 3037 3301 aversa
3063 3252 3148 3301 est
3172 3244 3345 3299 facies

1773 3346 1913 3413 eius,
1942 3345 2220 3415 despecta,
2246 3354 2301 3399 et
2330 3359 2437 3399 non
2465 3351 2744 3412 reputata.
2770 3341 2880 3396 Iste
2904 3348 3129 3409 peccata
3157 3347 3340 3393 nostra

1771 3442 1973 3505 portat,
2004 3443 2060 3487 et
2088 3448 2185 3503 pro
2216 3433 2373 3489 nobis
2402 3431 2570 3498 dolet,
2597 3438 2651 3485 et
2698 3443 2795 3483 nos
2820 3426 3193 3496 reputavimus
3214 3438 3341 3478 eum

1771 3540 1893 3581 esse
1941 3526 1995 3578 in
2046 3523 2229 3579 labore
2275 3534 2330 3577 et
2382 3523 2435 3575 in
2468 3522 2649 3591 plaga,
2677 3529 2732 3574 et
2762 3520 2814 3573 in
2875 3515 3186 3572 afﬂictione.
3220 3514 3341 3582 Ipse

1770 3629 1951 3673 autem
1977 3615 2294 3669 vulneratus
2317 3623 2401 3669 est
2425 3623 2645 3684 propter
2667 3622 2892 3680 peccata
2923 3616 3112 3662 nostra
3131 3648 3147 3673 ,
3174 3615 3230 3660 et
3254 3607 3340 3658 in-

1772 3709 2019 3762 firmatus
2040 3717 2126 3761 est
2157 3715 2376 3777 propter
2421 3694 2738 3774 iniquitates
2766 3711 3008 3756 nostras.
3036 3700 3337 3769 Disciplina

1769 3801 1922 3872 pacis
1950 3811 2149 3855 nostrae
2186 3814 2347 3869 super
2377 3814 2532 3854 eum:
2565 3798 2735 3851 livore
2764 3794 2881 3864 ejus
2906 3810 3004 3850 nos
3028 3795 3202 3849 sanati
3243 3808 3338 3847 su-

1769 3908 1909 3947 mus.
1943 3891 2144 3949 Omnes
2177 3891 2331 3961 quasi
2386 3905 2515 3945 oves
2562 3889 2906 3944 erravimus:
2965 3887 3129 3941 homo
3164 3886 3217 3940 in
3250 3886 3335 3940 via

1766 4001 1863 4041 sua
1897 3986 2123 4042 erravit.
2147 3983 2213 4038 Et
2241 3983 2503 4037 Dominus
2541 3981 2765 4037 tradidit
2808 3995 2934 4035 eum
2967 3988 3190 4051 propter
3227 3979 3334 4034 ini-

1766 4078 2008 4147 quitales
2038 4088 2288 4132 nostras:
2322 4087 2378 4131 et
2425 4076 2541 4145 ipse
2569 4085 2794 4144 propter
2826 4073 3176 4129 alllictionem
3224 4087 3333 4126 non

1764 4171 1943 4241 aperit
1964 4187 2025 4227 os
2051 4187 2228 4226 suum.
2266 4171 2423 4226 Sicut
2448 4172 2565 4225 ovis
2598 4171 2663 4223 ad
2698 4170 2975 4225 victimam
3006 4170 3199 4222 ductus
3227 4176 3331 4232 est,

1763 4385 1927 4425 causa
1957 4380 2109 4426 ortas
2136 4370 2495 4433 crediderim;
2532 4370 2677 4440 quod
2710 4371 2760 4424 in
2794 4369 2907 4423 suis
2938 4368 3210 4440 interdum
3238 4382 3333 4440 co-

1762 4441 1975 4496 dicibus
2002 4442 2162 4496 aliter
2194 4442 2396 4509 legeret
2422 4457 2487 4495 ac
2520 4437 2679 4494 hodie
2706 4440 2971 4509 legimus;
3005 4437 3149 4509 quod
3177 4438 3331 4490 Scri-

1762 4522 1975 4580 pturam
2008 4526 2149 4580 saepe
2183 4507 2496 4564 memoriter
2525 4507 2780 4574 citaret,'
2807 4509 2945 4580 unde
2977 4510 3027 4561 in
3060 4507 3292 4561 Psalmis
3314 4547 3330 4568 .

1759 4578 1896 4649 quos
1921 4582 1990 4636 oh
2028 4578 2403 4650 quntidianum
2432 4597 2589 4635 usum
2623 4579 2895 4650 memoriae
2934 4578 3231 4650 impressos
3274 4589 3332 4631 et

1757 4648 2059 4717 insculptos
2084 4652 2336 4715 habebat,
2363 4651 2540 4705 minus
2563 4649 2733 4717 multo
2752 4648 3024 4718 discrepat
3050 4664 3079 4701 a
3096 4649 3333 4718 Septua-

1756 4722 1903 4790 ginta
1932 4739 1947 4788 ;
1979 4722 2213 4790 denique
2243 4723 2389 4790 quod
2424 4720 2681 4774 nonnulla
2711 4720 2985 4790 interdum
3016 4719 3327 4784 explicandi

1754 4789 1917 4845 causa
1949 4789 2237 4856 intexe’ret,
2264 4789 2409 4844 velut
2436 4807 2559 4845 cum
2586 4792 2638 4842 in
2669 4789 2822 4858 Apol.
2854 4806 2894 4852 1,
2919 4806 3071 4842 num.
3097 4790 3186 4856 5i,
3213 4792 3329 4843 litec

1755 4862 1921 4915 refert
1948 4878 2013 4917 ex
2052 4860 2269 4915 Psalmo
2297 4876 2457 4916 xxiii:
2506 4880 2524 4913 ι
2551 4860 2745 4915 Tollite
2780 4870 2964 4930 portas
2994 4859 3280 4914 ctelorum.
3305 4880 3323 4911 ι

1751 4931 1915 4987 Forte
1941 4934 2082 4986 idem
2105 4933 2155 4985 ei
2192 4934 2243 4985 in
2273 4934 2375 4987 hoc
2404 4931 2613 5001 Dialogi
2644 4932 2764 4986 loco
2790 4931 3043 5000 contigit.

1822 5001 1934 5073 (24)
1960 5002 2301 5071 Ἀπόστητε.
2332 5001 2422 5056 Bis
2455 5000 2665 5056 tantum
2700 5003 2895 5071 legitur
2932 5004 2984 5055 in
3026 5000 3242 5069 Bibliis,
3271 5012 3331 5056 ut

1749 5074 1857 5143 iam
1902 5073 2054 5127 multi
2082 5074 2531 5143 observaverunt.

1819 5142 1932 5214 (25)
1963 5145 2313 5214 Πορεύεσθε.
2353 5142 2562 5214 Habent
2592 5142 2761 5197 Biblia
2784 5158 2800 5196 :
2825 5142 2946 5214 Ὅτι
2978 5142 3038 5214 οὐ
3064 5142 3200 5214 μετά
3231 5161 3328 5196 τα-

1751 5213 1922 5297 ραχῆς
1957 5212 2331 5297 ἐξελεύσεσθε,
2366 5212 2486 5297 οὐδὲ
2526 5216 2670 5297 {fovi}
2692 5212 3081 5297 'mpsdgsoes‘
3118 5229 3326 5297 προπο-

1747 5282 1999 5356 ρεύσεται
2026 5286 2134 5355 γὰρ
2161 5288 2423 5356 πρότερος
2446 5282 2596 5353 ὑμῶν
2626 5282 2851 5355 Κύριος.
2887 5282 3004 5338 Νοιι
3060 5282 3327 5338 assentior

1746 5356 1960 5408 erudito
1984 5358 2181 5411 euitori
2207 5356 2556 5419 Londinens'i,
2590 5356 2679 5423 qui
2707 5358 2992 5423 legendum
3022 5364 3204 5408 mouet
3229 5368 3327 5404 πο-

1748 5424 2001 5495 ρεύσεσθε
2028 5429 2167 5495 apud
2195 5425 2490 5480 .lustinum.
2514 5427 2710 5495 Aquila
2732 5426 2877 5479 enim
2899 5434 2953 5478 et
2981 5424 3323 5495 Theodotion

1747 5494 1974 5559 habent,
2010 5494 2073 5549 ut
2118 5496 2385 5567 Justinus,
2414 5494 2741 5567 πορεύεσθε,
2770 5494 3058 5567 necaliter
3085 5494 3320 5567 Septua-

1743 5567 1889 5635 ginta
1923 5568 1974 5619 iu
2001 5566 2124 5635 cod.
2154 5564 2263 5623 Jes.
2295 5567 2384 5621 ubi
2413 5562 2643 5635 legitur:
2676 5566 2740 5618 Α.
2776 5564 2838 5618 Θ.
2866 5564 3066 5634 ὁμοίως
3097 5565 3209 5628 τοῖς
3242 5562 3320 5615 0’.

1814 5638 1928 5707 (‘26)
1979 5633 2186 5703 Οὗτος.
2229 5638 2362 5692 Vide
2391 5633 2601 5692 aii—nou
2630 5636 2877 5690 Justinus
2919 5634 3151 5707 fortasse
3179 5650 3321 5707 scri-

1741 5704 1914 5837 gserit
1943 5710 2148 5766 tertius
2172 5750 2186 5776 ,
2242 5708 2422 5776 αὐτός,
2481 5719 2538 5763 ut
2567 5711 2623 5764 in
2648 5707 2837 5762 Bibliis
2860 5715 2915 5761 et
2946 5705 3102 5773 Apol.
3153 5722 3191 5773 ι,
3226 5704 3320 5761 50.

1792 5797 1919 5837 no.

1792 5797 1919 5839 ΤΤΟ.
