3770 6544
372 329 480 386 5435

1296 335 1353 391 S.
1393 334 1658 404 JUSTINI
1701 336 2106 393 PHILOSOPHI
2146 337 2232 391 ET
2273 334 2636 393 MARTYRIS

3531 336 3642 391 501.

373 460 426 505 et
449 450 594 505 sicut
622 468 795 523 agnus
820 468 1004 510 coram
1032 456 1290 513 tondente
1315 466 1517 523 mutus,
1549 460 1629 513 sic
1651 474 1756 513 non
1781 459 1951 528 aperit

2145 456 2495 512 κεκακῶσθαι
2524 457 2625 510 ούκ
2655 455 2861 526 ἀνοίγει
2893 456 2953 510 τὸ
2984 455 3159 527 στόμα
3173 452 3338 508 αὐτοῦ
3358 467 3375 484 ·
3408 451 3647 523 ὠςπρίι-

369 561 433 601 os
466 562 644 601 suum.
672 548 726 603 In
768 548 1072 603 humilitate
1106 564 1206 603 sua
1232 549 1499 618 judicium
1532 551 1648 619 ejus
1675 554 1944 609 sublatum

370 650 472 694 est.
496 639 922 695 Generationem
949 640 1066 709 ejus
1085 642 1210 710 quis
1238 644 1557 698 enarrabit?
1577 645 1711 711 Quia
1744 647 1948 701 tollitur

367 732 439 787 dc
473 743 618 787 terra
646 734 757 787 vita
784 734 919 803 eius.
958 734 1043 789 Ab
1081 735 1458 802 iniquitatibus
1487 738 1666 806 populi
1707 740 1808 792 mei
1843 740 1944 795 du-

371 834 493 879 ctus
518 834 601 880 est
642 826 711 880 ad
742 834 996 881 mortem.
1045 826 1111 879 Et
1138 826 1278 881 dabo
1330 829 1595 897 pessimos
1629 846 1728 898 pro
1761 834 1946 900 sepul-

376 926 497 970 tura
528 916 666 985 ejus,
708 927 763 972 et
805 919 1004 972 divites
1035 934 1132 987 pro
1159 931 1334 976 morte
1388 921 1547 993 114
1598 922 1767 978 illius.
1809 925 1947 990 Quia

373 1010 719 1080 iniquitatem
760 1026 867 1066 non
892 1012 1046 1078 fecit,
1077 1022 1131 1067 et
1162 1028 1268 1069 non
1316 1025 1402 1070 est
1428 1015 1683 1071 inventus
1706 1018 1864 1073 dolus
1896 1020 1947 1073 in

372 1116 467 1156 ore
493 1103 637 1173 ejus:
687 1113 745 1158 et
776 1105 1036 1159 Dominus
1065 1105 1180 1159 vult
1226 1108 1494 1163 mundare
1538 1125 1665 1164 eum
1700 1125 1728 1164 a
1766 1111 1947 1181 plaga.

372 1191 431 1246 Si
466 1194 625 1247 datus
654 1192 821 1249 fuerit
855 1210 953 1264 pro
1003 1206 1261 1263 peccato:
1296 1198 1478 1253 anima
1522 1210 1706 1256 vestra
1748 1204 1951 1258 videbit

374 1298 557 1339 semen
587 1285 911 1356 longaevum.
946 1287 1011 1341 Et
1036 1287 1147 1342 vult
1194 1288 1459 1346 Dominus
1504 1293 1731 1348 auferre
1763 1295 1828 1349 de
1851 1296 1951 1351 do-

372 1375 489 1431 lore
518 1377 755 1431 animam
782 1379 920 1449 ejus,
956 1381 1246 1435 ostendere
1277 1383 1328 1436 ei
1361 1382 1538 1437 lucem
1562 1426 1577 1451 ,
1628 1396 1683 1438 et
1713 1385 1951 1443 formare

372 1471 813 1542 intelligentiam,
841 1474 1151 1543 justilicare
1183 1474 1393 1542 justum
1435 1476 1573 1532 bene
1620 1479 1947 1535 servientem

372 1563 593 1631 multis;
634 1574 690 1621 et
732 1574 955 1637 peccata
989 1577 1176 1622 nostra
1208 1568 1323 1635 ipse
1356 1570 1633 1639 portabit;
1667 1583 1948 1642 propterea

372 1658 493 1726 ipse
521 1658 821 1729 possidebit
851 1658 1087 1724 multos,
1115 1668 1170 1713 et
1213 1658 1442 1717 fortium
1490 1663 1699 1719 dividet
1731 1666 1900 1735 spolia
1932 1682 1948 1721 :

2050 549 2210 603 ϐατον
2242 551 2321 613 εἰς
2355 547 2569 619 σφαγὴν
2599 545 2765 617 ἤχθη,
2799 545 2913 599 καὶ.
2938 546 3014 608 ὼς
3060 545 3231 615 ἀμνὸς
3264 540 3513 595 ἐναντίον
3543 538 3641 592 τοῦ

2050 640 2321 712 κείροντος
2352 639 2586 708 ἄφωνος,
2620 636 2791 701 οὕτως
2806 637 2905 690 οὐκ
2921 635 3127 703 ἀνοίγει
3158 634 3219 687 τὺ
3250 634 3429 703 στόμα
3446 630 3641 683 αὐτοῦ.

2050 734 2139 787 Ἐν
2169 737 2233 804 τῇ
2266 730 2591 786 ταπεινώσει
2623 728 2783 784 αὑτοῦ
2818 730 2853 800 ἡ
2882 729 3061 802 κρίσις
3074 726 3236 782 αὑτοῦ
3257 724 3421 797 ἤρθη.
3442 723 3556 793 Τὴν
3584 721 3646 772 δὲ

2048 826 2241 894 γενεὰν
2256 824 2415 878 αὑτοῦ
2434 824 2514 887 τίς
2529 824 2847 895 διηγήσεται
2866 839 2881 887 ;
2917 822 3037 874 ’Ότι
3051 819 3266 892 αἴρεται
3282 818 3389 872 ἀπὸ
3406 816 3509 886 τῆς
3531 814 3644 881 γῆς

2048 922 2081 990 ἡ
2117 917 2228 989 ζωὴ
2260 916 2444 972 αὑτοῦ.
2479 916 2614 969 Ἀπὸ
2646 915 2750 969 τῶν
2770 915 3007 985 ἀνομιῶν
3030 912 3120 966 τοῦ
3149 911 3277 966 λαοῦ
3295 910 3644 983 μουῆκειείς

2050 1012 2296 1066 θάνατον.
2332 1011 2442 1064 Καὶ
2472 1010 2628 1064 δώσω
2657 1009 2785 1073 τοὺς
2826 1009 3095 1080 πονηροὺς
3140 1007 3263 1061 ἀντὶ
3310 1005 3409 1075 τῆς
3457 1003 3646 1073 ταφῆς

2049 1104 2234 1169 αὑτοῦ,
2269 1104 2364 1157 καὶ
2407 1105 2533 1167 τοὺς
2576 1104 2862 1167 πλουσίους
2893 1102 3014 1157 ἀντὶ
3044 1100 3135 1154 τοῦ
3170 1099 3397 1153 Θανάτου
3432 1095 3606 1152 αὑτοῦ
3627 1112 3642 1125 ·

2049 1197 2131 1249 ὃτι
2162 1198 2392 1268 ἀνομίαν
2424 1196 2524 1249 οὐκ
2557 1196 2780 1265 ἐποίησε
2802 1234 2817 1258 ,
2865 1193 2961 1247 καὶ
2992 1192 3089 1263 οὐχ
3132 1191 3333 1264 εὑρέθη
3378 1190 3535 1252 δόλος
3584 1190 3648 1240 ἐν

2050 1290 2127 1361 τῷ
2160 1290 2386 1361 στόματι
2418 1287 2603 1343 αὐτοῦ.
2641 1289 2753 1342 Καὶ
2785 1286 2992 1357 Κύριος
3038 1284 3287 1355 βούλεται
3334 1282 3646 1355 καθαρίσαι

2050 1382 2212 1436 αὑτὸν
2243 1382 2341 1451 τῆς
2375 1380 2609 1452 πληγῆς.
2646 1379 2773 1433 Ἐὰν
2804 1379 2971 1433 δῶται
3005 1379 3115 1448 (‘27)
3151 1378 3280 1448 περὶ
3310 1377 3409 1446 τῆς
3455 1376 3650 1446 ἁμαρ-

2050 1474 2191 1537 τίας,
2226 1473 2259 1543 ή
2291 1472 2436 1543 ψυχὴ
2468 1470 2622 1542 ὑμῶν
2652 1470 2843 1540 ὄψεται
2890 1471 3111 1543 σπέρμα
3160 1467 3481 1540 μακρόᾶον.
3529 1466 3649 1519 Καὶ

2052 1564 2303 1636 βούλεται
2336 1564 2540 1636 Κύριος
2572 1563 2794 1633 ἀφελεῖν
2826 1563 2935 1617 ἀπὸ
2967 1561 3059 1616 τοῦ
3106 1562 3269 1615 πόνου
3314 1560 3415 1630 τῆς
3460 1559 3649 1629 ψυχῆς

2050 1655 2236 1719 αὑτοῦ,
2269 1655 2441 1721 δεῖξαι
2473 1655 2624 1727 αύτῴ
2658 1654 2794 1725 φῶς,
2829 1654 2925 1708 καὶ
2958 1653 3160 1709 πλάσαι
3191 1656 3258 1723 τῇ
3292 1650 3535 1713 συνέσει,
3566 1649 3649 1701 δι-

377 1763 473 1817 pro
504 1764 570 1805 eo
594 1750 739 1820 quod
771 1749 969 1805 tradita
1008 1760 1096 1805 est
1135 1751 1202 1807 ad
1236 1763 1471 1808 mortem
1513 1756 1695 1810 anima
1728 1757 1868 1827 ejus,
1896 1768 1951 1812 et

2118 1748 2287 1803 ιιῶσαι
2331 1748 2539 1803 δίκαιον
2586 1744 2646 1803 εὖ
2705 1746 3025 1801 δουλεύοντα
3071 1745 3304 1809 πολλοῖς.
3366 1743 3485 1797 Καὶ
3545 1744 3645 1805 τὰς

375 1843 431 1896 in
478 1842 681 1913 iniquis
714 1852 997 1913 reputatus
1027 1854 1143 1909 est,
1173 1854 1227 1898 et
1263 1847 1375 1916 ipse
1404 1859 1623 1918 peccata
1657 1850 1947 1906 multorum

2118 1841 2324 1913 ιαρτίας
2355 1840 2515 1912 ἡμῶν
2546 1840 2710 1903 αὐτὸς
2743 1838 2947 1893 ἀνοίσει
2967 1855 2979 1869 ·
3015 1838 3105 1892 διὰ
3137 1835 3294 1891 τοῦτο
3324 1835 3494 1897 αὐτὸς
3512 1834 3649 1903 κλη-

375 1936 539 1999 tulit,
592 1946 648 1992 et
683 1948 906 2008 propter
948 1939 1265 2011 iniquitates
1308 1956 1508 1996 eorum
1561 1943 1798 1998 traditus
1841 1956 1945 2001 est.

375 2028 585 2085 Lmtare
617 2031 843 2098 sterilis,
878 2047 999 2096 quae
1032 2017 1138 2089 non
1168 2013 1350 2104 paris';
1394 2049 1643 2104 erumpe,
1667 2045 1721 2091 et
1750 2037 1947 2105 clama,

374 2136 497 2190 qua
536 2137 640 2176 non
672 2122 944 2190 parturis;
974 2123 1099 2193 quia
1138 2123 1290 2178 mulli
1339 2123 1433 2178 filii
1474 2125 1741 2193 desertae,
1787 2142 1949 2195 quant

374 2210 493 2279 ejus
522 2226 644 2281 quae
674 2212 836 2267 habet
860 2214 1060 2269 virum.
1092 2214 1243 2269 Dixit
1271 2216 1416 2272 enim
1447 2217 1742 2274 Dominus:
1776 2219 1950 2275 Dilata

374 2302 554 2359 locum
574 2305 909 2361 tabernaculi
929 2307 1006 2361 tui
1021 2317 1075 2360 et
1103 2310 1462 2366 tentoriorum
1484 2320 1722 2378 tuorum;
1744 2312 1864 2380 fige.
1883 2328 1951 2367 ne

374 2411 588 2466 parcas,
635 2402 900 2468 protende
932 2399 1205 2458 l'uniculos
1234 2412 1391 2467 tuos;
1420 2413 1475 2459 et
1501 2405 1655 2471 palos
1688 2414 1808 2460 tuos
1825 2421 1954 2460 con-

374 2486 552 2555 torta;
590 2505 619 2544 a
652 2492 863 2547 dextris
905 2502 963 2548 et
993 2495 1235 2550 sinistris
1265 2496 1455 2550 dilata.
1485 2496 1552 2552 Et
1582 2513 1768 2553 semen
1798 2508 1950 2555 tuum

376 2581 685 2650 possidebit
715 2594 948 2653 gentes:
996 2595 1053 2640 et
1111 2589 1369 2644 civitates
1408 2590 1659 2647 desertas
1705 2593 1954 2651 habitare

374 2672 564 2730 facies.
608 2673 725 2731 Noli
762 2678 973 2746 timere,
1009 2681 1135 2750 quia
1180 2682 1406 2738 confusa
1451 2700 1546 2750 es,
1592 2701 1770 2757 neque
1813 2703 1949 2743 con-

373 2768 640 2835 fundaris,
673 2772 799 2840 quia
831 2774 1221 2842 exprobratum
1275 2776 1371 2833 tibi
1395 2789 1502 2835 est.
1551 2778 1945 2836 Confusionem

375 2860 519 2915 enim
548 2872 813 2917 aeternam
837 2864 1217 2935 Oblivisceris;
1258 2878 1321 2922 et
1353 2871 1638 2941 Opprobrii
1676 2873 1954 2927 viduitatis

377 2963 486 3009 tute
544 2970 758 3010 memor
805 2972 911 3012 non
957 2959 1069 3015 eris
1102 2960 1287 3028 ultra;
1345 2964 1474 3034 quia
1504 2964 1771 3021 Dominus
1823 2966 1953 3022 fecit

378 3061 575 3103 nomen
610 3048 738 3112 sibi,
777 3058 830 3103 et
862 3051 955 3119 qui
986 3054 1134 3106 eruit
1164 3062 1237 3120 te,
1270 3055 1385 3122 ipse
1425 3055 1570 3111 Deus
1597 3055 1763 3113 Israel
1804 3058 1952 3113 omni

2054 1935 2342 2007 ρονομήσει
2374 1934 2623 1999 πολλοὺς,
2658 1934 2755 1988 καὶ
2786 1932 2894 1986 τῶν
2929 1930 3165 2004 ἰσχυρῶν
3213 1931 3393 2002 μεριεῖ
3441 1927 3643 1989 σκύλα,

2051 2027 2169 2082 ἀνθ’
2202 2020 2277 2081 ὧν
2307 2025 2581 2099 παρεδόθη
2615 2029 2695 2090 είς
2728 2025 2955 2081 θάνατον
2986 2027 3020 2097 ἡ
3053 2021 3199 2094 ψυχὴ
3230 2020 3396 2075 αὑτοῦ
3422 2038 3437 2052 ο
3475 2018 3574 2073 καὶ
3590 2020 3649 2070 ὲν

2051 2126 2162 2186 τοῖς
2193 2123 2415 2192 ἀνόμοις
2446 2120 2699 2193 ἐλογίσθη
2721 2162 2735 2184 ,
2770 2121 2866 2176 καὶ
2896 2120 3059 2182 αὐτὸς
3103 2116 3381 2189 ἁμαρτίας
3432 2113 3648 2167 πολλῶν

2051 2218 2353 2288 ἀνήνεγκε,
2400 2215 2495 2268 καὶ
2538 2215 2625 2269 διὰ
2676 2215 2775 2278 τὰς
2820 2212 3054 2285 ἀνομίας
3099 2210 3276 2266 αὐτῶν
3338 2208 3643 2281 παρεδόθη.

2052 2307 2421 2381 Εὐφράνθητι,
2442 2310 2633 2379 στεῖρα
2661 2308 2695 2378 ἡ
2726 2308 2785 2360 ού
2817 2307 3094 2369 τίκτουσα,
3117 2303 3275 2375 ῥῆξον
3290 2302 3388 2356 καὶ
3423 2302 3645 2373 βόησον,

2052 2400 2218 2469 ἡούκ
2261 2397 2555 2452 ὠδίνουσα·
2605 2397 2688 2451 ὅτι
2733 2397 2904 2451 πολλά
2959 2397 3027 2451 τά
3072 2396 3240 2449 τέκνα
3285 2396 3385 2466 τῆς
3431 2397 3648 2465 ἐρήμου

2057 2487 2255 2558 μᾶλλον
2287 2487 2320 2559 ἢ
2353 2488 2450 2559 τῆς
2481 2487 2709 2560 ἐχούσης
2741 2488 2831 2541 τὸν
2863 2486 3053 2559 ἄνδρα.
3087 2483 3225 2540 Εἷπε
3256 2486 3371 2559 γὰρ
3404 2485 3644 2555 Κύριοςυ

2054 2580 2325 2635 Πλάτυνον
2355 2580 2445 2633 τὸν
2476 2579 2639 2633 τόπον
2670 2579 2769 2649 τῆς
2801 2580 3003 2651 σκηνῆς
3036 2595 3130 2631 σου
3164 2577 3259 2631 καὶ
3304 2576 3416 2630 τῶν
3448 2576 3646 2651 αὐλαί-

2053 2691 2127 2728 ων
2183 2671 2295 2744 (28)
2330 2688 2456 2725 σου·
2491 2671 2681 2743 πῆξον,
2719 2671 2792 2744 μὴ
2825 2670 2988 2745 φείσῃ
3011 2713 3026 2737 ,
3064 2670 3339 2743 μάκρυνον
3385 2670 3453 2723 τὰ
3501 2687 3649 2741 σχοι-

2053 2767 2290 2839 νίσματά
2320 2784 2412 2821 σου
2434 2808 2447 2833 ,
2482 2767 2576 2821 καὶ
2620 2767 2747 2830 τοὺς
2778 2765 3089 2829 πασσάλους
3136 2781 3230 2817 σου
3276 2763 3644 2835 κατίσχυσονο

2054 2861 2134 2921 είς
2166 2859 2236 2920 τὰ
2264 2858 2414 2923 δεξιά
2446 2859 2541 2913 καὶ
2573 2861 2656 2923 εἰς
2687 2858 2755 2911 τά
2787 2856 3054 2929 ἀριστερά
3087 2854 3424 2919 ὲκπέτασον,
3458 2854 3555 2907 καὶ
3584 2853 3648 2907 τὸ

2056 2951 2277 3023 σπέρμα
2309 2968 2404 3005 σου
2438 2949 2564 3021 ἔθνη
2597 2949 2997 3022 κληρονομήσει
3017 2989 3033 3014 ,
3065 2948 3162 3001 καὶ
3195 2946 3383 3010 πόλεις
3414 2947 3650 3018 ἠρημω-

2060 3042 2227 3113 μένας
2259 3045 2571 3105 κατοικιεῖς.
2606 3041 2699 3112 Μὴ
2732 3040 2920 3112 φοϐοῦ,
2954 3041 3035 3094 ὅτι
3066 3038 3473 3111 κατησχύνθης,
3511 3037 3649 3110 μηδὲ

376 3147 538 3195 terra:
564 3142 879 3197 vocabitur.
912 3143 1197 3215 Tanquam
1226 3148 1511 3206 mulierem
1554 3150 1874 3206 derelictam
1899 3160 1951 3207 et

2118 3135 2450 3207 τραπῇς,ὅτι
2481 3133 2831 3206 ὼνειδίσθης·
2858 3134 2941 3187 ὅτι
2972 3131 3234 3204 αἰσχύνην
3268 3130 3490 3185 αίώνιον
3521 3132 3650 3183 ἐπι-

376 3231 782 3299 pusillanimem
808 3238 1031 3293 vocavit
1074 3249 1129 3295 te
1151 3239 1436 3310 Dominus,
1479 3244 1638 3312 quasi
1669 3246 1952 3302 mulierem

378 3323 448 3378 ab
477 3324 843 3382 adolescentia
895 3330 1023 3386 odio
1046 3330 1289 3387 habitam
1319 3336 1388 3389 η.
1432 3354 1451 3388 ι

2059 3227 2219 3302 λήσῃ,
2253 3229 2349 3282 καὶ
2379 3227 2580 3292 ὄνειδος
2611 3228 2708 3299 τῆς
2738 3226 2967 3300 χηρείας
3000 3242 3093 3278 σου
3125 3225 3184 3278 ού
3222 3222 3533 3296 μνησθήσξγ
3564 3224 3651 3275 ὅτι

2061 3320 2265 3393 Κύριος
2296 3321 2554 3392 ἐποίησεν
2583 3319 2754 3390 ὄνομα
2788 3317 2967 3389 ἑαυτῷ
2999 3317 3243 3389 (29),καὶ
3273 3317 3302 3370 ὁ
3335 3315 3650 3387 ρυσάμενός

378 3432 438 3509 σε
470 3418 632 3483 αὐτὸς
661 3420 794 3485 Θεὸς
826 3422 1041 3497 Ἰσραὴλ
1072 3428 1219 3500 πάσῃ
1249 3433 1316 3501 τῇ
1349 3434 1418 3502 γῇ
1467 3431 1817 3505 κληθήσεται.
1865 3436 1952 3501 Ὠς
2004 3441 2236 3505 γυναῖκα
2300 3438 2411 3509 (50)
2444 3436 2949 3509 καταλελειμμένην
2993 3436 3087 3491 καὶ
3151 3434 3510 3505 ὀλιγόψυχον,
3556 3432 3654 3486 κέ-

376 3508 545 3581 κληκὲ
580 3529 638 3566 σε
670 3517 698 3567 ὁ
729 3515 950 3588 Κύριος,
966 3520 1041 3584 ὡς
1073 3526 1304 3589 γυναῖκα
1337 3528 1401 3579 ὲκ
1431 3527 1681 3597 νεότητος
1717 3533 2123 3605 μεμισημένην.
2167 3553 2185 3584 ι

449 3607 538 3662 Η.
568 3608 794 3665 Iustitia
833 3631 935 3669 non
970 3616 1026 3669 in
1058 3619 1245 3674 ritibus
1266 3621 1507 3689 judaicis
1530 3627 1725 3694 posita.
1777 3630 1867 3680 scd
1894 3629 1949 3680 in

379 3702 715 3757 conversione
737 3707 911 3761 cordis
932 3725 1025 3777 per
1039 3708 1309 3766 Christum
1336 3714 1390 3768 in
1422 3715 1677 3785 baptismo
1701 3718 1844 3773 data.
1881 3750 1954 3760 —

379 3788 569 3863 haque
600 3810 697 3862 per
724 3796 1005 3855 lavacrum
1029 3803 1368 3871 paenitentia:
1398 3817 1449 3861 et
1478 3809 1807 3877 cognitionis
1834 3811 1955 3877 Dei,

380 3887 523 3952 quod
553 3903 653 3956 pro
695 3894 944 3959 peccatis
981 3895 1305 3963 populorum
1360 3897 1456 3953 Dei
1494 3900 1805 3956 institutum
1847 3913 1950 3969 est,

382 3990 442 4031 ιιι
465 3979 665 4035 clamat
686 3982 876 4051 Isaias,
903 4002 1001 4042 nos
1022 3990 1384 4044 credidimus:
1411 4000 1465 4046 et
1486 4002 1755 4048 testamur
1779 3996 1953 4065 ipsum

381 4071 513 4127 illud
561 4076 631 4128 ab
659 4089 725 4130 eo
754 4081 1180 4144 prtenuntiatnm
1226 4083 1523 4152 baptisma,
1566 4087 1711 4157 quod
1769 4089 1948 4145 solum

379 4164 710 4233 pmnitentes
733 4168 954 4238 expiare
978 4179 1182 4239 potest.
1217 4172 1359 4229 hanc
1388 4188 1510 4229 esse
1560 4192 1765 4244 aquam
1808 4179 1951 4235 vitae.

381 4254 531 4323 Quas
558 4265 739 4313 autem
775 4259 928 4314 vobis
968 4260 1184 4318 {odistis
1233 4263 1529 4331 cisternas,
1567 4282 1651 4322 ρξε’
1676 4270 1951 4336 contritae,

380 4364 446 4406 ac
471 4352 622 4407 vobis
652 4367 879 4423 prorsus
911 4355 1156 4410 inutiles.
1182 4355 1315 4424 Quae
1362 4359 1507 4414 enim
1561 4361 1777 4416 utilitas
1809 4362 1958 4419 illius

2130 3628 2216 3683 M.
2253 3627 2352 3682 Διά
2397 3627 2488 3681 τοῦ
2535 3627 2759 3699 λουτροῦ
2806 3622 2898 3683 οὖν
2942 3627 3040 3697 τῆς
3088 3627 3375 3697 μετανοίας
3420 3625 3519 3678 καὶ
3554 3625 3651 3693 τῆς

2055 3722 2307 3792 γνώσεως
2337 3722 2427 3777 τοῦ
2443 3722 2595 3787 Θεοῦ,
2617 3723 2645 3776 ὃ
2675 3723 2816 3794 ὑπὲρ
2830 3723 2926 3793 τῆς
2958 3721 3185 3792 ἀνομίας
3230 3718 3338 3773 τῶν
3369 3718 3518 3773 λαῶν
3554 3716 3646 3770 τοῦ

2054 3812 2190 3867 Θεοῦ
2220 3813 2460 3884 γέγονεν,
2485 3813 2560 3877 ὡς
2603 3813 2828 3876 Ἦσαῖας
2862 3812 2993 3883 βοᾷ,
3028 3813 3187 3883 ἡμεῖς
3219 3810 3651 3880 ἐπιστεύσαμεν,

2059 3906 2154 3959 καὶ
2185 3905 2523 3976 γνωρίζομεν
2554 3906 2633 3958 ὅτι
2665 3904 2806 3959 τοῦτ’
2829 3907 3006 3957 ἐκεῖνο
3036 3903 3064 3956 ὃ
3097 3901 3440 3975 προηγόρευε
3470 3900 3534 3953 τὺ
3558 3901 3649 3970 βά-

2062 3997 2368 4069 πτισμα,τδ
2402 3997 2562 4068 μόνον
2594 3996 2889 4069 καθαρίσαι
2922 3996 3048 4060 τοὺς
3083 3994 3522 4066 μετανοήσαντας
3553 3992 3647 4044 δυ-

2059 4091 2310 4163 νάμενον,
2343 4090 2499 4145 τοῦτό
2531 4093 2645 4144 ἐστι
2677 4091 2737 4144 τὸ
2769 4090 2912 4161 ὕδωρ
2943 4090 3041 4161 τῆς
3073 4087 3236 4159 ζωῆς.
3272 4086 3377 4150 Οὓς
3408 4086 3466 4138 δὲ
3484 4086 3646 4156 ὑμεῖς

2063 4182 2309 4256 ὠρύξατε
2340 4182 2573 4246 λάκκους
2606 4183 2851 4245 ἑαυτοῖς,
2901 4178 3349 4253 συντετριμμένοι
3394 4176 3504 4230 εἰσὶ
3551 4177 3646 4230 καὶ⁵

2061 4276 2211 4330 οὐδὲν
2243 4276 2373 4346 ύμῖν
2404 4275 2681 4348 χρήσιμοι.
2717 4274 2781 4326 Τί
2812 4274 2923 4346 γὰρ
2955 4272 3147 4343 ὄφελος
3179 4271 3387 4325 ἐκείνου
3421 4270 3515 4324 τοῦ
3553 4270 3647 4341 βα-

2066 4367 2431 4440 πτίσματος,ὂ
2462 4366 2560 4439 τὴν
2595 4367 2774 4439 σάρκα
2805 4366 2900 4420 καὶ
2935 4366 3094 4437 μόνον
3124 4366 3185 4420 τὸ
3218 4364 3379 4437 σῶμα
3412 4363 3641 4436 φαιδρύ-

379 4440 665 4510 baptismi,
695 4459 763 4499 ex
814 4461 923 4515 quo
952 4461 1093 4502 caro
1132 4463 1197 4502 ac
1247 4449 1420 4504 solum
1455 4467 1656 4522 corpus
1702 4452 1951 4522 splende-

2124 4477 2176 4525 t;
2210 4457 2553 4529 Βαπτίσθητε
2585 4457 2682 4529 τὴν
2711 4457 2888 4528 ψυχὴν
2921 4459 3028 4511 ἀπὸ
3042 4458 3211 4530 ὀργῆς
3227 4456 3322 4510 καὶ
3353 4456 3462 4509 ἀπὸ
3481 4454 3641 4509 πλεο-

382 4533 539 4603 seat?
571 4534 891 4606 Baptizetur
916 4539 1099 4594 anima
1131 4552 1311 4595 vestra
1338 4542 1405 4597 ab
1430 4542 1717 4598 iracundia
1750 4554 1805 4599 et
1834 4560 1959 4599 ava-

381 4626 532 4689 ritia,
566 4626 634 4681 ab
666 4630 869 4685 invidia
898 4642 953 4687 et
978 4631 1135 4698 odio;
1160 4642 1216 4688 et
1244 4649 1373 4689 ecce
1396 4650 1596 4703 corpus
1632 4652 1827 4705 purum
1854 4649 1959 4693 est.

385 4715 533 4770 Hanc
557 4718 700 4771 enim
730 4720 931 4776 habent
958 4738 1127 4792 panes
1154 4724 1333 4795 azymi
1366 4726 1845 4797 significationem,
1885 4737 1945 4782 ut

2060 4550 2261 4616 νεξίας,
2294 4551 2401 4606 ἀπὸ
2433 4549 2650 4620 φθόνου,
2683 4550 2791 4605 ἀπὸ
2826 4549 3015 4620 μίσους
3035 4566 3047 4579 ·
3096 4550 3188 4602 καὶ
3236 4547 3342 4601 ἰδοὺ
3374 4548 3436 4601 τὸ
3482 4547 3642 4617 σῶμα

2064 4641 2302 4713 καθαρόν
2334 4643 2467 4695 ἐστι.
2487 4640 2657 4695 Τοῦτο
2686 4642 2794 4712 γάρ
2826 4641 2943 4692 ἐστι
2976 4640 3035 4692 τὸ
3069 4638 3339 4710 σύμϐολον
3370 4637 3479 4691 τῶν
3509 4638 3643 4702 ἀζύ-

2069 4751 2203 4805 μων,
2221 4734 2307 4787 ἴνα
2335 4734 2409 4805 μὴ
2432 4734 2499 4788 τά
2530 4733 2736 4788 παλαιά
2761 4735 2857 4806 τῆς
2890 4734 3065 4805 κακῆς
3091 4732 3269 4805 ζύμης
3300 4732 3437 4805 ἔργα
3470 4732 3644 4804 πράτ-

385 4821 455 4861 ne
486 4820 665 4864 vetera
697 4813 823 4866 mali
852 4812 1105 4870 fermenli
1132 4832 1296 4886 opera
1325 4820 1619 4887 peragatis.
1642 4817 1755 4874 Vos
1780 4830 1951 4876 autem

2118 4843 2212 4896 λτε.
2273 4826 2463 4896 Ὑμεῖς
2511 4825 2568 4879 δὲ
2613 4825 2789 4879 πάντα
2847 4824 3127 4897 σαρκικῶς
3173 4826 3500 4896 νενοήκατε,
3549 4825 3641 4877 καὶ

455 4971 502 5004 ⁸⁹
538 4971 641 5029 lsa.
677 4991 776 5043 ut,
811 4977 898 5045 lO,
920 4991 1090 5051 usque
1115 4982 1180 5036 ad
1210 4979 1403 5049 linem,
1432 4998 1525 5037 Llll
1554 4998 1648 5053 per
1667 4993 1859 5049 totum,
1894 5001 2003 5053 LIV,
2037 4988 2153 5045 1-6.

387 5211 401 5223 ⁹
460 5136 574 5207 (‘27)
602 5137 737 5220 Ἐάν
766 5137 988 5223 δῷται..
1014 5141 1106 5223 Sic
1150 5145 1312 5198 etiam
1341 5144 1400 5223 in_
1438 5142 1593 5223 Apol.
1639 5161 1678 5210 ι,
1721 5146 1809 5199 5i:
1866 5149 1961 5223 sed
2072 5150 2346 5223 Thirlbius
2376 5154 2521 5208 hanc
2554 5152 2842 5206 lectionem
2877 5153 3138 5217 defendit,
3166 5165 3222 5209 et
3267 5170 3390 5209 cum
3423 5153 3640 5210 Jnstino

386 5211 443 5265 'rn
518 5210 749 5278 mror’lue
802 5210 920 5265 loco
976 5212 1177 5267 habent
1230 5215 1401 5268 nostri
1453 5210 1667 5271 codices
1710 5233 1838 5272 mss.
1868 5218 1963 5271 ἐὰν

387 5279 776 5359 δῷτεηηυοάιε
901 5280 1182 5359 Stephano
1228 5284 1573 5340 immutatum
1599 5285 1720 5355 fuit,
1755 5289 1959 5359 rejeela

388 5354 456 5407 ad
483 5351 687 5403 calcem
724 5352 956 5405 lectione
992 5352 1237 5407 codicum
1291 5370 1425 5409 mss.

459 5420 583 5496 (28)-
607 5419 732 5475 Τῶν
758 5423 1047 5496 adluitur.
1075 5420 1240 5478 Habet
1274 5438 1500 5495 uterque
1530 5428 1698 5483 codex
1726 5428 1959 5496 αὐλέων,

389 5493 483 5546 εει]
519 5493 586 5545 ad
620 5493 915 5559 marginem
947 5493 1144 5561 legitur
1170 5504 1224 5548 et
1254 5498 1320 5549 ad
1367 5493 1571 5553 calcem
1608 5501 1861 5554 editionis
1888 5493 1953 5553 R.

392 5562 653 5629 Stephani
679 5562 951 5640 ⁵αύλαίων⁸
987 5580 1078 5640 σοι)
1116 5565 1357 5640 σφίγξον,
1384 5570 1479 5640 μή.
1532 5568 1742 5622 Habent
1790 5572 1952 5624 etiam

389 5632 753 5710 ontnes__edi_ti
784 5635 951 5710 nostri
986 5632 1415 5710 mttig’oépst};
1447 5632 1563 5692 ’τῶν
1599 5639 1803 5693 αὐλέων
1835 5657 1953 5694 σου.

388 5701 727 5779 Atquejllud
756 5706 995 5773 quidem,
1025 5704 1149 5779 ﬁt;
1185 5701 1380 5778 δέρείς,
1405 5710 1695 5779 Cappellus
1729 5726 1761 5765 e
1807 5727 1950 5765 mar-

390 5772 518 5841 gine
571 5772 626 5827 in
679 5772 887 5851 textum
935 5792 965 5831 a
1016 5772 1556 5836 Justino'ind’uctum
1626 5789 1809 5852 putat;
1855 5783 1950 5839 sed
2002 5859 2022 5868 δ

2069 5222 2261 5295 Isaiam
2290 5224 2548 5295 Curterii,
2582 5223 2997 5295 Hieronymum,
3031 5236 3083 5279 et
3124 5226 3315 5279 Aldina
3367 5234 3422 5279 et
3474 5226 3637 5279 Com-

2068 5293 2338 5361 plutensia
2388 5292 2561 5347 Biblia
2594 5292 3152 5350 monet'consentire.
3186 5295 3291 5351 Sed
3334 5306 3514 5349 tamen
3538 5296 3637 5351 has

2065 5377 2228 5418 voces
2260 5365 2519 5435 expunxi.
2548 5365 2672 5432 quia
2702 5362 2901 5435 desunt
2934 5367 2989 5419 in
3016 5381 3151 5421 mss.
3184 5367 3465 5421 codicibus
3487 5406 3501 5428 ,
3537 5382 3636 5420 nec

2066 5435 2204 5487 satis
2230 5434 2422 5502 graves
2447 5435 2703 5488 videntur
2732 5434 2899 5488 fuisse
2932 5451 3133 5503 causae,
3156 5452 3257 5492 cur
3286 5452 3379 5492 eas
3422 5436 3491 5491 Β.
3519 5436 3636 5490 Ste—

2063 5506 2278 5573 phanus
2318 5506 2370 5559 in
2401 5515 2715 5559 contextum
2768 5506 3052 5574 reciperet.

2131 5574 2245 5643 (29)
2268 5577 2480 5644 Κύριος
2501 5575 2790 5642 ἐποίησεν
2826 5574 3013 5645 ὄνομα
3041 5575 3251 5642 ἐαυτῷ.
3284 5576 3481 5631 Biblia:
3523 5576 3631 5630 Kti-

2060 5661 2181 5719 ριος
2200 5648 2232 5719 ο
2263 5647 2432 5719 ποιῶν
2465 5663 2544 5707 σε,
2570 5645 2779 5719 ξίύριος
2812 5646 3034 5719 Σαϐαὼθ
3070 5648 3240 5719 ὄνομα
3268 5646 3434 5714 αύτῷ.

2153 5716 2241 5785 50)
2288 5718 2383 5784 Ὡς
2413 5715 2683 5789 γυναῖκα
2710 5716 2880 5773 Btblia
2904 5734 2916 5769 :
2948 5715 3547 5788 Ούχὼς’γυναῖκα-ούδ⁹
3562 5719 3633 5783 ὡς

2058 5790 2312 5856 τυναῖκα.
3570 5812 3571 5815 ‘
