3760 6514
410 356 516 411 I107

1329 360 1391 416 S.
1426 355 1687 415 JUSTlNI
1720 351 2125 411 PHILOSOPHI
2160 349 2245 406 ET
2289 346 2649 404 MARTYRIS

3546 347 3643 403 508

412 476 579 548 lgitur
625 474 718 531 Dei
743 475 1005 544 jejunium
1036 474 1228 531 discite
1267 477 1586 541 observare,
1614 474 1957 544 quemadmo‘

2163 467 2462 541 νηστεύειν,
2483 466 2558 531 ὡς
2586 463 2809 529 Ἡσαΐας
2834 463 3024 537 φησὶν,
3062 463 3152 517 ἵνα
3181 462 3259 534 τῷ
3305 461 3428 533 Θεῷ
3469 464 3648 535 εὐαρε-

410 572 539 623 dum
571 569 648 623 ait
687 567 877 634 lsaias,
908 578 968 622 ut
996 570 1106 624 Deo
1149 568 1433 645 placeatis.
1475 570 1553 622 Ita
1583 576 1761 621 autem
1788 565 1971 619 excla-

410 671 525 714 mat
568 660 774 714 Isaias:
810 680 829 712 ι
872 658 1054 713 Clama
1099 660 1150 713 in
1197 659 1534 723 fortitudine,
1559 668 1612 711 et
1641 672 1707 710 ne
1737 671 1969 725 parcas;

408 751 562 821 quasi
592 751 717 805 tuba
757 752 934 805 exalta
981 766 1167 806 vocem
1203 760 1369 815 tuam,
1401 759 1456 803 et
1500 749 1756 803 annuntia
1787 749 1971 817 generi

407 858 530 897 meo
572 851 790 911 peccata
832 857 1041 908 eorum,
1068 854 1118 897 et
1148 843 1327 896 domui
1350 840 1511 896 Jacob
1546 841 1859 911 iniquitates
1881 854 1973 893 eo-

408 949 548 989 rum.
575 934 659 988 Mc
686 933 753 988 de
776 934 862 988 die
887 934 938 987 in
963 934 1103 988 diem
1134 941 1409 1003 qumrunt,
1434 942 1487 987 et
1514 933 1657 986 scire
1682 930 1795 985 vias
1824 945 1971 985 meas

406 1026 614 1090 volunt,
643 1027 797 1095 quasi
844 1042 1000 1095 gens,
1034 1042 1152 1095 quae
1188 1026 1452 1095 justitiam
1488 1026 1699 1091 fecerit,
1730 1034 1784 1080 et
1827 1024 1972 1097 judi-

406 1121 549 1173 cium
578 1119 667 1174 Dei
696 1135 802 1173 non
829 1120 1197 1189 dereliquerit.
1222 1118 1419 1174 Petunt
1439 1134 1524 1173 me
1547 1133 1690 1172 nunc
1708 1118 1968 1187 judicium

401 1210 628 1280 justum,
670 1221 724 1266 et
763 1213 1198 1281 appropinquare
1242 1212 1352 1265 Deo
1378 1212 1621 1281 cupiunt,
1666 1210 1908 1264 dicentes
1952 1228 1965 1264 :

404 1303 583 1379 Quare
619 1302 990 1370 jejunavimus
1037 1311 1092 1357 et
1139 1317 1245 1356 non
1300 1302 1528 1356 vidisti?
1559 1299 1969 1356 Humiliaviu‘ius

402 1393 616 1447 animas
648 1402 885 1456 nostras,
919 1403 971 1446 et
1005 1408 1109 1449 non
1144 1392 1483 1462 cognovisti?
1514 1393 1571 1447 In
1606 1392 1794 1447 diebus
1824 1393 1968 1447 enim

398 1484 725 1553 jejuniornm
773 1494 1077 1539 vestrorum
1122 1484 1375 1539 invenitis
1401 1484 1704 1539 voluntates
1742 1492 1968 1548 vestras,

397 1584 460 1630 et
496 1592 684 1632 omnes
713 1576 983 1644 subjectos
1011 1577 1165 1631 vobis
1205 1578 1410 1632 caeditis
1442 1596 1455 1631 :
1487 1592 1614 1632 ecce
1661 1577 1727 1630 ad
1765 1576 1887 1631 lites
1916 1585 1970 1630 et

397 1667 579 1737 jurgia
618 1666 872 1735 jejunatis
910 1675 964 1720 ct
1007 1668 1292 1737 percutitis
1340 1669 1536 1738 pugnis
1575 1667 1862 1732 humilem;
1911 1674 1970 1721 ut

401 1760 530 1829 quid
561 1760 691 1813 mihi
711 1760 993 1827 jejunatis,
1020 1768 1078 1813 ut
1100 1760 1281 1825 hodie,
1303 1770 1361 1813 nt
1382 1762 1629 1815 audiatur
1656 1761 1707 1815 in
1732 1760 1967 1815 clamore

2074 564 2253 635 στῆτε.
2290 561 2543 631 Κέκραγε
2571 559 2627 611 δὲ
2663 557 2888 619 Ἡσαΐας
2920 556 3111 621 οὕτως’
3154 575 3172 607 ι
3216 556 3546 627 Ἀναῦόησον
3590 561 3647 610 ὲν

2075 651 2235 723 ἰσχύϊ,
2267 651 2361 705 καὶ
2397 650 2471 722 μὴ
2505 649 2683 722 φείσῃ’
2714 648 2789 713 ὡς
2838 647 3095 715 σάλπιγγι
3135 646 3350 716 ὖψωσον
3395 646 3495 718 τὴν
3540 665 3649 716 φω-

2070 746 2168 816 νὴν
2202 761 2293 797 σου
2316 783 2331 807 ,
2367 742 2461 796 καὶ
2492 741 2809 809 ἀνάγγειλον
2855 739 2930 810 τῷ
2973 740 3119 808 γένει
3152 757 3251 810 μου
3286 738 3354 793 τά
3399 741 3648 811 ἀμαρτὴ-

2074 855 2215 908 ματα
2246 836 2444 899 αὐτῶν,
2481 834 2575 889 καὶ
2593 833 2667 905 τῷ
2702 835 2842 904 οἴκῳ
2862 832 3058 887 Ἰακὼὸ
3080 833 3177 897 τὰς
3199 833 3430 903 ἀνομίας
3452 832 3645 887 αὐτῶν.

2070 928 2203 999 Ἐμὲ
2247 928 2459 999 ἡμέραν
2511 926 2568 993 ἐξ
2615 926 2829 998 ἡμέρας
2874 924 3127 995 ζητοῦσι,
3163 924 3259 978 καὶ
3300 924 3508 993 γνῶναι
3551 926 3647 989 τάς

2069 1018 2220 1084 ὁδούς
2257 1036 2358 1090 μου
2393 1016 2745 1088 ἐπιθυμοῦσιν
2778 1016 2852 1080 ὡς
2880 1015 3005 1078 λαὸς
3042 1013 3389 1085 δικαιοσύνην
3424 1030 3648 1085 πεποιη-

2069 1107 2200 1174 κὼς,
2236 1109 2330 1163 καὶ
2360 1108 2541 1179 κρίσιν
2574 1108 2706 1161 Θεοῦ
2753 1108 2852 1160 οὐκ
2897 1105 3389 1174 ὲγκαταλελοιπώς.
3428 1104 3647 1159 Δίτοῦσί

2071 1218 2138 1272 με
2176 1200 2270 1254 νῦν
2303 1201 2484 1273 κρίσιν
2514 1200 2749 1263 δικαίαν,
2786 1199 2880 1253 καὶ
2915 1198 3152 1267 ἐγγίζειν
3185 1196 3303 1267 Θεῷ
3352 1195 3649 1267 ἐπιθυμοῦ-

2069 1307 2155 1355 σι,
2190 1290 2469 1359 λέγοντες,
2506 1289 2569 1343 Τί
2602 1290 2683 1342 ὅτι
2728 1287 3148 1359 ὲνηστεύσαμεν,
3184 1286 3278 1339 καὶ
3325 1286 3427 1339 οὐκ
3462 1281 3600 1350 εἶδες
3628 1302 3644 1350 ;

2068 1381 2502 1452 ὲταπεινώσαμεν
2534 1380 2634 1443 τὰς
2665 1380 2840 1450 ψυχὰς
2871 1380 3046 1450 ἡμῶν,
3083 1379 3175 1431 καὶ
3207 1377 3307 1433 οὐκ
3327 1376 3501 1444 ἔγνως
3521 1392 3536 1440 ;
3559 1376 3648 1427 Ἐν

2067 1474 2175 1544 γάρ
2203 1476 2321 1538 ταῖς
2352 1473 2583 1544 ἡμέραις
2614 1471 2721 1526 τῶν
2762 1469 3019 1542 νηστειῶν
3053 1468 3205 1540 ὑμῶν
3258 1467 3546 1539 εὑρίσκετε
3580 1467 3647 1520 τά

2068 1568 2346 1638 θελήματα
2380 1566 2557 1637 ὑμῶν,
2591 1565 2687 1619 καὶ
2720 1565 2927 1629 πάντας
2959 1566 3083 1627 τοὺς
3119 1563 3467 1633 ὑποχειρίους
3496 1564 3646 1635 ὑμῶν

2066 1658 2413 1712 ὑπονύσσετε.
2463 1658 2594 1711 Ἰδοὺ
2629 1658 2709 1721 είς
2745 1657 2954 1728 κρίσεις
2998 1656 3107 1727 (58)
3156 1656 3250 1708 καὶ
3309 1656 3492 1725 μάχας
3555 1674 3648 1727 νη-

2067 1747 2304 1812 στεύετε,
2340 1747 2434 1800 καὶ
2467 1744 2696 1799 τύπτετε
2724 1747 2968 1815 πυγμαῖς
3002 1745 3272 1797 ταπεινόν.
3309 1746 3431 1798 Ἵνα
3464 1744 3517 1797 τί
3557 1763 3646 1816 μοι

401 1864 506 1905 vox
525 1859 702 1905 vestra
719 1850 868 1905 ‘iNon
888 1851 988 1905 hoc
1002 1851 1265 1921 jejunium
1288 1850 1443 1921 elegi,
1461 1852 1587 1904 utin
1613 1852 1699 1906 die
1722 1852 1957 1906 humiliel

2138 1837 2375 1901 στεύετε,
2409 1836 2486 1902 ὡς
2527 1838 2795 1908 σήμερον,
2830 1834 3156 1905 ἀκουσθῆναι
3204 1837 3262 1889 ὲν
3295 1837 3517 1907 κραυγῇ

400 1941 563 1996 homo
589 1943 823 1996 animam
862 1958 1035 1998 suam.
1068 1942 1274 2012 Neque,
1306 1943 1349 1996 si
1380 1944 1776 2009 incurvaveris,
1809 1945 1964 2015 quasi

400 2033 688 2097 circulum,
724 2035 917 2089 collum
951 2044 1122 2098 tuum,
1152 2044 1205 2088 et
1231 2050 1447 2090 saccum
1477 2044 1530 2090 et
1556 2037 1789 2091 cinerem
1831 2038 1962 2091 sub-

399 2126 702 2192 straveris;
738 2142 834 2181 nec
868 2128 945 2181 sic
969 2126 1231 2182 vocabitis
1257 2126 1524 2197 jejunium
1555 2139 1608 2183 et
1638 2130 1779 2184 diem
1812 2145 1965 2185 accc-

399 2227 548 2287 plum
599 2218 843 2273 Domino.
880 2219 994 2274 Non
1036 2221 1143 2275 tale
1186 2220 1452 2291 jejunium
1497 2222 1658 2291 elegi,
1695 2222 1821 2277 dicit
1852 2222 1962 2277 Do-

294 2372 297 2375 ,
342 2330 351 2355 ε
380 2309 599 2365 minus.
640 2310 745 2365 Sed
788 2313 938 2366 solve
967 2328 1184 2367 omnem
1216 2313 1592 2383 colligatorum
1623 2316 1958 2384 iniquitatis;

320 2416 355 2475 ,λ
397 2399 637 2456 dissolve
689 2402 1047 2472 oliligationes
1112 2404 1472 2459 violentorum
1539 2415 1957 2470 contractuum;

398 2492 608 2546 dimitte
640 2492 845 2548 fractos
876 2496 929 2548 in
977 2497 1368 2563 remissionem,
1400 2507 1454 2552 et
1490 2512 1707 2553 omnem
1739 2514 1963 2569 syngra-

399 2582 560 2651 pham
618 2584 859 2653 iniquam
902 2587 1431 2657 discerpe.,Frange
1478 2590 1734 2644 esurienti
1768 2605 1959 2660 panem

398 2686 568 2736 tuum,
589 2685 643 2730 et
670 2691 937 2746 pauperes
962 2679 1079 2734 sine
1106 2688 1251 2736 tecto
1276 2681 1438 2736 induc
1464 2682 1515 2734 in
1544 2683 1760 2736 domum
1788 2691 1955 2747 tuam;
2022 2726 2029 2735 .

396 2768 443 2821 si
476 2767 675 2822 videris
708 2771 931 2835 nudum,
963 2773 1145 2839 operi;
1177 2782 1231 2826 et
1258 2773 1586 2828 domesticos
1622 2776 1849 2829 seminis
1884 2777 1957 2829 tni
1982 2780 1995 2849 γ’

398 2872 465 2911 ne
512 2858 844 2929 despexeris.
894 2858 1047 2916 Tunc
1095 2874 1343 2933 erumpet
1403 2867 1721 2919 matutinum
1777 2871 1956 2923 lumen
1986 2852 2035 2945 ’κη

400 2960 571 3013 tuum,
623 2960 678 3004 et
728 2952 1052 3008 vestimenta
1100 2965 1190 3008 tua
1235 2956 1342 3010 cito
1388 2957 1652 3025 orientur,
1701 2959 1861 3030 116
1905 2970 1959 3014 et

400 3041 613 3109 praaibit
650 3044 701 3095 in
733 3054 1022 3110 conspectu
1064 3054 1156 3100 tuo
1179 3046 1391 3115 justitia
1426 3057 1535 3115 tua,
1568 3061 1621 3104 et
1655 3051 1826 3119 gloria
1862 3051 1956 3105 Dei

397 3132 760 3187 circumdabit
791 3145 862 3189 te.
890 3135 1024 3190 Tum
1053 3136 1336 3203 clamabis,
1360 3148 1416 3192 et
1445 3139 1584 3194 Deus
1608 3142 1857 3197 exaudiet
1884 3152 1954 3207 te;

2068 1930 2248 1999 φωνὴν
2278 1928 2462 1999 inpii»);
2496 1928 2568 1982 Ού
2603 1927 2805 1997 ταύτην
2836 1926 2934 1997 τὴν
2964 1926 3217 1996 νηστείαν
3251 1925 3365 1995 ἐγὼ
3402 1926 3647 1991 ἐξελεξά-

2069 2038 2193 2091 μην,
2228 2018 2323 2073 καὶ
2345 2020 2556 2091 ἡμέραν
2578 2017 2862 2073 ταπεινοῦν
2892 2018 3174 2088 ἄνθρωπον
3212 2017 3310 2088 τὴν
3344 2018 3529 2089 ψυχὴν
3560 2019 3649 2071 αύο

2063 2112 2173 2164 τοῦ.
2211 2112 2329 2165 Οὐδ’
2363 2111 2432 2166 ἂν
2475 2111 2695 2185 κάμψῃς
2738 2110 2812 2174 ὡς
2859 2111 3048 2182 κρίκον
3096 2110 3187 2163 τὺν
3220 2110 3499 2182 τράχηλόν
3532 2127 3645 2175 σου,

2064 2205 2157 2258 καὶ
2183 2204 2380 2257 σάκκον
2405 2203 2501 2257 καὶ
2523 2204 2714 2256 σποδὸν
2743 2202 3097 2273 ὑποστρώσῃς
3115 2242 3128 2267 ,
3166 2202 3276 2255 οὐδ’
3316 2202 3462 2256 οὕτω
3496 2203 3647 2256 καλέρ

2064 2312 2184 2348 σετε
2233 2293 2485 2365 νηστείαν
2517 2294 2611 2347 καὶ
2661 2292 2872 2364 ἡμέραν
2908 2292 3015 2363 (59)
3056 2293 3256 2364 δεκτήν
3306 2292 3387 2363 τῷ
3435 2293 3643 2365 Κυρίῳ.

2063 2387 2197 2457 Ούχὶ
2226 2386 2477 2456 τοιαύτην
2520 2386 2770 2469 νηστείαν
2807 2383 2918 2454 ἐγὼ
2955 2384 3309 2456 ἐξελεξάμην,
3349 2385 3499 2453 λέγει
3537 2385 3647 2436 Κύ-

2066 2495 2177 2547 ριος
2204 2494 2217 2504 ·
2251 2476 2405 2553 ἀλλάῗ
2422 2476 2553 2553 λῦε
2580 2476 2765 2551 πάντα
2792 2474 3113 2547 σύνδεσμον
3146 2476 3377 2553 ,ἀδικίας
3403 2516 3418 2540 ,
3466 2474 3645 2529 διάλυε

2063 2550 2441 2644 στραγγαλιᾶξ
2458 2550 2663 2637 βιαίων
2694 2566 3171 2637 συναλλαγμάτων,
3208 2550 3514 2619 ¹ἀπόστελλε
3554 2582 3644 2617 τε·-

2063 2661 2435 2732 θραυσμένους
2484 2662 2540 2713 ὲν
2582 2660 2795 2728 ἀφέσει,
2836 2659 2931 2713 καὶ
2965 2660 3145 2713 πᾶσαν
3174 2659 3501 2730 συγγραφὴν
3529 2659 3644 2713 ἄδι-

2062 2771 2155 2806 κον
2181 2753 2399 2807 διάσπα.
2446 2752 2745 2824 Διάθρυπτε
2790 2751 3043 2805 πεινῶντι
3080 2752 3169 2805 τὸν
3196 2752 3363 2823 ἄρτον
3400 2768 3516 2817 σου,
3549 2750 3647 2804 καὶ⁵

2060 2848 2306 2917 πτωχοὺς
2338 2847 2598 2923 ἀστέγους
2630 2844 2901 2917 εἰσάγαγε
2934 2846 3023 2921 είς
3055 2845 3165 2919 τὸν
3188 2840 3340 2923 οἶκόν
3379 2862 3497 2897 σου·
3547 2843 3646 2897 ἐὰν

2040 2938 2177 3011 ’κίδῃς
2221 2930 2444 3008 γυμνὸν,
2472 2928 2803 3008 έπερίὸαλλε,
2850 2936 2944 2989 καὶ
2978 2936 3083 2989 ἀπὸ
3130 2934 3236 2987 τῶν
3283 2935 3503 2988 οἰκείων
3550 2934 3649 2986 τοῦ

2061 3030 2370 3101 σπέρματός
2388 3046 2480 3082 σου
2503 3029 2601 3099 οὐχ
2621 3028 2902 3099 ὑπερόψει.
2925 3028 3058 3079 Τότε
3079 3027 3649 3099 ραγὴσεταιπρώῐμον

2062 3122 2121 3175 τὸ
2154 3121 2267 3190 φῶς
2290 3138 2406 3185 σου,
2439 3120 2533 3173 καὶ
2565 3119 2630 3173 τά
2668 3120 2856 3191 ἱμάτιά
2898 3119 3005 3189 (40)
3043 3136 3137 3172 σου
3170 3121 3308 3189 ταχὺ
3361 3120 3647 3173 ἀνατελεί*

400 3221 576 3277 adhuc
603 3223 857 3293 loquente
886 3234 937 3281 te
970 3228 1110 3283 dicet
1136 3246 1151 3283 :
1183 3228 1322 3285 Ecce
1344 3232 1557 3286 adsum.
1590 3234 1647 3287 Si
1676 3235 1957 3291 abstuleris

2136 3214 2158 3264 l.
2193 3212 2621 3285 προπορεύσεται
2654 3212 2961 3283 ἔμπροσθέν
2994 3228 3087 3264 σου
3111 3213 3144 3281 ἡ
3177 3211 3496 3283 δικαιοσύνη
3524 3230 3644 3279 σου,

399 3331 431 3367 a
463 3324 515 3369 te
543 3317 967 3387 colligationem,
1002 3329 1056 3375 et
1089 3336 1343 3377 manuum
1375 3325 1874 3394 complicationem,
1907 3335 1973 3385 et'

397 3408 623 3463 verbum
655 3413 1120 3479 murmuratiouis,
1151 3423 1205 3469 et
1236 3415 1446 3471 dederis
1477 3419 1737 3473 esurienti
1767 3435 1959 3489 panem

397 3517 464 3555 ex
496 3504 673 3556 anima
719 3514 835 3571 tua,
871 3514 927 3559 et
968 3506 1203 3561 animam
1239 3510 1575 3564 humiliatam
1606 3514 1957 3579 saturaveris,

398 3604 526 3649 tunc
574 3597 781 3651 orietur
812 3598 864 3651 in
915 3598 1154 3653 tenebris
1191 3602 1373 3656 lumen
1420 3612 1590 3669 tuum,
1632 3615 1686 3659 et
1733 3606 1961 3661 tenebrae

397 3697 501 3741 tua:
530 3698 691 3742 erunt
717 3689 859 3743 sicut
885 3692 1178 3756 ,meridies,
1208 3703 1262 3746 et
1301 3694 1406 3748 erit
1435 3696 1578 3751 Deus
1621 3705 1743 3752 tuus
1784 3706 1957 3753 tecum

398 3793 635 3855 semper,
668 3789 725 3835 et
769 3780 1106 3851 impleberis,
1135 3784 1280 3837 sicut
1317 3785 1591 3841 desiderat
1618 3791 1796 3843 anima
1837 3802 1958 3858 tua;

362 3948 363 3951 η
395 3881 451 3925 et
473 3887 593 3925 ossa
629 3881 715 3926 tua
748 3874 1119 3942 piuguescent,
1154 3885 1209 3930 et
1234 3889 1392 3931 erunt
1417 3888 1472 3932 ut
1499 3880 1689 3934 hortus
1718 3880 1961 3937 inebria-

398 3974 506 4027 tus,
551 3975 606 4018 et
631 3964 753 4019 fons
788 3967 965 4032 undae,
1016 3976 1112 4021 aut
1162 3978 1307 4023 terra
1347 3973 1432 4025 cui
1482 3988 1636 4041 aqua:
1679 3990 1781 4027 non
1822 3974 1960 4028 deii-

395 4058 548 4110 ciuut
573 4057 641 4111 ⁶¹.
692 4076 712 4110 ι
758 4059 1237 4115 Circumcidamini
1284 4062 1449 4131 igitur
1493 4066 1751 4131 praeputio
1786 4068 1964 4121 cordis

396 4150 583 4216 vestri,
600 4151 1053 4220 quemadmodum
1079 4151 1271 4208 divinae
1289 4152 1581 4222 Scriptura:
1605 4154 1689 4209 his
1712 4157 1962 4213 omnibus

395 4242 574 4298 verbis
597 4243 890 4313 postulant.

467 4512 510 4547 “
547 4509 652 4565 lsa.
692 4527 845 4572 Lvm.
880 4512 1021 4566 1-H.

2062 3307 2155 3358 καὶ
2184 3308 2215 3377 ἡ
2248 3306 2371 3370 δόξα
2393 3304 2483 3357 τοῦ
2520 3305 2651 3357 Θεοῦ
2692 3303 2995 3375 περιστελεί
3011 3320 3089 3356 σε.
3111 3304 3245 3356 Τότε
3268 3304 3465 3377 βοὴσῃ,
3494 3304 3587 3358 καὶ
3615 3308 3643 3357 ό

2061 3399 2191 3461 Θεὸς
2226 3397 2600 3452 είσακούσεταί
2634 3414 2746 3450 σου·
2784 3397 2862 3449 ἔτι
2895 3395 3179 3461 λαλοῦντός
3210 3413 3328 3459 σου,
3355 3399 3492 3468 ἐρεῖ·
3510 3397 3647 3449 Ἰδοὺ

2062 3492 2310 3562 πάρειμι.
2338 3490 2463 3544 Ἐἀν
2495 3490 2551 3544 δὲ
2578 3490 2780 3562 ἀφέλῃς
2812 3490 2920 3543 ἀπὸ
2954 3488 3047 3541 σοῦ
3084 3488 3383 3558 σύνδεσμον
3418 3490 3511 3542 καὶ
3538 3506 3650 3559 χει-

2065 3584 2303 3655 ροτονίαν
2324 3623 2337 3647 ,
2377 3582 2471 3634 καὶ
2510 3582 2657 3652 ῥῆμα
2689 3580 2999 3651 γογγυσμοῦ
3025 3620 3041 3645 ,
3076 3580 3169 3634 καὶ
3202 3580 3359 3652 διδῷς
3388 3582 3646 3636 πεινῶντι

2060 3677 2150 3729 τὸν
2188 3674 2349 3746 ἄρτον
2384 3691 2476 3726 σου
2512 3675 2573 3725 ὲκ
2599 3672 2796 3744 ψυχῆς,
2833 3673 2927 3726 καί¹
2955 3672 3128 3745 ψυχὴν
3162 3675 3643 3746 τεταπεινωμένην

2062 3769 2347 3840 ὲμπλήσῃς
2367 3809 2381 3833 ,
2415 3767 2533 3820 τότε
2566 3767 2810 3820 ἀνα-τελεῖ
2842 3767 2898 3819 ἐν
2927 3766 3004 3837 τῷ
3053 3767 3230 3819 σκότει
3264 3768 3325 3820 τὸ
3370 3768 3487 3838 φῶς
3524 3784 3641 3829 σου,

2064 3860 2158 3914 καὶ
2178 3861 2237 3913 τὸ
2271 3860 2459 3923 σκότος
2481 3876 2573 3911 σου
2607 3858 2682 3921 ὡς
2713 3857 3059 3929 μεσημϐρία,
3099 3859 3193 3911 καὶ
3236 3859 3393 3912 ἔσται
3442 3861 3471 3911 ό
3507 3858 3643 3922 Θεός

2063 3968 2155 4005 σου
2192 3950 2327 4022 μετὰ
2360 3950 2452 4004 σοῦ
2480 3950 2786 4013 διαπαντὸς,
2818 3949 2911 4002 καὶ
2944 3948 3304 4021 ὲμπλησθὴσῃ
3339 3950 3485 4004 καθά
3524 3953 3645 4003 ἐπι-

2063 4044 2225 4114 θυμεῖ
2254 4045 2298 4113 ζὴ
2343 4043 2487 4115 ψυχή
2538 4062 2662 4110 σου,
2705 4045 2798 4098 καὶ
2830 4044 2897 4098 τὰ
2929 4045 3062 4096 ὀστᾶ
3095 4060 3188 4095 σου
3222 4043 3640 4115 πιανθὴσονται,

2063 4135 2156 4189 καὶ
2188 4135 2338 4187 ἔσται
2365 4135 2439 4200 ὡς
2472 4138 2642 4207 κῆπος
2674 4136 2902 4207 μεθύων,
2938 4135 3032 4187 κα)⁵
3065 4135 3214 4206 πηγὴ
3248 4134 3466 4199 ὓδατος,
3502 4137 3534 4207 ἡ
3565 4135 3641 4205 γῆ

2063 4222 2213 4301 ᾖξμὴ
2249 4225 2491 4291 ἐξέλιπεν
2524 4227 2686 4299 ὕδωρ.
2726 4247 2743 4279 ι
2780 4226 3148 4299 Περιτέμεσθε
3198 4222 3294 4279 οὖν
3322 4226 3424 4297 τὴν
3476 4229 3643 4300 ἀκρο-

2064 4320 2285 4372 ϐυστίαν
2315 4321 2410 4391 τῆς
2441 4320 2665 4391 καρδίας
2692 4319 2866 4390 ὑμῶν,
2897 4319 2971 4382 ὡς
2993 4319 3042 4370 οί
3075 4316 3225 4386 λόγοι
3253 4317 3348 4371 τοῦ
3373 4318 3509 4371 Θεοῦ
3530 4319 3637 4390 (Μ)

2062 4411 2147 4465 διὰ
2178 4412 2393 4466 πάντων
2426 4412 2627 4467 τούτων
2658 4411 2964 4478 τῶνλόγων
2998 4409 3229 4475 ἀξιοῦσι.

466 4669 577 4747 (58)
617 4668 770 4747 Ἰδοὺ
791 4672 897 4747 εἰς
929 4672 1178 4747 κρίσεις.
1209 4673 1298 4728 Sic
1338 4673 1503 4727 etiam
1543 4682 1651 4747 tres
1690 4675 1949 4742 interpre-

2140 4675 2239 4739 ης
2273 4675 2410 4729 infra
2447 4691 2595 4729 num.
2644 4676 2765 4742 H6,
2799 4686 3024 4745 peccata
3056 4687 3107 4731 et
3138 4694 3343 4747 pravas
3390 4694 3636 4739 actiones

396 4749 498 4814 tes.
547 4741 758 4814 Aquila,
791 4740 1128 4814 Theodotiou
1181 4755 1236 4797 et
1285 4745 1664 4814 Symmachus,
1694 4753 1747 4799 et
1776 4740 1947 4799 codex

396 4810 817 4885 hle§andriuus,
866 4820 917 4885 et
978 4813 1142 4885 edit_io
1192 4810 1384 4867 Aldina
1434 4826 1490 4868 et
1538 4814 1955 4885 Complutensis.

399 4878 583 4958 LXIZKA;
617 4882 664 4958 εί
698 4882 776 4958 εἰς
811 4881 1382 4958 κρίσειςηετιιιιιιιιῑιυε.

470 4949 582 5023 (ᾇ9)
607 4950 715 5023 Καὶ
742 4949 983 5023 ᾐμέξοαν.
1010 4952 1133 5006 Πειιο
1159 4956 1347 5008 desunt
1373 4954 1511 5023 apud
1542 4954 1707 5008 LXX.

470 5019 583 5089 (40)
635 5019 874 5089 Ἰμάτιαζ
908 5026 998 5078 Sic
1047 5024 1248 5077 habent
1302 5019 1517 5079 codices
1568 5040 1698 5078 mss.
1743 5022 1847 5077 Sed
1890 5024 1957 5077 R.

398 5091 706 5164 Stephanus
730 5097 906 5162 posuit
940 5096 1162 5164 ἰάματα,
1195 5107 1339 5149 recte
1379 5096 1430 5148 id
1463 5095 1679 5163 quidem
1711 5106 1766 5147 et
1794 5110 1957 5148 accuo

400 5170 537 5235 rate,
564 5162 613 5235 si
640 5176 765 5217 vera
792 5162 1085 5235 Scriptura:
1105 5173 1160 5217 et
1182 5181 1435 5233 germana
1465 5162 1623 5218 lectio
1646 5175 1952 5235 quaeratur;

399 5233 493 5285 sed
526 5234 571 5285 si
602 5233 703 5286 hoc
732 5233 1105 5289 tantummodo
1132 5235 1582 5289 considerandum
1615 5234 1770 5287 nobis
1808 5235 1955 5303 judi-

399 5317 607 5374 cemus,
642 5307 916 5371 Quomodo
946 5306 1195 5360 Justinus
1237 5305 1451 5374 legerit,
1475 5305 1648 5374 cnrgei
1676 5318 1958 5357 vereamur

400 5372 663 5441 ejusmodi
702 5377 988 5431 lectionem
1026 5372 1346 5439 attribuere,
1377 5389 1537 5443 quam
1568 5372 1955 5440 Tertullianus,

400 5446 728 5513 Cyprianus,
764 5446 1083 5500 Ambrosius
1119 5454 1173 5496 et
1215 5447 1547 5514 Augustinus
1590 5445 1760 5497 secuti
1810 5455 1958 5509 sunt,

404 5524 462 5564 ut
488 5517 793 5570 observavit
821 5515 1105 5570 Nobilius?
1128 5514 1203 5566 Eo
1226 5527 1403 5568 autem
1434 5515 1688 5567 libentius
1715 5516 1961 5568 credide-

405 5582 506 5634 rim
547 5584 823 5639 Justinum
863 5589 935 5641 ita
974 5585 1191 5653 legisse,
1216 5596 1268 5637 ut
1310 5586 1507 5637 habent
1542 5585 1710 5638 nostri
1742 5584 1959 5638 codices

408 5667 537 5707 mss.
572 5657 715 5723 quod
753 5658 1019 5711 interdum
1054 5657 1196 5708 hanc
1224 5669 1430 5717 vocem,
1465 5654 1674 5723 ἱμάτια,
1706 5669 1772 5707 eo
1800 5669 1961 5707 sensu

409 5736 652 5794 usurpet,
677 5727 769 5794 qui
809 5727 936 5781 huic
966 5726 1084 5780 loco
1122 5726 1430 5794 conveniat.
1457 5724 1765 5778 (Laluumias
1805 5725 1962 5777 Chri-

411 5791 601 5849 stianis
632 5791 835 5852 all'ictas
868 5805 1024 5852 vocat
1070 5791 1384 5865 περίόλημα
1416 5795 1666 5867 πονηρόν,
1713 5796 1864 5866 Apol.
1899 5810 1958 5862 ιι,

2064 4746 2170 4820 hoc
2214 4747 2431 4820 nomine
2477 4747 2615 4815 apud
2656 4748 2977 4803 Zachariam
3023 4746 3296 4818 designari
3327 4753 3426 4807 ait.
3464 4755 3639 4820 Quiu—

2063 4817 2227 4868 etiain
2284 4816 2484 4889 ibidem
2524 4816 3163 4889 _vestimcnta_munda,
3223 4823 3428 4889 quibus
3482 4816 3639 4880 iesus

2063 4900 2308 4938 summus
2332 4885 2602 4963 Sacerdos
2624 4886 2987 4963 indutusi'uit,
3013 4885 3306 4963 gloriosam
3336 4908 3635 4963 corporum

2066 4956 2525 5029 resurrectionem
2550 4957 2764 5029 videtur
2784 4958 3149 5026 inierpretari,
3171 4956 3636 5029 quemadmodum

2064 5023 2429 5078 Tertullianus
2458 5025 2540 5077 his
2567 5025 2714 5079 Isaiae
2738 5023 2937 5087 verbis,
2971 5046 2991 5079 ι
3028 5038 3082 5081 et
3106 5023 3438 5087 vestimenta
3474 5037 3637 5088 citius

2063 5096 2409 5171 orientur,_t
2455 5110 2759 5171 corporum
2822 5098 3278 5171 resurrectionem
3331 5105 3637 5171 signiﬁcari

2062 5164 2413 5237 existimavit,
2453 5164 2546 5218 lib.
2598 5165 2674 5237 De
2708 5183 2876 5221 resur.
2924 5184 2972 5221 c.
2999 5168 3088 5220 27.
3123 5169 3228 5223 Sed
3271 5171 3314 5225 si
3361 5164 3634 5237 Iustinus,

2059 5235 2152 5304 qui
2195 5234 2397 5310 Graecis
2439 5236 2715 5291 codicibus
2762 5237 3034 5310 utebatur,
3071 5238 3202 5305 legit
3232 5243 3454 5310 ίμάτια,
3486 5234 3637 5298 Lati-4

2063 5321 2252 5376 uorum
2298 5305 2653 5371 interpretum
2698 5323 2880 5369 error,
2908 5309 3000 5376 qui
3052 5325 3071 5358 ι
3122 5305 3450 5366 vestimenta
3490 5334 3508 5363 ι
3549 5314 3636 5367 hic

2063 5374 2365 5453 reddidere,
2394 5390 2501 5453 non
2532 5385 2647 5453 tam
2679 5392 2745 5431 ex
2771 5374 3138 5453 intercedente
3168 5380 3315 5453 inter
3336 5384 3552 5453 ἰάματα
3578 5395 3639 5436 et

2067 5444 2259 5514 ἱμάτια
2282 5445 2659 5509 similitudine,
2686 5458 2744 5501 ut
2767 5450 2922 5501 docet
2958 5449 3023 5500 ad
3050 5448 3197 5501 hunc
3228 5444 3416 5505 locum
3441 5453 3639 5507 Hiero—

2065 5529 2470 5586 nymus,quam
2501 5529 2564 5568 ex
2599 5517 2845 5571 codicum
2877 5517 3011 5569 vitio
3040 5520 3392 5586 repetendus.

2134 5585 2269 5659 (liii
2296 5585 2392 5659 Ὠς
2427 5587 2494 5659 οξ-
2518 5588 2686 5654 λόγοι
2718 5587 2824 5659 τοῦ
2854 5586 3023 5641 Θεοῦ.
3067 5606 3085 5637 ι
3123 5587 3196 5640 De
3240 5590 3635 5659 depravatione

2070 5655 2227 5729 hujus
2257 5654 2360 5729 loci
2388 5655 2531 5729 nulla
2561 5658 2825 5729 dubitatio
2851 5672 2974 5713 esse
2995 5668 3197 5726 potest,
3236 5678 3255 5711 ι
3303 5654 3479 5729 inquit
3502 5678 3636 5715 eru-

2069 5726 2214 5779 ditus
2256 5725 2613 5797 Londinensis
2655 5730 2853 5791 editor,
2900 5725 3014 5795 qui,
3055 5746 3074 5778 ι
3128 5729 3172 5782 si
3215 5732 3340 5797 quis
3370 5725 3635 5785 audacior

2069 5797 2287 5852 criticus
2317 5810 2413 5865 pro
2439 5792 2584 5864 λόγοι
2606 5797 2806 5869 legeret
2838 5792 3130 5869 προφῆται,
3157 5792 3265 5857 noii
3297 5816 3637 5873 magnopere
