3770 6488
100 334 178 389 509
979 335 1321 396 DIALOGUS
1355 340 1501 398 CUM
1540 342 1915 401 TRYPHONE
1950 345 2217 404 JUDIEO.

153 446 219 501 l6.
244 447 340 500 Καὶ
361 446 441 500 διὰ
472 447 746 514 Μωῦσέως
776 450 1047 524 κέκραγεν
1071 457 1100 509 ὁ
1125 457 1256 521 Θεὸς
1285 458 1470 523 αὐτὸς,
1512 459 1603 513 οὖ·
1634 468 1677 523 Α
1779 428 1805 516 1

94 563 175 607 τως
210 542 361 611 λέγων
385 561 398 574 ο
436 562 454 593 ι
487 542 594 595 Καὶ
623 547 1002 616 περιτεμεῖσθε
1037 548 1137 620 τὴν
1172 550 1605 623 σκληροκαρδίαν

93 636 236 705 ὑμῶν,
270 636 353 688 καὶ
388 635 472 689 τὸν
496 636 763 708 τράχηλον
792 639 854 691 οὐ
890 639 1239 712 σκληρυνεῖτε
1268 643 1367 698 ἔτι.
1399 644 1456 696 '0
1497 644 1605 715 γὰρ

92 731 252 799 Κύριος
282 731 307 781 ὁ
331 728 453 792 Θεὸς
484 730 656 800 ὑμῶν,
688 732 783 784 καὶ
822 732 1027 804 Κύριος
1066 734 1173 787 τῶν
1214 737 1438 807 κυρίων,
1473 738 1604 802 Θεὸς

92 822 224 891 μέγας
270 820 353 873 καὶ
392 822 605 893 ίσχυρὸς
651 824 743 876 καὶ
766 823 1014 895 φοϐερός·
1051 827 1197 892 ὅστις
1236 830 1296 881 οὐ
1335 828 1603 900 θαυμάζει

90 911 341 981 πρόσωπον,
370 910 483 963 οὐδὲ
519 911 592 982 μὴ
629 911 768 986 λάϐῃ
811 914 1001 986 δῶρον.
1043 936 1061 968 ι
1096 918 1207 971 Καὶ
1240 920 1299 971 ἐν
1339 919 1415 990 τῷ
1449 920 1605 972 Λευι-

88 1002 205 1071 τικῷ·
237 1022 254 1054 ι
288 1004 397 1055 Ὀτι
443 1004 760 1075 παρέϐησαν
804 1007 897 1060 καὶ
935 1008 1213 1079 ὑπερεῖδόν
1250 1028 1347 1080 με,
1394 1012 1487 1064 καὶ
1520 1013 1603 1065 ὅτι

87 1094 395 1165 ἐπορεύθησαν
424 1096 661 1150 ἐναντίον
698 1116 798 1169 μου
838 1099 1076 1169 πλάγιοι,
1104 1103 1198 1155 καὶ
1228 1101 1339 1171 ἐγὼ
1371 1103 1599 1175 ἐπορεύ-

87 1189 160 1257 θην
186 1188 283 1257 μετ’
309 1186 476 1241 αὐτῶν
508 1188 771 1257 πλαγίως,
799 1191 894 1245 καὶ
930 1192 1115 1245 ἀπολῶ
1139 1194 1335 1258 αὐτοὺς
1363 1197 1419 1248 ἐν
1439 1199 1502 1267 τῇ
1530 1199 1597 1266 γῇ

86 1279 167 1332 τῶν
193 1278 372 1350 ἐχθρῶν
400 1279 599 1333 αὐτῶν.
636 1282 767 1335 Τότε
817 1285 1216 1356 ἐντραπήσεται
1259 1289 1292 1356 ἡ
1338 1287 1533 1359 καρδία
1562 1291 1595 1359 ή

86 1369 391 1439 ἀπερίτμητος
434 1370 630 1423 αὐτῶν.
689 1390 708 1423 ι
765 1373 827 1424 ’11
871 1372 981 1444 γὰρ
1028 1374 1136 1427 ἀπὸ
1173 1374 1424 1445 Ἀδραὰμ
1459 1377 1599 1430 κατὰ

86 1462 222 1533 σάρκα
248 1462 496 1533 περιτομὴ
529 1465 609 1527 εἰς
643 1466 867 1535 σημεῖον
896 1465 1073 1536 ἐδόθη·
1102 1467 1188 1519 ἴνα
1221 1462 1318 1537 ἦτε
1350 1467 1457 1521 ἀπὸ
1492 1467 1597 1520 τῶν

85 1551 215 1605 ἄλλων
237 1551 387 1604 ἐθνῶν
416 1554 508 1605 καὶ
544 1553 701 1625 ἡμῶν
744 1555 1144 1628 ἀφωρισμένοι·
1192 1560 1286 1612 καὶ
1323 1560 1410 1613 ἵνα
1447 1560 1596 1630 μόνοι

86 1643 243 1713 πίθητε
270 1643 300 1696 ἆ
326 1644 414 1697 νῦν
440 1646 496 1696 ὲν
532 1645 657 1719 δίκῃ
690 1646 945 1718 πάσχετε·
982 1649 1077 1702 καὶ
1119 1650 1207 1703 ἴνα
1239 1650 1503 1719 γένωνται
1537 1655 1594 1706 αἱ

84 1737 216 1806 χῶραι
242 1737 379 1807 ὑμῶν
406 1738 621 1809 ἔρημοι,
656 1740 749 1792 καὶ
783 1741 839 1794 αἱ
873 1740 1056 1805 πόλεις
1088 1741 1462 1814 πυρίκαυστοι,
1502 1744 1594 1797 ναὶ

3176 354 3280 408 5.ιὺ

1779 462 1867 517 16.
1901 462 2249 517 Circumcisio
2278 464 2334 517 in
2363 464 2571 533 signum
2595 465 2758 530 data,
2804 475 2862 517 ut
2891 465 3071 521 Iudici
3109 471 3276 537 pelle-

1708 568 1890 610 rentur
1925 555 1988 609 ob
2025 556 2221 610 scelera
2250 557 2307 611 in
2359 555 2629 611 Christum
2669 568 2715 611 et
2766 556 3097 613 Christianos
3134 578 3279 615 com-

1707 648 1890 700 missa.
1911 676 1982 688 -—
2007 645 2112 701 Per
2136 646 2357 717 Moysen
2388 664 2605 717 quoque
2627 649 2767 704 Deus
2790 651 2907 721 ipse
2931 652 3011 707 sic
3033 654 3273 710 clamat:

1709 755 1728 788 ι
1782 734 1850 789 Ει
1896 737 2359 792 circumcidemini
2411 738 2672 794 duritiem
2717 743 2899 795 cordis
2951 746 3113 799 vestri
3159 763 3173 797 ε
3221 756 3277 799 et

1705 830 1977 884 cervicem
2040 846 2144 901 non
2206 831 2562 888 indurabitis.
2624 832 2762 899 Quia
2823 835 3080 891 Dominus
3135 837 3277 893 Deus

1703 929 1905 987 vester,
1932 921 2046 992 ipse
2075 931 2156 977 est
2186 922 2449 979 Dominus
2477 924 2843 989 dominorum,
2877 927 3017 981 Deus
3050 944 3279 999 magnus

1701 1024 1757 1070 et
1790 1015 1971 1080 fortis,
2016 1025 2067 1069 et
2111 1016 2398 1083 terribilis,
2448 1018 2539 1087 qui
2582 1033 2690 1071 non
2740 1020 3043 1073 admiratur
3084 1034 3275 1089 perso-

1702 1123 1853 1171 nam,
1886 1122 2065 1177 neque
2096 1108 2328 1177 accipiet
2361 1124 2556 1164 munus
2603 1110 2669 1165 ⁶¹.
2712 1129 2732 1163 ι
2780 1111 2845 1165 Ει
2886 1112 2937 1164 in
2986 1110 3224 1166 Levitico
3254 1130 3273 1168 :

1707 1217 1724 1247 ι
1763 1196 2029 1263 Quoniam
2068 1200 2409 1267 pragvaricati
2459 1208 2602 1268 sunt,
2656 1210 2712 1256 et
2761 1202 3126 1270 despexerunt
3156 1218 3279 1271 me;

1700 1298 1753 1342 et
1783 1288 2041 1357 quoniam
2072 1290 2490 1345 ambulaverunt
2514 1307 2579 1346 ex
2612 1292 2841 1348 adverso
2883 1294 3011 1347 mihi
3042 1295 3108 1347 ad
3139 1295 3276 1349 Sitti--

1699 1390 1910 1443 stram;
1942 1381 2220 1435 ambulavi
2254 1392 2307 1436 et
2338 1382 2453 1451 ipse
2492 1400 2614 1438 cum
2647 1386 2727 1439 eis
2776 1386 3016 1440 sinistre.
3051 1387 3115 1439 Et
3150 1403 3273 1457 per-

1699 1473 1821 1526 dam
1866 1486 1961 1526 eos
2003 1471 2056 1525 in
2108 1482 2251 1527 terra
2289 1473 2633 1528 inimicorum
2684 1490 2896 1531 eorum.
2943 1477 3093 1531 Tunc
3143 1494 3275 1533 con-

1698 1560 1954 1615 fundetur
1981 1576 2078 1616 cor
2105 1577 2295 1616 eorum
2335 1562 2782 1617 incircumcisum
2811 1564 2876 1619 ⁸³.
2920 1584 2939 1618 ι
2978 1566 3102 1621 llaec
3127 1567 3273 1620 enim

1696 1654 1763 1708 ab
1794 1653 2112 1709 Abrahamo
2140 1664 2366 1724 accepta
2404 1656 2703 1709 secundum
2730 1671 2949 1711 carnem
2981 1659 3270 1713 circumci-

1696 1745 1779 1800 sio
1828 1745 1881 1798 in
1930 1746 2144 1815 signum
2194 1745 2319 1798 data
2368 1754 2473 1809 est,
2506 1755 2564 1798 ut
2596 1746 2662 1797 ab
2707 1746 2831 1799 aliis
2864 1748 3115 1815 gentibus
3160 1730 3270 1802 eta

84 1832 176 1894 τοὺς
200 1832 417 1901 καρποὺς
444 1832 675 1886 ἐνώπιον
714 1834 868 1905 ὑμῶν
911 1836 1265 1891 κατεσθίωσιν
1305 1837 1592 1909 ἀλλότριοι,

1703 1835 1855 1890 nobis
1898 1836 2118 1892 discreti
2170 1838 2313 1901 sitis,
2359 1846 2415 1891 et
2457 1838 2556 1891 soli
2602 1838 2924 1909 patiamini,
2965 1855 3086 1910 qua:
3131 1857 3276 1895 nunc

85 1924 153 1976 καὶ
171 1925 328 1994 μηδεὶς
344 1924 398 1989 ἐξ
416 1926 567 1995 ὑμῶν
589 1926 838 2000 ἐπιϐαίνῃ
860 1930 939 1992 εἰς
956 1929 1054 2001 τὴν
1081 1930 1436 2002 Ἰερουσαλήμ
1457 1931 1590 2001 (42).

84 2018 137 2068 θ)
173 2016 262 2088 γὰρ
306 2017 360 2082 ἐξ
411 2018 573 2072 ἄλλου
652 2022 793 2085 τινὸς
858 2021 1189 2092 γνωρίζεσθε
1252 2023 1403 2095 παρὰ
1470 2026 1596 2088 τοὺς

84 2108 228 2172 ἄλλους
254 2109 592 2182 ἀνθρώπους,
628 2113 660 2182 ἥ
696 2113 803 2165 ἀπὸ
836 2113 933 2183 τῆς
970 2116 1028 2165 ἐν
1057 2115 1221 2185 σαρκὶ
1255 2115 1407 2186 ὑμῶν
1444 2133 1597 2187 περι-

82 2202 210 2271 τομῆς
230 2201 345 2272 (45).
363 2203 546 2268 Οὐδεὶς
575 2205 684 2275 γὰρ
700 2205 872 2276 ὑμῶν,
895 2206 970 2269 ὡς
994 2207 1216 2278 νομίζω,
1240 2209 1499 2281 τολμήσει
1520 2210 1597 2262 εξ-

85 2294 188 2357 πείν,
216 2294 287 2346 ὅτι
318 2295 387 2365 μὴ
422 2297 516 2349 καὶ
553 2296 907 2369 προγνώστης
940 2297 1045 2351 τῶν
1087 2299 1333 2367 γίνεσθαι
1372 2301 1594 2372 μελλόν-

85 2403 161 2437 των
181 2381 235 2457 ἦν
260 2388 344 2440 καὶ
381 2388 526 2441 ἐστιν
560 2392 589 2443 ὁ
621 2390 753 2455 Θεὸς
774 2430 788 2457 ,
816 2391 909 2444 καὶ
941 2390 1008 2444 τὰ
1040 2391 1165 2458 ἄξια
1198 2393 1412 2465 ἑκάστῳ
1433 2412 1595 2467 προε-

166 2536 202 2568 ⁶¹
235 2536 373 2592 Deut.
403 2555 458 2603 ι,
493 2538 585 2606 16,
624 2542 710 2594 Π.
787 2541 832 2574 ⁸⁸
869 2541 1045 2598 Levit.
1079 2557 1231 2610 ium,
1263 2545 1353 2609 40,
1392 2546 1483 2600 41.

86 2706 437 2765 repugnaturum
466 2714 529 2753 se
554 2697 813 2753 declarat.
854 2718 873 2751 ι
910 2700 1018 2755 Sed
1052 2708 1234 2755 tamen
1263 2703 1462 2768 rejecta
1493 2701 1593 2756 hac

85 2768 272 2840 liberiori
294 2769 856 2840 emendandi_ratione
878 2770 1159 2837 legendum
1178 2773 1436 2840 Opinatur
1455 2811 1469 2835 ,
1506 2773 1591 2837 Ὠς

84 2838 252 2907 ὁλόγος
281 2838 362 2892 τοῦ
397 2838 534 2892 Θεοῦ
571 2838 732 2902 ἀξιοῖ.
764 2840 1025 2909 Equidem
1063 2856 1161 2894 cur
1192 2838 1335 2895 hunc
1363 2851 1590 2896 contex-

85 2919 165 2961 tum
206 2910 275 2961 vir
313 2911 660 2965 doctissimus
705 2911 1051 2965 immutatum
1104 2910 1255 2977 velit,
1291 2928 1396 2966 non
1436 2912 1591 2965 facile

85 2979 297 3047 intelligo,
330 2996 426 3034 nec
458 2980 582 3048 ipse
620 2982 859 3035 rationes
899 2996 1025 3035 suas
1068 2980 1373 3036 aﬂ‘erendas
1415 2983 1590 3037 duxit.

83 3048 163 3102 Cur
203 3062 362 3104 autem
413 3050 550 3104 nihil
610 3051 1005 3105 immutandum
1046 3052 1139 3112 sit.
1192 3051 1405 3106 facilius
1458 3053 1587 3107 mihi

83 3121 329 3187 perspicere
355 3121 560 3175 videor.
595 3120 746 3188 Apud
774 3119 1047 3175 Iustinum
1076 3122 1104 3173 ὁ
1134 3121 1289 3190 λόγος
1324 3123 1418 3176 τοῦ
1455 3121 1587 3175 Θεοῦ

84 3204 188 3257 saepe
220 3191 466 3259 signiﬁcat
504 3191 746 3262 Verbum
792 3192 881 3245 Dei
912 3203 964 3247 et
994 3192 1213 3252 Filium,
1250 3209 1393 3262 saepe
1435 3193 1587 3247 Scri-

82 3270 249 3327 pturam
271 3277 491 3324 sacram,
515 3272 610 3313 aut
632 3261 847 3329 aliquod
873 3263 1170 3329 Scriptura:
1191 3261 1589 3318 testiinonium.

85 3329 165 3381 lloc
183 3340 343 3414 autem
371 3333 485 3385 loco
514 3335 563 3414 οἱ
600 3332 744 3399 λόγοι
792 3331 1059 3414 redeant?
1079 3343 1203 3414 sunt
1234 3334 1345 3414 ipsa
1374 3334 1463 3414 Dei
1492 3350 1591 3389 suo

86 3400 564 3472 nmnine_loquentis
594 3412 780 3467 verba,
813 3404 938 3472 quia
972 3404 1230 3458 videlicet
1253 3400 1304 3455 in
1343 3408 1591 3457 testimo-

85 3471 163 3543 niis
200 3486 223 3543 ιι
264 3470 465 3543 Jnstino
508 3473 691 3527 allatis
732 3470 839 3526 non
886 3476 1146 3543 propheta
1192 3475 1453 3541 loquitur,
1496 3475 1591 3529 sed

86 3540 170 3611 ipse
206 3541 345 3596 Deus.
377 3541 515 3597 Infra
569 3561 623 3597 ιι.
653 3542 744 3606 28,
780 3540 1175 3607 testimonium,
1215 3540 1277 3596 in
1314 3560 1421 3611 quo
1456 3545 1593 3598 Deus

86 3610 421 3685 ipsclnquitur,
477 3614 781 3685 appellatur
822 3629 851 3665 a
907 3613 1121 3668 Justino
1162 3610 1344 3666 αὑτοῦ
1373 3614 1593 3685 ῥήματα

86 3680 150 3730 τοῦ
177 3680 311 3735 Θεοῦ.
344 3680 789 3739 ΒυεοΓΙιιειὶιιιιε
834 3685 990 3747 Apol.
1035 3700 1075 3745 ι,
1119 3700 1173 3738 ιι.
1215 3685 1305 3749 56,
1339 3680 1592 3739 necessa-

87 3750 331 3824 riuinesse
365 3756 429 3808 ad
487 3755 791 3824 Scriptura:
838 3754 1253 3823 intelligentiam
1300 3756 1590 3824 diligenter

86 3822 305 3894 attendere
330 3822 651 3892 quibusnam
682 3826 819 3877 locis
846 3825 959 3892 ipse
994 3822 1132 3879 Deus
1159 3822 1434 3894 loquatur",
1465 3828 1591 3894 qui-

86 3890 262 3943 busnam
309 3890 587 3962 prophetae
633 3905 726 3947 aut
764 3890 883 3947 aliae
935 3910 1198 3963 personar.
1231 3890 1404 3949 Nulla
1456 3890 1589 3965 ergo

87 3972 319 4016 contextus
348 3967 510 4018 nostri
549 3966 875 4019 emendandi
909 3980 1095 4018 causa.

136 4032 225 4101 (ii)
254 4034 537 4103 Ἑπιὸαίνῃ
565 4038 653 4100 εἰς
672 4033 786 4102 τὴν
810 4034 1315 4103 ἸερουσιιλήμΕιι
1343 4037 1425 4090 his
1446 4046 1594 4106 patet

86 4106 601 4175 quantaadhiberetur
620 4107 906 4175 diligentia
931 4106 983 4158 in
1007 4122 1068 4159 ea
1092 4112 1209 4174 lege
1225 4110 1588 4174 observanda,

84 4187 173 4244 quin
195 4188 218 4225 τι
243 4172 441 4229 Iustino
462 4176 619 4244 Αρυι.
647 4192 690 4238 ι,
714 4172 768 4231 ii.
794 4174 884 4241 47,
910 4172 1353 4242 commemorata,
1377 4172 1592 4232 Iudaeos

88 4242 281 4317 ingressu
302 4242 795 4316 HierosOIyinorum
827 4247 1166 4317 prohibebat,
1202 4256 1294 4299 aut
1316 4247 1591 4317 ingressus

85 4316 266 4384 pretium
310 4328 531 4370 mortem
589 4320 933 4371 decernebat.
966 4316 1070 4369 Sed
1114 4327 1292 4369 tamen
1329 4316 1393 4374 de
1434 4320 1591 4384 hujus

85 4382 185 4457 legis
207 4387 475 4457 seg'eritate
518 4389 736 4457 videtur
762 4387 975 4457 aliquid,
996 4388 1269 4457 .deinceps
1305 4382 1588 4442 remissum

86 4450 381 4528 ltiisse._Na_ttt
408 4473 475 4511 ex
502 4456 793 4528 [litterario
839 4450 1221 4526 Burdigalensi'
1237 4467 1310 4528 {et
1347 4466 1490 4511 orat.
1526 4460 1591 4512 l2

1698 1930 1889 1983 merito
1917 1930 2193 1999 patimini;
2226 1939 2389 1999 atque
2430 1939 2486 1984 ut
2516 1932 2765 1999 regiones
2812 1942 3010 1986 vestra:
3053 1933 3105 1985 in
3140 1932 3273 1987 soli»

1699 2022 1939 2074 tudinem
1976 2022 2313 2092 redigantur,
2349 2033 2404 2075 et
2427 2023 2681 2077 civitates
2707 2023 2758 2076 in
2792 2025 2941 2092 ignes
2966 2026 3269 2091 considant,

1696 2113 1984 2183 frugesque
2026 2122 2234 2169 vestras
2277 2115 2709 2185 inspectantibus
2745 2115 2897 2169 vobis
2941 2116 3103 2171 alieni
3140 2134 3273 2173 con-

1694 2215 1932 2268 sumant,
1959 2220 2056 2259 nec
2099 2208 2383 2275 quisquam
2421 2217 2659 2262 vestrum
2691 2206 3032 2263 Hierusalem
3071 2226 3268 2265 ascen-

1695 2296 1805 2351 dat.
1832 2295 1986 2350 Nulla
2012 2298 2154 2351 enim
2187 2314 2245 2353 re
2271 2299 2371 2352 alia
2404 2315 2434 2352 a
2460 2301 2675 2354 caeteris
2702 2302 3019 2356 hominibus
3080 2304 3268 2370 digno-

1694 2386 1928 2452 scimini,
1965 2388 2069 2442 nisi
2105 2398 2284 2444 vestra
2323 2389 2377 2443 in
2423 2404 2587 2444 carne
2622 2389 2778 2459 117
2822 2392 3260 2448 circumcisione.

1695 2706 1896 2750 terram
1932 2711 2083 2749 suam
2129 2714 2147 2748 ι
2191 2697 2258 2753 de
2290 2697 2585 2767 longinquo
2617 2699 2792 2754 oculis
2827 2708 3035 2753 tantum
3080 2700 3267 2754 videre

1729 2768 2041 2819 ermissum.
2073 2787 2092 2818 ι
2127 2767 2402 2837 Ejusmodi
2438 2770 2749 2823 testimonia
2785 2771 3027 2825 nonnulli
3059 2774 3123 2823 de
3151 2781 3265 2824 tota

1729 2783 2041 2819 ermissum.
2073 2787 2092 2818 ι
2127 2782 2402 2837 musmout
2438 2782 2749 2823 testimonia
2785 2782 3027 2825 nonnulli
3059 2782 3123 2823 de
3151 2782 3264 2824 tota

1692 2782 1979 2889 Bala'stina
2014 2851 2378 2907 acceperunt;
2411 2840 2608 2908 quibus
2650 2842 2898 2908 equidem
2938 2856 3042 2895 non
3075 2856 3264 2895 assen-

1695 2908 1834 2979 tior;
1862 2908 1955 2979 sed
1985 2917 2134 2979 certe
2163 2911 2229 2963 de
2268 2912 2488 2979 regione
2518 2908 2926 2965 Bethleemitica
2966 2911 3138 2978 accipi
3168 2914 3266 2963 de-

1692 2977 1841 3031 bent.
1883 2978 1955 3030 At
1996 2976 2213 3033 Judaios
2266 2976 2465 3047 quarto
2510 2980 2710 3034 saeculo
2755 2981 3051 3035 Bethieemi
3090 2976 3266 3033 luisse

1693 3047 1975 3120 discimus
2010 3063 2075 3102 ex
2120 3050 2204 3120 his
2242 3049 2816 3120 Hieronymiﬂverbis,
2851 3052 3011 3119 epist.
3052 3051 3146 3113 Η,
3196 3050 3267 3103 ad

1698 3116 2012 3191 Pammnch.
2038 3130 2095 3191 et
2130 3118 2397 3191 Oceanum
2429 3116 2499 3173 τ’(
2543 3117 2676 3174 Veni
2712 3116 2927 3191 rursum
2961 3122 3269 3191 Hierosoly-

1697 3203 1864 3261 mam,
1896 3189 2092 3261 inquit,
2134 3202 2189 3243 et
2228 3190 2523 3261 Bethleem.
2571 3192 2688 3258 Quo
2716 3190 2924 3255 labore,
2952 3207 3059 3261 quo
3091 3189 3267 3260 pretio

1692 3256 2036 3331 Dar—aninam
2077 3269 2404 3331 nocturnum
2431 3256 3057 3331 habuipraaceptorem?
3085 3256 3265 3315 Time-

1696 3328 1790 3381 bat
1815 3328 1961 3382 enim
1984 3327 2203 3384 Judwos
2230 3340 2284 3385 et
2308 3331 2440 3383 mihi
2466 3327 2697 3385 alterum
2722 3327 3013 3386 exhibebat
3035 3332 3267 3386 Nicode-

1693 3413 1861 3451 mum.
1902 3416 1920 3449 ι
1969 3397 2089 3451 Vid.
2138 3402 2261 3454 adv.
2307 3398 2562 3469 Vigilant.
2608 3407 2710 3455 sttb
2748 3406 2932 3456 linem.
2965 3402 3099 3457 Cum
3138 3400 3265 3454 Hic-

1694 3483 1920 3541 ronymg
1948 3473 2257 3541 consentire
2303 3470 2535 3524 Hilarius
2575 3472 2813 3535 videtur,
2846 3473 2937 3541 qui
2968 3475 3035 3527 de
3064 3470 3264 3525 Judzeis

1693 3542 1769 3590 ait
1793 3555 1848 3591 tu
1873 3538 2022 3591 Psal.
2052 3556 2204 3605 LVIII,
2229 3557 2284 3594 ιι.
2315 3542 2383 3593 12
2412 3554 2427 3591 :
2460 3558 2478 3591 ι
2514 3540 2726 3595 Amissa
2753 3538 2997 3606 civitate,
3035 3542 3265 3608 templo-

1692 3625 1797 3676 que
1826 3610 2064 3675 deserto,
2092 3613 2161 3665 et’
2179 3612 2473 3666 secundum
2502 3613 2735 3665 Romani
2765 3613 2907 3680 regis
2931 3614 3130 3673 edicta,
3156 3626 3265 3663 οιτ-

1693 3687 2013 3733 cumeuntes
2060 3690 2294 3745 tantum,
2338 3696 2445 3734 non
2490 3682 2653 3736 etiam
2686 3683 2937 3737 ineuntes
2985 3682 3260 3736 civitatein

1695 3750 1868 3802 l'amcs
1898 3764 2085 3806 eos....
2119 3752 2335 3806 alliciet.
2374 3771 2392 3802 ι

1763 3821 1874 3889 (45)
1927 3819 2069 3873 Ἀπὸ
2113 3820 2221 3890 τῆς
2267 3821 2336 3873 ἐν
2377 3822 2555 3889 σαρκὶ
2584 3820 2751 3890 ὑμῶν
2795 3820 3138 3890 περιτομῆς.
3184 3826 3262 3882 Eu

1693 3891 1955 3963 attentius
1986 3892 2391 3959 consideranda
2443 3893 2778 3963 innesancti
2829 3895 3088 3963 martyris
3139 3912 3262 3950 sen-

1696 3962 1887 4033 tentia,
1910 3963 2053 4029 quod
2079 3976 2222 4031 saepe
2251 3964 2305 4016 in
2333 3964 2433 4017 hoc
2450 3960 2690 4033 ADialogo
2728 3960 3008 4033 repetitur.
3042 3963 3261 4031 Ignora-

1692 4032 1892 4085 tionem
1925 4043 1996 4104 et
2024 4033 2395 4087 inlirmitatetn
2447 4031 2556 4087 Deo
2587 4031 2897 4087 Judzeorum
2930 4036 3261 4104 attingebant

1692 4102 1959 4168 haeretici,
1984 4115 2046 4173 nt
2081 4106 2266 4158 videre
2304 4115 2388 4159 est
2427 4106 2567 4172 apud
2602 4106 2744 4158 lren.
2779 4106 2872 4158 lib.
2904 4121 2979 4169 tv,
3018 4102 3081 4159 cI
3103 4109 3157 4173 4,
3191 4114 3261 4162 ob

1693 4188 1935 4245 eversam
1955 4172 2387 4245 Hierosolymam
2412 4187 2468 4227 et
2492 4175 2741 4229 Mosaicae
2760 4172 3160 4245 legisjnstituta
3193 4182 3259 4232 ad

1694 4244 1994 4311 perniciem
2025 4242 2335 4299 ludam—rum
2358 4260 2644 4298 conversa.
2672 4242 2869 4299 Contra
2894 4242 3137 4300 Justinus
3164 4249 3256 4301 Det

1693 4314 2089 4381 providentiam
2121 4317 2173 4368 in
2215 4316 2317 4368 hoc
2350 4317 2581 4368 maxime
2610 4316 2931 4378 admiratur,
2966 4318 3107 4383 quod
3134 4334 3257 4370 cum

1696 4385 1952 4451 pleraque
1995 4387 2243 4439 instituta
2286 4385 2415 4437 alibi
2446 4400 2610 4453 quam
2660 4386 3049 4453 llierosolynns
3072 4390 3259 4442 obser-

1696 4459 1813 4507 vari
1859 4471 1963 4507 non
2001 4468 2236 4523 possent,
2265 4456 2395 4524 ,ipsa
2436 4458 2806 4524 circumcisxo,
2842 4470 2961 4523 qua:
2992 4456 3117 4508 alibi
3160 4458 3259 4513 ob-

87 4520 425 4598 Gregorii_Naz.
452 4538 509 4584 et
545 4527 872 4598 Hieronymo
905 4528 957 4578 in
999 4520 1117 4595 ἔαρ.
1159 4543 1197 4581 ι.
1237 4520 1467 4597 Sophon.
1504 4531 1588 4583 di-
1622 4529 1665 4583 D
1695 4528 1902 4598 servari
1930 4520 2162 4598 poterat,
2189 4520 2395 4598 aditbtit
2423 4523 2621 4598 ludatis
2648 4527 2703 4579 iit
2734 4520 2875 4598 hanc
2904 4527 3089 4579 urbem
3122 4544 3258 4598 plen-

86 4594 241 4649 scimus
266 4594 459 4654 Judteis
496 4609 695 4668 quarto
742 4594 961 4660 saeculo,
999 4594 1167 4653 semel
1217 4598 1268 4651 in
1312 4594 1460 4653 anno
1500 4600 1585 4652 in-

84 4670 257 4741 troitum
274 4668 743 4741 Hierosolymitani
770 4668 870 4722 soli
902 4682 1224 4741 concessum
1243 4668 1431 4741 fuisse,
1446 4672 1591 4737 quod

85 4735 255 4808 quidem
284 4754 381 4793 non
404 4735 659 4794 videntur
686 4740 1021 4807 impetraturi
1046 4737 1215 4793 fuisse
1242 4735 1590 4808 suspiciosis-

86 4807 203 4877 sanis
238 4807 335 4864 illis
375 4812 599 4865 secundi
644 4810 830 4865 sa-culi
879 4810 1236 4877 temporibus,
1268 4807 1394 4863 cum
1430 4827 1452 4860 ι
1490 4827 1590 4865 nec

85 4876 359 4951 advenarum
399 4880 525 4948 jure
566 4889 771 4936 terram
817 4876 1049 4949 patriam
1102 4880 1297 4934 saltem
1332 4884 1587 4951 vestigio,

85 4948 215 5020 utait
238 4947 594 5006 Tertullianus
620 4952 777 5019 Apol.
811 4947 899 5015 16,
930 4952 1197 5015 salutare,
1224 4965 1323 5004 nec
1352 4947 1589 5020 patrium

84 5018 216 5093 solum
245 5022 398 5093 velex
439 5018 763 5093 longinquo,
797 5032 853 5075 ut
887 5025 965 5075 ait
987 5021 1171 5093 Aristo
1197 5018 1424 5093 Pellaeus
1448 5024 1589 5091 apud

85 5088 238 5160 tusci).
291 5090 430 5147 Ηιει.
482 5088 579 5149 lib.
634 5088 707 5159 ι’ν,
760 5110 810 5149 c.
857 5094 911 5157 6,
961 5092 1341 5160 prOSpicere’i
1380 5088 1588 5147 liceret.

83 5157 205 5233 aliud
231 5173 305 5233 es_t
356 5165 405 5217 in
457 5179 567 5233 quo
616 5157 791 5233 lenius
847 5157 978 5219 cum
1023 5157 1108 5215 eis
1149 5175 1329 5218 actum
1379 5164 1591 5217 videtur

85 5228 232 5284 luisse.
266 5228 511 5288 Testatur
546 5230 692 5290 enim
722 5235 907 5291 Aristo
935 5234 1163 5288 Pellaius
1193 5249 1288 5287 eos
1311 5235 1474 5287 etiam
1502 5250 1588 5287 re-

84 5313 204 5376 gione
235 5303 424 5376 circuiri
473 5303 905 5376 Hierosolymam
958 5310 1063 5358 sita
1092 5307 1308 5376 penitus
1337 5307 1589 5376 exclusos

84 5374 329 5447 ιέβιδδεηΤὸ
373 5377 478 5430 πᾶν
526 5377 674 5439 ἔθνος
722 5374 781 5440 ἐξ
827 5379 1033 5429 ἐκείνου
1081 5374 1175 5427 καὶ
1218 5375 1318 5445 τῆς
1364 5374 1590 5447 περὶτὰ

94 5432 379 5519 ςιεροσόλυμα
408 5449 508 5519 γῆς
544 5432 781 5519 πάρῖπαν
821 5447 1114 5501 ἐπιϐαίνειν
1160 5432 1467 5519 εἴργἐται..’.
1513 5446 1587 5509 ὡς

84 5509 274 5591 {triti}?
310 5509 402 5591 ’ἐξ⁸
419 5509 661 5573 ἆᾶ-έόπτοὶι
710 5518 962 5591 θεωροίεν
1011 5520 1070 5571 τὸ
1116 5509 1340 5591 πάτριον
1372 5517 1583 5585 ἔδαφος.

83 5586 151 5633 Ait
177 5596 320 5640 etiam
365 5589 727 5645 Tertullianus
765 5586 884 5643 αᾱυ.
915 5592 1047 5644 Jud.
1088 5604 1209 5658 cap.
1230 5586 1311 5643 ’15
1356 5606 1374 5639 ι
1410 5604 1587 5641 nemi-

87 5665 178 5705 tietn
212 5660 267 5710 de
299 5674 487 5727 genere
522 5662 688 5716 lsrael
722 5662 775 5715 in
812 5663 1034 5715 civitate
1060 5658 1338 5713 Bethleem
1370 5674 1585 5712 reman-

87 5738 208 5788 διδδε.
238 5745 257 5778 ι
282 5746 339 5783 ac
363 5733 709 5787 interdictum
745 5746 872 5787 esse
907 5749 925 5782 ι
964 5746 1030 5785 ne
1060 5734 1112 5783 in
1146 5732 1381 5786 conlinio
1415 5730 1585 5796 ipsius

88 5800 281 5861 Ngtouis
312 5803 618 5857 demoretur
659 5806 945 5873 quisquam
978 5800 1307 5869 Judaeorum,
1337 5820 1357 5854 ι
1386 5806 1588 5876 eisque

1692 4595 1954 4648 cluderet.
1988 4595 2473 4650 Circumcisionem
2511 4596 2815 4649 institutam
2856 4596 3045 4659 fuisse,
3080 4610 3138 4650 ιιι
3162 4596 3259 4650 Ju-

1692 4667 1792 4719 daei
1838 4671 1906 4719 ab
1962 4668 2083 4721 aliis
2138 4669 2392 4734 gentibus
2443 4678 2897 4730 secernerentur,
2956 4668 3257 4735 scriptores

1690 4738 1911 4803 plurimi
1944 4739 2148 4792 dixere.
2183 4740 2286 4790 Sed
2325 4739 2470 4805 quod
2499 4738 2805 4790 institutam
2833 4739 2964 4791 dicit
2989 4736 3255 4807 Justinus,

1693 4816 1752 4859 ut
1792 4809 1891 4862 hac
1926 4817 2051 4861 nota
2103 4808 2347 4863 distincti
2398 4808 2742 4876 punirentur,
2788 4809 2839 4861 id
2888 4809 3258 4865 Tcrtullianus

1694 4878 1938 4932 imitatur
1975 4880 2027 4932 iit
2076 4880 2216 4934 libro
2259 4880 2380 4930 adv.
2421 4878 2551 4932 Jud.
2587 4894 2707 4945 cap.
2744 4879 2777 4931 5
2829 4896 2841 4931 :
2883 4897 2901 4929 ι
2942 4880 3070 4932 Dari
3109 4884 3256 4935 enim

1692 4950 1954 5016 habebat,
1988 4950 2186 5020 inquit,
2221 4950 2593 5012 circumcisio,
2617 4951 2709 5003 sed
2742 4952 2797 5001 in
2828 4951 3073 5020 signum;
3115 4954 3257 5006 unde

1690 5020 1859 5074 lsrael
1915 5026 1968 5075 in
2022 5024 2318 5075 novissimo
2381 5032 2625 5087 tempore
2687 5020 2953 5090 dignoscl
2992 5023 3253 5085 haberet,

1690 5093 1906 5158 quando
1933 5096 2229 5146 secundum
2257 5107 2355 5144 sua
2392 5103 2582 5143 merita
2616 5092 2667 5144 in
2698 5102 2943 5145 sanctam
2978 5095 3254 5145 cintatent

1691 5161 1897 5230 ingredi
1936 5165 2427 5232 prohiberetur.....
2459 5160 2581 5214 11ωρ
2630 5163 2795 5231 igitur
2830 5163 2922 5217 Dei
2966 5164 3255 5227 providen-

1694 5241 1766 5283 tta
1818 5233 1941 5299 fuit,
1997 5236 2159 5287 dandi
2216 5234 2690 5287 circumcisionem
2741 5235 2903 5288 lsrael
2942 5237 2995 5287 in
3042 5234 3253 5302 signum

1691 5304 1831 5357 unde
1878 5307 2119 5374 dignosci
2165 5316 2370 5373 posset,
2402 5320 2524 5357 cum
2558 5306 2839 5359 adveniret
2878 5316 3111 5373 tempus,
3147 5318 3253 5370 quo

1690 5377 1899 5430 meritis
1950 5380 2065 5431 suis
2116 5393 2279 5445 supra
2332 5377 2493 5430 dictis
2542 5376 2595 5429 in
2648 5376 2983 5430 Hierusalem
3034 5376 3249 5426 admitt‘i

1688 5453 2090 5523 prohiberetur.
2143 5465 2165 5501 ι
2202 5446 2369 5523 Forte
2416 5449 2469 5500 in
2511 5452 2756 5523 eamdem
2798 5446 3123 5523 sententiam
3158 5458 3250 5523 ac-

1689 5517 1797 5583 cipi
1838 5519 1999 5594 debet
2042 5522 2187 5587 quod
2230 5522 2306 5574 ait
2347 5518 2585 5594 lrenazus
2619 5521 2711 5573 lib.
2745 5534 2820 5582 tv,
2854 5533 2974 5583 cap.
3028 5515 3253 5594 “Lucif-

1688 5586 2079 5645 cumcisiOnem
2131 5596 2184 5646 in
2235 5593 2394 5661 signo
2438 5592 2671 5661 datatn,
2700 5608 2719 5643 ι
2784 5600 2841 5661 ut
2887 5586 3254 5661 cognoscibile

1687 5670 2001 5783 Perisfveret
2050 5679 2220 5736 genus
2267 5660 2525 5720 Abrahae.
2575 5680 2596 5715 ι
2636 5660 2754 5717 Vid.
2801 5660 2896 5715 lib.
2939 5673 3024 5725 ιιι,
3056 5674 3106 5713 c.
3160 5660 3249 5723 12,

1689 5744 1744 5780 ιι.
1850 5768 1864 5783 .
