3760 6506
458 392 563 447 515

1376 380 1434 438 S.
1468 378 1731 436 JUSTINI
1770 372 2177 434 PHILOSOPHI
2214 372 2298 426 ET
2335 369 2691 426 MARTYRIS

3594 365 3689 419 516

530 512 617 564 l8.
649 506 939 563 Christiani
983 505 1147 574 legem
1188 502 1546 563 observarent,
1573 501 1676 554 nisi
1704 499 1895 553 scirent
1933 510 2028 549 cur

2214 492 2288 547 l8.
2344 493 2560 563 Ἐπειδὴ
2597 490 2707 561 γάρ
2735 489 2997 557 ἀνέγνως,
3048 482 3092 543 ὦ
3134 488 3390 559 Τρύφων,
3433 486 3505 550 ὡς
3540 485 3694 551 αὑτὸς

457 606 698 659 instituta
738 572 1207 665 sit.—Quouiam
1261 595 1406 648 enim
1444 572 1651 661 legisti,
1687 591 1928 662 Trypho,
1969 598 2029 642 ut

462 697 578 763 ipse
610 690 892 746 confessus
924 704 1003 749 es,
1041 702 1161 750 qnze
1186 694 1372 739 noster
1404 684 1494 737 ille
1519 683 1771 736 Salvator
1802 678 2025 743 docuit;

460 800 569 838 non
602 784 833 837 absurde
864 779 993 832 mihi
1028 777 1225 830 fecisse
1251 774 1459 835 videor,
1482 782 1538 825 ut
1563 771 1748 825 brevia
1782 767 2029 837 quaedam

434 871 610 925 iillius
648 868 868 922 oracula
921 863 1258 935 propheticis
1317 861 1693 931 adiungerem.
1750 855 2030 912 Lavamini

463 963 649 1032 igitur,
676 976 739 1015 ac
772 976 917 1013 nunc
966 958 1155 1011 nnmdi
1184 964 1380 1021 estote,
1422 965 1477 1010 et
1512 956 1725 1010 auferte
1758 953 2032 1023 nequitias

463 1056 532 1109 ab
558 1051 842 1106 animabus
870 1050 1073 1103 vestris
1091 1049 1134 1079 τι
1160 1065 1172 1101 :
1205 1044 1832 1117 quemadmodumiubet
1870 1043 2031 1106 Deus,

464 1159 521 1202 ut
545 1148 646 1202 hoc
678 1144 932 1198 lavemini
958 1144 1199 1206 lavacro,
1225 1151 1281 1195 et
1312 1156 1441 1195 vera
1477 1140 1899 1195 circumcisione
1924 1138 2036 1193 cir-

463 1240 869 1298 cmncidamini.
916 1238 1027 1295 Nos
1079 1239 1223 1292 enim
1274 1239 1417 1291 hanc
1464 1253 1683 1307 quoque
1714 1236 1897 1292 carnis
1930 1235 2037 1288 cir-

464 1335 856 1389 cumcisionem
897 1340 953 1387 et
1010 1332 1241 1386 sabbata
1289 1339 1345 1383 et
1377 1328 1546 1383 ferias
1594 1343 1783 1382 omnes
1813 1326 2036 1381 omnino

462 1429 906 1488 observaremus,
934 1423 1039 1476 nisi
1078 1422 1358 1490 cognitum
1407 1420 1563 1473 nobis
1586 1426 1733 1473 esset
1770 1432 1929 1487 quam
1968 1416 2037 1469 ob

461 1531 685 1570 causam
727 1515 840 1567 htec
870 1513 1026 1567 vobis
1061 1512 1197 1580 ipsis
1226 1511 1427 1564 indicta
1453 1509 1591 1576 sint,
1636 1510 1689 1563 id
1715 1518 1798 1562 est
1821 1516 2039 1578 pmpter

464 1608 781 1676 iniquitates
813 1612 1025 1658 vestras
1056 1614 1109 1657 et
1134 1603 1317 1656 cordis
1348 1602 1624 1656 duritiem.
1659 1601 1793 1654 Nam
1833 1601 1877 1655 si
1903 1616 2037 1651 con-

464 1709 675 1753 stanter
702 1697 885 1751 omnia
946 1694 1297 1763 perferimus,
1338 1708 1679 1761 quwcunque
1730 1692 1779 1744 in
1808 1706 1907 1745 nos
1940 1691 2038 1744 ho—

466 1790 641 1843 mines
663 1798 716 1842 ct
744 1787 1017 1840 daemones
1048 1785 1172 1838 mali
1224 1784 1550 1847 moliuntur;
1584 1783 1656 1835 ita
1693 1790 1752 1835 ut
1775 1782 1936 1836 etiam
1964 1782 2039 1832 iu-

2128 583 2467 653 ὁμολογήσας
2501 582 2657 651 ἔφης,
2698 580 2764 633 τὰ
2785 579 2878 631 ὑπ’
2909 578 3117 630 ἐκείνου
3145 576 3234 630 τοῦ
3265 575 3515 645 Σωτῆρος
3549 575 3696 646 ἡμῶν

2128 673 2463 744 διδαχθέντα,
2491 674 2591 726 οὑκ
2618 672 2817 726 ἄτοπον
2840 669 3044 740 νομίζω
3076 668 3433 738 πεποιηκέναι
3466 668 3558 720 καὶ
3581 668 3699 739 βρα-

2130 767 2228 837 χέα
2253 768 2361 820 τῶν
2390 766 2599 820 ἐκείνου
2620 766 2777 833 λόγια
2806 764 2940 836 πρὸς
2970 766 3080 827 τοῖς
3107 756 3462 834 προφητικοῖς
3487 766 3701 835 ἐπιμνη-

2133 859 2300 924 σθείς.
2330 858 2606 913 Λούσασθε.
2635 854 2749 921 οὖν,
2788 858 2884 910 καὶ
2916 856 3009 909 νῦν
3061 856 3292 927 καθαροὶ
3326 855 3580 922 γένεσθε,
3615 858 3701 909 καὶ

2132 948 2397 1018 ἀφέλεσθε
2419 950 2519 1013 τάς
2542 949 2804 1020 πονηρίας
2839 947 2947 1001 ἀπὸ
2976 947 3083 1000 τῶν
3123 946 3309 1017 ψυχῶν
3344 946 3521 1017 ὑμῶν,
3550 948 3623 1011 ὡς
3649 948 3700 1001 δὲ

2132 1039 2427 1094 λούσασθαι
2460 1041 2588 1111 ὑμῖν
2618 1039 2771 1091 τοῦτο
2798 1038 2860 1091 τὸ
2895 1035 3117 1107 λουτρὸν
3140 1034 3355 1089 κελεύει
3380 1039 3409 1089 ὁ
3431 1036 3584 1101 Θεὸς,
3618 1038 3703 1089 καὶ

2135 1133 2560 1207 περιτέμνεσθαι
2580 1132 2708 1203 (58)
2739 1132 2835 1203 τὴν
2870 1128 3128 1202 ἀληθινὴν
3152 1131 3478 1201 περιτομήν.
3523 1129 3702 1199 Ἡμεῖς

2134 1229 2242 1301 γάρ
2282 1228 2377 1281 κα)¹
2410 1226 2613 1297 ταύτην
2643 1226 2709 1279 ἂν
2742 1225 2839 1295 τὴν
2870 1223 3173 1294 περιτομὴν
3205 1222 3303 1292 τὴν
3331 1222 3472 1275 κατά
3512 1221 3701 1291 σάρκα,

2135 1319 2230 1372 καὶ
2262 1319 2328 1371 τὰ
2360 1317 2624 1378 σάϐϐατα,
2656 1314 2751 1367 κα)⁵
2779 1312 2875 1376 τάς
2920 1312 3110 1383 ἑορτὰς
3141 1310 3320 1373 πάσας
3362 1308 3550 1373 ἁπλῶς
3578 1311 3703 1377 ἐφυ-

2136 1411 2426 1479 λάσσομεν,
2444 1409 2493 1460 εί
2521 1407 2594 1478 μὴ
2625 1405 2866 1474 ἔγνωμεν
2892 1401 3043 1473 δι’ἣν
3071 1400 3250 1454 αἰτίαν
3279 1398 3375 1451 καὶ
3404 1399 3532 1468 ὑμῖν
3548 1414 3702 1469 προσ-

2137 1503 2339 1572 ετάγη,
2385 1498 2629 1572 τουτέστι
2683 1495 2769 1549 διὰ
2831 1492 2928 1557 τάς
2987 1492 3215 1562 ἀνομίας
3265 1489 3418 1560 ὑμῶν
3476 1488 3572 1540 καὶ
3613 1488 3701 1559 τὴν

2141 1570 2688 1664 σκληροκαρδίανξΕί
2718 1587 2825 1656 γὰρ
2857 1585 3201 1656 ὑπομένομεν
3231 1582 3410 1635 πάντα
3439 1581 3507 1634 τὰ
3535 1580 3594 1643 ἐξ
3622 1581 3703 1632 ἀνο

2139 1687 2372 1759 θρώπων
2403 1685 2498 1738 καὶ
2525 1681 2795 1752 δαιμόνων
2824 1678 3043 1748 φαύλων
3070 1674 3443 1747 ἐνεργούμενα
3474 1675 3553 1737 εἰς
3570 1674 3702 1743 ἡμᾶς

2141 1780 2348 1850 φέρειν,
2396 1777 2471 1840 ὡς
2512 1774 2609 1828 καὶ
2654 1774 2814 1844 μέχρι
2856 1771 2962 1825 τῶν
3004 1770 3259 1841 ἀρρήτων
3302 1767 3439 1838 (59),
3485 1766 3702 1819 θανάτου

467 1893 550 1935 ter
575 1881 878 1935 horrendas
914 1895 1022 1942 res,
1055 1887 1285 1931 mortem
1332 1886 1388 1929 et
1412 1875 1698 1946 supplicia,
1734 1875 1801 1929 iis
1825 1874 2037 1943 quinos

2214 1844 2234 1922 ί
2282 1866 2591 1939 τιμωριῶν,
2642 1865 2923 1935 εὐχόμενοι
2975 1860 3264 1933 ἐλεηθῆναι
3320 1858 3418 1912 καὶ
3472 1857 3598 1921 τοὺς
3646 1857 3705 1908 τὰ

466 1973 540 2026 ita
577 1965 935 2039 pertractant,
964 1969 1391 2024 misericordiam
1429 1967 1678 2021 exhiberi
1724 1979 2034 2035 precemur,

465 2080 564 2118 nec
586 2064 836 2131 cuiquam
872 2077 936 2115 ne
957 2062 1149 2115 leviter
1174 2061 1393 2130 quidem
1430 2060 1652 2130 rependi
1688 2059 1942 2124 velimus,
1979 2068 2038 2114 ut

466 2156 625 2209 nobis
661 2154 914 2222 przecepit
948 2167 1120 2206 novus
1174 2151 1510 2220 Legislator;
1546 2152 1815 2219 quomodo
1842 2167 1947 2205 non
1972 2166 2034 2205 ea

470 2248 636 2301 etiam
674 2261 795 2314 quae
829 2260 925 2300 nos
958 2246 1094 2299 nihil
1122 2246 1341 2308 ltedunt,
1372 2245 1554 2301 carnis
1602 2246 1723 2300 dico
1757 2244 2039 2299 circumciv

465 2339 673 2393 sionem
733 2348 789 2391 et
827 2338 1053 2392 sabbata
1115 2348 1169 2392 et
1201 2338 1386 2404 ferias,
1436 2338 1675 2407 Trypho,
1722 2337 2041 2391 observare-

468 2435 629 2489 mus?

541 2548 628 2601 19.
659 2546 1007 2601 (ἱὶνειιηιεὶδὶο
1062 2556 1184 2598 ante
1224 2542 1490 2594 Abraham
1530 2544 1730 2609 ignota.
1787 2540 1895 2593 Lex
1943 2541 2037 2594 sub

468 2640 652 2711 Moyse
683 2641 744 2694 ob
788 2640 1045 2693 duritiam
1075 2637 1268 2691 cordis.
1302 2664 1373 2676 —
1407 2634 1519 2689 lloc
1554 2650 1686 2689 sane
1728 2646 1808 2689 est
1846 2636 1896 2689 in
1931 2649 2040 2703 quo

466 2733 613 2787 dubii
674 2733 870 2785 merito
926 2731 1251 2792 haereamus,
1280 2742 1379 2781 cur
1412 2741 1535 2780 cum
1577 2727 1691 2781 haec
1726 2726 2038 2796 perferatis,

468 2824 765 2879 nonetiam
798 2833 997 2878 caetera
1048 2821 1254 2887 omnia,
1308 2821 1376 2875 de
1406 2819 1604 2889 quibus
1658 2834 1800 2875 nunc
1836 2819 2037 2890 quaeri-

467 2933 611 2981 mus,
645 2916 968 2971 observetis.

538 3007 726 3078 Neque
758 3007 902 3062 enim
938 3006 1245 3062 necessaria
1271 3016 1356 3061 est
1386 3005 1641 3061 omnibus
1672 3005 1789 3061 haec
1809 3005 2046 3061 circum—

469 3099 630 3163 cisio,
669 3099 763 3153 sed
797 3098 952 3152 vobis
995 3097 1149 3161 solis,
1184 3106 1264 3163 ut,
1295 3094 1753 3166 quemadmodum
1791 3097 2036 3166 prmdixi,

2137 1962 2356 2017 τοιαῦτα
2383 1958 2721 2020 διατιθέντας
2752 1956 2899 2025 ἡμᾶς
2943 1954 3036 2006 καὶ
3078 1952 3211 2023 μηδὲ
3258 1948 3457 2020 μικρὸν
3499 1945 3705 2018 ἀμείϐε-

2138 2054 2262 2107 σθαι
2297 2053 2499 2124 μηδένα
2529 2049 2861 2121 βουλόμενοι,
2890 2046 2964 2110 ὡς
2993 2048 3021 2098 ὁ
3054 2042 3238 2106 καινὸς
3269 2039 3570 2112 νομοθέτης
3598 2036 3704 2090 ἐκέ-

2136 2147 2327 2201 λευσεν
2354 2146 2503 2215 ἡμῖν·
2538 2140 2653 2204 πῶς
2680 2138 2800 2210 οὑχὶ
2830 2137 2925 2191 καὶ
2954 2136 3020 2189 τὰ
3039 2135 3173 2206 μηδὲ
3204 2133 3515 2203 βλάπτοντα
3544 2131 3701 2200 ἡμᾶς,

2138 2231 2436 2303 περιτομὴν
2465 2230 2521 2282 δὲ
2562 2226 2831 2299 σαρκικὴν
2870 2224 3014 2292 λέγω
3060 2224 3153 2276 καὶ
3195 2220 3445 2277 σάϐϐατα
3486 2218 3581 2273 καὶ¹
3616 2217 3702 2281 τὰς

2137 2324 2350 2395 ἑορτὰς,
2390 2321 2784 2391 ὲφυλάσσομεν,
2821 2312 3151 2388 ὧΤρύφωνς

2211 2528 2296 2583 19.
2328 2523 2687 2592 Τοῦτόζὲστιν
2731 2518 2838 2590 (60)
2896 2518 2925 2571 ὃ
2973 2518 3199 2588 ἀπορεῖν
3241 2513 3395 2581 ἄξιόν
3439 2516 3603 2575 ἐστιν,
3631 2513 3709 2565 ὅτι

2138 2620 2357 2675 τοιαῦτα
2388 2616 2766 2687 ὑπομένοντες,
2813 2612 2935 2681 οὐχὶ
2965 2610 3061 2663 καὶ
3093 2609 3159 2663 τὰ
3191 2608 3328 2662 ἄλλα
3385 2607 3564 2660 πάντα
3590 2602 3710 2675 περὶ

2138 2706 2215 2766 ὧν
2242 2710 2334 2765 νῦν
2374 2706 2665 2779 ζητοῦμεν,
2715 2702 3075 2774 φυλάσσομεν.

2211 3003 2285 3057 Οὑ
2313 3001 2420 3072 γάρ
2482 2998 2646 3050 πᾶσιν
2692 2991 2965 3061 ἀναγκαία
3018 2988 3157 3059 αὕτη
3199 2989 3233 3057 ἡ
3280 2983 3575 3056 περιτομὴ,
3602 2979 3713 3072 ἀλλ’

2140 3096 2268 3167 ὑμῖν
2310 3093 2509 3164 μόνοις,
2536 3089 2645 3152 ῖνα,
2676 3085 2751 3149 ὡς
2791 3083 3060 3155 προέφην,
3091 3078 3262 3132 ταῦτα
3308 3075 3523 3145 πάθητε
3551 3073 3585 3127 ἀ
3627 3071 3715 3167 νῦν

468 3203 531 3241 ea
570 3189 870 3258 patiamini,
906 3203 1028 3257 quae
1066 3187 1262 3241 merito
1316 3195 1496 3242 vestro
1550 3163 1817 3257 patimini.
1852 3184 2038 3255 Neque

2228 3186 2353 3258 δίκῃ
2396 3183 2655 3252 πάσχετε.
2700 3176 2833 3230 Οὐδὲ
2876 3174 2986 3245 γὰρ
3027 3171 3086 3224 τὸ
3120 3170 3407 3241 βάπτισμα
3447 3163 3718 3258 ἐκεῖνοΔτὺ

471 3281 636 3334 etiam
675 3279 920 3333 inutilem
956 3279 1103 3333 illum
1125 3279 1454 3348 baptismum
1476 3279 1841 3333 cisternarum
1870 3278 2043 3333 susci-

472 3375 689 3442 pimus;
721 3373 852 3427 nihil
886 3373 1027 3428 enim
1086 3382 1171 3427 est
1208 3374 1272 3427 ad
1308 3375 1454 3428 hunc
1501 3374 1629 3427 vitae
1687 3372 2037 3442 baptismum.

471 3464 598 3518 ldeo
620 3464 785 3518 etiam
808 3464 1076 3518 exclamat
1098 3464 1261 3525 Deus,
1285 3464 1432 3533 quod
1463 3462 1871 3531 dereliqueritis
1892 3477 2037 3529 eum,

470 3556 673 3611 fontem
709 3558 916 3621 vivum,
959 3567 1014 3610 et
1047 3556 1292 3610 foderitis
1338 3555 1747 3625 vobismetipsis
1773 3556 2040 3610 cisternas

469 3651 786 3718 dissipatas,
834 3664 957 3718 quae
992 3663 1097 3701 non
1136 3656 1363 3717 possunt
1386 3648 1669 3703 continere
1709 3663 1929 3718 aquam.
1964 3648 2041 3701 Ac

469 3760 568 3798 vos
596 3743 813 3812 quidem
863 3739 954 3811 qui
1001 3754 1170 3794 carne
1240 3738 1552 3794 circumcisi
1588 3739 1743 3804 estis,
1788 3739 2040 3806 indigetis

470 3846 657 3889 nostra
692 3832 1138 3897 circumcisione;
1166 3846 1265 3885 nos
1291 3839 1471 3885 autem
1510 3846 1632 3885 cum
1675 3831 1817 3884 hanc
1842 3830 2039 3884 hahea-

470 3943 614 3991 lllllS,
648 3927 783 3980 nihil
828 3926 929 3979 ista
954 3939 1091 3994 opus
1117 3926 1401 3979 habemus.
1439 3922 1573 3977 Nam
1613 3923 1659 3977 si
1685 3934 1825 3978 esset
1850 3937 2041 3977 neces-

469 4020 634 4084 saria,
676 4028 735 4072 ut
779 4018 1128 4083 existimatis,
1168 4032 1277 4070 non
1306 4016 1556 4071 finxisset
1588 4017 1729 4071 Deus
1774 4017 2039 4071 Adamum

469 4128 590 4165 cum
621 4110 909 4180 praeputio,
958 4125 1059 4164 nec
1093 4109 1280 4164 Abelis
1306 4109 1445 4163 dona
1482 4109 1835 4179 respexisset,
1872 4111 1963 4179 qui
1986 4111 2038 4165 in

474 4202 633 4273 119
649 4202 835 4257 carnis
853 4202 1114 4272 praeputio
1135 4202 1382 4256 victimas
1400 4201 1613 4269 obtulit,
1632 4217 1729 4256 nec
1745 4202 1793 4255 ei
1814 4203 2042 4270 placuis-

470 4308 553 4350 set
586 4299 637 4350 in
681 4296 945 4366 praeputio
976 4294 1185 4358 Euoch,
1216 4296 1307 4363 qui
1344 4310 1450 4349 non
1489 4304 1574 4349 est
1612 4296 1885 4360 inventus,
1913 4295 2039 4363 quia

475 4388 753 4442 transtulit
770 4403 891 4441 eum
916 4387 1077 4441 Deus.
1100 4386 1236 4441 L0th
1263 4388 1680 4442 incircumcisus
1701 4403 1767 4441 ex
1789 4386 2039 4443 Sodomis

469 4480 652 4533 salvus
684 4480 883 4546 evasit,
912 4478 1119 4548 angelis
1152 4494 1275 4533 eum
1299 4490 1353 4533 et
1373 4480 1601 4534 Domino
1622 4482 2037 4536 deducentibus.

468 4570 581 4625 Noe
600 4570 925 4640 principium
947 4571 1201 4639 generis;
1230 4571 1322 4625 sed
1345 4582 1523 4625 tamen
1549 4587 1652 4624 una
1670 4588 1789 4625 cum
1807 4572 1932 4625 ﬁliis
1956 4572 2037 4625 in-

468 4661 827 4717 circumcisus
856 4662 911 4716 in
944 4677 1126 4716 arcam
1162 4663 1441 4732 ingressus
1480 4674 1589 4718 est.
1613 4662 2036 4719 [incircumcisus

540 4859 581 4889 '”
621 4861 727 4915 lsa.
760 4876 800 4923 ι,
837 4859 923 4914 16.

544 5042 654 5116 (58)
692 5044 1167 5114 Περιτέμνεσθαι.
1196 5043 1377 5116 ln‘utili
1414 5056 1637 5116 prorsus
1665 5040 2047 5116 opera_legen-

470 5110 597 5235 dxi?
637 5110 1307 5188 ’ροηίίοίίπεριτέμνεσθε
1365 5110 1615 5168 eruditus
1684 5110 2075 5186 Londinensis_

470 5200 500 5235 e
541 5201 553 5235 I
582 5201 663 5235 or.

469 5186 663 5239 editor.

543 5255 652 5327 (59)
688 5254 873 5323 Μέχρι
914 5256 1032 5309 τῶν
1061 5254 1364 5327 ἁρῤήτων.
1401 5252 1575 5327 Ᾱίιμιε
1602 5250 1832 5327 Δἱηιιῑίιίε
1877 5266 2042 5327 opera

471 5322 748 5396 Sylhtirgii
778 5322 1233 5379 ’Subaudien’dum
1283 5322 2004 5396 exiStitnantis__7:poxwpeiv
2025 5361 2040 5387 ,

470 5390 741 5466 προιένᾶι,
795 5398 877 5449 vel
924 5396 1102 5449 simile
1140 5396 1282 5466 unid
1306 5434 1319 5455 ,
1356 5407 1433 5466 ac
1463 5390 1705 5466 Thirlbii‘
1751 5390 2035 5459 legendum

469 5459 809 5538 conﬁcientis
872 5467 1032 5538 μέχρι
1094 5459 1199 5519 τῶν
1262 5463 1514 5535 ἀρρήτων
1578 5459 1807 5538 θανάτου
1872 5479 2040 5532 τιμω-

473 5530 625 5597 ριῶν.
669 5535 818 5590 Satis
861 5530 1402 5603 est"interpungere
1448 5541 1571 5600 post
1637 5530 1783 5603 illam
1851 5530 2038 5585 vocem

469 5606 769 5676 τιμωριῶν.
794 5606 983 5675 Aptior
1014 5601 1253 5674 ejusdem
1274 5601 1517 5676 ‘Thirlhii
1544 5601 1885 5676 conjectura,
1914 5603 2041 5657 dum

472 5669 634 5810 genus
686 5685 806 5744 post
844 5669 1141 5746 legendum
1191 5682 1376 5727 monet
1420 5672 1487 5726 τά
1533 5670 1696 5741 μηδὲν
1741 5669 2042 5740 βλάπτοντα

472 5760 475 5764 .
513 5761 639 5810 μας.

513 5761 658 5882 “(uadi
715 5815 895 5871 Τοῦτό
944 5817 1131 5869 ἐστιν.
1187 5814 1308 5870 llzec
1370 5812 1615 5886 profecto
1646 5828 1765 5885 non
1797 5810 2042 5867 Justinus

2141 3253 2415 3348 ἀνωφελὲς
2466 3274 2525 3326 τὸ
2580 3269 2687 3324 τῶν
2735 3268 2953 3321 λάκκων
2994 3259 3527 3332 προσλαμϐάνομεν·
3571 3253 3719 3348 οὐδὲν

2141 3373 2249 3444 γάρ
2272 3345 2412 3440 ⁷πρὸς
2442 3367 2502 3419 τὸ
2532 3364 2812 3436 βάπτισμα
2843 3357 2998 3412 τοῦτο
3042 3354 3103 3407 τὸ
3131 3354 3227 3422 τῆς
3262 3351 3415 3444 ζωῆς
3452 3348 3601 3444 λέστί.
3634 3345 3721 3444 eo

2264 3437 2534 3532 κέκραγεν
2568 3458 2596 3509 ὁ
2629 3454 2783 3517 Θεὸς,
2816 3453 2896 3504 ὅτι
2924 3444 3310 3517 ἐγκατελίπετε
3342 3440 3509 3496 αὑτὸν
3542 3437 3720 3532 πηγῂν

2142 3560 2341 3625 ζῶσαν,
2374 3530 2470 3607 καὶ
2516 3548 2763 3621 ὠρύξατε
2798 3545 3009 3605 ἑαυτοῖς
3050 3538 3285 3601 λάκκους
3322 3530 3722 3625 συντετριμμέ-

2142 3667 2288 3712 νους,
2322 3646 2370 3699 οἳ
2398 3644 2458 3697 οὑ
2484 3642 2805 3712 δυνήσονται
2842 3636 3090 3705 συνέχειν
3115 3631 3278 3701 ὕδωρ.
3306 3628 3422 3680 Καὶ
3443 3627 3601 3697 ὑμεῖς
3626 3622 3725 3693 μὲν

2140 3744 2190 3796 oi
2220 3740 2317 3811 τὴν
2347 3738 2527 3808 σάρκα
2558 3728 3020 3803 περιτετμημένοι
3058 3722 3289 3797 χρῄζετε
3452 3714 3725 3811 ἡμετέρας

2142 3806 2441 3905 περιτομῆς
2461 3844 2476 3860 ’
2509 3828 2671 3897 ἡμεῖς
2701 3822 2779 3887 δὲ,
2813 3819 3017 3888 ταύτην
3042 3816 3282 3886 ἔχοντες,
3328 3810 3484 3863 οὐδὲν
3512 3806 3726 3905 ἐκείνης

2139 3896 2488 3995 δεύμεθάίΕί
2534 3896 2651 3985 γὰρ
2682 3908 2751 3983 ἦν
2782 3910 3078 3979 ἀναγκαία,
3122 3906 3197 3969 ὡς
3251 3904 3489 3964 δοκεῖτε,
3534 3896 3728 3995 οὑκῂὄζν

2140 3989 2476 4089 ἀκροϐυστον
2507 4009 2536 4060 ὁ
2577 4007 2711 4071 Θεὸς
2768 4002 2968 4056 έπλασε
3014 4001 3103 4052 τὸν
3163 3996 3337 4065 Ἀδὰμ
3405 3993 3539 4065 (61),
3604 3989 3728 4043 οὐδὲ

2141 4085 2436 4175 ἐπέϐλεψεν
2485 4103 2577 4156 ἐπὶ
2603 4104 2713 4162 τοῖς
2757 4095 2949 4167 δώροις
2987 4092 3081 4145 τοῦ
3117 4093 3176 4143 ἐν
3217 4085 3557 4159 ἀκροϐυστίᾳ
3596 4100 3732 4153 σαρ-

2142 4204 2235 4267 κὸς
2267 4196 2731 4272 προσενέγκαντος
2785 4186 2977 4250 θυσίας
3016 4182 3204 4246 Ἀϐελ,
3253 4180 3365 4233 οὐδ’
3412 4180 3481 4233 ἂν
3533 4174 3730 4272 εὐηρέ-

2143 4267 2339 4367 στησεν
2365 4294 2421 4344 ἐν
2447 4281 2787 4359 ἀκροϐυστίᾳ
2815 4276 3006 4347 Ἑνὼχ,
3024 4276 3119 4329 καὶ
3140 4274 3238 4344 οὑχ
3259 4273 3319 4325 εὑ
3330 4271 3576 4367 ρίσκετο,
3585 4267 3729 4367 dicit:

2144 4360 2443 4461 μετέθηκεν
2473 4379 2633 4435 αὑτὸν
2672 4379 2700 4429 ὁ
2742 4374 2894 4437 Θεός.
2921 4369 3043 4424 Λὼτ
3085 4366 3464 4461 ἀπερίτμητος
3496 4360 3620 4461 (62).
3664 4360 3729 4461 εκ

2141 4451 2389 4549 ὲοδόμων
2434 4472 2632 4542 ἐσώθη,
2665 4466 2843 4523 αὑτῶν
2892 4462 3112 4516 ἐκείνων
3138 4459 3245 4512 τῶν
3282 4456 3535 4525 ἀγγέλων
3563 4451 3730 4509 αὑτὸν

2069 4536 2113 4589 D
2143 4574 2236 4625 καὶ
2263 4536 2351 4622 τοῦ
2379 4564 2579 4637 Κυρίου
2600 4536 3085 4632 προπεμψάντων.
3122 4550 3247 4603 Νῶε
3288 4548 3437 4620 ἀρχὴ
3495 4546 3690 4637 γένους
3712 4559 3725 4569 ⁸

2144 4664 2259 4719 ἀλλ’
2283 4657 2375 4714 οὖν
2560 4657 2670 4718 τοῖς
2690 4651 2898 4713 τέκνοις
2928 4644 3303 4716 ἀπερίτμητος
3333 4644 3413 4704 εἰς
3438 4639 3536 4708 τὴν
3562 4634 3733 4688 κιϐω-

2148 5043 2392 5102 disserit,
2443 5039 2536 5093 sed
2582 5035 2839 5106 Trypho,
2895 5030 3049 5106 cujus
3101 5027 3337 5106 similem
3394 5026 3737 5106 sententiam

2143 5112 2258 5179 jam
2311 5098 2543 5164 vidimus
2595 5098 2779 5179 ιι.’⁵7.⁸
2811 5098 3164 5179 Restitiienda
3207 5113 3337 5179 ergo
3394 5098 3525 5179 hate.
3554 5100 3737 5150 verba

2149 5166 2445 5252 Tryphoni,
2474 5188 2548 5252 et_
2573 5166 3359 5252 pro‘cpuldtooopev.lwendum
3389 5166 3735 5252 Ξυλάσσετε.

2144 5236 2301 5321 ιλιεξῖι
2325 5236 2502 5304 editor
2530 5236 2891 5303 Londinensis
2917 5236 3012 5296 καὶ
3042 5242 3070 5292 ὁ
3105 5238 3363 5309 Τρύφων,
3389 5236 3556 5292 Τοῦτό
3575 5239 3741 5290 ἐστιν

2232 5321 2551 5377 φυλάσσετε.

2232 5341 2551 5391 φυλάσσετε.

2217 5394 2326 5463 (61)
2376 5392 2831 5463 Ἀκρόϐυᾳτον...
2870 5379 3214 5463 τργΠἌδάμ.
3254 5377 3380 5433 Ηωο
3402 5376 3739 5463 Justini.ra_-

2145 5447 2429 5518 tiocin’atio
2462 5447 2750 5527 'repcritur
2791 5454 2932 5527 apud
2984 5447 3387 5527 Terlttlliattutu
3420 5450 3538 5502 adv.
3587 5447 3739 5501 λεια.

2146 5549 2266 5602 cap.
2296 5534 2346 5595 l,
2381 5541 2434 5602 et
2463 5520 2806 5602 Lactantium
2829 5520 2924 5577 iih.
2951 5538 3023 5602 ιγ,
3064 5537 3182 5602 cap.
3219 5520 3305 5602 18‘.

2219 5588 2345 5672 (62)
2362 5599 2491 5672 Λὼτ
2512 5597 2930 5672 ἀπερίτμητος.
2960 5590 3409 5672 Justinjrvestig'ijt
3434 5588 3746 5672 manifeste

2148 5660 2404 5741 premunt
2454 5660 2689 5741 [renatus
2720 5660 2837 5721 'lib.
2894 5680 2968 5729 tv,
3021 5678 3073 5719 c.
3124 5662 3214 5730 16,
3267 5672 3323 5715 et
3354 5660 3745 5716 Tertulliauus

2149 5739 2264 5799 adv.
2299 5743 2429 5797 .lad.
2466 5755 2515 5795 c.
2548 5739 2601 5791 2.
