3770 6504
99 365 180 418 δη
1007 356 1351 415 DlALOGUS
1388 356 1532 414 CUM
1568 355 1939 413 TRYPHONE
1974 356 2237 415 JUD/EO.
3200 371 3308 427 διε

102 484 172 537 τὴν
195 478 443 549 εἰσῆλθεν.
474 475 867 551 Ἀπερίτμητος
910 470 980 545 ἦν
1033 478 1062 529 6
1112 476 1291 545 ἱερεὺς
1336 475 1428 528 τοῦ
1470 474 1591 544 Ὑψί

1818 482 1857 527 ιι
1899 474 2163 528 sacerdos
2193 472 2455 530 Altissimi
2496 476 2920 548 Melchisedech,
2953 484 3038 538 cui
3068 485 3307 545 decimas

99 592 201 628 στου
222 571 558 641 Μελχισεδὲκ,
584 563 632 637 ᾧ
666 571 762 623 καὶ
785 569 1015 633 δεκάτας
1057 571 1373 643 προσφοράς
1427 570 1588 624 ἔδωκε

1822 564 1933 618 tulit
1956 565 2256 629 Abraham,
2289 566 2334 620 is
2362 568 2452 634 qui
2488 570 2695 637 primus
2721 573 2901 627 carnis
2936 575 3311 637 circumcisio-

107 666 323 737 Ἀδραάμ
355 666 381 715 6
408 661 617 734 πρῶτος
656 661 754 733 τὴν
785 662 926 716 κατὰ
970 662 1149 735 σάρκα
1187 663 1490 735 περιτομὴν
1529 663 1595 716 λα

1821 673 1858 710 ιι
1903 657 2139 726 accepit,
2172 657 2334 725 eique
2376 659 2650 715 benedixit
2694 662 3119 731 Melchisedech,
3156 670 3310 741 cujus

98 760 203 821 ὅὼν,
227 759 312 809 καὶ
338 755 628 825 εὐλόγησεν
681 754 877 809 αὐτόν’
928 750 988 809 οὗ
1035 756 1174 808 κατὰ
1220 757 1319 827 τὴν
1352 755 1503 820 τάξιν
1535 756 1587 808 τὲ

1819 752 2028 805 :uudttm
2067 752 2313 806 ordinem
2353 753 2496 807 Deus
2524 757 2866 812 sacerdotem
2898 769 3167 816 retentum
3194 779 3222 816 a
3248 779 3308 818 se

95 851 276 905 αίώνιον
297 848 443 919 ἱερέα
477 850 505 901 6
532 847 665 911 Θεὸς
704 849 1066 919 καταστήσειν
1094 848 1181 902 διά
1218 848 1308 901 τοῦ
1337 849 1502 902 Δαὸὶδ
1530 866 1584 919 με

1820 844 2036 896 titulum
2065 842 2131 897 iri
2176 843 2400 898 Davidis
2449 861 2545 901 ore
2576 847 2895 903 declaravit.
2940 851 3105 907 Vobis
3143 854 3308 924 igitur

98 948 319 1016 μήνυκεν.
366 942 522 1012 ’Υμῖν
543 937 635 994 οὖν
669 941 849 1012 μόνοις
884 941 1156 1010 ἀναγκαία
1194 938 1262 1014 ἦν
1291 944 1323 1013 ἡ
1356 960 1587 1014 περιτομ

1818 936 1858 990 is
1908 937 2217 991 necessaria
2264 946 2349 992 est
2399 938 2512 993 haec
2556 940 2933 1009 circumcisio,
2968 954 3027 998 ut
3070 948 3307 1017 populus

93 1036 206 1105 αὕτη
225 1052 236 1063 ·
267 1035 348 1086 ἵνα
374 1035 402 1085 6
430 1031 557 1097 λαὸς
586 1033 646 1085 οὐ
698 1032 825 1097 λαὸς
854 1028 909 1105 ᾖ,
947 1032 1042 1085 καὶ
1070 1032 1128 1085 τὸ
1154 1033 1304 1098 ἔθνος
1330 1034 1427 1087 οὐκ
1448 1033 1582 1097 ἔθνος

1811 1043 1832 1081 a
1880 1043 1992 1081 non
2048 1039 2194 1083 esset
2240 1029 2489 1098 populus,
2519 1047 2618 1087 nec
2646 1032 2914 1102 gensjam
2948 1045 3096 1091 esset
3136 1052 3300 1107 gens;

91 1129 151 1190 ὡς
180 1126 262 1178 καὶ
294 1125 467 1195 Ὠσηὲ,
506 1118 585 1187 εἷς
614 1123 722 1177 τῶν
750 1123 967 1177 δώδεκασ
983 1125 1296 1197 προφητῶν,
1336 1127 1489 1195 φησί.
1515 1126 1580 1179 Kc

1817 1120 2185 1174 amadmodum
2218 1122 2293 1174 ait
2323 1121 2517 1187 Oseas,
2566 1140 2705 1179 unus
2743 1142 2805 1180 ex
2853 1128 3137 1183 duodecim
3179 1148 3306 1201 pro-

90 1219 176 1287 γὰρ
207 1216 272 1286 μὴ
314 1215 738 1280 σαϐὂατίσαντες
784 1217 833 1268 οἱ
892 1217 1375 1287 προωνομασμένοι
1424 1217 1579 1270 πάντε

1815 1212 1906 1265 :tis
1954 1213 2019 1266 τ’.
2052 1211 2184 1266 Nam
2224 1212 2358 1281 justi
2408 1231 2621 1281 omnes,
2662 1232 2800 1285 quos
2830 1220 2991 1273 modo
3030 1226 3304 1291 recensui,

90 1309 275 1370 δίκαιοι,
327 1305 402 1376 τῷ
451 1305 571 1376 Θεῷ
642 1306 1037 1378 εὐηρέστησαν,
1102 1308 1196 1360 καὶ
1260 1308 1373 1379 μετ’
1427 1308 1579 1362 αὐτοὶ

1811 1303 1976 1357 ιηινὶε
2022 1304 2248 1359 sabbata
2303 1322 2409 1359 non
2448 1307 2827 1373 observarent,
2866 1309 2972 1363 Deo
3022 1312 3300 1381 placuere,

88 1400 319 1471 Ἀϐραὰμ,
361 1401 456 1453 καὶ
484 1401 531 1452 οἱ
576 1399 763 1453 τούτου
805 1401 910 1453 υἱοὶ
957 1400 1196 1465 ἅπαντες
1238 1402 1398 1473 μέχρι.
1457 1404 1577 1456 Μωξ

1818 1407 1940 1467 post
1974 1412 2067 1453 eos
2092 1401 2370 1455 Abraham
2432 1400 2658 1471 eiusque
2697 1404 2896 1472 posteri
2922 1419 3112 1460 omnes
3134 1424 3304 1478 usque

90 1493 223 1556 σὲως·
262 1494 341 1560 ἐφ’
377 1488 438 1545 οὗ
477 1492 660 1557 ἄδικος
708 1492 805 1545 καὶ
848 1480 1145 1565 άχάριστος
1187 1496 1267 1559 είς
1308 1494 1397 1546 τὸν
1427 1495 1559 1549 Θεὸν

1829 1486 2051 1559 Moysen
2078 1528 2094 1551 ,
2125 1491 2227 1543 sub
2253 1505 2362 1559 quo
2388 1490 2621 1556 injustus
2650 1492 2881 1559 p0pulus
2909 1504 3093 1548 vester
3136 1507 3189 1549 et
3220 1496 3303 1548 in-

88 1586 187 1649 λαὸς
210 1585 352 1655 ὑμῶν
375 1586 548 1655 ἐφάνη
576 1586 634 1638 ὲν
670 1588 736 1655 τῇ
775 1586 965 1657 ἐρήμῳ
1008 1587 1425 1656 μοσχοποιήσας.
1460 1586 1577 1640 Ὅθε

1814 1590 1909 1633 .tus
1951 1581 2002 1633 in
2036 1579 2207 1635 Deum
2236 1591 2489 1651 repertus
2514 1594 2619 1649 est,
2660 1584 2895 1639 conﬂato
2926 1586 2980 1639 in
3014 1586 3303 1641 solitudine

87 1681 108 1730 ὁ
142 1678 269 1742 Θεὸς,
305 1678 682 1749 ἁρμοσάμενος
713 1677 849 1748 πρὸς
877 1678 967 1732 τὸν
996 1677 1127 1730 λαὸν
1147 1678 1374 1741 ἐκεῖνον,
1403 1678 1497 1731 καὶ
1526 1676 1576 1730 θι

1809 1676 1911 1728 ιιΙο.
1977 1672 2131 1728 Unde
2184 1676 2607 1730 accommodans
2661 1693 2720 1731 se
2748 1679 2813 1730 ad
2862 1678 3008 1734 hunc
3044 1681 3298 1751 populum

88 1770 180 1832 cia;
200 1768 388 1839 φέρειν,
416 1768 492 1833 ὡς
521 1768 656 1839 πρὸς
684 1768 853 1839 ὄνομα
878 1767 1062 1831 αὐτοῦ,
1085 1767 1403 1832 ἐνετείλατο,
1424 1769 1510 1821 ἵνα
1541 1786 1577 1839 μ

1808 1783 1861 1822 us
1902 1768 2158 1838 przecepit
2188 1768 2398 1822 hostias
2432 1767 2615 1823 offerri
2648 1779 2904 1839 tanquam
2944 1774 3148 1827 nomini
3176 1790 3297 1839 suo,

86 1863 475 1934 εἰδωλολατρῆτε.
531 1844 705 1935 Ὅπερ
740 1863 860 1917 οὐδὲ
900 1862 1223 1934 ἐφυλάξατε,
1264 1863 1401 1919 ἀλλὰ
1433 1864 1528 1917 καὶ
1550 1883 1575 1917 τ

1823 1858 2113 1913 simulacra
2148 1860 2443 1926 coleretis;
2475 1863 2615 1930 quod
2641 1863 2812 1931 ipsum
2840 1872 3019 1918 tamen
3051 1880 3156 1920 non
3185 1881 3304 1921 ser-

86 1958 215 2009 τέκνα
251 1933 394 2026 ὑμῶν
420 1954 609 2008 ἐθύετε
646 1933 757 2020 τοῖς
780 1956 1101 2027 δαιμονίοις.
1128 1957 1240 2009 Καὶ
1267 1957 1575 2023 σαϐϐατίςει

1807 1949 1922 2014 itis,
1967 1949 2061 2003 sed
2104 1948 2312 2004 liberos
2352 1959 2564 2005 vestros
2617 1951 2946 2008 immolastis
2992 1955 3296 2010 daemoniis.

84 2042 154 2097 οὖν
176 2046 285 2113 ὑμῖν
341 2044 742 2115 προστέταχεν,
775 2046 861 2100 ἵνα
918 2048 1138 2119 μνήμην
1178 2046 1489 2119 λαμϐάνητε
1524 2066 1573 2102 τι

1807 2042 1887 2095 ιεὶι
1915 2040 2081 2095 etiam
2116 2042 2403 2096 sabbatum
2427 2043 2732 2105 observari,
2763 2054 2821 2099 ut
2852 2048 3172 2099 memoriam
3202 2048 3296 2102 Dei

84 2133 203 2187 θεοῦ.
231 2136 332 2188 Kal
358 2135 467 2206 γὰρ
500 2135 530 2186 6
562 2134 721 2203 λόγος
753 2136 915 2189 αὑτοῦ
945 2137 1099 2191 τοῦτο
1129 2138 1385 2209 σημαίνει
1418 2138 1573 2207 λέγω1

1804 2131 1977 2185 ιθιειίε
2029 2148 2043 2184 :
2100 2131 2261 2201 idque
2312 2133 2594 2201 Scriptura
2625 2135 2806 2187 divina
2858 2136 2938 2190 sic
2985 2136 3233 2192 declarat
3277 2156 3293 2193 :

89 2229 199 2282 (Τοῦ
224 2228 502 2297 γινώσκειν
529 2234 611 2285 ὅτι
645 2231 755 2302 ἐγώ
789 2235 904 2304 είμι
934 2234 963 2287 6
995 2233 1126 2297 Θεὸς
1144 2234 1174 2285 6
1200 2232 1578 2306 λυτρωσάμενο

1803 2222 1858 2277 Ut
1902 2224 2250 2292 cognoscatis
2283 2240 2366 2280 tne
2400 2239 2523 2280 esse
2553 2226 2721 2281 Deum
2768 2228 3167 2297 redemptorem
3194 2245 3292 2286 ve—

86 2322 212 2388 ὑμᾶς.
227 2342 243 2373 ι

1715 2327 1892 2373 strutn
1922 2318 1987 2371 ⁷³.
2028 2337 2047 2369 ι

135 2415 205 2467 ‘20.
237 2417 337 2469 Kal
368 2416 476 2489 γάρ
527 2417 834 2490 βρωμάτων
877 2418 1039 2472 τινῶν
1086 2419 1383 2490 ἀπέχεσθαι
1417 2419 1613 2492 προσέ-

1787 2428 1877 2485 20.
1906 2429 2155 2483 Ciborum
2190 2430 2419 2484 delectus
2448 2447 2543 2483 cur
2571 2433 2928 2502 praescriptus.
2965 2464 3036 2475 —
3070 2436 3276 2492 Simili-

86 2506 210 2569 τιξεν
238 2510 378 2579 ὑμῖν,
418 2511 506 2563 ἴνα
562 2512 656 2564 xal
704 2512 762 2563 ὲν
792 2510 870 2581 τῷ
914 2511 1113 2565 ἐσθίειν
1156 2511 1264 2584 (65)
1299 2514 1392 2565 καὶ
1437 2512 1575 2567 πίνει

1839 2522 2117 2576 mandavit
2146 2531 2207 2576 ut
2238 2537 2269 2576 a
2310 2522 2447 2577 cibis
2486 2524 2806 2593 quibusdam
2838 2525 3207 2593 abstineretis,
3234 2536 3292 2583 ut

84 2600 165 2670 πελ
184 2600 456 2673 ὀφθαλμῶν
485 2602 650 2674 ἔχητε
673 2603 765 2657 τὸν
786 2602 939 2667 Θεὸν,
957 2604 1314 2675 εὐκατάφοροι
1334 2606 1485 2669 ὄντες
1518 2624 1573 2659 κε

1801 2630 1877 2669 am
1928 2615 2072 2669 inter
2107 2615 2371 2670 edendum
2413 2625 2465 2671 et
2492 2617 2779 2671 bibendum
2814 2630 2941 2675 ante
2969 2620 3158 2676 oculos
3189 2622 3290 2675 ha-

85 2693 281 2762 εὖχερείς
307 2693 436 2766 πρὸς
468 2694 534 2747 τὸ
563 2693 891 2764 ἀφίστασθαι
912 2693 1013 2764 τῆς
1045 2693 1295 2764 γνώσεως
1328 2696 1512 2762 αὐτοῦ,
1535 2696 1574 2749 ὡ

1799 2709 1917 2764 retis
1941 2709 2144 2775 Deum;
2185 2708 2382 2778 quippe
2408 2724 2531 2762 cum
2568 2709 2756 2764 faciles
2782 2711 2901 2765 sitis
2932 2720 2986 2766 et
3016 2712 3288 2781 proclives

84 2784 381 2857 ωὶΜωῦσῆς
420 2804 589 2859 φησιν
612 2803 627 2817 ³
669 2806 687 2839 ι
723 2788 931 2856 Ἐφαγε
965 2788 1058 2840 καὶ
1089 2786 1242 2841 ἔπιεν
1286 2790 1314 2842 6
1344 2787 1486 2852 λαὸς,
1516 2806 1573 2841 κο

1830 2800 2188 2870 abjiciendam
2239 2802 2357 2871 ejus
2392 2801 2785 2871 cognitionem,
2822 2805 3284 2872 quemadmodum

83 2875 237 2947 ἀνέστη
260 2876 345 2930 τοῦ
369 2879 643 2943 παίζειν.»
698 2879 810 2933 Καὶ
852 2879 1013 2934 πάλιν
1034 2898 1046 2909 ·
1090 2898 1108 2931 ι
1135 2880 1373 2947 Ἔφαγεν
1413 2880 1572 2933 Ἰακὼ

1797 2895 2005 2968 Moyses
2047 2894 2167 2949 ait:
2208 2912 2228 2946 ι
2284 2894 2408 2949 Edit
2450 2904 2503 2949 et
2549 2894 2683 2950 bibit
2710 2896 2938 2965 p0pulus
2966 2906 3021 2951 et
3048 2900 3286 2953 surrexit

82 2966 151 3017 ml
168 2966 445 3039 ἐνεπλήσθη
475 2971 575 3023 καὶ
606 2970 870 3041 ὲλιπάνθη
900 2972 1034 3042 (64),
1070 2972 1163 3024 καὶ
1195 2971 1555 3025 ἀπελάκτισεν

1804 2966 2093 3041 ludendum
2124 2985 2192 3040 ".
2232 3004 2251 3037 ι
2286 2984 2353 3038 Et
2394 3000 2651 3038 rursum:
2694 3002 2713 3036 ι
2745 2985 2866 3038 Edit
2892 2984 3061 3040 Jacob
3102 2996 3158 3041 et
3194 3002 3286 3041 sa-

81 3056 402 3127 ὴγαπημένος·
439 3061 730 3132 ὲλιπάνθη,
788 3061 1087 3133 ἐπαχύνθη,
1141 3062 1466 3134 ὲπλατύνθη,
1514 3081 1570 3117 κο

1789 3090 1924 3136 atus
1952 3090 2035 3135 est
2061 3090 2117 3135 et
2146 3080 2514 3150 impinguatus
2535 3088 2588 3134 et
2617 3079 2980 3135 recalcitravit
3002 3080 3235 3135 dilectus
3263 3098 3278 3137 :

83 3148 350 3211 ἐγκατέλιπε
377 3152 511 3206 Θεὸν
534 3152 625 3205 τὸν
654 3154 957 3224 ποιήσαντα
983 3153 1197 3207 αὐτόν.»
1231 3153 1322 3224 Τῷ
1348 3154 1456 3225 γὰρ
1484 3155 1572 3207 Νῶ

1796 3173 2079 3243 pinguatus
2122 3148 2235 3237 est,
2277 3148 2631 3237 itivcrassatus,
2682 3172 2969 3236 dilatatus,
2999 3184 3055 3227 et
3089 3171 3285 3227 dereli-

81 3238 141 3288 ὅτι
165 3241 526 3314 συγκεχώρητο
558 3244 662 3297 ὑπὸ
683 3242 775 3297 τοῦ
798 3243 954 3307 Θεοῦ,
988 3244 1180 3314 δικαίῳ
1210 3243 1343 3308 ὄντι,
1371 3246 1477 3297 πᾶν
1509 3243 1570 3315 ἔμ

1792 3267 2022 3325 itDeum
2067 3265 2331 3321 factorem
2364 3280 2523 3319 suum
2560 3265 2626 3318 ".
2665 3284 2685 3317 ι
2725 3264 2836 3320 Noe
2869 3268 3015 3320 enim
3074 3266 3281 3321 homini

81 3329 214 3398 ψυχον
234 3310 608 3408 ἐσθίειν,νπλὴν
635 3336 801 3407 κρέας
822 3338 880 3389 ὲν
900 3337 1109 3407 αἵματι,
1134 3310 1230 3390 όπε
1238 3353 1270 3407 ρ
1293 3337 1408 3389 ἐστὶ
1428 3310 1570 3406 νεκρι

1790 3372 1854 3415 ito
1886 3375 2211 3417 concessum
2262 3374 2382 3415 esse
2430 3376 2459 3413 a
2504 3359 2614 3414 Deo
2648 3367 2707 3413 ut
2751 3359 3053 3415 animatum
3092 3376 3279 3428 omne,

84 3427 206 3491 μαῖον
222 3426 342 3496 (65),
358 3429 443 3483 διὰ
470 3429 753 3492 Μωῦσέως
768 3428 1092 3500 άνιστορήθη
1115 3430 1243 3499 ὑμῖν
1276 3432 1332 3483 ὲν
1354 3433 1417 3500 τῇ
1441 3430 1573 3501 βίὸλι

1791 3456 1913 3502 nter
1967 3460 2166 3502 carnes
2221 3447 2273 3501 in
2303 3440 2656 3518 ,sanQuine,‘
2686 3448 2786 3503 hoc
2830 3458 2913 3503 est
2960 3449 3280 3506 suﬂ'ocatuna

82 3514 155 3581 τῆς
182 3518 212 3567 Γ
212 3519 442 3584 ενέσεως.
476 3552 549 3561 —
580 3522 690 3575 Kal
724 3521 1042 3592 βουλομένου
1076 3520 1237 3574 αὐτοῦ
1271 3523 1443 3575 εἰπεῖν
1472 3520 1571 3593 (66]

1787 3550 1915 3604 eret,
1970 3540 2219 3597 narravit
2259 3514 2686 3610 vobis'Moyses
2736 3541 2789 3594 in
2832 3541 2972 3596 libro
3025 3541 3276 3599 Genesis.

87 3624 100 3653 ι
139 3608 199 3671 ὡς
241 3610 432 3683 λάχανα
485 3614 702 3683 χόρτου,
746 3633 764 3666 ι
818 3617 1076 3683 προεῖπον
1118 3614 1261 3683 ὲγώο
1309 3615 1400 3679 Τὸ,
1453 3634 1473 3667 ι
1530 3616 1575 3668 ὼ

1783 3642 1950 3688 trante
1972 3631 2064 3688 illo
2084 3634 2197 3687 hare
2230 3632 2400 3688 verba
2427 3608 2689 3702 objicere,
2712 3650 2732 3685 ι
2758 3631 2828 3688 Ut
2854 3632 3000 3689 olera
3025 3635 3226 3703 herba,
3250 3653 3272 3689 ι

161 3776 177 3802 ’
202 3773 308 3828 Osc.
337 3779 453 3837 t,9.
546 3775 591 3806 ⁷³
632 3774 833 3829 Ezecb.
864 3790 956 3840 rex,
996 3774 1084 3828 12.
1178 3775 1225 3805 ⁷⁵
1266 3774 1436 3829 Exod.
1468 3790 1640 3839 xxx",
1674 3772 1727 3827 6.
1800 3771 2050 3844 "__Deut.
2087 3772 2375 3838 xxxrt,15.

135 3933 223 4000 (65)
251 3935 371 3988 "Ira
409 3934 512 4007 καὶ
536 3935 623 4007 γὲν
662 3934 744 4007 τῷ
791 3936 1035 3990 ἐσθίειν.
1067 3933 1223 4007 Idem,
1242 3934 1438 4007 docent
1476 3936 1595 3990 Cle-

1784 3950 1820 3987 ιι
1853 3950 1919 3991 ex
1955 3934 2395 4007 Deuteronomio,
2431 3933 2497 4007 ad
2540 3948 2603 3988 ea
2652 3950 2775 4004 quae
2814 3943 2938 4007 post
2982 3937 3083 3991 has
3130 3935 3273 4007 leges

83 4015 199 4058 mens
232 4008 377 4062 Alex.
406 4003 630 4075 Pajdag.
662 4005 699 4060 l.
728 4021 767 4070 ι,
799 4023 849 4059 c.
884 4008 940 4070 1,
971 4020 1095 4075 pag.
1131 4005 1269 4069 N9;
1300 4006 1593 4060 Tertullia-
1700 4008 1998 4075 contigere.
2041 4005 2218 4075 Atque
2258 4007 2309 4060 id
2339 4006 2567 4073 ,qnidem
2606 4003 2828 4061 videtur
2869 4006 3113 4061 Justinus
3170 4003 3273 4063 bac

84 4086 159 4145 nus
193 4091 244 4139 ιι,
288 4078 401 4129 adv.
456 4074 654 4137 Hum.
682 4091 733 4131 c.
792 4076 879 4141 l9,
917 4086 972 4129 et
1015 4074 1335 4130 Novitianus
1381 4075 1475 4129 lib.
1519 4077 1593 4131 De
1700 4074 1882 4131 mente
1930 4074 2145 4140 fecisse,
2193 4086 2253 4131 ut
2294 4076 2549 4145 probaret
2575 4076 2743 4145 legent
2792 4093 2899 4131 non
2950 4078 3123 4131 solum
3178 4075 3273 4133 Ju-

79 4142 156 4193 τιὸ.
178 4146 319 4217 1nd,,
367 4161 487 4216 cap.
542 4146 595 4201 4.
629 4147 837 4201 Auctor
883 4145 1169 4217 Constituit.
1204 4155 1399 4213 apost.,
1432 4145 1469 4200 l.
1512 4164 1589 4213 vr,
1698 4146 1832 4217 dacis
1875 4146 1944 4200 ob
1988 4142 2309 4213 nequitiam
2333 4158 2386 4200 et
2427 4161 2521 4199 cor
2566 4142 2913 4201 durissimum
2959 4147 3270 4217 impositam

80 4226 173 4279 mp.
198 4216 275 4271 20.
297 4214 476 4285 Carpit
515 4226 691 4271 tamen
738 4217 877 4273 hanc
904 4216 1101 4271 Jnstini
1131 4220 1395 4271 rationem
1422 4217 1591 4287 Spen-
1698 4214 1890 4287 fuisse,
1909 4217 2002 4270 sed
2021 4218 2184 4271 etiam
2206 4216 2325 4271 illos
2343 4217 2562 4270 minime
2580 4218 2678 4287 hac
2700 4217 2816 4283 lege
2833 4214 3054 4287 sanatos
3076 4219 3266 4272 luisse.

81 4294 222 4346 cerus,
259 4299 519 4357 negatque
556 4305 577 4339 ι
614 4289 760 4342 hanc
784 4289 1109 4343 sententiam
1140 4287 1429 4357 quidquam
1460 4286 1568 4356 prae

1779 4286 1883 4357 [65)
1927 4286 2105 4357 ’ᾯπερ
2134 4286 2305 4357 ἐστὶν
2329 4286 2686 4357 νεκριμαῖον.
2706 4288 2807 4357 Sic
2835 4286 3113 4356 legendum
3135 4303 3268 4341 cen-

83 4358 377 4428 Ifrspeciem
425 4356 481 4411 et
530 4358 766 4428 colorem
818 4358 1038 4421 habere,
1089 4374 1109 4408 ι
1150 4364 1287 4410 tom!
1316 4357 1358 4413 Ι.
1389 4356 1587 4428 De_leg.
1700 4358 1803 4428 suit
1839 4356 1905 4409 Η.
1938 4356 2271 4428 Stephanus,
2298 4356 2416 4411 loco
2442 4356 2668 4428 vulgatae
2704 4356 2951 4428 lectionis
2982 4359 3266 4428 ὲκριμαῖον

83 4416 232 4499 μεριξ,
260 4443 307 4495 p.
349 4428 474 4483 265.
522 4427 751 4499 Fallitur
779 4416 1128 4499 doctissimus
1168 4428 1424 4499 scriptor.
1456 4416 1589 4499 Nam
1699 4416 2490 4499 (ejectitiumllcontratlicente
2508 4416 2833 4499 gagatem
2865 4416 3265 4499 placet'éizpe-

83 4491 121 4575 ‘1‘
145 4491 507 4575 Temperantia;
536 4498 696 4563 ratio,
732 4514 889 4575 quam
917 4497 1169 4575 Justinus
1212 4491 1590 4575 ciborum_de-
1622 4540 1667 4575 η
1699 4491 2126 4575 μαζονιφᾎειιδὶίε,
2154 4499 2501 4575 suspensum);
2529 4491 2692 4575 Ειιιῖιηἶ
2725 4491 2963 4575 ΡΑξιίιίοι..

83 4560 192 4639 lectu
229 4540 507 4623 ctrintin-er‘iv
537 4540 762 4639 nputa’t,‘
799 4568 1021 4622 minime
1068 4566 1250 4621 obstat
1298 4568 1572 4639 quominu:

1773 4540 2504 4639 [66)_‘boplo;¢s‘03_qﬁte%
2545 4567 2753 4620 εἰπεῖν.
2800 4567 2914 4621 Non
2940 4568 3041 4622 soli
3094 4566 3262 4625 Judaei

82 4636 173 4708 alia:
205 4638 425 4705 ejusdem
469 4634 606 4708 legis
655 4640 896 4693 rationes
940 4651 993 4692 et
1040 4652 1220 4691 causae
1265 4634 1584 4708 allerantur.
1690 4634 1821 4690 illud
1845 4634 2198 4708 objicieba'nt,
2239 4655 2256 4687 ι
2294 4636 2362 4691 Ut
2390 4636 2540 4690 olera
2569 4639 2769 4699 lierbze,
2797 4656 2816 4689 ι
2841 4639 2936 4692 sed
2967 4640 3066 4708 ipsi
3090 4642 3260 4693 etiam

82 4706 284 4780 illetneus
303 4708 414 4780 loco
437 4706 602 4764 citato
626 4709 794 4764 solani
813 4709 1228 4780 temperantiam
1253 4707 1583 4780 considerat;
1689 4708 1954 4780 haeretici,
1994 4707 2086 4774 qui
2135 4709 2379 4780 carnium
2434 4721 2588 4759 usuin
2638 4709 2912 4772 vetabant,
2954 4706 3055 4763 hoc
3108 4712 3263 4780 testi-

83 4776 121 4825 in
145 4779 304 4831 eodem
333 4778 469 4833 libro
500 4794 621 4847 cap.
660 4780 745 4846 10,
777 4778 912 4833 alias
930 4776 1131 4833 causas
1164 4792 1229 4848 ex
1258 4780 1383 4848 ipsa
1415 4778 1586 4848 inter-
1690 4778 1871 4848 monin
1902 4792 2141 4848 errorem
2169 4778 2482 4848 tuebantur,
2519 4786 2575 4831 ut
2613 4779 2799 4833 videre
2824 4790 2907 4833 est
2936 4782 3077 4848 apud
3110 4779 3267 4835 Basi-

82 4846 298 4901 dictorum
326 4846 638 4904 animalium
669 4861 866 4903 natura
913 4850 1125 4918 repetit.
1160 4847 1219 4900 2ο
1250 4847 1427 4903 Minus
1470 4847 1589 4918 ani-
1688 4846 1817 4918 lium
1840 4848 2003 4915 epist.
2029 4847 2153 4913 336,
2185 4866 2239 4903 ιι.
2265 4848 2318 4901 4.
2350 4847 2457 4901 Sed
2490 4849 2823 4903 demonstrat
2846 4846 3093 4904 Justinus
3115 4853 3261 4905 hunc

84 4917 321 4989 uiadvertit
370 4918 678 4989 Spencerus
727 4921 855 4988 quid
891 4914 1034 4974 inter
1085 4917 1355 4973 Justinum
1390 4927 1446 4973 et
1492 4914 1587 4989 Ju-
1689 4914 1887 4989 locum
1924 4918 2109 4989 [avere
2139 4918 2489 4983 Christianis,
2539 4930 2594 4974 et
2627 4921 3081 4987 quemadmodum
3134 4936 3263 4973 non-

83 4986 192 5039 deos
216 4986 424 5060 agatur;
440 4991 577 5045 Nam
614 4986 930 5047 cumJudwi
963 4990 1377 5060 temperantiam
1406 4990 1459 5043 in
1486 4988 1590 5043 hac
1688 4988 1852 5042 nullis
1899 4987 2138 5045 oleribus
2172 4990 2529 5060 abstinemus,
2574 5005 2680 5044 non
2705 4991 2849 5060 quod
2881 4992 3089 5059 impura
3129 4991 3258 5054 sint,

83 5059 406 5114 nonnullorum
440 5064 760 5117 animalium
802 5063 1125 5117 abstinentia
1156 5062 1385 5130 positam
1418 5061 1586 5114 duce—
1687 5060 1782 5114 sed
1827 5060 1968 5128 quod
2008 5069 2273 5123 noceant,
2328 5060 2399 5112 ita
2461 5059 2734 5114 licentiam
2784 5059 2898 5115 Noe
2939 5075 3257 5116 concessam

84 5138 204 5199 rent;
247 5145 308 5183 an
361 5148 465 5187 non
522 5134 719 5187 merito
771 5136 1105 5188 demonstrat
1150 5131 1401 5185 Justinus
1445 5132 1587 5185 banc
1688 5144 1795 5183 non
1824 5130 1944 5183 aliis
1969 5144 2130 5199 quam
2163 5142 2372 5184 natura:
2392 5139 2448 5183 et
2478 5130 2704 5186 rationis
2731 5130 2932 5187 ﬁnibus
2960 5132 3255 5185 contineri.

83 5193 217 5274 {egeni
260 5216 360 5274 non
408 5219 531 5259 esse
583 5207 956 5274 praescriptum
1006 5203 1141 5271 legis
1183 5210 1441 5274 aeternae,
1490 5199 1586 5256 sed
1688 5199 1764 5254 Ita
1801 5193 2243 5274 porrojsolemne
2271 5201 2730 5274 fuitilhristianis
2761 5206 2936 5257 victus
2968 5203 3049 5256 sui
3084 5205 3255 5274 ratio-

84 5260 241 5342 {u'tlteis
266 5271 440 5328 datam
481 5260 602 5329 esse
633 5260 822 5329 veluti'
845 5260 1113 5342 (ιιιοάιιιιῖιι
1144 5260 1497 5335 elementum,
1527 5279 1588 5325 ut
1691 5260 1816 5342 nem
1838 5273 1938 5326 hoc
1961 5271 2257 5341 Scriptura:
2282 5272 2598 5326 testimonio
2618 5274 2930 5338 defendere,
2962 5281 3022 5325 ut
3045 5287 3138 5326 eos
3159 5270 3257 5342 ,ιυτ

85 5331 153 5414 Dei
178 5341 255 5408 qui
284 5342 390 5398 haec
439 5344 789 5414 praescripsit,
833 5331 977 5398 ifiter
1009 5344 1277 5398 edendum
1311 5354 1366 5398 et
1397 5331 1587 5409 biben-
1689 5340 1865 5397 lianus
1886 5331 2126 5414 exagitet
2147 5344 2285 5411 apud
2303 5342 2486 5413 Cyrill.
2507 5344 2658 5398 Alex.
2682 5343 2776 5398 lib.
2800 5331 2947 5411 tx,p.
2969 5342 3091 5405 519,
3112 5340 3253 5410 quod

83 5405 602 5481 ἀυιιιίιιιθιιιὶιιὶδὲειιιῖ
665 5405 680 5414 ’
774 5405 787 5411 ’
1463 5405 1483 5409 ⁷
1688 5425 1855 5480 puros
1880 5428 1958 5476 se,
1994 5405 2053 5466 ἶιι
2084 5405 2276 5479 Judaei,
2315 5405 2419 5467 non
2450 5417 2742 5481 przebeant,
2774 5405 2870 5467 sed
2896 5405 3103 5477 omnia,
3132 5405 3159 5463 ἰ
3193 5420 3253 5462 ιιι

135 5480 364 5557 (Milia!
408 5486 719 5557 ἐλιπάνθη.
756 5487 963 5542 Desunt
1005 5487 1118 5540 hazc
1160 5484 1304 5557 apud
1317 5481 1501 5557 LXX,
1532 5491 1588 5537 et
1689 5483 1836 5537 olera
1866 5484 2072 5548 herbae,
2112 5504 2130 5537 ι
2171 5486 2377 5557 edenda
2418 5480 2790 5557 pronuntient.
2824 5485 2968 5557 Idem
3016 5483 3251 5551 impera~

83 5543 247 5629 tanta
296 5557 624 5629 negligentia?
670 5543 1005 5629 imputantur
1046 5557 1119 5629 ab
1175 5543 1403 5629 erudito
1444 5543 1588 5608 Lon-
1690 5564 1778 5607 tor
1818 5556 1869 5629 in
1904 5543 2069 5629 sexta
2093 5543 2537 5629 oratione_ridet
2582 5554 2711 5629 illud
2757 5554 3035 5608 hominum
3083 5543 3253 5629 {genus

84 5615 251 5705 dinensi
279 5615 508 5705 edi‘t'oﬂa;
539 5629 633 5684 sed
667 5615 843 5684 tamen
870 5629 1017 5705 hunc
1029 5626 1219 5705 iocum
1348 5627 1585 5705 Ubi-ysq-
1690 5626 1830 5705 quod
1878 5626 2187 5705 promiscue
2228 5625 2407 5705 omnia
2452 5624 2691 5705 comedit
2736 5641 2756 5675 ι
2815 5615 3249 5705 tanquam'el'era

84 5696 251 5767 §}0l_li_|18
270 5699 449 5752 eodem
483 5691 641 5757 modo
663 5701 847 5765 refert,
876 5698 1061 5753 homil.
1090 5697 1145 5761 1,
1177 5698 1231 5749 in
1272 5698 1405 5750 ,1ηά.
1441 5691 1495 5749 ii.
1529 5695 1573 5749 2.

1755 5691 2006 5751 :rbarutti.
2038 5716 2056 5748 ι
2086 5697 2219 5751 Τιιιιι
2251 5697 2401 5749 addit
2429 5713 2442 5749 :
2467 5694 2776 5767 Γνωρίξεις,
2812 5691 3115 5767 οἶμαι,λτῶν
3143 5691 3244 5744 Γα-

86 5754 141 5840 lli
158 5761 226 5815 his
244 5776 409 5840 autem
435 5754 775 5835 testimoniis,
806 5754 1037 5825 alterum
1061 5754 1294 5840 ex'ilibro
1318 5768 1492 5840 Exodi
1504 5783 1588 5835 pc-
1688 5766 1908 5819 λιλαίων
1942 5768 2009 5822 τὰ
2042 5770 2278 5840 ῥήματα.
2312 5785 2330 5820 ι
2355 5754 2883 5837 Αειιοεοιὲ,ὐιι”ἰιιοι’,
2909 5754 3251 5819 Galilaeorum

85 5834 203 5885 mutu
232 5838 289 5890 ad
310 5854 366 5893 ca
394 5854 618 5912 spectat,
652 5834 769 5915 quae
805 5852 931 5898 ante
971 5842 1115 5912 leges
1142 5839 1426 5910 Mosaicas,
1450 5834 1584 5893 alte-
1692 5840 1875 5893 Verba.
1915 5858 1934 5891 ι
