3770 6490
450 357 556 413 519

1366 359 1423 416 8.
1458 357 1722 416 ΙΠΞΤΙΝΙ
1760 356 2168 414 PHILOSOPHI
2201 357 2285 413 ET
2324 354 2685 411 MARTYRIS

3602 348 3704 407 520

450 473 710 545 occupavi
745 488 847 546 ego
877 490 892 528 :
920 473 1031 529 Cur
1060 488 1165 529 non
1197 471 1351 537 illud,
1377 491 1397 525 ι
1421 484 1481 528 ιιι
1510 473 1655 528 olera
1686 471 1890 537 herbae,
1922 486 1988 527 re

2175 473 2329 542 ἱχανα
2357 471 2570 542 χόρτου,
2608 489 2628 522 ι
2664 468 2757 523 τοῦ
2790 468 2866 541 μὴ
2894 469 3189 524 ἀκούσεσθε
3234 468 3344 541 (67)
3379 471 3458 533 ὡς
3487 469 3705 540 εἴρηται

452 580 617 622 sensu
663 566 967 636 accipietis,
1014 579 1121 636 quo
1166 565 1369 619 dictum
1416 575 1498 619 est
1541 581 1572 619 a
1616 564 1761 619 Deo?
1803 563 2024 620 Scilicet

459 660 649 725 Deum,
676 658 1131 730 quemadmodum
1162 657 1357 710 herbas
1380 656 1690 711 hominibus
1722 656 1788 710 ad
1821 657 2021 710 victum

452 760 776 820 paraverat,
801 750 876 804 ita
904 749 1158 803 animalia
1194 749 1425 812 dedisse,
1458 756 1513 801 ut
1533 763 1751 803 carnem
1779 750 2019 803 ederem.

456 841 568 897 Sed
612 844 739 913 quia
788 843 1036 913 quaedam
1087 841 1233 896 olera
1291 857 1393 894 non
1451 841 1693 905 edimus,
1734 850 2019 912 propterea

449 937 744 992 discrimen
791 936 905 1005 jam
957 945 1072 990 tum
1122 934 1234 990 Noe
1273 934 1432 1003 120
1468 934 1847 1004 prmscriptum
1897 950 2021 990 esse

447 1029 652 1083 dicitis.
708 1027 1057 1098 Nequaquam
1098 1035 1156 1081 ut
1202 1029 1493 1096 exponitis,
1542 1028 1615 1080 ita
1666 1027 2017 1081 credendum.

446 1118 632 1173 Primo
663 1119 808 1173 enim
841 1118 962 1173 olus
1001 1133 1165 1173 omne
1203 1119 1427 1171 herbam
1453 1132 1573 1172 esse
1608 1128 1663 1171 et
1697 1118 2016 1172 manducari

447 1229 573 1269 cum
606 1212 788 1265 dicere
822 1220 877 1265 et
908 1210 1236 1264 conﬁrmare
1270 1209 1499 1278 possim,
1545 1209 1596 1262 in
1632 1208 1734 1262 hoc
1766 1223 1871 1262 non
1917 1209 2019 1262 im-

445 1304 724 1359 morabor.
771 1302 900 1368 Sed,
930 1302 1032 1357 etsi
1078 1302 1224 1356 olera
1274 1302 1455 1357 herba:
1486 1302 1868 1367 discernimus,
1907 1317 2013 1356 non

444 1397 627 1452 omnia
654 1396 898 1460 edentes,
934 1410 1040 1449 non
1095 1394 1299 1448 idcirco
1332 1395 1475 1463 quod
1515 1394 1724 1463 impura
1769 1404 1862 1447 aut
1910 1395 2015 1449 im-

442 1485 639 1541 munda
690 1484 821 1551 sint,
856 1499 961 1537 non
990 1483 1222 1547 edimus,
1260 1484 1351 1537 sed
1381 1483 1524 1553 quod
1564 1493 1654 1537 aut
1684 1498 1893 1548 amara,
1924 1493 2015 1537 aut

443 1576 718 1641 !ethifera,
792 1585 889 1630 aut
928 1575 1173 1644 spinosa.
1211 1575 1397 1630 Dulcia
1446 1586 1624 1630 autem
1659 1585 1715 1630 et
1747 1574 1814 1629 ad
1866 1574 2015 1630 alen-

444 1672 569 1725 dum
626 1671 908 1741 aptissima
956 1683 1184 1739 quaeque
1235 1679 1289 1722 et
1329 1668 1716 1748 pulcherrima,
1757 1668 1874 1723 sive
1907 1668 2014 1722 sint

443 1764 743 1830 maritima,
777 1764 892 1819 sive
926 1763 1235 1828 terrestria,
1282 1762 1588 1830 appetimus
1612 1760 1685 1817 'et
1723 1762 2009 1817 sumimus.

443 1858 538 1914 Sic
584 1858 750 1914 etiam
776 1866 837 1912 ut
875 1858 943 1912 ab
998 1855 1232 1925 impuris
1284 1866 1338 1908 et
1377 1853 1592 1923 injustis
1631 1863 1685 1910 et
1726 1854 2014 1925 rapacibus

443 1953 823 2015 abstineretis,
873 1950 1134 2021 pracepit
1180 1950 1333 2006 vobis
1383 1949 1523 2005 Deus
1568 1963 1669 2019 per
1721 1947 2003 2021 Moysem:

440 2045 567 2116 quia
603 2053 737 2108 tum,
772 2058 895 2097 cum
932 2058 1123 2097 manna
1160 2044 1395 2098 ederetis
1444 2042 1498 2098 in
1554 2043 1795 2106 deserto,
1823 2053 1880 2097 et
1914 2041 2015 2096 mi-

438 2139 625 2192 racula
659 2141 839 2192 omnia
876 2135 1031 2191 vobis
1059 2151 1089 2191 a
1131 2136 1239 2191 Deo
1266 2136 1511 2190 exhibita
1551 2135 1835 2200 videretis,
1868 2135 2014 2189 vitu-

440 2230 551 2285 lum
606 2246 830 2285 aureum
894 2228 1171 2286 conﬁastis
1218 2237 1272 2284 et
1324 2229 1616 2283 adorastis.
1669 2228 2013 2297 Quapropter

440 2324 636 2378 merito
684 2322 883 2377 clamat
934 2320 1359 2375 indesinenter:
1413 2338 1433 2373 ι
1492 2319 1616 2375 Filii
1668 2319 2010 2389 insipientes,

439 2429 545 2467 non
580 2422 665 2468 est
696 2413 830 2468 ﬁdes
866 2413 917 2465 in
951 2412 1082 2483 ipsis
1109 2413 1177 2466 ".
1209 2430 1229 2463 ι
1916 2416 1931 2419 γ

507 2508 600 2563 21.
631 2507 866 2563 Sabbata
889 2507 1132 2560 instituta
1162 2515 1282 2560 sunt
1315 2506 1376 2559 ob
1417 2518 1629 2574 peccata
1667 2506 1871 2577 populi,
1905 2521 2011 2560 non

436 2610 498 2654 ut
534 2618 665 2670 opus
711 2601 958 2671 justitiw.
1003 2600 1155 2668 Quod
1190 2607 1371 2653 autem
1420 2608 1642 2669 propter
1690 2607 1903 2653 vestras
1944 2613 2010 2653 ac

436 2706 653 2767 patrum
693 2706 995 2749 vestrorum
1033 2694 1374 2765 iniquitates,
1411 2679 1488 2746 in.
1515 2694 1755 2763 signum,
1797 2701 1856 2747 ut
1894 2692 2006 2761 jam

438 2788 575 2854 dixi,
616 2787 899 2844 sabbatum
928 2787 1095 2842 etiam
1118 2804 1145 2840 a
1172 2785 1326 2841 vobis
1354 2786 1492 2842 Deus
1516 2785 1679 2855 jussit
1703 2787 2007 2854 observari,

435 2890 493 2937 et
544 2880 648 2936 alia
704 2889 968 2950 praecepta
1016 2878 1294 2948 imposuit,
1345 2879 1597 2949 quodque
1638 2879 1911 2949 signiﬁcat
1950 2896 2009 2936 se

436 2985 662 3044 propter
686 2981 896 3043 gentes,
932 2987 996 3025 ne
1026 2985 1220 3025 nomen
1253 2986 1411 3024 suum
1450 2971 1593 3040 apud
1625 2986 1719 3026 eas
1747 2970 2007 3041 profana-

439 3079 612 3133 retur,
647 3067 859 3135 aliquos
891 3067 1114 3121 omnino
1145 3080 1208 3119 ex
1240 3066 1394 3120 vobis
1426 3065 1579 3120 vivos
1609 3066 1918 3135 reliquisse,
1953 3067 2005 3121 id

2127 565 2231 619 ὑπὸ
2252 564 2345 618 τοῦ
2375 562 2531 629 Θεοῦ,
2560 565 2641 618 ὅτι
2668 564 2745 627 ὡς
2792 563 2862 615 τὰ
2908 562 3112 634 λάχανα
3154 563 3233 628 εἰς
3259 562 3469 635 τροφὴν
3501 562 3584 633 τῷ
3612 562 3705 616 ἀν·

2125 654 2326 726 θρώπῳ
2358 656 2675 728 ἐπεποιήκει
2722 656 2750 708 ὁ
2792 654 2952 720 Θεὸς,
3015 656 3184 719 οὕτως
3230 657 3323 710 καὶ
3362 656 3437 708 τὰ
3471 653 3591 718 ζῶα
3630 657 3707 717 εἰς

2124 748 2475 819 κρεωφαγίαν
2496 747 2779 812 ἐδεδώκει;
2835 748 2973 801 Ἀλλ’
3026 748 3147 801 ἐπεί
3175 766 3296 801 τινα
3329 748 3441 801 τῶν
3494 747 3706 818 χόρτων

2121 841 2221 893 οὐκ
2258 840 2528 911 ἐσθίομεν,
2576 839 2719 893 οὕτω
2750 842 2843 894 καὶ
2894 840 3176 912 διαστολὴν
3222 841 3406 894 ἔκτοτε
3468 840 3552 909 τῷ
3582 839 3706 892 Νῶε

2121 931 2426 986 διεστάλθαι
2487 932 2641 1001 φατέ.
2704 932 2835 1003 υύχ,
2886 933 2960 995 ὼς
3006 931 3306 1003 ἐξηγεῖσθε,
3356 930 3701 984 πιστευτέον.

2121 1024 2344 1096 Πρῶτον
2380 1024 2480 1095 μὲν
2509 1023 2618 1096 γὰρ
2661 1025 2743 1077 ὅτι
2781 1025 2889 1077 πᾶν
2929 1024 3159 1095 λάχανον
3220 1024 3411 1096 χόρτος
3442 1023 3568 1076 ἐστὶ
3613 1023 3705 1076 καὶ

2122 1113 2521 1186 βιὸρώσκεσθαι
2554 1114 2685 1187 (68),
2718 1115 3012 1184 δυνάμενος
3049 1115 3226 1183 λέγειν
3260 1118 3354 1169 καὶ
3384 1114 3701 1185 κρατύνειν,

2118 1209 2218 1262 οὐκ
2239 1210 2295 1261 ἐν
2322 1208 2498 1279 τούτῳ
2530 1206 2989 1278 άσχοληθήσομαι.
3016 1206 3178 1259 Ἀλλὰ
3204 1208 3250 1259 εί
3271 1206 3367 1259 καὶ
3394 1206 3466 1259 τὰ
3499 1205 3703 1275 λάχανα

2117 1301 2210 1355 τοῦ
2263 1301 2452 1373 χόρτου
2484 1301 2851 1373 διακρίνομεν,
2882 1299 2956 1371 μὴ
2986 1300 3160 1353 πάντα
3189 1299 3485 1362 ἐσθίοντες,
3521 1299 3581 1351 οὐ
3618 1299 3701 1351 διὰ

2116 1394 2175 1447 τὸ
2209 1389 2346 1447 εἶναι
2380 1393 2516 1447 αὐτὰ
2551 1393 2698 1447 κοινὰ
2732 1392 2765 1463 ῆ
2796 1392 3099 1463 ἀκάθαρτα,
3134 1393 3233 1445 οὐκ
3262 1391 3545 1461 ἐσθίομεν,

2117 1486 2257 1557 ἢδιὰ
2289 1486 2352 1539 τὸ
2380 1485 2571 1557 πικρὰ,
2631 1485 2664 1555 ἢ
2719 1484 3013 1556 θανάσιμα,
3061 1484 3094 1555 ἢ
3140 1482 3450 1553 ἀκανθώδη.
3496 1484 3619 1536 Τῶν
3648 1484 3700 1535 δὲ

2116 1578 2359 1647 γλυκέων
2384 1577 2600 1631 πάντων
2630 1576 2725 1628 καὶ
2757 1575 3185 1649 τροφιμωτάτων
3215 1575 3310 1628 καὶ
3359 1574 3665 1629 καλλίστοιν
3683 1616 3697 1637 ,

2117 1670 2419 1724 θαλασσίων
2450 1686 2510 1723 τε
2558 1669 2651 1722 καὶ
2703 1668 2993 1740 χερσαίων,
3046 1667 3310 1737 ἐφιέμεθα
3342 1668 3441 1720 καὶ
3475 1668 3698 1739 μετέχο-

2119 1775 2236 1831 μεν.
2269 1758 2425 1812 Οῦτω
2450 1759 2547 1812 καὶ
2593 1757 2703 1812 τῶν
2742 1758 3063 1830 ἀκαθάρτων
3094 1758 3201 1829 (69)
3246 1760 3338 1811 καὶ
3371 1758 3579 1812 ἀδίκων
3610 1760 3698 1811 καὶ

2115 1850 2445 1922 παρανόμων
2497 1849 2794 1921 ἀπέχεσθαι
2849 1850 2993 1921 ὑμᾶς
3052 1849 3335 1904 ἐκέλευσεν
3366 1852 3395 1903 ό
3443 1849 3581 1913 Θεὸς
3616 1850 3698 1903 διὰ

2116 1942 2392 2005 Μωῦσέως
2410 1959 2424 1972 ο
2452 1940 2636 2013 ἐπειδὴ
2665 1942 2759 1995 καὶ
2800 1941 2860 1995 τὸ
2886 1940 3064 2011 μάννα
3095 1941 3206 2012 (70)
3243 1940 3519 2004 ἐσθίοντες
3547 1943 3605 1994 ἐν
3634 1944 3695 2009 τῇ

2116 2035 2330 2106 ἐρήμῳ,
2366 2034 2555 2088 καὶτὰ
2603 2034 2882 2106 θαυμάσια
2926 2034 3102 2088 πάντα
3142 2033 3379 2105 ὁρῶντες
3408 2034 3544 2103 ὑμῖν
3596 2033 3697 2084 ὑπὸ

2113 2123 2248 2178 Θεοῦ
2289 2126 2586 2196 γινόμενα,
2638 2127 2840 2198 μόσχον
2902 2124 2994 2178 τὸν
3038 2129 3265 2196 χρύσεον
3327 2125 3693 2194 ποιήσαντες,

2114 2220 2517 2287 προσεκυνεῑτε.
2552 2218 2714 2270 Ὥστε
2757 2218 2981 2279 δικαίως
3013 2217 3099 2269 ἀεὶ
3130 2216 3259 2288 βοᾷ·
3301 2235 3321 2268 ι
3350 2216 3474 2270 Υἱοὶ
3501 2217 3694 2270 ἀσύνε-

2111 2326 2225 2363 τοι·
2257 2310 2357 2363 ούκ
2384 2309 2498 2364 ἔστι
2529 2311 2710 2375 πίστις
2736 2313 2793 2364 ἐν
2819 2311 3055 2374 αὐτοῖς.»

2181 2506 2270 2562 21.
2304 2508 2415 2561 Καὶ
2449 2506 2641 2560 ὅτιδιά
2671 2506 2771 2571 τὰς
2819 2507 3035 2571 ἀδικίας
3081 2506 3239 2577 ὑμῶν
3258 2507 3354 2560 καί
3386 2506 3500 2561 τῶν
3527 2507 3695 2561 πατέρ

2113 2616 2222 2670 ρων
2256 2600 2409 2670 ὑμῶν
2437 2603 2517 2663 εἰς
2550 2602 2795 2671 σημεῖον,
2825 2599 2901 2663 ὡς
2922 2600 3185 2671 προέφην,
3217 2600 3309 2652 καὶ
3338 2600 3400 2652 τὸ
3424 2599 3695 2654 σάϐϐατον

2109 2693 2420 2747 ἐντέταλται
2441 2696 2471 2747 ό
2490 2694 2622 2759 Θεὸς
2639 2694 2931 2763 φυλάσσειν
2952 2695 3117 2766 ὑμᾶς,
3144 2693 3238 2747 καὶ
3268 2692 3337 2747 τὰ
3367 2693 3504 2747 ἄλλα
3528 2710 3695 2765 προσ-

2109 2785 2363 2856 τάγματα
2419 2786 2835 2858 προσετετάχει’
2897 2788 2993 2840 καὶ
3048 2787 3301 2858 σημαίνει
3360 2788 3446 2841 ὅτι
3493 2787 3584 2841 διὰ
3628 2789 3694 2840 τὰ

2111 2876 2259 2949 ἔθνη,
2295 2878 2382 2931 ἵνα
2415 2878 2489 2949 μὴ
2520 2878 2799 2949 βεϐηλωθῇ
2831 2879 3088 2950 τὸόνομα
3117 2879 3281 2933 αὐτοῦ
3309 2883 3440 2952 παρ’
3471 2882 3657 2945 αὐτοῖς
3676 2920 3691 2943 ,

2108 2970 2197 3024 διὰ
2232 2971 2387 3023 τοῦτο
2442 2972 2587 3024 εῐασε
2619 2958 2773 3036 τινάς
2805 2971 2865 3037 ἐξ
2897 2972 3053 3043 ὑμῶν
3086 2972 3221 3037 ὅλως
3262 2974 3497 3039 ζῶντας,
3535 2969 3693 3029 αὗται

2110 3066 2165 3117 αἱ
2196 3066 2369 3133 φωναὶ
2401 3064 2564 3118 αὐτοῦ
2616 3066 2714 3137 τὴν
2745 3066 3013 3132 ἀπόδειξιν
3062 3067 3391 3137 ποιήσασθαι
3437 3068 3695 3122 δύνανται

434 3160 590 3214 vobis
639 3158 755 3229 ipsa
806 3155 924 3227 eius
968 3157 1135 3212 verba
1193 3157 1575 3213 demonstrare
1622 3168 1878 3227 possunt.
1928 3159 1988 3213 lt:

2175 3160 2258 3210 ιῖν.
2296 3159 2416 3211 Εἰσὶ
2464 3159 2520 3212 δὲ
2551 3160 2838 3231 εἰρημέναι
2896 3160 2982 3213 διὰ
3041 3159 3135 3213 τοῦ
3179 3160 3443 3232 Ἱεζεκιὴλ
3484 3162 3691 3224 οὓτως·

436 3263 619 3305 autem
660 3260 787 3306 sunt
833 3267 928 3321 per
960 3250 1302 3306 Ezechielem
1345 3266 1602 3320 expressa
1634 3269 1647 3306 :
1685 3271 1705 3305 ι
1754 3251 1865 3320 Ego
1897 3250 2004 3307 Do-

438 3347 619 3399 minus
648 3343 787 3399 Deus
814 3353 996 3398 vester
1028 3362 1040 3397 :
1076 3342 1127 3396 in
1160 3344 1446 3415 prteceptis
1477 3344 1610 3400 meis
1636 3346 1929 3411 ambulate,
1952 3354 2008 3399 et

431 3435 854 3507 justificatioues
900 3449 1048 3489 meas
1078 3434 1370 3499 custodite,
1418 3444 1471 3490 et
1512 3433 1566 3489 in
1613 3436 2009 3491 adinventioni-

435 3530 537 3585 bus
580 3528 799 3599 Αἴθῃ)ιί
850 3543 917 3583 ne
969 3527 1462 3594 comntisceamini,
1510 3537 1566 3583 et
1609 3527 1833 3583 sabbata
1883 3543 2002 3582 mea

436 3608 791 3677 sanctiﬁcata.
844 3620 909 3674 Et
956 3621 1062 3675 erit
1108 3620 1323 3691 signum
1376 3621 1517 3676 inter
1567 3634 1655 3676 me
1695 3630 1751 3677 et
1796 3635 1894 3676 vos
1934 3621 2002 3676 ad

435 3714 717 3769 sciendum
755 3713 880 3783 quia
912 3728 1013 3782 ego
1068 3712 1325 3768 Dominus
1369 3712 1511 3768 Deus
1542 3723 1741 3769 vester.
1774 3712 1841 3768 Et
1874 3727 2006 3770 exa-

434 3807 753 3862 cerbavistis
778 3821 884 3872 me,
921 3816 975 3861 et
1005 3806 1096 3860 ﬁlii
1132 3807 1297 3861 vestri
1329 3806 1382 3860 in
1413 3808 1695 3877 praeceptis
1721 3807 1859 3862 meis
1896 3822 2002 3861 non

434 3900 875 3963 ambulaverunt,
918 3907 973 3954 et
1009 3898 1433 3967 iustiﬁcationes
1460 3914 1611 3954 meas
1651 3914 1757 3953 non
1808 3909 2003 3954 custo-

436 3995 653 4047 dierunt
691 3993 756 4046 ad
804 3991 1108 4046 faciendum
1141 4006 1257 4056 eas,
1282 4006 1417 4060 quas
1451 3993 1543 4061 qui
1584 3991 1775 4046 fecerit
1820 3992 2000 4057 homo,

435 4087 584 4141 vivet
647 4086 699 4139 in
761 4085 880 4149 eis,
932 4085 1154 4138 sabbata
1219 4093 1398 4138 autem
1457 4098 1575 4140 mea
1639 4085 1997 4139 violaverunt.

435 4177 502 4232 Et
534 4177 644 4233 dixi
682 4176 960 4232 etfundere
998 4175 1240 4231 furorem
1275 4191 1453 4233 meum
1495 4191 1660 4248 super
1695 4191 1790 4232 eos
1822 4177 1873 4231 in
1905 4178 1999 4233 de-

522 4401 571 4435 "
610 4400 767 4457 Deut.
799 4415 975 4466 xxx",
1004 4399 1059 4466 6,
1093 4398 1183 4453 20.

505 4600 616 4670 (67)
645 4602 766 4685 Ilo?)
796 4602 878 4671 μὴ
903 4601 1360 4685 ἀκούσεσςθεείιο
1410 4603 1606 4685 legitur
1633 4601 2006 4685 iit-codicibus
2037 4631 2081 4685 ι)

432 4670 568 4743 Reg.
606 4682 660 4725 et
689 4670 927 4743 Clarum.
959 4684 1012 4743 et
1038 4674 1178 4742 apud
1217 4672 1281 4726 R.
1315 4670 1669 4743 Stephanum.
1705 4674 1858 4740 Legit
1901 4674 1998 4727 Pe-

433 4742 719 4814 [ionio-913
758 4742 831 4813 μὴ
863 4742 1112 4796 ἀκούετε.
1148 4744 1213 4797 ιι.
1249 4743 1556 4811 Stephanus
1586 4754 1639 4797 et
1670 4744 1999 4814 Sylburgius

435 4810 562 4863 illud
594 4810 683 4863 τοῦ
719 4810 1133 4880 εὶψιιιικειιιὶιιιιι
1176 4810 1466 4873 duxerunt,
1500 4822 1660 4881 atque
1690 4810 1755 4869 ex
1805 4814 1999 4868 editio-

435 4881 594 4953 nibus
642 4881 1044 4937 Parisiensibus
1079 4893 1404 4953 expunctum
1458 4884 1589 4949 fuit;
1636 4885 1777 4938 haud
1818 4894 1997 4938 tamen

436 4950 552 5020 scio
582 4966 648 5003 an
685 4953 954 5007 immerito
987 4950 1343 5020 expunctum.
1394 4953 1526 5007 Nam
1562 4957 1615 5007 in
1648 4954 1801 5017 Apol.
1832 4969 1893 5018 tt,
1941 4970 1995 5007 η.

433 5018 492 5094 3,
522 5020 692 5075 refert
731 5021 979 5094 Justinus
1026 5018 1229 5094 dixisse
1275 5024 1497 5094 Lucium
1547 5035 1841 5094 martyrem
1897 5024 1997 5080 Ur-

434 5090 606 5146 bico:
665 5092 769 5145 Τοῦ
826 5093 915 5147 τὸν
987 5093 1269 5164 ἄνθρωπον
1337 5093 1524 5148 τοῦτον
1609 5090 1873 5150 ἐκόλάσω.
1940 5095 1995 5148 In

434 5170 669 5240 utrorum
717 5164 833 5240 loco
873 5163 1229 5240 supplendum
1270 5166 1483 5240 videtur
1520 5163 1691 5240 xdtptv
1719 5178 1842 5240 ante
1865 5165 1999 5240 illud

432 5232 548 5285 τοῦ.
586 5232 944 5288 Totutnhune
968 5238 1255 5306 locutn,iex
1278 5252 1384 5304 quo
1409 5232 1694 5306 ἰΙΙιιιΪφατέ
1732 5238 2001 5291 immerito

433 5307 852 5382 expungendum
881 5305 1494 5382 censebatSylbu_t_°_gius,
1524 5305 1625 5377 ope
1646 5308 2001 5362 accuratioris

431 5376 886 5442 interpunctionis
923 5386 1172 5430 sanatum
1219 5386 1271 5432 et
1316 5376 1646 5431 illustratum
1681 5392 1855 5443 spero.

505 5445 615 5520 (68)
632 5445 1085 5520 Βιόρώσκεσθαι.
1106 5447 1543 5520 Subaudiendum
1570 5448 1889 5520 ἐπιτήδειον,
1914 5448 1994 5520 vel

433 5514 611 5569 simile
650 5517 1004 5582 adjectivum,
1032 5528 1125 5589 aut
1164 5518 1451 5589 indicative
1482 5514 1762 5588 legendum
1795 5517 1996 5589 βιϐρώ-

433 5598 655 5648 σκεται,
692 5589 1041 5642 SvLaunctus.
1083 5586 1236 5653 Legit
1280 5586 1573 5655 Thirlbius,
1607 5590 1727 5642 Ὅτι
1761 5586 1868 5643 πᾶν
1891 5586 1995 5642 ’λὰ-

432 5669 591 5731 χανον
625 5656 814 5731 χόρτος
846 5658 965 5731 ἐστὶ
993 5657 1092 5731 καὶ
1126 5656 1508 5731 βιὸριῦσκεται.

506 5728 617 5794 (ω)
651 5728 812 5781 οὕτω
840 5730 937 5783 καὶ
971 5728 1331 5797 ἀκαθάρτων,
1364 5728 1456 5783 Sic
1485 5745 1544 5784 se
1580 5730 1739 5784 habet
1761 5729 1819 5784 S.
1852 5731 1991 5787 Mar-

438 5798 570 5858 tyris
619 5800 963 5854 ratiocina.io
1018 5801 1406 5870 interpretibus
1459 5803 1636 5855 minus
1681 5814 1985 5872 perspeCIa.

2115 3268 2133 3301 ι
2176 3249 2316 3318 Ἐγὼ
2344 3250 2550 3322 Κύριος
2603 3254 2631 3304 ὁ
2668 3251 2799 3315 Θεὸς
2830 3252 3018 3323 ὑμῶν·
3054 3254 3111 3305 ἐν
3155 3256 3269 3315 τοῖς
3300 3253 3695 3324 προστάγμασι

2111 3359 2212 3412 μου
2245 3342 2562 3413 πορεύεσθε,
2598 3344 2691 3397 καὶ
2728 3344 2796 3398 τὰ
2854 3344 3198 3416 δικαιώματά
3232 3362 3332 3417 μου
3364 3344 3693 3415 φυλάσσετε,

2109 3436 2203 3488 καὶ
2235 3437 2292 3488 ἐν
2324 3439 2436 3500 τοῖς
2491 3438 2917 3509 ἐπιτηδεύμασιν
2959 3438 3234 3507 Αἰγύπτου
3279 3438 3355 3510 μὴ
3392 3440 3695 3509 συναναμίο

2106 3530 2323 3599 γνυσθε,
2359 3531 2453 3584 καὶ
2481 3530 2551 3584 τὰ
2572 3530 2817 3585 σάϐϐατά
2851 3548 2953 3603 μου
2983 3531 3236 3600 ἁγιάζετε
3256 3548 3268 3561 °
3305 3532 3401 3584 καὶ
3433 3531 3591 3584 ἔσται
3616 3534 3695 3595 είς

2108 3625 2330 3693 σημεῖον
2350 3620 2453 3675 ἀνὰ
2486 3622 2650 3693 μέσον
2681 3620 2815 3693 ἐμοῦ
2843 3624 2936 3676 καὶ
2963 3621 3141 3693 ὑμῶν,
3170 3620 3264 3675 τοῦ
3291 3620 3589 3690 γινώσκειν
3613 3622 3693 3673 ὅτι

2108 3716 2218 3785 ἐγὼ
2245 3716 2445 3787 Κύριος
2474 3717 2503 3768 ό
2554 3715 2685 3778 Θεὸς
2729 3714 2901 3786 ὑμῶν.
2947 3716 3057 3768 Καὶ⁹
3103 3714 3553 3786 παρεπικράνατέ
3588 3730 3690 3785 με,

2108 3810 2202 3862 καὶ
2229 3808 2301 3862 τὰ
2329 3810 2495 3862 τέκνα
2525 3807 2678 3879 ὑμῶν
2714 3807 2825 3880 (71)
2862 3810 2919 3861 ἐν
2967 3810 3079 3870 τοῖς
3131 3806 3527 3879 προστάγμασί
3591 3824 3690 3874 μου

2105 3903 2205 3957 ούκ
2227 3901 2620 3973 ἐπορεύθησαν,
2658 3902 2752 3954 καὶ
2796 3901 2864 3955 τά
2911 3900 3258 3973 δικαιώματά
3291 3920 3397 3972 μου
3429 3904 3535 3956 οὐκ
3563 3903 3693 3971 ἐφύ-

2106 3993 2293 4059 λαξαν,
2325 3994 2419 4047 τοῦ
2456 3996 2631 4048 ποιεῖν
2661 3994 2831 4048 αὐτά·
2871 3994 2907 4048 ἃ
2938 3996 3168 4066 ποιήσας
3201 3995 3340 4049 αὐτὰ
3374 3994 3690 4067 ἄνθρωπος,

2107 4084 2330 4157 ζήσεται
2365 4088 2422 4139 ἐν
2454 4087 2667 4150 αὐτοῖς·
2702 4086 2835 4140 ἀλλὰ
2874 4087 2942 4140 τὰ
2974 4086 3217 4141 σάὸϐατά
3237 4105 3340 4158 μου
3370 4088 3687 4159 ἐὸεΰήλουν.

2106 4178 2215 4232 Καὶ
2248 4175 2375 4233 εἶπα
2409 4178 2500 4232 τοῦ
2524 4180 2708 4250 ἐκχέαι
2730 4180 2820 4232 τὸν
2847 4179 3015 4251 θυμόν
3046 4197 3145 4252 μου
3175 4180 3259 4234 ἐπ’
3283 4181 3483 4245 αὐτοὺς
3515 4182 3574 4233 ἐν
3625 4184 3689 4250 τῇ

2112 4602 2575 4670 Quemadmodum
2616 4602 2684 4656 ab
2724 4604 2966 4657 oleribus
2996 4603 3270 4658 nonnullis
3314 4604 3682 4669 abstinemus,

2114 4691 2216 4726 non
2243 4677 2385 4741 quod
2417 4675 2531 4743 lege
2563 4674 2667 4726 ulla
2705 4676 2867 4728 vetita
2896 4676 3025 4737 sint,
3067 4676 3159 4728 sed
3200 4676 3344 4743 quod
3376 4679 3580 4737 noxia;
3615 4680 3685 4731 ita

2109 4743 2192 4797 lex
2237 4745 2541 4799 abSIinendi
2583 4745 2651 4797 ab
2684 4745 3013 4798 animalibus
3047 4746 3262 4811 injustis
3291 4759 3344 4800 et
3383 4750 3685 4812 rapacibus

2108 4812 2233 4868 Νυιε
2286 4815 2533 4883 imposita
2584 4830 2689 4867 non
2724 4814 2847 4880 fuit,
2880 4816 2971 4869 sed
3020 4816 3176 4869 vobis
3207 4818 3276 4867 ob
3308 4828 3537 4883 pet-rata
3586 4822 3688 4872 huc

2102 4883 2291 4953 jugum
2336 4885 2534 4953 imponi
2584 4887 2891 4953 oportebat.
2946 4884 3168 4939 Frustra
3220 4901 3349 4954 ergo
3398 4886 3687 4942 Thirlbius

2110 4974 2128 5006 ι
2169 4959 2255 5008 hic
2286 4957 2473 5009 deesse
2500 4955 2681 5022 aliqua
2713 4956 2877 5008 multa
2905 4974 2923 5007 ι
2961 4959 3215 5024 opinatus
3253 4968 3357 5011 est.

2176 5025 2288 5096 (70)
2322 5026 2485 5081 Ἐπεί
2517 5027 2614 5079 καὶ
2654 5024 2720 5078 τὸ
2746 5024 2966 5095 μάννα,
2997 5038 3102 5079 etc.
3137 5027 3281 5079 Idem
3308 5035 3546 5081 teSIatur
3577 5030 3687 5082 ire-

2107 5112 2278 5161 naeus,
2312 5096 2406 5151 lib.
2439 5114 2515 5162 ιν,
2551 5111 2673 5165 cap.
2710 5098 2816 5151 15:
2852 5116 2871 5148 ι
2902 5100 2971 5151 At
3009 5099 3097 5151 ubi
3131 5099 3380 5152 conversi
3413 5110 3566 5165 sunt,
3604 5101 3684 5153 iu-

2110 5169 2244 5236 quit,
2297 5168 2364 5222 ad
2411 5166 2563 5221 vituli
2594 5168 2910 5232 factionem,
2954 5178 3010 5220 et
3065 5169 3268 5221 reversi
3311 5180 3439 5223 sunt
3475 5172 3685 5223 animis

2110 5239 2224 5292 suis
2254 5239 2307 5293 in
2341 5237 2656 5310 ngyptum,
2706 5239 2846 5292 servi
2880 5253 2975 5306 pro
3005 5239 3192 5292 liberis
3220 5242 3685 5307 concupiscentes

2105 5324 2253 5373 esse,
2290 5320 2471 5380 aptam
2511 5310 2966 5376 concupiscentiae
2996 5324 3106 5363 sua:
3132 5322 3458 5377 acceperunt
3499 5313 3684 5363 serti-

2108 5389 2297 5441 tutem,
2327 5396 2359 5435 a
2402 5381 2511 5435 Deo
2541 5382 2759 5447 quidem
2795 5395 2901 5432 non
2929 5381 3365 5443 abscindentem,
3402 5381 3454 5433 in
3504 5382 3683 5434 servi.

2111 5451 2243 5521 I_utis
2282 5460 2464 5505 autem
2488 5450 2619 5521 jugo
2646 5449 3017 5521 dominantem
3041 5452 3141 5507 eis.
3181 5469 3201 5503 ι
3236 5449 3383 5504 Idem
3420 5452 3683 5521 observat

2107 5517 2616 5591 Tertullianus'lib.
2665 5536 2725 5585 ιι,
2778 5522 2897 5573 adv.
2930 5519 3277 5585 Marcionem,
3306 5536 3431 5591 cap.
3476 5520 3573 5591 £8.
3610 5524 3682 5573 At

2106 5590 2405 5646 luculenter
2433 5592 2625 5647 eadem
2677 5592 2948 5665 sententia
2975 5594 3268 5665 exponitur
3297 5590 3395 5648 lib;
3432 5606 3487 5646 vr
3538 5590 3683 5645 Con-

2099 5669 2274 5715 smut.
2307 5671 2501 5729 apost.,
2533 5678 2652 5732 cap.
2681 5662 2772 5716 20.

2170 5734 2221 5792 (7
2237 5732 2282 5803 l)
2313 5730 2858 5819 Ιζαρεπικρἁνατε...
2878 5730 3058 5805 ὑμῶν.
3081 5733 3290 5790 Biblia:
3325 5734 3677 5807 παρεπίκρα-

2098 5820 2257 5859 ναν...
2299 5820 2494 5859 αυτων.
