3760 6486
408 416 534 476 ’815

1313 415 1370 472 S.
1407 416 1672 473 JUSTINI
1714 416 2124 473 PillLOSOPlli
2163 418 2250 472 ET
2284 418 2647 475 MARTYRIS

3574 431 3674 486 5%

409 543 555 598 sunt
603 533 709 590 sibi
762 533 898 604 ipsis
943 534 1134 590 domus
1166 531 1354 588 Israel.
1395 534 1648 592 Transite
1701 550 1894 590 omnes
1941 534 1956 589 i

2119 551 2180 587 io:
2203 534 2311 604 (81)
2333 535 2426 587 ἐπὶ
2457 538 2568 600 τοῖς
2584 537 2846 607 ἀρχηγοῐς
2873 537 3268 609 ἀπετρύγησαν
3287 539 3466 612 ἀρχὰς
3487 541 3678 595 ἐθνῶν·

426 625 734 691 Chalanen,
766 633 820 681 et
847 625 1059 693 videte;
1102 625 1175 680 ile
1214 625 1343 679 inde
1384 626 1437 679 in
1475 627 1674 682 Amath
1722 643 1994 696 magnam,

425 729 482 774 et
535 720 850 775 descendite
898 719 1022 774 inde
1051 718 1103 773 in
1133 717 1274 773 Geth
1310 718 1762 790 alienigenarum,
1793 723 1998 792 optima

425 827 490 865 ex
543 812 797 866 omnibus
840 812 1023 882 regnis
1074 809 1190 877 his;
1223 809 1268 864 si
1299 810 1590 878 ampliores
1623 821 1750 867 sunt
1781 813 1999 869 termini

424 917 612 958 eorum
644 905 892 958 terminis
920 905 1138 959 vestris.
1173 904 1463 962 Venientes
1499 904 1554 958 lu
1595 905 1734 960 diem
1772 906 1996 974 malum,

424 997 948 1067 appropinquantes,
978 1009 1034 1052 et
1080 1007 1364 1070 tangentes
1410 999 1634 1055 sabbata
1685 999 1996 1062 mendacia,

423 1088 762 1142 dormientes
807 1089 856 1142 in
894 1087 1050 1145 lectis
1085 1089 1365 1151 eburneis.
1391 1088 1674 1146 alliuentes
1697 1090 1906 1146 deliciis
1943 1093 1996 1145 in

423 1177 618 1232 stratis
667 1178 803 1243 suis,
859 1180 947 1247 qui
976 1179 1147 1234 edunt
1186 1195 1356 1251 agnos
1404 1183 1471 1234 de
1529 1179 1804 1250 gregibus,
1839 1190 1892 1234 et
1912 1179 1995 1232 la-

420 1277 637 1326 ctentes
669 1268 863 1322 vitulos
899 1271 966 1324 de
1000 1272 1180 1326 medio
1215 1282 1610 1336 armentorum,
1643 1270 1735 1338 qui
1765 1270 1995 1340 applau-

419 1360 554 1414 dunt
579 1360 651 1414 ad
687 1375 874 1416 vocem
929 1379 1285 1433 organorum,
1332 1363 1486 1433 quasi
1533 1363 1731 1418 stantia
1768 1372 1995 1433 putave-

419 1462 568 1516 runt,
608 1461 665 1506 et
699 1467 808 1508 non
859 1457 1014 1523 quasi
1060 1455 1345 1526 fugientia.
1392 1454 1495 1522 Qui
1552 1455 1747 1510 bibunt
1797 1456 1996 1526 phialis

418 1545 625 1609 vinum,
658 1554 714 1599 et
741 1545 932 1614 primis
984 1547 1278 1614 unguentis
1315 1557 1590 1614 unguntur
1626 1555 1683 1600 et
1725 1546 1860 1600 nihil
1902 1562 1998 1616 pa-

418 1638 698 1691 tiebantur
733 1653 895 1704 super
911 1639 1239 1692 contritione
1255 1637 1478 1707 Ioseph.
1497 1637 1838 1707 Quapropter
1855 1655 1996 1694 nunc

414 1729 615 1799 captivi
641 1738 801 1784 erunt
821 1729 874 1782 in
898 1730 1074 1798 primo
1093 1729 1285 1783 ordine
1313 1730 1638 1799 optimatum
1674 1729 1785 1784 alio
1817 1739 1996 1784 trans-

412 1821 654 1874 euntium
719 1829 780 1874 et
851 1820 1299 1874 transmutabitur
1368 1821 1706 1875 domicilium
1787 1821 1995 1874 malefi-

2102 627 2352 696 εἰσῆλθον
2401 630 2617 694 ἑαυτοῖς
2654 626 2802 695 οἶκος
2851 631 2961 701 (82)
3001 632 3237 703 Ἰσραήλ.
3269 634 3504 704 Διάϐητε
3557 637 3684 691 πάν-

2100 735 2191 784 τες
2238 719 2348 789 (85)
2402 721 2482 784 είς
2522 720 2800 793 Χαλάνην,
2853 723 2947 775 καὶ
3011 722 3172 787 ἴδετε,
3231 725 3329 778 καὶ
3389 723 3682 799 πορεύθητε

2101 809 2310 863 ἐκεῖθεν
2353 812 2433 874 εἰς
2482 811 2652 882 Ἀμὰθ
2689 812 2785 884 τὴν
2822 813 3082 885 μεγάλην,
3119 816 3212 870 καὶ
3245 819 3523 889 κατάὗητε
3554 821 3686 876 ἐκεῖ-

2101 899 2190 953 θεν
2229 902 2306 966 εἰς
2341 901 2439 954 Γέθ
2491 903 2598 956 τῶν
2641 903 2978 974 ἀλλοφύλων,
3014 908 3113 972 τὰς
3147 909 3448 978 κρατίστας
3485 913 3549 964 ἐκ
3584 931 3681 968 πα-

2101 991 2210 1046 σῶν
2243 992 2348 1046 τῶν
2383 993 2672 1062 βασιλειῶν
2717 996 2942 1061 τούτων,
2978 1000 3028 1052 εί
3061 999 3284 1054 πλείονα
3316 1001 3437 1054 ἐστὶ
3469 1003 3536 1056 τά
3569 1005 3686 1075 ὅρια

2098 1082 2277 1135 αὑτῶν
2321 1083 2428 1136 τῶν
2473 1086 2637 1157 ὁρίων
2684 1086 2858 1158 ὑμῶν.
2895 1090 2958 1143 Oi
3021 1091 3308 1162 ἐρχόμενοι
3353 1094 3437 1158 είς
3483 1097 3686 1166 ἡμέραν

2100 1176 2363 1244 πονηρὰν,
2398 1177 2448 1229 oi.
2483 1177 2815 1246 ἐγγίζοντες,
2850 1181 2946 1234 καὶ
2994 1183 3362 1255 ἐφαπτόμενοι
3410 1188 3685 1243 σαὸϐάτων

2097 1267 2306 1337 ψευδῶν
2326 1286 2338 1298 ο
2375 1271 2424 1322 οἱ
2458 1268 2788 1342 κοιμώμενοι
2819 1273 2913 1326 ἐπ)⁸
2945 1273 3142 1328 κλινῶν
3175 1275 3564 1346 ἐλεφαντίνων,
3598 1284 3684 1336 καὶ

2098 1361 2625 1427 κατασπαταλῶντες
2683 1363 2778 1416 ἐπὶ
2842 1367 2960 1430 ταῖς
3021 1372 3333 1438 στρωμναῖς
3381 1371 3593 1425 αὐτῶν·
3639 1375 3682 1426 oi

2098 1449 2366 1516 ἐσθίοντες
2399 1452 2568 1524 ἄρνας
2589 1456 2662 1508 ἑκ
2691 1457 2975 1527 ποιμνίων,
2994 1459 3089 1512 καὶ
3125 1461 3399 1533 μοσχάρια
3431 1465 3497 1516 ἐκ
3521 1465 3677 1534 μέσον

2099 1540 2392 1610 βουκολίων
2424 1543 2705 1614 γαλαθηνὰ
2725 1561 2737 1573 ·
2774 1548 2824 1599 οἱ
2857 1548 3404 1622 ἐπικροτοῦντες(84)
3436 1556 3571 1624 πρὸς
3595 1556 3683 1627 τὴν

2097 1633 2279 1705 φωνὴν
2342 1635 2447 1689 τῶν
2511 1637 2757 1708 ὀργάνων
2777 1656 2789 1668 ·
2837 1639 2913 1703 ὡς
2959 1640 3166 1696 ἑστῶτα
3213 1643 3549 1714 ἐλογίσαντο,
3596 1651 3684 1703 καὶ

2095 1726 2194 1797 οὐχ
2225 1727 2300 1791 ὡς
2336 1727 2638 1797 φεύγοντα·
2668 1732 2716 1783 οἱ
2751 1731 2997 1798 πίνοντες
3031 1735 3090 1787 ἐν
3125 1735 3346 1803 φιάλαις
3381 1734 3524 1792 οἶνον
3558 1742 3680 1810 (85),

2098 1817 2192 1870 καὶ
2252 1818 2317 1870 τὰ
2365 1818 2558 1890 πρῶτα
2605 1819 2754 1891 μύρα
2800 1821 3100 1893 χριόμενοι,
3149 1825 3244 1879 καὶ
3289 1828 3393 1880 οὐκ
3457 1828 3682 1899 ἔπασχον

412 1927 630 1975 corum;
651 1920 706 1965 et
726 1911 945 1969 tolletur
963 1913 1210 1967 hinnitus
1232 1927 1496 1982 equorum
1515 1929 1580 1968 ex
1598 1913 1855 1983 Epliraim
1872 1915 1939 1968 ⁷⁸.

2119 1909 2246 1962 ,ὑδὲν
2295 1910 2386 1962 ἐπὶ
2445 1914 2510 1982 τῇ
2560 1913 2818 1985 συντριϐῇ
2852 1914 2946 1966 τοῦ
2985 1914 3206 1988 Ἰωσήφ.
3245 1919 3348 1972 Διὰ
3397 1919 3552 1974 τοῦτο
3598 1923 3682 1976 νῦν

407 2005 490 2058 Ac
507 2019 698 2059 rursus
713 2017 811 2074 per
824 2003 1000 2060 Jereui
1012 2005 1145 2058 iam:
1168 2025 1186 2056 ι
1205 2005 1544 2074 Congregate
1561 2021 1752 2059 carnes
1777 2017 1992 2062 vestras

409 2106 466 2151 et
487 2097 826 2160 victimas,et
841 2099 1128 2152 comedite.
1147 2098 1282 2166 Quia
1306 2114 1410 2153 non
1430 2099 1496 2153 de
1514 2099 1750 2153 victimis
1773 2111 1826 2152 et
1845 2099 1984 2152 liba-

407 2188 643 2243 tiouibus
658 2190 884 2259 praecepi
905 2190 1149 2258 patribus
1172 2191 1389 2254 vestris,
1406 2206 1513 2258 quo
1537 2191 1622 2244 die
1647 2190 1985 2260 apprehendi

409 2295 626 2333 manuni
657 2295 844 2335 eorum
879 2283 1250 2336 uteducerem
1283 2297 1377 2338 eos
1407 2284 1474 2337 de
1506 2293 1649 2338 terra
1678 2283 1898 2354 Egypti
1918 2285 1985 2339 ⁷³.

404 2369 474 2424 Et
527 2387 746 2426 rursum
801 2387 897 2442 per
949 2372 1207 2428 llavidem
1259 2374 1314 2429 in
1366 2374 1786 2446 quadragesimo
1839 2391 1982 2430 nono

404 2463 614 2534 psalmo
649 2465 728 2519 sic
779 2464 994 2520 locutus
1040 2475 1172 2520 est:
1215 2485 1234 2518 ι
1273 2467 1416 2521 Deus
1459 2468 1680 2522 deorum
1729 2469 1988 2523 Dominus

404 2559 622 2614 locutus
655 2567 765 2624 est,
796 2567 852 2613 et
892 2558 1105 2613 vocavit
1155 2568 1356 2613 terram
1406 2574 1434 2612 a
1487 2559 1616 2613 solis
1661 2569 1786 2613 ortu
1815 2573 1988 2629 usque

402 2653 471 2705 ad
518 2666 774 2706 occasum
811 2667 824 2704 :
857 2666 922 2704 ex
964 2650 1096 2704 Sion
1155 2649 1376 2718 species
1413 2649 1629 2704 decoris
1675 2650 1814 2719 ejus.
1844 2651 1984 2705 Deus

401 2742 688 2799 manifeste
730 2744 934 2809 veniet,
958 2742 1099 2796 Deus
1131 2753 1338 2807 noster,
1363 2752 1418 2797 et
1457 2758 1562 2796 non
1603 2742 1802 2796 silebit.
1833 2741 1983 2811 Ignis

401 2835 456 2890 in
486 2846 779 2906 conspectu
813 2835 934 2906 ejus
981 2834 1220 2902 ardebit,
1251 2845 1308 2888 et
1346 2835 1400 2888 in
1431 2835 1666 2890 circuitu
1699 2833 1818 2902 ejus
1848 2843 1984 2888 tem-

399 2937 582 2997 pestas
633 2928 837 2984 valida.
863 2927 1171 2982 Advocabit
1215 2926 1417 2980 coelum
1448 2942 1664 2982 sursum
1693 2935 1750 2980 et
1783 2935 1979 2980 terram

399 3019 712 3075 discernere
762 3020 1020 3089 populum
1075 3033 1258 3076 suum.
1311 3018 1654 3088 Congregate
1705 3019 1862 3087 122
1903 3018 1979 3072 illi

397 3122 620 3169 sanctos
645 3110 784 3180 ejus,
807 3112 898 3179 qui
929 3111 1230 3180 disponunt
1257 3118 1650 3165 testamentum
1670 3111 1791 3180 ejus
1819 3126 1981 3179 super

397 3203 667 3260 sacriﬁcia
695 3219 710 3266 ;
741 3211 796 3257 et
819 3201 1220 3256 aununtiabunl
1252 3201 1372 3256 εαξη
1392 3201 1663 3271 justitiam
1689 3199 1832 3271 ejus,
1854 3219 1982 3272 quo-

2096 2001 2428 2072 αίχμάλωτοι
2478 2001 2689 2056 ἔσονται
2722 2005 2818 2056 ἀπ’
2852 2005 3028 2076 ἀρχῆς
3060 2007 3342 2061 δυναστῶν
3377 2009 3486 2063 τῶν
3530 2014 3680 2066 ἀποι-

2095 2093 2396 2164 κιζομένων
2443 2094 2574 2167 (86),
2609 2095 2708 2150 καὶ
2770 2101 3286 2172 μεταστραφήσεται
3335 2103 3548 2174 οἴκημα
3590 2124 3681 2160 κα-

2093 2183 2361 2256 κούργων,
2400 2186 2494 2240 καὶ
2549 2185 2912 2258 ἐξαρθήσεται
2970 2192 3340 2262 χρεμετισμὸς
3400 2193 3582 2246 ἵππων
3626 2195 3679 2261 ἐξ

2117 2273 2372 2346 Ἐφραῖμ.
2403 2294 2420 2324 ι
2453 2275 2562 2330 Καὶ
2611 2276 2772 2330 πάλιν
2815 2278 2902 2332 διὰ
2944 2279 3240 2351 Ἱερεμίου·
3289 2301 3306 2332 ι
3347 2284 3679 2352 Συναγάγετε

2091 2367 2157 2420 τὰ
2191 2368 2329 2438 κρέα
2359 2367 2513 2438 ὑμῶν
2546 2369 2640 2422 καὶ
2667 2369 2764 2435 τὰς
2803 2370 3013 2436 θυσίας,
3048 2373 3142 2425 καὶ
3177 2375 3383 2442 φάγετε
3404 2391 3417 2404 °
3457 2377 3540 2429 ὅτι
3564 2376 3679 2429 οὕτε

2091 2459 2222 2530 περὶ
2255 2459 2455 2513 θυσιῶν
2497 2460 2530 2530 ἢ
2584 2461 2824 2515 σπονδῶν
2876 2464 3232 2535 ἐνετειλάμην
3266 2469 3378 2531 τοῖς
3419 2469 3680 2539 πατράσιν

2087 2551 2264 2623 ὑμῶν,
2366 2553 2550 2625 ἡμέρᾳ
2594 2554 2940 2627 ἐπελαθόμην
2973 2557 3072 2627 τῆς
3108 2559 3292 2630 χειρὸς
3323 2560 3526 2624 αὐτῶν,
3558 2561 3677 2627 ἐξα-

2085 2651 2278 2715 γαγεῖν
2329 2648 2527 2712 αὐτοὺς
2578 2650 2641 2700 ἐκ
2684 2650 2786 2720 γῆς
2833 2650 3128 2718 Αἰγύπτου.
3174 2671 3191 2703 ι
3242 2652 3356 2706 Καὶ
3392 2653 3552 2706 πάλιν
3594 2654 3679 2708 διὰ

2083 2740 2248 2792 Δαδὶδ
2302 2743 2358 2793 ἐν
2415 2742 2834 2813 τεσσαρακοστῷ
2891 2743 3065 2815 ἐνάτῳ
3099 2745 3300 2816 ψαλμῷ
3335 2746 3510 2812 οὕτως
3543 2747 3675 2817 ἔφη·

2089 2851 2106 2883 ι
2153 2831 2286 2897 Θεὸς
2341 2833 2477 2886 θεῶν
2521 2835 2725 2906 Κύριος
2763 2836 3012 2906 ἐλάλησε,
3042 2837 3137 2890 καὶ
3179 2838 3414 2892 ἐκάλεσε
3454 2841 3548 2912 τὴν
3577 2841 3677 2910 γῆν

2079 2925 2189 2978 ἀπὸ
2222 2925 2494 2978 ἀνατολῶν
2533 2927 2682 2995 ἡλίου
2735 2927 2895 2998 μέχρι
2924 2927 3165 2998 δυσμῶν.
3205 2930 3305 2982 Ἐκ
3343 2931 3484 2984 Σιὼν
3523 2934 3554 3003 ἡ
3586 2935 3674 2985 εῦ-

2081 3011 2319 3082 πρέπεια
2366 3013 2464 3084 τῆς
2515 3013 2848 3088 ὡραιότητος
2904 3017 3090 3070 αὑτοῦ.
3139 3019 3197 3070 'O
3247 3019 3384 3086 Θεὸς
3425 3024 3674 3093 ἐμφανῶς

2077 3102 2217 3171 ἣξει,
2263 3103 2292 3156 ό
2325 3103 2456 3168 Θεὸς
2512 3105 2687 3175 ἡμῶν,
2742 3107 2836 3160 καὶ
2891 3108 2950 3159 οὗ
3006 3113 3528 3183 παρασιωπήσεται.
3562 3114 3673 3185 Πῦρ

2077 3194 2306 3249 ἐνώπιον
2326 3197 2488 3250 αὑτοῦ
2525 3198 2879 3271 καυθήσεται,
2899 3202 2993 3255 καὶ
3019 3201 3205 3273 κύκλῳ
3230 3203 3396 3258 αὐτοῦ
3429 3209 3672 3277 καταιγ“ις

396 3295 544 3349 niam
599 3293 743 3348 Dens
793 3291 959 3359 judex
1018 3303 1126 3348 est.
1177 3293 1349 3353 Audi,
1423 3290 1621 3361 popule
1679 3307 1866 3358 meus,
1923 3310 1959 3348 ei

2119 3287 2302 3359 φόδρα.
2324 3289 2759 3360 Προσκαλέσεται
2793 3293 2883 3344 τὸν
2907 3295 3132 3364 οὐρανὸν
3163 3295 3277 3348 ἄνω
3311 3298 3409 3350 καὶ
3431 3299 3525 3369 τὴν
3550 3300 3671 3369 γῆν,

395 3387 594 3458 loquar
641 3387 737 3442 tibi
759 3427 773 3451 ,
811 3386 1096 3450 Israel,‘et
1132 3385 1470 3440 testiﬁcabor
1496 3385 1613 3439 tibi.
1646 3384 1812 3450 Deus,
1836 3386 1978 3441 Deus

394 3489 525 3536 tuus
549 3495 650 3550 ego
679 3493 822 3534 sum.
866 3476 982 3532 Non
1024 3478 1076 3531 in
1121 3477 1410 3532 sacriﬁciis
1467 3476 1574 3531 tuis
1621 3492 1844 3547 arguam
1889 3487 1971 3540 te;

395 3575 715 3632 holocausta
745 3582 927 3628 autem
965 3583 1054 3627 tua
1089 3573 1142 3627 in
1189 3581 1483 3642 conspectu
1525 3587 1644 3628 meo
1674 3579 1801 3626 sunt
1825 3588 1972 3628 sem-

391 3681 516 3737 per.
544 3664 662 3720 Non
697 3665 961 3734 accipiam
995 3665 1060 3719 de
1095 3664 1257 3720 domo
1303 3673 1392 3718 tua
1431 3662 1652 3727 vitulos,
1691 3677 1868 3733 neque
1905 3665 1972 3719 de

390 3759 647 3830 gregibus
701 3757 808 3812 tuis
863 3758 1075 3821 hircos;
1122 3756 1380 3826 quoniam
1435 3771 1568 3810 mea:
1615 3763 1740 3810 sunt
1777 3769 1971 3810 omnes

389 3850 577 3904 bestiae
609 3848 750 3919 agri,
795 3863 991 3918 pecora
1025 3850 1078 3903 in
1125 3849 1402 3904 montibus
1441 3858 1496 3900 et
1525 3848 1707 3903 boves.
1729 3847 1968 3918 Cognovi

389 3942 572 3996 omnia
598 3940 838 3995 volatilia
871 3941 997 3996 εωΙί
1029 3951 1086 3995 et
1133 3940 1346 4010 species
1379 3940 1496 4010 agri
1531 3955 1743 3994 mecum
1777 3949 1880 3996 est.
1911 3941 1966 3996 Si

389 4032 659 4094 esuriem.
699 4047 810 4086 non
861 4033 1038 4086 dicam
1097 4032 1227 4096 tibi;
1284 4047 1436 4085 incus
1475 4041 1557 4085 est
1614 4033 1760 4086 enim
1818 4032 1967 4086 orbis

389 4133 571 4189 terrae,
600 4133 657 4178 et
681 4124 961 4195 plenitudo
991 4125 1129 4195 ejus.
1176 4123 1432 4194 Nunquid
1474 4123 1813 4178 manducabo
1845 4139 1968 4178 car-

361 4230 486 4272 .nes
548 4216 878 4270 taurorum?
932 4227 1024 4269 aut
1085 4217 1402 4286 sanguinem
1441 4216 1712 4270 hircorum
1744 4215 1972 4285 potabo?

387 4308 610 4363 Immola
646 4307 759 4362 Deo
791 4307 1125 4363 sacriﬁcium
1160 4308 1333 4362 laudis
1365 4325 1380 4362 :
1411 4317 1465 4362 et
1496 4309 1658 4384 redde
1687 4309 1968 4363 Altissimo

388 4409 512 4456 vota
537 4409 652 4454 tua.
671 4399 737 4453 Et
761 4398 952 4454 invoca
989 4414 1073 4453 me
1096 4399 1146 4453 in
1178 4398 1264 4454 die
1291 4399 1678 4466 tribulationis,
1695 4408 1749 4455 et
1774 4415 1964 4454 eruam

453 4579 500 4611 "
537 4580 705 4634 Amos
754 4593 808 4644 v,
840 4579 908 4633 18
941 4593 1115 4648 usque
1147 4579 1215 4633 ad
1247 4578 1433 4644 finem,
1463 4588 1519 4635 et
1554 4595 1625 4645 vi,
1670 4578 1782 4634 1-6.

456 4757 565 4829 (81)
622 4760 686 4812 Ol
735 4758 1167 4829 ὠνομασμένοι.
1217 4757 1338 4814 Jam
1394 4760 1550 4815 multi
1602 4761 1964 4815 observarunt
1996 4766 2042 4820 D

384 4829 525 4899 duas
554 4832 659 4884 hoc
686 4829 807 4884 loco
846 4831 1327 4899 interpretationes
1369 4847 1397 4884 a
1438 4830 1653 4885 Justino
1685 4832 1961 4899 conjungi.

382 4898 519 4953 Nam
545 4899 683 4968 apud
712 4898 1066 4972 septuaginta
1098 4918 1195 4971 pro
1227 4903 1312 4955 his
1346 4903 1602 4972 verbisol
1637 4898 1963 4972 ωνομασμέ-

381 4986 514 5044 vett
549 4980 684 5044 et_c_.,
743 4970 1004 5024 habemus
1077 4970 1289 5044 tantum
1347 4970 1960 5044 ἀπετρύγησανὰρχὰς

383 5038 575 5094 ἐθνῶν.
603 5039 717 5094 Νοη
759 5051 937 5094 tamen
965 5043 1293 5096 crediderim
1328 5045 1462 5096 duas
1493 5038 1520 5094 5.
1550 5038 1764 5096 .l’u'stino
1797 5038 1962 5096 inier-

379 5113 715 5180 pretationcs
742 5112 1060 5182 conjunctas
1091 5113 1280 5177 fuisse;
1314 5115 1405 5166 sed
1441 5114 1778 5182 probabilius
1808 5114 1962 5165 vide-

386 5193 476 5235 tur
505 5198 650 5244 eum,
707 5183 756 5235 id
809 5181 951 5252 quod
999 5185 1047 5236 ei
1090 5199 1198 5238 non
1254 5197 1380 5236 raro
1432 5185 1652 5246 accidit,
1694 5181 1856 5234 aliter
1901 5197 1966 5234 ac

383 5253 736 5322 Septuaginta
801 5255 1217 5322 interpretatum
1280 5268 1435 5316 esse;
1486 5268 1713 5321 quoi-uni
1767 5254 1962 5306 deinde

382 5323 766 5394 interpretatio
799 5325 867 5377 ad
903 5325 1202 5390 marginem
1238 5325 1306 5376 ab
1339 5325 1521 5391 aliquo
1553 5322 1775 5377 librario
1797 5339 1963 5392 appo-

380 5395 506 5458 sita,
543 5395 702 5448 facile
735 5395 788 5449 in
823 5403 1031 5462 textum
1065 5397 1326 5462 obrepere
1364 5394 1559 5459 potuit.

452 5465 561 5534 (8‘2)
601 5465 866 5530 Ἐαυτοῖς
899 5460 1078 5530 (hcc.
1116 5459 1285 5518 Biblia
1324 5463 1563 5519 Romana
1599 5463 1752 5516 αὐτοὶ
1791 5459 1960 5526 οἶκος.

378 5535 647 5603 Complut.
685 5538 764 5598 εἰς
797 5535 1012 5597 αὐτούς.

453 5605 562 5676 (85)
585 5605 830 5671 Πάντες.
854 5605 992 5661 LXX
1027 5621 1132 5658 non
1189 5603 1787 5676 adduutsi;_Xa)tdvnv,
1816 5604 1958 5676 unde

379 5671 604 5743 coiijicit
638 5676 884 5729 Nobilius
918 5681 1054 5730 duas
1095 5677 1375 5728 versiones
1417 5692 1444 5726 a
1479 5671 1692 5727 Justino
1723 5675 1951 5743 conjun-

382 5758 501 5799 ctas
543 5744 733 5806 fuisse.
779 5747 905 5815 quia
947 5765 966 5796 ι
1024 5747 1074 5798 in
1129 5743 1358 5797 llebrmo
1393 5746 1575 5805 dictio,
1605 5761 1724 5812 qua:
1782 5747 1953 5814 signi-

381 5823 506 5871 licat
536 5831 744 5878 omnes,
785 5830 890 5870 non
928 5816 1154 5870 multum
1194 5817 1354 5867 distat
1392 5832 1417 5864 a
1461 5815 1719 5870 Clialaue.
1767 5838 1782 5866 ι

2076 3381 2167 3434 τοῦ
2193 3382 2467 3454 διακρῖναι
2500 3384 2590 3436 τὸν
2625 3383 2756 3437 λαὸν
2787 3385 2972 3441 αὑτοῦ.
3002 3388 3350 3456 Συναγάγετε
3378 3391 3527 3462 αὐτῷ
3554 3393 3674 3457 τοῦς

2075 3474 2256 3538 ὁσίους
2277 3474 2459 3538 αὑτοῦ,
2483 3477 2609 3540 τοὺς
2642 3475 3049 3548 διατιθεμένους
3083 3479 3181 3550 τὴν
3209 3480 3481 3554 διαθήκην
3515 3484 3672 3537 αὐταῦ

2072 3565 2167 3618 ἐπὶ
2199 3565 2431 3631 θυσίαις.
2467 3567 2575 3621 Καὶ
2607 3569 2995 3636 ἀναγγελοῦσιν
3025 3572 3073 3623 οἱ
3107 3571 3331 3642 οὐρανοὶ⁸
3355 3575 3454 3644 τὴν
3480 3575 3672 3630 δίκαιοι

2073 3657 2241 3729 σύνην
2281 3657 2464 3721 αὑτοῦ,
2489 3659 2568 3712 ὅτι
2601 3660 2628 3711 ὁ
2657 3659 2789 3724 Θεὸς
2813 3663 3006 3733 κριτής
3035 3664 3202 3716 ἐστιν.
3240 3666 3526 3732 Ἀκουσον,
3547 3667 3670 3732 λαός

2080 3766 2202 3821 μου,
2235 3749 2330 3802 καὶ
2357 3748 2577 3818 λαλήσω
2599 3766 2679 3802 σοι
2699 3766 2713 3779 ⁶
2763 3751 2979 3822 Ἰσραὴλ
3003 3791 3018 3814 ,
3051 3752 3148 3804 καὶ
3185 3752 3664 3826 διαμαρτυρςῦμειί

2075 3860 2192 3894 σοι·
2224 3843 2417 3908 ὁθεὸς,
2437 3843 2464 3894 ό
2481 3843 2611 3908 Θεός
2643 3859 2736 3896 σου
2768 3843 2883 3912 εἰμὶ
2901 3841 3029 3912 ἐγώ.
3051 3845 3163 3897 Οὐκ
3183 3847 3276 3898 ἐπὶ
3307 3851 3429 3912 ταῖς
3465 3849 3668 3912 θυσίαις

2073 3951 2166 3988 σου
2206 3935 2407 4003 ἐλέγξω
2439 3952 2497 3987 σε
2517 3952 2530 3965 ο
2568 3936 2635 3989 τὰ
2657 3935 2712 3987 δὲ
2742 3934 3166 4006 ὀλοκαυτώματά
3189 3955 3282 3990 σου
3315 3939 3545 3993 ἐνώπιόν
3571 3958 3668 4010 μου

2070 4028 2188 4081 ἐστὶ
2217 4028 2525 4092 διαπαντός.
2553 4027 2626 4080 Οὐ
2650 4026 2870 4097 δέξομαι
2897 4029 2960 4080 ἐκ
2981 4027 3072 4081 τοῦ
3104 4029 3256 4082 οἴκου
3288 4049 3386 4084 σου
3418 4034 3664 4103 μόσχους,

2072 4122 2191 4175 οῦδέ
2247 4124 2310 4175 ἐκ
2356 4121 2461 4175 τῶν
2511 4122 2773 4192 ποιμνίων
2807 4139 2899 4174 σου
2939 4125 3207 4196 χιμάρους
3231 4141 3244 4154 ’
3282 4126 3367 4178 ὅτι
3413 4128 3524 4198 ἐμά
3557 4129 3666 4180 ἐστι

2074 4215 2250 4268 πάντα
2281 4215 2348 4270 τὰ
2379 4213 2544 4286 θηρία
2577 4213 2670 4266 τοῦ
2718 4213 2910 4284 ἀγροῦ,
2943 4217 3115 4287 κτήνη
3147 4217 3206 4270 ἐν
3235 4219 3350 4281 τοῖς
3383 4217 3538 4290 ὄρεσι
3576 4217 3664 4269 καὶ

2071 4307 2215 4378 βόες.
2252 4306 2505 4376 Ἔγνωκα
2559 4305 2734 4360 πάντα
2786 4307 2853 4360 τὰ
2899 4308 3118 4361 πετεινὰ
3161 4307 3253 4360 τοῦ
3284 4309 3540 4381 οὐρανοῦ,
3575 4309 3664 4361 καὶ

2067 4399 2336 4471 ῶραιότης
2365 4398 2534 4470 ἀγροῦ
2560 4397 2668 4470 (87)
2710 4399 2826 4469 μετ’
2861 4398 2993 4470 ἐμοῦ
3023 4400 3188 4452 ἐστιν,
3247 4401 3376 4454 Ἐὰν
3406 4403 3663 4464 πεινάσω,

1863 4580 1907 4610 ⁷³
1945 4577 2060 4634 Jer.
2097 4593 2197 4644 vn,
2231 4577 2316 4640 9.1,
2347 4579 2435 4632 9.2.

2143 4760 2254 4832 (84)
2294 4762 2358 4813 Ol
2389 4757 2862 4832 é-aixpowﬁrtjeq.
2903 4757 2991 4832 ita
3030 4758 3199 4814 editio
3247 4758 3373 4815 Ald.
3413 4770 3462 4815 et
3500 4759 3660 4816 Com-

2075 4829 2210 4900 plut.
2239 4829 2293 4884 et
2322 4833 2442 4884 rod.
2475 4833 2631 4883 Alex.
2668 4841 2718 4901 et
2767 4829 3136 4883 Tertullianus
3173 4838 3227 4901 et
3261 4832 3500 4901 Cyrillus
3531 4833 3659 4885 Ale-

2076 4902 2398 4960 xandrinus,
2430 4901 2652 4968 aliique.
2685 4899 2909 4967 Legitur
2932 4899 3362 4971 ἐπικρατοῦντες
3392 4904 3445 4956 in
3478 4903 3658 4956 Bibliis

2072 4972 2356 5025 Romanis.
2397 4972 2707 5025 'lttttiuitus.

2103 5043 2257 5130 J85)
2303 5042 2398 5094 ἐἰν
2435 5039 2680 5110 φιάλαις
2712 5036 2898 5096 οἶνον.
2928 5039 3070 5096 LXX
3107 5057 3119 5092 :
3154 5041 3260 5095 Τὸν
3321 5042 3658 5113 διυλισμένον

2072 5129 2234 5165 οινον.
2452 5143 2461 5154 ι

2143 5185 2252 5254 (86)
2286 5182 2410 5236 Τῶν
2435 5179 2910 5249 ἀποικιζομένων.
2942 5181 3065 5237 Haec
3088 5183 3287 5236 desunt
3319 5185 3464 5250 apud
3492 5183 3650 5236 LXX.

2071 5254 2274 5326 Desunt
2308 5256 2471 5326 etiam
2501 5269 2620 5320 qiue
2653 5265 2980 5326 sequuntur,
3006 5254 3100 5306 καὶ
3137 5257 3652 5326 μεταστραφήσεται

2061 5325 2272 5394 οἴκημα
2305 5324 2647 5394 κακούργων.
2680 5321 2830 5377 Unde
2867 5326 2916 5376 in
2946 5327 3028 5378 liis
3065 5321 3293 5378 vocibus
3328 5321 3464 5379 duas~
3490 5321 3653 5380 iuzer-

2073 5406 2417 5464 preiationes
2451 5396 2647 5464 eruditi
2686 5394 2784 5446 \‘iri
2820 5395 3201 5448 observarmit.

2139 5464 2248 5534 (87)
2291 5462 2518 5532 Ἀπροῦ.
2560 5462 2797 5534 Uterque
2851 5469 3018 5519 codex
3069 5467 3135 5517 ad
3192 5469 3496 5534 margini-iu
3554 5465 3650 5517 τοῦ

2069 5533 2297 5605 δρυμοῦ,
2357 5536 2541 5605 ethsic
2598 5533 2664 5586 It.
2699 5537 3004 5601 Stephanus
3039 5537 3105 5588 ad
3140 5533 3371 5590 calcem.
3434 5535 3648 5605 Legitur

2070 5602 2274 5675 δρυμοῦ
2330 5607 2382 5658 in
2418 5602 2607 5675 liibliis
2647 5605 2928 5668 Romanis,
2963 5607 3103 5659 unde
3151 5606 3414 5674 colligere
3460 5602 3616 5675 pos‘su

2069 5672 2190 5729 inus
2225 5693 2328 5728 non
2365 5692 2392 5726 a
2428 5672 2639 5728 Justin
2689 5687 2868 5728 ortum
2905 5691 3047 5738 esse,
3082 5678 3179 5730 sed
3216 5693 3246 5729 a
3283 5672 3544 5741 librariis,
3589 5684 3648 5729 ut

2069 5747 2264 5814 duplex
2303 5746 2572 5799 interdum
2609 5757 2922 5803 occurreret
2957 5749 3362 5814 interpretatio.
