3760 6522
343 391 461 473 εει

1307 410 1366 468 S.
1400 411 1667 468 JUSTINI
1698 410 2113 468 PHILOSOPHI
2146 412 2235 468 ET
2283 410 2639 467 MARTYRIS

3515 415 3607 472 528

345 534 569 592 sabbata
602 530 803 601 agant?
841 529 998 601 123
1028 528 1241 585 Maneto
1270 537 1329 583 ut
1357 529 1464 585 nati
1496 530 1651 585 estis.
1684 510 1742 586 Si
1767 531 1907 586 enim

2067 529 2331 601 εγένησθε.
2348 532 2410 584 Et
2437 529 2544 603 γὰρ
2569 529 2673 602 πρὸ
2704 506 2806 582 τοῦ·
2828 524 3080 600 ’Λϐραὰμ
3104 527 3203 582 οὐκ
3231 522 3299 600 ἦν
3322 527 3485 601 χρεία
3522 546 3610 584 περ

346 641 450 681 nec
504 632 627 678 ante
653 622 930 677 Abraham
968 620 1523 686 circutncisioue,nec
1548 630 1674 675 ante
1700 620 1920 691 Moysen

346 719 596 778 sabbato,
620 716 771 771 feriis
793 725 848 770 et
875 714 1192 769 munerilms
1214 728 1353 782 opus
1383 723 1530 778 erat;
1561 728 1737 782 neque
1757 715 1921 767 etiam

342 810 604 865 similiter
626 824 761 880 Opus
804 817 907 874 est,
937 819 1226 876 postquam
1259 806 1557 860 secundum
1582 806 1922 860 voluntatem

344 904 529 959 Patris
582 903 787 971 absque
851 908 1080 969 peccato
1131 913 1196 953 ex
1255 897 1474 969 Virgine
1524 898 1593 953 ab
1642 897 1920 952 Abraham

342 998 573 1052 oriunda
605 995 822 1065 genitus
855 1004 938 1050 est
985 993 1159 1048 Filius
1190 993 1282 1046 Dei
1312 990 1469 1047 Jcsus
1491 990 1763 1047 Christus.
1784 991 1920 1047 Nam

344 1099 399 1146 et
453 1091 568 1158 ipse
619 1089 921 1150 Abraham,
957 1101 1078 1141 cum
1112 1086 1167 1140 in
1201 1085 1468 1155 prmputio
1492 1080 1671 1150 esset,
1702 1095 1923 1156 propter

344 1182 529 1245 ﬁdem,
563 1197 667 1251 qua
698 1180 930 1236 credidit
967 1182 1099 1245 Deo,
1126 1178 1464 1247 justilicatus
1510 1191 1563 1235 et
1600 1180 1921 1235 benedictus

342 1283 448 1339 est,
500 1284 558 1327 ut
613 1273 894 1339 Scriptura
943 1269 1373 1325 demonstrat”.
1431 1270 1918 1326 Circumcisionem

342 1374 523 1420 autem
569 1364 621 1417 iu
682 1364 921 1431 signum,
973 1376 1081 1415 non
1146 1361 1212 1415 ad
1260 1359 1526 1428 justitiam
1587 1360 1819 1428 accepit,
1863 1370 1923 1415 ut

344 1458 640 1527 Scriptura:
696 1464 751 1509 et
802 1469 893 1509 res
925 1453 1057 1523 ipsa:
1106 1468 1205 1507 nos
1244 1462 1445 1523 cogunt
1475 1453 1747 1507 conﬁteri.
1774 1454 1922 1520 Quo-

341 1552 490 1606 circa
534 1551 657 1621 jure
703 1550 770 1604 de
800 1548 1002 1618 pepulo
1035 1547 1133 1602 illo
1165 1548 1370 1602 dictum
1400 1557 1487 1601 est
1515 1549 1775 1615 animam,
1802 1563 1922 1617 quae

341 1651 540 1696 octavo
564 1640 650 1692 die
677 1654 787 1692 non
819 1635 1263 1698 circumcitletur,
1289 1652 1351 1691 ex
1381 1652 1582 1706 genere
1612 1651 1711 1691 suo
1740 1647 1923 1692 exter-

342 1733 607 1787 minatum
641 1731 729 1785 iri.
765 1730 901 1785 Nam
934 1730 1078 1799 quod
1107 1744 1279 1798 genus
1323 1729 1588 1785 muliebre
1627 1732 1917 1786 circumci-

342 1824 552 1880 sionem
604 1826 853 1892 accipere
909 1836 1017 1875 non
1060 1832 1265 1889 potest,
1297 1822 1349 1876 id
1381 1832 1703 1893 argumento
1744 1836 1829 1877 est
1863 1824 1916 1877 in

340 1918 563 1986 signum
590 1916 777 1970 datam
804 1928 949 1978 esse,
983 1928 1089 1968 non
1123 1922 1184 1967 ut
1214 1928 1352 1982 opus
1374 1912 1622 1980 justitim.
1652 1915 1742 1968 Sic
1772 1914 1916 1969 enim

343 2009 488 2063 Deus
535 2007 791 2062 mulieres
845 2006 993 2071 fecit,
1020 2013 1080 2059 ut
1111 2020 1233 2075 qua:
1257 2004 1527 2072 justitiam
1562 2014 1619 2059 et
1658 2006 1917 2060 virtutem

339 2107 613 2170 spectant,
643 2114 707 2153 ea
752 2098 956 2167 pariter
992 2098 1120 2166 ipsa:
1151 2113 1366 2167 quoque
1411 2097 1594 2151 omnia
1627 2098 1919 2151 observare

340 2201 581 2263 possent.
626 2195 704 2246 Ac
750 2189 990 2260 speciem
1036 2190 1259 2260 quidem
1304 2191 1491 2245 carnis
1529 2189 1692 2244 aliam
1727 2192 1916 2256 maris,

338 2282 499 2337 aliam
547 2283 761 2338 feminae
824 2292 1069 2336 creatam
1128 2281 1402 2345 videmus;
1453 2289 1509 2335 at
1550 2291 1802 2336 neutrum
1852 2295 1918 2334 ea

339 2392 501 2433 causa
545 2377 753 2445 justum
809 2386 905 2430 aut
952 2374 1216 2443 injustum
1252 2388 1373 2427 esse
1404 2373 1786 2443 perspicimus,
1822 2373 1918 2428 sed

339 2478 565 2537 propter
589 2468 843 2539 pietatem
885 2476 938 2521 et
958 2466 1245 2535 justitiam.

409 2560 501 2615 24.
525 2560 948 2615 Christianorum
994 2558 1333 2613 circumcisio
1365 2556 1519 2625 longe
1551 2558 1916 2625 prwslantior.

341 2652 601 2719 -—Atque
625 2651 755 2704 illud
785 2651 1005 2719 quidem
1053 2649 1209 2702 vobis
1233 2660 1498 2717 poteram,
1528 2648 1652 2713 viri,
1690 2648 1918 2701 demon-

342 2754 542 2809 strare,
571 2744 714 2797 diem
751 2754 1005 2797 octavum
1037 2742 1225 2812 potius
1269 2755 1432 2808 quam
1472 2740 1785 2807 septimum,
1816 2738 1918 2793 ali-

341 2835 472 2905 quid
507 2836 755 2907 mysterii
800 2835 1075 2897 habuisse,
1117 2832 1263 2901 quod
1315 2846 1410 2898 per
1450 2829 1565 2884 [nec
1591 2845 1621 2883 a
1650 2830 1757 2883 Deo
1788 2845 1917 2899 pro—

340 2930 638 2999 mulgatum
669 2929 762 2985 sit.
822 2927 928 2983 Sed
961 2942 1027 2982 ne
1057 2942 1203 2981 nunc
1259 2926 1312 2979 in
1364 2924 1502 2977 alios
1534 2939 1817 2978 sermones
1838 2924 1921 2978 di—

344 3019 496 3092 gredi
523 3019 733 3081 videar,
777 3017 1065 3087 iutelligi‘te
1116 3015 1259 3085 quod
1292 3014 1502 3069 clamo:
1533 3015 1769 3083 Sanguis
1800 3017 1909 3070 cir-

339 3110 699 3165 cumcisionis
726 3108 871 3164 illius
901 3107 1186 3176 obsolevit,
1218 3106 1470 3175 sanguini
1494 3106 1716 3160 salutari
1742 3107 1920 3162 credi-

2029 622 2277 693 ριτομῆς,
2309 622 2427 675 οὐδὲ
2454 625 2559 692 πρὸ
2579 621 2856 684 Μωῦσέως
2879 619 3251 692 σαϐϐατισμοῦ
3273 623 3373 675 καὶ
3414 620 3608 693 ἑορτῶν

2028 716 2124 769 καὶ
2157 714 2501 786 προσφορῶν,
2531 715 2650 767 ούδέ
2688 714 2805 778 νῦν,
2841 713 2978 785 μετὰ
3001 709 3092 767 τὸν
3124 713 3267 767 κατὰ
3293 714 3391 785 τὴν
3424 712 3609 787 βουλὴν

2025 810 2119 863 τοῦ
2167 810 2302 863 Θεοῦ
2356 809 2478 879 δίχα
2540 807 2813 878 ἁμαρτίας
2850 804 2960 878 (95)
2986 807 3086 877 τῆς
3137 806 3245 860 ἀπὸ
3292 805 3488 874 γένους
3522 805 3609 861 τοῦ

2038 902 2131 954 Ἀϐ
2140 903 2289 973 ραάμ
2316 900 2586 973 παρθένου
2620 898 2947 970 γεννηθέντα
2962 898 3089 951 Υἱδν
3106 898 3239 951 Θεοῦ
3258 897 3467 970 Ἰησοῦν
3483 897 3614 971 Χρι-

2028 996 2172 1060 στὸν,
2208 994 2407 1065 ὁμοίως
2435 994 2551 1046 ἐστὶ
2586 992 2765 1063 χρεία.
2810 992 2919 1045 Καὶ
2948 991 3056 1064 γάρ
3097 992 3260 1054 αὐτὸς
3286 993 3316 1045 ὁ
3364 992 3613 1065 Ἀϐραάμ

2027 1089 2083 1140 ἐν
2112 1085 2445 1159 ἀκροϐυστίᾳ
2489 1084 2583 1147 ὢν,
2628 1085 2713 1139 διὰ
2759 1083 2857 1155 τὴν
2900 1084 3080 1137 πίστιν
3119 1086 3184 1155 ἢν
3215 1085 3510 1138 ἐπίστευσε
3538 1085 3613 1157 τῷ

2024 1179 2163 1249 Θεῷ,
2192 1177 2485 1248 ἐδικαιώθη
2510 1178 2602 1230 καὶ
2628 1175 2915 1248 εύλογήθη,
2944 1176 3020 1240 ὡς
3044 1179 3077 1247 ἡ
3109 1178 3144 1229 Γ
3150 1177 3298 1249 ραφὴ
3323 1196 3391 1249 ση
3401 1178 3609 1249 μαίνει·

2024 1269 2120 1341 τὴν
2149 1270 2205 1322 δὲ
2243 1272 2545 1342 περιτομὴν
2592 1271 2673 1332 είς
2702 1272 2947 1340 σημεῖον,
2969 1267 3084 1321 ἀλλ’
3115 1270 3215 1323 ούκ
3268 1271 3352 1333 είς
3408 1270 3615 1324 δικαιο-

2026 1363 2190 1435 σύνην
2224 1361 2520 1429 ᾒαϐενμῦς
2570 1363 2665 1416 καὶ
2708 1363 2763 1416 αἱ
2806 1362 3018 1434 Γραφαὶ
3068 1361 3263 1415 καὶτὰ
3309 1362 3614 1433 πράγματα

2023 1456 2321 1525 ἀναγκάζει
2368 1457 2515 1527 ἡμᾶς
2563 1456 2861 1526 ὁμολογεῖν.
2909 1455 3072 1506 Ὥστε
3128 1451 3357 1518 δικαίως
3431 1454 3615 1525 εἴρητο

2023 1548 2152 1621 περὶ
2180 1549 2383 1603 ἐκείνου
2424 1548 2519 1602 τοῦ
2556 1547 2705 1611 λαοῦ,
2742 1548 2823 1600 ὅτι
2858 1545 3372 1618 ἐξολοθρευθήσεται
3403 1547 3437 1616 ἡ
3470 1546 3612 1619 ψυχὴ

2023 1644 2205 1715 ἐκείνη
2241 1645 2305 1697 ἐκ
2337 1642 2429 1696 τοῦ
2454 1641 2645 1710 γένους
2676 1640 2867 1711 αὐτῆς,
2892 1642 2925 1712 ἢ
2955 1640 3015 1693 ού
3042 1639 3522 1711 περιτμηθήσεται
3550 1645 3612 1713 τῇ

2021 1736 2205 1808 ἡμέρᾳ
2249 1738 2315 1807 τῇ
2370 1734 2551 1807 ὀγδόῃ.
2595 1733 2704 1786 Καὶ
2763 1728 2823 1785 τὸ
2876 1731 2949 1803 μὴ
2991 1730 3249 1784 δύνασθαι
3284 1732 3343 1784 δὲ
3388 1732 3449 1785 τὸ
3481 1733 3613 1804 θῆλυ

2018 1826 2173 1897 γένος
2207 1826 2303 1897 τὴν
2335 1824 2599 1897 σαρκικὴν
2657 1823 2957 1895 περιτομὴν
2985 1822 3301 1893 λαμϐάνειν,
3342 1824 3615 1879 δείκνυσιν

2020 1924 2101 1976 ὅτι
2126 1923 2206 1985 είς
2232 1922 2453 1990 σημεῖον
2481 1919 2513 1989 ἡ
2539 1915 2809 1987 περιτομὴ
2844 1913 2985 1984 αὕτη
3011 1914 3237 1978 δέδοται,
3269 1913 3387 1968 ἀλλ’
3415 1916 3516 1986 οὐχ
3542 1916 3615 1980 ὡς

2020 2016 2178 2088 ἔργον
2205 2004 2657 2081 δικαιοσύνης.Τὰ
2680 2009 2789 2081 γάρ
2812 2007 2995 2061 δίκαια
3022 2008 3115 2060 καὶ
3140 2008 3375 2079 ἐνάρετα
3396 2007 3613 2064 ἅπαντα

2017 2108 2219 2182 ὁμοίως
2262 2106 2356 2161 καὶ
2402 2105 2501 2168 τὰς
2541 2099 2761 2176 θηλείας
2801 2100 3061 2155 δύνασθαι
3089 2102 3391 2170 φυλάσσειν
3425 2105 3455 2155 ὁ
3482 2102 3614 2167 Θεὸς

2020 2201 2276 2271 ἐποίησεν
2295 2216 2308 2228 ·
2340 2198 2477 2253 ἀλλὰ
2508 2198 2691 2269 σχῆμα
2723 2197 2819 2269 μὲν
2850 2192 2910 2250 τὸ
2934 2198 3031 2268 τῆς
3068 2196 3273 2269 σαρκὸς
3298 2195 3494 2267 ἕτερον
3522 2196 3614 2250 καὶ

2017 2294 2206 2365 ἕτερον
2255 2286 2472 2363 ὁρῶμεν
2516 2288 2880 2360 γεγενημένον
2921 2288 3147 2359 ἄρρενος
3202 2286 3299 2340 καὶ
3355 2286 3611 2357 θηλείας·

2017 2389 2105 2443 διὰ
2128 2388 2184 2441 δὲ
2213 2386 2367 2440 τοῦτο
2392 2381 2511 2438 ούδέ
2532 2383 2739 2437 δίκαιον
2768 2382 2888 2435 οὐδὲ
2917 2381 3099 2435 ἄδικον
3118 2378 3405 2451 οὐδέτερον
3437 2380 3615 2434 αὐτῶν

2020 2477 2380 2550 ἐπιστάμεθα,
2406 2475 2541 2529 ἀλλὰ
2573 2474 2636 2527 δι’
2668 2468 2948 2526 εὐσέϐειαν
2978 2472 3071 2525 καὶ
3099 2469 3455 2542 δικαιοσύνην
3481 2470 3611 2539 (94).

2090 2571 2180 2625 24.
2218 2569 2329 2622 Καὶ
2362 2566 2518 2620 τοῦτο
2554 2561 2650 2637 μὲν
2682 2558 2774 2616 οῦν
2805 2562 3027 2615 δυνατὸν
3057 2557 3127 2632 ἦν
3157 2563 3288 2632 ἡμῖν
3322 2559 3612 2624 ἐπιδεῖξαι,

2018 2660 2063 2719 ὧ
2095 2664 2309 2737 ἄνδρες,
2359 2661 2565 2728 ἔλεγον,
2613 2659 2694 2711 ὅτι
2726 2656 2759 2727 ἡ
2793 2656 2978 2727 ἡμέρα
3019 2656 3052 2726 ἡ
3097 2652 3258 2725 ὀγδόη
3310 2651 3614 2724 μυστήριόν

2018 2777 2069 2811 τι
2101 2753 2214 2827 εἶχε
2247 2748 2658 2826 κηρυσσόμενον
2689 2749 2775 2802 διὰ
2806 2748 3014 2801 τούτων
3046 2746 3150 2800 ὑπὸ
3183 2745 3274 2798 τοῦ
3312 2745 3451 2799 Θεοῦ
3489 2744 3612 2815 μᾶλ-

2018 2851 2109 2904 λον
2168 2849 2265 2920 τῆς
2326 2845 2581 2916 ἑϐδόμης.
2631 2840 2768 2895 Ἀλλ’
2803 2840 2892 2895 ἵνα
2936 2840 3002 2893 τὰ
3035 2838 3129 2892 νῦν
3178 2839 3253 2910 μὴ
3298 2839 3386 2891 ἐπ’
3421 2838 3613 2899 ἄλλους

2019 2936 2381 3013 ἐκτρέπεσθαι
2414 2932 2606 3004 λόγους
2647 2930 2809 2997 δοκῶ,
2846 2930 3058 2993 σύνετε,
3096 2928 3223 2999 βοῶ,
3260 2930 3344 2982 ὅτι
3378 2926 3439 2981 τὸ
3475 2925 3613 2999 αἷμα

2018 3033 2118 3103 τῆς
2154 3030 2457 3103 περιτομῆς
2491 3026 2706 3096 ἐκείνης
2740 3025 3106 3097 κατήργηται,
3142 3022 3238 3075 καὶ
3274 3021 3476 3093 αἵματι
3509 3038 3613 3074 σω-

2018 3124 2192 3197 τηρίῳ
2257 3120 2734 3191 πεπιστεύκαμεν·
2770 3117 2903 3188 άλλη
2962 3115 3195 3187 διαθήκη
3244 3115 3315 3168 τά
3364 3114 3482 3180 νῦν,
3517 3112 3614 3166 καὶ

340 3204 563 3269 dimus;
606 3202 753 3257 aliud
786 3216 930 3256 nunc
961 3202 1159 3263 laedes,
1195 3201 1302 3253 alia
1334 3215 1400 3254 ex
1444 3200 1574 3255 Sion
1604 3202 1774 3256 exivit
1805 3201 1907 3258 lex.

2067 3216 2174 3280 tito;
2209 3213 2428 3285 ἐξῆλθεν
2462 3214 2525 3265 ἐκ
2557 3207 2698 3264 Σιὼν
2742 3208 2926 3279 νόμος.
2977 3202 3182 3277 Ἰησοῦς
3217 3205 3461 3276 Χριστὸς
3497 3203 3613 3274 (95)

336 3299 498 3355 Jesus
530 3299 782 3354 Christus
829 3315 1039 3360 omnes,
1074 3300 1165 3368 qui
1206 3299 1499 3366 voluerint,
1550 3300 1914 3369 circumcidit,

341 3401 401 3447 ut
431 3392 561 3447 olim
608 3392 966 3461 praedicatum
1021 3392 1149 3455 fuit,
1201 3392 1399 3447 cultris
1437 3392 1685 3463 lapideis,
1734 3403 1791 3448 ut
1822 3396 1916 3449 liat

340 3501 474 3557 gens
499 3486 676 3555 justa,
731 3485 961 3556 populus
1001 3500 1230 3540 servans
1261 3487 1446 3552 Iidem,
1494 3489 1737 3543 retinens
1769 3490 1915 3544 veri—

342 3577 490 3645 tatis,
547 3577 865 3632 custodiens
896 3590 1111 3646 pacem.
1168 3576 1373 3632 Adeste
1403 3578 1538 3632 mihi
1582 3593 1793 3647 omnes,
1821 3581 1914 3649 qui

339 3668 544 3723 tumetis
576 3667 763 3731 Deum,
798 3668 891 3736 qui
926 3667 1065 3721 bona
1119 3665 1425 3721 Jerusalem
1477 3669 1662 3723 videre
1694 3671 1912 3740 cupitis.

341 3757 559 3822 Venite,
595 3760 923 3815 accedamus
982 3760 1050 3813 ad
1106 3758 1279 3812 lucem
1334 3760 1545 3814 Domini
1589 3778 1603 3815 :
1660 3761 1916 3816 liberavit

336 3850 480 3905 enim
510 3850 763 3920 pupulum
803 3865 984 3913 suum,
1016 3851 1234 3904 domum
1264 3848 1452 3905 Jacob.
1498 3849 1915 3913 Venite,omues

336 3951 549 4009 gentes.
604 3939 1016 3995 Couveuiamus
1047 3940 1098 3993 in
1129 3939 1457 4006 Jerusalem,
1512 3956 1634 4011 quae
1664 3957 1770 3997 non
1798 3961 1916 3996 am-

338 4034 481 4103 plitts
514 4042 863 4103 expugnatur
886 4044 1113 4102 propter
1143 4042 1362 4102 peccata
1386 4034 1728 4102 populorum.
1768 4055 1787 4087 ι
1810 4036 1915 4091 Μει-

338 4126 634 4181 nifestatus
666 4126 815 4181 enim
863 4140 981 4180 sum
1017 4125 1102 4180 bis
1140 4125 1231 4195 qui
1263 4140 1348 4179 me
1370 4141 1475 4180 non
1512 4137 1762 4196 quaerunt
1788 4148 1801 4184 :
1832 4130 1915 4183 iu-

335 4226 533 4271 ventus
569 4217 651 4273 eis
706 4216 798 4287 qui
858 4231 948 4272 me
1001 4233 1106 4273 non
1167 4216 1530 4288 interrogant,
1578 4220 1775 4274 clamat
1820 4237 1916 4290 per

334 4310 639 4378 Isaiam";
673 4310 808 4374 dixi,
843 4309 988 4366 Ecce
1021 4324 1120 4379 ego
1138 4311 1354 4372 adsum,
1378 4311 1629 4380 gentibus
1659 4329 1777 4383 quin
1805 4331 1912 4369 non

331 4403 724 4459 invocaverunt
750 4418 948 4459 nomen
986 4419 1187 4458 meum.
1221 4402 1466 4475 Expaudi
1522 4422 1716 4462 manus
1762 4424 1915 4463 meas

332 4504 444 4549 tota
470 4495 558 4551 die
584 4495 651 4550 ad
699 4495 955 4567 populum
1009 4496 1372 4563 incredulum,
1425 4504 1481 4551 et
1523 4498 1911 4555 contradicen-

402 4640 447 4672 ⁸²
483 4638 620 4697 Gen.
659 4655 749 4704 xv,
776 4638 832 4694 6.
906 4637 952 4670 ⁸³
988 4638 1093 4691 lsa.
1124 4652 1249 4702 va,
1280 4636 1395 4691 1-3.

405 4752 517 4832 (Θῆ)
557 4754 701 4821 Λίχα
728 4753 1040 4832 ᾀμαρτίοις.
1095 4752 1262 4832 Forte
1294 4750 1551 4832 addenda
1588 4752 1910 4832 pricpositio
1940 4777 1982 4832 ι)

334 4834 455 4891 past
484 4824 596 4876 haec
651 4825 811 4876 verba
871 4833 923 4876 et
972 4823 1354 4893 legendum};
1392 4821 1502 4893 τῆς
1534 4821 1750 4893 vetant»
1784 4823 1902 4893 τῆς.

334 4890 439 4946 Sed
474 4894 615 4959 quod
654 4893 938 4963 legendum
980 4894 1231 4961 proponit
1256 4890 1533 4963 Tltirlbi-us
1565 4890 1655 4963 se:
1681 4890 1903 4963 Μαρίας

333 4979 432 5031 pro
452 4962 573 5034 δίχα
602 4960 898 5034 ἁμαρτίας,
933 4960 1133 5034 idjpse
1166 4961 1401 5034 sibi‘non
1438 4960 1759 5034 satisfacere
1783 4960 1906 5015 nte-

338 5029 442 5086 rito
474 5029 697 5087 fatetur.
719 5029 788 5071 ἐ·-
808 5032 914 5085 Διὰ
952 5030 1084 5099 τῆς,
1114 5049 1169 5086 κ.
1198 5049 1251 5084 τ.
1281 5029 1336 5082 λ.
1370 5031 1425 5085 In
1459 5032 1620 5085 codd.
1678 5046 1807 5086 mss.
1851 5040 1908 5085 et

332 5103 491 5156 editis
526 5102 665 5158 male
697 5104 968 5155 omittitur
1000 5102 1331 5170 praepositio.
1386 5101 1596 5155 Mai-an.
1627 5101 1906 5155 desiderat

332 5174 397 5225 ἐκ
420 5174 500 5226 vel
528 5172 655 5227 ἀπό.
693 5173 802 5241 Ego
839 5171 929 5224 διά
957 5173 1194 5241 reposui,
1239 5186 1362 5225 cum
1397 5183 1618 5240 prepter
1654 5172 1909 5241 frequen-3

335 5254 441 5295 tem
474 5243 632 5310 hujus
658 5240 1061 5312 prtepositionis
1087 5258 1245 5295 usum
1272 5243 1325 5295 in
1359 5243 1460 5297 ista
1503 5242 1732 5294 formula
1760 5240 1903 5311 apud

333 5313 623 5385 Martyrum
664 5311 773 5385 (cf.
796 5313 964 5385 Apol.
997 5328 1035 5375 ι.
1063 5312 1269 5385 p.29),
1304 5322 1415 5385 tum
1447 5323 1665 5385 propter
1725 5311 1900 5385 locum

331 5380 617 5444 cultellum
655 5380 704 5437 (ἑ.
751 5384 822 5436 45
846 5397 869 5453 γε
922 5380 1012 5435 τὸν
1053 5381 1161 5453 διὰᾉ
1181 5382 1278 5453 τῆς
1317 5381 1425 5453 ἀπο
1457 5380 1547 5432 τοῦ
1564 5381 1780 5453 ῌγένους
1808 5380 1899 5434 τοῦ

330 5453 647 5527 Ἀϐραὰμ...
672 5449 1306 5527 Παρθένου-γεννηθέντα
1340 5451 1467 5503 Υἱὸν
1498 5449 1590 5502 τοῦ
1614 5451 1747 5503 Θεοῦ
1776 5454 1904 5523 Χρι-

330 5523 473 5576 στόν.
516 5523 665 5579 Adde
703 5523 853 5578 num.
883 5523 1005 5589 100,
1027 5533 1133 5577 etc.
1159 5523 1337 5577 O'r'ro.

401 5594 510 5662 (9/5)
552 5594 969 5662 Δικαιοσύνην.
1016 5592 1143 5662 Post
1187 5594 1298 5662 hinc
1335 5591 1501 5662 verba
1533 5590 1736 5643 addunt
1768 5606 1898 5662 mss.

329 5677 379 5718 et
410 5660 820 5732 l{.'Stephauus
844 5660 1052 5733 ,ὥσπερ
1095 5660 1300 5714 ἄνωθεν
1336 5660 1672 5731 ἐκηρύσσετο
1702 5660 1902 5733 πετρί-

328 5750 445 5796 ναις
480 5734 795 5805 μαχαίραις.
829 5732 935 5787 Scd
968 5731 1104 5805 cum
1138 5734 1252 5805 haec
1282 5746 1381 5783 suo
1425 5736 1544 5805 loco
1590 5731 1752 5805 paulo
1778 5741 1902 5798 post

329 5801 619 5858 occurrant
643 5801 697 5856 ιί.
722 5805 813 5862 9.5.
846 5804 1038 5856 metito
1064 5816 1129 5856 ex
1153 5801 1326 5855 aliena
1358 5802 1488 5855 sede
1528 5802 1740 5856 sublata
1773 5810 1899 5854 sunt

330 5879 383 5930 iu
433 5876 760 5929 editionibus
806 5871 1249 5929 Graeco-Latinis.
1287 5870 1440 5937 Quod
1471 5884 1654 5927 autem
1700 5869 1773 5925 ait
1800 5868 1896 5925 Ju-

2020 3310 2228 3372 πάντας
2292 3307 2418 3370 τοὺς
2467 3301 2823 3374 βουλομένους
2858 3297 3195 3372 περιτέμνει,
3245 3296 3441 3369 ὥσπερ
3475 3296 3613 3348 ἄνω-

2022 3404 2112 3457 θεν
2171 3399 2538 3473 ἐκηρύσσετο,
2573 3392 2854 3467 πετρίναις
2904 3390 3225 3462 μαχαίραις,
3260 3390 3352 3441 ἵνα
3386 3388 3617 3457 γένηται

2020 3498 2169 3562 ἔθνος
2201 3495 2425 3557 δίκαιον,
2458 3490 2587 3556 λαὸς
2622 3488 2909 3561 φυλάσσων
2956 3486 3156 3550 πίστιν,
3205 3483 3610 3555 ἀντιλαμϐανό-

2026 3605 2185 3659 μενος
2230 3582 2509 3656 άληθείας,
2559 3580 2654 3633 καὶ
2688 3577 2977 3649 φυλάσσων
3010 3577 3256 3648 είρήνην.
3311 3574 3477 3628 Δεῦτε
3512 3576 3615 3629 σὺν

2022 3680 2147 3752 ἐμοὶ
2179 3677 2378 3741 πάντες
2411 3677 2459 3728 οἱ
2494 3671 2818 3744 φοϐούμενοι
2854 3667 2943 3723 τὸν
2978 3669 3133 3731 Θεὸν,
3169 3670 3219 3721 οἱ
3254 3668 3506 3732 θέλοντες
3538 3668 3610 3721 τὰ

2022 3768 2204 3839 ἀγαθὰ
2249 3764 2604 3839 Ἰερουσαλὴμ
2665 3762 2814 3817 ίδεῖν.
2864 3759 3064 3823 Δεῦτε,
3113 3758 3478 3832 πορευθιῖψεν
3532 3757 3612 3828 τῷ

2023 3861 2161 3933 φωτὶ
2195 3858 2402 3932 Κυρίου
2423 3875 2437 3887 ’
2472 3854 2641 3927 ἀνῆκε
2675 3853 2785 3925 γὰρ
2818 3848 2908 3905 τὸν
2952 3850 3079 3904 λαὸν
3114 3849 3301 3914 αὑτοῦ,
3337 3852 3432 3903 τὸν
3464 3846 3611 3903 οἷκον

2033 3955 2247 4011 Ἰακώϐ.
2286 3952 2448 4007 Δεῦτε
2485 3950 2665 4004 πάντα
2696 3947 2763 4000 τὰ
2794 3945 2943 4016 ἔθνη,
2981 3942 3344 4015 συνακοῶμεν
3379 3946 3462 4009 εἰς
3507 3944 3613 3996 ἰε’

2022 4045 2304 4119 ρουσαλὴμ
2348 4040 2444 4113 τὴν
2495 4038 2689 4111 μηκέτι
2736 4033 3145 4106 πολεμουμένην
3204 4034 3294 4088 διὰ
3340 4035 3441 4100 τάς
3488 4036 3609 4089 ἀνο-

2022 4139 2151 4211 μίας
2184 4136 2289 4191 τῶν
2321 4134 2465 4189 λαῶν
2500 4131 2638 4203 (96),
2668 4149 2686 4181 ι
2740 4126 3017 4200 Ἐμφανὴς
3048 4127 3157 4198 γάρ
3191 4126 3464 4198 ἐγενήθην
3498 4129 3611 4191 τοῖς

2018 4231 2120 4301 ἐμὲ
2159 4228 2231 4300 μὴ
2265 4225 2549 4299 ζητοῦσινο
2588 4219 2820 4294 εύρέθην
2854 4222 2964 4283 τοῖς
3000 4218 3099 4289 ἐμὲ
3151 4218 3225 4289 μὴ
3261 4217 3607 4289 ἐπερωτῶσι,

2022 4320 2119 4391 βοᾷ
2151 4319 2238 4373 διὰ
2283 4315 2526 4369 Ἡσαΐουο
2575 4309 2724 4375 εἶπα,
2773 4309 2900 4363 Ἰδού
2948 4311 3083 4380 είμι,
3148 4307 3363 4362 ἔθνεσιν
3414 4310 3463 4363 οἳ
3506 4309 3607 4361 οὐκ

2020 4406 2416 4464 ἐπεκαλέσαντύ
2452 4422 2550 4477 μου
2585 4404 2645 4456 τὸ
2676 4402 2865 4472 ὄνομα.
2913 4401 3248 4464 Ἐξεπέτασα
3282 4402 3384 4466 τὰς
3418 4402 3613 4474 χεῖράς

2021 4520 2121 4574 μου
2155 4501 2284 4572 ὅλην
2316 4499 2419 4570 τὴν
2460 4496 2673 4569 ἡμέραν
2719 4494 2812 4547 ἐπὶ
2842 4493 2973 4547 λαὸν
3007 4492 3344 4548 ἀπειθοῦντα
3378 4495 3474 4549 καὶ
3506 4496 3601 4548 ἀνι-

2017 4748 2196 4805 stinus
2231 4751 2530 4809 utrumque
2560 4754 2746 4794 sexum
2777 4735 2985 4809 justum
3019 4747 3143 4809 esse
3190 4743 3289 4789 aut
3314 4735 3605 4809 injustam,

2015 4835 2121 4874 non
2147 4816 2217 4869 ob
2256 4805 2517 4883 speciem
2553 4810 2760 4869 carnis,
2795 4808 2886 4860 sed
2932 4805 3001 4883 ob
3050 4805 3310 4883 pietatem
3359 4805 3608 4876 etjustié

2012 4873 2169 4950 tiam,
2202 4873 2444 4952 intellige
2469 4881 2830 4952 ohpietatem
2865 4885 2918 4928 et
2948 4873 3219 4941 justitiam
3247 4873 3603 4952 observatam

2016 4968 2114 5014 aut
2157 4946 2459 5008 ’violataiu.
2518 4946 2704 5017 Neque
2742 4946 2886 5017 enim
2938 4958 3161 4999 necesse
3205 4954 3293 5017 est
3344 4946 3603 5017 mutilum

2012 5026 2282 5097 suspicari
2341 5015 2681 5083 contextum,
2726 5026 2788 5071 ut
2838 5016 3054 5084 Langus
3100 5023 3157 5069 et
3200 5015 3294 5069 alii
3348 5016 3606 5071 nonnulli

2011 5096 2268 5165 suspicati
2297 5104 2442 5165 sunt.

2083 5154 2193 5238 (95)
2209 5164 2439 5238 Νόμος.
2464 5158 2703 5229 Ἰησοῦς
2726 5154 3295 5238 Χρρςτόςλξςρροῐιξι
3318 5154 3611 5238 [hirlbius

2013 5224 2513 5294 aliam'lect'ioucm,
2538 5224 2743 5297 nempe
2784 5228 2941 5289 ἄλλος
2978 5225 3198 5297 ἐξῆλθεν
3242 5228 3308 5279 ἐκ
3340 5224 3482 5280 Σιὼν
3505 5226 3607 5279 νό-

2013 5327 2132 5381 μος,
2169 5304 2378 5381 Ἰησοῦς
2429 5295 2718 5381 Χριστος,
2768 5299 2856 5381 ῆς,
2899 5295 3170 5381 etc._.Sed
3231 5298 3353 5381 ipse
3391 5298 3605 5380 [aletur

2014 5366 2285 5446 receptant
2320 5366 2602 5446 lectionem
2627 5366 3217 5446 ln_tie_|ocomaptiorem_
3248 5368 3447 5446 videri.

2082 5436 2212 5517 (eis),
2234 5444 2477 5517 Δεῦτε...
2500 5440 2617 5517 τῶν
2652 5438 2839 5517 ἶλαῶν.
2874 5436 3141 5517 Ohservat
3169 5437 3312 5517 idem
3351 5438 3435 5491 vir
3462 5451 3609 5492 eru—

2009 5507 2463 5572 dil‘us'lttslittum
2510 5512 2612 5565 hoc
2659 5510 2782 5563 loco
2816 5509 3088 5576 reSpicere
3118 5509 3183 5558 ad
3227 5507 3435 5561 Jerem.
3463 5521 3601 5574 cap-

2011 5604 2093 5650 ιιι,
2126 5599 2179 5641 et
2207 5602 2299 5647 xv,
2332 5597 2385 5639 et
2415 5596 2601 5645 xxxrv,
2625 5590 2679 5634 et
2704 5596 2864 5647 supra
2896 5578 3055 5632 iubis
3074 5577 3278 5650 verbis,
3302 5577 3606 5650 65615.ne-

2012 5647 2404 5731 psuetbpev_,_ail
2430 5664 2591 5731 caput
2620 5650 2966 5731 xxutlsaizc,
3019 5648 3226 5731 iniistis
3269 5660 3450 5731 autem
3495 5647 3604 5705 ἵνα

2009 5719 2425 5800 γένητάιμέθνος
2454 5719 2670 5800 δίκαιον·
2703 5723 2767 5774 ad
2806 5736 2926 5787 cap.
2977 5730 3132 5800 xvvr
3158 5719 3406 5800 ejusdem
3454 5733 3605 5800 pr?—

2005 5786 2202 5867 phet'aa.
2238 5786 2521 5867 Reuertar!
2558 5793 2826 5861 psalmum
2862 5786 3045 5847 cum
3070 5789 3173 5843 ista
3191 5786 3401 5860 'verba,
3422 5786 3471 5842 οἱ
3492 5786 3606 5840 Θέ-

2005 5862 2185 5932 λοντες
2212 5868 2277 5921 τὰ
2303 5862 2503 5934 ἀγαθά,
2545 5873 2653 5919 etc.
