3760 6496
3286 369 3390 443 πο

144 364 234 424 529
1036 359 1419 457 .DlALOGUS
1450 361 1593 418 CUM
1631 360 2008 421 TRYPHONE
2039 362 2305 422 JUDIEO.

143 483 425 549 πλέγοντα,
471 480 587 544 τοῖς
638 478 1027 551 πορευομένοις
1083 478 1187 551 ὁδῴ
1231 480 1293 533 οὐ
1340 481 1513 553 καλῇ,
1560 482 1689 536 ἀλλὰ

1827 495 1936 547 em,
1983 481 2077 551 qui
2129 480 2485 538 ambulabant
2513 482 2569 538 in
2602 481 2687 537 via
2737 497 2845 537 non
2897 482 3065 549 bona,
3122 484 3216 539 sed
3266 497 3394 554 post

1796 580 2016 641 peccata
2047 587 2167 627 sua.
2210 571 2450 644 Populus
2476 583 2554 630 est
2582 575 2675 645 qui
2710 575 3012 631 exacerbat
3041 592 3130 630 Inc
3172 576 3225 630 in
3258 593 3390 633 eon-

1795 675 1983 735 Spectu
2007 682 2149 723 meo.
2190 686 2210 721 ι

1864 760 1956 816 25.
1971 759 2215 836 Frustra
2233 759 2416 817 Judwi
2431 761 2572 830 ﬁlias
2600 778 2655 817 se
2685 777 2798 816 esse
2819 760 3049 816 Abrahae
3065 760 3385 831 gloriamur.

1793 853 2173 909 ~Nobiscum
2218 853 2307 909 vel
2358 853 2642 924 paululum
2696 853 2799 909 loci
2848 853 3019 910 etiam
3066 853 3392 908 haereditate

1794 946 2045 1015 accipere
2074 946 2159 1001 isti
2186 945 2432 1016 cupient,
2468 947 2561 1016 qui
2595 946 2811 1015 seipsos
2855 946 3190 1015 iustificam,
3219 963 3392 1018 seque

1795 1036 1937 1092 filios
1998 1036 2229 1092 Abrahae
2286 1050 2408 1093 esse
2471 1036 2709 1093 dicunt:
2771 1038 3237 1107 quemadmodum
3291 1056 3390 1108 per

1794 1130 1988 1185 Isaiam
2032 1131 2234 1185 clamat
2280 1130 2521 1201 Spiritus
2566 1141 2813 1198 sanctus,
2870 1130 3023 1186 velut
3050 1146 3116 1186 ex
3147 1148 3388 1202 persona

1794 1234 1987 1278 eorum
2023 1222 2102 1279 sic
2156 1222 2422 1291 loquens:
2462 1240 2481 1275 1
2520 1221 2865 1278 Convertere
2890 1223 2958 1277 de
2992 1223 3158 1289 «elo,
3179 1231 3235 1278 et
3264 1225 3389 1280 vide

140 574 289 631 ὀπίσω
317 571 420 626 τῶν
448 570 745 643 ἁμαρτιῶν
792 571 987 626 αὐτῶν.
1032 572 1176 641 Δαὸς
1210 574 1239 626 ὁ
1273 572 1588 646 παροξύνων
1624 592 1693 644 με

140 665 351 720 ἐναντίον
385 680 508 734 μου.
557 682 577 715 ι

193 757 274 814 25.
306 758 409 811 Σὺν
444 757 577 828 ὑμῖν
614 758 730 829 (97)
763 756 859 813 καὶ
889 757 1294 831 κληρονομῆσαι
1343 759 1692 832 βουλήσονται

137 851 224 904 κᾶν
252 850 426 918 ὀλίγον
453 850 629 903 τόπον
662 844 811 903 οὗτοι
843 850 893 903 οί
938 849 1275 915 δικαιοῦντες
1310 851 1559 916 ἑαυτοὺς,
1597 852 1692 906 καὶ

134 946 353 1013 λέγοντες
385 938 530 998 εἶναι
566 944 741 997 τέκνα
785 942 1064 1016 Ἀϐραὰμ,
1100 943 1183 1011 ὡς
1208 943 1298 998 διὰ
1329 942 1420 996 τοῦ
1468 944 1691 999 Ἡσαΐου

134 1038 217 1109 βοᾷ
244 1036 299 1090 τὺ
329 1036 486 1105 ἅγιον
520 1034 784 1107 Πνεῦμα,
817 1034 893 1100 ὼς
923 1035 1032 1090 ἀπὸ
1065 1034 1360 1106 προσώπου
1394 1034 1573 1090 αὐτῶν
1606 1035 1694 1088 λέ-

131 1146 225 1196 γων
252 1126 406 1187 τάδε’
448 1145 468 1180 1
526 1126 894 1199 Ἐπίστρεψον
925 1127 989 1180 ἐκ
1021 1126 1112 1179 τοῦ
1159 1126 1424 1200 ούρανοῦ,
1473 1127 1569 1182 καὶ
1616 1127 1691 1180 ῐδε

130 1222 183 1274 ὲκ
209 1218 291 1273 τοῦ
322 1218 471 1273 οῐκου
507 1218 606 1272 τοῦ
642 1218 803 1287 ἁγίου
839 1234 934 1271 σου
968 1217 1064 1272 καὶ
1094 1217 1275 1289 δόξης.
1312 1217 1422 1272 Ποῦ
1456 1217 1520 1290 δή
1544 1219 1692 1272 ἐστιν

128 1309 311 1383 ὀζῆλός
356 1328 452 1363 σου
485 1309 588 1364 καὶ
634 1310 670 1382 ἡ
716 1309 904 1381 ίσχύς;
959 1309 1068 1364 Ποῦ
1122 1310 1239 1364 ἐστι
1267 1310 1329 1363 τὸ
1371 1310 1575 1383 πλῆθος
1600 1310 1689 1364 τοῦ

1827 1329 1866 1370 ιο
1888 1315 2051 1368 domo
2103 1312 2405 1369 sanctuarii
2461 1314 2564 1380 tui,
2610 1322 2667 1369 et
2718 1315 2931 1385 gloriae.
2982 1314 3089 1371 Ubi
3116 1324 3205 1371 est
3235 1316 3388 1373 zelus

125 1402 281 1467 ἐλέους
312 1418 427 1467 σου,
459 1404 546 1459 ὅτι
578 1402 817 1477 ἠνέσχου
844 1404 877 1473 ἡ
888 1401 1025 1473 μῶν,
1047 1401 1257 1477 Κύριε;
1297 1402 1369 1454 Σὺ
1395 1402 1504 1474 γὰρ
1533 1401 1689 1473 ἡμῶν

1827 1422 1945 1473 uus,
1971 1417 2027 1460 et
2052 1404 2359 1462 fortitudo?
2392 1405 2497 1463 Ubi
2527 1414 2614 1462 est
2644 1406 2939 1463 multitudo
2987 1408 3389 1466 misericordiae

124 1491 166 1546 si
184 1494 367 1565 πατὴρ,
392 1496 476 1548 ὅτι
509 1493 778 1567 Ἀϐρααμ
817 1494 918 1548 οὐκ
957 1494 1098 1564 ἔγνω
1125 1497 1158 1566 ἡ
1169 1496 1276 1565 μᾶς
1296 1511 1309 1524 ’
1338 1494 1438 1549 καὶ
1475 1495 1689 1567 Ἰσραὴλ

1827 1510 1924 1562 uae,
1960 1498 2087 1566 quia
2114 1497 2428 1552 sustinuisti
2466 1512 2588 1563 nos,
2622 1497 2877 1554 Domine.
2912 1496 2993 1552 Tu
3016 1498 3163 1553 enim
3194 1514 3253 1555 es
3282 1498 3388 1555 Pa-

122 1592 203 1643 οὐκ
250 1591 474 1657 ἀπέγνω
744 1589 905 1643 Ἀλλά
953 1589 1040 1654 σὺ,
1089 1588 1261 1662 Κύριε
1292 1588 1475 1661 πατὴρ
1511 1589 1689 1662 ἡμῶν,

1827 1603 1879 1643 er
1911 1601 2127 1643 noster:
2161 1589 2287 1658 quia
2316 1589 2595 1644 Abraham
2628 1590 2791 1663 124
2820 1606 2928 1646 non
2964 1592 3222 1662 cognovit
3262 1608 3384 1661 nos,

121 1683 257 1755 ῥῦσαι
274 1673 428 1753 ’ἡμᾶς
448 1699 461 1712 ’
498 1682 605 1736 ἀπ’
626 1682 806 1754 ἀρχῆς
829 1682 889 1736 τὸ
924 1681 1097 1753 ὄνομα
1116 1698 1211 1735 σου
1252 1681 1336 1751 ἐφ’
1368 1683 1517 1753 ἡμᾶς
1546 1684 1687 1735 ἐστι.

1829 1680 2046 1736 tlsrael
2094 1697 2202 1736 non
2234 1681 2493 1750 cognovit
2535 1698 2657 1738 nos.
2706 1683 2816 1737 Sed
2851 1692 2927 1745 tu,
2962 1683 3193 1739 Domine
3218 1683 3386 1741 Pater

117 1776 170 1827 Ti
196 1774 505 1845 ὲπλάνησας
533 1774 717 1845 ἡμᾶς,
743 1772 938 1846 Κύριε,
956 1773 1065 1829 ἀπὸ
1084 1773 1185 1844 τῆς
1199 1770 1316 1826 ὁδοῦ
1345 1790 1441 1826 σου
1460 1789 1475 1803 ο
1503 1773 1689 1846 ἐσκλή-

1827 1779 2004 1835 oster.
2042 1770 2209 1825 libera
2236 1785 2378 1835 nos;
2419 1785 2449 1823 a
2479 1770 2752 1840 principio
2792 1784 2992 1824 nomen
3028 1778 3182 1824 tuum
3219 1785 3387 1840 super

118 1886 256 1939 ρυνας
276 1840 433 1939 ﬁmi-av
583 1840 848 1941 -καρδίαν
860 1867 950 1922 τοῦ
992 1867 1067 1941 μὴ
1114 1840 1396 1938 φοϐεῖσθαί
1418 1883 1511 1931 σε;
1541 1840 1689 1920 Ἐπί-

1827 1876 1894 1917 os
1920 1871 2025 1917 est.
2055 1861 2236 1930 Quare
2273 1860 2545 1917 seduxisti
2578 1876 2699 1928 nos,
2727 1861 2986 1929 Domine,
3024 1862 3093 1916 de
3123 1862 3209 1917 via
3243 1871 3335 1917 tua
3363 1863 3387 1916 ?

118 1962 317 2035 στρψν
354 1962 446 2016 διὰ
494 1962 632 2027 τοὺς
669 1960 898 2027 δούλους
948 1978 1067 2027 σου,
1104 1961 1194 2018 διὰ
1230 1962 1330 2027 τὰς
1372 1962 1546 2031 φυλὰς
1591 1963 1689 2034 τῆς

1827 1955 2064 2011 ndurasti
2103 1955 2272 2012 corda
2302 1964 2517 2022 nostra,
2572 1971 2644 2011 ne
2683 1955 3003 2011 timeremus
3027 1956 3119 2013 te?
3143 1956 3388 2011 Conver-

114 2054 450 2125 κληρονομίας
497 2071 626 2119 σου,
677 2054 769 2108 ἵνα
824 2053 1020 2126 μικρὸν
1068 2052 1570 2127 κληρονομήσωμεν
1596 2053 1688 2109 τοῦ

1827 2062 1912 2104 ere
1936 2056 2161 2119 propter
2192 2062 2386 2104 servos
2416 2057 2559 2113 tuos,
2586 2056 2816 2116 propter
2844 2047 3021 2102 tribus
3046 2046 3386 2107 luereditatis

112 2154 240 2221 ὅρους
258 2149 346 2203 τοῦ
372 2149 534 2219 ἁγίου
564 2166 689 2203 σου.
708 2148 1043 2220 Ἐγενόμεθα
1074 2149 1150 2215 ὡς
1172 2149 1231 2203 τὸ
1258 2152 1354 2204 ἀπ’
1376 2150 1575 2222 ἀρχῆς,
1601 2152 1689 2207 ὅτε

1827 2158 1920 2209 ita),
1954 2150 2016 2197 ut
2044 2141 2319 2196 modicum
2348 2139 2680 2195 haereditate
2732 2139 3073 2206 accipiamus
3102 2140 3169 2194 de
3199 2152 3385 2197 monte

112 2244 191 2294 οὐκ
234 2239 407 2314 ἧρξας
459 2242 677 2315 ἡμῶν,
739 2243 863 2298 οὐδὲ
918 2242 1195 2315 ἐπεκλήθη
1257 2242 1317 2296 τὸ
1374 2242 1546 2314 ὄνομά
1596 2260 1689 2297 σου

1827 2245 1986 2291 aucto
2034 2244 2151 2291 tuo.
2209 2232 2363 2288 Facti
2418 2247 2615 2288 sumus
2661 2231 2819 2301 quasi
2856 2247 2887 2286 a
2918 2232 3223 2301 principio;
3254 2249 3382 2306 cum

109 2335 177 2402 ἐφ’
210 2337 371 2407 ἡμᾶς.
399 2336 540 2390 Ἐὰν
572 2336 805 2408 ἀνοίξῃς
833 2334 925 2389 τὸν
963 2335 1213 2407 οὐρανὸν,
1240 2335 1441 2408 τρόμος
1462 2335 1692 2407 λήψεται

108 2425 196 2477 ἀπὺ
234 2424 324 2479 σοῦ
353 2426 485 2498 ὄρη,
520 2427 628 2480 καὶ
666 2427 1021 2499 τακήσονται,
1058 2425 1135 2490 ὡς
1172 2427 1279 2481 ἀπὸ
1316 2428 1485 2499 πυρὸς
1523 2429 1692 2501 κηρὸς

106 2519 330 2589 τήκεται·
368 2519 473 2573 καὶ
508 2519 865 2573 κατακαύσει
901 2518 1010 2592 πῦρ
1038 2520 1164 2583 τοὺς
1194 2518 1568 2585 ὑπεναντίους,
1596 2520 1692 2573 καὶ

106 2609 307 2681 φανερὸν
329 2608 491 2664 ἔσται
520 2610 587 2663 τὸ
612 2609 794 2681 δνομά
821 2626 913 2663 σου
954 2611 1012 2663 ὲν
1039 2594 1151 2674 τοῖς
1181 2609 1518 2675 ὑπεναντίοις
1537 2626 1551 2639 ⁸
1582 2610 1692 2664 ἀπὸ

104 2701 365 2773 προσώπου
418 2720 524 2758 σου
577 2702 713 2774 ἔθνη
757 2700 1211 2774 ταραχθήσονται.
1237 2702 1406 2756 Ὅταν
1444 2705 1601 2774 ποιῇς
1624 2702 1691 2757 τά

104 2793 282 2861 ἔνδοξα,
312 2796 531 2869 τρόμος
573 2795 817 2869 λήψεται
856 2795 965 2849 ἀπὸ
997 2792 1090 2848 σοῦ
1116 2794 1239 2867 ὅρη.
1266 2793 1402 2847 Ἀπὸ
1443 2792 1534 2848 τοῦ
1561 2793 1693 2849 αίῶ-

102 2888 288 2951 νοςούκ
336 2889 708 2960 ἠκούσαμεν,
768 2887 888 2942 οὐδὲ
930 2888 982 2943 οἱ
1028 2886 1299 2959 ὀφθαλμοὶ
1350 2886 1507 2958 ήμῶν
1552 2883 1690 2941 εἶδον

101 2980 211 3034 Θεὸν
234 2983 372 3055 πλὴν
403 2984 532 3039 σοῦ.
568 2983 691 3037 Καὶ
721 2981 793 3037 τὰ
818 2980 957 3053 ἔργα
986 2999 1101 3045 σου,
1137 2982 1173 3036 ἀ
1194 2983 1440 3053 ποιήσεις
1467 2983 1578 3046 τοῖς
1602 2998 1694 3052 με-

100 3073 353 3128 τανοοῦσιν
378 3074 523 3145 (98),
560 3074 745 3127 ἔλεον.
790 3074 1188 3144 Συναντήσεται
1229 3076 1342 3136 τοῖς
1373 3071 1588 3126 ποιοῦσι
1629 3073 1689 3126 τὸ

98 3166 297 3233 δίκαιον,
332 3167 434 3221 καὶ
468 3166 591 3219 τῶν
648 3164 790 3219 ὁδῶν
834 3181 926 3217 σου
986 3163 1410 3236 μνησθήσονται.
1439 3164 1573 3217 Ἰδοὺ
1622 3166 1687 3218 σὺ

96 3258 368 3331 ὠργίσθης,
400 3259 506 3313 καὶ
543 3260 721 3331 ἡμεῖς
759 3256 1099 3329 ἡμάρτομεν.
1130 3256 1229 3310 Διὰ
1272 3256 1429 3310 τοῦτο
1454 3256 1689 3327 ἐπλανή-

98 3350 245 3422 θημεν
271 3353 367 3406 καί
395 3348 730 3422 ἐγενόμεθα
764 3347 1067 3421 ἀκάθαρτοι
1101 3348 1322 3414 πάντες,
1358 3348 1456 3402 καὶ
1484 3348 1559 3414 ὡς
1594 3348 1688 3420 ῥά-

98 3459 175 3507 κος
214 3442 669 3514 ἀποκαθημένης
712 3441 866 3495 πᾶσα
913 3442 946 3512 ἡ
996 3440 1309 3513 δικαιοσύνη
1360 3440 1546 3512 ἡμῶν·
1590 3440 1687 3494 καὶ

98 3532 412 3605 ἑξεῤῥύημεν
442 3536 529 3598 ὡς
565 3532 755 3605 φύλλα
785 3531 872 3585 διὰ
895 3532 995 3597 τὰς
1023 3532 1254 3604 ἀνομίας
1287 3532 1443 3604 ἡμῶν
1463 3550 1476 3563 ·
1514 3532 1686 3597 οὕτως

98 3624 272 3697 ἄνεμος
302 3626 449 3681 οἴσει
476 3627 644 3698 ἡμᾶς
663 3641 679 3656 ο
732 3624 833 3677 καὶ
875 3624 976 3676 οὐκ
1007 3623 1156 3678 ἐστιν
1184 3625 1215 3677 ὁ
1253 3624 1685 3697 ἐπικαλούμενος

96 3716 145 3768 τὸ
165 3717 323 3789 ὄνομά
349 3735 475 3782 σου,
502 3716 613 3771 καὶ
640 3714 707 3768 οὐ
741 3713 1002 3786 μνησθεὶς
1035 3715 1418 3772 ἀντιλαϐέσθαι
1448 3732 1564 3779 σου,
1602 3718 1684 3771 ὅτι

96 3808 419 3881 diis-spatia;
447 3810 516 3863 τὺ
546 3805 857 3880 πρόσωπόν
882 3823 977 3860 σου
1015 3808 1110 3876 ἀφ’
1153 3805 1333 3878 ἡμῶν,
1375 3808 1471 3860 καὶ
1512 3806 1686 3878 παρέ-

97 3899 247 3965 itera;
305 3904 463 3973 ἡμᾶς
514 3899 613 3954 διὰ
687 3898 788 3961 τὰς
835 3898 1110 3970 ἁμαρτίας
1176 3898 1353 3969 ἡμῶν.
1418 3899 1530 3953 Καὶ
1587 3898 1683 3953 νῦν

97 3992 417 4064 ἐπεστρεψον,
438 3993 658 4062 Κύριε,
684 3989 913 4053 ὄτιλαός
945 3989 1054 4063 (99)
1076 4007 1170 4044 σου
1196 3990 1398 4055 πάντες
1417 3992 1599 4063 ἡμεῖς.
1617 3992 1683 4045 Ἠ

95 4085 223 4150 πόλις
250 4086 337 4139 τοῦ
364 4086 534 4155 ἁγίου
568 4102 672 4137 σου
697 4081 928 4154 ἐγενήθη
953 4082 1178 4155 ἕρημος,
1213 4083 1353 4138 Σιὼν
1382 4084 1456 4147 ὡς
1476 4084 1680 4157 ἔρημος

98 4176 318 4249 ἐγενήθη,
366 4175 758 4249 Ἰερουσαλὴμ
779 4176 858 4238 είς
887 4175 1130 4247 κατάραν
1151 4193 1166 4209 ε
1191 4176 1218 4229 ὁ
1245 4172 1412 4242 οἶκος,
1447 4176 1507 4229 τὸ
1527 4177 1681 4246 ἅγιον

91 4268 241 4336 ἡμῶν,
282 4270 379 4323 καὶ
406 4273 444 4341 ἡ
490 4268 637 4334 δόξα
672 4266 745 4336 ἣν
792 4265 1091 4337 εὐλόγησαν
1123 4267 1172 4319 οἱ
1218 4267 1454 4339 πατέρες
1500 4267 1675 4338 ἡμῶν.

91 4356 291 4432 ἐγενήθη
322 4361 729 4433 πυρίκαυστος
751 4373 764 4385 ·
808 4357 903 4410 καὶ
929 4358 1106 4411 πάντα
1137 4358 1204 4413 τὰ
1229 4357 1355 4431 ἔθνη
1395 4359 1470 4431 (1)
1492 4358 1677 4423 ἔνδοξα

93 4454 348 4509 συνέπεσε.
380 4456 503 4509 Καὶ
539 4454 645 4508 ἐπὶ
660 4450 871 4514 τούτοις
896 4450 1147 4522 ἀνέσχου,
1172 4454 1365 4525 Κύριε,
1395 4453 1488 4509 καὶ
1518 4452 1678 4507 ἐσιώυ

93 4558 262 4611 masc,
293 4548 390 4601 καὶ
426 4546 831 4607 ὲταπείνωσας
860 4545 1008 4615 ἡμᾶς
1038 4543 1262 4617 σφόδρα.
1291 4564 1310 4597 ι

144 4748 185 4777 ⁸⁵
213 4753 314 4806 lsa.
348 4765 524 4810 mn,
560 4748 637 4803 15
666 4762 838 4816 usque
860 4747 928 4803 ad
954 4747 1138 4813 linem,
1174 4757 1229 4804 et
1254 4765 1382 4803 ωιιν
1414 4765 1509 4818 per
1544 4758 1738 4804 totum.

146 4862 244 4945 (9"!)
283 4866 416 4945 Σὺζ
454 4865 672 4945 ὑμῖφςὶ
702 4862 856 4945 Legit
903 4862 1121 4945 Langus
1166 4864 1463 4945 6‘59};an
1501 4863 1671 4945 idque
1704 4888 1749 4943 ο

89 4927 519 4989 ιοηιιῖηθηείὺυὲ
552 4927 872 4989 editoribus
908 4927 1213 5004 probatum.
1270 4927 1347 4988 δί’
1374 4936 1496 5004 quis
1534 4927 1669 4990 reti-

89 5016 194 5056 nere
228 5006 382 5061 malit
421 5006 573 5059 illud
614 5003 895 5075 abvbpiv,
937 5003 1280 5058 referendum
1310 5003 1414 5059 erit
1440 5006 1506 5059 ad
1535 5021 1670 5075 gen-

90 5078 171 5145 tes,
211 5091 347 5142 quas
398 5075 683 5130 Justinus
708 5072 822 5142 jam
873 5084 1031 5128 antea
1062 5075 1452 5145 compellabat.
1489 5072 1667 5145 Aique

87 5138 186 5215 base
204 5138 421 5209 quidem
463 5147 538 5199 ad
575 5138 1142 5215 gent'es_apostrophe
1189 5138 1371 5198 ininus
1418 5143 1559 5199 forte
1577 5138 1667 5198 ’νί-

86 5210 275 5267 debitor
306 5216 537 5269 homini
580 5210 728 5268 'cum
779 5210 983 5269 Iudaeis
1032 5210 1104 5286 ing
1142 5222 1300 5286 xysto
1332 5215 1664 5286 colloquenti

86 5286 382 5350 convenire;
421 5287 528 5341 sed
566 5295 757 5339 tamen
794 5288 1038 5338 eamdem
1078 5283 1307 5349 figuram
1355 5301 1459 5338 non
1493 5283 1664 5338 inulto

84 5360 186 5415 post
207 5355 431 5425 adhibet
478 5356 775 5425 Justinus,
812 5370 1005 5423 nempe
1028 5370 1082 5408 n.
1115 5354 1205 5408 29.
1234 5355 1369 5408 Illud
1406 5357 1501 5409 καὶ
1532 5355 1666 5425 κλη-

86 5424 359 5497 matiam
386 5427 695 5497 significat
728 5423 942 5497 Judaeos
970 5434 1248 5497 optatur_os
1280 5425 1423 5497 bona
1446 5423 1661 5497 interna

86 5494 331 5567 accipere,
367 5494 702 5567 etiamper
756 5496 1011 5565 gratiam,
1058 5506 1115 5549 ut
1161 5494 1471 5567 Christiani
1520 5495 1667 5567 acci-

82 5564 233 5635 piunt.
270 5582 380 5619 non
417 5582 528 5635 per
570 5564 776 5633 legem,
813 5567 980 5635 etiam
1008 5564 1404 5621 utcobaaredes
1436 5565 1667 5621 Christi.

141 5632 243 5701 (98)
287 5632 758 5707 Μετὰνοοῦσιν.
807 5634 1028 5706 Legitur
1083 5638 1222 5706 apud
1276 5635 1421 5689 LXX
1463 5635 1675 5707 ὑπομέ-

84 5716 273 5774 νουσιν,
328 5727 347 5759 1
422 5708 521 5761 liis
591 5705 692 5774 qui
759 5715 1078 5773 exspectant
1120 5705 1592 5760 misericordiam.
1650 5725 1669 5758 ι

81 5767 232 5848 Habet
262 5767 409 5833 ἐιμι
439 5767 700 5834 (11³16111.
727 5776 807 5848 Τὰ
838 5767 972 5848 ἔργα
995 5793 1088 5830 σου
1113 5778 1347 5848 ποιήσειέ
1373 5778 1486 5840 τοῖς
1513 5793 1680 5848 μετα-

82 5844 271 5901 νοοῦσιν
315 5848 495 5905 ἔλεον.
536 5849 727 5916 Supra
773 5844 1056 5918 legendum
1106 5844 1469 5916 οὺκ⁷ὲπέγνω
1508 5844 1677 5921 ἡμᾶς.

1792 2342 1897 2382 non
1922 2326 2281 2383 dominareris
2312 2324 2512 2391 nostri,
2542 2338 2719 2393 neque
2758 2324 3070 2379 invocatum
3096 2334 3248 2379 esset
3279 2339 3383 2380 no-

1792 2434 1915 2473 men
1951 2429 2098 2471 tuum
2128 2431 2295 2487 super
2329 2431 2449 2472 nos.
2480 2414 2539 2470 Si
2571 2414 2853 2484 aperueris
2886 2413 3117 2479 caelum,
3174 2424 3382 2470 tremor

1792 2510 2166 2581 apprehendet
2195 2524 2260 2564 ex
2288 2518 2341 2564 te
2378 2518 2617 2573 montes,
2650 2518 2706 2563 ct
2730 2507 3059 2577 liquescent,
3086 2507 3231 2563 sicut
3250 2522 3378 2563 cera

1792 2620 1823 2659 a
1860 2604 2003 2659 facie
2029 2604 2174 2674 ignis
2210 2602 2501 2674 liquescit;
2532 2609 2588 2657 et
2615 2601 2907 2657 comburet
2934 2602 3080 2671 ignis
3119 2602 3381 2658 adversa-

1791 2699 1923 2765 rios,
1956 2709 2012 2754 et
2040 2697 2392 2754 manifestum
2435 2696 2543 2754 erit
2591 2709 2791 2751 nomen
2844 2704 2996 2749 tuum
3031 2699 3084 2750 In
3112 2694 3378 2750 adversa-

1795 2793 1926 2848 riis:
1959 2807 1990 2847 a
2018 2790 2159 2848 facie
2191 2801 2282 2847 tua
2333 2798 2528 2861 gentes
2573 2791 2967 2845 turbabuntur.
3004 2786 3142 2844 Cum
3179 2786 3378 2845 feceris

1790 2882 2045 2955 gloriosa.
2097 2893 2305 2939 tremor
2352 2883 2730 2955 apprehendat
2752 2896 2823 2937 ex
2847 2889 2900 2934 te
2936 2892 3173 2937 montes.
3202 2881 3247 2933 A
3269 2895 3377 2935 sa:-

1791 2974 1915 3031 culo
1957 2990 2066 3030 non
2121 2977 2457 3043 audivimus,
2502 2991 2683 3047 neque
2712 2972 2862 3030 oculi
2896 2973 3067 3028 nostri
3119 2973 3378 3028 viderunt

1791 3066 1962 3122 Deum
2003 3078 2201 3136 printer
2231 3078 2303 3135 te,
2338 3077 2395 3123 et
2441 3082 2611 3138 opera
2640 3079 2759 3134 tua,
2788 3080 2914 3134 quae
2948 3065 3143 3131 facies,
3179 3081 3377 3137 nempe

1795 3160 2171 3229 paenitentiam
2213 3160 2528 3231 agentibus,
2577 3158 3046 3214 misericordiam.
3109 3156 3379 3214 Occurret

1740 3250 1759 3267 '
1791 3253 2134 3309 facientibus
2164 3254 2478 3325 justitiam;
2510 3265 2566 3310 et
2590 3254 2807 3308 viarum
2857 3262 3072 3307 tuarum
3121 3252 3379 3308 recorda-

1787 3346 2008 3403 buntur.
2030 3349 2169 3405 Ecce
2193 3358 2246 3403 tu
2271 3349 2446 3403 iratus
2468 3357 2624 3414 es,et
2645 3361 2744 3402 nos
2763 3346 3134 3417 peccavimus.
3166 3345 3378 3401 Idcirco

1788 3441 2115 3508 erravimus,
2148 3449 2202 3497 et
2232 3439 2363 3497 lacti
2408 3455 2599 3496 sumus
2648 3441 2805 3511 quasi
2855 3441 3125 3497 immundi
3156 3456 3372 3508 omnes,

1785 3541 1842 3587 et
1866 3541 1923 3586 ut
1948 3547 2161 3603 pannus
2201 3531 2443 3586 sedentis
2474 3533 2657 3588 omnis
2690 3532 2907 3600 iustitia
2942 3541 3151 3588 nostra.
3183 3533 3251 3587 E-t
3273 3531 3376 3586 de-

1785 3622 2041 3679 ﬂuximus
2068 3622 2219 3692 quasi
2261 3621 2393 3677 folia
2423 3632 2652 3692 promer
2676 3624 2999 3695 iniquitates
3027 3631 3265 3685 nostras,
3292 3623 3375 3677 sic

1786 3724 1984 3770 ventus
2008 3713 2220 3771 auferet
2250 3730 2381 3771 nos:
2414 3724 2471 3770 et
2505 3731 2615 3771 non
2644 3727 2732 3772 est
2769 3718 2861 3787 qui
2906 3716 3132 3772 invocet
3177 3729 3374 3770 nomen

1786 3816 1963 3873 tuum,
1990 3818 2047 3862 et
2075 3808 2167 3875 qui
2216 3809 2540 3864 recordatus
2572 3808 2953 3879 apprehendat
2985 3818 3077 3864 te:
3113 3806 3373 3873 quoniam

1786 3897 2037 3952 avertisti
2094 3896 2293 3952 faciem
2348 3907 2496 3952 tuam
2542 3914 2571 3951 a
2622 3899 2811 3969 nobis,
2859 3906 2917 3954 et
2962 3898 3236 3954 tradidisti
3271 3913 3375 3953 nos

1782 3998 2004 4059 propter
2035 3997 2255 4059 peccata
2293 3998 2505 4047 nostra.
2524 3991 2704 4046 Etiam
2729 4005 2872 4046 nunc
2899 4001 3245 4059 convertere,
3274 3990 3377 4045 Do-

1782 4086 1949 4150 mine,
1984 4083 2112 4152 quia
2146 4084 2376 4153 pOpulus
2410 4091 2536 4138 tuus
2569 4098 2765 4139 omnes
2793 4097 2926 4149 nos;
2962 4084 3161 4140 civitas
3193 4085 3372 4140 sancti

1784 4176 1860 4231 tui
1895 4175 2042 4230 facta
2075 4184 2160 4231 est
2208 4178 2455 4241 deserta;
2509 4174 2640 4231 Sion
2691 4175 2847 4244 quasi
2912 4175 3159 4231 solitudo
3221 4174 3372 4231 facta

1781 4278 1899 4334 est;
1936 4266 2239 4322 Jerusalem
2274 4267 2328 4321 iu
2364 4266 3069 4333 maledictionem,domus,
3103 4277 3371 4323 sanctua-

1780 4359 1921 4414 rium
1956 4369 2229 4423 nostrum,
2265 4366 2321 4413 et
2354 4358 2549 4428 gloria,
2602 4359 2691 4414 cui
2727 4358 3136 4413 benedixerunt
3181 4365 3371 4428 patres

1779 4451 1979 4513 nostri,
2013 4450 2158 4506 facta
2193 4459 2276 4505 est
2311 4450 2419 4519 igni
2453 4450 2772 4517 combusta;
2805 4458 2863 4505 et
2893 4465 3084 4505 omnes
3116 4449 3369 4519 gloriosae

1777 4554 1963 4614 gentes
2027 4543 2189 4599 simul
2230 4543 2535 4598 irruerunt.
2581 4543 2649 4597 Et
2694 4557 2858 4613 super
2891 4544 2979 4599 his
3029 4544 3365 4611 sustinuisti,

1788 4634 2034 4697 Domine,
2070 4643 2124 4688 et
2157 4634 2400 4699 tacuisti,
2435 4644 2492 4688 et
2524 4635 2826 4690 humiliasti
2863 4651 2961 4691 nos
2996 4636 3152 4691 valde
3184 4636 3252 4692 “.
3297 4658 3317 4690 ι

1849 4868 1958 4940 (99)
1992 4868 2100 4940 Kal
2130 4867 2247 4940 νῦν
2273 4867 2531 4940 ἐπίστρ.,
2563 4884 2653 4940 2a.,
2677 4865 2764 4940 ὅτι
2795 4866 2964 4940 νξναός,
2996 4874 3104 4940 etc.
3125 4863 3363 4940 59mm-

1774 4936 1922 5010 ginta
1939 4936 1963 4993 ἰ
1987 4938 2097 4993 Kal
2128 4938 2263 5010 νῦν,
2290 4939 2482 5010 Κύριε,
2508 4938 2691 5010 πατὴρ
2718 4936 3174 5010 ήμῶνῗσύηήμεζς
3189 4936 3367 5010 δὲίπη.

1773 5004 2052 5089 λόςλέργα
2077 5009 2192 5089 τῶν.
2212 5004 2411 5089 χειρῶν
2451 5025 2545 5089 σου
2588 5004 2809 5089 selige.
2984 5004 3203 5089 ὀργίζου
3230 5004 3362 5089 ἡμῖν

1776 5076 2106 5151 σφόδρακαὶ
2135 5076 2793 5151 μὴ”ὲνκαιρῷλμνησθῇς
2838 5076 3125 5151 ἀμαρτιῶν
3166 5076 3361 5151 ἡμῶν·

1776 5098 1984 5160 σφοορξ
2010 5098 2106 5134 και
2240 5098 2296 5134 εν
2322 5098 2499 5151 καιρῳ
2548 5098 2793 5153 μνηῐσυῃς
2838 5098 3125 5161 αμαρτιων
3343 5098 3361 5110 '

1772 5151 1871 5228 grai
1906 5168 2024 5228 νυν
2056 5153 2127 5204 ἐπ
2151 5150 2367 5228 ϐλεψον,
2405 5152 2490 5228 ότι
2518 5148 2667 5228 λαός..
2715 5164 2828 5228 etc._
2858 5148 2972 5203 NISI
3010 5149 3362 5228 egregteHlal-

1771 5222 1873 5285 lor,
1912 5223 2027 5275 haec
2061 5217 2493 5277 omnia—Iustino
2529 5219 2865 5275 restituenda
2902 5229 3069 5284 sunt;
3104 5217 3358 5272 videlicet

1772 5292 2001 5346 librario
2035 5307 2223 5343 ansam
2257 5290 2482 5344 errandi
2516 5289 2746 5358 praebuit
2781 5291 3075 5357 repetitum
3109 5287 3206 5341 καὶ
3234 5286 3352 5341 νῦν.

1774 5362 1967 5431 Itaque
1982 5363 2147 5415 verba
2178 5361 2623 5431 ista,dummodo
2655 5358 2862 5431 Martyr
2892 5359 3020 5413 alibi
3048 5360 3353 5420 recitasset.

1774 5428 2017 5487 libenter
2053 5431 2140 5486 hic
2172 5430 2470 5486 insererem
2507 5430 2704 5486 textui.
2740 5428 2917 5484 O'r'ro.

1847 5503 1925 5572 (l)
1968 5500 2043 5557 Τὰ
2094 5501 2479 5572 ἕθιίηκυοεει
2527 5515 2590 5572 ea
2645 5514 2749 5572 vox
2797 5499 2941 5572 apud
2990 5495 3157 5572 LXX,
3208 5497 3355 5572 etin

1776 5565 1932 5639 Apol.
1971 5588 2009 5639 l,
2046 5587 2103 5626 n.
2139 5565 2237 5625 47.
2270 5571 2496 5625 Videtur
2524 5569 2773 5624 Justinus
2796 5565 2996 5637 legisse
3028 5568 3207 5639 potius
3232 5565 3353 5639 ἔθη,

1779 5637 1946 5710 atque
1996 5637 2093 5697 hic
2137 5656 2333 5695 sensus
2389 5642 2533 5695 haud
2598 5641 2757 5710 paulo
2806 5642 2987 5706 aptior
3034 5637 3349 5710 videretur:

1787 5732 1805 5766 1
1848 5707 2282 5769 Prseclarissima
2338 5726 2565 5781 quaeque
2598 5707 2884 5781 'instituta
2926 5707 3271 5781 ceciderunt.
3326 5725 3363 5762 ι

1787 5784 2090 5842 lietinendo
2123 5782 2271 5852 ἔθνη,
2309 5778 2627 5839 vertendum
2667 5798 2684 5832 ι
2726 5778 2888 5836 simul
2926 5778 3235 5835 irruerunt.
3274 5798 3303 5838 1,
