3760 6472
1307 342 1365 396 S.
1401 339 1666 397 JUSTINI
1708 336 2122 395 PHILOSOPHI
2156 339 2243 393 ET
2278 338 2469 395 MART
2484 337 2639 393 Y‘RlS

3558 325 3663 393 .531

482 464 557 514 Ac
590 458 849 529 Trypho:
898 456 1041 529 Quid
1091 468 1179 514 est
1221 459 1366 529 quod
1402 460 1533 513 ais?
1584 460 1861 513 neminem
1898 470 1992 509 no-

2172 456 2282 508 Καὶ
2324 459 2351 509 6
2382 456 2646 527 Τρύφων·
2701 454 2769 507 Τί·
2805 447 2898 507 οὖν
2950 454 3097 508 ἐστιν
3131 454 3160 506 6
3199 451 3431 522 λέγειςς
3473 454 3552 507 ὅτι
3585 455 3669 509 οὓς

409 562 584 608 strum
619 552 938 609 haereditate
954 551 1247 623 quidquam
1273 560 1618 619 accepturum
1640 566 1755 604 esse
1778 551 1827 604 in
1848 564 2000 603 mon—

410 656 465 700 te
498 656 688 701 sancto
728 645 867 701 Dei?

479 736 571 791 26.
607 737 815 794 Iudmis
867 739 1015 793 nulla
1046 738 1189 792 salus
1220 738 1319 790 nisi
1360 753 1450 805 per
1481 736 1785 805 Christum,
1841 737 1996 806 cujus

412 830 645 883 cultores
667 830 1038 894 salvabuntur,
1073 828 1287 883 etiamsi
1332 827 1495 897 legem
1528 845 1631 881 non
1667 837 1891 883 servent.
1928 858 1999 869 --

414 919 482 974 Et
516 937 655 991 ego:
693 922 810 976 Non
846 922 951 977 hoc
986 922 1139 983 dico;
1179 934 1390 985 verum,
1426 920 1518 989 qui
1554 920 1833 976 Christum
1868 937 1997 991 per-

415 1016 589 1069 secuti
626 1025 757 1069 sunt
789 1025 844 1070 et
887 1024 1335 1085 persequuntur,
1386 1025 1551 1084 atque
1615 1015 1994 1085 paenitentiam

413 1122 523 1162 non
559 1115 747 1178 agunt,
783 1107 984 1161 nullam
1020 1107 1236 1177 capient
1272 1108 1326 1163 in
1362 1117 1549 1163 monte
1601 1118 1793 1163 sancto
1825 1111 1997 1164 haere-

414 1198 661 1251 'ditatem.
706 1197 909 1253 Gentes
955 1206 1136 1253 autem
1184 1212 1305 1268 qua:
1357 1198 1411 1252 in
1462 1197 1612 1252 illum
1662 1197 1996 1253 crediderint

415 1300 472 1345 et
503 1292 879 1361 paenitentiam
926 1292 1200 1359 egerint‘a
1235 1291 1500 1360 peccatis,
1539 1291 1667 1359 ipsae
1701 1291 1996 1345 haeredita—

413 1392 524 1437 tem
562 1382 838 1437 habebunt
870 1398 994 1437 cum
1032 1382 1360 1451 patriarchis
1393 1391 1449 1436 et
1480 1383 1786 1453 prophetis,
1821 1392 1875 1438 et
1902 1383 1993 1452 ju-

414 1473 516 1528 stis
549 1474 860 1543 quicunque
893 1490 921 1526 a
958 1473 1165 1529 Jacobo
1231 1474 1489 1544 prognati
1555 1484 1713 1540 sunt,
1780 1476 1991 1530 etiamsi

414 1566 646 1620 sabbata
690 1581 798 1619 non
846 1576 1093 1631 servent,
1141 1582 1322 1636 neque
1372 1568 1861 1629 circumcidantur,
1899 1583 1995 1622 ne-

414 1672 524 1726 que
555 1657 674 1712 dies
708 1658 878 1712 festos
911 1659 1208 1712 celebrent.
1239 1656 1473 1713 Omnino
1496 1667 1738 1714 sanctam
1765 1660 1857 1714 Dei
1883 1660 1995 1713 bae-

417 1749 710 1804 reditatem
756 1750 1006 1804 adibunt.
1061 1750 1209 1804 Deus
1244 1751 1389 1804 enim
1435 1767 1532 1822 per
1565 1750 1763 1805 Isaiam
1801 1753 1872 1805 ita
1910 1752 1991 1804 lo—

2100 547 2211 611 δεὶς
2240 547 2394 617 ἡμῶν
2418 547 2813 618 κληρονομήσει
2842 549 2898 599 ἐν
2933 546 3009 617 τῷ
3034 547 3149 618 ὄρει
3176 546 3251 616 τῷ
3276 546 3419 616 ἁγίῳ
3435 545 3527 598 τοῦ
3544 546 3668 601 Θεοῦ

2101 638 2252 691 οὐδέν
2276 656 2289 702 ;

2170 728 2258 782 ἓτϐ.
2295 727 2483 797 Κάγὼ,
2516 728 2591 781 Ού
2625 728 2799 792 τοῦτο,
2833 728 2997 798 φημὶ,
3048 727 3161 781 ἀλλ’
3215 729 3264 780 οἱ
3312 728 3404 780 τὸν
3450 728 3679 799 Χριστὸν-

2099 819 2384 887 διὼξαντες
2432 820 2528 874 καὶ
2573 819 2879 885 διώκοντες,
2918 820 3013 873 καὶ
3056 819 3129 891 μὴ
3182 819 3586 890 μετανοοῦντες,
3613 821 3667 873 οὐ

2099 911 2600 983 κληρονομήσουσιν
2634 914 2691 964 ὲν
2746 910 2823 981 τῷ
2872 911 2988 981 ὄρει
3020 910 3096 981 τῷ
3129 911 3275 981 ἁγίῳ
3300 910 3475 963 οὐδέν.
3517 910 3595 963 Τὰ
3620 910 3672 963 δέ

2098 1005 2224 1077 εθνη
2268 1005 2334 1059 τά
2374 1004 2737 1058 πιστεύσαντα
2772 1005 2852 1067 εἰς
2901 1004 3083 1067 αὑτὸν,
3127 1004 3224 1055 καὶ
3273 1002 3671 1073 μετανοήσαντα

2097 1098 2181 1168 ἐφ’
2212 1095 2293 1162 οἷς
2322 1099 2587 1168 ἥμαρτον,
2610 1097 2764 1150 αὐτοὶ
2788 1095 3257 1166 κληρονομήσουσι
3290 1093 3432 1165 μετά
3461 1092 3568 1145 τῶν
3586 1110 3675 1146 πα-

2096 1188 2375 1261 τριαρχῶν
2405 1189 2500 1242 καὶ
2526 1188 2634 1241 τῶν
2682 1188 2977 1259 προφητῶν
3025 1189 3118 1241 καὶ
3163 1186 3272 1240 τῶν
3316 1184 3544 1239 δικαίων
3567 1185 3674 1238 ὅσοι

2096 1283 2205 1336 ἀπὸ
2222 1282 2415 1335 Ἰακὼϐ
2442 1283 2819 1353 γεγέννηνται,
2840 1284 2885 1334 εί
2910 1282 3002 1336 καὶ
3024 1282 3099 1353 μὴ
3114 1280 3524 1344 σαϐϐατίζουσι,
3549 1279 3675 1350 μηδὲ

2096 1374 2534 1447 περιτέμνονται,
2564 1374 2697 1445 μηδέ
2733 1375 2830 1438 τὰς
2846 1370 3045 1445 ’ἑορτὰς
3072 1374 3427 1444 φυλάσσουσι.
3460 1372 3675 1435 Πάντως

2095 1464 2561 1537 κληρονομήσουσι
2583 1463 2679 1536 τὴν
2700 1466 2862 1534 ἁγίαν
2886 1465 2977 1518 τοῦ
3003 1466 3136 1519 Θεοῦ
3154 1464 3544 1536 κληρονομίαν.
3577 1465 3674 1518 Λέ-

2095 1572 2181 1624 γει
2211 1554 2317 1624 γὰρ
2344 1556 2373 1605 6
2397 1554 2529 1618 Θεὸς
2568 1555 2654 1609 διὰ
2686 1556 2907 1608 Ἡσαΐου
2953 1555 3157 1619 οὕτως·
3192 1574 3209 1606 ‹
3240 1554 3387 1622 Ἐγὼ
3433 1553 3675 1624 Κύριοςὸ

2094 1646 2226 1710 Θεὸς
2254 1645 2487 1705 ἐκάλεσα
2512 1662 2572 1697 σε
2602 1648 2659 1699 ἐν
2684 1645 3019 1716 δικαιοσύνη,
3045 1646 3141 1700 καὶ
3172 1646 3439 1717 κρατήσω
3459 1644 3557 1713 τῆς
3582 1659 3678 1712 χει-

2098 1739 2189 1809 ρός
2217 1755 2332 1803 σου,
2361 1738 2456 1792 καὶ
2499 1738 2703 1808 ίσχύσω
2734 1755 2817 1803 σε,
2860 1739 2955 1797 καὶ
3003 1738 3181 1791 ἔδωκά
3207 1754 3267 1789 σε
3306 1738 3387 1800 είς
3415 1734 3677 1805 διαθήκην

324 1893 330 1900 ,
417 1842 629 1909 quitur:
668 1858 687 1893 ι
728 1840 839 1909 Ego
874 1842 1131 1897 Dominus
1171 1842 1311 1896 Deus
1358 1842 1543 1896 vocavi
1581 1854 1633 1897 te
1668 1842 1723 1896 in
1754 1844 1988 1911 justitia,

2147 1829 2305 1893 ἑνους,
2341 1831 2420 1892 εἰς
2448 1829 2563 1899 φῶς
2603 1829 2791 1895 ἐθνῶν,
2824 1830 3033 1896 ἀνοῖξαι
3080 1829 3397 1900 ὀφθαλμοὺς
3449 1826 3674 1896 τυφλῶν,

417 1942 472 1987 et
507 1935 703 1987 tenebo
737 1933 1013 1987 dexteram
1049 1943 1219 1997 tuam,
1244 1942 1298 1986 et
1323 1932 1647 1988 confortabo
1682 1943 1766 1999 te;
1803 1934 1991 1988 etdedi

417 2034 472 2078 te
508 2025 560 2078 in
600 2033 991 2079 testamentum
1027 2025 1264 2094 generis,
1317 2024 1374 2078 in
1413 2024 1590 2079 lucem
1627 2026 1892 2094 gentium,
1927 2025 1995 2079 ad

418 2116 769 2185 aperiendum
818 2116 1007 2170 oculos
1062 2130 1372 2181 czecorum,
1424 2117 1493 2169 ad
1541 2116 1881 2171 educendum
1928 2115 1997 2173 de

413 2206 650 2261 vinculis
684 2207 916 2274 vinctos,
953 2218 1008 2261 et
1039 2208 1107 2261 de
1140 2210 1302 2261 domo
1336 2208 1582 2262 carceris
1648 2210 1906 2263 sedentes
1942 2208 1995 2262 in

416 2298 654 2352 tenebris
688 2299 755 2354 ⁸⁵.
800 2318 819 2352 ι
863 2299 926 2354 Et
962 2300 1191 2353 iterum:
1235 2318 1253 2351 ι
1290 2298 1492 2353 Levate
1524 2300 1738 2370 signum
1776 2302 1830 2354 in
1867 2315 1998 2369 gen-

414 2399 517 2443 tes.
553 2390 693 2445 Ecce
724 2391 870 2446 enim
924 2391 1188 2445 Dominus
1232 2390 1362 2445 fecit
1410 2392 1654 2445 auditum
1703 2408 1878 2461 usque
1927 2392 1995 2446 ad

414 2491 725 2536 extremum
768 2491 949 2538 terrae.
1003 2481 1176 2536 Dicite
1222 2482 1439 2537 ﬁliabus
1492 2482 1664 2538 Sion:
1704 2484 1847 2538 Ecce
1897 2482 1994 2537 tibi

424 2571 681 2628 Salvator
714 2575 887 2639 venit,
922 2574 1131 2628 habens
1167 2576 1472 2630 mercedem
1508 2591 1689 2638 suam,
1722 2583 1778 2630 et
1809 2591 1995 2644 opusa

414 2664 559 2719 facie
601 2678 741 2719 sua:
787 2673 840 2718 et
876 2664 1095 2719 vocabit
1144 2680 1268 2721 eum
1305 2666 1563 2735 pOpulum
1600 2674 1875 2729 sanctum,
1916 2680 1999 2721 re-

417 2756 695 2827 demptum
733 2770 764 2809 a
800 2756 1050 2811 Domino.
1087 2756 1168 2811 Tu
1203 2766 1383 2811 autem
1419 2756 1703 2811 vocaberis
1738 2757 1997 2825 requisita

416 2846 635 2910 civitas,
671 2855 727 2900 et
760 2861 866 2900 non
903 2846 1183 2901 derelicta.
1220 2846 1355 2914 Quis
1387 2855 1472 2901 est
1507 2848 1609 2901 iste
1640 2847 1733 2916 qui
1768 2848 1915 2901 venit
1934 2849 2000 2902 de

419 2940 607 3000 Edam.
646 2942 810 2995 rubor
844 2944 1071 2994 vestium
1099 2940 1216 3009 ejus
1248 2942 1315 2995 de
1347 2939 1553 2994 Bosor?
1585 2939 1691 2995 Iste
1724 2938 2000 2995 formosus

418 3034 474 3086 in
509 3031 672 3098 stola,
710 3034 1020 3087 ascendens
1052 3030 1321 3087 violenter
1353 3047 1475 3085 cum
1513 3030 1999 3101 lortitudine?Ego

416 3126 614 3193 loquor
660 3124 929 3195 justitiam
961 3132 1016 3178 et
1041 3122 1310 3191 judicium
1347 3122 1628 3177 salutaris.
1690 3122 1869 3189 Quare
1904 3138 1997 3176 ru-

415 3216 515 3270 bra
552 3222 678 3269 sunt
710 3215 1036 3270 vestimenta
1082 3220 1206 3277 tua,
1255 3220 1309 3267 et
1343 3211 1656 3267 indumenta
1696 3222 1787 3268 tua
1837 3212 1995 3283 125

415 3307 588 3361 veluti
634 3323 663 3361 a
713 3306 975 3361 torculari
1026 3305 1293 3362 calcato:
1342 3318 1460 3360 uvae
1494 3303 1719 3359 calcatae
1766 3305 1998 3375 plenus?

417 3396 686 3453 Torcular
718 3413 861 3453 unus
895 3399 1011 3469 ipse
1044 3407 1101 3454 et
1133 3399 1284 3453 solus
1333 3397 1543 3453 calcavi
1566 3437 1581 3461 ,
1630 3406 1687 3451 et
1718 3400 1786 3452 de
1817 3398 1997 3467 genti-

415 3491 522 3547 bus
558 3507 666 3547 non
723 3500 807 3547 est
843 3490 926 3544 vir
958 3505 1203 3545 mecum:
1239 3498 1296 3545 et
1326 3489 1647 3546 conculcavi
1680 3504 1779 3545 eos
1821 3490 1875 3544 in
1910 3490 1997 3544 fu-

416 3600 582 3648 rore,
628 3593 684 3639 et
725 3581 971 3652 confregi
1020 3596 1153 3644 eos,
1218 3583 1375 3651 quasi
1430 3591 1671 3647 terram,
1707 3591 1762 3637 et
1794 3582 1994 3638 deduxi

418 3677 745 3748 sanguinem
780 3692 975 3733 eorum
1010 3677 1062 3731 in
1113 3686 1338 3731 terram.
1392 3674 1518 3730 Dies
1568 3677 1717 3730 enim
1763 3676 1998 3730 retribu-

417 3771 588 3826 tionis
619 3771 903 3837 venit'eis,
951 3780 1007 3826 et
1040 3784 1217 3824 annus
1267 3767 1660 3839 redemptionis
1705 3770 1883 3823 adest.
1934 3768 2000 3822 Et

420 3864 631 3931 aspexi,
685 3871 743 3919 et
773 3878 881 3918 non
914 3870 1036 3918 erat
1066 3859 1399 3927 auxiliator;
1448 3870 1506 3915 et
1537 3859 1907 3927 consideravi,
1941 3868 1999 3915 et

419 3953 603 4009 nullus
658 3955 941 4023 praebebat
994 3953 1282 4008 auxilium.
1318 3951 1387 4006 Et
1416 3953 1565 4007 eruit
1598 3953 1908 4019 brachium,
1943 3961 1999 4009 et

421 4047 578 4103 furor
641 4061 797 4103 meus
862 4047 1131 4102 advenit:
1184 4054 1241 4101 et
1297 4046 1618 4102 conculcavi
1680 4061 1775 4102 eos
1824 4047 1877 4102 in
1913 4047 1998 4103 ira

421 4155 566 4204 mea,
605 4146 660 4195 et
694 4139 895 4193 deduxi
932 4139 987 4194 in
1023 4148 1226 4193 terram
1262 4139 1584 4208 sanguinem
1618 4154 1807 4193 eorum
1832 4140 1899 4196 “.
1936 4160 1955 4192 ι

486 4231 578 4285 27.
621 4229 736 4285 Cur
770 4230 862 4298 per
904 4230 1184 4300 prophetas
1227 4231 1411 4284 eadem
1459 4229 1597 4283 Deus
1636 4231 1883 4299 praecepit
1934 4247 1998 4285 ac

417 4336 513 4390 per
544 4318 802 4390 Magum.
823 4350 895 4361 —
921 4318 1022 4379 llic
1066 4319 1285 4392 Trypho
1324 4338 1338 4374 :
1376 4320 1486 4375 Cur
1514 4336 1636 4391 qua:
1667 4320 1886 4391 placent
1929 4336 1998 4378 ex

420 4415 757 4484 propheticis
802 4414 1150 4469 sermonibus
1193 4412 1393 4467 selecta
1442 4414 1679 4479 recitas;
1716 4428 1837 4484 quae
1869 4429 1998 4470 vero

2094 1921 2382 1991 ἐξαγαγεῖν
2407 1924 2471 1976 ἐκ
2495 1922 2710 1993 δεσμῶν
2754 1922 3181 1993 πεπεδημένους,
3205 1921 3302 1974 καὶ
3328 1920 3389 1987 ἐξ
3408 1920 3558 1973 οἴκου
3586 1937 3678 1988 φυ-

2101 2014 2275 2086 λακῆς
2310 2014 2653 2087 καθημένους
2679 2016 2737 2068 ἐν
2753 2014 2959 2070 σκότει.
2998 2033 3017 2066 ι
3068 2013 3180 2067 Kal.
3222 2011 3423 2065 πάλινο
3459 2028 3479 2062 ι
3513 2011 3661 2077 Ἐξά-

2097 2126 2226 2179 ρατε
2278 2108 2606 2180 συσσεισμὸν
2637 2107 2711 2180 (2)
2770 2109 2849 2172 είς
2888 2107 2956 2161 τὰ
2984 2106 3145 2176 ἔθνηο
3196 2105 3306 2159 ἰδοὺ
3346 2105 3459 2175 γάρ
3484 2104 3677 2175 Κύριος

2094 2201 2349 2273 ἐποίησεν
2405 2202 2669 2255 ἀκουστὸν
2718 2201 2823 2265 ἓως
2874 2200 3101 2271 ἐσχάτου
3156 2198 3257 2269 τῆς
3310 2198 3436 2268 γῆς.
3482 2198 3676 2252 Εἴπατε

2095 2300 2212 2359 ταῖς
2242 2295 2543 2367 θυγατράσι
2564 2293 2722 2349 Σιών·
2752 2294 2885 2348 Ἰδοὺ
2915 2293 2999 2347 σοὶ
3028 2296 3057 2347 6
3080 2291 3270 2362 Σωτὴρ
3298 2291 3672 2363 παραγέγονεν

2095 2391 2317 2461 ἀπέχων
2338 2392 2429 2443 τὸν
2466 2391 2659 2443 ἑαυτοῦ
2695 2388 2907 2461 μισθὸν,
2938 2387 3033 2441 καὶ
3058 2387 3118 2440 τὸ
3151 2386 3315 2458 ἔργον
3336 2384 3448 2439 ἀπὸ
3474 2382 3676 2455 προσώ-

2097 2503 2200 2538 που
2226 2484 2415 2550 αὑτοῦ,
2440 2486 2535 2539 καὶ
2557 2486 2777 2559 καλεσει
2799 2483 2963 2539 αὐτὸν
2997 2483 3123 2536 λαὸν
3162 2481 3319 2549 ἅγιον
3347 2481 3680 2552 λελυτρωμέ-

2096 2595 2185 2631 νον
2212 2578 2316 2631 ὑπὸ
2340 2578 2570 2650 Κυρίου.
2595 2578 2667 2630 Σὺ
2689 2577 2743 2631 δὲ
2776 2576 3027 2649 κληθήσῃ
3058 2572 3468 2645 ἐπιζητουμένη
3507 2571 3675 2636 πόλις,

2097 2666 2191 2719 καὶ
2220 2667 2281 2719 οὐ
2322 2665 2810 2737 καταλελειμμένη.
2857 2665 2953 2728 Τίς
2997 2657 3207 2726 οὖτοςὸ
3237 2662 3675 2735 παραγινόμενος

2099 2756 2158 2822 ἐξ
2186 2756 2383 2825 Ἐδὼμ,
2416 2756 2668 2828 ἐρύθημα
2712 2754 2944 2827 ἱματίων
2984 2753 3147 2807 αὐτοῦ
3178 2754 3244 2808 ἐκ
3276 2753 3488 2825 Βοσόρ;
3520 2746 3677 2814 Οὗτος

2100 2848 2299 2918 ὡραῖος
2330 2849 2388 2901 ἐν
2427 2848 2611 2919 στολῇ,
2668 2847 2981 2902 ἀναϐαίνων
3018 2848 3095 2919 (3)
3148 2846 3242 2918 βίᾳ
3290 2847 3433 2918 μετά
3482 2846 3675 2917 ἰσχύος.

2100 2938 2244 3007 Ἐγὼ
2272 2939 2587 3010 διαλέγομαι
2633 2938 2976 3009 δικαιοσύνην
3004 2938 3099 2993 καὶ
3152 2938 3337 3009 κρίσιν
3397 2938 3674 3008 σωτηρίου.

2102 3033 2200 3085 Διά
2224 3032 2275 3084 τί
2305 3049 2398 3084 σου
2442 3031 2646 3104 ἐρυθρὰ
2684 3032 2751 3085 τὰ
2794 3030 3006 3101 ἱμάτια,
3054 3030 3150 3084 καὶ
3188 3031 3257 3085 τὰ
3286 3030 3574 3099 ἐνδύματά
3590 3046 3677 3081 σου

2100 3122 2175 3186 ὡς
2207 3123 2315 3176 ἀπὸ
2343 3122 2585 3193 πατητοῦ
2615 3122 2777 3193 ληνοῦ
2809 3140 2823 3189 ;
2852 3122 3066 3195 πλήρης
3100 3122 3172 3195 (4)
3208 3123 3675 3193 καταπεπατημέ-

2100 3232 2215 3286 νης.
2252 3215 2425 3286 Ληνὸν
2458 3214 2707 3287 ἐπάτησα
2770 3214 3098 3286 μονώτατος,
3139 3215 3233 3268 καὶ
3257 3214 3366 3268 τῶν
3390 3214 3558 3273 ἐθνῶν
3587 3216 3677 3267 οὐκ

2098 3304 2245 3359 ἔστιν
2292 3305 2431 3377 ἀνὴρ
2478 3306 2593 3376 μετ’
2627 3305 2794 3376 ἐμοῦ’
2838 3305 2934 3360 καὶ
2988 3307 3349 3377 κατεπάτησα
3390 3307 3585 3369 αὐτοὺς
3628 3308 3678 3356 ἐν

2098 3395 2273 3467 θυμῷ,
2304 3397 2399 3451 καὶ
2432 3397 2739 3451 κατέθλασα
2766 3398 2962 3461 αὐτοὺς
2981 3398 3058 3462 ὼς
3087 3400 3213 3469 γῆν,
3243 3399 3342 3452 καὶ
3374 3402 3679 3469 κατήγαγον

2097 3488 2158 3541 τὸ
2183 3482 2321 3558 αἷμα
2368 3488 2549 3542 αὐτῶν
2590 3490 2669 3553 είς
2699 3489 2824 3559 γῆν.
2873 3490 3089 3563 Ἡμέρα
3132 3492 3239 3563 γὰρ
3272 3492 3678 3554 ἀνταποδόσεως

2096 3576 2260 3651 ἦλθεν
2310 3583 2526 3647 αὐτοῖς,
2577 3581 2672 3636 καὶ
2724 3583 2972 3646 ἐνιαυτὸς
3036 3583 3360 3655 λυτρὼσεως
3435 3584 3674 3655 πάρεστι.

2099 3674 2210 3726 Καὶ
2239 3673 2513 3743 ἐπέϐλεψα
2568 3674 2665 3727 καὶ
2711 3674 2811 3729 οὐκ
2841 3670 2909 3745 ἦν
2960 3674 3173 3745 βοηθὸς,
3206 3676 3305 3727 καὶ
3346 3675 3679 3747 προσενόησα

2098 3762 2195 3815 καὶ
2256 3762 2431 3827 οὐδεὶς
2474 3763 2833 3827 ἀντελάϐετο,
2896 3766 2992 3818 καὶ
3046 3764 3316 3837 ἐρρύσατο
3368 3768 3398 3819 6
3452 3764 3679 3838 βραχίων

2098 3854 2197 3908 καὶ
2226 3857 2255 3908 6
2284 3854 2459 3927 θυμός
2516 3874 2617 3927 μου
2670 3856 2896 3928 ἐπέστη,
2942 3857 3037 3911 καὶ
3079 3858 3444 3930 κατεπάτησα
3494 3858 3679 3918 αὐτοὺς

2098 3947 2157 4001 ἐν
2194 3949 2258 4017 τῇ
2290 3947 2427 4019 ὀργῇ
2465 3964 2587 4019 μου,
2624 3949 2719 4003 καὶ
2770 3950 3086 4020 κατήγαγον
3132 3950 3193 4003 τὸ
3235 3945 3377 4022 αἷμα
3410 3949 3583 4005 αὐτῶν
3604 3950 3679 4010 εἰς

2099 4054 2227 4109 γην.
2265 4058 2283 4091 ι

2170 4236 2261 4294 Ξῖ.
2302 4236 2413 4291 Καὶ
2439 4240 2468 4290 6
2506 4237 2738 4308 Τρύφων
2757 4255 2775 4277 ο»
2817 4238 2917 4293 Διά
2952 4238 3005 4291 τί
3051 4239 3194 4311 ειπερ
3244 4238 3425 4309 βούλει
3468 4235 3679 4304 ἐκλεγόη

2104 4347 2265 4402 μενος
2292 4329 2400 4384 ἀπὸ
2429 4330 2535 4384 τῶν
2562 4331 2913 4402 προφητικῶν
2944 4332 3118 4401 λόγων
3150 4332 3331 4400 λέγεις
3350 4350 3363 4363 ο
3406 4331 3441 4385 ἃ
3466 4331 3522 4384 δὲ
3541 4330 3679 4401 διαῤ-

2104 4422 2272 4493 ρήδην
2311 4421 2522 4475 κελεύει
2563 4422 2933 4487 σαϐϐατίζειν,
2964 4424 3025 4477 ού
3063 4424 3378 4495 μέμνησαι;
3427 4422 3523 4476 Διὰ
3572 4423 3676 4492 γὰρ

420 4508 741 4561 nominatim
779 4507 1065 4561 sabbatum
1100 4506 1393 4560 observare
1422 4504 1637 4575 jubent,
1668 4521 1857 4561 eorum
1888 4521 1992 4560 non

2147 4512 2331 4566 daa‘tou
2363 4512 2536 4577 οὕτως
2565 4515 2779 4587 εἴρηται
2799 4532 2812 4546 ο
2846 4536 2864 4567 ι
2900 4517 3026 4571 Ἐάν
3058 4516 3411 4589 ἀποστρέψῃς
3436 4516 3523 4568 τὸν
3548 4512 3677 4565 πόδα

422 4600 765 4654 meministi?
798 4598 889 4654 Sic
930 4599 1075 4653 enim
1119 4613 1218 4668 per
1252 4596 1447 4652 Isaiam
1476 4598 1679 4653 dictum
1723 4610 1846 4655 est:
1886 4618 1905 4650 ι
1938 4598 1992 4653 Si

2147 4620 2198 4655 au
2233 4604 2339 4656 ἀπὸ
2373 4603 2480 4657 τῶν
2511 4605 2816 4671 σαϐϐάτων,
2850 4606 2942 4659 τοῦ
2976 4606 3050 4678 μὴ
3096 4610 3269 4660 ποιεῖν
3304 4608 3371 4660 τά
3407 4600 3681 4676 θελήματά.

422 4692 690 4746 averteris
723 4692 914 4761 pedem
960 4701 1109 4744 tuum
1158 4690 1211 4742 in
1264 4691 1532 4755 sabbatis,
1578 4700 1637 4745 ut
1692 4708 1796 4746 non
1833 4691 1992 4746 facias

2147 4714 2201 4749 ου
2231 4698 2287 4751 ἐν
2647 4702 2711 4769 τῇ
2754 4698 2905 4769 ἁγίᾳ,
2939 4699 3034 4752 καὶ
3065 4700 3301 4771 καλέσῃς
3336 4698 3403 4752 τὰ
3443 4695 3678 4751 σάϐϐατα

422 4781 731 4837 voluntates
758 4792 880 4837 tuas
911 4782 966 4839 in
996 4781 1083 4836 die
1121 4790 1330 4848 sancto,
1356 4790 1411 4835 et
1450 4783 1733 4837 vocaveris
1769 4783 1992 4837 sabbata

2147 4787 2351 4859 ρυφερά
2377 4788 2508 4856 ἅγια
2543 4788 2637 4842 τοῦ
2668 4788 2804 4841 Θεοῦ
2838 4805 2952 4854 σου,
2990 4789 3089 4842 οὐκ
3122 4790 3261 4863 ἄρῃς
3290 4790 3379 4842 τὸν
3421 4788 3549 4841 πόδα
3586 4804 3677 4837 σου

424 4871 658 4927 delicata
714 4884 903 4928 sancta
957 4873 1051 4927 Dei
1100 4872 1213 4940 tui;
1257 4873 1304 4928 si
1353 4888 1463 4929 non
1512 4875 1749 4931 moveris
1805 4876 1992 4945 pedem

2147 4882 2194 4934 π’
2219 4881 2397 4952 ἔργον,
2440 4882 2561 4941 οὐδὲ
2604 4882 2678 4953 μή
2711 4882 2952 4955 λαλήσῃς
2991 4881 3149 4950 λόγον
3187 4884 3251 4935 ἐκ
3291 4880 3384 4936 τοῦ
3422 4879 3681 4949 στόματός

495 5122 541 5154 ⁸⁵
574 5121 678 5176 lsa.
715 5137 849 5187 xui,
880 5121 935 5190 6,
964 5122 1017 5175 7.
1092 5122 1139 5157 ⁸⁸
1162 5121 1268 5179 lsa.
1298 5138 1432 5187 un,
1465 5123 1659 5188 10-12;
1696 5139 1850 5188 um,
1893 5126 2003 5179 1—6.

496 5347 1018 5425 ξρσσεισμόζ.
1052 5347 1389 5425 “Legendum
1437 5363 1576 5425 esse
1608 5348 2010 5425 adaaqpov,_ut

424 5418 479 5472 lu
515 5417 726 5481 Bibliis,
761 5416 945 5473 mouet
972 5416 1317 5488 Sylbur'gius,
1353 5427 1517 5488 atque
1564 5419 1706 5473 hanc
1731 5416 1897 5475 etiam
1930 5419 2009 5475 le-

425 5488 662 5541 ctionem
698 5488 983 5556 proposuit
1018 5487 1086 5542 ad
1119 5488 1324 5541 calcem
1363 5487 1437 5557 ll.
1465 5487 1797 5557 Stephanus.

607 5557 985 5640 ’éfa6alrwx.
1025 5559 1185 5640 Deest
1218 5558 1359 5626 apud
1392 5556 1559 5640 ίλΧξ.

498 5627 576 5696 (t)
615 5626 878 5695 Πλήρης.
916 5627 1008 5681 Sic
1042 5638 1270 5696 uterque
1303 5628 1473 5682 codex
1505 5628 1638 5699 Reg.
1672 5636 1728 5681 et
1761 5626 1998 5683 Clarom.

427 5692 520 5749 Sic
556 5695 722 5750 etiam
750 5697 917 5751 Biblia
955 5697 1197 5751 Romana
1223 5706 1278 5750 et
1306 5698 1429 5752 cod.
1461 5698 1618 5752 Alex.
1645 5698 1835 5752 Maluit
1868 5700 2003 5752 scri-

426 5766 556 5824 bere
602 5765 841 5838 πλήρους
890 5766 951 5825 [ι.
998 5768 1329 5838 Stephanus.
1389 5740 1515 5825 lianc
1561 5780 1739 5825 autem
1796 5768 1998 5837 verba,

2115 5350 2329 5423 πλήρης
2362 5346 2898 5423 καταπεπα-τημένης
2919 5355 3074 5423 ⁸ειιιιι
3129 5345 3479 5423 Septuaginta
3513 5342 3682 5423 inter-

2114 5414 2772 5489 pre't'umtsequentibiis
2807 5414 3043 5489 verbis,
3091 5431 3212 5489 qua:
3263 5430 3368 5470 non
3412 5414 3681 5489 _leguutur

2112 5484 2250 5559 apud
2286 5488 2465 5543 LXX:
2494 5484 2681 5561 ληνὸν
2716 5488 2976 5561 ἐπάτησα
3003 5484 3342 5561 μονώτατος,
3377 5484 3480 5561 alia
3517 5484 3683 5561 inter—

2111 5551 2347 5626 pretatio
2381 5551 2714 5621 continetur,
2743 5551 3105 5627 quae'quidem
3144 5558 3361 5627 videtur
3396 5551 3673 5627 tribuenda

2108 5621 2353 5694 Iustino;
2391 5629 2542 5697 prior
2575 5621 3046 5694 antem'lihrariis,
3082 5636 3140 5681 ut
3172 5626 3403 5696 vulgatae
3428 5621 3561 5684 LXX
3589 5622 3675 5676 ine

2112 5700 2488 5771 terpretationi
2521 5713 2785 5759 consona.
