3770 6492
376 346 485 402 555

1265 340 1323 395 S.
1358 340 1626 396 JUSTlNl
1660 338 2070 396 PHILOSOPHI
2103 338 2192 397 ΕΤ
2227 334 2583 395 MARTYRIS

3548 325 3648 383 536

374 459 495 516 haec
525 458 744 531 Trypho
770 476 785 514 :
821 457 940 514 Jam
968 472 1053 514 ex.
1069 466 1121 511 te
1155 454 1485 518 audivimus,
1510 454 1720 509 cum.id
1750 469 1949 524 propo—

2128 450 2208 503 Ξτο
2250 447 2676 520 προϐάλλοντος,
2724 444 2819 497 καὶ
2865 443 3277 514 ἐπεστήσαμεν·
3319 438 3481 507 ἀξιον
3524 440 3649 510 γὲρ,

376 566 564 613 neres.
591 560 647 605 et
672 550 911 604 animum
951 549 1316 615 advertimus;
1353 549 1512 618 digna
1544 547 1689 601 enim
1726 561 1813 600 res
1846 555 1949 612 est,

377 653 438 697 ut
480 658 609 696 vere
636 642 836 707 dicam,
878 641 1375 697 animadversione.
1408 638 1594 711 Neque
1623 638 1764 692 idem
1796 638 1950 701 mihi,

373 737 520 805 quod
551 734 762 799 multis,
788 733 1074 789 dicendum
1104 733 1345 798 videtur,
1375 732 1447 785 ita
1480 730 1555 784 illi
1590 731 1767 783 visum
1793 743 1948 793 esse;

372 826 478 882 hoc
512 827 655 883 enim
692 841 909 896 semper
940 824 1196 895 eﬁ'ugium
1229 833 1317 878 est
1350 823 1442 889 iis,
1470 824 1562 893 qui
1600 823 1677 878 rei
1710 822 1953 893 quaesita:

376 920 708 988 respondere
742 934 847 972 non
887 925 1135 988 possunt.

448 1010 546 1065 ilic
571 1025 670 1080 ego
694 1024 709 1064 :
740 1009 1188 1078 Quandoquidem
1214 1023 1281 1062 ex
1317 1007 1615 1077 Scripturis
1638 1016 1693 1061 et
1715 1022 1783 1062 ex
1818 1007 1953 1078 ipsis

372 1104 541 1158 rebus
561 1103 972 1157 demonstrandi
1000 1111 1053 1156 et
1088 1102 1393 1157 disserendi
1426 1101 1689 1157 rationem
1717 1101 1948 1167 deduco,

372 1196 615 1260 aiebam,
652 1210 723 1248 ne
764 1192 1053 1260 diﬁ‘eratis,
1086 1208 1226 1248 neve
1260 1194 1523 1248 dubitetis
1554 1192 1712 1256 mihi,
1740 1193 1948 1248 homini

374 1285 783 1349 incircumciso,
833 1285 1085 1341 credere.
1134 1285 1305 1339 Breve
1343 1286 1486 1339 enim
1523 1286 1626 1339 hoc
1658 1286 1811 1339 vobis
1856 1300 1948 1339 re-

371 1376 635 1446 linquitur
674 1377 742 1431 ad
796 1392 896 1431 nos
967 1376 1261 1431 accedendi
1308 1387 1538 1446 tempus.
1586 1375 1642 1431 Si
1696 1376 1947 1432 Christus

369 1474 559 1526 venire
594 1470 969 1539 occupaverit,
1019 1468 1224 1523 frustra
1266 1484 1364 1523 vos
1396 1469 1711 1539 pmnitebit,
1743 1468 1946 1524 frustra

367 1562 689 1634 plorabitis;
720 1577 895 1629 neque
919 1562 1065 1615 enim
1092 1575 1188 1615 vos
1210 1562 1483 1615 exaudiet.
1514 1579 1533 1613 ι
1558 1560 1764 1616 Novate
1794 1562 1949 1616 vobis

369 1654 856 1720 novalia,'clamat
901 1654 1100 1723 populo
1131 1651 1421 1718 leremias,
1454 1665 1510 1708 et
1545 1654 1711 1709 nolite
1762 1669 1946 1709 serere

368 1761 535 1815 super
569 1748 773 1815 spinas.
816 1745 1279 1801 Circumcidimini
1325 1745 1573 1810 Domino,
1614 1754 1669 1799 et
1703 1746 1941 1799 circum-

367 1839 533 1893 cidite
582 1839 844 1907 prmputia
879 1838 1061 1893 cordis
1103 1837 1269 1891 vestri
1288 1836 1355 1889 ”.
1382 1854 1401 1889 ι
1451 1834 1528 1889 Ne
1575 1851 1706 1904 ergo
1742 1834 1941 1890 seratis
1976 1807 2019 1867 Β

368 1944 534 1999 super
567 1932 753 1999 spinas
800 1938 857 1983 et
907 1940 1109 1983 terram
1152 1941 1260 1981 non
1313 1937 1521 1981 aratam
1568 1941 1636 1983 ex
1667 1942 1775 2001 qua
1828 1926 1943 1981 fru-

369 2031 491 2075 ctus
527 2021 681 2076 vobis
724 2036 829 2075 non
866 2030 973 2077 est.
1003 2019 1330 2091 Cognoscite
1370 2020 1648 2075 Christum
1682 2037 1699 2075 :
1732 2029 1787 2074 et
1818 2035 1946 2075 ecce

369 2114 563 2169 novale
595 2113 902 2183 pulchrum,
938 2112 1220 2183 pulchrum
1260 2123 1315 2167 et
1357 2113 1549 2183 pingue
1601 2113 1654 2167 in
1688 2112 1947 2168 cordibus

366 2205 585 2259 vestris.
622 2221 641 2255 ι
672 2205 811 2259 Ecce
842 2204 985 2258 enim
1020 2205 1136 2259 dies
1158 2205 1403 2271 veniunt,
1430 2205 1564 2259 dicit
1585 2205 1862 2269 Dominus,
1890 2214 1945 2259 et

367 2298 599 2353 visitabo
634 2313 798 2368 super
830 2314 1047 2363 omnes,
1070 2297 1163 2367 qui
1200 2298 1508 2353 circumcisi
1533 2305 1660 2354 sunt
1684 2298 1944 2368 praaputia

367 2404 496 2453 sua;
551 2403 715 2458 super
746 2387 1042 2459 Egyptum
1094 2398 1148 2443 et
1201 2404 1365 2458 super
1410 2386 1642 2454 ludam,
1687 2398 1741 2443 et
1779 2404 1945 2458 super

365 2478 573 2545 Edam,
618 2489 673 2534 et
710 2494 875 2548 super
911 2478 1055 2534 ﬁlios
1100 2478 1280 2534 Moab.
1325 2477 1459 2543 Quia
1507 2493 1699 2533 omnes
1752 2488 1945 2548 gentes

369 2572 787 2638 incircumcism,
826 2581 880 2625 et
912 2571 1090 2627 omnis
1123 2572 1316 2626 domus
1349 2569 1513 2624 Israel
1558 2570 1943 2626 incircumcisa

366 2664 627 2718 cordibus
650 2664 842 2719 suis".
869 2683 887 2716 ι
921 2662 1128 2719 Videtis
1158 2674 1215 2716 ut
1249 2664 1389 2717 Deus
1418 2663 1557 2716 hanc
1579 2664 1946 2718 circumcisio-

368 2770 489 2810 nem
514 2757 567 2809 in
590 2757 801 2827 signum
821 2758 998 2811 datam
1022 2755 1280 2826 respuat?
1302 2753 1486 2824 Neque
1511 2754 1655 2810 enim
1672 2753 1944 2827 Egyptiis

367 2850 610 2917 prodest,
644 2864 746 2903 nec
778 2848 906 2903 ﬁliis
932 2847 1108 2913 Moab,
1132 2861 1231 2902 nec
1259 2847 1384 2903 ﬁliis
1416 2847 1608 2902 Edom.
1636 2849 1701 2903 At
1727 2849 1941 2904 etiamsi

368 2941 492 3010 quis
525 2939 725 3012 Scytha
760 2941 832 2995 sit
859 2948 951 2995 aut
984 2938 1174 3003 Persa,
1211 2940 1371 2993 modo
1396 2940 1593 2994 habeat
1627 2939 1719 2995 Dei
1752 2941 1945 3010 cogni—

373 3035 573 3089 tionem
617 3043 674 3087 et
701 3032 900 3089 Christi
935 3031 1081 3101 ejus,
1123 3047 1187 3087 ac
1220 3040 1427 3086 aeterna
1472 3030 1598 3101 jura
1634 3033 1941 3097 custodiat,

369 3126 726 3183 circumcisus
755 3125 1020 3195 praeclara
1042 3134 1097 3179 et
1129 3125 1245 3178 utili
1272 3125 1709 3189 circumcisione,
1735 3142 1798 3181 ac
1830 3126 1941 3182 Deo
1967 3160 2009 3218 C

368 3217 581 3272 amicus
618 3222 735 3280 est,
780 3213 1007 3283 ejusque
1056 3213 1199 3267 dona
1244 3222 1298 3267 et
1340 3228 1565 3269 munera
1608 3214 1718 3267 Deo
1784 3226 1939 3285 grata

368 3319 517 3365 sunt.
543 3308 817 3364 Proferam
840 3306 1011 3370 vobis,
1033 3305 1215 3370 amici,
1242 3306 1412 3374 ipsius
1437 3306 1601 3359 etiam
1628 3307 1723 3363 Dei
1751 3309 1939 3374 verba,

370 3416 493 3457 cum
529 3400 782 3471 populum
817 3414 912 3469 per
950 3397 1305 3463 Malacliiam,
1352 3414 1515 3451 unum
1557 3414 1625 3454 ex
1659 3400 1942 3455 duodecim

368 3493 689 3564 praphetis,
738 3492 1011 3547 allocutus
1071 3501 1178 3547 est.
1228 3490 1320 3545 Sic
1368 3500 1547 3545 autem
1586 3505 1647 3545 se
1691 3489 1941 3551 habent:

374 3605 394 3639 ι
423 3585 537 3640 Νοιι
567 3594 652 3640 est
684 3587 936 3640 voluntas
976 3598 1094 3640 mea
1135 3585 1186 3637 in
1218 3583 1395 3647 vobis,
1421 3584 1553 3638 dicit
1580 3584 1859 3648 Dominus,
1892 3595 1945 3639 et

370 3680 641 3736 sacriﬁcia
686 3689 868 3734 vestra
902 3694 1010 3734 non
1047 3676 1287 3745 suscipio
1316 3676 1383 3731 de
1421 3676 1669 3731 manibus
1703 3678 1938 3731 vestris:

370 3782 659 3839 propterea
702 3772 843 3841 quod
884 3771 951 3827 ab
992 3778 1114 3823 ortu
1162 3767 1291 3822 solis
1341 3783 1513 3837 usque
1557 3767 1624 3821 ad
1685 3783 1940 3823 occasum

371 3880 566 3918 nomen
617 3878 796 3917 meum
848 3862 1209 3934 gloriﬁcatum
1253 3870 1339 3916 est
1384 3862 1754 3931 ingentibus,
1789 3870 1843 3913 et
1888 3861 1941 3913 in

371 3956 521 4009 onmi
554 3955 674 4009 loco
703 3955 1031 4011 sacriﬁcium
1059 3953 1285 4013 oﬁcrtur
1312 3954 1518 4008 nomini
1546 3968 1667 4008 meo
1691 3962 1746 4007 et
1773 3953 1947 4008 sacri-

368 4047 554 4101 ficium
598 4062 831 4116 purum;
876 4048 1000 4117 quia
1052 4049 1351 4102 honoratur
1404 4060 1601 4099 nomen
1660 4060 1840 4099 meum
1891 4045 1944 4098 in

371 4137 644 4205 gentibus,
688 4136 821 4191 dicit
853 4136 1138 4203 Dominus,
1173 4152 1270 4191 vos
1303 4144 1485 4190 autem
1521 4134 1649 4191 illud
1689 4135 1946 4204 profana-

372 4228 441 4283 tis
462 4228 530 4283 “.
556 4247 574 4281 ι
613 4228 681 4283 Et
713 4243 810 4298 per
849 4229 1109 4283 Davidem
1141 4228 1257 4282 ait:
1297 4246 1318 4281 ι
1347 4226 1583 4295 Populus
1626 4242 1789 4298 quem
1841 4243 1945 4281 nnn

443 4385 489 4416 ⁹²
526 4384 638 4441 Jer.
668 4400 745 4450 tv,
779 4384 835 4439 5.

446 4539 560 4611 (10)
580 4541 689 4595 Καὶ
724 4540 757 4611 δ
782 4559 884 4611 μοι
918 4540 1041 4606 τοῖς
1074 4539 1341 4611 πολλοῖς.
1381 4537 1568 4611 Nullus
1599 4537 1786 4611 dubito
1819 4538 1949 4611 quin
1987 4538 2029 4593 D

372 4608 657 4680 legendum
689 4608 868 4682 clipei
889 4613 1047 4680 όμοῖα
1075 4611 1153 4663 vel
1189 4608 1248 4682 οὗ
1288 4627 1378 4682 μοι
1400 4609 1429 4661 ὃ
1454 4611 1563 4682 τοῖς
1599 4608 1831 4682 πολλοῖς-.
1853 4608 1953 4662 Fa-

378 4678 520 4733 teiur
555 4682 697 4735 enim
730 4678 950 4752 Trypho
984 4696 1100 4752 eos,
1143 4681 1236 4749 qni
1277 4678 1468 4752 dicunt
1497 4680 1569 4731 ita
1616 4678 1724 4731 Deo
1773 4679 1946 4752 visum

378 4767 538 4817 esse,
589 4752 657 4805 ad
708 4748 858 4805 hanc
890 4748 1291 4806 cavillationem
1339 4749 1663 4817 confugere,
1706 4748 1833 4815 quia
1870 4749 1947 4803 rei

378 4767 538 4817 esse,
589 4764 657 4805 au
708 4764 846 4805 hanc
890 4764 1291 4806 cavutattonem
1339 4764 1498 4803 contu
1541 4764 1663 4811 ere,
1706 4764 1833 4815 quia
1870 4764 1947 4803 τοι

377 4823 618 4888 quzesitaa
666 4821 994 4890 respondere
1044 4837 1151 4875 non
1204 4829 1451 4888 possunt.
1493 4764 1772 4890 διιοιιιοιιο
1818 4833 1949 4890 ergo

378 4886 523 4946 hanc
554 4886 958 4959 responsionem
990 4891 1105 4958 ipse
1133 4886 1414 4956 amplexus
1438 4887 1617 4947 esset?
1651 4886 1766 4942 Non
1800 4888 1948 4942 solus

379 4961 600 5032 Trypho
636 4964 707 5014 ita
744 4961 984 5032 locutus:
1023 4962 1137 5032 sed
1160 4960 1321 5013 etiam
1350 4960 1490 5015 alius
1529 4972 1597 5032 ex
1640 4962 1756 5024 ejus
1784 4962 1953 5032 conii-

380 5028 528 5086 tib'u's
558 5047 711 5091 num.
737 5031 826 5089 94.
860 5030 1089 5099 ingenue
1118 5030 1318 5084 fatetur
1353 5028 1629 5099 consultos
1664 5030 1954 5099 magistros

377 5103 479 5155 sihi
523 5117 627 5155 non
674 5096 1024 5155 satisfecisse.
1066 5100 1345 5169 Thirlbius
1378 5100 1507 5169 legit
1540 5098 1636 5153 καὶ
1669 5096 1729 5152 οὔ
1760 5096 1891 5168 μοι,
1926 5099 1955 5150 ὃ

377 5174 489 5237 τοῖς
526 5171 759 5237 πολλοῖς,
795 5172 942 5229 δοκεί
973 5170 1173 5238 λέγειν.
1215 5167 1553 5242 Sylburgius,
1585 5167 1797 5222 duabus
1828 5185 1955 5238 pro-

379 5244 573 5309 pasitis
598 5243 951 5309 conjectnris,
974 5242 1193 5294 tandem
1227 5241 1515 5309 negatione
1538 5254 1686 5309 ropus
1713 5255 1834 5293 esse
1880 5242 1955 5290 in-

381 5308 610 5379 tellexit,
651 5308 714 5367 ac
746 5313 1027 5382 legendum
1060 5308 1331 5381 proponit,
1359 5309 1454 5364 καὶ
1489 5308 1585 5381 μὴ,
1622 5308 1650 5362 δ
1683 5313 1793 5376 τοῖς
1829 5310 1955 5364 πολ-

376 5382 487 5448 λοῖς
504 5425 518 5448 ,
554 5384 701 5437 δοκεῖ
730 5382 932 5452 λέγειν.

447 5455 562 5526 (11)
606 5454 861 5523 Βραχύς,
898 5471 951 5509 κ.
976 5471 1029 5509 τ.
1054 5451 1105 5509 λ.
1138 5451 1421 5526 Pritnitiva
1460 5451 1702 5526 Ecclesia
1753 5466 1950 5526 secun-

375 5522 501 5580 ιὶιιξιι
541 5522 761 5579 ⁷(ΖΙιιῖίειῖ
811 5528 1102 5579 adventum
1173 5525 1421 5591 proxime
1474 5524 1666 5576 adesse
1705 5522 1949 5587 putabat.

377 5592 749 5651 Tertullianus
774 5593 850 5649 De
880 5594 1025 5651 cultu
1055 5594 1265 5663 (amita,
1292 5610 1353 5655 ιι,
1387 5594 1456 5649 9:
1490 5613 1507 5645 ι
1540 5593 1649 5645 Nos
1683 5606 1870 5644 sumus
1899 5593 1951 5644 in

376 5679 513 5730 quos
538 5666 894 5720 decurrerunt
937 5667 1070 5719 fines
1101 5664 1440 5719 sazculorum.
1469 5684 1487 5715 ι
1526 5663 1703 5718 Οττο.

423 5735 916 5804 (1Ξ)Περιτέμνετε
928 5735 1219 5805 τῷΚυρίῳ.
1239 5733 1545 5803 Legendutn
1565 5751 1630 5786 πε
1640 5730 1753 5805 ριτέ
1762 5730 1954 5805 μνεσθε

376 5807 456 5863 ιιι
496 5802 882 5883 περιτμήθητε.
922 5806 1060 5861 LXX
1084 5802 1105 5861 ξ
1130 5802 1505 5879 περιτμήθητε
1544 5804 1619 5877 τῷ
1641 5802 1951 5874 Θεῴὐμῶν.

2055 542 2129 606 ὼς
2166 540 2381 613 ἀληθῶς
2422 542 2617 602 εἰπεῖν,
2656 537 2992 599 ἐπιστάσεως
3012 575 3026 599 ,
3059 535 3154 588 καὶ
3182 535 3212 587 ὅ
3247 551 3341 605 μοι
3370 534 3498 596 τοῖς
3530 534 3649 585 πολ-

2054 636 2167 700 λοῖς
2200 634 2311 707 (10)
2345 634 2493 687 δοκεί
2527 634 2729 701 λέγειν,
2770 634 2851 687 ὅτι
2885 631 3064 697 ἔδοξεν
3107 628 3276 700 αὐτῷ.
3321 627 3505 682 Τοῦτο
3548 629 3648 699 γάρ

2057 730 2175 781 ἐστι
2206 728 2479 799 πρόφασις
2514 727 2603 780 ἀεὶ
2641 727 2751 788 τοῖς
2788 724 2863 796 μὴ
2894 723 3211 795 δυναμένοις
3243 721 3646 793 ἀποκρίνασθαι

2056 820 2194 893 πρὸς
2218 820 2276 873 τὸ
2309 818 2470 891 ζητού
2479 835 2657 889 μενον.

2156 928 2175 955 οι

2128 1016 2325 1085 Κάγώ⁶
2355 1012 2579 1085 Ἐπειδὴ
2602 1015 2709 1067 ἀπό
2737 1031 2796 1067 τε
2824 1013 2930 1067 τῶν
2945 1012 3175 1083 Γραφῶν
3211 1013 3307 1066 κατι⁵
3341 1011 3456 1065 τῶν
3504 1027 3641 1081 πρα-

2052 1112 2297 1182 γμάτων,
2341 1108 2439 1171 τάς
2485 1124 2542 1160 τε
2588 1106 2890 1172 ἀποδείξεις
2926 1105 3021 1159 καὶ
3060 1107 3157 1170 τὰς
3192 1105 3413 1177 ὁμιλίας
3461 1105 3643 1158 ποιοῦ-

2056 1219 2175 1273 μαι,
2221 1201 2440 1270 ἔλεγον,
2489 1200 2562 1271 μὴ
2602 1196 2994 1270 ὑπερτίθεσθε,
3041 1197 3174 1269 μηδὲ
3223 1194 3509 1259 διστάζετε
3550 1211 3639 1246 πι-

2053 1292 2278 1346 στεῦσαι
2324 1290 2400 1362 τῷ
2438 1290 2797 1362 ἀπεριτμήτῳ
2842 1290 2987 1361 ὲμοί.
3033 1289 3249 1361 Βραχὺς
3295 1283 3454 1351 οὗτος
3512 1287 3640 1357 ὑμῖν

2051 1384 2426 1456 περιλείπεται
2464 1381 2848 1454 προσηλύσεως
2888 1380 3079 1453 χρόνος
3107 1380 3240 1451 (11).
3284 1379 3416 1433 Ἐάν
3459 1377 3633 1447 φθάσῃ

2049 1478 2077 1531 ό
2106 1475 2338 1547 Χριστδς
2378 1474 2572 1539 ὲλθεῑν,
2607 1474 2783 1546 μάτην
2828 1474 3212 1544 μετανοήσετε,
3248 1471 3429 1542 μάτην
3472 1469 3636 1521 κλαῦ-

2049 1586 2203 1623 σετεο
2234 1570 2294 1622 οὐ
2328 1567 2437 1639 γάρ
2475 1566 2849 1621 είσακούσεται
2881 1564 3054 1636 ὑμῶν.
3088 1584 3108 1615 ι
3131 1563 3387 1617 Νεώσατε
3426 1563 3637 1623 Eua-mi;

2046 1661 2324 1733 νεώματα,
2363 1659 2632 1732 Ἱερεμίας
2667 1657 2743 1730 τῷ
2774 1656 2889 1729 λαῷ
2921 1657 3192 1728 κέκραγε·
3235 1656 3331 1708 καὶ
3364 1654 3442 1725 μὴ
3488 1653 3638 1705 σπεί-

2050 1771 2171 1825 ρετε
2206 1752 2291 1806 ἐπ’
2322 1751 2582 1815 ἀκάνθας.
2628 1749 2993 1822 Περιτὲμνετε
3024 1748 3101 1818 τῷ
3133 1746 3325 1819 Κυρίῳ
3361 1747 3501 1817 (12),
3543 1746 3635 1798 καὶ

2047 1844 2435 1917 περιτέμνεσθε
2467 1844 2564 1916 τὴν
2602 1842 2969 1915 ἀκροὸυστίαν
3011 1842 3108 1913 τῆς
3145 1840 3373 1911 καρδίας
3410 1838 3588 1909 ὑμῶν.
3614 1857 3631 1888 ι

2046 1937 2139 2011 Μὴ
2171 1933 2264 1990 οὖν
2309 1938 2391 2000 είς
2429 1934 2669 1997 ἀκάνθας
2699 1933 2954 2004 σπείρετε
2995 1931 3089 1984 καὶ
3124 1932 3385 2001 ἀνήροτον
3415 1929 3636 2000 χωρίον,

2047 2029 2172 2083 ὅθεν
2238 2030 2368 2099 ὑμῖν
2426 2024 2639 2098 καρπὸς
2692 2025 2793 2078 οὐκ
2849 2024 2984 2078 ἔστι.
3036 2022 3213 2076 Γνῶτε
3250 2022 3342 2075 τὸν
3379 2020 3635 2092 Χριστὸν,

2046 2120 2274 2187 καιίδοὺ
2302 2118 2442 2182 νειὸς
2468 2118 2629 2189 καλὴ,
2656 2116 2797 2187 καλὴ
2829 2114 2938 2188 (15)
2971 2115 3066 2169 καὶ
3097 2116 3235 2167 πίων
3265 2116 3324 2167 ἐν
3353 2116 3475 2177 ταῖς
3505 2130 3639 2184 καρ-

2045 2214 2185 2278 δίαις
2216 2212 2389 2285 ὑμῶν.
2430 2231 2449 2263 ι
2486 2211 2615 2264 Ἰδοὺ
2644 2210 2753 2282 γάρ
2786 2208 2992 2281 ἡμέραι
3023 2208 3292 2279 ἔρχονται,
3335 2206 3489 2275 λέγει
3527 2205 3641 2259 Κύ-

2050 2323 2193 2379 ριος·
2224 2306 2318 2360 καὶ
2350 2303 2720 2373 ἐπισκέψομαι
2755 2301 2849 2354 ἐπὶ
2890 2300 3099 2364 πάντας
3131 2298 3641 2373 περιτετμημένους

2047 2395 2413 2468 ἀκροϐυστίας
2460 2394 2670 2448 αὐτῶν·
2721 2394 2806 2446 ἐπ’
2861 2392 3135 2461 Αἴγυπτον
3198 2391 3293 2445 καὶ
3354 2391 3452 2445 ἐπὶ
3505 2390 3640 2445 Ἰού-

2044 2486 2140 2540 δαν
2175 2486 2309 2557 (14),
2348 2485 2444 2539 καὶ
2472 2485 2565 2538 ἐπὶ
2600 2483 2811 2555 Ἐδὼμ,
2846 2484 2940 2537 καὶ
2972 2483 3065 2535 ἐπὶ
3096 2482 3247 2545 υἱοὺς
3286 2481 3487 2536 Μωὰὃ.
3519 2482 3639 2534 Ὅτι

2046 2581 2224 2635 πάντα
2254 2580 2321 2633 τὰ
2364 2578 2488 2651 ἔθνη
2537 2578 2886 2652 ἀπερίτμητα
2907 2619 2920 2643 ,
2951 2579 3048 2632 καὶ
3090 2579 3199 2640 πᾶς
3232 2573 3379 2640 οἶκος
3420 2576 3639 2648 Ἰσραὴλ

2046 2674 2417 2745 ἀπερίτμητος
2446 2670 2671 2743 καρδίας
2706 2669 2904 2724 αὐτῶν.
2934 2690 2951 2721 ι
2998 2670 3192 2741 Ὁρᾶτε
3227 2669 3302 2733 ὡς
3331 2670 3391 2721 οὐ
3432 2670 3640 2741 ταύτην

2044 2764 2142 2836 τὴν
2168 2762 2466 2834 περιτομὴν
2498 2761 2597 2833 τὴν
2619 2763 2699 2825 είς
2725 2764 2948 2831 σημεῖον
2980 2761 3226 2814 δοθεῖσαν
3247 2764 3275 2815 ό
3298 2761 3432 2825 Θεὸς
3461 2760 3635 2826 θέλεις

2059 2856 2193 2909 Οὐδὲ
2234 2856 2343 2927 γὰρ
2364 2854 2683 2923 Αἰγυπτίοις
2724 2853 2836 2924 (15)
2870 2855 3159 2925 χρήσιμος,
3193 2854 3314 2907 οὐδὲ
3350 2857 3466 2917 τοῖς
3500 2857 3640 2917 uio't;

2045 2946 2241 3009 Μωάϐ,
2273 2947 2393 3000 οὐδὲ
2428 2950 2541 3010 τοῖς
2576 2948 2709 3010 υἱοῖς
2756 2944 2952 3016 Ἐδὼμ.
3002 2945 3161 3007 Ἀλλά
3199 2945 3303 2999 κᾶν
3348 2944 3565 3015 Σκύθης

2044 3057 2158 3103 τις,
2194 3040 2226 3110 ἢ
2272 3040 2523 3111 Πέρσης,
2567 3039 2679 3110 ἔχει
2724 3039 2781 3092 δὲ
2818 3039 2917 3110 τὴν
2961 3038 3055 3091 τοῦ
3105 3037 3240 3091 Θεοῦ
3288 3037 3491 3106 γνῶσιν
3543 3040 3642 3091 καὶ

2046 3129 2138 3183 τοῦ
2168 3130 2402 3201 Χριστοῦ
2438 3130 2624 3193 αὑτοῦ,
2660 3131 2755 3183 καὶ
2796 3130 3059 3199 φυλάσσει
3091 3130 3161 3185 τά
3201 3129 3394 3184 αἰώνια
3433 3130 3637 3194 δίκαια,

2045 3222 2437 3293 περιτέτμηται
2484 3222 2584 3293 τὴν
2626 3222 2795 3295 καλὴν
2848 3222 2942 3275 καὶ
2992 3221 3266 3292 ὠφέλιμον
3307 3222 3637 3294 περιτομὴν,

2046 3314 2141 3367 καὶ
2185 3313 2337 3382 φίλος
2384 3314 2502 3367 ἐστὶ
2536 3312 2613 3384 τῷ
2657 3313 2795 3384 Θεῷ,
2836 3314 2931 3367 καὶ
2964 3314 3055 3367 ἐπὶ
3107 3316 3217 3376 τοῖς
3241 3312 3434 3385 δώροις
3471 3312 3641 3366 αὐτοῦ

2047 3405 2142 3458 καὶ
2169 3408 2286 3468 ταῖς
2323 3406 2657 3476 προσφοραῖς
2684 3403 2885 3474 χαίρει.
2912 3404 3141 3474 Παρέξω
3172 3403 3227 3456 δὲ
3261 3405 3411 3473 ὑμῖν,
3442 3403 3641 3474 ἄνδρες

2048 3494 2211 3563 φίλοι,
2247 3496 2342 3548 καὶ
2386 3478 2811 3567 αὐτουργήματα
2848 3493 2941 3547 τοῦ
2974 3493 3109 3546 Θεοῦ
3140 3493 3272 3564 (16),
3301 3493 3464 3546 ὁπότε
3502 3494 3640 3564 πρὸς

2047 3586 2138 3640 τὸν
2182 3586 2310 3640 λαὸν
2347 3582 2468 3640 εἷπε
2512 3586 2599 3649 διὰ
2640 3572 2942 3661 Μαλαχίου,
2985 3585 3100 3648 ἑνὸς
3133 3583 3238 3637 τῶν
3266 3582 3479 3637 δώδεκα
3508 3601 3641 3654 προ-

2048 3677 2249 3747 φητῶν.
2282 3677 2437 3729 Ἔστι
2469 3676 2525 3729 δὲ
2559 3676 2763 3730 ταῦτα’
2805 3695 2823 3729 ι
2856 3676 2970 3727 Οὐκ
3017 3674 3134 3733 ἔστι
3171 3673 3384 3744 θέλημά
3433 3692 3539 3744 μου
3579 3677 3639 3727 ὲν

2048 3767 2197 3837 ὑμῖν,
2229 3767 2375 3836 λέγει
2398 3768 2623 3839 Κύριος·
2651 3767 2745 3821 καὶ
2788 3767 2886 3829 τὰς
2923 3766 3114 3828 ουσίας
3138 3766 3289 3837 ὑμῶν
3320 3766 3381 3817 οὐ
3418 3768 3642 3837 προσδέ-

2048 3876 2213 3929 χομαι
2239 3858 2348 3929 (17)
2377 3862 2439 3911 ὲκ
2474 3857 2579 3911 τῶν
2614 3858 2813 3929 χειρῶν
2849 3855 3001 3927 ὑμῶν
3021 3872 3034 3885 ·
3064 3856 3197 3908 διότι
3232 3857 3340 3908 ἀπὸ
3370 3858 3639 3928 ἀνατολῆς

2049 3951 2199 4021 ἡλίου
2231 3951 2335 4015 ἕως
2371 3950 2588 4021 δυσμῶν
2618 3950 2678 4004 τὸ
2710 3950 2879 4020 δνομά
2926 3965 3027 4021 μου
3073 3946 3380 4012 δεδόξασται
3420 3952 3479 4002 ὲν
3524 3954 3638 4013 τοῖς

2052 4044 2251 4107 ἔθνεσι,
2297 4044 2391 4096 καὶ
2428 4046 2485 4096 ἐν
2518 4043 2679 4097 παντὶ
2718 4041 2867 4113 τόπῳ
2914 4043 3073 4097 θυσία
3105 4043 3473 4116 προσερὲρεται
3523 4040 3637 4113 (18)

2052 4134 2128 4205 τῷ
2170 4134 2390 4206 ὀνόματί
2444 4152 2579 4206 μου,
2628 4134 2721 4187 καὶ
2767 4134 2925 4195 θυσία
2984 4134 3230 4205 καθαρά·
3280 4136 3362 4187 ὅτι
3408 4136 3637 4204 τιμᾶται

2052 4227 2113 4279 τὸ
2131 4226 2300 4299 ὄνομά
2318 4244 2417 4297 μου
2436 4227 2544 4298 (19)
2562 4228 2619 4285 ὲν
2638 4228 2749 4289 τοῖς
2768 4224 2964 4289 ἔθνεσι,
2980 4225 3127 4293 λέγει
3144 4226 3367 4296 Κύριος⁸
3389 4224 3551 4295 ὑμεῖς
3580 4224 3639 4277 δὲ

912 4384 959 4416 ⁸³
998 4382 1112 4441 Jer.
1140 4400 1219 4449 ix,
1249 4382 1340 4448 25,
1375 4381 1465 4438 26.
1536 4383 1583 4414 ⁸⁵⁵
1615 4381 1848 4441 Malach.
1882 4398 1920 4448 ι,
1954 4382 2043 4448 10,
2072 4384 2161 4437 11.
2200 4416 2207 4426 ι

2128 4536 2239 4605 (l3)
2279 4536 2429 4595 Hanc
2475 4552 2686 4599 vocem,
2733 4537 3011 4592 codicibus
3056 4538 3361 4604 probatam,
3424 4537 3638 4593 Maran.

2060 4609 2243 4664 omisit
2278 4624 2467 4661 errore
2497 4609 2683 4677 procul
2722 4609 2907 4660 duhiu.
2944 4608 3119 4666 OTTO.

2129 4679 2265 4746 (14)
2320 4677 2573 4732 Ἰούδαν.
2621 4678 2695 4731 Ita
2731 4679 2896 4732 etiam
2940 4678 3314 4732 'I‘heodorelus
3357 4689 3412 4732 et
3459 4679 3641 4734 Biblia

2056 4749 2461 4815 Cmnplutensia
2506 4758 2560 4801 et
2603 4748 2889 4802 Ilehraica.
2934 4747 3174 4801 lictuana
3214 4757 3267 4801 et
3317 4751 3438 4803 cod.
3473 4753 3636 4805 Alex.

2070 4820 2395 4887 Ἰδουμαίαν.
2434 4817 2745 4872 Τιιιιιιιιιυε.

2128 4886 2241 4959 (15)
2286 4886 2436 4942 Οὐδὲ
2470 4888 2577 4958 γὰρ
2611 4888 2973 4957 Αἰγυπτίοις.
3000 4887 3085 4959 De
3122 4888 3222 4941 hac
3254 4886 3639 4959 Egyptiorum

2057 4958 2393 5015 etlaliaruut
2455 4960 2692 5027 gentium
2746 4958 3167 5012 circumcisione
3220 4958 3636 5012 vide’Barnab.

2056 5030 2215 5099 episv.
2244 5043 2363 5093 Cap.
2390 5029 2445 5093 9,
2472 5040 2525 5083 et
2560 5028 2726 5099 Notas
2748 5028 3025 5099 Cutelerii.

2128 5101 2239 5171 (16)
2279 5098 2747 5171 Αὑτουργήματα
2773 5097 2904 5171 fet")
2940 5098 3322 5171 Θεοῦλίιςςις
3376 5102 3641 5171 emendat

2056 5166 2334 5223 Thirlbius
2362 5166 2611 5238 legendo,
2634 5168 2799 5221 αὐτοῦ
2824 5168 3045 5239 ῥήματα
3063 5167 3155 5221 τοῦ
3190 5166 3347 5221 Θεοῦ.
3382 5170 3641 5236 Sequens

2059 5242 2430 5293 testimonium
2469 5240 2560 5295 Dei
2600 5240 2768 5307 ipsius
2813 5242 2975 5291 verba
3016 5239 3283 5307 appellat,
3323 5240 3450 5304 quia
3489 5239 3637 5293 Deus

2058 5310 2173 5377 ipse
2204 5311 2463 5378 loquitur,
2502 5326 2607 5363 non
2642 5310 2928 5376 propheta.
2955 5309 3099 5363 Idem
3145 5310 3271 5377 legit
3311 5310 3347 5362 ἆ
3372 5324 3504 5361 ποτε
3539 5326 3637 5374 pro

2055 5380 2239 5443 ὁπότε,
2267 5379 2409 5447 quod
2446 5390 2621 5431 tamen
2659 5380 3028 5432 necessarium
3063 5395 3169 5432 non
3205 5380 3444 5433 videtur.

2129 5453 2240 5519 (l7)
2279 5448 2885 5523 Hpco‘déxqut._!t_ift'a
2922 5466 3069 5502 nutu.
3100 5450 3164 5503 41
3213 5460 3267 5503 et
3304 5449 3433 5509 117,
3465 5466 3637 5523 προσ-

2054 5521 2366 5592 δέξομαι.ιεῑ
2394 5526 2460 5592 ita
2489 5524 2624 5584 apud
2654 5519 2814 5592 ωιχ.

2282 5591 2473 5644 Quoia
2504 5589 2920 5659 προσφέρεται.
2955 5590 3217 5662 Θυμίαμα
3238 5631 3253 5655 ,
3295 5608 3350 5644 ιι.
3375 5591 3465 5655 41,
3494 5600 3553 5645 et
3582 5592 3634 5644 in

2103 5680 2115 5715 Ι
2140 5680 2154 5712 1
2182 5679 2267 5715 IIS.

2103 5679 2267 5715 llJlllS.

2128 5732 2239 5801 (19)
2285 5729 2520 5803 Τιμᾶταρ
2552 5730 2618 5783 τό
2650 5729 2851 5803 ὄνομά
2893 5750 3031 5803 μου.
3088 5732 3231 5788 Infra
3267 5748 3319 5789 ιι.
3354 5733 3455 5798 41,
3482 5740 3539 5791 et
3577 5731 3631 5794 iu

2057 5803 2189 5861 Bibl.
2222 5800 2370 5874 μέγα
2406 5800 2464 5853 τὸ
2497 5800 2666 5879 ὄνομά
2701 5819 2825 5877 μου,
