3760 6492
415 354 538 412 ω
1285 352 1348 408 S.
1381 351 1649 408 JUS'I'IN!
1675 349 1900 410 PBL-01

2188 348 2222 402 Τ
2257 346 2620 403 MARTYRIS
3576 335 3673 394 540

427 485 697 529 sternam
729 485 855 527 esse
897 470 1052 526 illam
1083 472 1426 540 prophetiam
1445 513 1462 538 ,
1493 487 1610 542 quae
1646 480 1768 540 post
1800 470 1912 540 Mny

2182 465 2436 520 οελθοῦσα
2469 468 2502 537 ἡ
2537 461 2867 535 προφητείω
2913 457 3021 511 Καὶ
3065 455 3154 509 διὰ
3186 453 3279 509 τοῦ
3313 451 3532 523 ψαλμοῦ
3567 454 3667 523 (εδ)

429 572 661 622 mortem
709 563 933 635 prodiit.
989 569 1166 634 Atque
1221 565 1273 619 id
1311 565 1529 634 quidem
1584 581 1682 633 per
1734 563 1914 632 psalmi

2183 560 2259 611 ἓτο
2291 555 2540 630 εἴρηται,
2575 550 2620 609 ὧ
2652 554 2869 626 ἄνδρες.
2919 551 3028 604 Καὶ
3073 552 3158 604 ὅτι
3199 547 3509 617 γλυκύτερα
3543 547 3668 616 ὑπὲρ

431 661 639 714 dictum
674 659 812 724 fuit,
858 676 891 713 ο
923 658 1051 715 viri.
1083 657 1208 712 Haec
1245 667 1424 710 autem
1463 657 1703 725 (judicia
1743 656 1914 709 Domit

2182 650 2226 702 λι
2261 650 2350 702 καὶ
2398 646 2588 719 κηρίον
2638 643 3003 716 ὁμολογοῦμεν
3054 639 3188 693 αὐτὰ
3237 642 3288 692 οἱ
3333 637 3667 707 σοφισθέντες

430 750 592 804 nobis
620 793 632 815 ,
669 751 866 818 quibus
909 749 1236 818 sapientiam
1297 747 1669 818 praestiterunt
1696 789 1711 812 ,
1759 747 1915 801 dBlClt

2184 742 2198 759 ’
2233 740 2432 806 αὐτῶν,
2469 742 2533 793 ἐκ
2566 737 2658 791 τοῦ
2692 738 2786 790 καὶ
2822 735 2982 806 μέχρι
3017 733 3246 786 θανάτου
3281 729 3668 801 ἀνεξαρνὴτους

432 855 604 908 super
640 841 746 895 mel
773 850 826 895 et
861 839 1041 893 favum
1073 840 1248 892 videri
1284 854 1350 894 ex
1384 853 1449 894 eo
1473 836 1824 908 perspicitur,
1859 851 1917 905 qt

2180 834 2250 896 ἃς
2282 831 2526 902 γίνεσθαι
2558 830 2652 883 τοῦ
2697 830 2956 898 ὀνόματος
2988 826 3152 878 αὑτοῦ
3177 864 3191 888 ,
3246 823 3518 893 φαίνεται.
3557 823 3665 876 ’Ὁτι

430 943 503 982 ne
553 935 730 983 morte
763 929 980 996 quidem
1020 930 1297 997 proposita
1327 928 1686 994 adducamur,
1722 939 1911 981 utnon

2193 925 2284 978 ml.
2317 922 2572 993 αἰτοῦμεν
2607 921 2764 976 αὑτὸν
2797 922 2845 972 οί
2880 916 3221 979 πιστεύοντες
3255 917 3336 979 εἰς
3371 914 3555 978 αὑτὸν,
3588 915 3667 966 ἵνα

432 1019 549 1087 ejus
573 1020 924 1088 ahnegemus.
974 1020 1106 1074 Illud
1149 1021 1314 1074 etiam
1373 1018 1718 1074 manifestum
1750 1018 1917 1072 omni!

2182 1016 2212 1068 ὸ
2245 1014 2351 1069 τῶν
2384 1012 2695 1085 ἀλλοτρίων,
2729 1011 2999 1064 τουτέστιν
3033 1008 3139 1063 ἀπὸ
3171 1007 3277 1060 τῶν
3311 1004 3565 1075 πονηρῶν
3583 1007 3667 1058 καὶ

433 1121 516 1165 est
549 1126 678 1174 nos,
731 1111 827 1182 qui
875 1111 929 1164 in
959 1125 1082 1166 eum
1136 1111 1412 1167 credimus
1433 1152 1448 1173 ,
1481 1112 1548 1164 ab
1592 1125 1657 1164 eo
1688 1120 1905 1180 petere,

2184 1107 2322 1160 άνων
2356 1103 2677 1174 πνευμάτων
2696 1101 3006 1171 συντηρήσῃ
3028 1101 3195 1170 ἡμᾶς,
3221 1096 3347 1169 [ὡς]
3367 1097 3477 1149 ἀπὸ
3511 1113 3669 1167 προσ-

438 1222 458 1254 ι
487 1203 554 1257 ab
583 1203 798 1268 alienis,
827 1221 846 1254 ι
898 1204 950 1258 id
986 1213 1069 1258 est
1097 1219 1127 1258 a
1165 1205 1392 1259 nefariis
1427 1213 1482 1258 et
1515 1204 1800 1257 fallacibus
1836 1205 1916 1272 Spi

2186 1215 2256 1250 του
2309 1195 2426 1259 ἐνὸς
2477 1194 2582 1248 τῶν
2642 1195 2721 1257 εἰς
2766 1192 2927 1245 αὑτὸν
2989 1190 3353 1244 πιστευόντων
3407 1205 3671 1258 σχηματο-

434 1293 580 1347 tibus
637 1309 734 1348 nos
809 1295 1110 1362 custodiat,
1180 1297 1641 1364 quemadmodum
1706 1296 1910 1364 prophe

2182 1290 2339 1359 ιήσας
2371 1290 2399 1340 ό
2433 1287 2588 1355 λόγος
2622 1286 2721 1356 τῆς
2754 1284 3088 1356 προφητείας
3119 1283 3306 1350 λέγει,
3344 1283 3482 1336 πᾶσι
3517 1297 3667 1349 (pave-

433 1399 610 1438 sermo
644 1398 711 1440 ex
744 1399 980 1454 persona
1013 1389 1174 1442 unius
1204 1404 1394 1443 eorum
1421 1429 1437 1456 ,
1490 1388 1581 1458 qui
1612 1388 1664 1440 in
1698 1387 1848 1442 illum
1885 1402 1913 1441 c

2182 1398 2200 1434 ν
2245 1381 2410 1438 ἐστιν.
2461 1379 2591 1432 Ἀπὸ
2623 1379 2733 1450 γὰρ
2764 1379 2869 1432 τῶν
2902 1377 3191 1447 δαιμονίων
3211 1417 3226 1440 ,
3264 1377 3300 1430 ἃ
3333 1377 3486 1431 ἐστιν
3522 1372 3667 1432 ἀλλό-

431 1477 600 1540 dunt,
631 1475 862 1545 ﬁgurate
891 1479 1156 1534 declarat.
1193 1479 1328 1534 Nam
1359 1489 1420 1535 ut
1446 1494 1474 1533 a
1513 1479 1674 1550 128
1723 1479 1916 1534 da:an

2184 1489 2230 1524 ια
2263 1471 2362 1542 τῆς
2395 1470 2702 1533 θεοσεϐείας
2746 1469 2840 1522 τοῦ
2873 1468 3006 1522 Θεοῦ
3031 1509 3046 1533 ,
3079 1466 3160 1532 οἷς
3195 1469 3365 1522 πάλαι
3413 1482 3669 1538 προσεκυ-

433 1584 732 1635 serventur,
789 1587 908 1642 qua:
951 1586 981 1624 a
1033 1572 1128 1626 Dei
1162 1571 1311 1627 cultu
1339 1571 1518 1626 aliena
1566 1580 1725 1635 sunt,
1775 1585 1918 1640 quaet

2183 1563 2334 1633 ἱμεν,
2370 1560 2460 1617 τὸν
2492 1560 2624 1616 Θεὸν
2657 1560 2744 1614 ἀεὶ
2774 1559 2862 1612 διὰ
2909 1558 3082 1629 Ἰησοῦ
3130 1556 3371 1630 Χριστοῦ
3409 1573 3668 1626 συντηρη-

432 1661 564 1716 olim
594 1665 959 1720 adorabamus
985 1705 1001 1730 ,
1048 1665 1217 1720 Deum
1263 1678 1476 1733 semper
1507 1678 1604 1733 per
1627 1663 1810 1719 Jesum
1844 1662 1917 1719 Cll

2184 1671 2263 1712 ναι
2298 1651 2724 1723 παρακαλοῦμεν
2759 1652 2856 1723 (27
2877 1650 2894 1723 )
2918 1692 2931 1714 ,
2968 1653 3053 1704 ἵνα
3091 1650 3226 1721 μετὰ
3260 1649 3319 1702 τὸ
3352 1647 3669 1718 ἐπιστρέψαι

434 1765 577 1809 stum
610 1758 984 1820 obsecramus,
1029 1769 1087 1811 ut
1128 1766 1415 1826 postquam
1445 1771 1542 1822 per
1575 1771 1699 1810 eum
1739 1759 1805 1807 ad
1833 1756 1919 1807 Det

2182 1745 2243 1807 νὸς
2287 1744 2421 1796 Θεὸν
2471 1744 2538 1796 δι’
2585 1743 2748 1797 αὐτοῦ
2815 1743 3032 1814 ἄμωμοι
3080 1744 3246 1826 ὦμεν.
3317 1738 3526 1810 Βοηθὸν
3571 1740 3667 1809 γὰρ

442 1841 694 1900 conversi
748 1846 989 1914 luimus,
1053 1846 1368 1901 intaminati
1429 1846 1621 1900 simus.
1677 1846 1927 1915 Adjutort

2184 1834 2309 1884 εῖνον
2357 1833 2450 1884 καὶ
2495 1831 2770 1903 λυτρωτὴν
2824 1831 3092 1902 καλοῦμεν
3113 1849 3125 1860 ·
3173 1823 3233 1884 οῦ
3288 1830 3385 1883 καὶ
3445 1829 3542 1899 τὴν
3584 1827 3669 1881 τοῦ

433 1938 578 1991 enim
605 1947 660 1993 et
689 1939 1087 2008 redemptorem
1119 1956 1244 1995 eum
1282 1955 1576 2006 vocamus;
1609 1941 1762 2009 cujus
1784 1939 1918 2007 quid

2185 1923 2365 1992 ἱματος
2402 1925 2555 1994 ἰσχὺν
2591 1925 2683 1977 καὶ
2715 1924 2782 1977 τὰ
2811 1923 3062 1994 δαιμόνια
3095 1923 3322 1994 τρέμει,
3379 1922 3476 1978 καὶ
3511 1923 3670 1991 σήμε-

433 2030 520 2084 vel
585 2031 819 2085 nominis
884 2032 1187 2100 potentiam
1272 2032 1536 2090 daemonia
1602 2033 1716 2100 ipsa
1777 2032 1918 2099 pcrln

2184 2034 2197 2066 ι
2233 2016 2621 2088 ἐξορκιζόμενα
2653 2015 2792 2070 κατὰ
2824 2015 2917 2068 τοῦ
2940 2016 3200 2086 ὀνόματος
3240 2013 3419 2084 Ἰησοῦ
3445 2012 3669 2085 Χριστοῦ

434 2130 694 2186 reseunt;
732 2136 797 2175 ac
831 2121 990 2176 hodie
1050 2137 1148 2191 per
1196 2137 1392 2176 nomen
1443 2121 1570 2176 Jcsu
1615 2122 1860 2184 Christi,
1910 2139 1919 2172 ι

2185 2111 2196 2162 5
2233 2109 2636 2181 σταυρωθέντος
2668 2108 2760 2161 ἐπὶ
2795 2108 3018 2166 Ποντίου
3052 2109 3284 2162 Πιλάτου
3312 2147 3329 2168 ,
3383 2105 3483 2160 τοῦ
3529 2123 3670 2175 γενο-

436 2213 536 2267 sub
570 2211 761 2265 Pontio
815 2209 987 2264 Pilato
1033 2211 1230 2266 Iudaeae
1263 2213 1493 2280 preside
1539 2213 1833 2266 cruciﬁxus
1868 2212 1920 2264 fu

2186 2221 2266 2255 μου
2309 2202 2606 2272 ἐπιτρόπου
2655 2201 2752 2272 τῆς
2798 2200 3090 2264 Ἰουδαίας,
3155 2199 3558 2258 ὑποτάσσεταιο
3601 2197 3671 2260 ὡς

432 2286 1099 2374 ιιάῇυτοιοέυὺῇίοἱυιιιυτ.
1139 2302 1216 2357 Ex
1256 2319 1367 2373 quo
1401 2304 1660 2359 omnibus
1689 2313 1840 2374 patet
1884 2314 1917 2356 ιε

2188 2309 2197 2344 ι
2231 2295 2295 2346 ὲκ
2329 2293 2518 2347 τούτου
2553 2296 2688 2348 πᾶσι
2721 2293 2954 2366 φανερὸν
3003 2289 3139 2346 εἶναι
3185 2293 3267 2345 ὅτι
3301 2295 3331 2344 ὁ
3366 2290 3556 2361 Πατὴρ
3583 2291 3673 2342 αὐ-

432 2405 542 2449 tatn
583 2394 634 2448 ei
674 2395 860 2449 datam
886 2409 916 2448 a
947 2393 1104 2448 Patre
1131 2406 1497 2463 potestatem,
1549 2406 1606 2451 ut
1639 2395 1844 2451 nomini
1887 2409 1917 2460 ε

2186 2385 2493 2456 ἱτοσαύτην
2527 2386 2725 2439 ἔδωκεν
2775 2385 2921 2456 αὐτῷ
2967 2386 3226 2455 δύναμιν,
3275 2383 3422 2436 ὥστε
3473 2382 3565 2437 καὶ
3607 2383 3671 2434 τὰ

429 2497 487 2541 et
532 2488 800 2558 passionis
846 2488 1243 2558 dispensationi
1309 2491 1474 2544 etiam
1549 2491 1813 2544 dazmonia
1869 2503 1914 2542 ει

2184 2477 2352 2546 ιμόνια
2378 2475 2798 2532 ’ὑποτάσσεσθαι
2849 2477 2925 2548 τῷ
2977 2478 3201 2547 ὀνόματι
3235 2477 3440 2538 αὑτοῦ,
3492 2475 3580 2528 καὶ
3609 2477 3669 2544 τῇ

426 2578 704 2648 jiciantur.

2103 2566 2195 2621 τοῦ
2229 2567 2521 2638 γενομένου
2557 2568 2760 2632 πάθους
2791 2567 2956 2622 αὐτοῦ
2991 2567 3289 2639 οἰκονομίᾳ.

502 2676 592 2729 5L
635 2676 696 2731 Si
724 2685 875 2732 tanta
903 2691 1044 2730 nunc
1076 2673 1278 2727 Christi
1305 2674 1573 2740 polentia,
1606 2685 1804 2743 quanto
1836 2679 1987 2748 magi:

2186 2694 2263 2746 51.
2296 2695 2356 2746 Ei
2389 2695 2445 2746 δέ
2479 2697 2543 2765 τῇ
2579 2693 2671 2747 τοῦ
2698 2695 2900 2757 πάθους
2933 2694 3093 2747 αὐτοῦ
3127 2695 3416 2766 οἰκονομίᾳ
3450 2693 3671 2761 τοσαύτη

431 2769 490 2822 in
515 2771 742 2823 secundo
772 2772 1097 2826 adventu.—
1121 2769 1276 2834 Quod
1310 2769 1355 2822 si
1387 2770 1717 2837 potentiam,
1743 2787 1864 2838 qua:
1887 2789 1916 2837 ιθ

2191 2804 2328 2858 ιαμις
2359 2787 2627 2840 δείκνυται
2662 2786 3187 2859 παρακολουθήσασα
3219 2786 3315 2840 καὶ
3351 2786 3676 2858 παρακολου-

433 2864 704 2932 passionis
747 2863 1208 2934 dispensationem
1259 2873 1550 2918 consecuta
1593 2873 1678 2917 est
1721 2873 1776 2918 et
1814 2881 1914 2920 con

2189 2883 2291 2943 ica,
2328 2881 2468 2953 πόση
2503 2883 2535 2952 ἡ
2570 2883 2627 2933 ἐν
2658 2883 2723 2952 τῇ
2759 2879 2952 2950 ἐνδόξῳ
2985 2880 3244 2950 γινομένη
3281 2879 3452 2933 αὐτοῦ
3487 2895 3674 2950 παρου-

433 2956 640 3021 quitur,
678 2964 882 3010 tantam
911 2970 1035 3010 esse
1068 2958 1507 3020 demonstratur;
1549 2966 1750 3024 quanta
1786 2959 1913 3011 tand

2188 2987 2232 3035 ι;
2281 2971 2366 3034 Ὠς
2400 2971 2513 3033 υίὸς
2545 2970 2654 3043 γὰρ
2701 2970 2987 3042 ἀνθρώπου
3036 2970 3221 3022 ἐπάνω
3255 2969 3498 3039 νεφελῶν
3531 2970 3673 3022 ἐλεύ-

434 3062 498 3100 ea
528 3045 708 3100 l‘utura
736 3057 822 3102 est
851 3049 902 3102 in
925 3049 1164 3118 glorioso
1193 3048 1312 3116 eius
1336 3048 1609 3101 adventu?
1638 3047 1830 3104 Veniet
1857 3066 1919 3104 en

2189 3079 2288 3124 ται,
2338 3063 2414 3124 ὡς
2463 3062 2660 3132 Δανιὴλ
2714 3064 3012 3133 ἐμήνυσεν,
3066 3062 3317 3129 ἀγγέλων
3381 3065 3478 3116 σὺν
3535 3062 3674 3133 αὑτῷ

436 3147 695 3207 tanquam
721 3138 891 3195 Filius
921 3141 1163 3196 hominis
1189 3157 1254 3194 ex
1287 3139 1413 3192 altis
1448 3138 1702 3205 nubibus,
1728 3150 1786 3194 ut
1813 3141 1921 3194 Dan

2190 3153 2537 3224 ικνουμένων.
2575 3155 2694 3206 Εἰσὶ
2726 3154 2782 3206 δὲ
2829 3156 2876 3207 oi
2922 3153 3068 3222 λόγοι
3101 3149 3279 3208 οῦτοι·
3324 3174 3342 3206 ι
3388 3155 3675 3227 Ἐθεώρουν

436 3232 757 3302 declaravit,
781 3236 992 3306 angelis
1017 3252 1140 3291 eum
1174 3253 1240 3292 eo
1271 3237 1708 3291 advenientibus.
1743 3235 1882 3289 Sunt
1908 3252 1921 3288 :

2191 3263 2214 3309 ;
2258 3247 2379 3298 ὅτου
2429 3244 2606 3315 θρόνοι
2655 3245 2950 3315 ἐτέθησαν·
2990 3246 3083 3298 καὶ
3115 3248 3143 3298 ὁ
3177 3246 3420 3311 Παλαιὸς
3465 3247 3676 3318 ἡμερῶν

436 3343 545 3386 tem
575 3332 690 3385 haec
709 3329 871 3384 verba
898 3330 1166 3386 Danielis:
1207 3349 1226 3382 ι
1250 3331 1596 3400 Aspiciebam
1627 3330 1799 3384 donec
1825 3331 1921 3383 tim

2191 3338 2363 3408 ἱιθητο,
2399 3338 2537 3408 ἔχων
2572 3336 2860 3408 περιϐολὴν
2892 3337 3022 3390 ὡσεὶ
3055 3339 3206 3409 χιόνα
3241 3339 3463 3411 λευκὴν,
3498 3341 3586 3393 καὶ
3620 3341 3676 3392 τὸ

435 3426 596 3496 positi
619 3434 775 3492 sunt,
799 3425 1142 3494 etAntiquus
1165 3425 1375 3480 dierum
1402 3426 1568 3490 sedit,
1594 3425 1802 3480 habens
1826 3439 1920 3494 0pc

2192 3431 2360 3499 ἷχωμα
2391 3430 2492 3499 τῆς
2527 3428 2764 3500 κεφαλῆς
2797 3429 2959 3482 αὐτοῦ
2992 3429 3122 3482 ὡσεὶ
3157 3429 3303 3501 ἔριον
3330 3429 3582 3502 καθαρόν.
3623 3431 3677 3482 '0

437 3528 683 3574 mentum
713 3517 875 3573 veluti
905 3518 1190 3572 candidam
1216 3518 1417 3582 nivem,
1441 3529 1498 3572 et
1525 3517 1778 3571 caesaries
1806 3518 1922 3585 capi

2193 3523 2298 3584 5νος
2332 3521 2495 3575 αὑτοῦ
2531 3523 2661 3574 ὡσεὶ
2695 3519 2825 3589 φλὸξ
2859 3521 3049 3591 πυρὸς,
3070 3524 3119 3574 οἱ
3154 3522 3343 3594 τροχοὶ
3376 3521 3535 3574 αὐτοῦ
3570 3521 3678 3590 πῦρ

437 3610 576 3677 ejus,
611 3610 767 3679 quasi
801 3609 922 3664 lana
955 3611 1176 3675 munda,
1200 3611 1431 3666 thronus
1461 3608 1580 3678 ejus
1609 3610 1762 3677 quasi
1788 3610 1922 3664 liam:

2193 3615 2328 3682 ἐγον.
2385 3615 2635 3684 Ποταμὸς
2683 3616 2851 3684 πυρὸς
2904 3611 3083 3668 εἷλκεν
3136 3615 3566 3687 ἐκπορευόμενος
3618 3617 3678 3666 ἐκ

438 3701 603 3772 ignis,
634 3711 766 3755 rota:
787 3700 908 3770 ejus
938 3703 1080 3773 ignis
1105 3718 1287 3756 urens.
1315 3702 1548 3756 Fluvios
1580 3703 1722 3773 ignis
1750 3703 1923 3757 volvel

2195 3705 2404 3759 οσώπου
2452 3703 2636 3758 αὑτοῦ.
2686 3705 2868 3759 Χίλιαι
2913 3707 3148 3776 χιλιάδες
3183 3707 3557 3780 ἐλειτούργουν
3588 3709 3680 3760 αῦ-

439 3801 558 3857 tur,
594 3793 868 3861 proﬂuens
915 3809 946 3848 a
988 3793 1128 3848 faeie
1161 3794 1301 3863 ejus.
1355 3794 1501 3848 Mille
1535 3793 1698 3849 millia
1731 3795 1924 3850 deserv

2205 3835 2219 3858 ,
2256 3796 2348 3848 καὶ
2383 3794 2571 3865 μύριαι
2607 3795 2863 3866 μυριάδες
2897 3800 3359 3870 παρειστήκεισαν
3393 3799 3557 3870 αὐτῷ.
3593 3799 3680 3852 Βί-

435 3887 572 3942 bant
596 3888 676 3952 ei,
718 3896 775 3943 et
801 3889 938 3943 dena
986 3887 1152 3942 millia
1186 3888 1382 3942 denum
1415 3888 1642 3943 millium
1673 3889 1920 3944 assistcb:

2196 3905 2226 3939 il.
2281 3886 2659 3959 ἀνεῴχθησαν,
2713 3891 2804 3944 καὶ
2856 3893 3136 3962 κριτήριον
3172 3892 3445 3945 ἐκάθισεν.
3495 3892 3681 3946 Ἐθεώ-

438 3981 512 4032 ei.
541 3977 689 4034 Libri
715 3979 888 4048 aperti
915 3987 1061 4045 sunt,
1094 3980 1432 4050 etjudicium
1464 3981 1624 4036 sedit.
1655 3981 1923 4050 Aspicieb:

2197 3999 2239 4034 w
2288 3983 2410 4035 τότε
2444 3983 2540 4054 τὴν
2575 3985 2755 4056 φωνὴν
2788 3985 2893 4038 τῶν
2949 3987 3198 4057 μεγάλων
3231 3987 3408 4055 λόγων
3432 4026 3447 4050 ,
3503 3981 3575 4040 ὧν
3625 3988 3682 4040 τὸ

437 4087 606 4141 super
635 4087 819 4127 vocem
847 4087 1160 4128 sermonum
1203 4073 1517 4144 grandium,
1547 4087 1684 4142 quos
1715 4087 1886 4127 cornu

2195 4093 2280 4140 νας
2327 4076 2508 4129 λαλεῖ·
2563 4077 2655 4130 καὶ
2707 4078 3163 4150 ἀπετυμπανίσθη
3209 4079 3270 4132 τὸ
3324 4079 3546 4152 θηρίον,
3593 4081 3680 4134 καὶ

439 4165 731 4234 quehatur,
775 4173 829 4218 et
855 4165 1089 4220 distenta
1117 4173 1200 4220 est
1231 4166 1405 4220 bestia
1427 4207 1442 4232 ,
1472 4174 1526 4222 et
1563 4165 1772 4220 interiit
1806 4179 1924 4234 cor;

2195 4166 2356 4220 ώλετο
2388 4169 2446 4220 τὸ
2481 4167 2638 4240 σῶμα
2670 4168 2831 4222 αὐτοῦ
2851 4210 2866 4234 ,
2920 4171 3013 4223 καὶ
3047 4169 3206 4241 ἐδόθη
3238 4172 3321 4235 είς
3355 4172 3550 4226 καῦσιν
3583 4191 3680 4224 πυο

438 4260 591 4329 ejus,
624 4269 679 4314 et
707 4259 832 4313 data
865 4267 948 4312 est
986 4258 1039 4313 in
1075 4259 1509 4315 combustionem
1546 4259 1708 4329 ignis.
1745 4258 1814 4315 Et
1846 4274 1876 4312 a

2197 4277 2224 4321 ζ.
2265 4261 2375 4312 Καὶ
2408 4261 2474 4314 τά
2504 4260 2665 4316 λοιπὰ
2699 4262 2861 4334 θηρία
2898 4263 3200 4334 μετεστάθη
3249 4266 3349 4334 τῆς
3383 4267 3558 4336 ἀρχῆς
3592 4266 3682 4319 αὑ-

437 4353 602 4420 liquis
635 4351 803 4406 etiam
835 4351 1027 4406 bestiis
1077 4350 1374 4405 translatus
1416 4361 1501 4405 est
1541 4352 1880 4422 principatus
1912 4367 1922 4403 ι

2197 4370 2250 4416 ν,
2291 4354 2383 4406 καὶ
2415 4355 2606 4425 χρόνος
2653 4354 2799 4424 ζωῆς
2832 4359 2942 4420 τοῖς
2976 4355 3184 4428 θηρίοις
3221 4358 3379 4429 ἐδόθη
3415 4359 3520 4422 ’ἐως
3567 4375 3682 4410 και-

435 4461 591 4510 rum,
631 4453 685 4499 et
717 4453 927 4513 tempus
956 4443 1080 4498 vitae
1125 4445 1318 4499 bestiis
1363 4459 1689 4500 concessum
1733 4458 1909 4512 usque

2193 4446 2207 4499 5
2245 4447 2336 4500 καὶ
2370 4447 2581 4517 χρόνου.
2633 4446 2927 4519 Ἐθεώρουν
2960 4449 3016 4500 ἐν
3049 4450 3289 4520 ὁράματι
3320 4450 3421 4521 τῆς
3451 4450 3645 4512 νυκτὸς*
3663 4489 3678 4510 ,

438 4621 795 4700 gare___potuit
835 4621 1083 4700 Justinus
1118 4635 1396 4700 ⁸ιειιοιηιιιιιιι
1448 4625 1620 4700 legem
1667 4625 1776 4700 sub
1806 4624 2010 4700 ‘Moyse
2112 4631 2350 4684 nominis
2379 4631 2675 4698 potentiam
2708 4631 2972 4685 daemonia
3009 4631 3465 4700 perhorrescant,
3490 4649 3552 4687 ac
3587 4647 3682 4697 per

438 4694 747 4770 prodiisse,
802 4695 1077 4770 cum_ipse
1114 4694 1525 4770 [meatui-infra
1562 4713 1616 4748 n.
1655 4695 1777 4770 45,_
1806 4696 1865 4770 in‘
1901 4696 2008 4770 hac
2112 4715 2312 4770 nomen
2354 4694 2481 4754 Iesu
2517 4700 2721 4755 Christi
2758 4694 3496 4770 adjurala'subjiciuntur.'t
3536 4694 3683 4756 Miri-

438 4763 712 4842 lege__non
765 4778 830 4842 ea
874 4763 1049 4817 solum
1100 4764 1374 4842 praescribi
1401 4806 1436 4842 ,_
1467 4781 1589 4834 qua:
1631 4766 1698 4818 ad
1747 4765 2008 4818 duritiam
2112 4769 2213 4842 tice
2246 4787 2369 4823 cum
2405 4771 2618 4825 .lustino
2647 4763 2925 4842 consentit
2959 4763 3332 4840 Augustinus.
3370 4772 3466 4842 qui
3500 4773 3551 4826 in
3590 4773 3680 4824 lib.

440 4833 626 4912 cdrdis
662 4833 913 4912 instituta
946 4843 1108 4912 sunt,
1143 4837 1235 4889 sed
1267 4850 1331 4912 ea
1363 4833 1530 4912 etiam
1553 4854 1628 4912 ,_¢
1660 4849 1780 4912 qua:
1816 4844 2010 4912 natura
2113 4839 2190 4893 De
2219 4842 2410 4909 spiritu
2449 4851 2497 4894 et
2523 4842 2700 4894 littera
2727 4841 2972 4912 pluribus
3005 4833 3349 4896 deinonstrat
3371 4833 3435 4894 ξι
3465 4843 3680 4912 Legem.

482 4905 696 4980 raaclara
721 4911 775 4980 et
797 4904 882 4980 pia
905 4914 955 4956 et
985 4903 1130 4980 justa
1163 4905 1333 4958 sunt?
1363 4923 1382 4956 ι
1411 4904 1808 4980 CumJuStinus
1833 4904 2008 4980 legem
2111 4924 2180 4963 ex
2230 4903 2338 4979 qua
2373 4912 2665 4980 Apostolus
2712 4903 2983 4965 neminem
3019 4912 3151 4966 dicit
3192 4911 3489 4979 justificari
3513 4903 3681 4972 .vnon

495 4972 813 5052 oysis,_sive
843 4973 1115 5052 Decalogi
1135 4983 1406 5052 praecepta
1443 4977 1680 5052 traderet
1708 5012 1722 5038 ,
1753 4975 1868 5028 sive
1892 4972 2008 5052 alia
2114 4972 2325 5052 tantum
2362 4972 2437 5052 in'
2469 4981 2572 5036 illis
2606 4983 3005 5048 sacramentis,
3059 4972 3525 5052 quae'habuerunt
3555 4997 3680 5050 pro-

439 5043 822 5114 prarscriberet
852 5047 918 5122 ad
955 5044 1210 5122 duritiam
1237 5045 1443 5122 cordis,
1478 5053 1574 5097 aut
1606 5043 1672 5098 ad
1708 5058 1888 5122 rerum
1921 5044 2009 5097 l’u-
2112 5051 2366 5122 missivas
2401 5051 2626 5120 ﬁguras,
2658 5067 2850 5122 verum
2886 5043 3136 5122 etiamin
3166 5052 3278 5107 illis
3303 5043 3570 5122 cperibus'
3598 5052 3681 5103 in-

442 5125 690 5197 turarum
721 5115 1357 5197 γριίλεεειίεῐιὶίίειιιίοιιιειη,⁸
1398 5115 2008 5197 litteramoccidetttetn
2113 5119 2302 5197 telligi,
2338 5115 2466 5188 (ιιιεὲ
2491 5115 2738 5197 quisquis
2773 5121 2981 5186 fecerit,
2999 5121 3159 5197 justo
3192 5115 3354 5187 vivit,
3387 5123 3477 5176 ubi
3514 5132 3597 5176 est
3629 5129 3685 5172 et

442 5201 568 5241 esse
597 5183 984 5258 existimabat,
1011 5195 1219 5258 Autpote
1252 5186 1512 5258 scriptam
1551 5185 1606 5238 in
1640 5183 1836 5239 tabulis
1870 5185 2009 5258 lapi:
2112 5183 2264 5250 illud,
2288 5183 2401 5246 non
2438 5183 2812 5258 concupisces,
2852 5211 2870 5243 ι
2903 5183 3086 5245 [ιζὶὅ.

443 5258 600 5333 deis,
637 5272 748 5311 non
784 5254 1263 5333 ittAcordibu'snper
1289 5255 1559 5333 Spiritum
1597 5263 1878 5333 sanctum,
1917 5271 1928 5307 ι

2194 5261 2297 5333 [26)
2357 5263 2467 5315 Καὶ
2520 5254 2629 5315 διά
2667 5261 2772 5315 τοῦ
2799 5254 3081 5333 ψαλμοῦ.
3134 5263 3367 5333 Videtur
3419 5263 3519 5317 hoc
3560 5262 3679 5314 loco

443 5327 768 5401 charitatem
803 5326 1080 5401 diffundit,
1128 5326 1244 5401 Hoc
1289 5323 1404 5401 ipso
1456 5325 1511 5401 in
1547 5325 1670 5379 loco
1701 5323 2008 5401 {udaioruttt
2111 5323 2403 5387 brevitatis
2431 5347 2592 5386 causa
2629 5323 3029 5401 prazter'missus
3063 5333 3177 5387 sive
3212 5349 3241 5386 a
3275 5332 3489 5388 Justino
3512 5371 3526 5395 ,
3564 5332 3678 5384 sive

443 5406 503 5471 et
547 5395 986 5471 Christianorum
1031 5398 1322 5471 discrimen
1369 5398 1512 5471 inde
1566 5396 1798 5464 repelil.
1863 5395 2008 5471 quod
2113 5415 2142 5453 a
2177 5401 2422 5456 librariis
2458 5395 2736 5471 psalmus:
2770 5402 2899 5455 Caeli
2926 5412 3199 5458 enarrant.
3237 5403 3506 5458 Nonnulla
3533 5403 3676 5455 enim

443 5468 747 5542 gliristiani
784 5467 989 5542 judicia
1035 5466 1250 5522 Domini
1293 5467 1542 5542 dulciora
1571 5481 1751 5542 super
1800 5467 1924 5542 mel_
1955 5475 2012 5520 et
2113 5486 2178 5524 ex
2210 5473 2312 5528 hoc
2341 5466 2549 5541 psalmo
2571 5473 2809 5542 explicat
2828 5472 3098 5542 Justinus,
3123 5475 3284 5542 quasi
3314 5476 3486 5542 ipsum
3518 5481 3678 5524 antea

445 5539 628 5591 l’avum
661 5539 1003 5610 existiment,
1040 5554 1105 5592 ac
1143 5551 1230 5599 ne.
1258 5547 1434 5610 "torto
1457 5538 1673 5610 quidem
1709 5537 2008 5610 proposita,
2116 5537 2441 5601 recitasset,
2479 5551 2538 5594 ut
2567 5537 2802 5610 quisque
2835 5541 3061 5610 legendo
3112 5537 3549 5597 animadvertere
3583 5555 3680 5609 po-

446 5623 640 5682 nomen
676 5609 1115 5682 Deiiabnegent,
1151 5623 1256 5658 non
1294 5608 1382 5682 illi
1401 5609 1619 5674 quidem
1655 5608 1889 5682 propriis
1923 5621 1931 5640 τ

1655 5608 1889 5682 propriis
1923 5608 2008 5659 vi-
2114 5613 2257 5667 terit.
2288 5612 2403 5666 Mox
2431 5611 2532 5678 leg.
2560 5608 2635 5674 ὡς
2667 5608 2775 5664 ἀπὸ
2809 5609 3117 5682 προσώπου.

447 5678 671 5751 ribus”
700 5681 795 5734 sed
827 5695 923 5749 per
943 5679 1220 5733 Christum
1256 5680 1327 5731 ad
1365 5678 1531 5732 Deum
1569 5680 2012 5751 conversi,eumg
2187 5683 2301 5751 (27)
2353 5683 2610 5735 Occurrit
2655 5678 2883 5735 formula
2956 5696 3174 5751 precum
3238 5680 3543 5739 huiusmodi
3623 5678 3677 5731 in

447 5763 554 5822 que
579 5749 883 5819 adjutorem
917 5758 970 5804 et
1004 5751 1404 5817 redemptorem
1432 5760 1712 5818 vocantes,
1744 5755 1899 5821 cujus
1929 5749 2010 5807 vel
2037 5814 2085 5823 _
2116 5749 2341 5810 comm.
2377 5762 2569 5823 apost.,
2596 5767 2713 5820 vnt,
2745 5768 2796 5808 c.
2837 5751 2918 5808 ll.
2959 5749 3133 5808 Οττο.

2037 5814 2085 5836 q
