3770 6540
96 372 177 428 541
998 368 1347 427 DlALOGUS
1378 370 1524 428 CUM
1560 372 1585 427 'l

1858 371 1939 429 RE
1981 371 2251 431 ΙΙΞΒᾸΞΟ.
3237 377 3347 434 5ιὲ

93 486 170 542 καὶ
216 481 321 534 ἰδοὺ
380 480 521 551 μετὰ
563 479 668 533 τῶν
721 481 963 550 νεφελῶν
994 483 1087 537 τοῦ
1144 483 1375 554 οὐρανοῦ
1413 484 1489 547 ὡς
1524 483 1582 536 ΥΙ

1850 494 1968 540 tum
2000 486 2146 541 diem
2172 494 2230 540 et
2259 493 2499 555 tempus.
2543 484 2888 555 Aspiciebam
2919 486 2971 543 in
3004 489 3209 546 visione
3239 508 3339 548 no-

92 574 355 647 ἀνθρώπου
410 572 739 643 ἐρχόμενος·
780 574 874 627 καὶ
918 569 1083 644 ἦλθεν
1130 574 1235 637 ἕως
1281 574 1375 627 τοῦ
1411 574 1581 627 Παλαι

1848 593 1886 641 t;
1920 586 1975 632 et
2002 590 2132 631 ecce
2160 591 2286 631 cum
2314 575 2550 630 nubibus
2586 576 2743 641 coeli,
2775 577 2935 645 quasi
2961 579 3134 635 Filius
3166 582 3337 636 homi—

90 669 179 722 τῶν
208 664 445 737 ἡμερῶν,
467 665 562 717 καὶ
596 665 776 736 παρῆν
796 664 1026 720 ἐνώπιον
1058 666 1225 719 αὐτοῦ
1247 684 1259 696 ·
1298 668 1391 720 καὶ
1425 669 1473 719 oi
1508 684 1579 719 πα

1857 668 2165 731 veniens,et
2180 681 2352 736 usque
2371 666 2435 721 ad
2458 667 2752 738 Antiquum
2772 670 2982 723 dierum
3003 672 3343 739 pervenit.Et

92 759 354 829 εστηκότες
412 759 769 829 προσήγαγον
838 758 1032 812 αὐτόν’
1102 759 1198 811 καὶ
1284 758 1441 829 ἐδόθη
1503 759 1581 811 at)

1850 770 1948 815 :rat
1991 762 2045 815 in
2094 771 2394 832 conspectu
2425 759 2576 829 ejus;
2628 773 2684 817 et
2730 763 2825 832 qtti
2873 764 3210 820 assistebant
3242 766 3339 820 ad-

94 852 284 919 ἐξουσία
317 850 411 903 καὶ
444 849 579 921 τιμὴ
615 850 903 923 βασιλικὴ,
957 851 1053 905 καὶ
1087 852 1263 905 πάντα
1295 851 1363 904 τὰ
1395 850 1521 921 ἔθνη
1554 869 1583 903 τ

1846 863 2028 908 terunt
2059 867 2203 907 eum.
2258 853 2325 907 Et
2356 851 2482 906 data
2523 852 2575 907 ei
2604 854 2691 907 est
2741 862 2985 923 potestas
3011 864 3065 908 et
3093 855 3335 925 dignitas

90 947 177 1014 γῆς
206 943 337 997 κατὰ
384 942 555 1013 γένη,
593 944 688 996 καὶ
737 945 887 996 πᾶσα
918 943 1047 1010 δόξα
1079 943 1436 1015 λατρεύουσα.
1472 942 1579 995 Kal

1859 946 1907 998 ia
1930 984 1947 1011 ,
1982 953 2035 1000 et
2071 954 2262 1015 gentes
2311 953 2473 999 terra:
2527 959 2623 1013 per
2670 959 2871 1013 genera
2908 961 3005 999 sua
3054 961 3248 1004 omnes
3285 961 3343 1003 et

92 1036 280 1103 ἐξουσία
313 1034 506 1095 αὐτοῦ,
547 1035 769 1101 ἐξουσία
804 1034 1057 1101 αἰώνιος,
1092 1037 1214 1107 ἤτις
1266 1038 1325 1091 οὐ
1364 1036 1437 1107 μὴ
1471 1035 1581 1107 ἀρθί

1849 1036 1931 1090 nis
1979 1035 2150 1113 gloria
2201 1036 2467 1093 serviens.
2500 1035 2566 1089 Et
2609 1045 2849 1105 potestas
2894 1037 3011 1105 ejus
3032 1079 3056 1103 ,_
3084 1050 3332 1107 potestas

91 1127 169 1180 καὶ
212 1128 240 1197 ή
292 1125 541 1195 βασιλεία
576 1126 739 1179 αὐτοῦ
777 1127 839 1182 οὐ
876 1126 952 1197 μὴ
987 1125 1192 1199 φθαρῇ.
1230 1128 1340 1179 Kal
1374 1125 1558 1196 ἔφριξε

1849 1140 1975 1189 :rna,
2007 1141 2127 1195 quae
2168 1140 2279 1179 non
2306 1124 2624 1180 auferetur:
2668 1133 2722 1179 et
2776 1140 3002 1195 regnum
3061 1124 3181 1193 ejus
3232 1141 3338 1181 non

92 1218 278 1287 ςτνεῦμά
312 1234 414 1287 μου
451 1220 511 1269 ὲν
548 1219 613 1286 τῇ
648 1216 758 1282 ἕξει
797 1235 921 1287 μου,
960 1219 1053 1271 καὶ
1088 1221 1142 1271 αἱ
1174 1219 1394 1289 ὁράσεις
1428 1219 1525 1288 τῆς
1560 1236 1581 1270 a

1853 1216 2021 1271 :ribit.
2048 1215 2114 1269 Et
2138 1216 2352 1269 horruit
2375 1216 2598 1284 spiritus
2620 1230 2773 1270 meus
2806 1216 2861 1270 in
2898 1217 3088 1274 habitu
3118 1232 3261 1283 meo,
3286 1229 3342 1272 et

92 1309 240 1379 φαλῆς
275 1325 373 1379 μου
412 1307 723 1379 ἐτάρασσόν
762 1328 849 1380 με.
888 1311 1000 1362 Kal
1048 1310 1352 1379 προσῆλθον
1389 1312 1524 1381 πρὸς
1557 1310 1581 1362 ἐ

1850 1310 1994 1361 tones
2017 1307 2217 1376 capitis
2246 1309 2350 1363 mei
2379 1307 2787 1363 conturbabant
2817 1323 2924 1363 me.
2949 1308 3015 1363 Et
3040 1310 3242 1363 accessi
3270 1310 3339 1362 ad

90 1400 179 1453 τῶν
207 1398 451 1451 ἑστώτων
492 1439 507 1463 ,
542 1399 638 1452 καὶ
672 1401 769 1470 τὴν
803 1401 1090 1472 ἀκρίὸειαν
1140 1401 1362 1471 ἐζήτουν
1398 1402 1526 1473 παρ’
1561 1420 1579 1454 ο

1851 1416 1918 1453 tm
1957 1398 2336 1454 assistentium
2363 1441 2379 1463 ,
2409 1408 2464 1453 et
2489 1402 2787 1456 veritatem
2829 1400 3140 1471 quaerebam
3174 1402 3243 1455 ab
3275 1414 3340 1454 eo

90 1490 166 1545 τοῦ
194 1491 322 1562 ὑπὲρ
346 1489 573 1548 πάντων
607 1490 830 1543 τούτων.
882 1490 1227 1562 Ἀποκριθεὶς
1260 1493 1315 1545 δέ
1348 1492 1497 1560 λέγει
1535 1511 1579 1563 μ‹

1855 1490 2112 1545 omnibus
2144 1488 2251 1544 bis.
2310 1488 2672 1560 Respondeas
2712 1499 2899 1545 autem
2934 1490 3026 1544 ille
3062 1492 3235 1555 dixit,
3282 1497 3340 1544 et

91 1582 169 1633 καὶ
214 1580 302 1651 τὴν
346 1580 533 1651 κρίσιν
580 1580 686 1634 τῶν
721 1581 898 1649 λόγων
932 1581 1167 1653 ἐδήλωσέ
1208 1600 1328 1653 μοι·
1367 1582 1551 1636 Ταῦτα

1851 1584 2013 1638 icium
2067 1597 2386 1637 sermonum
2453 1582 2759 1637 declaravit
2810 1583 2943 1637 mihi
2972 1598 2983 1632 :
3015 1583 3109 1637 lla:
3152 1584 3340 1638 bestia:

93 1672 229 1743 θηρία
257 1673 320 1726 τὰ
356 1673 572 1743 μεγάλα
593 1714 608 1737 ,
645 1675 754 1727 εἰσὶ
787 1675 1051 1747 τέσσαρες
1088 1674 1387 1743 βασιλεῖαι,
1423 1675 1479 1727 αἳ
1514 1678 1582 1731 ἀπ

1848 1689 1995 1744 gnte,
2030 1682 2271 1743 quatuor
2318 1682 2447 1729 sunt
2498 1688 2704 1745 regna,
2745 1688 2868 1744 quae
2916 1673 3260 1743 disperibnnt
3306 1689 3337 1729 a

94 1765 273 1817 λοῦνται
306 1766 411 1818 ἀπὸ
446 1767 549 1837 τῆς
584 1767 706 1837 γῆς,
743 1765 838 1819 καὶ
871 1767 930 1820 οὐ
968 1766 1383 1838 παραλήψονται
1416 1767 1513 1839 τὴν
1549 1767 1583 1837 βι

1848 1779 1921 1830 ra,
1947 1774 2001 1819 et
2037 1780 2146 1820 non
2174 1766 2482 1835 suscipient
2514 1780 2742 1833 regnum
2771 1780 2945 1836 usque
2972 1764 3026 1818 in
3051 1764 3337 1829 sarculum,

96 1859 266 1911 σιλείαν
307 1858 414 1921 ἕως
460 1858 661 1923 αἰῶνος
686 1899 701 1924 ,
738 1861 833 1919 καὶ
867 1861 974 1923 ἕως
1020 1861 1114 1914 τοῦ
1149 1860 1343 1925 αἰῶνος
1376 1861 1482 1914 τῶν
1516 1862 1585 1918 ait

1850 1872 2013 1926 usque
2057 1858 2111 1912 in
2164 1856 2428 1911 saeculum
2479 1856 2835 1910 szcculorum.
2891 1854 3047 1909 Tunc
3079 1861 3339 1908 accurate

94 1969 193 2004 νων.
226 1952 352 2005 Τότε
377 1951 575 2022 ἤθελον
596 1951 1080 2025 ἐξακριὸὡσασθαι
1104 1955 1245 2025 ὑπὲρ
1266 1954 1358 2008 τοῦ
1382 1956 1581 2027 τετάρτ

1858 1949 2041 2004 uirere
2116 1948 2260 2003 volui
2324 1948 2393 2002 de
2445 1957 2638 2017 quarta
2686 1946 2894 2013 bestia,
2950 1953 3341 2016 corrumpente

94 2042 249 2113 θηρίου
298 2044 387 2097 τοῦ
426 2043 890 2116 καταφθείροντος
934 2048 1112 2101 πάντα
1150 2046 1245 2099 καὶ
1296 2046 1583 2117 ὑπερφόόοι

1847 2044 1932 2099 nia
1952 2086 1967 2112 ,
1997 2052 2053 2100 et
2079 2043 2314 2100 terribili
2346 2043 2641 2097 admodum
2666 2081 2681 2107 ,
2716 2042 2870 2109 cujus
2917 2041 3113 2097 dentes
3149 2038 3336 2103 ferrei,

94 2134 166 2183 tul.
194 2136 234 2187 oi
262 2133 470 2197 ὀδόντες
503 2135 671 2195 αὑτοῦ
709 2135 950 2208 σιδηροῖ,
999 2137 1093 2190 καὶ
1145 2139 1193 2189 οἱ
1243 2136 1431 2206 δνυχες
1477 2136 1583 2189 αὐτη

1850 2150 2038 2204 Ingues
2068 2134 2186 2203 ejus
2218 2134 2394 2202 aznei,
2431 2135 2757 2189 comedente
2800 2143 2860 2189 et
2904 2134 3339 2197 comminuente,

96 2223 278 2291 χαλκοῖ·
315 2224 493 2277 ἐσθίον
532 2226 629 2278 καὶ
654 2224 937 2291 λεπτῦνον,
968 2228 1062 2289 καὶ
1094 2227 1163 2281 τὰ
1194 2226 1446 2284 ἐπίλοιπα
1479 2228 1585 2281 αὖτε

1848 2229 2061 2299 reliqua
2095 2228 2326 2298 pedibus
2362 2228 2478 2283 suis
2532 2226 2933 2292 conculcante;
2970 2236 3027 2281 et
3054 2224 3118 2280 de
3151 2226 3337 2279 decem

96 2321 183 2379 τοῖς
227 2316 342 2369 ποσὶ
390 2316 719 2377 κατεπάτει·
760 2318 856 2371 καὶ
902 2319 1033 2390 περὶ
1066 2318 1173 2372 τῶν
1216 2319 1349 2373 δέκα
1393 2322 1585 2393 κεράτι

1847 2325 2007 2381 nibus
2034 2323 2155 2392 ejus
2188 2322 2239 2377 in
2288 2322 2499 2389 capite,
2533 2330 2589 2375 et
2621 2320 2685 2376 de
2716 2335 2825 2375 uno
2854 2321 3001 2390 quod
3037 2318 3335 2382 succrevit,

97 2410 225 2462 αὐτοῦ
259 2410 345 2461 ἐπὶ
380 2411 479 2482 τῆς
514 2412 796 2483 κεφαλῆς,
833 2412 930 2467 καὶ
965 2415 1029 2466 ἐκ
1061 2412 1154 2467 τοῦ
1191 2413 1310 2478 ἐνὸς
1342 2414 1435 2468 τοῦ
1473 2432 1586 2486 προ‹

1846 2418 2017 2487 'quod
2055 2432 2123 2471 ex
2161 2415 2441 2487 prioribus
2471 2414 2576 2469 tria
2610 2422 2863 2483 protrusa
2889 2420 3037 2467 sunt.
3067 2410 3132 2465 Et
3166 2424 3335 2465 cornu

99 2505 307 2572 φυέντος,
351 2506 445 2559 καὶ
499 2504 762 2570 ἐξέπεσον
799 2509 863 2560 ἐκ
898 2506 1004 2560 τῶν
1039 2507 1323 2580 προτέρων
1356 2508 1425 2561 δι’
1474 2509 1588 2562 αὺτ‹

1849 2513 1878 2566 d
1923 2510 2167 2565 habebat
2212 2508 2406 2564 oculos
2468 2515 2521 2562 et
2581 2522 2645 2562 os
2689 2504 2917 2574 loquens
2964 2501 3232 2574 grandia;
3282 2508 3338 2556 et

98 2599 207 2669 τρία.
253 2600 359 2651 Kal
410 2600 471 2653 τὸ
516 2600 694 2673 κέρας
758 2602 938 2654 ἐκεῖνο
990 2596 1136 2673 εἶχεν
1185 2601 1497 2673 ὀφθαλμοὺς
1547 2621 1587 2657 te

1845 2612 2001 2658 ectus
2039 2600 2157 2669 ejus
2193 2600 2502 2656 excellebat
2544 2599 2673 2653 alia.
2710 2599 2777 2652 Et
2820 2595 3331 2650 animadvertebam

103 2693 241 2762 στόμα
269 2691 457 2747 λαλοῦν
496 2693 743 2764 μεγάλα,
780 2694 873 2747 καὶ
904 2696 938 2765 ή
976 2694 1241 2766 πρόσοψις
1274 2695 1438 2750 αὑτοῦ
1475 2697 1592 2769 ὑπει

1845 2710 1917 2750 nu
1958 2693 2102 2756 illud
2122 2692 2325 2748 bellum
2362 2706 2589 2747 movere
2622 2691 2677 2745 in
2716 2698 2961 2753 sanctos,
3013 2696 3069 2742 et
3104 2686 3334 2741 fundere

101 2785 227 2854 ἔφερε
270 2784 332 2837 τὰ
365 2784 519 2838 ἄλλα.
562 2785 673 2839 Καὶ
711 2785 999 2839 κατενόουν
1032 2786 1093 2839 τὸ
1125 2786 1298 2859 κέρας
1333 2788 1509 2841 ἐκεῖνο
1543 2805 1590 2840 πι

1864 2804 1879 2853 ;
1940 2785 2117 2840 donec
2163 2785 2316 2838 venit
2363 2782 2647 2852 Antiquus
2682 2780 2895 2834 dierum
2922 2819 2939 2847 ,
2982 2789 3038 2833 et
3064 2776 3333 2847 judicium

101 2875 228 2943 ὶεμον
258 2876 644 2948 συνιστάμενον
696 2878 837 2949 πρὸς
871 2878 997 2941 τοὺς
1028 2878 1218 2946 ἁγίους
1238 2919 1252 2943 ,
1288 2879 1382 2932 καὶ
1414 2897 1590 2952 τροποι

1842 2879 1899 2934 lit
1928 2878 2137 2936 sanctis
2160 2876 2379 2935 Excelsi
2398 2916 2413 2941 ,
2437 2884 2491 2931 et
2523 2884 2739 2944 tempus
2766 2874 3012 2936 advenit,
3032 2881 3085 2927 et
3107 2886 3331 2940 regnum

104 2984 227 3033 μενον
254 2968 475 3034 αὐτοὺς,
514 2970 622 3033 ἕως
655 2970 747 3023 τοῦ
784 2969 956 3023 ἐλθεῖν
991 2971 1082 3023 τὸν
1115 2971 1350 3025 Παλαιὸν
1383 2972 1593 3044 ήμερῶι

1844 2972 2105 3025 iuuerunt
2133 2968 2312 3023 sancti
2340 2966 2633 3023 Altissimi.
2656 2964 2724 3019 Et
2758 2978 2932 3033 usque
2961 2964 3171 3019 dictum
3198 2962 3333 3016 mihi

103 3059 173 3109 καὶ
205 3059 286 3129 τήν
318 3059 497 3132 κρίσιν
533 3061 703 3114 ἔδωκε
738 3065 849 3126 τοῖς
881 3062 1059 3130 ἁγίοις
1091 3062 1182 3117 τοῦ
1218 3064 1474 3133 Ὑψίστου
1495 3082 1509 3095 ·
1545 3082 1592 3118 κι

1844 3063 1910 3117 de
1931 3071 2129 3132 quarta
2152 3059 2325 3116 bestia
2353 3078 2365 3113 :
2392 3058 2641 3128 Regnum
2668 3065 2926 3127 quartum
2946 3056 3055 3109 erit
3081 3055 3136 3109 in
3162 3064 3329 3120 terra,

102 3150 122 3203 ά
159 3149 317 3219 καιρὸς
348 3151 579 3221 ἐνέστη,
631 3152 724 3207 καὶ
770 3152 830 3205 τὸ
879 3152 1149 3223 βασίλειον
1195 3153 1460 3225 κατέσχον
1494 3154 1591 3223 ἆγιι

1844 3154 1892 3207 ιιι
1930 3152 2088 3222 longe
2131 3150 2417 3221 superabit
2461 3149 2644 3204 omnia
2683 3162 2849 3218 regna
2880 3186 2898 3213 ,
2941 3155 2997 3200 et
3045 3145 3333 3201 devorabit

111 3238 465 3306 ’Υψίστου.Καὶ
488 3242 694 3314 ἐρρέθη
728 3260 816 3313 μοι
840 3243 968 3314 περὶ
1002 3242 1096 3297 τοῦ
1121 3246 1379 3315 τετάρτου
1411 3244 1600 3317 θηρίου

1846 3259 2059 3300 versam
2120 3252 2365 3309 terram,
2423 3250 2478 3298 et
2538 3241 2845 3297 devastabit
2909 3248 3072 3309 atque
3131 3237 3334 3293 delebit

105 3326 310 3382 Βασιλεία
353 3332 590 3403 τετάρτη
642 3331 798 3385 ἔσται
833 3332 927 3385 ἐπὶ
961 3334 1060 3405 τῆς
1098 3335 1235 3405 γῆς,
1283 3335 1405 3405 ἥτις
1449 3335 1594 3390 διοίσι

1841 3354 1895 3391 a.
1918 3336 1985 3391 Et
2012 3337 2200 3391 decem
2251 3349 2462 3391 cornua
2486 3374 2501 3401 ,
2538 3334 2727 3388 decem
2764 3346 2925 3403 reges
2964 3338 3330 3401 consurgent,

106 3419 223 3489 cupi
249 3420 414 3485 πάσας
437 3422 540 3485 τὰς
570 3422 849 3493 βασιλείας
877 3423 1102 3489 ταύτας,
1135 3425 1228 3478 καὶ
1264 3426 1595 3495 καταφάγετι

1843 3431 1908 3501 ιθ
1939 3438 1994 3486 et
2024 3428 2166 3485 alius
2202 3435 2328 3499 post
2376 3442 2512 3503 eos,
2562 3435 2730 3495 atque
2778 3424 2826 3480 is
2860 3423 3021 3479 malis
3048 3422 3332 3495 superabit

108 3511 248 3563 πᾶσαν
272 3512 360 3584 τὴν
384 3516 524 3586 γῆν,
569 3516 664 3569 καὶ
690 3515 1068 3571 ἀναστατώσει
1114 3519 1282 3589 αὐτὴν
1301 3558 1317 3583 ,
1348 3519 1443 3572 καὶ
1478 3537 1597 3574 κατι

1838 3540 1987 3593 ores,
2020 3534 2076 3580 et
2110 3536 2225 3579 tres
2253 3536 2410 3593 reges
2444 3517 2758 3575 humiliabit
2782 3557 2798 3583 ,
2846 3525 2901 3570 et
2929 3516 3098 3571 verba
3136 3516 3189 3569 in
3232 3514 3327 3568 Al-

106 3596 245 3653 λεανεί
272 3603 447 3678 αὑτήν.
499 3606 614 3660 Kal
661 3606 731 3661 τὰ
774 3607 910 3661 δέκα
957 3608 1197 3680 κέρατα,
1229 3609 1363 3663 δέκα
1400 3608 1595 3683 βασιλεῖ

1844 3618 2015 3673 imum
2062 3617 2360 3686 loquetur,
2402 3622 2456 3670 et
2501 3622 2737 3669 caeteros
2786 3620 3007 3665 sanctos
3057 3608 3332 3667 Altissimi

108 3688 441 3764 ἀναστήσονται
477 3700 599 3769 μετ’
628 3698 824 3763 αὐτούς
852 3698 966 3771 (28)
987 3717 1000 3731 ο
1028 3701 1122 3754 καὶ
1149 3695 1302 3765 οὗτος
1326 3702 1513 3756 διοίσει
1548 3722 1597 3757 κι

1845 3719 1988 3776 rtet,
2041 3718 2098 3767 et
2132 3717 2320 3765 sumet
2365 3707 2469 3763 sibi
2504 3715 2565 3760 ut
2596 3705 2796 3761 alteret
2826 3703 2945 3758 dies
2979 3710 3034 3757 et
3065 3711 3328 3770 tempora.

109 3784 194 3844 κοῖς
220 3784 342 3856 ὑπὲρ
368 3788 494 3853 τοὺς
524 3788 776 3861 πρώτους
795 3831 809 3857 ,
854 3790 949 3844 καὶ
979 3795 1128 3864 τρεῖς
1159 3793 1397 3863 βασιλεῖς
1444 3812 1598 3848 ταπει

1852 3803 2136 3859 tradentur
2188 3802 2242 3857 in
2296 3816 2492 3857 manus
2540 3799 2661 3867 ejus
2708 3810 2884 3866 usque
2916 3795 2987 3849 ad
3021 3802 3237 3865 tempus
3277 3801 3333 3846 et

109 3874 258 3941 νὼσει,
282 3879 368 3932 καὶ
398 3883 625 3953 ῥήματα
659 3883 797 3953 πρὸς
824 3884 914 3939 τὸν
945 3885 1208 3955 ’Ὕψιστον
1255 3886 1511 3959 λαλήσει,
1544 3906 1598 3941 κο

1842 3910 1982 3965 φοι-ιι
2008 3935 2023 3959 ,
2052 3904 2109 3949 et
2132 3893 2425 3949 dimidium
2459 3888 2745 3959 temporis.
2780 3888 2847 3942 Et
2868 3886 3133 3956 judicium
3165 3884 3331 3949 sedit,

110 3966 283 4039 ἑτέρους
307 3972 486 4041 ἁγίους
516 3974 607 4029 τοῦ
648 3975 905 4046 Ὑψίστου
932 3976 1324 4049 καταστρέψει,
1352 3977 1448 4031 καὶ
1476 3995 1599 4049 προς

1843 3987 2199 4056 )rincipatum
2251 3983 2613 4051 transferent,
2648 3992 2707 4037 ut
2739 3980 3001 4036 aboleant
3031 3987 3088 4035 et
3123 3977 3332 4046 disper-

110 4058 272 4125 δέξεται
300 4068 582 4129 ἀλλοιῶσαι
612 4072 842 4145 καιροὺς
890 4071 985 4125 καὶ
1024 4071 1272 4143 χρόνους.
1310 4071 1422 4125 Kal
1458 4090 1599 4144 παρα

1853 4090 1871 4134 ι
1923 4094 2094 4150 usque
2122 4079 2177 4133 in
2217 4078 2409 4134 linem.
2441 4077 2511 4138 Et
2541 4091 2771 4148 regnum
2795 4114 2812 4140 ,
2858 4082 2915 4131 et
2956 4080 3240 4143 potestas,
3278 4079 3333 4125 et

110 4151 337 4225 δοθήσεται
365 4162 442 4226 είς
472 4167 667 4236 χεῖρας
696 4163 860 4227 αὐτοῦ
900 4164 1010 4236 (29)
1043 4164 1149 4229 ἕως
1178 4164 1369 4237 καιροῦ
1398 4166 1492 4219 καὶ
1525 4183 1594 4219 κα

1842 4169 2045 4239 plitudo
2078 4171 2328 4227 locorum
2362 4184 2662 4238 regnorum
2698 4181 2822 4238 quas
2849 4165 2951 4222 sub
2980 4163 3122 4219 coelo
3155 4170 3285 4218 sunt
3314 4202 3331 4228 ,

114 4246 208 4339 ρῷν,
242 4253 323 4305 καὶ
348 4254 518 4326 ἥμισυ
549 4257 762 4330 καιροῦ.
799 4258 910 4311 Kal
953 4259 986 4330 ή
1030 4257 1210 4329 κρίσις
1253 4258 1507 4325 ἐκάθισε,
1541 4276 1603 4313 κα

1841 4279 1864 4316 a
1893 4272 1978 4319 est
2006 4263 2209 4339 populo
2244 4273 2436 4318 sancto
2470 4259 2744 4317 Altissimi
2766 4300 2782 4325 ,
2816 4268 2875 4313 ut
2900 4264 3130 4328 regnent
3162 4269 3330 4323 regno

112 4338 181 4407 τὴν
207 4343 356 4416 ἀρχὴν
389 4351 788 4423 μεταστήσουσι
818 4351 912 4405 τοῦ
939 4349 1203 4422 ἀφανίσαι
1240 4351 1335 4405 καὶ
1373 4351 1466 4407 τοῦ
1501 4354 1601 4407 ἀπε

1840 4338 2107 4425 ιρὶιειοηοζ
2162 4363 2215 4410 et
2259 4363 2565 4424 potestates
2609 4365 2803 4408 omnes
2849 4348 3215 4417 subjicientur
3272 4353 3329 4398 et

114 4428 230 4487 ὶέσαι
252 4437 343 4503 ἕως
369 4442 575 4507 τέλους.
610 4444 720 4497 Kal
750 4446 781 4516 ή
812 4444 1084 4515 βασιλεία,
1111 4446 1257 4517 καὶὴ
1282 4444 1520 4511 ἐξουσία,
1541 4463 1603 4500 κα

1838 4447 1993 4502 diem
2023 4450 2096 4503 ei.
2130 4446 2249 4501 Huc
2292 4460 2466 4517 usque
2500 4444 2622 4503 ﬁnis
2650 4442 2827 4498 verbi.
2863 4441 2977 4517 Ego
3009 4438 3197 4492 Daniel
3227 4450 3327 4490 ex-

113 4523 136 4591 ή
166 4528 474 4605 μεγαλειότης
506 4534 609 4593 τῶν
653 4535 832 4597 τόπων
865 4534 973 4590 τῶν
1006 4535 1111 4589 ὑπὸ
1143 4536 1233 4589 τὸν
1273 4536 1502 4608 οὐρανὸν
1534 4535 1602 4607 βα

1839 4542 1876 4596 si
1910 4540 2294 4598 circumdabar
2328 4538 2511 4602 valde,
2544 4546 2600 4592 et
2626 4548 2812 4591 sermo
2846 4534 2898 4587 in
2931 4548 3018 4587 me
3066 4532 3328 4585 immuta—

117 4618 306 4688 σιλειῶν,
334 4625 484 4698 ἐδόθη
510 4628 623 4699 λαῷ
654 4628 798 4699 ἁγίῳ
835 4627 1094 4698 Ὑψίστου
1127 4627 1445 4697 βασιλεῦσαι
1473 4627 1606 4698 βασι¹

1625 4660 1628 4669 μ
1738 4643 1823 4688 tus
1848 4640 1956 4697 est,
1986 4642 2043 4686 et
2068 4631 2297 4686 verbum
2333 4630 2388 4684 in
2417 4628 2588 4683 corde
2616 4640 2737 4680 meo
2764 4622 3063 4679 servavi".
3096 4640 3114 4673 ι

116 4710 224 4766 λείαν
244 4716 467 4773 αἰώνιον·
500 4722 595 4775 καὶ
617 4723 789 4775 πᾶσαι
810 4720 1051 4787 ἐξουσίαι
1108 4721 1544 4793 ὑποταγήσονται
1605 4724 1789 4796 αὐτῷ,
1857 4724 1951 4783 καὶ
2001 4722 2469 4796 πειθαρχήσουσιν
2517 4717 2685 4790 αὐτῷ.
2729 4718 2874 4782 Ἕως
2920 4710 3022 4770 ὦδε
3065 4713 3125 4767 τὺ
3177 4712 3329 4777 τέλος

118 4805 352 4878 τοῦλόγου.
390 4814 530 4884 Ἐγὼ
563 4814 762 4886 Δανιὴλ
807 4814 1066 4879 ἐκστάσει
1124 4816 1484 4889 περιειχόμην
1548 4818 1788 4892 σφόδρα,
1831 4818 1927 4880 καὶ
1959 4820 1994 4891 ή
2038 4816 2186 4885 λέξις
2231 4816 2517 4888 διήνεγκεν
2563 4811 2688 4884 ἐμοὶ
2734 4810 2846 4882 (50)
2871 4851 2885 4876 ,
2933 4808 3028 4865 καὶ
3069 4806 3129 4859 τὸ
3179 4806 3329 4877 ῥῆμα

118 4897 158 4945 ἓν
178 4902 227 4970 τῇ
250 4904 423 4976 καρδίᾳ
453 4924 552 4977 μου
581 4908 844 4979 ἐτήρησα.
879 4926 897 4960 ι

168 4991 235 5044 52.
257 4995 349 5049 Καὶ
373 5000 401 5051 ὁ
424 4999 676 5073 Τρύφων,
707 5002 1059 5071 παυσαμένου
1089 5019 1213 5073 μου,
1239 4998 1414 5055 εἶπεν
1443 4997 1515 5056 Ὠ
1537 5004 1630 5058 av.

1827 5002 1888 5057 ἃ.
1932 5001 2226 5072 Objiciente
2260 4999 2535 5070 Tryphoni:
2569 4995 2843 5051 Christum
2871 5011 2902 5048 a
2933 4991 3155 5047 Daniele
3197 4991 3316 5062 glo-

120 5079 275 5150 θρωπε,
303 5083 445 5143 αὗται
480 5094 630 5163 ἡμᾶς
661 5093 716 5145 αἱ
746 5093 962 5164 Γραφαὶ
1004 5094 1099 5147 καὶ
1138 5093 1381 5148 τοιαῦται
1419 5094 1609 5162 ἕνδοξοπ

1831 5112 1930 5148 :um
1970 5094 2235 5160 describi,
2264 5093 2400 5146 duos
2432 5091 2688 5145 adventus
2727 5086 3011 5156 distinguit
3050 5083 3320 5139 Justinus.

123 5176 187 5225 καὶ
210 5175 351 5244 ιιέγαν
376 5181 657 5254 ἀναμένειν
682 5185 770 5238 τὸν
798 5184 951 5258 παρὰ
975 5185 1067 5239 τοῦ
1090 5186 1330 5241 Παλαιοῦ
1360 5187 1466 5240 τῶν
1492 5190 1612 5259 ήμε-

1831 5187 1926 5242 Hic
1975 5186 2222 5257 Trypho,
2256 5183 2578 5258 quiescente
2628 5178 2903 5236 mezlsta:
2941 5192 3077 5245 nos,
3120 5175 3320 5246 inquit,

173 5351 207 5382 "
237 5353 352 5417 Dan.
385 5376 477 5427 vn,
513 5361 696 5419 9-28.

174 5530 260 5615 $28)
289 5538 409 5592 Μετ’
423 5541 680 5615 αὐζορςκ
699 5539 1011 5615 Legendum
1048 5541 1143 5597 καὶ
1173 5541 1359 5615 ἕτερος
1397 5541 1621 5613 μετάὺ-

1826 5539 1903 5595 'is.
1942 5540 2159 5615 Habent
2186 5539 2339 5615 aliae,
2370 5545 2429 5592 ut
2469 5545 2523 5593 et
2561 5550 2694 5592 mss.
2726 5533 2975 5600 codices,
3010 5530 3091 5595 εις
3123 5529 3315 5601 χεῖρας

125 5608 233 5684 ξοῖδς,
252 5616 299 5684 ut
324 5623 490 5668 monet
514 5608 820 5684 Thirlbius‘,
840 5614 932 5683 qui
966 5613 1063 5668 bas
1102 5608 1469 5684 voces'forma
1490 5627 1614 5681 pau«

1793 5628 1837 5675 ›ς
1868 5610 2061 5684 καιροῦ
2099 5608 2288 5684 αὑτοῦ)
2378 5678 2397 5684 Α
2451 5677 2462 5684 _
2721 5676 2733 5684 _
2828 5676 2840 5684 ,
2890 5672 2912 5684 -
3005 5670 3038 5684 .,
3146 5670 3159 5684 .
3227 5668 3282 5684 ...

126 5666 548 5758 lltlugnILimmutata
573 5666 715 5739 ante,
741 5666 1093 5756 κάιτέτέροιλς
1122 5666 1425 5741 uastitas
1442 5666 1615 5739 ιάεέεε

1824 5666 1916 5753 30)
1953 5666 2062 5758 Kal
2097 5684 2135 5751 ἠ
2168 5680 2337 5758 λέξις
2367 5677 2682 5758 Missas?
2709 5676 2863 5758 έιερὲο.
2890 5668 3313 5758 ῃδίμηκὴὶβίῗ

129 5756 198 5791 t’OII
220 5744 311 5799 tcit.
968 5741 979 5756 ’
1076 5741 1089 5748 ’

178 5756 267 5887 ὁθ)
298 5822 389 5889 Εἰς
413 5824 607 5889 χεῖρας
634 5827 841 5885 αὑτοῦ.
877 5827 967 5887 Sic
1003 5826 1355 5887 emendatum
1386 5825 1444 5884 in
1486 5827 1618 5887 edit.

1830 5770 1877 5819 s,
1899 5741 2058 5834 ’καὶή
2095 5741 2277 5889 μῖορφὲ
2304 5741 2404 5822 ῥου
2439 5741 2993 5818 ήλ”λοιώθη.’νίόθιυί·
3022 5741 3313 5815 legendum

1824 5825 1870 5882 td
1907 5822 2182 5885 Justinqu
2213 5824 2240 5878 ἓ
2280 5839 2326 5888 ις
2361 5835 2459 5889 pro
2498 5818 2660 5887 λέξις·

178 5811 267 5887 (*9)
298 5822 389 5891 Εἰς
412 5824 607 5897 χεῖρας
634 5827 841 5885 αὑτοῦ.
877 5827 967 5887 Sic
1003 5826 1355 5887 emendatum
1386 5825 1444 5884 in
1486 5827 1620 5887 edit.

1170 5826 1355 5885 datum
1386 5825 1444 5884 in
1486 5827 1620 5887 edit.
1733 5811 1875 5897 apud
1907 5811 2326 5915 δυειιξιίιυίέξις
2361 5811 2474 5893 pro
2498 5818 2659 5887 λέξις-

1626 5956 1691 5971 Ἣ
