3770 6490
412 331 518 389 διδ

1268 330 1326 387 S.
1361 331 1633 388 JUSTlNl
1664 330 2074 389 PHILOSOPHI
2108 332 2196 387 ET
2233 330 2589 388 MARTYRIS

3578 334 3676 390 5M

408 461 468 507 et
508 452 629 503 2mm
676 447 945 519 ejusmodi
992 447 1330 519 Scriptura,
1361 450 1661 518 gloriosum
1706 460 1907 521 cogunt
1937 466 1967 504 e

2165 468 2225 513 ιν,
2258 450 2333 513 ὡς
2367 450 2495 502 Υίὸν
2533 448 2842 519 ἀνθρώπου,
2881 446 3377 520 παραλαμὸάνοντα
3408 445 3505 519 τὴν
3541 451 3677 503 alii»-

411 554 668 609 magnum
708 548 1030 608 exspectare
1053 553 1202 604 eum,
1238 539 1328 607 qui
1366 556 1594 606 regnum
1624 549 1888 595 aeternum
1923 541 1992 595 ab

411 634 662 702 Antiquo
682 632 915 698 dierum,
952 641 1211 702 tanquam
1262 630 1435 686 Filius
1471 633 1733 698 hominis,
1767 632 1989 701 accipit.

411 727 610 783 Vester
650 737 829 782 autem
876 725 964 779 ille
1002 725 1274 789 Christus,
1316 740 1477 794 quem
1526 727 1599 779 ita
1634 729 1864 787 vocatis,
1911 728 1992 780 iu-

412 822 712 879 honoratus
756 829 811 875 et
861 820 1127 890 inglorius
1170 819 1295 883 fuit,
1328 820 1403 874 ita
1438 831 1491 874 ut
1527 822 1692 875 etiam
1726 822 1777 875 in
1807 831 1993 877 extre-

412 930 558 970 mam
592 914 758 980 illam,
787 930 905 983 qua:
929 915 982 967 in
1012 913 1125 982 lege
1152 912 1245 967 Dei
1267 915 1528 978 sancitur,
1552 916 1988 970 exsecrationem

410 1006 740 1061 incurreret.
775 1005 870 1058 Est
899 1004 1044 1057 enim
1082 1004 1135 1057 in
1166 1018 1385 1057 crucem
1418 1014 1598 1061 actus.

480 1098 619 1155 Tum
647 1113 745 1169 ego
773 1098 839 1151 ad
870 1096 1025 1151 illum
1054 1114 1067 1150 :
1097 1096 1154 1150 Si
1196 1095 1519 1164 Scripturaa,
1544 1110 1686 1166 quas
1703 1095 1818 1163 jam
1845 1095 1989 1150 reci»

409 1193 542 1259 tavi,
591 1207 698 1247 non
748 1192 864 1261 ejus
917 1190 1155 1261 speciem
1199 1188 1487 1259 ittgloriam
1542 1189 1663 1243 fore
1715 1199 1772 1243 et
1820 1204 1989 1259 genus

407 1284 773 1342 inenarrabile
822 1284 1102 1348 dicerent,
1137 1298 1202 1337 ac
1253 1298 1351 1351 pro
1396 1292 1572 1337 morte
1624 1282 1743 1352 ejus
1791 1283 1990 1337 divites

406 1386 580 1432 morte
611 1376 881 1454 affectum
903 1375 987 1439 iri,
1025 1390 1233 1443 nosque
1263 1373 1382 1441 ejus
1412 1375 1582 1429 livore
1610 1384 1890 1439 sanatum,
1925 1389 1989 1428 ac

406 1471 580 1541 ipsum
627 1479 884 1539 tanquam
916 1484 1072 1523 ovem
1114 1468 1413 1522 abductum
1456 1467 1559 1532 iri;
1592 1467 1635 1521 si
1681 1480 1786 1520 non
1817 1481 1988 1535 expo-

404 1563 636 1618 suissem
675 1561 945 1632 duplicem
986 1561 1130 1616 illius
1159 1560 1479 1624 adventum,
1515 1559 1748 1613 alterum
1790 1559 1842 1612 in
1882 1573 1991 1627 quo

403 1660 637 1720 punctus
676 1661 761 1706 est
788 1668 817 1705 a
854 1651 1027 1715 vobis,
1063 1651 1294 1705 alterum
1347 1651 1401 1704 in
1443 1664 1549 1718 quo
1595 1650 1903 1719 agnoscetis
1934 1650 1986 1702 in

402 1761 563 1816 quem
602 1746 930 1817 pupugistis,
967 1756 1023 1800 et.
1056 1745 1313 1815 plangant
1347 1744 1522 1800 tribus
1560 1756 1783 1810 vestrae,
1809 1746 1989 1801 tribus

404 1839 472 1892 ad
535 1839 767 1904 tribum,
824 1838 1083 1893 mulieres
1133 1853 1419 1902 seorsum,
1465 1846 1517 1892 et
1555 1838 1660 1891 viri
1700 1853 1981 1904 seorsum;

402 1935 633 1989 obscura
680 1942 736 1988 et
774 1933 984 1987 incerta
1030 1933 1217 1988 dicere
1259 1933 1503 1987 viderer.
1557 1930 1715 1985 Nunc
1756 1947 1888 1987 vero
1928 1934 1982 1988 in

402 2025 547 2080 omni
595 2039 849 2080 sermone
885 2039 951 2078 ex
990 2023 1193 2079 sanctis
1238 2024 1380 2093 apud
1424 2039 1522 2077 vos
1555 2035 1608 2077 et
1650 2025 1987 2095 propheticis

403 2115 701 2184 Scripturis
727 2131 944 2171 omnem
977 2116 1391 2170 demonstrandi
1430 2117 1699 2171 rationem
1732 2118 1982 2184 instituo,

401 2220 628 2275 sperans
670 2216 913 2263 vestrum
948 2207 1182 2275 aliquem
1213 2222 1278 2260 ex
1312 2220 1378 2260 eo
1413 2208 1640 2276 reperiri
1687 2224 1847 2278 posse
1895 2225 1984 2264 se-

400 2295 570 2360 mine,
594 2297 737 2365 quod
774 2311 872 2365 per
903 2297 1139 2366 gratiam
1174 2296 1393 2351 Domini
1436 2297 1680 2351 Sabaoth
1710 2300 1985 2369 reliquum

400 2390 470 2442 ad
496 2388 727 2443 salutem
746 2399 1008 2444 mteruam
1038 2389 1240 2443 factum
1273 2399 1377 2443 est.
1404 2388 1593 2459 Itaque
1620 2400 1677 2445 ut
1704 2402 1759 2445 et
1780 2392 1985 2448 clarius

397 2480 557 2535 vobis
610 2479 662 2534 id
705 2480 849 2549 quod
901 2480 1217 2548 quaerimus,
1256 2481 1374 2548 fiat,
1409 2480 1633 2539 afferam
1675 2483 1781 2537 alia
1814 2487 1983 2539 etiam

399 2572 568 2627 verba
600 2587 630 2625 a
659 2572 821 2627 beato
850 2572 945 2626 illo
984 2573 1100 2626 viro
1130 2573 1335 2627 Davide
1369 2575 1742 2643 pronuntiata,
1772 2591 1845 2631 ex.
1869 2579 1987 2645 qni-

399 2663 503 2718 bus
533 2662 813 2717 Christum
854 2661 1171 2733 intelligetis
1198 2679 1228 2718 a
1265 2674 1459 2720 sancto
1500 2668 1827 2736 prophetico
1856 2667 1985 2737 Spi-

398 2754 508 2808 ritu
563 2754 852 2808 Dnminum
906 2756 1072 2809 etiam
1124 2757 1338 2824 vocari,
1368 2767 1422 2811 et
1460 2774 1488 2811 a
1534 2757 1697 2812 Patre
1737 2760 1981 2813 omnium

398 2846 635 2902 Domino
672 2862 704 2901 e
746 2848 908 2903 terris
956 2849 1240 2915 revocari,
1284 2860 1342 2906 et
1387 2853 1455 2905 ad
1501 2852 1673 2922 ipsius
1731 2853 1981 2908 dextram

399 2941 679 3003 collocari,
727 2941 902 2996 donec
958 2941 1120 2997 Pater
1170 2954 1339 3013 ponat
1385 2944 1637 3000 inimicos
1684 2946 1981 3002 scabellum

397 3033 600 3101 pedum
635 3033 775 3102 ejus.
821 3033 975 3100 Quod
1024 3036 1242 3103 quidem
1276 3037 1387 3107 jam
1420 3036 1544 3091 inde
1573 3038 1724 3095 litex
1773 3055 1881 3109 quo
1926 3040 1982 3095 in

2093 560 2205 597 νιον
2250 542 2525 613 βασιλείαν
2561 540 2978 610 ἀναγκάζουσιν.
3026 537 3193 603 Οὗτος
3236 539 3293 594 δὲ
3337 541 3367 592 ὁ
3413 540 3678 613 ὑμέτερος

2093 635 2382 706 λεγόμενος
2420 635 2675 706 Χριστὸς,
2711 634 2904 706 ἄτιμος
2946 632 3041 687 καὶ
3077 630 3262 696 ἄδοξος
3300 632 3563 700 γέγονεν,
3605 635 3680 698 ὡς

2092 728 2189 782 καὶ
2220 730 2286 798 τῇ
2317 728 2520 799 ἐσχάτῃ
2554 727 2771 799 κατάρᾳ.
2810 730 2873 799 τῇ
2908 728 2968 778 ἐν
2994 724 3068 795 τῷ
3096 725 3250 799 νόμῳ
3281 723 3378 776 τοῦ
3415 724 3559 778 Θεοῦ
3583 743 3678 779 πε-

2098 822 2359 891 ριπεσεῖν·
2398 818 2718 891 ἐσταυρώθη
2750 821 2879 891 γάρ.

2164 1102 2337 1172 Κάγὼ
2369 1105 2506 1179 πρὸς
2533 1105 2713 1159 αὐτόν’
2750 1106 2813 1158 El
2847 1106 2964 1176 μὲν,
2999 1105 3044 1158 ὦ
3072 1106 3287 1178 ἄνδρες,
3316 1108 3391 1178 μὴ
3425 1108 3541 1160 ἀπὸ
3577 1109 3680 1161 τῶν

2091 1194 2323 1266 Γραφῶν
2357 1189 2431 1249 ὧν
2471 1197 2943 1268 προανιστόρησα,
2981 1199 3041 1251 τὸ
3084 1195 3221 1263 εἶδος
3254 1198 3421 1257 αὑτοῦ
3471 1198 3679 1264 ᾰῧοξον,

2091 1287 2186 1341 καὶ
2212 1288 2271 1340 τὸ
2305 1288 2461 1356 γένος
2484 1289 2649 1342 αὑτοῦ
2675 1291 2984 1361 ἀδιήγητον,
3020 1292 3117 1346 καὶ
3152 1293 3272 1348 ἀντὶ
3313 1291 3408 1344 τοῦ
3446 1291 3678 1345 θανάτευ

2091 1378 2256 1431 αὑτοῦ
2293 1380 2418 1444 τοὺς
2458 1381 2745 1445 πλουσίους
2786 1381 3288 1455 θανατωθήσεσθαι,
3322 1385 3421 1437 καὶ
3456 1384 3539 1455 τῷ
3571 1385 3680 1455 μώ-

2090 1470 2231 1524 λωπι
2272 1472 2431 1525 αὑτοῦ
2468 1475 2630 1543 ἡμεῖς
2674 1474 2903 1545 ίάθημεν
2952 1473 3098 1546 (51),
3140 1475 3235 1530 καὶ
3279 1477 3356 1539 ὠς
3402 1476 3680 1547 πρόόατον

2090 1563 2424 1634 ἀχθήσεσθαι
2460 1564 2693 1633 ἐλέγετο,
2725 1566 2821 1619 καὶ¹
2860 1566 2953 1618 δύο
2987 1567 3289 1640 παρουσίας
3323 1568 3494 1621 αὑτοῦ
3525 1571 3682 1639 γενή-

2092 1654 2277 1707 σεσθαι
2325 1653 2700 1727 ὲξηγησάμην,
2740 1655 2868 1726 μίαν
2914 1656 3012 1727 μὲν
3046 1652 3170 1731 ὲνῇ
3215 1657 3556 1729 ὲξεκεντήθη
3598 1658 3681 1727 ὑφ’

2092 1746 2264 1817 ὑμῶν,
2294 1746 2551 1821 δευτέραν
2584 1747 2640 1800 δὲ
2668 1748 2755 1801 ὅτε
2795 1747 3163 1816 ἐπιγνώσεσθε
3193 1751 3273 1813 είς
3304 1751 3364 1802 ὃν
3392 1750 3682 1822 ὲξεκεντή-

2018 1802 2063 1861 B
2093 1802 2221 1892 σατε
2240 1802 2263 1904 ,1
2291 1837 2386 1892 καὶ
2418 1802 2671 1909 κόψονται
2705 1841 2759 1895 αἱ
2795 1802 2959 1910 φυλαὶ
3001 1841 3030 1892 ὑ
3042 1840 3188 1911 μῶν,
3224 1802 3365 1913 φύλὴ
3589 1802 3682 1911 φύ-

2088 1931 2205 2003 λὴν,
2236 1933 2292 1984 αἱ
2318 1935 2575 2001 γυναῖκες
2597 1935 2717 1985 κατ’
2740 1933 2897 1995 ἰδίαν,
2931 1933 3026 1985 καὶ
3065 1935 3114 1987 οἱ
3152 1932 3347 2005 ἄνδρες
3375 1936 3506 1987 κατ’
3529 1934 3678 1999 ἰδίαν,

2087 2024 2272 2093 ἀσαφῆ
2302 2024 2393 2077 καὶ
2430 2023 2609 2096 ἄπορα
2637 2024 2854 2077 ἐδόκουν
2882 2022 3079 2091 λέγειν,
3119 2023 3233 2077 Νῦν
3256 2024 3314 2077 δὲ
3346 2024 3441 2077 διὰ
3466 2026 3682 2079 πάντων

2087 2115 2195 2169 τῶν
2224 2115 2399 2185 λόγων
2424 2116 2532 2175 ἀπὸ
2565 2116 2673 2169 τῶν
2704 2120 2832 2190 παρ’
2852 2119 2980 2189 ὑμῖν
3007 2116 3179 2188 ἁγίων
3194 2118 3289 2171 καὶ
3325 2120 3680 2190 προφητικῶν

2087 2210 2321 2284 Γραφῶν
2364 2211 2462 2274 τὰς
2512 2212 2691 2275 πάσας
2744 2212 3049 2279 ἀποδείξεις
3104 2213 3401 2284 ποιοῦμαι,
3446 2213 3681 2277 ἐλπίζων

2086 2305 2208 2359 τινὰ
2243 2304 2299 2370 ἐξ
2334 2305 2486 2374 ὑμῶν
2517 2304 2777 2359 δύνασθαι
2808 2306 3097 2377 εὑρεθῆναι
3124 2307 3188 2361 ὲκ
3213 2305 3303 2360 τοῦ
3341 2306 3491 2359 κατὰ
3528 2307 3679 2376 χάριν

2086 2397 2184 2468 τὴν
2219 2394 2327 2450 ἀπὸ
2357 2395 2446 2448 τοῦ
2479 2396 2685 2468 Κυρίου
2714 2395 2942 2451 Σαϐαὼθ
2980 2396 3420 2468 περιλειφθέντος
3455 2396 3573 2466 (32)
3608 2398 3680 2457 εἰς

2087 2486 2186 2557 τὴν
2212 2484 2427 2540 αἰώνιον
2457 2487 2754 2557 σωτηρίαν.
2783 2488 2905 2541 Ἵνα
2942 2483 3036 2541 οὖν
3060 2488 3155 2541 καὶ
3185 2486 3527 2559 σαφέστερον
3561 2489 3678 2557 ὑμῖν

2086 2580 2147 2633 τὸ
2176 2579 2503 2651 ζητούμενον
2537 2580 2632 2633 νῦν
2665 2580 2911 2652 γένηται,
2934 2580 3044 2653 ἐρῶ
3072 2582 3201 2652 ὑμῖν
3231 2580 3327 2635 καὶ
3361 2580 3568 2644 ἄλλους
3598 2581 3679 2631 λό-

2087 2687 2216 2739 γους
2244 2672 2370 2736 τοὺς
2397 2671 2720 2742 εἰρημένους
2741 2671 2829 2726 διὰ
2864 2671 3028 2723 Δαὸὶδ
3055 2670 3147 2724 τοῦ
3181 2669 3484 2743 μακαρίουσ
3524 2670 3583 2734 ἐξ
3611 2663 3679 2723 ὧν

2088 2763 2181 2819 καὶ
2222 2763 2425 2834 Κύριον
2459 2764 2548 2817 τὸν
2588 2763 2825 2835 Χριστὸν
2867 2763 2970 2815 ὑπὸ
3010 2761 3102 2816 τοῦ
3139 2764 3296 2831 ἁγίου
3338 2760 3678 2833 προφητικῷ

2093 2856 2413 2926 Πνεύματος
2447 2856 2738 2926 λεγόμενον
2765 2857 2989 2927 νοήσετε
3010 2894 3023 2919 ,
3060 2854 3155 2908 καὶ
3187 2853 3277 2908 τὸν
3308 2854 3525 2924 Κύριον
3554 2854 3682 2909 πάν-

2086 2964 2194 3004 των
2225 2948 2447 3019 Πατέρα
2474 2948 2746 3015 ἀνάγοντα
2780 2947 2942 3002 αὐτὸν
2976 2948 3084 3001 ἀπὸ
3112 2947 3212 3017 τῆς
3247 2947 3373 3017 γῆς,
3402 2946 3510 3000 καὶ
3535 2946 3682 2999 καθί-

2087 3037 2251 3103 ζοντα
2276 3040 2437 3093 αὺτὸν
2466 3041 2522 3093 ἐν
2556 3038 2705 3110 δεξιᾷ
2741 3038 2927 3105 αὐτοῦ,
2962 3039 3069 3103 ἓως
3103 3039 3169 3092 ἂν
3196 3039 3261 3109 θῇ
3292 3038 3421 3101 τοὺς
3452 3037 3679 3111 ἐχθροὺς

399 3127 599 3182 malum
641 3128 891 3183 ascendit
921 3128 1198 3183 redivivus
1226 3145 1295 3184 ex
1322 3131 1557 3185 mortuis
1588 3131 1851 3188 Dominus
1882 3149 1967 3188 no«

2165 3132 2374 3186 οπόδιον
2402 3131 2508 3187 τῶν
2538 3131 2713 3186 ποδῶν
2750 3130 2934 3185 αὐτοῦ·
2966 3132 3106 3203 ὅπερ
3144 3130 3356 3199 γίνεται
3384 3130 3582 3197 ὲξότου
3608 3132 3679 3193 είς

399 3230 516 3276 Slcr
544 3218 703 3275 Jesus
732 3221 1009 3287 Christus,
1042 3223 1390 3277 currentibus
1419 3224 1486 3276 ad
1522 3224 1683 3279 linem
1720 3227 1985 3293 tempori-

398 3314 525 3379 bus,
568 3312 791 3383 jamque
821 3329 887 3368 eo
918 3328 1017 3381 pro
1050 3313 1261 3368 foribus
1317 3324 1561 3380 astante,
1588 3318 1679 3385 qui
1734 3317 1897 3385 impia
1930 3328 1987 3374 et

398 3403 633 3460 nefanda
664 3406 715 3459 in
744 3405 1086 3461 Altissimum
1120 3406 1400 3463 locuturus
1422 3416 1535 3473 est;
1570 3424 1732 3479 quem
1765 3411 1984 3480 quidem

401 3505 616 3565 tempus
647 3505 705 3552 et
734 3507 975 3567 tempora
1014 3506 1071 3551 et
1103 3497 1389 3554 dimidium
1433 3501 1692 3569 temporis
1733 3501 1987 3556 domina-

399 3597 583 3642 turum
631 3588 825 3643 Daniel
870 3588 1133 3644 declarat.
1165 3586 1274 3642 Vos
1306 3602 1488 3644 autem
1519 3590 1691 3660 ignari
1720 3607 1883 3661 quam
1914 3594 1987 3648 sit

398 3695 793 3750 permansurus
816 3681 931 3744 diu,
952 3680 1097 3734 aliud
1117 3680 1470 3737 existimatis.
1492 3700 1511 3733 ι
1538 3682 1775 3752 Tempus
1794 3703 1813 3736 ι
1835 3685 1983 3739 enim

400 3780 617 3826 centum
654 3786 829 3827 annos
873 3772 1339 3841 interpretamini.
1368 3772 1524 3839 Quod
1553 3775 1775 3844 quidem
1820 3778 1866 3831 si
1908 3778 1984 3833 ita

400 3872 510 3926 est,
539 3861 814 3915 hominem
862 3861 1166 3931 iniquitatis
1204 3873 1480 3918 trecentos
1514 3865 1582 3919 ad
1613 3866 1897 3922 minimum
1931 3878 1985 3925 et

402 3953 795 4023 quinquaginta
840 3969 1014 4009 annos
1045 3969 1277 4023 regnare
1308 3966 1545 4024 oportet,
1575 3967 1638 4012 ut
1678 3959 1731 4013 id
1770 3963 1915 4030 quod
1953 3980 1984 4018 a

404 4058 599 4101 sancto
624 4047 846 4102 Daniele
872 4048 1075 4103 dictum
1109 4058 1213 4116 est,
1244 4066 1263 4100 ‹
1294 4057 1348 4103 et
1379 4031 1646 4118 tempora,
1677 4071 1694 4103 ι
1724 4068 1820 4119 pro
1848 4056 1985 4108 duo-

400 4140 505 4195 bus
553 4149 765 4193 tantum
827 4142 1162 4209 temporibus
1218 4156 1590 4198 numeremus.
1649 4144 1808 4215 130
1858 4146 1984 4203 Haec

402 4241 585 4287 autem
633 4234 816 4287 omnia
855 4234 1167 4304 digrediens
1199 4250 1228 4289 a
1256 4238 1541 4307 proposito
1578 4240 1734 4295 vobis
1762 4241 1895 4309 dixi,
1928 4250 1985 4296 ut

402 4323 619 4378 tandem
655 4324 948 4393 aliquando
979 4325 1136 4380 [idem
1170 4326 1437 4382 habentes
1474 4329 1562 4393 iis,
1592 4345 1713 4400 qua:
1746 4331 1799 4385 in
1823 4346 1919 4405 vos
1955 4347 1986 4386 a

399 4414 514 4471 Deo
544 4415 798 4495 dicuntur
828 4417 898 4481 ⁸⁷,
938 4432 1131 4488 nempe
1160 4434 1254 4474 vos
1287 4437 1407 4476 esse
1450 4423 1593 4478 lilios
1634 4423 1979 4491 insipientes,

2088 3226 2178 3282 τὸν
2211 3225 2439 3297 οὐρανὸν
2467 3224 2741 3296 ἀνελήφθη
2782 3224 2919 3295 μετά
2945 3224 3004 3277 τὸ
3038 3226 3103 3277 ὲκ
3135 3223 3345 3295 νεκρῶν
3374 3225 3681 3297 ἀναστῆναι

2086 3321 2115 3372 ό
2138 3320 2406 3390 ἡμέτερος
2428 3318 2634 3390 Κύριος
2658 3316 2867 3387 Ἰησοῦς
2893 3318 3148 3389 Χριστὸς,
3166 3316 3273 3371 τῶν
3302 3317 3525 3389 χρόνων
3558 3337 3682 3389 συμ⁸

2087 3409 2499 3483 πληρουμένων,
2521 3410 2617 3468 καὶ
2646 3409 2737 3463 τοῦ
2763 3409 3060 3482 βλάσφημα
3091 3410 3186 3463 καὶ
3212 3409 3466 3484 τολμηρὰ
3490 3413 3575 3474 είς
3602 3410 3683 3463 τὸν

2090 3501 2352 3573 Ὕψιστον
2379 3502 2666 3573 μέλλοντος
2690 3500 2873 3556 λαλεῖν
2904 3502 3003 3573 ήδη
3036 3502 3127 3554 ἐπὶ
3154 3500 3347 3573 θύραις
3373 3496 3537 3566 ὄντος
3554 3503 3677 3571 ('55),

2086 3595 2277 3666 καιρὸν
2320 3595 2414 3647 κα)⁵
2459 3596 2688 3666 καιροὺς
2737 3594 2833 3647 καὶ
2877 3595 3050 3665 ἥμισυ
3098 3593 3291 3665 καιροῦ
3337 3593 3682 3659 δωκαθὲξειν

2085 3685 2284 3757 Δανιὴλ
2326 3685 2538 3757 μηνύει.
2594 3687 2706 3740 Καὶ
2755 3687 2916 3757 ὑμεῖς
2962 3687 3284 3756 ἀγνοοῦντες
3328 3687 3508 3744 πόσον
3559 3690 3680 3760 χρό-

2086 3794 2175 3832 νον
2212 3776 2319 3849 (54)
2353 3777 2693 3849 διακατέχειν
2736 3780 2953 3850 μέλλει,
2989 3780 3115 3834 ἄλλο
3145 3780 3387 3850 ἡγεῖσθε.
3428 3782 3546 3836 Τὺν
3578 3782 3680 3853 γὰρ

2086 3873 2276 3943 καιρὸν
2312 3872 2504 3925 ἑκατὸν
2552 3870 2644 3943 ἐτη
2687 3870 2970 3943 ὲξηγεῖσθε
3008 3871 3279 3941 λέγεσθαι.
3325 3874 3391 3925 Εἰ
3424 3873 3487 3925 δὲ
3531 3873 3677 3925 τοῦτό

2087 3965 2252 4027 ἐστιν,
2291 3965 2370 4027 είς
2405 3963 2464 4016 τὸ
2503 3962 2783 4033 ἐλάχιστον
2826 3964 2916 4016 τὸν
2960 3963 3061 4033 τῆς
3109 3965 3340 4034 ἀνομίας
3384 3966 3677 4036 ἄνθρωπον

2086 4058 2370 4129 τριακόσια
2429 4056 2768 4128 πεντήκοντα
2813 4055 2905 4127 ἔτη
2957 4053 3270 4126 βασιλεῦσαι
3314 4056 3431 4121 δεῖ,
3487 4058 3579 4111 ἵνα
3623 4056 3677 4107 τὸ

2087 4151 2375 4223 εἰρημένον
2410 4150 2514 4203 ὑπὸ
2556 4150 2648 4204 τοῦ
2697 4149 2853 4218 ἀγίου
2900 4148 3129 4219 Δανιὴλ,
3159 4149 3254 4203 καὶ
3299 4148 3519 4219 καιρῶν
3550 4148 3674 4220 (55),

2086 4245 2179 4300 δύο
2203 4246 2395 4317 μόνους
2418 4244 2645 4319 καιροὺς
2666 4242 2919 4311 λέγεσθαι
2945 4241 3361 4313 ἀριθμήσωμεν.
3379 4243 3497 4294 Καὶ
3512 4240 3676 4295 ταῦτα

2087 4338 2144 4390 δὲ
2178 4338 2354 4392 πάντα
2378 4337 2413 4390 ἃ
2442 4336 2646 4405 ἔλεγον,
2672 4338 2728 4390 ὲν
2756 4335 3129 4407 παρεκϐάσεσι
3153 4333 3298 4403 λέγω
3332 4334 3475 4405 πρὸς
3514 4334 3674 4404 ὑμᾶς,

2090 4430 2175 4483 ἴνα
2204 4430 2305 4501 ἤδη
2340 4430 2468 4483 ποτὲ
2502 4428 2816 4491 πεισθέντες
2838 4427 2914 4499 τῷ
2946 4428 3223 4501 εἰρημένῳ
3250 4425 3371 4481 καθ’
3391 4424 3556 4496 ὑμῶν
3578 4425 3677 4477 ὑπὸ

401 4506 535 4563 item
565 4509 650 4563 his
684 4512 866 4566 verbis
894 4529 908 4567 :
941 4528 960 4563 ε
991 4512 1286 4583 Propterea
1332 4531 1603 4586 apponam
1650 4527 1709 4572 ut
1741 4519 1967 4573 transfe<

2165 4520 2178 4573 3
2212 4520 2366 4584 Θεοῦ,
2392 4522 2474 4573 ὅτι
2500 4520 2608 4573 υἱοὶ
2640 4520 2889 4575 ἀσύνετοί
2925 4523 3070 4585 ἐστε,
3099 4518 3193 4572 καὶ
3224 4518 3306 4571 τό·
3338 4535 3357 4567 ι
3384 4516 3488 4570 Διὰ
3527 4515 3676 4569 τοῦτο

403 4614 525 4654 ram
557 4605 809 4671 populum
839 4607 1007 4670 hunc,
1033 4617 1088 4661 et
1130 4608 1455 4663 transferam
1488 4623 1611 4676 eos;
1645 4620 1701 4665 et
1731 4610 1977 4665 auferam

408 4693 731 4760 sapientiam
778 4698 1086 4765 sapientum
1131 4707 1185 4753 et
1218 4700 1630 4768 intelligentiam
1668 4700 1981 4770 intelligen-

408 4783 541 4836 tium
573 4786 811 4855 ipsorum
853 4790 1147 4845 occultabo
1177 4791 1252 4855 ’8;
1276 4809 1294 4841 ι
1339 4792 1602 4846 desinatis
1630 4801 1685 4847 et
1714 4807 1809 4846 vos
1837 4793 1981 4862 ipsos

408 4882 463 4927 et
498 4890 594 4931 eos
633 4880 725 4947 qui
764 4894 861 4935 vos
902 4882 1146 4945 audiunt,
1181 4883 1234 4936 in
1270 4897 1516 4937 errorem
1552 4884 1830 4949 inducere,
1863 4893 1921 4939 et
1948 4900 1979 4940 a

406 4967 584 5033 nobis,
604 4972 801 5039 quibus
818 4973 1018 5029 Christi
1036 4978 1209 5047 gratia
1230 4979 1553 5048 sapientiam
1574 4981 1851 5050 praestitit,
1872 4980 1985 5037 odio

474 5129 521 5161 "
557 5128 667 5185 lor.
703 5145 778 5196 Iv,
804 5131 898 5189 ‘22..
970 5134 1018 5167 ⁸⁸
1056 5133 1164 5189 lsa.
1196 5151 1352 5203 xxxx,
1389 5136 1477 5193 M.

477 5271 591 5349 (3A!)
625 5272 812 5349 _Kal_...
848 5271 1116 5343 ὶάθημεν.
1158 5275 1276 5347 Ipsa
1328 5280 1626 5349 Scriptura:
1659 5279 1823 5333 verba
1857 5279 1991 5334 reti-

403 5343 588 5421 net_§.
617 5341 889 5421 Justinus,
920 5341 1020 5399 nec
1046 5341 1269 5421 necesse
1296 5360 1387 5421 est
1426 5341 1607 5421 legere
1635 5350 1875 5421 ἰαθῆναι.

479 5413 731 5492 (ὅὲ-ὶο-ᾟκ
763 5414 937 5492 rei]...
967 5413 1702 5492 τζεριλειφθέντοςῘδιιρρΙθ
1746 5413 1989 5492 σπέρμα-

404 5499 521 5547 ⁴τος.
566 5483 683 5539 Viti.
720 5501 772 5538 n.
807 5484 876 5540 55
905 5497 958 5539 et
991 5487 1078 5540 64.

478 5554 589 5623 (5³5)
630 5555 756 5608 Ἐπὶ
785 5557 989 5623 θύραις
1022 5557 1213 5625 ὄντος.
1258 5559 1387 5615 Post
1432 5560 1531 5619 hes
1575 5577 1738 5616 voces
1784 5563 1991 5618 addeno

403 5624 539 5699 nium
557 5626 629 5699 Δδν
657 5628 936 5699 admonuit
973 5628 1315 5699 Sylburgius.

407 5695 423 5705 ‘
484 5695 598 5764 (54)
632 5697 837 5750 Πόσον
870 5695 1109 5766 χρόνον,
1140 5695 1201 5751 κῖ
1223 5718 1271 5753 τ.
1310 5701 1358 5753 λ.
1400 5700 1550 5756 ΙΙιιιιο
1576 5703 1814 5757 Danielis
1842 5718 1993 5757 com-

412 5772 600 5837 putum
627 5782 723 5836 per
748 5769 1029 5824 triennium
1055 5780 1103 5824 et
1128 5786 1219 5826 sex
1245 5788 1448 5827 menses
1478 5774 1711 5844 cXplicat
1733 5774 1989 5843 lrcnaeus,

2093 4614 2201 4668 ίδοὺ
2234 4613 2527 4685 προσθήσω
2560 4612 2651 4667 τοῦ
2694 4612 3006 4684 μεταθεῖναι
3045 4612 3134 4664 τὸν
3174 4610 3302 4665 λαὸν
3338 4608 3554 4674 τοῦτον,
3588 4608 3675 4662 καὶ

2094 4709 2383 4779 μεταθήσω
2408 4708 2623 4772 αὐτοὺς,
2656 4708 2751 4763 καὶ
2779 4705 2964 4777 ἀφελῶ
2991 4705 3090 4777 τὴν
3120 4703 3311 4774 σοφίαν
3334 4702 3443 4755 τῶν
3475 4700 3673 4771 σοφῶν,

2090 4801 2184 4854 καὶ
2215 4800 2312 4872 τὴν
2350 4801 2562 4854 σύνεσιν
2603 4800 2710 4853 τῶν
2744 4799 2978 4853 συνετῶν
3018 4798 3199 4852 αὐτῶν
3232 4796 3449 4868 κρύψω,
3480 4816 3503 4848 ›
3542 4794 3675 4847 παύ-

2093 4891 2258 4963 σησθε
2289 4891 2381 4949 καὶ
2410 4892 2633 4954 ἑαυτοὺς
2665 4891 2903 4954 καὶτοὺς
2936 4889 3089 4960 ὑμῶν
3109 4887 3405 4950 ἀκούοντας
3433 4884 3677 4939 πλανῶν-

2091 4999 2202 5046 τες,
2241 4984 2337 5039 καὶ
2371 4981 2672 5053 παρ’ήμῶν
2716 4981 3080 5054 μανθάνοντες
3110 4978 3219 5051 (56)
3250 4977 3357 5032 τῶν
3392 4974 3671 5047 περισθεν-

2099 5284 2154 5331 in
2187 5280 2376 5351 quibus
2412 5281 2620 5334 veniens
2652 5278 3071 5351 (Antichristusj
3094 5279 3667 5351 fegnaibirsnperirer-

2095 5366 2228 5402 ram.
2270 5349 2410 5405 lreu.
2447 5353 2568 5404 adv.
2599 5348 2811 5417 Intres”
2837 5365 2889 5417 v,
2918 5350 3009 5411 25,
3042 5348 3148 5420 §3,
3179 5364 3233 5417 p.
3266 5350 3377 5403 525
3410 5352 3495 5408 ed.
3537 5349 3670 5403 Mas-

2094 5430 2232 5473 suet.
2256 5426 2406 5473 λειω.

2165 5490 2279 5563 (:35)
2320 5490 2426 5543 Kal
2464 5490 2704 5563 καιρῶν.
2742 5492 2977 5563 Clarom.
3011 5491 3106 5545 καὶ
3139 5489 3353 5563 καιρόν.

2166 5560 2278 5629 (Sb)
2324 5560 2765 5629 Μανθάνοντες.
2820 5561 2945 5615 llaec
2981 5563 3174 5616 referri
3212 5559 3442 5629 possunt
3476 5559 3543 5612 ad
3579 5573 3667 5610 su-

2094 5632 2279 5698 perius
2316 5633 2539 5684 verbum
2596 5633 2928 5695 πεισθέντες.
2974 5632 3154 5696 Quare
3204 5630 3275 5684 nil
3324 5644 3546 5684 necesse
3590 5636 3667 5680 est

2095 5701 2276 5773 legere
2312 5699 2634 5773 pavﬂa'wn'rs
2670 5714 2763 5758 aut
2814 5700 3112 5773 μανθάνετε
3133 5711 3246 5773 Lut
3270 5700 3585 5773 _Sylhurg_io
3612 5706 3667 5773 _ct

2097 5766 2218 5828 aliis
2271 5766 2496 5842 placuit.
2553 5766 2721 5831 Paulo
2776 5766 2903 5830 ante
2950 5772 3082 5844 legit
3132 5766 3411 5828 Tbirlbi'us
3444 5769 3538 5825 καὶ
3571 5766 3664 5838 τῷ,
