3760 6502
421 372 524 429 ειν

1387 367 1443 425 s.
1478 363 1743 424 JUSTINI
1774 358 2187 419 PHILOSOPHI
2220 362 2319 420 ετ
2344 363 2702 425 ωπιιιε

3581 362 3675 424 563

419 487 575 556 cujus
602 502 634 539 α
655 486 798 541 vitiis
829 486 1110 541 abhorrent
1160 484 1472 541 Christiani.
1492 514 1564 525 ——
1582 482 1775 537 Adhuc
1811 489 1900 534 aut

2192 479 2247 532 ὲν
2265 481 2830 552 συνήκατε,καὶᾶλλου
2843 481 3057 553 ψαλμοῦ
3076 482 3151 554 τῷ
3166 482 3333 536 Δαϐὶδ
3349 482 3459 549 (Η)
3480 481 3580 536 ὑπὸ
3592 484 3675 539 τοῦ

420 586 481 631 ut
504 576 658 630 vobis
688 578 1041 647 persuadeam
1076 576 1211 630 nihil
1238 593 1333 631 vos
1363 575 1771 647 Scripturarum
1802 573 2001 630 intelli-

423 680 580 735 gere;
605 667 770 721 alium
794 682 1013 737 quoque
1033 669 1297 736 psalmum
1326 667 1510 721 Davidi
1527 684 1555 720 a
1580 668 1785 736 Spiritu
1811 676 2000 721 sancto

419 757 681 813 dictatum
719 761 1187 823 commemorabo,
1221 774 1383 828 quem
1426 760 1643 827 quidem
1672 759 1725 811 in
1759 758 2001 813 Salomo-

420 850 732 921 nem,131
755 852 844 920 qui
862 861 915 906 et
934 853 1046 921 ipse
1068 868 1161 906 rex
1182 862 1360 906 vester
1378 853 1496 916 l'uit,
1513 852 1715 904 dictum
1739 865 1857 905 esse
1871 865 1999 905 ροη-

420 945 684 1008 tenditis;
718 945 811 999 sed
849 946 892 999 is
922 962 1136 1014 quoqtte
1166 946 1218 999 in
1243 946 1517 1000 Christum
1549 954 1797 999 nostrum
1821 946 1999 1000 editus

419 1044 525 1091 est.
561 1035 673 1090 Vos
706 1045 892 1089 autem
927 1053 994 1090 ex
1028 1038 1325 1106 zequivocis
1351 1038 1664 1091 nominibus
1694 1037 1875 1091 fucum
1906 1053 2001 1091 vo-

418 1125 503 1181 bis
529 1128 629 1197 ipsi
664 1127 867 1183 facitis.
898 1128 997 1183 Ubi
1030 1130 1173 1182 enim
1199 1147 1216 1180 ι
1244 1129 1329 1182 lex
1357 1129 1568 1183 Domini
1602 1130 1947 1184 immaculata
1972 1150 1991 1182 ι

420 1220 683 1285 dicitur’,
718 1221 891 1290 legem
922 1221 1228 1289 intelligitis
1257 1237 1363 1275 non
1396 1222 1543 1277 illam
1564 1238 1682 1292 qua:
1705 1235 1826 1292 post
1850 1222 1999 1293 Moy-

418 1323 515 1363 sen
566 1309 745 1363 futura
791 1321 931 1375 erat,
967 1310 1062 1366 sed
1094 1326 1214 1365 eam
1245 1327 1366 1381 qua:
1400 1328 1495 1381 per
1527 1314 1704 1383 ipsum
1742 1313 1864 1367 data
1893 1322 1993 1378 est,

416 1402 663 1470 quamvis
693 1404 833 1458 Deus
860 1404 1060 1458 clamet
1102 1419 1161 1459 se
1209 1418 1403 1457 novam
1456 1405 1631 1475 legem
1676 1420 1742 1461 ac
1786 1406 1993 1461 Novum

416 1489 824 1546 Testamentum
856 1492 1250 1548 institutarum.
1283 1494 1349 1547 Et
1383 1494 1475 1549 ubi
1506 1496 1743 1550 dicitur:
1784 1514 1801 1548 ‹
1831 1496 1992 1563 Deus,

409 1579 677 1650 judicium
732 1593 881 1637 tuum
931 1584 1063 1655 Regi
1107 1585 1245 1650 da';
1298 1586 1424 1654 quia
1459 1602 1553 1640 rex
1584 1587 1685 1639 fuit
1714 1586 1993 1653 Salomon,

415 1672 682 1739 psalmum
709 1675 760 1728 in
784 1689 907 1727 eum
938 1675 1142 1730 dictum
1166 1692 1287 1730 esse
1313 1676 1502 1741 vultis,
1530 1678 1782 1745 quamvis
1804 1679 1992 1748 psalmi

414 1765 583 1818 verba
613 1766 815 1821 diserte
839 1766 1121 1820 declarent
1150 1780 1274 1820 eum
1303 1766 1511 1820 editum
1549 1766 1716 1822 fuisse
1751 1768 1803 1821 in
1832 1778 1991 1823 aeter-

2103 572 2260 641 ἁγίου
2277 573 2592 644 Πνεύματος
2608 573 2901 646 εἰρημένου
2926 574 3331 645 ἀναμνήσομαι,
3347 573 3410 627 ὃν
3425 577 3507 638 εἰς
3534 575 3681 629 Σολο-

2106 664 2376 735 μῶνα,τὸν
2392 667 2680 737 γενόμενον
2705 666 2800 720 καὶ
2815 665 2983 720 αὐτὸν
2999 664 3222 735 βασιλέα
3241 666 3421 737 ὑμῶν,
3442 666 3680 737 εἰρῆσθαι

2100 755 2307 824 λέγετε·
2344 759 2423 819 εἰς
2454 757 2511 810 δὲ
2544 757 2633 811 τὸν
2667 755 2902 829 Χριστὸν
2934 757 3090 828 ἡμῶν
3122 758 3220 812 καὶ
3253 757 3421 822 αὐτὸς
3454 758 3678 831 εἴρηται.

2112 846 2301 917 Ὑμεῖς
2332 847 2387 899 δὲ
2420 847 2528 900 ἀπὸ
2561 847 2667 901 τῶν
2700 847 3003 919 ὁμωνύμων
3036 848 3233 914 λέξεων
3285 852 3515 915 ἑαυτοὺς
3563 853 3680 917 ἑξα-

2101 942 2310 994 πατᾶτε
2333 958 2345 971 ’
2382 942 2517 995 ὅπου
2551 942 2659 1013 γὰρ
2698 961 2716 991 ι
2740 944 2767 995 6
2800 942 2962 1013 νόμος
3012 942 3103 995 τοῦ
3155 942 3367 1014 Κυρίου
3408 944 3632 1015 ἄμωμος
3660 965 3679 997 ι

2099 1034 2335 1104 εἴρηται,
2370 1033 2491 1104 οὐχὶ
2536 1034 2625 1087 τὸν
2676 1033 2791 1105 μετ’
2826 1036 3031 1087 ἐκεῖνον
3084 1034 3367 1104 μέλλοντα,
3418 1036 3557 1089 ἀλλὰ
3600 1039 3685 1091 τὸν

2099 1123 2187 1176 διὰ
2218 1124 2494 1188 Μωῦσέως
2544 1123 2845 1194 ὲξηγεῖσθε,
2882 1124 2973 1177 τοῦ
3025 1125 3160 1179 Θεοῦ
3217 1125 3471 1195 βοῶντος.
3508 1128 3685 1181 καινὸν

2099 1217 2261 1287 νόμον
2309 1218 2403 1269 καὶ
2450 1216 2641 1287 καινὴν
2686 1215 2951 1287 διαθήκην
2995 1216 3371 1287 διαθήσεσθαι.
3411 1218 3523 1271 Καὶ
3555 1220 3688 1275 ὅπου

2098 1304 2365 1368 λέλεκται,
2404 1324 2421 1355 ι
2454 1306 2511 1357 Ὀ
2544 1305 2695 1369 Θεὸς,
2732 1304 2791 1357 τὸ
2825 1304 2999 1376 κρῖμά
3033 1322 3125 1359 σου
3160 1306 3237 1375 τῷ
3272 1305 3488 1375 βασιλεῖ
3527 1306 3632 1369 δός,
3662 1326 3679 1356 ι

2099 1399 2285 1469 ἐπειδὴ
2312 1398 2566 1469 βασιλεὺς
2588 1396 2844 1468 Σολομὼν
2877 1397 3119 1465 γέγονεν,
3146 1400 3226 1462 εἰς
3261 1398 3425 1451 αὑτὸν
3445 1399 3536 1450 τὸν
3555 1399 3684 1467 ψαλ-

2101 1492 2200 1562 μὸν
2239 1489 2491 1561 εἰρῆσθαί
2535 1506 2691 1557 φατε,
2727 1488 2834 1542 τῶν
2878 1488 3047 1557 λόγων
3082 1489 3174 1541 τοῦ
3207 1489 3427 1559 ψαλμοῦ
3463 1489 3681 1561 διαρρή-

2096 1581 2193 1654 δην
2226 1581 2607 1653 κηρυσσόντων
2641 1582 2719 1643 εἰς
2752 1580 2843 1633 τὸν
2876 1580 3091 1634 αἰώνιον
3126 1580 3372 1650 βασιλέα,
3409 1584 3681 1635 τουτέστιν

2098 1678 2177 1738 εἰς
2210 1675 2300 1727 τὸν
2334 1674 2587 1746 Χριστὸν,
2623 1672 2892 1744 εἰρῆσθαι.
2912 1674 2968 1727 ’0
2994 1674 3103 1744 γάρ
3134 1676 3371 1746 Χριστὸς
3408 1675 3679 1745 βασιλεὺς,

2098 1767 2193 1821 καὶ
2228 1768 2424 1837 ἱερεὺς,
2461 1767 2556 1819 καὶ
2588 1766 2738 1831 Θεὸς,
2775 1768 2870 1821 καὶ
2903 1767 3125 1838 Κύριος,
3162 1768 3257 1821 καὶ
3300 1768 3556 1837 ἄγγελος,
3590 1771 3682 1824 καὶ

416 1872 545 1911 num
583 1871 786 1927 regem,
818 1860 870 1913 id
898 1870 983 1913 est
1015 1860 1068 1913 in
1094 1859 1667 1919 Christum.Cbristus
1698 1861 1839 1914 enim
1876 1860 1901 1913 ll

2195 1875 2393 1930 ρωπος,
2430 1858 2525 1911 καὶ
2569 1859 3028 1929 ἀρχιστράτηγος,
3065 1860 3161 1913 καὶ
3205 1859 3375 1925 λίθος,
3414 1862 3510 1915 καὶ
3556 1880 3680 1915 παι-

414 1960 468 2005 et
498 1949 765 2005 Sacerdos
794 1960 850 2005 et
879 1954 1020 2008 Deus
1039 1964 1095 2009 et
1122 1953 1381 2009 Dominus
1407 1963 1463 2007 et
1490 1953 1728 2024 Angelus
1750 1966 1804 2009 et
1828 1954 1991 2007 homo

416 2052 474 2098 et
498 2043 604 2098 dux
635 2046 929 2109 exercitus,
962 2057 1015 2101 et
1044 2047 1181 2118 lapis
1225 2060 1279 2103 et
1324 2066 1458 2119 puer
1499 2060 1685 2115 natus,
1716 2066 1781 2104 ac
1814 2052 1991 2119 primo

413 2136 746 2204 perpessioni
787 2138 1075 2201 obnoxius,
1107 2140 1302 2194 deinde
1331 2142 1387 2195 in
1416 2142 1613 2197 coelum
1665 2142 1900 2205 rediens,
1936 2150 1989 2196 et

414 2242 603 2283 rursus
623 2245 746 2283 cum
772 2230 942 2299 gloria
976 2232 1221 2297 veniens,
1254 2248 1317 2288 ac
1339 2249 1565 2303 regnum
1600 2235 1809 2288 habens
1830 2244 1989 2289 aeter-

413 2333 541 2371 num
589 2321 913 2389 praedicatus
960 2330 1082 2387 est;
1118 2325 1578 2390 quemadmodum
1626 2342 1692 2380 ex
1738 2326 1988 2380 omnibus

413 2409 713 2480 Scripturis
743 2413 1079 2470 demonstro.
1109 2415 1179 2469 Ut
1212 2423 1389 2471 autem
1422 2417 1474 2470 id
1502 2418 1647 2486 quod
1677 2418 1798 2472 dico
1830 2417 1986 2470 intel-

411 2502 615 2570 ligatis,
647 2505 835 2573 psalmi
872 2509 1035 2562 verba
1068 2511 1332 2571 recitabo,
1372 2523 1495 2578 qua:
1523 2509 1603 2563 sic
1646 2524 1702 2562 se
1730 2508 1933 2562 habent
1967 2525 1981 2560 :

418 2592 613 2656 «Deus,
638 2595 903 2663 judicium
930 2607 1079 2652 tuum
1103 2599 1236 2669 Regi
1266 2602 1357 2664 da,
1378 2601 1714 2669 etjustitiam
1749 2610 1894 2654 tuam
1922 2600 1984 2653 fi-

410 2682 486 2738 lio
530 2684 725 2755 Regis;
772 2688 1026 2755 judicare
1078 2692 1334 2760 populum
1389 2703 1540 2747 tuum
1588 2694 1639 2746 in
1667 2694 1900 2762 justitia.
1932 2701 1987 2747 et

410 2790 677 2845 pauperes
705 2788 828 2833 tuos
861 2781 914 2834 in
935 2782 1167 2851 judicio.
1198 2783 1517 2850 Suscipiant
1555 2796 1765 2839 montes
1796 2800 1983 2854 pacem

408 2869 625 2937 populo,
658 2879 713 2924 et
743 2872 909 2927 colles
941 2873 1239 2940 justitiam.
1271 2874 1549 2929 Judicabit
1593 2891 1861 2944 pauperes
1884 2890 1982 2946 po-

408 2960 545 3028 puli,
576 2972 631 3014 et
660 2962 839 3017 salvos
869 2964 1032 3019 faciet
1061 2966 1204 3019 filios
1241 2981 1563 3034 pauperum,
1597 2977 1650 3020 et
1680 2968 1985 3023 humiliabit

406 3050 889 3113 calumniatorem;
924 3063 979 3106 et
1007 3054 1351 3122 permanebit
1376 3070 1497 3107 cum
1529 3054 1642 3107 sele
1672 3064 1726 3109 et
1756 3064 1881 3109 ante
1902 3056 1984 3107 lu-

408 3157 534 3198 nam
569 3143 621 3196 in
645 3145 1025 3212 generationes
1046 3145 1484 3214 generationum.
1514 3146 1812 3201 Descendet
1840 3147 1982 3201 sicut

2091 1948 2199 2000 δίον
2216 1946 2573 2017 γεννώμενον,
2596 1948 2689 1999 καὶ
2708 1948 2948 2019 παθητὸς
2982 1948 3274 2019 γενόμενος
3304 1950 3543 2022 πρῶτον,
3568 1948 3681 2007 εἶτα

2092 2040 2170 2101 εἰς
2205 2038 2432 2108 οὐρανὸν
2475 2038 2856 2107 ἀνερχόμενος,
2893 2036 2987 2089 καὶ
3035 2037 3197 2091 πάλιν
3244 2040 3679 2111 παραγινόμενος

2094 2129 2231 2199 μετά
2262 2130 2438 2200 δόξης,
2476 2130 2569 2182 καὶ
2603 2128 2818 2182 αἰώνιον
2864 2130 2962 2199 τὴν
3008 2128 3285 2199 βασιλείαν
3332 2132 3474 2201 ἔχων
3520 2136 3677 2204 κεκή-

2094 2237 2304 2292 ρυκται,
2340 2221 2414 2283 ὡς
2463 2219 2571 2273 ἀπὸ
2617 2220 2807 2273 πασῶν
2857 2219 2963 2273 τῶν
3016 2222 3055 2273 Γ
3060 2221 3246 2293 ραφῶν
3291 2224 3674 2295 ἀποδείκνυμι.

2091 2315 2209 2367 Ἵνα
2239 2314 2295 2366 δὲ
2328 2314 2422 2367 καὶ
2454 2313 2483 2365 ὃ
2515 2309 2665 2366 εἷπον
2686 2314 3079 2383 νοήσητε,τοὺς
3110 2314 3201 2367 τοῦ
3235 2315 3456 2386 ψαλμοῦ
3490 2317 3675 2385 λόγους

2088 2405 2230 2473 λέγω
2250 2422 2263 2434 ·
2301 2405 2407 2457 εἰσὶ
2439 2405 2484 2457 δ’
2507 2399 2651 2458 οὗτοι
2675 2422 2688 2434 ο
2719 2423 2737 2455 ι
2763 2405 2820 2457 '0
2844 2404 2995 2471 Θεὸς,
3032 2407 3091 2459 τὸ
3125 2408 3301 2478 κρῖμά
3336 2425 3431 2462 σου
3462 2409 3539 2478 τῷ
3572 2410 3677 2461 Βα-

2090 2496 2227 2549 σιλεῖ
2249 2496 2355 2561 δὸς,
2378 2496 2472 2550 καὶ
2506 2498 2603 2567 τὴν
2634 2496 2981 2569 δικαιοσύνην
3016 2498 3110 2551 σοῦ
3146 2500 3222 2570 τῷ
3258 2499 3360 2571 υἱῷ
3394 2501 3489 2555 τοῦ
3512 2502 3673 2554 Βασι-

2085 2588 2239 2653 λέως,
2276 2588 2481 2661 κρίνειν
2525 2588 2616 2642 τὸν
2662 2590 2790 2644 λαόν
2840 2609 2933 2645 σου
2980 2593 3037 2644 ὲν
3072 2592 3387 2667 δικαιοσύνη
3423 2595 3518 2647 καὶ
3550 2596 3676 2657 τοὺς

2088 2681 2334 2751 πτωχούς
2380 2699 2472 2735 σου
2521 2684 2579 2735 ὲν
2622 2684 2822 2755 κρίσει.
2843 2683 3181 2738 Ἀναλαὸἐτω
3214 2686 3282 2737 τὰ
3315 2686 3418 2757 ὅρη
3454 2690 3675 2759 εἰρήνην

2086 2774 2161 2844 τῷ
2192 2774 2328 2844 λαῷ,
2352 2775 2446 2828 καὶ
2462 2777 2509 2828 οἱ
2532 2774 2710 2845 βουνοὶ
2741 2776 3085 2848 δικαιοσύνην
3104 2793 3116 2805 ·
3156 2781 3335 2848 κρινεί
3368 2780 3493 2842 τοὺς

2085 2868 2212 2936 χοῦς
2245 2867 2336 2919 τοῦ
2372 2866 2520 2931 λαοῦ,
2557 2868 2652 2921 καὶ
2686 2866 2849 2921 σώσει
2892 2870 3017 2932 τοὺς
3064 2870 3211 2933 υἱοὺς
3258 2869 3368 2922 τῶν
3405 2874 3673 2942 πενήτων.

2085 2959 2180 3011 καὶ
2225 2958 2549 3012 ταπεινώσει
2585 2959 2947 3030 συκοφάντην,
2986 2960 3080 3014 καὶ
3128 2967 3556 3033 συμπαραμενεῖ
3599 2965 3675 3034 τῷ

2084 3046 2217 3116 ἡλίῳ
2251 3048 2345 3101 καὶ
2380 3049 2485 3118 πρὸ
2517 3049 2615 3117 τῆς
2650 3048 2877 3119 σελήνης
2909 3052 2988 3113 εἰς
3022 3049 3213 3118 γενεὰς
3246 3052 3474 3119 γενεῶν.
3495 3054 3680 3107 Κατα-

2086 3140 2310 3211 ϐήσεται
2342 3141 2416 3203 ὼς
2450 3142 2601 3204 ὑετὸς
2635 3142 2729 3194 ἐπὶ
2764 3141 2948 3206 πόκον,
2981 3142 3076 3195 καὶ
3104 3142 3237 3195 ὡσεὶ
3268 3144 3535 3216 σταγὼνή
3556 3147 3680 3198 στά-

403 3232 585 3303 pluvia
611 3234 662 3287 in
700 3235 899 3295 vellus.
930 3243 984 3289 et
1012 3236 1156 3290 sicut
1193 3237 1338 3291 stilla
1368 3237 1654 3293 destillans
1684 3254 1846 3307 super
1872 3249 1887 3292 ι

2189 3252 2252 3288 σα
2284 3236 2378 3288 ἐπὶ
2410 3235 2508 3304 τὴν
2542 3236 2663 3305 γῆν.
2684 3224 2958 3288 Ἀνατελεϊ
2987 3235 3045 3288 ὲν
3079 3239 3198 3299 ταῖς
3231 3206 3475 3308 ἡμέραις
3510 3206 3674 3292 αὑτοῦ

407 3340 545 3379 ram.
574 3324 795 3380 Orietur
823 3326 878 3380 in
920 3328 1114 3383 diebus
1150 3329 1267 3398 ejus
1290 3330 1526 3397 justitia,
1558 3340 1613 3383 et
1643 3332 1976 3385 abundantia

404 3417 580 3485 pacis,
610 3417 783 3473 donec
812 3419 1094 3474 auferatur
1124 3420 1275 3475 luna.
1299 3422 1753 3475 Etdominabitur
1781 3438 1809 3475 a
1842 3424 1978 3477 mari

406 3520 577 3574 usque
605 3508 672 3561 ad
706 3522 884 3571 mare,
919 3518 972 3563 et
999 3526 1027 3562 a
1058 3508 1375 3567 ﬂuminibus
1405 3526 1575 3582 usque
1618 3512 1684 3565 ad
1718 3513 1979 3567 terminos

402 3600 553 3655 orbis
586 3610 877 3656 terrarum.
910 3604 1105 3658 Coram
1139 3605 1230 3658 illo
1263 3606 1548 3673 procident
1578 3604 1883 3675 Aitbiopes,
1924 3613 1981 3660 et

402 3686 606 3743 inimici
640 3691 757 3759 ejus
792 3700 992 3746 terram
1025 3694 1258 3763 lingent.
1292 3695 1467 3764 Reges
1512 3694 1758 3759 Tharsis,
1802 3704 1858 3749 et
1890 3696 1977 3749 in-

402 3780 536 3834 sulae
558 3797 778 3837 munera
804 3785 1033 3839 offerent
1067 3805 1080 3841 :
1122 3786 1297 3857 Reges
1331 3788 1570 3843 Arabum
1595 3799 1646 3841 et
1674 3788 1815 3842 Saba
1839 3790 1976 3842 dona

400 3872 688 3927 adducent.
731 3876 797 3929 Et
821 3878 1130 3932 adorabunt
1160 3894 1283 3933 eum
1311 3894 1505 3933 omnes
1538 3895 1689 3948 rcges
1722 3890 1899 3941 terra},
1924 3888 1977 3933 et

399 3978 589 4019 omnes
619 3976 805 4035 gentes
836 3970 1076 4024 servient
1112 3972 1193 4029 ei;
1229 3973 1354 4039 quia
1395 3970 1649 4026 liberavit
1678 3988 1904 4041 egenum
1942 3988 1973 4026 a

398 4068 621 4125 potente
667 4069 723 4113 et
767 4076 1058 4130 pauperem
1094 4064 1179 4117 cui
1212 4077 1319 4117 non
1355 4075 1470 4117 erat
1511 4062 1742 4131 adjutor.
1782 4064 1977 4119 Parcet

400 4149 545 4219 in0pi
576 4160 629 4204 et
648 4155 893 4223 pauperi,
921 4163 975 4208 et
1005 4155 1217 4209 animas
1244 4170 1544 4225 pauperum
1578 4156 1755 4209 salvas
1786 4156 1969 4211 faciet.

396 4241 475 4296 Ex
510 4259 669 4297 usura
714 4255 769 4300 et
821 4246 1109 4315 iniquitate
1141 4248 1374 4303 redimet
1421 4249 1633 4303 animas
1668 4263 1884 4313 eorum;
1917 4258 1973 4303 et

396 4335 713 4390 honorabile
736 4352 933 4391 nomen
967 4338 1083 4406 ejus
1110 4353 1297 4393 coram
1333 4340 1459 4395 illis.
1500 4340 1564 4393 Et
1594 4342 1760 4405 vivet,
1789 4349 1844 4392 et
1877 4340 1971 4393 da-

395 4424 541 4478 bitur
561 4427 608 4479 ei
634 4427 699 4480 de
722 4443 857 4480 auro
882 4430 1116 4495 Arabiae,
1142 4441 1197 4485 et
1219 4432 1457 4485 orabunt
1478 4434 1543 4486 de
1576 4433 1691 4501 ipso
1714 4446 1926 4500 semper
1950 4449 1963 4484 :

2079 3326 2389 3398 δικαιοσύνη
2425 3328 2519 3380 καὶ
2554 3326 2756 3397 πλῆθος
2789 3329 3030 3398 εἰρήνης,
3062 3329 3167 3393 ἕως
3198 3323 3261 3382 οὗ
3308 3333 3676 3403 ἀνταναιρεθῇ

2080 3418 2113 3487 ἡ
2150 3416 2365 3487 σελήνη.
2398 3418 2509 3471 Καὶ
2538 3419 2960 3491 κατακυριεύσει
2994 3421 3103 3475 ἀπὸ
3136 3420 3419 3493 Θαλάσσης
3452 3425 3554 3487 ἕως
3588 3424 3679 3478 θα·-

2078 3508 2303 3578 λάσσης,
2338 3508 2433 3562 καὶ
2464 3509 2572 3562 ἀπὸ
2606 3510 2865 3581 ποταμῶν
2912 3512 3015 3577 ἕως
3064 3514 3322 3585 περάτων
3356 3516 3459 3585 τῆς
3492 3520 3677 3571 οἰκου-

2083 3598 2549 3668 μὲνης.Ἐνιτ)πιον
2595 3600 2758 3653 αὐτοῦ
2809 3601 3213 3672 προπεσοῦνται
3259 3603 3539 3669 Αἰθίοπες,
3576 3607 3677 3660 καὶ

2078 3691 2127 3742 ci
2161 3690 2345 3763 ἐχθροὶ
2379 3691 2540 3744 αὐτοῦ
2574 3692 2703 3763 χοῦν
2734 3694 2990 3758 λείξουσι.
3022 3694 3273 3760 Βασιλεῖς
3306 3695 3543 3768 Θαρσεῖς
3575 3700 3677 3750 καὶ.

2078 3782 2230 3851 νῆσοι
2260 3783 2411 3855 δῶρα
2440 3785 2800 3856 προσάξουσι·
2838 3785 3076 3856 βασιλεῖς
3106 3787 3355 3857 Ἀράϐων
3372 3790 3469 3844 καὶ
3486 3789 3676 3842 Σαϐϐἅ

2076 3868 2224 3945 δῶρα
2257 3874 2609 3946 προσάξουσι,
2646 3877 2740 3930 καὶ
2776 3880 3248 3949 προσκυνήσουσιν
3283 3880 3435 3951 αὑτῶ
3470 3884 3675 3943 πάντες

2074 3967 2122 4018 οἱ
2158 3966 2395 4036 βασιλεῖς
2427 3969 2525 4039 τῆς
2560 3968 2683 4038 γῆς,
2702 3970 2797 4022 καὶ
2832 3971 3008 4025 πάντα
3036 3970 3103 4023 τὰ
3132 3970 3259 4041 ἔθνη
3289 3971 3675 4026 δουλεύσουσιν

2073 4055 2221 4126 αὐτῷ
2241 4072 2252 4085 ο
2288 4058 2368 4109 ὅτι
2403 4056 2671 4129 ἐρρύσατο
2704 4059 2916 4128 πτωχὸν
2932 4060 2997 4112 ὲκ
3023 4059 3309 4124 δυνάστου,
3334 4062 3432 4115 καὶ
3456 4063 3677 4132 πένητα

2069 4144 2113 4220 ᾧ
2147 4149 2244 4217 οὐχ
2278 4151 2489 4221 ὑπῆρχε
2526 4149 3001 4221 βοηθός.Φείσεται
3032 4153 3246 4223 πτωχοῦ
3280 4154 3379 4206 καὶ
3412 4155 3671 4224 πένητος,

2071 4240 2167 4293 καὶ
2198 4240 2376 4309 ψυχὰς
2410 4242 2655 4311 πενήτων
2692 4241 2884 4294 σώσει·
2936 4245 3000 4296 ὲκ
3032 4244 3190 4297 τόκου
3226 4246 3323 4298 καὶ
3358 4246 3417 4312 ἐξ
3450 4247 3675 4311 ἀδικίας

2069 4332 2403 4404 λυτρώσεται
2438 4334 2533 4397 τὰς
2566 4334 2741 4405 ψυχὰς
2778 4335 2953 4395 αὐτῶν
2974 4352 2986 4364 ’
3024 4337 3119 4390 καὶ
3154 4337 3375 4408 ἔντιμον
3405 4340 3464 4391 τὸ
3492 4340 3676 4408 δνομα

2068 4424 2230 4477 αὐτοῦ
2280 4423 2507 4480 ἐνώπιον
2554 4425 2753 4479 αὐτῶν.
2789 4426 2900 4479 Καὶ
2948 4424 3193 4497 ζήσεται,
3230 4430 3328 4482 καὶ
3374 4429 3673 4500 δοθήσεται

395 4524 505 4569 tota
539 4516 629 4570 die
662 4518 984 4573 benedicent
1014 4522 1085 4575 ei.
1110 4521 1173 4573 Et
1207 4522 1312 4575 erit
1348 4523 1746 4577 firmamentum
1776 4524 1828 4575 in
1856 4534 1880 4575 ιι

2189 4516 2217 4586 ξ)
2250 4520 2313 4569 ὲκ
2346 4517 2437 4570 τοῦ
2473 4518 2694 4588 χρυσίου
2729 4518 2827 4587 τῆς
2874 4519 3150 4589 Ἀραϐίας,
3187 4522 3285 4573 καὶ
3333 4523 3674 4593 προσεύξον-

393 4618 451 4658 ra
488 4623 503 4661 :
538 4620 701 4675 super
739 4623 987 4663 summos
1025 4620 1238 4665 montes
1267 4612 1585 4676 extolletur;
1617 4626 1775 4681 super
1804 4612 1964 4665 Liba-

393 4714 521 4767 num
556 4697 769 4771 fructus
792 4705 935 4769 ejus,
959 4713 1012 4756 et
1039 4702 1307 4757 florebunt
1334 4706 1400 4758 de
1432 4706 1674 4769 civitate,
1708 4706 1849 4758 sicut
1887 4704 1967 4759 fe-

392 4802 519 4839 num
550 4796 731 4843 terra.
762 4789 877 4844 Erit
904 4807 1098 4845 nomen
1129 4792 1243 4859 ejus
1274 4796 1617 4849 benedictum
1643 4796 1695 4847 in
1721 4796 1958 4851 saecula:

389 4888 517 4933 ante
545 4880 715 4935 solem
769 4894 1049 4949 permanet
1089 4900 1283 4939 nomen
1316 4886 1452 4955 ejus.
1486 4886 1551 4939 Et
1576 4888 1963 4941 benedicentur

389 4975 442 5025 in
476 4972 593 5040 ipso
620 4989 810 5029 omnes
848 4976 1017 5029 tribus
1062 4987 1221 5031 terra
1253 4996 1267 5030 :
1302 4993 1493 5031 omnes
1534 4988 1722 5046 gentes
1749 4980 1961 5048 magni-

390 5063 627 5118 ficabunt
658 5080 805 5121 eum.
839 5064 1171 5122 Benedictus
1194 5067 1454 5121 Dominus
1481 5067 1623 5121 Deus
1653 5065 1840 5130 Israel,
1867 5066 1959 5135 qui

389 5154 518 5210 facit
562 5157 829 5211 mirabilia
871 5158 1038 5212 solus.
1076 5159 1139 5212 Et
1170 5158 1512 5213 benedictum
1545 5172 1742 5210 nomen
1774 5157 1959 5226 gloria:

384 5245 503 5313 ejus
532 5248 583 5300 in
614 5259 875 5302 :eternum
902 5258 956 5302 et
988 5250 1041 5302 in
1075 5250 1331 5303 saeculum
1365 5248 1549 5303 smculi
1582 5262 1598 5302 °.
1636 5258 1692 5301 et
1724 5249 1958 5318 replebi-

388 5346 475 5389 tur
504 5337 671 5406 gloria
715 5337 831 5405 ejns
866 5342 1044 5393 omnis
1076 5350 1217 5393 terra
1249 5358 1262 5393 :
1300 5340 1416 5401 fiat,
1451 5338 1565 5391 fiat.
1601 5356 1620 5390 ι
1657 5337 1722 5391 Ει
1759 5339 1809 5391 in
1852 5340 1956 5391 line

454 5521 475 5550 ²
512 5518 657 5575 Psat.
695 5536 847 5583 xvut,
897 5521 952 5573 8.
1052 5520 1073 5551 ⁸
1110 5520 1251 5574 Psal.
1291 5536 1416 5573 Lxxt
1443 5560 1457 5581 ,
1488 5520 1541 5572 2.

449 5652 585 5731 μέ).
616 5651 699 5731 Ίςῷ
715 5650 929 5731 Δᾼςιᾷίδ..
969 5648 1274 5731 legendum
1311 5648 1640 5731 conﬁciam.
1678 5650 1953 5731 Tbirlbius

386 5720 475 5774 τοῦ
511 5720 599 5775 διὰ
631 5722 794 5774 Δαϐὶδ
828 5722 931 5773 ὑπὸ
965 5720 1075 5773 τοῦ.
1128 5720 1231 5773 Sed
1276 5721 1409 5773 mihi
1461 5722 1676 5774 videtur
1709 5720 1953 5774 Justinus

389 5792 661 5859 respicere
712 5794 777 5845 ad
832 5791 1027 5859 psalmi
1078 5791 1329 5855 titulum,
1376 5790 1589 5861 ψαλμὸς
1632 5792 1707 5860 τῷ
1750 5788 1946 5851 Δαυίδ,

2070 4627 2161 4663 ται
2193 4609 2483 4673 διαπαντὸς
2520 4611 2648 4681 περὶ
2694 4608 2859 4665 αὐτοῦ
2881 4629 2893 4641 ο
2961 4611 3088 4683 ὅλην
3122 4612 3219 4684 τὴν
3254 4614 3475 4686 ἡμέραν
3508 4614 3675 4667 εὐλο-

2066 4702 2326 4771 γήσουσιν
2361 4700 2543 4755 αὐτόν.
2581 4701 2691 4754 Καὶ
2725 4701 2880 4755 ἔσται
2930 4705 3210 4774 στήριγμα
3244 4707 3303 4757 ὲν
3337 4708 3403 4776 τῇ
3440 4709 3530 4775 γῇ,
3567 4706 3673 4757 ἐπ’

2064 4793 2247 4863 ἄκρων
2280 4792 2385 4845 τῶν
2418 4792 2589 4864 ὀρέων
2624 4792 3099 4864 ὑπεραρθήσεταγ
3136 4795 3280 4867 ὑπὲρ
3314 4797 3407 4851 τὸν
3424 4797 3674 4851 Λίϐανον

2063 4885 2091 4935 6
2136 4883 2347 4954 καρπὸς
2393 4883 2579 4946 αὑτοῦ,
2616 4884 2710 4937 καὶ
2755 4882 3141 4954 ὲξανθήσουσιν
3175 4886 3241 4937 ἐκ
3277 4886 3486 4949 πόλεως
3516 4887 3677 4940 ὡσεὶ

2062 4978 2252 5047 χόρτος
2284 4976 2382 5045 τῆς
2415 4977 2535 5045 γῆς.
2559 4976 2751 5028 Ἔσται
2784 4975 2844 5027 τὸ
2876 4975 3049 5045 ὃνομα
3081 4975 3246 5028 αὑτοῦ
3281 4976 3674 5047 εὐλογημένον

2065 5070 2144 5130 εἰς
2190 5068 2313 5130 τοὺς
2358 5066 2575 5129 αἰῶνας.
2613 5067 2725 5137 Πρὸ
2770 5066 2861 5119 τοῦ
2907 5066 3060 5137 ήλὶου
3106 5067 3355 5139 διαμένει
3388 5070 3447 5122 τὸ
3478 5070 3675 5139 δνομα.

2064 5158 2227 5213 αὐτοῦ
2248 5176 2259 5188 ·
2297 5158 2392 5211 καὶ
2425 5157 2937 5229 ὲνευλογηθήσονται
2972 5159 3029 5212 ἐν
3064 5158 3213 5229 αὐτῷ
3248 5162 3419 5214 πᾶσαι
3453 5162 3506 5213 αἱ
3540 5176 3670 5227 φυ-

2062 5251 2152 5304 λαὶ
2185 5250 2280 5320 τῆς
2314 5250 2437 5319 γῆς,
2472 5250 2651 5303 πάντα
2681 5250 2748 5303 τὰ
2782 5249 2907 5322 ἔθνη
2945 5251 3308 5322 μακαριοῦσιν
3342 5252 3518 5306 αὐτόν.
3539 5252 3675 5305 Εὑ-

2062 5342 2289 5413 λογητὸς
2322 5339 2524 5411 Κύριος
2556 5342 2584 5392 6
2616 5340 2746 5404 Θεὸς
2794 5340 2885 5393 τοῦ
2932 5340 3146 5411 Ἰσραὴλ
3179 5341 3208 5391 ὀ
3242 5340 3409 5394 ποιῶν
3442 5340 3677 5410 θαυμά-

2062 5669 2221 5775 quin"
2250 5651 2483 5779 groinde
2519 5651 2702 5707 Davidi
2742 5652 3003 5707 dietatum
3035 5668 3063 5707 a
3094 5652 3303 5723 Spiritu
3341 5663 3521 5709 sancto
3555 5653 3673 5709 in-

2064 5727 2129 5779 tcl
2162 5726 2245 5779 itte
2291 5734 2363 5776 at.

2064 5734 2363 5791 telltgebat.
