3760 6484
98 402 192 456 535

982 386 1325 444 DIALOGUS
1358 384 1498 441 CUM
1532 381 1913 440 TRYPHONE
1944 377 2207 436 JUDJEO.

3250 379 3353 435 εει

100 518 439 593 μεταγνόντες
465 516 570 570 σὺν
595 515 753 585 ἡμῖν,
785 513 855 584 μὴ
878 511 1084 582 βλασφη
1095 510 1232 581 μῆτε
1262 510 1351 562 τὸν
1380 506 1467 559 διά
1488 522 1545 558 τε
1568 503 1675 557 τῶν

1881 514 1947 555 eo
1980 496 2343 569 praenuntiata
2384 496 2763 551 intaminatum
2795 508 2859 549 ac
2900 494 2954 549 in
2989 496 3242 552 omnibus
3274 499 3361 552 in—

98 614 275 684 ἐργων,
314 608 423 662 καὶ·
437 607 557 660 τῶν
590 609 704 661 ἀπὸ
731 606 818 659 τοῦ
849 604 1106 675 ὀνόματος
1139 600 1300 655 αὑτοῦ
1339 601 1433 653 καὶ
1471 598 1567 651 νῦν
1592 616 1673 667 γι-

97 697 319 767 νομένων
342 695 672 765 δυνάμεων,
706 695 798 748 καὶ
834 694 940 747 ἀπὸ
961 692 1066 745 τῶν
1096 693 1196 763 τῆς
1223 690 1441 760 διδαχῆς
1478 690 1673 756 λόγων,

99 790 180 844 καὶ
204 788 306 842 ἀπὸ
341 787 453 841 τῶν
496 784 984 859 προφητευθεισῶν
1011 786 1089 847 εἰς
1116 784 1276 837 αὐτὸν
1307 779 1673 854 προφητειῶν,

99 887 307 955 ἄμωμον
341 885 437 937 καί
460 882 810 953 ἀνέγκλητον
832 880 971 935 κατὰ
991 880 1167 934 πάντα
1188 878 1419 951 Χριστὸν
1448 875 1673 948 Ἰησοῦν⁹

98 977 214 1030 ἀλλὰ
244 975 653 1038 πιστεύσαντες
690 977 771 1038 εἰς
812 974 988 1037 αὐτὸν,
1030 975 1087 1025 ὲν
1134 974 1201 1043 τῇ
1252 971 1413 1024 πάλιν
1449 985 1680 1041 γενησο-

104 1068 221 1141 μένῃ
248 1068 442 1138 ἐνδόξῳ
484 1067 663 1120 αὑτοῦ
709 1066 974 1139 παρουσίᾳ
1003 1063 1233 1136 σωθῆτε,
1271 1062 1367 1117 καὶ
1399 1061 1473 1134 μὴ
1509 1078 1679 1115 κατα-

100 1160 362 1230 δικασθῆτε
395 1162 481 1223 εἰς
516 1160 581 1211 τὸ
610 1159 725 1231 πύρ
758 1159 846 1212 ὑπ’
878 1155 1063 1211 αὐτοῦ.

160 1252 238 1306 56.
260 1253 540 1315 Κάκεῖνος
577 1252 913 1323 ἀπεκρίνατο
931 1268 943 1280 ·
987 1251 1167 1302 Ἔστω
1188 1249 1280 1302 καὶ
1302 1248 1472 1301 ταῦτα
1503 1246 1675 1310 οὕτως

101 1344 265 1414 ἔχοντα
294 1344 368 1406 ὡς
401 1344 626 1411 λέγεις,
665 1344 760 1396 καί
793 1346 873 1396 ὃτι
909 1341 1150 1413 παθητὸς
1172 1340 1406 1414 Χριστὸς
1433 1357 1677 1412 προειρη-

102 1437 241 1509 τεύθη
280 1438 507 1507 μέλλειν
547 1434 713 1500 εἶναι,
743 1437 836 1490 καὶ
868 1436 1011 1500 λίθος
1033 1435 1292 1505 κέκληται
1311 1434 1441 1505 (54),
1462 1433 1555 1487 καί
1590 1432 1677 1485 ἔν-

101 1532 225 1596 δοξος
268 1532 403 1601 μετὰ
439 1533 550 1603 τὴν
586 1532 811 1603 πρώτην
845 1531 1007 1584 αὐτοῦ
1043 1530 1365 1603 παρουσίαν,
1404 1531 1461 1582 ἐν
1575 1545 1679 1580 πα-

101 1623 237 1693 θητὸς
269 1624 571 1693 φαίνεσθαι
596 1625 925 1694 κεκήρυκτο,
954 1622 1305 1693 ὲλευσόμενος
1360 1621 1453 1674 καί
1486 1620 1678 1692 κριτὴς

103 1714 290 1766 πάντων
334 1715 578 1775 λοιπὸν,
630 1713 727 1765 καὶ
772 1711 990 1775 αἰώνιος
1040 1712 1292 1783 βασιλεὺς
1342 1711 1439 1764 καί
1500 1711 1678 1782 ἱερεὺς

102 1805 468 1874 γενησόμενος.
498 1805 568 1856 Εἰ
595 1799 751 1866 οὗτος
772 1804 828 1857 δέ
858 1806 973 1856 ἐστι
994 1802 1122 1875 περί
1151 1798 1211 1857 οὗ
1242 1802 1412 1856 ταῦτα
1436 1819 1677 1873 προεφη-

104 1892 263 1964 τεύθη,
298 1895 609 1960 ἀπόδειξον
620 1936 632 1950 ,

160 1986 348 2053 Κάγώ·
387 1987 487 2049 Ὠς
514 1985 724 2055 βούλει,
760 1979 804 2038 ὦ
837 1984 1089 2057 Τρύφων,
1124 1984 1416 2054 ἐλεύσομαι
1450 1986 1585 2060 πρὸς
1616 1985 1682 2049 ἃς

108 2076 257 2145 βούλει
310 2079 532 2141 ταύτας
584 2077 888 2141 ἀποδείξεις
940 2080 998 2130 ὲν
1042 2076 1119 2148 τῷ
1167 2078 1461 2150 ἁρμόζοντι
1496 2079 1678 2149 τόπῳ,

106 2172 244 2241 ξοην·
280 2173 346 2225 τὰ
392 2172 503 2224 νῦν
554 2172 612 2225 δὲ
664 2174 1038 2245 συγχωρήσεις
1076 2192 1165 2244 μοι
1200 2172 1413 2244 πρῶτον
1448 2175 1683 2244 ἐπιμνη-

109 2262 272 2331 σθῆναι
304 2258 505 2336 ὦνπερ
560 2264 827 2334 βούλομαι
876 2265 1254 2336 προφητειῶν,
1304 2266 1383 2329 εἰς
1429 2264 1683 2330 ἐπίδειξιν

106 2356 171 2407 ὅτι
198 2358 285 2409 καὶ
316 2358 467 2421 Θεὸς
503 2358 603 2409 καὶ
654 2356 860 2427 Κύριος
900 2356 1004 2409 τῶν
1049 2358 1333 2428 δυνάμεων
1377 2360 1405 2411 6
1450 2359 1685 2431 Χριστὸς

109 2449 185 2498 καὶ
235 2449 437 2502 Ἰακὼὸ
487 2449 747 2502 καλεῖται
796 2450 852 2502 ὲν
900 2448 1181 2521 παραϐολῇ
1229 2448 1335 2502 ὑπὸ
1385 2450 1476 2503 τοῦ
1525 2452 1683 2518 ἁγίου

112 2539 402 2611 Πνεύματος
427 2558 443 2571 δ
477 2542 579 2595 καὶ
603 2542 655 2593 οἱ
682 2542 814 2612 παρ’
840 2541 969 2610 ύμῖν
1001 2540 1286 2612 ἐξηγηταὶ,
1309 2541 1383 2604 ὡς
1408 2541 1538 2606 Θεὸς
1567 2541 1683 2613 βοᾷ,

111 2632 297 2704 ἀνόητοί
326 2614 469 2697 εἱσι,
499 2634 580 2705 μὴ
617 2635 700 2696 εἰς
733 2633 822 2686 τὸν
854 2632 1086 2705 Χριστὸν
1120 2632 1369 2706 εἰρῆσθαι
1417 2633 1683 2701 λέγοντες,

110 2725 203 2779 ἀλλ’
244 2730 319 2791 εἰς
366 2726 714 2798 Σολομῶνα,
768 2727 854 2779 ὅτε
898 2727 1151 2797 εἰσέφερε
1199 2726 1297 2797 τὴν
1346 2725 1548 2797 σκηνὴν
1593 2723 1685 2778 τοῦ

115 2820 391 2892 μαρτυρίου
428 2822 515 2882 εἰς
547 2818 645 2871 τὸν
671 2818 797 2872 ναδν
820 2818 877 2871 ὃν
901 2817 1269 2889 ᾠκοδόμησεν.
1298 2819 1449 2871 Ἔστι
1475 2817 1531 2871 δὲ
1554 2817 1690 2887 ψαλ-

112 2908 195 2977 μὸς
237 2910 321 2963 τοῦ
352 2910 539 2963 Δαϐιδ
589 2904 782 2972 οὗτοςσ
839 2928 856 2960 ι
912 2909 1018 2964 Τοῦ
1065 2910 1271 2982 Κυρίου
1313 2912 1345 2981 ἡ
1388 2910 1458 2981 γῆ
1505 2910 1599 2963 καὶ
1630 2908 1689 2963 τὸ

112 2999 355 3072 πλήρωμα
393 3002 601 3072 αὐτῆς,
654 3002 689 3071 ἡ
731 3001 1023 3072 οἰκουμένη
1064 3001 1158 3055 καὶ
1184 3003 1382 3065 πάντες
1420 3002 1467 3056 οἰ
1509 3018 1690 3055 κατοι-

113 3092 303 3159 κοῦντες
338 3099 401 3148 ὲν
440 3095 613 3165 αὐτῇ.
654 3093 824 3156 Αὐτὸς
868 3094 960 3146 ἐπὶ
1006 3092 1286 3145 θαλασσῶν
1330 3092 1690 3165 ὲθεμελίωσεν

1778 592 2057 660 culpatum
2094 590 2403 654 declarant,
2434 589 2620 645 Jesum
2649 588 2955 651 Christum,
2985 586 3359 658 blnsphemias

1782 702 1888 741 non
1918 686 2226 748 evomatis;
2271 686 2365 739 sed
2402 684 2455 739 in
2495 699 2620 740 eum
2661 683 2972 749 credentes,
3018 683 3252 737 salutem
3306 685 3348 738 it

1777 782 2025 835 secundo
2064 778 2182 846 ejus
2221 779 2485 844 adventu,
2536 778 2630 847 qui
2686 777 2963 848 gloriosus
2996 776 3219 832 futurus
3253 792 3343 833 ess

1778 872 2215 941 consequamini,
2245 886 2310 926 ac
2342 879 2548 927 a'terno
2582 872 2706 943 igne
2745 872 2815 925 ab
2865 884 2933 925 eo
2984 883 3091 923 non
3131 868 3358 926 damne-

1780 979 1939 1017 1111111.

1848 1142 1935 1198 56.
1971 1142 2171 1196 Probat
2190 1142 2458 1197 Christum
2492 1144 2773 1197 Dominum
2809 1148 3059 1203 virtutum
3087 1153 3367 1208 vocari.—

1780 1235 1919 1289 Tuni
1952 1234 2171 1307 Trypho
2214 1258 2225 1293 :
2264 1236 2387 1290 Sitit
2414 1237 2581 1291 etiam
2616 1239 2718 1291 ista
2760 1250 2819 1292 ut
2846 1240 3013 1305 dicis;
3062 1243 3151 1298 fac
3196 1244 3360 1299 Chri-

1779 1337 1922 1383 stum
1949 1327 2183 1397 lapidem
2212 1336 2464 1384 vocatum
2488 1329 2689 1397 fuisse;
2732 1330 2819 1386 fac
2866 1334 3184 1402 pradictum
3240 1349 3364 1389 esse

1783 1435 1910 1474 eum
1958 1419 2274 1488 passibilem
2324 1421 2593 1485 futurum,
2629 1431 2684 1475 et
2741 1433 2864 1492 post
2901 1425 3137 1493 primum
3189 1426 3366 1496 ipsius

1780 1511 2098 1577 adventum,
2126 1512 2177 1567 in
2206 1528 2314 1582 quo
2335 1514 2646 1583 passibilcm
2673 1525 2960 1569 venturum
2984 1518 3202 1572 oracula
3223 1535 3362 1583 pra!-

1782 1606 2186 1673 nuntiaverant,
2216 1608 2451 1677 gloriose
2480 1610 2815 1675 rediturum,
2851 1625 2913 1663 ac
2936 1609 3177 1677 judicem
3208 1614 3365 1667 dein-

1783 1713 1913 1768 ceps
1940 1699 2206 1764 omnium,
2241 1710 2295 1754 et
2319 1709 2586 1755 internum
2615 1716 2795 1772 regem
2824 1718 2889 1757 ac
2912 1706 3252 1759 sacerdotem
3278 1705 3363 1758 l'u-

1786 1801 1989 1849 turum.
2027 1791 2221 1847 Utrum
2256 1803 2437 1849 autem
2471 1796 2573 1849 iste
2598 1796 2689 1862 sit,
2714 1795 2781 1850 de
2805 1810 2914 1866 quo
2952 1798 3067 1852 haec
3102 1797 3361 1868 praedicta

1784 1892 1936 1947 sunt,
1962 1884 2297 1940 demonstra.
2980 1879 2983 1883 ’

1856 1974 1926 2027 At
1952 1989 2094 2043 ego:
2131 1975 2202 2031 Ut
2230 1976 2427 2045 placet,
2457 1975 2701 2047 Trypho,
2739 1977 2961 2031 veniam
3009 1977 3062 2031 in
3118 1984 3367 2047 tempore

1784 2074 1843 2120 et
1871 2066 1993 2121 loco
2025 2067 2093 2121 ad
2140 2080 2256 2133 eas,
2300 2082 2434 2137 quas
2486 2070 2645 2137 petis,
2692 2072 3219 2139 demonstrationes;
3269 2075 3366 2129 sed

1786 2173 1933 2213 nunc
1963 2174 2062 2229 per
2090 2170 2143 2215 te
2185 2159 2316 2215 mihi
2355 2160 2518 2216 liceat
2568 2164 2719 2233 prius
2748 2179 3184 2222 commemorare
3227 2184 3369 2238 quas

1786 2251 1909 2306 volo
1935 2254 2253 2322 propltetias
2274 2269 2291 2320 ;
2315 2262 2375 2309 ut
2403 2253 2682 2309 Christum
2716 2262 3087 2315 demonStrem
3113 2270 3166 2315 et
3195 2262 3365 2318 Deum

1786 2352 1841 2397 et
1866 2344 2153 2397 Dominum
2187 2345 2451 2400 virtutum
2491 2356 2546 2401 et
2594 2346 2765 2403 Jacob
2798 2365 2897 2419 per
2950 2352 3366 2409 similitudinem

1786 2436 1972 2490 vocari
2000 2452 2029 2490 a
2060 2434 2269 2507 Spiritu
2304 2449 2534 2507 sancto;
2560 2452 2889 2513 vestrosque
2921 2446 3274 2518 interpretes,
3311 2459 3370 2506 ut

1788 2526 1933 2584 Deus
1956 2528 2180 2596 clamat,
2218 2532 2539 2602 insipientes
2569 2549 2694 2587 esse
2724 2534 2791 2600 ⁸ο,
2819 2536 2909 2605 qui
2955 2538 3068 2591 haec
3112 2540 3165 2593 in
3207 2542 3368 2597 Chri-

1790 2632 1934 2675 Stum
1962 2622 2107 2675 dicta
2140 2636 2245 2674 non
2267 2638 2386 2675 esse
2413 2628 2768 2693 contendant,
2797 2630 2888 2681 sed
2915 2629 2966 2682 in
2994 2628 3366 2697 Salomonem,

1792 2727 1915 2766 cum
1945 2713 2357 2766 tabernaculum
2389 2715 2688 2770 testimonii
2720 2719 2771 2772 in
2806 2720 3059 2789 templum
3085 2738 3112 2775 a
3146 2738 3205 2777 se
3234 2728 3369 2779 mdia

1792 2804 2013 2858 [iculum
2042 2804 2288 2859 inferret.
2320 2806 2412 2860 Est
2448 2817 2629 2861 autem
2678 2810 2919 2879 psalmus
2966 2811 3190 2868 Davidis
3223 2816 3365 2871 iste:

1796 2912 1816 2948 ι
1851 2897 2062 2950 Ιὶοιιιίηἰ
2102 2907 2187 2950 est
2220 2908 2364 2952 terra
2397 2910 2453 2953 et
2488 2900 2769 2969 plenitudo
2793 2901 2931 2971 ejus,
2994 2905 3143 2959 orbis
3188 2915 3370 2962 terra-

1793 2978 1937 3053 rum,
1971 3000 2025 3044 et
2057 2990 2298 3044 universi
2328 2992 2417 3061 qui
2451 2993 2702 3047 habitant
2726 2995 2777 3048 in
2805 3010 2892 3049 eo.
2921 2996 3037 3065 Ipse
3070 3015 3233 3069 super
3258 3018 3373 3055 ma-

1791 3080 1875 3135 ria
1904 3082 2147 3136 fundavit
2169 3098 2313 3148 eum,
2340 3094 2391 3138 et
2415 3100 2579 3154 super
2602 3084 2823 3141 ﬂumina
2858 3095 3190 3160 prwparavit
3218 3110 3369 3153 eum.

114 3186 273 3257 αὑτὴν,
306 3188 408 3240 καὶ
448 3189 550 3240 ἐπὶ
587 3184 853 3255 ποταμῶν
886 3185 1178 3256 ἡτοίμασεν
1212 3185 1401 3257 αύτήν.
1438 3185 1534 3250 Τίς
1569 3188 1689 3241 ἀνα-

1863 3176 1929 3229 iis
1957 3176 2215 3231 ascendet
2248 3178 2297 3229 in
2330 3188 2568 3231 montem
2602 3178 2858 3235 Domini?
2901 3194 2994 3236 aut
3033 3187 3156 3254 quis
3204 3188 3376 3244 stabit

115 3278 311 3348 δήσεται
347 3283 433 3343 εἰς
470 3279 535 3332 τὸ
565 3278 699 3351 ὅρος
734 3277 825 3330 τοῦ
864 3278 1105 3348 Κυρίου;
1147 3278 1180 3349 ἢ
1219 3279 1301 3341 τίς
1336 3279 1592 3349 στήσεται
1636 3282 1693 3332 ὲν

115 3367 241 3437 τύπῳ
270 3371 414 3440 ἁγίῳ
465 3367 678 3431 αὐτούς
742 3366 937 3430 Ἀθῶος
982 3367 1159 3439 χερσὶ,
1201 3368 1295 3422 καὶ
1342 3367 1579 3441 καθαρὸς
1626 3371 1690 3440 τῇ

119 3460 290 3532 καρδία
311 3479 326 3491 ·
384 3462 447 3524 ὃς
474 3461 581 3514 οὐκ
606 3458 801 3511 ἔλαϐεν
823 3459 913 3512 ἐπὶ
943 3460 1158 3530 ματαίῳ
1181 3460 1278 3532 τὴν
1300 3460 1475 3532 ψυχὴν
1506 3461 1690 3524 αὑτοῦ,

118 3550 197 3600 καὶ
218 3552 314 3603 οὐκ
346 3551 572 3622 ὤμοσεν
610 3548 711 3601 ἐπὶ
737 3547 873 3619 δόλῳ
919 3546 996 3618 τῷ
1040 3547 1265 3620 πλησίον
1309 3549 1471 3604 αὐτοῦ
1493 3564 1507 3577 ’
1543 3545 1695 3613 οὗτος

120 3638 322 3711 λήψεται
369 3642 637 3711 εὐλογίαν
686 3640 838 3711 παρὰ
888 3641 1128 3713 Κυρίου,
1185 3638 1279 3694 καὶ
1328 3641 1695 3713 ἐλεημοσύνην

125 3734 255 3803 παρὰ
280 3733 414 3787 Θεοῦ
454 3732 721 3803 Σωτῆρος
747 3731 931 3785 αὐτοῦ.
956 3730 1105 3802 Αὕτη
1137 3733 1169 3802 ἡ
1199 3732 1360 3800 γενεὰ
1390 3731 1696 3804 ζητούντων

125 3822 198 3873 τὸν
226 3826 449 3897 Κύριον,
488 3823 811 3897 ζητούντων
844 3822 902 3876 τὸ
949 3824 1239 3897 πρόσωπον
1276 3825 1366 3877 τοῦ
1410 3824 1544 3878 Θεοῦ
1596 3826 1699 3879 Ἰα-

125 3914 221 3965 κὼε
241 3918 446 3987 (55).'A
457 3935 594 3989 ρατε
613 3916 812 3981 πύλας,
846 3920 892 3971 οἰ
916 3917 1193 3991 ἄρχοντες,
1218 3918 1247 3970 ὑ
1256 3918 1392 3989 μῶν,
1421 3918 1515 3972 καὶ
1534 3920 1700 3991 ἐπάρο

127 4005 239 4075 θῃτε
272 4010 431 4063 πύλαι
462 4008 706 4069 αἰώνιοι,
743 4009 838 4062 καὶ
865 4008 1225 4063 εἰσελεύσεται
1258 4011 1287 4061 6
1318 4008 1577 4073 Βασιλεὺς
1600 4011 1698 4081 τῆς

126 4100 284 4170 εόξης.
315 4102 408 4165 Τίς
434 4106 589 4154 ἐστιν
624 4095 782 4163 οὗτος
802 4103 830 4154 6
854 4101 1115 4165 Βασιλεὺς
1152 4103 1251 4172 τῆς
1283 4102 1469 4174 δόξης;
1496 4104 1697 4175 Κύριος

131 4194 359 4261 κραταιὸς
393 4194 494 4247 καὶ
543 4192 774 4254 δυνατὸς
822 4193 877 4243 ὲν
912 4191 1153 4263 πολέμῳ.
1193 4194 1397 4264 Ἀρατε
1433 4193 1623 4257 πύλας,
1649 4194 1696 4246 οἰ

128 4282 378 4353 ἕρχοντες,
400 4286 586 4356 ὑμῶν,
617 4283 718 4336 καὶ
738 4282 1011 4355 ὲπάρθητε
1043 4283 1207 4338 πύλαι
1226 4284 1452 4350 αἰώνιοι,
1470 4287 1563 4337 καὶ
1583 4289 1697 4338 εἰσ-

132 4376 379 4432 ελεύσεται
423 4382 453 4432 ὁ
500 4378 771 4439 Βασιλεὺς
803 4377 903 4447 τῆς
934 4377 1113 4447 δόξης.
1148 4378 1241 4443 Τίς
1284 4380 1432 4431 ἐστιν
1477 4375 1628 4442 οὗτος
1668 4378 1697 4430 6

134 4466 362 4535 Buculeio;
380 4472 482 4541 τῆς
498 4470 664 4537 δόξης
683 4485 695 4530 ;
716 4469 917 4542 Κύριος
934 4469 1038 4522 τῶν
1054 4469 1353 4541 δυνάμεων,
1372 4470 1533 4533 αὑτός
1551 4473 1697 4523 ἐστιν

1796 3267 1849 3321 iu
1882 3266 2001 3322 loco
2028 3278 2217 3321 sancto
2241 3267 2399 3335 ejus?
2445 3267 2715 3324 lunoceus
2757 3272 3010 3327 manibus
3064 3284 3118 3329 et
3172 3281 3374 3333 mundo

1796 3358 1964 3411 corde
1995 3374 2009 3417 ;
2044 3358 2134 3426 qui
2167 3373 2274 3412 non
2299 3360 2511 3429 accepit
2556 3360 2609 3414 in
2638 3377 2779 3415 vano
2808 3363 3045 3417 animam
3089 3380 3268 3431 suam,
3326 3380 3383 3425 et

1795 3463 1900 3502 non
1930 3448 2139 3518 juravit
2174 3451 2231 3504 in
2262 3450 2389 3504 dolo
2411 3453 2665 3519 proximo
2696 3467 2836 3507 suo:
2875 3453 2965 3509 bic
3006 3457 3237 3527 accipiet
3283 3461 3382 3514 be-

1797 3541 2163 3597 nedictionem
2198 3557 2228 3596 a
2263 3543 2515 3609 Domino,
2567 3551 2623 3597 et
2681 3545 3119 3603 misericordiam
3179 3563 3210 3602 a
3271 3552 3384 3606 Deo

1799 3632 2089 3690 Salvatore
2126 3650 2247 3690 suo.
2274 3635 2401 3691 llaec
2430 3646 2511 3691 est
2541 3639 2824 3707 generatio
2855 3640 3216 3707 quaerentium
3272 3643 3384 3697 Du-

1797 3725 2028 3792 minum,
2059 3729 2417 3796 quaerentium
2440 3727 2633 3785 faciem
2668 3730 2760 3784 Dei
2793 3730 2985 3787 Jacob.
3020 3730 3218 3787 Tollite
3254 3749 3382 3804 por-

1800 3827 1908 3883 tas,
1950 3821 2246 3889 principes,
2282 3820 2441 3892 134
2474 3831 2703 3889 vestras,
2756 3831 2809 3877 et
2862 3823 3177 3891 elevamini,
3215 3836 3387 3894 porta:

1797 3911 2100 3973 anei-uales,
2128 3922 2182 3966 et
2206 3912 2454 3968 introibit
2480 3914 2593 3968 Rex
2620 3916 2827 3986 gloriae.
2856 3914 2989 3981 Quis
3011 3927 3095 3971 est
3125 3918 3233 3970 iste
3264 3915 3384 3970 ilex

1798 4002 2023 4073 gloria?
2055 4004 2318 4061 Dominus
2343 4006 2502 4061 fortis
2532 4018 2586 4060 et
2616 4019 2811 4077 potens
2845 4009 2896 4061 in
2932 4008 3143 4078 praelia.
3181 4007 3387 4062 Tollite

1800 4107 2006 4167 portas,
2032 4098 2323 4166 principes,
2353 4107 2581 4165 vestras,
2602 4111 2657 4154 et
2685 4101 2997 4168 elevamiui,
3022 4112 3194 4170 portu:
3227 4108 3386 4154 (etcr-

1800 4190 1993 4245 nales:
2029 4199 2085 4245 et
2118 4190 2362 4245 introibit
2414 4192 2528 4247 Rex
2576 4192 2781 4262 gloria}.
2837 4193 2971 4259 Quis
2998 4203 3084 4246 est
3120 4193 3221 4245 iste
3268 4190 3384 4244 llex

1801 4282 2035 4353 μοι-1εηί
2065 4282 2332 4337 Dominus
2355 4286 2639 4352 virtutum,
2664 4287 2778 4356 ipse
2802 4296 2881 4339 est
2919 4286 3027 4338 llex
3055 4285 3245 4356 gloria:
3277 4283 3376 4338 “.t

1803 4376 2089 4428 Dominum
2123 4390 2253 4445 ergo
2282 4377 2542 4430 virtutum
2574 4376 2924 4431 Salomonem
2963 4392 3068 4431 non
3124 4390 3246 4431 esse
3282 4377 3379 4430 de-

1803 4469 2100 4520 monstravi
2139 4468 2217 4532 ";
2255 4469 2347 4521 sed
2380 4484 2501 4521 cum
2536 4468 2789 4524 Christus
2822 4478 3008 4523 noster
3047 4484 3113 4523 ex
3147 4467 3379 4523 mortuis

134 4560 159 4609 6
183 4560 426 4626 Βασιλεὺς
460 4563 562 4632 τῆς
596 4559 777 4629 δόῇς.
808 4578 824 4609 ι
850 4557 1053 4631 Κύριος
1084 4555 1176 4613 οὖν
1197 4559 1301 4613 τῶν
1322 4560 1600 4631 δυνάμεων
1618 4560 1689 4612 ὅτι

1860 4560 2223 4625 :surrexisset,
2253 4568 2310 4614 et
2346 4560 2397 4614 in
2425 4561 2623 4616 caelum
2655 4564 3004 4629 ascenderet,
3032 4562 3296 4632 jubentur
3325 4562 3378 4617 in

137 4652 228 4704 οὑκ
254 4655 382 4708 ἔστιν
409 4658 439 4709 ό
468 4650 754 4723 Σολομὼν,
779 4652 1151 4706 ἀποδέδεικται
1170 4669 1182 4681 '
1208 4652 1341 4706 ἀλλά
1373 4654 1401 4705 ὁ
1434 4653 1702 4724 ἡμέτερος

136 4744 342 4815 Χριστὸς
373 4750 464 4801 ὅτε
502 4749 570 4799 ὲκ
604 4742 814 4814 νεκρῶν
838 4743 1036 4816 ἀνέστη
1070 4745 1165 4798 καὶ
1198 4744 1474 4798 ἀνέϐαινεν
1507 4747 1586 4806 εἰς
1608 4743 1701 4796 τὸν

142 4837 356 4905 οὐρανὸν,
390 4836 711 4891 κελεύονται
762 4838 809 4889 οί
859 4838 915 4888 ὲν
960 4838 1071 4899 τοῖς
1116 4836 1363 4905 οὐρανοῖς
1408 4834 1700 4906 ταχθέντες

140 4929 240 4981 ὑπὸ
265 4930 342 4982 τοῦ
366 4930 500 4984 Θεοῦ
535 4929 818 5001 ἄρχοντες,
844 4926 1047 4991 ἀνοῖξαι
1078 4927 1175 4989 τὰς
1203 4926 1373 4991 πύλας
1402 4926 1508 4979 τῶν
1542 4927 1703 4999 ούρα-

1806 4653 1963 4707 ccelis
1989 4654 2229 4707 ordinati
2264 4644 2436 4709 a'Deo
2468 4655 2743 4725 principes
2791 4655 3006 4723 aperire
3045 4665 3235 4725 portas
3267 4668 3382 4711 cu:-

1806 4746 2010 4809 lorum,
2045 4751 2105 4798 ut
2138 4746 2305 4800 intret
2336 4746 2437 4800 iste
2470 4745 2581 4800 Rex
2614 4747 2823 4818 gloriae,
2864 4758 2917 4801 et
2961 4749 3266 4803 ascendens
3298 4763 3381 4803 se-

1808 4838 1934 4892 deat
1965 4837 2033 4890 ad
2063 4836 2310 4891 dextram
2340 4835 2545 4901 Patris,
2573 4839 2745 4894 donec
2784 4849 2949 4909 ponat
2977 4840 3231 4894 inimicos
3261 4854 3383 4894 sca-

1808 4928 2010 4985 bellum
2038 4929 2244 4999 pedum
2276 4930 2417 5001 ejus.
2447 4931 2907 5001 quemadmodum
2938 4947 3003 4988 ex
3028 4931 3134 4987 alio
3172 4930 3384 5003 psalmo

214 5085 253 5113 "
282 5084 385 5140 Jer.
415 5102 489 5150 tv,
518 5084 611 5138 22.
633 5152 647 5165 ἢ
700 5084 740 5113 ¹¹
785 5081 935 5137 Psal.
961 5097 1097 5136 mu
1129 5096 1223 5150 per
1259 5091 1449 5138 totum.
1530 5081 1573 5113 “
1615 5098 1670 5136 η.
1704 5081 1797 5139 34.

152 5241 292 5293 modo
337 5244 573 5294 animum
633 5255 739 5293 non
786 5237 1199 5306 despondemus,
1252 5239 1342 5292 sed
1377 5239 1543 5292 etiam
1577 5247 1691 5292 tor-

153 5322 310 5363 imula
334 5314 402 5365 ita
434 5318 753 5365 constanter
783 5308 1129 5377 perferimus.
1160 5319 1217 5361 ut
1247 5324 1342 5375 pro
1367 5309 1497 5377 ipsis
1523 5309 1687 5361 etiam

154 5385 561 5447 persecutoribus
594 5394 904 5447 precemur.
951 5377 1101 5432 Haiic
1139 5394 1262 5432 esse
1314 5378 1515 5433 Justini
1567 5394 1692 5431 sen-

158 5453 353 5503 teatiam
390 5453 717 5521 perspicitur
741 5465 808 5504 ex
830 5449 984 5516 Apol.
1022 5463 1236 5521 t,num.
1270 5450 1360 5512 57,
1388 5459 1445 5503 et
1470 5448 1686 5518 Dialog.

158 5534 290 5571 num.
314 5519 397 5583 96,
431 5536 483 5574 et
513 5519 635 5577 aliis
667 5519 932 5588 ejusmodi
973 5519 1126 5573 locis.

223 5588 318 5663 (54)
359 5593 463 5647 Καὶ
512 5595 687 5658 λίθος
732 5589 1397 5663 κέκληζαιηΝοηλνίᾶθο
1445 5603 1542 5643 cur
1572 5590 1689 5663 haec

160 5659 319 5723 verba,
363 5680 478 5731 qua:
512 5663 889 5728 superioribus
930 5659 1133 5731 Justini
1177 5660 1336 5731 dictis
1394 5673 1541 5713 unm.
1578 5660 1689 5731 54,

164 5729 481 5797 respondent,
506 5737 650 5789 hunc
684 5734 736 5785 in
770 5732 944 5785 locum
976 5731 1056 5784 Cl.
1095 5730 1373 5785 Thirlbius
1403 5729 1694 5796 irrepsisse

168 5810 311 5871 putet.
342 5804 682 5858 Commodius
718 5801 807 5853 illa
840 5802 1059 5869 quidem
1088 5812 1421 5871 ponerentur
1446 5811 1574 5853 ante
1596 5798 1693 5857 καὶ

169 5868 374 5941 παθητὸς
394 5872 791 5946 προεφητεύθη,
840 5868 1001 5939 idque
1041 5868 1102 5925 itt'
1137 5872 1539 5941 interpretando
1570 5886 1691 5925 sum

373 5972 637 6033 Pauor“
682 5972 800 6031 Gn.
842 5970 947 6031 Vl.

1799 5250 2041 5313 secutus.
2081 5239 2187 5295 Sed
2220 5256 2365 5310 ξιξερο
2409 5241 2461 5295 in
2494 5242 2599 5297 hoc
2638 5242 2859 5313 Dialogo
2909 5243 3379 5298 aceuratissimam

1802 5311 2095 5364 verborum
2134 5313 2608 5368 constructionem
2640 5311 2863 5383 negligit
2894 5313 3161 5383 Justinus,
3193 5323 3251 5383 u_t
3282 5327 3380 5363 su-

1804 5396 1896 5449 pra
1933 5396 2057 5451 pag.
2087 5383 2209 5444 104,
2262 5384 2314 5436 in
2360 5384 2444 5437 bis
2476 5385 2659 5436 verbis
2687 5379 2829 5451 ε’Μὴ
2880 5383 3099 5437 ἐναντία
3140 5379 3381 5451 ὁρώσαις

1804 5397 1896 5449 pra
1933 5397 2057 5451 pag.
2087 5397 2209 5444 tua,
2262 5399 2314 5436 tn
2360 5397 2444 5437 Iits
2476 5397 2701 5436 vernis:
2738 5397 2829 5455 Μη
2880 5397 3099 5437 εναντια
3140 5397 3169 5434 ο
3257 5397 3381 5442 σαις

1801 5451 2031 5577 ἓῦῐσὲνῗέ
2044 5454 2267 5577 ra
2298 5470 2353 5508 n.
2377 5452 2448 5506 ιδ
2471 5471 2483 5505 :
2510 5453 2668 5506 Κατὰ
2689 5454 2783 5523 τὴν
2804 5454 2895 5507 τοῦ
2925 5452 3133 5525 Πατρὸς
3164 5397 3382 5521 militi,

1800 5532 1856 5576 et
1882 5539 1937 5577 n.
1962 5532 2031 5577 ὃὸ
2056 5532 2231 5577 initio.

1876 5593 1986 5665 (55)
2021 5592 2091 5647 Τό
2116 5595 2439 5662 πρόσωπον
2457 5594 2563 5649 τοῦ
2594 5594 2748 5665 Θεοῦ,
2786 5592 3011 5665 Ῐιιικῴϐ.
3031 5591 3183 5665 Quod
3219 5588 3387 5645 Justi-

1802 5663 1906 5737 nus
1944 5667 2105 5737 paulo
2134 5676 2259 5719 ante
2288 5668 2451 5729 dixit,
2482 5666 2576 5737 καὶ
2611 5663 2806 5737 Ἰακὼϐ
2840 5663 3083 5717 καλεῖται
3103 5664 3385 5737 μὲν-παρας

1802 5730 1959 5805 ϐολῇ,
1999 5736 2048 5787 id
2086 5736 2302 5789 videtur
2362 5736 2616 5805 suadere,
2675 5730 3303 5805 JustintnuLscripsisse
3328 5730 3387 5783 τὸ

1802 5801 2096 5878 πρόσωπόν
2133 5820 2227 5857 σου
2276 5803 2487 5858 Ἰακώϐ.
2524 5802 3065 5859 TttIanus.—-—Vide
3091 5801 3389 5858 Nobilium.

3037 5963 3111 6026 18
