3760 6502
385 338 494 396 555

1253 339 1311 399 S.
1345 339 1611 399 JUSTINI
1642 340 2048 405 PHILOSOPHI
2085 343 2174 399 ET
2208 343 2572 402 MARTYRIS

3543 346 3639 404 556

378 465 728 532 ostendimus
778 476 845 533 ".
891 474 1025 532 Nam
1056 491 1179 532 cum
1237 478 1364 533 caeli
1412 480 1689 552 principes
1744 480 1901 538 infori

2104 460 2194 527 ὦν,
2229 462 2318 516 ἵνα
2348 461 2565 536 εἰσέλθῃ
2596 456 2749 528 οὗτος
2780 462 2838 527 δς
2866 463 2982 517 ἐστι
3022 460 3283 528 Βασιλεὺς
3328 462 3429 535 τῆς
3466 462 3639 535 δόξης,

385 584 507 624 eum
559 578 617 623 et
680 568 908 639 ingloria
965 578 1021 623 et
1074 569 1260 624 humili
1318 573 1498 641 Specie
1546 573 1814 639 viderent,
1861 589 1962 629 nec

382 676 513 716 cum
544 670 961 731 cognoscerent,
997 661 1066 713 ita
1111 664 1614 730 percontabantur:
1660 683 1678 716 ι
1715 664 1847 731 Quis
1877 674 1962 720 est

384 758 491 813 iste
527 756 639 811 Rex
665 755 887 825 gloriae?
925 774 943 807 ι
974 754 1038 809 Et
1070 757 1361 824 respondet
1410 758 1493 812 eis
1544 754 1782 827 Spiritus
1833 774 1961 813 san-

382 858 504 902 ctus
535 856 627 900 aut
663 844 840 899 Patris
875 853 967 899 aut
1001 861 1098 899 suo
1131 845 1300 915 ipsius
1330 848 1553 902 nomine
1586 866 1600 903 :
1635 866 1654 901 ι
1696 849 1959 904 Dominus

380 940 644 995 virtutum
667 939 903 1006 isteipse
929 948 1012 993 est
1043 939 1155 994 Rex
1187 941 1391 1010 gloriae.
1415 960 1434 993 ι
1468 941 1601 996 Nam
1632 958 1730 998 nec
1757 946 1825 998 de
1861 939 1960 997 Sa-

382 1033 624 1098 lomone,
652 1030 809 1101 cujus
846 1032 983 1086 adeo
1014 1034 1311 1102 gloriosum
1345 1034 1558 1089 exstitit
1587 1050 1833 1104 regnum,
1861 1054 1958 1093 nec

380 1127 448 1181 de
477 1124 830 1181 tabernaculo
870 1125 1169 1180 testimonii
1228 1141 1557 1197 quemquam
1613 1143 1828 1192 eorum,
1865 1132 1956 1198 qui

379 1219 449 1272 ad
476 1226 663 1287 portas
691 1215 875 1285 templi
905 1214 1383 1288 lliernsolymitani
1408 1218 1774 1283 excubabant,
1795 1236 1959 1275 ansu-

379 1324 500 1362 rum
537 1308 703 1362 fuisse
751 1307 936 1362 dicere
969 1324 985 1361 :
1020 1325 1038 1358 ι
1076 1306 1209 1374 Quis
1261 1316 1346 1363 est
1393 1310 1493 1363 iste
1533 1309 1649 1364 Rex
1685 1312 1888 1381 gloriae,
1928 1332 1948 1366 ι

376 1398 606 1468 quilibet
632 1398 912 1454 fatebitur.

2070 553 2165 607 καὶ
2198 554 2402 619 ἀναϐάς
2435 553 2637 627 καθίσῃ
2671 556 2728 608 ἐν
2760 554 2908 625 δεξιᾷ
2936 552 3027 609 τοῦ
3081 555 3314 627 Πατρὸς,
3350 555 3457 619 ἕως
3491 554 3557 609 ἂν
3579 556 3639 628 θῇ

2066 646 2194 710 τοὺς
2216 646 2444 719 ἐχθροὺς
2473 647 2762 702 ὑποπόδιον
2795 648 2901 701 τῶν
2923 647 3098 703 ποδῶν
3122 647 3308 713 αὑτοῦ,
3337 646 3415 711 ὡς
3436 647 3525 702 διὰ
3555 652 3640 705 τοῦ

2062 738 2222 791 ἄλλου
2249 738 2463 810 ψαλμοῦ
2500 739 2816 809 δεδήλωται.
2865 739 3078 810 Ἐπειδὴ
3113 738 3221 811 γάρ
3254 741 3303 792 οἱ
3341 740 3400 791 ἐν
3433 739 3644 811 οὐρανῷ

2061 829 2321 903 ἄρχοντες
2344 831 2530 905 ἐώρων
2556 832 2711 901 ἀειδῆ
2744 831 2839 885 καὶ
2872 832 3069 903 ἄτιμον
3100 831 3160 883 τὸ
3181 827 3319 895 εἶδος
3342 833 3440 884 καὶ
3464 833 3642 897 ἄδοξον

2060 921 2253 993 ἔχοντα
2296 924 2458 977 αὑτὸν
2507 922 2637 995 (56),
2673 925 2733 977 οὐ
2777 923 3132 995 γνωρίζοντες
3178 924 3360 988 αὐτὸν,
3414 923 3645 978 ἐπυνθά-

2060 1032 2240 1069 νοντο·
2297 1034 2315 1067 ι
2371 1018 2467 1081 Τίς
2515 1020 2663 1071 ἐστιν
2711 1011 2863 1081 οὗτος
2908 1018 2936 1068 6
2962 1017 3224 1081 Βασιλεὺς
3255 1017 3353 1087 τῆς
3384 1017 3579 1089 δόξης;
3621 1036 3640 1070 ι

2059 1106 2169 1160 Καὶ
2200 1110 2552 1182 ἀποκρίνεται
2601 1111 2784 1175 αὐτοῖς
2827 1111 2886 1163 τὸ
2918 1110 3145 1181 Πνεῦμα
3178 1111 3237 1165 τὸ
3270 1111 3430 1180 ἆγιον
3472 1112 3506 1184 ἢ
3542 1113 3646 1165 ἀπὸ

2059 1197 2352 1270 προσώπου
2369 1202 2460 1255 τοῦ
2478 1203 2766 1275 Πατρὸς,ἢ
2798 1203 2907 1256 ἀπὸ
2932 1202 3022 1256 τοῦ
3059 1203 3188 1257 ἰδίου
3210 1220 3223 1233 ο
3260 1223 3276 1254 ι
3303 1203 3515 1277 Κύριος
3545 1204 3648 1257 τῶν

2062 1289 2343 1361 δυνάμεων
2376 1294 2536 1357 αὐτὸς
2565 1290 2718 1358 οὗτός
2754 1296 2898 1347 ἐστιν
2934 1296 2961 1347 6
2995 1294 3255 1357 Βασιλεὺς
3284 1294 3385 1363 τῆς
3412 1294 3591 1365 δόξης.
3624 1313 3642 1346 ι

2067 1382 2190 1436 Ὅτι
2223 1384 2331 1455 γὰρ
2364 1384 2487 1438 οὔτε
2522 1387 2651 1460 περ)⁵
2687 1386 3001 1458 Σολομῶνος
3044 1387 3254 1452 ἐνδόξου
3303 1386 3453 1440 οὕτω
3502 1386 3649 1456 βασι-

2064 1472 2201 1539 λέως
2233 1476 2402 1542 ὄντος,
2438 1478 2559 1533 οὔτε
2597 1480 2726 1551 περὶ
2770 1481 2869 1551 τῆς
2921 1481 3124 1551 σκηνῆς
3172 1479 3263 1534 τοῦ
3316 1480 3646 1551 μαρτυρίου.

375 1562 482 1617 τῶν
517 1564 837 1633 εφεστώτων
861 1564 978 1626 ταῖς
1011 1560 1206 1627 πύλαις
1231 1560 1322 1615 τοῦ
1352 1561 1480 1616 ναοῦ
1516 1561 1621 1616 τῶν
1646 1564 2033 1637 Ἱεροσολύμων
2058 1571 2356 1644 ἐτόλμησεν
2381 1574 2445 1627 ἄν
2478 1592 2559 1639 τις
2592 1577 2787 1641 εἰπεῖν,
2814 1594 2832 1627 ι
2864 1576 2959 1639 Τίς
2981 1578 3125 1629 ἐστιν
3147 1571 3302 1640 οὗτος
3323 1578 3352 1628 6
3381 1574 3643 1639 Βασιλεὺς

376 1659 475 1731 ’τῆς
502 1657 695 1729 δόξηςς
740 1677 758 1710 ι
798 1658 906 1723 πᾶς
940 1658 1189 1712 ὁστισοῦν
1221 1657 1568 1731 ὁμολογήσει.

445 1755 536 1809 57.
573 1751 724 1806 Idem
753 1754 1007 1823 probatur
1033 1769 1097 1807 ea:
1116 1754 1235 1805 aliis
1264 1754 1505 1819 psalmis.
1545 1784 1616 1794 --
1643 1754 1694 1808 In
1721 1755 1902 1823 diapsa

2128 1759 2217 1814 57.
2255 1759 2365 1814 Καὶ
2399 1763 2456 1813 ἐν
2488 1760 2818 1833 διαψάλματι
2850 1761 3286 1833 τεσσαρακοστοῦ
3322 1760 3487 1814 ἕκτου
3514 1758 3642 1829 ψαλο

378 1856 524 1900 mate
570 1856 755 1901 autem
811 1844 1005 1914 psalmi
1056 1846 1463 1914 quadragesimi
1519 1846 1661 1900 sexti
1724 1849 1836 1902 lucc
1896 1847 1950 1923 in

378 1939 659 1995 Christum
695 1940 838 1994 dicta
877 1948 1005 1993 sunt
1041 1955 1055 1992 :
1101 1955 1119 1989 ι
1163 1938 1425 1992 Ascendit
1479 1938 1624 1993 Deus
1656 1940 1707 1992 in
1755 1938 1951 2006 jnbilo,

376 2034 640 2088 Dominus
676 2032 730 2086 in
769 2046 904 2086 voce
942 2030 1106 2085 tubae.
1143 2030 1366 2086 Psallite
1396 2016 1519 2087 Deo
1555 2042 1765 2098 nostro,
1804 2035 1953 2104 psal-

374 2126 471 2181 lite
510 2144 525 2181 :
563 2126 775 2195 psallite
812 2123 942 2193 Regi
999 2133 1209 2192 nostro,
1258 2126 1490 2194 psallite.
1530 2125 1796 2193 Quoniam
1835 2126 1951 2182 Rex

371 2218 549 2273 omnis
586 2228 747 2271 terra:
778 2215 961 2281 Deus;
999 2216 1217 2285 psallite
1253 2218 1646 2288 intelligenter.
1686 2219 1955 2289 Regnavit

374 2310 516 2365 Deus
552 2326 718 2379 super
752 2319 970 2379 gentes;
1014 2311 1154 2365 Deus
1193 2311 1343 2365 sedet
1388 2328 1553 2382 super
1586 2314 1770 2367 sedent
1821 2329 1951 2369 san-

370 2416 516 2460 ctam
562 2421 744 2459 suam.
794 2403 1077 2472 Principes
1112 2404 1432 2473 populorum
1470 2408 1786 2476 congregati
1825 2417 1953 2461 snnt

371 2514 494 2552 eum
523 2498 633 2552 Deo
664 2497 964 2550 Abraham.
997 2498 1263 2563 Quoniam
1290 2495 1381 2550 Dei
1406 2496 1576 2551 fortes
1600 2508 1761 2553 terra:
1792 2499 1950 2554 valde

368 2590 569 2645 elevati
602 2599 729 2643 sunt
766 2590 832 2642 ἰ.
876 2608 895 2642 ι
938 2588 1003 2643 Ει
1040 2590 1092 2642 in
1129 2589 1340 2658 psalmo
1370 2591 1720 2658 nonagesimo
1752 2603 1950 2647 octavo

369 2680 675 2752 exprobrat
719 2682 872 2735 vobis
908 2681 1146 2749 Spiritus
1192 2690 1457 2745 sanctus,
1510 2691 1566 2735 et
1600 2682 1745 2737 hunc
1785 2700 1947 2753 quem

370 2789 477 2827 non
517 2773 680 2827 vultis
719 2788 902 2841 regem
938 2787 1081 2836 esse,
1121 2788 1299 2844 regem
1352 2785 1408 2829 et
1440 2774 1726 2829 Dominum
1760 2787 1814 2831 et
1849 2777 1951 2832 Sa-

369 2865 566 2920 muelis
623 2875 678 2920 et
733 2867 967 2921 Aaronis
1001 2876 1056 2922 et
1088 2866 1291 2937 Moysis
1339 2877 1395 2922 et
1430 2868 1664 2921 aliorum
1721 2883 1950 2937 prorsus

369 2961 612 3011 omnium
634 2972 757 3012 esse
780 2957 1046 3013 declarat.
1070 2959 1211 3014 Sunt
1236 2975 1366 3015 vero
1390 2960 1583 3030 psalmi
1605 2962 1768 3015 verba
1797 2962 1946 3017 haec:

374 3064 395 3101 ι
439 3048 701 3104 Dominus
739 3051 1028 3119 regnavit;
1070 3052 1377 3108 irascantur
1412 3052 1632 3122 populi;
1667 3054 1757 3122 qui
1797 3056 1950 3110 sedet

368 3151 535 3207 Super
564 3138 875 3205 cherubim,
916 3151 1329 3197 commoveatur
1388 3152 1552 3199 terra.
1590 3144 1856 3200 Dominus
1893 3147 1944 3201 in

369 3229 503 3283 Sion
531 3244 787 3299 magnus,
817 3239 871 3283 et
894 3230 1145 3285 excelsus
1170 3241 1256 3286 est
1276 3248 1443 3302 super
1476 3249 1664 3290 omnes
1698 3237 1946 3306 populos.

369 3320 759 3377 Conliteantur
782 3322 993 3377 nomini
1026 3333 1116 3378 tuo
1142 3341 1369 3395 magno;
1397 3330 1652 3396 quoniam
1683 3331 1947 3398 terribile,

366 3422 424 3468 et
455 3425 705 3469 sanctum
738 3426 844 3482 est,
874 3424 929 3470 et
966 3417 1143 3471 honor
1172 3418 1312 3487 regis
1334 3419 1603 3488 judicium
1635 3421 1831 3493 diligit.
1868 3424 1949 3477 Tu

368 3505 581 3573 parasti
616 3506 950 3561 directiones
984 3523 999 3561 :
1027 3506 1291 3574 judicium
1331 3518 1388 3563 et
1415 3508 1680 3575 justitiam
1709 3512 1949 3568 inJacob

369 3607 427 3652 tu
469 3598 671 3654 fecisti.
723 3600 979 3656 Exaltate
1017 3602 1310 3657 Dominum
1360 3603 1530 3657 Deum
1577 3616 1859 3673 nostrum;
1897 3620 1951 3663 et

366 3692 592 3746 adurate
625 3692 930 3748 scabellnm
967 3695 1164 3764 pedum
1218 3694 1356 3763 ejus,
1412 3698 1674 3765 quoniam
1727 3711 1950 3755 sanctus

366 3792 471 3838 est.
510 3783 727 3854 Moyses
771 3795 827 3838 et
864 3786 1047 3839 Aaron
1076 3784 1128 3839 in
1156 3787 1531 3842 sacerdotibus
1566 3789 1720 3857 ejus;
1754 3798 1809 3844 et
1846 3789 1937 3842 Sa-

365 3874 510 3928 muel
547 3875 694 3929 inter
731 3891 825 3931 eos
855 3878 947 3945 qui
996 3879 1258 3936 invocant
1294 3894 1494 3934 nomen
1540 3880 1682 3951 ejus.
1723 3881 1949 3935 lnvoca-

365 3966 501 4021 bant
528 3967 628 4038 (ait
670 3967 980 4042 Scriptura)
1021 3969 1341 4035 Dominum;
1387 3980 1445 4025 et
1479 3972 1594 4042 ipse
1624 3974 1950 4027 exaudiebat

364 4074 498 4124 eos;
537 4061 589 4114 in
629 4061 881 4115 columna
915 4062 1074 4119 nubis
1106 4062 1435 4131 loquebatur
1461 4065 1528 4118 ad
1555 4079 1669 4119 eos.
1699 4065 1833 4132 Quia
1858 4082 1950 4118 cu-

363 4154 677 4208 stodiebant
734 4153 1051 4209 testimonia
1106 4154 1244 4223 ejus,
1275 4164 1336 4221 et
1394 4168 1748 4226 praeceptum,
1803 4162 1948 4228 quod

363 4245 513 4301 dedit
547 4247 670 4301 illis.
696 4248 919 4302 Domine
938 4248 1080 4303 Deus
1115 4257 1324 4315 noster,
1366 4259 1424 4304 tu
1452 4252 1785 4307 exaudiebas
1819 4270 1946 4320 ους

365 4339 532 4404 Deus,
566 4350 620 4393 tu
651 4342 920 4410 propitius
956 4340 1106 4396 fuisti
1142 4342 1244 4407 eis.
1280 4353 1335 4397 et
1373 4344 1640 4399 ulciscens
1679 4345 1732 4399 in
1760 4361 1950 4400 omnes

2058 1851 2184 1921 μοῦ,
2220 1852 2376 1925 ἔφην,
2403 1856 2481 1917 εἰς
2502 1856 2591 1908 τὸν
2613 1856 2844 1927 Χριστὸν
2867 1854 3039 1919 οὕτως
3066 1855 3280 1927 εἴρηται
3302 1871 3317 1884 σ
3347 1874 3364 1905 ε
3406 1854 3598 1926 Ἀνέϐη
3618 1855 3648 1906 6

2054 1941 2188 2006 Θεὸς
2204 1946 2259 1997 ἐν
2276 1945 2595 2017 ἀλαλαγμῷ,
2613 1946 2815 2018 Κύριος
2838 1949 2895 2000 ἐν
2912 1949 3061 2018 φωνῇ
3080 1947 3404 2015 σάλπιγγος.
3426 1947 3646 1999 Ψάλατε

2053 2033 2131 2104 τῷ
2164 2034 2280 2107 Θεῷ
2299 2037 2474 2109 ἡμῶν,
2509 2038 2712 2109 ψάλατε
2734 2055 2746 2067 ·
2772 2037 2977 2108 ψάλατε
3008 2038 3084 2109 τῷ
3106 2037 3327 2091 Βασιλεῖ
3348 2038 3530 2109 ἡμῶν,
3551 2037 3648 2106 ψά-

2053 2123 2180 2180 λατε
2202 2144 2214 2157 ⁸
2258 2130 2340 2181 δτι
2384 2129 2645 2193 Βασιλεὺς
2679 2129 2859 2201 πάσης
2890 2130 2987 2201 τῆς
3032 2131 3135 2201 γῆς
3166 2130 3195 2182 6
3228 2129 3363 2193 Θεός
3385 2148 3398 2159 ·
3437 2130 3645 2199 ψάλατε

2054 2219 2310 2285 συνετῶς.
2361 2222 2733 2277 Ἐϐασίλευσεν
2763 2225 2790 2277 6
2822 2222 2954 2286 Θεὸς
2988 2222 3081 2274 ἐπὶ
3120 2222 3189 2275 τὰ
3222 2222 3375 2294 ἔθνη.
3425 2224 3482 2276 'U
3515 2224 3646 2289 Θεὸς

2054 2311 2287 2385 κάθηται
2334 2313 2426 2367 ἐπὶ
2472 2314 2663 2387 θρόνου
2702 2315 2861 2384 ἁγίου
2910 2314 3098 2371 αὑτοῦ,
3147 2316 3452 2387 ’Ἄρχοντες
3502 2318 3648 2371 λαῶν

2053 2403 2398 2475 συνήχθησαν
2423 2405 2561 2475 μετὰ
2593 2405 2684 2458 τοῦ
2720 2404 2852 2458 Θεοῦ
2892 2405 3165 2478 Ἀδραὰμ,
3195 2407 3278 2459 ὅτι
3304 2407 3400 2460 τοῦ
3431 2406 3567 2461 Θεοῦ
3597 2410 3647 2462 oi

2051 2494 2305 2567 κραταιοὶ
2328 2496 2427 2565 τῆς
2444 2496 2545 2566 γῆς
2572 2495 2775 2567 σφόδρα
2795 2495 3135 2568 ἐπήρθησαν.
3166 2516 3183 2547 ι
3207 2496 3321 2549 Καὶ
3344 2498 3404 2550 ἐν
3430 2499 3649 2569 ἐννενη-

2053 2584 2227 2655 κοστῷ
2245 2584 2414 2656 ὀγδόῳ
2426 2584 2626 2656 ψαλμῴ
2644 2584 2886 2649 ὀνειδίζει
2905 2584 3050 2656 ὑμᾶς
3065 2586 3124 2639 τὸ
3142 2587 3373 2657 Πνεῦμα
3389 2586 3450 2639 τὸ
3468 2588 3645 2655 ἇγιον·

2055 2677 2149 2730 καὶ
2182 2676 2369 2731 τοῦτον
2403 2678 2460 2731 ὃν
2497 2677 2572 2750 μὴ
2609 2677 2793 2730 θέλετε
2828 2676 3055 2747 βασιλέα
3088 2671 3247 2742 εἶναι,
3282 2676 3519 2747 βασιλέα
3550 2679 3649 2732 καὶ

2053 2768 2258 2842 Κύριον
2281 2771 2377 2824 καὶ
2399 2770 2490 2824 τοῦ
2509 2769 2763 2841 Σαμουὴλ
2782 2770 2875 2823 καὶ
2892 2770 2984 2823 τοῦ
3012 2768 3222 2841 Ἀαρὼν
3244 2770 3342 2824 καὶ
3360 2771 3647 2833 Μωῡσέως

2051 2862 2147 2913 καί¹
2178 2860 2284 2913 τῶν
2319 2860 2492 2913 ἄλλων
2526 2860 2742 2913 πάντων
2779 2859 2962 2924 ἁπλῶς
2995 2859 3123 2912 δντα
3160 2859 3380 2931 μηνύει.
3435 2860 3558 2912 Εἰσὶ
3589 2861 3649 2912 δὲ

2050 2956 2098 3007 οί
2129 2952 2279 3022 λόγοι
2308 2954 2398 3007 τοῦ
2428 2953 2641 3025 ψαλμοῦ
2669 2949 2843 3007 οῦτοι·
2879 2972 2898 3003 ι
2944 2952 3000 3005 Ὀ
3027 2952 3230 3024 Κύριος
3264 2952 3646 3017 ἐϐασίλευσεν,

2050 3043 2457 3117 ὀργιζέσθωσαν
2508 3044 2676 3098 λαοί·
2733 3047 2760 3098 6
2806 3044 3112 3116 καθήμενος
3147 3044 3240 3097 ἐπὶ
3289 3045 3401 3098 τῶν
3453 3063 3652 3117 χερου-

1976 3110 2020 3172 C
2051 3110 2189 3208 6ip.,
2229 3136 2542 3208 σαλευθήτω
2670 3136 2763 3207 γῆ.
2800 3110 3002 3208 Κύριος
3042 3138 3100 3188 ἐν
3147 3136 3286 3189 Σιὼν
3324 3110 3650 3207 μέγάςνκαὶ

2051 3231 2254 3302 ὑψηλός
2303 3233 2447 3284 ἐστιν
2484 3229 2576 3282 ἐπὶ
2611 3231 2816 3292 πάντας
2862 3230 2987 3293 τοὺς
3033 3229 3215 3293 λαούς.
3280 3230 3651 3303 Ἐξομολογη-

2052 3322 2338 3377 σάσθωσαν
2372 3322 2449 3393 τῷ
2480 3321 2705 3391 ὀνόματί
2744 3339 2837 3375 σου
2872 3321 2949 3392 τῷ
2997 3322 3239 3393 μεγάλῳ,
3278 3324 3365 3375 ὅτι
3414 3324 3649 3396 φοϐερὸν

2052 3417 2146 3470 καὶ
2182 3416 2334 3484 άγιόν
2370 3417 2508 3478 ἐστι,
2534 3414 2626 3466 καὶ
2658 3401 2790 3484 τιμὴ
2817 3412 3080 3483 βασιλέως
3113 3414 3298 3486 κρίσιν
3323 3415 3541 3485 ἀγαπᾷ.
3572 3413 3647 3467 Σὺ

2052 3510 2357 3581 ἡτοίμασας
2406 3507 2742 3579 εὐθύτητας,
2794 3506 2974 3579 κρίσιν
3021 3507 3115 3559 καὶ
3173 3508 3527 3579 δικαιοσύνην
3588 3512 3648 3561 ὲν

2062 3601 2257 3655 Ἰακὼὸ
2322 3602 2386 3655 σὺ
2456 3600 2738 3671 ἐποίησας.
2815 3598 3041 3669 Ὑψοῦτε
3106 3599 3311 3671 Κύριον
3374 3602 3467 3653 τὸν
3508 3600 3646 3653 Θεὸν

2051 3694 2229 3766 ἡμῶν,
2266 3692 2359 3747 καὶ
2391 3694 2745 3764 προσκυνεῖτε
2771 3689 2846 3761 τῷ
2878 3689 3154 3760 ὑποποδίῳ
3188 3692 3295 3744 τῶν
3334 3693 3514 3745 ποδῶν
3546 3693 3647 3745 αὐ·-

2050 3786 2141 3840 τοῦ
2164 3802 2176 3815 ·
2214 3786 2295 3838 ὅτι
2330 3784 2483 3853 ἆγιός
2518 3787 2652 3837 ἐστι.
2674 3784 2912 3854 Μωῦσῆς
2946 3782 3040 3835 καὶ¹
3075 3781 3285 3853 Ἀαρὼν
3322 3786 3383 3836 ἐν
3416 3788 3528 3848 τοῖς
3566 3787 3646 3837 ἱε-

2054 3879 2237 3952 ρεῦσιν
2282 3876 2469 3939 αὐτοῦ,
2514 3876 2607 3927 καὶ
2641 3875 2894 3946 Σαμουὴλ
2929 3876 2985 3927 ἐν
3020 3878 3129 3937 τοῖς
3179 3874 3648 3946 ἐπικαλουμένοις

2048 3973 2109 4027 τὸ
2142 3971 2315 4042 ὄνομα
2348 3969 2535 4025 αὑτοῦ.
2585 3966 2978 4021 Ἐπεκαλοῦντο
3015 3968 3202 4038 (φησιν
3235 3969 3269 4037 ἡ
3304 3968 3520 4039 Γραφὴ)
3552 3969 3645 4021 τὸν

2049 4061 2275 4133 Κύριον,
2310 4059 2406 4114 καὶ
2438 4058 2601 4123 αὐτὸς
2634 4060 2914 4130 εἰσήκουεν
2948 4058 3145 4112 αὐτῶν.
3196 4057 3286 4110 Ἐν
3338 4058 3516 4129 στύλῳ
3550 4076 3644 4113 νε-

2052 4154 2222 4226 φέλης
2258 4152 2437 4207 ἐλάλει
2472 4153 2607 4225 πρὸς
2640 4151 2867 4215 αὐτούς’
2912 4153 2994 4205 ὅτι
3049 4150 3356 4220 ἐφύλασσον
3406 4154 3520 4224 (57)
3575 4153 3645 4207 τά

2053 4244 2328 4318 μαρτύρια
2357 4244 2542 4310 αὑτοῦ,
2569 4244 2663 4297 καὶ
2697 4244 2756 4297 τὸ
2787 4244 3114 4316 πρόσταγμα
3140 4243 3167 4294 ὃ
3200 4243 3404 4297 ἔδωκεν
3430 4246 3643 4309 αὐτοῖς.

2050 4338 2222 4411 Κύριε
2255 4339 2283 4392 6
2316 4338 2447 4401 Θεὸς
2482 4336 2658 4409 ⁴ἡμῶν,
2696 4337 2760 4389 σὺ
2789 4338 3056 4408 ἐπήκουες
3090 4336 3303 4389 αὐτῶν
3331 4340 3360 4391 6
3381 4337 3535 4401 Θεὸς,
3575 4340 3642 4391 σὺ

362 4434 778 4490 adinventiones
841 4450 1056 4491 eorum.
1119 4436 1369 4492 Exaltate
1419 4436 1708 4492 Dominum
1776 4438 1906 4492 ῡευι

2104 4432 2294 4496 ιῒλατος
2329 4430 2515 4499 ἐγένου
2550 4430 2752 4495 αὐτοῖς,
2787 4429 2880 4482 καὶ
2928 4427 3154 4481 ἐκδικῶν
3200 4429 3295 4481 ἐπὶ
3347 4429 3523 4483 πάντα
3573 4432 3643 4483 τὰ

360 4534 658 4590 nostrum,
733 4536 788 4581 et
868 4527 1094 4584 adorate
1149 4530 1201 4583 in
1256 4540 1439 4585 monte
1516 4541 1705 4587 sancto
1771 4531 1941 4602 ejus;

361 4620 615 4688 qaoniam
674 4630 898 4674 sanctus
959 4620 1221 4676 Dominus
1280 4623 1423 4677 Deus
1467 4632 1655 4679 noster
1697 4625 1761 4679 ¹⁸.
1809 4642 1831 4677 ι

432 4796 524 4852 58.
553 4795 838 4851 Molestum
871 4796 1061 4852 Judwo
1086 4800 1227 4869 quod
1262 4798 1504 4855 Christus
1532 4801 1839 4855 adorandus
1861 4802 1943 4854 di-

360 4904 536 4945 catur.
563 4888 632 4945 Id
658 4891 939 4959 conﬁrmat
972 4891 1222 4947 Justinus
1247 4910 1313 4948 ea:
1332 4894 1468 4963 psal.
1498 4908 1645 4948 xuv.
1673 4893 1771 4948 Hic
1798 4891 1941 4964 Trya

360 4982 466 5051 pho
500 5000 513 5035 :
544 4982 815 5038 Praeclare
850 4985 1177 5050 faceremus,
1227 4987 1423 5056 inquit,
1454 4986 1499 5040 si
1535 4986 1812 5056 magistris
1840 4998 1941 5040 no-

2053 4523 2460 4596 ἐπιτηδεύματα
2513 4521 2713 4577 αὐτῶν.
2784 4521 3011 4591 ’Υψοῦτε
3071 4520 3276 4593 Κύριον
3342 4522 3434 4575 τὸν
3501 4523 3643 4575 Θεὸν

2051 4614 2229 4689 ἡμῶν,
2266 4614 2361 4668 καὶ
2394 4617 2749 4686 προσκυνεῖτε
2805 4615 2884 4677 είς
2935 4613 3058 4685 δρος
3110 4612 3269 4681 ᾰγιον
3316 4613 3515 4667 αὐτοῦ’
3554 4615 3645 4667 δτι

2053 4708 2209 4775 ἅγιος
2235 4704 2438 4778 Κύριος
2466 4706 2494 4756 6
2520 4704 2651 4767 Θεὸς
2676 4703 2850 4775 ἡμῶν.
2888 4722 2907 4755 ι

2122 4801 2211 4856 58.
2244 4799 2355 4852 Καὶ
2387 4800 2415 4851 6
2449 4798 2682 4870 Τρύφων
2719 4794 2900 4850 εἶπεν·
2938 4792 3007 4850 Ὦ
3043 4797 3322 4871 ἄνθρωπε,
3371 4798 3536 4854 καλὸν
3568 4794 3643 4869 ἦν

2049 4891 2373 4955 πεισθέντας
2403 4890 2552 4962 ἡμᾶς
2584 4893 2693 4953 τοῖς
2728 4890 3066 4954 διδασκάλοις
3094 4890 3487 4964 νομοθετήσασι
3518 4891 3640 4962 (58)

2050 4986 2241 5058 μηδενὶ
2275 4984 2335 5050 ἐξ
2368 4984 2523 5055 ὑμῶν
2563 4984 2790 5055 ὁμιλεῖν,
2831 4984 2966 5056 μηδέ
3001 5002 3083 5040 σοι
3116 4985 3327 5041 τούτων
3368 4986 3641 5057 κοινωνῆ-

407 5162 478 5193 ’¹³
518 5178 573 5215 n.
604 5162 694 5217 '55.
777 5163 822 5193 “
862 5162 1004 5218 l’sal.
1041 5180 1187 5228 xui,
1218 5163 1374 5218 6-10.
1456 5164 1500 5197 ¹³
1536 5163 1683 5220 Psal.
1717 5180 1880 5219 xcvut
1911 5180 2008 5233 per
2041 5175 2237 5220 totum.

434 5340 544 5413 (56)
576 5339 752 5413 Minus
779 5352 1033 5398 accurate
1054 5342 1304 5397 Cbristns
1329 5342 1512 5411 specie
1549 5352 1602 5396 et
1625 5343 1827 5397 decore
1857 5360 1946 5396 ca.

361 5411 539 5466 ruisse
574 5411 850 5466 diceretur
874 5414 926 5466 in
951 5414 1070 5480 ipso
1097 5414 1435 5465 ascensionis
1456 5413 1753 5481 triumpho.
1777 5414 1938 5465 Eum-

359 5482 482 5534 dem
518 5483 780 5551 psalmum
813 5487 879 5537 de
919 5483 1150 5537 Christo
1215 5484 1416 5534 dictum
1472 5497 1597 5535 esse
1656 5484 1940 5537 contendit

360 5565 416 5602 η.
450 5552 537 5608 85.
584 5551 689 5606 Sed
736 5552 999 5609 humilem
1032 5553 1179 5605 illum
1222 5562 1428 5605 statum
1467 5553 1624 5620 primi
1670 5556 1935 5607 adventus

363 5621 565 5677 linibns
589 5623 1044 5676 circumscribere
1079 5623 1311 5676 videtur.
1344 5621 1620 5674 Immerito
1652 5633 1830 5676 autem
1864 5638 1933 5676 ex

359 5692 622 5762 ejusmodi
648 5693 804 5755 locis,
842 5694 891 5746 in
925 5694 1124 5762 quibus
1151 5692 1402 5762 Christus
1448 5693 1716 5762 inglorius
1753 5702 1807 5747 et
1843 5694 1932 5746 in-

2053 5341 2219 5397 tribui
2252 5341 2660 5412 colligeremus.
2701 5341 2918 5398 Primus
2958 5343 3103 5399 illius
3129 5346 3395 5402 adventus
3427 5345 3642 5401 dicitur

2050 5413 2305 5485 informis
2340 5424 2393 5466 et
2423 5414 2697 5485 inglorius
2729 5429 2785 5468 n.
2815 5414 2939 5468 121.

2086 5482 2229 5565 ⁸(57)
2263 5484 2384 5536 Ὅτι
2409 5482 2794 5552 ἐφύλασσον.
2823 5486 2983 5540 Deest
3006 5486 3087 5539 δτι
3138 5486 3193 5540 in
3247 5498 3469 5556 utroque
3528 5505 3634 5539 ro-

2044 5554 2364 5696 (_h
2384 5624 2779 5692 διδασκάλοις
2798 5618 3263 5695 νομοθετήσασι.
3291 5626 3437 5682 Hanc
3455 5640 3637 5696 agen-

2039 5694 2093 5771 d_i
2124 5694 2390 5750 rationum
2436 5697 2576 5751 infra
2608 5714 2763 5752 num.
2793 5694 2917 5763 112,
2943 5694 3150 5754 Judacis
3172 5703 3465 5771 exprobrat
3488 5694 3632 5753 Jus-

359 5758 553 5816 lorntis
580 5765 896 5835 apparuisse
938 5758 1156 5826 dicitur,
1187 5760 1490 5819 deformem
1511 5758 1567 5818 ei
1609 5766 1817 5819 vultum
1848 5774 1933 5817 at-
2037 5765 2206 5821 tinus.
