3770 6494
132 376 240 427 557

1022 382 1367 438 DIALOGUS
1399 384 1544 440 CUM
1577 376 1956 443 TRYPHONE
1985 389 2253 447 JUDA‘IO.

3291 404 3395 459 553

128 505 223 542 σαι
258 494 368 545 τῶν
403 493 607 588 λόγων.
658 497 965 571 Βλάσψημα
1012 503 1121 575 γάρ
1168 506 1339 561 πολλὰ
1378 507 1580 578 λέγεις,
1628 510 1694 562 τὸε

1822 510 1951 565 stris
1974 526 2179 566 morem
2207 524 2484 585 gerentes,
2512 518 2604 586 qui
2639 525 2883 571 vestrum
2909 516 3163 588 cuiquam
3203 521 3393 576 venire

124 581 515 652 σταυρωθέντα
551 586 736 641 τοῦτον
769 590 935 654 ἀξιῶν
970 594 1178 648 πείθειν
1209 599 1357 668 ἡμᾶς
1391 599 1717 670 γεγενῆσθαι

124 677 267 745 μετὰ
298 678 580 743 Μωῦσέως
615 683 709 735 καὶ
754 683 985 757 Ἀαρὼν,
1020 688 1114 740 καὶ
1145 689 1502 762 λελαληκέναι
1536 693 1718 757 αὐτοῖς

120 771 181 821 ὲν
216 769 397 841 στύλῳ
437 774 698 847 νεφέληςο
737 771 855 832 εἶτα
885 779 1171 853 ἄνθρωπον
1193 785 1503 856 γενόμενον,
1554 802 1716 840 crau-

121 862 387 934 ρωθῆναι,
419 867 515 920 καὶ
542 869 942 945 ἀναϐεϐηκέναι
963 877 1043 938 είς
1077 875 1169 928 τὸν
1203 876 1451 950 οὐρανὸν,
1489 880 1582 933 καὶ
1612 881 1716 935 πά-

115 954 202 1047 λιν
242 958 637 1047 παραγίνεσθαι
677 964 787 1035 (59)
825 966 919 1020 ἐπὶ
963 968 1062 1036 τῆς
1110 968 1236 1041 γῆς,
1271 970 1365 1024 καὶ
1404 989 1715 1047 προσκυνη-

114 1046 210 1100 τὸν
246 1044 411 1104 εἶναι.

185 1329 367 1399 Κάγὼ
399 1332 817 1408 ἀπεκρινάμην
856 1334 988 1393 Οἶδα
1017 1340 1120 1406 ὅτι,
1155 1342 1231 1408 ὡς
1263 1345 1292 1397 ὁ
1323 1344 1415 1397 τοῦ
1450 1344 1583 1398 Θεοῦ
1619 1345 1709 1399 λό-

110 1438 213 1489 γος
250 1423 381 1494 ἔφη,
430 1425 736 1497 κέκρυπται
782 1430 876 1497 ἀφ’
925 1431 1078 1502 ὑμῶν
1123 1435 1155 1504 ἡ
1207 1434 1368 1503 σοφία
1414 1436 1447 1507 ἡ
1498 1436 1707 1509 μεγάλη

108 1513 258 1586 αῦτη
289 1515 384 1567 τοῦ
420 1516 643 1586 ποιητοῦ
667 1517 774 1570 τῶν
801 1519 939 1572 ὅλων
966 1521 1062 1575 καὶ
1088 1526 1526 1599 παντοκράτορος
1552 1528 1705 1583 Θεοῦ.

106 1606 205 1659 Διὸ
244 1608 551 1678 συμπαθῶν
585 1606 715 1680 ύμῖν
762 1614 1137 1685 προσκάμνειν
1169 1617 1527 1689 ἀγωνίζομαι,
1562 1622 1709 1687 ὅπως

106 1697 176 1748 τά
216 1698 503 1769 παράδοξα
550 1699 706 1771 ἡμῶν
738 1703 912 1756 ταῦτα
958 1707 1223 1778 νοήσητεο
1273 1710 1323 1761 εί
1369 1710 1424 1763 δὲ
1474 1712 1571 1783 μὴ,
1622 1713 1709 1766 ἴνα

105 1788 217 1841 κᾶν
254 1790 422 1855 αὐτὸς
451 1792 624 1857 άθῶος
654 1786 698 1845 ὦ
728 1796 785 1847 ὲν
819 1794 1005 1867 ἡμέρᾳ
1040 1799 1294 1870 κρίσεως.
1330 1802 1449 1854 Ἔτι
1472 1803 1579 1874 γάρ
1614 1806 1707 1859 καὶ

106 1882 588 1956 παραδοξοτέρους
623 1885 733 1956 (60)
767 1886 1057 1953 δοκοῦντας
1092 1890 1283 1956 ἄλλους
1316 1890 1507 1961 λόγους
1541 1896 1704 1950 ἀκού-

104 1988 233 2025 σετε
255 1990 269 2003 ο
309 1974 389 2044 μὴ
424 1975 759 2047 ταράσσεσθε
793 1977 870 2041 δὲ,
904 1979 1037 2033 ἀλλὰ
1073 1981 1274 2051 μᾶλλον
1308 1984 1702 2059 προθυμότεροι

102 2066 401 2137 γενόμενοι
433 2069 699 2139 ἀκροαταὶ
732 2070 826 2122 καὶ
860 2068 1141 2135 ἐξετασταὶ
1176 2075 1391 2145 μένετε,
1427 2094 1703 2151 καταφρο-

102 2156 334 2222 νοῦντες
366 2158 467 2228 τῆς
500 2160 847 2230 παραδόσεως
880 2161 987 2215 τῶν
1022 2165 1302 2237 ὑμετέρων
1335 2168 1700 2223 διδασκάλων

105 2249 236 2301 ἐπεὶ
270 2250 335 2302 ού
374 2251 440 2303 τά
484 2252 571 2304 διὰ
605 2252 695 2305 τοῦ
743 2253 877 2306 Θεοῦ
918 2254 1028 2325 (6i)
1078 2256 1182 2309 ὑπὸ
1217 2259 1308 2311 τοῦ
1360 2262 1699 2333 προφητικωῦ

101 2341 436 2411 Πνεύματος
469 2342 780 2414 ἐλέγχονται
814 2350 953 2400 νοεῖν
985 2347 1292 2420 δυνάμενοι,
1329 2351 1464 2405 ἀλλά
1497 2352 1564 2405 τὰ
1598 2352 1703 2408 ἴδια

101 2433 314 2502 μᾶλλον
349 2433 620 2489 διδάσκειν
655 2438 1096 2509 προαιρούμενοι.
1147 2440 1235 2494 Ἐν
1280 2444 1702 2515 τεσσαρακοστῷ

99 2522 197 2580 οὖν
235 2529 493 2601 τετάρτῳ
524 2529 726 2601 ψαλμῷ
758 2533 960 2601 ὁμοίως
994 2536 1206 2605 εἴρηται
1239 2537 1317 2599 είς
1350 2536 1439 2589 τὸν
1470 2539 1703 2610 Χριστὸν

98 2623 279 2677 ταῦτα
301 2638 315 2652 ·
364 2642 383 2675 ι
438 2624 797 2697 Ἐξηρεύξατο
828 2629 861 2699 ἡ
896 2626 1090 2698 καρδία
1126 2646 1230 2699 μου
1263 2629 1420 2698 λόγον
1460 2631 1697 2700 ἀγαθόν’

98 2717 254 2787 λέγω
289 2718 407 2787 ἐγὼ
440 2718 507 2773 τὰ
540 2720 674 2790 ἔργα
711 2739 811 2792 μου
845 2722 921 2792 τῷ
956 2722 1201 2776 Βασιλεῖ.
1249 2722 1311 2775 Ἦ
1347 2725 1565 2793 γλῶσσά
1601 2743 1700 2796 μου

97 2810 366 2880 κάλαμος
417 2813 794 2882 γραμματέως
847 2813 1181 2885 ὀξυγράφου.
1251 2816 1462 2888 Ὠραῖος
1516 2818 1702 2873 κάλλει

96 2902 259 2974 παρὰ
293 2903 426 2966 τοὺς
462 2905 612 2968 υἱοὺς
647 2905 753 2958 τῶν
799 2906 1133 2979 ἀνθρώπων·
1173 2907 1402 2980 ἐξεχύθη
1450 2911 1609 2983 χάρις
1644 2914 1701 2966 ὲν

93 2994 305 3062 χείλεσί
346 3011 474 3047 σου·
510 2996 599 3049 διὰ
642 2996 819 3051 τοῦτο.
844 2998 1117 3069 εὐλόγησέ
1166 3016 1226 3051 σε
1260 3003 1288 3053 ὁ
1331 3001 1465 3067 Θεὸς
1500 3005 1580 3069 είς
1612 3003 1703 3058 τὸν

92 3086 293 3139 αἰῶνα.
335 3084 649 3158 Περίζωσαι
684 3089 782 3160 τὴν
817 3091 1092 3161 ῥομφαίαν
1145 3109 1239 3146 σου
1276 3094 1366 3147 ἐπὶ
1399 3094 1489 3147 τὸν
1525 3095 1700 3167 μηρόν

94 3200 217 3245 σου,
254 3182 481 3235 δυνατέ.
520 3184 598 3254 Τῇ
650 3184 947 3256 ὼραιότητί
995 3202 1087 3238 σου
1123 3187 1217 3239 καὶ
1262 3187 1338 3258 τῷ
1384 3187 1570 3241 κάλλει
1605 3206 1697 3242 σου
1726 3208 1768 3265 ρ

92 3275 190 3327 καὶ
236 3274 474 3337 ἓντεινε,
522 3276 617 3327 καὶ
670 3275 983 3339 κατευοδοῦ,
1035 3276 1129 3331 καὶ
1183 3277 1455 3347 βασίλευε,
1511 3280 1698 3334 ἕνεκεν

93 3367 375 3438 ἀληθείας
408 3367 504 3419 καὶ
545 3367 852 3440 πραότητος
900 3368 993 3422 καὶ
1039 3369 1417 3440 δικαιοσύνης*
1454 3372 1547 3426 καὶ
1579 3374 1701 3445 ὁδη-

94 3460 258 3528 γήσει
294 3475 366 3509 σε
398 3457 726 3529 θαυμαστῶς
758 3462 791 3530 ἠ
827 3458 977 3525 δεξιά
1010 3478 1125 3514 σου.
1162 3463 1242 3517 Τὰ
1277 3462 1406 3534 βέλη
1444 3480 1536 3517 σου
1570 3466 1700 3535 ἠκο-

93 3548 340 3619 νημένα,
397 3547 618 3612 δυνατὲ,
672 3549 789 3603 λαοὶ
837 3549 1095 3605 ὑποκάτω
1141 3570 1234 3606 σου
1281 3553 1593 3619 πεσοῦνται,
1642 3557 1700 3609 ιν

94 3640 301 3711 καρδίᾳ
346 3638 456 3691 τῶν
503 3640 712 3711 ὲχθρῶν
758 3641 849 3695 τοῦ
886 3641 1186 3709 Βασιλέως.
1236 3642 1293 3697 Ὀ
1340 3643 1530 3716 Θρόνος
1579 3661 1697 3711 σου,

94 3730 123 3779 ὁ
153 3730 318 3794 Θεὸς,
359 3730 440 3794 εἰς
488 3731 577 3783 τὸν
610 3731 783 3785 αἰῶνα
816 3732 908 3786 τοῦ
960 3734 1187 3799 αἰῶνος’
1226 3734 1421 3807 ῥάϐδος
1468 3735 1701 3808 εὐθύτη-

95 3839 184 3887 τσς
220 3825 255 3893 ἡ
293 3822 496 3893 ῥάϐδος
530 3825 627 3895 τῆς
662 3824 939 3895 βασιλείας
975 3843 1092 3883 σου.
1141 3827 1464 3901 Ἠγάπησας
1498 3829 1702 3884 δικαιο-

93 3917 289 3987 σύνην,
330 3918 430 3970 καὶ
465 3917 736 3989 ἐμίσησας
783 3922 1048 3990 ἀνομίανο
1097 3921 1186 3975 διὰ
1218 3923 1375 3976 τοῦτο
1421 3923 1603 3997 ἔχρισέ
1640 3941 1699 3977 σε

94 4012 121 4063 ὀ
152 4010 292 4075 Θεός
332 4010 445 4082 (69.)
481 4028 576 4063 σου
612 4011 786 4066 ἔλαιον
821 4013 1195 4082 ἀγαλλιάσεως
1230 4016 1381 4089 παρὰ
1413 4019 1537 4082 τοὺς
1573 4034 1701 4087 μετ-

96 4103 258 4172 όχους
312 4119 434 4157 σου.
488 4103 741 4174 Σμύρναν
777 4105 873 4159 καὶ
923 4107 1159 4178 στακτὴν
1209 4108 1305 4162 καὶ
1353 4110 1549 4163 κασίαν
1593 4109 1701 4164 ἀπὸ

94 4194 203 4247 τῶν
238 4195 481 4265 ἱματίων
514 4212 635 4260 σου,
668 4196 776 4249 ἀπὸ
826 4196 1036 4269 βάρεων
1086 4198 1471 4268 ἐλεφαντίνων,
1520 4200 1580 4266 ἐξ
1625 4195 1700 4255 ὧν

96 4286 389 4360 εὖφρανάν
424 4304 505 4342 σε.
542 4287 855 4360 Θυγατέρες
906 4288 1174 4359 βασιλέων
1222 4292 1280 4345 ὲν
1313 4295 1378 4364 τῇ
1413 4293 1545 4364 τιμῇ
1582 4310 1699 4348 σου.

97 4376 367 4449 Παρέστη
400 4381 432 4447 ἡ
484 4377 771 4448 βασίλισσα
819 4382 883 4434 ἐκ
913 4380 1101 4445 δεξιῶν
1148 4397 1264 4444 σου,
1312 4384 1371 4435 ὲν
1420 4383 1701 4455 ἱματισμῷ

96 4467 386 4540 διαχρύσῳ
430 4470 894 4542 περιϐεϐλημένη,
948 4471 1371 4544 πεποικιλμένη.
1413 4472 1696 4537 Ἄκουσον,

1818 603 1874 657 in
1913 604 2245 673 colloquium
2295 606 2413 678 lege
2452 618 2759 673 vetuerunt,
2820 622 2888 663 ne
2933 608 3128 665 horum
3175 613 3395 681 quidem

1816 713 2129 753 sermonum
2160 703 2601 756 communionem
2635 686 2818 756 tecum
2848 702 3193 759 haberemus.
3224 702 3397 774 Impie

1817 790 1962 844 enim
1994 791 2162 845 multa
2204 791 2363 858 dicis,
2397 794 2727 848 cruciﬁxum
2751 793 2899 848 illum
2933 797 3268 865 persuadere
3295 813 3395 852 no-

1816 884 1902 938 bis
1927 883 2084 955 135
2115 885 2396 953 postulans
2420 904 2542 941 cum
2570 886 2752 958 Moyse
2782 897 2835 943 et
2862 890 3082 944 Aarone
3110 898 3390 947 versatum

1818 977 2011 1041 fuisse,
2036 988 2093 1032 et
2121 992 2214 1033 eos
2244 980 2296 1033 in
2322 981 2577 1035 columna
2608 982 2771 1036 nubis
2805 982 3097 1037 allocutum
3131 999 3148 1038 :
3196 984 3395 1040 deinde

1816 1067 2092 1121 hominem
2117 1068 2327 1124 factum
2358 1085 2421 1124 ac
2446 1071 2595 1125 cruci
2628 1070 2848 1126 atlixum
2882 1071 3072 1141 fuisse,
3109 1082 3164 1129 et
3192 1074 3245 1129 in
3284 1090 3397 1131 cm-

1811 1156 1924 1210 lum
1953 1160 2287 1225 ascendisse,
2342 1177 2406 1215 ac
2447 1176 2639 1217 rursus
2703 1161 2757 1217 in
2817 1172 3020 1219 terram
3075 1173 3391 1235 venturum,

1812 1249 2170 1319 euindemque
2203 1252 2538 1307 adorandum
2562 1267 2701 1311 esse.

1885 1338 2022 1394 Tum
2052 1356 2152 1411 ego
2184 1343 2262 1397 sic
2306 1345 2594 1413 respondi:
2642 1346 2767 1402 Scio
2807 1348 3185 1406 absconditam
3239 1351 3396 1408 vobis
3500 1402 3501 1405 η

1810 1446 1953 1497 esse,
1987 1442 2045 1486 ut
2077 1434 2156 1488 ait
2196 1433 2413 1491 divinus
2455 1452 2659 1501 sermo,
2694 1455 2945 1511 magnam
2987 1442 3133 1496 illam
3168 1454 3390 1500 create-

1812 1522 1890 1575 ris
1937 1522 2185 1577 omnium
2236 1533 2290 1579 et
2333 1528 2722 1597 omnipotentis
2783 1529 2879 1585 Dei
2947 1533 3275 1603 sapientiam
3323 1534 3391 1589 “.

1810 1610 1992 1678 Quare
2035 1615 2415 1671 misericordia
2453 1620 2510 1673 in
2542 1635 2642 1674 vos
2680 1634 3008 1691 commotus,
3045 1629 3394 1683 contentione

1809 1704 1956 1758 omni
1987 1704 2253 1773 allaboro,
2291 1716 2349 1761 ut
2386 1707 2505 1764 haec
2542 1720 2751 1775 nostra,
2788 1727 2911 1781 qua:
2946 1726 3145 1783 prater
3186 1717 3372 1785 opinio

1812 1810 1936 1850 nem
1972 1808 2212 1852 vestram
2248 1799 2527 1867 dicuntur,
2558 1801 2913 1871 intelligetis;
2947 1806 3030 1859 vel
3063 1807 3255 1863 saltem
3293 1825 3396 1879 ego

1738 1866 1780 1921 Β
1810 1887 2043 1942 crimine
2073 1903 2257 1943 vacem
2294 1890 2347 1943 in
2384 1892 2470 1946 die
2488 1894 2704 1963 judicii.
2731 1866 2927 1950 Adhuc
2948 1897 3098 1951 enim
3130 1866 3392 1967 audietis,

1806 1994 1929 2049 quae
1962 1982 2029 2037 ab
2064 1982 2322 2052 Opinione
2378 1994 2554 2039 vestra
2592 1988 2767 2057 magis
2821 1999 3028 2042 remota
3067 1990 3394 2060 videantur;

1806 2073 1902 2128 sed
1946 2089 2014 2130 ne
2045 2076 2363 2140 turbemiui,
2401 2078 2532 2147 quin
2569 2082 2750 2150 potius
2777 2080 3079 2137 alacriores
3114 2083 3395 2140 auditores

1804 2170 1862 2215 et
1889 2163 2265 2235 inquisitores
2311 2179 2552 2235 manete,
2613 2172 2963 2228 traditionem
3008 2175 3393 2243 magistrorum

1806 2265 2115 2311 vestrorum
2170 2270 2625 2327 contemnentes;
2668 2276 2735 2316 eo
2788 2263 2987 2333 quippe
3038 2265 3259 2320 nomine
3304 2284 3394 2321 ar-

1806 2355 2048 2413 guuntur
2073 2363 2103 2400 a
2131 2347 2335 2418 Spiritu
2363 2362 2580 2417 sancto,
2617 2354 2761 2422 quod
2796 2354 3099 2426 intelligere
3128 2372 3234 2412 non
3273 2373 3395 2428 pos-

1805 2437 1935 2503 sint,
1977 2454 2099 2509 quae
2135 2455 2164 2494 a
2210 2440 2320 2497 Deo
2360 2445 2649 2511 docentur,
2698 2446 2791 2499 sed
2837 2460 2935 2500 sua
2982 2448 3158 2516 magis
3198 2448 3395 2504 docere

1805 2528 2062 2583 studeant
2090 2529 2153 2584 ".
2185 2530 2243 2584 in
2285 2532 2494 2600 psalmo
2525 2534 2689 2604 igitur
2731 2536 3161 2606 quadragesimo
3193 2552 3395 2607 quarto

1805 2620 1921 2672 haec
1961 2618 2016 2673 in
2047 2619 2328 2676 Christum
2363 2623 2627 2678 similiter
2656 2625 2804 2679 dicta
2828 2626 3083 2683 sunt‘°:t
3110 2626 3397 2686 Eructavit

1805 2723 1902 2762 cor
1948 2724 2131 2764 meum
2182 2712 2408 2767 verbum
2477 2715 2717 2768 bonum:
2763 2716 2887 2770 dico
2920 2731 3019 2785 ego
3060 2733 3228 2787 Opera
3271 2737 3393 2777 mea

1805 2800 1965 2871 Regi.
1995 2802 2202 2874 Lingua
2232 2820 2353 2858 mea
2384 2806 2626 2861 calamus
2651 2806 2843 2861 scribae
2863 2808 3125 2864 velociter
3148 2812 3396 2867 scriben-

1810 2894 1901 2949 tis.
1935 2895 2227 2965 Speciosus
2272 2896 2445 2951 forma
2492 2914 2603 2967 prae
2648 2899 2776 2953 ﬁliis
2824 2900 3145 2971 hominum;
3196 2904 3392 2961 diffusa

1803 2996 1887 3041 est
1919 2988 2099 3056 gratia
2134 2989 2188 3043 in
2240 2988 2405 3044 labiis
2461 2992 2599 3058 tuis;
2656 3002 2949 3062 propterea
2999 2995 3283 3051 benedixit
3338 3008 3392 3053 te

1806 3079 1949 3133 Deus
1986 3080 2039 3133 in
2071 3090 2361 3136 aeternum.
2414 3084 2716 3153 Accingere
2758 3085 2940 3155 gladio
2979 3095 3071 3140 tuo
3106 3103 3272 3157 super
3307 3089 3390 3143 l'e-

1804 3184 1930 3223 mur
1961 3180 2135 3237 tuum,
2170 3174 2573 3242 potentissime.
2609 3174 2805 3242 Specie
2835 3186 2951 3243 tua,
2985 3187 3042 3232 et
3080 3180 3393 3248 pulchritu-

1802 3266 1930 3319 dine
1961 3276 2049 3321 tua
2077 3276 2131 3321 et
2160 3268 2404 3335 intende,
2441 3279 2496 3323 et
2524 3285 2783 3341 prospere
2816 3272 3074 3341 procede,
3104 3282 3160 3327 et
3200 3290 3393 3345 regna,

1801 3370 2031 3429 propter
2056 3362 2343 3415 veritatem
2378 3372 2431 3416 et
2485 3364 2980 3430 mansuetudinem,
3007 3374 3060 3419 et
3086 3365 3386 3434 justitiam;

1800 3461 1857 3506 et
1883 3453 2119 3507 deducet
2154 3464 2204 3508 te
2237 3454 2568 3509 mirabiliter
2597 3456 2828 3510 dextera
2864 3465 2974 3510 tua.
3021 3454 3246 3527 Sagittae
3285 3470 3390 3513 tuae

1807 3554 2006 3613 acutm,
2044 3546 2448 3615 potentissime,
2477 3546 2656 3617 populi
2685 3546 2785 3600 sub
2815 3556 2863 3600 te
2900 3549 3117 3613 cadent,
3148 3548 3201 3602 in
3228 3555 3397 3604 corde

1801 3637 2147 3694 inimicorum
2182 3638 2363 3709 Regis.
2397 3640 2565 3695 Sedes
2586 3648 2698 3705 tua,
2733 3639 2893 3703 Deus,
2924 3640 2976 3692 in
3006 3638 3261 3694 saeculum
3297 3656 3393 3694 sm-

1801 3734 1944 3788 culi:
1996 3731 2151 3803 virga
2183 3732 2526 3797 directionis,
2579 3731 2728 3800 virga
2776 3731 2926 3798 regni
2988 3730 3086 3785 tui.
3135 3730 3387 3785 Dilexisti

1796 3826 2090 3895 justitiam.
2121 3836 2177 3882 et
2203 3827 2366 3882 odisti
2401 3826 2786 3895 iniquitatem;
2836 3834 3121 3896 propterea
3155 3825 3310 3879 unxit
3340 3835 3392 3879 te

1806 3920 1970 3985 Deus,
2012 3919 2154 3973 Deus
2205 3928 2331 3974 tuus
2364 3918 2488 3973 oleo
2527 3917 2915 3972 exsultatiouis
2964 3932 3077 3986 pne
3110 3918 3391 3988 participi-

1804 4010 1905 4064 bus
1955 4011 2087 4065 tuis.
2138 4010 2355 4081 Myrrha
2389 4021 2442 4064 et
2470 4020 2641 4079 gutta,
2676 4019 2732 4064 et
2772 4008 2944 4076 casia,
2984 4022 3014 4062 a
3048 4008 3391 4064 vestimentis

1807 4104 1933 4165 tuis,
1967 4118 1995 4156 a
2032 4104 2280 4157 domibus
2320 4102 2597 4167 eburneis,
2646 4117 2711 4155 ex
2740 4102 2938 4171 quibus
2979 4100 3390 4156 delectaverunt

1806 4202 1877 4248 te.
1934 4192 2086 4248 Filia:
2132 4209 2321 4264 regum
2375 4193 2428 4246 in
2482 4192 2693 4247 honore
2745 4201 2861 4247 tuo.
2910 4192 3100 4246 Astitit
3135 4193 3322 4262 regina
3354 4210 3385 4247 a

1802 4286 2009 4339 dextris
2059 4286 2187 4350 tuis,
2244 4286 2295 4338 in
2343 4284 2541 4337 vestitu
2600 4283 2896 4348 deaurato,
2945 4283 3383 4347 circumamicta,

1806 4381 2111 4448 varicgata.
2156 4378 2318 4437 Audi,
2355 4376 2487 4439 tilia,
2540 4386 2595 4431 et
2650 4374 2795 4441 vide,
2841 4383 2897 4430 et
2951 4375 3150 4430 inclina
3198 4390 3387 4432 aurem

1806 4480 1989 4525 tuam:
2026 4479 2080 4525 et
2109 4468 2431 4523 obliviscere
2460 4468 2719 4538 populum
2764 4477 2913 4522 tuum
2944 4477 3000 4524 et
3038 4468 3258 4524 domum
3286 4484 3385 4538 pa-

99 4560 367 4631 θύγατερ,
403 4562 500 4616 καὶ
535 4562 630 4627 ἴδε,
666 4564 759 4618 καὶ
792 4564 970 4618 κλῖνον
1004 4566 1065 4618 τὸ
1097 4561 1190 4630 οῦς
1226 4582 1340 4631 σου,
1376 4568 1469 4620 καὶ
1504 4566 1694 4620 ἐπιλά-

1822 4563 1903 4617 ris
1947 4562 2046 4615 tui.
2093 4559 2161 4615 Et
2209 4561 2566 4629 concupiscet
2610 4558 2727 4613 Rex
2754 4560 3009 4615 decorem
3051 4569 3232 4625 tuum;
3258 4562 3385 4630 quia

98 4650 190 4705 θου
237 4652 341 4706 τοῦ
388 4652 520 4706 λαοῦ
555 4670 670 4718 σου,
705 4654 801 4708 καὶ
846 4654 938 4708 τοῦ
988 4654 1140 4709 οἴκου
1176 4654 1268 4709 τοῦ
1320 4656 1528 4727 πατρός
1565 4673 1658 4709 σου
1679 4674 1691 4687 ·

204 4811 252 4842 ⁸⁸
290 4810 404 4864 lsa.
438 4825 592 4875 uix,
630 4810 717 4863 M.
831 4809 874 4841 "
916 4809 1054 4866 Ibid.

168 4965 287 5038 (59)
333 4967 793 5036 Παρατίνεσθαι.
820 4965 1057 5022 Necesse
1082 4980 1188 5038 non
1216 4975 1298 5038 est
1326 4966 1418 5021 hic
1447 4965 1689 5038 futurum

99 5052 220 5091 cum
269 5035 570 5107 Syllmrgio
612 5051 905 5105 reponere;
940 5052 1064 5090 cum
1103 5035 1408 5090 familiares
1451 5039 1563 5091 sint
1590 5035 1691 5091 Ju-

100 5111 245 5162 stino
287 5121 598 5177 temporum
651 5109 1084 5172 immutationes,
1135 5122 1197 5159 ac
1238 5118 1500 5177 prmterea
1548 5123 1689 5176 pra:-

100 5192 229 5232 sens
280 5194 386 5250 pro
409 5175 608 5250 'iuturo
647 5192 792 5245 stepe
824 5189 1121 5247 usurpetur
1155 5178 1207 5230 in
1258 5175 1522 5245 ejusmodi
1552 5175 1692 5232 locis

104 5251 245 5318 apud
281 5248 735 5318 accuratissimus
770 5250 1091 5318 scriptores.

172 5319 291 5387 (60)
336 5319 447 5372 Καὶ
482 5316 1017 5386 παραδοξοτέρὸυς.
1057 5316 1150 5373 Vel
1176 5333 1236 5372 ea
1263 5318 1585 5386 promittere
1610 5318 1691 5372 vi-

102 5390 283 5455 detur,
322 5405 447 5459 qua:
475 5391 543 5443 de
577 5391 740 5443 Verbi
774 5390 1127 5454 generatione
1162 5405 1226 5443 ex
1256 5390 1559 5442 substantia
1583 5388 1691 5441 Pa-

104 5464 199 5514 tris
235 5464 297 5515 in
327 5462 565 5514 secunda
603 5469 760 5528 parte
788 5459 1000 5528 Dialogi
1038 5460 1326 5520 edisseret,
1363 5462 1443 5512 vel
1479 5474 1601 5526 quae
1624 5460 1692 5513 de

102 5533 403 5585 vocatione
452 5533 694 5599 gentium
740 5538 793 5583 et
841 5530 1226 5599 reprobatione
1270 5528 1585 5585 Iudaeorum
1633 5530 1687 5582 in

107 5604 263 5680 “"15?
303 5611 529 5680 Ρέἱιθκ
590 5668 666 5680 -.
801 5668 824 5680 ..
878 5671 909 5680 Α
989 5668 1015 5680 .,

172 5668 422 5741 (δυ’οὐ
456 5669 543 5741 Ῑὰ
579 5668 679 5723 διὰ
720 5668 826 5722 τοῦ
870 5668 1039 5723 Θεοῦ.
1084 5669 1279 5723 Multas
1320 5683 1380 5723 se
1414 5669 1473 5741 in
1506 5678 1690 5741 partes

106 5737 279 5794 vertit
318 5739 404 5795 Cl.
456 5737 756 5806 Thirlbius,
802 5751 859 5793 ιιι
901 5742 1042 5794 btmc
1084 5742 1284 5803 locum,
1330 5737 1689 5809 quiimininte

108 5823 415 5889 corruptus
436 5819 750 5893 estusanet.
784 5810 1092 5893 Legendnm
1106 5807 1691 5893 proponitcdtﬁtacdy-

113 5878 291 5947 ματα
327 5878 419 5933 τοῦ
455 5878 614 5945 Θεοῦ,
654 5882 734 5937 vel
771 5880 839 5933 τὰ
862 5878 962 5934 τοῦ
996 5878 1133 5935 Θεοῦ
1176 5878 1267 5934 διὰ
1300 5879 1391 5933 τοῦ
1426 5895 1687 5951 προφητι-

1804 4655 1919 4727 ipse
1940 4665 2025 4710 est
2050 4654 2313 4711 Dominus
2352 4666 2476 4707 tuus
2504 4671 2517 4706 :
2560 4662 2617 4711 et
2650 4652 2963 4708 adorabunt
2998 4666 3148 4707 eum.
3181 4651 3245 4707 Et
3274 4654 3384 4709 lilia

1164 4810 1214 4842 ³⁸
1256 4809 1405 4866 Psal.
1436 4827 1582 4877 κων,
1615 4828 1710 4882 per
1742 4821 1941 4867 totum.

1799 4967 1896 5021 κοῦ
1922 4968 2261 5045 Πνεύματος.
2300 4968 2412 5045 Nec
2451 4969 2709 5045 eruditus
2728 4966 2819 5045 ille
2834 4969 2948 5045 _vir,
2972 4984 3073 5045 nec
3096 4967 3187 5021 alii
3214 4967 3387 5045 inter:

1802 5051 1987 5116 preces
2036 5038 2236 5116 Justinj
2286 5042 2537 5116 viderunt
2582 5040 2861 5116 illud
2907 5038 2999 5092 τοῦ
3050 5038 3384 5116 προφητικοῦ

1800 5108 2120 5181 Πνεύματος
2145 5110 2334 5165 referri
2383 5112 2448 5165 ad
2484 5112 2706 5164 verbum
2737 5110 3072 5180 ἐλέγχονται,
3096 5108 3227 5181 'quo'
3252 5112 3377 5176 qui-

1798 5184 1921 5233 dem
1955 5179 2127 5235 semel
2158 5183 2540 5235 animadverso
2567 5198 2671 5235 non
2704 5179 2956 5236 dilliCiles
2985 5192 3146 5236 erunt
3176 5179 3257 5232 hae
3294 5191 3385 5229 vo-

1796 5265 1910 5315 ces,
1944 5251 2013 5305 τὰ
2047 5250 2133 5304 διὰ
2158 5249 2248 5304 τοῦ
2284 5250 2442 5304 Θεοῦ.
2481 5252 2924 5307 Subaudiendum
2956 5252 3102 5306 enim
3134 5245 3382 5302 διδασκό-

1802 5336 1941 5390 μενα
1974 5333 2063 5375 aut
2100 5324 2319 5391 aliquod
2354 5323 2533 5377 simile
2576 5322 2825 5390 verbum,
2859 5321 3001 5391 quod
3035 5317 3384 5391 Jttstinusle-

1799 5385 1937 5445 cturi
1966 5385 2328 5460 supplendum
2364 5392 2673 5459 relinquere
2701 5385 2836 5447 solet
2856 5385 2990 5445 {Sic
3028 5389 3175 5460 enini
3197 5405 3260 5460 _n.
3288 5385 3377 5439 ὄις

1796 5461 1929 5513 ὅπου
1963 5455 2132 5534 γάρὸ
2178 5462 2411 5534 νόμος...
2443 5455 2564 5533 οὐχ).
2589 5462 2679 5515 τὸν
2712 5465 2829 5533 μετ’
2858 5463 3064 5515 ἐκεῖνον
3095 5455 3379 5530 μέλλοντα,

1797 5531 1933 5604 αλλὰ
1959 5532 2055 5604 τὸν
2100 5532 2189 5585 διὰ
2236 5532 2514 5604 Μγωῡσέως
2563 5531 3093 5604 ὲξηγιιῐσθεηλιίιμιι.Δ
3277 5526 3380 5604 Τὸν

1795 5600 1883 5654 διὰ
1914 5602 2022 5655 τῶν
2050 5596 2570 5677 ’προφῃτῷν-νόμο-ν.
2719 5618 2783 5677 Διι.
2809 5601 2943 5677 ‘35}
2974 5601 3047 5677 _'0
3079 5598 3237 5677 λόγος
3283 5596 3379 5667 τῆς

1796 5668 2129 5745 προφητείας
2165 5668 2262 5743 τῆς
2296 5672 2385 5745 διά
2416 5668 2600 5728 Ᾰαϐιδ.
2632 5669 3028 5745 νίιιλιιροιηι,
3053 5688 3108 5745 n_.
3142 5668 3234 5723 59.

1861 5691 1940 5741 tocp
1980 5691 2129 5737 τειας
2165 5691 2262 5743 της
2296 5691 2385 5725 οια
2416 5691 2600 5728 name.
2640 5691 2749 5726 vnn.
2786 5691 2940 5737 Aper.
2975 5691 3013 5732 ι,
3053 5691 3108 5724 n.
3142 5691 3234 5723 an.

1861 5691 2319 5869 εἰῇ..
2351 5744 2659 5815 Legendum
2683 5744 2712 5795 ὁ
2743 5741 2896 5806 Θεὸς,
2934 5740 2964 5792 ὁ
2995 5739 3128 5805 Θεός
3162 5753 3280 5805 σου,
3324 5745 3382 5791 ut

1795 5812 1938 5869 inl’ra
1984 5832 2036 5869 n.
2070 5814 2137 5869 56
2164 5826 2217 5869 et
2251 5814 2345 5871 65.
