3770 6500
129 384 213 438 561

1084 388 1433 448 DIALOGUS
1463 392 1609 448 CUM
1643 396 2020 455 TRYPHONE
2052 399 2325 460 JUDEO.

3250 418 3357 474 562

128 498 241 561 ἴσως
270 496 363 551 καὶ
408 497 496 555 διὰ
528 497 682 554 τοῦτο
713 500 991 569 διστάζετε
1024 506 1357 579 ὁμολογῆσαι
1402 512 1484 564 δτι
1518 509 1641 567 οῦτ(

1799 525 1906 570 'ant
1951 518 2248 587 Scriptura:
2290 530 2345 577 et
2385 538 2513 594 qute
2562 524 2615 582 in
2666 528 2914 585 omnium
2957 533 3128 589 oculis
3173 537 3353 601 posita

126 592 253 643 ἐστιν
282 591 309 642 6
355 590 617 662 Χριστὸς,
652 594 727 659 ὡς
775 598 831 649 αἱ
866 597 1081 669 Γραφαὶ
1126 601 1538 655 ἀποδεικνύουσι
1582 606 1676 658 καὶ

122 681 180 736 τὰ
210 681 501 752 φαινόμενα
537 683 646 755 (67)
684 687 777 741 καὶ
811 689 877 742 τά
910 690 1170 762 γινόμενα
1205 693 1297 745 ἐπὶ
1329 693 1406 765 τῷ
1451 695 1675 768 ὀνόματι

120 774 285 839 αὐτοῦ,
319 775 406 828 ἵνα
454 775 530 847 μὴ
576 776 846 850 διώκησθε
894 782 999 836 ὑπὸ
1044 782 1151 836 τῶν
1196 784 1493 857 ἀρχόντων,
1531 789 1580 840 οἳ
1612 787 1673 840 ού

120 862 393 918 παύσονται
442 864 553 936 (68)
600 868 709 921 ἀπὸ
754 870 852 941 τῆς
897 870 990 924 τοῦ
1038 874 1275 945 πονηροῦ
1323 877 1418 930 καὶ
1472 876 1673 933 πλάνου

121 953 429 1025 πνεύματος,
466 955 559 1008 τοῦ
606 956 804 1027 ὄφεως,
841 958 1142 1033 ἐνεργείας,
1190 964 1544 1033 θανατοῦντες
1578 970 1674 1023 καὶ

115 1044 371 1110 διώκοντες
405 1046 530 1111 τοὺς
564 1048 624 1101 τὸ
652 1049 825 1121 ὄνομα
857 1051 948 1105 τοῦ
984 1054 1216 1127 Χριστοῦ
1251 1057 1669 1129 ὁμολογοῦντας,

117 1136 205 1200 ἕως
236 1136 388 1190 πάλιν
423 1141 594 1209 παρῇ,
631 1140 726 1192 καὶ
759 1141 1038 1218 καταλύσῃ
1062 1144 1291 1213 πάντας,
1328 1149 1422 1202 καὶ
1454 1150 1514 1204 τὸ
1546 1152 1666 1205 κατ’

116 1227 250 1290 ἀξίαν
280 1230 491 1299 ἑκάστῳ
525 1233 850 1305 προσνείμῃ.

176 1320 274 1372 Καὶ
304 1322 331 1372 6
364 1320 631 1391 Τρύφων·
673 1323 810 1394 Ἤδη
843 1319 934 1378 οὖν
966 1327 1056 1380 τὸν
1089 1327 1245 1397 λόγον
1277 1330 1471 1397 ἀπόδος
1515 1335 1667 1405 ἡμῖν,

112 1412 181 1464 ὅτι
208 1405 352 1476 οὗτος
384 1412 442 1465 ὃν
478 1414 584 1485 φὴς
620 1416 994 1487 ἐσταυρῶσθαι
1028 1420 1122 1473 καὶ
1171 1422 1555 1494 ἀνεληλυθέναι
1588 1428 1667 1491 εἰς

115 1504 189 1557 τὸν
217 1504 456 1577 οὐρανὸν,
509 1509 659 1561 ἐστὶν
705 1510 733 1562 6
780 1511 1011 1582 Χριστὸς
1056 1514 1149 1568 τοῦ
1198 1515 1354 1569 Θεοῦ.
1393 1519 1513 1572 Ὅτι
1558 1522 1668 1594 γὰρ

114 1597 191 1649 καί
220 1598 449 1667 παθητὸς
476 1601 505 1652 6
537 1602 768 1674 Χριστὸς
792 1604 879 1659 διὰ
902 1606 1008 1660 τῶν
1036 1608 1268 1680 Γραφῶν
1302 1610 1660 1683 κηρύσσεται,

112 1689 190 1740 καὶ
222 1690 349 1759 μετά
391 1689 551 1763 δόξης
588 1694 747 1748 πάλιν
796 1699 1193 1769 παραγίνεσθαι
1229 1700 1356 1771 (69),
1406 1704 1500 1757 καὶ
1532 1704 1665 1759 αἰώ-

113 1796 202 1831 νιον
230 1781 321 1852 τὴν
352 1780 633 1849 βασιλείαν
668 1786 883 1841 πάντων
909 1787 1015 1842 τῶν
1040 1789 1207 1844 ἐθνῶν
1239 1792 1524 1863 λήψεσθαι,
1561 1798 1667 1849 πά-

1775 616 1922 670 sunt,
1952 619 2006 661 et
2038 625 2159 679 qua:
2200 612 2253 665 in
2297 612 2415 679 ejus
2461 617 2680 673 nomine
2723 621 2877 685 littnt,
2912 622 3186 679 Christum
3232 637 3354 679 esse

1775 699 2045 761 conliteri,
2080 716 2147 754 ne
2190 717 2286 757 vos
2327 703 2666 762 insectentur
2695 711 2993 782 principes,
3025 713 3119 784 qui
3155 714 3355 769 nefarii

1773 796 1828 840 et
1870 788 2082 845 fallacis
2120 792 2368 863 spiritus,
2405 797 2523 852 sive
2553 803 2845 870 serpentis,
2876 809 3201 874 operatione
3229 824 3353 874 eos,

1773 879 1864 947 qui
1898 896 2093 937 nomen
2119 884 2322 942 Christi
2350 890 2698 961 conﬁtentur,
2723 895 2977 952 occidere
3014 906 3074 953 et
3096 900 3348 956 insectari

1773 988 1880 1025 non
1932 974 2204 1042 desinent,
2250 980 2422 1036 donec
2468 983 2666 1039 iterum
2706 989 2886 1053 oadsit,
2925 1000 2979 1043 et
3018 1006 3211 1048 omnes
3254 993 3351 1049 de-

1770 1074 1969 1133 struat,
2004 1078 2060 1123 et
2086 1069 2253 1143 digna
2281 1075 2476 1146 cuique
2506 1082 2729 1148 praemia
2765 1086 3045 1153 rependat.

1841 1334 1938 1390 llic
1967 1337 2189 1408 Trypho
2217 1355 2231 1394 :
2270 1338 2389 1395 1am
2422 1340 2609 1413 igitur,
2643 1344 2843 1415 inquit,
2874 1346 3142 1401 rationem
3186 1348 3346 1403 nobis

1769 1425 1921 1492 aﬂ‘er,
1958 1446 2057 1484 cur
2088 1431 2224 1494 iste,
2252 1446 2416 1501 quem
2466 1435 2795 1491 cruciﬁxum
2843 1453 2965 1493 esse
3007 1439 3146 1493 dicis
3188 1450 3242 1493 et
3291 1439 3341 1492 in

1767 1524 1963 1575 malum
1985 1525 2320 1587 ascendisse,
2344 1524 2594 1581 Christus
2615 1530 2683 1583 sit
2711 1529 2823 1585 Dei.
2855 1529 3172 1585 Passibilem
3198 1534 3343 1586 cuim

1768 1612 2048 1667 Christum
2089 1613 2143 1667 in
2189 1614 2492 1685 Scripturis
2528 1618 2839 1687 praedicari,
2882 1636 2944 1675 ac
2987 1637 3177 1676 rursus
3220 1638 3346 1677 cum

1767 1702 1938 1772 gloria
1994 1715 2307 1771 venturum,
2370 1719 2425 1761 et
2480 1720 2744 1764 aeternum
2799 1712 3042 1765 omnium
3098 1714 3342 1783 gentium

1761 1778 2078 1864 imperium,
2130 1799 2385 1853 omnibus
2436 1801 2620 1869 regnis
2658 1802 2709 1857 ei
2761 1803 3042 1871 subjectis,
3091 1817 3346 1874 acceptu-

112 1888 193 1941 σης
237 1872 513 1941 βασιλείας
566 1876 717 1949 αὐτῷ
775 1880 1247 1953 ύποτασσομένης,
1312 1885 1510 1951 ἱκανῶς
1575 1886 1645 1940 διὲ

1799 1902 1905 1952 υιη,
1949 1888 2087 1943 satis
2122 1903 2190 1943 ex
2240 1890 2546 1960 Scripturis
2585 1908 2614 1946 a
2652 1902 2706 1946 te
2748 1909 2912 1964 supra
2961 1872 3343 1954 reeitatisﬁde-

110 1962 197 2015 τῶν
227 1968 774 2039 προανιστορημένων
823 1972 927 2025 ὑπὸ
974 1973 1067 2026 σοῦ
1102 1974 1143 2026 Γ
1151 1975 1337 2045 ραφῶν
1382 1978 1663 2034 ἀποδέδεις

110 2071 239 2109 κται·
271 2058 349 2110 ὅτι
380 2058 438 2111 δὲ
472 2053 629 2124 οὗτός
664 2063 830 2126 ἐστιν,
866 2061 1148 2129 ἀπόδειξον
1181 2067 1331 2137 ἡμῖν.

164 2150 317 2217 Κάγώ
347 2168 361 2181 ⁸
424 2152 832 2208 Ἀποδέδεικται
886 2157 986 2225 μὲν
1032 2158 1152 2228 ἤδη,
1202 2155 1247 2212 ὦ
1293 2162 1504 2234 ἄνδρες,
1553 2168 1662 2231 τοῖς

108 2234 198 2294 ὦτα
239 2243 411 2314 ἔχουσι
446 2245 546 2299 καὶ
594 2248 659 2299 ὲκ
707 2247 814 2302 τῶν
862 2249 1313 2323 ὁμολογουμένων
1346 2256 1435 2325 ὑφ’
1471 2258 1658 2329 ὑμῶν·

108 2335 199 2387 ἀλλ’
229 2337 366 2400 ὅπως
395 2337 472 2409 μὴ
511 2339 771 2413 νομίσητε
806 2344 1032 2416 ἀπορεῖν
1066 2363 1134 2417 με
1166 2348 1261 2401 καὶ
1296 2348 1371 2421 μὴ
1404 2349 1660 2405 δύνασθαι

111 2426 338 2499 καὶπρὸς
369 2428 405 2482 ἃ.
452 2431 669 2496 ἀξιοῦτε
717 2436 1015 2503 ἀποδείξεις
1063 2439 1351 2506 ποιεῖσθαι,
1400 2441 1476 2507 ὡς
1522 2443 1658 2495 ὑπε-

110 2518 303 2590 σχόμην,
340 2523 397 2573 ὲν
428 2522 510 2594 τῷ
544 2526 870 2597 προσήκοντι
904 2530 1052 2601 τόπῳ
1087 2533 1416 2604 ποιήσομαισ
1452 2535 1520 2589 τά
1564 2536 1658 2589 νῦν

107 2610 150 2663 δὲ
189 2612 271 2664 ἐπὶ
314 2614 409 2685 τὴν
458 2617 756 2687 συνάφειαν
801 2614 877 2675 ὧν
934 2622 1235 2696 ἐποιούμην
1289 2626 1463 2695 λόγων
1516 2630 1655 2683 ἀπο-

108 2704 274 2774 τρέχω.

162 2796 234 2851 40.
271 2797 338 2851 Τὸ
373 2802 677 2872 μυστήριον
711 2798 803 2858 οὖν
837 2806 928 2859 τοῦ
979 2809 1251 2880 προϐάτου
1296 2811 1325 2864 6
1370 2811 1434 2865 τὸ
1458 2812 1650 2883 Πάσχα

108 2888 226 2942 θύειν
256 2890 360 2961 (70)
400 2894 720 2950 ἐντέταλται
770 2898 799 2951 6
844 2899 997 2965 Θεὸς,
1049 2901 1217 2967 τύπος
1262 2899 1330 2975 ἦν
1374 2904 1467 2959 τοῦ
1514 2908 1652 2978 Χρι-

107 2983 235 3034 στοῦο
267 2978 324 3037 οὗ
358 2984 433 3056 τῷ
467 2987 688 3057 αἵματι,
726 2992 868 3045 κατά
913 2993 1003 3045 τὸν
1035 2992 1193 3062 λόγον
1227 2996 1327 3066 τῆς
1374 2998 1456 3062 εἰς
1489 2999 1651 3052 αὐτὸν

106 3074 322 3141 πίστεως,
370 3080 617 3149 χρίονται
665 3082 791 3147 τοὺς
850 3083 1031 3149 οἴκους
1088 3086 1324 3151 ἑαυτῶν,
1373 3089 1650 3146 τουτέστιν

94 3164 310 3233 ὶαυτοὺς,
343 3174 390 3223 οἱ
416 3171 770 3238 πιστεύοντες
804 3178 883 3240 εἰς
916 3178 1099 3234 αὐτόν.
1127 3180 1245 3233 Ὀτι
1279 3181 1388 3253 γάρ
1420 3183 1481 3237 τὸ
1514 3182 1647 3237 πλά-

106 3273 214 3326 σμα,
243 3261 268 3312 6
298 3261 535 3317 ἔπλασεν
567 3267 595 3319 6
627 3265 758 3331 Θεὸς
782 3267 871 3321 τὸν
900 3270 1087 3341 Ἀδάμ,
1122 3267 1268 3336 οἶκος
1304 3274 1523 3342 ἐγένετο
1554 3276 1645 3329 τοῦ

106 3348 459 3423 ἐμφυσήματος
500 3356 592 3409 τοῦ
629 3357 782 3429 παρά
815 3359 907 3412 τοῦ
941 3361 1099 3428 Θεοῦ,
1136 3364 1229 3417 καὶ
1263 3366 1463 3429 πάντες
1509 3373 1649 3422 νοεῖν

103 3440 309 3499 δύνασθε.
344 3448 452 3500 Καὶ
487 3449 571 3502 δτι
603 3449 940 3524 πρόσκαιρος
971 3450 1039 3527 ἧν
1070 3458 1163 3509 καὶ
1193 3457 1333 3530 αὕτη
1368 3462 1399 3532 ή
1436 3462 1644 3534 ἐντολὴ,

103 3531 239 3596 οὕτως
268 3538 642 3612 ἀποδείκνυμι.
692 3545 942 3615 Οὑδαμοῦ
992 3546 1213 3602 θύεσθαι
1261 3551 1320 3603 τὸ
1368 3554 1638 3624 πρόϐατον

103 3623 174 3711 τοῦ
202 3626 375 3698 Πάσχα
407 3632 436 3684 6
483 3630 617 3696 Θεὸς
653 3637 947 3706 συγχωρεῖ,
984 3638 1033 3688 εἰ
1070 3638 1144 3708 μὴ
1192 3638 1286 3691 ἐπὶ
1333 3623 1483 3710 τύπῳ
1518 3640 1631 3711 (7i)

102 3705 136 3779 ᾧ
162 3716 497 3790 ἐπικέκληται
544 3722 604 3775 τὸ
637 3722 809 3793 ὄνομα
841 3724 1006 3778 αὐτοῦ
1026 3742 1041 3756 °
1078 3725 1233 3791 εἰδὼς
1265 3729 1346 3782 ὅτι
1395 3729 1641 3784 ἐλεύσον-

103 3824 171 3862 ται
197 3813 385 3886 ἡμέραι
422 3817 566 3886 μετά
611 3818 670 3871 τὸ
704 3818 896 3873 παθεῖν
928 3820 1018 3873 τὸν
1063 3822 1315 3893 Χριστὸν,
1350 3824 1438 3876 ὅτε
1485 3826 1581 3878 καὶ
1613 3826 1641 3878 6

258 3906 347 3977 τῆς
391 3908 747 3981 Ἰερουσαλὴμ
780 3914 891 3976 τοῖς
939 3911 1151 3983 ἐχθροῖς
1197 3913 1352 3983 ὑμῶν
1399 3917 1640 3988 παραδο-

104 3990 309 4062 θήσεται,
354 4000 449 4053 καὶ
500 4001 796 4055 παύσονται
845 4004 1054 4057 ἅπασαι
1100 4003 1285 4071 ἀπλῶς
1332 4010 1640 4081 προσφοραὶ

103 4086 357 4155 γινόμεναι,
393 4091 494 4145 καὶ
527 4093 587 4145 τὸ
620 4092 906 4147 κελευσθὲν
953 4093 1221 4165 πρόϐατον
1267 4098 1444 4152 ἐκεῖνο
1475 4099 1638 4153 ὀπτὸν

102 4174 193 4228 6‘on
220 4181 473 4249 γίνεσθαι,
526 4183 619 4237 τοῦ
668 4184 873 4250 πάθους
918 4186 1011 4239 τοῦ
1064 4189 1295 4261 σταυροῦ
1330 4190 1400 4243 δι’
1433 4184 1493 4244 οὗ
1528 4194 1637 4245 πά-

103 4282 220 4354 σχειν
258 4273 478 4342 ἔμελλεν
525 4277 553 4328 6
614 4278 869 4348 Χριστὸς,
933 4278 1203 4349 σύμϐολον
1249 4277 1339 4353 ἦν.
1398 4284 1470 4336 Τὸ
1527 4285 1637 4354 γάρ

101 4352 368 4428 ὀπτώμενον
414 4365 688 4436 πρόϐατον
737 4366 870 4438 (72),
919 4370 1390 4442 σχηματιζόμενον
1434 4352 1635 4443 ὁμοίως

184 4453 398 4523 σχήματι
430 4456 525 4510 τοῦ
576 4458 832 4529 σταυροῦ,
882 4460 1133 4518 ὀπτᾶται.
1170 4459 1265 4529 Εἷς
1313 4465 1421 4535 γὰρ
1454 4466 1633 4539 ὄρθιος

1768 1989 2131 2034 monstratum
2174 1994 2278 2036 est.
2314 1983 2470 2038 Hunc
2511 1994 2689 2041 autem
2720 1987 2895 2056 ipsum
2921 2002 3045 2044 esse
3072 1990 3231 2045 nobis
3256 1991 3353 2044 de-

1767 2080 2032 2124 monstra.

1833 2164 1905 2214 At
1948 2177 2085 2230 ego:
2131 2161 2187 2216 id
2209 2161 2345 2230 jam,
2380 2165 2503 2230 viri,
2548 2166 2612 2219 iis
2645 2166 2739 2235 qui
2784 2182 2946 2223 aures
2992 2169 3214 2235 habent,
3248 2171 3341 2224 de-

1762 2262 2123 2309 monstratum
2150 2265 2254 2319 est,
2289 2256 2371 2310 vel
2400 2274 2465 2313 ex
2510 2261 2593 2313 his
2626 2260 2775 2329 ipsis,
2809 2276 2929 2330 qua:
2957 2277 2987 2315 a
3025 2264 3180 2317 vobis
3208 2280 3342 2317 con-

1761 2358 1915 2398 cessa
1938 2358 2099 2413 sunt;
2127 2348 2218 2402 sed
2245 2365 2311 2403 ne
2335 2366 2421 2404 me
2454 2354 2650 2421 putetis
2678 2353 2907 2418 interere,
2934 2370 3033 2409 nec
3056 2371 3117 2409 ea
3146 2358 3339 2425 etiam,

1759 2449 1880 2502 quae
1908 2438 2111 2504 petitis,
2145 2439 2525 2496 demonstrare
2567 2460 2752 2511 posse.
2804 2444 2999 2499 faciam
3034 2447 3087 2501 id
3116 2462 3317 2503 conve-

1759 2528 1929 2582 nienti
1971 2528 2111 2597 loco,
2147 2541 2204 2585 ut
2232 2533 2504 2601 pollicitus
2530 2551 2688 2602 sum;
2724 2552 2870 2591 nunc
2909 2548 3093 2593 autem
3132 2539 3339 2595 seriem

1760 2620 2021 2677 instituta:
2061 2626 2330 2681 orationis
2358 2643 2681 2698 prosequor.

1823 2801 1915 2858 40.
1953 2802 2113 2857 Redit
2135 2805 2205 2857 ad
2234 2806 2369 2874 leges
2408 2803 2669 2862 Mosaicas
2710 2819 2758 2862 et
2796 2809 3000 2877 ﬁguras
3026 2810 3192 2879 fuisse
3216 2829 3327 2881 pro-

1755 2894 1839 2947 bat
1868 2912 2048 2947 eorum
2076 2913 2193 2965 qua:
2223 2900 2290 2949 ad
2317 2897 2578 2954 Christum
2606 2903 2885 2970 pertinent.
2911 2932 2982 2943 —
3016 2903 3332 2974 Mysterium

1754 2986 1921 3057 igitur
1958 2989 2109 3058 agni,
2138 3005 2299 3056 quem
2327 2990 2537 3046 Pascha
2562 2995 2850 3051 immolare
2882 2995 3137 3065 prmcepit
3168 2996 3327 3057 Deus,

1752 3080 1921 3148 figura
1950 3090 2068 3134 erat
2096 3081 2321 3147 Christi,
2346 3082 2507 3152 Cujus
2533 3087 2821 3156 sanguine,
2844 3103 2940 3157 pro
2967 3090 3087 3143 ﬁdei
3123 3090 3174 3143 in
3201 3105 3334 3143 eum

1751 3186 1863 3225 suae
1910 3172 2139 3237 ratione,
2174 3175 2365 3229 domos
2396 3190 2524 3230 suas
2554 3177 2849 3247 inungunt,
2882 3180 2973 3248 qui
3011 3182 3244 3236 credunt
3275 3181 3327 3236 in

1750 3279 1896 3326 eum,
1935 3264 2090 3334 137
2117 3265 2167 3319 id
2197 3276 2282 3320 est
2308 3267 2555 3337 seipsos;
2591 3284 2715 3323 nam
2756 3270 2889 3324 illud
2930 3270 3328 3340 plasma,quod

1753 3352 1889 3429 Dens
1912 3354 2139 3419 elﬁnxit,
2172 3369 2369 3426 nempe
2400 3358 2691 3423 Adamum,
2719 3358 2940 3414 domum
2970 3358 3142 3413 fuisse
3162 3358 3325 3413 alllati

1748 3461 1777 3499 a
1814 3447 1921 3501 Deo
1949 3448 2214 3516 spiritus,
2250 3463 2351 3502 vos
2398 3465 2617 3519 quoque
2652 3468 2845 3507 omnes
2890 3453 3192 3523 intelligere
3232 3468 3329 3522 po-

1749 3538 1925 3592 testis.
1962 3537 2073 3594 Hoc
2104 3551 2283 3594 autem
2318 3543 2493 3610 ipsum
2526 3545 2693 3597 etiam
2726 3555 3054 3614 praeceptum
3089 3546 3155 3597 ad
3188 3555 3327 3599 tem-

1746 3644 1846 3698 pus
1898 3632 2084 3684 datum
2125 3633 2206 3687 sic
2254 3632 2595 3690 demonstro.
2645 3636 2859 3703 Aguum
2913 3635 3133 3690 Pascha:
3181 3635 3325 3692 Deus

1746 3723 1873 3777 alibi
1906 3723 2175 3778 immolari
2220 3740 2328 3779 non
2359 3726 2513 3788 sinit,
2546 3742 2705 3795 quam
2749 3728 2800 3781 in
2837 3727 2958 3782 loco
3010 3730 3061 3782 in
3098 3744 3208 3798 quo
3238 3728 3322 3782 iu-

1742 3826 1995 3871 vocatum
2028 3828 2113 3873 est
2142 3832 2338 3873 nomen
2369 3818 2524 3887 ejus;
2559 3834 2683 3874 cum
2724 3823 2890 3876 sciret
2917 3833 3173 3877 venturos
3204 3834 3324 3893 post

1742 3908 1946 3964 Christi
1971 3910 2277 3977 passionem
2314 3910 2453 3971 dies.
2484 3911 2681 3980 quibus
2715 3912 2846 3967 urbs
2881 3910 3185 3968 Jerusalem
3218 3916 3322 3969 ho-

1740 4000 1916 4055 stibus
1945 4000 2152 4055 vestris
2190 4000 2524 4065 traderetur,
2559 4010 2614 4056 et
2658 4020 2852 4060 omnes
2904 4021 3131 4075 prorsus
3162 4007 3320 4061 obla-

1742 4089 1916 4145 tiones
1948 4090 2063 4145 iieri
2090 4092 2423 4148 desinerent.
2466 4094 2651 4166 Atque
2682 4096 2769 4152 hic
2800 4110 3002 4167 agnus,
3035 4113 3195 4167 quem
3230 4110 3317 4155 to-

1740 4192 1853 4238 tum
1902 4185 2075 4239 assari
2116 4187 2456 4256 praecipitur,
2485 4188 2736 4259 supplicii
2784 4191 2983 4254 crucis,
3023 4207 3119 4260 per
3153 4209 3319 4262 quant

1738 4277 1992 4331 Christus
2045 4289 2165 4333 erat
2217 4294 2506 4348 passurus,
2558 4281 2869 4352 symbolum
2931 4294 3077 4340 erat.
3130 4288 3320 4354 Agnus

1738 4372 1883 4424 enim
1922 4372 2013 4439 qui
2050 4380 2290 4435 assatur,
2338 4373 2406 4426 ad
2449 4374 2865 4428 similitudinem
2909 4375 3094 4445 figura:
3134 4379 3318 4432 crucis

1739 4462 2038 4530 dispositus
2078 4475 2315 4519 assatur.
2359 4465 2609 4517 Alterum
2653 4467 2799 4519 enim
2838 4481 2963 4519 veru
3010 4467 3077 4520 ab
3115 4468 3318 4523 intimis

100 4535 328 4611 ὀῦελίσκος
370 4549 761 4620 διας-περονᾶται
809 4552 917 4605 ἀπὸ
961 4552 1068 4606 τῶν
1114 4556 1411 4610 κατωτάτω
1447 4535 1630 4632 μερῶν

1799 4557 1981 4610 rtibus
2020 4558 2088 4611 ad
2134 4569 2299 4626 caput
2340 4574 2511 4628 usque
2553 4570 2705 4613 recta
2756 4561 3130 4630 transligitur;
3182 4561 3319 4615 alte-

103 4632 233 4705 μέχρι
260 4640 349 4711 τῆς
393 4642 660 4714 κεφαλῆς,
709 4644 805 4696 καὶ¹
850 4639 930 4710 εἷς
976 4645 1137 4700 πάλιν
1181 4649 1324 4703 κατά
1366 4651 1427 4704 τὸ
1461 4656 1629 4721 μετά-

123 4789 246 4867 ,(ῧἹ)
281 4797 381 4849 Καὶ
415 4796 491 4850 τὰ
521 4802 870 4869 φαινόμενα.
908 4803 1132 4857 Videtur
1167 4806 1252 4861 his
1298 4808 1478 4862 verbis
1527 4810 1625 4864 dc—

103 4873 285 4943 SIguare
312 4873 726 4943 conversionem
760 4874 1030 4942 gentium,
1060 4876 1413 4943 sequentibus
1440 4888 1624 4933 autem

103 4936 318 5004 Intracula
354 4939 402 4988 in
437 4940 642 4993 Christi
673 4936 890 4996 nomine
925 4943 1039 4996 ﬁeri
1084 4936 1268 5000 solita.

156 5000 246 5083 (ϐξ)
285 5007 346 5058 Οἳ
370 5010 441 5083 οὐ
476 5013 830 5066 παύσονται.
876 5012 991 5066 Νοη
1024 5019 1337 5083 providebat
1380 5017 1440 5073 S.
1473 5035 1624 5072 mar-

104 5071 304 5157 }ylriore
338 5078 648 5157 aliquando,
690 5097 744 5157 ιιι
788 5071 1036 5157 Ecclesia.
1067 5088 1167 5140 sub
1201 5071 1624 5157 imperatoribus

102 5137 647 5222 Christianis-ﬂoreret.
673 5154 854 5222 Atque
885 5156 936 5207 in
972 5137 1619 5214 1106θξεέεῆἶῖέιιῖὲῖιιῖιᾶῖ

103 5205 181 5301 int-
208 5212 601 5301 'i‘egtulliauum,
647 5205 742 5292 qui
764 5205 859 5277 ’διὸ

101 5274 181 5330 οι·
586 5274 600 5286 '
655 5274 737 5292 1"
783 5274 857 5277 "'
892 5274 1125 5307 '7".""“
1172 5274 1446 5299 "I'"'a"'
1492 5274 1615 5314 ,ν’-ι’·

103 5312 134 5369 ς,
162 5300 232 5369 ςνξ
262 5283 360 5369 ξονι]
394 5300 447 5343 et
484 5290 728 5349 Cresares
774 5296 1141 5369 credidissent
1180 5315 1346 5367 super
1377 5301 1615 5369 Chrtsw,

103 5359 138 5437 ξς
161 5364 236 5437 ἓξξι
259 5356 493 5437 βαζείιζθε
521 5379 625 5437 non
658 5376 838 5419 essent
870 5367 1068 5421 sa‘culo
1102 5356 1419 5437 necessarii,
1448 5356 1541 5427 aut
1573 5356 1619 5428 si

102 5426 141 5467 ει
158 5420 426 5501 Christiani
460 5436 763 5501 potuissent
788 5451 909 5491 esse

152 5490 707 5579 t_§9)Iﬂagarirsoaat.
744 5506 842 5579 ilic
864 5490 1052 5573 etiam,
1076 5490 1352 5579 utﬂs'upra,
1380 5512 1617 5568 futurum

341 5558 698 5649 'Sy'lburgius.

102 5636 342 5702 contextus
374 5636 691 5702 necessitas.

155 5701 246 5769 (Ἱο)
298 5708 360 5759 Ὃ
403 5712 468 5765 τὸ
501 5716 718 5784 Πάσχα
764 5719 949 5774 θύειν.
1014 5719 1222 5778 Similis
1272 5726 1616 5779 constructio

106 5778 207 5859 '30;
241 5785 593 5859 οᾳειιιτίισδ
640 5778 867 5859 πλάσμα
913 5790 941 5843 δ
989 5791 1220 5847 ἔπλασεν
1275 5794 1303 5846 ὁ
1348 5793 1482 5859 Θεὸς
1528 5778 1617 5849 at.

124 5836 263 5912 Δδάμ.
287 5836 616 5921 ιωψωῖιιὶία
646 5836 1257 5932 ξδ’ῆὲσᾶαἷάἷῖἑῗιῗιῖιέι
1277 5836 1616 5921 Ξοῖἶᾶἒί-ιὶᾇί

1734 4665 1853 4704 rum
1890 4666 2018 4707 vero
2052 4652 2355 4707 secundum
2390 4653 2666 4723 scapulas,
2702 4654 2771 4708 ad
2818 4655 2961 4723 quod
2992 4656 3157 4710 etiam
3190 4670 3308 4708 ma-

1732 4811 1798 4865 lis
1835 4810 2081 4886 victima,
2114 4827 2231 4886 _nec
2271 4827 2496 4886 necesse
2528 4822 2625 4886 est
2660 4813 2842 4884 legere
2889 4812 2967 4885 τῷ
3000 4813 3216 4886 Πάσχα,
3255 4822 3315 4868 ut

1730 4883 1943 4936 erudito
1981 4883 2314 4937 Loudinensi
2344 4883 2540 4938 editori
2571 4883 2748 4937 visum
2781 4895 2885 4939 est.

1813 4952 1925 5021 (Ἠ)
1961 4955 2032 5006 Et
2061 4952 2152 5038 μὴ
2181 4953 2279 5038 εξπὶ
2307 4954 2487 5021 τόπῳ.
2517 4953 2630 5038 Hoc
2655 4964 2998 5024 argumento.
3023 4954 3166 5038 quod
3193 4956 3312 5038 cvi:

1728 5025 1922 5096 denter
1958 5026 2151 5092 probat
2194 5023 2367 5096 legem
2398 5040 2504 5080 non
2553 5023 2815 5096 aeternam
2867 5040 3010 5089 esse,
3042 5023 3101 5077 ut
3138 5023 3308 5079 Judaei

1727 5094 1830 5145 sibi
1865 5094 2163 5163 ﬁngebant,
2192 5094 2285 5149 sed
2324 5096 2390 5150 ad
2425 5106 2637 5164 tempus
2667 5095 2875 5159 datam,
2900 5096 2979 5150 usi
3003 5096 3310 5149 suntmulti

1726 5163 1814 5235 alii
1847 5167 2168 5232 scriptores,
2190 5175 2249 5219 ut
2274 5163 2640 5221 Tertullianus
2662 5168 2784 5235 adv,
2807 5165 2943 5220 Jud.
2964 5180 3082 5235 cap.
3117 5165 3183 5228 5;
3205 5164 3305 5218 Eu-

1724 5234 2236 5306 sAebittsDemonstr.
2260 5236 2491 5306 euangel.
2513 5253 2562 5298 c,
2587 5238 2641 5303 6;
2672 5235 2731 5289 S.
2757 5234 2995 5290 Joannes
3016 5238 3304 5306 Chrysost.

1728 5302 1882 5378 Orat.
1906 5304 1961 5358 in
1988 5306 2161 5378 J_ud.;
2190 5308 2249 5363 S.
2280 5302 2518 5378 Cyr-illus
2556 5308 2651 5361 lib.
2683 5323 2759 5367 ix.
2785 5310 2839 5361 in
2871 5307 2984 5362 Jul.
3010 5302 3227 5378 p._312.

1797 5375 2040 5447 (72)_T6
2081 5378 2191 5447 γὰρ
2239 5374 2584 5447 ὀπτώμενον
2630 5378 2947 5445 πρόϐατον.
3002 5374 3311 5430 Salmasius

1722 5444 1989 5519 epist.’De
2017 5444 2170 5501 cruce
2198 5465 2249 5518 p.
2271 5444 2474 5514 Ξόιιζει
2508 5444 2812 5529 fidebamus
2854 5448 3070 5501 Hicroz.
3095 5454 3234 5525 part.
3258 5459 3298 5506 t,

1723 5517 1828 5569 col.
1876 5516 2006 5582 6l5,
2043 5532 2098 5572 et
2145 5520 2415 5587 Georgius
2458 5518 2670 5572 Eliezer
2721 5518 3019 5587 Edzardus,
3066 5531 3147 5568 var
3170 5517 3297 5587 _clo-

1722 5590 1912 5667 ctrina:
1941 5560 2220 5667 Heb‘raicaa
2240 5560 2629 5667 peﬁ'itissitnus,
2646 5588 2850 5667 Adit-ot.
2862 5586 2935 5667 ad
2958 5587 3139 5667 Avodu
3157 5583 3297 5667 Sunt

1721 5672 1838 5737 cap.
1861 5659 2007 5737 gap.
2038 5658 2165 5723 254,
2197 5661 2516 5737 existimant
2548 5674 2649 5713 n0n
2681 5658 2969 5737 cujuslibet
3009 5658 3159 5737 agni,
3197 5659 3294 5737 sed

1720 5726 1999 5782 Paschalis
2045 5740 2275 5790 tantum.
2327 5732 2661 5785 assationem
2722 5730 2809 5782 hic
2853 5729 3113 5790 describi,
3147 5731 3293 5795 quod

1721 5799 1849 5852 mihi
1877 5815 1982 5852 non
2023 5800 2084 5851 iit
2116 5801 2436 5856 verisimile.
2458 5799 2801 5862 Reclamant,
2837 5798 2941 5855 nisi
2965 5797 3151 5865 fallor,
3181 5799 3295 5868 ipsa

1721 5870 1881 5923 verba
1915 5879 1970 5926 et
2003 5871 2174 5927 series
2208 5872 2496 5926 orationis.
2536 5870 2849 5926 Τιιιιιιοιυε.
