3760 6508
424 342 531 401 563

1360 342 1420 401 Β.
1454 345 1717 403 JUSTINI
1750 346 2158 405 PHILOSOPHI
2199 349 2286 404 ET
2320 346 2680 403 MARTYRIS

3560 355 3663 409 565

420 474 530 515 nua
564 458 684 527 agni
717 457 1144 528 suspenduntur.
1183 459 1361 531 Atque
1385 463 1546 517 etiam
1576 464 1685 518 duo
1716 464 1789 517 illi
1826 464 1989 528 hirci,

2138 480 2307 534 ρενον,
2332 456 2376 531 ᾧ
2395 460 2803 535 προσαρτῶνται
2836 458 2931 513 καὶ
2950 460 3008 513 αἱ
3033 463 3210 533 χεῖρες
3242 461 3333 515 τοῦ
3369 465 3660 535 προϐάτου.

421 563 561 619 quos
601 549 654 602 in
684 548 890 619 jejunio
932 550 1139 605 similes
1189 551 1373 607 offerri
1411 554 1800 624 praescriptum
1845 563 1987 621 erat,

422 656 763 710 quorumque
788 640 927 695 alter
960 642 1276 699 emissarius
1303 654 1443 709 erat,
1478 644 1616 699 alter
1643 643 1985 707 offerebatur,

423 733 691 801 duplicem
716 733 912 788 Christi
941 735 1229 789 adventum
1264 738 1620 793 nuntiabant:
1652 738 1905 801 alterum,
1936 737 1987 792 in

424 842 535 895 quo
575 840 697 880 eum
730 824 879 880 velut
925 827 1268 881 emissarium
1309 830 1558 883 seniores
1593 828 1775 899 populi
1822 829 1988 884 vestri

423 926 479 970 et
510 916 821 971 sacerdotes
850 917 1173 983 eduxerunt,
1218 934 1521 988 manusque
1564 922 1613 974 ei
1665 922 1987 991 lnjecerunt,

423 1020 479 1064 et
512 1019 684 1065 morte
730 1023 851 1063 eum
898 1009 1264 1074 mulctarunt;
1306 1011 1536 1065 alterum
1578 1026 1729 1073 vero.
1761 1014 1888 1085 quia
1935 1015 1988 1068 in

423 1104 610 1157 eodem
652 1101 1143 1171 Hierosolymorum
1171 1103 1290 1159 loco
1324 1104 1630 1172 agnoscetis
1651 1120 1801 1169 eum,
1828 1120 1989 1175 quem

423 1195 754 1249 contumelia
794 1193 1077 1261 aﬂecistis,
1108 1197 1312 1265 quique
1344 1196 1549 1251 oblatio
1586 1206 1704 1251 erat
1745 1212 1843 1266 pro
1874 1212 1991 1250 om-

427 1288 585 1342 nibus
631 1287 1011 1357 peccatoribus
1058 1289 1437 1357 pmnitentiam
1476 1304 1636 1360 agere
1666 1289 1987 1352 volentibus,

424 1396 487 1434 ac
507 1379 777 1449 jejunium
809 1380 964 1444 illud,
994 1380 1139 1450 quod
1168 1380 1300 1435 dicit
1323 1379 1510 1445 Isaias,
1542 1381 1989 1445 observantibus,

420 1470 799 1540 colligationes
824 1469 1187 1527 violentorum
1210 1480 1589 1527 contractuum
1622 1470 1987 1535 diSsolvendo,

421 1578 488 1618 ac
517 1572 713 1618 caetera
742 1562 997 1618 similiter
1022 1564 1283 1630 tenendo,
1311 1579 1432 1633 quae
1462 1564 1531 1618 ab
1555 1579 1621 1621 eo
1648 1575 1988 1630 enumerata,

421 1666 480 1711 et
518 1671 550 1710 a
588 1672 673 1713 me
704 1658 928 1711 recitata
952 1656 1018 1725 “,
1058 1657 1127 1712 ab
1170 1657 1278 1723 his,
1308 1658 1403 1726 qui
1432 1658 1663 1712 credunt
1697 1658 1749 1711 in
1781 1654 1990 1718 Jesum,

422 1755 799 1811 observantur.
824 1754 977 1810 Hanc
1010 1762 1195 1809 autem
1232 1752 1399 1808 etiam
1438 1752 1668 1806 duorum
1714 1749 1990 1806 hircorqu

422 1847 774 1915 oblationem,
813 1847 907 1917 qui
960 1847 1015 1900 in
1052 1841 1260 1915 jejunio
1288 1842 1428 1912 jussi
1463 1851 1620 1896 erant
1652 1839 1866 1904 offerri,
1914 1838 1989 1893 si-

424 1940 624 1995 militer
654 1940 780 1995 alibi
813 1954 978 2010 quam
1013 1936 1429 2007 Hierosolymis,
1472 1934 1587 1989 fieri
1626 1933 1781 1991 nefas
1823 1933 1991 1989 fuisse

422 2032 591 2087 scitis.

491 2271 582 2325 4|.
616 2268 817 2324 Simila
840 2270 1033 2323 oblatio
1074 2267 1250 2339 ﬁgura
1279 2268 1638 2323 eucharistic.
1667 2297 1739 2308 —
1786 2265 1992 2324 Simila:

421 2376 638 2431 quoque
663 2360 890 2424 oblatio,
924 2360 1053 2425 viri,
1102 2359 1337 2421 aiebam.
1369 2373 1469 2429 pro
1510 2360 1597 2423 iis,
1635 2360 1727 2428 qui
1769 2373 1799 2412 a
1841 2360 1990 2429 lepra

418 2455 809 2523 purgabantur,
844 2450 1181 2520 prrescripta,
1222 2450 1394 2520 figura
1432 2460 1551 2505 erat
1580 2450 1735 2517 panis
1775 2449 1991 2504 Eucha-

422 2546 613 2607 ristiae,
644 2560 808 2613 quem
851 2543 1109 2597 Dominus
1138 2550 1323 2595 noster
1362 2539 1518 2596 Jesus
1538 2540 1787 2595 Christus
1820 2540 1872 2593 in
1901 2554 1993 2593 re-

420 2636 791 2691 cordationem
825 2633 1095 2704 passionis
1136 2646 1234 2701 pro
1266 2632 1353 2686 bis
1389 2634 1480 2700 qul
1512 2632 1580 2685 ab
1622 2621 1770 2686 omni
1810 2630 1991 2700 pravi-

422 2736 534 2783 tate
560 2736 863 2798 purgantur
905 2733 1173 2793 susceptae
1203 2723 1318 2777 fieri
1348 2723 1639 2792 prtecepit;
1670 2732 1728 2775 ut
1756 2732 1809 2776 et
1830 2722 1991 2776 simul

421 2822 625 2892 gratias
654 2836 878 2891 agamus
909 2821 1041 2887 Deo,
1079 2829 1191 2874 tum
1219 2820 1362 2890 quod
1396 2819 1654 2873 mundum
1686 2827 1740 2873 et
1785 2820 1988 2887 omnia,

422 2929 545 2981 qua:
576 2914 629 2967 in
662 2928 726 2967 eo
755 2923 903 2979 sunt,
938 2923 1164 2983 prapter
1208 2913 1483 2968 hominem
1532 2914 1839 2979 creaverit;
1874 2924 1988 2969 tum

425 3006 570 3073 quod
611 3020 709 3058 nos
740 3019 769 3057 a
804 3004 1067 3074 nequitia,
1102 3005 1152 3058 in
1182 3020 1284 3074 qua
1315 3004 1535 3068 fuimus,
1565 3006 1905 3069 liberaverit,
1936 3016 1991 3061 et

424 3096 764 3164 principatus
793 3104 847 3148 et
884 3102 1183 3163 potestates
1217 3094 1463 3150 funditus
1500 3096 1864 3166 proﬂigaverit
1893 3112 1991 3166 per

425 3201 550 3239 eum
597 3186 687 3253 qui
727 3187 791 3241 de
842 3184 959 3253 ejus
992 3185 1272 3240 voluntate
1316 3188 1553 3256 passioni
1583 3187 1759 3241 factus
1790 3198 1873 3242 est
1898 3190 1993 3243 ob-
2018 3172 2061 3229 C

426 3278 643 3330 noxius.
690 3277 825 3332 lliuc
872 3280 939 3335 de
989 3282 1273 3337 sacriﬁciis
1319 3283 1572 3351 quidem,
1615 3299 1736 3352 quas
1781 3293 1907 3339 tunc
1963 3300 1992 3338 a

425 3367 583 3421 vobis
622 3367 1013 3438 offerebantur,
1060 3374 1140 3429 sic
1181 3373 1342 3439 Dens,
1384 3382 1442 3427 ut
1479 3374 1591 3445 jam
1646 3377 1755 3430 dixi
1801 3376 1869 3443 “,
1902 3392 1995 3447 per

424 3457 753 3514 Malacliiam
804 3478 969 3517 unum
1014 3480 1079 3520 ex
1118 3465 1430 3531 duodecim,
1464 3465 1754 3537 loquitur:
1803 3488 1823 3521 ε
1873 3469 1991 3525 Non

423 3560 509 3605 est
537 3552 791 3607 voluntas
821 3569 935 3608 mea
967 3556 1020 3610 in
1050 3555 1225 3623 vobis,
1269 3558 1403 3614 dicit
1432 3559 1712 3625 Dominus,
1745 3570 1798 3615 et
1824 3564 1996 3617 sacri-

426 3642 548 3696 flcia
580 3660 684 3699 non
724 3646 1021 3716 suscipiam
1052 3648 1120 3703 de
1150 3651 1402 3705 manibus
1439 3652 1663 3719 vestris,
1701 3664 1991 3724 propterea

425 3736 569 3803 quod
596 3737 664 3791 ab
694 3748 815 3792 ortu
846 3738 979 3793 solis
1008 3755 1179 3809 usque
1208 3742 1273 3795 ad
1297 3757 1552 3797 occasum
1582 3759 1779 3798 nomen
1813 3761 1991 3800 meum

426 3826 788 3895 gloriﬁcatum
820 3839 904 3883 est
935 3830 986 3883 in
1021 3831 1181 3902 138
1209 3834 1495 3901 gentibus;
1523 3845 1577 3889 et
1609 3836 1661 3888 in
1701 3837 1848 3890 omni
1877 3836 1995 3893 loco

425 3917 655 3973 offertur
704 3919 982 3980 incensum
1041 3924 1247 3979 nomini
1300 3941 1419 3980 meo
1452 3936 1506 3981 et
1550 3927 1773 3983 victima
1819 3945 1989 3999 pura;

424 4010 680 4078 quoniam
729 4028 983 4080 magnum
1032 4022 1117 4068 est
1156 4030 1353 4069 nomen
1404 4033 1581 4072 meum
1621 4019 1673 4073 in
1718 4022 1991 4088 gentibus,

426 4101 559 4157 dicit
598 4102 883 4159 Dominus.
922 4104 1025 4159 Vos
1061 4116 1240 4161 autem
1286 4108 1416 4163 illud
1441 4111 1739 4178 profanatis
1765 4113 1830 4165 ".
1868 4133 1886 4165 ι
1921 4114 1994 4167 De

425 4194 495 4250 iis
523 4206 727 4261 autem,
761 4212 879 4266 quae
913 4198 966 4252 in
999 4199 1145 4253 omni
1176 4200 1297 4256 loco
1324 4216 1353 4254 a
1394 4203 1551 4257 nobis
1576 4204 1827 4273 gentibus
1856 4205 1993 4259 olfe-

421 4299 620 4343 runtur
647 4290 717 4351 ei.
752 4291 1063 4355 sacrificiis,
1098 4294 1201 4349 hoc
1222 4304 1327 4362 est,
1358 4297 1424 4350 de
1457 4310 1597 4366 pane
1637 4296 1995 4354 Eucharistia:

421 4389 477 4434 et
503 4381 567 4435 de
596 4382 767 4437 calice
795 4382 1052 4438 similiter
1082 4384 1442 4443 Eucharistize
1466 4429 1481 4453 ,
1509 4388 1621 4459 jam
1654 4399 1767 4443 tum
1803 4391 1994 4459 praedi-

424 4471 518 4535 cit,
555 4472 685 4526 illud
721 4476 885 4527 etiam
930 4474 1155 4541 addens,
1196 4492 1393 4533 nomen
1426 4495 1583 4533 suum
1626 4495 1653 4533 a
1688 4481 1843 4536 nobis
1878 4481 1993 4551 glo-

423 4566 653 4631 rilicari,
684 4581 714 4620 a
748 4568 899 4621 vobis
929 4578 1108 4621 autem
1143 4569 1445 4639 profanari.
1471 4570 1587 4626 Jam
1631 4587 1763 4628 vero
1793 4590 1994 4643 pra-ce-

420 4665 573 4726 ptum
618 4656 749 4712 illud
795 4658 1247 4727 circumcisionis,
1281 4672 1339 4717 ut
1382 4662 1621 4719 infantes
1663 4679 1861 4721 octavo
1905 4669 1995 4723 die

420 4748 646 4803 omnino
675 4748 1158 4815 circumcidantur,
1195 4751 1363 4821 figura
1387 4763 1507 4808 erat
1534 4771 1674 4809 verae
1703 4759 1990 4813 circumci-

423 4838 613 4904 sionis,
661 4856 765 4910 qua
818 4843 886 4897 ab
928 4857 1115 4900 errore
1157 4855 1214 4901 et
1259 4850 1503 4918 nequitia
1531 4866 1624 4920 per
1659 4865 1805 4915 eum,
1836 4853 1927 4919 qui
1963 4867 1993 4907 a

530 5020 576 5052 ³³
597 5034 657 5074 n.
688 5020 776 5075 15.
853 5023 980 5083 ’δ-η,
1011 5023 1101 5078 28.
1175 5026 1221 5057 ⁸⁸
1242 5024 1468 5081 Malacb.
1500 5043 1538 5094 ι,
1570 5026 1757 5081 10-12.

499 5176 611 5254 (73)
644 5176 857 5254 ,Τρςὶγοι
892 5177 1001 5254 δύο
1047 5181 1255 5254 ξμοιοι.
1286 5182 1455 5254 Hujus
1489 5183 1866 5252 explicationis
1894 5198 1997 5254 au-

423 5257 544 5323 rlor
582 5248 686 5323 fuit
720 5246 935 5323 Justino
970 5250 1027 5304 S.
1055 5246 1475 5323 Barnabasfsen
1511 5246 1820 5323 quicunque
1856 5253 1995 5323 alius

423 5318 711 5386 epismlam
740 5320 981 5387 scripsit,
1005 5335 1126 5387 quae
1162 5322 1219 5377 S.
1255 5318 1542 5377 Barnabaz'
1571 5318 1843 5376 tribuitur.
1878 5321 1997 5376 Vid.

422 5401 475 5441 c.
530 5388 561 5442 7
623 5389 781 5452 hujus
836 5391 1082 5457 cpistola).
1134 5402 1189 5445 et
1242 5392 1630 5447 Tertullianum.
1686 5396 1806 5444 adv.
1840 5392 1995 5455 Jud.,

424 5474 472 5509 c.
532 5458 618 5511 N.
678 5458 808 5513 Vide
858 5460 1022 5514 etiam
1082 5461 1271 5533 Cyrill.
1322 5462 1479 5515 Alex.
1534 5463 1585 5514 in
1621 5462 1736 5515 Jul.
1782 5461 1877 5515 lib.
1917 5478 1993 5527 ix,

424 5542 548 5582 una.
584 5527 710 5582 302.

460 5542 548 5583 32.
584 5542 710 5583 ὒυΖ.

423 5542 775 5666 νθῗῆιῗυὲὸτι
804 5600 874 5655 ἐν
906 5599 988 5665 τῷ
1024 5599 1186 5665 αὐτῷ
1206 5600 1381 5665 τόπῳ.
1402 5597 1631 5653 Necesse
1661 5616 1765 5652 non
1801 5612 1883 5655 εει
1919 5601 1994 5653 1η-

424 5679 553 5784 gere
598 5669 693 5723 ὅτε
740 5672 798 5723 ὲν
846 5669 924 5739 τῷ
955 5670 1107 5738 αὐτῷ
1138 5669 1307 5740 τόπῳ.
1343 5670 1623 5723 Rationem
1659 5670 1803 5724 enim
1840 5669 1996 5725 affert

460 5738 672 5784 ttslinns
726 5754 821 5784 cur
877 5741 1092 5784 nhlnlus
1151 5741 1238 5784 ille.
1273 5739 1463 5784 similis
1516 5741 1699 5784 liirmie
1746 5742 1993 5784 commrlm

460 5738 672 5793 nstinus
726 5754 821 5794 cur
877 5738 1092 5794 oblatus
1151 5741 1238 5794 ille
1262 5738 1463 5796 Vsimilis
1516 5741 1699 5795 hircus
1746 5742 1994 5796 secunda:

2024 4520 2071 4579 D

2091 554 2201 607 Καὶ
2233 556 2281 607 οἱ
2317 555 2373 606 ὲν
2406 556 2469 623 τῇ
2504 551 2723 621 νηστεία
2766 550 2822 603 δὲ
2867 551 3057 621 τράγοι
3088 550 3180 603 δύο
3210 552 3391 621 ὅμοιοι
3428 554 3537 625 (75)
3574 573 3669 609 κε-

2089 644 2404 708 λευσθέντες
2446 642 2710 712 γίνεσθαι,
2746 634 2820 694 ὧν
2852 642 2880 694 ὁ
2905 634 2985 705 εἷς
3016 641 3399 712 ἀποπομπαῖος
3436 645 3663 712 ἐγίνετο,

2090 737 2118 788 ὁ
2150 735 2205 788 δὲ
2239 736 2425 806 ἕτερος
2460 735 2540 799 είς
2575 732 2911 805 προσφορὰν,
2946 731 3053 785 τῶν
3091 732 3182 786 δύο
3226 735 3541 807 παρουσιῶν
3574 736 3664 789 τοῦ

2090 826 2321 898 Χριστοῦ
2358 826 2692 894 καταγγελία
2729 820 2899 896 ἦσαν’
2946 826 3073 893 μιᾶς
3110 826 3227 895 μὲν,
3266 828 3323 879 ἐν
3425 828 3501 891 ὡς
3529 829 3669 881 ἀπο-

2091 921 2363 989 πομπαῖον
2397 918 2557 971 αὐτὸν
2598 916 3031 988 παρεπέμψαντο
3075 919 3123 968 οί
3174 918 3538 989 πρεσϐύτεροι
3574 919 3664 973 τοῦ

2090 1008 2219 1062 λαοῦ
2255 1008 2407 1078 ὑμῶν
2442 1009 2537 1062 καὶ
2559 1010 2606 1061 οί
2638 1011 2827 1080 ἱερεῖς,
2861 1007 3208 1073 ἐπιϐαλόντες
3242 1008 3391 1079 αὐτῷ
3430 1010 3529 1073 τὰς
3560 1014 3670 1080 χεῖ-

2094 1118 2215 1173 ρας,
2248 1100 2345 1154 καὶ
2372 1098 2779 1165 θανατώσαντες
2821 1101 2981 1153 αὐτόν
3001 1118 3015 1132 ο
3049 1101 3141 1153 καὶ
3180 1100 3279 1170 τῆς
3315 1101 3576 1172 δευτέρας
3607 1102 3664 1155 δὲ

2090 1191 2254 1246 αὑτοῦ
2280 1192 2601 1264 παρουσίας,
2630 1193 2712 1244 ὅτι
2737 1194 2793 1244 ὲν
2815 1190 2890 1261 τῷ
2916 1190 3064 1260 αὐτῷ
3094 1192 3244 1261 τόπῳ
3277 1191 3387 1263 (74)
3419 1193 3527 1245 τῶν
3570 1193 3666 1245 Ἰε-

2095 1282 2402 1359 ροσολύμων
2442 1284 2911 1355 ὲπιγνωσθήσεσθε
2958 1283 3069 1354 (75)
3120 1284 3282 1337 αὐτὸν
3322 1285 3413 1337 τὸν
3462 1287 3667 1355 ἀτιμω-

2092 1375 2253 1430 θέντα
2286 1376 2373 1444 ὑφ’
2402 1373 2574 1443 ὑμῶν,
2606 1374 2699 1428 καὶ
2734 1374 3019 1446 προσφορὰ
3046 1369 3116 1443 ῆν
3140 1374 3283 1446 ὑπὲρ
3318 1374 3537 1427 πάντων
3560 1375 3664 1427 τῶν

2094 1469 2372 1540 μετανοεῖν
2407 1466 2742 1538 βουλομένων
2777 1468 3135 1540 ἁμαρτωλῶν,
3170 1466 3265 1519 καὶ
3299 1467 3667 1535 νηστευόντων

2090 1557 2157 1627 ἢν
2178 1553 2467 1622 καταλέγει
2500 1554 2725 1618 Ἡσαΐας
2750 1556 3022 1625 νηστείαν,
3039 1554 3373 1619 διασπῶντες
3396 1572 3668 1627 στραγγα-

2091 1644 2209 1709 λιὰς
2242 1643 2431 1714 βιαίων
2466 1644 2948 1715 συναλλαγμάτων,
2983 1649 3076 1700 καὶ
3110 1646 3177 1699 τὰ
3214 1646 3351 1699 ἄλλα
3381 1647 3583 1717 ὁμοίως
3602 1648 3667 1700 τὰ

2091 1735 2554 1807 κατηριθμημένα
2588 1737 2678 1789 ὑπ’
2710 1738 2896 1803 αὐτοῦ,
2936 1738 2971 1793 ἃ
3006 1740 3099 1794 καὶ⁴
3121 1741 3283 1803 αὐτὸς
3314 1739 3665 1812 ἀνιστόρησα,

2092 1826 2472 1896 φυλάσσοντες,
2508 1827 2544 1881 ἃ
2587 1828 2830 1882 ποιοῦσιν
2866 1831 2915 1883 οί
2956 1830 3032 1902 τῷ
3081 1830 3253 1902 Ἰησοῦ
3296 1830 3660 1895 πιστεύοντες.

2090 1918 2202 1973 Kal.
2242 1918 2325 1971 ὅτι
2350 1917 2444 1971 καὶ
2477 1919 2509 1988 ἡ
2542 1917 2650 1971 τῶν
2687 1919 2779 1973 δύο
2810 1922 3027 1992 τράγων
3072 1920 3177 1975 τῶν
3211 1922 3441 1993 νηστείᾳ
3478 1923 3665 1975 κελευ-

2092 2009 2332 2064 σθέντων
2383 2010 2793 2082 προσφέρεσθαι
2848 2014 3135 2087 προσφορὰ
3179 2014 3418 2084 οὐδαμοῦ
3469 2014 3666 2085 ὁμοίως

2092 2098 2506 2175 συγκεχώρηται
2535 2101 2801 2169 γίνεσθαι,
2832 2106 2881 2156 ει
2912 2103 2987 2175 μὴ
3016 2106 3072 2159 ὲν
3114 2104 3377 2175 Ἰεροσολύ
3387 2123 3528 2175 μοις,
3554 2108 3667 2159 ὲπί-

2091 2190 2311 2246 στασθε.

2158 2283 2247 2337 41.
2282 2284 2455 2355 Καὶὴ
2505 2282 2605 2354 τῆς
2650 2284 2978 2355 σεμιδάλεως
3022 2284 3078 2339 δὲ
3124 2284 3447 2357 προσφορὰ,
3494 2279 3540 2339 ὧ
3576 2286 3666 2340 ἄν·

2088 2375 2234 2447 δρες,
2268 2374 2472 2445 ἔλεγον,
2508 2378 2540 2447 ἠ
2574 2376 2714 2449 ὑπὲρ
2758 2375 2863 2430 τῶν
2916 2377 3365 2449 καθαριζομένων
3412 2378 3521 2431 ἀπὸ
3569 2378 3667 2447 τῆς

2089 2466 2298 2537 λέπρας
2346 2466 2748 2538 προσφέρεσθαι
2802 2469 3203 2540 παραδοθεῖσα,
3246 2468 3416 2532 τύπος
3462 2465 3531 2541 ῆν
3576 2468 3663 2522 τοῦ

2090 2558 2253 2629 ἄρτου
2286 2559 2385 2629 τῆς
2417 2560 2806 2631 Εὐχαριστίας,
2856 2562 2915 2615 ὃν
2959 2563 3039 2625 είς
3083 2563 3389 2633 ἀνάμνησιν
3436 2562 3527 2615 τοῦ
3575 2564 3670 2616 τεά⁶

2090 2649 2217 2714 θους
2247 2644 2308 2703 οὗ
2347 2651 2546 2705 ἔπαθεν
2579 2652 2718 2725 ὑπὲρ
2754 2653 2861 2708 τῶν
2900 2653 3318 2725 καθαιρομένων
3365 2655 3461 2717 τὰς
3492 2654 3668 2723 ψυχὰς

2090 2741 2197 2794 ἀπὸ
2241 2743 2423 2815 πάσης
2456 2746 2718 2816 πονηρίας
2762 2744 3097 2817 ἀνθρώπων,
3124 2745 3334 2816 Ἰησοῦς
3368 2746 3601 2817 Χριστὸς
3640 2746 3667 2795 ὁ

2090 2833 2293 2905 Κύριος
2326 2835 2481 2906 ἡμῶν
2505 2837 2791 2909 παρέδωκε
2824 2841 3033 2901 ποιεῖν,
3068 2838 3155 2891 ἴνα
3189 2838 3308 2908 ἅμα
3348 2855 3407 2890 τε
3452 2838 3671 2908 εὐχαρι-

2091 2925 2303 2997 στῶμεν
2334 2927 2414 2997 τῷ
2446 2927 2564 2999 Θεῷ
2612 2929 2755 3000 ὑπέρ
2787 2947 2845 2983 τε
2894 2929 2983 2983 τοῦ
3017 2930 3107 2983 τὸν
3149 2931 3354 3001 κόσμον
3398 2930 3670 2983 ἐκτικέναι

2091 3019 2189 3071 σὺν
2223 3020 2355 3073 πᾶσι
2400 3024 2510 3085 τοῖς
2546 3023 2604 3074 ὲν
2638 3021 2784 3091 αὐτῷ
2815 3022 2901 3075 διὰ
2933 3022 3022 3075 τὸν
3055 3022 3377 3095 ἄνθρωπον,
3403 3022 3499 3075 καὶ
3532 3022 3670 3091 ὑπὲρ

2093 3108 2183 3162 τοῦ
2217 3110 2325 3164 ἀπὸ
2357 3110 2455 3181 τῆς
2488 3110 2683 3174 κακίας
2729 3113 2789 3163 ἐν
2885 3111 3190 3181 γεγόναμεν
3235 3110 3672 3181 ἠλευθερωκέναι

2096 3203 2262 3273 ἡμᾶς,
2297 3203 2393 3257 καὶ
2422 3202 2521 3267 τὰς
2545 3204 2720 3274 ἀρχὰς
2754 3204 2847 3257 καὶ
2886 3204 2984 3267 τὰς
3019 3202 3270 3270 ἐξουσίας
3311 3202 3674 3257 καταλελυκέ-

2095 3315 2183 3351 ναι
2221 3298 2428 3352 τελείαν
2447 3299 2739 3352 κατάλυσιν
2768 3298 2853 3353 διὰ
2876 3298 2966 3351 τοῦ
2996 3298 3239 3370 παθητοῦ
3268 3298 3555 3368 γινομένου
3580 3317 3675 3352 κα-

2094 3389 2163 3443 τὰ
2193 3389 2290 3461 τὴν
2317 3390 2508 3461 βουλὴν
2538 3390 2720 3444 αὑτοῦ.
2759 3390 2918 3443 Ὅθεν
2954 3390 3081 3463 περὶ
3120 3392 3218 3461 μὲν
3250 3391 3358 3443 τῶν
3392 3392 3477 3461 ὑφ’
3520 3391 3675 3461 ὑμῶν

2095 3482 2214 3535 τότε
2249 3482 2706 3554 προσφερομένων
2750 3481 2949 3535 θυσιῶν
2992 3482 3140 3551 λέγει
3163 3482 3365 3546 ὁΘεὸς,
3403 3483 3477 3545 ὼς
3511 3482 3676 3553 προέ-

2096 3591 2224 3645 φην,
2260 3573 2348 3627 διὰ
2379 3573 2686 3643 Μαλαχίου,
2719 3572 2836 3637 ἑνὸς
2864 3574 2969 3626 τῶν
3001 3572 3227 3627 δώδεκα·
3267 3594 3285 3624 ι
3310 3576 3422 3627 Οὐκ
3445 3574 3564 3626 ἔστι
3594 3574 3676 3625 θέ-

2094 3661 2245 3734 λημά
2279 3681 2380 3735 μου
2424 3667 2482 3718 ὲν
2524 3665 2686 3735 ὑμῖν,
2739 3663 2889 3733 λέγει
2935 3664 3171 3735 Κύριος·
3208 3664 3305 3717 καὶ
3354 3664 3451 3728 τὰς
3483 3663 3675 3726 θυσίας

2094 3755 2246 3826 ὑμῶν
2282 3755 2342 3808 οὐ
2392 3756 2755 3828 προσδέξομαι
2797 3758 2860 3809 ὲκ
2912 3756 3021 3808 τῶν
3062 3756 3261 3826 χειρῶν
3308 3756 3490 3827 ὑμῶν’
3540 3755 3675 3807 διότι

2094 3847 2202 3902 ἀπὸ
2234 3848 2495 3919 ἀνατολῆς
2536 3847 2683 3919 ήλίου
2725 3848 2829 3911 ἕως
2862 3848 3079 3918 δυσμῶν
3110 3850 3168 3901 τὸ
3193 3849 3365 3918 ὄνομά
3395 3866 3492 3919 μου
3536 3847 3675 3900 δεδό-

2095 3939 2287 4005 ξασται
2323 3940 2380 3991 ὲν
2412 3941 2523 4001 τοῖς
2556 3937 2765 4001 ἔθνεσι,
2793 3939 2887 3992 καὶ¹
2922 3940 2979 3991 ὲν
3023 3944 3189 3993 παντὶ
3235 3940 3388 4009 τόπῳ
3422 3939 3673 4008 θυμίαμα

2097 4028 2466 4101 προσφέρεται
2499 4029 2575 4099 τῷ
2607 4028 2831 4099 ὀνόματί
2868 4047 2967 4099 μου
3003 4030 3097 4082 καὶ
3127 4028 3289 4081 θυσία
3328 4028 3564 4097 καθαρά’
3594 4029 3669 4080 ὅτι

2099 4124 2244 4195 μέγα
2287 4122 2347 4175 τὸ
2385 4123 2554 4189 ὄνομά
2598 4139 2697 4193 μου
2736 4123 2793 4174 ἐν
2828 4124 2939 4184 τοῖς
2980 4120 3189 4183 ἔθνεσι,
3247 4120 3401 4189 λέγει
3449 4123 3666 4191 Κύριος·

2096 4214 2251 4287 ὑμεῖς
2277 4214 2331 4268 δὲ
2359 4214 2646 4285 βεδηλοῦτε
2679 4211 2830 4266 αὑτό.
2864 4231 2883 4263 ι
2909 4212 3044 4283 Περὶ⁸
3081 4212 3138 4264 δὲ
3169 4210 3277 4263 τῶν
3307 4214 3365 4264 ὲν
3396 4213 3557 4265 παντὶ
3590 4212 3671 4264 τό·

2096 4326 2183 4378 πῳ
2214 4308 2305 4377 ὑφ’
2334 4306 2488 4378 ἡμῶν
2534 4306 2641 4359 τῶν
2682 4304 2850 4358 ἐθνῶν
2891 4303 3354 4376 προσφερομένων
3406 4304 3555 4374 αὑτῷ
3587 4304 3672 4357 θυ-

2096 4397 2260 4461 σιῶν,
2305 4396 2550 4450 τουτέστι
2592 4395 2682 4449 τοῦ
2731 4394 2895 4466 ἄρτου
2917 4394 3015 4464 τῆς
3052 4394 3421 4465 Εὐχαριστίας
3454 4396 3548 4448 καὶ
3584 4394 3669 4447 τοῦ

2098 4490 2356 4561 ποτηρίου
2379 4489 2577 4559 ὁμοίως
2600 4487 2699 4557 τῆς
2720 4485 3104 4557 Εὑχαριστίας,
3142 4486 3402 4557 προλέγει
3425 4489 3569 4551 τότε,
3598 4488 3671 4539 εξ-

2101 4579 2218 4634 πὼν
2246 4580 2340 4633 καὶ
2370 4580 2428 4632 τὸ
2460 4579 2631 4649 ὄνομα
2661 4577 2823 4631 αὐτοῦ
2848 4575 3088 4643 δοξάζειν
3122 4578 3290 4647 ἡμᾶς,
3327 4578 3476 4649 ὑμᾶς
3502 4578 3558 4630 δὲ
3588 4576 3670 4646 βε-

2101 4670 2315 4742 δηλοῦν.
2361 4669 2423 4723 Ἦ
2455 4670 2511 4723 δὲ
2548 4668 2733 4739 ἐντολὴ
2767 4669 2864 4739 τῆς
2898 4668 3235 4739 περιτομῆς,
3280 4668 3580 4722 κελεύουσα
3610 4670 3668 4737 τῇ

2099 4760 2261 4832 ὀγδόῃ
2290 4760 2477 4833 ἡμέρᾳ
2505 4764 2567 4816 ὲκ
2601 4760 2799 4822 παντὸς
2835 4759 3181 4831 περιτέμνειν
3218 4760 3290 4814 τὰ
3343 4760 3667 4830 γεννώμενα,

2100 4850 2268 4914 τύπος
2309 4846 2377 4923 ἦν
2415 4852 2511 4922 τῆς
2544 4850 2805 4923 ἀληθινῆς
2844 4851 3143 4923 περιτομῆς
3185 4852 3253 4923 ἣν
3309 4851 3670 4925 περιετμήθη-

2100 5181 2566 5249 reprzesentationi
2590 5180 2791 5235 Christi
2832 5180 3175 5244 respondeat.

2171 5247 2282 5321 (75)
2317 5249 2896 5322 Ἐπιγνωσθήσεσθε.
2913 5249 3092 5302 Mallet
3118 5250 3432 5322 Silburgius
3454 5247 3667 5319 ἐπιγνώ-

2102 5316 2277 5377 σεσθεζ
2317 5323 2432 5376 Mox
2459 5316 2563 5375 "illa
2602 5323 2763 5391 verba
2801 5322 2892 5373 καὶ
2928 5320 3214 5391 προσφορὰ
3246 5316 3338 5390 ἧνξ
3381 5338 3399 5371 ι
3455 5316 3583 5373 dura
3618 5328 3667 5371 et

2102 5396 2187 5445 vix
2224 5394 2444 5446 ferenda
2492 5412 2509 5443 ι
2544 5392 2622 5445 Cl.
2663 5390 2909 5443 Tbirlbio
2941 5390 3211 5460 videntur.
3250 5391 3557 5460 chendnm
3592 5391 3667 5440 vi-

2104 5464 2260 5513 detur
2312 5472 2437 5514 ante
2488 5463 2603 5514 haec
2646 5463 2805 5513 verba
2860 5462 2942 5523 ὃς.
2982 5459 3364 5515 Tertullianus
3412 5461 3661 5528 jejunium

2104 5531 2356 5600 intelligit
2403 5531 2468 5583 dc
2518 5530 2762 5595 reprobis
2804 5548 2822 5579 ι
2869 5531 3246 5597 Ῑι·]ιιηειιι1ἰ1›ιιε
3274 5547 3303 5583 a
3344 5534 3517 5585 salute
3562 5549 3578 5581 ι
3617 5531 3662 5581 in

2100 5602 2341 5654 secundo
2388 5602 2643 5659 adventu,
2686 5602 2810 5652 dum
2854 5618 2872 5649 ι
2914 5604 3233 5655 sacerdotes
3285 5602 3467 5668 templi
3512 5600 3663 5668 spiri-

2100 5671 2280 5736 umlis,
2319 5671 2370 5722 id
2404 5680 2488 5724 est
2522 5670 2794 5743 Ecclesia},
2824 5671 3118 5725 Ποιιιίιιὶςεε
3155 5673 3351 5740 gratiae
3386 5673 3533 5743 quasi
3561 5671 3662 5723 vis~

2100 5744 2374 5796 ιἐΓιιιὶοιιε
2409 5742 2640 5809 quadam
2686 5760 2703 5791 ›
2747 5740 3016 5793 fruentur.
