  <div class='ocr_page' id='page_1' title='image "/cluster/home/n/w/nwhite01/storage/ocr_20150623/6/hvd.32044019206606/291.png"; bbox 0 0 3760 6510; ppageno 0'>
   <div class='ocr_carea' id='block_1_1' title="bbox 334 319 448 375">
    <p class='ocr_par' dir='ltr' id='par_1_1' title="bbox 334 319 448 375">
     <span class='ocr_line' id='line_1_1' title="bbox 334 319 448 375; baseline -0.018 0"><span class='ocrx_word' id='word_1_1' title='bbox 334 319 448 375; x_wconf 76' lang='grc'><strong>567</strong></span> 
     </span>
    </p>
   </div>
   <div class='ocr_carea' id='block_1_2' title="bbox 1278 323 2589 389">
    <p class='ocr_par' dir='ltr' id='par_1_2' title="bbox 1278 323 2589 389">
     <span class='ocr_line' id='line_1_2' title="bbox 1278 323 2589 389; baseline 0.008 -11"><span class='ocrx_word' id='word_1_2' title='bbox 1278 323 1335 379; x_wconf 83' lang='lat'><strong>8.</strong></span> <span class='ocrx_word' id='word_1_3' title='bbox 1372 325 1634 383; x_wconf 78' lang='lat' dir='ltr'><strong>JUSTINI</strong></span> <span class='ocrx_word' id='word_1_4' title='bbox 1669 327 2075 385; x_wconf 78' lang='lat' dir='ltr'><strong>PHILOSOPIH</strong></span> <span class='ocrx_word' id='word_1_5' title='bbox 2107 330 2194 387; x_wconf 81' lang='lat' dir='ltr'><strong>ET</strong></span> <span class='ocrx_word' id='word_1_6' title='bbox 2230 333 2589 389; x_wconf 70' lang='lat' dir='ltr'><strong>MARTYRIS</strong></span> 
     </span>
    </p>
   </div>
   <div class='ocr_carea' id='block_1_3' title="bbox 3482 327 3583 387">
    <p class='ocr_par' dir='ltr' id='par_1_3' title="bbox 3482 327 3583 387">
     <span class='ocr_line' id='line_1_3' title="bbox 3482 327 3583 387; baseline -0.02 0"><span class='ocrx_word' id='word_1_7' title='bbox 3482 327 3583 387; x_wconf 80' lang='lat'><strong>568</strong></span> 
     </span>
    </p>
   </div>
   <div class='ocr_carea' id='block_1_4' title="bbox 342 431 1918 521">
    <p class='ocr_par' dir='ltr' id='par_1_4' title="bbox 342 431 1914 506">
     <span class='ocr_line' id='line_1_4' title="bbox 342 431 1914 506; baseline 0.01 -23"><span class='ocrx_word' id='word_1_8' title='bbox 342 445 433 483; x_wconf 86' lang='grc' dir='ltr'>ιιιο</span> <span class='ocrx_word' id='word_1_9' title='bbox 457 431 868 498; x_wconf 82' lang='lat' dir='ltr'><strong>circumcisio,a</strong></span> <span class='ocrx_word' id='word_1_10' title='bbox 891 432 1074 506; x_wconf 80' lang='lat' dir='ltr'><strong>Moyse</strong></span> <span class='ocrx_word' id='word_1_11' title='bbox 1096 445 1275 490; x_wconf 88' lang='lat' dir='ltr'><strong>autem</strong></span> <span class='ocrx_word' id='word_1_12' title='bbox 1301 439 1585 493; x_wconf 87' lang='lat' dir='ltr'><strong>sabbatum</strong></span> <span class='ocrx_word' id='word_1_13' title='bbox 1606 453 1657 495; x_wconf 92' lang='lat' dir='ltr'><strong>et</strong></span> <span class='ocrx_word' id='word_1_14' title='bbox 1684 444 1914 498; x_wconf 77' lang='lat' dir='ltr'><strong>victima:</strong></span> 
     </span>
    </p>
   </div>
   <div class='ocr_carea' id='block_1_5' title="bbox 2085 431 3587 521">
    <p class='ocr_par' dir='ltr' id='par_1_5' title="bbox 2085 446 3587 521">
     <span class='ocr_line' id='line_1_5' title="bbox 2085 446 3587 521; baseline -0.001 -22"><span class='ocrx_word' id='word_1_15' title='bbox 2085 448 2110 499; x_wconf 72' lang='grc' dir='ltr'>,ὶ</span> <span class='ocrx_word' id='word_1_16' title='bbox 2159 450 2379 521; x_wconf 73' lang='grc' dir='ltr'>ἑορταὶ,</span> <span class='ocrx_word' id='word_1_17' title='bbox 2423 450 2517 503; x_wconf 64' lang='grc' dir='ltr'><strong>καὶ</strong></span> <span class='ocrx_word' id='word_1_18' title='bbox 2567 446 2860 519; x_wconf 76' lang='grc' dir='ltr'>ἀπεδείχθη</span> <span class='ocrx_word' id='word_1_19' title='bbox 2912 446 2999 502; x_wconf 85' lang='grc' dir='ltr'><strong>διά</strong></span> <span class='ocrx_word' id='word_1_20' title='bbox 3042 447 3100 501; x_wconf 84' lang='grc' dir='ltr'><strong>τὸ</strong></span> <span class='ocrx_word' id='word_1_21' title='bbox 3156 446 3587 517; x_wconf 68' lang='grc' dir='ltr'>σκληροκάρδιον</span> 
     </span>
    </p>
   </div>
   <div class='ocr_carea' id='block_1_6' title="bbox 344 523 1916 599">
    <p class='ocr_par' dir='ltr' id='par_1_6' title="bbox 344 523 1916 599">
     <span class='ocr_line' id='line_1_6' title="bbox 344 523 1916 599; baseline 0.008 -25"><span class='ocrx_word' id='word_1_22' title='bbox 344 530 398 574; x_wconf 90' lang='lat' dir='ltr'><strong>et</strong></span> <span class='ocrx_word' id='word_1_23' title='bbox 427 536 654 576; x_wconf 86' lang='lat' dir='ltr'><strong>munera</strong></span> <span class='ocrx_word' id='word_1_24' title='bbox 697 531 751 576; x_wconf 85' lang='lat' dir='ltr'><strong>et</strong></span> <span class='ocrx_word' id='word_1_25' title='bbox 784 523 934 578; x_wconf 75' lang='lat' dir='ltr'><strong>feria:</strong></span> <span class='ocrx_word' id='word_1_26' title='bbox 966 527 1321 596; x_wconf 67' lang='lat' dir='ltr'><strong>iucreperant,</strong></span> <span class='ocrx_word' id='word_1_27' title='bbox 1368 540 1554 599; x_wconf 86' lang='lat' dir='ltr'><strong>atque,</strong></span> <span class='ocrx_word' id='word_1_28' title='bbox 1593 542 1649 585; x_wconf 92' lang='lat' dir='ltr'><strong>ut</strong></span> <span class='ocrx_word' id='word_1_29' title='bbox 1691 535 1916 587; x_wconf 88' lang='lat' dir='ltr'><strong>demou-</strong></span> 
     </span>
    </p>
   </div>
   <div class='ocr_carea' id='block_1_7' title="bbox 343 616 1914 694">
    <p class='ocr_par' dir='ltr' id='par_1_7' title="bbox 343 616 1914 694">
     <span class='ocr_line' id='line_1_7' title="bbox 343 616 1914 694; baseline 0.009 -27"><span class='ocrx_word' id='word_1_30' title='bbox 343 622 577 667; x_wconf 78' lang='lat' dir='ltr'><strong>stratum</strong></span> <span class='ocrx_word' id='word_1_31' title='bbox 606 623 714 678; x_wconf 89' lang='lat' dir='ltr'><strong>est,</strong></span> <span class='ocrx_word' id='word_1_32' title='bbox 742 616 812 669; x_wconf 92' lang='lat' dir='ltr'><strong>ob</strong></span> <span class='ocrx_word' id='word_1_33' title='bbox 840 616 1097 672; x_wconf 78' lang='lat' dir='ltr'><strong>duritiam</strong></span> <span class='ocrx_word' id='word_1_34' title='bbox 1126 620 1310 675; x_wconf 82' lang='lat' dir='ltr'><strong>cordis</strong></span> <span class='ocrx_word' id='word_1_35' title='bbox 1339 623 1521 692; x_wconf 88' lang='lat' dir='ltr'><strong>populi</strong></span> <span class='ocrx_word' id='word_1_36' title='bbox 1559 624 1718 694; x_wconf 78' lang='lat'><strong>139</strong></span> <span class='ocrx_word' id='word_1_37' title='bbox 1749 626 1914 681; x_wconf 83' lang='lat' dir='ltr'><strong>vestri</strong></span> 
     </span>
    </p>
   </div>
   <div class='ocr_carea' id='block_1_8' title="bbox 346 702 1915 783">
    <p class='ocr_par' dir='ltr' id='par_1_8' title="bbox 346 702 1915 783">
     <span class='ocr_line' id='line_1_8' title="bbox 346 702 1915 783; baseline 0.009 -27"><span class='ocrx_word' id='word_1_38' title='bbox 346 702 593 759; x_wconf 84' lang='lat' dir='ltr'><strong>instituta</strong></span> <span class='ocrx_word' id='word_1_39' title='bbox 624 706 860 768; x_wconf 78' lang='lat' dir='ltr'><strong>fuerant,</strong></span> <span class='ocrx_word' id='word_1_40' title='bbox 910 708 982 762; x_wconf 83' lang='lat' dir='ltr'><strong>ita</strong></span> <span class='ocrx_word' id='word_1_41' title='bbox 1008 723 1071 764; x_wconf 87' lang='lat' dir='ltr'><strong>ea</strong></span> <span class='ocrx_word' id='word_1_42' title='bbox 1098 710 1345 767; x_wconf 81' lang='lat' dir='ltr'><strong>desinere</strong></span> <span class='ocrx_word' id='word_1_43' title='bbox 1370 716 1657 783; x_wconf 84' lang='lat' dir='ltr'><strong>oportebat</strong></span> <span class='ocrx_word' id='word_1_44' title='bbox 1688 716 1739 769; x_wconf 91' lang='lat' dir='ltr'><strong>in</strong></span> <span class='ocrx_word' id='word_1_45' title='bbox 1765 732 1915 783; x_wconf 90' lang='lat' dir='ltr'><strong>eum,</strong></span> 
     </span>
    </p>
   </div>
   <div class='ocr_carea' id='block_1_9' title="bbox 344 794 1915 873">
    <p class='ocr_par' dir='ltr' id='par_1_9' title="bbox 344 794 1915 873">
     <span class='ocr_line' id='line_1_9' title="bbox 344 794 1915 873; baseline 0.009 -26"><span class='ocrx_word' id='word_1_46' title='bbox 344 794 439 865; x_wconf 86' lang='lat' dir='ltr'><strong>qui</strong></span> <span class='ocrx_word' id='word_1_47' title='bbox 472 798 772 851; x_wconf 90' lang='lat' dir='ltr'><strong>secundum</strong></span> <span class='ocrx_word' id='word_1_48' title='bbox 811 799 1142 855; x_wconf 83' lang='lat' dir='ltr'><strong>voluntatem</strong></span> <span class='ocrx_word' id='word_1_49' title='bbox 1178 802 1382 865; x_wconf 86' lang='lat' dir='ltr'><strong>Patris,</strong></span> <span class='ocrx_word' id='word_1_50' title='bbox 1404 819 1468 857; x_wconf 82' lang='lat' dir='ltr'><strong>ex</strong></span> <span class='ocrx_word' id='word_1_51' title='bbox 1500 803 1719 873; x_wconf 71' lang='lat' dir='ltr'><strong>Virgine</strong></span> <span class='ocrx_word' id='word_1_52' title='bbox 1748 822 1915 873; x_wconf 79' lang='lat' dir='ltr'><strong>gene-</strong></span> 
     </span>
    </p>
   </div>
   <div class='ocr_carea' id='block_1_10' title="bbox 348 888 1915 967">
    <p class='ocr_par' dir='ltr' id='par_1_10' title="bbox 348 888 1915 967">
     <span class='ocr_line' id='line_1_10' title="bbox 348 888 1915 967; baseline 0.008 -28"><span class='ocrx_word' id='word_1_53' title='bbox 348 888 424 941; x_wconf 85' lang='lat' dir='ltr'><strong>ris</strong></span> <span class='ocrx_word' id='word_1_54' title='bbox 470 888 727 956; x_wconf 64' lang='lat' dir='ltr'><strong>Abrabae,</strong></span> <span class='ocrx_word' id='word_1_55' title='bbox 764 893 939 947; x_wconf 90' lang='lat' dir='ltr'><strong>tribus</strong></span> <span class='ocrx_word' id='word_1_56' title='bbox 981 892 1119 948; x_wconf 85' lang='lat' dir='ltr'><strong>Juda</strong></span> <span class='ocrx_word' id='word_1_57' title='bbox 1153 903 1205 949; x_wconf 88' lang='lat' dir='ltr'><strong>et</strong></span> <span class='ocrx_word' id='word_1_58' title='bbox 1235 896 1420 965; x_wconf 84' lang='lat' dir='ltr'><strong>stirpis</strong></span> <span class='ocrx_word' id='word_1_59' title='bbox 1474 898 1668 958; x_wconf 80' lang='lat' dir='ltr'><strong>David.</strong></span> <span class='ocrx_word' id='word_1_60' title='bbox 1701 900 1915 967; x_wconf 70' lang='lat' dir='ltr'><strong>genitus</strong></span> 
     </span>
    </p>
   </div>
   <div class='ocr_carea' id='block_1_11' title="bbox 345 980 1915 1056">
    <p class='ocr_par' dir='ltr' id='par_1_11' title="bbox 345 980 1915 1056">
     <span class='ocr_line' id='line_1_11' title="bbox 345 980 1915 1056; baseline 0.008 -24"><span class='ocrx_word' id='word_1_61' title='bbox 345 989 450 1043; x_wconf 89' lang='lat' dir='ltr'><strong>est,</strong></span> <span class='ocrx_word' id='word_1_62' title='bbox 494 980 690 1036; x_wconf 81' lang='lat' dir='ltr'><strong>Filium</strong></span> <span class='ocrx_word' id='word_1_63' title='bbox 738 982 831 1040; x_wconf 86' lang='lat' dir='ltr'><strong>Dei</strong></span> <span class='ocrx_word' id='word_1_64' title='bbox 869 984 1183 1054; x_wconf 88' lang='lat' dir='ltr'><strong>Christum;</strong></span> <span class='ocrx_word' id='word_1_65' title='bbox 1229 989 1321 1056; x_wconf 90' lang='lat' dir='ltr'><strong>qui</strong></span> <span class='ocrx_word' id='word_1_66' title='bbox 1375 997 1430 1043; x_wconf 91' lang='lat' dir='ltr'><strong>et</strong></span> <span class='ocrx_word' id='word_1_67' title='bbox 1483 989 1569 1044; x_wconf 77' lang='lat' dir='ltr'><strong>lex</strong></span> <span class='ocrx_word' id='word_1_68' title='bbox 1614 1000 1816 1045; x_wconf 69' lang='lat' dir='ltr'><strong>aeterna</strong></span> <span class='ocrx_word' id='word_1_69' title='bbox 1860 1002 1915 1046; x_wconf 86' lang='lat' dir='ltr'><strong>et</strong></span> 
     </span>
    </p>
   </div>
   <div class='ocr_carea' id='block_1_12' title="bbox 347 1080 1915 1152">
    <p class='ocr_par' dir='ltr' id='par_1_12' title="bbox 347 1080 1915 1152">
     <span class='ocr_line' id='line_1_12' title="bbox 347 1080 1915 1152; baseline 0.008 -27"><span class='ocrx_word' id='word_1_70' title='bbox 347 1087 544 1128; x_wconf 90' lang='lat' dir='ltr'><strong>novum</strong></span> <span class='ocrx_word' id='word_1_71' title='bbox 584 1086 972 1132; x_wconf 85' lang='lat' dir='ltr'><strong>testamentum</strong></span> <span class='ocrx_word' id='word_1_72' title='bbox 1004 1080 1262 1135; x_wconf 82' lang='lat' dir='ltr'><strong>universo</strong></span> <span class='ocrx_word' id='word_1_73' title='bbox 1293 1081 1490 1136; x_wconf 89' lang='lat' dir='ltr'><strong>mundo</strong></span> <span class='ocrx_word' id='word_1_74' title='bbox 1517 1083 1915 1152; x_wconf 67' lang='lat' dir='ltr'><strong>praedicabatur</strong></span> 
     </span>
    </p>
   </div>
   <div class='ocr_carea' id='block_1_13' title="bbox 347 1164 1916 1237">
    <p class='ocr_par' dir='ltr' id='par_1_13' title="bbox 347 1164 1916 1237">
     <span class='ocr_line' id='line_1_13' title="bbox 347 1164 1916 1237; baseline 0.012 -22"><span class='ocrx_word' id='word_1_75' title='bbox 347 1164 701 1231; x_wconf 88' lang='lat' dir='ltr'><strong>adventurus,</strong></span> <span class='ocrx_word' id='word_1_76' title='bbox 734 1179 789 1223; x_wconf 90' lang='lat' dir='ltr'><strong>ut</strong></span> <span class='ocrx_word' id='word_1_77' title='bbox 817 1167 930 1237; x_wconf 87' lang='lat' dir='ltr'><strong>jam</strong></span> <span class='ocrx_word' id='word_1_78' title='bbox 961 1170 1124 1225; x_wconf 88' lang='lat' dir='ltr'><strong>allata</strong></span> <span class='ocrx_word' id='word_1_79' title='bbox 1156 1172 1373 1227; x_wconf 87' lang='lat' dir='ltr'><strong>oracula</strong></span> <span class='ocrx_word' id='word_1_80' title='bbox 1406 1175 1805 1232; x_wconf 84' lang='lat' dir='ltr'><strong>demonstrant.</strong></span> <span class='ocrx_word' id='word_1_81' title='bbox 1839 1182 1916 1234; x_wconf 83' lang='lat' dir='ltr'><strong>Ac</strong></span> 
     </span>
    </p>
   </div>
   <div class='ocr_carea' id='block_1_14' title="bbox 347 1258 1914 1335">
    <p class='ocr_par' dir='ltr' id='par_1_14' title="bbox 347 1258 1914 1335">
     <span class='ocr_line' id='line_1_14' title="bbox 347 1258 1914 1335; baseline 0.01 -26"><span class='ocrx_word' id='word_1_82' title='bbox 347 1272 446 1310; x_wconf 92' lang='lat' dir='ltr'><strong>nos</strong></span> <span class='ocrx_word' id='word_1_83' title='bbox 468 1258 707 1326; x_wconf 82' lang='lat' dir='ltr'><strong>quidem,</strong></span> <span class='ocrx_word' id='word_1_84' title='bbox 735 1263 825 1331; x_wconf 88' lang='lat' dir='ltr'><strong>qui</strong></span> <span class='ocrx_word' id='word_1_85' title='bbox 861 1278 956 1331; x_wconf 81' lang='lat' dir='ltr'><strong>per</strong></span> <span class='ocrx_word' id='word_1_86' title='bbox 976 1279 1100 1317; x_wconf 92' lang='lat' dir='ltr'><strong>eum</strong></span> <span class='ocrx_word' id='word_1_87' title='bbox 1130 1265 1197 1319; x_wconf 89' lang='lat' dir='ltr'><strong>ad</strong></span> <span class='ocrx_word' id='word_1_88' title='bbox 1228 1267 1394 1319; x_wconf 90' lang='lat' dir='ltr'><strong>Deum</strong></span> <span class='ocrx_word' id='word_1_89' title='bbox 1423 1269 1775 1335; x_wconf 82' lang='lat' dir='ltr'><strong>accessimus,</strong></span> <span class='ocrx_word' id='word_1_90' title='bbox 1807 1287 1914 1325; x_wconf 92' lang='lat' dir='ltr'><strong>non</strong></span> 
     </span>
    </p>
   </div>
   <div class='ocr_carea' id='block_1_15' title="bbox 347 1351 1916 1432">
    <p class='ocr_par' dir='ltr' id='par_1_15' title="bbox 347 1351 1916 1432">
     <span class='ocr_line' id='line_1_15' title="bbox 347 1351 1916 1432; baseline 0.011 -31"><span class='ocrx_word' id='word_1_91' title='bbox 347 1351 508 1403; x_wconf 88' lang='lat' dir='ltr'><strong>istam</strong></span> <span class='ocrx_word' id='word_1_92' title='bbox 545 1352 731 1408; x_wconf 88' lang='lat' dir='ltr'><strong>carnis</strong></span> <span class='ocrx_word' id='word_1_93' title='bbox 755 1355 1232 1412; x_wconf 86' lang='lat' dir='ltr'><strong>circumcisionem</strong></span> <span class='ocrx_word' id='word_1_94' title='bbox 1272 1360 1605 1426; x_wconf 85' lang='lat' dir='ltr'><strong>accepimus,</strong></span> <span class='ocrx_word' id='word_1_95' title='bbox 1634 1362 1729 1415; x_wconf 84' lang='lat' dir='ltr'><strong>sed</strong></span> <span class='ocrx_word' id='word_1_96' title='bbox 1756 1364 1916 1432; x_wconf 90' lang='lat' dir='ltr'><strong>spiri-</strong></span> 
     </span>
    </p>
   </div>
   <div class='ocr_carea' id='block_1_16' title="bbox 349 1444 1911 1520">
    <p class='ocr_par' dir='ltr' id='par_1_16' title="bbox 349 1444 1911 1520">
     <span class='ocr_line' id='line_1_16' title="bbox 349 1444 1911 1520; baseline 0.01 -26"><span class='ocrx_word' id='word_1_97' title='bbox 349 1444 569 1509; x_wconf 89' lang='lat' dir='ltr'><strong>tualem,</strong></span> <span class='ocrx_word' id='word_1_98' title='bbox 597 1461 758 1514; x_wconf 83' lang='lat' dir='ltr'><strong>quam</strong></span> <span class='ocrx_word' id='word_1_99' title='bbox 790 1447 979 1503; x_wconf 84' lang='lat' dir='ltr'><strong>Enoch</strong></span> <span class='ocrx_word' id='word_1_100' title='bbox 1013 1451 1237 1519; x_wconf 84' lang='lat' dir='ltr'><strong>ejusque</strong></span> <span class='ocrx_word' id='word_1_101' title='bbox 1263 1451 1471 1506; x_wconf 87' lang='lat' dir='ltr'><strong>similes</strong></span> <span class='ocrx_word' id='word_1_102' title='bbox 1502 1455 1911 1520; x_wconf 85' lang='lat' dir='ltr'><strong>custodierunt;</strong></span> 
     </span>
    </p>
   </div>
   <div class='ocr_carea' id='block_1_17' title="bbox 347 1536 1916 1613">
    <p class='ocr_par' dir='ltr' id='par_1_17' title="bbox 347 1536 1916 1613">
     <span class='ocr_line' id='line_1_17' title="bbox 347 1536 1916 1613; baseline 0.01 -29"><span class='ocrx_word' id='word_1_103' title='bbox 347 1547 509 1602; x_wconf 88' lang='lat' dir='ltr'><strong>atque</strong></span> <span class='ocrx_word' id='word_1_104' title='bbox 535 1536 672 1590; x_wconf 88' lang='lat' dir='ltr'><strong>hanc</strong></span> <span class='ocrx_word' id='word_1_105' title='bbox 703 1553 798 1605; x_wconf 86' lang='lat' dir='ltr'><strong>per</strong></span> <span class='ocrx_word' id='word_1_106' title='bbox 830 1539 1187 1608; x_wconf 76' lang='lat' dir='ltr'><strong>baptismum,</strong></span> <span class='ocrx_word' id='word_1_107' title='bbox 1221 1543 1349 1612; x_wconf 88' lang='lat' dir='ltr'><strong>quia</strong></span> <span class='ocrx_word' id='word_1_108' title='bbox 1385 1544 1435 1597; x_wconf 93' lang='lat' dir='ltr'><strong>in</strong></span> <span class='ocrx_word' id='word_1_109' title='bbox 1463 1545 1706 1613; x_wconf 89' lang='lat' dir='ltr'><strong>peccatis</strong></span> <span class='ocrx_word' id='word_1_110' title='bbox 1738 1546 1916 1600; x_wconf 79' lang='lat' dir='ltr'><strong>fuera-</strong></span> 
     </span>
    </p>
   </div>
   <div class='ocr_carea' id='block_1_18' title="bbox 347 1631 1917 1710">
    <p class='ocr_par' dir='ltr' id='par_1_18' title="bbox 347 1631 1917 1710">
     <span class='ocr_line' id='line_1_18' title="bbox 347 1631 1917 1710; baseline 0.01 -31"><span class='ocrx_word' id='word_1_111' title='bbox 347 1644 487 1693; x_wconf 86' lang='lat' dir='ltr'><strong>mus,</strong></span> <span class='ocrx_word' id='word_1_112' title='bbox 541 1631 917 1688; x_wconf 84' lang='lat' dir='ltr'><strong>misericordia</strong></span> <span class='ocrx_word' id='word_1_113' title='bbox 969 1635 1063 1689; x_wconf 89' lang='lat' dir='ltr'><strong>Dei</strong></span> <span class='ocrx_word' id='word_1_114' title='bbox 1102 1638 1378 1692; x_wconf 87' lang='lat' dir='ltr'><strong>consecuti</strong></span> <span class='ocrx_word' id='word_1_115' title='bbox 1428 1654 1649 1704; x_wconf 88' lang='lat' dir='ltr'><strong>sumus;</strong></span> <span class='ocrx_word' id='word_1_116' title='bbox 1685 1640 1917 1710; x_wconf 84' lang='lat' dir='ltr'><strong>licetque</strong></span> 
     </span>
    </p>
   </div>
   <div class='ocr_carea' id='block_1_19' title="bbox 346 1720 1918 1801">
    <p class='ocr_par' dir='ltr' id='par_1_19' title="bbox 346 1720 1918 1801">
     <span class='ocr_line' id='line_1_19' title="bbox 346 1720 1918 1801; baseline 0.01 -30"><span class='ocrx_word' id='word_1_117' title='bbox 346 1720 599 1777; x_wconf 89' lang='lat' dir='ltr'><strong>omnibus</strong></span> <span class='ocrx_word' id='word_1_118' title='bbox 632 1724 885 1780; x_wconf 88' lang='lat' dir='ltr'><strong>similiter</strong></span> <span class='ocrx_word' id='word_1_119' title='bbox 907 1730 1191 1795; x_wconf 87' lang='lat' dir='ltr'><strong>consequi.</strong></span> <span class='ocrx_word' id='word_1_120' title='bbox 1220 1729 1326 1784; x_wconf 90' lang='lat' dir='ltr'><strong>Sed</strong></span> <span class='ocrx_word' id='word_1_121' title='bbox 1356 1745 1477 1784; x_wconf 93' lang='lat' dir='ltr'><strong>cum</strong></span> <span class='ocrx_word' id='word_1_122' title='bbox 1496 1731 1610 1799; x_wconf 88' lang='lat' dir='ltr'><strong>jam</strong></span> <span class='ocrx_word' id='word_1_123' title='bbox 1635 1742 1824 1801; x_wconf 76' lang='lat' dir='ltr'><strong>urgeat</strong></span> <span class='ocrx_word' id='word_1_124' title='bbox 1851 1731 1918 1787; x_wconf 84' lang='lat' dir='ltr'><strong>de</strong></span> 
     </span>
    </p>
   </div>
   <div class='ocr_carea' id='block_1_20' title="bbox 346 1795 1990 1894">
    <p class='ocr_par' dir='ltr' id='par_1_20' title="bbox 346 1795 1990 1894">
     <span class='ocr_line' id='line_1_20' title="bbox 346 1795 1990 1894; baseline 0.006 -25"><span class='ocrx_word' id='word_1_125' title='bbox 346 1816 494 1870; x_wconf 90' lang='lat' dir='ltr'><strong>illius</strong></span> <span class='ocrx_word' id='word_1_126' title='bbox 524 1818 825 1873; x_wconf 81' lang='lat' dir='ltr'><strong>nativitatis</strong></span> <span class='ocrx_word' id='word_1_127' title='bbox 857 1821 1123 1891; x_wconf 88' lang='lat' dir='ltr'><strong>mysterio</strong></span> <span class='ocrx_word' id='word_1_128' title='bbox 1158 1822 1477 1891; x_wconf 87' lang='lat' dir='ltr'><strong>disputatio,</strong></span> <span class='ocrx_word' id='word_1_129' title='bbox 1497 1795 1562 1877; x_wconf 31' lang='lat' dir='ltr'><strong>vid</strong></span> <span class='ocrx_word' id='word_1_130' title='bbox 1597 1795 1726 1879; x_wconf 78' lang='lat' dir='ltr'><strong>mihi</strong></span> <span class='ocrx_word' id='word_1_131' title='bbox 1754 1840 1917 1894; x_wconf 79' lang='lat' dir='ltr'><strong>agen-</strong></span> <span class='ocrx_word' id='word_1_132' title='bbox 1947 1795 1990 1852; x_wconf 75' lang='grc' dir='ltr'>Β</span> 
     </span>
    </p>
   </div>
   <div class='ocr_carea' id='block_1_21' title="bbox 348 1909 1919 1985">
    <p class='ocr_par' dir='ltr' id='par_1_21' title="bbox 348 1909 1919 1985">
     <span class='ocr_line' id='line_1_21' title="bbox 348 1909 1919 1985; baseline 0.007 -25"><span class='ocrx_word' id='word_1_133' title='bbox 348 1909 476 1960; x_wconf 90' lang='lat' dir='ltr'><strong>dum</strong></span> <span class='ocrx_word' id='word_1_134' title='bbox 512 1917 613 1964; x_wconf 90' lang='lat' dir='ltr'><strong>est.</strong></span> <span class='ocrx_word' id='word_1_135' title='bbox 649 1909 819 1963; x_wconf 90' lang='lat' dir='ltr'><strong>Isaias</strong></span> <span class='ocrx_word' id='word_1_136' title='bbox 847 1911 1015 1981; x_wconf 83' lang='lat' dir='ltr'><strong>igitur</strong></span> <span class='ocrx_word' id='word_1_137' title='bbox 1042 1913 1108 1966; x_wconf 88' lang='lat' dir='ltr'><strong>de</strong></span> <span class='ocrx_word' id='word_1_138' title='bbox 1137 1913 1309 1981; x_wconf 85' lang='lat' dir='ltr'><strong>ipsius</strong></span> <span class='ocrx_word' id='word_1_139' title='bbox 1338 1915 1538 1969; x_wconf 76' lang='lat' dir='ltr'><strong>Christi</strong></span> <span class='ocrx_word' id='word_1_140' title='bbox 1568 1930 1788 1985; x_wconf 81' lang='lat' dir='ltr'><strong>genere,</strong></span> <span class='ocrx_word' id='word_1_141' title='bbox 1813 1933 1919 1971; x_wconf 86' lang='lat' dir='ltr'><strong>non</strong></span> 
     </span>
    </p>
   </div>
   <div class='ocr_carea' id='block_1_22' title="bbox 351 2000 1918 2078">
    <p class='ocr_par' dir='ltr' id='par_1_22' title="bbox 351 2000 1918 2078">
     <span class='ocr_line' id='line_1_22' title="bbox 351 2000 1918 2078; baseline 0.007 -26"><span class='ocrx_word' id='word_1_142' title='bbox 351 2000 661 2056; x_wconf 85' lang='lat' dir='ltr'><strong>enarrabile</strong></span> <span class='ocrx_word' id='word_1_143' title='bbox 695 2002 827 2057; x_wconf 88' lang='lat' dir='ltr'><strong>illud</strong></span> <span class='ocrx_word' id='word_1_144' title='bbox 857 2006 1164 2059; x_wconf 88' lang='lat' dir='ltr'><strong>hominibus</strong></span> <span class='ocrx_word' id='word_1_145' title='bbox 1194 2020 1313 2060; x_wconf 86' lang='lat' dir='ltr'><strong>esse</strong></span> <span class='ocrx_word' id='word_1_146' title='bbox 1340 2008 1418 2061; x_wconf 84' lang='lat' dir='ltr'><strong>sic</strong></span> <span class='ocrx_word' id='word_1_147' title='bbox 1450 2008 1701 2070; x_wconf 88' lang='lat' dir='ltr'><strong>asseruit,</strong></span> <span class='ocrx_word' id='word_1_148' title='bbox 1729 2019 1784 2062; x_wconf 92' lang='lat' dir='ltr'><strong>ut</strong></span> <span class='ocrx_word' id='word_1_149' title='bbox 1807 2010 1918 2078; x_wconf 88' lang='lat' dir='ltr'><strong>jam</strong></span> 
     </span>
    </p>
   </div>
   <div class='ocr_carea' id='block_1_23' title="bbox 346 2093 1920 2168">
    <p class='ocr_par' dir='ltr' id='par_1_23' title="bbox 346 2093 1920 2168">
     <span class='ocr_line' id='line_1_23' title="bbox 346 2093 1920 2168; baseline 0.005 -23"><span class='ocrx_word' id='word_1_150' title='bbox 346 2093 666 2162; x_wconf 69' lang='lat' dir='ltr'><strong>soripsimus</strong></span> <span class='ocrx_word' id='word_1_151' title='bbox 697 2095 742 2125; x_wconf 79' lang='lat'><strong><em>“</em></strong></span> <span class='ocrx_word' id='word_1_152' title='bbox 782 2112 795 2151; x_wconf 88' lang='lat'>:</span> <span class='ocrx_word' id='word_1_153' title='bbox 836 2113 854 2146; x_wconf 83' lang='grc' dir='ltr'><strong>ι</strong></span> <span class='ocrx_word' id='word_1_154' title='bbox 892 2098 1310 2152; x_wconf 87' lang='lat' dir='ltr'><strong>Generationem</strong></span> <span class='ocrx_word' id='word_1_155' title='bbox 1365 2097 1484 2165; x_wconf 89' lang='lat' dir='ltr'><strong>ejus</strong></span> <span class='ocrx_word' id='word_1_156' title='bbox 1526 2100 1649 2168; x_wconf 86' lang='lat' dir='ltr'><strong>quis</strong></span> <span class='ocrx_word' id='word_1_157' title='bbox 1694 2115 1920 2153; x_wconf 88' lang='lat' dir='ltr'><strong>enarra-</strong></span> 
     </span>
    </p>
   </div>
   <div class='ocr_carea' id='block_1_24' title="bbox 350 2184 1921 2261">
    <p class='ocr_par' dir='ltr' id='par_1_24' title="bbox 350 2184 1921 2261">
     <span class='ocr_line' id='line_1_24' title="bbox 350 2184 1921 2261; baseline 0.005 -23"><span class='ocrx_word' id='word_1_158' title='bbox 350 2184 459 2238; x_wconf 79' lang='lat' dir='ltr'><strong>bit?</strong></span> <span class='ocrx_word' id='word_1_159' title='bbox 488 2186 614 2254; x_wconf 89' lang='lat' dir='ltr'><strong>quia</strong></span> <span class='ocrx_word' id='word_1_160' title='bbox 645 2187 851 2240; x_wconf 90' lang='lat' dir='ltr'><strong>tollitur</strong></span> <span class='ocrx_word' id='word_1_161' title='bbox 883 2203 910 2240; x_wconf 89' lang='lat' dir='ltr'><strong>a</strong></span> <span class='ocrx_word' id='word_1_162' title='bbox 945 2199 1084 2241; x_wconf 91' lang='lat' dir='ltr'><strong>terra</strong></span> <span class='ocrx_word' id='word_1_163' title='bbox 1120 2190 1227 2243; x_wconf 90' lang='lat' dir='ltr'><strong>vita</strong></span> <span class='ocrx_word' id='word_1_164' title='bbox 1258 2189 1415 2255; x_wconf 84' lang='lat' dir='ltr'><strong>ejus:</strong></span> <span class='ocrx_word' id='word_1_165' title='bbox 1448 2192 1513 2243; x_wconf 91' lang='lat' dir='ltr'><strong>ab</strong></span> <span class='ocrx_word' id='word_1_166' title='bbox 1545 2191 1921 2261; x_wconf 81' lang='lat' dir='ltr'><strong>iniquitatibus</strong></span> 
     </span>
    </p>
   </div>
   <div class='ocr_carea' id='block_1_25' title="bbox 346 2278 1921 2353">
    <p class='ocr_par' dir='ltr' id='par_1_25' title="bbox 346 2278 1921 2353">
     <span class='ocr_line' id='line_1_25' title="bbox 346 2278 1921 2353; baseline 0.004 -23"><span class='ocrx_word' id='word_1_167' title='bbox 346 2278 524 2346; x_wconf 86' lang='lat' dir='ltr'><strong>populi</strong></span> <span class='ocrx_word' id='word_1_168' title='bbox 556 2279 659 2333; x_wconf 92' lang='lat' dir='ltr'><strong>mei</strong></span> <span class='ocrx_word' id='word_1_169' title='bbox 695 2279 892 2334; x_wconf 91' lang='lat' dir='ltr'><strong>ductus</strong></span> <span class='ocrx_word' id='word_1_170' title='bbox 916 2292 996 2334; x_wconf 89' lang='lat' dir='ltr'><strong>est</strong></span> <span class='ocrx_word' id='word_1_171' title='bbox 1031 2282 1081 2334; x_wconf 92' lang='lat' dir='ltr'><strong>in</strong></span> <span class='ocrx_word' id='word_1_172' title='bbox 1116 2292 1341 2335; x_wconf 90' lang='lat' dir='ltr'><strong>mortem</strong></span> <span class='ocrx_word' id='word_1_173' title='bbox 1368 2282 1436 2338; x_wconf 80' lang='lat'><strong>”.</strong></span> <span class='ocrx_word' id='word_1_174' title='bbox 1467 2301 1484 2333; x_wconf 82' lang='grc' dir='ltr'><strong>ι</strong></span> <span class='ocrx_word' id='word_1_175' title='bbox 1518 2283 1617 2349; x_wconf 86' lang='lat' dir='ltr'><strong>Qui</strong></span> <span class='ocrx_word' id='word_1_176' title='bbox 1644 2300 1777 2353; x_wconf 80' lang='lat' dir='ltr'><strong>ergo</strong></span> <span class='ocrx_word' id='word_1_177' title='bbox 1811 2300 1921 2336; x_wconf 85' lang='lat' dir='ltr'><strong>mo-</strong></span> 
     </span>
    </p>
   </div>
   <div class='ocr_carea' id='block_1_26' title="bbox 347 2370 1920 2442">
    <p class='ocr_par' dir='ltr' id='par_1_26' title="bbox 347 2370 1920 2442">
     <span class='ocr_line' id='line_1_26' title="bbox 347 2370 1920 2442; baseline 0.004 -21"><span class='ocrx_word' id='word_1_178' title='bbox 347 2370 552 2423; x_wconf 83' lang='lat' dir='ltr'><strong>riturus</strong></span> <span class='ocrx_word' id='word_1_179' title='bbox 586 2380 726 2437; x_wconf 88' lang='lat' dir='ltr'><strong>erat,</strong></span> <span class='ocrx_word' id='word_1_180' title='bbox 759 2381 815 2425; x_wconf 89' lang='lat' dir='ltr'><strong>ut</strong></span> <span class='ocrx_word' id='word_1_181' title='bbox 845 2373 964 2439; x_wconf 89' lang='lat' dir='ltr'><strong>ejus</strong></span> <span class='ocrx_word' id='word_1_182' title='bbox 1002 2374 1172 2427; x_wconf 82' lang='lat' dir='ltr'><strong>livore</strong></span> <span class='ocrx_word' id='word_1_183' title='bbox 1206 2373 1454 2427; x_wconf 87' lang='lat' dir='ltr'><strong>homines</strong></span> <span class='ocrx_word' id='word_1_184' title='bbox 1488 2385 1804 2442; x_wconf 83' lang='lat' dir='ltr'><strong>peccatores</strong></span> <span class='ocrx_word' id='word_1_185' title='bbox 1834 2392 1920 2428; x_wconf 90' lang='lat' dir='ltr'><strong>sa-</strong></span> 
     </span>
    </p>
   </div>
   <div class='ocr_carea' id='block_1_27' title="bbox 347 2462 1920 2536">
    <p class='ocr_par' dir='ltr' id='par_1_27' title="bbox 347 2462 1920 2536">
     <span class='ocr_line' id='line_1_27' title="bbox 347 2462 1920 2536; baseline 0.006 -24"><span class='ocrx_word' id='word_1_186' title='bbox 347 2474 623 2524; x_wconf 84' lang='lat' dir='ltr'><strong>narentur,</strong></span> <span class='ocrx_word' id='word_1_187' title='bbox 658 2462 804 2517; x_wconf 92' lang='lat' dir='ltr'><strong>illius</strong></span> <span class='ocrx_word' id='word_1_188' title='bbox 840 2479 1010 2532; x_wconf 74' lang='lat' dir='ltr'><strong>genus</strong></span> <span class='ocrx_word' id='word_1_189' title='bbox 1042 2481 1145 2519; x_wconf 88' lang='lat' dir='ltr'><strong>non</strong></span> <span class='ocrx_word' id='word_1_190' title='bbox 1187 2466 1497 2520; x_wconf 76' lang='lat' dir='ltr'><strong>enarrabile</strong></span> <span class='ocrx_word' id='word_1_191' title='bbox 1540 2481 1660 2521; x_wconf 91' lang='lat' dir='ltr'><strong>esse</strong></span> <span class='ocrx_word' id='word_1_192' title='bbox 1688 2467 1920 2536; x_wconf 84' lang='lat' dir='ltr'><strong>prophe-</strong></span> 
     </span>
    </p>
   </div>
   <div class='ocr_carea' id='block_1_28' title="bbox 348 2552 1922 2627">
    <p class='ocr_par' dir='ltr' id='par_1_28' title="bbox 348 2552 1922 2627">
     <span class='ocr_line' id='line_1_28' title="bbox 348 2552 1922 2627; baseline 0.005 -23"><span class='ocrx_word' id='word_1_193' title='bbox 348 2553 488 2606; x_wconf 86' lang='lat' dir='ltr'><strong>ticus</strong></span> <span class='ocrx_word' id='word_1_194' title='bbox 515 2552 757 2623; x_wconf 87' lang='lat' dir='ltr'><strong>Spiritus</strong></span> <span class='ocrx_word' id='word_1_195' title='bbox 779 2556 865 2610; x_wconf 85' lang='lat' dir='ltr'><strong>bis</strong></span> <span class='ocrx_word' id='word_1_196' title='bbox 891 2557 1073 2611; x_wconf 86' lang='lat' dir='ltr'><strong>verbis</strong></span> <span class='ocrx_word' id='word_1_197' title='bbox 1101 2557 1365 2611; x_wconf 85' lang='lat' dir='ltr'><strong>declarat.</strong></span> <span class='ocrx_word' id='word_1_198' title='bbox 1406 2556 1673 2612; x_wconf 69' lang='lat' dir='ltr'><strong>Praeterea</strong></span> <span class='ocrx_word' id='word_1_199' title='bbox 1711 2567 1773 2611; x_wconf 91' lang='lat' dir='ltr'><strong>ut</strong></span> <span class='ocrx_word' id='word_1_200' title='bbox 1799 2574 1922 2627; x_wconf 86' lang='lat' dir='ltr'><strong>pns-</strong></span> 
     </span>
    </p>
   </div>
   <div class='ocr_carea' id='block_1_29' title="bbox 347 2645 1918 2720">
    <p class='ocr_par' dir='ltr' id='par_1_29' title="bbox 347 2645 1918 2720">
     <span class='ocr_line' id='line_1_29' title="bbox 347 2645 1918 2720; baseline 0.004 -22"><span class='ocrx_word' id='word_1_201' title='bbox 347 2652 468 2698; x_wconf 89' lang='lat' dir='ltr'><strong>sent</strong></span> <span class='ocrx_word' id='word_1_202' title='bbox 502 2645 595 2714; x_wconf 90' lang='lat' dir='ltr'><strong>qui</strong></span> <span class='ocrx_word' id='word_1_203' title='bbox 637 2645 689 2699; x_wconf 90' lang='lat' dir='ltr'><strong>in</strong></span> <span class='ocrx_word' id='word_1_204' title='bbox 722 2661 847 2699; x_wconf 92' lang='lat' dir='ltr'><strong>eum</strong></span> <span class='ocrx_word' id='word_1_205' title='bbox 889 2649 1140 2713; x_wconf 86' lang='lat' dir='ltr'><strong>credunt,</strong></span> <span class='ocrx_word' id='word_1_206' title='bbox 1168 2664 1403 2717; x_wconf 89' lang='lat' dir='ltr'><strong>quonam</strong></span> <span class='ocrx_word' id='word_1_207' title='bbox 1437 2650 1596 2704; x_wconf 91' lang='lat' dir='ltr'><strong>modo</strong></span> <span class='ocrx_word' id='word_1_208' title='bbox 1625 2650 1837 2720; x_wconf 82' lang='lat' dir='ltr'><strong>genitus</strong></span> <span class='ocrx_word' id='word_1_209' title='bbox 1865 2651 1918 2704; x_wconf 91' lang='lat' dir='ltr'><strong>in</strong></span> 
     </span>
    </p>
   </div>
   <div class='ocr_carea' id='block_1_30' title="bbox 348 2740 1918 2811">
    <p class='ocr_par' dir='ltr' id='par_1_30' title="bbox 348 2740 1918 2811">
     <span class='ocr_line' id='line_1_30' title="bbox 348 2740 1918 2811; baseline 0.004 -20"><span class='ocrx_word' id='word_1_210' title='bbox 348 2740 607 2791; x_wconf 87' lang='lat' dir='ltr'><strong>mundum</strong></span> <span class='ocrx_word' id='word_1_211' title='bbox 643 2740 873 2805; x_wconf 82' lang='lat' dir='ltr'><strong>venerit,</strong></span> <span class='ocrx_word' id='word_1_212' title='bbox 909 2754 1244 2809; x_wconf 79' lang='lat' dir='ltr'><strong>agnoscere;</strong></span> <span class='ocrx_word' id='word_1_213' title='bbox 1288 2757 1387 2811; x_wconf 90' lang='lat' dir='ltr'><strong>per</strong></span> <span class='ocrx_word' id='word_1_214' title='bbox 1422 2742 1680 2797; x_wconf 88' lang='lat' dir='ltr'><strong>eumdem</strong></span> <span class='ocrx_word' id='word_1_215' title='bbox 1722 2741 1918 2797; x_wconf 88' lang='lat' dir='ltr'><strong>Isaiam</strong></span> 
     </span>
    </p>
   </div>
   <div class='ocr_carea' id='block_1_31' title="bbox 346 2826 1918 2904">
    <p class='ocr_par' dir='ltr' id='par_1_31' title="bbox 346 2826 1918 2904">
     <span class='ocr_line' id='line_1_31' title="bbox 346 2826 1918 2904; baseline 0.004 -21"><span class='ocrx_word' id='word_1_216' title='bbox 346 2826 589 2897; x_wconf 87' lang='lat' dir='ltr'><strong>Spiritus</strong></span> <span class='ocrx_word' id='word_1_217' title='bbox 620 2831 973 2900; x_wconf 85' lang='lat' dir='ltr'><strong>preplteticus</strong></span> <span class='ocrx_word' id='word_1_218' title='bbox 1012 2848 1151 2897; x_wconf 92' lang='lat' dir='ltr'><strong>rem,</strong></span> <span class='ocrx_word' id='word_1_219' title='bbox 1201 2843 1259 2886; x_wconf 92' lang='lat' dir='ltr'><strong>ut</strong></span> <span class='ocrx_word' id='word_1_220' title='bbox 1304 2841 1420 2887; x_wconf 86' lang='lat' dir='ltr'><strong>erat</strong></span> <span class='ocrx_word' id='word_1_221' title='bbox 1465 2844 1746 2898; x_wconf 85' lang='lat' dir='ltr'><strong>eventura,</strong></span> <span class='ocrx_word' id='word_1_222' title='bbox 1780 2850 1918 2904; x_wconf 64' lang='lat' dir='ltr'><strong>pra:-</strong></span> 
     </span>
    </p>
   </div>
   <div class='ocr_carea' id='block_1_32' title="bbox 349 2920 1918 2997">
    <p class='ocr_par' dir='ltr' id='par_1_32' title="bbox 349 2920 1918 2997">
     <span class='ocr_line' id='line_1_32' title="bbox 349 2920 1918 2997; baseline 0.006 -23"><span class='ocrx_word' id='word_1_223' title='bbox 349 2920 490 2975; x_wconf 81' lang='lat' dir='ltr'><strong>dixit</strong></span> <span class='ocrx_word' id='word_1_224' title='bbox 535 2922 621 2978; x_wconf 83' lang='lat' dir='ltr'><strong>his</strong></span> <span class='ocrx_word' id='word_1_225' title='bbox 662 2925 842 2979; x_wconf 85' lang='lat' dir='ltr'><strong>verbis</strong></span> <span class='ocrx_word' id='word_1_226' title='bbox 892 2938 907 2978; x_wconf 90' lang='lat'><strong>:</strong></span> <span class='ocrx_word' id='word_1_227' title='bbox 959 2942 978 2975; x_wconf 80' lang='grc' dir='ltr'><strong>ι</strong></span> <span class='ocrx_word' id='word_1_228' title='bbox 1031 2925 1098 2978; x_wconf 88' lang='grc' dir='ltr'>Ει</span> <span class='ocrx_word' id='word_1_229' title='bbox 1126 2926 1323 2995; x_wconf 84' lang='lat' dir='ltr'><strong>adjecit</strong></span> <span class='ocrx_word' id='word_1_230' title='bbox 1358 2927 1616 2981; x_wconf 90' lang='lat' dir='ltr'><strong>Dominus</strong></span> <span class='ocrx_word' id='word_1_231' title='bbox 1660 2928 1805 2997; x_wconf 91' lang='lat' dir='ltr'><strong>loqui</strong></span> <span class='ocrx_word' id='word_1_232' title='bbox 1850 2930 1918 2984; x_wconf 87' lang='lat' dir='ltr'><strong>ad</strong></span> 
     </span>
    </p>
   </div>
   <div class='ocr_carea' id='block_1_33' title="bbox 350 3014 1919 3089">
    <p class='ocr_par' dir='ltr' id='par_1_33' title="bbox 350 3014 1919 3089">
     <span class='ocr_line' id='line_1_33' title="bbox 350 3014 1919 3089; baseline 0.006 -20"><span class='ocrx_word' id='word_1_233' title='bbox 350 3014 556 3081; x_wconf 85' lang='lat' dir='ltr'><strong>Achaz,</strong></span> <span class='ocrx_word' id='word_1_234' title='bbox 586 3017 770 3072; x_wconf 89' lang='lat' dir='ltr'><strong>dicens</strong></span> <span class='ocrx_word' id='word_1_235' title='bbox 798 3036 811 3071; x_wconf 94' lang='lat'><strong>:</strong></span> <span class='ocrx_word' id='word_1_236' title='bbox 838 3018 965 3073; x_wconf 91' lang='lat' dir='ltr'><strong>Pete</strong></span> <span class='ocrx_word' id='word_1_237' title='bbox 995 3019 1088 3074; x_wconf 84' lang='lat' dir='ltr'><strong>tibi</strong></span> <span class='ocrx_word' id='word_1_238' title='bbox 1127 3022 1343 3089; x_wconf 77' lang='lat' dir='ltr'><strong>signum</strong></span> <span class='ocrx_word' id='word_1_239' title='bbox 1372 3037 1400 3075; x_wconf 88' lang='lat' dir='ltr'><strong>a</strong></span> <span class='ocrx_word' id='word_1_240' title='bbox 1434 3021 1664 3077; x_wconf 88' lang='lat' dir='ltr'><strong>Domino</strong></span> <span class='ocrx_word' id='word_1_241' title='bbox 1691 3023 1799 3077; x_wconf 91' lang='lat' dir='ltr'><strong>Deo</strong></span> <span class='ocrx_word' id='word_1_242' title='bbox 1827 3033 1919 3078; x_wconf 92' lang='lat' dir='ltr'><strong>tuo</strong></span> 
     </span>
    </p>
   </div>
   <div class='ocr_carea' id='block_1_34' title="bbox 347 3106 1915 3176">
    <p class='ocr_par' dir='ltr' id='par_1_34' title="bbox 347 3106 1915 3176">
     <span class='ocr_line' id='line_1_34' title="bbox 347 3106 1915 3176; baseline 0.008 -19"><span class='ocrx_word' id='word_1_243' title='bbox 347 3106 402 3158; x_wconf 89' lang='lat' dir='ltr'><strong>in</strong></span> <span class='ocrx_word' id='word_1_244' title='bbox 440 3106 788 3176; x_wconf 83' lang='lat' dir='ltr'><strong>profundum,</strong></span> <span class='ocrx_word' id='word_1_245' title='bbox 824 3112 938 3165; x_wconf 90' lang='lat' dir='ltr'><strong>sive</strong></span> <span class='ocrx_word' id='word_1_246' title='bbox 972 3112 1023 3165; x_wconf 91' lang='lat' dir='ltr'><strong>in</strong></span> <span class='ocrx_word' id='word_1_247' title='bbox 1075 3114 1371 3167; x_wconf 78' lang='lat' dir='ltr'><strong>excelsum.</strong></span> <span class='ocrx_word' id='word_1_248' title='bbox 1406 3114 1470 3167; x_wconf 88' lang='lat' dir='ltr'><strong>Et</strong></span> <span class='ocrx_word' id='word_1_249' title='bbox 1501 3114 1636 3168; x_wconf 65' lang='lat' dir='ltr'><strong>divit</strong></span> <span class='ocrx_word' id='word_1_250' title='bbox 1676 3116 1856 3169; x_wconf 85' lang='lat' dir='ltr'><strong>Acltaz</strong></span> <span class='ocrx_word' id='word_1_251' title='bbox 1900 3134 1915 3170; x_wconf 90' lang='lat'><strong>:</strong></span> 
     </span>
    </p>
   </div>
   <div class='ocr_carea' id='block_1_35' title="bbox 350 3197 1914 3271">
    <p class='ocr_par' dir='ltr' id='par_1_35' title="bbox 350 3197 1914 3271">
     <span class='ocr_line' id='line_1_35' title="bbox 350 3197 1914 3271; baseline 0.009 -23"><span class='ocrx_word' id='word_1_252' title='bbox 350 3197 467 3252; x_wconf 84' lang='lat' dir='ltr'><strong>Non</strong></span> <span class='ocrx_word' id='word_1_253' title='bbox 520 3208 719 3266; x_wconf 86' lang='lat' dir='ltr'><strong>petam,</strong></span> <span class='ocrx_word' id='word_1_254' title='bbox 782 3217 956 3271; x_wconf 91' lang='lat' dir='ltr'><strong>neque</strong></span> <span class='ocrx_word' id='word_1_255' title='bbox 1017 3202 1237 3257; x_wconf 87' lang='lat' dir='ltr'><strong>tentabo</strong></span> <span class='ocrx_word' id='word_1_256' title='bbox 1293 3204 1599 3259; x_wconf 79' lang='lat' dir='ltr'><strong>Dominum.</strong></span> <span class='ocrx_word' id='word_1_257' title='bbox 1660 3204 1724 3260; x_wconf 84' lang='lat' dir='ltr'><strong>Et</strong></span> <span class='ocrx_word' id='word_1_258' title='bbox 1777 3208 1914 3262; x_wconf 69' lang='lat' dir='ltr'><strong>dixit</strong></span> 
     </span>
    </p>
   </div>
   <div class='ocr_carea' id='block_1_36' title="bbox 347 3289 1911 3367">
    <p class='ocr_par' dir='ltr' id='par_1_36' title="bbox 347 3289 1911 3367">
     <span class='ocr_line' id='line_1_36' title="bbox 347 3289 1911 3367; baseline 0.008 -25"><span class='ocrx_word' id='word_1_259' title='bbox 347 3289 515 3345; x_wconf 83' lang='lat' dir='ltr'><strong>lsaias</strong></span> <span class='ocrx_word' id='word_1_260' title='bbox 546 3308 559 3345; x_wconf 89' lang='lat'><strong>:</strong></span> <span class='ocrx_word' id='word_1_261' title='bbox 587 3292 785 3348; x_wconf 82' lang='lat' dir='ltr'><strong>Audite</strong></span> <span class='ocrx_word' id='word_1_262' title='bbox 818 3302 965 3359; x_wconf 93' lang='lat' dir='ltr'><strong>tunc,</strong></span> <span class='ocrx_word' id='word_1_263' title='bbox 993 3294 1184 3349; x_wconf 90' lang='lat' dir='ltr'><strong>domus</strong></span> <span class='ocrx_word' id='word_1_264' title='bbox 1204 3295 1411 3351; x_wconf 88' lang='lat' dir='ltr'><strong>David:</strong></span> <span class='ocrx_word' id='word_1_265' title='bbox 1445 3296 1696 3366; x_wconf 84' lang='lat' dir='ltr'><strong>Nunquid</strong></span> <span class='ocrx_word' id='word_1_266' title='bbox 1722 3314 1911 3367; x_wconf 89' lang='lat' dir='ltr'><strong>parum</strong></span> 
     </span>
    </p>
   </div>
   <div class='ocr_carea' id='block_1_37' title="bbox 351 3385 1916 3459">
    <p class='ocr_par' dir='ltr' id='par_1_37' title="bbox 351 3385 1916 3459">
     <span class='ocr_line' id='line_1_37' title="bbox 351 3385 1916 3459; baseline 0.008 -25"><span class='ocrx_word' id='word_1_267' title='bbox 351 3385 506 3439; x_wconf 81' lang='lat' dir='ltr'><strong>vobis</strong></span> <span class='ocrx_word' id='word_1_268' title='bbox 529 3396 613 3440; x_wconf 91' lang='lat' dir='ltr'><strong>est</strong></span> <span class='ocrx_word' id='word_1_269' title='bbox 639 3399 914 3442; x_wconf 90' lang='lat' dir='ltr'><strong>certamen</strong></span> <span class='ocrx_word' id='word_1_270' title='bbox 939 3391 1181 3458; x_wconf 72' lang='lat' dir='ltr'><strong>praebere</strong></span> <span class='ocrx_word' id='word_1_271' title='bbox 1211 3390 1519 3446; x_wconf 86' lang='lat' dir='ltr'><strong>hominibus</strong></span> <span class='ocrx_word' id='word_1_272' title='bbox 1536 3392 1558 3443; x_wconf 91' lang='lat'><strong>?</strong></span> <span class='ocrx_word' id='word_1_273' title='bbox 1575 3400 1627 3445; x_wconf 89' lang='lat' dir='ltr'><strong>et</strong></span> <span class='ocrx_word' id='word_1_274' title='bbox 1644 3394 1916 3459; x_wconf 83' lang='lat' dir='ltr'><strong>quomodo</strong></span> 
     </span>
    </p>
   </div>
   <div class='ocr_carea' id='block_1_38' title="bbox 355 3477 1917 3551">
    <p class='ocr_par' dir='ltr' id='par_1_38' title="bbox 355 3477 1917 3551">
     <span class='ocr_line' id='line_1_38' title="bbox 355 3477 1917 3551; baseline 0.008 -24"><span class='ocrx_word' id='word_1_275' title='bbox 355 3477 584 3531; x_wconf 81' lang='lat' dir='ltr'><strong>Domino</strong></span> <span class='ocrx_word' id='word_1_276' title='bbox 631 3479 887 3547; x_wconf 64' lang='lat' dir='ltr'><strong>praebetis</strong></span> <span class='ocrx_word' id='word_1_277' title='bbox 928 3482 1247 3535; x_wconf 85' lang='lat' dir='ltr'><strong>certamen?</strong></span> <span class='ocrx_word' id='word_1_278' title='bbox 1278 3480 1569 3551; x_wconf 87' lang='lat' dir='ltr'><strong>Pr0pterea</strong></span> <span class='ocrx_word' id='word_1_279' title='bbox 1621 3484 1770 3537; x_wconf 89' lang='lat' dir='ltr'><strong>dabit</strong></span> <span class='ocrx_word' id='word_1_280' title='bbox 1815 3486 1917 3539; x_wconf 89' lang='lat' dir='ltr'><strong>Do-</strong></span> 
     </span>
    </p>
   </div>
   <div class='ocr_carea' id='block_1_39' title="bbox 352 3572 1919 3646">
    <p class='ocr_par' dir='ltr' id='par_1_39' title="bbox 352 3572 1919 3646">
     <span class='ocr_line' id='line_1_39' title="bbox 352 3572 1919 3646; baseline 0.005 -22"><span class='ocrx_word' id='word_1_281' title='bbox 352 3572 534 3626; x_wconf 88' lang='lat' dir='ltr'><strong>minus</strong></span> <span class='ocrx_word' id='word_1_282' title='bbox 568 3572 685 3638; x_wconf 91' lang='lat' dir='ltr'><strong>ipse</strong></span> <span class='ocrx_word' id='word_1_283' title='bbox 721 3575 877 3628; x_wconf 85' lang='lat' dir='ltr'><strong>vobis</strong></span> <span class='ocrx_word' id='word_1_284' title='bbox 908 3576 1141 3643; x_wconf 82' lang='lat' dir='ltr'><strong>signum.</strong></span> <span class='ocrx_word' id='word_1_285' title='bbox 1168 3575 1305 3631; x_wconf 84' lang='lat' dir='ltr'><strong>Ecce</strong></span> <span class='ocrx_word' id='word_1_286' title='bbox 1334 3576 1498 3646; x_wconf 75' lang='lat' dir='ltr'><strong>Virgo</strong></span> <span class='ocrx_word' id='word_1_287' title='bbox 1524 3578 1573 3631; x_wconf 89' lang='lat' dir='ltr'><strong>in</strong></span> <span class='ocrx_word' id='word_1_288' title='bbox 1608 3588 1763 3631; x_wconf 89' lang='lat' dir='ltr'><strong>utero</strong></span> <span class='ocrx_word' id='word_1_289' title='bbox 1787 3594 1919 3633; x_wconf 87' lang='lat' dir='ltr'><strong>con-</strong></span> 
     </span>
    </p>
   </div>
   <div class='ocr_carea' id='block_1_40' title="bbox 348 3660 1955 3738">
    <p class='ocr_par' dir='ltr' id='par_1_40' title="bbox 348 3660 1955 3738">
     <span class='ocr_line' id='line_1_40' title="bbox 348 3660 1955 3738; baseline 0.006 -21"><span class='ocrx_word' id='word_1_290' title='bbox 348 3666 533 3735; x_wconf 84' lang='lat' dir='ltr'><strong>cipiel,</strong></span> <span class='ocrx_word' id='word_1_291' title='bbox 583 3675 637 3720; x_wconf 88' lang='lat' dir='ltr'><strong>et</strong></span> <span class='ocrx_word' id='word_1_292' title='bbox 683 3668 856 3734; x_wconf 90' lang='lat' dir='ltr'><strong>pariet</strong></span> <span class='ocrx_word' id='word_1_293' title='bbox 912 3668 1102 3734; x_wconf 82' lang='lat' dir='ltr'><strong>lilium,</strong></span> <span class='ocrx_word' id='word_1_294' title='bbox 1146 3677 1200 3723; x_wconf 87' lang='lat' dir='ltr'><strong>et</strong></span> <span class='ocrx_word' id='word_1_295' title='bbox 1243 3670 1527 3723; x_wconf 84' lang='lat' dir='ltr'><strong>vocabitur</strong></span> <span class='ocrx_word' id='word_1_296' title='bbox 1566 3686 1764 3724; x_wconf 91' lang='lat' dir='ltr'><strong>nomen</strong></span> <span class='ocrx_word' id='word_1_297' title='bbox 1800 3660 1955 3738; x_wconf 38' lang='lat' dir='ltr'><strong>ejus.</strong></span> 
     </span>
    </p>
   </div>
   <div class='ocr_carea' id='block_1_41' title="bbox 351 3755 1915 3831">
    <p class='ocr_par' dir='ltr' id='par_1_41' title="bbox 351 3755 1915 3831">
     <span class='ocr_line' id='line_1_41' title="bbox 351 3755 1915 3831; baseline 0.005 -22"><span class='ocrx_word' id='word_1_298' title='bbox 351 3755 688 3810; x_wconf 83' lang='lat' dir='ltr'><strong>Emmanuel.</strong></span> <span class='ocrx_word' id='word_1_299' title='bbox 742 3757 1006 3828; x_wconf 84' lang='lat' dir='ltr'><strong>Butyrum</strong></span> <span class='ocrx_word' id='word_1_300' title='bbox 1051 3768 1106 3813; x_wconf 90' lang='lat' dir='ltr'><strong>et</strong></span> <span class='ocrx_word' id='word_1_301' title='bbox 1150 3759 1255 3813; x_wconf 91' lang='lat' dir='ltr'><strong>mel</strong></span> <span class='ocrx_word' id='word_1_302' title='bbox 1298 3761 1580 3826; x_wconf 89' lang='lat' dir='ltr'><strong>comedet,</strong></span> <span class='ocrx_word' id='word_1_303' title='bbox 1626 3772 1915 3831; x_wconf 89' lang='lat' dir='ltr'><strong>antequam</strong></span> 
     </span>
    </p>
   </div>
   <div class='ocr_carea' id='block_1_42' title="bbox 348 3850 1917 3924">
    <p class='ocr_par' dir='ltr' id='par_1_42' title="bbox 348 3850 1917 3924">
     <span class='ocr_line' id='line_1_42' title="bbox 348 3850 1917 3924; baseline 0.005 -24"><span class='ocrx_word' id='word_1_304' title='bbox 348 3850 508 3913; x_wconf 85' lang='lat' dir='ltr'><strong>sciat,</strong></span> <span class='ocrx_word' id='word_1_305' title='bbox 542 3860 637 3903; x_wconf 87' lang='lat' dir='ltr'><strong>aut</strong></span> <span class='ocrx_word' id='word_1_306' title='bbox 673 3853 950 3922; x_wconf 78' lang='lat' dir='ltr'><strong>praeeligat</strong></span> <span class='ocrx_word' id='word_1_307' title='bbox 1002 3852 1141 3905; x_wconf 88' lang='lat' dir='ltr'><strong>mala</strong></span> <span class='ocrx_word' id='word_1_308' title='bbox 1193 3862 1247 3905; x_wconf 92' lang='lat' dir='ltr'><strong>et</strong></span> <span class='ocrx_word' id='word_1_309' title='bbox 1289 3852 1453 3921; x_wconf 83' lang='lat' dir='ltr'><strong>eligat</strong></span> <span class='ocrx_word' id='word_1_310' title='bbox 1488 3853 1731 3919; x_wconf 87' lang='lat' dir='ltr'><strong>bonum;</strong></span> <span class='ocrx_word' id='word_1_311' title='bbox 1780 3872 1917 3924; x_wconf 85' lang='lat' dir='ltr'><strong>quo-</strong></span> 
     </span>
    </p>
   </div>
   <div class='ocr_carea' id='block_1_43' title="bbox 348 3941 1914 4013">
    <p class='ocr_par' dir='ltr' id='par_1_43' title="bbox 348 3941 1914 4013">
     <span class='ocr_line' id='line_1_43' title="bbox 348 3941 1914 4013; baseline 0.005 -22"><span class='ocrx_word' id='word_1_312' title='bbox 348 3941 491 3993; x_wconf 88' lang='lat' dir='ltr'><strong>niam</strong></span> <span class='ocrx_word' id='word_1_313' title='bbox 517 3953 808 4011; x_wconf 87' lang='lat' dir='ltr'><strong>antequam</strong></span> <span class='ocrx_word' id='word_1_314' title='bbox 833 3953 1130 4013; x_wconf 84' lang='lat' dir='ltr'><strong>cognoscat</strong></span> <span class='ocrx_word' id='word_1_315' title='bbox 1164 3958 1298 4013; x_wconf 89' lang='lat' dir='ltr'><strong>puer</strong></span> <span class='ocrx_word' id='word_1_316' title='bbox 1322 3945 1543 4008; x_wconf 89' lang='lat' dir='ltr'><strong>bonum,</strong></span> <span class='ocrx_word' id='word_1_317' title='bbox 1579 3946 1663 3999; x_wconf 89' lang='lat' dir='ltr'><strong>vel</strong></span> <span class='ocrx_word' id='word_1_318' title='bbox 1690 3947 1914 4011; x_wconf 88' lang='lat' dir='ltr'><strong>malum,</strong></span> 
     </span>
    </p>
   </div>
   <div class='ocr_carea' id='block_1_44' title="bbox 346 4035 1918 4106">
    <p class='ocr_par' dir='ltr' id='par_1_44' title="bbox 346 4035 1918 4106">
     <span class='ocr_line' id='line_1_44' title="bbox 346 4035 1918 4106; baseline 0.006 -21"><span class='ocrx_word' id='word_1_319' title='bbox 346 4036 602 4102; x_wconf 80' lang='lat' dir='ltr'><strong>reprobat</strong></span> <span class='ocrx_word' id='word_1_320' title='bbox 635 4036 797 4099; x_wconf 88' lang='lat' dir='ltr'><strong>mala,</strong></span> <span class='ocrx_word' id='word_1_321' title='bbox 840 4035 1092 4105; x_wconf 80' lang='lat' dir='ltr'><strong>eligendo</strong></span> <span class='ocrx_word' id='word_1_322' title='bbox 1127 4035 1327 4089; x_wconf 91' lang='lat' dir='ltr'><strong>bonum</strong></span> <span class='ocrx_word' id='word_1_323' title='bbox 1353 4036 1418 4090; x_wconf 77' lang='lat'><strong>“.</strong></span> <span class='ocrx_word' id='word_1_324' title='bbox 1448 4042 1750 4106; x_wconf 87' lang='lat' dir='ltr'><strong>Antequam</strong></span> <span class='ocrx_word' id='word_1_325' title='bbox 1778 4041 1918 4095; x_wconf 90' lang='lat' dir='ltr'><strong>sciat</strong></span> 
     </span>
    </p>
   </div>
   <div class='ocr_carea' id='block_1_45' title="bbox 350 4128 1921 4195">
    <p class='ocr_par' dir='ltr' id='par_1_45' title="bbox 350 4128 1921 4195">
     <span class='ocr_line' id='line_1_45' title="bbox 350 4128 1921 4195; baseline 0.005 -18"><span class='ocrx_word' id='word_1_326' title='bbox 350 4142 482 4195; x_wconf 77' lang='lat' dir='ltr'><strong>puer</strong></span> <span class='ocrx_word' id='word_1_327' title='bbox 506 4140 704 4180; x_wconf 84' lang='lat' dir='ltr'><strong>vocare</strong></span> <span class='ocrx_word' id='word_1_328' title='bbox 727 4136 957 4194; x_wconf 88' lang='lat' dir='ltr'><strong>patrem,</strong></span> <span class='ocrx_word' id='word_1_329' title='bbox 980 4137 1072 4181; x_wconf 83' lang='lat' dir='ltr'><strong>aut</strong></span> <span class='ocrx_word' id='word_1_330' title='bbox 1100 4138 1352 4192; x_wconf 86' lang='lat' dir='ltr'><strong>matrem,</strong></span> <span class='ocrx_word' id='word_1_331' title='bbox 1375 4128 1524 4182; x_wconf 91' lang='lat' dir='ltr'><strong>tollet</strong></span> <span class='ocrx_word' id='word_1_332' title='bbox 1542 4129 1795 4184; x_wconf 86' lang='lat' dir='ltr'><strong>virtutem</strong></span> <span class='ocrx_word' id='word_1_333' title='bbox 1818 4131 1921 4185; x_wconf 90' lang='lat' dir='ltr'><strong>Da-</strong></span> 
     </span>
    </p>
   </div>
   <div class='ocr_carea' id='block_1_46' title="bbox 351 4220 1916 4293">
    <p class='ocr_par' dir='ltr' id='par_1_46' title="bbox 351 4220 1916 4293">
     <span class='ocr_line' id='line_1_46' title="bbox 351 4220 1916 4293; baseline 0.003 -21"><span class='ocrx_word' id='word_1_334' title='bbox 351 4220 520 4275; x_wconf 87' lang='lat' dir='ltr'><strong>masci</strong></span> <span class='ocrx_word' id='word_1_335' title='bbox 548 4230 602 4274; x_wconf 89' lang='lat' dir='ltr'><strong>et</strong></span> <span class='ocrx_word' id='word_1_336' title='bbox 629 4220 797 4290; x_wconf 89' lang='lat' dir='ltr'><strong>spolia</strong></span> <span class='ocrx_word' id='word_1_337' title='bbox 829 4220 1091 4275; x_wconf 66' lang='lat' dir='ltr'><strong>Samaria:</strong></span> <span class='ocrx_word' id='word_1_338' title='bbox 1115 4235 1299 4274; x_wconf 88' lang='lat' dir='ltr'><strong>coram</strong></span> <span class='ocrx_word' id='word_1_339' title='bbox 1326 4235 1450 4289; x_wconf 79' lang='lat' dir='ltr'><strong>rege</strong></span> <span class='ocrx_word' id='word_1_340' title='bbox 1468 4220 1817 4293; x_wconf 82' lang='lat' dir='ltr'><strong>Assyriorum</strong></span> <span class='ocrx_word' id='word_1_341' title='bbox 1847 4223 1916 4289; x_wconf 79' lang='grc'><strong>³³,</strong></span> 
     </span>
    </p>
   </div>
   <div class='ocr_carea' id='block_1_47' title="bbox 351 4314 1921 4384">
    <p class='ocr_par' dir='ltr' id='par_1_47' title="bbox 351 4314 1921 4384">
     <span class='ocr_line' id='line_1_47' title="bbox 351 4314 1921 4384; baseline 0.001 -16"><span class='ocrx_word' id='word_1_342' title='bbox 351 4324 405 4368; x_wconf 89' lang='lat' dir='ltr'><strong>et</strong></span> <span class='ocrx_word' id='word_1_343' title='bbox 457 4314 703 4383; x_wconf 84' lang='lat' dir='ltr'><strong>capietur</strong></span> <span class='ocrx_word' id='word_1_344' title='bbox 760 4325 927 4377; x_wconf 89' lang='lat' dir='ltr'><strong>terra,</strong></span> <span class='ocrx_word' id='word_1_345' title='bbox 974 4330 1134 4384; x_wconf 90' lang='lat' dir='ltr'><strong>quam</strong></span> <span class='ocrx_word' id='word_1_346' title='bbox 1190 4321 1244 4366; x_wconf 92' lang='lat' dir='ltr'><strong>tu</strong></span> <span class='ocrx_word' id='word_1_347' title='bbox 1287 4314 1494 4367; x_wconf 87' lang='lat' dir='ltr'><strong>duriter</strong></span> <span class='ocrx_word' id='word_1_348' title='bbox 1530 4314 1673 4369; x_wconf 81' lang='lat' dir='ltr'><strong>feres</strong></span> <span class='ocrx_word' id='word_1_349' title='bbox 1724 4315 1921 4372; x_wconf 79' lang='lat' dir='ltr'><strong>afacie</strong></span> 
     </span>
    </p>
   </div>
   <div class='ocr_carea' id='block_1_48' title="bbox 351 4406 1922 4477">
    <p class='ocr_par' dir='ltr' id='par_1_48' title="bbox 351 4406 1922 4477">
     <span class='ocr_line' id='line_1_48' title="bbox 351 4406 1922 4477; baseline 0.001 -18"><span class='ocrx_word' id='word_1_350' title='bbox 351 4409 580 4460; x_wconf 89' lang='lat' dir='ltr'><strong>duorum</strong></span> <span class='ocrx_word' id='word_1_351' title='bbox 606 4422 813 4477; x_wconf 80' lang='lat' dir='ltr'><strong>regum.</strong></span> <span class='ocrx_word' id='word_1_352' title='bbox 840 4406 945 4461; x_wconf 88' lang='lat' dir='ltr'><strong>Sed</strong></span> <span class='ocrx_word' id='word_1_353' title='bbox 980 4406 1211 4461; x_wconf 84' lang='lat' dir='ltr'><strong>adducet</strong></span> <span class='ocrx_word' id='word_1_354' title='bbox 1235 4407 1375 4460; x_wconf 90' lang='lat' dir='ltr'><strong>Deus</strong></span> <span class='ocrx_word' id='word_1_355' title='bbox 1394 4420 1560 4474; x_wconf 88' lang='lat' dir='ltr'><strong>super</strong></span> <span class='ocrx_word' id='word_1_356' title='bbox 1588 4416 1659 4471; x_wconf 91' lang='lat' dir='ltr'><strong>te,</strong></span> <span class='ocrx_word' id='word_1_357' title='bbox 1678 4416 1731 4460; x_wconf 91' lang='lat' dir='ltr'><strong>et</strong></span> <span class='ocrx_word' id='word_1_358' title='bbox 1757 4423 1922 4476; x_wconf 91' lang='lat' dir='ltr'><strong>super</strong></span> 
     </span>
    </p>
   </div>
   <div class='ocr_carea' id='block_1_49' title="bbox 2016 537 3589 612">
    <p class='ocr_par' dir='ltr' id='par_1_49' title="bbox 2016 537 3589 612">
     <span class='ocr_line' id='line_1_49' title="bbox 2016 537 3589 612; baseline -0.003 -17"><span class='ocrx_word' id='word_1_359' title='bbox 2016 541 2111 595; x_wconf 82' lang='grc' dir='ltr'><strong>τοῦ</strong></span> <span class='ocrx_word' id='word_1_360' title='bbox 2144 541 2270 595; x_wconf 88' lang='grc' dir='ltr'>λαοῦ</span> <span class='ocrx_word' id='word_1_361' title='bbox 2305 542 2456 612; x_wconf 80' lang='grc' dir='ltr'>ὑμῶν</span> <span class='ocrx_word' id='word_1_362' title='bbox 2502 541 2671 595; x_wconf 86' lang='grc' dir='ltr'>ταῦτα</span> <span class='ocrx_word' id='word_1_363' title='bbox 2715 538 3090 609; x_wconf 80' lang='grc' dir='ltr'><strong>διατετάχθαι,</strong></span> <span class='ocrx_word' id='word_1_364' title='bbox 3145 537 3321 603; x_wconf 79' lang='grc' dir='ltr'>οὕτως</span> <span class='ocrx_word' id='word_1_365' title='bbox 3379 537 3589 591; x_wconf 84' lang='grc' dir='ltr'>παύσα-</span> 
     </span>
    </p>
   </div>
   <div class='ocr_carea' id='block_1_50' title="bbox 2018 628 3588 705">
    <p class='ocr_par' dir='ltr' id='par_1_50' title="bbox 2018 628 3588 705">
     <span class='ocr_line' id='line_1_50' title="bbox 2018 628 3588 705; baseline -0.003 -20"><span class='ocrx_word' id='word_1_366' title='bbox 2018 634 2142 688; x_wconf 91' lang='grc' dir='ltr'>σθαι</span> <span class='ocrx_word' id='word_1_367' title='bbox 2174 634 2281 687; x_wconf 82' lang='grc' dir='ltr'>ἔδει</span> <span class='ocrx_word' id='word_1_368' title='bbox 2314 634 2453 688; x_wconf 86' lang='grc' dir='ltr'><strong>κατά</strong></span> <span class='ocrx_word' id='word_1_369' title='bbox 2488 634 2584 705; x_wconf 81' lang='grc' dir='ltr'><strong>τὴν</strong></span> <span class='ocrx_word' id='word_1_370' title='bbox 2617 633 2705 686; x_wconf 87' lang='grc' dir='ltr'><strong>τοῦ</strong></span> <span class='ocrx_word' id='word_1_371' title='bbox 2744 632 2954 704; x_wconf 84' lang='grc' dir='ltr'>Πατρὸς</span> <span class='ocrx_word' id='word_1_372' title='bbox 3000 630 3193 702; x_wconf 78' lang='grc' dir='ltr'>βουλὴν</span> <span class='ocrx_word' id='word_1_373' title='bbox 3229 628 3338 702; x_wconf 84' lang='grc'>(79)</span> <span class='ocrx_word' id='word_1_374' title='bbox 3372 631 3455 693; x_wconf 81' lang='grc' dir='ltr'><strong>είς</strong></span> <span class='ocrx_word' id='word_1_375' title='bbox 3501 629 3588 681; x_wconf 81' lang='grc' dir='ltr'><strong>τὸν</strong></span> 
     </span>
    </p>
   </div>
   <div class='ocr_carea' id='block_1_51' title="bbox 2014 720 3589 797">
    <p class='ocr_par' dir='ltr' id='par_1_51' title="bbox 2014 720 3589 797">
     <span class='ocr_line' id='line_1_51' title="bbox 2014 720 3589 797; baseline -0.006 -15"><span class='ocrx_word' id='word_1_376' title='bbox 2014 729 2102 782; x_wconf 90' lang='grc' dir='ltr'><strong>διά</strong></span> <span class='ocrx_word' id='word_1_377' title='bbox 2144 728 2243 797; x_wconf 81' lang='grc' dir='ltr'>τῆς</span> <span class='ocrx_word' id='word_1_378' title='bbox 2295 727 2403 780; x_wconf 85' lang='grc' dir='ltr'><strong>ἀπὸ</strong></span> <span class='ocrx_word' id='word_1_379' title='bbox 2444 726 2536 779; x_wconf 88' lang='grc' dir='ltr'><strong>τοῦ</strong></span> <span class='ocrx_word' id='word_1_380' title='bbox 2583 727 2768 795; x_wconf 79' lang='grc' dir='ltr'>γένους</span> <span class='ocrx_word' id='word_1_381' title='bbox 2814 724 2906 784; x_wconf 82' lang='grc' dir='ltr'><strong>τοῦ</strong></span> <span class='ocrx_word' id='word_1_382' title='bbox 2951 724 3234 796; x_wconf 79' lang='grc' dir='ltr'>Ἀϐραὰμ,</span> <span class='ocrx_word' id='word_1_383' title='bbox 3284 722 3385 776; x_wconf 72' lang='grc' dir='ltr'><strong>καὶ</strong></span> <span class='ocrx_word' id='word_1_384' title='bbox 3419 720 3589 789; x_wconf 76' lang='grc' dir='ltr'>φυλῆς</span> 
     </span>
    </p>
   </div>
   <div class='ocr_carea' id='block_1_52' title="bbox 2032 811 3587 889">
    <p class='ocr_par' dir='ltr' id='par_1_52' title="bbox 2032 811 3587 889">
     <span class='ocr_line' id='line_1_52' title="bbox 2032 811 3587 889; baseline -0.004 -18"><span class='ocrx_word' id='word_1_385' title='bbox 2032 819 2233 881; x_wconf 84' lang='grc' dir='ltr'>Ἰούδα,</span> <span class='ocrx_word' id='word_1_386' title='bbox 2275 817 2369 871; x_wconf 80' lang='grc' dir='ltr'>καὶ</span> <span class='ocrx_word' id='word_1_387' title='bbox 2408 817 2572 871; x_wconf 66' lang='grc' dir='ltr'>Δαὸὶδ</span> <span class='ocrx_word' id='word_1_388' title='bbox 2619 816 2894 889; x_wconf 75' lang='grc' dir='ltr'>Παρθένου</span> <span class='ocrx_word' id='word_1_389' title='bbox 2940 816 3271 887; x_wconf 80' lang='grc' dir='ltr'><strong>γεννηθέντα</strong></span> <span class='ocrx_word' id='word_1_390' title='bbox 3317 813 3451 867; x_wconf 83' lang='grc' dir='ltr'>Υίὸν</span> <span class='ocrx_word' id='word_1_391' title='bbox 3498 811 3587 865; x_wconf 89' lang='grc' dir='ltr'><strong>τοῦ</strong></span> 
     </span>
    </p>
   </div>
   <div class='ocr_carea' id='block_1_53' title="bbox 2015 902 3590 982">
    <p class='ocr_par' dir='ltr' id='par_1_53' title="bbox 2015 902 3590 982">
     <span class='ocr_line' id='line_1_53' title="bbox 2015 902 3590 982; baseline -0.006 -18"><span class='ocrx_word' id='word_1_392' title='bbox 2015 911 2147 964; x_wconf 81' lang='grc' dir='ltr'>Θεοῦ</span> <span class='ocrx_word' id='word_1_393' title='bbox 2183 912 2446 982; x_wconf 83' lang='grc' dir='ltr'>Χριστόν·</span> <span class='ocrx_word' id='word_1_394' title='bbox 2495 912 2640 975; x_wconf 84' lang='grc' dir='ltr'>ὅστις</span> <span class='ocrx_word' id='word_1_395' title='bbox 2682 910 2776 964; x_wconf 70' lang='grc' dir='ltr'><strong>καὶ</strong></span> <span class='ocrx_word' id='word_1_396' title='bbox 2810 909 3021 973; x_wconf 78' lang='grc' dir='ltr'>αἰώνιος</span> <span class='ocrx_word' id='word_1_397' title='bbox 3054 909 3250 979; x_wconf 80' lang='grc' dir='ltr'>νόμος,</span> <span class='ocrx_word' id='word_1_398' title='bbox 3288 906 3384 960; x_wconf 75' lang='grc' dir='ltr'><strong>καὶ</strong></span> <span class='ocrx_word' id='word_1_399' title='bbox 3433 902 3590 974; x_wconf 79' lang='grc' dir='ltr'>καινὴ</span> 
     </span>
    </p>
   </div>
   <div class='ocr_carea' id='block_1_54' title="bbox 2014 996 3594 1076">
    <p class='ocr_par' dir='ltr' id='par_1_54' title="bbox 2014 996 3594 1076">
     <span class='ocr_line' id='line_1_54' title="bbox 2014 996 3594 1076; baseline -0.006 -19"><span class='ocrx_word' id='word_1_400' title='bbox 2014 1004 2243 1076; x_wconf 86' lang='grc' dir='ltr'>διαθήκη</span> <span class='ocrx_word' id='word_1_401' title='bbox 2278 1003 2354 1075; x_wconf 85' lang='grc' dir='ltr'>τῷ</span> <span class='ocrx_word' id='word_1_402' title='bbox 2389 1003 2550 1057; x_wconf 73' lang='grc' dir='ltr'>παντὶ</span> <span class='ocrx_word' id='word_1_403' title='bbox 2589 1004 2778 1074; x_wconf 81' lang='grc' dir='ltr'>κόσμῳ</span> <span class='ocrx_word' id='word_1_404' title='bbox 2811 1002 3141 1074; x_wconf 87' lang='grc' dir='ltr'>ἐκηρύσσετο</span> <span class='ocrx_word' id='word_1_405' title='bbox 3194 996 3594 1072; x_wconf 84' lang='grc' dir='ltr'>προελευσόμε-</span> 
     </span>
    </p>
   </div>
   <div class='ocr_carea' id='block_1_55' title="bbox 2014 1090 3590 1167">
    <p class='ocr_par' dir='ltr' id='par_1_55' title="bbox 2014 1090 3590 1167">
     <span class='ocr_line' id='line_1_55' title="bbox 2014 1090 3590 1167; baseline -0.004 -18"><span class='ocrx_word' id='word_1_406' title='bbox 2014 1114 2136 1161; x_wconf 90' lang='grc' dir='ltr'>νος,</span> <span class='ocrx_word' id='word_1_407' title='bbox 2176 1096 2253 1161; x_wconf 82' lang='grc' dir='ltr'>ὡς</span> <span class='ocrx_word' id='word_1_408' title='bbox 2301 1097 2357 1149; x_wconf 81' lang='grc' dir='ltr'>αἱ</span> <span class='ocrx_word' id='word_1_409' title='bbox 2393 1096 2817 1167; x_wconf 88' lang='grc' dir='ltr'>προλελεγμέναι</span> <span class='ocrx_word' id='word_1_410' title='bbox 2862 1096 3182 1167; x_wconf 81' lang='grc' dir='ltr'>προφητεῖαι</span> <span class='ocrx_word' id='word_1_411' title='bbox 3237 1090 3590 1163; x_wconf 79' lang='grc' dir='ltr'>σημαίνουσι.</span> 
     </span>
    </p>
   </div>
   <div class='ocr_carea' id='block_1_56' title="bbox 2015 1177 3590 1258">
    <p class='ocr_par' dir='ltr' id='par_1_56' title="bbox 2015 1177 3590 1258">
     <span class='ocr_line' id='line_1_56' title="bbox 2015 1177 3590 1258; baseline -0.008 -17"><span class='ocrx_word' id='word_1_412' title='bbox 2015 1188 2126 1241; x_wconf 74' lang='grc' dir='ltr'>Καὶ</span> <span class='ocrx_word' id='word_1_413' title='bbox 2157 1190 2337 1258; x_wconf 80' lang='grc' dir='ltr'><strong>ἡμεῖς,</strong></span> <span class='ocrx_word' id='word_1_414' title='bbox 2369 1189 2416 1240; x_wconf 84' lang='lat' dir='ltr'><strong>0i</strong></span> <span class='ocrx_word' id='word_1_415' title='bbox 2454 1185 2542 1239; x_wconf 86' lang='grc' dir='ltr'>διὰ</span> <span class='ocrx_word' id='word_1_416' title='bbox 2582 1185 2768 1239; x_wconf 87' lang='grc' dir='ltr'>τούτου</span> <span class='ocrx_word' id='word_1_417' title='bbox 2804 1184 3291 1256; x_wconf 82' lang='grc' dir='ltr'>προσχωρήσαντες</span> <span class='ocrx_word' id='word_1_418' title='bbox 3338 1178 3419 1249; x_wconf 82' lang='grc' dir='ltr'>τῷ</span> <span class='ocrx_word' id='word_1_419' title='bbox 3452 1177 3590 1246; x_wconf 75' lang='grc' dir='ltr'>Θεῷ,</span> 
     </span>
    </p>
   </div>
   <div class='ocr_carea' id='block_1_57' title="bbox 2013 1269 3592 1349">
    <p class='ocr_par' dir='ltr' id='par_1_57' title="bbox 2013 1269 3592 1349">
     <span class='ocr_line' id='line_1_57' title="bbox 2013 1269 3592 1349; baseline -0.006 -19"><span class='ocrx_word' id='word_1_420' title='bbox 2013 1276 2073 1330; x_wconf 80' lang='grc' dir='ltr'><strong>οὐ</strong></span> <span class='ocrx_word' id='word_1_421' title='bbox 2108 1277 2310 1349; x_wconf 87' lang='grc' dir='ltr'>ταύτην</span> <span class='ocrx_word' id='word_1_422' title='bbox 2342 1277 2437 1349; x_wconf 86' lang='grc' dir='ltr'>τὴν</span> <span class='ocrx_word' id='word_1_423' title='bbox 2467 1277 2604 1330; x_wconf 87' lang='grc' dir='ltr'><strong>κατά</strong></span> <span class='ocrx_word' id='word_1_424' title='bbox 2638 1278 2815 1349; x_wconf 86' lang='grc' dir='ltr'>σάρκα</span> <span class='ocrx_word' id='word_1_425' title='bbox 2856 1274 3232 1347; x_wconf 79' lang='grc' dir='ltr'>παρελάϐομεν</span> <span class='ocrx_word' id='word_1_426' title='bbox 3266 1269 3592 1343; x_wconf 80' lang='grc' dir='ltr'>περιτομὴν,</span> 
     </span>
    </p>
   </div>
   <div class='ocr_carea' id='block_1_58' title="bbox 2014 1364 3594 1442">
    <p class='ocr_par' dir='ltr' id='par_1_58' title="bbox 2014 1364 3594 1442">
     <span class='ocr_line' id='line_1_58' title="bbox 2014 1364 3594 1442; baseline -0.007 -16"><span class='ocrx_word' id='word_1_427' title='bbox 2014 1371 2148 1427; x_wconf 85' lang='grc' dir='ltr'><strong>ἀλλά</strong></span> <span class='ocrx_word' id='word_1_428' title='bbox 2182 1370 2585 1442; x_wconf 77' lang='grc' dir='ltr'>πνευματικὴν,</span> <span class='ocrx_word' id='word_1_429' title='bbox 2631 1370 2698 1440; x_wconf 74' lang='grc' dir='ltr'>ἣν</span> <span class='ocrx_word' id='word_1_430' title='bbox 2744 1368 2911 1439; x_wconf 85' lang='grc' dir='ltr'>Ἑνὼχ</span> <span class='ocrx_word' id='word_1_431' title='bbox 2948 1367 3043 1421; x_wconf 75' lang='grc' dir='ltr'>καὶ</span> <span class='ocrx_word' id='word_1_432' title='bbox 3088 1368 3138 1419; x_wconf 81' lang='grc' dir='ltr'>οἱ</span> <span class='ocrx_word' id='word_1_433' title='bbox 3183 1367 3358 1437; x_wconf 84' lang='grc' dir='ltr'>ὅμοιοι</span> <span class='ocrx_word' id='word_1_434' title='bbox 3396 1364 3594 1431; x_wconf 78' lang='grc' dir='ltr'>ἐφύλα-</span> 
     </span>
    </p>
   </div>
   <div class='ocr_carea' id='block_1_59' title="bbox 2015 1453 3593 1533">
    <p class='ocr_par' dir='ltr' id='par_1_59' title="bbox 2015 1453 3593 1533">
     <span class='ocr_line' id='line_1_59' title="bbox 2015 1453 3593 1533; baseline -0.007 -16"><span class='ocrx_word' id='word_1_435' title='bbox 2015 1464 2133 1531; x_wconf 82' lang='grc' dir='ltr'>ξαν.</span> <span class='ocrx_word' id='word_1_436' title='bbox 2182 1464 2371 1533; x_wconf 84' lang='grc' dir='ltr'>Ἡμεῖς</span> <span class='ocrx_word' id='word_1_437' title='bbox 2396 1463 2474 1526; x_wconf 86' lang='grc' dir='ltr'><strong>δὲ,</strong></span> <span class='ocrx_word' id='word_1_438' title='bbox 2509 1460 2597 1515; x_wconf 90' lang='grc' dir='ltr'><strong>διά</strong></span> <span class='ocrx_word' id='word_1_439' title='bbox 2628 1460 2720 1514; x_wconf 85' lang='grc' dir='ltr'><strong>τοῦ</strong></span> <span class='ocrx_word' id='word_1_440' title='bbox 2758 1460 3130 1531; x_wconf 82' lang='grc' dir='ltr'>βαπτίσματος</span> <span class='ocrx_word' id='word_1_441' title='bbox 3161 1457 3331 1528; x_wconf 78' lang='grc' dir='ltr'>αὐτὴν</span> <span class='ocrx_word' id='word_1_442' title='bbox 3352 1497 3366 1521; x_wconf 91' lang='grc'><strong>,</strong></span> <span class='ocrx_word' id='word_1_443' title='bbox 3406 1453 3593 1527; x_wconf 74' lang='grc' dir='ltr'>ἐπειδὴ</span> 
     </span>
    </p>
   </div>
   <div class='ocr_carea' id='block_1_60' title="bbox 2015 1547 3595 1627">
    <p class='ocr_par' dir='ltr' id='par_1_60' title="bbox 2015 1547 3595 1627">
     <span class='ocr_line' id='line_1_60' title="bbox 2015 1547 3595 1627; baseline -0.008 -16"><span class='ocrx_word' id='word_1_444' title='bbox 2015 1555 2326 1627; x_wconf 78' lang='grc' dir='ltr'>ἁμαρτωλοὶ</span> <span class='ocrx_word' id='word_1_445' title='bbox 2370 1554 2713 1623; x_wconf 77' lang='grc' dir='ltr'>ἐγεγόνειμεν</span> <span class='ocrx_word' id='word_1_446' title='bbox 2760 1552 2899 1623; x_wconf 79' lang='lat'><strong>(80),</strong></span> <span class='ocrx_word' id='word_1_447' title='bbox 2942 1551 3030 1605; x_wconf 82' lang='grc' dir='ltr'>διὰ</span> <span class='ocrx_word' id='word_1_448' title='bbox 3068 1550 3127 1604; x_wconf 89' lang='grc' dir='ltr'><strong>τὸ</strong></span> <span class='ocrx_word' id='word_1_449' title='bbox 3159 1549 3306 1614; x_wconf 77' lang='grc' dir='ltr'>ἔλεος</span> <span class='ocrx_word' id='word_1_450' title='bbox 3346 1548 3410 1601; x_wconf 80' lang='grc' dir='ltr'><strong>τὸ</strong></span> <span class='ocrx_word' id='word_1_451' title='bbox 3445 1547 3595 1617; x_wconf 77' lang='grc' dir='ltr'>παρὰ</span> 
     </span>
    </p>
   </div>
   <div class='ocr_carea' id='block_1_61' title="bbox 2015 1640 3596 1716">
    <p class='ocr_par' dir='ltr' id='par_1_61' title="bbox 2015 1640 3596 1716">
     <span class='ocr_line' id='line_1_61' title="bbox 2015 1640 3596 1716; baseline -0.007 -14"><span class='ocrx_word' id='word_1_452' title='bbox 2015 1649 2105 1702; x_wconf 88' lang='grc' dir='ltr'><strong>τοῦ</strong></span> <span class='ocrx_word' id='word_1_453' title='bbox 2141 1647 2296 1710; x_wconf 88' lang='grc' dir='ltr'>Θεοῦ,</span> <span class='ocrx_word' id='word_1_454' title='bbox 2332 1646 2613 1716; x_wconf 78' lang='grc' dir='ltr'>ἐλάϐομεν,</span> <span class='ocrx_word' id='word_1_455' title='bbox 2656 1646 2748 1698; x_wconf 73' lang='grc' dir='ltr'><strong>καὶ</strong></span> <span class='ocrx_word' id='word_1_456' title='bbox 2780 1646 2942 1697; x_wconf 82' lang='grc' dir='ltr'>πᾶσιν</span> <span class='ocrx_word' id='word_1_457' title='bbox 2988 1642 3175 1713; x_wconf 83' lang='grc' dir='ltr'>ἐφετὸν</span> <span class='ocrx_word' id='word_1_458' title='bbox 3219 1642 3426 1712; x_wconf 85' lang='grc' dir='ltr'>ὁμοίως</span> <span class='ocrx_word' id='word_1_459' title='bbox 3460 1640 3596 1709; x_wconf 83' lang='grc' dir='ltr'>λαμ-</span> 
     </span>
    </p>
   </div>
   <div class='ocr_carea' id='block_1_62' title="bbox 2017 1733 3595 1811">
    <p class='ocr_par' dir='ltr' id='par_1_62' title="bbox 2017 1733 3595 1811">
     <span class='ocr_line' id='line_1_62' title="bbox 2017 1733 3595 1811; baseline -0.004 -18"><span class='ocrx_word' id='word_1_460' title='bbox 2017 1741 2219 1795; x_wconf 71' lang='grc' dir='ltr'>ϐάνειν.</span> <span class='ocrx_word' id='word_1_461' title='bbox 2258 1740 2392 1811; x_wconf 71' lang='grc' dir='ltr'>Περὶ</span> <span class='ocrx_word' id='word_1_462' title='bbox 2430 1740 2485 1794; x_wconf 84' lang='grc' dir='ltr'>δὲ</span> <span class='ocrx_word' id='word_1_463' title='bbox 2518 1738 2608 1792; x_wconf 88' lang='grc' dir='ltr'><strong>τοῦ</strong></span> <span class='ocrx_word' id='word_1_464' title='bbox 2656 1740 2751 1808; x_wconf 81' lang='grc' dir='ltr'><strong>τῆς</strong></span> <span class='ocrx_word' id='word_1_465' title='bbox 2785 1737 3049 1807; x_wconf 87' lang='grc' dir='ltr'>γενέσεως</span> <span class='ocrx_word' id='word_1_466' title='bbox 3081 1734 3245 1789; x_wconf 85' lang='grc' dir='ltr'>αὐτοῦ</span> <span class='ocrx_word' id='word_1_467' title='bbox 3295 1733 3595 1805; x_wconf 78' lang='grc' dir='ltr'>μυστηρίου</span> 
     </span>
    </p>
   </div>
   <div class='ocr_carea' id='block_1_63' title="bbox 2019 1823 3597 1906">
    <p class='ocr_par' dir='ltr' id='par_1_63' title="bbox 2019 1823 3597 1906">
     <span class='ocr_line' id='line_1_63' title="bbox 2019 1823 3597 1906; baseline -0.006 -19"><span class='ocrx_word' id='word_1_468' title='bbox 2019 1836 2118 1906; x_wconf 68' lang='grc' dir='ltr'>ἥδη</span> <span class='ocrx_word' id='word_1_469' title='bbox 2166 1834 2343 1901; x_wconf 86' lang='grc' dir='ltr'>λέγειν</span> <span class='ocrx_word' id='word_1_470' title='bbox 2390 1833 2835 1900; x_wconf 82' lang='grc' dir='ltr'>κατεπείγοντος,</span> <span class='ocrx_word' id='word_1_471' title='bbox 2878 1830 3037 1899; x_wconf 88' lang='grc' dir='ltr'>λέγω.</span> <span class='ocrx_word' id='word_1_472' title='bbox 3083 1830 3311 1891; x_wconf 75' lang='grc' dir='ltr'>Ἡσαΐας</span> <span class='ocrx_word' id='word_1_473' title='bbox 3335 1823 3431 1881; x_wconf 76' lang='grc' dir='ltr'><strong>οὖν</strong></span> <span class='ocrx_word' id='word_1_474' title='bbox 3470 1825 3597 1895; x_wconf 70' lang='grc' dir='ltr'>περὶ</span> 
     </span>
    </p>
   </div>
   <div class='ocr_carea' id='block_1_64' title="bbox 2019 1917 3597 1995">
    <p class='ocr_par' dir='ltr' id='par_1_64' title="bbox 2019 1917 3597 1995">
     <span class='ocr_line' id='line_1_64' title="bbox 2019 1917 3597 1995; baseline -0.006 -15"><span class='ocrx_word' id='word_1_475' title='bbox 2019 1926 2111 1980; x_wconf 90' lang='grc' dir='ltr'><strong>τοῦ</strong></span> <span class='ocrx_word' id='word_1_476' title='bbox 2161 1926 2353 1995; x_wconf 81' lang='grc' dir='ltr'>γένους</span> <span class='ocrx_word' id='word_1_477' title='bbox 2404 1923 2566 1979; x_wconf 79' lang='grc' dir='ltr'>αὑτοῦ</span> <span class='ocrx_word' id='word_1_478' title='bbox 2614 1922 2703 1977; x_wconf 89' lang='grc' dir='ltr'><strong>τοῦ</strong></span> <span class='ocrx_word' id='word_1_479' title='bbox 2758 1922 3013 1994; x_wconf 75' lang='grc' dir='ltr'>Χριστοῦ,</span> <span class='ocrx_word' id='word_1_480' title='bbox 3070 1922 3150 1973; x_wconf 83' lang='grc' dir='ltr'>ὅτι</span> <span class='ocrx_word' id='word_1_481' title='bbox 3200 1917 3597 1989; x_wconf 74' lang='grc' dir='ltr'>ἀνεκδιήγητόν</span> 
     </span>
    </p>
   </div>
   <div class='ocr_carea' id='block_1_65' title="bbox 2021 2010 3595 2089">
    <p class='ocr_par' dir='ltr' id='par_1_65' title="bbox 2021 2010 3595 2089">
     <span class='ocr_line' id='line_1_65' title="bbox 2021 2010 3595 2089; baseline -0.006 -20"><span class='ocrx_word' id='word_1_482' title='bbox 2021 2017 2165 2069; x_wconf 85' lang='grc' dir='ltr'>ἐστιν</span> <span class='ocrx_word' id='word_1_483' title='bbox 2186 2015 2511 2089; x_wconf 83' lang='grc' dir='ltr'>ἀνθρώποις,</span> <span class='ocrx_word' id='word_1_484' title='bbox 2550 2013 2721 2078; x_wconf 72' lang='grc' dir='ltr'>οὓτως</span> <span class='ocrx_word' id='word_1_485' title='bbox 2754 2014 2877 2084; x_wconf 78' lang='grc' dir='ltr'>ἔφη,</span> <span class='ocrx_word' id='word_1_486' title='bbox 2913 2012 2988 2076; x_wconf 88' lang='grc' dir='ltr'>ὼς</span> <span class='ocrx_word' id='word_1_487' title='bbox 3022 2011 3114 2064; x_wconf 71' lang='grc' dir='ltr'><strong>καὶ</strong></span> <span class='ocrx_word' id='word_1_488' title='bbox 3147 2010 3595 2082; x_wconf 78' lang='grc' dir='ltr'>προγέγραπται·</span> 
     </span>
    </p>
   </div>
   <div class='ocr_carea' id='block_1_66' title="bbox 2025 2101 3599 2180">
    <p class='ocr_par' dir='ltr' id='par_1_66' title="bbox 2025 2101 3599 2180">
     <span class='ocr_line' id='line_1_66' title="bbox 2025 2101 3599 2180; baseline -0.003 -20"><span class='ocrx_word' id='word_1_489' title='bbox 2025 2129 2043 2160; x_wconf 83' lang='grc' dir='ltr'><strong>ι</strong></span> <span class='ocrx_word' id='word_1_490' title='bbox 2069 2109 2177 2180; x_wconf 84' lang='grc' dir='ltr'><strong>Τὴν</strong></span> <span class='ocrx_word' id='word_1_491' title='bbox 2206 2108 2396 2178; x_wconf 84' lang='grc' dir='ltr'>γενεάν</span> <span class='ocrx_word' id='word_1_492' title='bbox 2420 2108 2580 2162; x_wconf 80' lang='grc' dir='ltr'>αὐτοῦ</span> <span class='ocrx_word' id='word_1_493' title='bbox 2616 2108 2696 2172; x_wconf 88' lang='grc' dir='ltr'><strong>τίς</strong></span> <span class='ocrx_word' id='word_1_494' title='bbox 2728 2108 3077 2178; x_wconf 87' lang='grc' dir='ltr'>διηγήσεται;</span> <span class='ocrx_word' id='word_1_495' title='bbox 3113 2106 3193 2157; x_wconf 80' lang='grc' dir='ltr'>ὅτι</span> <span class='ocrx_word' id='word_1_496' title='bbox 3236 2103 3459 2175; x_wconf 79' lang='grc' dir='ltr'>αἴρεται</span> <span class='ocrx_word' id='word_1_497' title='bbox 3492 2101 3599 2156; x_wconf 67' lang='grc' dir='ltr'>ἀπ’)</span> 
     </span>
    </p>
   </div>
   <div class='ocr_carea' id='block_1_67' title="bbox 2018 2191 3598 2272">
    <p class='ocr_par' dir='ltr' id='par_1_67' title="bbox 2018 2191 3598 2272">
     <span class='ocr_line' id='line_1_67' title="bbox 2018 2191 3598 2272; baseline -0.006 -18"><span class='ocrx_word' id='word_1_498' title='bbox 2018 2202 2114 2272; x_wconf 81' lang='grc' dir='ltr'>τῆς</span> <span class='ocrx_word' id='word_1_499' title='bbox 2148 2202 2249 2272; x_wconf 79' lang='grc' dir='ltr'>γῆς</span> <span class='ocrx_word' id='word_1_500' title='bbox 2288 2202 2319 2272; x_wconf 82' lang='grc' dir='ltr'>ἡ</span> <span class='ocrx_word' id='word_1_501' title='bbox 2368 2198 2479 2271; x_wconf 79' lang='grc' dir='ltr'>ζωὴ</span> <span class='ocrx_word' id='word_1_502' title='bbox 2514 2198 2711 2253; x_wconf 80' lang='grc' dir='ltr'>αὐτοῦ’</span> <span class='ocrx_word' id='word_1_503' title='bbox 2753 2197 2859 2251; x_wconf 87' lang='grc' dir='ltr'><strong>ἀπὸ</strong></span> <span class='ocrx_word' id='word_1_504' title='bbox 2903 2196 3008 2250; x_wconf 84' lang='grc' dir='ltr'><strong>τῶν</strong></span> <span class='ocrx_word' id='word_1_505' title='bbox 3055 2194 3292 2265; x_wconf 82' lang='grc' dir='ltr'>ἀνομιῶν</span> <span class='ocrx_word' id='word_1_506' title='bbox 3337 2193 3433 2246; x_wconf 86' lang='grc' dir='ltr'><strong>τοῦ</strong></span> <span class='ocrx_word' id='word_1_507' title='bbox 3469 2191 3598 2246; x_wconf 81' lang='grc' dir='ltr'>λαοῦ</span> 
     </span>
    </p>
   </div>
   <div class='ocr_carea' id='block_1_68' title="bbox 2023 2280 3599 2364">
    <p class='ocr_par' dir='ltr' id='par_1_68' title="bbox 2023 2280 3599 2364">
     <span class='ocr_line' id='line_1_68' title="bbox 2023 2280 3599 2364; baseline -0.006 -19"><span class='ocrx_word' id='word_1_508' title='bbox 2023 2310 2122 2362; x_wconf 86' lang='grc' dir='ltr'><strong>μου</strong></span> <span class='ocrx_word' id='word_1_509' title='bbox 2164 2292 2302 2364; x_wconf 74' lang='grc' dir='ltr'>ἢχθη</span> <span class='ocrx_word' id='word_1_510' title='bbox 2345 2291 2452 2361; x_wconf 73' lang='grc'><strong>(81)</strong></span> <span class='ocrx_word' id='word_1_511' title='bbox 2498 2292 2578 2355; x_wconf 86' lang='grc' dir='ltr'><strong>είς</strong></span> <span class='ocrx_word' id='word_1_512' title='bbox 2612 2290 2857 2344; x_wconf 85' lang='grc' dir='ltr'>θάνατον.</span> <span class='ocrx_word' id='word_1_513' title='bbox 2892 2308 2909 2340; x_wconf 82' lang='grc' dir='ltr'><strong>ι</strong></span> <span class='ocrx_word' id='word_1_514' title='bbox 2954 2288 3039 2351; x_wconf 85' lang='grc' dir='ltr'>Ὠς</span> <span class='ocrx_word' id='word_1_515' title='bbox 3071 2287 3468 2357; x_wconf 71' lang='grc' dir='ltr'>ἀνεκδιηγήτω</span> <span class='ocrx_word' id='word_1_516' title='bbox 3508 2280 3599 2337; x_wconf 80' lang='grc' dir='ltr'><strong>οῦν</strong></span> 
     </span>
    </p>
   </div>
   <div class='ocr_carea' id='block_1_69' title="bbox 2018 2379 3601 2452">
    <p class='ocr_par' dir='ltr' id='par_1_69' title="bbox 2018 2379 3601 2452">
     <span class='ocr_line' id='line_1_69' title="bbox 2018 2379 3601 2452; baseline -0.004 -16"><span class='ocrx_word' id='word_1_517' title='bbox 2018 2384 2166 2447; x_wconf 78' lang='grc' dir='ltr'>δντος</span> <span class='ocrx_word' id='word_1_518' title='bbox 2198 2382 2293 2435; x_wconf 84' lang='grc' dir='ltr'><strong>τοῦ</strong></span> <span class='ocrx_word' id='word_1_519' title='bbox 2327 2382 2517 2451; x_wconf 83' lang='grc' dir='ltr'>γένους</span> <span class='ocrx_word' id='word_1_520' title='bbox 2546 2380 2733 2435; x_wconf 87' lang='grc' dir='ltr'>τούτου</span> <span class='ocrx_word' id='word_1_521' title='bbox 2766 2380 3127 2452; x_wconf 78' lang='grc' dir='ltr'>ἀποθνήσκειν</span> <span class='ocrx_word' id='word_1_522' title='bbox 3161 2380 3476 2450; x_wconf 83' lang='grc' dir='ltr'>μέλλοντος,</span> <span class='ocrx_word' id='word_1_523' title='bbox 3513 2379 3601 2430; x_wconf 85' lang='grc' dir='ltr'><strong>ἵνα</strong></span> 
     </span>
    </p>
   </div>
   <div class='ocr_carea' id='block_1_70' title="bbox 2019 2470 3598 2545">
    <p class='ocr_par' dir='ltr' id='par_1_70' title="bbox 2019 2470 3598 2545">
     <span class='ocr_line' id='line_1_70' title="bbox 2019 2470 3598 2545; baseline -0.004 -18"><span class='ocrx_word' id='word_1_524' title='bbox 2019 2472 2096 2545; x_wconf 82' lang='grc' dir='ltr'>τῷ</span> <span class='ocrx_word' id='word_1_525' title='bbox 2125 2473 2350 2544; x_wconf 85' lang='grc' dir='ltr'>μώλωπι</span> <span class='ocrx_word' id='word_1_526' title='bbox 2384 2472 2545 2527; x_wconf 81' lang='grc' dir='ltr'>αὑτοῦ</span> <span class='ocrx_word' id='word_1_527' title='bbox 2587 2472 2823 2543; x_wconf 81' lang='grc' dir='ltr'>ἰαθῶμεν</span> <span class='ocrx_word' id='word_1_528' title='bbox 2857 2474 2905 2525; x_wconf 76' lang='grc' dir='ltr'><strong>οἱ</strong></span> <span class='ocrx_word' id='word_1_529' title='bbox 2945 2470 3258 2543; x_wconf 85' lang='grc' dir='ltr'>ἀμαρτωλοὶ</span> <span class='ocrx_word' id='word_1_530' title='bbox 3293 2470 3598 2541; x_wconf 80' lang='grc' dir='ltr'>ἄνθρωποι,</span> 
     </span>
    </p>
   </div>
   <div class='ocr_carea' id='block_1_71' title="bbox 2020 2558 3601 2638">
    <p class='ocr_par' dir='ltr' id='par_1_71' title="bbox 2020 2558 3601 2638">
     <span class='ocr_line' id='line_1_71' title="bbox 2020 2558 3601 2638; baseline -0.004 -19"><span class='ocrx_word' id='word_1_531' title='bbox 2020 2566 2078 2619; x_wconf 86' lang='grc' dir='ltr'><strong>τὸ</strong></span> <span class='ocrx_word' id='word_1_532' title='bbox 2109 2566 2440 2638; x_wconf 77' lang='grc' dir='ltr'>προφητικὸν</span> <span class='ocrx_word' id='word_1_533' title='bbox 2467 2564 2689 2636; x_wconf 85' lang='grc' dir='ltr'>Πνεῦμα</span> <span class='ocrx_word' id='word_1_534' title='bbox 2723 2563 2893 2617; x_wconf 85' lang='grc' dir='ltr'>ταῦτα</span> <span class='ocrx_word' id='word_1_535' title='bbox 2926 2558 3097 2616; x_wconf 75' lang='grc' dir='ltr'>εἶπεν.</span> <span class='ocrx_word' id='word_1_536' title='bbox 3130 2564 3250 2615; x_wconf 86' lang='grc' dir='ltr'>Ἔτι</span> <span class='ocrx_word' id='word_1_537' title='bbox 3279 2561 3377 2615; x_wconf 70' lang='grc' dir='ltr'>καὶ</span> <span class='ocrx_word' id='word_1_538' title='bbox 3416 2562 3504 2614; x_wconf 74' lang='grc' dir='ltr'>ἵνα</span> <span class='ocrx_word' id='word_1_539' title='bbox 3540 2561 3601 2613; x_wconf 86' lang='grc' dir='ltr'>ὄν</span> 
     </span>
    </p>
   </div>
   <div class='ocr_carea' id='block_1_72' title="bbox 2019 2652 3603 2729">
    <p class='ocr_par' dir='ltr' id='par_1_72' title="bbox 2019 2652 3603 2729">
     <span class='ocr_line' id='line_1_72' title="bbox 2019 2652 3603 2729; baseline -0.004 -18"><span class='ocrx_word' id='word_1_540' title='bbox 2019 2658 2217 2729; x_wconf 81' lang='grc' dir='ltr'>τρόπον</span> <span class='ocrx_word' id='word_1_541' title='bbox 2244 2658 2465 2726; x_wconf 87' lang='grc' dir='ltr'>γέγονεν</span> <span class='ocrx_word' id='word_1_542' title='bbox 2492 2658 2548 2709; x_wconf 87' lang='grc' dir='ltr'><strong>ἐν</strong></span> <span class='ocrx_word' id='word_1_543' title='bbox 2582 2656 2770 2726; x_wconf 84' lang='grc' dir='ltr'>κόσμῳ</span> <span class='ocrx_word' id='word_1_544' title='bbox 2794 2654 3091 2726; x_wconf 70' lang='grc' dir='ltr'>γεννηθεὶς,</span> <span class='ocrx_word' id='word_1_545' title='bbox 3124 2654 3426 2721; x_wconf 77' lang='grc' dir='ltr'>ἐπιγνῶναι</span> <span class='ocrx_word' id='word_1_546' title='bbox 3468 2652 3603 2722; x_wconf 76' lang='grc' dir='ltr'>έχω-</span> 
     </span>
    </p>
   </div>
   <div class='ocr_carea' id='block_1_73' title="bbox 2020 2741 3602 2818">
    <p class='ocr_par' dir='ltr' id='par_1_73' title="bbox 2020 2741 3602 2818">
     <span class='ocr_line' id='line_1_73' title="bbox 2020 2741 3602 2818; baseline -0.005 -16"><span class='ocrx_word' id='word_1_547' title='bbox 2020 2766 2104 2803; x_wconf 88' lang='grc' dir='ltr'><strong>σιν</strong></span> <span class='ocrx_word' id='word_1_548' title='bbox 2138 2750 2185 2802; x_wconf 79' lang='grc' dir='ltr'><strong>οί</strong></span> <span class='ocrx_word' id='word_1_549' title='bbox 2232 2748 2575 2813; x_wconf 83' lang='grc' dir='ltr'>πιστεύοντες</span> <span class='ocrx_word' id='word_1_550' title='bbox 2615 2746 2760 2818; x_wconf 80' lang='grc' dir='ltr'>αὐτῷ</span> <span class='ocrx_word' id='word_1_551' title='bbox 2815 2745 3123 2818; x_wconf 81' lang='grc' dir='ltr'>ἄνθρωποι,</span> <span class='ocrx_word' id='word_1_552' title='bbox 3164 2744 3252 2798; x_wconf 80' lang='grc' dir='ltr'><strong>διὰ</strong></span> <span class='ocrx_word' id='word_1_553' title='bbox 3298 2744 3394 2797; x_wconf 87' lang='grc' dir='ltr'><strong>τοῦ</strong></span> <span class='ocrx_word' id='word_1_554' title='bbox 3435 2741 3602 2796; x_wconf 74' lang='grc' dir='ltr'>αὑτοῦ</span> 
     </span>
    </p>
   </div>
   <div class='ocr_carea' id='block_1_74' title="bbox 2031 2831 3605 2909">
    <p class='ocr_par' dir='ltr' id='par_1_74' title="bbox 2031 2831 3605 2909">
     <span class='ocr_line' id='line_1_74' title="bbox 2031 2831 3605 2909; baseline -0.005 -16"><span class='ocrx_word' id='word_1_555' title='bbox 2031 2840 2250 2893; x_wconf 79' lang='grc' dir='ltr'>Ἡσαΐου</span> <span class='ocrx_word' id='word_1_556' title='bbox 2283 2840 2341 2892; x_wconf 89' lang='grc' dir='ltr'><strong>τὸ</strong></span> <span class='ocrx_word' id='word_1_557' title='bbox 2384 2837 2717 2909; x_wconf 83' lang='grc' dir='ltr'>προφητικὸν</span> <span class='ocrx_word' id='word_1_558' title='bbox 2770 2835 2991 2905; x_wconf 85' lang='grc' dir='ltr'>Πνεῦμα</span> <span class='ocrx_word' id='word_1_559' title='bbox 3022 2835 3097 2899; x_wconf 79' lang='grc' dir='ltr'>ὡς</span> <span class='ocrx_word' id='word_1_560' title='bbox 3134 2833 3318 2904; x_wconf 79' lang='grc' dir='ltr'>μέλλει</span> <span class='ocrx_word' id='word_1_561' title='bbox 3353 2831 3605 2902; x_wconf 86' lang='grc' dir='ltr'>γίνεσθαι</span> 
     </span>
    </p>
   </div>
   <div class='ocr_carea' id='block_1_75' title="bbox 2020 2922 3608 3004">
    <p class='ocr_par' dir='ltr' id='par_1_75' title="bbox 2020 2922 3608 3004">
     <span class='ocr_line' id='line_1_75' title="bbox 2020 2922 3608 3004; baseline -0.007 -18"><span class='ocrx_word' id='word_1_562' title='bbox 2020 2933 2426 3004; x_wconf 78' lang='grc' dir='ltr'>προεφήτευσεν</span> <span class='ocrx_word' id='word_1_563' title='bbox 2471 2929 2663 2993; x_wconf 75' lang='grc' dir='ltr'>οὕτως·</span> <span class='ocrx_word' id='word_1_564' title='bbox 2711 2946 2729 2978; x_wconf 85' lang='grc' dir='ltr'><strong>ι</strong></span> <span class='ocrx_word' id='word_1_565' title='bbox 2777 2926 2888 2981; x_wconf 79' lang='grc' dir='ltr'><strong>Καὶ</strong></span> <span class='ocrx_word' id='word_1_566' title='bbox 2937 2924 3231 2996; x_wconf 88' lang='grc' dir='ltr'>προσέθετο</span> <span class='ocrx_word' id='word_1_567' title='bbox 3266 2923 3477 2995; x_wconf 87' lang='grc' dir='ltr'>Κύριος</span> <span class='ocrx_word' id='word_1_568' title='bbox 3507 2922 3608 2975; x_wconf 78' lang='grc' dir='ltr'>λα-</span> 
     </span>
    </p>
   </div>
   <div class='ocr_carea' id='block_1_76' title="bbox 2019 3014 3606 3096">
    <p class='ocr_par' dir='ltr' id='par_1_76' title="bbox 2019 3014 3606 3096">
     <span class='ocr_line' id='line_1_76' title="bbox 2019 3014 3606 3096; baseline -0.005 -21"><span class='ocrx_word' id='word_1_569' title='bbox 2019 3023 2178 3096; x_wconf 77' lang='grc' dir='ltr'>λῆσαι</span> <span class='ocrx_word' id='word_1_570' title='bbox 2229 3023 2305 3093; x_wconf 79' lang='grc' dir='ltr'>τῷ</span> <span class='ocrx_word' id='word_1_571' title='bbox 2355 3020 2541 3092; x_wconf 78' lang='grc' dir='ltr'>Ἀχάζ,</span> <span class='ocrx_word' id='word_1_572' title='bbox 2593 3020 2783 3087; x_wconf 87' lang='grc' dir='ltr'>λέγων·</span> <span class='ocrx_word' id='word_1_573' title='bbox 2837 3017 3065 3089; x_wconf 75' lang='grc' dir='ltr'>Αἴτησον</span> <span class='ocrx_word' id='word_1_574' title='bbox 3110 3014 3323 3085; x_wconf 85' lang='grc' dir='ltr'>σεαυτῷ</span> <span class='ocrx_word' id='word_1_575' title='bbox 3376 3018 3606 3086; x_wconf 84' lang='grc' dir='ltr'>σημεῖον</span> 
     </span>
    </p>
   </div>
   <div class='ocr_carea' id='block_1_77' title="bbox 1944 3105 3605 3208">
    <p class='ocr_par' dir='ltr' id='par_1_77' title="bbox 1944 3105 3605 3208">
     <span class='ocr_line' id='line_1_77' title="bbox 1944 3105 3605 3208; baseline -0.008 -36"><span class='ocrx_word' id='word_1_576' title='bbox 1944 3152 1985 3208; x_wconf 78' lang='lat' dir='ltr'><strong><em>C</em></strong></span> <span class='ocrx_word' id='word_1_577' title='bbox 2022 3116 2170 3188; x_wconf 85' lang='grc' dir='ltr'><strong>παρά</strong></span> <span class='ocrx_word' id='word_1_578' title='bbox 2203 3115 2407 3187; x_wconf 82' lang='grc' dir='ltr'>Κυρίου</span> <span class='ocrx_word' id='word_1_579' title='bbox 2442 3112 2531 3167; x_wconf 83' lang='grc' dir='ltr'><strong>τοῦ</strong></span> <span class='ocrx_word' id='word_1_580' title='bbox 2563 3110 2693 3166; x_wconf 81' lang='grc' dir='ltr'>Θεοῦ</span> <span class='ocrx_word' id='word_1_581' title='bbox 2725 3127 2853 3173; x_wconf 89' lang='grc' dir='ltr'>σου,</span> <span class='ocrx_word' id='word_1_582' title='bbox 2896 3110 2976 3173; x_wconf 83' lang='grc' dir='ltr'><strong>είς</strong></span> <span class='ocrx_word' id='word_1_583' title='bbox 3011 3108 3205 3179; x_wconf 79' lang='grc' dir='ltr'>βάθος,</span> <span class='ocrx_word' id='word_1_584' title='bbox 3255 3108 3295 3208; x_wconf 43' lang='grc' dir='ltr'>ἢ.</span> <span class='ocrx_word' id='word_1_585' title='bbox 3326 3109 3409 3173; x_wconf 80' lang='grc' dir='ltr'><strong>είς</strong></span> <span class='ocrx_word' id='word_1_586' title='bbox 3445 3105 3605 3176; x_wconf 66' lang='grc' dir='ltr'>ὕψος.</span> 
     </span>
    </p>
   </div>
   <div class='ocr_carea' id='block_1_78' title="bbox 2020 3199 3610 3277">
    <p class='ocr_par' dir='ltr' id='par_1_78' title="bbox 2020 3199 3610 3277">
     <span class='ocr_line' id='line_1_78' title="bbox 2020 3199 3610 3277; baseline -0.008 -14"><span class='ocrx_word' id='word_1_587' title='bbox 2020 3210 2130 3264; x_wconf 75' lang='grc' dir='ltr'><strong>Καὶ</strong></span> <span class='ocrx_word' id='word_1_588' title='bbox 2174 3205 2325 3261; x_wconf 73' lang='grc' dir='ltr'>εἶπεν</span> <span class='ocrx_word' id='word_1_589' title='bbox 2367 3207 2552 3277; x_wconf 74' lang='grc' dir='ltr'><strong>Ἀχάζ·</strong></span> <span class='ocrx_word' id='word_1_590' title='bbox 2590 3204 2663 3257; x_wconf 85' lang='grc' dir='ltr'>Ού</span> <span class='ocrx_word' id='word_1_591' title='bbox 2702 3203 2774 3274; x_wconf 81' lang='grc' dir='ltr'>μὴ</span> <span class='ocrx_word' id='word_1_592' title='bbox 2809 3202 3047 3273; x_wconf 81' lang='grc' dir='ltr'>αἰτήσω,</span> <span class='ocrx_word' id='word_1_593' title='bbox 3083 3200 3202 3253; x_wconf 74' lang='grc' dir='ltr'>οὐδὲ</span> <span class='ocrx_word' id='word_1_594' title='bbox 3238 3199 3313 3270; x_wconf 84' lang='grc' dir='ltr'><strong>μὴ</strong></span> <span class='ocrx_word' id='word_1_595' title='bbox 3348 3200 3610 3272; x_wconf 77' lang='grc' dir='ltr'>πειράσω</span> 
     </span>
    </p>
   </div>
   <div class='ocr_carea' id='block_1_79' title="bbox 2019 3287 3610 3375">
    <p class='ocr_par' dir='ltr' id='par_1_79' title="bbox 2019 3287 3610 3375">
     <span class='ocr_line' id='line_1_79' title="bbox 2019 3287 3610 3375; baseline -0.009 -18"><span class='ocrx_word' id='word_1_596' title='bbox 2019 3304 2239 3375; x_wconf 80' lang='grc' dir='ltr'>Κύριον.</span> <span class='ocrx_word' id='word_1_597' title='bbox 2268 3302 2378 3355; x_wconf 69' lang='grc' dir='ltr'><strong>Καὶ</strong></span> <span class='ocrx_word' id='word_1_598' title='bbox 2407 3296 2556 3352; x_wconf 77' lang='grc' dir='ltr'>εἶπεν</span> <span class='ocrx_word' id='word_1_599' title='bbox 2584 3298 2825 3359; x_wconf 65' lang='grc' dir='ltr'>Ἡσαΐας</span> <span class='ocrx_word' id='word_1_600' title='bbox 2859 3292 3104 3347; x_wconf 81' lang='grc' dir='ltr'>Ἀκούετε</span> <span class='ocrx_word' id='word_1_601' title='bbox 3138 3292 3222 3364; x_wconf 85' lang='grc' dir='ltr'>δὴ,</span> <span class='ocrx_word' id='word_1_602' title='bbox 3252 3295 3281 3345; x_wconf 91' lang='grc' dir='ltr'><strong>ό</strong></span> <span class='ocrx_word' id='word_1_603' title='bbox 3314 3287 3465 3356; x_wconf 79' lang='grc' dir='ltr'>οἶκος</span> <span class='ocrx_word' id='word_1_604' title='bbox 3496 3296 3610 3344; x_wconf 82' lang='grc' dir='ltr'><strong>Δα-</strong></span> 
     </span>
    </p>
   </div>
   <div class='ocr_carea' id='block_1_80' title="bbox 2017 3381 3607 3463">
    <p class='ocr_par' dir='ltr' id='par_1_80' title="bbox 2017 3381 3607 3463">
     <span class='ocr_line' id='line_1_80' title="bbox 2017 3381 3607 3463; baseline -0.008 -18"><span class='ocrx_word' id='word_1_605' title='bbox 2017 3394 2137 3446; x_wconf 78' lang='grc' dir='ltr'>6ίδ’</span> <span class='ocrx_word' id='word_1_606' title='bbox 2175 3393 2266 3463; x_wconf 85' lang='grc' dir='ltr'><strong>Μὴ</strong></span> <span class='ocrx_word' id='word_1_607' title='bbox 2314 3390 2504 3463; x_wconf 86' lang='grc' dir='ltr'>μικρὸν</span> <span class='ocrx_word' id='word_1_608' title='bbox 2554 3390 2680 3459; x_wconf 86' lang='grc' dir='ltr'>ύμῖν</span> <span class='ocrx_word' id='word_1_609' title='bbox 2714 3385 2897 3454; x_wconf 83' lang='grc' dir='ltr'>ἀγῶνα</span> <span class='ocrx_word' id='word_1_610' title='bbox 2943 3384 3200 3453; x_wconf 89' lang='grc' dir='ltr'>παρέχειν</span> <span class='ocrx_word' id='word_1_611' title='bbox 3243 3381 3607 3453; x_wconf 75' lang='grc' dir='ltr'>ἀνθρώποιςς</span> 
     </span>
    </p>
   </div>
   <div class='ocr_carea' id='block_1_81' title="bbox 2017 3470 3610 3553">
    <p class='ocr_par' dir='ltr' id='par_1_81' title="bbox 2017 3470 3610 3553">
     <span class='ocr_line' id='line_1_81' title="bbox 2017 3470 3610 3553; baseline -0.009 -16"><span class='ocrx_word' id='word_1_612' title='bbox 2017 3484 2113 3538; x_wconf 68' lang='grc' dir='ltr'>καὶ</span> <span class='ocrx_word' id='word_1_613' title='bbox 2146 3484 2262 3546; x_wconf 81' lang='grc' dir='ltr'>πῶς</span> <span class='ocrx_word' id='word_1_614' title='bbox 2306 3481 2497 3553; x_wconf 80' lang='grc' dir='ltr'>Κυρίῳ</span> <span class='ocrx_word' id='word_1_615' title='bbox 2548 3478 2812 3548; x_wconf 87' lang='grc' dir='ltr'>παρέχετε</span> <span class='ocrx_word' id='word_1_616' title='bbox 2857 3474 3074 3544; x_wconf 82' lang='grc' dir='ltr'>ἀγῶνα;</span> <span class='ocrx_word' id='word_1_617' title='bbox 3110 3472 3207 3525; x_wconf 83' lang='grc' dir='ltr'>Διά</span> <span class='ocrx_word' id='word_1_618' title='bbox 3253 3472 3416 3525; x_wconf 87' lang='grc' dir='ltr'>τοῦτο</span> <span class='ocrx_word' id='word_1_619' title='bbox 3443 3470 3610 3524; x_wconf 80' lang='grc' dir='ltr'>δώσει</span> 
     </span>
    </p>
   </div>
   <div class='ocr_carea' id='block_1_82' title="bbox 2018 3565 3612 3647">
    <p class='ocr_par' dir='ltr' id='par_1_82' title="bbox 2018 3565 3612 3647">
     <span class='ocr_line' id='line_1_82' title="bbox 2018 3565 3612 3647; baseline -0.01 -16"><span class='ocrx_word' id='word_1_620' title='bbox 2018 3577 2220 3647; x_wconf 88' lang='grc' dir='ltr'>Κύριος</span> <span class='ocrx_word' id='word_1_621' title='bbox 2248 3573 2407 3637; x_wconf 78' lang='grc' dir='ltr'>αὐτὸς</span> <span class='ocrx_word' id='word_1_622' title='bbox 2440 3573 2567 3644; x_wconf 81' lang='grc' dir='ltr'>ὑμῖν</span> <span class='ocrx_word' id='word_1_623' title='bbox 2601 3572 2842 3640; x_wconf 87' lang='grc' dir='ltr'>σημεῖον.</span> <span class='ocrx_word' id='word_1_624' title='bbox 2868 3567 3000 3620; x_wconf 75' lang='grc' dir='ltr'>Ἰδοὺ</span> <span class='ocrx_word' id='word_1_625' title='bbox 3035 3568 3067 3637; x_wconf 79' lang='grc' dir='ltr'>ἡ</span> <span class='ocrx_word' id='word_1_626' title='bbox 3106 3565 3389 3635; x_wconf 86' lang='grc' dir='ltr'>Παρθένος</span> <span class='ocrx_word' id='word_1_627' title='bbox 3415 3567 3473 3617; x_wconf 83' lang='grc' dir='ltr'><strong>ἐν</strong></span> <span class='ocrx_word' id='word_1_628' title='bbox 3504 3581 3612 3632; x_wconf 90' lang='grc' dir='ltr'>γα-</span> 
     </span>
    </p>
   </div>
   <div class='ocr_carea' id='block_1_83' title="bbox 2019 3656 3613 3739">
    <p class='ocr_par' dir='ltr' id='par_1_83' title="bbox 2019 3656 3613 3739">
     <span class='ocr_line' id='line_1_83' title="bbox 2019 3656 3613 3739; baseline -0.009 -17"><span class='ocrx_word' id='word_1_629' title='bbox 2019 3669 2142 3739; x_wconf 75' lang='grc' dir='ltr'>στρὶ</span> <span class='ocrx_word' id='word_1_630' title='bbox 2197 3667 2445 3739; x_wconf 75' lang='grc' dir='ltr'>λήψεται,</span> <span class='ocrx_word' id='word_1_631' title='bbox 2494 3664 2587 3717; x_wconf 70' lang='grc' dir='ltr'><strong>καὶ</strong></span> <span class='ocrx_word' id='word_1_632' title='bbox 2620 3662 2831 3728; x_wconf 78' lang='grc' dir='ltr'>τέξεται</span> <span class='ocrx_word' id='word_1_633' title='bbox 2876 3662 3019 3723; x_wconf 79' lang='grc' dir='ltr'>υἱὸν,</span> <span class='ocrx_word' id='word_1_634' title='bbox 3055 3658 3151 3712; x_wconf 68' lang='grc' dir='ltr'><strong>καὶ</strong></span> <span class='ocrx_word' id='word_1_635' title='bbox 3202 3658 3498 3710; x_wconf 81' lang='grc' dir='ltr'>καλέσεται</span> <span class='ocrx_word' id='word_1_636' title='bbox 3546 3656 3613 3707; x_wconf 87' lang='grc' dir='ltr'><strong>τὸ</strong></span> 
     </span>
    </p>
   </div>
   <div class='ocr_carea' id='block_1_84' title="bbox 2018 3747 3613 3833">
    <p class='ocr_par' dir='ltr' id='par_1_84' title="bbox 2018 3747 3613 3833">
     <span class='ocr_line' id='line_1_84' title="bbox 2018 3747 3613 3833; baseline -0.012 -16"><span class='ocrx_word' id='word_1_637' title='bbox 2018 3763 2185 3833; x_wconf 73' lang='grc' dir='ltr'>ὄνομα</span> <span class='ocrx_word' id='word_1_638' title='bbox 2230 3758 2390 3814; x_wconf 84' lang='grc' dir='ltr'>αὑτοῦ</span> <span class='ocrx_word' id='word_1_639' title='bbox 2438 3755 2797 3830; x_wconf 77' lang='grc' dir='ltr'>Ἐμμανουήλ.</span> <span class='ocrx_word' id='word_1_640' title='bbox 2832 3753 3099 3823; x_wconf 86' lang='grc' dir='ltr'>Βούτυρον</span> <span class='ocrx_word' id='word_1_641' title='bbox 3142 3750 3237 3803; x_wconf 74' lang='grc' dir='ltr'><strong>καὶ</strong></span> <span class='ocrx_word' id='word_1_642' title='bbox 3275 3749 3400 3821; x_wconf 83' lang='grc' dir='ltr'>μέλι</span> <span class='ocrx_word' id='word_1_643' title='bbox 3435 3747 3613 3818; x_wconf 73' lang='grc' dir='ltr'>φάγε-</span> 
     </span>
    </p>
   </div>
   <div class='ocr_carea' id='block_1_85' title="bbox 2018 3838 3614 3924">
    <p class='ocr_par' dir='ltr' id='par_1_85' title="bbox 2018 3838 3614 3924">
     <span class='ocr_line' id='line_1_85' title="bbox 2018 3838 3614 3924; baseline -0.011 -16"><span class='ocrx_word' id='word_1_644' title='bbox 2018 3874 2104 3909; x_wconf 89' lang='grc' dir='ltr'><strong>ται</strong></span> <span class='ocrx_word' id='word_1_645' title='bbox 2135 3855 2263 3924; x_wconf 69' lang='grc' dir='ltr'>πρὶν</span> <span class='ocrx_word' id='word_1_646' title='bbox 2303 3853 2335 3924; x_wconf 83' lang='grc' dir='ltr'>ἢ</span> <span class='ocrx_word' id='word_1_647' title='bbox 2372 3852 2572 3920; x_wconf 82' lang='grc' dir='ltr'>γνῶναι</span> <span class='ocrx_word' id='word_1_648' title='bbox 2622 3848 2839 3918; x_wconf 82' lang='grc' dir='ltr'>αὑτὸνῆ</span> <span class='ocrx_word' id='word_1_649' title='bbox 2888 3843 3207 3917; x_wconf 83' lang='grc' dir='ltr'>προελέσθαι</span> <span class='ocrx_word' id='word_1_650' title='bbox 3238 3840 3483 3913; x_wconf 80' lang='grc' dir='ltr'>πονηρὰ,</span> <span class='ocrx_word' id='word_1_651' title='bbox 3509 3838 3614 3891; x_wconf 71' lang='grc' dir='ltr'><strong>καὶ</strong></span> 
     </span>
    </p>
   </div>
   <div class='ocr_carea' id='block_1_86' title="bbox 2022 3930 3615 4013">
    <p class='ocr_par' dir='ltr' id='par_1_86' title="bbox 2022 3930 3615 4013">
     <span class='ocr_line' id='line_1_86' title="bbox 2022 3930 3615 4013; baseline -0.011 -13"><span class='ocrx_word' id='word_1_652' title='bbox 2022 3945 2340 4012; x_wconf 74' lang='grc' dir='ltr'>ἐκλέξασθαι</span> <span class='ocrx_word' id='word_1_653' title='bbox 2376 3944 2484 4013; x_wconf 72' lang='lat'><strong>(8‘2)</strong></span> <span class='ocrx_word' id='word_1_654' title='bbox 2519 3943 2578 3995; x_wconf 85' lang='grc' dir='ltr'><strong>τὸ</strong></span> <span class='ocrx_word' id='word_1_655' title='bbox 2623 3938 2856 4008; x_wconf 87' lang='grc' dir='ltr'>ἀγαθόν’</span> <span class='ocrx_word' id='word_1_656' title='bbox 2892 3937 3024 3990; x_wconf 83' lang='grc' dir='ltr'>διότι</span> <span class='ocrx_word' id='word_1_657' title='bbox 3058 3935 3188 4006; x_wconf 70' lang='grc' dir='ltr'>πρὶν</span> <span class='ocrx_word' id='word_1_658' title='bbox 3219 3935 3253 4005; x_wconf 77' lang='grc' dir='ltr'>ἦ</span> <span class='ocrx_word' id='word_1_659' title='bbox 3296 3932 3502 4002; x_wconf 80' lang='grc' dir='ltr'>γνῶναι</span> <span class='ocrx_word' id='word_1_660' title='bbox 3547 3930 3615 3982; x_wconf 86' lang='grc' dir='ltr'><strong>τὸ</strong></span> 
     </span>
    </p>
   </div>
   <div class='ocr_carea' id='block_1_87' title="bbox 2020 4024 3618 4105">
    <p class='ocr_par' dir='ltr' id='par_1_87' title="bbox 2020 4024 3618 4105">
     <span class='ocr_line' id='line_1_87' title="bbox 2020 4024 3618 4105; baseline -0.01 -13"><span class='ocrx_word' id='word_1_661' title='bbox 2020 4038 2228 4092; x_wconf 80' lang='grc' dir='ltr'>παιδίον</span> <span class='ocrx_word' id='word_1_662' title='bbox 2248 4035 2492 4105; x_wconf 87' lang='grc' dir='ltr'>ἀγαθὸνῆ</span> <span class='ocrx_word' id='word_1_663' title='bbox 2510 4034 2696 4097; x_wconf 86' lang='grc' dir='ltr'>κακὸν,</span> <span class='ocrx_word' id='word_1_664' title='bbox 2711 4030 2927 4085; x_wconf 85' lang='grc' dir='ltr'>ἀπειθεῖ</span> <span class='ocrx_word' id='word_1_665' title='bbox 2947 4046 3079 4099; x_wconf 91' lang='grc' dir='ltr'>πονη</span> <span class='ocrx_word' id='word_1_666' title='bbox 3090 4027 3155 4099; x_wconf 85' lang='grc' dir='ltr'><strong>ρά</strong></span> <span class='ocrx_word' id='word_1_667' title='bbox 3170 4026 3329 4097; x_wconf 72' lang='lat'><strong>(82‘),</strong></span> <span class='ocrx_word' id='word_1_668' title='bbox 3347 4026 3439 4079; x_wconf 87' lang='grc' dir='ltr'><strong>τοῦ</strong></span> <span class='ocrx_word' id='word_1_669' title='bbox 3460 4024 3618 4078; x_wconf 74' lang='grc' dir='ltr'>ἐκλέο</span> 
     </span>
    </p>
   </div>
   <div class='ocr_carea' id='block_1_88' title="bbox 2021 4118 3615 4196">
    <p class='ocr_par' dir='ltr' id='par_1_88' title="bbox 2021 4118 3615 4196">
     <span class='ocr_line' id='line_1_88' title="bbox 2021 4118 3615 4196; baseline -0.008 -14"><span class='ocrx_word' id='word_1_670' title='bbox 2021 4129 2211 4196; x_wconf 80' lang='grc' dir='ltr'>ξασθαι</span> <span class='ocrx_word' id='word_1_671' title='bbox 2240 4128 2298 4181; x_wconf 89' lang='grc' dir='ltr'><strong>τὸ</strong></span> <span class='ocrx_word' id='word_1_672' title='bbox 2326 4126 2547 4196; x_wconf 88' lang='grc' dir='ltr'>ἀγαθόν.</span> <span class='ocrx_word' id='word_1_673' title='bbox 2580 4124 2723 4177; x_wconf 84' lang='grc' dir='ltr'>Διότι</span> <span class='ocrx_word' id='word_1_674' title='bbox 2757 4123 2884 4194; x_wconf 69' lang='grc' dir='ltr'>πρὶν</span> <span class='ocrx_word' id='word_1_675' title='bbox 2916 4122 2949 4194; x_wconf 82' lang='grc' dir='ltr'>ἢ</span> <span class='ocrx_word' id='word_1_676' title='bbox 2983 4119 3091 4191; x_wconf 78' lang='grc'><strong>(85)</strong></span> <span class='ocrx_word' id='word_1_677' title='bbox 3139 4118 3346 4187; x_wconf 81' lang='grc' dir='ltr'>γνῶναι</span> <span class='ocrx_word' id='word_1_678' title='bbox 3380 4118 3441 4171; x_wconf 90' lang='grc' dir='ltr'><strong>τὸ</strong></span> <span class='ocrx_word' id='word_1_679' title='bbox 3476 4135 3615 4171; x_wconf 86' lang='grc' dir='ltr'>παι-</span> 
     </span>
    </p>
   </div>
   <div class='ocr_carea' id='block_1_89' title="bbox 2019 4209 3621 4287">
    <p class='ocr_par' dir='ltr' id='par_1_89' title="bbox 2019 4209 3621 4287">
     <span class='ocr_line' id='line_1_89' title="bbox 2019 4209 3621 4287; baseline -0.008 -13"><span class='ocrx_word' id='word_1_680' title='bbox 2019 4222 2127 4274; x_wconf 81' lang='grc' dir='ltr'>δίον</span> <span class='ocrx_word' id='word_1_681' title='bbox 2156 4220 2336 4274; x_wconf 87' lang='grc' dir='ltr'>καλεῖν</span> <span class='ocrx_word' id='word_1_682' title='bbox 2368 4217 2631 4287; x_wconf 85' lang='grc' dir='ltr'>πατέραῆ</span> <span class='ocrx_word' id='word_1_683' title='bbox 2671 4214 2880 4286; x_wconf 85' lang='grc' dir='ltr'>μητέρα</span> <span class='ocrx_word' id='word_1_684' title='bbox 2900 4254 2913 4276; x_wconf 92' lang='grc'><strong>,</strong></span> <span class='ocrx_word' id='word_1_685' title='bbox 2944 4212 3173 4281; x_wconf 68' lang='grc' dir='ltr'>λήψεται</span> <span class='ocrx_word' id='word_1_686' title='bbox 3222 4209 3457 4281; x_wconf 83' lang='grc' dir='ltr'>δύναμιν</span> <span class='ocrx_word' id='word_1_687' title='bbox 3502 4212 3621 4262; x_wconf 77' lang='grc' dir='ltr'><strong>Δα-</strong></span> 
     </span>
    </p>
   </div>
   <div class='ocr_carea' id='block_1_90' title="bbox 2024 4304 3621 4386">
    <p class='ocr_par' dir='ltr' id='par_1_90' title="bbox 2024 4304 3621 4386">
     <span class='ocr_line' id='line_1_90' title="bbox 2024 4304 3621 4386; baseline -0.008 -19"><span class='ocrx_word' id='word_1_688' title='bbox 2024 4312 2229 4386; x_wconf 82' lang='grc' dir='ltr'>μασκοῦ</span> <span class='ocrx_word' id='word_1_689' title='bbox 2254 4312 2348 4366; x_wconf 69' lang='grc' dir='ltr'><strong>καὶ</strong></span> <span class='ocrx_word' id='word_1_690' title='bbox 2378 4310 2548 4364; x_wconf 79' lang='grc' dir='ltr'>σκῦλα</span> <span class='ocrx_word' id='word_1_691' title='bbox 2564 4306 2873 4379; x_wconf 85' lang='grc' dir='ltr'>Σαμαρείας</span> <span class='ocrx_word' id='word_1_692' title='bbox 2907 4306 3082 4360; x_wconf 77' lang='grc' dir='ltr'>ἔναντι</span> <span class='ocrx_word' id='word_1_693' title='bbox 3119 4304 3389 4374; x_wconf 82' lang='grc' dir='ltr'>βασιλέως</span> <span class='ocrx_word' id='word_1_694' title='bbox 3412 4305 3621 4356; x_wconf 79' lang='grc' dir='ltr'>Ἀσσυ-</span> 
     </span>
    </p>
   </div>
   <div class='ocr_carea' id='block_1_91' title="bbox 2025 4394 3620 4476">
    <p class='ocr_par' dir='ltr' id='par_1_91' title="bbox 2025 4394 3620 4476">
     <span class='ocr_line' id='line_1_91' title="bbox 2025 4394 3620 4476; baseline -0.006 -21"><span class='ocrx_word' id='word_1_695' title='bbox 2025 4404 2173 4476; x_wconf 88' lang='grc' dir='ltr'>ρίων.</span> <span class='ocrx_word' id='word_1_696' title='bbox 2227 4400 2338 4455; x_wconf 78' lang='grc' dir='ltr'><strong>Καὶ</strong></span> <span class='ocrx_word' id='word_1_697' title='bbox 2399 4398 2873 4470; x_wconf 76' lang='grc' dir='ltr'>καταληφθήσεται</span> <span class='ocrx_word' id='word_1_698' title='bbox 2931 4398 2965 4466; x_wconf 87' lang='grc' dir='ltr'>ἠ</span> <span class='ocrx_word' id='word_1_699' title='bbox 3016 4398 3085 4466; x_wconf 83' lang='grc' dir='ltr'>γῆ</span> <span class='ocrx_word' id='word_1_700' title='bbox 3118 4397 3184 4465; x_wconf 77' lang='grc' dir='ltr'>ἣν</span> <span class='ocrx_word' id='word_1_701' title='bbox 3236 4396 3301 4447; x_wconf 76' lang='grc' dir='ltr'><strong>σὺ</strong></span> <span class='ocrx_word' id='word_1_702' title='bbox 3353 4394 3620 4465; x_wconf 81' lang='grc' dir='ltr'>σκληρῶς</span> 
     </span>
    </p>
   </div>
   <div class='ocr_carea' id='block_1_92' title="bbox 350 4486 1918 4573">
    <p class='ocr_par' dir='ltr' id='par_1_92' title="bbox 350 4501 1915 4573">
     <span class='ocr_line' id='line_1_92' title="bbox 350 4501 1915 4573; baseline 0.001 -22"><span class='ocrx_word' id='word_1_703' title='bbox 350 4501 605 4569; x_wconf 85' lang='lat' dir='ltr'><strong>populum</strong></span> <span class='ocrx_word' id='word_1_704' title='bbox 651 4509 821 4563; x_wconf 90' lang='lat' dir='ltr'><strong>tuum,</strong></span> <span class='ocrx_word' id='word_1_705' title='bbox 858 4509 909 4552; x_wconf 87' lang='lat' dir='ltr'><strong>et</strong></span> <span class='ocrx_word' id='word_1_706' title='bbox 958 4514 1122 4568; x_wconf 89' lang='lat' dir='ltr'><strong>super</strong></span> <span class='ocrx_word' id='word_1_707' title='bbox 1155 4501 1374 4553; x_wconf 88' lang='lat' dir='ltr'><strong>domum</strong></span> <span class='ocrx_word' id='word_1_708' title='bbox 1426 4504 1594 4573; x_wconf 91' lang='lat' dir='ltr'><strong>patris</strong></span> <span class='ocrx_word' id='word_1_709' title='bbox 1640 4501 1739 4562; x_wconf 88' lang='lat' dir='ltr'><strong>tui,</strong></span> <span class='ocrx_word' id='word_1_710' title='bbox 1776 4501 1915 4562; x_wconf 84' lang='lat' dir='ltr'><strong>dies,</strong></span> 
     </span>
    </p>
   </div>
   <div class='ocr_carea' id='block_1_93' title="bbox 2085 4486 3623 4573">
    <p class='ocr_par' dir='ltr' id='par_1_93' title="bbox 2085 4486 3623 4561">
     <span class='ocr_line' id='line_1_93' title="bbox 2085 4486 3623 4561; baseline -0.005 -14"><span class='ocrx_word' id='word_1_711' title='bbox 2085 4512 2186 4558; x_wconf 76' lang='grc' dir='ltr'>ςεις</span> <span class='ocrx_word' id='word_1_712' title='bbox 2212 4494 2318 4547; x_wconf 86' lang='grc' dir='ltr'><strong>ἀπὸ</strong></span> <span class='ocrx_word' id='word_1_713' title='bbox 2351 4491 2641 4561; x_wconf 86' lang='grc' dir='ltr'>προσώπου</span> <span class='ocrx_word' id='word_1_714' title='bbox 2688 4489 2793 4542; x_wconf 85' lang='grc' dir='ltr'><strong>τῶν</strong></span> <span class='ocrx_word' id='word_1_715' title='bbox 2830 4488 2921 4541; x_wconf 90' lang='grc' dir='ltr'><strong>δύο</strong></span> <span class='ocrx_word' id='word_1_716' title='bbox 2964 4487 3247 4557; x_wconf 85' lang='grc' dir='ltr'>βασιλέων.</span> <span class='ocrx_word' id='word_1_717' title='bbox 3292 4486 3438 4538; x_wconf 80' lang='grc' dir='ltr'>Ἀλλ’</span> <span class='ocrx_word' id='word_1_718' title='bbox 3473 4486 3623 4539; x_wconf 78' lang='grc' dir='ltr'>ἐ.πά-</span> 
     </span>
    </p>
   </div>
   <div class='ocr_carea' id='block_1_94' title="bbox 348 4590 1919 4660">
    <p class='ocr_par' dir='ltr' id='par_1_94' title="bbox 348 4590 1919 4660">
     <span class='ocr_line' id='line_1_94' title="bbox 348 4590 1919 4660; baseline 0.001 -20"><span class='ocrx_word' id='word_1_719' title='bbox 348 4590 439 4657; x_wconf 86' lang='lat' dir='ltr'><strong>qui</strong></span> <span class='ocrx_word' id='word_1_720' title='bbox 473 4590 697 4645; x_wconf 90' lang='lat' dir='ltr'><strong>necdum</strong></span> <span class='ocrx_word' id='word_1_721' title='bbox 735 4601 1002 4644; x_wconf 87' lang='lat' dir='ltr'><strong>venerunt</strong></span> <span class='ocrx_word' id='word_1_722' title='bbox 1047 4605 1211 4658; x_wconf 87' lang='lat' dir='ltr'><strong>super</strong></span> <span class='ocrx_word' id='word_1_723' title='bbox 1249 4600 1319 4656; x_wconf 88' lang='lat' dir='ltr'><strong>te,</strong></span> <span class='ocrx_word' id='word_1_724' title='bbox 1349 4607 1378 4644; x_wconf 88' lang='lat' dir='ltr'><strong>a</strong></span> <span class='ocrx_word' id='word_1_725' title='bbox 1412 4593 1518 4656; x_wconf 87' lang='lat' dir='ltr'><strong>die,</strong></span> <span class='ocrx_word' id='word_1_726' title='bbox 1554 4608 1660 4660; x_wconf 91' lang='lat' dir='ltr'><strong>quo</strong></span> <span class='ocrx_word' id='word_1_727' title='bbox 1696 4590 1919 4645; x_wconf 88' lang='lat' dir='ltr'><strong>abstulit</strong></span> 
     </span>
    </p>
   </div>
   <div class='ocr_carea' id='block_1_95' title="bbox 352 4682 1916 4754">
    <p class='ocr_par' dir='ltr' id='par_1_95' title="bbox 352 4682 1916 4754">
     <span class='ocr_line' id='line_1_95' title="bbox 352 4682 1916 4754; baseline -0.001 -18"><span class='ocrx_word' id='word_1_728' title='bbox 352 4683 606 4754; x_wconf 77' lang='lat' dir='ltr'><strong>prraim</strong></span> <span class='ocrx_word' id='word_1_729' title='bbox 646 4699 675 4737; x_wconf 90' lang='lat' dir='ltr'><strong>a</strong></span> <span class='ocrx_word' id='word_1_730' title='bbox 713 4683 873 4747; x_wconf 81' lang='lat' dir='ltr'><strong>Juda,</strong></span> <span class='ocrx_word' id='word_1_731' title='bbox 921 4698 1102 4751; x_wconf 75' lang='lat' dir='ltr'><strong>regem</strong></span> <span class='ocrx_word' id='word_1_732' title='bbox 1146 4684 1493 4753; x_wconf 84' lang='lat' dir='ltr'><strong>Assyriorum</strong></span> <span class='ocrx_word' id='word_1_733' title='bbox 1538 4683 1604 4737; x_wconf 81' lang='grc'>⁸³.</span> <span class='ocrx_word' id='word_1_734' title='bbox 1636 4682 1916 4736; x_wconf 86' lang='lat' dir='ltr'><strong>Neminem</strong></span> 
     </span>
    </p>
   </div>
   <div class='ocr_carea' id='block_1_96' title="bbox 2026 4576 3621 4653">
    <p class='ocr_par' dir='ltr' id='par_1_96' title="bbox 2026 4576 3621 4653">
     <span class='ocr_line' id='line_1_96' title="bbox 2026 4576 3621 4653; baseline -0.006 -16"><span class='ocrx_word' id='word_1_735' title='bbox 2026 4586 2103 4653; x_wconf 79' lang='grc' dir='ltr'><strong>ξει</strong></span> <span class='ocrx_word' id='word_1_736' title='bbox 2133 4588 2159 4639; x_wconf 89' lang='grc' dir='ltr'><strong>ό</strong></span> <span class='ocrx_word' id='word_1_737' title='bbox 2199 4585 2330 4647; x_wconf 80' lang='grc' dir='ltr'>Θεὸς</span> <span class='ocrx_word' id='word_1_738' title='bbox 2364 4583 2458 4635; x_wconf 70' lang='grc' dir='ltr'>ὲπὶ</span> <span class='ocrx_word' id='word_1_739' title='bbox 2490 4583 2549 4635; x_wconf 83' lang='grc' dir='ltr'>σὲ</span> <span class='ocrx_word' id='word_1_740' title='bbox 2582 4581 2689 4651; x_wconf 73' lang='grc'><strong>(84)</strong></span> <span class='ocrx_word' id='word_1_741' title='bbox 2724 4580 2819 4634; x_wconf 73' lang='grc' dir='ltr'><strong>καὶ</strong></span> <span class='ocrx_word' id='word_1_742' title='bbox 2853 4579 2945 4632; x_wconf 74' lang='grc' dir='ltr'><strong>ἐπὶ</strong></span> <span class='ocrx_word' id='word_1_743' title='bbox 2974 4579 3063 4631; x_wconf 90' lang='grc' dir='ltr'><strong>τὸν</strong></span> <span class='ocrx_word' id='word_1_744' title='bbox 3097 4578 3225 4630; x_wconf 87' lang='grc' dir='ltr'>λαόν</span> <span class='ocrx_word' id='word_1_745' title='bbox 3250 4595 3347 4630; x_wconf 90' lang='grc' dir='ltr'><strong>σου</strong></span> <span class='ocrx_word' id='word_1_746' title='bbox 3384 4576 3478 4630; x_wconf 74' lang='grc' dir='ltr'>καὶ</span> <span class='ocrx_word' id='word_1_747' title='bbox 3514 4576 3621 4628; x_wconf 75' lang='grc' dir='ltr'><strong>ἐπὶ</strong></span> 
     </span>
    </p>
   </div>
   <div class='ocr_carea' id='block_1_97' title="bbox 2026 4671 3623 4746">
    <p class='ocr_par' dir='ltr' id='par_1_97' title="bbox 2026 4671 3623 4746">
     <span class='ocr_line' id='line_1_97' title="bbox 2026 4671 3623 4746; baseline -0.006 -13"><span class='ocrx_word' id='word_1_748' title='bbox 2026 4681 2116 4733; x_wconf 86' lang='grc' dir='ltr'><strong>τὸν</strong></span> <span class='ocrx_word' id='word_1_749' title='bbox 2138 4676 2283 4732; x_wconf 80' lang='grc' dir='ltr'>οἷκον</span> <span class='ocrx_word' id='word_1_750' title='bbox 2317 4676 2409 4730; x_wconf 84' lang='grc' dir='ltr'><strong>τοῦ</strong></span> <span class='ocrx_word' id='word_1_751' title='bbox 2440 4674 2645 4746; x_wconf 84' lang='grc' dir='ltr'>πατρός</span> <span class='ocrx_word' id='word_1_752' title='bbox 2681 4691 2776 4727; x_wconf 89' lang='grc' dir='ltr'><strong>σου</strong></span> <span class='ocrx_word' id='word_1_753' title='bbox 2811 4672 3046 4743; x_wconf 76' lang='grc' dir='ltr'>ἡμέρας,</span> <span class='ocrx_word' id='word_1_754' title='bbox 3078 4671 3135 4725; x_wconf 85' lang='grc' dir='ltr'>αἳ</span> <span class='ocrx_word' id='word_1_755' title='bbox 3168 4671 3388 4725; x_wconf 83' lang='grc' dir='ltr'>ούδέπω</span> <span class='ocrx_word' id='word_1_756' title='bbox 3406 4672 3623 4742; x_wconf 76' lang='grc' dir='ltr'>ἧκασιν</span> 
     </span>
    </p>
   </div>
   <div class='ocr_carea' id='block_1_98' title="bbox 487 4811 1918 4886">
    <p class='ocr_par' dir='ltr' id='par_1_98' title="bbox 487 4819 1918 4886">
     <span class='ocr_line' id='line_1_98' title="bbox 487 4819 1918 4886; baseline 0 -11"><span class='ocrx_word' id='word_1_757' title='bbox 487 4823 532 4856; x_wconf 76' lang='grc'><strong>⁸⁸</strong></span> <span class='ocrx_word' id='word_1_758' title='bbox 558 4839 615 4878; x_wconf 90' lang='lat' dir='ltr'><strong>n.</strong></span> <span class='ocrx_word' id='word_1_759' title='bbox 650 4821 736 4875; x_wconf 80' lang='grc'><strong>15.</strong></span> <span class='ocrx_word' id='word_1_760' title='bbox 816 4821 860 4852; x_wconf 79' lang='grc'>³⁸</span> <span class='ocrx_word' id='word_1_761' title='bbox 884 4819 988 4874; x_wconf 87' lang='lat' dir='ltr'><strong>lsa.</strong></span> <span class='ocrx_word' id='word_1_762' title='bbox 1010 4836 1124 4883; x_wconf 89' lang='grc' dir='ltr'>ι.ιιι,</span> <span class='ocrx_word' id='word_1_763' title='bbox 1150 4820 1205 4875; x_wconf 93' lang='lat'><strong>8.</strong></span> <span class='ocrx_word' id='word_1_764' title='bbox 1279 4823 1320 4853; x_wconf 73' lang='grc'><strong>³³</strong></span> <span class='ocrx_word' id='word_1_765' title='bbox 1349 4821 1449 4875; x_wconf 90' lang='lat' dir='ltr'><strong>lsa.</strong></span> <span class='ocrx_word' id='word_1_766' title='bbox 1486 4838 1582 4886; x_wconf 86' lang='lat' dir='ltr'><strong>vn,</strong></span> <span class='ocrx_word' id='word_1_767' title='bbox 1613 4820 1801 4876; x_wconf 73' lang='lat'><strong>10-15.</strong></span> <span class='ocrx_word' id='word_1_768' title='bbox 1880 4820 1918 4853; x_wconf 90' lang='grc'><strong>³²</strong></span> 
     </span>
    </p>
   </div>
   <div class='ocr_carea' id='block_1_99' title="bbox 2085 4811 2925 4886">
    <p class='ocr_par' dir='ltr' id='par_1_99' title="bbox 2094 4811 2925 4882">
     <span class='ocr_line' id='line_1_99' title="bbox 2094 4811 2925 4882; baseline -0.007 -11"><span class='ocrx_word' id='word_1_769' title='bbox 2094 4834 2213 4882; x_wconf 88' lang='lat' dir='ltr'><strong>vm,</strong></span> <span class='ocrx_word' id='word_1_770' title='bbox 2239 4818 2293 4871; x_wconf 69' lang='grc'><strong>4.</strong></span> <span class='ocrx_word' id='word_1_771' title='bbox 2375 4816 2419 4846; x_wconf 85' lang='grc'>³³</span> <span class='ocrx_word' id='word_1_772' title='bbox 2449 4814 2554 4869; x_wconf 86' lang='lat' dir='ltr'><strong>lsa.</strong></span> <span class='ocrx_word' id='word_1_773' title='bbox 2583 4829 2678 4876; x_wconf 86' lang='lat' dir='ltr'><strong>vn,</strong></span> <span class='ocrx_word' id='word_1_774' title='bbox 2717 4812 2803 4877; x_wconf 83' lang='grc'>16,</span> <span class='ocrx_word' id='word_1_775' title='bbox 2837 4811 2925 4865; x_wconf 73' lang='grc'><strong>17.</strong></span> 
     </span>
    </p>
   </div>
   <div class='ocr_carea' id='block_1_100' title="bbox 423 4937 1913 5014">
    <p class='ocr_par' dir='ltr' id='par_1_100' title="bbox 423 4937 1913 5014">
     <span class='ocr_line' id='line_1_100' title="bbox 423 4937 1913 5014; baseline -0.005 -19"><span class='ocrx_word' id='word_1_776' title='bbox 423 4941 534 5014; x_wconf 82' lang='grc'>(79)</span> <span class='ocrx_word' id='word_1_777' title='bbox 558 4939 723 5014; x_wconf 81' lang='grc' dir='ltr'><strong>Κατά</strong></span> <span class='ocrx_word' id='word_1_778' title='bbox 751 4957 802 4993; x_wconf 85' lang='grc' dir='ltr'><strong>τ.</strong></span> <span class='ocrx_word' id='word_1_779' title='bbox 831 4955 883 4993; x_wconf 84' lang='grc' dir='ltr'><strong>τ.</strong></span> <span class='ocrx_word' id='word_1_780' title='bbox 918 4940 990 4991; x_wconf 89' lang='grc' dir='ltr'><strong>Π.</strong></span> <span class='ocrx_word' id='word_1_781' title='bbox 1025 4937 1286 5014; x_wconf 40' lang='lat' dir='ltr'><strong>ﬁcta/11hr.</strong></span> <span class='ocrx_word' id='word_1_782' title='bbox 1331 4938 1455 5014; x_wconf 65' lang='lat' dir='ltr'><strong>Haec</strong></span> <span class='ocrx_word' id='word_1_783' title='bbox 1489 4939 1677 5014; x_wconf 68' lang='lat' dir='ltr'><strong>referri</strong></span> <span class='ocrx_word' id='word_1_784' title='bbox 1707 4938 1913 5014; x_wconf 81' lang='lat' dir='ltr'><strong>debent</strong></span> 
     </span>
    </p>
   </div>
   <div class='ocr_carea' id='block_1_101' title="bbox 352 5007 1916 5077">
    <p class='ocr_par' dir='ltr' id='par_1_101' title="bbox 352 5007 1916 5077">
     <span class='ocr_line' id='line_1_101' title="bbox 352 5007 1916 5077; baseline -0.004 -12"><span class='ocrx_word' id='word_1_785' title='bbox 352 5007 915 5073; x_wconf 53' lang='lat' dir='ltr'><strong>ad&#39;lnearnationetn,</strong></span> <span class='ocrx_word' id='word_1_786' title='bbox 936 5024 1095 5077; x_wconf 87' lang='lat' dir='ltr'><strong>quam</strong></span> <span class='ocrx_word' id='word_1_787' title='bbox 1126 5007 1396 5069; x_wconf 81' lang='lat' dir='ltr'><strong>Justinus,</strong></span> <span class='ocrx_word' id='word_1_788' title='bbox 1422 5008 1597 5062; x_wconf 83' lang='lat' dir='ltr'><strong>Patris</strong></span> <span class='ocrx_word' id='word_1_789' title='bbox 1632 5011 1916 5061; x_wconf 86' lang='lat' dir='ltr'><strong>voluntate</strong></span> 
     </span>
    </p>
   </div>
   <div class='ocr_carea' id='block_1_102' title="bbox 353 5078 1915 5146">
    <p class='ocr_par' dir='ltr' id='par_1_102' title="bbox 353 5078 1915 5146">
     <span class='ocr_line' id='line_1_102' title="bbox 353 5078 1915 5146; baseline -0.006 -9"><span class='ocrx_word' id='word_1_790' title='bbox 353 5086 549 5137; x_wconf 82' lang='lat' dir='ltr'><strong>factam</strong></span> <span class='ocrx_word' id='word_1_791' title='bbox 571 5083 749 5135; x_wconf 90' lang='lat' dir='ltr'><strong>dicere</strong></span> <span class='ocrx_word' id='word_1_792' title='bbox 784 5081 944 5142; x_wconf 91' lang='lat' dir='ltr'><strong>solet,</strong></span> <span class='ocrx_word' id='word_1_793' title='bbox 971 5090 1029 5131; x_wconf 90' lang='lat' dir='ltr'><strong>ut</strong></span> <span class='ocrx_word' id='word_1_794' title='bbox 1053 5078 1205 5144; x_wconf 75' lang='lat' dir='ltr'><strong>Apol.</strong></span> <span class='ocrx_word' id='word_1_795' title='bbox 1236 5095 1273 5141; x_wconf 87' lang='grc' dir='ltr'><strong>ι,</strong></span> <span class='ocrx_word' id='word_1_796' title='bbox 1310 5098 1361 5132; x_wconf 89' lang='grc' dir='ltr'><strong>ιι.</strong></span> <span class='ocrx_word' id='word_1_797' title='bbox 1383 5080 1451 5131; x_wconf 70' lang='grc'><strong>46</strong></span> <span class='ocrx_word' id='word_1_798' title='bbox 1475 5088 1527 5131; x_wconf 91' lang='lat' dir='ltr'><strong>et</strong></span> <span class='ocrx_word' id='word_1_799' title='bbox 1550 5078 1618 5132; x_wconf 82' lang='lat'><strong>65</strong></span> <span class='ocrx_word' id='word_1_800' title='bbox 1644 5094 1658 5140; x_wconf 91' lang='lat'><strong>;</strong></span> <span class='ocrx_word' id='word_1_801' title='bbox 1685 5078 1833 5146; x_wconf 79' lang='lat' dir='ltr'><strong>Apol.</strong></span> <span class='ocrx_word' id='word_1_802' title='bbox 1854 5093 1915 5135; x_wconf 86' lang='grc' dir='ltr'><strong>ιι.</strong></span> 
     </span>
    </p>
   </div>
   <div class='ocr_carea' id='block_1_103' title="bbox 354 5148 1918 5219">
    <p class='ocr_par' dir='ltr' id='par_1_103' title="bbox 354 5148 1918 5219">
     <span class='ocr_line' id='line_1_103' title="bbox 354 5148 1918 5219; baseline -0.007 -9"><span class='ocrx_word' id='word_1_803' title='bbox 354 5175 409 5210; x_wconf 93' lang='grc' dir='ltr'><strong>ιι.</strong></span> <span class='ocrx_word' id='word_1_804' title='bbox 425 5154 479 5219; x_wconf 85' lang='grc'>5,</span> <span class='ocrx_word' id='word_1_805' title='bbox 502 5152 709 5219; x_wconf 78' lang='lat' dir='ltr'><strong>Dialog.</strong></span> <span class='ocrx_word' id='word_1_806' title='bbox 731 5168 781 5203; x_wconf 90' lang='grc' dir='ltr'><strong>ιι.</strong></span> <span class='ocrx_word' id='word_1_807' title='bbox 802 5150 892 5211; x_wconf 69' lang='grc'><strong>24,</strong></span> <span class='ocrx_word' id='word_1_808' title='bbox 912 5150 1001 5211; x_wconf 80' lang='grc'><strong>48,</strong></span> <span class='ocrx_word' id='word_1_809' title='bbox 1021 5148 1109 5219; x_wconf 83' lang='grc'><strong>87.</strong></span> <span class='ocrx_word' id='word_1_810' title='bbox 1132 5149 1336 5205; x_wconf 87' lang='lat' dir='ltr'><strong>Similis</strong></span> <span class='ocrx_word' id='word_1_811' title='bbox 1356 5150 1645 5219; x_wconf 73' lang='lat' dir='ltr'><strong>verborum</strong></span> <span class='ocrx_word' id='word_1_812' title='bbox 1666 5158 1918 5202; x_wconf 87' lang='lat' dir='ltr'><strong>constru-</strong></span> 
     </span>
    </p>
   </div>
   <div class='ocr_carea' id='block_1_104' title="bbox 353 5218 1922 5290">
    <p class='ocr_par' dir='ltr' id='par_1_104' title="bbox 353 5218 1922 5290">
     <span class='ocr_line' id='line_1_104' title="bbox 353 5218 1922 5290; baseline -0.007 -10"><span class='ocrx_word' id='word_1_813' title='bbox 353 5226 483 5290; x_wconf 91' lang='lat' dir='ltr'><strong>ctio,</strong></span> <span class='ocrx_word' id='word_1_814' title='bbox 513 5223 592 5276; x_wconf 86' lang='lat' dir='ltr'><strong>vel</strong></span> <span class='ocrx_word' id='word_1_815' title='bbox 628 5218 998 5283; x_wconf 85' lang='lat' dir='ltr'><strong>librariorum,</strong></span> <span class='ocrx_word' id='word_1_816' title='bbox 1027 5218 1113 5271; x_wconf 87' lang='lat' dir='ltr'><strong>vel</strong></span> <span class='ocrx_word' id='word_1_817' title='bbox 1141 5219 1311 5288; x_wconf 91' lang='lat' dir='ltr'><strong>ipsius</strong></span> <span class='ocrx_word' id='word_1_818' title='bbox 1344 5218 1540 5290; x_wconf 79' lang='lat' dir='ltr'><strong>Justini</strong></span> <span class='ocrx_word' id='word_1_819' title='bbox 1578 5219 1922 5290; x_wconf 79' lang='lat' dir='ltr'><strong>properantis</strong></span> 
     </span>
    </p>
   </div>
   <div class='ocr_carea' id='block_1_105' title="bbox 356 5287 1924 5358">
    <p class='ocr_par' dir='ltr' id='par_1_105' title="bbox 356 5287 1924 5358">
     <span class='ocr_line' id='line_1_105' title="bbox 356 5287 1924 5358; baseline -0.003 -12"><span class='ocrx_word' id='word_1_820' title='bbox 356 5287 585 5355; x_wconf 84' lang='lat' dir='ltr'><strong>incuria,</strong></span> <span class='ocrx_word' id='word_1_821' title='bbox 618 5293 1070 5346; x_wconf 86' lang='lat' dir='ltr'><strong>animadvertitur</strong></span> <span class='ocrx_word' id='word_1_822' title='bbox 1103 5290 1154 5342; x_wconf 93' lang='lat' dir='ltr'><strong>in</strong></span> <span class='ocrx_word' id='word_1_823' title='bbox 1195 5291 1279 5344; x_wconf 89' lang='lat' dir='ltr'><strong>his</strong></span> <span class='ocrx_word' id='word_1_824' title='bbox 1316 5288 1494 5344; x_wconf 88' lang='lat' dir='ltr'><strong>verbis</strong></span> <span class='ocrx_word' id='word_1_825' title='bbox 1530 5305 1584 5340; x_wconf 89' lang='grc' dir='ltr'><strong>ιι.</strong></span> <span class='ocrx_word' id='word_1_826' title='bbox 1642 5289 1711 5342; x_wconf 88' lang='grc'><strong>86</strong></span> <span class='ocrx_word' id='word_1_827' title='bbox 1740 5307 1753 5341; x_wconf 84' lang='lat'><strong>2</strong></span> <span class='ocrx_word' id='word_1_828' title='bbox 1786 5287 1924 5358; x_wconf 87' lang='grc' dir='ltr'><strong>μετά</strong></span> 
     </span>
    </p>
   </div>
   <div class='ocr_carea' id='block_1_106' title="bbox 350 5357 1924 5446">
    <p class='ocr_par' dir='ltr' id='par_1_106' title="bbox 350 5357 1924 5446">
     <span class='ocr_line' id='line_1_106' title="bbox 350 5357 1924 5446; baseline -0.006 -27"><span class='ocrx_word' id='word_1_829' title='bbox 350 5366 409 5419; x_wconf 85' lang='grc' dir='ltr'><strong>τὸ</strong></span> <span class='ocrx_word' id='word_1_830' title='bbox 443 5362 822 5446; x_wconf 59' lang='grc' dir='ltr'>σταυρωθξψαι</span> <span class='ocrx_word' id='word_1_831' title='bbox 848 5357 1132 5446; x_wconf 47' lang='grc' dir='ltr'>,τοῦτονθν</span> <span class='ocrx_word' id='word_1_832' title='bbox 1147 5360 1372 5446; x_wconf 53' lang='grc' dir='ltr'>ἔνδοξον</span> <span class='ocrx_word' id='word_1_833' title='bbox 1406 5360 1567 5414; x_wconf 81' lang='grc' dir='ltr'>πάλιν</span> <span class='ocrx_word' id='word_1_834' title='bbox 1615 5357 1924 5429; x_wconf 82' lang='grc' dir='ltr'>παραγενή-</span> 
     </span>
    </p>
   </div>
   <div class='ocr_carea' id='block_1_107' title="bbox 353 5430 1382 5504">
    <p class='ocr_par' dir='ltr' id='par_1_107' title="bbox 353 5430 1382 5504">
     <span class='ocr_line' id='line_1_107' title="bbox 353 5430 1382 5504; baseline -0.004 -17"><span class='ocrx_word' id='word_1_835' title='bbox 353 5434 539 5504; x_wconf 91' lang='grc' dir='ltr'>σεσθαι</span> <span class='ocrx_word' id='word_1_836' title='bbox 572 5430 1018 5504; x_wconf 78' lang='grc' dir='ltr'>ἀποδεικνύουσιν</span> <span class='ocrx_word' id='word_1_837' title='bbox 1049 5430 1106 5483; x_wconf 78' lang='grc' dir='ltr'>αἱ</span> <span class='ocrx_word' id='word_1_838' title='bbox 1147 5431 1382 5504; x_wconf 63' lang='grc' dir='ltr'>Γραψαί.</span> 
     </span>
    </p>
   </div>
   <div class='ocr_carea' id='block_1_108' title="bbox 423 5498 1922 5576">
    <p class='ocr_par' dir='ltr' id='par_1_108' title="bbox 423 5498 1922 5576">
     <span class='ocr_line' id='line_1_108' title="bbox 423 5498 1922 5576; baseline -0.005 -19"><span class='ocrx_word' id='word_1_839' title='bbox 423 5503 534 5576; x_wconf 87' lang='grc'>(80)</span> <span class='ocrx_word' id='word_1_840' title='bbox 581 5505 939 5576; x_wconf 72' lang='grc' dir='ltr'>ᾋμαρτωλοὶ</span> <span class='ocrx_word' id='word_1_841' title='bbox 973 5498 1364 5576; x_wconf 54' lang='grc' dir='ltr'>ἐγεγόνειμεν.</span> <span class='ocrx_word' id='word_1_842' title='bbox 1407 5499 1497 5553; x_wconf 89' lang='lat' dir='ltr'><strong>Sic</strong></span> <span class='ocrx_word' id='word_1_843' title='bbox 1546 5498 1709 5553; x_wconf 86' lang='lat' dir='ltr'><strong>etiam</strong></span> <span class='ocrx_word' id='word_1_844' title='bbox 1759 5513 1922 5568; x_wconf 85' lang='lat' dir='ltr'><strong>supra</strong></span> 
     </span>
    </p>
   </div>
   <div class='ocr_carea' id='block_1_109' title="bbox 350 5570 1681 5649">
    <p class='ocr_par' dir='ltr' id='par_1_109' title="bbox 350 5570 1681 5649">
     <span class='ocr_line' id='line_1_109' title="bbox 350 5570 1681 5649; baseline -0.005 -22"><span class='ocrx_word' id='word_1_845' title='bbox 350 5570 553 5649; x_wconf 90' lang='grc' dir='ltr'><strong>ιι.</strong></span> <span class='ocrx_word' id='word_1_846' title='bbox 723 5570 932 5649; x_wconf 64' lang='grc' dir='ltr'>κακίας</span> <span class='ocrx_word' id='word_1_847' title='bbox 966 5576 1023 5649; x_wconf 73' lang='grc' dir='ltr'><strong>ἐν</strong></span> <span class='ocrx_word' id='word_1_848' title='bbox 1123 5572 1448 5649; x_wconf 76' lang='grc' dir='ltr'>γεγόναμεν.</span> <span class='ocrx_word' id='word_1_849' title='bbox 1647 5638 1681 5649; x_wconf 52' lang='grc' dir='ltr'><strong>ν</strong></span> 
     </span>
    </p>
   </div>
   <div class='ocr_carea' id='block_1_110' title="bbox 443 5638 1920 5716">
    <p class='ocr_par' dir='ltr' id='par_1_110' title="bbox 443 5638 1920 5716">
     <span class='ocr_line' id='line_1_110' title="bbox 443 5638 1920 5716; baseline -0.005 -17"><span class='ocrx_word' id='word_1_850' title='bbox 443 5643 535 5716; x_wconf 74' lang='grc'><strong>81)</strong></span> <span class='ocrx_word' id='word_1_851' title='bbox 574 5638 805 5716; x_wconf 16' lang='grc' dir='ltr'>ᾲἭχθη.</span> <span class='ocrx_word' id='word_1_852' title='bbox 846 5638 1107 5716; x_wconf 69' lang='lat' dir='ltr'><strong>_Legitni&#39;~_</strong></span> <span class='ocrx_word' id='word_1_853' title='bbox 1137 5638 1225 5716; x_wconf 25' lang='lat' dir='ltr'><strong>&#39;_i_n’_</strong></span> <span class='ocrx_word' id='word_1_854' title='bbox 1261 5638 1501 5716; x_wconf 76' lang='lat' dir='ltr'><strong>utroque</strong></span> <span class='ocrx_word' id='word_1_855' title='bbox 1565 5638 1750 5716; x_wconf 83' lang='lat' dir='ltr'><strong>codice</strong></span> <span class='ocrx_word' id='word_1_856' title='bbox 1815 5655 1920 5716; x_wconf 76' lang='lat' dir='ltr'><strong>rns.</strong></span> 
     </span>
    </p>
   </div>
   <div class='ocr_carea' id='block_1_111' title="bbox 351 5643 1921 5790">
    <p class='ocr_par' dir='ltr' id='par_1_111' title="bbox 351 5643 1921 5790">
     <span class='ocr_line' id='line_1_111' title="bbox 443 5643 1920 5721; baseline -0.005 -22"><span class='ocrx_word' id='word_1_857' title='bbox 443 5643 535 5716; x_wconf 76' lang='grc'><strong>81)</strong></span> <span class='ocrx_word' id='word_1_858' title='bbox 591 5643 669 5699; x_wconf 86' lang='grc' dir='ltr'><em>Ἤ</em></span> <span class='ocrx_word' id='word_1_859' title='bbox 713 5648 805 5713; x_wconf 87' lang='grc' dir='ltr'><strong>θη.</strong></span> <span class='ocrx_word' id='word_1_860' title='bbox 870 5643 1093 5709; x_wconf 67' lang='lat' dir='ltr'><strong>Legitur</strong></span> <span class='ocrx_word' id='word_1_861' title='bbox 1153 5644 1203 5693; x_wconf 84' lang='grc' dir='ltr'>ξιι</span> <span class='ocrx_word' id='word_1_862' title='bbox 1261 5649 1501 5721; x_wconf 44' lang='grc' dir='ltr'>,υιιθιιιια</span> <span class='ocrx_word' id='word_1_863' title='bbox 1565 5643 1750 5691; x_wconf 81' lang='lat' dir='ltr'><strong>codice</strong></span> <span class='ocrx_word' id='word_1_864' title='bbox 1816 5655 1920 5693; x_wconf 89' lang='lat' dir='ltr'><strong>ms.</strong></span> 
     </span>
     <span class='ocr_line' id='line_1_112' title="bbox 351 5643 1921 5790; baseline -0.006 -23"><span class='ocrx_word' id='word_1_865' title='bbox 351 5643 545 5785; x_wconf 55' lang='grc' dir='ltr'>ῆχθην.</span> <span class='ocrx_word' id='word_1_866' title='bbox 560 5663 915 5790; x_wconf 45' lang='grc' dir='ltr'>βιειιῇἰιιειρε</span> <span class='ocrx_word' id='word_1_867' title='bbox 933 5714 1072 5790; x_wconf 62' lang='lat' dir='ltr'><strong>vitiis</strong></span> <span class='ocrx_word' id='word_1_868' title='bbox 1093 5710 1227 5790; x_wconf 45' lang='lat' dir='ltr'><strong>LX}</strong></span> <span class='ocrx_word' id='word_1_869' title='bbox 1254 5719 1618 5775; x_wconf 65' lang='lat' dir='ltr'><strong>interpretum,</strong></span> <span class='ocrx_word' id='word_1_870' title='bbox 1640 5709 1921 5790; x_wconf 64' lang='lat' dir='ltr'><strong>legendum</strong></span> 
     </span>
    </p>
   </div>
   <div class='ocr_carea' id='block_1_112' title="bbox 354 5781 1925 5853">
    <p class='ocr_par' dir='ltr' id='par_1_112' title="bbox 354 5781 1925 5853">
     <span class='ocr_line' id='line_1_113' title="bbox 354 5781 1925 5853; baseline -0.004 -15"><span class='ocrx_word' id='word_1_871' title='bbox 354 5781 536 5839; x_wconf 60' lang='lat' dir='ltr'><strong>mouet</strong></span> <span class='ocrx_word' id='word_1_872' title='bbox 570 5786 623 5839; x_wconf 89' lang='lat' dir='ltr'><strong>in</strong></span> <span class='ocrx_word' id='word_1_873' title='bbox 661 5785 759 5839; x_wconf 83' lang='lat' dir='ltr'><strong>ltoc</strong></span> <span class='ocrx_word' id='word_1_874' title='bbox 792 5784 1001 5853; x_wconf 77' lang='lat' dir='ltr'><strong>Dialogi</strong></span> <span class='ocrx_word' id='word_1_875' title='bbox 1038 5784 1158 5837; x_wconf 81' lang='lat' dir='ltr'><strong>loco</strong></span> <span class='ocrx_word' id='word_1_876' title='bbox 1190 5781 1335 5849; x_wconf 71' lang='grc' dir='ltr'>ἣκει,</span> <span class='ocrx_word' id='word_1_877' title='bbox 1375 5790 1430 5833; x_wconf 85' lang='grc' dir='ltr'><strong>ιιι</strong></span> <span class='ocrx_word' id='word_1_878' title='bbox 1457 5793 1614 5847; x_wconf 71' lang='lat' dir='ltr'><strong>supra</strong></span> <span class='ocrx_word' id='word_1_879' title='bbox 1654 5795 1707 5832; x_wconf 90' lang='grc' dir='ltr'><strong>ιι.</strong></span> <span class='ocrx_word' id='word_1_880' title='bbox 1749 5781 1834 5843; x_wconf 78' lang='grc'><strong>15,</strong></span> <span class='ocrx_word' id='word_1_881' title='bbox 1872 5787 1925 5833; x_wconf 83' lang='lat' dir='ltr'><strong>et</strong></span> 
     </span>
    </p>
   </div>
   <div class='ocr_carea' id='block_1_113' title="bbox 2022 4927 3626 5000">
    <p class='ocr_par' dir='ltr' id='par_1_113' title="bbox 2022 4927 3626 5000">
     <span class='ocr_line' id='line_1_114' title="bbox 2022 4927 3626 5000; baseline -0.004 -12"><span class='ocrx_word' id='word_1_882' title='bbox 2022 4935 2176 5000; x_wconf 85' lang='lat' dir='ltr'><strong>Apol.</strong></span> <span class='ocrx_word' id='word_1_883' title='bbox 2215 4951 2255 4996; x_wconf 87' lang='grc' dir='ltr'>ι.</span> <span class='ocrx_word' id='word_1_884' title='bbox 2290 4950 2346 4986; x_wconf 88' lang='grc' dir='ltr'><strong>ιι.</strong></span> <span class='ocrx_word' id='word_1_885' title='bbox 2376 4933 2465 4987; x_wconf 81' lang='grc'><strong>51.</strong></span> <span class='ocrx_word' id='word_1_886' title='bbox 2505 4931 2609 4985; x_wconf 90' lang='lat' dir='ltr'><strong>Sed</strong></span> <span class='ocrx_word' id='word_1_887' title='bbox 2660 4930 2923 4984; x_wconf 85' lang='lat' dir='ltr'><strong>reclamat</strong></span> <span class='ocrx_word' id='word_1_888' title='bbox 2962 4927 3243 5000; x_wconf 83' lang='lat' dir='ltr'><strong>Tltirlbius</strong></span> <span class='ocrx_word' id='word_1_889' title='bbox 3285 4935 3342 4981; x_wconf 82' lang='lat' dir='ltr'><strong>et</strong></span> <span class='ocrx_word' id='word_1_890' title='bbox 3366 4928 3626 5000; x_wconf 79' lang='lat' dir='ltr'><strong>opponit</strong></span> 
     </span>
    </p>
   </div>
   <div class='ocr_carea' id='block_1_114' title="bbox 2020 4999 3623 5070">
    <p class='ocr_par' dir='ltr' id='par_1_114' title="bbox 2020 4999 3623 5070">
     <span class='ocr_line' id='line_1_115' title="bbox 2020 4999 3623 5070; baseline -0.006 -11"><span class='ocrx_word' id='word_1_891' title='bbox 2020 5006 2152 5059; x_wconf 86' lang='lat' dir='ltr'><strong>illud</strong></span> <span class='ocrx_word' id='word_1_892' title='bbox 2206 5003 2410 5069; x_wconf 81' lang='lat' dir='ltr'><strong>Dialogi</strong></span> <span class='ocrx_word' id='word_1_893' title='bbox 2456 5017 2604 5055; x_wconf 91' lang='lat' dir='ltr'><strong>num.</strong></span> <span class='ocrx_word' id='word_1_894' title='bbox 2636 5000 2705 5054; x_wconf 84' lang='lat'><strong>89</strong></span> <span class='ocrx_word' id='word_1_895' title='bbox 2749 5017 2763 5052; x_wconf 88' lang='lat'><strong>:</strong></span> <span class='ocrx_word' id='word_1_896' title='bbox 2802 5000 3067 5070; x_wconf 80' lang='grc' dir='ltr'>Προεῖπον</span> <span class='ocrx_word' id='word_1_897' title='bbox 3121 4999 3170 5050; x_wconf 79' lang='grc' dir='ltr'>οἱ</span> <span class='ocrx_word' id='word_1_898' title='bbox 3206 4999 3490 5070; x_wconf 71' lang='grc' dir='ltr'>προφῆται</span> <span class='ocrx_word' id='word_1_899' title='bbox 3521 4999 3623 5050; x_wconf 77' lang='grc' dir='ltr'>ὅτι</span> 
     </span>
    </p>
   </div>
   <div class='ocr_carea' id='block_1_115' title="bbox 2019 5068 3623 5144">
    <p class='ocr_par' dir='ltr' id='par_1_115' title="bbox 2019 5068 3623 5144">
     <span class='ocr_line' id='line_1_116' title="bbox 2019 5068 3623 5144; baseline -0.006 -14"><span class='ocrx_word' id='word_1_900' title='bbox 2019 5076 2126 5130; x_wconf 84' lang='grc' dir='ltr'><strong>ἀπὸ</strong></span> <span class='ocrx_word' id='word_1_901' title='bbox 2158 5074 2265 5127; x_wconf 81' lang='grc' dir='ltr'><strong>τῶν</strong></span> <span class='ocrx_word' id='word_1_902' title='bbox 2298 5068 2657 5144; x_wconf 35' lang='grc' dir='ltr'>ἀνομιῶν-τοῦ</span> <span class='ocrx_word' id='word_1_903' title='bbox 2708 5070 2837 5124; x_wconf 87' lang='grc' dir='ltr'>λαοῦ</span> <span class='ocrx_word' id='word_1_904' title='bbox 2859 5068 3300 5144; x_wconf 31' lang='grc' dir='ltr'>ζάχθήσεταιμείς</span> <span class='ocrx_word' id='word_1_905' title='bbox 3352 5068 3623 5144; x_wconf 59' lang='grc' dir='ltr'>θάνατον.</span> 
     </span>
    </p>
   </div>
   <div class='ocr_carea' id='block_1_116' title="bbox 2093 5138 3622 5215">
    <p class='ocr_par' dir='ltr' id='par_1_116' title="bbox 2093 5138 3622 5215">
     <span class='ocr_line' id='line_1_117' title="bbox 2093 5138 3622 5215; baseline -0.005 -16"><span class='ocrx_word' id='word_1_906' title='bbox 2093 5146 2203 5215; x_wconf 67' lang='grc'><strong>(89).)</strong></span> <span class='ocrx_word' id='word_1_907' title='bbox 2261 5138 2801 5215; x_wconf 34' lang='grc' dir='ltr'>Καὶίέκλεξξασθαι.</span> <span class='ocrx_word' id='word_1_908' title='bbox 2855 5138 2997 5215; x_wconf 69' lang='grc' dir='ltr'>Ιιιίιιι</span> <span class='ocrx_word' id='word_1_909' title='bbox 3059 5155 3111 5215; x_wconf 74' lang='grc' dir='ltr'><strong>ιι.</strong></span> <span class='ocrx_word' id='word_1_910' title='bbox 3289 5157 3304 5191; x_wconf 89' lang='lat'><strong>:</strong></span> <span class='ocrx_word' id='word_1_911' title='bbox 3369 5139 3622 5208; x_wconf 74' lang='grc' dir='ltr'>πονηρὰ,</span> 
     </span>
    </p>
   </div>
   <div class='ocr_carea' id='block_1_117' title="bbox 2024 5208 3401 5282">
    <p class='ocr_par' dir='ltr' id='par_1_117' title="bbox 2024 5208 3401 5282">
     <span class='ocr_line' id='line_1_118' title="bbox 2024 5208 3401 5282; baseline -0.007 -11"><span class='ocrx_word' id='word_1_912' title='bbox 2024 5208 2300 5282; x_wconf 79' lang='grc' dir='ltr'>ἐκλέξεται</span> <span class='ocrx_word' id='word_1_913' title='bbox 2334 5213 2394 5265; x_wconf 89' lang='grc' dir='ltr'><strong>τὸ</strong></span> <span class='ocrx_word' id='word_1_914' title='bbox 2427 5211 2649 5282; x_wconf 86' lang='grc' dir='ltr'>ἀγαθόν,</span> <span class='ocrx_word' id='word_1_915' title='bbox 2687 5209 2953 5282; x_wconf 79' lang='lat' dir='ltr'><strong>atqne_i_ta</strong></span> <span class='ocrx_word' id='word_1_916' title='bbox 2990 5208 3111 5282; x_wconf 77' lang='lat' dir='ltr'><strong>cod.</strong></span> <span class='ocrx_word' id='word_1_917' title='bbox 3151 5208 3401 5282; x_wconf 62' lang='lat' dir='ltr'><strong>Clarum.</strong></span> 
     </span>
    </p>
   </div>
   <div class='ocr_carea' id='block_1_118' title="bbox 2096 5276 3629 5355">
    <p class='ocr_par' dir='ltr' id='par_1_118' title="bbox 2096 5276 3629 5355">
     <span class='ocr_line' id='line_1_119' title="bbox 2096 5276 3629 5355; baseline -0.008 -16"><span class='ocrx_word' id='word_1_918' title='bbox 2096 5276 2231 5355; x_wconf 58' lang='lat'><strong>(822‘)</strong></span> <span class='ocrx_word' id='word_1_919' title='bbox 2280 5276 2537 5355; x_wconf 67' lang='grc' dir='ltr'>Ἀπειθεῖ</span> <span class='ocrx_word' id='word_1_920' title='bbox 2562 5281 2813 5355; x_wconf 45' lang='grc' dir='ltr'>πονηρά.</span> <span class='ocrx_word' id='word_1_921' title='bbox 2859 5277 3093 5355; x_wconf 49' lang='lat' dir='ltr'><strong>Bltrasis</strong></span> <span class='ocrx_word' id='word_1_922' title='bbox 3149 5278 3415 5355; x_wconf 76' lang='lat' dir='ltr'><strong>insolens.</strong></span> <span class='ocrx_word' id='word_1_923' title='bbox 3456 5276 3629 5355; x_wconf 60' lang='lat' dir='ltr'><strong>wol-</strong></span> 
     </span>
    </p>
   </div>
   <div class='ocr_carea' id='block_1_119' title="bbox 2028 5348 3627 5423">
    <p class='ocr_par' dir='ltr' id='par_1_119' title="bbox 2028 5348 3627 5423">
     <span class='ocr_line' id='line_1_120' title="bbox 2028 5348 3627 5423; baseline -0.009 -12"><span class='ocrx_word' id='word_1_924' title='bbox 2028 5348 2131 5411; x_wconf 74' lang='lat' dir='ltr'><strong>{ius</strong></span> <span class='ocrx_word' id='word_1_925' title='bbox 2167 5348 2486 5423; x_wconf 85' lang='lat' dir='ltr'><strong>reposuerat</strong></span> <span class='ocrx_word' id='word_1_926' title='bbox 2513 5349 3010 5423; x_wconf 47' lang='lat' dir='ltr'><strong>dmesiﬂepellit).</strong></span> <span class='ocrx_word' id='word_1_927' title='bbox 3039 5348 3109 5423; x_wconf 81' lang='lat' dir='ltr'><strong>Si_</strong></span> <span class='ocrx_word' id='word_1_928' title='bbox 3133 5350 3264 5423; x_wconf 62' lang='lat' dir='ltr'><strong>quid</strong></span> <span class='ocrx_word' id='word_1_929' title='bbox 3284 5358 3509 5423; x_wconf 63' lang='lat' dir='ltr'><strong>tnutare</strong></span> <span class='ocrx_word' id='word_1_930' title='bbox 3534 5348 3627 5423; x_wconf 70' lang='lat' dir='ltr'><strong>li-</strong></span> 
     </span>
    </p>
   </div>
   <div class='ocr_carea' id='block_1_120' title="bbox 2023 5417 3627 5489">
    <p class='ocr_par' dir='ltr' id='par_1_120' title="bbox 2023 5417 3627 5489">
     <span class='ocr_line' id='line_1_121' title="bbox 2023 5417 3627 5489; baseline -0.004 -10"><span class='ocrx_word' id='word_1_931' title='bbox 2023 5417 2479 5488; x_wconf 41' lang='lat' dir='ltr'><strong>ceretfmallem</strong></span> <span class='ocrx_word' id='word_1_932' title='bbox 2522 5438 2643 5474; x_wconf 83' lang='lat' dir='ltr'><strong>cum</strong></span> <span class='ocrx_word' id='word_1_933' title='bbox 2678 5420 2820 5475; x_wconf 75' lang='lat' dir='ltr'><strong>LXX</strong></span> <span class='ocrx_word' id='word_1_934' title='bbox 2864 5420 3039 5488; x_wconf 78' lang='lat' dir='ltr'><strong>legere</strong></span> <span class='ocrx_word' id='word_1_935' title='bbox 3086 5418 3307 5474; x_wconf 84' lang='grc' dir='ltr'>ἀπειθεῖ</span> <span class='ocrx_word' id='word_1_936' title='bbox 3346 5417 3627 5489; x_wconf 73' lang='grc' dir='ltr'>πονηρίᾳ.</span> 
     </span>
    </p>
   </div>
   <div class='ocr_carea' id='block_1_121' title="bbox 2030 5495 2401 5551">
    <p class='ocr_par' dir='ltr' id='par_1_121' title="bbox 2030 5495 2401 5551">
     <span class='ocr_line' id='line_1_122' title="bbox 2030 5495 2401 5551; baseline -0.011 0"><span class='ocrx_word' id='word_1_937' title='bbox 2030 5499 2127 5551; x_wconf 67' lang='lat' dir='ltr'><strong>lin.</strong></span> <span class='ocrx_word' id='word_1_938' title='bbox 2163 5495 2401 5549; x_wconf 72' lang='grc' dir='ltr'>ΡΑτιιοι..</span> 
     </span>
    </p>
   </div>
   <div class='ocr_carea' id='block_1_122' title="bbox 2102 5557 3633 5637">
    <p class='ocr_par' dir='ltr' id='par_1_122' title="bbox 2102 5557 3633 5637">
     <span class='ocr_line' id='line_1_123' title="bbox 2102 5557 3633 5637; baseline -0.009 -17"><span class='ocrx_word' id='word_1_939' title='bbox 2102 5565 2404 5637; x_wconf 15' lang='grc' dir='ltr'>(85)ᾲΔιότι</span> <span class='ocrx_word' id='word_1_940' title='bbox 2445 5562 2587 5637; x_wconf 60' lang='grc' dir='ltr'>πρὲις</span> <span class='ocrx_word' id='word_1_941' title='bbox 2620 5562 2726 5637; x_wconf 57' lang='grc' dir='ltr'>ἢ...</span> <span class='ocrx_word' id='word_1_942' title='bbox 2761 5557 3308 5637; x_wconf 56' lang='grc' dir='ltr'>κατι-(ληφθήσεται.</span> <span class='ocrx_word' id='word_1_943' title='bbox 3348 5557 3473 5637; x_wconf 47' lang='lat' dir='ltr'><strong>Hice</strong></span> <span class='ocrx_word' id='word_1_944' title='bbox 3490 5557 3633 5637; x_wconf 50' lang='lat' dir='ltr'><strong>hin-</strong></span> 
     </span>
    </p>
   </div>
   <div class='ocr_carea' id='block_1_123' title="bbox 2034 5625 3635 5699">
    <p class='ocr_par' dir='ltr' id='par_1_123' title="bbox 2034 5625 3635 5699">
     <span class='ocr_line' id='line_1_124' title="bbox 2034 5625 3635 5699; baseline -0.007 -9"><span class='ocrx_word' id='word_1_945' title='bbox 2034 5625 2401 5697; x_wconf 49' lang='lat' dir='ltr'><strong>tru‘sa&#39;fuisse,</strong></span> <span class='ocrx_word' id='word_1_946' title='bbox 2438 5625 2538 5686; x_wconf 81' lang='lat' dir='ltr'><strong>nec</strong></span> <span class='ocrx_word' id='word_1_947' title='bbox 2573 5625 2807 5685; x_wconf 35' lang='lat' dir='ltr'><strong>iu‘lsaia</strong></span> <span class='ocrx_word' id='word_1_948' title='bbox 2842 5625 3067 5699; x_wconf 81' lang='lat' dir='ltr'><strong>reperiri</strong></span> <span class='ocrx_word' id='word_1_949' title='bbox 3103 5629 3369 5699; x_wconf 84' lang='lat' dir='ltr'><strong>observat</strong></span> <span class='ocrx_word' id='word_1_950' title='bbox 3392 5627 3458 5681; x_wconf 79' lang='grc' dir='ltr'><strong>ιι.</strong></span> <span class='ocrx_word' id='word_1_951' title='bbox 3487 5625 3635 5681; x_wconf 71' lang='lat' dir='ltr'><strong>Ste-</strong></span> 
     </span>
    </p>
   </div>
   <div class='ocr_carea' id='block_1_124' title="bbox 2030 5697 3399 5777">
    <p class='ocr_par' dir='ltr' id='par_1_124' title="bbox 2030 5697 3399 5777">
     <span class='ocr_line' id='line_1_125' title="bbox 2030 5697 3399 5777; baseline -0.009 -15"><span class='ocrx_word' id='word_1_952' title='bbox 2030 5711 2267 5777; x_wconf 88' lang='lat' dir='ltr'><strong>phanus.</strong></span> <span class='ocrx_word' id='word_1_953' title='bbox 2304 5704 2531 5777; x_wconf 78' lang='lat' dir='ltr'><strong>Legitur</strong></span> <span class='ocrx_word' id='word_1_954' title='bbox 2558 5702 2624 5777; x_wconf 84' lang='lat' dir='ltr'><strong>_i_n</strong></span> <span class='ocrx_word' id='word_1_955' title='bbox 2659 5702 2846 5777; x_wconf 82' lang='lat' dir='ltr'><strong>Bi_bli_is</strong></span> <span class='ocrx_word' id='word_1_956' title='bbox 2881 5697 3399 5777; x_wconf 67' lang='grc' dir='ltr'>καταλειφθήσεται.</span> 
     </span>
    </p>
   </div>
   <div class='ocr_carea' id='block_1_125' title="bbox 2105 5769 3529 5848">
    <p class='ocr_par' dir='ltr' id='par_1_125' title="bbox 2105 5769 3529 5848">
     <span class='ocr_line' id='line_1_126' title="bbox 2105 5769 3529 5848; baseline -0.008 -18"><span class='ocrx_word' id='word_1_957' title='bbox 2105 5778 2214 5848; x_wconf 52' lang='grc'><strong>(84)</strong></span> <span class='ocrx_word' id='word_1_958' title='bbox 2259 5769 2517 5831; x_wconf 61' lang='grc' dir='ltr'>Ἑπῗσέ.</span> <span class='ocrx_word' id='word_1_959' title='bbox 2558 5772 2679 5827; x_wconf 71' lang='lat' dir='ltr'><strong>Haec</strong></span> <span class='ocrx_word' id='word_1_960' title='bbox 2719 5772 2854 5825; x_wconf 77' lang='lat' dir='ltr'><strong>infra</strong></span> <span class='ocrx_word' id='word_1_961' title='bbox 2896 5789 2949 5826; x_wconf 88' lang='grc' dir='ltr'><strong>ιι.</strong></span> <span class='ocrx_word' id='word_1_962' title='bbox 2987 5770 3076 5837; x_wconf 76' lang='lat'><strong>66,</strong></span> <span class='ocrx_word' id='word_1_963' title='bbox 3112 5784 3219 5824; x_wconf 86' lang='lat' dir='ltr'><strong>non</strong></span> <span class='ocrx_word' id='word_1_964' title='bbox 3253 5769 3529 5839; x_wconf 79' lang='lat' dir='ltr'><strong>leguntur.</strong></span> 
     </span>
    </p>
   </div>
  </div>
