3770 6502
453 365 512 418 71
1341 365 1397 422 S.
1438 365 1702 422 JUSTINI
1753 365 2164 424 PHILOSOPHI
2202 366 2291 423 ET
2332 367 2694 425 MARTYRIS

3582 367 3684 421 573

411 483 500 539 vel
537 482 606 537 ob
634 479 895 535 duritiam
937 484 1121 539 cordis
1168 484 1351 554 populi
1394 485 1566 540 vestri
1597 485 1848 541 similiter
1871 503 1985 541 esse

2179 503 2189 541 ι
2235 489 2432 561 Δανιὴλ
2469 489 2857 561 ὲξαιτήσωνται
2904 487 2937 560 ἢ
2985 485 3201 557 υίοὺςή
3248 483 3581 554 θυγατέρας,
3625 487 3683 535 οὐ

413 574 711 642 descripta.
759 572 940 642 Atque
980 575 1054 630 ita
1095 593 1216 632 sese
1263 591 1376 631 rem
1423 577 1627 631 habere
1670 577 1812 631 Deus
1848 580 1990 648 apud

415 666 753 722 Ezecltielem
799 669 1119 738 pronuntiat
1150 670 1202 723 in
1244 669 1361 724 haec
1386 669 1551 723 verba
1591 690 1603 724 :
1640 688 1658 721 ι
1698 669 1753 723 Si
1800 669 1912 724 Noe
1940 682 1995 724 et

412 754 584 813 Jacob
608 765 662 812 et
698 758 885 815 Daniel
919 760 1338 829 depoposcerint
1380 759 1461 814 vel
1496 759 1660 825 ﬁlius,
1693 758 1776 813 vel
1828 759 1994 826 tilias,

413 865 521 905 non
550 850 771 905 dabitur
802 853 883 907 eis
914 853 981 908 “.
1012 872 1032 906 ›
1062 853 1128 907 Ει
1156 853 1298 922 apud
1330 852 1526 908 Isaiam
1564 853 1615 904 in
1650 852 1788 906 hanc
1818 853 1993 921 ipsam

412 943 744 995 sententiam
786 942 860 997 ita
914 942 1158 1012 loquitur
1199 962 1212 997 :
1253 961 1271 993 ι
1314 942 1460 997 Dixit
1503 942 1765 996 Dominus
1807 944 1993 996 Deus:

412 1032 478 1086 Et
497 1028 863 1103 egredientur,
893 1043 948 1087 et
969 1033 1230 1086 videbunt
1250 1034 1491 1087 membra
1520 1032 1994 1101 praevaricatorum

411 1121 718 1178 hominum.
771 1123 985 1177 Vermis
1026 1138 1213 1177 eorum
1264 1138 1370 1176 non
1419 1124 1707 1185 morietur,
1759 1130 1814 1174 et
1853 1121 1995 1190 ignis

412 1230 599 1269 eorum
633 1231 737 1269 non
787 1215 1186 1284 exstinguetur,
1226 1225 1280 1268 et
1325 1224 1487 1268 erunt
1534 1214 1584 1267 in
1625 1213 1992 1283 spectaculum

410 1306 558 1358 omni
593 1307 742 1359 carni
781 1304 848 1359 ".
890 1323 910 1357 ι
950 1308 1293 1376 Quapropter
1322 1306 1463 1359 hanc
1493 1321 1642 1374 spem
1692 1319 1759 1358 ex
1796 1304 1993 1358 animis

410 1398 610 1451 vestris
641 1397 949 1453 recidentes
981 1398 1266 1451 elaborare
1295 1406 1532 1466 oportet,
1567 1406 1626 1450 ut
1652 1398 1996 1466 cognoscatis

336 1536 343 1539 ,
410 1504 646 1557 quanam
699 1489 786 1542 via
830 1490 899 1543 ad
947 1490 1329 1545 remissionem
1377 1499 1725 1559 peccatorum
1756 1496 1812 1543 et
1844 1503 1994 1556 spem

411 1580 753 1636 hereditatis
826 1582 1225 1650 promissorum
1296 1582 1566 1635 bonorum
1638 1580 1994 1651 perveniatis.

410 1673 529 1727 Alia
576 1683 757 1728 autem
809 1688 915 1727 non
970 1681 1074 1737 est,
1110 1674 1213 1727 nisi
1262 1674 1397 1741 ltazc,
1442 1683 1502 1728 ut
1533 1675 1675 1728 hunc
1714 1672 1993 1727 Christum

2102 579 2175 652 μὴ
2198 580 2479 653 δοθήσεται
2512 582 2711 644 αὐτοῖς.
2755 600 2772 632 ι
2812 580 2922 633 Kal.
2955 581 3013 633 ὲν
3047 578 3123 650 τῷ
3169 578 3369 648 Ἡσαΐᾳ
3403 578 3486 641 είς
3531 576 3687 629 τοῦτο

2098 670 2230 723 αὐτὸ
2264 670 2367 743 ἔφη
2400 670 2589 735 οὕτως’
2625 691 2643 723 ι
2686 668 2819 724 Εἷπε
2847 670 3050 742 Κύριος
3083 672 3112 723 ό
3149 668 3298 733 Θεός’
3335 669 3451 721 Καὶ
3476 665 3689 731 ἐξελεύ-

2100 778 2315 824 σονται,
2366 763 2460 817 καὶ
2498 761 2717 832 ὄψονται
2763 763 2832 816 τά
2877 762 3026 817 κῶλα
3076 761 3182 815 τῶν
3216 762 3689 833 παραϐεϐηκότων

2100 853 2420 925 ἀνθρώπων.
2481 856 2537 908 '0
2587 855 2695 928 γὰρ
2744 855 2960 926 σκώληξ
3006 854 3185 909 αὐτῶν
3237 856 3298 909 οὐ
3345 854 3687 925 τελευτήσει,

2101 946 2195 998 καὶ
2227 946 2288 999 τὸ
2315 945 2426 1018 πῦρ
2459 947 2638 1000 αὐτῶν
2670 947 2731 1000 οὐ
2782 948 3171 1020 σϐεσθήσεται,
3216 948 3312 1002 καὶ
3347 947 3569 1001 ἔσονται
3612 951 3690 1010 εἰς

2100 1035 2288 1105 ὅρασιν
2321 1036 2469 1107 πάσῃ
2498 1039 2680 1109 σαρκί.
2729 1057 2746 1109 ι
2797 1038 2883 1102 Ὡς
2928 1039 3191 1110 τεμόντας
3224 1039 3333 1109 (90)
3385 1039 3537 1109 ὑμᾶς
3584 1038 3693 1089 ἀπὸ

2099 1125 2207 1178 τῶν
2238 1126 2423 1198 ψυχῶν
2459 1128 2611 1199 ὑμῶν
2644 1129 2741 1201 τὴν
2784 1130 2972 1184 ἐλπίδα
3008 1130 3230 1201 ταύτην,
3270 1132 3581 1184 σπουδάσαι
3614 1132 3693 1183 δεῖ

2100 1217 2394 1285 ἐπιγνῶναι
2446 1219 2513 1273 δι’
2551 1216 2619 1293 ἦς
2669 1220 2789 1274 ὁδοῦ
2842 1222 3034 1290 ἄφεσις
3084 1223 3212 1293 ὑμῖν
3256 1222 3366 1274 τῶν
3405 1222 3691 1293 ἁμαρτιῶν

2101 1308 2425 1379 γενήσεται,
2481 1311 2575 1362 καὶ
2608 1310 2762 1375 ἐλπὶς
2794 1313 2891 1383 τῆς
2924 1313 3288 1387 κληρονομίας
3327 1313 3440 1365 τῶν
3485 1331 3691 1384 κατηγο

2102 1398 2378 1470 γελμένων
2422 1402 2659 1470 ἀγαθῶν.
2702 1404 2855 1456 Ἔστι
2888 1403 2932 1456 δ’
2966 1404 3067 1458 οὐκ
3117 1405 3250 1475 ἄλλη
3296 1405 3330 1477 ἢ
3380 1404 3563 1475 αῦτη,
3608 1406 3690 1457 ἶνα

2101 1489 2288 1545 τοῦτον
2329 1493 2422 1546 τὸν
2462 1495 2695 1566 Χριστὸν
2742 1496 3088 1565 ἐπιγνόντες,
3124 1499 3217 1550 καὶ
3258 1497 3588 1567 λουσάμενοι
3632 1499 3688 1549 τὸ

2104 1585 2244 1657 ὑπὲρ
2278 1587 2522 1655 ἀφέσεως
2553 1589 2837 1660 ἁμαρτιῶν
2871 1589 2961 1644 διά
2998 1591 3216 1644 Ἡσαΐου
3261 1591 3539 1663 κηρυχθὲν
3572 1591 3688 1642 λου.

2100 1676 2229 1748 τρὸν
2265 1675 2397 1748 (91),
2432 1678 2830 1749 ἀναμαρτήτως
2862 1678 3046 1732 λοιπὸν
3080 1676 3305 1751 ζήσητε.

413 1777 800 1837 agnoscentes,
849 1782 914 1821 ac
962 1766 1056 1820 illo
1108 1769 1173 1822 ad
1219 1778 1569 1838 peccatorum
1627 1765 2005 1823 remissionem
2042 1766 2340 1838 baptismo,
2402 1787 2560 1841 quem
2591 1772 2757 1825 lsaias
2787 1772 3125 1841 praedicavit,
3170 1773 3342 1829 abluti
3379 1774 3505 1828 sine
3567 1790 3688 1843 pec-

412 1870 535 1914 cato
561 1857 821 1929 deinceps
861 1860 1081 1914 vivatis.

482 1952 573 2006 45.
622 1952 726 2017 Qui
755 1953 895 2023 justi
934 1965 1057 2007 ante
1106 1953 1266 2023 legem
1311 1963 1357 2007 et
1396 1952 1491 2007 sub
1525 1955 1634 2024 lege
1664 1952 1985 2022 [uerunt,pet

2179 1945 2261 2000 45.
2299 1947 2409 2000 Kal
2450 1950 2478 2001 ό
2520 1948 2788 2021 Τρύφωνο
2825 1951 2888 2004 El
2924 1952 3017 2005 καὶ
3065 1951 3353 2020 ὲγκόπτειν
3387 1953 3535 2007 δοκῶ
3587 1958 3691 2009 τοῖς

414 2042 687 2098 Christum
727 2045 1093 2101 salvabuntur.
1139 2076 1206 2086 —-
1234 2045 1370 2100 Tum
1406 2045 1626 2117 Trypho
1673 2065 1686 2102 :
1722 2043 1860 2109 Etsi,
1914 2045 1997 2098 in-

412 2137 549 2205 quit,
585 2152 649 2191 ea
680 2137 868 2193 videor
902 2137 1275 2207 interpellare,
1301 2152 1422 2207 quae
1451 2138 1516 2191 ad
1548 2135 1993 2207 pertractandum

414 2229 723 2283 necessaria
765 2230 1051 2295 edisseris;
1086 2239 1316 2299 urgente
1361 2240 1542 2284 tamen
1577 2246 1639 2283 ea
1675 2228 1994 2297 quaestione,

410 2335 577 2388 quam
615 2320 737 2374 volo
774 2336 999 2390 ponere,
1041 2322 1125 2375 fac
1158 2322 1394 2392 primum
1431 2330 1490 2375 ut
1537 2335 1620 2373 me
1652 2319 1923 2388 perferas.

486 2412 624 2467 Tum
657 2428 759 2482 ego
792 2431 807 2468 :
855 2413 1132 2485 Quidquid
1179 2414 1449 2484 placuerit
1498 2415 1797 2482 interroga,
1838 2426 1897 2468 ut
1938 2417 1993 2468 in

413 2514 651 2560 utentem
688 2506 903 2574 veniet;
930 2522 1054 2561 nam
1096 2508 1262 2561 etiam
1288 2514 1410 2576 post
1449 2488 1878 2574 interrogata‘et
1912 2518 1997 2557 re-

414 2613 610 2666 spousa
655 2599 964 2653 orationem
1006 2613 1289 2653 resumere
1314 2596 1557 2652 conabor
1587 2606 1643 2649 et
1676 2594 1995 2657 absolvere.

484 2690 696 2745 Atille:
721 2691 816 2747 Dic
840 2691 970 2745 mihi
998 2690 1399 2760 igitur,inquit,
1425 2689 1520 2759 qui
1544 2690 1841 2744 secundum
1867 2702 1999 2758 prae-

414 2787 624 2856 scripta
647 2785 779 2854 legis
797 2768 1150 2855 per'Moysent
1176 2785 1437 2839 inStituta:
1459 2784 1735 2849 vixerunt,
1758 2795 1940 2837 utrum
1960 2782 1999 2839 ii

416 2894 591 2934 necne
618 2878 872 2934 similiter
896 2892 959 2933 ac
995 2875 1185 2942 Jacob,
1222 2877 1405 2931 Enoch
1432 2886 1487 2932 et
1516 2875 1630 2933 Noe
1664 2879 1719 2931 in
1750 2892 2001 2933 resurre-

418 2973 604 3025 ctione
631 2981 977 3025 mortuorum
1005 2970 1227 3024 vivent?

494 3062 648 3133 141
684 3062 749 3115 Et
770 3076 873 3132 ego
920 3062 985 3116 ad
1024 3061 1175 3115 illunt
1206 3081 1219 3117 :
1247 3062 1380 3118 Cum
1409 3076 1470 3116 ea
1505 3061 1726 3130 protuli,
1760 3060 2000 3132 Trypho,

418 3172 540 3225 qua:
571 3157 639 3209 ab
675 3154 958 3211 Ezechiele
992 3155 1135 3211 dicta
1179 3166 1308 3210 sunt
1344 3174 1358 3211 :
1397 3175 1415 3208 ι
1443 3156 1675 3209 Etiamsi
1716 3153 1851 3221 Noe,
1894 3154 2004 3208 Da-

417 3249 525 3304 niel
583 3260 639 3304 et
692 3247 863 3302 Jacob
905 3247 1045 3302 tilios
1083 3258 1138 3302 et
1199 3248 1337 3304 tilias
1392 3250 1770 3317 deprecentur,
1834 3246 1997 3302 mini-

420 3357 509 3398 me
539 3342 619 3396 eis
648 3356 967 3396 concessum
1009 3341 1100 3404 iri,
1137 3359 1156 3393 ι
1206 3343 1300 3397 sed
1346 3356 1445 3410 pro
1487 3355 1547 3394 se
1583 3355 1856 3411 quemque
1898 3355 1996 3394 sua

420 3437 595 3505 ipsius
633 3434 888 3490 videlicet
923 3435 1135 3505 justitia
1175 3435 1389 3490 salvum
1436 3435 1589 3503 fore;
1621 3449 1714 3491 eos
1755 3449 1995 3504 quoque,

421 3527 513 3597 qui
551 3527 848 3582 secundum
892 3528 1063 3596 legem
1093 3527 1297 3599 Moysis
1325 3530 1599 3595 vixerunt,
1633 3530 1812 3582 salvos
1845 3527 2001 3581 simi-

421 3621 546 3675 liter
580 3621 790 3675 l’uturos
823 3620 954 3678 dixi.
980 3618 1111 3674 Nam
1139 3636 1259 3689 quas
1294 3630 1489 3675 natura
1518 3620 1785 3690 praeclara
1819 3630 1874 3674 et
1912 3620 1998 3688 pia

421 3713 641 3780 etjusta
673 3722 901 3776 sunt,ea
933 3713 987 3765 in
1012 3711 1213 3782 Moysis
1243 3713 1358 3783 lege
1384 3714 1489 3779 his,
1522 3714 1614 3782 qui
1640 3713 1742 3783 legi
1776 3723 1999 3782 parent,

424 3806 673 3861 facienda
702 3805 1170 3873 prazscribuntur;
1195 3814 1250 3859 et
1279 3821 1399 3875 qua:
1439 3807 1506 3860 ad
1539 3805 1794 3861 duritiam
1819 3806 2002 3862 cordis

424 3899 605 3969 populi
634 3899 783 3966 jussa
813 3908 939 3954 sunt
963 3899 1272 3967 observari,
1303 3914 1365 3954 ea
1402 3899 1654 3954 similiter
1678 3901 2000 3969 pra-scripta

425 3999 577 4053 Sttttt,
607 4000 661 4044 et
699 3992 765 4043 ab
791 3992 900 4055 his,
923 3991 1014 4058 qui
1053 3990 1153 4045 sub
1186 3990 1308 4061 lege
1338 4000 1517 4054 erant,
1557 3990 1874 4046 observata.
1911 3989 2001 4045 Si-

426 4085 644 4149 quidem
682 4084 776 4153 qui
812 4098 875 4137 ea
916 4084 1215 4147 faciebant,
1249 4098 1369 4152 quae
1404 4083 1662 4138 universe
1707 4093 1762 4138 et
1805 4092 2003 4139 natura

427 4189 484 4232 et
514 4189 776 4249 perpetuo
799 4177 1056 4249 praeclara
1088 4188 1238 4240 sunt,
1268 4178 1303 4232 ii
1335 4180 1443 4233 Deo
1473 4179 1613 4249 grati
1644 4188 1794 4246 sunt,
1821 4190 1876 4235 et
1909 4196 2006 4250 per

428 4273 574 4329 hunc
606 4272 883 4328 Christum
913 4272 969 4326 in
1002 4273 1409 4329 resurrectione
1440 4273 1694 4329 similiter
1716 4290 1781 4329 ac
1815 4274 1874 4343 ii,
1908 4276 2003 4346 qui

429 4375 557 4421 ante
596 4381 691 4421 eos
713 4366 845 4433 justi
878 4363 1050 4431 fuere,
1080 4363 1213 4429 Noe,
1242 4364 1427 4421 Enoch
1451 4374 1507 4421 et
1530 4363 1725 4431 Jacob,
1750 4376 1805 4421 et
1835 4367 1880 4421 si
1906 4366 2004 4435 qui

427 4460 546 4522 alii,
578 4460 809 4514 salutem
842 4470 1246 4529 consequentur
1284 4472 1390 4513 una
1428 4473 1550 4513 cum
1593 4458 1683 4523 iis,
1712 4457 1804 4527 qui
1849 4460 2002 4516 hunc

426 4551 707 4606 Christum
736 4550 829 4606 Dei
854 4550 1052 4606 Filium
1080 4560 1383 4621 agnoscunt
1412 4590 1427 4616 ,
1452 4551 1544 4621 qui
1573 4561 1628 4607 et
1652 4562 1780 4608 ante
1809 4550 2003 4607 lucife-

2099 2038 2277 2106 λόγοις
2322 2039 2531 2105 τούτοις
2577 2037 2659 2107 οἷς
2699 2042 2877 2111 λέγεις
2924 2045 3241 2113 ἀναγκαίοις
3303 2041 3461 2099 οὖσιν
3514 2046 3691 2110 ἐξετα-

2100 2134 2314 2203 σθῆναι,
2352 2133 2463 2188 ἀλλ⁸
2490 2130 2582 2188 οὖν
2609 2137 3025 2207 κατεπείγοντος
3057 2137 3150 2190 τοῦ
3185 2140 3637 2210 ἐπερωτήματος,
3662 2142 3687 2193 ὃ

2097 2225 2347 2290 ἐξετάσαι
2382 2226 2660 2299 βούλομαι,
2697 2228 2930 2301 ἀνάσχου
2970 2247 3069 2301 μου
3104 2230 3339 2301 πρῶτον.

2168 2424 2357 2494 Κάγώ’
2406 2427 2544 2481 Ὅσα
2588 2426 2764 2498 βούλει
2812 2426 3065 2495 ἐξέταζε,
3115 2426 3190 2492 ὥς
3238 2446 3323 2481 σοι
3367 2429 3684 2500 ἐπέρχεται·

2099 2515 2211 2585 ἐγὼ
2256 2516 2364 2589 γὰρ
2407 2520 2501 2573 καὶ
2546 2520 2683 2589 μετά
2729 2518 2825 2584 τάς
2879 2520 3151 2585 ἐξετάσεις
3210 2521 3306 2573 καὶ
3364 2522 3691 2593 ἀποκρίσεις

2098 2610 2225 2672 τοὺς
2257 2608 2448 2677 λόγους
2481 2611 2883 2682 ἀναλαμϐάνειν
2918 2611 3246 2683 πειράσομαι
3282 2615 3377 2665 καὶ
3427 2614 3687 2686 πληροῦν.

2172 2703 2469 2767 Κάκεῖνος·
2507 2704 2642 2757 Είπὲ
2676 2700 2769 2759 οὖν
2807 2722 2930 2777 μοι,
2967 2705 3094 2776 ἔφη·
3141 2708 3191 2759 οἱ
3232 2706 3508 2778 ζήσαντες
3558 2710 3694 2763 κατά

2100 2796 2192 2849 τὸν
2235 2796 2395 2868 νόμον
2428 2796 2517 2849 τὸν
2568 2797 2920 2869 διαταχθέντα
2953 2798 3040 2851 διά
3070 2800 3384 2865 Μωῦσέως,
3435 2800 3691 2873 ζήσονται

2101 2888 2302 2959 ὁμοίως
2333 2887 2411 2959 τῷ
2444 2887 2641 2942 Ἰακὼϐ
2675 2891 2768 2942 καὶ
2800 2888 2876 2961 τῷ
2909 2889 3080 2960 Ἑνὼχ
3112 2890 3207 2944 καὶ
3239 2890 3318 2962 τῷ
3352 2891 3507 2959 Νῶε,
3546 2895 3605 2948 ἐν
3630 2897 3690 2965 τῇ

2102 2979 2210 3033 τῶν
2244 2980 2452 3053 νεκρῶν
2486 2982 2801 3046 ἀναστάσει,
2836 2982 2869 3053 ἢ
2905 2980 3001 3048 of);

2177 3072 2347 3142 Κάγὼ
2381 3072 2517 3146 πρὸς
2551 3073 2711 3127 αὐτόν
2732 3092 2744 3103 ·
2782 3074 3040 3138 Εἰπόντος
3076 3091 3198 3145 μου,
3232 3068 3277 3127 ὧ
3311 3074 3601 3146 ἄνθρωπε,
3636 3077 3695 3129 τὰ

2105 3167 2415 3239 λελεγμένα
2460 3165 2567 3220 ὑπὸ
2614 3164 2704 3218 τοῦ
2753 3164 3046 3237 Ἰεζεκιὴλ,
3095 3168 3175 3220 ὅτι
3230 3167 3375 3220 «κᾶν
3428 3168 3560 3222 Νῶε
3609 3171 3697 3223 καὶ

2106 3260 2306 3332 Δανιὴλ
2338 3259 2431 3313 καὶ
2478 3256 2672 3312 Ἰακὼϐ
2708 3258 3097 3330 ὲξαιτήσωνται
3146 3259 3293 3322 υἱοὺς
3327 3260 3422 3313 καὶ
3461 3261 3696 3329 θυγατέ-

2108 3371 2228 3427 ρας,
2264 3352 2325 3405 οὐ
2360 3350 2645 3420 δοθήσεται
2693 3350 2895 3415 αὐτοῖς,
2924 3369 2941 3401 ι
2982 3349 3094 3402 ἀλλ’
3128 3348 3356 3414 ἕκαστος
3405 3355 3477 3423 τῇ
3531 3354 3694 3407 αὐτο]

2102 3444 2411 3515 δικαιοσύνῃ
2444 3443 2684 3515 δηλονότι
2705 3443 3005 3514 σωθήσεται
3022 3442 3129 3515 (92)
3148 3459 3161 3472 '
3180 3443 3261 3496 ὅτι
3278 3443 3371 3497 καὶ
3392 3446 3530 3509 τοὺς
3564 3448 3701 3500 κατὰ

2104 3535 2196 3590 τὸν
2225 3536 2385 3605 νόμον
2403 3534 2496 3587 τοῦ
2532 3534 2809 3598 Μωῡσέως
2844 3534 3335 3605 πολιτευσαμένους
3363 3536 3583 3606 ὁμοίως
3602 3557 3700 3592 σω-

2106 3625 2365 3699 θήσεσθαι
2382 3623 2553 3681 εἷπον.
2578 3627 2687 3680 Καὶ
2706 3628 2813 3699 γὰρ
2836 3629 2892 3679 ὲν
2909 3626 2987 3698 τῷ
3010 3627 3285 3691 Μωῦσέως
3305 3629 3462 3701 νόμῳ
3496 3634 3573 3686 τὰ
3607 3632 3701 3701 φύ-

2109 3736 2192 3773 σει
2226 3717 2370 3772 καλά
2389 3718 2484 3772 καὶ
2509 3718 2706 3788 εὐσεϐῆ
2728 3718 2823 3771 καὶ
2856 3718 3045 3772 δίκαια
3075 3718 3503 3791 νενομοθέτηται
3530 3724 3705 3794 πράτ-

2106 3830 2219 3868 τειν
2252 3812 2377 3875 τοὺς
2410 3811 2770 3882 πειθομένους
2817 3811 3001 3874 αὐτοῖς
3037 3810 3145 3883 (95)
3170 3828 3182 3841 '
3220 3812 3314 3865 καὶ
3349 3814 3494 3884 πρὸς
3535 3817 3701 3886 σκλη-

2110 3904 2401 3977 ροκαρδίαν
2433 3903 2490 3956 δὲ
2521 3902 2612 3957 τοῦ
2646 3900 2776 3957 λαοῦ
2810 3902 3168 3972 διαταχθέντα
3214 3902 3464 3972 γίνεσθαι
3498 3908 3703 3978 ὁμοίως

2110 3994 2526 4067 ἀναγέγραπται
2552 4035 2566 4058 ,
2600 3994 2637 4049 ἃ
2669 3995 2763 4048 καὶ
2796 3994 3066 4067 ἔπραττον
3112 3996 3161 4048 oi
3209 3996 3315 4048 ὑπὸ
3361 3996 3459 4049 τὸν
3510 3999 3700 4071 νόμον.

2121 4089 2273 4141 Ἐπεὶ
2316 4086 2364 4141 οἳ
2410 4087 2477 4141 τὰ
2523 4087 2753 4141 καθόλου
2801 4087 2896 4140 καὶ
2943 4086 3102 4156 φύσει
3160 4088 3253 4141 καὶ
3330 4088 3530 4144 αἰώνια
3569 4094 3704 4148 καλὰ

2111 4180 2355 4244 ἐποίουν,
2392 4179 2676 4251 εὐάρεστοί
2730 4182 2837 4232 εἰσι
2883 4178 2959 4249 τῷ
3004 4179 3143 4249 Θεῷ,
3181 4180 3274 4233 καὶ
3308 4177 3395 4231 διὰ
3430 4178 3529 4232 τοῦ
3572 4180 3703 4249 Χρι-

2110 4273 2236 4327 στοῦ
2265 4274 2451 4327 τούτου
2487 4275 2543 4326 ὲν
2576 4276 2641 4345 τῇ
2676 4274 2969 4327 ἀναστάσει
3001 4273 3202 4343 ὁμοίως
3220 4275 3330 4336 τοῖς
3352 4274 3701 4344 προγενομέ-

2109 4383 2219 4429 νοις
2265 4366 2441 4420 αὐτῶν
2486 4365 2735 4431 δικαίοις,
2784 4364 2907 4417 Νῶε
2954 4366 3048 4418 καὶ
3107 4364 3276 4435 Ἑνὼχ
3320 4364 3419 4419 καὶ
3482 4366 3702 4427 Ἰακὼϐ,

2109 4459 2203 4514 καὶ
2248 4459 2303 4512 εί
2343 4477 2485 4523 τινες
2531 4459 2680 4513 ἄλλοι
2725 4458 3004 4527 γεγόνασι,
3043 4456 3378 4530 σωθήσονται
3429 4459 3534 4511 σὺν
3601 4463 3703 4521 τοῖς

2108 4554 2389 4624 ὲπιγνοῢσι
2436 4554 2526 4607 τὸν
2572 4554 2810 4624 Χριστὸν
2863 4551 3050 4606 τοῦτον
3102 4551 3209 4622 (94)
3246 4550 3337 4605 τοῦ
3372 4551 3511 4605 Θεοῦ
3556 4554 3702 4612 Tios,

428 4657 548 4698 rum
578 4656 633 4699 et
670 4645 849 4699 lunam
881 4652 1017 4710 erat,
1048 4652 1103 4699 et
1129 4659 1192 4698 ex
1228 4642 1315 4697 illa
1348 4645 1591 4700 Davidici
1630 4647 1849 4714 generis
1876 4646 1985 4700 Vir-

2208 4648 2303 4701 καὶ
2348 4647 2455 4719 πρὸ
2503 4647 2782 4720 ἑωσφόρον
2832 4647 2929 4701 κα)⁵
2962 4646 3192 4719 σελήνης
3224 4642 3316 4719 ἦν,
3348 4646 3447 4700 καὶ
3480 4646 3582 4703 διὰ
3614 4649 3703 4717 τῆς

506 4824 550 4855 ³⁸
578 4825 773 4879 Ezech.
794 4824 1009 4897 x1v,20.
1087 4825 1130 4857 ³⁸
1156 4822 1263 4880 lsa.
1294 4840 1444 4889 LXVI,
1486 4826 1579 4883 24.

432 5001 645 5056 recedit
671 5001 941 5070 Justinus,
973 5014 1027 5057 et
1058 5010 1162 5056 hoc
1206 5004 1327 5058 loco
1366 5001 1556 5058 Jacobi
1603 5018 1822 5068 nomen,
1870 5004 2015 5072 quod

432 5072 664 5127 fortasse
706 5074 848 5127 illius
902 5075 1218 5128 memoriam
1250 5090 1346 5142 pro
1396 5073 1536 5129 Jobo
1567 5074 1755 5137 subiit,
1790 5074 2013 5143 aptissi-

432 5161 584 5225 mum
607 5154 727 5197 erat
760 5147 826 5197 ad
855 5146 1208 5200 refellendam
1250 5143 1439 5201 Jacobi
1480 5154 1826 5216 posterorum
1860 5160 2014 5199 arro-

433 5224 756 5408 εέξὸιόῗφὸς
797 5285 1105 5355 τεμόντας.
1142 5285 1452 5356 Legendum
1487 5286 1702 5343 videtur
1752 5283 1891 5339 ὥστε
1926 5302 2014 5339 τε-

439 5375 476 5408 υ.
508 5374 636 5408 νταε

439 5374 745 5497 μοῖξῖῧςΑΙίί
773 5442 990 5497 quoque
1018 5426 1349 5483 ablutionem
1383 5428 1541 5482 istam
1571 5428 1638 5482 de
1665 5427 2013 5482 Christiano-

439 5515 557 5552 rum
596 5500 925 5566 baptismate
948 5508 1073 5552 sunt
1111 5499 1477 5568 interpretati,
1511 5509 1569 5552 ut
1596 5498 1857 5569 Cyprian.
1887 5506 2008 5552 adv.

435 5569 591 5627 Jud..
624 5584 661 5629 t.
695 5569 785 5621 ‘25.
824 5568 999 5623 Οττο.

510 5638 618 5711 (92)
655 5639 1011 5711 Σωθήσεται.
1054 5638 1209 5707 Legit
1246 5640 1325 5695 Cl.
1368 5638 1646 5696 Thirlhitts
1695 5640 2011 5711 δικαιοσὺνῃ

442 5709 786 5785 σωθήσεται,
796 5710 955 5785 δῆλον
990 5712 1090 5777 ὃτι,
1130 5712 1233 5778 vel,
1269 5712 1579 5784 δικαιοσύνῃ
1626 5713 1867 5785 δηλονότι
1903 5709 2009 5764 am-
2042 5726 2047 5733 '

442 5778 664 5851 θήσεται
686 5797 695 5810 '
731 5778 885 5848 δῆλον
918 5783 1016 5836 ὅτι.

2192 5002 2301 5073 (93)
2341 5000 2488 5067 Τοὺς
2532 4998 2920 5073 πειθομένους
2966 4993 3215 5073 αἰδῇ-οῖς.-
3247 4990 3345 5073 Vel
3378 4992 3700 5073 degentium

2121 5064 2293 5144 αὐτῷ,
2330 5072 2437 5135 vel,
2463 5064 2506 5125 si
2541 5064 2962 5144 ltihllvlltttltflllr,
2999 5064 3342 5144 ἱίΙιιάαὐτοίς
3378 5064 3701 5144 in_t_elligen-

2119 5132 2357 5198 ‹Ιιιιιι”ιιε
2398 5132 2499 5214 iis,
2531 5158 2665 5214 quas
2693 5137 3083 5214 praeripiuntur
3130 5136 3183 5189 in
3229 5134 3367 5204 lege.
3422 5132 3702 5204 Mox’pro

2116 5214 2360 5284 γίνεσθαι
2395 5212 2525 5284 legit
2550 5207 2676 5284 τινά
2706 5208 2788 5263 Cl.
2818 5207 3117 5284 Thirlbius.

2190 5285 2299 5357 (94)
2333 5274 2475 5336 Σὺφῗ
2495 5284 2620 5357 τοῖς
2646 5277 2974 5357 extremm}
3004 5275 3123 5357 tor_
3156 5274 3418 5357 Χριστὸν
3452 5274 3695 5357 ιτς-εἶτον,

2120 5344 2612 5419 111ιίι1ίὲπιγνοῦσι,
2630 5354 2696 5407 de
2717 5344 2783 5403 iis
2810 5349 3219 5417 intelligendum
3235 5349 3329 5419 qui
3346 5344 3697 5419 pOSlClAIl'isll

2122 5416 2424 5481 adventum
2454 5416 2623 5477 fuere.
2656 5422 2840 5489 Neque
2865 5420 3010 5472 enim
3051 5420 3188 5471 duos
3212 5416 3699 5489 ordinessalran-

2121 5501 2313 5551 dorum
2367 5495 2609 5548 instituit
2656 5484 2926 5551 Justinus.
2973 5502 3205 5557 quorum
3257 5486 3349 5539 alii
3409 5484 3694 5540 Christum

2121 5565 2500 5635 cognoverint,
2543 5565 2660 5619 sive
2718 5564 2769 5635 in
2811 5574 2936 5635 eum
2991 5557 3353 5635 crediderint,
3402 5558 3511 5635 alii
3560 5570 3692 5635 non;

2121 5626 2221 5692 nec
2271 5626 2567 5706 quidquam
2624 5632 2800 5701 magis
2850 5630 3084 5706 alienum
3118 5646 3147 5682 a
3184 5626 3548 5706 S._tnar_tyris
3605 5627 3697 5702 do-

2120 5699 2318 5773 r-trina',
2339 5699 2502 5773 quam
2528 5699 2805 5761 Christum
2832 5702 3113 5757 veteribus
3142 5699 3484 5770 patriarchis
3511 5699 3697 5766 cogni-

2121 5789 2231 5834 tum
2274 5792 2469 5845 negare
