3760 6492
161 346 242 402 575
1079 342 1426 399 DIALOGUS
1461 343 1605 400 CUM
1638 342 2017 399 TRYPHONE
2053 342 2323 401 JUDEO.

3282 344 3388 401 δτι

156 458 401 527 Παρθένου
446 456 654 527 ταύτης
715 455 814 527 τῆς
873 456 978 510 ἀπὸ
1028 457 1121 510 τοῦ
1167 457 1359 524 γένους
1404 456 1497 511 τοῦ
1543 457 1697 511 Δαόὶὲ

1867 473 1933 510 ne
1962 474 2093 512 caro
2119 458 2296 511 iactus
2318 456 2470 509 nasci
2497 455 2775 520 sustinuit,
2800 463 2860 510 ut
2882 470 2980 524 per
3007 456 3145 510 hanc
3168 456 3389 527 dispeu-

152 549 441 619 γεννηθῆναι
490 546 922 619 σαρκοποιηθεὶς
969 546 1285 617 ὑπέμεινεν,
1340 549 1430 602 ἵνα
1473 548 1561 602 διὰ
1605 548 1705 618 τῆς

151 641 424 711 οἰκονομίας
459 640 668 711 ταύτης
697 643 725 694 ό
754 640 1222 711 πονηρευσάμενος
1247 640 1342 711 τὴν
1374 640 1544 711 ἀρχὴν
1561 640 1701 709 ὄφις,

152 735 226 789 καὶ
255 734 297 786 οἱ
330 732 751 802 ὲξομοιωθέντες
786 730 931 802 αὐτῷ
962 730 1179 800 ἄγγελοι
1214 731 1576 792 καταλυθῶσι,
1612 731 1704 785 καὶ

151 826 409 886 ὀθάνατος
460 824 878 895 καταφρονηθῇ,
913 823 1005 875 καὶ
1054 824 1110 875 ὲν
1161 826 1227 893 τῇ
1280 822 1509 893 δευτέρᾳ
1540 820 1702 874 αὐτοῦ

146 916 221 969 τοῦ
267 915 496 987 Χριστοῦ
550 916 832 986 παρουσίᾳ
865 915 975 968 ἀπὸ
1016 914 1121 966 τῶν
1155 914 1518 966 πιστευόντων
1555 912 1704 983 αὐτῷ

146 1006 222 1059 καὶ
261 1005 569 1075 εὐαρέστως
617 1004 836 1069 ζώντων
898 1003 1169 1073 παύσηται
1229 1002 1431 1067 τέλεον,
1480 1001 1705 1072 ὕστερον

144 1095 311 1168 μηκέτ’
344 1096 437 1159 ὢν,
488 1097 623 1150 ὅταν
675 1098 724 1149 οἱ
773 1096 872 1165 μὲν
918 1097 996 1157 εἰς
1044 1094 1225 1164 κρίσιν
1272 1093 1365 1146 καὶ
1410 1095 1704 1165 καταδίκην

143 1187 217 1239 τοῦ
248 1189 405 1259 πυρὸς
439 1188 749 1250 ἀπαύστως
798 1185 1118 1249 κολάζεσθαι
1173 1184 1514 1255 πεμφθῶσιν,
1551 1188 1598 1238 οἱ
1648 1186 1705 1238 δὲ

143 1280 190 1330 ἐν
217 1278 441 1348 ἀπαθείᾳ
485 1278 603 1350 (95)
643 1278 740 1331 καὶ
774 1277 1051 1349 ἀφθαρσίᾳ
1084 1275 1179 1328 καὶ
1213 1275 1416 1346 ἀλυπίᾳ
1448 1276 1540 1327 καὶ
1573 1274 1707 1328 ἀθαο

142 1368 278 1437 vuig.
311 1367 571 1419 συνῶσιν.

196 1459 270 1512 46.
318 1459 439 1510 Ἐὰν
472 1457 531 1509 δέ
571 1473 721 1519 τινες
755 1455 849 1509 καὶ
900 1454 994 1508 νῦν
1040 1454 1139 1526 ζῇν
1181 1453 1475 1524 βούλωνται
1512 1453 1707 1522 φυλάσ-

140 1565 292 1611 σοντες
324 1547 387 1599 τα
421 1545 515 1598 διὰ
549 1543 842 1606 Μωῦσέως
874 1541 1251 1610 διαταχθέντα,
1288 1540 1381 1593 καὶ
1416 1538 1708 1592 πιστεύσω-

139 1659 207 1693 σιν
236 1640 319 1692 ἐπὶ
352 1637 541 1691 τοῦτον
577 1636 672 1688 τὸν
710 1632 1097 1705 σταυρωθέντα
1144 1631 1370 1703 Ἰησοῦν,
1394 1632 1705 1700 ἐπιγνόντες

141 1735 209 1785 ὅτι
251 1730 407 1793 αὑτός
464 1730 622 1780 ἐστιν
660 1728 688 1778 ὁ
720 1725 953 1795 Χριστὸς
987 1724 1080 1777 τοῦ
1114 1722 1269 1786 Θεοῦ,
1304 1724 1398 1775 καὶ
1431 1722 1580 1793 αὐτῷ
1616 1722 1703 1774 δέ-

1807 549 2074 601 sationem
2109 560 2339 614 serpens
2382 546 2492 609 ille,
2528 547 2617 614 qui
2667 547 2735 599 ab
2773 544 2934 600 initio
2967 545 3211 614 improbe
3247 548 3384 615 egit,

1806 648 1861 693 et
1888 637 2170 692 assimilati
2193 636 2243 691 ei
2272 637 2447 707 angeli
2476 636 2852 707 proﬂigentur,
2874 652 2936 690 ac
2965 651 3112 691 mors
3137 646 3387 691 contem-

1810 743 1994 796 natur,
2027 742 2083 787 et
2113 735 2165 786 in
2192 735 2429 787 secundo
2458 733 2630 802 ipsius
2654 732 2857 787 Christi
2895 734 3133 787 adventu
3167 734 3384 805 abibis,

1807 825 1899 892 qui
1946 824 1999 878 in
2046 839 2170 879 eum
2215 818 2463 888 credunt,
2495 833 2551 878 et
2583 825 2653 878 ita
2701 825 2895 879 vivunt
2924 835 2981 879 ut
3017 826 3065 878 ei
3111 825 3383 892 placeant,

1808 915 2022 984 penitus
2053 913 2309 978 facessat,
2342 930 2437 969 nec
2464 914 2576 982 jam
2610 916 2714 968 ulla
2750 916 2845 979 sit,
2875 930 2996 970 cum
3026 915 3119 967 alii
3157 917 3378 986 quidem

1808 1004 1860 1055 in
1919 1002 2187 1070 judicium
2239 1011 2293 1056 et
2350 1004 2862 1057 condemnationem
2922 1004 3062 1074 ignis
3119 1016 3384 1073 perpetu.)

1806 1095 2093 1148 cruciandi
2135 1097 2443 1160 mittentur,
2478 1095 2566 1148 alii
2608 1113 2737 1149 vero
2786 1096 3155 1165 perpessionis
3177 1108 3228 1152 et
3256 1114 3384 1151 cor-

1808 1186 2078 1252 ruptionis
2099 1196 2153 1239 et
2181 1186 2385 1239 doloris
2419 1198 2697 1253 expertem
2729 1195 2929 1240 statum
2969 1198 3132 1256 atque
3160 1188 3387 1243 immor-

1807 1275 2073 1329 talitatem
2109 1287 2533 1345 consequentur.

1875 1453 1965 1512 46.
2010 1454 2211 1520 Quieti:
2250 1454 2481 1525 Trypho,
2505 1474 2574 1509 an
2616 1456 2790 1511 salvus
2830 1459 2895 1510 sit
2936 1457 3151 1522 futurus
3191 1458 3236 1511 si
3265 1458 3383 1527 quis

1806 1546 1967 1614 legem
2001 1548 2287 1599 etiamnum
2316 1547 2571 1599 observet.
2602 1546 2800 1600 Probat
2831 1547 3076 1602 Justinus
3107 1567 3219 1602 eam
3246 1548 3406 1604 niliil'

1805 1638 1873 1689 ad
1890 1639 2160 1706 justitiam
2192 1638 2449 1705 conferre.
2479 1666 2549 1677 —
2573 1638 2629 1692 Si
2665 1640 2754 1707 qui
2797 1650 2978 1694 autem
3026 1656 3171 1694 nunc
3216 1641 3383 1693 etiam

1807 1727 1993 1780 vivere
2016 1725 2209 1789 velint,
2251 1725 2450 1795 Moysis
2480 1728 2723 1780 instituta
2761 1730 3050 1793 servando,
3078 1740 3129 1783 et
3154 1730 3385 1784 credant

132 1823 257 1873 δοται
298 1819 357 1871 τὸ
405 1821 599 1888 κρῖναι
654 1818 862 1878 πάντας
914 1812 1118 1877 ἁπλῶς,
1154 1814 1246 1867 καὶ
1280 1814 1444 1867 αὑτοῦ
1480 1817 1627 1866 ἐστιν
1662 1817 1693 1885 ἡ

1872 1819 2012 1870 hunc
2026 1816 2208 1870 Jesum
2229 1818 2572 1885 crucifixum,
2589 1828 3079 1889 agnoscenteseum
3099 1836 3218 1874 esse
3233 1820 3388 1875 Chri-

133 1913 317 1976 αἰώνιος
381 1910 665 1983 βασιλεία,
733 1907 985 1961 δύνανται
1048 1908 1143 1961 καὶ
1206 1905 1359 1961 αὐτοὶ
1424 1906 1697 1977 σωθῆναι;

133 2003 433 2058 ἐπυνθάνετό
471 2019 605 2073 μου.

183 2182 337 2252 Κάγὼ
384 2182 593 2235 πάλινο
635 2179 1049 2253 Συσκεψώμεθα
1094 2180 1335 2243 κάκεῖνο,
1372 2180 1419 2231 εί
1467 2178 1697 2243 ἔνεστιν,

130 2272 314 2341 ελεγον,
368 2271 682 2341 φυλάσσειν
751 2271 818 2325 τὰ
867 2271 954 2326 διὰ
1009 2269 1288 2333 Μωῦσέως
1339 2266 1700 2337 διαταχθέντα

130 2369 315 2419 ἅπαντα
331 2365 448 2420 νῦν.

181 2457 432 2519 Κάκεῖνος
450 2456 805 2526 ἀπεκρίνατο
826 2471 841 2486 '
867 2454 960 2510 Οὔ.
978 2455 1321 2525 Γνωρίζομεν
1338 2454 1444 2525 γὰρ
1460 2454 1541 2507 ὅτι
1568 2453 1697 2525 (96),

126 2547 183 2610 ὡς
223 2548 371 2620 ἔφης,
408 2546 540 2601 οὔτε
599 2546 877 2617 πρόϐατον
934 2546 1026 2601 τοῦ
1064 2548 1257 2617 Πάσχα
1291 2546 1398 2617 (97)
1434 2545 1698 2615 ἀλλαχόσε

125 2637 243 2691 θύειν
273 2639 528 2704 δυνατὸν,
566 2638 701 2691 οὔτε
749 2639 873 2701 τοὺς
919 2641 984 2710 τῇ
1036 2637 1259 2708 νηστείᾳ
1308 2635 1700 2699 κελευσθέντας

127 2731 509 2803 προσφέρεσθαι
532 2718 838 2802 χιμάρους,
857 2728 979 2782 οὔτε
1013 2730 1109 2793 τὰς
1142 2728 1308 2792 ἄλλας
1342 2728 1526 2791 ἁπλῶς
1560 2728 1702 2781 ἁπά-

127 2837 205 2885 σας
236 2824 579 2896 προσφοράς.

180 2916 528 2983 Κάγώ-Τίνα
578 2909 678 2969 οὖν
727 2913 763 2968 ἃ.
824 2910 1045 2967 δυνατόν
1080 2910 1189 2983 (98)
1224 2914 1341 2965 ἐστι
1386 2910 1698 2981 φυλάσσειν,

126 3009 415 3078 παρακαλῶ,
452 3009 592 3077 λέγε
634 3006 831 3069 αὐτός’
869 3004 1139 3077 πεισθήσῃ
1182 3005 1291 3077 γὰρ
1340 3005 1443 3069 ὅτι,
1483 3003 1559 3076 μὴ
1604 3021 1704 3073 φυ-

123 3102 305 3155 λάσσων
352 3102 439 3155 τά
468 3099 685 3155 αἰώνια
736 3095 1079 3168 δικαιώματά
1124 3097 1232 3169 (99)
1267 3113 1349 3160 τις
1395 3097 1429 3168 ἦ
1467 3095 1698 3168 πράξας,

127 3192 330 3263 σωθῆναι
363 3195 429 3245 ὲκ
464 3191 684 3254 παντὸς
718 3189 852 3259 ἔχει.

178 3368 424 3431 Κάκεῖνος
449 3384 464 3397 ·
500 3367 581 3419 Τὸ
608 3364 961 3429 σαϐϐατίζειν
975 3362 1139 3431 λέγω,
1173 3360 1265 3415 καὶ
1294 3360 1353 3413 τὸ
1376 3359 1562 3431 περιτέ
1573 3376 1699 3430 μνε-

125 3456 243 3519 σθαι,
275 3460 367 3512 καὶ
409 3460 472 3512 τὸ
508 3459 584 3512 τὰ
622 3457 852 3527 ἔμμηνα
902 3453 1212 3524 φυλάσσειν,
1249 3453 1342 3506 καὶ
1398 3453 1459 3505 τὸ
1508 3450 1698 3522 βαπτί-

125 3545 282 3611 ζεσθαι
315 3549 614 3621 ἁψάμενόν
651 3563 799 3611 τινος
842 3540 916 3599 ὧν
963 3545 1334 3616 ἀπηγόρευται
1386 3543 1491 3597 ὑπὸ
1537 3544 1699 3596 Μωῦ-

128 3640 257 3705 σὲως,
290 3644 321 3714 ἢ
361 3646 423 3695 ἐν
468 3640 750 3709 συνουσία
787 3637 862 3709 (ι)
898 3638 1208 3707 γενόμενον.

180 3732 333 3799 Κάγὼ
366 3732 543 3801 ἔφην·
619 3728 896 3799 Ἀϐραάμ,
948 3727 1043 3780 καὶ
1090 3727 1295 3789 Ἰσαάκ,
1345 3725 1438 3778 καὶ
1486 3722 1695 3787 Ἰακὼϐ,

126 3821 198 3872 καὶ
214 3823 344 3887 Νῶε,
363 3822 460 3875 καὶ
497 3819 655 3884 Ἰὼϐ,
676 3819 772 3871 καὶ
790 3818 996 3881 εἴτινες
1013 3816 1160 3871 ἄλλοι
1175 3817 1432 3886 γεγόνασι
1450 3816 1555 3886 πρὸ
1573 3813 1697 3867 τού-

124 3916 248 3983 τωνῆ
273 3916 409 3984 μετὰ
428 3913 672 3974 τούτους
689 3911 891 3981 ὁμοίως
908 3908 1285 3977 δίκαιοιδλέγω
1303 3908 1464 3962 δὲκαὶ
1482 3908 1697 3979 Σάρραν

125 4005 205 4074 τὴν
246 4011 478 4075 γυναῖκα
532 4003 637 4059 τοῦ
688 4002 960 4074 Ἀϐραάμ,
995 4001 1088 4055 καὶ
1133 4000 1427 4055 Ῥεϐέκκαν
1474 4000 1570 4071 τὴν
1603 3998 1695 4052 τοῦ

136 4096 310 4159 Ἰσαὰκ,
345 4099 443 4152 καὶ
492 4094 712 4166 Ῥαχὴλ
745 4095 845 4163 τὴν
878 4092 1219 4157 τοῦᾖιακὼϐ,
1256 4093 1350 4146 καὶ
1383 4093 1567 4155 Λείαν,
1603 4090 1697 4144 καὶ

125 4190 202 4254 τὰς
229 4190 413 4255 λοιπὰς
448 4191 635 4251 ἄλλοις
669 4188 768 4250 τὰς
801 4186 1075 4250 τοιαύτας,
1098 4186 1257 4257 μέχρι
1291 4188 1388 4257 τῆς
1420 4184 1694 4247 Μωῡσέως

122 4281 194 4333 τοῦ
225 4283 408 4337 πιστοῦ
446 4282 797 4354 θεράποντος
833 4280 1060 4350 μητρὸς,
1100 4278 1263 4349 μηδὲν
1295 4278 1497 4332 τούτων
1529 4275 1698 4347 φυλά-

124 4371 291 4438 ξαντας
324 4376 422 4446 (2),
461 4375 512 4426 εἰ
551 4370 809 4424 δοκοῦσιν
844 4369 972 4439 ὑμῖν
1008 4369 1382 4440 σωθήσεσθαι;

177 4463 275 4517 Καὶ
329 4467 359 4518 ό
420 4463 679 4536 Τρύφων
739 4460 1105 4531 ἁπεκρίνατο·
1156 4462 1231 4514 Οὐ
1296 4461 1695 4535 περιετέτμητο

134 4550 354 4626 Ἀϐραὰμ.
382 4556 484 4610 καὶ
518 4556 575 4608 οἱ
615 4554 739 4624 μετ’
774 4551 958 4616 αὐτόν;

124 4668 272 4788 διωῗ)
318 4672 417 4723 Ἐγ
457 4668 750 4735 ἀπαθείᾳ.
823 4665 1268 4736 Ριδαξροεὶιίοηειη
1322 4668 1591 4738 expungit
1626 4667 1693 4725 li.

175 4754 418 4788 eutamts.

158 4741 418 4794 letihantts.

145 4893 203 4929 τι.
243 4893 334 4934 ΕΙ).
374 4893 447 4934 ΡΑ
459 4896 633 4936 TBOL.

182 4950 281 5021 (97)
314 4954 638 5023 Πρόϐατον
691 4948 806 5023 τοᾷ
832 4946 1068 5023 ῌάσχαμ.
1116 4944 1271 5023 Pulsi
1296 4944 1695 5023 Hierosolymis

123 5016 272 5074 Judaei
302 5016 591 5090 jacturam
621 5020 886 5074 sacriﬁcii
924 5016 1091 5090 variis
1133 5017 1307 5090 modis
1336 5019 1548 5090 sarcire
1577 5027 1695 5069 teu-

124 5087 313 5145 labant;
349 5112 368 5144 ι
397 5093 510 5145 Per
534 5091 788 5156 diversa,
816 5087 1246 5158 inquitHilarius
1277 5088 1327 5141 in
1362 5088 1506 5142 Psal.
1538 5100 1692 5158 Lvttt,

126 5174 177 5211 n.
209 5160 286 5227 i2,
329 5164 580 5232 speciem
626 5155 928 5232 sacerdotii
963 5159 1117 5232 illius
1166 5158 1389 5232 legitimi
1437 5155 1695 5232 etholo-

125 5226 281 5286 causti
330 5226 385 5288 et
443 5230 900 5287 circumcisionis
961 5226 1307 5282 imitantur.)
1357 5229 1417 5282 S.
1473 5226 1692 5280 Phileas

130 5313 328 5371 martyr,
352 5306 603 5358 instante
636 5300 907 5371 Culciano
938 5298 1324 5371 praelecto,_ut
1351 5298 1548 5351 saltem
1578 5294 1690 5350 Deo

128 5366 483 5435 sacriﬁcaret,
532 5376 606 5424 ita
644 5366 962 5437 respondit}
996 5386 1014 5419 ι
1046 5369 1186 5421 Solis
1225 5366 1427 5422 Judmis
1488 5381 1693 5435 prince-

128 5452 252 5558 Rittm
304 5448 487 5498 luerat
536 5441 860 5495 sacrificare
900 5440 1009 5493 Deo
1040 5439 1135 5493 soli
1190 5440 1241 5492 in
1284 5437 1689 5506 Hierosolyma.

154 5506 460 5558 'uncmnmn
498 5520 740 5558 ηριτηιιιιί
780 5507 948 5558 Judaei
982 5512 1033 5558 in
1070 5508 1190 5558 aliis
1252 5508 1384 5558 locis
1417 5508 1688 5558 solemnia

154 5506 260 5563 iuuc
281 5527 460 5567 autem
498 5520 740 5581 peccant
780 5507 948 5563 Judaei
982 5512 1033 5562 in
1061 5508 1190 5581 aliis
1252 5508 1384 5562 locis
1417 5508 1688 5581 solemnia

130 5592 210 5646 sua
240 5576 603 5637 celebranies.
642 5600 662 5631 ι
698 5581 776 5633 De
804 5581 994 5632 iisdem
1055 5576 1113 5633 S.
1143 5580 1504 5646 Augustinus,
1531 5576 1623 5632 lib.
1651 5593 1689 5630 tt

130 5645 359 5717 καίσαρι,
392 5669 442 5708 c.
486 5655 572 5718 10,
628 5652 714 5706 sic
759 5651 1044 5717 loquitur:
1080 5667 1099 5700 ι
1125 5645 1318 5718 Eoset
1362 5664 1506 5702 nunc
1538 5648 1690 5718 ride-

131 5731 235 5787 mus
270 5723 387 5777 sine
426 5716 724 5779 sacrificiis
752 5716 1101 5780 remansisse.
1132 5719 1233 5772 nisi
1261 5717 1401 5772 forte
1430 5716 1573 5787 quod
1596 5732 1691 5782 per

130 5785 312 5846 Pascha
352 5796 645 5849 immolant
699 5803 885 5855 ovem,
916 5790 1015 5845 hoc
1061 5790 1113 5844 in
1158 5785 1690 5855 sacrilicio'depute-

1802 1918 1944 1961 suun
1971 1908 2085 1969 Dei,
2114 1908 2273 1976 eique
2293 1910 2476 1961 datum
2504 1924 2623 1962 esse
2647 1924 2835 1962 omnes
2866 1910 3089 1963 omnino
3111 1910 3385 1979 judicare,

1804 1999 2055 2068 illiusque
2088 2014 2211 2054 esse
2237 2014 2462 2068 regnum
2491 1999 2617 2052 illud
2644 2001 2784 2068 quod
2809 2009 3071 2055 aeternum
3097 2012 3213 2066 est;
3243 2017 3311 2055 an
3342 2002 3382 2058 ii

1802 2105 2018 2158 quoque
2042 2090 2177 2144 salvi
2201 2106 2319 2143 esse
2340 2091 2608 2159 possunt?
2641 2092 2715 2143 Ita
2752 2106 2837 2145 me
2875 2092 3380 2161 illeinterrogabat.

1877 2182 1948 2234 At
1979 2198 2081 2251 ego
2111 2197 2330 2234 rursum
2367 2200 2380 2235 :
2409 2182 2462 2234 Id
2496 2197 2735 2251 quoque,
2780 2182 3026 2251 inquam,
3060 2198 3164 2235 una
3191 2185 3380 2238 consi-

1800 2272 2073 2338 deremus,
2106 2289 2171 2326 an
2219 2288 2363 2326 nunc
2411 2273 2571 2327 liceat
2620 2276 2805 2328 omnia
2848 2290 3091 2337 servare,
3125 2291 3245 2343 qua:
3284 2291 3382 2344 per

1801 2360 2039 2431 Moysem
2071 2361 2387 2430 prmscripta
2417 2371 2567 2416 sunt.

1870 2452 2173 2520 Respondit
2197 2454 2288 2508 ille
2316 2470 2329 2506 :
2362 2451 2713 2521 Nequaquam
2789 2450 3155 2520 Aguoscimus
3201 2452 3369 2517 enim,

1802 2545 2257 2611 quemadmodum
2309 2545 2528 2606 dixisti,
2565 2558 2668 2597 nec
2727 2558 2924 2611 agnum
2973 2544 3194 2597 Paschte
3242 2543 3374 2599 alibi

1803 2636 2067 2689 immolari
2092 2652 2272 2705 posse,
2302 2653 2401 2692 nec
2429 2637 2613 2691 hircos
2646 2636 2697 2689 in
2727 2634 2934 2704 jejunio
2957 2637 3141 2705 jussos
3166 2635 3375 2702 oli'erri,

1802 2744 1901 2783 nec
1927 2739 2155 2783 cmteras
2182 2744 2373 2783 omnes
2401 2730 2628 2784 omnino
2658 2712 2983 2783 oblationes.

1872 2902 2009 2956 Tum
2034 2902 2460 2971 egonutBnam
2517 2918 2647 2973 ergo
2692 2904 2780 2956 illa
2826 2904 2957 2967 sint,
2986 2919 3105 2972 quae
3161 2905 3375 2972 possint

1801 2993 2110 3054 observari,
2162 2992 2298 3060 ipse,
2348 3005 2558 3059 quaeso,
2612 2991 2876 3044 edissere.
2908 2988 3029 3042 Tibi
3068 2990 3211 3042 enim
3247 3004 3375 3057 per-

1803 3099 2027 3137 suasum
2046 3082 2150 3136 erit
2181 3097 2342 3151 posse
2375 3082 2632 3150 aliquem,
2664 3097 2770 3136 non
2795 3082 3101 3135 observatis
3121 3096 3218 3134 nec
3250 3094 3377 3150 per-

1717 3186 1758 3243 c
1793 3175 1953 3230 lectis
1997 3175 2220 3229 aeternis
2252 3172 2483 3241 iustitia:
2538 3174 2849 3242 przeceptis,
2879 3173 3109 3226 salutem
3154 3173 3379 3226 omnino

1800 3281 2038 3321 COIISCGU
2048 3284 2061 3319 1
2071 3304 2086 3319 υ

1870 3282 1963 3321 use
2009 3282 2086 3319 ιιι.

1869 3358 1939 3411 At
1964 3282 2055 3410 iile
2086 3356 2363 3411 :Sabbata
2404 3370 2686 3426 peragere,
2717 3365 2771 3409 et
2802 3354 3117 3409 circumcidi
3149 3366 3201 3410 et
3228 3370 3381 3409 men-

1799 3464 1887 3504 ses
1907 3450 2223 3513 observare,
2258 3458 2312 3503 et
2344 3450 2512 3513 ablui,
2542 3450 2585 3504 si
2612 3450 2741 3519 quid
2768 3465 2794 3502 τι
2829 3446 3009 3517 Moyse
3039 3448 3376 3516 prohibitum

1798 3542 2070 3610 attigeris,
2107 3540 2190 3592 vel
2224 3548 2347 3608 post
2372 3540 2742 3593 concubitum.

1879 3719 2036 3791 142
2068 3718 2203 3773 Tum
2242 3733 2344 3788 ego
2383 3737 2396 3773 :
2427 3718 2729 3784 Abraham,
2772 3720 3015 3787 inquam,
3048 3725 3100 3772 et
3139 3716 3291 3771 Isaac
3322 3728 3373 3770 et

1798 3812 1966 3870 Jacob
1998 3824 2056 3868 et
2080 3812 2191 3867 Noe
2216 3823 2269 3867 et
2293 3810 2415 3879 Job,
2442 3822 2497 3867 et
2527 3815 2571 3867 si
2607 3814 2696 3881 qui
2724 3813 2818 3866 alii
2859 3821 2983 3866 ante
3014 3811 3099 3866 vel
3129 3821 3251 3879 post
3280 3826 3378 3866 eos

1792 3905 1924 3974 justi
1966 3905 2219 3959 similiter
2269 3905 2443 3966 fuere,
2477 3904 2666 3957 Saratn
2713 3906 2834 3958 dico
2884 3918 3111 3957 uxorem
3143 3902 3379 3953 Abraha:

1798 4007 1850 4050 et
1884 3997 2185 4052 Rebeccam
2237 3994 2432 4062 lsaaci,
2458 4004 2514 4049 et
2567 3994 2862 4049 Rachelem
2904 4005 3066 4063 atque
3102 3992 3253 4046 Liam
3286 3989 3379 4045 Ja-

1798 4088 1942 4151 cobi,
1974 4098 2028 4143 et
2054 4088 2292 4155 reliquas
2322 4086 2462 4140 alias
2500 4086 2800 4154 ejusmodi,
2848 4101 3025 4154 usque
3059 4086 3123 4137 ad
3152 4083 3376 4153 Moysis,

1801 4179 1973 4233 ﬁdelis
2016 4180 2161 4233 illius
2216 4178 2437 4243 famuli,
2496 4188 2763 4238 matrem,
2807 4192 2930 4230 cum
2985 4176 3116 4235 nihil
3172 4176 3369 4227 horum

1796 4271 2179 4335 custodierint,
2202 4287 2328 4324 ntun
2350 4271 2506 4324 vobis
2533 4269 2767 4323 salutem
2800 4262 3052 4321 videntur
3081 4267 3377 4334 adepturi?

1866 4454 2165 4523 Respondit
2187 4451 2434 4520 Trypho:
2460 4449 2574 4503 Non
2593 4446 2952 4503 circumcisus
2969 4455 3052 4500 est
3075 4445 3374 4511 Abraham,

1723 4525 1769 4580 Ῑ)
1797 4558 1852 4603 et
1890 4547 1980 4617 qui
2012 4553 2133 4613 post
2156 4558 2278 4597 eum
2305 4542 2489 4595 fuere?

1801 4672 1909 4716 tur.
1938 4679 1957 4712 ι
1993 4658 2127 4713 Vide
2167 4656 2441 4712 Julianum
2490 4654 2633 4727 apud
2690 4653 2879 4726 Cyrill.
2920 4653 3100 4717 Alex.,
3160 4653 3253 4709 lib.
3293 4669 3371 4721 ix,

1799 4749 2081 4874 ρ’Ἃ
2105 4796 2385 4874 δυνατόν.
2420 4795 2497 4849 lta
2530 4795 2700 4874 codex
2731 4794 2972 4850 Claram.
3008 4794 3146 4874 ξιξ-ἰ.ιί
3171 4795 3374 4874 άδύνα-

1798 4866 1909 4934 τον,
1941 4866 2059 4940 qua:
2091 4883 2194 4921 vox
2236 4870 2559 4937 interpretes
2608 4869 2660 4920 in
2711 4881 2962 4933 magnam
2990 4866 3372 4923 ‘dillicultatetn

1805 4943 2138 4998 coniecerat.

1866 4959 2326 5084 ([313??qu
2354 5004 2820 5084 6txaubpqtq.__ld
2851 5016 2954 5069 εει,
2984 5006 3194 5084 ridebis
3217 5007 3371 5061 salu-

1798 5077 1907 5138 tem
1940 5077 2199 5135 aeternam
2235 5095 2340 5133 non
2363 5080 2677 5133 observatis
2707 5077 2813 5130 illis
2844 5077 3139 5142 mandatis,
3169 5094 3289 5146 quae
3316 5089 3371 5131 ιιι

1794 5163 1998 5209 aeterna
2024 5165 2145 5204 esse
2176 5165 2238 5204 ac
2272 5164 2552 5216 nunquatn
2574 5148 3034 5216 prmtermittenda
3059 5150 3371 5214 existimas,

1796 5223 2102 5291 comparari
2139 5235 2327 5289 posse;
2360 5220 2563 5291 quippe
2586 5235 2709 5272 cum
2741 5232 2841 5291 nec
2870 5217 3372 5291 circumcisionem,

1796 5305 1855 5364 ut
1886 5287 2046 5364 paulo
2070 5287 2189 5358 post
2214 5294 2409 5359 probat
2439 5287 2708 5364 Justinus,
2730 5289 2776 5364 _ii
2816 5289 3069 5364 quiante
3091 5288 3370 5364 Abraham

1794 5358 2037 5426 fuerunt,
2069 5358 2398 5436 neccauera
2436 5360 2691 5436 instituta
2727 5360 2843 5436 ipse
2878 5358 3181 5436 Abraham,
3224 5358 3372 5425 ejus-

1794 5451 1905 5506 que
1928 5447 2095 5506 usque
2125 5434 2189 5484 ad
2231 5431 2474 5506 Moysem
2488 5429 2693 5506 posteri
2721 5429 3136 5506 obseryayerint

1868 5505 1941 5576 (1)
1991 5495 2085 5576 Ἐν
2111 5495 2434 5576 οξωζουᾲίᾳ.
2460 5495 2688 5576 Codices
2723 5513 2852 5576 mss.
2879 5496 3079 5576 habent
3102 5495 3179 5576 _ad
3222 5512 3370 5551 mar-

1798 5563 1981 5645 gine’m
2016 5573 2072 5624 ὲν
2106 5570 2281 5645 ουσία.
2321 5563 2395 5621 Ita
2417 5580 2473 5645 e_t
2506 5571 2576 5645 ll.
2605 5570 2913 5645 Stephanus
2943 5567 3008 5618 ad
3034 5563 3259 5645 calcem.

1868 5645 1942 5717 (2)
1977 5633 2389 5717 Φυλάξαὶρτας.
2449 5638 2607 5717 Legit
2683 5633 2959 5717 'l’hirlliitts
3012 5633 3369 5717 φυλάξαντες.

1792 5704 1966 5771 Paulo
1992 5724 2114 5785 post
2149 5704 2436 5782 legendum
2463 5704 2676 5765 videtur
2703 5704 3029 5775 ἐξετάσομεν
3062 5705 3369 5777 τὸν.λόγον.
