3770 6516
404 366 511 425 575

1347 372 1407 428 S.
1445 371 1707 430 JUSTINI
1745 372 2160 431 PHILOSOPHI
2194 378 2282 433 ET
2317 378 2679 440 MARTYRIS
3559 396 3648 451 δτι

479 487 590 553 Ego
619 499 748 539 vero
775 502 791 538 :
818 482 970 550 Scio,
1001 486 1244 556 inquam,
1282 489 1554 544 Abraham
1596 492 1824 562 ejusque
1867 511 1963 564 po-

2144 494 2315 563 Κὰγώ
2332 513 2347 527 ·
2366 496 2713 570 Ἐπίσταμαι,
2731 499 2885 573 ἔφην,
2903 503 2982 556 ὅτι
2999 504 3394 579 περιετέτμητο
3407 508 3458 562 Ἀ
3468 509 3653 586 ϐραὰμ

404 587 585 635 steros
610 579 965 634 circumcisos
999 581 1187 637 fuisse.
1220 583 1331 638 Cur
1369 596 1546 638 autem
1574 587 1699 640 data
1727 587 1832 643 illis
1872 591 1981 643 cir-

406 668 673 724 cumcisio
721 670 907 736 fuerit,
938 671 1183 740 pluribus
1224 689 1389 744 supra
1415 676 1689 744 disserui;
1722 689 1776 733 et
1805 680 1848 733 si
1884 697 1980 736 vos

407 774 495 825 ea,
528 775 651 830 quae
684 762 819 826 dixi,
855 777 961 815 non
1003 762 1312 829 inﬂectunt,
1344 782 1457 820 rem
1488 770 1665 824 denuo
1705 774 1981 825 examina-

408 854 608 910 bimus.
644 854 720 908 Ex
757 854 923 923 justis
966 866 1143 909 autem
1177 857 1491 913 hominibus
1520 861 1790 915 neminem
1816 880 1977 932 pror-

407 962 501 1000 sus
531 960 702 1016 usque
739 947 807 1001 ad
836 947 1072 1018 Moysem
1108 950 1406 1019 quidquam
1439 967 1653 1017 eorum,
1684 956 1751 1009 de
1778 959 1979 1025 quibus

408 1036 569 1091 modo
595 1041 995 1106 quaerebamus,
1026 1052 1221 1107 praeter
1246 1056 1387 1107 eam,
1420 1057 1541 1112 qua:
1570 1045 1638 1099 ab
1663 1045 1978 1102 Abrahamo

409 1129 621 1183 initium
683 1131 894 1197 habuit,
943 1134 1456 1196 eircumcisionem,
1512 1137 1839 1194 observasse
1885 1152 1979 1194 aut

402 1220 725 1276 observandi
761 1232 1092 1293 praeceptum
1123 1227 1404 1293 accepisse
1425 1229 1605 1283 scitis.

477 1313 543 1366 Et
565 1312 651 1367 ille
680 1333 693 1369 :
720 1314 958 1383 Scimus,
990 1315 1187 1386 inquit,
1213 1328 1266 1373 et
1287 1334 1381 1376 eos
1409 1321 1608 1377 salvari
1628 1325 1974 1380 confitemur.

472 1489 584 1558 Ego
618 1507 833 1545 rursum
867 1492 1264 1550 :Considerate
1295 1500 1477 1553 omnia
1531 1501 1803 1569 ejusmodi
1832 1522 1974 1575 prae-

402 1594 561 1649 cepta
608 1592 827 1652 pr0pter
885 1584 1145 1640 duritiam
1189 1590 1371 1645 cordis
1417 1595 1601 1662 populi
1657 1596 1821 1650 vestri
1879 1614 1977 1667 per

401 1674 637 1745 Moysem
661 1677 864 1731 vobisa
905 1679 1014 1732 Deo
1040 1681 1237 1735 tradita
1272 1698 1426 1749 esse;
1463 1695 1520 1739 ut
1546 1686 1794 1754 pluribus
1824 1690 1975 1745 hisce

401 1769 566 1819 rebus
592 1767 882 1831 admoniti,
914 1768 968 1821 in
993 1771 1139 1823 omni
1175 1773 1387 1828 actione
1420 1775 1584 1829 Deum
1616 1793 1833 1847 semper
1848 1793 1975 1835 ante

2082 586 2175 638 καὶ
2217 587 2266 641 οἱ
2316 589 2433 659 μετ’
2468 591 2649 644 αὐτόν.
2686 593 2784 646 Διά
2831 595 2883 647 τί
2924 595 2981 648 δὲ
3028 596 3182 669 ἐδόθη
3217 601 3401 665 αὐτοῖς
3434 606 3467 675 ἡ
3507 622 3657 676 περαι-

2079 680 2241 750 τομὴ,
2278 680 2337 733 ὲν
2370 681 2581 746 πολλοῖς
2614 687 2725 748 τοῖς
2759 686 3213 758 προλελεγμένοις
3272 687 3444 755 εἷπον,
3484 696 3579 748 καὶ
3612 699 3655 750 εἰ

2084 767 2158 841 μὴ
2192 768 2433 823 δυσωπεῖ
2477 771 2623 842 ὑμᾶς
2667 774 2735 827 τὰ
2778 774 3069 846 λεγόμενα,
3106 777 3265 830 πάλιν
3312 779 3656 851 ἐξετάσωμεν

2079 861 2170 913 τὸν
2215 861 2389 931 λόγον.
2430 865 2549 917 Ὅτι
2594 865 2652 918 δὲ
2700 864 2864 938 μέχρι
2910 866 3188 933 Μωῦσέως
3247 870 3426 935 οὐδεὶς
3470 874 3656 937 ἁπλῶς

2079 951 2284 1017 δίκαιος
2315 954 2465 1009 οὐδὲν
2498 954 2634 1020 ὅλως
2678 957 2883 1011 τούτων
2916 958 3044 1030 περὶ
3076 954 3150 1012 ὧν
3186 960 3490 1033 ἐζητοῦμεν
3527 964 3655 1033 ἐφύ-

2080 1043 2258 1109 λαξεν,
2294 1046 2413 1099 οὐδὲ
2448 1047 2662 1120 ἐντολὴν
2695 1047 2855 1102 ἔλαϐε
2888 1050 3199 1118 φυλάσσειν,
3237 1052 3390 1125 πλὴν“
3422 1054 3524 1125 τὴν
3559 1056 3656 1129 ἀρ-

2078 1137 2180 1206 χὴν
2225 1137 2497 1212 λαϐούσης
2541 1140 2649 1194 ἀπὸ
2697 1141 2943 1215 Ἀϐραὰμ
2990 1144 3089 1215 τῆς
3136 1147 3474 1219 περιτομῆς,
3544 1150 3656 1201 ὲπί-

2081 1225 2297 1278 στασθε.

2149 1318 2447 1382 Κάκεῖνος’
2498 1319 2906 1393 Ἐπιστάμεθα,
2944 1324 3083 1397 ἔφη·
3131 1327 3227 1381 καὶ
3272 1328 3353 1381 δτι
3391 1327 3650 1393 σώζονται

2078 1408 2343 1481 ὁμολογοῦ
2352 1427 2471 1482 μεν.

2148 1502 2317 1570 Κάγὼ
2367 1503 2563 1556 πάλιν·
2622 1504 2722 1559 Διά
2766 1507 2825 1559 τὸ
2879 1508 3301 1581 σκληροκάρδιον
3361 1508 3461 1563 τοῦ
3527 1510 3646 1564 λαοῦ

2078 1590 2232 1661 ὑμῶν
2266 1594 2446 1647 πάντα
2477 1596 2544 1649 τά
2584 1596 2813 1651 τοιαῦτα
2848 1599 3159 1670 ἐντάλματα
3193 1602 3364 1653 νοεῖτε
3399 1601 3493 1654 τὸν
3526 1601 3647 1653 θεὸν

2076 1680 2161 1735 διὰ
2185 1681 2462 1746 Μωῦσέως
2482 1685 2854 1756 ἐντειλάμενον
2869 1687 3018 1759 ὑμῖν,
3054 1689 3139 1743 ἵνα
3170 1689 3256 1743 διὰ
3288 1690 3505 1744 πολλῶν
3538 1692 3647 1746 τού-

2076 1791 2183 1827 των
2232 1775 2290 1829 ὲν
2331 1774 2480 1848 πάσῃ
2531 1776 2726 1846 πράξει
2770 1780 2875 1852 πρὸ
2906 1779 3201 1850 ὀφθαλμῶν
3235 1783 3322 1835 ἀεὶ
3355 1782 3522 1854 ἔχητε
3567 1785 3645 1836 τὸν

399 1856 589 1911 oculos
622 1856 922 1921 haberetis,
951 1876 1053 1914 nec
1083 1860 1281 1928 injuste
1306 1874 1398 1918 aut
1426 1865 1589 1935 impie
1625 1884 1785 1938 agere
1834 1872 1963 1926 inci-

2120 1866 2225 1931 εὸν,
2262 1866 2356 1920 καὶ
2391 1868 2527 1938 μήτε
2560 1869 2765 1923 ἀδικεῖν
2802 1847 2961 1943 μήτε⁷
2991 1847 3205 1927 ἀσεϐεῖν
3238 1847 3511 1947 ἀρχησθε.
3548 1876 3645 1930 Καὶ

399 1950 625 2018 pcretis.
684 1949 817 2005 Nam
870 1959 925 2004 et
968 1954 1279 2009 coccineum
1332 1961 1684 2026 panniculum
1719 1973 1779 2017 ut
1822 1965 1974 2021 vobis

402 2041 889 2109 circumpnneretis
931 2047 1185 2113 praecepit
1214 2046 1281 2113 ³⁸,
1326 2050 1480 2119 cujus
1520 2068 1623 2119 ope
1675 2055 1819 2109 nulla
1876 2074 1972 2114 vos

400 2131 498 2185 Dei
553 2144 772 2202 caperet
833 2135 1072 2203 oblivio;
1124 2149 1175 2191 et
1228 2139 1622 2210 phylacterium
1684 2148 1972 2218 descriptis

397 2222 723 2288 quibusdam
758 2223 957 2278 litteris
991 2227 1041 2279 in
1092 2231 1427 2303 membranis
1460 2236 1819 2299 tenuissimis,
1853 2255 1972 2306 qua:

398 2313 618 2383 quidem
658 2317 879 2371 omnino
909 2329 1097 2372 sancta
1127 2336 1248 2375 esse
1275 2321 1830 2395 iutelligintus,jussit
1858 2334 1969 2385 cir-

395 2403 731 2468 cumdari",
778 2405 860 2459 bis
899 2408 1063 2461 etiam
1122 2408 1286 2463 rebus
1338 2413 1699 2467 exstimulans
1743 2431 1859 2480 vos,
1912 2428 1971 2472 ut

395 2509 616 2563 semper
662 2496 712 2549 in
771 2500 1033 2551 memoria
1072 2502 1236 2554 Deum
1269 2502 1569 2570 haberetis,
1601 2516 1655 2561 et
1677 2506 1838 2562 simul
1866 2525 1965 2564 ex-

394 2588 683 2656 probrans,
734 2592 876 2656 quod
930 2591 1133 2644 nullam
1190 2592 1340 2648 illius
1386 2594 1597 2651 colendi
1650 2603 1966 2658 memoriam

397 2678 675 2731 teneretis.
708 2677 873 2733 Voltis
919 2689 1100 2735 tamen
1150 2698 1217 2739 ne
1263 2685 1345 2740 sic
1385 2688 1604 2755 quidem
1651 2704 1966 2760 persuasum

393 2778 498 2832 est,
542 2780 601 2824 ut
623 2769 926 2825 simulacra
963 2788 1029 2827 ne
1053 2774 1333 2832 colerctis.
1368 2778 1500 2833 Elia:
1525 2781 1669 2835 enim
1699 2793 1962 2854 tempore,

392 2874 581 2914 eorum
625 2878 910 2917 numerum
966 2880 1280 2936 recensens,
1329 2871 1419 2939 qui
1465 2887 1609 2942 genu
1652 2874 1804 2931 Baali
1858 2896 1963 2934 non

392 2953 694 3020 ﬂexerant,
743 2969 953 3029 septem
1005 2961 1171 3017 millia
1218 2980 1450 3021 numero
1504 2984 1627 3024 esse
1679 2972 1870 3026 dixit:
1912 2982 1966 3029 et

392 3046 534 3116 apud
586 3047 784 3104 Isaiam
843 3053 1129 3110 vobiscum
1189 3060 1517 3127 exposmlat,
1561 3066 1705 3132 quod
1755 3076 1965 3121 vestros

2075 1958 2182 2030 γὰρ
2214 1960 2273 2011 τὸ
2306 1960 2554 2015 κόκκινον
2604 1961 2798 2033 βάμμα
2843 1963 3180 2032 περιτιθέναι
3230 1968 3419 2031 αὐτοῖς
3455 1969 3645 2021 ἐνετεί-

2074 2048 2201 2102 λατο
2232 2050 2381 2121 ὑμῖν,
2419 2050 2508 2104 ἵνα
2555 2051 2641 2106 διὰ
2686 2053 2876 2108 τούτου
2922 2052 2998 2125 μὴ
3033 2052 3165 2125 λήθη
3216 2056 3363 2126 ὑμᾶς
3400 2057 3644 2129 λαμϐάνῃ

2072 2140 2162 2195 τοῦ
2189 2141 2343 2207 Θεοῦ,
2366 2142 2460 2198 καὶ
2494 2143 2859 2217 φυλακτήριον
2895 2148 2951 2199 ἐν
2983 2146 3148 2216 ὑμέσι
3179 2146 3533 2211 λεπτοτάτοις
3560 2167 3643 2217 γε-

2072 2233 2408 2304 γραμμένων
2424 2238 2785 2308 χαρακτήρων
2802 2237 2980 2299 τινῶν,
2993 2238 3027 2292 ἃ.
3045 2239 3255 2302 πάντως
3274 2239 3413 2308 ἅγια
3429 2240 3644 2310 νοοῦμεν

2070 2323 2229 2392 εἶναι,
2283 2328 2626 2399 περικεῖσθαι
2673 2330 2820 2400 ὑμᾶς
2870 2330 3124 2384 ἐκέλευσε
3148 2348 3161 2362 ·
3198 2331 3292 2385 καὶ
3325 2332 3418 2385 διά
3452 2333 3643 2386 τούτων

2069 2418 2331 2474 δυσωπῶν
2365 2420 2506 2491 ὑμᾶς
2536 2421 2623 2475 ἀεὶ
2668 2423 2888 2494 μνήμην
2922 2422 3064 2493 ἔχειν
3107 2422 3200 2476 τοῦ
3234 2423 3369 2477 Θεοῦ
3392 2442 3408 2455 ⁸
3449 2426 3564 2495 ἅμα
3594 2442 3643 2478 τε

2072 2511 2164 2566 καὶ
2198 2511 2415 2582 ἔλεγχον
2433 2512 2507 2585 (5)
2543 2515 2601 2566 ὲν
2634 2515 2760 2577 ταῖς
2795 2514 3047 2586 καρδίαις
3079 2515 3253 2585 ὑμῶν,
3289 2516 3415 2569 οὐδὲ
3453 2518 3642 2588 μικρὰν

2072 2605 2292 2677 μνήμην
2351 2604 2503 2677 ἔχετε
2537 2605 2629 2659 τοῦ
2665 2605 2966 2661 θεοσεϐεἰνο
3005 2608 3097 2662 καὶ
3131 2608 3236 2661 οὐδ’
3270 2609 3452 2674 οὕτως
3509 2610 3644 2663 ἐπεί-

2070 2691 2232 2765 σθητε
2281 2692 2357 2765 μὴ
2406 2695 2841 2769 εἰδωλολατρεῑν·
2876 2697 2976 2751 ἀλλ
3028 2698 3120 2751 ἐπὶ
3155 2698 3331 2752 Ἡλίου
3367 2699 3644 2770 ὀνομάζω)

2068 2783 2158 2836 τὸν
2204 2784 2437 2856 ἀριθμὸν
2482 2785 2588 2840 τῶν
2642 2788 2717 2859 μὴ
2766 2788 3099 2859 καμψάντων
3144 2790 3272 2857 γόνυ
3343 2793 3413 2861 τῇ
3480 2791 3639 2854 Βάαλ,

2068 2875 2505 2947 ἑπτακισχιλίους
2550 2878 2641 2933 τὸν
2700 2878 2935 2951 ἀριθμὸν
2973 2880 3131 2943 ὄντας
3162 2876 3314 2934 εἴπεο
3351 2882 3452 2935 καὶ
3489 2884 3545 2935 ὲν
3575 2881 3642 2952 τῷ

2080 2964 2283 3038 Ἡσαΐᾳ.
2315 2969 2409 3021 καὶ
2442 2970 2509 3023 τὰ
2540 2968 2707 3023 τέκνα
2739 2970 2893 3040 ὑμῶν
2928 2970 3118 3024 θυσίαν
3141 2972 3511 3044 πεποιηκέναι
3543 2975 3642 3034 τοῖς

2067 3058 2305 3125 εἰδώλοις
2337 3061 2550 3133 ἐλέγχει
2583 3062 2747 3133 ὑμᾶς.
2798 3063 2989 3133 Ἡμεῖς
3036 3062 3112 3127 δὲ,
3149 3062 3288 3134 ὑπὲρ
3322 3063 3421 3117 τοῦ
3462 3065 3538 3135 μὴ
3568 3066 3644 3118 θυ-

392 3138 557 3192 etiam
604 3139 744 3194 ﬁlios
778 3143 1089 3201 simulacris
1140 3148 1579 3208 immolaveritis.
1632 3155 1743 3211 Nos
1781 3170 1963 3213 autem

2120 3153 2275 3218 ,ἀζειν
2309 3150 2389 3218 οἷς
2421 3155 2589 3208 πάλαι
2622 3154 2871 3225 ἐθύομεν,
2907 3155 3252 3227 ὑπομένομεν
3283 3156 3381 3220 τὰς
3421 3159 3643 3228 ἐσχάτας

392 3244 460 3282 ne
487 3230 553 3285 iis
586 3247 742 3286 sacra
786 3234 1072 3302 faciamus,
1115 3241 1311 3309 quibus
1349 3244 1478 3299 olim
1504 3245 1753 3314 fecimus,
1786 3264 1963 3306 extre-

2120 3244 2361 3316 pwpiaq,
2396 3246 2491 3299 καὶ
2524 3245 2909 3318 θανατούμενοι
2961 3248 3257 3319 χαίρομενο
3298 3248 3642 3311 πιστεύοντες

391 3337 478 3374 ma
510 3324 775 3393 supplicia
807 3328 1171 3398 perferimus,
1204 3343 1260 3389 et
1307 3334 1434 3390 dum
1471 3341 1790 3409 occidimur,
1822 3345 1963 3399 Ιιυιιι-

2120 3355 2151 3391 τι
2184 3339 2474 3410 ἀναστήσει
2523 3339 2673 3409 ἡμᾶς
2705 3341 2733 3392 ὁ
2765 3339 2897 3403 Θεὸς
2926 3338 3015 3392 διὰ
3062 3339 3156 3393 τοῦ
3188 3340 3431 3410 Χριστοῦ
3464 3339 3639 3402 αὐτοῦ,

392 3428 540 3478 mur,
578 3417 800 3471 minime
841 3420 989 3476 dubii
1028 3424 1159 3493 quin
1215 3441 1315 3482 nos
1356 3428 1499 3485 Deus
1539 3447 1637 3502 per
1686 3434 1963 3493 Christum

2120 3429 2162 3482 ιὶ
2194 3429 2503 3502 ἀφθάρτους
2535 3431 2628 3483 καὶ
2660 3431 2891 3494 ἀπαθεῖς
2948 3430 3040 3484 καὶ
3073 3430 3374 3496 ἀθανάτους
3412 3433 3639 3502 ποιήσει,

389 3519 549 3561 auum
589 3510 658 3563 ad
691 3512 859 3565 vitam
906 3528 1265 3575 revocaturus
1306 3521 1400 3587 sit,
1432 3533 1486 3577 et
1525 3524 1877 3598 incorruptos
1904 3546 1963 3587 ac

2120 3521 2163 3573 ιὶ
2195 3521 2346 3575 οὐδὲν
2380 3520 2782 3592 συμϐάλλεσθαι
2817 3520 2951 3593 πρὸς
2984 3520 3400 3595 δικαιοπραξίαν
3438 3524 3534 3577 καὶ
3564 3523 3642 3574 εὗ-

390 3599 763 3668 pcrpessionis
805 3614 1059 3675 eXpertes
1107 3620 1163 3664 et
1210 3611 1548 3673 immortales
1598 3617 1878 3687 facturus;
1914 3635 1969 3677 et

390 3706 511 3758 qua:
539 3694 608 3749 ob
634 3695 893 3752 duritiam
927 3703 1112 3759 cordis
1140 3706 1321 3774 populi
1352 3710 1521 3764 vestri
1551 3711 1798 3770 instituta
1817 3728 1965 3784 sunt,

390 3797 452 3833 ea
511 3782 647 3838 nihil
698 3788 763 3839 ad
815 3789 1043 3858 justitiae
1110 3795 1551 3855 observationem
1605 3813 1661 3858 et
1705 3782 1965 3875 pietatem

388 3873 588 3927 aﬂ‘erre
622 3879 891 3935 novimus.

463 3967 553 4019 4⁸7.
596 3967 727 4022 Cum
768 3973 1087 4030 Christianis
1114 3978 1276 4048 legem
1311 3983 1709 4043 observantibus
1733 4007 1968 4047 commu-

392 4056 530 4108 nicat
552 4055 831 4113 Justinus.
856 4062 1016 4118 Secus
1048 4069 1296 4124 catholici
1323 4088 1428 4127 non
1455 4078 1708 4144 pauci.—
1737 4081 1963 4151 Rursus,

391 4148 654 4218 Trypho:
687 4151 741 4206 Si
782 4154 904 4222 quis
935 4157 1049 4212 haec
1075 4159 1148 4212 ita
1189 4177 1247 4216 se
1280 4163 1483 4220 habere
1514 4170 1719 4238 sciens,
1750 4148 1968 4242 praeter;

389 4256 551 4309 quam
581 4243 723 4309 quod
779 4245 925 4301 hunc
963 4248 1241 4307 Christum
1296 4270 1419 4312 esse
1466 4275 1757 4329 agnoscat,
1805 4269 1964 4338 eique

388 4331 645 4388 videlicet
685 4337 871 4390 credat
923 4348 979 4392 et
1025 4341 1267 4412 obediat,
1299 4347 1414 4403 ham
1446 4366 1666 4423 quoque
1708 4331 1961 4415 instituta

387 4424 683 4479 observare
732 4428 987 4491 voluerit,
1051 4442 1231 4490 utrum
1276 4440 1321 4494 is
1373 4443 1709 4515 salvabitur,
1757 4449 1829 4504 ita
1873 4452 1962 4508 ille

388 4519 797 4573 sciscitabatur.

458 4611 527 4664 At
566 4627 705 4677 ego:
746 4613 813 4668 Ut
838 4616 967 4670 mihi
992 4620 1207 4686 quidem
1247 4625 1483 4692 videtur,
1508 4647 1540 4682 ο
1575 4631 1820 4703 Trypho,
1854 4638 1957 4691 ho-

389 4701 589 4752 minem
626 4700 889 4767 ejusmodi
929 4708 1140 4762 salvum
1188 4711 1311 4767 dico
1359 4700 1735 4781 futui-omasi
1794 4729 1956 4780 modo

391 4792 607 4845 caeteris
651 4794 985 4862 hominibus,
1019 4798 1070 4852 id
1103 4810 1207 4865 est,
1243 4804 1311 4857 iis
1343 4807 1441 4875 qui
1466 4823 1529 4862 ex
1563 4813 1817 4881 gentibus
1856 4831 1958 4884 per

388 4881 663 4937 Christum
705 4882 774 4938 ab
820 4901 1009 4942 errore
1045 4892 1355 4951 circumcisi
1397 4910 1552 4965 sunt,
1585 4904 1807 4959 omnino
1836 4881 1960 4976 per-

390 4976 623 5030 suadere
653 4994 762 5031 non
790 4991 1039 5046 conetur,
1079 4995 1133 5038 ut
1162 4988 1352 5042 eadem
1391 5006 1456 5046 ac
1500 4994 1613 5063 ipse
1638 4995 1953 5065 observent,

392 5068 623 5122 salutem
648 5084 745 5125 eos
784 5089 989 5140 negans
1017 5078 1331 5146 adepturos,
1356 5085 1460 5138 nisi
1483 5087 1593 5141 hac
1624 5091 1955 5159 custodiant;

390 5162 552 5229 quale
576 5173 660 5218 est
684 5166 824 5234 quod
857 5178 914 5221 et
942 5168 1099 5225 initio
1131 5173 1513 5244 disputationis
1548 5178 1806 5249 faciebas,
1835 5201 1959 5239 cum

392 5255 778 5320 pronuntiares
834 5258 1042 5313 salvum
1094 5277 1181 5317 me
1222 5280 1329 5319 non
1380 5265 1642 5335 futurum,
1691 5272 1795 5326 nisi
1846 5274 1961 5330 hinc

390 5347 767 5403 observarem.

462 5527 508 5559 "
537 5527 697 5585 Num.
735 5545 827 5597 xv,
858 5531 948 5587 ‘58.
1023 5534 1065 5564 ³⁷
1094 5532 1253 5590 Deut.
1284 5552 1361 5602 vt,
1389 5538 1445 5595 6.

2070 3613 2286 3667 σέϐειαν
2334 3612 2402 3666 τὰ
2447 3613 2537 3669 διὰ
2585 3613 2682 3683 τὴν
2731 3608 3169 3686 σκληροκαρδίαν
3200 3612 3295 3667 τοῦ
3329 3613 3469 3668 λαοῦ
3503 3612 3644 3685 ὑμῶν

2066 3704 2422 3776 διαταχθέντα
2455 3704 2815 3777 γινώσκομεν.

2140 3995 2228 4049 47.
2265 3995 2376 4050 Καὶ
2409 3996 2438 4049 ὀ
2470 3995 2704 4067 Τρύφων
2750 3996 2940 4050 πάλινο
2992 3997 3115 4050 Ἐὰν
3147 3995 3203 4048 δέ
3240 4013 3344 4059 τις,
3380 3994 3542 4059 εἰδὼς
3570 3996 3639 4048 δτι

2068 4087 2241 4143 ταῦτα
2282 4087 2454 4151 οὕτως
2497 4087 2634 4158 ἔχει,
2695 4088 2832 4159 μετὰ
2880 4087 2973 4141 τοῦ
3022 4088 3116 4142 καὶ
3169 4086 3356 4139 τοῦτον
3391 4083 3535 4139 εἶναι
3561 4086 3639 4139 τὸν

2066 4184 2300 4255 Χριστὸν
2332 4182 2651 4237 ἐπίστασθαι
2679 4181 2939 4254 δηλονότι,
2959 4180 3051 4235 καὶ
3086 4180 3523 4233 πεπιστευκέναι
3554 4176 3638 4231 καὶ

2067 4275 2348 4331 πείθεσθαι
2381 4274 2549 4345 αὐτῷ,
2588 4274 2833 4345 βούλεται
2867 4273 2962 4328 καὶ
2986 4270 3159 4326 ταῦτα
3190 4270 3515 4341 φυλάσσειν,
3550 4287 3638 4323 σω-

2068 4367 2292 4441 θήσεται
2312 4384 2327 4433 ;
2361 4366 2707 4421 ἐπυνθάνετο.

2136 4629 2333 4700 Κάγώ·
2372 4631 2459 4694 Ὠς
2514 4630 2613 4702 μὲν
2659 4631 2783 4701 ἐμοὶ
2815 4632 2981 4697 δοκεῖ,
3017 4622 3061 4683 ὦ
3094 4629 3349 4702 Τρύφων,
3386 4629 3539 4698 λέγω
3566 4629 3637 4680 ὁτι
3678 4684 3686 4692 .

2072 4724 2379 4795 σωθήσεται
2411 4727 2439 4776 ὁ
2468 4724 2725 4788 τοιοῦτος,
2763 4725 2856 4777 ἐὰν
2894 4725 2967 4796 μὴ
3012 4726 3138 4788 τοὺς
3198 4722 3391 4786 ἄλλους
3439 4719 3638 4792 ἀνθρώ-

2068 4834 2221 4881 πους,
2256 4816 2399 4885 λέγω
2430 4816 2492 4889 δὴ
2524 4817 2651 4880 τοὺς
2683 4818 2790 4869 άπὸ
2822 4815 2927 4869 τῶν
2960 4815 3127 4869 ὲθνῶν
3158 4815 3247 4868 διά
3279 4813 3373 4868 τοῦ
3406 4809 3634 4885 Χριστοῦ

2066 4911 2174 4964 ἀπὸ
2207 4912 2302 4983 τῆς
2335 4911 2541 4982 πλάνης
2575 4907 3033 4981 περιτμηθέντας,
3072 4910 3134 4960 ὲκ
3187 4906 3389 4969 παντὸς
3439 4903 3636 4957 πείθειν

2070 5004 2421 5074 ἀγωνίζηται,
2456 5001 2630 5056 ταύτὰ
2675 5000 2824 5071 αὑτῷ
2879 4999 3195 5069 φυλάσσειν,
3229 4996 3407 5064 λέγων
3444 4996 3506 5048 οὐ
3544 5010 3634 5046 σω-

2062 5098 2327 5171 θήσεσθαι
2362 5098 2577 5160 αὐτοὺς,
2611 5095 2704 5149 ἐὰν
2741 5094 2815 5165 μὴ
2861 5092 3033 5145 ταῦτα
3084 5088 3429 5160 φυλάξωσιν·
3467 5087 3636 5139 ὁποῖον

2061 5196 2121 5248 ὲν
2174 5195 2315 5265 ἀρχῇ
2362 5191 2469 5245 τῶν
2500 5191 2674 5258 λόγων
2710 5189 2802 5242 καὶ
2837 5189 2900 5241 σὺ
2947 5187 3233 5257 ἔπραττες,
3268 5180 3633 5250 ἀποφαινόμε-

2062 5304 2153 5350 νος
2187 5286 2247 5339 οὺ
2284 5282 2626 5354 σωθήσεσθαί
2662 5299 2750 5353 με,
2787 5277 2879 5335 ἐὰν
2916 5279 2991 5349 μὶη
3026 5276 3197 5330 ταῦτα
3229 5272 3475 5343 φυλάξω.

461 5681 537 5753 (5)
570 5684 714 5755 Ἅμα
741 5702 805 5740 τε
836 5684 932 5740 καὶ
965 5682 1235 5755 ἔλεγχον.
1268 5646 1409 5749 Lego
1438 5675 1552 5749 ἅμα
1580 5693 1639 5728 τε
1670 5674 1763 5728 καὶ
1793 5674 1963 5741 {MV}:

2123 5691 2138 5724 ι
2173 5674 2229 5725 ἐν
2258 5674 2377 5736 ταῖς
2406 5672 2652 5743 καρδίαις
2679 5672 2849 5745 ὑμῶν.
2886 5672 2961 5729 lta
2995 5676 3156 5730 etiam
3192 5679 3453 5735 eruditus
3491 5676 3621 5732 Lon-

394 5751 645 5809 dinensis'
667 5758 858 5811 editor.
