3770 6526
133 344 227 404 577

1102 349 1449 407 DIALOGUS
1480 349 1626 407 CUM
1657 347 2036 404 TRYPHONE
2071 348 2339 406 ιυῡιΕΟ.

3270 360 3377 418 578

190 470 445 531 Κάκεῖνος
465 483 478 498 ·
510 468 606 522 Διὰ
638 468 692 522 τί
717 463 810 522 οῦν
842 464 1033 533 εἷπαςν
1072 488 1091 521 ι
1142 469 1229 531 Ὧς
1260 470 1358 540 μὲν
1391 469 1514 540 ἐμοὶ
1534 469 1654 522 δοκε

1880 466 2036 538 143
2063 468 2131 518 At
2164 466 2249 518 ille
2275 483 2288 519 :
2316 466 2426 520 Cur
2464 466 2629 537 igitur
2659 468 2886 525 dixisti:
2922 488 2944 523 ι
2992 472 3220 530 Utmibi
3252 483 3376 548 qni-

127 561 413 633 σωθήσεται
436 565 465 615 ὁ
496 562 747 627 τοιοῦτος,
791 582 810 615 ι
837 566 883 616 εἰ
916 564 991 634 μή
1016 581 1067 616 τι
1095 562 1168 635 (4)
1204 564 1343 616 εἰσίν
1372 565 1420 615 ot
1440 563 1690 632 λέγοντες

127 657 197 709 ὅτι
218 656 274 707 ού
302 652 637 725 σωθήσονται
659 657 709 708 οί
745 656 1009 720 τοιοῦτοι;

186 748 347 808 Εἰσὶν,
385 749 793 819 ἀπεκρινάμην,
836 741 881 801 ὧ
918 748 1171 820 Τρύφων,
1214 747 1309 802 καὶ
1341 748 1475 819 μηδὲ
1507 765 1690 802 κοινω-

125 841 220 890 νεῖν
243 837 454 907 ὁμιλίας
486 838 517 908 ῆ
565 838 748 902 ἑστίας
792 841 903 902 τοῖς
941 838 1201 901 τοιούτοις
1243 838 1319 909 (5)
1347 836 1649 907 τολμῶντες
1670 854 1683 867 °

125 922 194 990 οἷς
216 924 317 993 ἐγὼ
342 927 402 978 οὐ
431 927 681 992 σύναινός
707 929 845 999 είμι.
869 929 1012 981 Ἀλλ’
1036 929 1131 981 ἐὰν
1160 928 1311 982 αὐτοὶ
1338 929 1425 981 διὰ
1451 928 1511 980 τὸ
1536 927 1688 981 ἀσθε-

126 1019 201 1081 νὲς
226 1019 316 1089 τῆς
344 1018 573 1090 γνώμης
600 1019 695 1073 καὶ
710 1021 777 1074 τὰ
800 1024 896 1075 ὅσα
911 1020 1165 1075 δύνανται
1186 1022 1279 1074 νῦν
1312 1024 1375 1074 ἐκ
1396 1020 1500 1073 τῶν
1525 1022 1687 1074 Moti)-

125 1111 263 1173 σέως,
302 1110 335 1164 ἃ.
368 1111 457 1164 διὰ
485 1113 546 1164 τὸ
577 1112 998 1185 σκληροκαρδιον
1034 1114 1125 1167 τοῦ
1161 1112 1289 1166 λαοῦ
1320 1112 1545 1183 νοοῦμεν
1573 1112 1686 1165 δια-

122 1202 372 1271 τετάχθαι,
405 1203 545 1273 μετὰ
570 1204 661 1257 τοῦ
700 1204 793 1255 ἐπὶ
826 1204 1013 1257 τοῦτον
1034 1205 1123 1257 τὸν
1150 1204 1384 1276 Χριστὸν
1421 1204 1680 1269 ἐλπίζειν,

122 1296 202 1347 καὶ
226 1295 317 1358 τὰς
352 1295 609 1359 αἰωνίους
649 1296 743 1349 καὶ
769 1294 925 1365 φύσει
961 1296 1374 1369 δικαιοπραξίας
1418 1298 1512 1351 καὶ
1539 1298 1684 1349 εὐσε-

121 1387 252 1450 ϐείας
297 1388 596 1455 φυλάσσειν
664 1388 996 1459 βούλωνται,
1062 1388 1158 1443 καὶ
1205 1390 1465 1459 αἱρῶνται
1514 1388 1682 1460 συζῇν

120 1481 214 1541 τοῖς
240 1479 585 1550 Χριστιανοῖς
620 1480 714 1533 καὶ
762 1482 991 1543 πιστοῖς,
1026 1478 1101 1543 ὡς
1137 1482 1415 1551 προεῖπον,
1456 1477 1530 1549 μὴ
1566 1478 1683 1529 πεί-

120 1571 277 1634 θοντες
322 1571 523 1635 αὐτοὺς
569 1573 705 1642 μήτε
753 1571 1180 1644 περιτέμνεσθαι
1226 1570 1426 1641 ὁμοίως
1475 1571 1678 1633 αὐτοῖς,

122 1664 237 1733 μήτε
268 1662 635 1728 σαϐϐατίζειν,
675 1666 813 1735 μήτε
859 1663 993 1719 ἄλλα
1037 1664 1137 1718 ὅσα
1171 1662 1397 1717 τοιαῦτά
1432 1666 1545 1717 ὲστι
1580 1681 1678 1733 τη-

121 1758 233 1824 ρεῖν,
260 1754 348 1807 καὶ
382 1754 920 1827 προσλαμϐάνεσθαι,
959 1755 1055 1810 καὶ
1096 1757 1370 1809 κοινωνεῖν
1400 1755 1673 1817 ἁπάντων,

117 1820 177 1911 ib;
190 1820 618 1917 ὁμοσπλάγχνοις
640 1847 734 1903 καὶ
750 1848 1017 1917 ἀδελφοῖς,
1040 1848 1148 1900 δεῖν
1164 1846 1559 1917 ἀποφαίνεσθαι
1579 1846 1674 1919 (6).
1714 1820 1753 1874 Β

121 1941 223 1992 Ἐὰν
252 1940 304 1992 δὲ
342 1942 389 1992 οἱ
432 1940 545 1993 ἀπὸ
591 1939 681 1993 τοῦ
724 1940 913 2007 γένους
955 1940 1047 1993 τοῦ
1095 1940 1361 2011 ὑμετέρου
1400 1940 1677 1993 πιστεύειν

118 2030 333 2099 λέγοντες
366 2032 459 2083 ἐπὶ
485 2031 673 2084 τοῦτον
710 2033 801 2085 τὸν
831 2032 1082 2102 Χριστὸν,
1110 2026 1155 2085 ὦ
1182 2032 1438 2105 Τρύφων,
1471 2032 1674 2101 ἔλεγον,

121 2124 171 2177 ὲκ
200 2123 383 2187 παντὸς
418 2124 563 2178 κατὰ
596 2124 685 2177 τὸν
718 2123 805 2177 διὰ
825 2125 1103 2189 Μωῦσὲως
1122 2124 1477 2196 διαταχθέντα
1510 2126 1675 2196 νόμον

118 2216 429 2284 ἀναγκάζωσι
465 2216 566 2287 ζῇν
594 2216 718 2279 τοὺς
752 2215 811 2281 ἐξ
849 2217 1016 2271 ἐθνῶν
1049 2216 1400 2281 πιστεύοντας
1434 2217 1527 2270 ἐπὶ
1556 2216 1676 2269 τοῦ-

119 2324 189 2359 τον
216 2308 295 2360 τὸν
328 2309 583 2380 Χριστὸν,
610 2309 641 2379 ἢ
682 2310 756 2382 μὴ
784 2314 1059 2364 κοινωνεῖν
1088 2311 1270 2372 αὐτοῖς
1296 2309 1391 2379 τῆς
1420 2309 1673 2379 τοιαύτης

120 2402 456 2471 σδνδιαγωγῆς
486 2402 771 2475 αίρῶνται,
800 2404 1004 2475 ὁμοίως
1026 2402 1121 2457 καλ⁸
1152 2402 1373 2467 τούτους
1406 2404 1506 2457 οὐκ
1538 2405 1674 2457 ἀπο-

118 2494 326 2566 δέχομαι.
353 2496 491 2559 Τοὺς
527 2495 581 2548 δὲ
618 2496 975 2568 πειθομένους
996 2498 1179 2561 αὐτοῖς
1209 2497 1299 2550 ἐπὶ
1325 2497 1420 2567 τὴν
1447 2496 1671 2564 ἔννομον

120 2587 371 2653 πολιτείαν,
431 2590 574 2661 μετὰ
606 2589 699 2643 τοῦ
737 2589 1028 2659 φυλάσσειν
1069 2590 1167 2661 τὴν
1202 2591 1282 2652 είς
1313 2590 1405 2643 τὸν
1438 2590 1669 2661 Χριστὸν

120 2678 190 2731 τοῦ
220 2679 339 2732 Θεοῦ
374 2681 685 2750 ὁμολογίαν,
723 2681 817 2734 καὶ
865 2680 1211 2751 σωθήσεσθαι
1254 2680 1384 2743 ἴσως
1429 2679 1671 2751 ὑπολαμ-

120 2770 252 2824 ίέινω.
287 2772 419 2836 Τοὺς
441 2772 499 2825 δὲ
536 2773 976 2845 ὁμολογήσαντας
1009 2773 1104 2826 καὶ
1127 2774 1447 2840 ὲπιγνόντας
1480 2773 1667 2825 τοῦτον

120 2858 230 2918 εἶναι
272 2865 355 2917 τὸν
387 2865 649 2938 Χριστὸν,
700 2865 795 2917 καὶ
840 2864 1078 2937 ᾑτινιοῦν
1124 2865 1273 2937 αἰτίᾳ
1324 2864 1666 2935 μεταὸάντας

120 2956 192 3007 ἐπὶ
220 2955 304 3027 τὴν
336 2958 561 3029 ἔννομον
597 2957 891 3019 πολιτείαν,
940 2956 1350 3029 ἀρνησαμένους
1389 2959 1469 3011 ὅτι
1511 2953 1665 3023 οὗτος

118 3049 233 3101 ἐστιν
261 3053 286 3104 ὁ
316 3052 568 3123 Χριστὸς,
604 3050 699 3104 καὶ
733 3050 863 3122 πρὶν
890 3049 1146 3119 τελευτῆς
1172 3050 1246 3120 μὴ
1274 3052 1660 3119 μεταγνόντας,

1791 561 1915 614 dem
1955 561 2187 624 videtur,
2223 559 2348 612 talis
2367 559 2549 614 salvus
2574 560 2701 628 erit,
2742 579 2761 615 ι
2801 566 2903 619 nisi
2944 567 3069 635 quia
3100 581 3248 638 sunt,
3281 571 3374 640 qui

1793 652 1925 706 tales
1957 661 2153 723 negent
2176 655 2355 708 salvos
2381 654 2626 709 futuros?

1863 741 2020 803 Sunt,
2074 741 2317 809 inquam,
2368 758 2401 797 ο
2449 742 2698 812 Trypho;
2740 746 2940 816 quique
2981 762 3101 801 cum
3148 750 3228 805 eis
3270 769 3376 810 nec

1790 835 2082 899 sermonis,
2133 852 2232 891 nec
2278 836 2495 905 hospitii
2543 842 2925 897 communione
2975 843 3223 913 conjungi
3275 864 3372 900 au-

1791 927 1985 989 deant;
2022 926 2217 995 quibus
2248 943 2347 995 ego
2379 944 2484 982 non
2526 932 2813 987 assentior.
2866 932 2969 986 Sed
3010 936 3055 987 si
3102 936 3170 989 ob
3201 939 3371 993 animi

1790 1020 2164 1077 inﬁrmitatem
2197 1024 2360 1076 etiam
2381 1038 2718 1093 quwcttttque
2743 1043 2888 1083 nunc
2919 1042 3149 1098 possunt
3181 1049 3244 1088 ex
3280 1034 3370 1100 iis,

1787 1129 1906 1182 qua:
1931 1131 1957 1167 a
1993 1115 2173 1185 Moyse
2218 1122 2438 1181 propter
2467 1114 2723 1169 duritiam
2767 1122 2951 1175 cordis
2985 1124 3162 1192 populi
3214 1126 3373 1180 insti-

1786 1217 1899 1261 tttta
1932 1207 2201 1270 novimus,
2249 1221 2370 1259 cunt
2402 1221 2496 1275 spe
2529 1209 2579 1261 itt
2625 1210 2768 1266 hunc
2814 1212 3089 1270 Christum
3122 1228 3175 1271 et
3206 1228 3371 1274 :eter-

1786 1316 1977 1355 nornm
2023 1316 2087 1355 ac
2118 1301 2445 1353 naturaliutu
2485 1301 2710 1369 justitize
2734 1314 2787 1359 et
2824 1306 3044 1374 pietatis
3073 1322 3372 1381 praecepto-

1786 1411 1905 1447 rum
1934 1395 2311 1450 observatione
2342 1400 2669 1469 conjungere
2706 1400 3016 1466 voluerint;
3054 1405 3212 1456 modo
3238 1420 3363 1457 cunt

1782 1486 2113 1541 Christianis
2144 1501 2197 1543 et
2228 1492 2475 1546 fidelibus
2502 1493 2683 1547 vivere
2715 1509 2817 1546 non
2848 1506 3116 1561 recusent,
3144 1512 3246 1551 nec
3274 1498 3361 1559 iis,

1784 1589 1841 1633 ut
1868 1580 1981 1649 jatn
2016 1582 2143 1646 dixi,
2184 1585 2468 1650 suadeant,
2505 1593 2561 1638 ut
2589 1586 2843 1639 similiter
2879 1601 2941 1639 ac
2978 1587 3077 1654 ipsi
3122 1588 3363 1642 circum-

1781 1670 2057 1735 cidantur,
2090 1682 2185 1725 aut
2218 1674 2439 1729 sabbata
2475 1685 2527 1729 et
2562 1674 2663 1728 alia
2712 1674 2980 1741 ejusmodi
3015 1678 3362 1741 custodiant;

1781 1782 1874 1820 eos
1921 1766 2294 1835 suscipiendos
2351 1783 2473 1822 esse
2519 1778 2574 1822 et
2622 1782 2746 1822 cum
2798 1768 2865 1822 iis
2902 1770 3143 1823 omnium
3176 1784 3360 1823 rerum

1779 1858 2241 1923 communionem,
2297 1868 2355 1913 ut
2416 1876 2538 1913 eum
2593 1860 2905 1915 hominibus
2954 1861 3144 1915 eodem
3199 1864 3362 1917 modo

1778 1946 1988 2002 allectis
2018 1958 2071 2003 et
2102 1949 2387 2016 fratribus,
2414 1953 2692 2005 tenendam
2721 1967 2843 2006 esse
2881 1968 3099 2007 censeo.
3130 1953 3223 2007 Sin
3259 1970 3360 2007 au—

1780 2039 2174 2111 tctn,Trypho,
2222 2042 2313 2111 qui
2364 2058 2429 2097 ex
2463 2052 2643 2097 vestro
2689 2058 2887 2112 genere
2922 2046 2974 2097 in
3023 2046 3163 2098 hunc
3202 2046 3364 2100 Chri-

1777 2142 1918 2185 stum
1961 2147 2080 2185 sese
2114 2134 2301 2188 dicunt
2336 2134 2581 2199 credere,
2626 2150 2721 2190 eos
2762 2136 2849 2203 qui
2892 2152 2959 2189 ex
3006 2137 3257 2205 gentibus
3307 2141 3361 2194 in

1774 2224 1920 2277 hunc
1967 2223 2246 2278 Christum
2296 2224 2546 2288 credunt,
2575 2226 2796 2280 omnino
2838 2229 3135 2282 secundum
3182 2229 3356 2300 legem

1787 2328 1888 2383 pt'r
1913 2314 2149 2386 Moysent
2179 2316 2480 2371 institutam
2511 2327 2707 2387 cogant
2738 2318 2939 2384 vivere,
2970 2328 3063 2373 aut
3083 2318 3353 2387 ejusmodi

1790 2408 2188 2461 consuetudine
2234 2423 2355 2462 cum
2403 2409 2486 2462 eis
2533 2408 2789 2478 conjungi
2825 2410 3015 2477 nolint,
3058 2427 3168 2465 non
3220 2428 3355 2469 sane

1772 2495 1872 2549 hos
1903 2486 2063 2549 etiam
2093 2498 2349 2551 similiter
2373 2498 2736 2567 probaverim.
2773 2500 2873 2566 Qui
2918 2517 3047 2559 vero
3092 2504 3159 2558 ab
3182 2506 3262 2560 eis
3286 2506 3354 2559 ad

1771 2583 1904 2651 legis
1942 2585 2380 2641 observationem
2422 2602 2544 2641 cum
2589 2587 2935 2646 confessione
2982 2593 3033 2646 itt
3068 2594 3346 2651 Christum

1770 2675 1861 2729 Dei
1917 2675 2348 2748 conjungendam
2397 2680 2615 2734 adducti
2679 2680 2918 2748 fuerint,
2973 2700 3068 2740 eos
3124 2686 3352 2743 forsitan

1767 2768 1933 2822 etiam
1962 2769 2192 2823 salutem
2222 2770 2518 2839 adepturus
2539 2775 2808 2841 suspicor.
2837 2778 2908 2831 At
2933 2778 3025 2847 qui
3054 2792 3346 2849 postquam

1767 2861 2003 2916 confessi
2035 2862 2236 2917 fuerint
2266 2872 2319 2916 et
2352 2868 2673 2934 agnoverint
2705 2869 2845 2922 hunc
2870 2885 2995 2925 esse
3047 2870 3349 2939 Christum,

1765 2966 2090 3021 quacunque
2122 2953 2191 3008 de
2219 2969 2378 3009 causa
2420 2957 2486 3009 ad
2527 2957 2658 3026 legis
2684 2959 3115 3015 observationem
3153 2964 3348 3016 tradu-

1766 3043 1837 3097 cti
1886 3045 2199 3113 negaverint
2232 3047 2376 3100 hunc
2418 3062 2538 3102 esse
2577 3050 2881 3115 Christum,
2932 3068 3031 3107 nec
3074 3056 3349 3123 poeniten-

118 3142 308 3207 οὐδόλως
339 3143 681 3215 σωθήσεσθαι
709 3141 1103 3213 ἀποφαίνομαι.
1132 3140 1243 3195 Καὶ
1276 3143 1401 3205 τοὺς
1429 3143 1535 3196 ἀπὸ
1567 3143 1657 3197 τοῦ

1838 3148 1899 3185 ιη
1944 3142 2070 3188 ante
2101 3146 2331 3192 mortem
2368 3140 2600 3208 egerint,
2631 3140 2832 3195 nullam
2872 3142 2939 3197 iis
2965 3145 3195 3200 salutem
3229 3148 3349 3204 fore

121 3233 389 3306 σπέρματος
422 3236 515 3290 τοῦ
545 3235 798 3309 Ἀϐραὰμ
829 3234 1036 3301 ζῶντας
1061 3236 1201 3289 κατὰ
1227 3235 1316 3289 τὸν
1346 3236 1529 3306 νόμον,
1565 3238 1659 3291 καὶ

120 3325 190 3376 ἐπὶ
216 3328 384 3381 τοῦτον
416 3329 507 3382 τὸν
541 3328 777 3400 Χριστὸν
815 3327 890 3399 μὴ
930 3326 1283 3391 πιστεύοντας
1323 3327 1453 3399 πρὶν
1485 3328 1661 3382 τελευ-

120 3414 195 3484 τῆς
224 3417 303 3470 τοῦ
354 3418 501 3488 βίου,
548 3419 610 3471 ού
660 3418 997 3489 σωθήσεσθαι
1042 3417 1245 3489 ὁμοίως
1287 3417 1657 3489 ἀποφαίνομαι

1766 3236 2044 3280 assevero.
2086 3226 2155 3279 Et
2191 3228 2281 3297 qui
2314 3243 2379 3283 ex
2419 3232 2627 3285 semine
2654 3232 2886 3287 Abrahae
2908 3235 3012 3289 orti
3044 3238 3343 3293 secundum

1762 3317 1940 3389 legem
1968 3321 2227 3387 vixerint,
2255 3338 2355 3379 nec
2388 3334 2513 3377 ante
2540 3325 2665 3379 vitae
2691 3328 2897 3381 exitum
2928 3329 2981 3381 in
3014 3330 3155 3384 httnc
3178 3331 3343 3385 Chri—

1766 3423 1909 3467 stum
1949 3414 2307 3480 crediderint,
2342 3417 2594 3472 similiter
2632 3420 2811 3473 salvos
2841 3421 3064 3476 minime
3100 3422 3345 3480 facturos

1758 3518 1878 3558 esse
1909 3505 2177 3559 confirmo
2204 3508 2321 3578 (eos
2343 3510 2647 3577 praesertim
2668 3511 2758 3578 qui
2792 3512 2843 3563 in
2862 3512 3156 3582 synagogis
3178 3529 3343 3569 exse-

1756 3596 1891 3651 crati
1909 3607 2098 3653 suntet
2112 3609 2464 3654 exsecrantur
2480 3601 2621 3655 hunc
2635 3600 3182 3673 Christum),omniuo
3194 3608 3340 3662 enim

1754 3688 1984 3743 salutem
2022 3702 2468 3760 assequerentur,
2496 3703 2547 3747 et
2578 3695 2646 3749 ab
2678 3695 2818 3764 ignis
2853 3697 3116 3765 supplicio
3140 3697 3340 3752 libera-

1756 3792 1965 3835 rentur.
1994 3780 2129 3835 Nam
2164 3782 2254 3852 qui
2275 3785 2645 3852 prenitentiatu
2678 3797 3024 3855 peccatorum
3057 3789 3335 3858 agit,eum

1755 3872 2064 3943 benignitas
2081 3884 2131 3929 et
2147 3875 2454 3931 humanitas
2476 3877 2568 3932 Dei
2585 3887 2641 3933 et
2663 3879 3003 3935 immensitas
3022 3882 3332 3937 divitiarum

122 3505 210 3577 (καὶ
239 3510 456 3579 μάλιστα
489 3514 619 3576 τοὺς
662 3514 718 3565 ὲν
752 3514 872 3577 ταῖς
907 3513 1253 3581 συναγωγαῖς
1286 3512 1659 3585 καταναθεμα-

119 3601 329 3667 τίταντας
370 3605 460 3657 καὶ
494 3602 1103 3675 καταναθεματίζοντας
1145 3604 1231 3657 ἐπ’
1266 3606 1428 3660 αὑτὸν
1468 3607 1655 3662 τοῦτον

120 3695 188 3747 τὸν
209 3696 438 3768 Χριστὸν)
470 3697 568 3751 καὶ
599 3698 705 3749 πᾶν
725 3697 872 3759 ὅπως
904 3696 974 3766 (7)
999 3695 1199 3766 τύχωσι
1223 3697 1322 3766 τῆς
1357 3699 1648 3769 σωτηρίας,

120 3785 302 3859 καὶτῆς
326 3788 593 3859 τιμωρίας
627 3787 725 3857 τῆς
759 3789 815 3839 ὲν
852 3785 928 3857 τῷ
972 3788 1105 3859 πυρὶ
1138 3787 1545 3857 ἀπαλλαγῶσιν.
1587 3790 1651 3843 Ἠ

119 3875 202 3947 γὰρ
221 3880 504 3950 χρηστότης
540 3878 637 3932 καὶ⁸
670 3881 702 3950 ἡ
748 3878 1125 3950 φιλανθρωπία
1166 3878 1258 3933 τοῦ
1294 3878 1427 3933 Θεοῦ
1462 3880 1557 3934 καὶ
1590 3880 1651 3933 τὸ

1749 4092 1814 4131 ex
1848 4078 2068 4145 Virgine
2102 4077 2293 4141 Maria,
2330 4097 2348 4130 ι
2380 4086 2435 4132 et
2457 4093 2484 4130 a
2508 4075 2729 4141 Jndzeis,
2757 4079 3007 4147 quamvis
3031 4077 3206 4148 legem
3232 4083 3333 4137 ob-

1748 4158 2054 4213 servarent,
2091 4149 2162 4201 ita
2198 4158 2255 4201 ut
2287 4163 2386 4202 nec
2425 4148 2723 4203 Christiani
2765 4157 2952 4203 essent
3004 4165 3104 4203 nec
3134 4149 3329 4209 Judaei.

1746 4218 1806 4270 2ο
1831 4218 1937 4272 Eos
1963 4221 2028 4273 de
2059 4219 2260 4273 Chrisd
2294 4219 2581 4272 divinitate
2612 4220 2955 4272 consensisse
2984 4228 3035 4272 et
3068 4223 3137 4273 ab
3164 4220 3332 4275 ΕΙ»ίο-

1748 4289 1881 4360 nilis
1908 4288 2337 4360 longediversos
2360 4288 2552 4360 fuisse
2579 4299 2745 4356 patet.
2781 4286 2892 4342 Hoc
2932 4289 3080 4342 enim
3109 4304 3328 4360 semper

118 4356 525 4440 esse'Chrjstum'
567 4356 918 4440 agurijerint,‘
948 4356 1084 4440 legis
1123 4356 1643 4440 quoq'ue_i_nstitnt:_t
1744 4356 2026 4440 {liSllnllltf
2047 4358 2335 4440 ‘iltlel'n-el.
2359 4357 2710 4440 Tryphonem
2757 4361 3038 4440 convenit,
3070 4356 3243 4440 nulla
3269 4376 3329 4440 re

121 4431 268 4484 volunt
306 4428 628 4502 ubsel-vare:
664 4432 910 4502 (Trypho
959 4428 1326 4501 pﬂuloiaut'e:
1360 4437 1514 4491 Μετά
1547 4437 1640 4490 τοῦ
1673 4498 1703 4502 _
1748 4429 1869 4481 illos
1902 4443 1939 4502 a_
1960 4429 2177 4481 αξιοι-ῖς
2203 4428 2535 4502 Christianis
2572 4430 2907 4502 discrepare,
2936 4428 3041 4481 nisi
3070 4430 3202 4498 legis
3231 4431 3327 4485 0b-

119 4500 190 4549 καὶ
216 4498 551 4576 ωῦτονλεῖναι
593 4498 683 4576 τὸν
717 4498 981 4576 Χρὶστμὸῷο
1024 4503 1414 4562 ἐπίστασθαι...
1464 4505 1643 4576 βούλε-

1838 4499 2073 4576 vatione,
2106 4512 2207 4576 nec
2225 4498 2373 4576 aliud
2399 4512 2576 4552 causae
2605 4501 2856 4576 suberat,
2875 4513 2972 4576 cur
3000 4514 3094 4576 eos
3124 4516 3152 4551 a
3172 4515 3326 4576 com-

120 4582 184 4621 ται
209 4571 493 4651 καί-,ταῦτα
526 4568 865 4651 φυλᾲσσειν),
901 4574 951 4625 id
976 4578 1116 4651 quod
1132 4577 1192 4651 in
1217 4568 1517 4651 causaerat
1543 4594 1641 4632 cur

1841 4570 2007 4646 niotte
2047 4568 2398 4651 excluderent
2426 4568 2691 4651 nonnulli.
2724 4595 2794 4606 —
2828 4568 2962 4619 Δεῖν
2994 4569 3325 4651 (istoscqu?

123 4642 317 4719 nottnulli
342 4659 377 4719 a_
393 4636 774 4698 communione
803 4643 923 4697 illos
951 4636 1527 4719 e§.cl_uderent._0no.
1736 4654 1863 4718 par.
1898 4642 1971 4718 Ita
1991 4636 2101 4705 jam
2125 4636 2412 4719 Sylburgio
2434 4638 2762 4719 observante
2785 4650 2995 4719 tnar_!yr
3015 4636 3133 4719 sine
3154 4639 3324 4719 dubio

1742 4709 1994 4777 scripsit;
2050 4723 2241 4776 nempe
2268 4710 2459 4762 eodem
2505 4707 2665 4760 tnodo
2695 4717 2748 4760 et
2790 4708 2951 4776 paulo
2984 4708 3126 4762 infra
3158 4710 3242 4763 bis
3266 4722 3323 4766 et

1744 4779 1873 4833 alibi
1918 4778 2296 4849 ἀποφαίνομαι
2326 4792 2467 4849 saepe
2508 4787 2772 4831 occurrit.
2808 4780 2878 4849 Allt
2910 4781 3067 4832 codd.
3098 4794 3233 4833 nisa.
3265 4794 3321 4836 et

1741 4850 1901 4904 editis
1941 4849 2051 4903 δεῖν
2091 4847 2510 4918 ἀποφαίνεσθαι,
2545 4848 2686 4918 quod
2740 4847 2888 4918 solus
2937 4849 3193 4903 Maranus
3234 4853 3317 4905 sic

1743 4920 2036 4973 defendere
2088 4915 2300 4985 studet,
2361 4930 2417 4971 ut
2466 4915 2879 4988 ἀποφαίνεσθαι
2917 4926 2983 4971 ad
3035 4920 3317 4988 superiota

1742 4992 1903 5060 verba
1942 4991 2160 5055 referat,
2194 4989 2346 5058 quasi
2377 4992 2640 5056 scriptum
2664 4990 2735 5043 sit
2762 4987 2898 5043 ἀλλὰ
2915 4987 3166 5053 σύναινός
3193 4991 3313 5060 εἰμι

1737 5058 1841 5131 τοῦ
1866 5060 1932 5131 (ἲ)
1966 5060 2378 5130 ἀποφαίνεσθαι.
2413 5060 2588 5115 Orto.

1813 5130 1890 5199 t7)
1923 5132 2030 5184 Kal
2050 5131 2172 5186 πᾶν
2198 5133 2375 5197 ὅπως.
2408 5131 2576 5199 Hujus
2612 5132 2712 5185 loci
2742 5130 3097 5199 intelligentia
3126 5146 3192 5186 ex
3224 5134 3314 5188 his

1736 5217 1859 5271 qua:
1892 5207 2207 5269 praecedunt
2233 5214 2429 5270 etquae
2452 5214 2758 5270 sequuntur
2788 5206 3076 5271 repetenda
3097 5241 3112 5264 ,
3142 5202 3309 5271 idque

173 4080 235 4154 (ί)
254 4083 315 4133 Εἰ
337 4081 417 4154 μή
447 4098 522 4134 τι.
547 4080 858 4154 Legcttduut
887 4079 1027 4135 forte
1045 4082 1094 4135 εἰ
1119 4083 1195 4154 μὴ
1221 4082 1303 4135 ὅτι
1322 4082 1450 4153 (nisi
1471 4084 1644 4152 quia),

119 4147 655 4223 vel,cutu'Pearsouof,
694 4152 766 4221 μή
799 4154 1066 4223 sgnum),
1099 4147 1217 4207 sine
1243 4153 1289 4206 εί
1314 4147 1455 4223 quod
1482 4147 1642 4211 docto

122 4220 213 4271 viro
243 4221 531 4275 redundare
560 4220 797 4276 videtur.
842 4220 940 4276 En.
973 4222 1211 4278 ΡΑτιιοι..

172 4288 233 4357 (5)
254 4293 558 4364 [accurato
602 4290 717 4346 Hoc
764 4302 847 4364 est
887 4292 977 4364 qui
1026 4304 1209 4360 postea
1251 4310 1410 4364 quam
1453 4293 1638 4351 Iesum

172 4711 235 4784 l6)
289 4712 412 4767 Δεῖν
474 4715 933 4783 ἀποφαίνεσθαι.
989 4712 1081 4769 Vel
1154 4715 1436 4784 legendum
1498 4719 1638 4771 ἀπο-

121 4779 351 4855 φαίνομαι,
420 4801 543 4855 euut
597 4779 899 4855 'Sylburgio
946 4788 1030 4837 vel
1084 4779 1261 4855 pontis
1314 4787 1441 4841 illttd
1497 4789 1637 4841 ἁπο-

121 4850 355 4927 φαίνεσθαι
396 4850 759 4927 referendum
785 4850 850 4927 ad
902 4850 1184 4927 superi-ora
1238 4858 1438 4920 verba,
1478 4860 1633 4927 quasi

120 4923 334 4997 scriptum
388 4936 580 4997 esset;
649 4924 816 4980 Ἀλλὰ
876 4926 1124 4990 σύναινός
1170 4927 1284 4997 είμι
1339 4928 1431 4981 τοῦ
1496 4923 1635 4982 ἆπο-

121 4992 371 5068 φαίνεσθαι.
425 5000 496 5051 Ue
554 4995 653 5051 hac
702 4992 1451 5068 sanctitttartyris_lcttitate
1500 5015 1636 5053 non-

120 5063 234 5114 nulla
278 5068 584 5121 disserimus
640 5068 692 5121 itt
756 5063 1103 5123 Prurfatioue.
1156 5065 1308 5123 Nunc
1356 5071 1491 5122 satis
1549 5080 1633 5123 cst

120 5129 359 5208 observare
385 5141 466 5191 21°
495 5138 602 5191 Hos
635 5138 885 5191 Mosaicae
903 5138 1038 5207 legis
1066 5154 1189 5193 cum
1213 5138 1487 5205 Evangelii
1515 5156 1637 5208 pro-

122 5196 311 5258 fessione
360 5211 595 5263 cultores
654 5212 893 5264 nendum
954 5196 1022 5262 λῖι)
1068 5211 1322 5265 omnibus
1366 5196 1633 5265 Ecclesiis

122 5267 355 5331 damnatos
378 5280 562 5343 fuisse,
602 5295 724 5335 cum
756 5277 1005 5333 Justinus
1052 5281 1167 5335 haec
1211 5280 1498 5335 scriberet.
1528 5280 1631 5334 Ne-

124 5352 202 5416 ιιμε
218 5347 342 5400 enim
377 5350 522 5404 solus
560 5362 679 5405 erat
704 5348 958 5403 Justinus
996 5352 1084 5419 qui
1122 5367 1243 5405 cum
1273 5351 1353 5404 eis
1383 5366 1629 5406 commu-

122 5420 318 5481 nicaret;
346 5421 633 5486 quinetiam
667 5422 718 5474 in
751 5421 1006 5490 ambiguo
1031 5420 1269 5490 reliquit,
1298 5430 1478 5474 utrum
1510 5421 1631 5490 plu-

124 5490 189 5531 m
225 5500 383 5543 eSsent
412 5494 499 5559 qui
537 5506 633 5545 eos
683 5492 993 5558 rejicet'ettt,
1034 5508 1198 5559 quam
1247 5494 1338 5559 qui
1371 5492 1628 5545 admitte-

125 5560 233 5630 rent.
375 5564 582 5627 tandem
625 5563 677 5616 in
710 5572 960 5630 apertum
996 5563 1230 5616 schtsnta
1278 5577 1364 5615 res
1388 5571 1471 5615 est
1504 5578 1596 5629 per

124 5620 264 5703 μυρίᾳ.
299 5628 419 5684 Nam
440 5622 689 5687 testatur
720 5620 1079 5702 liicronyutus
1119 5648 1205 5701 ep.
1236 5634 1326 5694 80,
1358 5620 1627 5697 ejusmodi

125 5686 339 5770 homines,
382 5686 837 5770 quosiNaz-arteos
894 5686 1066 5763 νῖκαι,
1118 5686 1170 5756 ei
1212 5686 1262 5757 av
1294 5686 1628 5757 Christianis

126 5762 337 5834 damnari,
362 5762 601 5841 quatttvts
622 5777 909 5829 crederent
945 5793 961 5823 ι
996 5774 1047 5826 itt
1078 5772 1272 5827 Filium
1307 5773 1398 5826 Dei
1440 5784 1622 5827 natum

1738 5270 2085 5341 parenthesis
2119 5289 2220 5342 ope
2250 5274 2462 5327 facilius
2492 5274 2965 5327 animadvertitur.
2996 5270 3305 5338 Legendum

1737 5346 2119 5419 ct'go_videtur
2152 5344 2253 5397 κᾶν
2296 5343 2439 5419 πάνυ
2484 5360 2621 5419 πως,
2674 5342 3309 5419 οιο.,.ευι›ίιειειιιεειιιίο

1736 5410 2005 5473 videlicet.
2038 5417 2082 5467 si
2120 5427 2245 5468 ante
2275 5414 2463 5468 mortis
2484 5415 2687 5466 exitum
2714 5414 2955 5467 credant.
2993 5410 3205 5477 Langus
3223 5413 3307 5465 sic

1733 5484 1860 5550 legit
1890 5501 1903 5536 :
1941 5484 2560 5555 Καταναθεματίζοντας
2588 5484 2727 5555 τοὺς
2752 5484 2837 5534 ἐπ’
2870 5480 3032 5555 αὑτὸν
3057 5480 3148 5555 τὸν
3173 5481 3308 5553 Χρι-

1732 5556 1857 5608 στὸν
1884 5550 2246 5631 πιστεύοντας
2259 5555 2354 5609 καὶ
2379 5556 2454 5625 μὴ
2473 5552 2864 5631 μετανοοῦντας
2884 5550 2978 5631 καὶ
3005 5550 3116 5631 πᾶν
3130 5550 3309 5631 νπρᾶττ

1733 5642 1922 5688 τοντας
1937 5627 2105 5690 ὃπως,
2131 5622 2593 5705 etc._b'y|bui-gitts
2623 5629 2810 5705 eodem
2836 5628 2997 5705 tnth
3017 5622 3165 5705 legit,
3192 5622 3305 5675 nisi

1732 5701 1874 5770 quod
1914 5700 2039 5751 illud
2072 5698 2167 5751 καὶ
2202 5692 2681 5770 πᾶνίπράττοντας
2722 5694 2889 5770 refert
2931 5692 2997 5743 ad
3046 5692 3171 5770 τοῦς
3216 5708 3309 5744 πι-

1733 5762 2040 5833 στεύοντας,
2068 5771 2257 5824 recisis
2288 5762 2401 5824 illis
2427 5766 2647 5822 vocibus
2671 5762 2765 5817 καὶ
2786 5764 2865 5837 μὴ
2888 5762 3303 5833 μετανοοῦντας.
