3760 6504
381 344 486 402 579

1321 345 1382 405 s.
1420 345 1683 404 JUSTlNl
1712 346 2123 403 PHILOSOPHI
2156 347 2246 403 ET
2273 322 2668 404 mantus

3562 353 3666 407 580

378 462 520 533 ejus,
570 450 1027 532 quemadmodum
1084 477 1183 533 per
1231 461 1573 520 Ezechielem
1612 466 1850 520 declarat
1884 465 1960 528 ³⁸,

2121 483 2306 537 ιετρον
2325 466 2418 520 τοῦ
2454 465 2682 519 πλούτου
2706 464 2873 519 αὑτοῦ
2908 465 2998 519 τὸν
3023 464 3395 536 μετανοοῦντα
3422 465 3534 519 ἀπὸ
3557 468 3668 519 τῶν

377 556 609 628 perinde
645 571 706 609 ac
731 555 941 623 justum
972 565 1027 610 et
1072 568 1299 627 peccato
1333 568 1609 612 carentem
1643 557 1840 624 habet;
1870 558 1963 627 qui

383 657 567 702 autem
598 664 625 701 a
672 649 873 718 pietate
905 658 959 702 et
985 649 1209 718 iustitiae
1232 650 1615 704 observatione
1645 651 1711 703 ad
1749 649 1965 718 iniusti-

380 740 511 794 tiam
553 750 607 794 et
656 741 988 808 impietatem
1023 741 1332 806 delabitur,
1364 756 1487 795 eum
1533 750 1590 794 ut
1620 750 1961 810 peccatorem

380 843 436 886 et
469 832 728 900 iniustum
764 842 820 886 et
851 833 1072 902 impium
1104 843 1378 887 numerat.
1407 834 1749 901 Quapropter
1782 833 1964 886 Domi-

385 941 489 978 nus
541 934 725 981 noster
755 925 916 979 Jesus
951 924 1204 978 Christus
1254 924 1426 979 dixit:
1462 942 1481 975 ‹
1531 924 1589 978 In
1637 923 1832 993 quibus
1866 939 1963 978 vos

384 1020 814 1087 deprehendero,
845 1019 897 1071 in
932 1016 1018 1072 his
1044 1015 1399 1085 etjudicabo.
1439 1035 1458 1069 ι

453 1134 542 1187 48.
576 1134 871 1200 Antequam
906 1132 1085 1202 probet
1112 1130 1441 1184 divinitate»:
1473 1129 1696 1197 Christi,
1732 1132 1961 1199 postulat

380 1236 436 1279 ut
461 1225 626 1293 ﬁxum
651 1232 859 1277 maneat
888 1240 1006 1276 cum
1030 1239 1141 1276 esse
1172 1222 1459 1276 Christum.
1487 1255 1557 1263 —
1588 1223 1685 1277 Hic
1705 1223 1960 1296 Trypho:

382 1320 447 1373 Et
475 1320 560 1373 bis
586 1319 651 1373 de
685 1320 846 1371 rebus
876 1317 1007 1385 quid
1036 1316 1292 1379 sentires,
1328 1319 1659 1372 audivimus.
1692 1318 1965 1389 Repetens

380 1414 546 1481 igitur
584 1425 926 1475 sermonem,
980 1411 1178 1478 inquo
1230 1411 1494 1474 desieras,
1544 1411 1780 1467 absolve.
1829 1411 1962 1468 Nam

379 1502 647 1558 mirabilis
688 1501 909 1568 quidam
960 1500 1091 1553 mihi
1126 1500 1363 1563 videtur,
1398 1511 1450 1554 et
1480 1501 1571 1567 qui
1614 1516 1837 1569 prorsus
1867 1506 1962 1558 de-

380 1592 674 1648 monstrari
709 1606 816 1645 non
856 1591 1048 1659 possit.
1085 1588 1239 1655 Quod
1278 1589 1423 1642 enim
1458 1590 1539 1643 ais
1569 1593 1964 1657 prazexstitisse

383 1688 548 1742 Deum
570 1682 731 1755 1M
753 1695 881 1738 ante
917 1684 1111 1736 sateula
1151 1684 1295 1736 hunc
1331 1681 1630 1748 Christum,
1669 1699 1734 1737 ac
1770 1684 1964 1739 deinde

380 1782 547 1833 etiam
587 1778 739 1831 nasci
778 1776 1052 1831 hominem
1092 1774 1294 1829 factum
1330 1776 1696 1841 sustinuisse,
1734 1793 1834 1831 nec
1869 1780 1965 1831 lio-

2067 556 2506 628 ἁμαρτημάτων,
2552 557 2629 621 ὡς
2667 556 2734 609 δι’
2774 554 3033 628 Ἰεζεκιὴλ
3085 558 3303 627 μηνύει,
3343 558 3421 621 ὡς
3456 557 3667 611 δίκαιον

2066 649 2161 701 καὶ
2193 650 2578 721 ἀναμάρτητον
2613 650 2723 720 ἔχει
2746 666 2759 679 ·
2797 650 2892 702 καὶ
2937 650 3028 703 τὸν
3056 651 3165 705 ἀπὸ
3199 651 3492 715 εὐσεϐείας
3525 653 3555 723 ἢ
3595 652 3671 705 διο

2065 742 2428 814 καιοπραξίας
2466 743 2719 813 μετατιθέ
2730 759 2889 813 μενον
2905 743 2997 795 ἐπὶ
3020 744 3236 798 ἀδικίαν
3260 744 3358 798 καὶ
3394 746 3668 818 ἀθεότητα

2064 830 2140 895 ὡς
2171 833 2495 904 ἁμαρτωλὸν
2535 834 2630 887 καὶ
2665 833 2849 887 ἄδικον
2870 835 2979 887 ,καὶ
3014 835 3187 906 ἀσεϐῆ
3224 835 3540 890 ἐπίσταται.
3577 837 3670 889 Διὸ

2064 923 2160 977 καὶ
2192 926 2219 977 6
2248 923 2521 996 ἡμέτερος
2551 925 2756 995 Κύριος
2792 925 2999 996 Ἰησοῦς
3031 926 3266 995 Χριστὸς
3296 924 3485 980 εἶπεν·
3526 948 3543 979 ι
3576 930 3669 981 Ἐν

2062 1011 2144 1081 οἷς
2175 1016 2239 1070 ἂν
2263 1018 2409 1088 ὑμᾶς
2445 1018 2514 1086 (8)
2543 1017 2848 1081 καταλάϐω,
2885 1020 2943 1071 ὲν
2976 1018 3182 1081 τούτοις
3208 1019 3305 1072 καὶ
3327 1019 3523 1092 κρινῶ.
3568 1041 3589 1071 ι

2138 1132 2228 1186 48.
2262 1132 2373 1187 Kal.
2418 1134 2447 1185 6
2491 1131 2747 1203 Τρύφων·
2776 1132 2887 1185 Καὶ
2917 1132 3043 1203 περὶ
3075 1131 3277 1185 τούτων
3314 1134 3420 1185 ὅσα
3452 1137 3669 1204 φρονεῖς

2073 1226 2418 1297 ἀκηκόαμεν,
2472 1221 2643 1277 εἶπεν.
2688 1223 3001 1278 Ἀναλαϐὼν
3053 1222 3146 1278 οὖν
3199 1226 3289 1278 τὸν
3331 1226 3495 1294 λόγον
3545 1227 3670 1280 ὅθεν

2065 1320 2311 1382 ἐπαύσω,
2346 1315 2601 1388 πέραινεο
2641 1315 2944 1386 παράδοξός
2992 1335 3075 1381 τις
3120 1316 3228 1389 γάρ
3275 1335 3408 1370 ποτε
3446 1318 3521 1389 (9)
3571 1322 3668 1371 καὶ

2069 1412 2141 1484 μὴ
2174 1410 2469 1480 δυνάμενος
2498 1407 2634 1470 ὅλως
2666 1406 3052 1477 ἀποδειχθῆναι
3086 1408 3231 1462 δοκεῖ
3270 1427 3360 1481 μοι
3398 1406 3560 1465 εἶναι.
3595 1410 3667 1465 Τὸ

2065 1510 2173 1580 γὰρ
2202 1505 2381 1573 λέγειν
2425 1520 2486 1555 σε.
2536 1504 2911 1575 προῦπάρχειν
2956 1502 3087 1555 Θεὸν
3123 1504 3251 1557 ὄντα
3298 1504 3409 1575 πρὸ
3453 1504 3666 1560 αἰώνων

2064 1599 2250 1653 τοῦτον
2300 1595 2390 1648 τὸν
2424 1595 2681 1668 Χριστὸν,
2713 1590 2830 1647 εἶτα
2866 1594 2962 1647 καὶ
3000 1595 3326 1666 γεννηθῆναι
3373 1596 3663 1669 ἄνθρωπον

2065 1690 2360 1762 γενόμενον
2390 1690 2699 1759 ὑπομεῖναι,
2719 1685 2814 1739 καὶ
2840 1686 2921 1738 ὅτι
2947 1689 3047 1739 οὐκ
3068 1674 3353 1759 ἄνθρωπος
3380 1687 3440 1752 ἐξ
3461 1687 3665 1759 ἀνθρὼ-

2066 1803 2189 1848 που,
2225 1785 2286 1838 ού
2306 1784 2467 1857 μόνον
2519 1781 2822 1854 παράδοξον
2854 1781 3001 1835 δοκεῖ
3042 1799 3134 1853 μοι
3187 1775 3351 1846 εἶναι,
3399 1781 3537 1835 ἀλλά
3569 1783 3664 1835 καὶ

381 1874 585 1929 minem
620 1888 688 1927 ex
727 1873 1049 1927 hominibus
1097 1885 1238 1937 esse,
1290 1871 1341 1925 id
1396 1887 1501 1926 non
1539 1873 1714 1927 solum
1750 1876 1818 1928 ab
1852 1874 1968 1943 Opi-
1999 1867 2041 1918 Β
2073 1878 2280 1949 μωρόν.

383 1968 546 2021 nioue
580 1966 886 2021 abhorrens
924 1964 1053 2017 mihi
1089 1962 1341 2026 videtur,
1378 1964 1472 2017 sed
1509 1964 1675 2018 etiam
1712 1965 1962 2020 stultum.

452 2081 531 2134 Ad
568 2079 682 2133 haec
714 2092 845 2147 ego:
883 2077 1043 2142 Scio,
1081 2077 1298 2145 inquam
1321 2114 1337 2140 ,
1376 2077 1519 2131 hanc
1555 2078 1861 2132 doctrinam
1896 2078 1963 2133 ab

384 2174 641 2245 opinione
676 2171 1064 2223 abhorrentem
1100 2168 1293 2231 videri,
1329 2170 1633 2238 praesertim
1669 2169 1837 2224 vestri
1872 2186 1964 2240 ge-

382 2266 534 2322 neris
567 2264 905 2327 hominibus,
943 2262 1034 2331 qui
1071 2276 1193 2330 qua:
1228 2261 1321 2314 Dei
1358 2264 1490 2315 sunt
1524 2276 1625 2316 nec
1658 2262 1962 2330 intelligere

382 2376 481 2414 nec
516 2358 697 2412 facere
730 2369 968 2425 unquam
1004 2353 1391 2417 voluistis,sed
1425 2368 1545 2421 qua:
1580 2352 1961 2422 magistrorum

382 2459 707 2512 vestrorum,
756 2447 1210 2517 quemadmodum
1263 2446 1377 2515 ipse
1441 2446 1585 2499 Deus
1634 2447 1836 2500 clamat
1892 2446 1957 2499 δ’.

385 2543 491 2597 Sed
542 2552 744 2603 tamen,
791 2538 1033 2610 Trypho,
1084 2553 1431 2606 nequaquam
1481 2536 1700 2590 irritum
1736 2547 1787 2590 et
1823 2535 1963 2590 infe-

382 2645 531 2688 ctum
566 2633 673 2687 erit
707 2633 850 2702 quod
887 2629 1305 2692 demonstravi,
1342 2635 1487 2683 hunc
1522 2642 1644 2694 esse
1686 2627 1960 2681 Christum

383 2724 501 2791 Dei,
538 2724 584 2778 si
620 2725 997 2778 demonstrare
1034 2736 1139 2776 non
1196 2720 1400 2790 possim
1439 2719 1589 2772 illum
1624 2719 1790 2773 etiam
1825 2732 1963 2786 prae—

384 2817 667 2872 exstitisse
689 2814 887 2868 Filium
917 2813 1193 2869 Creatoris
1229 2812 1626 2873 universorum,
1664 2810 1831 2865 Deum
1865 2824 1962 2864 ex-

384 2912 689 2971 sistentem,
737 2916 792 2961 et
836 2906 1114 2961 hominem
1164 2919 1230 2958 ex
1272 2904 1492 2972 Virgine
1544 2903 1783 2973 genitum
1819 2916 1959 2955 esse.

386 3000 492 3055 Sed
516 3015 638 3055 cum
674 2998 897 3053 omnino
927 2996 1363 3050 demonstratum
1395 2995 1467 3049 sit
1493 2996 1636 3048 hunc
1668 3008 1790 3048 esse
1805 2993 1962 3049 Chri-

387 3105 533 3148 stum
572 3090 688 3156 Dei,
724 3088 1120 3157 qualiscunque
1154 3086 1243 3140 ille
1279 3087 1386 3151 sit;
1439 3087 1484 3139 si
1523 3086 1705 3140 minus
1737 3085 1962 3140 demon-

390 3193 638 3237 stravero
685 3180 1079 3250 praiexstitisse
1112 3189 1168 3232 et
1202 3179 1475 3233 hominem
1527 3178 1962 3249 perpessionibus

2134 2071 2307 2141 Κάγὼ
2337 2073 2472 2145 πρὸς
2506 2073 2678 2127 ταῦτα
2714 2071 2881 2143 ἔφην·
2925 2068 3036 2127 Οἷδ’
3072 2075 3154 2126 ὅτι
3190 2071 3500 2145 παράδοξος
3525 2071 3552 2123 6
3587 2069 3670 2123 λό-

2062 2182 2158 2233 γος
2197 2166 2345 2218 δοκεῖ
2375 2162 2535 2231 εἶναι,
2584 2168 2678 2220 καὶ
2727 2166 2961 2238 μάλιστα
3020 2169 3131 2230 τοῖς
3174 2167 3285 2221 ἀπὸ
3340 2165 3436 2219 τοῦ
3475 2166 3666 2233 γένους

2064 2259 2239 2331 ὑμῶν,
2274 2260 2468 2323 οἵτινες
2503 2260 2570 2313 τὰ
2601 2258 2692 2313 τοῦ
2729 2258 2863 2311 Θεοῦ
2906 2256 3029 2311 οὕτε
3064 2257 3253 2327 νοῆσαι
3285 2256 3414 2310 οὔτε
3442 2255 3667 2325 ποιῆσαί

2064 2368 2195 2404 ποτε
2234 2350 2581 2424 βεϐούλησθε,
2618 2351 2751 2406 ἀλλὰ
2783 2353 2850 2406 τὰ
2885 2352 2989 2405 τῶν
3011 2350 3346 2405 διδασκάλων
3378 2348 3555 2420 ὑμῶν,
3593 2348 3668 2409 ὡς

2062 2444 2222 2507 αὐτὸς
2243 2446 2270 2497 6
2290 2444 2421 2507 Θεὸς
2456 2444 2570 2515 βοᾷ.
2605 2445 2741 2515 Ἤδη
2777 2444 2981 2515 μέντοι,
3005 2438 3049 2496 ὦ
3079 2442 3335 2515 Τρύφων,
3362 2436 3537 2503 εἷπον,
3565 2443 3668 2492 οὐκ

2061 2538 2364 2592 ἀπόλλυται
2404 2538 2463 2590 τὸ
2503 2538 2740 2591 τοιοῦτον
2778 2536 2885 2608 (10)
2922 2532 3062 2591 εἶναι
3102 2535 3340 2608 Χριστὸν
3376 2533 3468 2587 τοῦ
3505 2533 3667 2598 Θεοῦ,

2061 2632 2155 2685 ἐὰν
2188 2630 2465 2694 ἀποδεῖξαι
2500 2630 2573 2701 μὴ
2607 2630 2855 2701 δύνωμαι
2890 2631 2972 2683 ὅτι
3008 2627 3101 2682 καὶ
3136 2628 3497 2699 προϋπῆρχεν
3532 2626 3669 2690 Υἱὸς

2064 2723 2157 2777 τοῦ
2186 2722 2417 2793 Ποιητοῦ
2454 2722 2561 2774 τῶν
2595 2722 2755 2784 ὅλων,
2801 2721 2931 2784 Θεὸς
2977 2719 3072 2784 ὢν,
3104 2721 3199 2773 καὶ
3221 2719 3553 2790 γεγέννηται
3584 2718 3677 2771 ἇν-

2063 2813 2279 2885 θρωπος
2312 2814 2400 2866 διὰ
2434 2814 2530 2885 τῆς
2564 2812 2863 2884 Παρθένου.
2902 2812 3062 2864 Ἀλλὰ
3107 2814 3170 2864 ὲκ
3212 2812 3422 2875 παντὸς
3456 2811 3675 2864 ἀποδει-

2062 2906 2354 2977 κνυμένου,
2379 2906 2460 2958 ὅτι
2491 2900 2644 2969 οὗτος
2667 2908 2813 2959 ἐστιν
2835 2908 2862 2960 6
2883 2905 3114 2977 Χριστὸς
3147 2908 3175 2958 6
3199 2906 3293 2958 τοῦ
3318 2904 3483 2969 Θεοῦ,
3517 2906 3673 2968 ὅστις

2061 2994 2215 3065 οὗτος
2251 3001 2422 3067 ἔσται,
2459 3002 2556 3055 ἐὰν
2596 3003 2652 3055 δὲ
2688 3003 2762 3073 μὴ
2799 3000 3138 3056 άποδεικνύω
3179 3000 3297 3071 (Η)
3336 3002 3425 3053 ὃτι
3465 3006 3677 3072 προῦπ-

2062 3094 2200 3165 ῆρχε
2228 3133 2243 3158 ,
2289 3094 2385 3147 καὶ
2434 3094 2758 3165 γεννηθῆναι
2806 3093 3090 3167 ἄνθρωπος
3113 3092 3459 3168 ὁμοιοπαθὴς
3508 3096 3672 3163 ἡμῖν,

2065 3186 2244 3258 σάρκα
2277 3186 2434 3256 ἔχων,
2489 3186 2628 3239 κατά
2672 3187 2767 3257 τὴν
2802 3186 2893 3238 τοῦ
2930 3185 3143 3256 Πατρὸς
3201 3185 3405 3256 βουλὴν
3441 3185 3680 3256 ὑπέμει-

387 3276 595 3332 nostris
628 3274 952 3336 obnoxium,
988 3281 1042 3326 et
1076 3286 1296 3325 carnem
1346 3272 1630 3326 habentem
1668 3270 1837 3334 nasci,
1874 3286 1962 3324 se—

2121 3248 2180 3343 ;v,
2216 3280 2273 3331 ὲν
2307 3248 2480 3349 τούτῳ
2516 3248 2890 3349 πεπλανῆσθαί
2922 3295 2987 3348 με
3022 3248 3407 3349 μόνον-λέγειν
3441 3248 3676 3340 δίκαιον,

386 3367 623 3423 cundum
660 3365 836 3419 Patris
872 3363 1206 3418 voluntatem
1242 3363 1600 3429 sustinuisse;
1622 3364 1674 3417 in
1713 3365 1814 3417 hoc
1849 3374 1966 3416 latt-

389 3470 505 3517 tum
540 3475 754 3530 aequum
793 3456 960 3511 fuerit
996 3473 1081 3511 me
1114 3471 1331 3510 errasse
1384 3457 1589 3520 dicere,
1625 3471 1964 3525 nequaquam

388 3562 573 3609 autem
616 3565 817 3619 negare
848 3564 974 3604 eum
1022 3549 1300 3604 Christum
1352 3564 1494 3614 esse,
1539 3549 1751 3603 etiamsi
1803 3549 1967 3604 homo

387 3663 457 3705 ex
491 3645 805 3703 hominibus
839 3644 1055 3713 genitus
1086 3643 1361 3709 videatur,
1398 3656 1497 3697 nec
1529 3643 1823 3712 quidquam
1854 3658 1971 3697 am-

464 3849 512 3883 “
540 3849 737 3905 Ezech.
772 3846 1186 3916 “mnu-20.
1278 3846 1322 3877 ³⁹
1349 3845 1455 3901 lsa.
1483 3860 1639 3911 xxix,
1674 3844 1754 3902 l5.

465 4028 541 4097 (8)
588 4024 699 4097 ,Ἐν
732 4020 824 4097 οἷς
857 4023 939 4097 *ἂν
967 4022 1173 4097 ,ὑμᾶς-,ι
1210 4022 1361 4077 Hanc
1398 4021 1759 4097 sententiam,
1809 4035 1971 4097 quam

393 4091 639 4155 nonnulli
675 4091 1036 4149 ecclesiastici
1068 4094 1366 4163 scriptores
1398 4091 1508 4145 Deo
1554 4106 1651 4160 per
1684 4094 1975 4160 propheta-

394 4184 514 4224 tum
550 4168 789 4235 aliquem
826 4165 1067 4235 loquenti
1104 4163 1433 4235 attribuunt,
1468 4177 1533 4215 ex
1574 4163 1866 4235 Evangelio
1888 4176 1975 4215 se-

394 4233 929 4293 cundum'liebraaos
962 4250 991 4287 a
1024 4233 1240 4288 Justino
1275 4233 1651 4302 depromptam
1688 4233 1969 4287 existimat

392 4309 651 4370 Grabius,
680 4305 933 4374 Spicileg.
974 4305 1180 4374 tom.rl,
1218 4319 1273 4371 p.
1310 4305 1398 4358 M.

467 4379 544 4451 (9)
574 4373 918 4446 Παράδοξόζ·
948 4373 1163 4451 τιςγηάρ
1184 4388 1347 4451 ποτε,
1380 4374 1667 4451 Redundat
1694 4384 1974 4451 postrema

394 4445 501 4506 voit
526 4445 592 4505 'et
626 4445 809 4509 vacat,
848 4462 946 4500 nec
992 4448 1207 4500 videtur
1244 4446 1555 4501 collocanda
1602 4455 1722 4514 post
1752 4445 1980 4516 δυνάμε-

394 4539 507 4585 νος,
547 4530 606 4573 ιιι
640 4518 847 4588 placuit
877 4516 1189 4588 Sylburgio.

469 4592 601 4662 (10)Δ
624 4585 1252 4662 Tatoﬁtoribegendum
1272 4585 1486 4662 τοῦτον,
1510 4587 1664 4662 _quod
1696 4586 1824 4641 olim
1860 4600 1975 4662 mo—

395 4656 519 4720 nuit
559 4656 641 4714 vir
674 4674 901 4728 magnus
947 4656 1099 4725 Htigo
1128 4656 1365 4728 Grotius
1399 4662 1467 4711 ad
1499 4657 1631 4711 Luc.
1672 4672 1834 4720 χχιιι,
1882 4656 1972 4728 55,

395 4744 451 4790 et
482 4746 652 4799 nuper
674 4725 1021 4783 doctissimus
1044 4727 1226 4799 Bullus
1253 4728 1307 4781 iu
1333 4727 1549 4781 Iudicio
1576 4728 1781 4782 Eccles.
1806 4725 1974 4791 satia,

440 4843 455 4858 .
489 4798 578 4855 69.
613 4800 829 4865 Langus
865 4800 1027 4851 etiam
1059 4798 1252 4862 vertit,
1292 4816 1311 4850 ι
1364 4800 1642 4853 Christum
1678 4801 1821 4853 hunc
1852 4810 1976 4851 esse

446 4874 517 4928 ei.
554 4891 573 4924 ι
600 4870 911 4923 Τιιιιιιιιιυδ.

468 4943 583 5013 (tl)
614 4941 758 5013 Ἐὰν
777 4938 850 5013 δὲ
862 4937 949 5013 μὴ
975 4936 1368 5013 ἀποδεικνύω.
1399 4938 1687 5013 Redundat
1717 4939 1821 5013 hoc
1853 4937 1975 4991 loco

401 5008 535 5072 illud
566 5008 649 5076 δέ,
685 5021 744 5063 ιιι
781 5010 935 5074 initio
982 5009 1143 5079 Apol.
1169 5024 1208 5075 ι,
1249 5020 1303 5063 et
1335 5025 1475 5079 saepe
1519 5009 1677 5064 alias.
1729 5008 1842 5062 Hac
1876 5023 1975 5079 aut

404 5088 512 5141 tem
546 5075 884 5153 praefatione,
920 5075 1084 5147 quam
1118 5075 1587 5153 Justinusfuturae
1621 5075 1974 5148 disputationi

402 5150 711 5228 praemittit,
746 5150 942 5228 mirum
983 5153 1035 5228 in
1078 5151 1296 5228 modum
1330 5151 1486 5204 abusi
1515 5159 1645 5228 sntit
1682 5160 1737 5204 et
1762 5162 1978 5228 remon-

402 5217 645 5282 stratites
678 5224 732 5276 in
772 5236 868 5273 sua
904 5220 1158 5289 Apologia
1187 5222 1449 5274 adversus
1471 5219 1812 5288 professores
1841 5217 1980 5287 Ley-

403 5301 623 5357 denses,
665 5306 719 5347 et
747 5290 1069 5361 Episcopius
1102 5292 1155 5343 in
1190 5290 1438 5359 pluribus
1479 5293 1548 5345 ad
1585 5290 1978 5361 hujusApato-

401 5370 505 5439 gite
548 5357 917 5439 defensionem
949 5357 1511 5439 elucubrationibus,
1557 5357 1812 5439 Sat-inulti
1860 5357 1977 5439 alii.

402 5427 750 5493 Contendunt
781 5432 1058 5486 Iustinum
1102 5432 1207 5486 huc
1242 5441 1452 5485 tantum
1488 5446 1517 5482 a
1548 5428 1773 5491 Judeis,
1808 5439 1866 5484 ut
1888 5427 1979 5482 Je-

405 5524 526 5561 sum
562 5506 787 5560 credant
824 5518 946 5557 esse
978 5502 1280 5564 Christum,
1332 5501 1467 5554 nihil
1502 5499 1733 5569 amplius
1767 5512 1974 5569 petere,

404 5588 461 5631 et
500 5579 701 5631 idcirco
743 5577 810 5628 ad
845 5574 1166 5626 imitandum
1206 5573 1286 5625 eis
1328 5584 1632 5639 Proponere
1670 5569 1977 5638 exemplum

409 5648 791 5702 nonnullorum
836 5644 1307 5705 Christianorum,
1364 5643 1456 5707 qui
1498 5644 1748 5708 quamvis
1792 5639 1978 5693 Jesum

411 5727 672 5786 negarent
726 5717 922 5786 Deum,
955 5714 1244 5786 Christum
1291 5721 1471 5786 tamen
1521 5725 1647 5786 non.
1681 5711 1976 5781 negabant.

410 5781 556 5842 Nihil
589 5788 880 5841 absurdius
912 5785 998 5839 his
1038 5781 1571 5839 ratiocinationibus.
1608 5781 1742 5837 Cum
1778 5790 1979 5835 metue-

2070 3371 2206 3427 ἀλλὰ
2255 3371 2329 3443 μὴ
2378 3370 2660 3443 ἀρνεῖσθαι
2707 3371 2788 3423 ὃτι
2822 3362 2977 3433 οὗτός
3006 3372 3152 3422 ἐστιν
3196 3372 3225 3423 6
3267 3370 3528 3442 Χριστὸς,
3576 3370 3678 3422 ἐὰν

2073 3463 2331 3534 φαίνηται
2364 3463 2439 3526 ὼς
2474 3463 2757 3534 ἅνθρωπος
2791 3462 2848 3529 ἐξ
2893 3460 3196 3534 ἀνθρώπων
3226 3462 3540 3534 γεννηθεὶς,
3579 3462 3681 3516 καὶ

2076 3556 2275 3626 ἐκλογὴ
2300 3555 2593 3625 γενόμενος
2627 3557 2706 3619 εἰς
2736 3556 2826 3608 τὸν
2859 3554 3090 3627 Χριστὸν
3124 3550 3268 3607 εἶναι
3306 3555 3420 3625 (12)
3455 3557 3682 3610 ἀποδει-

2077 3646 2327 3716 κνύηται.
2360 3646 2472 3701 Καὶ
2507 3646 2615 3716 γάρ
2671 3645 2778 3699 εἰσί
2828 3662 3001 3713 τινες,
3038 3639 3083 3699 ὦ
3118 3646 3285 3716 φίλοι,
3322 3648 3532 3717 ελεγον,
3566 3648 3681 3702 ἀπὸ

2085 4027 2167 4072 ret
2200 4017 2445 4073 Justinus
2469 4030 2537 4071 ne
2565 4013 2670 4071 sibi
2704 4013 3015 4070 elaberetur
3044 4013 3378 4071 inconstans
3401 4025 3456 4071 et
3486 4015 3679 4084 fugiti-

2082 4104 2181 4143 vus
2198 4087 2503 4158 Tryphonis
2520 4087 2757 4158 animus,
2778 4084 2880 4139 hac
2903 4100 3026 4158 eum
3045 4086 3427 4142 admonitione
3450 4098 3505 4142 et
3533 4088 3677 4157 lege,

2080 4159 2247 4213 veluti
2276 4156 2524 4227 quodam
2562 4156 2724 4221 nodo,
2757 4156 3133 4227 constringere
3178 4168 3441 4221 conatur,
3482 4168 3541 4209 ut
3579 4156 3671 4211 ss.

2083 4224 2323 4284 sensum—
2349 4243 2503 4282 suum
2546 4227 2639 4290 iis,
2669 4242 2791 4295 qua:
2830 4224 2940 4293 jam
2989 4224 3268 4295 disputata
3322 4227 3575 4290 fuerant,
3612 4246 3679 4285 ne

2082 4301 2354 4363 retrahat,
2399 4297 2614 4350 etiamsi
2664 4296 2843 4348 minus
2883 4296 3219 4349 assentiatur
3250 4297 3317 4349 iis
3361 4313 3484 4364 qua:
3518 4299 3682 4352 dein-

2083 4385 2211 4440 ceps
2263 4371 2621 4440 disserentur.
2658 4365 2804 4440 Idem
2855 4380 2987 4440 ergo
3023 4364 3153 4417 facit
3197 4365 3489 4430 Justinus,
3525 4371 3677 4431 quod

2082 4437 2256 4495 solers
2286 4447 2342 4491 et
2371 4438 2609 4506 prudens
2634 4437 2860 4505 quisque
2893 4438 3231 4504 disputator;
3275 4453 3381 4492 nec
3414 4455 3480 4492 ea
3516 4440 3678 4507 parvi

2008 4502 2054 4557 Ι)
2082 4510 2268 4579 pendit
2297 4502 2417 4578 qua:
2439 4509 2618 4560 dicere
2636 4502 2897 4579 parabat,
2927 4502 3020 4559 sed
3047 4518 3207 4560 curat
3237 4519 3295 4561 ut
3324 4510 3379 4562 in
3412 4502 3533 4563 ιιιιό
3563 4521 3679 4563 sunt

2077 4578 2201 4648 Qua:
2223 4579 2334 4648 jam
2361 4579 2595 4648 dixerat.
2635 4578 2837 4648 horum
2863 4587 3043 4629 autem
3081 4579 3426 4646 exemplum,
3454 4582 3553 4647 qui
3579 4579 3677 4633 Je-

2077 4646 2198 4704 sum
2227 4646 2506 4718 negabant
2529 4646 2720 4709 Deum,
2748 4646 2841 4699 sed
2864 4647 3144 4718 Christum
3174 4662 3298 4702 esse
3323 4646 3675 4716 fatebantur,

2077 4734 2184 4774 non
2218 4733 2283 4773 eo
2310 4726 2550 4787 spectat,
2572 4727 2630 4769 ut
2665 4717 3019 4787 deteStabiles
3058 4717 3303 4772 haeretici
3345 4718 3675 4787 probentur,

2078 4792 2171 4845 sed
2196 4800 2254 4843 ut
2274 4786 2491 4843 constet
2524 4786 2709 4841 Jesum
2740 4801 2861 4858 esse
2884 4786 3187 4852 Christum,
3223 4786 3355 4842 cum
3388 4789 3443 4843 id
3474 4804 3681 4858 negare

2081 4876 2189 4915 non
2226 4861 2484 4920 audeant,
2520 4860 2612 4927 qui
2649 4857 2957 4910 certissima
2996 4873 3227 4925 quaeque
3262 4870 3493 4927 negant.
3533 4857 3679 4914 tincta

2079 4930 2333 4984 oumibus
2362 4926 2719 4997 scripturibus
2754 4930 2866 4981 luet:
2898 4926 3213 4994 disputandi
3251 4926 3419 4982 ratio.
3454 4929 3551 4983 δίο
3572 4931 3683 4983 Νο-

2080 5001 2336 5055 vatianus
2369 5001 2452 5068 (ut
2494 4998 2629 5051 alios
2664 4999 2934 5065 omittam)
2966 4997 3237 5051 Ebionitis
3264 5009 3321 5052 et
3354 5003 3681 5053 Artemoni-

2079 5074 2150 5125 tis
2174 5071 2363 5138 objicit
2392 5068 2698 5137 exetttplum
2734 5068 2967 5120 aliorum
3005 5068 3426 5138 haereticorum,
3462 5074 3562 5138 qui
3594 5088 3681 5123 ve-

2081 5137 2262 5196 ritatis
2297 5142 2416 5193 luce
2449 5137 3061 5211 perculsiqdivinitatetn
3099 5137 3312 5193 Christi
3359 5137 3679 5211 nonnega-

2080 5212 2230 5274 baut,
2268 5210 2602 5282 quamvisin
2644 5207 2782 5282 alios
2822 5222 3041 5261 errores
3078 5212 3459 5276 nequissimos
3495 5207 3677 5282 impe-

2079 5278 2307 5351 gissent,
2347 5280 2425 5333 De
2452 5278 2601 5351 Trin.
2631 5294 2680 5335 c.
2722 5279 2807 5351 18.

2152 5353 2264 5422 (12)
2297 5347 2555 5419 Ἐκλογὴ
2592 5350 2909 5421 γενόμενος
2945 5353 3033 5418 εις
3064 5346 3172 5404 τὸν
3204 5350 3474 5419 Χριστὸν
3498 5351 3680 5408 εἶναι.

2081 5421 2315 5489 Quidam
2360 5432 2481 5496 post
2516 5422 2580 5477 lt.
2624 5423 3162 5496 Stephanumlegunt
3198 5421 3410 5496 ἐκλογῇ
3446 5426 3685 5496 γενόμεο

2080 5510 2187 5557 νος.
2224 5492 2397 5563 Atque
2422 5495 2577 5569 hanc
2594 5493 2843 5561 equidem
2869 5492 3247 5569 conjecturam
3282 5492 3680 5569 ngc'repuu'no,

2081 5582 2182 5620 nec
2219 5576 2396 5637 tamen
2431 5565 2663 5637 omnino
2693 5565 3073 5637 necessariam
3121 5577 3280 5631 puto.
3319 5565 3681 5637 Praecipuum

2083 5638 2243 5706 hujus
2272 5636 2376 5689 loci
2407 5636 2597 5706 vitium
2618 5634 2830 5689 videtur
2859 5636 3102 5706 residere
3129 5649 3181 5685 In
3208 5636 3298 5691 his
3318 5634 3575 5701 vocibus,
3603 5640 3684 5700 εἰς

2082 5699 2171 5831 τὲιν
2204 5706 2437 5780 Χριστὸν
2470 5699 2629 5772 εἶναι,
2676 5719 2773 5775 pro
2806 5708 3005 5777 quibus
3050 5704 3171 5773 lego
3216 5708 3299 5771 εἰς
3339 5708 3403 5763 τὸ
3444 5699 3687 5780 Χριστὸν

2082 5797 2107 5831 ε
2132 5796 2239 5831 ναι.

2082 5796 2239 5833 ειναι.
