3770 6510
104 338 202 393 881

1064 336 1409 396 DlALOGUS
1443 336 1593 397 cun
1630 335 2011 423 Tannoni:
2039 333 2306 392 ιιιιιιεο.

3256 336 3364 393 582

92 460 187 514 τοῦ
224 460 499 535 ἡμετέρου
529 462 721 531 γένους
761 461 874 535 (15)
917 458 1305 532 ὁμολογοῦντες
1351 460 1511 514 αὑτὸν
1550 460 1626 532 Χρ

1825 458 1929 513 lius
1963 458 2390 516 demonstretur,
2426 450 2527 507 nisi
2562 466 2685 506 eum
2719 449 2985 507 electione
3011 463 3365 510 consecutum

94 554 221 606 στὸν
269 550 433 619 εἶναι,
488 554 773 627 ἄνθρωπον
829 556 887 611 δὲ
933 555 993 620 ἐξ
1039 553 1340 627 ἀνθρώπων
1390 555 1681 624 γενόμενον

90 645 553 715 ἀποφαινόμενοι·
588 642 669 709 οἷς
700 647 761 700 οὐ
790 646 1131 717 συντίθεμαι,
1153 646 1263 699 οὐδ’
1295 645 1361 699 ἂν
1392 645 1501 716 (id)
1539 646 1681 699 πλεῖ-

88 753 206 789 στοι
248 737 366 807 (15)
401 738 572 792 ταύτά
606 757 695 810 μοι
726 739 833 810 (l6)
867 739 1187 806 δοξάσαντες
1220 739 1452 791 εἴποιεν·
1491 736 1677 807 ἐπειδὴ

82 828 184 880 οὐκ
222 827 593 901 ἀνθρωπείως
624 830 916 901 διδάγμασι
949 827 1355 898 κεκελεύσμεθα
1385 828 1475 880 ὑπ’
1510 826 1677 879 αὑτοῦ

80 922 175 974 τοῦ
214 923 460 995 Χριστοῦ
494 923 793 987 πείθεσθαι,
826 923 961 977 ἀλλὰ
994 926 1106 986 τοῖς
1129 921 1215 974 διὰ
1247 920 1352 974 τῶν
1391 919 1678 993 μακαρίων

81 1016 394 1087 προφητῶν
428 1017 744 1089 κηρυχθεῖσι
777 1017 870 1070 καὶ
896 1016 963 1069 δι’
989 1014 1152 1069 αὐτοῦ
1185 1012 1500 1084 διδαχθεῖσι.

1786 564 1930 613 esse,
1968 558 2027 602 ut
2059 548 2312 602 Christus
2346 552 2511 599 esset.
2550 541 2687 598 Sunt
2720 544 2865 598 enim
2901 544 3141 613 quidam,
3180 548 3362 612 amici,

1785 656 1853 696 ex
1887 655 2088 711 genere
2130 650 2342 702 nostro,
2388 637 2480 708 qui
2525 651 2648 689 eum
2697 635 2975 690 Christum
3024 650 3143 689 esse
3189 639 3365 688 conii-

1786 742 1991 798 tcntur,
2028 734 2280 803 quamvis
2327 732 2606 786 hominem
2659 744 2723 783 ex
2774 727 3087 783 hominibus
3122 730 3365 799 genitum

1785 826 2171 894 pronuntient;
2208 825 2405 893 quibus
2438 838 2538 892 ego
2575 836 2681 874 non
2719 822 3009 887 assentior,
3036 838 3136 876 nec
3169 837 3362 875 assen-

1788 919 1944 982 tirer,
2000 919 2210 974 etiamsi
2270 919 2503 971 maxima
2562 933 2709 988 pars,
2764 932 2883 986 quas
2940 931 3150 970 mecum
3205 913 3364 986 145

1786 1011 2081 1074 consentit,
2116 1012 2259 1065 idem
2296 1012 2534 1076 diceret;
2586 1026 2758 1081 neque
2787 1011 2931 1066 enim
2979 1011 3234 1064 humanis
3268 1012 3365 1061 do-

78 1110 289 1164 ctrinis
335 1110 475 1178 jussi
511 1127 700 1166 sumus
749 1114 815 1166 ab
851 1112 968 1180 ipso
1014 1111 1232 1167 Christo
1266 1109 1512 1171 credere,
1560 1104 1657 1161 sed
1693 1105 1761 1161 iis
1802 1121 1922 1175 qua:
1956 1122 1987 1160 a
2022 1106 2197 1161 beatis
2228 1105 2512 1177 prOphetis
2566 1106 2861 1175 przedicata
2914 1114 2971 1161 et
3005 1105 3073 1159 ab
3109 1108 3225 1175 ipso
3262 1115 3369 1157 tra-

74 1203 223 1256 dita.

141 1323 246 1378 49.
288 1324 406 1378 Καὶ
450 1328 479 1379 ὁ
525 1326 790 1400 Τρύφων⁸
827 1327 985 1399 Ἐμοὶ
1035 1328 1134 1399 μὲν
1178 1327 1455 1389 δοκοῦσιν,
1494 1321 1670 1382 εἶπεν,

70 1418 115 1469 οἱ
168 1416 443 1485 λέγοντες
494 1418 779 1491 ἄνθρωπον
830 1421 1117 1490 γεγονέναι
1169 1423 1362 1487 αὐτὸν,
1411 1422 1505 1477 καὶ
1551 1422 1672 1476 κατ’

71 1508 325 1580 ἐκλογὴν
363 1510 669 1582 κεχρῖσθαι,
705 1511 801 1566 καὶ
828 1513 1067 1586 Χριστὸν
1098 1516 1401 1583 γεγονέναι,
1439 1513 1676 1569 πιθανώ-

68 1615 247 1671 τερον
283 1600 445 1671 ὑμῶν
490 1602 670 1671 λέγειν
703 1603 812 1656 τῶν
849 1606 1023 1658 ταῦτα
1068 1607 1211 1678 ἅπερ
1256 1606 1360 1677 φὴς
1385 1606 1670 1675 λεγόντων.

68 1691 192 1745 Καὶ
214 1693 335 1766 γὰρ
368 1694 568 1758 πάντες
601 1696 761 1767 ἡμεῖς
788 1698 878 1751 τὸν
907 1699 1141 1770 Χριστὸν
1176 1698 1459 1771 ἄνθρωπον
1490 1698 1549 1764 ἐξ
1581 1704 1675 1755 ἀν·-

70 1782 328 1855 θρώπων
371 1787 760 1859 προσδοκῶμεν
807 1790 1170 1863 γενήσεσθαι,
1220 1794 1316 1846 καὶ
1364 1794 1455 1848 τὸν
1488 1795 1677 1851 Ἠλίαν

70 1880 279 1947 χρῖσαι
328 1879 496 1933 αὑτὸν
531 1880 773 1936 ἐλθόντα.
811 1883 935 1937 Ἐὰν
976 1884 1032 1937 δὲ
1065 1876 1220 1949 οὗτος
1254 1887 1507 1958 φαίνηται
1542 1888 1617 1941 ὢν
1649 1891 1678 1943 ὁ

69 1969 327 2039 Χριστὸς
349 2010 365 2035 ,
401 1971 685 2044 ἄνθρωπον
715 1975 815 2045 μὲν
855 1977 913 2043 ἐξ
952 1975 1254 2049 ἀνθρώπων
1287 1980 1579 2051 γενόμενον
1615 1983 1678 2034 ἐκ

72 2062 293 2126 παντὸς
332 2064 659 2120 ἐπίστασθαι
678 2067 789 2121 δεῖο
830 2070 893 2122 ἐκ
937 2069 993 2121 δὲ
1038 2070 1127 2123 τοῦ
1166 2071 1301 2141 μηδὲ
1330 2073 1518 2127 Ἠλίαν
1554 2072 1678 2147 ἐλη-

70 2153 335 2220 λυθέναι,
372 2157 492 2210 οὐδὲ
519 2158 707 2213 τοῦτον
739 2161 1115 2234 ἀποφαίνομαι
1146 2158 1311 2218 εἶναι.

146 2397 341 2468 Κάγὼ
377 2401 536 2456 πάλιν
569 2404 846 2477 ἐπυθόμην
880 2407 1041 2461 αὑτοῦ
1064 2424 1077 2437 ·
1115 2410 1251 2481 Οὐχὶ
1283 2412 1470 2468 Ἠλίαν
1504 2415 1669 2487 φησὶν

143 2602 275 2685 (1⁸5)
312 2600 463 2683 ᾊπὸ
488 2607 626 2687 soi?
650 2607 936 2687 ἡμετέρου
961 2610 1206 2687 γένους.
1241 2616 1317 2671 Ex
1360 2617 1447 2673 his
1487 2620 1668 2675 verbis

69 2671 417 2759 Episcopius
449 2685 503 2729 ct
538 2677 628 2759 alii
664 2671 925 2759 colligunt
960 2671 1058 2737 lios
1084 2671 1284 2741 Justini
1322 2671 1666 2759 adversarios

69 2758 478 2823 communione
496 2758 826 2823 _co_rijntictos
856 2765 975 2804 cum
1011 2769 1076 2809 eo
1109 2765 1163 2808 et
1194 2772 1317 2811 cum
1334 2758 1453 2811 aliis
1475 2762 1666 2815 catho-

72 2812 205 2887 iicits
245 2813 440 2887 fuisse.
496 2812 677 2887 Bttiiils
714 2829 767 2872 et
816 2828 1043 2887 uterque
1078 2824 1441 2881 Londinensis
1485 2812 1663 2886 editor

71 2883 272 2963 legunt
322 2885 431 2968 ἀπρ
478 2886 884 3012 τοῦῥμετῧρου
910 2883 1122 2959 γένους,
1172 2898 1298 2966 quia
1333 2883 1661 2957 Ehionitaza

71 2952 289 3008 Jndzeis
308 2966 436 3010 orti.
468 2958 726 3012 Clericus.
803 2972 893 3012 ist.
924 2966 1130 3012 eccles._
1162 2984 1214 3012 ιι-
1239 2968 1361 3012 676-
1381 2968 1660 3012 lugendum

67 2952 289 3037 Judzeis
308 2962 436 3037 orti.
457 2952 726 3037 ~Clerict'ts,
750 2952 893 3016 Hist.
921 2952 1130 3030 coclear,
1162 2952 1215 3036 pl.
1239 2968 1362 3028 676,
1379 2952 1661 3037 legentium

70 3042 205 3079 esse
233 3026 484 3109 ’ἀπδτοῦ
517 3030 785 3109 ἡμετέρου
811 3073 825 3096 ,
864 3047 949 3109 Δ2ο
977 3037 1043 3088 de
1078 3026 1358 3109 E'bionitis
1389 3026 1659 3109 Jusiinuni

72 3111 191 3149 non
233 3096 383 3175 loqui
421 3096 721 3175 contendit.
749 3104 1045 3159 Levissima
1082 3108 1210 3160 mihi
1236 3108 1301 3161 lis
1322 3124 1442 3161 cum
1483 3108 1659 3175 Bullo,

76 3176 195 3244 tota
231 3161 501 3244 adversus
538 3169 881 3244 Episcopium
905 3188 957 3229 et
993 3175 1263 3231 Clericutn
1298 3180 1404 3231 erit
1438 3161 1664 3235 conten:
1695 3161 1736 3218 δ

77 3236 748 3318 90.3mm.retinendum
778 3244 910 3318 illud
960 3247 1067 3300 ἀπὸ
1099 3247 1190 3300 τοῦ
1238 3247 1535 3318 ἡμετέρου,
1572 3256 1666 3306 sed

75 3309 149 3386 ile
185 3307 465 3386 Ebiqniiis
499 3312 903 3386 intelligendum
939 3318 1020 3371 sic
1055 3320 1222 3386 probo
1244 3307 1360 3373 :"io
1397 3307 1492 3374 liis
1522 3307 1668 3375 'ver-

72 3376 188 3441 bis,
239 3378 355 3457 οὐδ’
391 3379 459 3433 ἂν
503 3376 763 3457 πλεῖστοι,
812 3400 931 3454 qua:
964 3376 1124 3456 patilo
1169 3397 1293 3456 post
1335 3402 1664 3457 sequuntur,

76 3464 189 3501 non
231 3451 410 3504 solum
446 3451 1008 3529 caiholicosuoinnes’,
1057 3458 1151 3512 sed
1170 3451 1349 3512 'etiam
1402 3451 1667 3529 plurimas

76 3530 291 3601 sectas,
324 3537 456 3601 _qu;e
488 3522 689 3578 Christi
726 3522 1668 3601 divinitatemtenebattt,'conipre-

78 3587 585 3671 bendii_Ju_stiitus,
609 3605 681 3671 ‘ut
714 3598 873 3671 modo
905 3598 1232 3671 videbimus.
1270 3587 1412 3671 largo
1449 3603 1499 3654 in
1535 3587 1668 3671 pau-

78 3662 183 3735 cis
220 3662 331 3735 illis
382 3663 540 3730 hujus
588 3667 856 3735 dogmatis
902 3667 1151 3723 hostibus
1201 3667 1305 3724 non
1343 3662 1560 3724 ductam
1597 3690 1665 3727 ex

73 3727 289 3786 Judaeis
321 3727 586 3808 originem
611 3727 948 3802 considerat,
982 3740 1075 3793 sed
1110 3740 1399 3808 quamdam
1431 3742 1668 3797 nominis

79 3806 536 3877 cortiniuiiitatem
560 3822 683 3861 cum
707 3808 829 3862 aliis
850 3806 1198 3873 Christianis,
1222 3822 1331 3862 tum
1350 3812 1632 3866 catholicis
1649 3853 1664 3877 ,

79 3884 200 3946 tuin
256 3875 568 3946 liasreticis;
628 3893 690 3930 ac
739 3880 965 3946 proinde
1016 3882 1356 3933 retinendum
1393 3882 1523 3934 illud
1558 3875 1667 3937 ἀπὸ

76 3942 173 3996 τοῦ
198 3945 501 4017 ἡμετέρου,
529 3963 593 4002 ac
628 3949 692 4001 de
725 3942 993 4004 Ebionitis
1013 3951 1404 4018 accipiendum.
1424 3954 1482 4004 ’2ο
1505 3951 1669 4007 Justi-

79 4032 187 4096 nus
213 4022 362 4095 inira
400 4018 590 4096 tanta)
616 4019 682 4096 de
716 4019 1005 4096 haereticis
1030 4035 1196 4096 agens
1233 4022 1309 4096 ait
1343 4038 1357 4075 :
1390 4023 1502 4075 Καὶ
1535 4026 1666 4096 παρ’

75 4086 348 4166 ἡμῖν-νῦν
374 4088 571 4166 πολλοὶ
605 4089 709 4141 εἰσι
742 4090 837 4143 καὶ
874 4086 1367 4166 ψευδοδιδάσκαλοι.
1401 4096 1511 4147 Cur
1535 4086 1667 4166 οι·έο

78 4164 149 4214 de
186 4161 463 4214 Ehtottitis
496 4176 661 4231 agens
694 4177 801 4216 non
836 4163 1153 4216 dicereteos
1186 4177 1305 4217 esse
1332 4179 1351 4213 ι
1384 4178 1450 4217 ex
1483 4161 1667 4220 nostro

79 4246 314 4299 genere.
368 4249 389 4283 ι
437 4232 564 4285 Vide
608 4248 660 4284 ιι.
709 4231 802 4296 55,
847 4243 901 4286 et
934 4232 1091 4300 Apol.
1128 4250 1167 4299 ι,
1207 4249 1262 4286 ιι.
1297 4234 1389 4289 26.
1426 4236 1577 4301 Quod
1619 4236 1669 4291 si

77 4302 288 4355 Justiui
357 4302 521 4355 verba
579 4304 851 4358 haereticis
884 4307 1059 4372 aptari
1123 4317 1370 4372 possunt,
1424 4310 1491 4360 de
1545 4307 1667 4362 aliis

78 4386 249 4440 quam
280 4374 559 4428 haereticis
587 4374 811 4443 intelligi
840 4389 945 4428 nou
979 4385 1223 4443 possunt.
1261 4376 1489 4430 Constat
1519 4380 1665 4430 enim

79 4446 333 4498 secundo
395 4445 596 4498 sarculo
644 4445 933 4499 haereticos
989 4446 1281 4508 eitstitisse,
1319 4450 1411 4515 qui
1462 4446 1665 4501 Christi

1848 1310 1939 1364 49.
1994 1310 2372 1379 Objicientibus
2419 1315 2648 1367 nondum
2695 1314 2968 1367 advenisse
3029 1312 3205 1367 Etiam
3277 1332 3358 1371 re-

1778 1402 1998 1469 spondet
2032 1402 2296 1457 Joannem
2326 1420 2436 1459 esse
2476 1413 2851 1474 pr‘wcursorem
2877 1407 3037 1475 primi
3079 1411 3357 1464 adventus.

1777 1525 1849 1535 -—
1876 1494 1942 1549 Et
1974 1494 2192 1565 Trypho
2227 1514 2241 1549 :
2272 1495 2400 1551 Mihi
2431 1499 2651 1566 quidem
2694 1499 2967 1565 videntur,
3012 1500 3205 1569 inquit,
3248 1503 3347 1571 qui

1780 1587 1930 1642 illum
1988 1589 2262 1643 hominem
2316 1590 2513 1667 fuisse
2550 1602 2606 1645 et
2668 1592 2934 1647 electione
2984 1603 3245 1659 unctum,
3292 1611 3358 1651 ac

1779 1679 2056 1735 Christum
2108 1680 2314 1734 factum
2363 1696 2484 1736 esse
2533 1684 2744 1748 dicunt,
2802 1682 3137 1751 probabilius
3193 1701 3356 1753 quam

1709 1760 1752 1818 Β
1782 1788 1897 1837 vos,
1918 1768 2008 1841 qui
2033 1786 2095 1827 ea
2115 1788 2235 1841 quae
2263 1774 2521 1840 retulisti,
2544 1776 2762 1839 tenetis,
2793 1776 2993 1829 dicere.
3020 1774 3153 1828 Nam
3176 1787 3231 1829 et
3260 1793 3359 1832 nos

1783 1879 1973 1920 omnes
2000 1864 2274 1921 Christum
2306 1866 2577 1920 hominem
2606 1880 2673 1920 ex
2717 1867 3032 1922 hominibus
3063 1877 3357 1935 exspecta-

1784 1970 1904 2009 mus
1957 1956 2319 2022 nasciturum,
2370 1966 2425 2012 et
2471 1957 2539 2011 ab
2587 1956 2723 2024 Elia,
2779 1960 2996 2027 quando
3045 1960 3089 2013 is
3123 1959 3358 2027 venerit,

1783 2056 2004 2099 unctum
2043 2048 2130 2101 iri.
2162 2047 2315 2114 Quod
2393 2047 2438 2101 si
2490 2049 2595 2102 iste
2627 2049 2882 2104 Christus
2916 2065 3035 2104 esse
3084 2051 3355 2114 videatur,

1784 2136 1947 2191 homo
1976 2153 2042 2193 ex
2081 2139 2393 2194 hominibus
2419 2142 2641 2195 omnino
2674 2141 3071 2196 existimandus
3110 2151 3232 2197 est:
3263 2141 3358 2197 sed

1783 2232 1909 2301 quia
1938 2232 2176 2288 nondum
2196 2233 2350 2289 venit
2371 2212 2539 2300 Elias,
2572 2252 2747 2306 neque
2770 2237 2913 2292 hunc
2940 2238 3215 2293 Christum
3237 2254 3359 2293 esse

1780 2338 1999 2379 censeo.

1853 2418 2064 2476 Rursus
2107 2433 2234 2492 ergo
2277 2419 2428 2477 illum
2501 2434 2857 2493 percontatus
2907 2438 3025 2478 sum
3061 2440 3075 2478 :
3109 2423 3193 2478 An
3242 2440 3353 2512 iton

1776 2621 2211 2693 Christusjussit
2244 2632 2305 2678 ut
2333 2623 2645 2691 credamus,
2679 2637 2952 2692 quamque
2986 2622 3101 2691 ipse
3128 2624 3354 2682 tradidit

1775 2703 1829 2747 et
1861 2694 2139 2763 propheta:
2175 2693 2634 2764 praedicaverunt.
2664 2694 2764 2761 Qui
2798 2708 2929 2763 ergo
2967 2708 3090 2748 cum
3120 2694 3353 2750 homini-
3424 2724 3429 2731 -

1775 2762 1877 2835 bus
1917 2762 2193 2819 Christum
2231 2781 2296 2819 ne
2329 2779 2393 2817 ex
2428 2762 2648 2835 Virgine
2664 2762 2880 2835 quidem
2915 2774 3099 2817 natum
3126 2768 3353 2819 creden-

1775 2781 1877 2817 uus
1917 2781 2193 2819 blll‘lSlum
2231 2781 2296 2819 ne
2329 2781 2393 2817 ex
2435 2781 2521 2816 ιιι·
2562 2781 2880 2835 mequidem
2915 2781 3099 2817 natum
3126 2781 3352 2819 creden-

1774 2834 1924 2888 tibus
1976 2833 2481 2890 communicasset?
2524 2781 2661 2890 illnc
2699 2847 3009 2888 commento
3045 2847 3352 2904 repugnant

1776 2915 1887 2956 tres
1926 2905 2137 2973 Dialogi
2169 2919 2373 2974 partes,
2404 2913 2462 2957 ut
2488 2920 2554 2959 ex
2578 2905 2788 2976 analysi
2810 2905 3091 2973 prtemissa
3117 2906 3350 2975 perspici

1809 2982 1973 3029 otest.

1773 2988 1973 3115 potiit).
2004 3049 2142 3103 Οὐδ’
2164 3048 2309 3105 ἂν...
2346 3050 2593 3105 εἴποιεν.
2626 3043 2820 3100 Nostra
2864 3043 3022 3110 hujus
3056 3043 3155 3098 loci
3193 3045 3353 3099 inter-

1776 3122 2017 3183 pretatio
2054 3125 2417 3175 contirmatur
2461 3116 2643 3175 verbis
2691 3116 3066 3184 sequentibus,
3111 3131 3130 3163 ι
3175 3130 3351 3184 neque

1772 3186 1913 3239 enim
1977 3191 2230 3245 humanis
2292 3192 2587 3252 doctrinis,
2650 3205 2668 3237 ι
2723 3198 2857 3251 etc.,
2912 3201 3033 3254 qua:
3088 3184 3352 3241 t'atiOuem

1772 3260 2075 3325 continent,
2113 3276 2211 3313 cur
2232 3260 2482 3317 Justinus
2504 3260 2629 3315 huic
2656 3259 2829 3309 errori
2859 3270 3134 3323 nunquam
3160 3270 3351 3310 assen-

1772 3341 1934 3380 surus
1968 3333 2053 3392 sit.
2094 3346 2433 3399 quacunque
2458 3331 2508 3384 ei
2540 3327 2832 3391 ob,iciatur
2858 3325 3186 3399 assentiendi
3217 3341 3351 3379 can-

1773 3410 1853 3449 sa.
1892 3399 2096 3456 Vitiosa
2112 3396 2251 3468 ergo
2290 3396 2404 3456 hzec
2428 3401 2595 3471 Langi
2622 3396 3046 3471 interpretatio:
3085 3412 3103 3445 ι
3140 3398 3349 3471 Quibus

1772 3481 1872 3540 ego
1899 3486 2003 3525 non
2031 3466 2341 3526 assentior:
2382 3466 2635 3540 neque'id
2668 3468 3020 3540 sanemulti,
3049 3481 3141 3540 qut
3179 3466 3231 3520 in
3259 3484 3351 3520 ea-

1771 3537 1890 3589 dem
1932 3557 2143 3603 mecum
2178 3542 2447 3597 sententia
2470 3536 2907 3604 'sunt,dixerint.
2950 3556 2969 3588 ι
3007 3536 3132 3589 lude
3169 3547 3347 3590 ortum

1772 3617 1831 3658 ut
1888 3608 2159 3675 Justinus,
2200 3627 2323 3666 cum
2363 3608 2872 3666 vehetuentissimus
2923 3608 2993 3660 sit
3048 3609 3150 3660 hoc
3204 3606 3345 3668 loco,

1773 3678 2018 3747 frigidior
2054 3690 2229 3735 tamen
2253 3684 2399 3736 visus
2416 3682 2487 3735 sit
2519 3679 2808 3748 Episcopio
2842 3686 2897 3731 et
2926 3677 3160 3748 Clerico,
3184 3692 3349 3744 quam

1773 3759 1827 3800 ut
1867 3750 2019 3804 illuni
2055 3754 2120 3805 de
2148 3751 2462 3806 hominibus
2487 3767 2516 3805 a
2545 3746 2931 3803 communione
2966 3746 3222 3800 Ecclesia:
3251 3747 3348 3799 ab-

1772 3820 1957 3890 scissis
1989 3821 2136 3890 loqui
2172 3824 2477 3876 crederent.
2516 3819 2799 3874 Periouius
2838 3815 2954 3890 fere
2999 3828 3057 3890 ut
3095 3815 3343 3890 Langus:

1775 3905 1795 3938 ι
1830 3888 2039 3966 Quibus
2061 3887 2178 3961 'ego
2200 3908 2313 3966 non
2351 3893 2638 3966 assentior,
2685 3904 2783 3942 nec
2809 3887 3047 3966 plurimi,
3083 3887 3178 3955 qui
3204 3887 3344 3966 idem

1771 3962 1914 4028 quod
1946 3977 2046 4029 ego
2071 3958 2334 4025 sentiant,
2355 3965 2769 4016 asseverabunt.
2805 3978 2822 4005 ι
2857 3960 3143 4014 Cetenius:
3172 3975 3191 4008 ι
3215 3958 3349 4022 Qui-

1771 4030 1871 4084 bus
1907 4049 2010 4087 non
2028 4035 2319 4097 assentior,
2341 4048 2408 4086 ne
2439 4033 2485 4085 si
2522 4032 2756 4083 maxima
2799 4032 3017 4098 quidem
3053 4037 3200 4082 esset
3232 4040 3348 4078 tur-

1771 4101 1838 4154 ba
1870 4104 1949 4156 sic
1977 4104 2338 4174 opinantium.
2382 4121 2401 4155 ι
2446 4102 2727 4174 'l‘hirlbtus
2760 4117 2867 4174 non
2903 4099 3174 4154 absitniha
3215 4112 3347 4166 pro-

1771 4174 1959 4247 ponit:
1989 4172 2023 4224 «ἡ
2046 4175 2254 4247 Neque,
2277 4174 2491 4227 etiamsi
2522 4172 2689 4247 multo
2724 4172 2905 4240 plures
2929 4182 3349 4247 essettt,_assei_t-

1773 4245 1925 4297 tirer.
1983 4264 2003 4297 ι
2052 4239 2159 4299 Sed
2194 4246 2306 4298 ha’c
2345 4245 2723 4313 interpretatio
2761 4259 2884 4296 cum
2931 4241 3189 4295 ttotmulla
3238 4239 3345 4291 alia

1773 4325 1980 4381 peccat,
2019 4327 2129 4370 tum
2158 4315 2286 4368 illud
2322 4312 2659 4381 etiamquod
2700 4315 2838 4367 nihil
2873 4313 3036 4365 habet
3062 4312 3130 4362 de
3150 4322 3344 4381 magna

1773 4380 1860 4436 illa
1897 4380 2108 4456 eorum,
2144 4386 2236 4454 qui
2270 4385 2415 4456 idem
2451 4399 2515 4438 ac
2537 4380 2791 4436 Justinus
2826 4383 3158 4444 sentiebant,
3178 4380 3343 4456 _mul-

1778 4455 2026 4518 titudine,
2079 4447 2244 4525 quam
2302 4471 2330 4507 a
2372 4455 2587 4525 Justino
2645 4462 3129 4507 commemoratam
3172 4447 3347 4503 fuisse

78 4517 437 4605 iliviniiatem
473 4525 771 4605 negarent}!
813 4526 869 4569 at
900 4516 1205 4571 catholicos
1234 4514 1539 4605 exsiiti‘sse,
1574 4519 1667 4586 qui
1700 4514 1744 4570 D
1771 4534 1922 4605 patei
1954 4514 2023 4579 ei
2048 4514 2402 4605 sequentibus
2428 4524 2734 4605 Tryphoms
2769 4526 2969 4605 verbis.

80 4585 227 4641 hanc
262 4586 606 4655 impietatem
642 4588 1049 4655 proﬁterentur,
1102 4602 1205 4641 uec
1238 4585 1663 4642 excluderentur

80 4672 111 4707 a
152 4659 576 4722 communione,
611 4674 716 4712 non
752 4660 917 4715 modo
952 4672 1061 4711 non
1094 4667 1331 4725 constat,
1365 4660 1459 4712 sed
1493 4660 1661 4712 etiam

80 4729 349 4782 omnibus
385 4730 713 4783 testimoniis
742 4741 798 4784 et
831 4730 1078 4784 historia:
1111 4729 1476 4783 monumentis
1499 4743 1663 4799 repu-

80 4809 236 4868 gnat.
272 4802 562 4867 Quomodo
597 4816 727 4872 ergo
772 4803 936 4856 verba
980 4800 1201 4856 Justiui.
1236 4800 1485 4872 cumiis,
1522 4815 1662 4869 quos

85 4884 216 4923 tunc
234 4883 392 4926 certo
410 4886 613 4926 setmus
628 4870 930 4935 eistitisse,
957 4873 1317 4936 conveniant,
1375 4870 1430 4923 iii
1455 4885 1549 4925 eos
1568 4875 1662 4925 de-

80 4951 629 5014 torqueantur,quos
652 4945 827 5000 nullos
849 4958 1076 5017 prorsus
1099 4944 1348 4996 novimus
1360 4942 1467 5017 7‘50
1489 4958 1508 4992 ι
1534 4940 1663 4996 Nos-

81 5023 203 5069 tros
241 5034 263 5067 ι
314 5018 587 5085 appellare
644 5017 822 5071 solent
852 5014 1161 5071 'hzereticos
1216 5014 1496 5078 catholici,
1536 5029 1661 5068 cum

79 5089 425 5154 eosJudans,
455 5097 515 5140 ut
542 5089 648 5142 hoc
676 5090 794 5145 loco
812 5086 1084 5149 Justinus,
1111 5094 1206 5137 aut
1242 5087 1533 5155 gentilibus
1565 5101 1662 5153 op-

79 5174 317 5226 ponunt.
359 5156 496 5213 Vide
531 5160 750 5228 Urigen.
772 5161 827 5213 in
845 5158 1013 5213 Levii.
1035 5173 1088 5224 ιι.
1108 5155 1199 5221 88,
1219 5159 1275 5210 iu
1298 5156 1434 5210 Cels.
1456 5157 1551 5211 lib.
1574 5171 1656 5222 ιιι,

82 5254 209 5307 pag.
249 5239 356 5293 ll8
393 5243 452 5288 et
478 5236 549 5297 2,
592 5233 926 5307 Deprincip.
953 5244 1075 5307 cap.
1115 5232 1207 5307 μυ.
1236 5229 1471 5307 Cregor.
1522 5228 1658 5307 lﬂaa.

81 5299 240 5365 ιιτῖιι.
274 5310 366 5377 37,
406 5325 459 5378 p.
488 5308 615 5361 595.
651 5299 964 5375 Hieronym.
988 5302 1205 5379 Pt'aziat.
1234 5299 1657 5379 iib.Xl,t'I118tii.

80 5384 140 5435 4ο
173 5376 429 5435 Justinus
464 5381 572 5432 duo
619 5388 827 5449 tantum
861 5376 1121 5449 doctrina:
1153 5387 1359 5449 genera
1392 5376 1658 5449 agnoscit,

84 5456 394 5507 doctrinam
435 5448 639 5505 Christi
673 5459 725 5503 et
766 5448 1074 5501 doctrinam
1106 5447 1395 5522 spirituum
1427 5447 1656 5505 erroris,

81 5536 139 5578 et
176 5540 300 5578 cum
335 5524 428 5588 iis,
489 5524 582 5591 qui
631 5518 1197 5593 doctrina_m__e_rroris
1243 5516 1532 5593 spirituum
1575 5527 1661 5593 se-

84 5608 351 5663 quuntur,
391 5588 595 5648 nullam
627 5605 747 5646 esse
776 5588 1061 5665 catholicis
1093 5588 1532 5665 communionem
1566 5588 1659 5665 de:

84 5657 279 5733 clarat,
315 5657 470 5721 nutu.
507 5665 597 5718 55.
639 5665 733 5718 Sic
774 5664 937 5738 etiam
981 5661 1083 5714 hoc
1126 5660 1241 5727 ipso
1284 5657 1338 5708 iit
1386 5657 1529 5738 loco,
1567 5657 1659 5738 qui

85 5756 226 5794 nunc
258 5728 317 5793 in
348 5739 601 5793 manibus
626 5749 730 5810 eSt,
763 5733 1066 5810 doctrinam
1091 5744 1302 5810 eorum,
1331 5730 1421 5807 qui
1455 5728 1657 5810 Christi

85 5812 429 5867 divinitatem
486 5808 783 5878 negabant,
836 5804 1080 5887 opponit
1113 5803 1165 5885 ei
1216 5803 1513 5867 doctrinae,
1568 5803 1656 5855 cui

1835 4596 1947 4665 (15)
1990 4588 2299 4651 Πλεῖστοι.
2337 4588 2682 4665 Manilestum
2721 4604 2807 4647 est
2839 4609 2906 4646 ex
2951 4594 3050 4646 hac
3081 4605 3220 4665 voce
3252 4588 3345 4665 Ju-

1764 4663 1965 4720 stiuum
2013 4682 2117 4722 non
2161 4668 2294 4720 solis
2338 4664 2625 4720 catholicis
2674 4664 2778 4718 hoc
2821 4663 3189 4717 testimonium
3246 4664 3348 4716 tri-

1765 4738 1953 4799 buere,
1983 4741 2077 4792 sed
2101 4738 2345 4807 pluribus
2379 4737 2540 4790 etiam
2565 4735 2750 4807 sectis,
2784 4730 3140 4807 quze_Jesum,
3161 4743 3220 4787 ut
3248 4746 3347 4787 an-

1769 4818 1855 4860 tea
1903 4804 2135 4872 dicebai,
2167 4824 2222 4861 tt.
2267 4807 2359 4873 55,
2391 4816 2445 4860 et
2476 4806 2759 4859 Dominum
2798 4814 2855 4858 et
2896 4804 3178 4857 Christum
3222 4819 3345 4858 esse

1764 4878 2181 4933 conﬁtebantur.
2229 4878 2286 4931 Si
2332 4882 2400 4931 de
2440 4876 2572 4931 solis
2613 4876 2897 4930 catholicis
2936 4874 3147 4928 locutus
3174 4883 3343 4939 esset,

1766 4964 1872 5002 non
1911 4951 2202 5003 ntaxintam
2243 4957 2473 5019 partem,
2506 4958 2622 5011 sed,
2669 4957 2726 5019 ut
2754 4950 2912 5019 solet,
2948 4953 3113 5019 totum
3148 4946 3341 4999 tacete.-

1762 5020 1898 5072 siatn
1944 5022 2191 5074 dixisset.
2239 5015 2334 5073 Sic
2363 5022 2529 5081 enim,
2562 5020 2651 5071 ubi
2684 5017 2752 5072 de
2797 5017 3069 5070 haereticis
3099 5015 3345 5086 loquitur

1763 5105 1819 5158 p.
1862 5088 1935 5143 35
1953 5100 2009 5143 et
2036 5094 2123 5158 δυ,
2153 5090 2451 5145 catholicos
2472 5091 2549 5142 ita
2573 5090 2715 5143 inter
2736 5101 2796 5142 se
2826 5098 3133 5141 consentire
3159 5094 3341 5150 docet,

1765 5170 1823 5213 ut
1853 5160 2056 5215 nullam
2088 5177 2313 5230 prorsus
2350 5174 2787 5215 communionem
2837 5160 3073 5211 habeant
3115 5173 3236 5211 cum
3275 5158 3342 5210 iis

1761 5233 1855 5301 qui
1892 5248 1998 5286 non
2040 5234 2269 5299 Christi,
2316 5232 2410 5287 sed
2455 5233 2742 5300 spirituum
2788 5230 2990 5282 erroris
3036 5231 3341 5281 doctrinam

1762 5313 2081 5372 sequuntur.
2109 5302 2246 5358 Hinc
2268 5316 2434 5358 etiam
2463 5320 2517 5354 ιι.
2547 5301 2638 5365 65,
2671 5301 2972 5354 catholicos
3000 5303 3148 5352 Velut
3175 5312 3339 5349 uuam

1761 5378 1997 5427 animam
2028 5390 2148 5430 esse
2170 5385 2225 5428 et.
2261 5390 2420 5427 unam
2462 5387 2786 5442 synagogam
2820 5376 2996 5423 docet.
3027 5372 3192 5439 Igitur
3220 5384 3338 5420 ma-

1761 5445 1907 5497 xima
1963 5445 2053 5499 illa
2101 5460 2227 5515 pars
2257 5462 2363 5499 non
2410 5441 2800 5497 catholicorum
2838 5441 3186 5515 intelligenda
3232 5445 3337 5504 est,

1761 5518 2080 5590 Sed‘eoruni
2102 5513 2203 5590 qui
2236 5531 2431 5590 nomen
2463 5513 3191 5590 ChristianorumIlet'ebant.
3232 5581 3241 5590 _

1832 5586 1945 5653 (16)
1989 5583 2179 5640 Ταῦτά
2205 5603 2326 5655 μοι.
2357 5588 2437 5639 Ad
2479 5588 2741 5637 Verbum:
2791 5598 2809 5631 ι
2846 5583 3070 5635 Etiamsi
3100 5583 3340 5655 maxima

1761 5670 1909 5724 pars,
1959 5674 2080 5728 qua:
2114 5654 2325 5731 tnecutn
2368 5658 2675 5724 illactenus)
2711 5656 3005 5731 consensii,
3045 5654 3154 5731 vel,
3185 5662 3338 5719 post-

1761 5744 1923 5795 quam
1975 5724 2184 5783 inecutn
2221 5729 2529 5795 (hactenus)
2583 5726 2879 5795 consensit,
2924 5724 2981 5780 id
3025 5724 3249 5782 diceret.
3311 5739 3335 5775 ι

1763 5794 1991 5869 Scripsit
2018 5800 2083 5854 ιι.
2106 5794 2415 5870 Stephanus
2440 5794 2615 5853 ταῦτά
2650 5809 2777 5866 μοι..
