3760 6500
444 359 549 416 585

1378 354 1435 411 S.
1470 354 1735 411 JUSTlNl
1771 352 2181 411 PHILOSOPIH
2214 354 2301 410 ET
2338 353 2570 409 Μ.ΑῆΤῖ
2584 351 2696 409 RlS

3584 351 3692 408 58$

440 477 722 547 Scriptura
752 489 848 544 per
878 472 1199 528 Zachariam
1228 472 1361 527 dicit
1390 473 1561 527 Etiam
1594 484 1718 525 ante
1753 488 1976 542 magnttr

2184 474 2325 543 vivo;
2357 474 2443 527 διὰ
2488 475 2756 545 Ζαχαρίου
2794 470 2905 543 (17)
2935 470 3245 525 ἐλεύσεσθαι
3278 470 3387 542 πρὸ
3418 469 3516 541 τῆς
3546 470 3690 541 ἢμέ·

440 570 591 625 illum
623 575 677 623 et
707 567 1009 621 terribilem
1038 565 1253 618 Domini
1286 566 1430 618 diettt
1459 580 1579 618 esse
1611 564 1940 617 venturum?

510 657 807 727 Respondit
833 656 922 710 ille
956 674 970 711 :
1004 655 1248 709 Maxime.

514 750 571 805 Si
597 751 759 819 igitur
780 748 1059 819 Scriptura
1083 745 1333 801 confiteri
1354 744 1498 812 cogit
1519 743 1785 813 duplicem
1805 742 2008 798 Christi

442 843 729 895 adventum
763 855 885 894 esse
912 839 1227 907 praedictum
1262 854 1275 891 :
1313 838 1538 890 alterum
1570 836 1622 888 in
1655 850 1760 903 quo
1791 850 2011 905 perper

441 932 684 986 sionibus
712 931 985 985 obnoxius
1014 938 1070 983 et
1116 927 1381 996 inglorius
1411 936 1464 979 et
1496 926 1750 979 informis
1780 940 2012 995 appare-

442 1022 556 1081 bit;
584 1022 814 1075 alterum
848 1022 899 1074 itt
927 1036 1036 1089 quo
1068 1018 1451 1073 circumﬂuens
1478 1016 1649 1085 gloria
1686 1024 1741 1070 et
1768 1018 2009 1069 omnium

435 1111 601 1180 judex
635 1113 907 1175 adveniet,
946 1109 1402 1179 quemadmodum
1451 1119 1505 1161 et
1554 1122 1719 1175 supra
1764 1106 2013 1175 plurimis

440 1204 878 1257 demonstratum
934 1210 1018 1256 est
1058 1201 1134 1265 ⁸ος
1178 1216 1245 1253 an
1310 1214 1414 1252 non
1464 1199 1514 1252 id
1566 1214 1595 1250 a
1638 1197 1819 1251 divino
1846 1200 2012 1251 verbo

442 1296 794 1363 praedicatum
825 1295 1213 1364 intelligemus,
1246 1293 1420 1347 Eliam
1453 1291 1710 1346 terribilis
1744 1298 1798 1344 et
1832 1291 2010 1358 magni

439 1386 570 1451 diei,
620 1387 671 1441 id
724 1396 808 1440 est
858 1386 1087 1441 secundi
1140 1384 1257 1455 ejus
1306 1383 1571 1437 adventus
1612 1397 2010 1453 praecursorem

436 1476 729 1535 futurum?

508 1614 762 1680 Maxime,
798 1615 1073 1684 respondit
1103 1613 1214 1668 ille.

510 1730 691 1799 Atque
725 1728 825 1780 hoc
856 1727 1054 1795 ipsum,
1087 1725 1321 1789 aiebam,
1357 1723 1618 1777 Dominus
1651 1731 1841 1777 noster
1870 1722 2013 1778 inter

2114 579 2215 635 ρας
2247 563 2345 633 τῆς
2377 562 2623 633 μεγάλης
2656 561 2752 615 καὶ
2787 562 3024 633 φοϐερᾶς
3057 561 3149 615 τοῦ
3184 561 3428 633 Κυρίου;

2185 657 2449 719 Κάκεῖνος
2482 654 2845 724 ἀπεκρίνατο·
2883 655 3152 708 Μάλιστα.

2201 746 2323 799 Ἐὰν
2340 742 2431 798 οὖν
2450 749 2477 799 6
2493 745 2649 813 λόγος
2668 746 2953 820 ἀναγκάζῃ
2974 745 3274 815 ὁμολογεῖν,
3310 745 3392 798 ὃτι
3424 744 3519 797 δύο
3553 761 3695 816 παρο

2113 838 2291 891 ουσίαι
2345 838 2437 890 τοῦ
2485 837 2721 908 Χριστοῦ
2793 837 3227 911 προεφητεύοντο
3284 838 3689 909 γενησόμεναι,

2118 929 2218 999 μία
2254 927 2353 997 μὲν
2401 930 2458 982 tv
2573 928 2815 1001 παθητὸς
2860 931 2958 983 καὶ
2991 930 3185 1000 ἄτιμος
3231 930 3327 983 καὶ
3362 930 3552 1000 ἀειδὴς
3586 948 3692 998 φα-

2116 1020 2339 1089 νήσεται
2361 1036 2374 1049 ⁸
2412 1021 2444 1091 ὴ
2477 1020 2532 1072 δὲ
2580 1019 2777 1093 ἑτέρα,
2820 1022 2879 1073 tv
2991 1020 3087 1073 καὶ
3119 1020 3331 1085 ἔνδοξος
3365 1020 3463 1073 καὶ
3499 1021 3694 1090 κριτὴς

2114 1113 2370 1166 ἀπάντων
2406 1112 2701 1176 ἐλεύσεται,
2734 1112 2809 1178 ὡς
2857 1112 2952 1165 καὶ
2987 1114 3044 1165 ἐν
3091 1112 3304 1177 πολλοῖς
3351 1116 3466 1176 τοῖς
3501 1112 3695 1183 προλε-

2115 1201 2399 1273 λεγμένοις
2421 1202 2812 1265 ἀποδέδεικται,
2838 1202 2957 1271 οὐχὶ
2977 1203 3072 1273 τῆς
3095 1202 3357 1275 δευτέρας
3388 1203 3692 1273 παρουσίας

2117 1293 2279 1346 αὐτοῦ
2326 1293 2549 1364 πρόοδον
2593 1291 2920 1363 γενησεσθαι
2952 1293 3042 1346 τὸν
3075 1293 3261 1347 Ἠλίαν
3295 1296 3570 1364 νοήσομεν
3603 1296 3692 1348 τὸν

2114 1382 2269 1454 λόγον
2301 1385 2393 1438 τοῦ
2427 1385 2560 1439 Θεοῦ
2595 1385 2996 1457 κεκηρυκέναι;

2184 1587 2455 1650 Μάλιστα,
2490 1588 2839 1658 ἀπεκρίνατο.

2184 1702 2295 1754 Καὶ
2327 1702 2355 1755 6
2388 1701 2653 1773 ἡμέτερος
2685 1698 2777 1755 οὖν
2811 1702 3033 1775 Κύριος,
3070 1703 3235 1775 ἔφην,
3266 1705 3429 1757 τοῦτο
3460 1703 3593 1759 αὐτὸ
3636 1708 3691 1756 tv

441 1836 503 1876 ea
534 1836 655 1890 quae
685 1821 887 1882 docuit.
934 1818 1171 1872 futurum
1219 1832 1341 1871 esse
1389 1816 1633 1881 tradidit,
1666 1832 1791 1869 cum
1840 1816 1976 1870 Eliat

2184 1796 2224 1855 ἴς
2268 1792 2592 1863 διδάγμασιν
2642 1793 2805 1847 αὐτοῦ
2842 1794 3126 1866 παρέδωκε
3172 1795 3578 1866 γενησόμενον,
3614 1798 3690 1847 εί-

441 1926 659 1981 quoque
689 1912 826 1964 dixit
854 1925 977 1964 esse
1016 1919 1328 1963 venturum.
1371 1908 1520 1974 Quod
1550 1910 1768 1977 quidem
1802 1924 1901 1963 nos
1928 1909 2013 1963 fu-

443 2014 620 2056 turum
651 2017 773 2055 esse
810 2003 1012 2055 scimus
1053 2016 1176 2055 cum
1219 2016 1249 2055 e
1280 2000 1434 2055 cmlis
1477 2000 1712 2071 gloriose
1748 2001 2012 2057 Dominus

441 2104 626 2147 noster
663 2091 821 2147 Jesus
851 2092 1099 2147 Christus
1138 2101 1400 2145 venturus
1430 2103 1547 2155 est;
1598 2092 1751 2161 cujus
1788 2094 2010 2162 quidem

438 2185 599 2254 primi
646 2186 810 2239 etiam
865 2185 1129 2238 adventus
1172 2183 1413 2252 Spiritus
1468 2184 1597 2246 Dei,
1649 2185 1739 2253 qui
1794 2184 1846 2239 in
1893 2186 2009 2239 Elia

439 2277 640 2341 fuerat,
671 2292 848 2345 prteco
894 2277 1173 2347 praecessit
1222 2277 1274 2329 itt
1321 2276 1532 2331 Joanne
1578 2277 1746 2332 vestri
1794 2280 2011 2347 generis

438 2372 724 2437 propheta,
750 2379 872 2437 post
900 2383 1059 2437 quem
1086 2367 1264 2421 nullus
1291 2368 1429 2420 alius
1457 2368 1716 2438 deinceps
1751 2371 2012 2438 propheta

439 2462 582 2530 apud
616 2476 710 2514 vos
738 2460 969 2514 exstitit.
994 2459 1040 2513 ls
1067 2460 1131 2512 ad
1166 2475 1379 2513 amnem
1412 2457 1700 2513 Jordancnt
1724 2459 2014 2515 considens

438 2553 755 2609 clamabat:
792 2570 810 2603 ι
848 2552 956 2621 Ego
984 2552 1205 2620 quidem
1240 2552 1457 2619 baptizo
1487 2550 1538 2605 in
1580 2566 1717 2619 aqua
1751 2551 1804 2605 in
1841 2552 2014 2620 paeni-

438 2647 666 2701 tentiam
696 2662 709 2697 :
744 2644 927 2698 veniet
958 2655 1143 2697 autem
1178 2641 1375 2696 fortior
1423 2657 1529 2707 me,
1560 2640 1716 2710 cujus
1744 2658 1846 2697 non
1892 2660 2013 2697 sum

437 2737 637 2807 dignus
672 2734 1048 2789 calceatneuta
1081 2743 1322 2800 portare.
1350 2731 1470 2801 lpse
1500 2745 1597 2785 vos
1626 2732 1928 2802 baptizabit
1961 2734 2012 2786 in

439 2828 648 2896 Spiritu
685 2834 877 2880 sancto
905 2836 961 2879 et
990 2824 1098 2893 igtti
1128 2841 1142 2878 :
1179 2823 1342 2891 cujus
1371 2823 1737 2880 ventilabrunt
1766 2830 1818 2877 in
1850 2839 2012 2878 manu

436 2918 575 2987 ejus,
606 2928 662 2973 et
701 2915 1082 2988 pertnuudabit
1124 2930 1305 2970 aream
1367 2930 1543 2979 suam,
1582 2923 1637 2969 et
1664 2917 2011 2986 congregabit

441 3013 683 3065 triticum
721 3012 777 3063 in
823 3010 1105 3070 horreum,
1130 3006 1341 3075 paleam
1374 3016 1555 3059 autent
1585 3007 1870 3061 combttrct
1898 3008 2007 3077 igni

441 3104 870 3173 inexstiuguibili
906 3102 972 3156 δι.
1023 3120 1041 3154 ι
1080 3102 1253 3171 Atque
1288 3102 1433 3154 hunc
1464 3102 1641 3169 ipsum
1687 3103 2005 3172 prophetam

2116 1885 2233 1938 πὼν
2277 1886 2372 1938 καὶ
2418 1886 2605 1941 Ἠλίαν
2640 1886 2954 1941 ἐλεύσεσθαι
2980 1903 2992 1915 ⁸
3030 1888 3123 1941 καί
3168 1890 3336 1959 ἡμεῖς
3382 1888 3543 1942 τοῦτο
3576 1890 3691 1941 tm-

2115 1976 2362 2048 στάμεθα
2393 1977 2779 2048 γενησόμενον,
2814 1978 2940 2031 ὅταν
2976 1978 3145 2051 μέλλῃ
3181 1982 3239 2032 tv
3271 1979 3406 2051 δόξῃ
3441 1980 3501 2045 ἐξ
3532 1980 3692 2051 οὐρα-

2118 2068 2226 2121 νῶν
2261 2069 2656 2140 παραγίνεσθαι
2688 2069 2717 2120 6
2750 2069 3016 2142 ⁴ἡμέτερος
3064 2069 3268 2141 Κύριος
3301 2070 3515 2142 Ἰησοῦς
3560 2071 3691 2140 Χρι-

2116 2160 2273 2223 στὸς,
2320 2152 2381 2211 οὗ
2446 2159 2539 2213 καὶ
2603 2160 2701 2229 τῆς
2778 2160 3001 2233 πρώτης
3084 2161 3454 2233 φανερώσεως
3519 2164 3690 2235 κῆρυξ

2116 2249 2354 2321 προῆλθε
2398 2251 2459 2304 τὸ
2508 2253 2566 2303 tv
2597 2250 2755 2323 Ἠλίᾳ
2802 2252 3094 2324 γενόμενον
3127 2254 3357 2325 Πνεῦμα
3404 2255 3497 2308 τοῦ
3530 2257 3687 2319 Θεοῦ,

2116 2344 2173 2395 tv
2195 2342 2414 2413 Ἰωάννῃ
2443 2342 2519 2413 τῷ
2551 2344 2831 2416 γενομένῳ
2854 2346 2910 2399 tv
2943 2344 3019 2415 τῷ
3044 2345 3191 2414 γένει
3225 2346 3382 2417 ὑμῶν
3414 2350 3689 2422 προφήτῃ,

2117 2435 2236 2507 μεθ’
2270 2434 2327 2487 ὃν
2360 2435 2535 2499 οὐδεὶς
2580 2436 2767 2509 ἕτερος
2800 2436 2985 2502 λοιπὸς
3036 2438 3146 2509 (18)
3183 2440 3314 2510 παρ’
3351 2440 3483 2510 ὑμῖν
3519 2442 3690 2511 ἐφάνη

2116 2529 2435 2600 προφήτης,
2473 2530 2620 2593 ὅστις
2646 2530 2737 2582 ἐπὶ
2771 2530 2860 2583 τὸν
2887 2532 3158 2602 Ἰορδάνην
3192 2534 3442 2603 ποταμὸν
3474 2534 3695 2598 καθεζὸ-

2118 2636 2277 2689 μενος
2312 2619 2475 2673 ἐϐόα·
2514 2638 2533 2670 ι
2570 2619 2712 2689 Ἐγὼ
2738 2621 2835 2692 μὲν
2870 2622 3015 2693 ὑμᾶς
3051 2621 3297 2693 βαπτίζω
3333 2628 3393 2677 tv
3427 2624 3577 2679 ὕδατι
3613 2629 3692 2691 ei;

2118 2710 2405 2780 μετάνοιαν
2426 2727 2437 2741 ’
2473 2710 2592 2781 ἥξει
2627 2712 2683 2765 δὲ
2711 2714 2738 2765 6
2790 2714 3135 2786 ίσχυρὸτερός
3172 2734 3274 2785 μου
3296 2756 3311 2779 ,
3348 2709 3409 2769 οὗ
3442 2717 3540 2769 οὐκ
3575 2719 3694 2787 είμί

2116 2804 2296 2867 ἱκανὸς
2318 2805 2385 2858 τά
2410 2803 2731 2876 ὑποδήματα
2758 2804 3055 2875 βαστάσαι·
3084 2808 3245 2873 αὐτὸς
3269 2809 3418 2879 ὑμᾶς
3443 2809 3695 2879 βαπτίσει

2115 2895 2172 2946 ὲν
2206 2894 2483 2965 Πνεύματι
2514 2896 2656 2967 άγίῳ
2690 2898 2784 2951 καὶ
2831 2899 2992 2969 πυρί·
3035 2893 3096 2952 οῦ
3129 2899 3189 2953 τὸ
3229 2900 3400 2955 πτύον
3433 2903 3597 2957 αὐτοῦ
3641 2907 3695 2957 ἐν

2112 2989 2177 3056 τῇ
2212 2988 2357 3059 χειρὶ
2391 2986 2577 3051 αὑτοῦ,
2614 2988 2707 3042 καὶ
2759 2989 3105 3063 διακαθαριεῖ
3148 2991 3245 3045 τίεν
3284 2993 3472 3048 ἅλωνα
3501 2997 3692 3061 αὐτοῦ,

2110 3078 2206 3131 καὶ
2240 3078 2329 3132 τὸν
2364 3082 2508 3132 σῖτον
2541 3080 2758 3145 συνάξει
2791 3084 2873 3146 είς
2905 3083 3003 3153 τὴν
3030 3084 3339 3156 ἀποθήκην,
3378 3087 3439 3140 τὸ
3470 3087 3526 3140 6t
3562 3090 3695 3159 ἄχυο

438 3210 537 3249 rex
576 3205 761 3248 vester
804 3192 1046 3247 llerodes
1094 3191 1400 3259 conjeccrat
1435 3193 1486 3245 itt
1519 3207 1829 3258 carcerem;
1860 3209 1976 3248 cunt

2184 3186 2208 3222 ν
2240 3170 2577 3225 κατακαύσει
2612 3173 2745 3245 πυρὶ
2775 3174 3047 3247 ἀσϐέστῳ.
3093 3196 3110 3228 ι
3150 3178 3263 3231 Καὶ
3296 3180 3485 3234 τοῦτον
3528 3184 3695 3236 αὐτὸν

440 3300 546 3355 que
594 3285 838 3339 natalitia
888 3285 1330 3348 celebrarentur,
1373 3286 1608 3339 saltante
1660 3284 1848 3339 fratris
1901 3285 2009 3339 tilia

438 3378 737 3431 delectatus
776 3377 942 3443 jussit
967 3392 1090 3431 eam
1125 3386 1312 3445 petere
1346 3376 1609 3445 quidquid
1658 3376 1838 3431 vellet.
1874 3375 2009 3430 Tum

437 3469 675 3540 puellam
725 3479 904 3522 mater
945 3467 1283 3530 subntonuit,
1328 3477 1388 3521 ut
1432 3465 1661 3521 Joannis
1702 3468 1754 3521 in
1794 3468 2010 3522 vincula

437 3562 667 3631 conjecti
720 3578 882 3632 caput
942 3570 1188 3631 peteret;
1242 3560 1384 3629 quod
1439 3574 1563 3615 cum
1612 3560 1700 3615 illa
1757 3562 2009 3629 petisset,

436 3656 585 3709 misit
613 3670 731 3718 rex,
772 3663 827 3709 et
867 3662 1037 3723 caput
1064 3651 1295 3707 Joannis
1324 3653 1379 3707 in
1409 3651 1568 3707 lance
1603 3652 1768 3722 jussit
1801 3654 2008 3710 afferri.

439 3745 781 3815 Quapropter
802 3755 855 3798 et
886 3744 1138 3799 Christus
1172 3752 1381 3807 noster,
1407 3758 1529 3797 cutn
1559 3746 1739 3798 adhuc
1766 3746 1818 3799 in
1845 3748 2009 3801 terris

436 3851 779 3903 versaretur,
798 3838 883 3891 his
899 3837 989 3905 qui
1008 3846 1261 3907 oportere
1292 3838 1611 3890 asserebant
1635 3846 1691 3889 ut
1708 3834 1857 3890 Elias
1880 3848 2009 3890 ante

435 3930 712 3985 Christum
742 3931 975 3993 veniret,
1016 3929 1129 3982 haec
1162 3928 1299 3981 dixit
1328 3941 1342 3981 :
1377 3946 1395 3978 ι
1438 3928 1583 3981 Elias
1613 3928 1831 3996 quidem
1875 3944 2009 3981 vcn-

439 4032 593 4075 turus
616 4029 699 4074 est
726 4029 781 4074 et
805 4022 1057 4075 restituet
1080 4020 1284 4073 omnia.
1311 4019 1443 4073 Dico
1469 4030 1648 4073 autem
1680 4019 1855 4087 vobis,
1880 4023 2007 4089 quia

436 4112 709 4182 Eliasjatn
737 4113 907 4174 venit,
931 4123 985 4166 et
1009 4128 1115 4166 non
1150 4120 1517 4180 cognoverunt
1546 4128 1693 4177 eum,
1732 4113 1827 4167 sed
1857 4114 2008 4169 fece-

438 4215 564 4260 runt
594 4204 644 4259 ei
674 4219 1012 4273 quaecunque
1040 4203 1320 4258 voluerunt
1357 4203 1423 4257 “.
1468 4222 1487 4254 υ
1521 4202 1587 4257 Ει
1614 4204 1875 4275 scriptum
1921 4216 2006 4261 est

438 4308 567 4352 tunc
598 4296 895 4366 discipulos
926 4294 1263 4349 intellexisse
1289 4310 1413 4350 eum
1443 4297 1509 4350 de
1535 4294 1748 4353 Joanne
1764 4297 2006 4370 Baptism

437 4390 489 4445 iil
523 4390 632 4446 illis
665 4389 890 4445 dixisse.

504 4632 641 4687 Tum
691 4633 954 4705 Trypho;
989 4631 1213 4688 Videtur
1254 4634 1306 4688 id
1356 4648 1572 4703 quoque
1607 4634 1738 4689 mihi
1781 4635 1850 4688 ab
1886 4634 2005 4704 opi-

436 4724 598 4778 nione
640 4725 965 4790 abhorrere,
999 4726 1143 4795 quod
1170 4724 1431 4796 Spiritum
1465 4727 1841 4796 propheticum
1881 4725 2003 4791 Dei,

435 4818 523 4886 qui
558 4818 608 4870 itt
642 4817 757 4871 Elia
792 4815 990 4882 fuerat,
1024 4818 1189 4873 etiam
1220 4820 1271 4873 itt
1303 4817 1512 4873 Joanne
1541 4818 1677 4873 dicis
1706 4819 1895 4874 fuisse.

504 4908 586 4962 Ad
639 4909 755 4964 haec
807 4925 965 4978 ego:
1020 4907 1138 4966 Non
1191 4911 1550 4977 tibi.videtur
1599 4912 1739 4965 idem
1796 4911 1999 4967 factum

2113 3260 2203 3313 τὸν
2237 3263 2521 3334 προφήτην
2556 3265 2954 3319 συνεκεκλείκει
2986 3268 3014 3320 6
3049 3267 3303 3338 βασιλεὺς
3337 3272 3493 3343 ὑμῶν
3520 3274 3697 3347 Ἠρώ-

2110 3351 2207 3422 δης
2240 3356 2321 3416 είς
2355 3354 2619 3426 φυλακὴν,
2656 3358 2751 3409 καὶ
2785 3360 3045 3426 γενεσίυιν
3082 3361 3300 3433 ἡμέρας
3335 3364 3693 3437 τελουμένης,

2110 3440 2444 3514 ὀρχουμένης
2479 3445 2576 3515 τῆς
2612 3444 2908 3516 ἐξαδελφῆς
2945 3447 3107 3500 αὑτοῦ
3143 3448 3235 3500 τοῦ
3286 3450 3524 3521 Ἡρώδου
3562 3454 3693 3504 εω-

2115 3539 2321 3611 ρέστως
2365 3537 2547 3603 αὐτῷ,
2586 3535 2738 3593 εἶπεν
2783 3541 2920 3613 αὐτῇ
2969 3542 3304 3612 αἰτήσασθαι
3339 3544 3368 3596 ὃ
3415 3545 3509 3597 ἐὰν
3568 3545 3693 3614 βού-

2111 3629 2289 3701 ληται.
2326 3629 2493 3701 Καὶὴ
2533 3632 2714 3702 μήτηρ
2740 3633 2835 3704 τῆς
2870 3633 3058 3697 παιδὸς
3094 3633 3369 3689 ὑπέϐαλεν
3433 3638 3573 3708 αὐτῇ
3612 3642 3694 3692 αξ-

2110 3718 2378 3791 τήσασθαι
2413 3721 2511 3790 τὴν
2546 3721 2786 3793 κεφαλὴν
2824 3722 3073 3777 Ἰωάννου
3114 3723 3207 3777 τοῦ
3249 3727 3309 3779 ὲν
3344 3730 3411 3798 τῇ
3452 3728 3689 3800 φυλακῇ·

2111 3811 2540 3882 καὶαίτησάπς,
2566 3811 2798 3882 έπεμψε,
2822 3815 2916 3866 καὶ
2941 3816 3032 3867 ἐπὶ
3055 3814 3241 3870 πίνακι
3268 3818 3566 3890 ὲναχθῆναι
3586 3822 3691 3891 (19)

2109 3902 2207 3973 τὴν
2242 3904 2483 3974 κεφαλὴν
2518 3905 2764 3959 Ἰωάννου
2798 3907 3071 3961 ἐκέλευσε.
3105 3909 3196 3962 Διὸ
3230 3911 3327 3963 καὶ
3362 3914 3390 3964 6
3424 3913 3693 3985 ἡμέτερος

2110 3996 2343 4066 Χριστὸς
2390 3998 2602 4069 εἰρήκει
2646 3998 2740 4051 ἐπὶ
2771 4000 2872 4070 γῆς
2904 4002 3023 4053 τότε
3058 4005 3167 4064 τοῖς
3201 4003 3427 4072 λέγουσι
3460 4006 3569 4077 πρὸ
3602 4007 3691 4059 τοῦ

2108 4088 2342 4159 Χριστοῦ
2390 4089 2578 4143 Ἠλίαν
2622 4091 2731 4143 δεῖν
2777 4090 2968 4145 ἐλθεῖν·
3012 4112 3029 4143 ι
3054 4094 3242 4158 Ἠλίας
3281 4097 3382 4166 μὲν
3412 4097 3692 4151 ἐλεύσεται

2109 4179 2205 4231 καὶ
2239 4181 2679 4252 ἀποκαταστήσει
2714 4182 2911 4236 πάντα·
2950 4184 3091 4251 λέγω
3123 4184 3179 4237 δὲ
3222 4187 3357 4257 ὑμῖν
3390 4188 3471 4242 ὃτι
3503 4190 3691 4253 Ἠλίας

2108 4268 2208 4339 ἠδη
2242 4264 2393 4339 ἦλθε,
2430 4271 2525 4322 καὶ
2557 4272 2656 4324 οὐκ
2702 4271 3015 4341 ἐπέγνωσαν
3056 4275 3255 4340 αὑτὸν,
3293 4277 3410 4331 ἀλλ’
3428 4278 3691 4349 ἐποίησαν

2107 4359 2255 4429 αὐτῷ
2287 4362 2387 4415 ὃσα
2420 4362 2709 4434 ἠθέλησαν.
2736 4383 2754 4415 ι
2788 4366 2897 4418 Καὶ
2920 4366 3230 4438 γέγραπται
3260 4370 3344 4421 ὅτι
3378 4371 3497 4423 τότε
3529 4372 3690 4440 συνῆ-

2108 4468 2210 4506 καν
2239 4454 2285 4505 οί
2319 4453 2557 4525 μαθηταὶ
2589 4458 2668 4509 ὅτι
2702 4456 2830 4527 περὶ
2863 4457 3107 4511 Ἰωάννου
3141 4458 3233 4511 τοῦ
3270 4460 3580 4515 Βαπτιστοῦ
3618 4460 3689 4515 εἷ-

2038 4555 2085 4613 ο
2112 4560 2213 4595 πεν
2245 4544 2445 4608 αὐτοῖς.

2180 4630 2292 4683 Καὶ
2322 4633 2351 4684 6
2386 4633 2634 4704 Τρύφων·
2671 4635 2781 4689 Καὶ
2826 4636 2979 4691 τοῦτο
3031 4639 3333 4713 παράδοξον
3382 4644 3563 4713 λέγειν
3598 4664 3689 4715 μοι

2106 4722 2315 4788 δοκεῖς,
2345 4726 2427 4778 ὅτι
2463 4725 2523 4778 τὸ
2557 4730 2614 4781 tv
2658 4728 2815 4801 Ἠλίᾳ
2847 4729 2939 4784 τοῦ
2972 4731 3105 4785 Θεοῦ
3140 4734 3437 4805 γενόμενον
3476 4755 3687 4809 πΜη-

2104 4816 2253 4869 τικὸν
2286 4817 2527 4889 Πνεῦμα,
2564 4821 2659 4874 καὶ
2686 4823 2743 4874 tv
2765 4823 2985 4897 Ἰωάννῃ
3006 4825 3217 4894 γέγονε.

2174 4908 2345 4976 Κάγὼ
2379 4909 2514 4982 πρὸς
2555 4912 2743 4967 ταῦτα’
2780 4916 2853 4969 Οὐ
2899 4916 3046 4970 δοκεῖ
3089 4933 3171 4970 σοι
3218 4918 3313 4971 ἐπὶ
3356 4919 3564 4991 Ἰησοῦν
3595 4922 3686 4977 τὸν

437 4998 599 5070 146
634 4999 796 5055 fuisse
820 5003 871 5055 in
900 5001 1029 5058 Jesu
1062 5006 1176 5061 filio
1205 5004 1373 5067 Nave,
1400 5006 1491 5075 qui
1541 5004 1723 5074 populi
1767 5005 1976 5061 ducenti

2184 4997 2193 5048 ἱ
2240 5000 2398 5072 Ναυῆ
2418 5042 2433 5065 ,
2474 5003 2564 5055 τὸν
2610 5003 2984 5076 διαδεξάμενον
3026 5008 3125 5080 τὴν
3160 5008 3495 5082 λαοηγησίαν
3547 5012 3685 5082 μετὰ

430 5095 763 5160 provinciam
803 5108 922 5163 post
966 5097 1204 5170 Moysem
1231 5101 1502 5166 suscepit;
1558 5097 1667 5153 Deo
1701 5086 1856 5169 ipso;
1873 5112 1976 5152 cun

2184 5094 2370 5159 ›ὓσέα,
2406 5095 2465 5151 τὸ
2498 5093 2628 5150 αὐτὸ
2655 5098 2962 5166 γεγονέναι;
2998 5101 3085 5153 ὅτε
3120 5102 3324 5174 ἐρρέθη
3358 5103 3436 5174 τῷ
3461 5104 3687 5157 Μωῦσεῖ

427 5188 612 5257 jussus
644 5200 728 5243 est
763 5188 976 5261 Moyses
1025 5202 1084 5246 ut
1130 5209 1322 5248 manus
1368 5190 1494 5246 Jesu
1552 5194 1873 5261 imponeret,
1914 5190 1976 5245 di.

2184 5186 2367 5244 ιθεῖναι
2413 5188 2490 5260 τῷ
2523 5189 2694 5261 Ἰησοῦ
2728 5194 2827 5255 τὰς
2858 5195 3079 5264 χεῖρας,
3112 5195 3359 5261 εἰπόντος
3394 5195 3553 5250 αὐτοῦ
3589 5193 3679 5249 τοῦ

533 5376 579 5407 ⁸⁸
612 5393 667 5431 It.
703 5377 771 5432 Ην
798 5388 855 5433 et
877 5379 971 5435 52.
1043 5379 1086 5411 ⁸⁸
1118 5377 1315 5433 Matth.
1340 5392 1425 5442 ttt,
1459 5377 1517 5431 Η
1555 5386 1610 5431 et
1638 5375 1726 5431 12.
1817 5376 1863 5408 δ’
1895 5375 1974 5429 Ma

2184 5391 2254 5441 ’ll,
2297 5373 2381 5429 12.

499 5653 610 5721 (Π)
641 5654 741 5707 Διά
786 5655 1104 5723 Ζαχαρίου.
1160 5651 1371 5723 Monuit
1401 5650 1738 5723 ‘Sylburgius
1783 5646 1976 5723 Zacha-

2193 5645 2279 5723 iS)
2328 5644 2567 5723 Λοιπές.
2624 5644 2787 5699 Forte
2828 5644 3034 5709 λοιπόν,
3094 5647 3189 5701 sed
3244 5648 3411 5703 lectio
3455 5646 3667 5716 vulgata

432 5722 567 5773 riam
594 5714 691 5776 hic
719 5714 1027 5791 Obrepsisse
1056 5738 1153 5790 pro
1187 5714 1473 5779 Malachia:
1501 5714 1647 5791 apud
1676 5736 1833 5790 quem
1876 5721 1989 5775 haec
2092 5714 2448 5791 ferrigpotcgst.
2481 5715 2673 5791 Tutu!"

432 5793 709 5860 prophetia
748 5786 941 5861 legitur
969 5786 1088 5861 cap.
1124 5807 1196 5857 tv,
1233 5806 1283 5844 ν.
1315 5792 1401 5845 15.
1538 5786 1550 5791 ’
1693 5786 1705 5790 ’

2192 5788 2279 5857 19)
2329 5787 2701 5855 Ἐναχθῆνίιτ.
2738 5788 2929 5859 Aptius
2965 5786 3274 5860 ἐνεχθῆναι.
3308 5789 3664 5845 Sneunctus.
