3760 6490
383 338 487 396 537

1321 328 1378 383 S.
1412 322 1677 382 JUSTINI
1710 321 2121 378 PHILOSOI’HI
2158 321 2244 376 ET
2281 319 2643 376 MARTYBIS

3551 318 3647 374 588

384 456 565 526 pulum
588 471 602 519 ;
637 451 976 514 sacerdotes,
1003 443 1286 516 loquimini
1312 443 1378 498 ad
1405 459 1500 497 cor
1525 441 1885 506 Hierusalem,
1911 448 1964 494 et

2148 439 2198 492 ιί·
2247 459 2263 490 ι
2297 439 2672 512 Παρακαλεῖτε
2722 436 2810 489 τὸν
2858 435 3005 500 λαὸν,
3045 437 3209 508 ἱερεῖς
3257 433 3530 507 λαλήσατε
3575 438 3648 499 είς

383 545 744 602 consolatuini
775 558 894 597 eam
919 558 934 606 ;
962 540 1092 610 quia
1143 537 1346 606 repleta
1377 545 1461 590 est
1498 532 1780 588 humilitas
1817 531 1956 601 ejus.

386 639 634 695 Solutum
665 645 752 691 est
785 644 1068 704 peccatum
1101 631 1268 696 illius,
1309 629 1436 698 quia
1467 626 1673 695 recepit
1698 625 1765 678 de
1795 639 1960 677 manu

389 731 600 788 Domini
639 728 876 798 duplicia
911 733 1134 795 peccata
1173 738 1294 776 sua.
1324 720 1438 772 Vox
1466 716 1754 772 clamantis
1783 716 1836 768 in
1869 716 1959 767 de-

387 833 578 880 serto:
611 821 810 876 Parate
853 820 970 874 vias
1019 815 1268 872 Domini:
1310 825 1488 865 rectas
1533 807 1700 864 facite
1735 805 1962 860 semitas

388 918 480 972 Dei
513 915 706 970 nostri.
732 912 922 966 Omnis
956 907 1109 962 vallis
1140 905 1474 976 ituplebitur,
1508 914 1562 956 et
1596 899 1776 954 omnis
1806 911 1962 951 mons

387 1020 442 1064 et
487 1007 642 1064 collis
686 1002 1070 1060 humiliabitur
1111 1019 1122 1052 :
1157 1009 1212 1052 et
1252 1003 1417 1050 erunt
1453 993 1634 1048 omnia
1688 1005 1854 1060 prava
1905 989 1960 1042 in

389 1101 682 1162 directum,
708 1105 763 1149 et
806 1106 994 1161 aspera
1059 1090 1111 1142 in
1160 1089 1276 1141 vias
1309 1085 1534 1155 planas;
1566 1091 1620 1135 et
1678 1079 1965 1150 apparebit

388 1191 557 1263 glm-ia
589 1186 800 1241 Domini
836 1203 848 1239 :
881 1195 934 1236 et
960 1180 1164 1235 videbit
1188 1178 1367 1232 onmis
1398 1190 1529 1229 caro
1565 1173 1803 1228 salutare
1833 1171 1958 1235 Dei;

389 1285 513 1353 quia
563 1281 820 1336 Dominus
868 1276 1080 1329 locutus
1122 1281 1224 1325 est.
1266 1269 1379 1322 Vox
1426 1266 1658 1320 dicentis
1698 1283 1711 1318 :
1755 1263 1962 1325 Clama,

388 1385 442 1428 et
476 1371 588 1426 dixi
623 1388 636 1422 :
675 1368 832 1440 147
867 1364 1005 1432 Quid
1050 1360 1340 1416 clamabo?
1388 1357 1578 1412 Omnis
1607 1370 1735 1410 caro
1781 1354 1962 1408 fenum

389 1478 443 1521 et
499 1462 676 1518 omnis
726 1459 896 1530 gloria
942 1455 1214 1516 hominis,
1273 1450 1430 1520 quasi
1481 1448 1580 1503 ﬂos
1631 1447 1760 1501 icui.
1802 1444 1965 1498 Aruit

393 1561 598 1621 fenum,
632 1563 686 1608 et
723 1552 820 1608 llos
850 1549 966 1618 ejus
1001 1545 1236 1609 cecidit;
1276 1543 1500 1596 verbum
1533 1548 1712 1594 autem
1749 1534 1962 1589 Domini

391 1660 573 1704 manet
603 1651 656 1702 in
712 1644 1126 1714 sempiternum.
1178 1638 1354 1707 Super
1406 1643 1644 1689 montem
1687 1629 1963 1684 excelsum

391 1741 643 1803 ascende,
673 1738 762 1806 qui
787 1731 1132 1803 evangelizas
1160 1727 1321 1791 Sion;
1351 1725 1534 1780 exalia
1565 1724 1616 1777 in
1646 1721 1966 1776 fortitudine

2063 533 2161 604 τὴν
2197 533 2422 604 καρδίαν
2468 529 2841 601 Ἰερουσαλὴμ,
2880 530 2973 582 καὶ
3007 528 3429 602 παρακαλέσατε
3465 527 3646 597 αὐτὴν,

2063 624 2143 676 ὅτι
2182 623 2426 694 ἐπλήσθη
2473 625 2505 693 ἡ
2539 621 2864 683 ταπείνωσις
2912 619 3100 690 αὐτῆς.
3152 619 3386 674 Λέλυται
3419 619 3645 691 αὐτῆςή

2064 710 2330 780 ἁμαρτίω
2381 711 2464 762 ὅτι
2517 708 2734 772 ἐδέξατο
2781 709 2844 761 ἐκ
2895 708 3075 779 χειρὸς
3123 709 3331 780 Κυρίου
3379 708 3544 762 διπλᾶ
3585 709 3649 761 τά

2064 801 2437 872 ἁμαρτήματα
2483 800 2672 869 αὐτῆς.
2730 800 2887 869 Φωνὴ
2935 798 3168 869 βοῶντος
3215 801 3274 852 ἐν
3321 802 3387 870 τῇ
3440 800 3644 871 ἐρήμῳ

2076 891 2432 960 Ἑτοιμάσατε
2468 890 2564 952 τὰς
2611 889 2761 951 ὀδοὺς
2795 887 3019 960 Κυρίουο
3059 887 3274 950 εύθείας
3317 889 3523 940 ποιεῖτε
3554 885 3648 949 τὰς

2065 980 2282 1053 τρίϐους
2322 981 2413 1035 τοῦ
2449 980 2581 1035 Θεοῦ
2617 980 2790 1052 ἡμῶν.
2842 982 2997 1035 Πᾶσα
3043 979 3265 1052 φάραγξ
3301 977 3652 1050 πληρωθήσεσ

2065 1089 2184 1138 ται,
2221 1075 2317 1129 καὶ
2351 1076 2460 1128 πᾶν
2493 1071 2618 1145 ὅρος
2664 1073 2758 1128 καὶ
2806 1072 2994 1142 βουνὸς
3025 1071 3522 1143 ταπεινωθήσεταιο
3560 1070 3653 1124 καὶ

2068 1168 2219 1220 ἔσται
2265 1167 2438 1219 πάντα
2482 1166 2550 1220 τὰ
2604 1164 2790 1218 σκολιᾶ
2838 1167 2916 1228 εἰς
2964 1163 3202 1229 εύθεῖαν,
3240 1165 3336 1217 καὶ
3370 1152 3650 1236 ήτραχεῖα

2068 1262 2145 1322 είς
2178 1257 2329 1320 ὁδοὺς
2362 1256 2509 1321 λείας
2531 1275 2543 1287 ’
2581 1253 2676 1309 καὶ
2718 1255 3013 1327 ὀφθήσεται
3054 1257 3088 1325 ἡ
3124 1254 3253 1321 δόξα
3291 1255 3524 1326 Κυρίου,
3560 1255 3650 1307 καὶ

2066 1346 2252 1418 ὄψεται
2291 1347 2437 1400 πᾶσα
2472 1344 2608 1416 σὰρξ
2641 1345 2698 1398 τὸ
2734 1345 2995 1414 σωτήριον
3021 1342 3113 1395 τοῦ
3149 1342 3305 1395 Θεοῦ⁹
3343 1344 3427 1396 ὅτι
3453 1340 3649 1412 Κύριος

2067 1439 2313 1508 ἐλάλησε.
2352 1438 2505 1508 Φωνὴ
2540 1436 2804 1504 λέγοντος·
2830 1435 3054 1505 Βόησονο
3096 1435 3188 1487 καὶ
3224 1430 3402 1486 εἷπον’
3435 1434 3501 1485 Τί
3538 1432 3649 1502 βοή-

2071 1547 2178 1592 σω;
2215 1531 2372 1582 Πᾶσα
2416 1527 2550 1600 σὰρξ
2598 1526 2818 1598 χόρτος,
2855 1528 2948 1580 καὶ
2993 1527 3145 1580 πᾶσα
3190 1525 3321 1592 δόξα
3364 1525 3647 1596 ἀνθρώπω

2069 1623 2144 1685 ὼς
2177 1621 2335 1684 ἄνθος
2377 1619 2593 1692 χόρτου.
2646 1618 2944 1690 Ἐξηράνθη
2981 1620 3008 1671 6
3041 1617 3235 1688 χόρτος
3269 1618 3366 1671 καὶ
3403 1619 3462 1671 τὸ
3496 1618 3645 1682 ἄνθος

2070 1711 2231 1767 αὐτοῦ
2285 1713 2529 1780 ἐξέπεσε·
2582 1709 2640 1764 τὸ
2686 1711 2741 1764 δὲ
2785 1712 2933 1783 ῥῆμα
2981 1710 3190 1781 Κυρίου
3242 1709 3394 1779 μένει
3442 1711 3521 1770 εἰς
3564 1710 3646 1760 τὸν

390 1829 577 1889 vocem
611 1842 781 1891 tuam,
816 1826 906 1897 qui
929 1823 1276 1892 evangelizas
1305 1818 1660 1874 Hierusalem.
1699 1814 1961 1876 Exaltate,

2148 1809 2256 1862 ὒνα.
2295 1806 2413 1859 Ἐπ’
2431 1805 2590 1877 ὅρους
2617 1803 2820 1874 ὑψηλοῦ
2851 1801 3085 1872 ἀνάϐηθι
3110 1804 3138 1856 6
3165 1789 3647 1872 εὐαγγελιζόμενος

392 1930 562 1983 nolite
607 1925 844 1978 timere:
877 1920 964 1972 dic
1016 1916 1324 1971 civitatibus
1368 1912 1502 1967 Juda
1548 1929 1562 1964 :
1615 1910 1755 1964 Ecce
1815 1908 1964 1960 Deus

397 2031 616 2084 vester;
672 2015 936 2070 Dominus
977 2023 1102 2063 ecce
1153 2022 1273 2061 cum
1313 2005 1515 2058 virtute
1541 2003 1710 2067 venit,
1761 2009 1817 2053 et
1842 1998 1968 2051 bra-

391 2115 577 2170 cbium
621 2123 744 2165 cum
779 2102 1153 2160 dominatione
1195 2098 1367 2151 venit.
1417 2095 1555 2149 Ecce
1604 2107 1813 2147 merces
1843 2104 1965 2144 cum

390 2224 482 2273 eo,
521 2216 577 2261 et
601 2217 738 2273 opus
777 2199 831 2252 in
876 2201 1164 2263 conspectu
1197 2193 1336 2258 ejus.
1371 2187 1522 2241 Sicut
1555 2195 1744 2255 pastor
1773 2193 1964 2252 pascet

393 2312 614 2371 gregem
663 2307 845 2354 suum,
896 2298 951 2342 et
989 2283 1212 2340 brachio
1262 2280 1610 2350 congregabit
1659 2291 1863 2346 agnos,
1913 2282 1969 2328 et

394 2396 765 2464 praegnantem
813 2378 1210 2438 consolabitur.
1247 2374 1383 2442 Quis
1427 2386 1649 2426 mensus
1689 2379 1774 2424 est
1803 2383 1965 2422 manu

390 2458 614 2554 aquam,
648 2488 706 2534 et
733 2474 930 2530 calum
967 2470 1150 2541 palmo
1181 2476 1236 2521 et
1257 2479 1473 2520 onmem
1503 2474 1706 2516 terram
1732 2458 1968 2532 pugillo?

391 2552 517 2646 quis
538 2571 728 2629 statuit
753 2576 967 2623 montes
991 2561 1250 2633 pondere,
1284 2567 1339 2612 et
1363 2555 1529 2611 saltus
1564 2555 1804 2610 statera?
1835 2552 1969 2620 Quis

393 2643 648 2738 cognovit
703 2669 940 2716 mentem
1001 2649 1255 2711 Domini:
1313 2655 1405 2700 aut
1460 2645 1583 2714 quis
1624 2643 1970 2700 consiliarius

393 2736 512 2829 eius
543 2756 666 2820 fuit,
695 2752 786 2823 qui
819 2753 1015 2806 doceat
1063 2747 1230 2802 eum?
1254 2755 1348 2800 aut
1374 2757 1496 2797 cum
1539 2753 1648 2810 quo
1679 2736 1966 2792 consilium

393 2827 536 2914 iniit,
572 2856 628 2901 et
657 2841 920 2898 instruxit
958 2838 1148 2893 illum?
1179 2835 1275 2890 Vel
1317 2834 1441 2904 quis
1477 2828 1717 2887 ostendit
1745 2829 1793 2882 ei
1826 2827 1971 2895 judi-

393 2941 577 3000 cium?
605 2938 688 2992 vel
714 2937 858 2991 viam
889 2931 1256 3001 intelligentiae
1284 2929 1408 2997 quis
1436 2924 1673 2982 ostendit
1697 2921 1810 2976 illi?
1837 2920 1968 2976 Om-

395 3049 493 3090 nes
534 3043 752 3106 gentes,
804 3027 948 3081 sicut
1001 3023 1150 3079 stilla
1205 3022 1271 3075 de
1322 3018 1509 3081 situla,
1555 3025 1607 3071 et
1643 3014 1798 3084 quasi
1849 3030 1967 3070 mo-

397 3135 642 3182 mentum
693 3129 919 3176 staterae
970 3124 1230 3183 reputatae
1278 3121 1424 3170 sunt.
1468 3120 1522 3164 et
1551 3107 1707 3175 quasi
1750 3114 1965 3175 sputum

393 3215 820 3288 reputabuntur.
857 3201 1100 3263 Libanus
1130 3214 1309 3258 autem
1339 3218 1445 3258 non
1484 3199 1682 3255 sulIicit
1717 3199 1783 3254 ad
1817 3213 1968 3253 com-

394 3306 697 3365 burendttnt
728 3312 814 3359 :et
845 3298 1218 3372 quadrupedia
1259 3311 1366 3349 non
1403 3291 1678 3349 sullieiunt
1707 3291 1775 3346 ad
1813 3291 1967 3345 holo-

397 3410 674 3464 caustum,
708 3407 763 3453 et
791 3403 1003 3451 cunctae
1032 3401 1221 3461 gentes
1259 3387 1487 3442 nihilum
1535 3395 1592 3441 et
1638 3385 1690 3439 in
1741 3383 1970 3439 nihilum

397 3500 658 3562 reputatae
684 3495 812 3542 sunt
837 3484 901 3536 ⁸⁵.
944 3501 964 3532 ι

468 3673 556 3725 51.
589 3667 860 3725 Probatur
889 3661 1024 3716 hanc
1069 3657 1400 3728 proli/tedam
1440 3671 1552 3708 esse
1601 3633 1968 3724 adimpletum.

397 3761 790 3816 -—-Desincnte
820 3771 905 3811 me
935 3754 1074 3809 dixit
1104 3745 1325 3821 Trypho
1383 3768 1396 3802 :
1455 3749 1729 3818 Ambigua
1788 3750 1969 3803 omnia

396 3855 737 3927 prepltetima
772 3861 824 3904 te
852 3849 1027 3902 allatae
1070 3845 1235 3901 verba
1257 3886 1270 3908 ,
1301 3857 1402 3897 nec
1447 3841 1744 3911 quidquam
1773 3841 1977 3896 habent

397 3963 504 4017 quo
540 3945 823 4000 decidatur
843 3943 896 3995 id
927 3941 1071 4011 quod
1097 3939 1477 3993 demonstrare
1505 3935 1605 3989 vis.

469 4032 624 4087 Tunc
675 4046 773 4100 ego
815 4027 1065 4098 respondi
1104 4043 1118 4081 :
1159 4024 1217 4078 Si
1268 4023 1487 4093 quidem
1524 4035 1629 4075 non
1679 4021 1972 4086 evenisset,

398 4121 638 4192 'Irypho,
671 4128 731 4174 ut
761 4117 1098 4180 desinerent,
1123 4131 1184 4169 ac
1204 4115 1316 4184 jam
1344 4112 1569 4168 omnino
1619 4111 1746 4164 nulli
1795 4121 1977 4165 essent

396 4222 519 4284 post
545 4211 686 4265 hunc
715 4208 978 4265 Joannem
1009 4208 1065 4261 in
1095 4215 1278 4261 vestro
1301 4219 1496 4274 genere
1527 4204 1830 4273 prophetae;
1858 4210 1977 4273 qure

397 4303 652 4358 videlicet
685 4319 712 4356 a
744 4317 828 4356 me
860 4301 912 4354 itt
942 4299 1126 4355 Iesum
1151 4298 1426 4354 Christum
1456 4293 1827 4366 proferuntur,
1860 4313 1976 4351 am-

396 4395 559 4463 higue
585 4394 817 4447 fortasse
846 4393 986 4447 dicta
1012 4393 1348 4448 viderentur.
1377 4393 1485 4449 Sed
1517 4397 1560 4449 si
1591 4392 1828 4450 Joannes
1856 4393 1976 4462 qui-

2069 1899 2223 1953 Σιών·
2264 1898 2476 1968 ῦψωσον
2504 1899 2567 1966 τῇ
2597 1891 2738 1965 ἰσχύϊ
2773 1893 2870 1965 τὴν
2905 1892 3088 1964 φωνήν
3121 1910 3214 1945 σου
3252 1895 3280 1945 6
3316 1891 3648 1962 εὐαγγελιζό-

2071 2007 2228 2063 μενος
2287 1988 2660 2059 Ἰερουσαλήμ.
2710 1984 3019 2055 ’Υψώσατε,
3062 1985 3135 2056 μὴ
3185 1983 3465 2053 φοϐεῖσθε,
3503 1980 3648 2036 εἷπον

2067 2091 2185 2150 ταῖς
2221 2085 2440 2140 πόλεσιν
2473 2084 2662 2137 Ἰούδω
2713 2082 2839 2135 Ἰδοὺ
2867 2085 2894 2135 6
2926 2081 3058 2144 Θεὸς
3093 2079 3267 2152 ὑμῶν,
3305 2079 3510 2152 Κύριος
3545 2079 3646 2132 ἰδοό

2071 2174 2386 2246 μετ’ίοκχύος
2413 2173 2650 2245 ἔρχεται,
2687 2171 2781 2226 καὶ
2819 2175 2848 2224 6
2883 2171 3122 2242 βραχίων
3161 2171 3300 2242 μετὰ
3336 2171 3527 2241 κυρίας
3566 2170 3648 2241 ἔρ-

2067 2284 2242 2337 χεται.
2280 2265 2414 2318 Ἰδοὺ
2450 2267 2478 2318 6
2516 2263 2702 2334 μισθὸς
2747 2263 2864 2334 μετ’
2882 2261 3067 2324 αὑτοῦ,
3097 2263 3192 2316 καὶ
3227 2254 3288 2315 τὸ
3323 2262 3482 2334 ἔργον
3513 2264 3649 2314 ἐναν-

2068 2361 2178 2412 τίον
2211 2357 2395 2411 αὐτοῦ.
2441 2357 2529 2419 Ὠς
2563 2355 2765 2426 ποιμὴν
2800 2356 3056 2424 ποιμανεῖ
3087 2354 3146 2407 τὸ
3181 2355 3437 2424 ποίμνιον
3471 2353 3646 2414 αὐτοῦ,

2069 2450 2162 2503 καὶ
2205 2447 2282 2519 τῷ
2317 2446 2558 2518 βραχίονι
2603 2445 2818 2511 συνάξει
2862 2445 3060 2516 ἄρνας,
3097 2445 3192 2498 καὶ
3226 2444 3326 2516 τὴν
3371 2445 3428 2497 ὲν
3459 2447 3648 2516 γαστρὶ

2068 2539 2295 2610 ἔχουσαν
2320 2537 2712 2610 παρακαλέσει.
2742 2535 2837 2600 Τίς
2860 2537 3132 2608 ἐμέτρησε
3157 2539 3223 2606 τῇ
3250 2535 3470 2607 χειρὶτὸ
3491 2535 3644 2607 ὕδωρ,

2069 2629 2163 2684 καὶ
2197 2631 2287 2684 τὸν
2314 2629 2541 2702 οὐρανὸν
2576 2628 2846 2700 σπιθαμῇ,
2879 2629 2971 2681 καὶ
3005 2629 3184 2680 πᾶσαν
3208 2627 3306 2698 τὴν
3329 2629 3432 2699 γῆν
3463 2626 3648 2698 δρακί;

2069 2729 2165 2792 Τίς
2211 2729 2408 2799 ἔστησε
2447 2729 2514 2783 τὰ
2549 2729 2648 2802 ὅρη
2687 2727 2934 2799 σταθμῷ,
2973 2726 3068 2781 καὶ
3103 2709 3201 2790 τὰς
3248 2729 3427 2790 νάπας
3472 2724 3652 2795 ζυγῷς

2069 2821 2164 2885 Τίς
2213 2821 2354 2890 ἔγνω
2407 2821 2530 2875 νοῦν
2582 2821 2820 2892 Κυρίου;
2858 2821 2952 2875 καὶ
3001 2821 3083 2884 τίς
3133 2819 3298 2872 αὑτοῦ
3356 2819 3651 2890 σύμϐουλος

2070 2912 2309 2982 ἐγένετο,
2329 2913 2387 2976 ὃς
2416 2913 2742 2983 συμϐιϐάσει
2768 2912 2960 2976 αύτόν;
2985 2913 3054 2964 Ἥ
3083 2912 3219 2983 πρὸς
3253 2910 3375 2965 τίνα
3410 2909 3652 2963 συνεϐου-

2069 3005 2300 3059 λεύσατο
2333 3005 2429 3059 καὶ
2465 2993 2817 3058 συνεϐίϐασεν
2849 3005 3042 3069 αύτόν;
3073 3005 3144 3057 Ἦ
3170 3004 3254 3067 τίς
3280 3002 3479 3068 ἔδειξεν
3511 3001 3656 3071 αύτῷ

2071 3097 2282 3170 κρίσιν;
2317 3097 2350 3168 ἦ
2378 3096 2495 3150 ὁδὸν
2531 3096 2796 3162 συνέσεως
2829 3097 2912 3160 τίς
2944 3094 3237 3167 ἐγνώρισεν
3268 3095 3447 3167 αύτῷς
3474 3095 3655 3148 Πάντα

2071 3191 2137 3244 τὰ
2170 3189 2296 3260 ἔθνη
2330 3189 2404 3253 ὼς
2439 3188 2651 3258 σταγὼν
2682 3190 2790 3242 ἀπὸ
2825 3189 2989 3242 κάδου
3012 3230 3026 3254 ,
3068 3188 3162 3242 καὶ
3197 3188 3274 3251 ὼς
3310 3189 3449 3260 ῥοπὴ
3486 3175 3650 3258 ζυγοῦ

2072 3282 2456 3354 ἐλογίσθησαν,
2495 3282 2588 3334 καὶ
2633 3281 2709 3344 ὡς
2756 3279 2984 3343 πτυελὸς
3028 3279 3462 3349 λογισθήσονται.
3511 3281 3570 3334 Ὀ
3600 3281 3652 3332 δὲ

2072 3383 2303 3448 Λίϐανος
2354 3385 2452 3453 οὐχ
2495 3382 2693 3446 ἱκανῶς
2730 3381 2838 3451 (26)
2873 3383 2952 3444 εἰς
2987 3379 3211 3442 καῦσιν,
3248 3381 3345 3433 καὶ
3377 3380 3442 3435 τὰ
3473 3381 3652 3452 τετρά⁴

2073 3479 2210 3531 ποδα
2238 3479 2336 3547 οὐχ
2372 3476 2530 3529 ἱκανὰ
2565 3477 2644 3539 εἰς
2677 3472 3072 3543 ὁλοκάρπωσιν,
3099 3472 3193 3525 καὶ
3220 3471 3399 3526 πάντα
3431 3473 3496 3526 τὰ
3527 3473 3654 3541 ἔθνη

2074 3572 2244 3634 οὐδὲν,
2273 3570 2367 3624 καὶ
2397 3571 2477 3631 εἰς
2510 3567 2661 3621 οὐδὲν
2695 3564 3072 3634 ἐλογίσθησαν.
3103 3584 3120 3613 ›

2143 3663 2231 3716 51.
2270 3663 2378 3715 Καὶ
2413 3657 2761 3729 παυσαμένου
2791 3674 2892 3727 μου
2918 3650 3072 3709 εἶπεν
3099 3657 3126 3708 6
3156 3655 3390 3727 Τρύφων
3410 3673 3422 3685 ’
3464 3655 3650 3726 Ἀμφίσ

2076 3756 2220 3810 6ολοι
2257 3756 2352 3826 μὲν
2401 3754 2602 3816 πάντες
2649 3753 2696 3804 οἱ
2747 3749 2894 3818 λόγοι
2927 3749 3026 3820 τῆς
3076 3748 3412 3819 προφητείας
3449 3750 3512 3819 ἢν
3552 3750 3655 3819 φῂς

2079 3849 2141 3900 σὺ
2167 3887 2180 3910 ,
2217 3841 2261 3899 ὦ
2302 3845 2589 3915 ἄνθρωπε,
2643 3843 2738 3896 καὶ
2775 3840 2926 3894 οὐδὲν
2971 3840 3238 3912 τμητικὸν
3275 3841 3354 3902 εἰς
3392 3839 3652 3906 ἀπόδειξιν

2075 3930 2247 4009 οὗπερ
2276 3926 2452 4007 βούλει
2484 3933 2760 4000 ἀποδεῖξαι
2787 3931 3020 4002 ἔχοντες.

2149 4029 2317 4100 Κάγὼ
2354 4028 2770 4099 ἀπεκρινάμην·
2816 4027 2880 4079 El
2933 4025 3030 4096 μὲν
3082 4025 3155 4095 μὴ
3204 4023 3512 4077 ἐπαύσαντο
3563 4021 3654 4075 καί

2077 4123 2257 4178 ούκέτι
2302 4121 2547 4191 ἐγένοντο
2577 4122 2625 4173 οἱ
2666 4119 2943 4190 προφῆται
2993 4119 3050 4170 ἐν
3084 4116 3162 4186 τῷ
3194 4115 3343 4185 γένει
3377 4115 3524 4186 ὑμῶν
3549 4154 3566 4177 ,
3613 4107 3654 4164 ὦ

2079 4214 2332 4287 Τρύφων,
2361 4212 2497 4284 μετὰ
2529 4212 2713 4265 τοῦτον
2734 4211 2826 4264 τὸν
2860 4211 3132 4280 Ἰωάννην,
3160 4209 3316 4280 δῆλον
3345 4210 3424 4262 ὄτι
3452 4207 3485 4261 ἂ
3513 4207 3654 4274 λέγω

2078 4310 2158 4371 εἰς
2197 4304 2402 4377 Ἰησοῦν
2436 4305 2527 4358 τὸν
2562 4305 2813 4377 Χριστὸν,
2853 4302 2982 4366 ἴσως
3030 4301 3307 4372 ἀμφίϐολα
3331 4301 3520 4354 ἐνοεῐτε
3545 4298 3653 4366 (27)

2082 4400 2219 4457 εἶναι
2263 4401 2330 4455 τὰ
2362 4401 2646 4472 λεγόμενα.
2690 4401 2753 4452 El
2796 4399 2852 4452 δὲ
2896 4397 3149 4465 Ἰωάννης
3198 4394 3298 4465 μὲν
3331 4389 3651 4465 προελήλυθε

398 4487 521 4542 dem
548 4489 826 4557 praecessit
861 4486 1106 4542 clamans
1158 4488 1475 4543 hominibus
1503 4499 1560 4541 ut
1593 4488 1968 4558 pteuitentiatn

2148 4495 2216 4548 ὧν
2235 4496 2346 4558 τοῖς
2371 4491 2676 4564 ἀνθρώποις
2699 4491 2996 4562 μετανοεῖν,
3025 4487 3119 4540 καὶ
3153 4485 3410 4557 Χριστὸς,
3446 4484 3523 4536 ἔτι
3555 4482 3651 4534 αύ-

397 4587 655 4647 agere'nl;
689 4580 847 4647 eique
875 4581 1053 4635 adhuc
1086 4581 1152 4635 ad
1180 4581 1402 4636 ﬂuvium
1425 4581 1722 4637 Iordanem
1764 4585 1972 4638 sedenti

399 4672 793 4740 superveniens
821 4670 1070 4726 Christus
1103 4672 1262 4726 linem
1299 4675 1482 4729 attulit
1531 4674 1861 4730 vaticinandi
1922 4685 1977 4730 et

396 4761 710 4830 baptizandi
736 4779 752 4827 ;
782 4763 895 4831 ipse
925 4775 1106 4818 autent
1154 4764 1507 4835 Evangelium
1533 4781 1750 4837 quoque
1776 4768 1977 4837 praadi-

398 4870 528 4909 care
550 4856 736 4924 etrapit,
757 4870 982 4925 regnum
1009 4856 1268 4912 cmlorum
1301 4860 1488 4914 dicens
1512 4861 1974 4931 appropinquare,

398 4961 565 5016 seque
593 4948 757 5001 multa
782 4965 810 5000 a
843 4947 1055 5004 Scribis
1085 4960 1140 5004 et
1167 4951 1455 5007 Pharisteis
1479 4955 1587 5022 pati
1618 4965 1892 5023 oportere,
1919 4963 1973 5006 et

397 5039 638 5111 cruciﬁgi
667 5049 721 5095 et
749 5041 914 5094 tertio
944 5041 1033 5096 die
1064 5056 1366 5112 resurgere,
1396 5060 1459 5099 ac
1492 5044 1758 5111 futurum,
1783 5055 1840 5100 ut
1871 5047 1974 5100 ite-

466 5242 512 5276 ”
551 5243 654 5297 lsa.
687 5258 776 5305 ιιι..
806 5240 954 5295 ηΙ-Π.

489 5421 581 5489 ‘26)
613 5421 737 5488 Οὐχ
770 5417 1007 5485 ἱκανῶς.
1036 5417 1282 5470 Erratum
1331 5431 1454 5489 esse
1506 5429 1608 5489 pro
1657 5415 1868 5489 ἱκανός,
1909 5424 1968 5468 ιιι

468 5437 581 5545 L20)
613 5437 737 5488 υυχ
770 5437 1007 5485 ικαιοως.
1037 5437 1282 5470 arratum
1331 5437 1454 5472 esse
1508 5437 1606 5486 pro
1657 5437 1860 5477 ικανος,
1910 5437 1966 5468 ιιι

395 5496 464 5544 ha
509 5506 666 5544 emus
699 5492 750 5544 itt
810 5490 1018 5553 Bibliis,
1049 5489 1336 5543 admonuit
1395 5487 1702 5542 Periouius.
1743 5484 1966 5555 Legitur

398 5560 578 5624 ἱκανός
610 5562 662 5613 in
694 5560 827 5612 edit.
853 5558 1028 5612 Paris.

469 5631 583 5697 (‘27)
626 5629 892 5682 Ἐνοεῖτε.
930 5629 1155 5698 Dixerat
1180 5627 1404 5698 Trypho
1425 5627 1696 5698 ambigua
1730 5625 1860 5698 sibi‘
1888 5625 1968 5678 vi-

397 5695 512 5753 deri
550 5695 852 5768 prophetia:
904 5699 1088 5768 verba.
1121 5696 1233 5751 Cur
1260 5695 1413 5761 ergo
1446 5699 1525 5750 ait
1561 5695 1810 5750 Justinus
1840 5695 1970 5768 ἴσως

396 5767 670 5844 ἀμφίβολα
703 5770 901 5823 ἐνοεῖτε
926 5805 942 5833 ,
977 5786 994 5820 ι
1023 5767 1610 5843 [orteatnbiguedicta
1643 5767 1792 5821 vobis
1821 5767 1970 5822 vide-

2077 4588 2171 4642 τοῦ
2209 4585 2575 4655 καθεζομένου
2611 4583 2703 4635 ἐπὶ
2735 4582 2829 4635 τοῦ
2871 4579 3134 4650 Ἰορδάνου
3182 4576 3457 4647 ποταμοῦ,
3493 4572 3653 4628 ἐπελ-

2081 4680 2188 4732 θὼν
2232 4677 2436 4730 ἕπαυσέ
2470 4693 2529 4729 τε
2565 4674 2726 4728 αὐτὸν
2757 4671 2852 4725 τοῦ
2888 4669 3254 4742 προφητεύειν
3284 4668 3394 4739 (28)
3427 4667 3515 4720 καὶ
3562 4665 3654 4735 βα-

2079 4768 2325 4833 πτίζειν,
2384 4770 2475 4821 καὶ
2526 4764 2907 4836 εὐηγγελίζετο
2960 4761 3056 4815 καὶ
3113 4759 3275 4823 αὐτὸς
3321 4759 3526 4826 λέγων,
3579 4757 3654 4806 ὅτι

2077 4862 2243 4932 ἐγγύς
2279 4865 2423 4915 ἐστιν
2457 4861 2492 4931 ἡ
2529 4857 2773 4930 βασιλεία
2817 4855 2925 4909 τῶν
2973 4853 3221 4925 οὐρανῶν
3248 4893 3262 4915 ,
3317 4851 3406 4904 καὶ
3449 4849 3530 4901 ὅτι
3579 4849 3652 4897 δεῖ

2078 4955 2242 5008 αὑτὸν
2270 4951 2436 5006 πολλὰ
2471 4950 2659 5004 παθεῖν
2693 4948 2800 5002 ἀπὸ
2826 4947 2934 4999 τῶν
2967 4945 3342 5016 γραμματέων
3376 4942 3465 4995 καὶ
3492 4939 3657 5006 Φαρι-

2084 5049 2271 5108 σαίων,
2308 5046 2401 5098 καὶ
2437 5040 2854 5113 σταυρωθῆναι,
2891 5039 2985 5092 καὶ
3017 5039 3083 5109 τῇ
3119 5037 3282 5110 τρίτῃ
3317 5034 3494 5105 ἡμέρα
3526 5031 3656 5083 ἁνα-

2081 5422 2292 5468 rentur.
2327 5432 2345 5465 ι
2381 5414 2441 5467 Si
2476 5413 2719 5479 legamus
2743 5414 2961 5476 ἐνοεῖτο,
2999 5409 3178 5465 soluta
3209 5409 3312 5463 erit
3345 5402 3651 5479 diliicultas.

2153 5483 2265 5551 (9.8)
2301 5473 2566 5536 Ἐπαυοίέ
2627 5499 2688 5536 τε
2746 5473 3081 5536 αὑτὸκτοῦ
3141 5477 3550 5551 προφητεύειν.
3594 5473 3649 5525 In

2080 5544 2326 5609 eamdem
2389 5553 2714 5607 sententiam
2774 5552 3025 5606 Justinus
3074 5544 3218 5604 infra
3258 5544 3432 5611 it.'87,
3477 5544 3649 5596 inter—

2082 5634 2327 5692 pretatur
2383 5623 2513 5677 illud
2573 5623 2771 5678 Isaia:
2810 5640 2828 5673 ι
2875 5622 2942 5676 Et
2975 5623 3649 5692 reqttiescet_supe_r_eu:n

2084 5684 2321 5762 Spiritus
2354 5693 2589 5748 Domini.
2627 5712 2644 5744 ι
2685 5692 2956 5747 Jusliutttn
3007 5684 3257 5748 imitatur
3291 5684 3649 5747 Tertttllialtui

2083 5766 2174 5821 lib.
2205 5781 2256 5820 tv
2288 5765 2342 5818 in
2379 5763 2729 5835 Marcionem,
2754 5779 2802 5820 ς.
2841 5766 2923 5819 18.
