3760 6488
307 368 402 425 59!

1229 365 1285 421 S.
1322 364 1585 421 JUSTINI
1617 361 2025 420 PHILOSOI’IH
2064 364 2147 418 ET
2186 362 2544 422 MARTYRIS

3455 368 3554 424 592

305 485 680 543 Ascalonitam
712 484 894 539 dicitis
925 483 1112 554 fuisse,
1152 500 1332 544 tamen
1381 491 1434 544 in
1463 504 1662 560 genere
1697 501 1861 547 vestri

2052 510 2078 544 ν
2103 490 2235 561 (57),
2278 491 2674 562 ’Δσκαλωνίτην
2707 491 2982 572 γεγονέναι
3015 491 3295 560 λέγοντες,
3318 490 3466 563 ὅμως
3499 495 3552 547 ὲν

304 577 609 647 principem
668 577 1010 632 sacerdotum
1065 577 1309 633 fatemini
1355 581 1672 637 exstitisse:
1706 599 1878 652 quare

306 686 426 724 cum
463 671 629 724 etiam
673 681 784 722 tum
842 671 1163 734 habueritis,
1196 671 1289 740 qui
1349 671 1647 726 secundum
1703 673 1876 744 legem

305 761 507 832 Moysis
545 773 598 816 et
630 762 769 816 dona
831 761 1075 828 oﬂerret,
1118 773 1172 816 et
1201 775 1396 817 cmtera
1453 764 1586 834 legis
1631 766 1875 821 instituta

307 871 463 908 serva
475 863 576 913 ret.
598 869 832 922 cumque
859 856 1136 924 prophetae
1162 855 1455 910 secundum
1476 859 1876 912 successionem

304 961 476 1016 usque
509 947 574 1001 ad
629 947 889 1002 Joannem
945 948 1294 1003 exstiterint:
1339 949 1792 1016 quemadmodum
1825 961 1878 1004 et

307 1047 435 1091 tunc
472 1039 755 1101 exstitere,
789 1053 909 1092 cum
943 1040 1171 1108 populus
1218 1048 1417 1101 vester,
1461 1051 1670 1094 vastata
1732 1051 1877 1096 terra

306 1141 362 1184 et
387 1131 565 1186 sacris
591 1131 736 1185 vasis
765 1132 1014 1194 sublatis,
1073 1128 1397 1201 Babylonem
1453 1131 1718 1187 abductus
1757 1143 1874 1201 est;

306 1237 412 1276 non
443 1220 612 1274 defuit
651 1219 790 1288 apud
820 1236 914 1274 vos
946 1223 1234 1291 propheta,
1267 1222 1357 1290 qui
1393 1221 1643 1275 dominus
1681 1232 1735 1274 et
1771 1224 1876 1276 dux

306 1323 362 1366 et
391 1313 642 1380 princeps
669 1311 850 1380 populi
894 1312 1057 1365 vestri
1091 1320 1253 1366 esset.
1298 1313 1536 1383 Spiritus
1583 1314 1749 1379 enim,
1785 1316 1875 1382 qui

307 1411 421 1456 erat
446 1402 497 1454 in
531 1402 826 1470 prophetis,
867 1417 1018 1471 reges
1043 1403 1196 1459 vobis
1236 1405 1468 1475 ungebat
1496 1416 1550 1457 et
1581 1407 1878 1458 Constitue-

304 1497 419 1549 bat.
454 1496 520 1547 At
545 1505 828 1563 postquam
860 1492 1022 1548 Jesus
1050 1494 1302 1550 Christus
1352 1509 1533 1550 noster
1592 1499 1642 1550 in
1700 1509 1879 1552 vestro

303 1601 504 1657 genere
537 1588 790 1657 apparuit
814 1597 868 1640 et
899 1588 1060 1650 morti
1092 1589 1325 1642 traditus
1348 1599 1427 1642 est
1453 1632 1465 1653 ,
1492 1606 1754 1658 nusquam
1785 1607 1879 1645 ex-

304 1683 440 1735 stitit
473 1690 565 1734 ant
597 1691 780 1735 eastat
810 1681 1104 1749 propheta;
1159 1684 1253 1733 sed
1280 1691 1332 1734 et
1361 1684 1578 1750 proprio
1611 1685 1722 1753 regi
1771 1701 1877 1753 .pa-

306 1789 429 1826 rere
454 1774 715 1838 desiistis,
742 1790 803 1828 ac
835 1785 1097 1843 praeterea
1137 1782 1279 1825 terra
1320 1785 1498 1828 vestra
1541 1776 1758 1844 penitus
1789 1792 1878 1827 va-

1977 581 2055 652 τῷ
2085 583 2228 652 γένει
2262 583 2414 653 ὑμῶν
2447 583 2576 636 ὄντα
2602 583 2785 651 λέγετε
2818 583 3074 654 ἀρχιερέα
3096 600 3110 613 ·
3148 581 3291 636 ὥστε
3323 582 3417 636 καὶ
3435 582 3550 638 τότε

1977 676 2128 739 ὄντος
2161 677 2287 747 ὑμῖν
2322 675 2462 729 κατὰ
2493 676 2582 728 τὸν
2612 675 2772 746 νόμον
2805 675 2898 728 τοῦ
2928 675 3170 740 Μωσέως
3196 676 3288 729 καὶ
3322 693 3552 748 προσφο-

1983 767 2078 838 ρὰς
2113 767 2542 839 προσφέροντος,
2592 768 2684 820 καὶ
2727 766 2794 819 τὰ
2839 767 2974 822 ἄλλα
3011 767 3218 838 νόμιμα
3253 769 3550 837 φυλάσσονμ

1979 878 2070 923 τος
2096 899 2108 922 ,
2145 860 2236 912 καὶ
2272 859 2585 932 προφητῶν,
2621 860 2762 913 κατὰ
2793 860 3035 932 διαδοχὴν
3069 863 3262 933 μέχρις
3308 861 3550 918 Ἰωάννου

1979 952 2353 1022 γεγενημένων
2409 951 2515 1021 (ὡς
2565 952 2660 1004 καὶ
2701 953 2788 1005 ὅτε
2837 955 2914 1015 εἰς
2957 953 3247 1007 Βαϐυλῶνα
3278 955 3496 1027 ἀπήχθη
3522 959 3554 1010 δ

1978 1043 2104 1106 λαὸς
2138 1044 2762 1115 ὑμῶν,,πολεμηθείσης
2797 1043 2899 1114 τῆς
2943 1045 3044 1114 γῆς
3095 1046 3190 1098 καὶ
3235 1047 3346 1100 τῶν
3396 1047 3552 1118 ἱερῶν

1981 1134 2188 1188 σκευῶν
2213 1135 2510 1206 ἀρθέντων)
2535 1175 2548 1198 ,
2585 1135 2658 1206 μὴ
2685 1135 2996 1188 παύσασθαι
3018 1137 3128 1207 (58)
3152 1137 3208 1203 ἐξ
3239 1138 3395 1209 ὑμῶν
3423 1157 3552 1211 προ-

1980 1227 2190 1296 φήτην,
2245 1227 2303 1289 ὃς
2366 1226 2555 1297 κύριος
2605 1227 2697 1280 καὶ
2745 1226 3046 1297 ἡγούμενος
3089 1229 3181 1282 καὶ
3230 1230 3414 1301 ἄρχων
3461 1231 3551 1284 τοῦ

1978 1317 2106 1370 λαοῦ
2141 1317 2292 1388 ὑμῶν
2333 1313 2422 1386 ἦν.
2469 1316 2542 1369 Τὸ
2571 1315 2679 1387 γὰρ
2727 1320 2783 1369 ὲν
2829 1320 2939 1381 τοῖς
2988 1320 3295 1390 προφήταις
3329 1321 3552 1392 Πνεῦμα

1979 1411 2073 1462 καὶ
2105 1411 2237 1471 τοὺς
2273 1409 2508 1479 βασιλεῖς
2538 1410 2666 1480 ὑμῖν
2694 1408 2839 1480 ἐχριε
2865 1408 2972 1479 (59)
3001 1409 3095 1462 καὶ
3127 1409 3379 1464 καθίστα.
3403 1411 3552 1466 Μετὰ

1978 1499 2032 1552 δὲ
2078 1499 2175 1570 τὴν
2245 1499 2419 1571 Ἰησοῦ
2472 1500 2564 1552 τοῦ
2601 1502 2868 1571 ἡμετέρου
2913 1501 3149 1572 Χριστοῦ
3200 1505 3258 1555 ὲν
3295 1502 3372 1573 τῷ
3414 1503 3553 1572 γένισι

1980 1591 2132 1660 ὑμῶν
2166 1591 2471 1662 φανέρωσιν
2505 1593 2598 1644 καὶ
2632 1592 2853 1645 θάνατον
2885 1593 3120 1664 οὐδαμοῦ
3157 1597 3442 1667 προφήτης
3469 1597 3556 1665 γέ-

1979 1698 2152 1749 γονεν,
2179 1681 2298 1734 οὐδέ
2326 1684 2471 1736 ἐστιν
2496 1698 2508 1710 ·
2547 1680 2680 1734 ἀλλὰ
2718 1684 2811 1736 καὶ
2845 1683 2904 1735 τὸ
2937 1679 3072 1736 εἶναι
3108 1685 3253 1756 ὑμᾶς
3287 1686 3395 1741 ὑπὸ
3430 1687 3552 1742 ῐδιον

1982 1773 2202 1844 βασιλέα
2227 1774 2500 1827 ἐπαύσατο
2519 1814 2532 1838 ,
2562 1776 2653 1828 καὶ
2686 1776 2906 1848 προσέτι
2929 1779 2960 1847 ἡ
2990 1777 3059 1848 γῆ
3083 1777 3237 1848 ὑμῶν
3262 1779 3551 1851 ἠρημώθη,

306 1874 560 1923 stata.ac
587 1866 751 1919 veluti
791 1881 1074 1935 pomorum
1122 1866 1366 1920 cnstodia
1400 1867 1677 1921 derelicta.
1725 1866 1858 1933 Quoi

2052 1866 2073 1916 ἱ
2105 1865 2178 1928 ὡς
2211 1864 2652 1936 ὀπωροςρυλάκιον
2699 1867 3135 1920 καταλέλειπται.
3184 1869 3256 1921 Τὸ
3289 1869 3346 1923 δὲ
3380 1871 3551 1925 εἰπεῖν

305 1967 485 2008 autem
542 1957 827 2024 Scriptura
883 1971 977 2024 per
1020 1955 1186 2011 Jacob
1234 1958 1406 2014 dicit:
1441 1957 1551 2011 «Et
1608 1960 1721 2026 ipse
1773 1960 1878 2012 erit

303 2049 641 2116 exspectatio
696 2049 956 2118 gentium,
991 2069 1010 2100 ›
1068 2064 1270 2102 arcane
1321 2048 1455 2102 duos
1517 2049 1631 2103 fore
1673 2050 1876 2104 Christi

305 2147 592 2210 adventus,
625 2159 690 2197 ac
725 2154 915 2213 gentes
940 2144 992 2196 in
1020 2160 1141 2196 eum
1170 2145 1479 2197 rreditnras
1504 2145 1875 2213 significabat;

304 2236 449 2303 quod
480 2236 632 2289 vobis
687 2237 903 2289 tandem
937 2236 1228 2304 aliquando
1278 2251 1504 2290 cernere
1560 2237 1701 2291 licet.
1748 2238 1880 2292 Nam

303 2329 395 2396 qni
425 2340 487 2380 ex
520 2328 782 2381 omnibus
816 2328 1067 2397 gentibus
1103 2343 1197 2397 per
1221 2327 1424 2381 Christi
1455 2328 1613 2382 [idem
1647 2327 1735 2381 Dei
1769 2329 1882 2383 cnl-

305 2432 450 2475 tores
489 2430 544 2475 et
587 2419 716 2487 justi
758 2421 887 2474 facti
933 2435 1144 2483 sumus,
1188 2434 1378 2473 rursus
1434 2436 1555 2473 eum
1593 2431 1880 2475 venturum

303 2523 708 2582 exspectamus.

373 2609 462 2662 55.
503 2607 762 2686 Praedixi:
797 2605 963 2661 Jacob
987 2605 1256 2662 Christum
1301 2609 1455 2661 asina
1497 2607 1757 2660 invectum
1790 2609 1878 2673 iri,

301 2700 461 2769 idque
483 2715 546 2754 ex
567 2698 833 2754 Zacharia
860 2699 1226 2769 conﬁrmatur.
1257 2726 1328 2740 --
1351 2699 1414 2753 Et
1443 2699 1568 2752 illud
1593 2715 1608 2754 :
1639 2717 1655 2749 t
1685 2699 1882 2769 Ligaus

302 2794 369 2845 ad
392 2795 553 2847 vitem
589 2792 786 2861 pullum
824 2807 981 2848 suum
1009 2801 1063 2848 et
1088 2794 1155 2847 ad
1178 2792 1408 2847 belicem
1430 2791 1636 2862 pullum
1659 2793 1874 2857 asina-,i

306 2894 415 2938 tum
447 2901 625 2939 rerum
651 2885 703 2938 in
727 2886 910 2954 priore
945 2886 1180 2940 adventu
1221 2885 1290 2939 ab
1346 2900 1410 2939 eo
1434 2893 1731 2954 gestarum,
1768 2894 1879 2940 tum

302 2978 543 3046 gentium
575 2992 693 3046 qua:
714 2978 768 3030 in
799 2992 924 3031 eum
953 2978 1242 3032 creditura:
1276 2977 1882 3047 erantprtesignilicatio

303 3079 443 3123 erat.
464 3070 593 3122 Nam
618 3081 808 3140 gentes
832 3070 997 3124 veluti
1027 3070 1205 3140 pullus
1232 3080 1506 3124 erantnec
1527 3069 1754 3124 clitellas
1782 3085 1882 3124 nec

305 3163 719 3231 cervicejngnm
749 3163 970 3226 ferens,
1017 3163 1188 3216 donec
1245 3161 1494 3216 Christus
1561 3161 1741 3215 missis
1798 3161 1880 3216 di-

1981 1957 2070 2009 τὸν
2103 1956 2259 2012 λόγον
2292 1955 2376 2009 διὰ
2409 1957 2501 2010 τοῦ
2551 1955 2743 2010 Ἰακώό
2764 1973 2776 1987 ·
2807 1977 2825 2008 ‹
2867 1959 2973 2012 Καὶ
3009 1958 3170 2022 αὐτὸς
3202 1959 3356 2015 ἔσται
3389 1976 3555 2033 προσο

1980 2049 2133 2102 δοκία
2196 2048 2397 2116 ἐθνῶν,
2448 2069 2466 2101 ι
2510 2049 2850 2121 συμϐολικῶς
2895 2051 2988 2104 δύο
3042 2053 3347 2125 παρουσίας
3395 2055 3555 2108 αὑτοῦ

1982 2150 2219 2220 ὲσήμανε
2240 2189 2254 2213 ,
2289 2149 2474 2202 καὶτὰ
2505 2149 2630 2220 ἔθνη
2668 2150 2880 2219 μέλλειν
2911 2149 3057 2220 αὐτῷ
3090 2148 3391 2213 πιστεύειν,
3424 2151 3559 2218 ὅπερ

1981 2240 2076 2308 ὀψέ
2113 2258 2239 2293 ποτε
2272 2240 2381 2311 (40)
2417 2241 2679 2311 πάρεστιν
2717 2241 2840 2292 ἰδεῖν
2876 2242 3021 2311 ὑμῖν.
3059 2242 3121 2294 Οἱ
3151 2240 3262 2312 γὰρ
3306 2240 3417 2294 ἀπὸ
3447 2241 3554 2293 τῶν

1983 2331 2150 2384 ἐθνῶν
2171 2332 2426 2385 ἁπάντων
2454 2333 2542 2385 διὰ
2567 2333 2668 2402 τῆς
2693 2333 2926 2395 πίστεως
2955 2333 3053 2403 τῆς
3073 2333 3166 2386 τοῦ
3191 2333 3430 2405 Χριστοῦ
3454 2333 3564 2386 θεοί

1985 2424 2162 2487 σεϐεἰς
2191 2425 2284 2478 καὶ
2315 2425 2511 2479 δίκαιοι
2545 2426 2824 2496 γενόμενοι
2849 2425 3009 2479 πάλιν
3036 2425 3560 2497 παραγενησὸμενον

1983 2517 2046 2569 αὑ
2054 2516 2144 2569 τὸν
2178 2518 2459 2588 προσδοκῶ
2467 2537 2584 2588 μεν.

2051 2607 2141 2661 55.
2179 2609 2287 2660 Καὶ
2313 2609 2373 2660 τό
2397 2627 2409 2638 ·
2450 2629 2467 2659 ι
2509 2610 2796 2680 Δεσμεύων
2831 2610 2964 2681 πρὸς
2992 2609 3237 2681 ἄμπελον
3260 2611 3354 2664 τὸν
3383 2610 3558 2665 πῶλον

1982 2697 2168 2762 αὐτοῦ,
2207 2699 2300 2751 καὶ
2333 2703 2396 2770 τῇ
2433 2700 2572 2753 ἕλικι
2603 2701 2693 2753 τὸν
2740 2700 2914 2753 πῶλον
2947 2702 3044 2773 τῆς
3081 2701 3203 2754 ὄνου
3225 2743 3239 2766 ,
3271 2722 3288 2753 ι
3325 2704 3419 2755 καὶ
3453 2702 3558 2755 τῶν

1981 2791 2158 2863 ἔργων
2203 2792 2310 2843 τῶν
2353 2793 2444 2845 ἐπὶ
2487 2792 2584 2862 τῆς
2636 2791 2857 2864 πρώτης
2908 2793 3072 2846 αὐτοῦ
3121 2796 3428 2866 παρουσίας
3465 2811 3558 2863 γε·-

1982 2883 2218 2952 νομένων
2253 2883 2343 2934 ὺπ’
2379 2882 2547 2935 αὑτοῦ
2571 2922 2586 2945 ,
2621 2884 2713 2936 καὶ
2741 2883 2849 2935 τῶν
2869 2883 3036 2938 ἐθνῶν
3054 2885 3258 2956 ὁμοίως
3292 2885 3401 2938 τῶν
3438 2887 3562 2956 μελ-

1981 2977 2178 3031 λόντων
2207 2979 2481 3031 πιστεύειν
2504 2978 2673 3048 αὐτῷ,
2703 2977 3037 3048 προδήλωσις
3057 2973 3142 3048 ἦν.
3168 2973 3330 3032 Οὗτοι
3361 2978 3468 3048 γὰρ
3488 2975 3560 3039 ὡς

1983 3069 2160 3134 πῶλος
2177 3072 2404 3142 ἀσαγὴς,
2430 3066 2694 3139 καὶζυγδν
2713 3072 2804 3124 ἐπὶ
2823 3071 3021 3141 αὐχένα
3043 3070 3117 3140 μὴ
3146 3069 3286 3140 ἔχων
3315 3069 3407 3122 τὸν
3435 3070 3561 3122 ἑαυ-

1981 3162 2074 3214 τοῦ
2095 3202 2108 3225 ,
2131 3159 2320 3233 μέχρις
2352 3164 2380 3214 ὁ
2405 3164 2634 3235 Χριστὸς
2652 3159 2795 3226 οὗτος,
2826 3162 3012 3226 ἐλθὼν,
3049 3161 3136 3214 διὰ
3170 3161 3280 3214 τῶν
3309 3160 3565 3231 μαθητῶν

306 3255 530 3325 ccipttlis
559 3255 719 3326 149
750 3269 846 3309 eas
875 3256 1153 3318 edoceret,
1176 3269 1237 3306 ac
1270 3254 1456 3324 jngtnn
1482 3255 1598 3324 ejus
1619 3255 1861 3308 doctrina

2052 3251 2138 3304 τοῦ
2163 3252 2380 3322 πέμψας
2407 3251 2777 3322 ἐμαθήτευσεν
2794 3249 3014 3313 αὐτούς·
3045 3249 3140 3302 καὶ
3152 3248 3242 3301 τὸν
3281 3246 3445 3317 ζυγὸν
3472 3245 3563 3300 τοῦ

307 3347 564 3410 ferentes,
595 3351 813 3402 dorsum
839 3347 1228 3400 submitterent
1257 3347 1323 3398 ad
1351 3346 1531 3400 omnia
1555 3345 1872 3416 perferenda

307 3424 377 3493 ob
411 3449 726 3508 exspectata
766 3448 821 3494 et
865 3439 934 3493 ab
969 3453 1032 3493 eo
1061 3438 1324 3506 promissa
1354 3439 1507 3492 bona.
1567 3440 1642 3494 Ac
1687 3454 1870 3494 revera

308 3531 569 3586 Dominus
603 3542 792 3586 noster
819 3531 977 3586 Jesns
1013 3531 1266 3586 Christus
1309 3529 1608 3586 Jerusalem
1663 3531 1872 3602 ingres-

306 3641 485 3690 surus,
510 3625 768 3693 przecepit
797 3623 1098 3691 discipulis,
1127 3633 1183 3676 ut
1204 3622 1410 3676 asinam
1434 3621 1878 3690 qnamdam,qu:e

306 3733 409 3769 una
444 3733 565 3771 cum
599 3715 746 3784 pullo
778 3730 876 3769 suo
910 3715 964 3768 in
1002 3715 1229 3769 introitu
1261 3714 1364 3768 vici
1397 3711 1714 3780 Bethpbage
1747 3713 1874 3766 dicti

307 3810 527 3878 alligata
559 3817 701 3874 erat,
740 3808 806 3860 ad
843 3821 902 3860 se
944 3805 1316 3869 adducerent,
1343 3805 1500 3872 eique
1530 3804 1769 3858 insidens
1791 3801 1880 3857 Je-

306 3903 542 3956 rusalem
576 3903 857 3969 ingressus
889 3908 994 3955 est.
1023 3898 1176 3965 Quod
1204 3939 1218 3962 ,
1248 3897 1703 3967 quemadmodum
1748 3911 1879 3949 cou-

306 3994 480 4063 ccptis
506 3993 687 4047 verbis
715 3993 1034 4060 praedictum
1058 3989 1232 4044 fuerat
1261 4006 1288 4042 a
1319 3989 1536 4043 Christo
1564 3988 1762 4042 factum
1791 3988 1876 4051 iri,

308 4088 380 4141 ita
404 4087 473 4142 ab
507 4101 571 4141 eo
602 4087 654 4140 in
694 4085 936 4139 omnium
965 4084 1141 4138 oculis
1190 4083 1414 4148 factum,
1445 4081 1723 4136 Chrisunn
1755 4096 1876 4135 cum

305 4257 400 4296 sus
445 4249 770 4298 nasceretur
823 4239 1117 4295 recessisse
1177 4239 1452 4304 dicerent;
1506 4238 1706 4308 quippe
1751 4253 1874 4291 cum

308 4314 573 4374 Herodes.
602 4312 690 4380 qui
727 4321 851 4364 ante
875 4311 1076 4364 Christi
1129 4309 1436 4380 passionem
1479 4317 1727 4380 mortuus
1770 4318 1875 4372 est,

303 4377 631 4439 Ascalonita
655 4383 836 4436 fuerit.
871 4383 1210 4434 Demonstrat
1241 4393 1372 4448 ergo
1394 4377 1638 4433 Justinus
1687 4394 1874 4432 sarcr-

306 4453 458 4508 tloles
491 4464 546 4509 et
575 4454 841 4507 sacrilicia
872 4463 995 4503 tunc
1023 4451 1128 4503 illis
1153 4450 1373 4502 minime
1396 4449 1651 4502 defuisse.

377 4525 489 4593 (37)
533 4525 647 4592 Ἀφ’
679 4518 749 4578 οὗ
787 4523 1028 4575 ἔπαθεν.
1064 4526 1263 4572 Umnes
1294 4519 1514 4593 Justiui_
1545 4520 1876 4593 interpretes

305 4590 624 4656 verterunt,
674 4594 778 4659 sub_
816 4608 919 4659 quo
975 4607 1159 4656 pessus
1204 4601 1306 4654 est,
1367 4591 1517 4657 quasi
1564 4590 1878 4659 scripsisset

305 4663 569 4727 Justinus,
610 4665 693 4731 ἐφ’
727 4656 787 4714 οῦ
823 4656 1042 4715 ἔπαθεν.
1082 4662 1185 4712 Sed
1223 4677 1324 4712 non
1362 4656 1408 4714 is
1461 4669 1582 4712 erat
1629 4656 1878 4713 Justinus

305 4736 395 4800 qui
422 4736 695 4788 Christum
722 4733 822 4785 sub
854 4733 1064 4784 llerode
1100 4731 1406 4783 Ascalonita
1461 4745 1674 4800 passum
1727 4731 1878 4784 dice-

309 4799 410 4866 ret,
445 4820 542 4858 nec
575 4805 680 4856 ulla
719 4818 940 4871 prorsus
969 4816 1132 4855 causa
1159 4809 1241 4853 est
1283 4811 1388 4852 tam
1453 4804 1606 4853 taeda:
1665 4799 1878 4869 ignora-

309 4875 469 4928 tionis
492 4885 680 4927 sancto
745 4874 963 4940 martyri
1019 4871 1642 4924 tribuendas.Thirlbius
1698 4872 1870 4939 legeno

307 4952 432 4996 dum
466 4946 743 5012 proponit,
779 4935 968 5012 ἀφ”οῦ
1024 4940 1243 5010 ἔφυγεν.
1281 4940 1419 4994 Infra
1489 4942 1715 5012 legimus
1751 4935 1878 4993 ’ἀπὸ

307 5013 404 5067 τοῦ
457 5010 626 5085 Ἀδάμ
670 5010 838 5069 sensu
879 5030 981 5066 non
1016 5013 1172 5065 valde
1223 5011 1459 5066 absimili
1509 5028 1562 5063 ιι.
1604 5010 1705 5074 88;
1757 5013 1878 5063 vide

308 5101 365 5138 ιι.
399 5086 520 5139 H5.

377 5157 490 5224 (58)
520 5155 617 5222 Μὴ
661 5156 1030 5208 παύσασθαι.
1088 5153 1440 5208 Casaubonus
1488 5150 1613 5224 adv.
1676 5150 1878 5203 Baron.

307 5221 485 5296 p.15,
520 5221 792 5279 existimat
844 5229 1030 5279 deesse
1071 5224 1158 5276 hic
1197 5225 1419 5277 verbum
1497 5221 1681 5296 λέγετε
1733 5229 1880 5296 ante

307 5291 679 5363 Superioribus
732 5299 1087 5364 repetendum
1139 5308 1280 5360 esse,
1316 5296 1409 5348 sed
1463 5295 1636 5364 miror
1666 5291 1876 5364 ‘virum

307 5359 471 5437 longe
496 5359 868 5421 doctissimum
904 5381 1008 5437 non
1042 5359 1404 5437 vidisseillud
1467 5363 1539 5435 μὴ
1573 5359 1878 5413 παύσασθαι

306 5434 495 5491 reici-ri
529 5441 592 5488 ad
627 5438 876 5504 superius
901 5434 1041 5486 ὥστε
1072 5435 1166 5486 καὶ
1198 5434 1317 5487 τότε
1351 5434 1534 5496 ὄντος,
1559 5443 1666 5484 etc.

381 5507 494 5572 (59)
530 5501 753 5576 Ἔχριὲ.
790 5508 878 5560 Sic
910 5507 1042 5574 Heg.
1080 5517 1135 5557 et
1179 5504 1634 5558 Claromuntanus
1682 5501 1876 5554 codex.

308 5576 445 5650 Editi
478 5579 681 5649 ἔχρισε.
839 5647 847 5650 Α
1079 5645 1110 5650 _,
1194 5643 1212 5650 _
1322 5640 1372 5650 Α,
1427 5641 1527 5650 .__.
1768 5639 1778 5650 .

378 5640 714 5716 (40)"‘018p
738 5647 850 5717 ὀψέ
882 5663 1045 5700 ποτε.
1079 5643 1295 5717 Profert
1427 5640 1704 5717 Thirlbius
1723 5640 1880 5717 simi-

305 5710 519 5787 lia—loca
557 5734 621 5772 ex
653 5710 807 5787 Ᾱίμοῖ.
844 5721 894 5783 l,
930 5732 1077 5787 num.
1107 5715 1198 5775 5‘2,
1232 5722 1284 5766 et
1312 5712 1685 5787 Dialog._num
1719 5710 1788 5787 8.7_
1825 5720 1879 5764 et

307 5785 398 5852 96,
428 5787 478 5842 in
506 5781 709 5859 quibus
730 5781 920 5859 legitur
938 5786 1057 5856 ὄψει
1083 5826 1097 5850 ,
1126 5800 1223 5839 nec
1255 5793 1432 5837 tamen
1457 5781 1749 5852 quidquam
1777 5782 1876 5836 hoc

1979 3345 2134 3412 λόγου
2150 3344 2310 3398 αὐτοῦ
2331 3345 2695 3415 βαστάσαντες
2709 3384 2723 3407 ,
2752 3345 2842 3397 τὸν
2858 3343 3024 3396 νῶτον
3045 3342 3329 3413 ὑπέθηκαν
3353 3340 3487 3414 πρὸς
3505 3342 3566 3392 τὸ

1986 3436 2160 3488 πάντα
2195 3435 2484 3504 ὑπομένειν
2506 3435 2593 3488 διὰ
2614 3435 2681 3488 τὰ
2700 3433 3117 3504 προσδοκώμενα
3145 3434 3241 3487 καὶ
3276 3434 3370 3486 ὑπ’
3400 3431 3562 3488 αὑτοῦ

1980 3526 2395 3597 κατηγγελμένα
2434 3525 2635 3594 ἀγαθά.
2674 3525 2784 3578 Καὶ
2814 3524 2930 3577 ὄνον
2961 3523 3014 3575 δέ
3051 3541 3172 3577 τινα
3213 3523 3433 3596 ἀληθῶς
3468 3526 3563 3577 σὺν

1983 3619 2142 3688 πώλῳ
2173 3619 2343 3688 αὐτῆς
2365 3617 2617 3690 προσδεδε
2627 3616 2792 3687 μένην
2812 3615 2868 3668 ἔν
2888 3633 2990 3667 τινι
3009 3615 3200 3686 εἰσόδῳ
3215 3614 3410 3686 κώμης
3429 3614 3558 3684 Βηθ-

1981 3713 2161 3782 φαγῆς
2174 3711 2490 3783 λεγομένης,
2508 3713 2595 3763 ὅτε
2612 3709 2832 3780 ἔμελλεν
2849 3709 3192 3779 εἰσέρχεσθαι
3205 3712 3288 3772 εἰς
3306 3709 3374 3762 τὰ
3403 3710 3564 3780 Ἰερο-

1982 3805 2106 3856 σόλυ
2116 3821 2190 3874 μα
2221 3806 2249 3856 ὁ
2265 3803 2464 3874 Κύριος
2480 3804 2513 3872 η
2523 3801 2635 3872 μῶν
2652 3800 2856 3872 Ἰησοῦς
2878 3801 3127 3872 Χριστὸς,
3164 3801 3422 3854 ἐκέλευσε
3440 3802 3561 3865 τοὺς

1982 3895 2227 3967 μαθητὰς
2243 3894 2403 3949 αὐτοῦ
2422 3897 2647 3964 ἀγαγεῖν
2666 3893 2812 3964 αὐτῷ
2828 3911 2841 3924 ο
2878 3893 2970 3946 καὶ
3006 3894 3358 3958 ἐπικαθίσας,
3384 3896 3564 3947 ἐπεισ-

1977 3988 2233 4060 ελὴλυθεν
2277 3992 2355 4052 εἰς
2413 3989 2479 4042 τὰ
2536 3988 2916 4060 Ἱεροσόλυμαο
2979 3987 3008 4038 ὃ
3071 3986 3188 4050 πῶς
3244 3987 3560 4060 ὲπεπροφή-

1982 4099 2138 4134 τευ-το
2171 4081 2281 4152 (lii)
2316 4080 2613 4151 διαρρήδην
2648 4078 2975 4151 γενήσεσθαι
3009 4079 3114 4132 ὑπὸ
3160 4078 3254 4132 τοῦ
3300 4073 3563 4151 Χριστοῦ,

1986 4237 2107 4292 loco
2140 4238 2457 4307 mutandum
2491 4246 2663 4307 putat.

2054 4309 2163 4376 (Η)
2207 4310 2265 4359 "U
2289 4306 2413 4372 πῶς
2443 4303 2956 4376 ἐέεεπροςεήτευτῳ
2984 4303 3041 4358 Si
3080 4304 3327 4376 legamus
3356 4305 3385 4359 ὃ
3417 4305 3562 4376 ὅπως

1984 4378 2116 4432 nihil
2148 4375 2424 4445 Supererit
2477 4377 2824 4432 difﬁcultatis.
2864 4375 2880 4447 [
2917 4375 3072 4429 Hunc
3107 4375 3285 4447 locum
3329 4392 3435 4430 non
3493 4375 3561 4427 li-

1985 4449 2175 4521 benter
2204 4444 2600 4521 emendandum
2638 4444 2928 4516 proposui;
2959 4460 3025 4498 eo
3051 4446 3194 4521 enim
3226 4444 3464 4521 ferebar,
3500 4456 3561 4498 ut

1979 4518 2110 4571 illud
2158 4517 2274 4580 πῶς
2325 4519 2464 4571 idem
2503 4516 2684 4571 valere
2731 4534 2794 4570 ac
2841 4517 3104 4585 quomodo
3158 4516 3556 4570 existimarem.

1980 4587 2088 4642 Sed
2111 4592 2238 4656 quia
2265 4589 2516 4641 carebam
2546 4587 2806 4655 exemplis
2823 4586 3020 4656 quibus
3044 4587 3272 4656 niterer,
3303 4587 3562 4639 timiditas

1978 4655 2224 4726 quirdam
2262 4659 2484 4710 adduxit
2521 4673 2602 4712 me
2637 4667 2695 4710 ut
2719 4657 2846 4710 illud
2872 4656 2900 4708 δ
2931 4655 3070 4719 πῶς,
3109 4672 3213 4724 pro
3245 4655 3274 4708 ὃ
3308 4658 3458 4718 ὅπως
3484 4656 3560 4708 ir-

1980 4729 2217 4797 repsisse
2253 4728 2555 4781 crederem.
2595 4727 2699 4780 Sed
2739 4727 2958 4797 missam
2998 4727 3139 4797 facio
3187 4730 3560 4797 hancﬂenien-

1981 4795 2256 4852 dationem
2293 4813 2357 4850 ex
2385 4813 2490 4866 qua
2527 4799 2771 4850 eruditus
2807 4796 3066 4850 defensor
3103 4795 3269 4863 futuri
3313 4796 3449 4850 Elite
3479 4812 3560 4866 [e-

1978 4868 2121 4920 ditus
2152 4869 2375 4936 protulit
2403 4865 2532 4934 ’pag.
2569 4867 2676 4920 “3.70
2703 4868 2833 4919 illud
2873 4867 3285 4936 Dettteronomii
3325 4883 3421 4925 xu.
3458 4865 3555 4917 l3:

1980 4938 2102 5000 Πῶς
2136 4935 2346 4994 ποιοῦσι
2381 4938 2447 4990 τὰ
2474 4938 2600 5008 ἔθνη
2623 4937 2794 4990 ταῦτα
2812 4940 2920 4999 τοῖς
2947 4935 3092 4999 θεοῖς
3119 4936 3324 4999 αὐτῶν,
3351 4937 3561 5004 ποιήσω

1979 5008 2153 5076 κάγώ.
2178 5010 2309 5063 Cum
2337 5024 2433 5062 sua
2453 5020 2644 5076 sponte
2683 5009 3028 5062 manifestum
3051 5019 3135 5062 est
3174 5010 3277 5062 huc
3308 5010 3423 5061 loco
3461 5022 3556 5058 νο-

1980 5081 2157 5132 rulam
2195 5078 2312 5142 πῶς
2350 5095 2454 5131 non
2512 5078 2921 5147 interrogationi
2953 5118 2966 5140 ,
3023 5080 3119 5132 sed
3155 5078 3557 5148 comparationi

1982 5149 2268 5215 inservire,
2310 5160 2421 5202 tum
2461 5149 2511 5202 id
2543 5151 2625 5202 vir
2654 5149 3006 5202 doctissimus
3041 5164 3109 5201 ex
3145 5162 3422 5202 consensu
3445 5148 3560 5214 pln-

1987 5221 2248 5272 rimarum
2279 5222 2586 5272 versionnm
2624 5223 2928 5271 continuat.
2967 5218 3172 5274 Eodem
3214 5220 3377 5272 modo
3425 5219 3563 5272 acci-

1980 5290 2246 5356 piendum
2270 5290 2398 5343 illud
2437 5288 2551 5352 πῶς
2583 5288 2748 5343 Marc.
2779 5303 2856 5349 ιι,
2886 5290 2974 5347 Η,
3011 5291 3056 5341 si
3089 5300 3144 5343 et
3173 5304 3301 5344 eum
3336 5302 3554 5356 sensum

1980 5361 2137 5429 sequi
2168 5361 2442 5424 volumus,
2480 5362 2570 5428 qui
2609 5364 2842 5412 maxime
2873 5360 3065 5429 obvius
3096 5368 3151 5413 et
3183 5368 3396 5411 naturae
3423 5374 3556 5411 cou-

1981 5441 2271 5484 sentaneus
2304 5442 2408 5493 eSl,
2447 5443 2499 5485 et
2522 5430 2760 5482 Marcum
2798 5443 2917 5482 cum
2954 5428 3211 5482 Manliano
3243 5429 3553 5482 conciliare.

1982 5499 2123 5552 Nam
2151 5501 2404 5554 Christus
2451 5502 2587 5569 apud
2640 5500 2950 5552 Matthazum
3010 5515 3147 5564 xvu,
3185 5500 3277 5560 15,
3316 5500 3424 5551 duo
3461 5514 3555 5550 nos

1982 5572 2176 5624 docet:
2215 5573 2448 5639 primum
2485 5572 2706 5638 quidem
2736 5570 2905 5623 Etiam
2939 5583 3236 5624 venturum
3277 5581 3336 5622 ut
3373 5569 3552 5622 omnia

1978 5641 2264 5704 restituat;
2302 5642 2495 5694 deinde
2550 5655 2676 5693 vero
2729 5655 2922 5693 munus
2962 5641 3090 5695 illud
3145 5641 3290 5708 quod
3328 5656 3452 5693 eum
3491 5642 3551 5690 ad

1981 5712 2387 5778 praeparandam
2421 5711 2630 5764 Messia:
2656 5710 2796 5763 viam
2819 5711 3027 5765 Scriba:
3049 5721 3106 5767 et
3144 5711 3410 5765 Pharisaei
3438 5709 3553 5764 obi-

1984 5791 2163 5834 turum
2192 5782 2462 5847 dicebant,
2491 5795 2517 5833 a
2539 5779 2748 5836 Joanne
2775 5783 3023 5852 Baptista
3052 5783 3339 5855 impletum
3366 5781 3550 5836 fuisse.
