3760 6488
214 420 298 476 δθδ
1131 419 1479 478 DlALOGUS
1509 424 1654 482 CUM
1697 422 2076 480 TllYPHONE
2107 421 2372 479 JUD/EO.

3339 425 3442 478 595

209 532 450 605 γενόμενον
480 531 575 586 ὑπ’
603 533 773 588 αὑτοῦ
811 534 1200 603 καιγνωσθὲν,
1236 537 1324 589 τὸν
1358 539 1590 608 Χριστὸν
1623 538 1745 592 ὄντα

1909 555 1974 594 se
2003 550 2188 608 aperte
2223 535 2563 592 declarabat.
2613 535 2677 590 Et
2716 549 2839 590 cum
2885 536 3000 588 haec
3034 534 3217 588 omnia
3266 540 3443 591 conti-

206 627 337 680 αὐτὸν
359 626 584 697 φανερὸν
618 627 819 682 ἐποίει.
859 628 969 680 Καὶ
1002 627 1206 680 τούτων
1241 630 1495 682 ἁπάντων
1528 631 1752 701 γενομέ-

204 735 304 784 νων,
332 717 414 770 καὶ
455 718 565 771 ἀπὸ
615 718 726 772 τῶν
775 719 1004 791 Γραφῶν
1053 721 1552 790 ἀποδεικνυμένων,
1596 723 1751 792 ὑμεῖς

200 810 263 862 ἔτι
293 809 699 882 σκληροκάρδιοί
735 813 878 865 ἐστε.
917 812 1306 885 Προεφητεύθη
1341 814 1396 867 δὲ
1431 815 1536 867 ὑπὸ
1577 817 1753 885 Ζαχα-

202 902 313 972 ρίου,
346 905 451 966 ἐνὸς
480 903 594 957 τῶν
629 903 861 970 δώδεκα,
898 905 1051 959 τοῦτο
1087 905 1302 977 μέλλειν
1347 907 1628 976 γίνεσθαι,
1663 908 1752 961 οὑ-

197 1013 309 1058 τως·
350 1015 366 1048 t
388 997 558 1068 Χαῖρε
600 999 834 1070 σφόδρα,
867 998 1104 1068 θύγατερ
1128 997 1284 1052 Σιών
1333 999 1618 1066 ἁλάλαξον,
1653 1001 1752 1072 κή-

199 1107 365 1160 ρυσσε,
416 1089 660 1161 θύγατερ
710 1091 1094 1162 Ἰερουσαλήμ·
1135 1091 1270 1144 Ἰδοὺ
1305 1093 1332 1145 ό
1368 1091 1623 1161 βασιλεύς
1656 1109 1748 1144 σου

193 1183 291 1253 ἥξει
322 1199 396 1235 σοι
425 1182 636 1246 δίκαιος
659 1223 674 1246 ,
714 1183 808 1236 καὶ
843 1181 1028 1247 σώζων
1059 1183 1242 1248 αὑτὸς,
1280 1184 1375 1236 καὶ
1417 1184 1618 1256 πραῢς,
1655 1186 1749 1239 καὶ

196 1276 391 1345 πτωχὸς,
426 1275 780 1346 ἐπιϐεϐηκὼς
797 1276 889 1329 ἐπὶ
909 1277 1199 1345 ὑποζύγιον
1235 1277 1330 1330 καὶ
1358 1277 1536 1331 πῶλον
1565 1278 1742 1333 ὄνου.)

191 1367 248 1420 Τὸ
273 1367 324 1420 δὲ
354 1369 443 1420 καὶ
473 1367 599 1421 ὄνον
641 1367 934 1436 ὑποζύγιον
965 1368 1062 1440 ήδη
1104 1369 1244 1440 μετὰ
1265 1369 1352 1423 τοῦ
1372 1369 1550 1424 πώλου
1579 1372 1749 1444 αὑτῆς

189 1459 439 1529 ὀνομάζειν
471 1461 531 1513 τὸ
568 1461 913 1532 προφητικὸν
948 1460 1160 1531 πνεῦμα
1189 1461 1328 1532 μετὰ
1360 1463 1452 1516 τοῦ
1479 1465 1750 1536 πατριάρ-

187 1570 264 1622 χου
295 1552 499 1618 Ἰακὼϐ,
537 1555 600 1607 ἐν
635 1558 703 1625 τῇ
735 1554 909 1607 κτίσει
946 1554 1055 1626 (42)
1083 1556 1248 1609 αὑτὸν
1281 1556 1449 1626 ἔχειν,
1487 1557 1621 1612 ἀλλὰ
1655 1559 1749 1612 καὶ

184 1644 325 1696 αὑτὸν
355 1648 461 1709 τοῖς
505 1646 788 1717 μαθηταῖς
821 1646 1005 1710 αὑτοῦ,
1041 1647 1113 1710 ὼς
1148 1648 1421 1720 προέφην,
1461 1650 1748 1721 ἀμφότερα

184 1736 272 1806 γὰρ
301 1737 363 1789 τὰ
406 1736 520 1799 ζῶα
581 1736 840 1791 κελεῦσαι
874 1741 1136 1808 ἀγαγεῖν,
1184 1740 1520 1810 προαγγελία
1553 1738 1620 1812 ἦν
1653 1745 1748 1796 καὶ

183 1825 270 1879 τῶν
301 1827 404 1896 (45)
438 1829 548 1881 ἀπὸ
585 1830 690 1899 τῆς
746 1831 1070 1900 συναγωγῆς
1115 1831 1271 1902 ὑμῶν
1312 1835 1426 1903 ἅμα
1477 1837 1586 1897 τοῖς
1640 1836 1748 1889 ἀπὸ

181 1916 268 1970 τῶν
297 1917 457 1972 ἐθνῶν
487 1919 779 1973 πιστεύειν
814 1922 900 1973 ἐπ’
942 1921 1103 1974 αὑτὸν
1159 1921 1458 1992 μέλλουσιν.
1514 1925 1600 1988 Ὠς
1638 1926 1746 1998 γάρ

180 2015 272 2073 τοῖς
291 2012 392 2064 ἀπὸ
425 2011 534 2064 τῶν
572 2012 748 2066 ἐθνῶν
790 2012 1056 2084 σύμϐολον
1098 2009 1165 2084 ἦν
1207 2014 1236 2065 ὁ
1289 2015 1499 2085 ἁσαγὴς
1548 2013 1744 2080 πῶλος,

178 2102 327 2168 οὔτως
358 2105 449 2158 καὶ
474 2108 594 2168 τοῖς
635 2106 745 2159 ἀπὸ
780 2105 872 2158 τοῦ
914 2105 1181 2177 ὑμετέρου
1217 2105 1345 2160 λαοῦ
1401 2109 1432 2177 ἡ
1467 2108 1746 2180 ὑποσαγὴς

175 2194 293 2258 ὄνος.
317 2197 415 2249 Τὸν
447 2198 561 2266 γὰρ
591 2197 682 2250 διὰ
724 2196 833 2250 τῶν
868 2197 1158 2270 προφητῶν
1192 2199 1356 2270 νόμον
1403 2201 1747 2270 ἐπικείμενον

177 2287 329 2358 ἔχετε.
361 2290 524 2344 Ἀλλὰ
562 2290 664 2345 καὶ
697 2290 787 2344 διὰ
809 2290 898 2344 τοῦ
925 2293 1200 2362 προφήτου
1229 2293 1498 2365 Ζαχαρίου
1532 2295 1612 2347 ὅτι
1645 2312 1748 2348 πα-

172 2382 478 2453 ταχθὴσεται
511 2383 686 2446 αὐτὸς
735 2377 891 2448 οὗτος
922 2387 951 2438 ὁ
983 2387 1214 2456 Χριστὸς
1237 2427 1252 2449 ,
1290 2387 1384 2439 καὶ
1432 2387 1748 2460 διασκορπι-

174 2471 438 2543 σθήσονται
470 2477 521 2528 οἱ
552 2475 803 2546 μαθηταὶ
837 2476 1022 2541 αὑτοῦ,
1052 2478 1460 2551 προεφητεύθη·
1496 2481 1632 2554 ὅπερ
1653 2484 1746 2538 καὶ

169 2563 355 2630 γέγονε.
413 2567 583 2620 Μετὰ
634 2567 751 2637 γάρ
802 2569 863 2620 τὸ
907 2570 1289 2641 σταυρωθῆναι
1325 2573 1520 2639 αὑτὸν,
1565 2579 1613 2630 οἱ
1649 2579 1746 2631 σὺν

171 2654 297 2726 αὐτῷ
339 2657 493 2723 ὅντες
535 2659 791 2731 μαθηταὶ
841 2660 1004 2713 αὑτοῦ
1050 2661 1506 2737 διεσκεδάσθησαν
1556 2669 1746 2741 μέχρις

166 2748 240 2799 ὅτε
270 2750 464 2823 ἀνέστη
504 2752 627 2822 (44)
663 2755 728 2805 ἐκ
763 2752 996 2824 νεκρῶν,
1033 2755 1126 2807 καὶ
1162 2756 1421 2812 πέπεικεν
1457 2761 1651 2826 αὐτοὺς
1666 2764 1746 2815 ὅτι

167 2841 316 2905 οὕτως
350 2846 818 2915 προεπεφήτευτο
853 2846 983 2916 περὶ
1015 2846 1177 2899 αὑτοῦ
1207 2849 1398 2903 παθεῖν
1430 2853 1592 2904 αὑτόν
1613 2871 1624 2883 ·
1654 2854 1747 2906 καὶ

163 2933 285 2986 οὕτω
317 2936 669 3000 πεισθέντες,
687 2938 784 2990 καὶ
809 2939 888 3001 εἰς
921 2939 1017 3010 τὴν
1047 2942 1226 2993 πᾶσαν
1245 2942 1569 3014 οἰκουμένην
1602 2944 1747 3011 ἐξελ-

166 3025 348 3089 θόντες,
385 3028 572 3082 ταῦτα
609 3028 883 3094 ἐδίδαξαν.
930 3032 1090 3086 Ὅθεν
1116 3033 1210 3086 καὶ
1257 3035 1414 3104 ἡμεῖς
1451 3034 1658 3105 βέϐαιοι
1689 3039 1746 3090 ἐν

162 3120 215 3187 τῇ
241 3119 415 3172 πίστει
451 3121 554 3174 καὶ
597 3119 871 3193 μαθητείᾳ
894 3123 1056 3176 αύτοῦ
1092 3127 1280 3196 ἐσμεν,
1305 3126 1491 3198 ἐπειδὴ
1525 3128 1617 3182 καὶ
1641 3129 1746 3182 ἀπὸ

1853 634 2052 702 gerint,
2107 643 2160 688 ct
2218 647 2285 687 ex
2349 630 2652 699 Scripturis
2705 631 2917 685 sanctis
2969 630 3438 698 detnonstrentur,

1852 725 2033 780 adhuc
2065 734 2243 778 tamen
2275 723 2444 778 corde
2473 722 2832 778 obduruistis.
2865 721 2998 775 Rem
3030 723 3102 776 ita
3125 733 3439 777 eventuram

1853 816 2147 871 Zacharias
2201 831 2343 869 unus
2389 830 2456 869 ex
2491 814 2777 869 duodecim
2812 814 3064 883 prmdixit
3094 815 3178 867 his
3217 813 3437 870 verbis:

1858 926 1877 959 ‹
1915 907 2124 961 Ltctare
2154 907 2534 970 vehementer,
2576 905 2682 959 ﬁlia
2718 905 2882 960 Sion:
2917 905 3117 975 jubila,
3153 906 3438 974 annnutia,

1856 1000 1963 1053 ﬁlia
2002 998 2374 1053 Hierusalem;
2413 998 2555 1052 Ecce
2588 998 2703 1052 Rex
2729 1006 2856 1052 tuus
2888 997 3070 1052 veniet
3115 998 3211 1052 tibi
3259 999 3441 1068 justus

1853 1101 1910 1146 et
1939 1093 2155 1146 salvans
2186 1091 2322 1159 ipse,
2347 1100 2403 1143 et
2437 1089 2581 1143 mitis
2607 1098 2661 1144 et
2691 1104 2920 1159 pauper,
2957 1100 3146 1144 vectus
3172 1091 3438 1161 subjugali

1854 1190 1910 1237 et
1932 1181 2080 1251 pullo
2109 1181 2277 1234 asinae
2306 1180 2372 1234 ⁸⁸.
2398 1201 2416 1231 ι
2452 1178 2606 1245 Quod
2636 1188 2819 1234 autem
2845 1180 3074 1249 spiritus
3091 1181 3440 1251 propheticus

1854 1289 1980 1329 cum
2013 1273 2325 1343 patriarcha
2369 1271 2540 1327 Jacob
2574 1272 2895 1327 nominatim
2958 1273 3167 1327 asinam
3223 1289 3438 1342 quoque

1847 1367 2090 1436 jugalem
2126 1381 2250 1420 cum
2282 1366 2455 1434 ipsius
2487 1365 2630 1434 pullo
2676 1365 2744 1418 ad
2768 1380 2900 1418 usus
2931 1379 3061 1418 suos
3090 1365 3158 1419 ab
3181 1380 3246 1421 eo
3274 1366 3436 1420 adhi-

1853 1460 2022 1513 bitam
2050 1459 2212 1522 dicit;
2243 1459 2438 1512 deinde
2469 1457 2636 1511 etiam
2663 1459 2808 1526 quod
2850 1458 2968 1528 ipse
3013 1457 3296 1527 discipulis
3320 1497 3336 1523 ,
3380 1469 3438 1512 ut

1847 1551 1958 1619 jam
1988 1550 2122 1615 dixi,
2149 1551 2430 1619 prazcepit,
2461 1559 2519 1602 ut
2543 1560 2833 1620 utrumque
2854 1549 3053 1603 animal
3079 1551 3433 1614 adducerent,

1853 1646 1905 1700 id
1933 1644 2374 1716 praesigniﬁcatio
2406 1653 2523 1698 erat
2568 1657 2757 1697 eorum
2809 1642 2973 1694 etiam
3001 1681 3015 1705 ,
3063 1642 3154 1710 qui
3191 1659 3254 1696 ex
3299 1642 3436 1712 Syn-

1851 1753 2020 1808 agoga
2052 1747 2234 1792 vestra
2271 1735 2437 1791 simul
2469 1751 2590 1788 cum
2627 1735 2712 1798 iis,
2749 1733 2842 1801 qui
2867 1749 2933 1787 ex
2963 1736 3211 1804 gentibus
3259 1735 3436 1788 credi-

1855 1832 1958 1884 turi
1993 1831 2044 1883 in
2071 1845 2193 1884 eum
2219 1839 2397 1883 erant.
2431 1828 2899 1894 Quemadmodum
2933 1827 3077 1880 enim
3120 1828 3206 1891 iis,
3234 1828 3326 1897 qui
3367 1844 3432 1882 ex

1850 1923 2118 1993 gentibus,
2159 1923 2373 1991 signum
2405 1930 2522 1975 erat
2552 1921 2748 1990 pullus,
2783 1919 3023 1973 nondum
3059 1921 3212 1974 oneri
3247 1935 3436 1974 assue-

1853 2024 1970 2080 tus;
2010 2014 2084 2067 ita
2126 2013 2309 2079 etiis,
2342 2013 2432 2081 qui
2473 2027 2536 2066 ex
2575 2022 2752 2065 vestro
2791 2013 3010 2082 papulo,
3046 2013 3202 2066 asina
3252 2013 3435 2066 clitel-

1848 2105 2006 2160 laria.
2042 2107 2174 2160 Nam
2203 2121 2346 2170 eam,
2371 2121 2492 2174 qum
2519 2119 2614 2172 per
2639 2104 2932 2173 prophetas
2958 2106 3298 2174 promulgata
3329 2117 3430 2168 ρει,

1850 2199 2160 2266 impositam
2199 2197 2370 2267 legem
2401 2196 2638 2251 habetis.
2674 2197 2782 2252 Sed
2828 2207 2882 2250 et
2939 2212 2968 2250 a
3001 2197 3269 2250 Zacharia
3307 2213 3432 2265 pro-

1849 2292 2008 2361 pheta
2043 2290 2364 2360 prmdictum
2398 2289 2514 2342 fore
2543 2298 2600 2342 ut
2635 2289 2750 2356 ipse
2783 2287 2872 2342 hic
2897 2287 3152 2342 Christus
3184 2301 3430 2358 percute-

1851 2392 2018 2447 retur,
2042 2380 2267 2450 ejusque
2293 2380 2539 2448 discipuli
2560 2380 3008 2448 dispergerentur
3027 2395 3043 2444 ;
3061 2381 3206 2448 quod
3233 2389 3289 2432 et
3311 2395 3432 2434 eve-

1851 2475 1946 2528 nit.
1986 2474 2277 2543 Postquam
2311 2475 2457 2526 enim
2489 2472 2637 2527 cruci
2666 2469 2856 2524 ailixus
2887 2481 2990 2536 est,
3023 2472 3253 2540 dispersi
3307 2481 3432 2525 sunt

1849 2568 1939 2636 qui
1971 2581 2092 2620 cum
2124 2582 2188 2622 eo
2216 2573 2373 2620 erant
2405 2564 2657 2633 discipuli
2688 2563 2826 2632 ejus,
2853 2564 3031 2631 quoad
3063 2565 3364 2616 resurrexit
3399 2579 3430 2616 α

1849 2659 2111 2724 mortuis,
2159 2659 2348 2728 eisque
2385 2657 2661 2727 persuasit
2714 2657 3036 2725 prmdictum
3083 2657 3150 2710 de
3179 2671 3237 2709 se
3264 2672 3387 2710 esse
3413 2695 3428 2718 ,

1850 2751 1966 2806 fore
1989 2761 2045 2804 ut
2077 2753 2148 2805 ita
2182 2759 2499 2819 pateretur;
2551 2761 2717 2819 atque
2749 2749 2826 2802 illi
2859 2749 3001 2802 hunc
3032 2748 3084 2800 in
3117 2747 3336 2801 modum
3361 2749 3430 2800 ad

1845 2844 2174 2898 credendum
2209 2845 2464 2907 adducti,
2520 2852 2574 2896 et
2603 2844 2654 2895 in
2696 2851 2870 2895 totum
2931 2838 3121 2894 orbem
3158 2853 3428 2894 terrarum

1849 2935 2075 3004 profecti
2113 2936 2224 2989 haec
2259 2935 2586 2988 docuerunt.
2617 2933 2751 2988 Hinc
2793 2943 2850 2987 et
2882 2947 2982 2987 nos
3014 2934 3067 2986 in
3104 2933 3211 2987 ﬁde
3255 2945 3310 2987 et
3344 2933 3430 2986 di-

1845 3029 2069 3097 sciplina
2108 3027 2252 3082 illius
2285 3029 2703 3093 contirtnamnr;
2740 3026 2943 3097 quippe
2969 3042 3093 3082 cum
3133 3037 3186 3081 et
3208 3041 3271 3080 ex
3308 3042 3434 3096 pro-

1846 3120 2047 3188 phetis,
2079 3130 2134 3174 et
2163 3134 2228 3174 ex
2260 3120 2346 3181 iis.
2385 3135 2524 3190 quos
2560 3120 2613 3172 in
2647 3135 2841 3174 nomen
2881 3119 3030 3176 illius
3057 3120 3307 3175 cruciﬁxi
3337 3131 3432 3187 per

163 3208 253 3261 τῶν
277 3211 583 3283 προφητῶν
607 3253 621 3277 ,
660 3213 758 3266 καὶ
793 3214 901 3268 ἀπὸ
948 3215 1055 3270 τῶν
1089 3217 1231 3270 κατὰ
1277 3218 1373 3290 τὴν
1419 3221 1745 3293 οἰκουμένην

1909 3213 2034 3266 hem
2067 3223 2338 3268 terrarum
2387 3213 2479 3268 Dei
2514 3213 2758 3269 cultores
2788 3213 2963 3270 factos
2995 3214 3262 3278 videntes,
3305 3228 3431 3266 cre-

159 3302 226 3363 είς
255 3301 423 3374 ὄνομα
459 3303 558 3358 τοῦ
620 3305 1042 3376 ἐσταυρωμένον
1086 3309 1297 3362 ἐκείνου
1331 3311 1626 3380 ὁρωμένων
1652 3314 1744 3368 καὶ

160 3397 444 3464 γενομένων
479 3398 787 3462 θεοσεϐῶν,
822 3399 920 3471 τὴν
955 3400 1126 3455 πειθὼ
1158 3402 1372 3474 ἔχομεν.
1412 3405 1645 3458 Ἔστιδέ
1679 3407 1747 3461 τὰ

159 3485 393 3556 λεχθέντα
409 3490 438 3542 ὑ
449 3491 521 3542 πὸ
544 3491 644 3544 τοῦ
669 3491 942 3563 Ζαχαρίου
960 3493 1146 3547 ταῦτα·
1177 3515 1194 3545 ι
1221 3495 1509 3566 Ῥομφαία,
1529 3496 1746 3570 ἐξεγέρο

159 3576 262 3647 θητι
295 3582 385 3634 ἐπὶ
421 3583 516 3636 τὸν
557 3584 802 3654 ποιμένα
839 3601 939 3655 μου
964 3627 978 3652 ,
1031 3587 1125 3640 καὶ
1158 3588 1246 3640 ἐπ’
1275 3589 1446 3661 ἄνδρα
1479 3589 1568 3643 τοῦ
1615 3591 1742 3646 λαοῦ

159 3687 271 3737 μου·
307 3673 457 3741 λέγει
506 3674 726 3746 Κύριος
769 3675 877 3730 τῶν
908 3676 1210 3749 δυνάμεων.
1235 3679 1480 3747 Πάταξον
1513 3683 1602 3736 τὸν
1635 3702 1747 3738 ποις

160 3765 296 3830 μένα,
332 3769 430 3820 καὶ
465 3768 1068 3841 διασκορπισθήσονται
1103 3773 1169 3827 τὰ
1203 3774 1446 3846 πρόῗατα
1477 3777 1661 3832 αὑτοῦ.
1691 3798 1709 3828 ι

214 3859 296 3916 54.
333 3864 448 3916 Καὶ
481 3864 548 3916 τὸ
597 3863 707 3916 ὑπὸ
759 3865 1005 3929 Μωσέως
1038 3865 1093 3918 δὲ
1136 3867 1596 3940 ἀνιστορημένον,
1651 3871 1744 3924 καὶ

155 3948 243 4002 ὑπὸ
273 3953 360 4006 τοῦ
411 3954 774 4026 πατριάρχου
826 3954 1023 4008 Ἰακὼϐ
1056 3961 1574 4030 προπεφητευμένον
1601 4002 1616 4026 ,
1663 3962 1742 4026 τὸ,

159 4044 389 4100 (Πλυνεῖ
421 4051 485 4102 ὲν
539 4047 679 4119 οἴνῳ
715 4047 814 4119 τὴν
871 4049 1063 4120 στολὴν
1111 4052 1297 4114 αὑτοῦ,
1343 4055 1435 4108 κα)⁸
1460 4057 1518 4108 ἐν
1553 4057 1744 4127 αἵματι

157 4140 411 4211 σταφυλῆς
437 4141 546 4212 τὴν
573 4140 876 4212 περιϐολὴν
897 4142 1058 4196 αὑτοῦ
1080 4160 1092 4172 ’
1127 4164 1144 4194 ι
1183 4145 1242 4198 τὸ
1265 4144 1340 4215 τῷ
1365 4147 1554 4218 αἵματι
1579 4147 1742 4202 αὑτοῦ

157 4231 474 4288 ἀποπλύνειν
518 4233 746 4305 μέλλειν
799 4236 925 4298 τοὺς
953 4236 1309 4301 πιστεύοντας
1341 4238 1487 4310 αὐτῷ
1531 4239 1741 4312 ἐδήλου.

154 4322 331 4395 Στολὴν
366 4327 483 4398 γὰρ
521 4323 698 4380 αὑτοῦ
735 4324 965 4378 ἐκάλεσε
999 4327 1058 4380 τὸ
1092 4328 1244 4396 ἆγιον
1279 4328 1502 4400 Πνεῦμα
1536 4332 1660 4394 τοὺς
1676 4332 1742 4384 δι’

153 4414 296 4471 αὑτοῦ
322 4418 531 4487 ἄφεσιν
569 4417 864 4488 ἁμαρτιῶν
884 4418 1147 4483 λαϐόντας
1167 4437 1178 4451 ·
1203 4423 1259 4474 ὲν
1293 4415 1372 4484 οἷς
1396 4423 1483 4476 ἀεὶ
1515 4422 1743 4494 δυνάμει

157 4507 240 4574 μὲν
270 4512 536 4582 πάρεστι,
559 4511 659 4564 καὶ
682 4510 930 4580 ἐναργῶς
944 4511 1000 4563 δὲ
1033 4512 1299 4584 παρέσται
1331 4515 1388 4567 ἐν
1420 4519 1484 4586 τῇ
1519 4516 1744 4589 δευτέρᾳ

153 4600 294 4654 αὑτοῦ
329 4604 644 4674 παρουσίᾳ.
703 4601 778 4655 Τὸ
810 4603 867 4657 δὲ
911 4598 1050 4674 αἷμα
1096 4605 1196 4675 τῆς
1245 4606 1522 4677 σταφυλῆς
1569 4612 1744 4663 εἰπεῖν

154 4694 230 4745 τον
258 4695 440 4764 λόγον,
479 4698 578 4750 διὰ
615 4696 716 4766 τῆς
763 4697 957 4768 τέχνης
990 4697 1322 4768 δεδήλωκεν,
1357 4703 1438 4754 ὅτι
1463 4697 1602 4773 αἷμα
1646 4705 1742 4774 μὲν

153 4783 246 4854 ἔχει
279 4790 307 4842 ὁ
353 4790 610 4860 Χριστὸς
657 4789 760 4844 οὑκ
809 4789 868 4855 ἐξ
901 4789 1188 4861 ἀνθρώπου
1241 4792 1352 4863 (45)
1404 4794 1738 4866 σπέρματος,

152 4877 250 4929 ἀλλ’
284 4881 348 4932 ἐκ
381 4881 488 4951 τῆς
523 4879 625 4934 τοῦ
661 4878 799 4932 Θεοῦ
832 4880 1134 4952 δυνάμεως.
1166 4885 1260 4938 Ὃν
1294 4885 1402 4958 γὰρ
1449 4888 1648 4959 τρόπον
1683 4891 1742 4944 τὸ

151 4967 234 5040 τῆς
264 4971 519 5043 ἀμπέλου
575 4967 723 5042 αἷμα
773 4972 872 5025 οὑκ
921 4973 1203 5046 ἄνθρωπος
1241 4977 1564 5049 ἐγέννησεν,
1601 4980 1738 5036 ἀλλὰ

218 5150 258 5183 δ’
290 5150 460 5208 Zacb.
508 5168 592 5219 lx,
625 5154 682 5207 9.
767 5153 814 5183 ⁸⁰
840 5152 1007 5218 Zath.
1048 5169 1168 5218 xm,
1199 5156 1250 5210 7.

152 5352 199 5409 In
231 5355 313 5412 bis
347 5373 483 5430 ergo
524 5354 727 5430 verbis
751 5352 918 5408 Marc.
959 5371 1036 5430 ix,
1057 5358 1112 5430 l_l
1143 5374 1156 5408 :
1193 5358 1380 5430 Ἠλίας
1411 5358 1578 5412 ἐλθὼν
1595 5357 1745 5430 πρῶ-

149 5444 228 5499 τον
259 5425 620 5499 amnem;
655 5425 856 5499 πάντα,
893 5425 1002 5499 καὶ,
1023 5426 1482 5499 πῶς-*γέγραπται
1531 5425 1743 5483 ὲπὶ’τὺν

153 5498 252 5550 υἱον
275 5498 366 5552 τοῦ
402 5495 737 5570 άνθρῷπου,
777 5497 863 5570 ῖνα
890 5496 1059 5549 πολλὰ
1076 5495 1225 5570 πάθῃ
1254 5495 1355 5552 καὶ
1391 5499 1741 5570 ὲξουδενωθῇ,

151 5572 488 5638 agnoscenda
518 5567 671 5622 Elia:
730 5567 999 5620 adventus
1048 5569 1332 5634 prmdictio
1387 5583 1444 5622 ut
1489 5567 1745 5624 restituat

150 5643 344 5698 omnia.
395 5651 447 5694 et
500 5641 777 5709 quomodo
807 5638 1060 5704 scriptum
1084 5649 1157 5689 ut
1188 5638 1244 5709 ini
1285 5639 1459 5707 ﬁlium
1490 5641 1740 5706 hominis,

153 5717 204 5760 ut
230 5712 391 5781 ntnlta
423 5708 683 5779 patiatur
724 5717 776 5764 et
814 5717 1201 5762 contemnatur.
1272 5739 1340 5749 —-
1365 5709 1450 5762 Ea:
1479 5710 1749 5766 Addendis

91 5823 94 5826 .
152 5789 192 5831 et
223 5779 622 5836 Emendandis.

153 5860 169 5921 ’Δ
215 5850 322 5921 (ιε)
355 5852 466 5906 Ἐν·
493 5849 579 5918 τῇ
602 5849 813 5921 κτίσει.
866 5847 1191 5917 Sylhurgius
1213 5860 1266 5905 et
1290 5850 1378 5903 alii
1411 5861 1750 5906 monuerunt

157 5915 434 5993 legendum
474 5915 606 5980 esse
641 5919 858 5994 χρήσει,
892 5921 972 5975 vel
1007 5915 1214 5991 κτήσει.
1245 5921 1454 5990 Melius,
1483 5937 1596 5978 mea
1625 5937 1751 5978 sen-
1789 5999 1802 6004 ι

1847 3307 2004 3360 dendi
2039 3314 2315 3360 momenta
2354 3308 2638 3362 ducamus.
2676 3306 2807 3374 Qum
2851 3315 3030 3361 autem
3084 3321 3112 3359 a
3166 3305 3430 3360 Zacharia

1847 3399 1990 3452 diota
2036 3407 2180 3463 sunt,
2211 3400 2282 3452 ita
2315 3414 2376 3452 se
2411 3401 2609 3453 hahent
2635 3418 2648 3453 :
2671 3419 2688 3450 ι
2713 3398 2969 3464 Frantea,
2998 3401 3239 3454 (:Xt'llal'c
3268 3412 3433 3466 super

1848 3501 2119 3560 pastorem
2159 3506 2359 3554 meum,
2395 3503 2450 3545 et
2497 3508 2661 3560 super
2695 3495 2872 3548 virum
2908 3497 3090 3561 populi
3127 3495 3252 3559 mei,
3295 3495 3427 3545 dicit

1847 3585 2107 3640 Dominus
2133 3587 2493 3640 exercituum.
2537 3585 2768 3640 Percute
2799 3595 3070 3655 pastorem
3119 3596 3168 3638 et
3215 3587 3430 3654 disper-

1846 3688 2040 3747 gentur
2082 3695 2211 3734 oves
2244 3679 2360 3749 ejus
2399 3679 2469 3734 ⁵ο.
2505 3698 2524 3731 ι

1917 3863 2006 3918 δέ.
2051 3863 2284 3934 Sanguis
2335 3879 2446 3917 uva:
2493 3864 2618 3933 quid
2662 3861 2942 3931 signiﬁcet.
2981 3893 3051 3903 —
3083 3861 3150 3913 Et
3193 3863 3339 3932 quod
3395 3879 3426 3916 a

1848 3954 2031 4026 Moyse
2057 3956 2258 4010 litteris
2289 3956 2605 4008 mandatum
2650 3965 2830 4018 est,et
2853 3971 2881 4008 a
2905 3953 3074 4009 Jacob
3117 3954 3430 4023 patriarcha

1847 4048 2206 4116 praedictum:
2254 4063 2271 4097 ι
2308 4045 2534 4100 Lavahit
2580 4047 2629 4100 in
2665 4046 2792 4100 vino
2821 4046 3017 4100 stolam
3064 4060 3242 4109 suam,
3275 4055 3331 4100 et
3375 4046 3430 4098 in

1847 4139 2110 4209 sanguine
2141 4155 2258 4192 uva:
2295 4140 2554 4193 amictum
2587 4154 2770 4204 suum,
2798 4156 2817 4189 ι
2867 4136 3107 4192 futurum
3150 4137 3431 4207 signiﬁca-

1846 4233 1961 4297 bat,
1993 4243 2051 4285 ιιι
2095 4233 2359 4302 sanguine
2394 4248 2493 4287 suo
2525 4248 2621 4286 eos
2651 4231 2744 4300 qui
2770 4233 2824 4285 in
2855 4246 2916 4287 se
2951 4231 3204 4295 credent,
3240 4229 3431 4285 ablue-

1848 4337 1948 4379 ret.
2009 4327 2216 4380 Stolam
2265 4327 2412 4380 enim
2456 4325 2575 4393 ejus
2631 4324 2870 4395 Spiritus
2910 4332 3132 4378 sanctus
3179 4337 3276 4377 eos
3328 4339 3430 4377 vo-

1847 4421 2012 4484 cavit,
2063 4423 2152 4488 qui
2188 4435 2284 4489 per
2321 4436 2444 4474 eum
2472 4429 2822 4488 peccatorum
2850 4417 3228 4472 remissionem
3269 4430 3432 4471 acce-

1849 4522 2072 4583 perunt,
2121 4516 2174 4568 in
2217 4515 2419 4583 quibus
2463 4515 2669 4568 virtute
2715 4513 2934 4583 quidem
2981 4526 3200 4582 seraper
3236 4512 3424 4576 adest,

1855 4604 2142 4661 manifeste
2191 4616 2372 4659 autem
2407 4606 2583 4660 aderit
2629 4605 2680 4658 in
2725 4607 2968 4660 secundo
3016 4619 3115 4659 suo
3164 4604 3424 4660 adventu.

1852 4705 2005 4772 Quod
2044 4714 2224 4759 autem
2273 4705 2598 4775 sanguinem
2641 4719 2760 4758 uvae
2792 4705 2925 4760 dicit
2974 4702 3278 4773 Scriptura,
3329 4704 3431 4759 hac

1852 4798 2015 4852 veluti
2070 4809 2190 4853 arte
2251 4797 2493 4850 declarat
2549 4798 2867 4865 sanguinem
2927 4796 3149 4866 quidem
3221 4797 3430 4851 habere

1847 4890 2149 4955 Christum,
2183 4906 2530 4960 nequaquam
2561 4900 2740 4944 autem
2773 4905 2841 4944 ex
2892 4891 3131 4945 humano
3180 4890 3385 4943 semine
3414 4929 3428 4952 ,

1845 4986 1939 5037 sed
1970 4999 2037 5038 ex
2095 4984 2188 5040 Dei
2222 4983 2444 5039 virtute.
2479 4981 2948 5050 Quemadmodum
2993 4983 3137 5038 enim
3165 4998 3281 5035 uva:
3303 4997 3432 5040 san-

1855 5361 2018 5438 tentia
2045 5362 2316 5438 ,_19ﬁG§t.
2360 5360 2480 5438 hicat
2517 5361 2781 5438 particula
2819 5363 2926 5434 γάρ
2961 5364 3337 5438 expungenda.

1926 5431 2165 5499 (45)Κα“ὶ
2199 5431 2336 5502 τῶν,
2373 5431 2524 5484 llunc
2551 5431 2838 5488 articulum
2862 5431 3229 5502 suppeditavit
3255 5433 3427 5489 codex

1855 5511 2086 5585 Etet-que
2123 5517 2240 5585 ms._
2287 5501 2521 5585 Necesse
2572 5517 2700 5585 ergo
2755 5519 2859 5557 non
2901 5501 2984 5558 est
3020 5504 3194 5585 legere
3228 5502 3433 5585 ὼςηκαὶ

1852 5569 1961 5694 Enn
1995 5569 2115 5653 τῆς,
2159 5571 2536 5627 subaudiendo
2593 5573 2770 5637 τινές,
2817 5584 2876 5627 ut
2921 5569 3246 5641 conjitiiebat
3303 5574 3433 5645 Syl-

1893 5657 2098 5694 urams.

1893 5658 2098 5694 ιηἀιηε.

1927 5657 2309 5782 ξῗιϊςεᾘέχρις
2363 5711 2461 5764 ὅτε
2508 5712 2754 5778 ἀνέστη.
2791 5713 3017 5768 Codices
3051 5730 3180 5769 mss.
3232 5715 3434 5770 habent

1856 5782 1920 5834 ad
1961 5783 2262 5856 marginem
2296 5782 2484 5852 μέχρις
2507 5783 2626 5836 ὅτου
2651 5783 2869 5855 ἀνέστη.
2904 5785 2996 5840 Sic
3019 5796 3076 5840 et
3100 5786 3164 5839 Β.
3199 5786 3434 5856 Stepha-

1854 5868 1954 5906 nus
1989 5851 2056 5903 ad
2090 5851 2320 5907 enicem,
2407 5851 2414 5852 '
2838 5851 2845 5855 ’
3155 5865 3158 5869 ς

1924 5920 2040 5995 (45)
2095 5924 2218 5977 Οὐκ
2239 5921 2310 5993 ἐξ
2333 5921 2667 5991 ἀνθρώπου.
2689 5923 2842 5999 Legit
2875 5925 3149 5984 Thirlbius
3175 5927 3288 5982 ἀλλ’
3311 5928 3431 5982 οὐκ.
