3760 6502
169 425 250 481 597
1066 423 1409 482 DIALOGUS
1442 425 1588 484 CUM
1629 423 2004 484 TRYPHONE
2033 430 2295 487 JUDIEO.

3259 433 3364 489 598

165 539 454 611 ὁμιλήσαντος
498 537 566 592 δι’
605 540 800 594 ἑαυτοῦ
853 556 980 593 ποτε
1006 580 1018 603 ,
1051 541 1109 594 ὃν
1144 541 1370 614 ποιητὴν
1411 541 1520 596 τῶν
1551 541 1677 595 ὅλων

1842 545 2204 602 :rcmlestibus
2247 560 2459 617 semper
2495 559 2742 608 manens,
2792 559 2854 598 ac
2883 545 3087 600 nemini
3121 562 3363 617 unquam

167 632 234 684 καὶ
260 632 433 703 πατέρα
459 630 696 702 νοοῦμεν
716 651 729 664 ·
763 631 904 686 οὕτω
941 633 1048 705 γάρ
1070 633 1179 704 (5|)
1217 651 1380 706 φησιν
1405 652 1417 664 '
1456 655 1473 686 ι
1505 634 1682 705 Ὠφθη

165 726 205 776 δὲ
234 723 353 795 αὐτῷ
373 727 398 778 ὁ
424 725 558 788 Θεὸς
580 727 724 798 πρὸς
745 731 809 798 τῇ
834 727 953 799 δρυῒ
984 730 1048 799 τῇ
1075 729 1339 802 Μαμόρῇ,
1375 729 1681 800 καθημένου

163 817 282 872 αὑτοῦ
310 817 390 870 ἐπὶ
418 821 480 889 τῇ
515 818 663 891 θύρᾳ
691 822 792 893 τῆς
821 823 1023 894 σκηνῆς
1043 825 1405 894 μεσημϐρίας.
1432 821 1685 877 Ἀναϐλέ-

162 910 240 979 ψας
261 909 308 962 δὲ
332 914 431 974 τοῖς
458 911 767 983 ὀφθαλμοῖς
809 909 948 968 εἶδε⁸
1000 917 1093 970 καὶ
1139 917 1247 971 ἰδοὺ
1299 921 1448 986 τρεῖς
1493 918 1683 990 ἄνδρες

159 1004 439 1073 εἱστήκεισαν
473 1003 672 1058 ἐπάνω
710 1006 870 1060 αὐτοῦ
891 1025 904 1038 ο
940 1007 1034 1061 καὶ
1073 1006 1195 1062 ἰδὼν
1243 1009 1572 1081 συνέδραμεν
1603 1012 1683 1074 εἰς

161 1094 420 1164 συνάντησιν
448 1097 642 1160 αὐτοῖς
674 1098 784 1150 ἀπὸ
810 1099 908 1168 τῆς
934 1098 1102 1171 θύρας
1133 1100 1233 1171 τῆς
1255 1102 1460 1173 σκηνῆς
1492 1100 1676 1154 αὐτοῦ·

155 1185 224 1236 καὶ
249 1185 635 1259 προσεκύνησεν
687 1190 781 1243 ἐπὶ
825 1189 920 1262 τὴν
953 1192 1057 1262 γῆν
1079 1232 1094 1255 ,
1127 1193 1222 1246 καὶ
1244 1188 1364 1246 εἶπε
1390 1211 1402 1223 ο
1431 1213 1450 1244 ι
1491 1192 1582 1248 καὶ
1613 1194 1682 1246 τὰ

154 1277 277 1330 λοιπὰ
319 1278 417 1347 (52)
467 1279 640 1352 μέχρι
685 1282 779 1336 τοῦ
806 1300 818 1314 ·
860 1303 876 1334 ι
915 1284 1171 1356 Ὤρθρισε
1215 1285 1271 1338 δὲ
1321 1285 1571 1357 Ἀϐραὰμ
1603 1285 1681 1356 τῷ

152 1368 264 1439 πρωῒ
289 1373 360 1434 εἰς
381 1372 468 1425 τὸν
503 1375 677 1428 τόπον
709 1371 770 1428 οὗ
803 1377 1042 1448 εἱστήκει
1088 1377 1268 1431 ἔναντι
1311 1378 1550 1450 Κυρίου,
1588 1379 1682 1432 καὶ

152 1460 392 1531 ἐπέϐλεψεν
421 1464 516 1520 ἐπὶ
544 1467 845 1536 πρόσωπον
868 1469 1115 1540 Σοδόμων
1148 1470 1242 1523 καὶ
1261 1470 1562 1542 Γομόρρας,
1588 1468 1681 1524 καὶ

148 1553 216 1606 ἐπὶ
235 1553 498 1625 πρόσωπον
533 1557 641 1629 τῆς
674 1559 780 1631 γῆς
811 1561 910 1632 τῆς
942 1562 1270 1634 περιχώρου,
1295 1565 1389 1616 καὶ
1421 1560 1527 1620 εἶδε
1547 1580 1562 1593 ·
1587 1565 1680 1617 καὶ

150 1644 232 1696 ἰδοὺ
247 1646 474 1701 ἁνέῦαινε
510 1650 652 1719 φλὸξ
686 1652 752 1706 ὲκ
784 1653 883 1724 τῆς
900 1653 1003 1724 γῆς
1034 1653 1168 1708 ὡσεὶ
1199 1655 1365 1726 ἀτμὶς
1390 1655 1674 1726 καμίνου.)

145 1766 196 1776 -
210 1737 298 1790 Καὶ
315 1741 661 1812 παυσάμενος
681 1742 864 1798 λοιπὸν
883 1745 973 1798 τοῦ
997 1747 1192 1815 λέγειν,
1207 1747 1486 1819 ἐπυθόμην
1503 1749 1680 1803 αὐτῶν

143 1829 178 1879 εξ
197 1829 544 1903 ὲνενοήκεισαν
569 1834 644 1888 τὰ
677 1838 960 1910 εἰρημένα.

191 2030 242 2081 0i
265 2030 314 2083 δὲ
349 2031 554 2102 ἔφασαν
586 2037 906 2107 νενοηκέναι
949 2040 1080 2110 μὲν,
1114 2041 1277 2112 μηδὲν
1317 2043 1374 2096 δὲ
1410 2042 1554 2113 ἔχειν
1599 2044 1679 2106 εἰς

137 2119 361 2186 ἀπόδειξιν
383 2125 508 2188 τοὺς
543 2125 909 2198 λελεγμένους
949 2131 1138 2200 λόγους
1165 2173 1178 2195 ,
1213 2136 1293 2186 ὅτι
1339 2134 1471 2199 Θεὸς
1500 2136 1533 2206 ἢ
1567 2135 1680 2188 K13-

139 2225 224 2278 ριος
249 2213 392 2276 ἄλλος
417 2216 503 2279 τίς
531 2217 710 2283 ἐστιν,
736 2218 768 2288 ἢ
803 2219 1049 2276 λέλεκται
1072 2223 1178 2276 ἀπὸ
1203 2224 1294 2276 τοῦ
1329 2223 1482 2292 ἁγίου
1513 2225 1681 2279 Πνεύο-

136 2318 272 2370 ματος
297 2305 398 2375 (55)
437 2307 597 2379 παρὰ
621 2309 716 2363 τὸν
753 2313 978 2384 ποιητὴν
1007 2314 1114 2366 τῶν
1144 2314 1298 2369 ὅλων.

186 2397 334 2466 Κάγὼ
368 2399 529 2454 πάλιν
556 2419 571 2432 ·
617 2403 688 2454 Ἀ
718 2402 862 2472 λέγω
883 2444 899 2468 ,
936 2407 1267 2478 πειράσομαι
1305 2410 1449 2479 ὑμᾶς
1496 2414 1678 2466 πεῖσαι

134 2489 387 2559 νοήσαντος
427 2493 530 2557 τὰς
577 2495 842 2566 Γραφὰς,
884 2499 965 2551 ὅτι
1019 2500 1137 2552 ἐστὶ
1171 2501 1263 2571 καὶ
1295 2501 1507 2571 λέγεται
1550 2504 1680 2568 Θεὸς

133 2581 201 2633 καὶ
239 2583 430 2655 Κύριος
474 2587 675 2659 ἕτερος
711 2589 818 2642 ὑπὸ
861 2591 952 2643 τὸν
983 2593 1213 2665 ποιητὴν
1242 2594 1352 2668 (54)
1387 2595 1493 2648 τῶν
1522 2597 1678 2659 ὅλων,

131 2670 175 2733 ὂς
198 2673 278 2726 καὶ
302 2675 528 2744 ἄγγελος
575 2677 860 2742 καλεῖται,
905 2680 997 2734 διὰ
1026 2682 1087 2734 τὸ
1113 2683 1396 2752 ἀγγέλλειν
1426 2686 1540 2748 τοῖς
1585 2685 1680 2738 ἀν-

130 2762 329 2834 θρώποις
352 2769 569 2842 ὅσαπερ
607 2769 859 2841 βούλεται
886 2773 1067 2837 αὐτοῖς
1095 2774 1342 2843 ἀγγεῖλαι
1364 2777 1392 2829 ὁ
1413 2776 1519 2829 τῶν
1545 2777 1680 2830 ὅλων

131 2860 341 2933 ποιητὴς,
371 2863 515 2935 ὑπὲρ
535 2864 605 2917 ὃν
622 2864 786 2929 ἄλλος
803 2865 935 2931 Θεὸς
957 2869 1058 2922 οὐκ
1091 2868 1225 2922 ἐστι.
1246 2900 1318 2909 --
1338 2870 1448 2923 Καὶ¹
1469 2870 1680 2924 ἀνιστο-

131 2949 214 3020 ρῶν
231 2953 382 3007 πάλιν
407 2955 478 3009 τὰ
508 2955 910 3029 προλεχθέντα,
933 2961 1212 3032 ἐπυθόμην
1239 2961 1334 3015 τοῦ
1357 2962 1648 3034 Τρύφωνος
1663 2981 1677 2994 ·

130 3045 254 3097 Δοκεῖ
277 3063 353 3100 σοι
385 3048 630 3120 ὀφθῆναι
665 3051 774 3104 ὑπὸ
797 3051 896 3122 τὴν
929 3051 1060 3124 δρῦν
1091 3054 1190 3125 τὴν
1219 3053 1466 3125 Μαμϐρῆ
1493 3056 1521 3108 ὁ
1553 3054 1683 3119 Θεὸς

125 3135 184 3204 τῷ
221 3138 460 3212 Ἀϐραὰμ
485 3180 501 3206 ,
531 3141 616 3205 ὡς
649 3144 679 3194 ὁ
707 3143 866 3212 λόγος
893 3144 1070 3212 λέγεις

175 3311 420 3380 Κάκεῖνος
437 3333 454 3350 ο
486 3317 776 3372 Μάλιστα.

175 3405 268 3460 Καὶ
291 3405 371 3475 εἷς
393 3451 408 3473 ,
446 3412 618 3484 ἔφην,
666 3412 894 3466 ἐκείνων
920 3408 987 3485 ἦν
1021 3413 1130 3466 τῶν
1163 3417 1330 3488 τριῶν
1357 3417 1450 3483 οὒς
1481 3418 1680 3494 ἄνδρας

121 3496 350 3569 ἑωρᾶσθαι
379 3504 461 3576 τῷ
510 3505 776 3577 Ἀϐραὰμ
807 3507 869 3560 τὸ
913 3506 1066 3575 ἅγιον
1097 3512 1427 3581 προφητικὸν
1461 3514 1684 3586 Πνεῦμα

123 3607 234 3657 Αεγει
256 3610 270 3657 ;

172 3681 416 3753 Κάκεῖνος
442 3709 454 3721 ·
493 3691 577 3745 Οὔ
610 3710 622 3722 ο
659 3691 802 3745 ἀλλὰ
835 3690 983 3751 ὧπτο
1020 3696 1117 3766 μὲν
1149 3696 1297 3766 αὐτῷ
1329 3699 1357 3748 ὁ
1399 3698 1531 3762 Θεὸς
1576 3701 1680 3772 πρὸ

120 3773 193 3843 τῆς
214 3779 310 3832 τῶν
337 3784 510 3854 τριῶν
545 3785 856 3849 ὀπτασίας·
910 3783 1026 3839 εἶτα
1059 3789 1109 3840 οἱ
1143 3792 1292 3860 τρεῖς
1339 3791 1563 3854 ἐκεῖνοι,
1588 3792 1679 3855 οὓς

117 3865 279 3941 ἄνδρας
324 3876 354 3928 ό
393 3877 563 3947 λόγος
597 3879 900 3949 ὀνομάζει,
971 3879 1201 3949 ἄγγελοι’
1233 3878 1371 3953 ἦσαν
1394 3902 1405 3913 ·
1443 3885 1533 3938 δύο
1582 3887 1678 3956 μὲν

121 3961 260 4018 αὑτῶν
273 3970 626 4038 πεμφθέντες
653 3971 752 4023 ἐπὶ
773 3970 874 4042 τὴν
908 3972 1154 4044 Σοδόμων
1185 3974 1478 4039 ἀπώλειαν,
1514 3972 1592 4041 εἷς
1621 3977 1678 4046 δε

121 4052 580 4134 εὐαγγελιζόμενος
630 4065 700 4134 τῇ
747 4063 933 4135 Σάρρᾳ
979 4065 1062 4118 ὅτι
1100 4065 1289 4120 τέκνον
1325 4067 1464 4133 ἕξει,
1510 4070 1594 4138 ἐφ’
1633 4063 1678 4136 ᾧ

119 4145 433 4220 ἐπέπεμπτο,
463 4156 568 4209 καὶ
598 4157 931 4229 ἀπαρτήσας
967 4155 1078 4230 (55)
1111 4159 1442 4231 ἀπήλλακτο.

169 4241 273 4307 Πῶς
293 4243 406 4310 οὖν,
453 4244 644 4311 εἷπον,
681 4251 712 4302 ὁ
743 4244 826 4313 εἷς
856 4249 964 4303 τῶν
995 4251 1160 4322 τριῶν
1191 4252 1480 4324 γενόμενος
1519 4258 1576 4308 ἐν
1609 4257 1674 4325 τῇ

117 4339 281 4405 ’κη’-νῇ,
303 4341 331 4391 ὁ
363 4342 462 4394 καὶ
496 4341 702 4404 εἰπὼν,
738 4361 757 4392 ι
797 4342 893 4406 Εἰς
913 4341 1062 4415 ὧρας
1090 4344 1395 4417 ἀνακάμψω
1425 4348 1562 4419 πρὸς
1594 4349 1675 4409 σὲ,

113 4427 182 4479 καὶ
207 4433 262 4503 τῇ
297 4433 486 4507 Σάρρᾳ
515 4436 640 4498 υἱὸς
670 4435 960 4503 γενήσεται
986 4475 1000 4498 ,
1039 4455 1057 4487 ι
1091 4437 1337 4506 φαίνεται
1369 4438 1676 4493 ἐπανελθὼν

113 4525 360 4592 γενομένου
405 4532 476 4600 τῇ
524 4529 728 4599 Σάρρᾳ
773 4528 892 4580 υἱοῦ
937 4529 1031 4582 καὶ
1081 4530 1212 4583 Θεὸν
1267 4531 1427 4585 αὑτὸν
1482 4533 1610 4586 ὄντα
1646 4534 1674 4585 ὁ

115 4619 405 4687 προφητικὸς
453 4621 624 4690 λόγος
659 4620 824 4674 κάκεῖ
856 4621 1137 4692 σημαίνεις
1181 4624 1297 4676 Ἵνα
1341 4624 1397 4676 δὲ
1445 4625 1678 4697 φανερὸν

114 4703 212 4771 ὑμῖν
233 4712 455 4784 γένηται
489 4714 521 4767 ὃ
570 4714 726 4782 λέγω
749 4754 763 4778 ,
815 4712 1082 4768 ἀκούσατε
1131 4716 1239 4768 τῶν
1280 4716 1385 4770 ὑπὸ
1429 4719 1674 4782 Μωσέως

161 4890 198 4915 ⁸⁸
225 4887 354 4947 Gen.
390 4907 554 4959 xvm,
593 4892 646 4956 ι,
686 4891 739 4944 2.
853 4892 897 4922 ⁸⁵
923 4891 1059 4946 Gen.
1093 4909 1204 4956 xix,
1229 4893 1434 4959 27,28.

160 5040 256 5114 (51)
290 5048 456 5102 οὕτω

163 5113 260 5188 (ἧὶ)
298 5119 403 5172 Kal
429 5113 507 5174 τὰ
534 5113 756 5175 λοιπά.
803 5113 926 5172 lliec
955 5133 983 5171 a
1013 5113 1474 5175 librariis'oinissa
1511 5127 1666 5188 putat

112 5181 331 5261 Grabius,
366 5191 541 5261 idque
586 5192 793 5260 probat
822 5205 912 5261 Aex
950 5189 1016 5242 iis
1047 5203 1166 5255 qua:
1195 5188 1362 5261 infra
1414 5181 1670 5259 leguntur

111 5269 232 5332 ιειιτιι.
259 5258 347 5324 56,
384 5258 478 5315 ubi
519 5258 786 5332 lustinus
822 5259 935 5332 lum:
969 5273 996 5332 ξι
1031 5273 1092 5332 se
1127 5258 1513 5332 priusscripta
1547 5276 1670 5314 esse

111 5323 334 5383 declarat.
370 5363 445 5371 —
512 5331 653 5385 "me
693 5347 802 5383 non
844 5327 1066 5393 Justini,
1104 5323 1196 5382 sed
1253 5323 1464 5386 librarii
1503 5333 1668 5384 Verba

112 5408 230 5460 esse,
263 5403 666 5470 compendium
707 5399 799 5453 hic
833 5398 1109 5470 facientis,
1147 5399 1317 5470 liquet
1339 5417 1405 5456 ex
1434 5417 1502 5456 eo
1527 5400 1670 5466 (ιιιοιι

113 5480 233 5541 hum.
381 5469 598 5528 dicitur
619 5489 637 5526 :
677 5470 756 5523 Οὐ
795 5470 923 5541 γὰρ
949 5469 1181 5541 γράφειν
1213 5469 1377 5524 πάλιν
1410 5471 1480 5525 τὰ
1511 5470 1674 5532 αὐτὰ,

112 5534 457 5612 staﬁda-tur
492 5534 1266 5612 προγεγραλιιρἐᾠνζδοκεζ
1279 5556 1390 5610 μοι.
1429 5542 1605 5596 Οττο.
1630 5579 1680 5604 \_

113 5608 452 5734 ωιςῗὶῄᾌπὸ
489 5608 608 5667 τοῦ
633 5608 818 5681 ἁγίου
853 5608 1214 5677 Πνεύματος.
1248 5608 1442 5667 Melius
1468 5611 1679 5680 legere-

129 5692 178 5728 lll'
201 5692 314 5735 υπο.

165 5747 262 5818 (54)
295 5752 426 5807 Ὑπὸ
461 5752 581 5807 τὸν
616 5751 900 5820 ποιητήν.
936 5753 1088 5808 llunc
1115 5752 1289 5808 locum
1325 5751 1398 5806 ita
1433 5750 1676 5812 restitui,

113 5826 155 5868 ιιι
181 5821 393 5879 habetur
438 5827 493 5880 in
548 5838 693 5880 mss.
756 5825 1054 5883 codicibus.
1109 5837 1338 5892 quorum
1397 5822 1675 5892 scriptura

115 5901 210 5944 cum
232 5892 502 5952 videretur
538 5894 812 5950 intendosa
868 5890 1137 5950 Robcrto'
1169 5892 1471 5965 Stephano,
1511 5890 1674 5946 aliam

479 5049 624 5118 γάρ.
670 5047 966 5120 ὓςΙθ--γόιρ,
991 5047 1074 5120 vel
1110 5048 1225 5120 lege
1255 5049 1468 5120 μηνύει.

1787 636 1952 694 visus,
1984 646 2080 690 aut
2105 653 2202 708 per
2229 653 2289 693 se
2315 629 2644 708 quemquam
2688 636 2980 702 allocutus,
3010 654 3178 708 quem
3210 657 3366 696 creao

1789 736 1964 782 torem
2001 729 2384 785 universorum
2426 741 2479 785 et
2523 740 2808 798 parentem
2848 729 3227 802 intelligimus.
3274 736 3369 790 Sir.

1783 820 1929 875 enim
1960 820 2236 892 loquitur:
2271 841 2290 875 ι
2329 825 2594 893 Apparuit
2623 806 2807 879 autem
2841 826 2888 880 ei
2927 824 3069 881 Deus
3105 828 3172 882 ad
3200 844 3367 897 quer-

1785 927 1908 969 cum
1947 915 2210 984 Mambre,
2250 919 2376 971 cuni
2396 917 2486 973 ille
2517 918 2736 973 sederet
2772 919 2826 974 in
2853 918 2997 974 ostio
3025 919 3366 991 tabernaculi

1785 1006 1838 1060 in
1871 1008 2118 1063 meridie.
2148 1007 2255 1065 Sed
2281 1011 2582 1080 respiciens
2605 1011 2803 1076 oculis,
2832 1011 2998 1066 vidit:
3025 1022 3083 1068 et
3106 1029 3237 1068 ecce
3257 1023 3372 1069 tres

1783 1099 1886 1153 viri
1920 1100 2140 1155 stabant
2173 1116 2334 1170 supra
2367 1117 2524 1169 eum;
2574 1111 2630 1156 et
2656 1103 2850 1159 videns
2873 1105 3124 1174 oecurrit
3147 1105 3367 1169 obviam

1784 1192 1893 1248 illis
1936 1194 2006 1249 ab
2046 1196 2191 1250 ostio
2228 1196 2573 1251 tabernaculi
2621 1197 2845 1271 sui,let
2895 1197 3151 1269 adoravit
3205 1214 3370 1269 super

1785 1296 2012 1351 terram,
2059 1288 2283 1342 eLdixit
2305 1290 2385 1353 ⁵⁸,
2421 1307 2439 1340 ι
2473 1298 2528 1344 et
2557 1297 2756 1344 caetera
2789 1304 2962 1360 usque
3009 1290 3114 1344 ad:
3158 1309 3178 1341 ι
3212 1277 3370 1346 Mane

1783 1387 1966 1433 autem
2001 1393 2230 1449 surgens
2257 1380 2531 1434 Abraham
2556 1419 2570 1441 .
2625 1379 2867 1435 diluculo
2910 1380 3009 1434 ivit
3042 1386 3108 1435 ad
3149 1381 3326 1436 locum
3349 1423 3364 1444 ,

1784 1471 1838 1526 in
1893 1487 2000 1540 quo
2035 1480 2268 1526 steterat
2303 1486 2492 1526 coram
2532 1472 2797 1538 Domino;
2835 1481 2889 1528 et
2923 1473 3164 1543 inspexit
3199 1475 3249 1529 in
3286 1472 3371 1530 fa-

1783 1562 1923 1618 ciem
1961 1562 2324 1618 Sodomorum
2361 1574 2415 1618 et
2436 1563 2779 1630 Gomorrhze,
2814 1575 2870 1620 et
2899 1569 2952 1621 in
2979 1566 3172 1622 faciem
3211 1577 3371 1622 terra:

1783 1653 2311 1722 circumiacentis,et
2338 1655 2507 1709 vidit:
2532 1664 2757 1720 etecce,
2781 1657 3113 1712 ascendebat
3148 1657 3372 1715 flamma

1783 1751 1850 1804 de
1900 1749 2055 1822 151
2105 1758 2270 1818 terra,
2311 1751 2462 1819 quasi
2502 1767 2672 1820 vapor
2709 1751 2943 1807 fornacis
2991 1753 3058 1805 ⁵⁸.
3105 1773 3202 1804 ι-
3229 1752 3369 1809 Cum

1786 1841 2086 1896 referenda:
2138 1841 2440 1912 Scriptura:
2486 1842 2644 1896 finem
2701 1843 2993 1911 fecissem,
3057 1846 3374 1914 quaerebant

1783 1945 1850 1985 ex
1896 1931 1976 1984 eis
2010 1945 2076 1984 an
2113 1931 2257 1986 dicta
2289 1931 2702 1988 intellexissent.

1853 2024 1931 2078 llli
1962 2034 2142 2087 autem
2171 2024 2505 2080 intellexisse
2537 2042 2596 2079 se
2621 2027 3039 2096 responderunt,
3071 2030 3166 2082 sed
3193 2029 3364 2094 allata

1784 2117 1948 2170 verba
1986 2115 2120 2170 nihil
2146 2117 2368 2178 habere,
2391 2115 2537 2185 quod
2564 2116 2728 2170 alium
2763 2117 3054 2186 quemdam
3079 2119 3244 2172 Deum
3274 2126 3370 2172 aut

1783 2209 2072 2262 Dominum
2118 2217 2381 2272 esse,aut
2423 2223 2451 2260 a
2512 2209 2716 2277 Spiritu
2777 2217 2972 2264 sancto
3002 2211 3207 2264 dictum
3241 2226 3369 2278 esse

1781 2301 2124 2356 demonstret
2154 2313 2353 2369 praeter
2383 2309 2691 2356 creatorem
2721 2301 3124 2356 universorum.

1856 2392 1992 2448 Tum
2026 2409 2126 2464 ego
2164 2410 2381 2448 rursum
2419 2392 2659 2448 :Enitan
2687 2392 2861 2454 vobis.
2912 2393 3158 2463 inquam,
3193 2410 3365 2462 quan-

1782 2486 2072 2555 doquidem
2105 2485 2419 2555 Scripturas
2467 2484 2796 2552 intelligitis,
2823 2498 2887 2537 ea
2919 2499 3042 2554 quae
3091 2484 3215 2539 dico
3240 2501 3362 2554 pcr-

1786 2578 2043 2644 suadere,
2081 2579 2342 2632 nimirum
2377 2577 2543 2630 alium
2569 2590 2693 2630 esse
2723 2583 2779 2628 et
2810 2573 2915 2628 dici
2975 2573 3076 2629 sub
3115 2584 3365 2628 creatore

1785 2675 2192 2738 universorum,
2255 2673 2420 2727 Deum
2461 2685 2518 2729 et
2567 2673 2876 2740 Dominum,
2930 2675 3106 2744 quiet
3139 2672 3364 2744 angelus

1784 2776 2030 2830 vocatur,
2064 2767 2191 2836 quia
2241 2766 2453 2821 numiat
2503 2766 2818 2821 hominibus
2874 2781 3210 2836 qumcunquc
3255 2765 3364 2819 illis

1786 2860 2039 2916 nuntiare
2089 2860 2205 2913 vult
2266 2861 2646 2916 universorqu
2700 2859 2952 2924 Creator,
3009 2873 3169 2926 supra
3199 2873 3362 2927 quem

1785 2953 2057 3009 aliusnon
2088 2964 2171 3012 est
2205 2953 2368 3008 Deus.
2396 2952 2640 3022 Cumque
2673 2953 2836 3009 verba
2882 2951 2994 3021 jam
3039 2951 3202 3004 allata
3263 2951 3362 3002 ile-

1786 3061 1904 3099 rum
1953 3043 2240 3111 referrem,
2296 3044 2641 3114 Tryphonem
2707 3043 3108 3114 intermgabam
3161 3059 3173 3094 :
3222 3041 3362 3094 Num

1788 3136 1953 3190 Deum
1995 3136 2284 3191 existimas
2338 3136 2440 3190 sub
2473 3151 2676 3206 quercu
2725 3134 2969 3189 Mambre
3016 3133 3270 3199 Abrahas,
3306 3142 3364 3190 ut

1709 3228 1752 3284 C
1787 3230 1921 3286 dicit
1953 3230 2258 3300 Scriptura,
2295 3232 2469 3284 visum
2498 3229 2658 3286 esse?

1856 3322 2132 3391 Profecto,
2167 3323 2339 3392 inquit
2368 3324 2476 3378 ille.

1859 3415 1994 3471 Num
2021 3431 2180 3479 unus,
2212 3416 2451 3485 inquam,
2485 3430 2548 3471 ex
2589 3415 2767 3468 tribns
2790 3415 2895 3467 illis
2921 3423 3058 3477 erat,
3078 3428 3215 3483 quos
3239 3428 3362 3480 pro—

1785 3510 2031 3578 pheticus
2052 3509 2273 3579 spiritus
2298 3509 2442 3562 viros
2462 3509 2721 3578 appellat,
2741 3517 2794 3561 et
2820 3507 3051 3560 Abrahae
3076 3507 3220 3559 visos
3246 3519 3365 3560 esse

1786 3601 2010 3654 narrat?

1854 3693 2234 3764 Nequaquam,
2271 3697 2445 3765 inquit
2476 3696 2595 3761 ille;
2645 3696 2738 3751 sed
2770 3695 2916 3750 visus
2961 3703 3044 3748 est
3101 3691 3147 3744 ei
3197 3691 3363 3752 Deus,

1785 3802 2078 3860 antequam
2115 3801 2226 3845 tres
2270 3799 2618 3859 apparerent.
2653 3790 2790 3844 Tres
2846 3799 3024 3842 autem
3062 3785 3166 3849 illi,
3225 3798 3362 3853 quos

1785 3884 2067 3951 Scriptura
2094 3885 2242 3937 viros
2271 3882 2529 3950 appellat,
2574 3882 2750 3950 angeli
2775 3890 2952 3944 erant,
2986 3881 3094 3933 duo
3143 3879 3361 3947 quidem

1783 3977 1930 4030 missi
1969 3975 2035 4027 ad
2064 3974 2339 4029 excidium
2371 3972 2768 4036 Sodomorum;
2807 3986 2946 4025 unus
2993 3976 3173 4022 autem
3207 3967 3358 4022 Sarae

1783 4069 2041 4122 nuntians
2073 4067 2313 4122 futurum
2351 4069 2399 4123 ei
2431 4067 2600 4120 filium
2626 4083 2640 4132 ;
2667 4065 2826 4136 cujus
2855 4064 2932 4119 rei
2969 4077 3136 4118 causa
3165 4063 3367 4118 missus

1782 4159 1982 4224 fuerat,
2009 4175 2073 4214 ac
2103 4161 2293 4214 abiens
2327 4158 2594 4213 discessit.

1853 4253 2136 4320 Quomodo
2164 4255 2348 4325 igitur,
2385 4253 2626 4319 inquam,
2682 4265 2846 4303 unum
2877 4247 3026 4302 illum
3059 4263 3123 4300 ex
3167 4249 3358 4309 tribus.

1780 4347 1873 4416 qui
1906 4347 1958 4399 in
1983 4344 2332 4400 tabernaculo
2362 4344 2576 4397 dixerat
2610 4357 2624 4393 :
2671 4360 2688 4392 ι
2725 4341 2779 4393 in
2808 4341 2969 4394 horas
2998 4348 3246 4394 revertar
3297 4342 3365 4392 ad

1783 4451 1859 4503 te.
1888 4451 1941 4493 et
1969 4439 2120 4493 Sara:
2149 4438 2289 4491 filius
2314 4444 2568 4490 nascetur
2595 4435 2663 4498 ⁸⁸,
2711 4446 2991 4486 reversum
3031 4446 3156 4486 esse
3201 4445 3366 4498 appa-

1785 4545 1866 4590 ret
1889 4543 2009 4602 post
2035 4542 2220 4584 uatum
2251 4529 2401 4584 Sane
2434 4527 2599 4580 filium
2624 4543 2638 4590 ;
2671 4540 2904 4595 eumque
2929 4523 3094 4578 Deum
3115 4537 3236 4576 esse
3264 4523 3365 4574 huc

1786 4624 2029 4683 etiamin
2078 4623 2198 4676 loco
2243 4617 2598 4690 propheticus
2639 4630 2820 4671 sermo
2852 4613 3139 4666 declarat?
3171 4610 3278 4666 Sed
3308 4619 3368 4664 ut

1786 4720 1839 4775 id
1869 4717 2010 4786 quod
2037 4715 2162 4769 dico
2196 4713 2544 4782 perspicuum
2592 4708 2740 4760 vobis
2773 4713 2827 4759 et
2855 4703 3203 4758 manifestum
3254 4702 3365 4765 sit,

1548 4896 1593 4929 "
1622 4894 1759 4951 Gen.
1802 4910 1962 4958 xvut,
1998 4893 2086 4948 10.

1773 5051 1827 5105 in
1857 5021 2093 5123 textum1
2113 5048 2270 5123 valde
2293 5046 2568 5123 vitiosam,
2602 5043 3243 5123 induxiLunempeHOrtép
3275 5043 3369 5123 τὸν

1773 5123 2022 5193 ποιητήν.
2055 5120 2213 5193 Quod
2240 5117 2460 5193 quidem
2488 5131 2553 5170 eo
2586 5116 2759 5193 magis
2781 5112 2910 5193 mihi
2942 5112 3368 5193 tlisrd‘ieet‘qnuod

1773 5182 2019 5247 Justinus
2053 5182 2156 5244 huc
2184 5182 2300 5258 ipso
2335 5189 2386 5240 in
2433 5187 2552 5240 loco
2587 5182 2753 5245 dicat.
2789 5184 2928 5254 ὑπὲρ
2961 5182 3204 5258 ὃν-ᾄλλος
3235 5183 3369 5258 Θεὸς

1775 5263 1877 5315 οὐκ
1908 5262 2042 5314 ἔστι.
2081 5255 2363 5314 Molestum
2407 5267 2589 5310 autem
2643 5271 2764 5309 esse
2830 5273 2936 5309 non
3000 5255 3181 5314 debet,
3223 5257 3364 5320 quod

1780 5333 1975 5387 Filium
2030 5330 2287 5386 Justinus
2335 5327 2482 5381 Patri
2527 5326 2836 5380 submittat.
2875 5325 3010 5378 Nam
3054 5332 3112 5374 ut
3163 5322 3362 5376 Filium

1782 5403 1918 5456 fonti
1957 5417 2021 5455 ac
2050 5401 2248 5470 origini
2287 5400 2477 5470 totius,
2503 5395 2835 5470 divinitatis,
2893 5403 3094 5470 no_n_ut
3145 5408 3363 5470 servum

1777 5473 2030 5527 Creatori
2060 5463 2592 5544 _Slfiilllilll£:_id(]ltp
2622 5466 2759 5544 satis
2798 5463 3132 5544 perspicitur
3166 5478 3232 5544 ex
3273 5465 3364 5524 iis.

1780 5557 1898 5612 quae
1927 5543 1995 5596 de
2047 5541 2255 5596 Christi
2313 5538 2602 5612 divinitate
2645 5551 2674 5588 a
2701 5535 2916 5612 Justino
2955 5535 3229 5612 disputata
3272 5544 3362 5586 aut

1772 5603 2340 5684 jaturobscrvavitnus,
2381 5617 2476 5684 aut
2504 5607 2761 5684 deinceps
2795 5603 3230 5684 observabimus.

1852 5673 2569 5752 (55)'A:rapt1i0'd¢._l.egi
2623 5673 2810 5745 p0Sset
2860 5673 3213 5752 ᾁπαρτίσας,
3249 5692 3266 5723 ι
3311 5687 3367 5726 re

1779 5744 2047 5816 perfecta.
2085 5773 2102 5804 ι
2139 5744 2252 5805 Sed
2309 5744 2538 5816 minime
2599 5744 2979 5816 necessarimn
3029 5744 3080 5794 id
3132 5744 3364 5799 videtur.

1779 5813 1900 5880 Mox
1931 5823 2014 5888 Cl.
2041 5821 2317 5878 Thirlbins
2342 5813 2420 5883 εἷς
2455 5817 2560 5870 τῶν
2596 5815 2760 5887 τριῶν
2787 5813 3114 5885 γενομένων.
