3760 6498
379 388 416 447 Ϋο
424 395 487 452 ῖσθ

1309 400 1369 462 S.
1404 405 1673 462 JUSTINI
1709 406 2120 464 PHILOSOPIII
2153 409 2242 466 ΕΤ
2279 407 2640 468 MARTYRIS

3531 412 3632 468 600

383 513 570 569 audite
605 528 726 584 quae
776 516 1055 590 conceptis
1082 517 1264 574 verbis
1303 535 1336 574 a
1381 520 1569 593 Moyse
1609 522 1754 578 dicta
1793 533 1962 588 sunt;

2121 527 2360 598 αρῤήδην
2392 527 2730 600 εἰρημένων’
2775 525 2889 580 ἔστι
2932 525 2988 580 δὲ
3020 525 3192 580 ταῦτα
3219 545 3230 556 ·
3275 545 3294 578 ‹
3346 526 3542 582 Ἰδοῦσα
3576 531 3630 585 δὲ

383 607 464 660 sic
496 617 675 662 autem
705 610 957 665 habent:
994 629 1013 663 ι
1053 611 1187 667 Cum
1220 615 1452 671 vidisset
1488 625 1668 671 autem
1711 615 1846 672 Sara
1896 619 1963 671 tl-

385 699 520 754 lium
555 703 713 773 Agar,
773 705 987 760 ancilla:
1046 706 1337 780 Egyptim,
1399 711 1491 778 qui
1546 712 1762 779 genitus
1788 710 1966 766 {iterat

391 791 648 857 Abrahae,
684 795 954 851 ludentem
988 814 1108 852 cum
1136 797 1292 853 Isaac
1332 800 1440 853 lilio
1476 816 1598 867 suo,
1625 802 1760 857 dixit
1784 802 1962 857 Abra-

388 884 505 938 hae:
536 886 686 954 Ejtce
716 888 967 943 ancillam
1013 891 1156 944 hanc
1196 902 1251 946 et
1292 892 1460 946 [ilium
1499 893 1649 963 ejus;
1682 909 1788 949 non
1821 897 1965 950 enim

391 978 569 1032 haeres
597 979 740 1033 illius
769 982 981 1036 ancillae
1011 983 1174 1050 hujus
1211 999 1332 1037 cum
1367 986 1480 1038 [ilio
1512 1002 1635 1042 meo
1658 987 1828 1042 Isaac.
1860 989 1968 1043 Du-

392 1085 514 1123 rum
549 1079 728 1124 autem
769 1073 942 1128 visum
973 1084 1057 1128 est
1083 1076 1308 1128 verbum
1340 1077 1501 1132 valde
1551 1093 1734 1134 coram
1791 1081 1966 1140 Abra-

389 1162 515 1216 ham
555 1164 621 1217 de
647 1163 756 1216 lilio
803 1181 921 1219 suo.
960 1166 1106 1222 Dixit
1137 1178 1317 1222 autem
1349 1170 1492 1224 Deus
1525 1171 1590 1224 ad
1636 1173 1912 1226 Abraham
1951 1189 1965 1226 :

390 1255 468 1311 Ne
496 1257 566 1311 sit
590 1258 781 1312 durum
815 1276 999 1314 coram
1035 1271 1085 1315 te
1107 1263 1173 1315 de
1203 1279 1370 1333 puero
1393 1277 1448 1319 et
1470 1266 1539 1322 de
1591 1267 1784 1323 ancilla
1812 1283 1826 1331 ;
1854 1282 1972 1320 om-

389 1349 477 1401 nia
504 1365 842 1421 quacunque
873 1353 1075 1407 dixerit
1115 1356 1211 1409 tibi
1251 1356 1387 1411 Sara
1415 1399 1431 1423 ,
1460 1359 1585 1413 audi
1612 1374 1800 1414 vocem
1823 1359 1968 1428 ejus;

389 1441 644 1506 quoniam
691 1442 742 1496 in
805 1443 954 1497 Isaac
999 1447 1286 1502 vocabitur
1345 1450 1438 1504 tibi
1465 1466 1652 1506 semen
1679 1452 1748 1506 δ’.
1780 1471 1800 1504 ι
1833 1450 1970 1505 Nunt

390 1532 554 1600 igitur
587 1534 934 1592 intellexistis
971 1555 1118 1600 eum.
1149 1543 1238 1610 qui
1266 1551 1379 1596 tum
1412 1542 1513 1598 sub
1538 1559 1741 1613 quercu
1763 1545 1975 1599 dixerat

390 1642 450 1681 se
479 1643 1034 1702 reversurum,prout
1084 1637 1458 1690 necessarium
1490 1651 1613 1692 esse
1663 1653 1975 1708 prtenosce-

391 1721 481 1774 bat
509 1738 573 1775 ea
612 1723 845 1779 Abraha:
872 1726 1128 1791 suadere,
1151 1742 1273 1796 qum
1302 1729 1368 1784 ab
1393 1729 1518 1798 ipso
1559 1728 1696 1785 Sara
1748 1741 1975 1784 conten-

393 1813 590 1880 debat,
642 1831 923 1870 reversum
977 1833 1120 1882 esse,
1153 1829 1210 1872 ut
1251 1821 1512 1889 scriptum
1560 1833 1664 1888 est,
1705 1833 1762 1876 et
1808 1823 1972 1877 Deum

395 1921 544 1972 esse,
579 1917 636 1962 ut
661 1909 778 1964 haec
824 1911 989 1966 verba
1020 1912 1298 1966 declarant
1331 1929 1346 1966 :
1386 1933 1405 1965 ι
1443 1914 1592 1969 Dixit
1621 1926 1802 1969 autem
1831 1915 1975 1971 Deus
2013 1883 2048 1936 Β

395 2001 628 2056 Abrahae
661 2019 674 2057 :
702 2001 779 2058 Ne
830 2005 1027 2059 durum
1075 2006 1145 2060 sit
1189 2023 1374 2062 coram
1411 2020 1463 2063 te
1495 2023 1659 2079 super
1718 2025 1886 2080 puero
1921 2023 1976 2068 et

397 2109 558 2164 super
581 2096 816 2154 ancilla?
848 2117 864 2146 ι
897 2095 970 2150 Ita
1004 2113 1100 2152 eos
1122 2097 1546 2168 interrogabam.

468 2272 1010 2349 ResponditTrypbo
1046 2295 1058 2330 :
1093 2277 1358 2347 Maxime;
1390 2296 1579 2337 verum
1631 2298 1695 2340 ex
1747 2284 1829 2338 his
1881 2285 1980 2340 mi-

407 2368 554 2423 nime
584 2369 972 2426 demonstraui
997 2373 1161 2427 alium
1191 2390 1312 2429 esse
1340 2377 1530 2441 Deum,
1565 2391 1762 2447 praeter
1816 2379 1980 2443 hunc,

397 2467 492 2531 qui
545 2468 784 2526 Abrahae
837 2471 1161 2538 ueterisque
1215 2473 1552 2541 patriarchis
1604 2485 1656 2528 et
1705 2476 1985 2544 prophetis

398 2560 548 2612 visus
575 2568 678 2622 est,
709 2562 802 2615 sed
829 2577 929 2616 nos
957 2564 1198 2632 probasti
1234 2564 1416 2620 minus
1449 2576 1598 2620 recte
1636 2567 1984 2623 cxistitnasse

401 2660 510 2705 tres
539 2652 678 2716 illos,
707 2655 797 2722 qui
818 2654 871 2708 in
891 2656 1246 2711 tabernaculo
1272 2658 1415 2726 apud
1443 2657 1719 2713 Abraham
1746 2659 1983 2724 fuerunt,

399 2745 626 2812 angelos
660 2760 851 2802 omnes
876 2749 1066 2804 fuisse.

475 2838 704 2893 Rursum
732 2855 834 2909 ego
861 2859 874 2895 :
903 2841 1184 2912 Siquidem
1209 2859 1275 2899 ex
1290 2844 1591 2914 Scripturis
1620 2845 1752 2914 ipsis
1769 2846 1990 2900 deruou-

402 2938 580 2983 strare
609 2947 713 2983 non
745 2947 980 3001 possem,
1018 2950 1185 2988 unum
1219 2951 1285 2991 ex
1334 2936 1507 2990 tribus
1559 2935 1666 2991 illis
1727 2935 1886 3009 152
1937 2948 1991 2991 et

402 3021 572 3076 Deum
600 3038 742 3087 esse,
775 3035 830 3079 et
860 3026 1005 3091 ideo,
1033 3037 1090 3079 ut
1113 3026 1225 3094 jam
1279 3029 1414 3091 dixi,
1468 3031 1721 3098 angelum
1775 3031 1989 3087 vocari.

403 3107 546 3177 quod
572 3110 820 3164 nuntium
845 3111 912 3164 iis
944 3110 1206 3183 perferat,
1238 3114 1438 3182 quibus
1463 3114 1717 3168 mandata
1743 3130 1837 3168 sua
1871 3131 1996 3185 per~~

2067 618 2253 688 Σάῤῥα
2273 619 2366 670 τὸν
2394 619 2509 670 υἱὸν
2537 620 2714 690 Ἀγαρ
2737 619 2834 690 τῆς
2867 618 3157 690 παιδίσκης
3183 619 3288 688 τῆς
3315 620 3628 689 Αἰγυπτίας,

2065 708 2125 772 ὃς
2158 710 2372 776 ἐγένετο
2401 711 2481 782 τῷ
2520 711 2769 784 Ἀϐραὰμ
2793 751 2805 774 ,
2841 711 3100 776 παίζοντα
3142 711 3280 783 μετὰ
3328 712 3508 766 Ἰσαὰκ
3544 714 3631 768 τοῦ

2069 802 2185 855 υίοῦ
2222 803 2429 874 αὐτῆς,
2475 800 2595 857 εἷπε
2638 804 2717 876 τῷ
2758 805 3042 876 Ἀϐραάμ·
3085 804 3282 858 ἔκϐαλε
3325 806 3426 876 τὴν
3469 806 3633 859 παιδί-

2073 916 2211 970 σκην
2241 900 2448 970 ταύτην
2494 902 2588 954 καὶ
2631 900 2722 953 τὸν
2766 900 2881 952 υἱὸν
2915 897 3081 968 αὐτῆς
3109 915 3122 928 ·
3158 898 3220 950 οὐ
3249 896 3360 968 γὰρ
3394 897 3635 970 κληρονο-

2075 997 2238 1066 μήσει
2269 993 2380 1065 (56)
2419 995 2448 1048 0
2497 993 2611 1056 υἱὸς
2654 991 2756 1062 τῆς
2799 991 3091 1064 παιδίσκης
3132 990 3340 1062 ταύτης
3381 989 3514 1062 μετὰ
3549 989 3634 1042 τοῦ

2070 1086 2188 1140 υἱοῦ
2226 1103 2326 1158 μου
2371 1086 2573 1139 Ἰσαάκ.
2611 1085 2850 1155 Σκληρὸν
2886 1084 2942 1137 δὲ
2973 1084 3147 1155 ἐφάνη
3176 1083 3237 1136 τὸ
3269 1084 3420 1154 ῥῆμα
3454 1081 3636 1154 σφόδρα

2071 1180 2312 1232 ἐναντίον
2359 1177 2606 1248 Ἀϐραὰμ
2649 1179 2776 1248 περὶ
2821 1177 2914 1230 τοῦ
2965 1176 3083 1230 υἱοῦ
3131 1174 3317 1230 αὑτοῦ.
3369 1171 3504 1228 Eine
3534 1173 3637 1227 δὲὸ

2071 1272 2202 1336 Θεὸς
2243 1271 2322 1343 τῷ
2383 1271 2630 1342 Ἀϐραάμ
2653 1288 2665 1301 ο
2699 1271 2790 1341 Μὴ
2827 1269 3057 1342 σκληρὸν
3107 1269 3248 1323 ἔστω
3280 1266 3518 1322 ὲναντίον
3556 1283 3637 1320 σου

2075 1365 2201 1435 περὶ
2230 1364 2324 1420 τοῦ
2359 1364 2568 1416 παιδίου
2601 1364 2694 1415 καὶ
2718 1362 2961 1434 περὶτῆς
2994 1361 3308 1432 παιδίσκης.
3344 1359 3525 1414 Πάντα
3553 1361 3639 1412 ὅσα

2075 1459 2142 1511 ἂν
2176 1459 2307 1532 εἴπῃ
2337 1475 2418 1510 σοι
2451 1458 2636 1530 Σάρρᾳ
2657 1497 2670 1519 ,
2707 1456 2870 1510 ἄκουε
2895 1457 2993 1526 τῆς
3029 1455 3217 1526 φωνῆς
3240 1453 3414 1524 αὐτῆς
3436 1470 3450 1483 °
3485 1453 3560 1506 ὅτι
3592 1454 3638 1504 ἐν
3705 1516 3710 1520 η

2089 1551 2272 1610 Ἰσαὰκ
2310 1548 2639 1622 κληθήσεταί
2683 1566 2763 1602 σοι
2795 1547 3034 1619 σπέρμα.
3063 1567 3080 1598 ι
3120 1547 3434 1618 Νενοὴκατε
3459 1540 3546 1598 οὖν
3571 1545 3639 1597 ὅτι

2075 1645 2104 1697 0
2139 1641 2312 1696 εἰπὼν
2343 1643 2462 1696 τότε
2497 1640 2602 1695 ὑπὸ
2643 1640 2742 1712 τὴν
2773 1639 2905 1712 δρῦν
2944 1637 3352 1710 ἐπαναστρέψαι
3378 1678 3393 1701 ,
3424 1636 3499 1700 ὡς
3529 1651 3640 1706 προ-

2077 1737 2342 1808 ηπίστατο
2375 1735 2670 1804 ἀναγκαῖον
2699 1729 2837 1786 εἶναι
2860 1730 2938 1805 τῷ
2973 1731 3226 1803 Ἀϐραὰμ
3261 1727 3640 1800 συμϐουλεῦσαι

2081 1831 2223 1901 ἅπερ
2255 1827 2504 1882 ἐϐούλετο
2539 1827 2702 1880 αύτὸν
2745 1827 2932 1897 Σάρρα
2955 1864 2969 1888 ,
3005 1821 3408 1893 ἐπανελήλυθεν
3449 1820 3521 1882 ὡς
3562 1819 3641 1887 γέ-

2078 1939 2358 1994 γραπται,
2388 1919 2484 1976 κα)⁹
2524 1919 2655 1983 Θεὸς
2688 1921 2855 1982 ἐστιν,
2889 1917 2965 1981 ὡς
2995 1917 3046 1969 οἱ
3079 1915 3226 1982 λόγοι
3276 1911 3641 1985 σημαίνουσιν,

2079 2014 2251 2077 οὓτως
2296 2012 2612 2085 εἰρημένοι·
2664 2031 2682 2060 ι
2725 2005 2862 2063 Eine
2917 2007 2972 2061 δὲ
3005 2011 3034 2061 0
3067 2006 3201 2070 Θεὸς
3253 2004 3338 2076 τῷ
3385 2001 3641 2074 Ἀϐραάμο

2081 2109 2172 2180 Μὴ
2207 2105 2439 2178 σκληρὸν
2474 2105 2614 2158 ἔστω
2651 2102 2889 2157 ἐναντίον
2921 2117 3013 2153 σου
3046 2099 3172 2170 περί
3201 2095 3297 2150 τοῦ
3335 2093 3544 2148 παιδίου
3565 2090 3645 2143 καὶ

2085 2202 2212 2272 περὶ
2242 2201 2340 2270 τῆς
2373 2199 2696 2268 παιδίσκης;
2736 2216 2752 2247 ›
2843 2193 3238 2262 ἐπυνθανόμην-

2154 2293 2262 2346 Ka‘t
2291 2295 2319 2345 0
2347 2290 2580 2362 Τρύφων
2623 2289 2726 2360 ἔφη
2752 2304 2765 2318 ’
2800 2287 3053 2341 Μάλιστα
3076 2303 3089 2315 ’
3136 2285 3236 2337 οὐκ
3271 2283 3337 2336 ὲκ
3387 2278 3571 2332 τούτου
3600 2273 3645 2326 δὲ

2085 2382 2374 2448 ἀπέδειξας
2420 2382 2502 2435 ὅτι
2549 2379 2705 2443 ἄλλος
2751 2378 2896 2431 ἐστὶν
2925 2379 2954 2430 0
2986 2377 3116 2438 Θεὸς
3163 2372 3313 2444 παρὰ
3349 2369 3536 2423 τοῦτον
3571 2364 3648 2416 τὸν

2084 2478 2318 2546 ὀφθέντα
2348 2475 2426 2546 τῷ
2473 2472 2755 2547 Ἀϐραὰμ,
2789 2470 2850 2534 ὂς
2882 2469 2978 2524 καὶ
3018 2471 3130 2530 τοῖς
3170 2465 3354 2528 ἄλλοις
3405 2459 3648 2532 πατριάρ-

2087 2590 2209 2644 χαις
2239 2572 2332 2624 καὶ
2357 2570 2661 2638 προφήταις
2689 2560 2840 2618 ὧπτο
2864 2603 2878 2628 ,
2910 2561 3024 2616 ἀλλ’
3065 2561 3214 2655 ἡμᾶς
3251 2554 3536 2655 απέδειξας
3564 2550 3649 2655 οὐκ

2088 2661 2262 2733 ὀρθῶς
2294 2659 2616 2729 νενοηκότας
2645 2696 2660 2718 ,
2703 2657 2783 2708 ὅτι
2835 2655 2883 2706 οἱ
2935 2655 3122 2724 τρεῖς,
3168 2651 3219 2702 οἱ
3266 2651 3326 2702 ὲν
3375 2649 3444 2733 τῇ
3495 2649 3648 2712 σκηνῂ

2092 2732 2239 2822 παρὰ
2267 2748 2345 2819 τῷ
2387 2746 2638 2818 Ἀϐραὰμ
2668 2743 2978 2814 γενόμενοι,
3012 2741 3121 2795 ὅλοι
3159 2737 3384 2809 ἄγγελοι
3415 2732 3565 2807 ἦσαν.

2165 2845 2273 2898 Kal.
2305 2842 2465 2896 πάλιν
2499 2840 2609 2910 ἐγώ
2631 2858 2644 2872 ’
2683 2841 2747 2893 Εἰ
2788 2836 2882 2893 οὖν
2914 2839 3007 2892 καὶ
3044 2835 3152 2889 ἀπὸ
3187 2835 3297 2886 τῶν
3333 2831 3556 2903 Γρατρῶν
3589 2826 3653 2898 μὴ

2094 2935 2236 3010 εἶχον
2269 2935 2546 3000 ἀποδεῖξαι
2575 2937 2724 3006 ὑμῖν,
2759 2935 2840 2987 ὅτι
2869 2927 2947 2996 εἷς
2980 2931 3089 2984 τῶν
3122 2927 3291 3001 τριῶν
3317 2925 3535 2979 ἐκείνων
3571 2921 3654 2974 καὶ

2093 3034 2122 3087 0
2154 3033 2284 3094 Θεός
2318 3030 2426 3100 (57)
2463 3030 2578 3080 ἐστι
2598 3067 2612 3092 ,
2649 3027 2742 3080 καὶ
2774 3024 3001 3093 ἄγγελος
3039 3021 3284 3075 καλεῖται
3303 3059 3318 3081 ,
3356 3018 3422 3068 ἐκ
3451 3013 3540 3066 τοῦ
3571 3013 3657 3078 ἁγ-

2095 3123 2302 3192 γέλλειν
2325 3161 2339 3185 ,
2373 3123 2447 3184 ὡς
2491 3120 2765 3193 προέερην,
2801 3114 2994 3187 οἷσπερ
3031 3113 3278 3185 βούλεται
3307 3108 3378 3162 τὰ
3413 3109 3534 3179 παρ’
3573 3106 3657 3158 (τὶ-ν

409 3202 537 3255 lerri
573 3204 686 3253 vult
725 3203 1106 3258 universorum
1159 3214 1374 3258 creator
1407 3206 1570 3270 Deus,
1611 3208 1806 3264 merito
1853 3222 1985 3262 sane

2123 3215 2183 3268 οῦ
2216 3217 2244 3268 0
2277 3214 2386 3268 τῶν
2426 3213 2562 3266 ὅλων
2597 3211 2825 3282 ποιητὴς
2867 3208 3032 3271 Θεὸς,
3070 3203 3260 3258 τοῦτον
3301 3201 3395 3254 τὸν
3442 3199 3530 3252 ἐπὶ
3569 3213 3656 3265 της

409 3299 478 3352 de
507 3299 624 3367 ipso
663 3299 758 3352 illo
785 3303 875 3368 qui
903 3300 958 3356 in
994 3302 1156 3356 terris
1200 3304 1254 3356 in
1283 3303 1383 3357 viri
1418 3303 1623 3372 specie,
1677 3319 1783 3357 non
1831 3316 1989 3355 secus

409 3409 474 3447 ac
496 3393 604 3450 duo
629 3395 858 3450 comites
901 3397 1099 3466 angeli,
1151 3397 1300 3452 visus
1351 3408 1436 3452 est
1483 3397 1736 3463 Abrahae,
1789 3396 1991 3464 quique

410 3495 533 3540 ante
563 3489 822 3542 mundum
861 3488 1141 3542 conditum
1166 3489 1308 3544 Deus
1339 3499 1480 3555 erat,
1518 3488 1659 3544 idem
1688 3488 1987 3548 sentiretis.

408 3578 550 3646 quod
576 3588 685 3664 tota
710 3594 840 3648 gens
868 3589 1054 3634 vestra
1091 3581 1276 3635 sentit.

478 3670 734 3737 Omnino,
782 3673 960 3743 inquit
1021 3673 1140 3739 ille;
1192 3675 1264 3729 ita
1320 3675 1465 3730 enim
1527 3675 1994 3730 bactenustenui-

409 3777 546 3816 auus.

473 3855 608 3910 Tum
631 3872 730 3926 ego
749 3873 960 3911 rursum
997 3873 1010 3912 :
1044 3859 1121 3909 Ad
1151 3858 1492 3926 Scripturas,
1513 3859 1757 3928 inquam,
1793 3873 1877 3911 me
1909 3872 1995 3912 re—

410 3949 597 4001 ferens
638 3948 971 4016 persuadere
1003 3949 1156 4002 vobis
1186 3951 1424 4003 conabor
1459 3951 1604 4004 hunc
1652 3952 1850 4017 ipsum,
1901 3950 1990 4017 qui

418 4039 654 4094 Abrahae
682 4049 739 4094 et
769 4037 938 4094 Jacob
979 4051 1030 4094 et
1069 4039 1239 4109 Moysi
1293 4043 1444 4096 visus
1500 4057 1622 4096 esse
1667 4043 1890 4106 dicitur,
1935 4058 1996 4095 ac

412 4134 554 4186 Deus
584 4148 611 4184 a
638 4131 925 4201 Scriptura
985 4142 1240 4196 vocatur,
1296 4133 1465 4190 alium
1506 4149 1630 4188 esse
1672 4134 1741 4187 ab
1779 4148 1846 4188 eo
1901 4133 1992 4202 qui

408 4223 591 4278 olitnia
647 4224 855 4275 creavit
909 4222 1042 4286 Deo,
1075 4225 1263 4290 alium,
1312 4225 1552 4293 inquam,
1602 4241 1852 4290 numero,
1888 4241 1994 4281 non

409 4316 702 4370 sententia.
735 4315 876 4370 Nihil
906 4317 1052 4371 enim
1083 4333 1206 4371 eum
1245 4333 1490 4388 unquam
1524 4318 1727 4376 fecisse
1762 4320 1991 4385 aﬂirmo,

411 4408 514 4461 nisi
541 4410 685 4476 quod
709 4423 834 4463 eum
867 4409 1054 4462 mundi
1081 4421 1317 4477 creator,
1349 4427 1512 4482 supra
1532 4427 1692 4481 quem
1726 4413 1862 4468 alius
1887 4429 1992 4468 non

407 4507 490 4551 est
528 4497 691 4562 Deus,
720 4500 898 4554 facere
929 4499 1100 4553 voluit
1125 4509 1178 4554 et
1206 4504 1410 4557 dicere.

2093 3310 2196 3378 γῆς
2226 3310 2282 3361 ὲν
2320 3308 2431 3378 ἰδέᾳ
2462 3305 2653 3377 ἀνδρὸς
2684 3303 2883 3374 ὁμοίως
2915 3303 3028 3363 τοῖς
3064 3300 3160 3352 σὺν
3185 3295 3338 3366 αύτῷ
3375 3308 3657 3364 παρα-ξενον

2096 3404 2276 3475 μένοις
2319 3402 2470 3455 δυσὶν
2505 3398 2754 3470 ἀγγέλοις
2802 3395 3122 3473 φαινόμενον
3149 3390 3230 3468 τῷ
3265 3387 3513 3459 Ἀϐραὰμ
3533 3426 3546 3449 ,
3577 3385 3656 3484 τὸν

2093 3493 2188 3562 καὶ
2222 3493 2327 3564 πρὸ
2366 3493 2632 3563 ποιήσεως
2678 3487 2884 3559 κόσμου
2940 3485 3070 3538 ὸντα
3113 3481 3246 3535 Θεὸν
3267 3520 3282 3543 ,
3334 3477 3494 3530 τοῦτο
3534 3477 3658 3528 νοεῖν

2094 3589 2123 3648 ύ
2133 3589 2238 3658 μᾶς
2272 3584 2489 3653 εὔλογον
2520 3579 2587 3654 ἦν
2611 3599 2623 3612 ⁸
2661 3565 2798 3653 ὅπερ
2823 3579 2883 3639 τὸ
2918 3579 3024 3632 πᾶν
3053 3576 3205 3639 ἔθνος
3240 3571 3397 3644 ὑμῶν
3425 3571 3550 3623 νοεῖ.

2167 3679 2276 3732 Καὶ
2310 3678 2450 3731 πάνυ
2473 3716 2487 3740 ,
2521 3677 2624 3745 ἔφη
2650 3691 2664 3705 θ
2700 3672 2873 3736 οὕτως
2895 3671 3004 3742 γὰρ
3043 3669 3138 3721 καὶ
3179 3666 3343 3738 μέχρι
3367 3663 3462 3717 τοῦ
3493 3657 3659 3714 δευτέ-

2101 3788 2192 3842 ρου
2224 3770 2336 3840 (58)
2373 3768 2612 3840 εἴχομεν.
3259 3815 3264 3820 ,

2167 3858 2335 3927 Κάγὼ
2368 3859 2528 3912 πάλιν
2558 3853 2709 3909 εἷπον
2735 3873 2746 3884 ·
2797 3855 2922 3907 Ἐπί
2949 3853 3047 3917 τὰς
3077 3849 3298 3923 Γραφὰς
3331 3841 3657 3904 ἐπανελθὼν,

2097 3951 2430 4022 πειράσομαι
2454 3950 2638 4001 πεῖσαι
2679 3947 2841 4017 ὑμᾶς,
2866 3947 2946 3998 ὅτι
2967 3939 3120 4006 οὗτος
3145 3943 3173 3995 ὂ
3195 3957 3256 3994 τε
3289 3939 3370 4010 τῷ
3406 3934 3658 4008 Ἀϐραὰμ,

2098 4047 2191 4102 καὶ
2221 4043 2299 4114 τῷ
2335 4040 2527 4096 Ἰακὼϐ
2552 4081 2566 4105 ,
2603 4041 2696 4093 καὶ
2728 4039 2805 4110 τῷ
2837 4040 3025 4092 Μωσεί
3057 4032 3239 4106 ὦφθαι
3265 4033 3551 4104 λεγόμενος
3577 4025 3663 4080 καὶ

2098 4134 2479 4207 γεγραμμένος
2512 4130 2644 4196 Θεὸς
2665 4171 2679 4194 ,
2714 4117 2899 4202 ἕτερός
2927 4130 3043 4198 ἐστι
3081 4125 3176 4180 τοῦ
3211 4126 3391 4178 πάντα
3419 4119 3663 4189 ποιήσανο

2096 4246 2185 4291 τος
2221 4226 2378 4290 Θεοῦ,
2413 4223 2632 4298 ἀριθμῷ
2664 4221 2995 4292 λέγωνάλλὰ
3029 4221 3090 4274 ού
3121 4217 3338 4291 γνώμῃ.
3375 4214 3534 4267 Οὐδὲν
3565 4208 3664 4277 γάρ

2099 4338 2241 4391 φημι
2263 4318 2426 4372 αὐτὸν
2460 4317 2802 4389 πεπραχέναι
2829 4315 2958 4368 ποτε
2987 4314 3119 4384 (59),
3145 4312 3178 4382 ἢ
3207 4313 3355 4382 ὅπερ
3380 4305 3538 4360 αὑτὸν
3559 4303 3663 4374 (60)

2099 4417 2127 4472 ὁ
2161 4415 2251 4468 τὸν
2285 4413 2487 4483 κόσμον
2523 4412 2776 4483 ποιήσας,
2811 4409 2950 4479 ὑπὲρ
2975 4407 3034 4459 ὃν
3069 4405 3227 4468 ἄλλος
3250 4404 3353 4456 οὐκ
3387 4401 3496 4454 ἐστι
3521 4395 3662 4456 Θεὸς,

2102 4507 2418 4579 βεϐούληται
2452 4507 2548 4560 καὶ
2578 4504 2783 4575 πρᾶξαι
2811 4504 2903 4557 καὶ
2930 4501 3208 4572 ὁμιλῆσαι.

481 4589 616 4644 Tum
644 4591 898 4662 Trypho:
927 4592 1038 4648 Fac
1075 4594 1242 4663 igitur
1271 4595 1418 4649 hunc
1455 4609 1576 4648 esse
1625 4595 1989 4664 demonstres,

2171 4603 2280 4655 Kal.
2302 4604 2330 4654 0
2356 4599 2588 4671 Τρύφων
2610 4616 2622 4630 ο
2664 4600 2784 4652 Ὅτι
2816 4593 2908 4650 οὖν
2940 4596 3035 4648 καὶ
3060 4594 3208 4647 ἐστιν
3242 4587 3520 4655 ἀπόδειξον
3549 4583 3662 4654 ἤδη.

411 4692 468 4734 ut
502 4681 553 4736 id
583 4697 800 4751 quoque
848 4684 943 4737 tibi
977 4686 1368 4738 assentiamur.
1403 4683 1593 4756 Neque
1625 4687 1771 4740 enim
1833 4688 1885 4742 id
1942 4701 1991 4745 te

411 4774 592 4826 dicere
623 4775 994 4842 suspicamur,
1037 4775 1243 4846 aliquid
1272 4792 1395 4832 eum
1426 4788 1629 4845 praeter
1657 4784 1990 4839 sententiam

412 4865 676 4919 ClCﬂlOl‘iS
707 4868 1082 4921 UlliVCl‘SOl‘lllll
1110 4881 1204 4923 aut
1242 4868 1439 4926 ίθοίεεθ
1463 4879 1558 4924 aut
1585 4869 1823 4926 locutum
1846 4889 1988 4932 esse.

485 4981 529 5016 ⁸⁷
552 4981 690 5038 Gen.
720 4999 831 5048 xxr,
860 4985 1010 5038 9-19..

481 5138 1071 5221 (ξϐμξέηροφςομῄσει.
1089 5143 1481 5221 Rogiusﬂcodex
1507 5146 1897 5221 κληρονομήσει
1918 5164 1997 5221 σε.

484 5209 618 5285 (57)Δ
728 5209 888 5280 Θεόςί⁸
926 5209 1246 5268 Sexceuties
1274 5216 1549 5278 Christus,
1580 5209 1829 5285 Λόγος,
1862 5218 2000 5274 aJu-

411 5283 560 5356 stitio
585 5280 738 5356 Θεὸς,
776 5286 982 5356 ouiisso
1029 5285 1285 5356 articulo,
1335 5288 1655 5354 appellatur,
1707 5280 1813 5356 qua
1857 5289 1911 5342 in
1942 5305 1999 5342 re

411 5352 841 5427 alexandrinum
897 5354 1150 5427 loquendi
1201 5352 1655 5414 consuetmliuem
1722 5352 1994 5427 sequitur.

409 5422 563 5499 Quod
596 5423 642 5477 si
669 5425 770 5478 hoc
808 5425 926 5478 loco
958 5425 1223 5499 articulus
1245 5439 1327 5480 est
1353 5427 1605 5499 pra-ﬁxus
1638 5429 1742 5496 (sic
1772 5422 1997 5499 praeter-

410 5511 475 5568 ea
513 5495 605 5568 bis?
646 5505 860 5547 tantum
899 5511 914 5548 :
949 5512 1099 5556 num.
1144 5497 1214 5552 75
1246 5508 1300 5551 et
1336 5497 1487 5568 115),
1526 5500 1576 5552 id
1623 5495 1830 5553 librarii
1893 5515 1998 5566 non

411 5566 708 5639 ιιιΙιιιοιΙιιιιιΔ
761 5569 957 5639 attenti
990 5581 1254 5639 _errorem
1287 5566 1451 5636 sapit.
1486 5569 1786 5639 Supremus
1818 5579 1999 5624 autem

415 5635 557 5707 Deus
621 5634 851 5696 6“ὅντως
882 5635 1053 5707 ῨΘεός,
1093 5653 1120 5690 a
1157 5634 1401 5707 martyre
1448 5634 1581 5692 mox
1635 5641 1662 5691 0
1688 5637 1841 5702 Θεός,
1875 5655 2000 5696 mox

411 5702 540 5768 Θεὸς
580 5719 829 5762 vocatur.
865 5706 1043 5762 Οττο.

484 5773 599 5850 (58)
622 5775 939 5850 Μέχριιτοῦ
955 5777 1258 5845 δευτέρου.
1286 5776 1447 5832 Multo
1475 5778 1666 5850 melius
1684 5779 2006 5850 Sylburgius

414 5851 466 5906 ﬂ»
515 5849 736 5923 Langus
791 5847 1075 5931 legendum
1137 5859 1459 5910 iuouueruut
1498 5849 1655 5932 μέχρι
1686 5847 1778 5904 τοῦ
1829 5849 2002 5932 δεῦρο.

2101 4695 2186 4747 ἵνα
2211 4695 2304 4747 καὶ
2335 4693 2509 4764 τούτῳ
2541 4689 2878 4760 συνθώμεθα,
2915 4687 2990 4740 Οὐ
3019 4687 3128 4758 γὰρ
3153 4684 3305 4756 παρὰ
3331 4681 3548 4752 γνώμην
3574 4681 3664 4726 του

2104 4783 2324 4855 ποιητοῦ
2358 4784 2466 4836 τῶν
2499 4783 2636 4837 ὅλων
2672 4783 2900 4853 φάσκειν
2931 4797 2982 4832 τι
3017 4780 3050 4851 ἦ
3093 4777 3454 4848 πεποιηκέναι
3486 4769 3665 4829 αὐτὸν,

2101 4879 2132 4956 ἢ
2169 4876 2523 4946 λελαληκέναι
2551 4915 2565 4939 ,
2599 4875 2778 4944 λέγειν
2808 4891 2869 4928 σε
2898 4871 3377 4942 ὑπολαμϐάνομεν.

2180 5147 2294 5217 (59)
2318 5149 2692 5219 Πεπραχένιιι
2726 5145 2889 5200 ποτέ.
2934 5145 3111 5219 Addit
3148 5146 3400 5219 Clericus
3419 5144 3450 5214 ἢ
3484 5141 3666 5219 εἰπεῖν.

2107 5215 2406 5273 -νὶόόιιιιν
2436 5215 2742 5290 addendum
2769 5218 2949 5290 esst-fa
2986 5217 3346 5290 ὡμιληκέναι.
3375 5215 3533 5274 Paulo
3557 5219 3668 5290 anl

2104 5293 2271 5351 enim,
2299 5288 2642 5366 Axa‘t‘rcpdgat
2674 5290 2766 5342 καὶ
2798 5280 3056 5366 ομιλῆσαὶ
3095 5280 3258 5358 (intra
3283 5280 3671 5366 transmarina}

2104 5307 2271 5351 enim,
2313 5308 2406 5344 και
2441 5308 2482 5342 π
2519 5307 2642 5354 agat
2674 5307 2766 5342 και
2798 5307 2826 5341 ο
2876 5307 3056 5360 ιλησαι
3095 5307 3258 5358 (ιιιιι-ει
3286 5307 3301 5340 :
3331 5307 3669 5354 πεποιηκεηι

2103 5361 2263 5414 αὐτὸν
2292 5361 2324 5430 ἢ
2356 5307 2752 5433 λελαληκέναι).
2801 5307 3031 5413 ἄηιιιάἱ
3061 5375 3264 5433 ausam
3283 5357 3505 5433 librario
3530 5351 3669 5433 tledsl

2104 5429 2392 5501 repetitum
2435 5431 2491 5501 ἡ.
2524 5429 2825 5494 'l‘hirtbius,
2879 5439 3156 5499 praeeunte
3207 5429 3438 5494 Clerico,
3495 5429 3669 5479 minus

2107 5515 2256 5575 recte
2276 5503 2511 5575 voluiti}
2547 5505 2739 5575 εἰπεῖν.
2777 5501 2987 5575 υττο.-
3159 5570 3172 5575 _
3219 5570 3226 5575 ⁸
3258 5572 3266 5575 _
3617 5561 3626 5569 ,

2177 5573 2291 5643 (60)
2325 5570 2540 5628 Αὐτόν).
2568 5574 2848 5628 Neminem
2873 5571 3121 5643 arbitror,
3140 5570 3516 5643 dubitaturum
3545 5576 3670 5642 Quin

2111 5641 2258 5698 recte
2311 5646 2664 5709 restituerim,
2721 5658 2819 5713 pro
2875 5644 3023 5712 vulg.
3065 5641 3248 5713 αὑτός,
3287 5642 3453 5711 quod,
3511 5647 3568 5690 ut
3615 5641 3670 5685 tu

2110 5717 2292 5782 aprico
2309 5725 2413 5779 est,
2445 5712 2896 5784 originemduxit
2923 5729 2950 5766 a
2985 5729 3117 5767 casu
3150 5712 3244 5782 qui
3294 5715 3542 5782 sequitur
3580 5720 3672 5760 uo-

2113 5787 2392 5852 tuinativo,
2459 5788 2485 5838 0
2519 5804 2567 5839 τ.
2601 5803 2654 5840 κ.
2693 5787 2941 5856 ποιήσας.
2991 5786 3167 5842 Οττο.
