3754 6502
143 363 228 416 ὅσ(
1080 366 1330 423 ιιιιιοε
1343 365 1428 421 [SS
1464 366 1605 421 Cll)!
1642 366 1676 421 Ἰ

1851 364 2016 421 ἱΟΝΕ
2050 364 2314 422 ΙΗΒᾹΞΟ.

3254 360 3361 419 6119.

206 478 365 545 Κάγὼ
396 472 545 532 εἶπον
567 495 579 507 ·
628 479 689 531 ’Π
724 481 762 531 Γ
768 481 913 552 ρηαφὴ
945 478 1035 535 οὖν
1066 485 1098 553 ὴ
1133 483 1534 555 προλελεγμένη
1566 500 1675 553 παρ

1867 482 1979 551 Ego
2011 491 2192 536 autem
2232 502 2245 536 :
2277 480 2584 549 Scriptura.
2616 477 2858 547 inquam,
2896 492 2924 531 a
2958 475 3169 545 meiam
3195 476 3359 529 allata

140 569 260 639 ἐμοῦ
292 569 449 623 τοῦτο
482 572 710 643 φανερὸν
758 574 885 643 ὑμῖν
934 576 1167 645 ποιήσει.
1208 577 1362 629 Ἔστι
1393 575 1447 629 δὲ
1484 575 1687 629 ταῦτα·

143 678 161 713 ι
208 661 260 714 ’0
290 660 439 730 ἥλιος
472 662 692 731 ἐξῆλθεν
729 665 820 716 ἐπὶ
846 664 943 735 τὴν
976 666 1110 735 γῆν,
1145 667 1237 719 καὶ
1275 664 1396 718 Λὼτ
1447 666 1692 735 εἰσῆλθεν

138 752 209 814 εἰς
238 751 447 823 Σηγὼρ,
485 754 577 805 xal.
607 756 635 805 ὁ
668 754 869 825 Κύριος
917 755 1133 827 ἔϐρεξεν
1168 757 1260 808 ἐπὶ
1312 757 1517 828 Σόδομα
1550 757 1690 811 θεῖον

136 842 219 894 καὶ
265 842 374 913 πῦρ
420 843 569 915 παρὰ
618 846 821 915 Κυρίου
866 848 929 899 ὲκ
974 847 1066 899 τοῦ
1117 847 1381 917 ούρανοῦ,
1428 849 1522 901 xal.
1556 867 1687 901 κατ-

135 932 343 1002 έστρεψε
392 933 493 998 τὰς
551 934 731 999 πόλεις
779 936 981 999 ταύτας
1030 938 1125 991 καὶ
1179 940 1358 992 πᾶσαν
1401 937 1498 1009 τὴν
1533 939 1688 1009 περί-

132 1041 281 1076 οικον.
321 1043 343 1076 )

195 1116 297 1167 Καὶ
327 1118 354 1169 ὁ
385 1116 647 1187 τέταρτος
676 1117 784 1170 τῶν
819 1120 915 1172 σὺν
948 1118 1200 1191 Τρύφωνι
1241 1122 1686 1192 παραμεινάντων

133 1208 222 1275 ἔφη
247 1224 260 1235 ο
301 1210 395 1260 Ὃν
426 1205 521 1262 οὖν
553 1211 581 1261 ὁ
606 1209 760 1277 λόγος
792 1211 879 1262 διὰ
914 1212 1155 1276 Μωσέως
1183 1211 1288 1264 τῶν
1313 1212 1403 1265 δύο
1442 1214 1685 1281 ἀγγέλων

131 1296 478 1350 κατελθόντων
514 1298 622 1368 (61)
668 1302 747 1363 είς
791 1301 996 1370 Σόδομα
1021 1341 1034 1363 ,
1071 1302 1161 1353 καὶ
1195 1301 1397 1373 Κύριον
1443 1301 1539 1354 ἕνα
1574 1302 1683 1371 (62)

126 1388 384 1458 ὠνόμασε,
411 1392 566 1462 παρὰ
590 1391 798 1456 τοῦτον,
830 1393 923 1445 καὶ
952 1394 1041 1446 τὸν
1054 1392 1184 1446 Θεὸν
1206 1394 1364 1447 αὑτὸν
1389 1394 1499 1466 [τὸν
1527 1394 1683 1466 (62⁸)]

126 1480 341 1548 ὀφθέντα
374 1481 453 1553 τῷ
501 1484 752 1555 Ἀϐραὰμ
782 1485 962 1555 λέγειν
990 1486 1223 1558 ἀνάγκη.

188 1574 255 1625 Οὐ
287 1574 373 1627 διὰ
407 1575 568 1629 τοῦτο
590 1618 605 1640 ,
642 1577 774 1647 ἔφην
795 1617 809 1641 ,
848 1579 1038 1649 μόνον,
1078 1580 1213 1649 ὅπερ
1246 1574 1311 1649 ἦν
1331 1620 1345 1643 ,
1382 1580 1445 1631 ἐκ
1488 1580 1684 1643 παντὸς

122 1666 304 1737 τρόπου
336 1666 621 1737 ὁμολογεῖν
665 1669 799 1733 ἔδει,
839 1671 919 1723 ὅτι
952 1670 1047 1723 καὶ
1095 1670 1244 1741 παρὰ
1274 1669 1365 1722 τὸν
1397 1669 1683 1740 νοούμενον

126 1758 331 1829 ποιητὴν
381 1759 493 1811 τῶν
528 1760 663 1813 ὅλων
716 1760 873 1825 ἄλλος
904 1779 987 1823 τις
1020 1762 1413 1833 κυριολογεῖται
1447 1762 1550 1815 ὑπὸ
1588 1764 1681 1817 τοῦ

1796 572 1847 625 id
1880 572 2033 626 vobis
2062 580 2189 626 ante
2235 570 2423 625 oculos
2474 579 2655 639 ponet.
2701 569 2793 622 Sic
2841 577 3019 622 autem
3055 582 3113 620 se
3154 564 3356 619 habet:

1798 678 1817 712 ι
1853 662 1943 715 Sol
1972 676 2224 731 egressus
2254 671 2338 714 est
2365 674 2527 730 super
2560 669 2783 724 terram,
2816 666 2873 712 et-
2922 656 3023 712 Lot
3088 657 3363 725 ingressus

1791 766 1874 807 est
1910 754 2112 823 Segor:
2155 764 2202 807 et
2243 752 2503 807 Dominus
2530 751 2664 820 pluit
2692 764 2857 820 super
2908 748 3200 803 Sodomam
3252 745 3364 801 sul-

1790 846 1930 917 phur
1959 856 2013 902 et
2053 848 2231 917 ignem
2252 862 2279 899 a
2312 847 2543 901 Domino
2571 846 2639 900 de
2669 844 2831 910 ccelo,
2856 853 2911 899 et
2940 842 3207 897 subvertit
3233 840 3364 895 civi-

1791 949 1933 996 tates
1962 940 2079 1003 has,
2100 948 2157 994 et
2178 954 2393 995 omnem
2422 940 2567 993 circa
2587 939 2862 1008 regionem
2888 936 2958 988 ⁸⁸.
2990 954 3010 988 ι

1857 1115 1959 1170 Hic
1991 1116 2084 1185 qui
2110 1131 2232 1171 cum
2260 1113 2549 1185 Tryphone
2577 1122 2804 1183 quartus
2844 1120 3185 1166 remanserat
3218 1127 3232 1163 :
3262 1107 3363 1175 Qui

1789 1213 1976 1283 igitur,
2020 1212 2214 1281 inquit,
2260 1224 2324 1263 ex
2357 1209 2569 1262 duobus
2607 1206 2813 1277 angelis
2852 1206 3084 1260 Sodoma
3136 1202 3366 1273 petenti-

1789 1308 1888 1360 bus
1918 1309 2066 1359 solus
2109 1320 2137 1357 a
2170 1304 2460 1373 Scriptura
2494 1317 2593 1371 per
2630 1302 2872 1371 Moysrm
2910 1301 3073 1354 etiam
3107 1298 3367 1352 Dominus

1786 1395 2114 1466 appellatur,
2138 1404 2332 1459 prmter
2354 1409 2477 1448 eum
2509 1396 2626 1462 ipse
2668 1395 2833 1447 etiam
2868 1391 3030 1457 Deus,
3055 1390 3147 1461 qui
3187 1389 3363 1445 Abra-

1786 1489 1868 1543 hze
1891 1488 2162 1558 apparuit,
2196 1486 2513 1541 necessario
2543 1486 2805 1539 dicendus
2826 1494 2930 1538 est.

1854 1581 1977 1635 Non
2029 1580 2169 1634 banc
2199 1589 2409 1631 tantum
2441 1578 2512 1632 ob
2560 1592 2813 1639 causam,
2854 1577 3096 1645 inquam,
3133 1574 3185 1630 id
3219 1573 3363 1644 quod

1786 1685 1871 1725 res
1895 1678 1997 1733 est,
2029 1667 2249 1723 omnino
2271 1667 2521 1721 confiteri
2552 1668 2838 1737 Oportebat
2866 1666 3034 1719 alium
3052 1665 3361 1735 quemdam,

1786 1771 1985 1829 przrtcr
2006 1776 2153 1823 eum,
2186 1776 2348 1829 quem
2380 1768 2683 1813 creatorem
2715 1758 3091 1811 universorum
3118 1756 3367 1825 agnosci-

126 1851 261 1917 ἁγίου
296 1852 617 1923 Πνεύματος
644 1870 657 1883 ·
693 1853 753 1905 ού
792 1855 950 1925 μόνον
996 1854 1050 1906 δὲ
1098 1854 1186 1907 διὰ
1237 1855 1509 1919 Μωσέως,
1558 1856 1676 1909 ἀλλά

1852 1867 1936 1915 us,
1960 1865 1989 1904 a
2022 1851 2228 1920 Spiritu
2288 1860 2478 1904 sancto
2523 1848 2814 1902 Dominum
2866 1847 3152 1917 appellari.
3181 1846 3367 1914 Neque

125 1944 203 1992 καὶ
244 1941 328 1995 διὰ
387 1942 571 1997 Δαυίδ.
630 1944 740 1996 Καὶ
790 1943 899 2015 γὰρ
949 1944 1042 1996 καὶ
1073 1944 1139 1996 δι’
1181 1944 1389 1998 ἐκείνου
1432 1948 1679 2017 εἴρηται·

126 2053 138 2081 ι
175 2032 324 2100 Λέγει
354 2034 383 2085 ὁ
417 2033 624 2105 Κύριος
657 2033 733 2104 τῷ
768 2035 954 2107 Κυρίῳ
1004 2054 1102 2106 μου
1123 2054 1135 2065 ·
1190 2038 1372 2091 Κάθου
1402 2041 1465 2091 ἐκ
1496 2036 1685 2103 δεξιῶν

122 2140 205 2190 μου
226 2163 240 2185 ,
286 2122 390 2186 ἓως
436 2123 507 2176 ἂν
541 2123 617 2175 θῶ
638 2124 761 2187 τοὺς
784 2124 1007 2196 ἐχθρούς
1033 2144 1123 2178 σου
1145 2129 1427 2181 ὑποπόδιον
1452 2130 1559 2182 τῶν
1591 2149 1686 2184 πο-

121 2217 210 2269 δῶν
224 2235 333 2279 σου,
360 2238 377 2268 ι
398 2219 476 2281 ὡς
519 2219 845 2291 προείρηκα.
872 2221 981 2272 Καὶ
1009 2221 1167 2275 πάλιν
1191 2224 1248 2274 ἐν
1274 2223 1451 2287 ἄλλοις
1479 2224 1674 2292 λόγοις·

126 2326 139 2356 ι
160 2307 211 2359 '0
228 2308 411 2380 θρόνος
430 2326 547 2373 σου,
564 2311 757 2374 ὁθεὸς,
791 2314 869 2376 είς
891 2312 983 2364 τὸν
1003 2313 1173 2367 αἰῶνα
1209 2314 1301 2367 τοῦ
1327 2314 1537 2379 αἰῶνος.
1559 2313 1683 2369 Ῥά-

120 2402 224 2466 ϐδος
252 2402 604 2475 εὐθύτητοςή
633 2404 825 2475 ῥάϐδος
858 2405 956 2474 τῆς
993 2405 1267 2476 βασιλείας
1303 2425 1394 2460 σου
1420 2426 1432 2438 ·
1464 2409 1681 2481 ἠγάπη-

122 2511 206 2557 σας
235 2494 587 2565 δικαιοσύνην
610 2536 624 2557 ,
663 2496 757 2549 καὶ
790 2498 1059 2567 ἐμίσησας
1095 2499 1358 2570 ἀνομίαν·
1392 2501 1479 2555 διὰ
1522 2502 1681 2556 τοῦτο

120 2585 279 2653 ἔχρισὲ
325 2601 383 2637 σε
418 2586 447 2637 ὀ
475 2584 636 2651 Θεὸς,
674 2588 701 2639 ό
734 2586 866 2651 Θεός
915 2605 1005 2640 σου
1035 2629 1049 2651 ,
1090 2588 1267 2642 ἔλαιον
1310 2591 1679 2659 ἀγαλλιάσεως

118 2678 245 2748 παρὰ
288 2679 415 2742 τοὺς
466 2680 731 2750 μετόχους
768 2698 880 2733 σου.
924 2700 941 2731 ι
982 2682 1043 2734 El
1089 2678 1180 2734 οὖν
1228 2683 1321 2736 καὶ
1373 2683 1527 2737 ἄλλον
1559 2685 1679 2739 τινὰ

117 2767 362 2837 θεολογεϊν
396 2772 494 2823 καὶ
529 2771 862 2843 κυριολογεῖν
892 2772 952 2825 τὸ
986 2773 1208 2843 Πνεῦμα
1250 2774 1309 2827 τὸ
1355 2775 1508 2843 ἆγιόν
1544 2793 1678 2845 φατε

117 2861 253 2929 ὑμεῖς
285 2862 434 2933 παρὰ
478 2862 570 2914 τὸν
598 2863 817 2933 Πατέρα
854 2864 944 2916 τὸν
976 2864 1111 2916 ὅλων
1140 2864 1248 2932 (65)
1284 2867 1377 2917 καὶ
1414 2865 1503 2917 τὸν
1545 2866 1678 2935 Χρι-

118 2951 224 3003 στὸν
256 2953 419 3005 αὑτοῦ
444 2994 459 3017 ,
499 2955 865 3025 ἀποκρίνασθὲ
903 2973 1021 3026 μοι,
1062 2956 1195 3027 ἐμοῦ
1232 2957 1505 3023 ἀποδεῖξαι
1550 2958 1676 3027 ὑμῖν

117 3044 527 3117 ὑπισχνουμένου
562 3047 656 3099 ἀπ’
690 3046 869 3100 αὐτῶν
912 3048 1019 3101 τῶν
1066 3049 1316 3119 Γραφῷν,
1350 3051 1431 3101 ὅτι
1463 3052 1559 3120 οὐχ
1597 3044 1675 3114 εἷς

114 3134 205 3185 τῶν
234 3135 323 3187 δύο
354 3136 606 3205 ἀγγέλων
648 3138 755 3191 τῶν
782 3138 1149 3194 κατελθόντων
1184 3143 1262 3203 εἰς
1297 3142 1503 3213 Σόδομά
1530 3144 1674 3195 ἐστιν

1788 1944 1843 1997 id
1871 1942 2043 1997 solum
2077 1958 2172 2011 per
2201 1940 2460 2011 Moysem,
2480 1941 2573 1995 sed
2607 1941 2770 1995 etiam
2802 1955 2898 2007 per
2924 1940 3198 1993 Davidem.
3230 1937 3363 1993 Nam

1786 2045 1839 2090 ct
1862 2050 1957 2105 per
1988 2051 2109 2090 eum
2152 2036 2353 2089 dictum
2408 2043 2491 2087 est
2526 2051 2539 2086 :
2574 2050 2592 2083 ι
2635 2031 2778 2085 Dixit
2828 2032 3088 2085 Dominus
3137 2031 3365 2085 Domino

1787 2143 1907 2182 meo
1936 2144 1949 2179 :
1978 2126 2117 2181 Sede
2142 2140 2172 2179 a
2214 2124 2425 2179 dextris
2458 2124 2614 2189 meis,
2641 2123 2815 2176 donec
2861 2138 3057 2191 ponam
3112 2122 3366 2177 inimicos

1787 2230 1908 2274 tuos
1956 2218 2255 2274 scabellutn
2302 2219 2498 2288 pedum
2543 2228 2765 2270 tuorum
2797 2216 2867 2281 '9,
2903 2235 2921 2267 ι
2958 2226 3019 2269 ιιι
3062 2215 3176 2283 jam
3228 2215 3366 2269 reci-

1785 2311 1891 2365 tavi
1926 2310 1992 2364 ⁸ο.
2027 2310 2095 2364 Et
2144 2325 2333 2363 rursus
2387 2308 2497 2362 alio
2527 2308 2581 2361 in
2630 2308 2795 2363 loco:
2846 2326 2863 2359 ι
2907 2306 3160 2361 Thronus
3219 2317 3362 2371 tuus,

1784 2404 1946 2467 Deus,
1981 2403 2033 2456 in
2064 2403 2325 2456 steculutn
2381 2400 2589 2455 sazculi.
2647 2400 2807 2468 Virga
2848 2397 3166 2454 direCtionis
3212 2399 3362 2466 virga

1784 2497 1932 2566 regni
1970 2496 2069 2549 tui.
2104 2495 2353 2550 Dilexisti
2381 2495 2653 2564 justitiam
2689 2503 2742 2548 et
2784 2490 2948 2546 odisti
2984 2491 3361 2558 iniquitatem;

1781 2602 2065 2662 propterea
2102 2591 2259 2646 unxit
2291 2602 2342 2645 te
2396 2592 2552 2649 Deus,
2587 2590 2725 2643 Deus
2750 2598 2873 2643 tuus
2901 2586 3017 2642 oleo
3043 2586 3365 2641 exsultatio-

1780 2687 1864 2740 nis
1906 2702 2015 2756 pra:
2044 2687 2388 2741 consortilms
2430 2684 2535 2737 tuis
2581 2684 2648 2740 °'.
2684 2702 2703 2735 ι
2746 2681 2939 2737 Utrum
2990 2682 3153 2752 igitur
3198 2680 3363 2734 alium

1779 2780 2068 2848 quemdam
2102 2793 2130 2831 a
2157 2778 2364 2846 Spiritu
2399 2786 2609 2837 sancto,
2640 2786 2840 2845 prceter
2894 2776 3207 2829 Creatorem
3242 2774 3364 2827 ιιιιί-

1778 2886 2063 2924 versorum
2092 2880 2147 2924 et
2174 2870 2454 2924 Christum
2489 2871 2630 2939 ejus,
2670 2870 2834 2921 Deuut
2869 2877 2923 2920 et
2950 2867 3234 2920 hominum
3265 2881 3361 2919 vo-

1778 2962 1888 3015 cari
1918 2960 2134 3023 dicatis,
2159 2960 2479 3027 respondete
2500 2960 2628 3012 Inibi
2652 2976 2665 3021 ;
2693 2974 2817 3011 nam
2849 2957 3003 3010 vobis
3036 2956 3240 3024 recipio
3267 2956 3363 3010 dc-

1778 3062 2211 3105 tuonstraturum
2262 3066 2347 3105 me
2369 3067 2436 3104 ex
2469 3051 2600 3120 ipsis
2638 3048 2941 3119 Scripturis
2974 3063 3079 3101 non
3128 3046 3362 3101 alterum

1780 3144 2010 3198 duorum
2038 3142 2377 3210 angelorum,
2418 3144 2510 3211 qui
2556 3141 2789 3196 Sodoma
2837 3139 3114 3209 petebant.
3146 3154 3175 3192 a
3206 3138 3361 3192 Scri-

113 3226 161 3277 ὃν
186 3227 280 3299 ἔφη
308 3230 341 3299 ἡ
377 3229 572 3301 Γραφὴ
602 3230 827 3302 Κύριον,
866 3232 981 3285 ἀλλ’
1006 3236 1212 3287 ἐκεῖνον
1242 3232 1333 3286 τὸν
1372 3204 1465 3287 συν
1495 3235 1675 3300 αὐτοῖς

1851 3252 1937 3290 .tra
1982 3237 2265 3291 Dominum
2298 3234 2577 3305 appellari,
2623 3234 2718 3289 sed
2763 3248 2885 3287 eum
2932 3232 3023 3300 qui
3076 3246 3199 3285 cum
3246 3230 3359 3286 illis

115 3322 193 3373 καὶ
222 3322 348 3375 Θεὸν
386 3323 681 3393 λεγόμενον
713 3323 945 3391 ὀφθέντα
976 3325 1053 3395 τῷ
1096 3324 1364 3396 Ἀϐραάμ.

172 3414 271 3467 Καὶ
300 3416 617 3485 όΤρύφων·
668 3416 1045 3470 Ἀποδείκνυε·
1084 3418 1176 3471 καὶ
1223 3419 1351 3490 γὰρ,
1400 3418 1474 3482 ὡς
1519 3420 1672 3492 ὁρᾷς,

112 3506 218 3574 ἤτε
250 3507 433 3579 ἡμέρα
483 3512 801 3581 προκόπτει,
840 3511 935 3564 καὶ
983 3512 1145 3581 ἡμεῖς
1193 3511 1327 3582 πρὸς
1362 3512 1457 3574 τὰς
1502 3510 1676 3575 οὕτως

114 3598 465 3663 ἐπικινδύνους
510 3604 831 3673 ἀποκρίσεις
874 3602 975 3655 οὒκ
1010 3606 1177 3672 ἐσμεν
1209 3603 1447 3673 ἕτοιμοι·
1488 3604 1674 3676 ἐπειδὴ

111 3690 298 3754 οὐδενὸς
342 3692 602 3745 οὐδέποτε
663 3695 833 3747 ταῦτα
880 3694 1225 3765 ὲρευνῶντος,
1274 3695 1305 3765 ἢ
1357 3694 1674 3765 ζητοῦντος,

112 3779 136 3847 ἦ
168 3781 572 3847 ἀποδεικνύντος
605 3786 922 3856 ἀκηκόαμεν
973 3785 1080 3857 (64)
1103 3803 1115 3817 ο
1156 3787 1247 3841 καὶ
1282 3785 1375 3839 σοῦ
1424 3786 1673 3855 λέγοντος

169 3948 205 3975 ἰ
246 3945 381 4015 “an.
417 3962 536 4011 xu,
559 3948 652 4002 25.
730 3950 774 3981 ⁵³
814 3948 953 4003 Psal.
985 3965 1093 4015 Ctx,
1122 3949 1173 4005 Ι.
1264 3949 1309 3979 ⁶⁰
1339 3964 1395 4002 n.
1428 3948 1518 4004 55.

115 4150 123 4159 .
170 4080 270 4159 (fil)
300 4080 1033 4159 }\r_7_.‘1wjxatsJ_0_dwaw,
1049 4093 1163 4159 _ctc.
1183 4082 1336 4159 Nihil
1354 4084 1669 4138 mutandum

114 4152 155 4225 in
189 4152 265 4205 his
289 4153 471 4225 verbis
536 4155 657 4205 uius
680 4168 743 4206 ex
786 4153 1093 4225 'l'ryplmnis
1138 4155 1445 4215 comitibus,
1477 4170 1670 4222 quam-

115 4224 181 4273 vis
203 4223 357 4276 varia:
387 4226 549 4276 vasti.
597 4224 774 4276 rintiu
815 4223 914 4277 hoc
968 4226 1084 4276 loco
1143 4225 1478 4277 imumtaudo
1534 4242 1667 4277 con-

108 4292 329 4353 jectum.
367 4293 437 4347 Ut
480 4296 764 4347 sententiae
789 4295 958 4347 series
985 4298 1360 4363 perspiciatur,
1392 4296 1497 4347 duo
1548 4296 1667 4347 ani-

114 4365 473 4434 madvertenda
528 4374 671 4418 sunt.
706 4365 758 4416 1ο
785 4364 1007 4418 Fatetur
1030 4364 1344 4434 Trypltouis
1374 4380 1585 4421 comes.
1611 4366 1661 4418 id

112 4432 233 4496 quod
264 4432 513 4487 Justinus
582 4444 863 4504 tantopere
926 4432 1312 4495 contendebat,
1373 4436 1510 4488 duas
1544 4450 1664 4487 esse

111 4517 369 4567 personas.
402 4506 600 4572 quibus
628 4521 821 4557 nomen
853 4504 1059 4557 Domini
1090 4506 1323 4558 dandum
1358 4507 1448 4558 sit.
1476 4505 1533 4558 2°
1563 4506 1667 4557 Sed

113 4581 256 4645 totam
294 4589 405 4627 rem
432 4575 509 4645 sic
538 4575 951 4642 interpretatur,
991 4576 1143 4641 quasi
1201 4576 1539 4645 angelorum,
1574 4575 1664 4642 qui

112 4640 318 4717 Sodoma
340 4644 653 4717 petierunt,
676 4640 814 4697 alter
845 4640 1147 4714 appelletur
1187 4640 1449 4717 Dominus
1476 4640 1671 4717 pra-ter

114 4715 263 4778 ipsum
289 4715 524 4768 Abrahae
554 4725 910 4783 compertum
954 4717 1143 4769 Deum.
1198 4715 1309 4769 Duo
1337 4716 1547 4784 pariter
1576 4716 1672 4768 ob-

113 4788 349 4855 servanda
389 4784 652 4837 iuJustiui
686 4786 1067 4854 responsione;
1100 4787 1359 4839 laudatct
1382 4786 1673 4838 conﬁrmat

114 4853 173 4929 ιιι,
207 4858 342 4921 quod
380 4855 693 4926 Ttyplionis
750 4858 933 4929 socius
992 4859 1293 4929 concedere
1356 4856 1668 4917 videbatur,

113 4921 254 4992 ilium
298 4943 438 4988 esse,
458 4921 473 4926 ⁷
500 4921 697 4992 praeter
740 4927 1060 4979 Creatorem
1114 4928 1496 4979 universorum
1527 4966 1540 4985 ,
1570 4928 1664 4991 qui

110 4991 347 5064 Dominus
388 5013 415 5047 a
449 4991 732 5064 Scriptura
762 4998 1007 5062 dicatur;
1043 4998 1240 5051 deinde
1295 4997 1563 5064 promittit
1611 5011 1670 5049 se

110 5063 610 5136 demonstraturum,
674 5084 778 5136 ιιςιιι
818 5068 1045 5119 alterum
1083 5084 1147 5120 ex
1177 5063 1384 5120 duobus
1441 5066 1669 5134 angelis,

108 5134 439 5207 (llll_SUd0ttta
499 5134 804 5205 petierunt,
841 5153 870 5190 a
905 5137 1190 5207 Scriptura
1240 5137 1529 5207 Dutninuut
1586 5150 1673 5195 κ’οο

110 5204 228 5277 cari,
250 5207 340 5259 sed
375 5204 509 5260 eum
529 5209 619 5277 qtti
654 5223 775 5261 cum
806 5208 911 5261 illis
929 5204 1070 5270 erat,
1094 5209 1293 5277 quique
1325 5205 1467 5264 Deus
1507 5208 1676 5258 Abra-

109 5271 178 5347 Ιιειι
206 5278 343 5328 visus
369 5271 591 5334 dicitur.
627 5278 851 5332 Summa
886 5293 1018 5345 ergo
1059 5271 1433 5333 ιιι-ιθῐᾨιιιδιιιιι
1466 5285 1521 5331 ct
1553 5278 1674 5347 ejus

110 5344 520 5399 adversariorum:
547 5350 689 5402 dicua
718 5344 1029 5403 consensio.

171 5415 276 5480 (02)
330 5416 435 5470 Kal
468 5419 688 5485 Κύριον
747 5418 874 5472 ἕνα.
945 5418 1171 5474 Frustra
1231 5418 1669 5489 conjunctioncm

108 5498 395 5561 espuugunt
436 5489 779 5557 interpretes.
826 5490 1112 5559 Signiﬁcat
1137 5492 1279 5544 enim
1306 5507 1451 5553 (eum,
1476 5492 1673 5555 dequo

112 5554 186 5605 hic
211 5554 404 5628 agitur,
429 5574 533 5611 uou
566 5554 736 5612 solum
764 5554 1039 5628 ange'lum,
1070 5564 1162 5615 sed
1187 5563 1348 5613 ctiam
1383 5554 1671 5628 Dominum

110 5636 219 5707 voca
230 5628 289 5679 ri.
314 5626 519 5707 Legem}
528 5646 557 5681 ιι
568 5647 613 5707 ιιι
636 5638 786 5707 putat
799 5626 963 5707 S'ylhn
974 5632 1140 5707 rgius,
1153 5632 1348 5707 Τρίτον
1365 5627 1673 5707 κῌαὶιΚύριον

112 5698 340 5769 Ψνᾷμασε
377 5698 523 5769 παρὰ
557 5700 646 5753 τὸν
678 5700 771 5752 ἕνα
792 5742 807 5764 ,
841 5698 1027 5754 τοῦτον
1062 5704 1154 5755 καὶ
1184 5698 1316 5754 Θεὸν
1349 5700 1530 5761 αὐτόν,
1563 5698 1671 5753 etc.

116 5759 220 5843 )rl'
245 5768 342 5843 hoc
390 5759 557 5843 modo
598 5790 618 5843 7:
657 5773 766 5824 Καὶ
796 5759 1001 5843 ’Κύριον
1053 5772 1303 5843 ὠνόμασε
1329 5813 1341 5835 ,
1403 5759 1673 5843 παρὰτὸν

118 5842 225 5901 ἕνα,
262 5840 349 5901 καὶ
381 5840 527 5907 Θεὸν,
564 5842 653 5895 τὸν
696 5843 854 5896 αὑτὸν
886 5840 974 5903 τὸν
1009 5840 1257 5925 ὀφθέντα,
1285 5855 1386 5899 ctc.
1419 5840 1522 5896 Sed
1560 5842 1669 5903 haec

1775 3336 1917 3389 erat.
1942 3327 2142 3396 quique
2168 3327 2307 3379 Deus
2334 3328 2566 3381 Abrahae
2591 3325 2742 3381 visus
2771 3324 2994 3378 dicitur.

1852 3419 2008 3493 153
2046 3419 2181 3474 Tum
2207 3419 2425 3489 Trypho
2457 3436 2471 3472 :
2508 3421 2846 3479 Demonstra,
2892 3415 3097 3484 inquit;
3128 3429 3256 3467 nam
3289 3423 3347 3467 ut

1776 3513 1955 3577 vides,
1992 3512 2109 3567 dies
2140 3512 2408 3582 procedit,
2459 3526 2557 3565 nec
2598 3509 2664 3562 ad
2698 3506 3081 3577 responsiones
3115 3508 3186 3561 ita
3217 3507 3364 3575 peri-

1776 3605 1989 3660 culosas
2021 3605 2195 3675 parati
2228 3620 2455 3659 sumus:
2494 3612 2779 3674 propterea
2798 3604 2938 3672 quod
2960 3604 3232 3667 neminem
3263 3617 3365 3655 uu-

1776 3713 1937 3766 quam
1972 3697 2074 3751 ista
2109 3696 2555 3766 investigantem,
2603 3704 2697 3757 aut
2743 3703 3100 3763 quaerentem,
3137 3699 3228 3744 aut
3262 3690 3361 3745 (1ος

1774 3798 2163 3845 monstrantem
2211 3788 2550 3853 audivimus;
2589 3799 2766 3856 neque
2813 3794 2863 3840 te
2890 3786 3251 3851 disserentem
3280 3791 3364 3850 ιιι-ι

1597 3949 1638 3981 ⁶¹
1671 3948 1813 4004 PSul.
1852 3966 1995 4017 XLIV,
2023 3951 2075 4017 7,
2108 3950 2163 4007 8.

1776 4099 1805 4137 a
1844 4084 2109 4138 sententia
2146 4085 2305 4153 hujus
2341 4084 2441 4138 loci
2468 4083 2625 4154 longe
2655 4082 2935 4137 aberrant.

1848 4154 1985 4226 (62‘)
2012 4156 2207 4210 Omisit
2227 4170 2416 4226 errore
2442 4155 2710 4226 lllaranus.
2739 4155 2918 4226 01:10.

1848 4217 2373 4297 (63)'Tdr_llatépa
2410 4224 2530 4297 τὸν
2575 4224 2753 4297 ὅλων.
2803 4222 2960 4297 Legit
3010 4220 3363 4297 Grabiusaq

1772 4291 1912 4351 Iren.
1942 4291 2081 4364 pag.
2120 4295 2245 4357 208.
2273 4291 2381 4347 τῶν
2402 4295 2560 4347 ὅλων.
2622 4295 2728 4347 Sed
2766 4293 3033 4364 observat
3055 4291 3351 4364 ¥Tbirlbius

1771 4366 1872 4433 legi
1897 4360 1989 4418 τὸν
2020 4360 2157 4425 ὅλων
2194 4366 2331 4419 infra
2360 4384 2412 4420 ιι,
2443 4365 2534 4429 61,
2564 4376 2616 4417 et
2648 4363 2799 4431 Apol.
2834 4363 2886 4421 l.
2924 4378 2977 4414 ιι.
3018 4362 3104 4415 l3.
3135 4360 3363 4413 Fatetur:

1769 4432 1955 4489 tamen
1987 4437 2129 4491 banc
2151 4438 2613 4489 constructionem
2648 4435 2700 4486 in
2734 4433 2857 4485 aliis
2881 4432 3102 4485 casibus
3131 4448 3237 4484 non
3267 4446 3348 4484 re-

1774 4507 1936 4573 periri
1963 4509 2103 4574 apud
2151 4505 2447 4568 Justinum,
2491 4521 2554 4557 ac
2597 4507 2719 4557 inde
2747 4502 2933 4556 Grabii
2983 4501 3352 4567 conjecturam

1776 4578 2114 4630 conﬁrmari.

1847 4646 1960 4717 (64)
1995 4645 2253 4712 Οὐδενὸς
2267 4644 2623 4699 οὐδέποτε...
2647 4644 3006 4717 ἀκηκόαμεν.
3027 4640 3356 4717 Recens_So-

1775 4712 2045 4777 ciniauus.
2071 4718 2162 4786 qui
2209 4719 2311 4770 sibi
2353 4717 2650 4768 Artemnuii
2694 4730 2885 4768 nomen
2924 4713 3209 4786 imposuit2
3236 4712 3355 4786 haec

1776 4780 2537 4859 Tryphouis'verlraarripuit
2568 4791 2728 4859 (part.
2764 4800 2823 4846 ιι,
2860 4800 2909 4838 c.
2943 4784 3067 4859 18)._
3088 4792 3144 4835 ut
3183 4780 3353 4859 Justi-

1777 4852 1903 4912 ιιιιῖιὶ
1933 4859 2124 4926 probet
2165 4873 2195 4911 e
2234 4852 2475 4922 Platonis
2520 4854 2928 4926 sclmlanovam
2965 4864 3028 4926 et
3056 4852 3352 4926 inauditam

1774 4919 2085 5000 opinionem
2124 4929 2175 5000 in
2208 4919 2507 5000 Ecclesiatn
2538 4925 2841 5000 induxisse.
2875 4923 3185 5000 Quinetiam
3207 4919 3349 4995 quod

1775 4993 1853 5053 ait
1898 5014 2059 5066 supra
2114 4998 2361 5055 Justinus
2410 5004 2487 5066 (ιι.
2534 4995 2624 5063 53)
2676 4995 2979 5066 testimonia
3030 4993 3347 5066 Scripturag,

1774 5085 1895 5146 qua:
1921 5062 2389 5146 obji_c_e_re‘ludaeis
2419 5062 2712 5146 statttcritt,
2748 5064 3225 5146 novaillisvisnm
3263 5062 3349 5129 iri,

1776 5132 1903 5195 iitde
1937 5132 2140 5211 colligit
2158 5137 2505 5211 Artemonius
2526 5136 2795 5199 Justinum
2812 5136 2912 5211 sibi
2933 5132 3191 5211 novitatis
3207 5146 3349 5211 con-

1775 5213 1944 5266 scium
1986 5201 2176 5271 fuisse,
2216 5209 2441 5276 lntpiam
2494 5210 2633 5261 hanc
2674 5206 3042 5260 temeritatem
3090 5201 3341 5276 refellunt

1777 5296 1883 5336 non
1913 5282 2088 5335 solum
2113 5272 2408 5347 scriptores
2442 5277 2656 5337 Justino
2698 5276 3057 5347 antiquiores,
3094 5274 3187 5324 sed
3234 5272 3352 5336 ipse

1774 5352 1941 5417 etiam
1969 5344 2238 5415 Justinus,
2271 5352 2360 5417 qui
2389 5349 2655 5407 declarat,
2698 5362 2750 5417 ιι.
2778 5346 2868 5417 τιὸ,
2898 5344 3187 5397 maximam
3219 5355 3360 5417 pars

1776 5410 1885 5476 tem
1924 5410 2385 5482 Christianorum,
2411 5420 2459 5471 id
2489 5425 2572 5473 est
2611 5416 2910 5471 catholicos
2938 5429 3129 5465 omnes
3154 5410 3347 5482 etplu:

1778 5493 1945 5546 rimas
1970 5502 2149 5546 sectas
2194 5492 2259 5543 de
2283 5480 2486 5544 CbriSIi
2522 5488 2811 5541 divinitate.
2839 5483 3171 5538 consentite.
3206 5480 3349 5543 QIIO'.

1778 5564 1936 5616 tuodo
1961 5578 2089 5633 ergo
2143 5570 2312 5614 totum
2352 5562 2563 5633 orbem
2598 5568 2865 5633 terrarum
2918 5552 3166 5629 Justinus
3206 5550 3349 5601 intra

1776 5647 1979 5701 paucos
2011 5622 2184 5685 ιῖιιιιοε
2229 5648 2367 5686 nova
2394 5626 2937 5701 doetriuainibuere
2971 5622 3351 5701 potuissetpae

1779 5692 2087 5759 traditionis
2120 5704 2434 5770 apostolica:
2472 5699 2698 5767 vestigia
2730 5696 2784 5750 in
2819 5692 3073 5763 Ecclesiis
3106 5699 3161 5744 et
3187 5692 3238 5743 in
3272 5699 3349 5745 tut

1778 5775 1943 5830 scrtis
1971 5774 2188 5829 delere?
