3744 6454
39 349 116 400 605
979 346 1327 404 DIALOGUS
1361 348 1507 404 CUM
1543 347 1918 406 TBYPHONE
1949 347 2209 406 JUDEO.

3185 355 3294 409 δυσ

35 463 102 513 θεν
129 458 202 522 είς
221 457 450 530 Σηγώρ.
475 462 600 516 Καὶ
628 466 659 517 6
689 461 894 536 Κύριος
927 461 1144 535 ἔϐρεξεν
1177 464 1257 526 εἰς
1290 463 1495 534 Σόδομα
1511 482 1568 523 κο

1752 464 1931 535 tlphur
1953 472 2008 518 et
2047 464 2223 534 ignem
2248 478 2277 515 a
2319 461 2551 518 Domino
2581 463 2649 520 de
2679 464 2822 521 cutio
2859 481 2874 518 :
2902 476 2959 519 ct
2988 468 3189 522 evertit
3217 470 3296 522 ari—

31 553 250 624 Γόμορῤα
283 551 438 606 θεῖον
471 556 581 608 καὶ
631 557 748 628 πῦρ
784 555 926 626 παρὰ
958 554 1160 626 Κυρίου
1212 556 1278 609 ἐκ
1324 555 1415 608 τοῦ
1450 555 1607 627 οὐρα-

25 640 132 696 νοῦ·
162 641 252 694 καὶ
287 641 658 714 κατέστρεψε
695 645 794 708 τὰς
827 645 1006 706 πόλεις
1037 644 1255 710 ταύτας,
1300 645 1394 698 καὶ
1428 647 1606 698 πᾶσαν

23 734 104 804 τὴν
132 733 431 805 πρίοικον.
462 757 482 787 ι
529 738 650 790 Καὶ
701 738 861 792 πάλιν
905 737 1250 808 παυσάμενος
1297 739 1600 809 ἐπέφερον·

23 827 114 880 Καὶ
142 826 232 879 νῦν
263 827 327 880 οὑ
378 829 720 901 νενοήκατε,
759 831 920 899 φίλοι,
954 830 1035 882 ὅτι
1066 831 1095 881 6
1126 824 1207 893 εἷς
1251 829 1359 883 τῶν
1391 829 1553 900 τριῶν
1575 833 1604 884 ὁ

19 919 98 972 καὶ
123 917 250 981 Θεὸς
280 920 380 971 καὶ
417 919 646 992 Κύριος
680 920 757 991 τῷ
791 923 846 974 ἐν
878 923 987 984 τοῖς
1018 921 1262 993 οὐρανοῖς
1294 921 1598 994 ὑπηρετῶν,

21 1009 180 1080 κύριος
235 1009 349 1063 τῶν
384 1011 492 1066 δύο
544 1013 836 1082 ἀγγέλων;
891 1013 1292 1085 προσελθόντων
1337 1012 1446 1084 (66)
1493 1013 1602 1087 γὰρ

16 1102 167 1156 αὐτῶν
196 1103 278 1166 είς
305 1102 562 1174 Σόδομα,
597 1105 769 1170 αὑτὸς
795 1105 1131 1175 ὑπολειφθεὶς
1161 1104 1492 1176 προσωμίλει
1525 1104 1601 1176 τῷ

27 1191 251 1263 Ἀϐραὰμ
296 1195 368 1246 τὰ
414 1194 909 1266 ἀναγεγραμμένα
955 1194 1058 1247 ὑπὸ
1091 1193 1367 1257 Μωσέωςο
1417 1187 1476 1247 οῦ
1507 1195 1601 1247 κα)⁵

13 1285 151 1339 αὑτοῦ
173 1285 528 1351 ἀπελθόντος
568 1288 715 1358 μετὰ
737 1288 834 1352 τὰς
863 1286 1146 1356 όμιλίας,ό
1192 1286 1437 1358 Ἀϐραὰμ
1466 1285 1600 1339 ὑπέ-

13 1378 213 1449 ςτρεψεν
239 1379 323 1441 είς
347 1379 448 1432 τὸν
484 1379 666 1435 τόπον
693 1378 880 1434 αὑτοῦ.
906 1372 979 1432 Οὑ
1003 1378 1264 1442 ἐλθόντος,
1299 1378 1480 1432 οὑκέτι
1507 1377 1599 1433 δύο

10 1469 202 1537 ἄγγελοι
239 1468 518 1540 ὁμιλοῦσι
581 1470 667 1541 τῷ
709 1470 852 1534 Λὼτ,
901 1470 1015 1524 ἀλλ’
1057 1471 1236 1533 αὑτὸς,
1272 1471 1346 1534 ὡς
1377 1472 1404 1522 6
1441 1470 1598 1538 λόγος

9 1559 148 1629 δηλοῖ,
177 1560 272 1612 καὶ
311 1559 545 1632 Κύριός
587 1563 731 1626 ἐστι,
769 1562 918 1634 παρὰ
952 1561 1159 1633 Κυρίου
1187 1562 1277 1615 τοῦ
1318 1564 1374 1615 ἐν
1401 1560 1477 1632 τῷ
1509 1562 1598 1615 οὑ-

13 1651 146 1723 ρινῷ,
163 1651 422 1707 τουτέστι
448 1655 554 1708 τοῦ
577 1656 808 1726 ποιητοῦ
835 1655 938 1708 τῶν
960 1656 1120 1720 ὅλων,
1137 1654 1315 1709 λαϐὼν
1342 1655 1402 1708 τὸ
1427 1654 1596 1708 ταῦτα

1711 554 1901 608 vitales
1928 553 2042 618 has,
2066 561 2122 608 et
2159 568 2374 607 omnem
2431 555 2670 610 vicinam
2729 556 2782 611 in
2827 557 3062 611 circuitu
3114 561 3294 628 regin-

1708 660 1829 699 nem
1853 645 1919 698 ⁸⁷.
1949 663 1970 698 ι
2003 643 2128 699 Hmc
2159 645 2247 699 ubi
2291 646 2456 709 desii,
2504 663 2695 702 rursus
2721 649 2898 717 adjeci
2925 668 2938 704 :
2967 650 3126 707 Anne
3147 667 3292 705 nunc

1705 737 1945 807 quidem,
1969 737 2152 803 amici,
2203 738 2564 794 intellexistis
2601 756 2765 795 unum
2795 757 2863 795 ex
2898 743 3094 808 tribus,
3122 745 3292 813 quiet

1706 829 1848 884 Deus
1871 839 1923 884 et
1945 828 2206 886 Dominus
2222 839 2328 895 est,
2354 833 2427 896 ei,
2451 832 2545 900 qui
2573 832 2625 886 in
2648 833 2788 888 caelo
2810 841 2914 898 est,
2941 818 3286 899 minis'trans,

1702 922 1931 977 duorum
1958 922 2272 993 angelorum
2289 937 2412 978 esse
2439 923 2764 977 dominum?
2792 925 2886 978 llis
2915 925 3063 979 enim
3109 925 3286 980 Sodo-

1702 1028 1846 1067 mam
1871 1013 2154 1083 profectis,
2182 1014 2404 1069 relictus
2432 1015 2548 1085 ipse
2587 1030 2710 1070 cum
2741 1015 3061 1071 Ahrahamo
3089 1032 3150 1070 ea
3199 1016 3281 1070 lo-

1701 1104 1906 1174 quitur,
1942 1120 2062 1175 qute
2097 1121 2128 1160 a
2169 1105 2354 1179 Moyse
2406 1117 2728 1162 narrantur.
2767 1107 2870 1174 Qui
2908 1123 3031 1162 cum
3068 1117 3126 1164 et
3161 1108 3279 1176 ipse

1701 1194 2042 1252 discessisset
2075 1206 2194 1267 post
2220 1197 2572 1266 colloquium,
2607 1213 2858 1255 reversus
2886 1208 2972 1255 est
2996 1201 3274 1257 Abraham

1701 1289 1766 1342 ad
1802 1288 1976 1345 locum
2001 1304 2180 1344 suum.
2213 1289 2261 1344 ls
2289 1297 2468 1342 autem
2511 1289 2600 1342 tibi
2635 1290 2872 1355 advenit,
2899 1307 3002 1345 non
3027 1291 3140 1360 jam
3167 1291 3276 1346 duo

1698 1379 1902 1447 angeli,
1935 1380 2028 1435 sed
2075 1379 2190 1448 ipse
2241 1395 2363 1434 cum
2406 1380 2524 1444 Lot,
2576 1390 2634 1433 ut
2680 1380 2923 1435 declarat
2958 1381 3268 1450 Scriptura,

1698 1471 2045 1542 colloquitur,
2076 1489 2140 1528 ac
2167 1474 2428 1528 Dominus
2468 1479 2570 1534 est,
2595 1472 2664 1526 ab
2710 1488 2777 1528 eo
2805 1474 2897 1543 qui
2929 1475 2980 1529 in
3008 1473 3165 1529 caelis
3185 1485 3273 1533 est

1700 1567 1948 1630 Domino,
1977 1567 2027 1619 id
2064 1578 2173 1632 est,
2211 1582 2239 1621 a
2267 1567 2530 1622 Creatore
2563 1567 2940 1621 universorum
2973 1566 3270 1636 accipiens,

1697 1669 1755 1713 ut
1791 1660 1905 1714 ltzec
1963 1658 2168 1728 inﬂigat
2216 1657 2470 1714 Sodomis
2497 1668 2552 1715 et
2580 1658 2923 1723 Gomorrbis,
2967 1673 3088 1728 quae
3119 1658 3272 1714 Scri-

9 1746 304 1812 ἁπενεγκεῖν
360 1745 648 1815 Σοδόμοις
692 1748 788 1800 καὶ
821 1749 1141 1820 Γομόρροις,
1185 1748 1329 1818 ειπερ
1369 1749 1398 1798 ὁ
1437 1747 1568 1816 λόγοη

1757 1766 1854 1804 ura
1877 1760 2163 1806 enumerat
2194 1751 2278 1806 his
2310 1751 2494 1807 verbis
2527 1765 2544 1805 :
2579 1769 2598 1801 ι
2634 1752 2895 1805 Dominus
2931 1749 3069 1820 pluit
3100 1764 3269 1820 super

11 1833 344 1907 καταριθμεῖ,
395 1837 591 1902 οὕτως
661 1839 864 1892 εἰπών’
899 1817 927 1892 ί(
973 1817 1175 1913 Κύριος
1239 1817 1456 1912 ἔϐρεξεν
1502 1843 1568 1892 ἐπ

1752 1843 1986 1898 ιάοιιιιιιη
2017 1853 2073 1898 ει
2117 1842 2481 1899 Gomorrham
2532 1829 2770 1915 sulphur
2792 1853 2849 1898 et
2884 1844 3064 1914 ignem
3093 1859 3124 1898 a
3159 1843 3268 1900 Do-

10 1928 178 1997 E/xbpa
201 1930 297 1982 καὶ
325 1931 614 2002 Γόμοῤῥα
654 1930 798 1986 θεῖον
825 1933 918 1986 καὶ
959 1933 1070 2005 πῦρ
1102 1934 1253 2006 παρὰ
1291 1933 1498 2005 Κυρίου
1527 1935 1589 1986 ἐκ

11 2020 76 2072 πῦ
98 2020 151 2074 οὑ
161 2020 350 2091 ρανοῦ.
382 2041 403 2072 ι

57 2110 132 2164 57.
163 2112 272 2164 Καὶ
307 2115 340 2165 6
392 2112 677 2184 Τρύφων,
717 2116 1040 2187 σιγήσαντός
1081 2133 1207 2186 μου,
1249 2111 1402 2170 εἶπεν
1424 2133 1437 2147 ⁸
1472 2116 1591 2169 Ὅτι

11 2201 87 2270 μὲν
114 2205 143 2272 ἡ
177 2202 380 2274 Γραφὴ
424 2203 601 2258 τοῦτο
634 2205 935 2273 ἀναγκάζει
970 2205 1252 2276 ὁμολογεῖν
1280 2208 1448 2278 ἡμᾶς,
1475 2205 1593 2274 φαί-

9 2307 151 2343 νεταιο
183 2293 266 2345 ὅτι
291 2293 354 2345 δὲ
381 2294 685 2366 ἀπορῆσαι
703 2295 852 2360 ἄξιόν
872 2298 987 2348 ἐστι
1013 2296 1244 2366 περὶτοῦ
1271 2297 1586 2368 λεγομένου,

7 2380 67 2431 ὅτι
93 2381 252 2452 ἔφαγε
281 2385 358 2438 τὰ
382 2385 502 2438 ὑπὸ
523 2385 628 2439 τοῦ
679 2386 928 2459 Ἀϐραὰμ
960 2388 1468 2443 κατασκευασθέντα
1495 2390 1588 2443 καὶ

9 2476 374 2544 παρατεθέντα,
414 2479 524 2532 καὶ
550 2480 625 2532 σὺ
660 2478 729 2532 ἂν
762 2479 1171 2552 ὁμολογήσειας.

59 2655 207 2726 Κάγὼ
243 2659 707 2730 ἀπεκρινάμην·
748 2660 867 2714 Ὅτι
909 2660 1004 2731 μὲν
1035 2660 1343 2733 βεϐρώκασι
1378 2664 1568 2735 γέγρα-

9 2765 134 2800 erant
164 2751 210 2802 εί
242 2751 304 2807 δὲ
339 2751 482 2817 τοὺς
509 2753 669 2824 τρεῖς
686 2751 1019 2824 ἀκούσαιμεν
1043 2752 1293 2824 λελέχθαι
1311 2754 1586 2826 βεϐρωκέ-

7 2859 90 2904 ut,
118 2843 207 2898 καὶ
240 2844 319 2916 μὴ
346 2845 494 2908 τοὺς
519 2843 623 2898 δύο
651 2844 866 2915 μόνους,
904 2845 1096 2909 οἵτινες
1126 2845 1345 2915 ἄγγελοι
1377 2846 1454 2918 τῷ
1472 2847 1586 2900 ὄντι

10 2925 139 3000 ἦσαν,
177 2936 273 2987 καὶ
314 2937 376 2988 ἐν
402 2937 532 2999 τοῖς
580 2934 859 3006 οὐρανοῖς,
918 2935 993 3001 ὼς
1034 2935 1191 3006 δῆλόν
1232 2938 1379 2990 ἐστιν
1415 2939 1581 3010 ἡμῖν,

7 3026 319 3098 τρεφόμενοι,
354 3027 474 3081 κᾶν
499 3028 583 3099 μὴ
606 3026 805 3098 ὁμοίαν
829 3026 1032 3098 τροφὴν
1059 3021 1201 3102 ᾗπερ
1230 3031 1280 3083 οἱ
1308 3028 1583 3101 ἄνθρωποι

6 3118 247 3188 χρώμεθα,
265 3121 593 3193 τρέφονται
614 3136 627 3150 ο
664 3120 794 3189 περὶ
817 3120 925 3192 γὰρ
940 3120 1038 3190 τῆς
1069 3122 1271 3194 τροφῆς
1294 3122 1386 3177 τοῦ
1408 3123 1582 3193 μάννα

1696 1938 1844 1990 mino
1877 1936 1946 1990 de
1962 1935 2122 1991 cmlo.
2151 1952 2171 1986 ι

1765 2089 1853 2143 ὕῖ.
1885 2084 2076 2157 Objicit
2099 2089 2323 2141 Judwus
2348 2104 2443 2141 rur
2478 2089 2766 2142 comedisse
2803 2089 3020 2144 dicatur
3049 2093 3097 2144 si
3123 2089 3263 2145 Deus

1691 2193 1787 2236 est.
1815 2181 2099 2248 Responsio
2121 2180 2350 2235 Justini.
2384 2211 2453 2219 —
2482 2181 2582 2236 llic
2619 2181 2856 2252 Trypho,
2890 2192 3102 2239 tacente
3131 2199 3215 2238 me
3242 2202 3258 2238 :

1688 2277 1862 2344 Atque
1888 2274 1940 2328 id
1957 2274 2174 2343 quidem
2198 2283 2258 2328 ut
2283 2273 2567 2335 fateamur,
2586 2275 2785 2343 inquit,
2803 2290 2832 2327 a
2859 2273 3138 2344 Scriptura
3166 2291 3265 2330 nos

1693 2367 1806 2437 cogi
1841 2365 2188 2420 manifestqu
2205 2374 2318 2431 est;
2348 2367 2443 2420 sed
2470 2364 2614 2435 quod
2640 2375 2824 2435 parata
2856 2367 2926 2422 ab
2951 2367 3262 2422 Abrahamo

1690 2471 1744 2514 et
1772 2460 2020 2530 apposita
2066 2459 2372 2515 comedisse
2415 2459 2640 2525 dicitur,
2682 2458 2732 2512 id
2767 2459 2988 2528 dignum
3028 2473 3148 2515 esse
3195 2461 3262 2514 de

1689 2569 1794 2621 quo
1827 2553 2152 2622 ambigatur,
2185 2565 2252 2605 ne
2279 2552 2395 2620 ipse
2416 2551 2639 2620 quidem
2678 2553 2984 2622 negaveris.

1761 2647 1896 2700 Tum
1927 2661 2029 2717 ego
2059 2662 2074 2700 :
2109 2645 2384 2713 Scriptum
2419 2647 2470 2700 id
2495 2647 2716 2714 quidem
2745 2655 2850 2711 est,
2892 2646 3136 2712 inquam,
3163 2657 3260 2699 eos

1687 2741 2012 2794 comedisse.
2036 2738 2192 2805 Quod
2209 2738 2425 2808 quidem
2459 2739 2504 2792 si
2538 2739 2606 2793 de
2643 2737 2818 2792 tribus
2853 2738 3060 2792 dictum
3086 2738 3254 2791 inter—

1687 2841 1987 2900 pretemur,
2018 2844 2082 2885 ac
2107 2845 2216 2884 non
2250 2830 2318 2885 de
2364 2828 2472 2883 illis
2515 2829 2688 2884 solum
2740 2828 2975 2891 duobus,
3006 2827 3097 2896 qui
3132 2841 3258 2880 vere
3325 2855 3338 2864 -

1686 2923 1857 2994 angeli
1896 2932 2074 2988 erant,
2114 2935 2170 2977 et
2200 2924 2254 2976 in
2284 2921 2446 2986 cmlo,
2473 2931 2533 2975 ut
2583 2920 2740 2976 nobis
2775 2921 2966 2986 liquet,
3001 2918 3256 2972 nutriun-

1687 3029 1794 3080 tur,
1821 3016 2071 3085 quamvis
2106 3032 2212 3070 non
2249 3017 2466 3079 eadem,
2501 3029 2565 3068 ac
2599 3028 2697 3067 nos
2729 3013 2998 3074 homines,
3032 3019 3255 3064 utantur

1688 3107 1945 3162 alimonia
1971 3108 2120 3178 (nam
2142 3109 2210 3163 de
2227 3107 2318 3162 illo
2353 3105 2736 3172 manum-cibo,
2757 3120 2866 3174 quo
2890 3112 3072 3174 patres
3089 3102 3256 3156 vestri

7 3211 54 3279 ἦν
71 3213 372 3285 ἐτράφησαν
395 3216 450 3267 οἱ
486 3211 738 3285 πατέρες
758 3211 910 3282 ὑμῶν
936 3215 992 3266 ἐν
1005 3216 1068 3284 τῇ
1091 3215 1302 3286 ἐρήμῳ,
1328 3217 1361 3285 ἠ
1396 3216 1568 3288 Γραφὶ

1771 3203 1988 3256 deserto
2030 3202 2306 3264 vixerunt,
2344 3200 2636 3269 Scriptura
2669 3197 2748 3252 sic
2770 3195 3032 3267 loquitur,
3070 3206 3128 3250 ut
3163 3209 3258 3250 eos

7 3303 115 3358 οὕτω
147 3307 319 3375 λέγει,
370 3308 468 3360 ὅτι
516 3305 693 3377 ἄρτον
734 3303 982 3373 ἀγγέλων
1016 3306 1248 3376 ἔφαγον
1284 3309 1488 3380 εἴποιμ’
1518 3308 1582 3363 ἂν

8 3397 66 3449 ὅτι
91 3398 116 3448 ό
141 3397 297 3468 λόγος
324 3399 356 3451 ό
380 3398 578 3467 λέγων
611 3397 969 3470 βεϐρωκέναι,
1003 3397 1170 3463 οὓτως
1213 3400 1280 3453 ἂν
1313 3400 1483 3469 λέγοι,
1507 3399 1583 3462 ὡς

8 3487 56 3542 ἂν
81 3491 161 3543 καὶ
193 3491 354 3544 αὐτοὶ
405 3492 680 3562 εἴποιμεν
728 3491 822 3543 ἐπὶ
863 3491 1054 3561 πυρὸς,
1087 3493 1168 3545 ὅτι
1215 3493 1390 3546 πάντα
1422 3493 1582 3546 κατέ-

9 3598 169 3650 φαγεν-
196 3582 340 3638 ἀλλὰ
365 3583 452 3655 μὴ
482 3583 712 3646 πάντως
749 3581 904 3636 τοῦτο
951 3579 1249 3646 ἐξακούειν,
1288 3586 1368 3638 ὅτι
1401 3585 1579 3639 ὀδοῦσι

10 3675 78 3726 καὶ
103 3675 317 3742 γνάθοις
362 3673 705 3746 μασώμενοι
749 3675 1103 3750 βεϐρώκασιν.
1142 3679 1300 3731 Ὥστε
1339 3679 1458 3734 οὐδὲ
1493 3680 1579 3731 ὲν-

9 3765 143 3820 τιῦθα
163 3769 576 3841 ἀπορήσαιμεν
609 3765 679 3820 ἂν
709 3768 838 3839 περὶ
874 3769 1106 3834 οὐδενὸς,
1137 3772 1186 3824 εἰ
1218 3771 1577 3844 τροπολογιας

7 3860 218 3932 ἔμπειροι
252 3862 366 3917 κᾶν
404 3861 616 3932 μικρὸν
649 3861 1031 3934 ὑπερέχωμεν.

57 3953 149 4006 Καὶ
165 3956 193 4006 6
218 3953 475 4026 Τρύφων
497 3970 510 3983 ·
542 3954 780 4006 Δυνατὸν
821 3955 915 4007 καὶ
937 3955 1107 4008 ταῦτα
1146 3955 1288 4010 οὕτω
1311 3955 1578 4026 θεραπευ-

7 4041 128 4110 θῆναι
148 4046 272 4117 mp}.
295 4047 520 4119 τρόπου
555 4042 836 4116 βρώσεως,
862 4047 992 4117 παρ’
1020 4045 1078 4099 ὂν
1103 4045 1485 4110 ἀναλώσαντας
1510 4045 1576 4099 τὰ

7 4137 510 4205 παρασκευασθέντα
539 4136 648 4190 ὑπὸ
688 4135 779 4190 τοῦ
825 4136 1090 4210 Ἀϐραὰμ,
1125 4139 1466 4211 βεϐρωκέναι
1492 4157 1576 4208 γε·

6 4231 283 4300 γριμμένον
330 4232 529 4285 ἐστίν’
577 4230 720 4284 ὥστε
757 4231 918 4302 ἔρχου
961 4232 1061 4302 ἤδη
1104 4233 1402 4288 ἀποδώσων
1441 4237 1575 4305 ἡμῖν

7 4315 70 4364 σὺν
90 4315 252 4385 λόγον,
284 4319 411 4383 πῶς
444 4314 610 4383 οὗτος
635 4319 756 4390 ὁτῷ
793 4319 1042 4392 Ἀϐραὰμ
1067 4322 1260 4392 ὀφθεὶς
1290 4324 1442 4388 Θεὸς,
1479 4325 1573 4377 καὶ

9 4402 243 4481 ὗπηρέτης
277 4410 358 4463 ὢν
405 4409 506 4463 τοῦ
554 4410 782 4480 ποιητοῦ
826 4411 933 4464 τῶν
977 4412 1113 4466 ὅλων
1152 4414 1312 4480 Θεοῦ,
1343 4415 1432 4469 διὰ
1475 4416 1573 4488 τῆς

7 4496 241 4566 Παρθένου
277 4499 605 4572 γεννηθεὶς,
653 4500 937 4574 ἄνθρωπος
989 4506 1322 4579 ὁμοιοπαθὴς
1367 4510 1568 4570 πᾶσιν,

4 4589 60 4652 ὡς
83 4592 336 4664 προέφης,
369 4593 637 4663 γέγονεν.

61 4683 230 4751 Κάγὼ,
256 4684 581 4756 Συγχώρει,
603 4679 650 4737 ὦ
675 4684 929 4756 Τρύφων,
955 4686 1240 4761 πρότερον,
1275 4685 1447 4754 εἷπον,
1472 4691 1566 4744 καὶ

20 4776 136 4842 illa;
164 4782 312 4846 τινὰς
337 4780 658 4848 ἀποδείξεις
703 4779 780 4851 τῷ
816 4783 1094 4856 κεφαλαίῳ
1124 4785 1300 4856 τούτῳ
1331 4803 1566 4854 συναγα-

25 4869 96 4916 ἐἰν
121 4867 203 4923 διὰ
230 4871 472 4934 πολλῶν,
511 4871 602 4927 ἵνα
635 4870 727 4924 καὶ
755 4871 909 4942 ὑμεῖς
940 4875 1294 4945 πεπεισμένοι
1317 4876 1410 4928 καὶ
1435 4876 1563 4946 περὶ

8 4961 158 5013 arma
189 4958 310 5034 ἦτε,
333 4964 438 5018 καὶ
478 4962 623 5034 μετὰ
663 4962 820 5016 τοῦτο
856 4963 914 5019 ὃν
952 4966 1206 5030 ἀπαιτεῖς
1241 4966 1399 5036 λόγον
1427 4969 1562 5024 ἁπο-

4 5047 146 5108 tiam.

59 5142 322 5211 Κάκεῖνος·
342 5148 445 5211 ’Ὡς
478 5164 564 5200 σοι
597 5145 762 5210 δοκεῖ,
779 5146 902 5219 ἔφη,
919 5150 1122 5222 πρᾶττε
1142 5169 1156 5182 ο
1185 5153 1279 5206 κα)⁸
1306 5153 1431 5224 ἐμοὶ
1457 5154 1560 5226 γὰρ

8 5233 118 5286 πάνυ
149 5237 384 5308 ποθητὺν
414 5238 659 5309 πρᾶγμα
691 5239 941 5310 πράξεις.

63 5323 138 5381 58.
168 5329 338 5398 Κάγὼ
364 5326 526 5385 εἷπον
546 5348 561 5362 ο
595 5330 818 5403 Γραφας
858 5333 986 5404 ὑμῖν
1021 5335 1323 5406 ἀνιστορεῖν
1364 5334 1563 5406 μέλλω,

21 5414 52 5463 αὖ
73 5421 397 5492 κατασκευὴν
444 5420 628 5489 λόγων
668 5423 726 5474 ὲν
760 5423 895 5494 μόνῃ
944 5423 1106 5498 τέχνῃ
1158 5424 1564 5479 ἐπιδείκνυσθαι

8 5505 188 5561 σπεύδω
211 5527 224 5536 ”
254 5513 373 5566 οὑδὲ
413 5513 530 5584 γὰρ
567 5511 796 5585 δύναμις
841 5515 964 5586 ἐμοὶ
1009 5517 1232 5590 τοιαύτη
1269 5517 1352 5582 τίς
1391 5520 1561 5584 ἐστιν,

93 5684 282 5744 "Gen.
319 5707 406 5744 ιιι
433 5730 449 5756 ,
494 5690 679 5745 lii-25.

1684 3313 1876 3366 panem
1905 3297 2215 3368 angelorum
2235 3299 2592 3351 manducasse
2612 3296 2802 3364 dicat),
2831 3293 3085 3358 equidem
3111 3291 3258 3346 exis~

1687 3387 2015 3457 timaverim,
2065 3390 2210 3460 quod
2249 3388 2536 3457 Scriptura
2572 3403 2667 3443 eos
2704 3387 3069 3441 manducasse
3101 3386 3257 3450 dicit.

1685 3480 1824 3536 idem
1851 3461 2036 3536 valere
2064 3496 2128 3535 ac
2157 3480 2202 3535 si
2235 3482 2301 3535 de
2323 3481 2446 3550 igne
2485 3480 2754 3544 dicamus,
2787 3481 2973 3533 omnia
3011 3493 3137 3532 eum
3160 3478 3256 3532 de-

1683 3586 1940 3638 vorasse;
1965 3573 2193 3627 minime
2226 3587 2356 3627 vero
2390 3573 2462 3625 ita
2497 3587 2619 3626 esse
2646 3570 3050 3640 accipiendum,
3086 3579 3258 3623 uteos

1681 3665 1939 3719 dentibus
1972 3673 2028 3718 et
2072 3664 2310 3718 maxillis
2371 3663 2700 3718 mandentcs
2761 3662 2943 3717 edisse
2986 3662 3252 3749 dicamus.

1680 3757 1858 3823 Quare
1893 3771 1960 3811 ne
1977 3757 2066 3811 hic
2098 3756 2318 3826 quidem
2353 3757 2457 3810 ulla
2485 3756 2552 3810 de
2589 3773 2648 3812 re
2682 3753 3031 3821 literebitttus,
3067 3754 3113 3809 si
3143 3765 3255 3808 tro—

1679 3851 1906 3921 pologize
1933 3850 2015 3905 vel
2029 3850 2202 3906 levem
2239 3863 2394 3904 usum
2421 3848 2744 3903 habeamus.

1751 3942 1819 3996 Et
1852 3942 2069 4013 Trypho
2112 3939 2286 3996 :Haec
2331 3940 2548 4010 quidem
2593 3941 2674 3994 sic
2721 3938 2876 3994 leniri
2921 3945 2976 3994 et
3011 3935 3280 4008 expediri

1679 4043 1927 4104 possunt,
1971 4033 2014 4088 si
2067 4033 2431 4103 distinguatur
2477 4031 2671 4086 edendi
2710 4032 2940 4096 modus,
2981 4040 3254 4100 quatenus

1678 4127 2017 4196 consumptis
2060 4141 2181 4194 quae
2231 4126 2298 4179 ab
2330 4123 2647 4179 Abrahamo
2669 4131 2971 4192 praeparata
3011 4121 3248 4184 fuerant,

1676 4234 1769 4274 eos
1805 4220 1987 4274 edisse
2011 4221 2275 4290 scriptum
2313 4228 2419 4272 est.
2441 4218 2624 4285 Quare
2642 4217 2751 4286 jam
2778 4217 3072 4287 aggredere
3099 4215 3163 4267 ad
3193 4214 3250 4268 id

1677 4312 1833 4366 nobis
1858 4310 2259 4379 explicandum,
2283 4309 2553 4378 quomodo
2580 4307 2719 4360 Deus
2750 4305 2859 4368 ille,
2889 4303 2979 4373 qui
3015 4302 3249 4355 Abrahu:

1675 4405 1944 4476 apparuit,
1990 4411 2045 4457 et
2096 4403 2357 4456 creatoris
2401 4402 2780 4454 universorum
2847 4398 2936 4451 Dei
2999 4397 3246 4450 minister

1675 4509 1778 4568 est,
1799 4513 1867 4551 ex
1890 4494 2112 4566 Virgine
2138 4495 2374 4565 genitus,
2406 4494 2566 4547 homo
2619 4490 2816 4546 similia
2851 4489 3102 4546 omnibus
3125 4505 3247 4559 per-

1601 4559 1646 4615 D
1676 4593 1878 4658 ferens,
1903 4601 1960 4644 ut
1984 4589 2095 4657 jam
2132 4589 2341 4654 dixisti,
2370 4587 2553 4642 factus
2577 4587 2665 4639 sit.

1747 4689 1816 4740 At.
1846 4699 1980 4755 ego:
2008 4683 2170 4738 Prius
2215 4697 2312 4751 per
2352 4691 2403 4733 te
2466 4679 2596 4732 mihi
2629 4679 2815 4744 liceat,
2860 4676 3107 4747 Trypho,
3140 4676 3246 4730 alia

1674 4779 1923 4850 (ptatdam
1960 4784 2280 4850 argumenta
2317 4774 2384 4829 ad
2429 4774 2532 4828 hoc
2561 4782 2723 4840 eaput
2757 4771 3004 4840 pluribus
3029 4771 3247 4822 demun-

1673 4873 1958 4927 strandum
1989 4869 2274 4940 colligere,
2311 4875 2440 4921 utet
2460 4866 2613 4920 vobis
2647 4865 2698 4918 id
2748 4877 2964 4932 quoque
2993 4855 3246 4932 explora-

1674 4974 1787 5020 tutn
1825 4964 1896 5019 sit
1921 4981 1936 5033 ;
1965 4979 2028 5020 ac
2046 4975 2230 5033 postea
2261 4961 2488 5032 petitqu
2517 4973 2546 5011 a
2579 4968 2631 5012 te
2663 4971 2969 5017 sermonem
3001 4956 3244 5016 reddam.

1747 5148 1884 5203 Tum
1919 5147 2197 5211 illezFac,
2225 5145 2421 5215 inquit,
2458 5154 2516 5198 ut
2541 5144 2636 5198 tibi
2665 5143 2908 5211 videtur;
2939 5143 3071 5198 mihi
3099 5143 3242 5206 cuitu

1675 5256 1787 5294 rem
1819 5249 2060 5309 optatam
2085 5240 2274 5294 facies.

1742 5330 1833 5388 58.
1870 5330 2021 5384 Idem
2059 5331 2312 5400 probatur
2334 5344 2398 5382 ea:
2425 5327 2707 5382 visionibus
2735 5327 2901 5380 Jacob
2950 5325 3242 5379 oblatis.—

1677 5426 1741 5480 Ει
1772 5440 1875 5494 ego
1908 5425 2018 5480 dixi
2055 5442 2069 5479 :
2106 5422 2417 5492 Scripturas
2451 5422 2601 5478 vobis
2642 5420 2899 5487 referam,
2937 5435 3036 5474 nec
3071 5432 3240 5488 appa-

1673 5528 1854 5571 ratum
1887 5517 2182 5573 verborum
2234 5515 2302 5570 ad
2349 5515 2518 5570 solum
2557 5525 2728 5570 artem
2773 5522 3045 5569 ostentare
3083 5512 3236 5577 vola;

66 5839 163 5925 (σὺ)
187 5847 670 5933 Προσελθόττωγ.
700 5847 1016 5939 δξιὺιιτβίιιε
1044 5849 1328 5939 legendum
1373 5855 1528 5936 putat

1752 5848 2042 5906 τελθόντων.
2083 5849 2362 5913 Tltirlbius
2397 5848 2778 5938 προελθόντων.
