3744 6494
484 371 590 425 607

1400 374 1457 431 S.
1498 374 1764 431 JUSTINI
1801 376 2212 435 PHILOSOPHI
2246 381 2333 437 ET
2368 381 2724 440 MARTYRIS

3629 384 3718 439 6θὲ

488 504 663 559 neque
684 490 828 545 enim
856 492 987 547 mihi
1026 499 1109 547 est
1134 490 1395 560 ejusmodi
1422 491 1677 558 facultas,
1709 494 1800 549 sed
1840 502 2049 549 tantum

2199 498 2286 551 λλά
2321 502 2478 569 χάρις
2507 498 2657 571 παρά
2688 494 2823 549 Θεοῦ
2854 495 2993 565 μόνη
3009 488 3169 558 είςτὸ
3203 495 3449 549 συνιέναι
3477 495 3573 559 τάς
3602 494 3718 566 Γρα·

488 582 664 650 grati-2
698 582 830 637 mihi
880 598 908 635 a
953 583 1060 637 Deo
1085 597 1368 648 concessa,
1413 592 1470 637 ut
1499 585 1614 650 ejus
1646 585 1953 654 Scripturas
1977 588 2059 640 in-

488 674 774 742 telligam;
821 673 974 741 cujus
1017 676 1208 743 gratia:
1254 689 1442 729 omnes
1474 678 1735 731 adhortor
1778 686 1837 730 ut
1864 678 2057 750 gratis

485 774 540 819 et
575 767 791 835 cepiose
822 768 1114 837 participes
1142 766 1291 829 ﬁant,
1322 782 1387 821 ne
1410 767 1487 821 vel
1520 768 1619 821 hac
1646 769 1711 823 de
1730 784 1895 825 causa
1928 785 2057 825 con-

488 858 713 914 detnner
738 861 789 912 in
814 860 1054 930 judicio,
1084 860 1221 926 quod
1260 868 1471 911 creator
1499 860 1872 915 universorum
1913 862 2055 918 Deus

484 965 583 1020 per
610 951 893 1004 Dominum
924 965 1101 1002 meum
1130 948 1313 1001 Jcsum
1342 948 1616 1003 Christum
1665 952 1904 1008 facturus
1946 964 2049 1008 est.

562 1038 718 1110 155
750 1038 846 1093 Hic
872 1038 1125 1110 Trypho:
1161 1040 1336 1107 Digne
1389 1040 1605 1109 quidem
1637 1042 1900 1113 religione
1950 1045 2053 1102 hoc

484 1129 647 1182 etiam
681 1127 849 1194 facis;
886 1132 979 1183 sed
1040 1130 1179 1182 mihi
1217 1130 1658 1186 dissimulatione
1705 1135 1779 1188 uti
1827 1135 2053 1203 videris,

486 1234 607 1273 cum
643 1230 693 1273 te
720 1222 987 1277 orationis
1015 1222 1246 1277 artiﬁcio
1270 1223 1539 1279 distincta:
1562 1224 1874 1282 facultatem
1903 1245 2055 1286 asse-

485 1323 671 1364 cututn
713 1328 895 1379 negas.

554 1402 762 1458 Rursus
785 1420 926 1475 ego:
976 1408 1264 1475 Quoniam,
1302 1411 1543 1480 inquam,
1578 1413 1695 1470 haec
1745 1415 1819 1470 ita
1867 1431 1925 1471 se
1954 1417 2052 1471 Ita-

480 1493 614 1549 bere
654 1497 750 1551 tibi
780 1500 1049 1562 videntur,
1082 1504 1153 1557 ita
1210 1518 1343 1559 sane
1387 1506 1655 1571 habeant;
1700 1508 1833 1562 mihi
1874 1519 2051 1563 autem

482 1604 801 1655 persuasum
838 1602 921 1646 est
964 1609 1147 1648 verum
1198 1611 1317 1652 esse
1346 1598 1487 1667 quod
1535 1600 1800 1655 dixeram.
1855 1600 1961 1656 Sed
1997 1610 2054 1655 ut

477 1682 591 1751 jam
633 1685 872 1754 reliquas
924 1688 1106 1753 potius
1174 1691 1671 1748 demonstrationes
1734 1709 2048 1764 persequar,

485 1776 720 1828 animum
760 1776 1003 1833 adverte.

557 1866 827 1935 Loquere,
861 1870 1038 1939 inquit
1066 1872 1171 1927 ille.

555 1960 689 2014 Tum
715 1976 816 2028 ego
844 1981 856 2016 :
886 1963 1095 2019 Rursus
1124 1981 1154 2020 a
1179 1966 1387 2038 Moyse,
1416 1968 1658 2039 inquam,
1678 1970 1896 2041 fratres,
1917 1976 2051 2029 scri—

486 2061 634 2117 ptum
674 2062 758 2105 est
794 2053 966 2121 ipsqu
1018 2054 1190 2118 illum,
1218 2058 1308 2125 qui
1354 2058 1499 2113 visus
1553 2062 1883 2130 patriarchis
1913 2066 2051 2120 Deus

483 2142 703 2209 dicitur,
762 2144 1029 2213 Angelutn
1077 2156 1130 2199 et
1169 2148 1451 2203 Domintun
1494 2155 1695 2218 voeari,
1732 2165 1789 2209 ut
1832 2172 1907 2211 ex
1969 2158 2053 2211 his

482 2236 643 2288 etiam
675 2239 1019 2306 cognoscatis
1054 2253 1176 2292 eum
1230 2244 1442 2310 parenti
1478 2244 1857 2300 universorum
1896 2249 2054 2303 mini-

482 2334 678 2391 strare,
710 2328 1172 2393 quemadmodum
1220 2330 1328 2398 jam
1370 2334 1581 2387 assensi
1618 2334 1774 2400 estis,
1810 2344 1867 2389 et
1918 2350 2053 2390 con-

480 2426 689 2471 stanter
722 2420 967 2488 pluribus
990 2426 1328 2493 argumentis
1350 2439 1667 2493 persuasum
1698 2426 1898 2482 habere
1932 2444 2055 2498 per-

481 2509 638 2578 getis.
677 2509 938 2568 Referens
993 2516 1160 2584 igitur
1214 2533 1310 2585 per
1342 2517 1577 2589 Moysem
1632 2519 1845 2575 divinus
1875 2536 2053 2577 sermo

479 2614 541 2654 ea
603 2616 723 2670 quae
782 2602 948 2659 Jacob
1011 2607 1243 2661 Abrahae
1311 2620 1557 2678 nepotem
1620 2621 1909 2681 spectant,
1980 2614 2053 2668 ita

485 2692 767 2762 loquitur:
830 2714 848 2747 ι
884 2696 948 2750 Et
984 2688 1201 2751 factum
1240 2708 1347 2763 est,
1392 2703 1609 2770 quando
1672 2704 2055 2773 concipiehant

482 2800 613 2839 oves
649 2787 700 2840 in
736 2798 892 2842 utero
944 2792 1310 2860 accipientes,
1359 2804 1415 2845 et
1474 2795 1583 2848 vidi
1624 2810 1718 2851 eas
1774 2798 1946 2853 oculis
2001 2799 2052 2851 in

482 2880 712 2933 somnis.
754 2881 818 2934 Et
851 2898 981 2936 ecce
1019 2884 1181 2946 hirci,
1208 2894 1263 2938 et
1287 2886 1487 2939 arietes
1510 2889 1863 2944 ascendentes
1893 2905 2057 2958 super

483 2991 613 3030 oves
643 2985 699 3031 et.
725 2994 942 3047 capras,
985 2980 1217 3043 snbalbi,
1243 2989 1299 3033 et
1323 2983 1480 3045 varii,
1516 2992 1570 3036 et
1601 2982 2051 3052 cineritiisparsi.

486 3068 552 3121 Et
592 3070 729 3123 dixit
772 3070 905 3125 mihi
964 3071 1191 3139 angelus
1251 3071 1348 3125 Dei
1400 3088 1495 3142 per
1545 3089 1832 3129 somnum:
1867 3074 2052 3141 Jacob,

2159 590 2263 657 φάς
2299 590 2461 643 αὑτοῦ
2492 589 2647 659 ὲδόθη
2688 604 2809 658 μοι·
2836 582 2902 658 ἧς
2931 586 3155 657 χάριτος
3187 588 3285 640 xal.
3317 589 3524 652 πάντας
3549 605 3718 640 κοινω

2157 682 2279 743 νοῦς
2305 680 2576 751 ἀμισθωτὶ
2607 680 2699 733 καὶ
2718 678 2965 747 ἀφθόνως
2981 678 3281 749 παρακαλῶ
3299 677 3566 747 γίνεσθαι,
3591 680 3718 743 ὅπως

2159 772 2232 843 μὴ
2266 774 2359 825 καὶ
2385 774 2569 825 τούτου
2606 773 2763 844 χάριν
2786 772 2968 843 κρίσιν
3008 771 3257 841 ὀφλήσω,
3290 773 3349 824 ὲν
3386 764 3528 843 ᾗπερ
3555 770 3718 841 μέλλει

2156 864 2330 935 κρίσει
2357 866 2485 937 (66⁸)
2502 866 2586 920 διά
2613 866 2702 920 τοῦ
2722 866 2923 939 Κυρίου
2953 885 3052 937 μου
3079 867 3251 938 Ἰησοῦ
3276 867 3513 939 Χριστοῦ
3532 869 3567 922 6
3586 882 3718 935 ποιη-

2154 958 2252 1029 τὴς
2280 957 2387 1011 τῶν
2408 958 2544 1011 ὅλων
2576 958 2707 1023 Θεὸς
2741 961 3032 1015 ποιεῖσθαι.

2227 1051 2335 1103 Kal.
2366 1054 2394 1103 6
2420 1050 2677 1123 Τρύφων·
2729 1050 2917 1116 Ἀξίως
2957 1053 3053 1123 μὲν
3101 1052 3416 1117 θεοσεϐείας
3458 1053 3549 1105 καί
3582 1051 3718 1105 τοῦτ(

2156 1143 2431 1213 πράττεις·
2466 1142 2841 1213 εἰρωνεύεσθαι
2862 1143 2917 1195 δέ
2957 1162 3045 1214 μοι
3076 1145 3273 1212 δοκεῖς,
3308 1144 3485 1214 λέγων
3508 1144 3718 1214 δύναμη

2154 1231 2327 1303 λόγων
2359 1236 2618 1304 τεχνικῶν
2655 1235 2727 1307 μὴ
2762 1235 3077 1306 κεκτῆσθαι.

2224 1432 2393 1501 Κάγὼ
2443 1434 2600 1489 πάλιν
2632 1438 3031 1510 ἀπεκρινάμην·
3092 1438 3244 1492 Ἐπεί
3279 1454 3364 1491 σοι
3395 1437 3541 1490 δοκεῖ
3566 1436 3718 1489 ταῦτα

2153 1523 2327 1588 οῦτως
2380 1526 2540 1596 ἔχειν,
2598 1530 2797 1599 ἐχέτω·
2835 1532 2945 1601 ἐγὼ
2978 1532 3033 1585 δὲ
3066 1531 3370 1600 πέπεισμαι
3418 1528 3630 1600 ἀληθῶς
3659 1524 3718 1580 εἷ-

2153 1632 2240 1668 ναι
2261 1615 2391 1685 t67).
2432 1617 2566 1669 Ἀλλ’
2603 1619 2690 1673 ἵνα
2726 1621 2920 1691 μᾶλλον
2953 1622 3050 1686 τάς
3073 1620 3383 1688 ἀποδείξεις
3413 1620 3513 1685 τάς
3543 1620 3718 1681 λοιπὰς

2155 1704 2254 1777 ἥδη
2292 1708 2624 1779 ποιήσωμαι,
2662 1710 2893 1782 πρόσεχε
2921 1712 3013 1765 τὸν
3045 1712 3187 1766 νοῦν.

2082 1854 2125 1908 Β
2226 1883 2511 1947 Κάκεῖνος·
2548 1885 2707 1954 Λέγε.

2223 1974 2411 2044 Κάγὼ·
2442 1976 2576 2029 Ὑπὸ
2606 1978 2867 2042 Μωσέως,
2889 1973 2935 2032 ὦ
2956 1979 3189 2047 ἀδελφοὶ,
3216 1978 3381 2031 πάλιν
3403 1979 3719 2049 γέγραπται,

2154 2068 2356 2136 ἔλεγον,
2391 2069 2471 2121 ὅτι
2502 2065 2652 2133 οὗτος
2684 2072 2711 2122 6
2744 2070 2928 2139 ὀφθεὶς
2961 2073 3071 2134 τοῖς
3106 2070 3474 2141 πατριάρχαις
3504 2068 3720 2137 λεγόμε-

2154 2178 2240 2223 νος
2272 2160 2403 2223 Θεὸς
2438 2160 2567 2229 (68),
2623 2162 2716 2214 καὶ
2749 2161 2978 2229 ἄγγελος
3009 2162 3101 2214 καὶ
3134 2162 3343 2232 Κύριος
3378 2161 3610 2229 λέξεται,
3644 2162 3719 2213 ἵνα

2157 2252 2251 2305 καὶ
2283 2254 2347 2303 ἐκ
2379 2250 2582 2305 τούτων
2629 2252 2892 2321 ὲπιγνῶτε
2931 2254 3091 2308 αὐτὸν
3126 2252 3505 2325 ὑπηρετοῦντα
3525 2252 3601 2322 τῷ
3625 2254 3720 2303 τῶν

2154 2342 2289 2394 ὅλων
2324 2343 2517 2412 Πατρὶ,
2578 2342 2654 2405 ὡς
2700 2344 2800 2414 ἤδη
2858 2343 3175 2408 συνέθεσθε,
3230 2345 3328 2397 καὶ
3360 2343 3446 2395 διὰ
3479 2342 3720 2395 πλειόνων

2152 2435 2505 2504 πεπεισμένοι
2541 2434 2770 2504 βεϐαίως
2805 2438 3035 2507 μενεῖτε.
3088 2435 3482 2507 Ἐξηγούμενος
3525 2432 3616 2488 οὖν
3646 2435 3720 2487 διὰ

2155 2527 2396 2590 Μωσέως
2428 2528 2456 2579 ό
2487 2526 2640 2595 λόγος
2672 2527 2764 2580 τοῦ
2812 2528 2947 2581 Θεοῦ
2981 2527 3049 2581 τὰ
3082 2528 3208 2599 περὶ
3258 2528 3458 2581 Ἰακὼϐ
3481 2528 3575 2581 τοῦ
3607 2530 3720 2581 υἱω-

2155 2619 2245 2672 νοῦ
2280 2618 2372 2671 τοῦ
2402 2620 2673 2691 ’Λϐραάμ,
2714 2620 2884 2685 οὕτως
2920 2620 3085 2693 φησί·
3130 2640 3147 2671 ι
3174 2620 3286 2675 Kal.
3321 2622 3540 2690 ἐγένετο
3572 2622 3720 2691 ἡνίκα

2156 2710 2386 2763 ἐκίσσων
2434 2712 2500 2764 τά
2531 2711 2774 2784 πρόϐατα
2798 2714 2855 2763 ὲν
2888 2714 3088 2784 γαστρὶ
3125 2713 3495 2783 λαμϐάνοντα,
3534 2714 3625 2765 καὶ
3657 2708 3720 2765 εἷ-

2154 2802 2241 2855 δον
2273 2806 2382 2866 τοῖς
2412 2802 2706 2874 ὀφθαλμοῖς
2764 2803 2901 2857 αὑτά
2946 2805 3003 2855 ὲν
3050 2803 3128 2875 τῷ
3172 2803 3349 2875 ὕπνῳ.
3388 2806 3495 2857 Kal.
3529 2805 3655 2865 ἰδοὺ,
3682 2805 3720 2855 οξ

2155 2894 2349 2966 τράγοι
2383 2896 2473 2947 καὶ
2506 2896 2553 2947 οἱ
2585 2896 2727 2965 κριοὶ
2751 2894 3132 2958 ἀναϐαίνοντες
3164 2895 3258 2949 ἐπὶ
3280 2896 3351 2949 τά
3380 2896 3627 2966 πρόϐατα
3645 2896 3720 2947 καί

2138 2972 2251 3049 ’τὰς
2298 2984 2477 3056 αἶγας,
2512 2988 2781 3041 διάλευκοι
2833 2988 2930 3040 καὶ
2982 2988 3213 3041 ποικίλοι
3267 2990 3361 3042 καὶ
3421 2989 3720 3049 σποδοειδείς

2159 3078 2357 3149 ραντοί.
2384 3080 2491 3132 Kal.
2520 3076 2637 3132 εἶπέ
2675 3096 2761 3149 μοι
2780 3082 2807 3132 6
2838 3078 3066 3149 ἄγγελος
3094 3079 3187 3132 τοῦ
3210 3079 3349 3133 Θεοῦ
3376 3080 3499 3134 καθ’
3519 3080 3719 3143 ῦπνονς·

485 3158 674 3216 Jacob.
716 3161 829 3231 Ego
861 3172 1040 3216 autem
1072 3164 1185 3217 dixi
1214 3181 1227 3216 :
1264 3162 1403 3229 Quid
1466 3174 1573 3229 est,
1603 3166 1866 3221 Domine?
1892 3177 1946 3221 ct
1975 3168 2055 3221 di-

2202 3168 2373 3234 ακὼϐ,
2409 3170 2622 3225 Ἰακώϐ.
2655 3170 2795 3239 Ἐγὼ
2828 3171 2885 3224 δὲ
2926 3168 3095 3225 εἶπον·
3133 3174 3198 3225 Τί
3246 3177 3385 3238 ἐστι,
3414 3175 3719 3246 Κύριεςιὶιῖ

489 3254 605 3308 xit:
636 3254 865 3324 Respice
916 3255 1088 3309 oculis
1131 3256 1257 3318 tuis,
1293 3266 1348 3311 et
1410 3258 1532 3311 vide
1563 3258 1743 3314 hircos
1774 3269 1826 3314 et
1857 3261 2054 3315 arietes

488 3348 846 3400 ascendentes
876 3362 1040 3417 super
1073 3363 1201 3404 oves
1225 3360 1278 3405 et
1311 3366 1536 3420 capras,
1575 3352 1859 3417 subalbos,
1885 3364 1940 3406 et
1964 3368 2058 3407 va-

488 3437 621 3501 rios,
672 3446 728 3491 et
760 3437 1042 3494 cineritios
1089 3457 1327 3509 sparsos.
1368 3444 1486 3499 Vidi
1536 3445 1679 3498 enim
1723 3460 2058 3516 quaacunque

491 3528 584 3581 tibi
617 3527 798 3583 Laban
839 3528 990 3584 facit.
1027 3530 1140 3601 Ego
1181 3548 1299 3587 sum
1355 3535 1521 3600 Deus,
1553 3536 1643 3603 qui
1680 3538 1907 3606 apparui
1960 3540 2057 3593 tibi

489 3621 539 3673 in
571 3622 691 3675 loco
720 3622 851 3676 Dei:
894 3622 983 3677 ubi
1044 3626 1251 3679 unxisti
1289 3626 1419 3679 mihi
1482 3627 1552 3682 ibi
1591 3628 1827 3693 titulum,
1878 3640 1931 3684 et
1966 3645 2061 3684 vo-

487 3714 614 3769 visti
675 3716 747 3769 ibi
787 3725 997 3769 votum.
1034 3715 1187 3771 Nunc
1229 3718 1397 3787 igitur
1425 3720 1538 3784 exi,
1594 3730 1648 3774 et
1699 3736 1964 3793 consurge
1996 3724 2060 3778 de

490 3820 628 3863 terra
656 3808 774 3875 hac,
815 3818 869 3863 et
931 3809 1017 3863 abi
1060 3810 1110 3863 in
1158 3820 1361 3866 terram
1416 3816 1793 3884 generationis
1830 3827 1971 3882 tute;
2007 3827 2059 3871 et

488 3916 582 3953 ero
626 3910 800 3954 tccum
836 3902 931 3954 εδ.)
980 3902 1159 3971 Atque
1222 3904 1414 3957 iterum
1442 3905 1548 3958 alio
1597 3905 1717 3959 loco
1774 3908 1839 3962 de
1889 3905 2061 3963 Jacob

490 3992 736 4063 loquens,
781 3994 853 4048 ita
902 3994 1071 4049 dicit:
1116 4013 1135 4047 ι
1172 3994 1412 4064 Surgens
1436 4009 1617 4052 autem
1648 4007 1808 4053 nocte
1847 3999 1933 4053 illa
1967 4017 2060 4055 ac-

490 4086 635 4155 cepit
661 4086 795 4141 ᾱυιιε
838 4100 1056 4152 uxores,
1099 4098 1153 4141 et
1213 4088 1348 4143 duas
1388 4090 1633 4154 ancillas,
1689 4101 1745 4146 et
1808 4092 2059 4147 undecim

490 4181 745 4251 parvulos
771 4197 934 4248 suos,
967 4192 1023 4237 et
1056 4184 1311 4239 transivit
1338 4186 1628 4240 transitum
1654 4184 1843 4247 Jaboc.
1874 4194 1926 4241 et
1973 4204 2060 4241 ae-

489 4276 632 4344 cepit
666 4290 778 4339 eos,
819 4286 874 4330 et
904 4276 1163 4330 transivit
1211 4287 1533 4344 torrentem,
1559 4286 1619 4331 et
1668 4279 1907 4333 traduxit
1937 4295 2051 4333 om-

493 4371 581 4424 nia
607 4386 725 4424 sua.
762 4370 1043 4424 lletnansit
1098 4378 1278 4423 autem
1307 4369 1473 4425 Jacob
1506 4371 1690 4438 solus;
1724 4382 1776 4426 et
1814 4372 2057 4428 luctaba-

493 4470 580 4515 tur
603 4460 826 4528 angelus
858 4476 981 4515 cum
1012 4476 1077 4515 eo
1114 4476 1285 4531 usque
1325 4477 1502 4517 mane.
1534 4461 1675 4515 Vidit
1704 4472 1904 4531 autem,
1932 4465 2057 4534 quia

494 4570 601 4609 non
626 4556 764 4609 valet
803 4570 929 4624 erga
971 4569 1093 4609 eum
1123 4572 1137 4607 :
1170 4564 1223 4609 et
1259 4554 1433 4625 tetigit
1462 4554 1803 4610 latitudinem
1837 4555 2062 4612 femoris
2096 4538 2137 4592 D

491 4648 633 4717 ejus,
664 4657 716 4702 et
743 4646 1013 4715 obtorpuit
1050 4647 1281 4701 latitudo
1314 4646 1540 4703 femoris
1584 4646 1774 4714 Jacob',
1814 4648 1939 4702 dum
1982 4648 2064 4703 lu-

494 4750 672 4794 ctatur
701 4740 815 4808 ipse
880 4756 1003 4794 cum
1072 4756 1157 4796 co.
1213 4739 1281 4793 Et
1341 4741 1481 4794 dixit
1528 4739 1617 4793 ei:
1685 4740 1903 4795 Dimitte
1954 4756 2058 4804 me,

494 4833 741 4889 ascendit
768 4836 910 4887 enim
944 4833 1264 4888 diluculum.
1314 4833 1383 4887 At
1417 4835 1509 4888 ille.
1538 4834 1712 4887 dixit:
1744 4832 1861 4888 Non
1905 4843 1955 4887 te
1982 4833 2061 4887 di-

496 4926 703 4981 mittam
724 4970 737 4991 ,
769 4927 869 4979 nisi
904 4942 985 4979 me
1015 4926 1377 4980 henedixeris.
1412 4926 1563 4979 Dixit
1591 4935 1770 4980 autem
1799 4926 1881 4979 ei:
1906 4925 2058 4993 Quod

494 5027 576 5074 est
607 5034 800 5073 nomen
840 5020 1023 5073 tuum?
1062 5020 1133 5073 At
1162 5020 1249 5074 ille
1273 5019 1411 5073 dixit
1438 5038 1452 5074 :
1477 5018 1668 5076 Jacob.
1702 5020 1768 5075 Et
1796 5021 1933 5075 dixit
1962 5022 2009 5077 ei
2038 5039 2052 5075 :

494 5110 613 5166 Non
643 5111 927 5165 vocabitur
956 5111 1095 5164 ultra
1130 5126 1327 5166 nomen
1360 5121 1507 5166 tuum
1546 5109 1735 5179 Jacob,
1765 5113 1857 5169 sed
1892 5112 2057 5169 Israel

601 5248 644 5280 ⁸⁸
663 5248 803 5303 Gen.
833 5264 988 5312 XXXI,
1016 5248 1209 5303 i0-l3.

567 5364 695 5438 (66')
747 5367 849 5449 Ἐγ
892 5360 1041 5449 ᾖξερ
1058 5365 1268 5449 pauet
1308 5366 1515 5433 κρίσει.
1546 5362 1611 5419 ll.
1635 5378 1685 5419 e.
1718 5363 1776 5417 ἐν
1798 5365 1861 5433 τῇ
1891 5364 2068 5435 κρίσει

708 5435 1376 5575 “litigii;
1401 5505 1677 5578 Thirlbitts
1707 5500 1882 5569 ἄλλως
1899 5500 2059 5569 εἶναι,

497 5576 587 5631 νεῐ
609 5577 819 5647 ἀληθῶς
852 5578 1043 5630 εἰπεῖν.
1075 5577 1173 5631 Cui
1213 5577 1425 5647 quidem
1458 5576 1783 5647 conjectura:
1808 5586 2064 5645 quantum

504 5648 849 5700 tribuendum
883 5649 974 5709 sit,
1010 5648 1237 5699 aliorum
1270 5646 1691 5713 estojudicium.
2038 5680 2049 5695 .

574 5716 687 5788 (68)
724 5714 793 5788 '70,
821 5717 1091 5788 ὀφθεὶς...
1118 5716 1438 5788 ,κίεγόμενος
1471 5716 1634 5781 Θεός.
1672 5715 1963 5785 Βεςρίςενο
1992 5715 2069 5769 vi-

504 5785 752 5839 detur’ad
786 5787 954 5859 ipsius
989 5788 1078 5859 Dei
1128 5785 1313 5859 verba,
1342 5801 1484 5859 qtae
1509 5801 1613 5859 non
1648 5789 1814 5844 multo
1843 5797 1957 5859 post
1987 5805 2070 5844 sc-

504 5865 761 5926 quuntur.
810 5853 949 5925 Ἑγώ
976 5858 1088 5931 εἰμι
1117 5856 1144 5910 6
1175 5854 1305 5919 Θεὸς
1334 5856 1362 5907 ὁ
1393 5855 1576 5927 όφθείς
1618 5875 1716 5911 σοι.

2161 3257 2329 3314 εἶπεν·
2378 3262 2703 3332 Ἀνάϐλεψον
2742 3266 2852 3326 τοῖς
2882 3263 3181 3336 ὀφθαλμοῖς
3227 3282 3343 3331 σου,
3390 3268 3483 3320 καὶ
3519 3268 3593 3320 ἴδε
3618 3269 3722 3327 τοὺς

2158 3354 2391 3425 τράγους
2418 3358 2511 3408 καὶ
2561 3358 2686 3419 τοὺς
2717 3358 2902 3428 κριοὺς
2943 3357 3337 3421 ἀναϐαίνοντας
3379 3359 3473 3412 ἐπὶ
3506 3360 3575 3413 τά
3613 3362 3722 3431 πρᾼ

2161 3443 2299 3497 ϐατα
2323 3446 2415 3498 καὶ
2448 3444 2545 3508 τὰς
2592 3441 2772 3513 αἶγας,
2807 3445 3121 3509 διαλεύκους
3184 3446 3278 3497 καὶ
3330 3447 3610 3509 ποικίλους
3651 3447 3722 3497 ml

2163 3537 2485 3600 σποδοειδεῖς
2532 3536 2776 3609 ῥαντούς.
2823 3536 3077 3609 Ἑώρακα
3122 3535 3233 3608 γάρ
3284 3538 3388 3590 ὅσα
3424 3554 3505 3590 σοι
3559 3539 3722 3591 Λάῦαν

2162 3634 2319 3683 ποιεῖ.
2363 3629 2502 3699 Ἐγώ
2565 3632 2677 3701 εἰμι
2705 3632 2732 3682 6
2760 3630 2892 3692 Θεὸς
2951 3632 2979 3682 6
3027 3628 3212 3697 ὀφθείς
3263 3647 3347 3682 σοι
3400 3633 3459 3683 ὲν
3492 3630 3573 3699 τῷ
3598 3632 3721 3697 τόπιλλ

2160 3722 2314 3786 Θεοῦ,
2355 3718 2415 3776 οῦ
2446 3721 2669 3793 ῆλειῲάς
2702 3740 2787 3793 μοι
2808 3722 2923 3774 ἐκεῖ
2956 3721 3173 3791 στήλην,
3211 3722 3306 3775 καὶ
3339 3721 3492 3793 ηὔξω
3524 3724 3638 3774 ἐκεῖ
3665 3723 3722 3772 ab.

2161 3818 2283 3886 χήν.
2316 3815 2427 3869 Νῦν
2460 3812 2551 3868 οῦν
2586 3813 2763 3879 ἔξελθε
2797 3814 2890 3867 καὶ
2924 3814 3189 3886 ἀνάστηθι
3250 3814 3360 3885 (69)
3397 3816 3461 3867 ἐκ
3517 3816 3617 3885 τῆς
3644 3814 3722 3883 τῆς

2160 3906 2381 3975 ταύτης,
2418 3906 2511 3958 καὶ
2556 3903 2753 3959 ἄπελθε
2796 3904 2875 3966 είς
2907 3904 3005 3975 τὴν
3036 3904 3140 3973 γῆν
3184 3904 3286 3975 τῆς
3318 3903 3591 3972 γενέσεώς
3632 3920 3722 3968 σου,

2161 3998 2255 4050 καὶ
2287 3996 2477 4067 ἔσομαι
2515 3996 2651 4066 μετὰ
2685 3995 2830 4049 σοῦ.»
2865 3997 2975 4051 Kal.
3038 3996 3198 4048 πάλιν
3246 3997 3307 4048 ὲν
3349 3995 3532 4059 ἄλλοις
3570 3995 3722 4063 λόγοις

2162 4091 2287 4158 περὶ
2310 4088 2471 4147 αὑτοῦ
2496 4088 2588 4141 τοῦ
2624 4088 2817 4142 Ἰακὼϐ
2871 4088 3065 4157 λέγων,
3119 4086 3297 4152 οὕτως
3332 4088 3519 4159 φησίν·
3552 4108 3571 4137 ι
3592 4090 3722 4140 Ἀνι-

2163 4181 2292 4245 στάς
2332 4182 2388 4233 δὲ
2414 4180 2512 4255 τὴν
2546 4181 2714 4235 νύκτα
2743 4182 2977 4257 ἐκείνην,
3013 4181 3169 4235 ἔλαϐε
3201 4182 3303 4244 τὰς
3331 4180 3427 4234 δύο
3456 4186 3722 4250 γυναῖκας1

2161 4277 2254 4328 καὶ
2280 4275 2379 4337 τάς
2406 4274 2497 4327 δύο
2532 4274 2839 4338 παιδίσκας,
2885 4275 2979 4327 καὶ
3010 4273 3079 4326 τὰ
3109 4272 3303 4326 ἕνδεκα
3334 4274 3529 4327 παιδία
3562 4272 3722 4330 αὐτοῦ,

2162 4368 2254 4420 καὶ
2284 4366 2433 4436 διέϐη
2472 4364 2568 4437 τὴν
2600 4364 2846 4419 διάϐασιν
2879 4365 2973 4418 τοῦ
3009 4363 3220 4434 Ἰαϐώχ·
3275 4366 3370 4417 καὶ
3421 4364 3615 4418 ἔλαϐεν
3647 4365 3722 4415 αύ-

2162 4458 2306 4520 τοὺς,
2336 4456 2429 4508 καὶ
2447 4455 2596 4527 διέϐη
2627 4456 2717 4509 τὸν
2751 4456 3107 4527 χειμάρρουν,
3143 4456 3237 4507 καὶ
3267 4454 3546 4508 διεϐίϐασε
3574 4456 3722 4507 πάντα

2166 4551 2235 4604 τά
2267 4549 2451 4605 αὐτοῦ,
2489 4550 2816 4620 ’Υπελείφθη
2847 4550 2905 4603 δὲ
2927 4548 3121 4603 Ἰακὼϐ
3155 4548 3334 4620 μόνος·
3367 4551 3461 4603 καὶ
3492 4550 3722 4601 scalas.

2167 4644 2394 4712 ἄγγελος
2432 4645 2541 4715 (70)
2569 4646 2684 4715 μετ’
2718 4642 2884 4699 αὐτοῦ
2919 4642 3023 4705 ἓως
3069 4643 3232 4712 πρωΐ.
3289 4638 3413 4695 Εἷδε
3454 4642 3537 4706 δὲ,
3582 4643 3655 4694 ὅτι
3680 4638 3721 4689 οὐ

2166 4737 2385 4790 δύναται
2418 4737 2554 4809 πρὸς
2581 4737 2760 4801 αὐτὸν,
2784 4736 2877 4793 καὶ
2904 4736 3078 4806 ἥψατο
3109 4735 3203 4787 τοῦ
3242 4735 3483 4797 πλάτους
3515 4734 3608 4787 τοῦ
3642 4750 3721 4802 μη

2171 4831 2263 4901 ροῦ
2298 4831 2483 4893 αὐτοῦ,
2520 4832 2611 4884 καὶ
2644 4830 2911 4901 ἐνάρκησε
2956 4829 3016 4882 τὸ
3050 4829 3251 4892 πλάτος
3281 4828 3376 4883 τοῦ
3417 4828 3597 4899 μηροῦ
3645 4828 3722 4877 Ἰκι-

2167 4924 2284 4977 κὼϐ
2337 4926 2392 4978 ὲν
2428 4923 2503 4994 τῷ
2536 4923 2784 4977 παλαίειν
2818 4922 2978 4977 αὑτὸν
3036 4923 3152 4992 μετ’
3186 4920 3376 4974 αὐτοῦ.
3442 4922 3560 4973 Καὶ
3603 4914 3721 4969 εἶπεν

2167 5018 2335 5090 αὐτῷ·
2379 5016 2723 5071 Ἀπὸστειλόν
2769 5032 2855 5087 με·
2892 5013 3061 5085 ἀνέϐη
3106 5014 3217 5085 γὰρ
3266 5016 3296 5067 ὁ
3341 5012 3563 5085 ὄρθρος,
3609 5008 3722 5063 '06!

2169 5108 2338 5171 εἶπεν·
2375 5113 2447 5166 Οὐ
2477 5112 2551 5183 μή
2604 5128 2662 5164 σε
2695 5110 3019 5175 ἀποστείλω,
3063 5108 3157 5161 ὲάν
3206 5108 3282 5181 μή
3320 5124 3389 5179 με
3424 5107 3721 5177 εὐλογήσῃςι

2248 5364 2361 5433 (69)
2383 5364 2626 5429 Ἔξελθε
2668 5362 2763 5416 καὶ
2810 5364 3123 5435 ἀνάστηθι,
3148 5360 3381 5435 Schema
3414 5370 3503 5435 est
3532 5356 3721 5435 prothy-

2172 5426 2393 5502 steron;
2424 5426 2557 5490 ordo
2596 5434 2741 5488 enim
2778 5449 2936 5488 verus
2962 5426 3043 5488 est
3100 5432 3369 5505 ἀνάστηθι
3409 5432 3507 5485 καὶ
3534 5426 3722 5495 ἔξελθε·

2174 5506 2267 5561 Svt
2284 5522 2329 5559 Β.

2246 5576 2357 5646 (70)
2396 5576 2686 5645 Ἄγγελος.
2714 5572 2932 5646 Legitur
2965 5574 3015 5627 in
3043 5572 3230 5627 Bibliis
3252 5573 3560 5645 ἄνθρωπος,
3588 5576 3721 5646 atqttt

2175 5642 2263 5719 ita
2316 5642 2600 5719 legendum
2634 5642 2811 5719 aptth
2841 5644 3107 5719 Justinum
3131 5642 3453 5719 contendit
3500 5642 3722 5719 eruditus

2179 5714 2537 5770 Londinensis
2562 5718 2757 5777 editor,
2790 5728 2845 5769 ut
2872 5716 3010 5769 infra
3043 5732 3096 5767 ll.
3125 5715 3248 5769 126.
3282 5714 3549 5784 Equidem
3575 5714 3619 5763 ei
3650 5722 3721 5783 as"

2179 5788 2433 5853 sentirer,
2467 5787 2509 5839 si
2548 5785 2794 5841 Justinus
2829 5802 3042 5854 semper
3092 5802 3214 5839 cum
3254 5786 3440 5841 Bibliis
3470 5786 3721 5838 censente

2182 5867 2290 5923 ret,
2320 5868 2409 5912 aut
2447 5858 2758 5933 Scripturas
2780 5872 2993 5929 semper
3018 5859 3205 5915 codem
3235 5858 3396 5915 modo
3423 5854 3664 5913 retorrcz.
