3744 6500
53 340 122 394 ϐω
939 336 1285 399 DlALOGUS
1322 338 1468 399 CUM
1506 339 1882 400 TRYPIIONE
1918 344 2183 405 JUDAZO.

3150 358 3263 415 ϐο

48 450 145 506 ἕπε
169 450 218 503 δὲ
244 450 407 521 αὐτῷ·
441 452 511 505 Τί
549 451 618 505 τὸ
649 452 827 525 ὄνομά
860 471 952 508 σου
986 456 1168 521 ὲστίνς
1214 456 1271 509 'U
1306 456 1362 509 δὲ
1406 452 1524 509 εἷπε

1784 503 1787 513 .
1815 476 2010 518 nomen
2050 472 2199 519 tuum
2221 505 2235 531 ,
2264 462 2355 534 qui
2409 459 2683 521 invaluisti
2713 480 2836 521 eum
2892 466 3029 536 Deo,
3054 476 3112 525 ct
3136 485 3262 527 cum

45 542 210 597 Ἰακώϐ.
239 541 370 597 Eius
396 542 455 597 δὲ
484 544 672 616 αὐτῷ’
724 547 800 600 Οὐ
847 547 1174 620 κληθήσεται
1217 547 1297 601 ἔτι
1322 548 1385 601 τὸ
1411 547 1581 619 ὄνομά

41 635 328 702 σουἸακὼϐ,
380 636 521 689 ἀλλά
572 637 799 709 Ἰσραὴλ
832 637 982 693 ἔσται
1037 640 1098 693 τὸ
1129 640 1302 711 ὅνομά
1355 657 1469 692 σου·
1497 640 1580 695 ὅτι

38 731 273 799 his-lucu;
299 728 434 799 μετά
468 730 570 784 τοῦ
606 731 770 796 Θεοῦ,
804 733 895 785 καὶ
929 731 1064 802 μετά
1100 731 1398 804 ἀνθρώπων
1430 733 1581 787 δυνα-

36 824 104 884 τὸς
128 823 229 892 ἔσῃ.
258 818 549 893 Ἠρώτησε
584 824 645 877 δὲ
682 824 899 889 Ἰακὼϐ,
924 826 1016 879 καὶ
1043 820 1211 879 εἶπεν·
1237 825 1578 894 Ἀνάγγειλόν

36 916 169 987 parte
184 915 345 985 ὄνομά
375 931 495 968 σου.
534 918 658 969 Καὶ
685 915 852 972 εἶπεν·
875 919 988 971 ’Ἰνα
1018 918 1069 971 τί
1097 916 1257 971 τοῦτο
1282 920 1491 989 ἐρωτᾷς
1517 917 1577 971 τὸ

34 1008 163 1076 δηιομά
193 1025 321 1077 μου;
356 1009 471 1061 Καὶ
518 1009 826 1082 εὐλόγησεν
857 1010 1015 1065 αὑτὸν
1057 1012 1190 1064 ἐκεῖ.
1228 1012 1335 1064 Καὶ.
1386 1010 1576 1064 ἐκάλε-

34 1116 97 1151 σεν
124 1096 296 1151 Ἰακὼϐ
326 1099 387 1151 τὸ
413 1099 598 1169 ὄνομα
621 1101 723 1155 τοῦ
754 1102 918 1155 τόπου
952 1103 1183 1167 ἐκείνου,
1221 1100 1373 1166 Εἶδος
1404 1102 1537 1155 Θεοῦ
1558 1120 1571 1134 ·

31 1188 132 1243 εἶδον
156 1191 252 1262 γὰρ
282 1191 414 1244 Θεὸν
445 1194 757 1265 πρόσωπον
787 1194 922 1267 πρὸς
942 1195 1370 1267 πρόσωπον,.καὶ
1403 1196 1576 1268 ἐχάρη

31 1283 191 1354 ἡψυχὴ
225 1300 379 1353 μου.»
415 1286 535 1338 Καὶ
569 1286 740 1340 πάλιν
777 1289 833 1341 ὲν
867 1288 1072 1360 ἑτέροις
1104 1288 1235 1358 περὶ
1285 1288 1379 1341 τοῦ
1410 1287 1573 1341 αὐτοῦ

32 1375 179 1427 laxi-)6
205 1375 576 1443 ἐξαγγέλλων,
614 1378 794 1432 ταῦτά
826 1397 1005 1451 φησιν’
1048 1400 1064 1430 ι
1094 1376 1262 1433 Ἦλθε
1296 1381 1352 1434 δὲ
1381 1380 1575 1435 Ἰακὼϐ

30 1466 278 1532 εἰςΛουζᾶ,
312 1469 347 1539 ἦ
382 1470 542 1521 ἐστιν
579 1472 666 1533 εἰς
694 1472 797 1541 γῆν
824 1472 1066 1535 Χαναὰν,
1112 1473 1147 1543 ἦ
1178 1474 1299 1526 ἐστι
1348 1474 1570 1547 Βαιθὴλ,

30 1562 164 1625 rvi-fg,
195 1562 282 1613 καὶ
321 1564 433 1625 πᾶς
463 1565 494 1615 ὁ
529 1562 669 1626 λαὸς
696 1563 757 1627 ὃς
782 1559 848 1634 ἦν
884 1566 999 1634 μετ’
1027 1564 1211 1618 αὐτοῦ’
1250 1567 1346 1619 καὶ
1372 1566 1572 1637 ᾠκοδό-

28 1668 154 1721 μησεν
183 1653 295 1705 ἐκεῖ
339 1652 770 1725 θυσιαστήριον,
808 1653 899 1708 καὶ
939 1655 1165 1709 ὲκάλεσε
1184 1656 1244 1709 τὸ
1275 1657 1443 1727 ὄνομα
1475 1658 1569 1712 τοῦ

27 1744 143 1794 τόπου
177 1744 381 1796 ἐκείνου
418 1746 659 1817 Βαιθήλο
700 1749 819 1800 ἐκεῖ
847 1747 954 1820 γὰρ
1003 1750 1174 1820 ἐφάνη
1205 1750 1351 1820 αὐτῷ
1382 1754 1410 1803 ὁ
1440 1751 1571 1815 Θεὸς

1685 550 1997 611 hominibus
2025 566 2219 627 potens
2256 556 2385 612 eris.
2427 554 2599 612 Jacob
2650 568 2833 614 autem
2877 559 3261 630 interrogavit,

1687 652 1743 697 et
1775 644 1957 701 dixit:
1990 646 2267 703 Annuntia
2302 648 2437 701 mihi
2464 663 2660 704 nomen
2686 658 2860 704 tuum.
2887 651 2951 706 Et
2986 652 3161 707 dixit:
3196 655 3263 707 Ut

1677 736 1803 803 quid
1836 738 1938 793 hoc
1970 740 2272 810 interrogas
2301 751 2353 794 tu
2391 756 2587 796 nomen
2639 744 2860 798 meum?
2888 745 2956 799 Et
2979 745 3260 799 benedixit

1676 842 1799 882 eum
1831 830 1925 884 ibi.
1952 831 2017 885 Et
2058 837 2272 887 vocavit
2314 833 2482 888 Jacob
2512 850 2706 889 nomen
2746 836 2847 890 loci
2898 838 3061 903 illius,
3103 839 3255 893 Visin

1679 918 1794 973 Dei.
1840 916 1955 974 Vidi
1980 922 2121 975 enim
2170 923 2335 977 Deum
2388 924 2529 980 faeie
2559 927 2626 979 ad
2685 926 2913 993 faciem;
2950 938 3004 982 et
3059 930 3252 997 gavisa

1677 1019 1762 1063 est
1796 1012 1979 1065 anima
2005 1030 2121 1068 mea
2159 1015 2258 1068 δ”.»
2294 1016 2360 1069 Ει
2404 1016 2532 1070 item
2563 1016 2692 1071 alibi
2748 1018 2812 1072 de
2836 1020 3027 1073 eodem
3081 1019 3252 1076 Jacob

1677 1104 1844 1157 verba
1872 1104 2101 1169 faciens,
2163 1108 2279 1162 iure
2312 1109 2441 1162 dicit
2469 1127 2482 1162 :
2541 1127 2559 1160 ι
2595 1110 2751 1163 Venit
2786 1124 2969 1167 autem
3000 1112 3169 1169 Jacob
3201 1116 3253 1169 in

1674 1191 1843 1257 ana,
1873 1210 1992 1263 qum
2020 1206 2106 1251 est
2157 1198 2210 1250 in
2243 1209 2382 1252 terra
2427 1198 2713 1266 Chanaan,
2752 1217 2871 1270 qua:
2906 1213 2991 1257 est
3045 1204 3252 1271 Bethel,

1675 1296 1729 1340 et
1785 1287 1921 1356 ipse,
1955 1297 2011 1341 et
2067 1290 2244 1345 omnis
2282 1291 2534 1359 populus,
2574 1294 2669 1361 qui
2730 1305 2851 1347 erat
2908 1310 3030 1349 cum
3062 1312 3169 1361 en;
3202 1308 3256 1352 et

1673 1381 1964 1435 a'dilicavit
1991 1382 2066 1437 ibi
2098 1400 2287 1449 aram,
2330 1395 2384 1438 et
2420 1387 2636 1461 vocavit
2669 1403 2870 1443 nomen
2898 1389 2997 1445 loci
3028 1389 3250 1457 Betliel;

1676 1473 1787 1528 illic
1814 1474 1960 1528 enim
2018 1478 2272 1546 apparuit
2313 1478 2359 1533 ei
2412 1478 2575 1544 Deus,
2629 1496 2751 1533 cum
2814 1481 2931 1550 ipse
2984 1482 3251 1552 l‘uger’cta

1673 1564 1816 1620 facie
1848 1566 1988 1620 Esau
2017 1566 2205 1621 fratris
2241 1568 2348 1622 sui.
2383 1568 2595 1624 Mortua
2629 1579 2714 1623 est
2765 1582 2949 1625 autem
2985 1571 3250 1639 Deborra,

1674 1658 1860 1713 nutrix
1903 1659 2185 1724 Rebecme,
2225 1670 2278 1714 et
2337 1663 2547 1731 sepulta
2604 1672 2687 1718 est
2734 1663 2874 1717 infra
2911 1663 3100 1719 Bethel
3154 1669 3252 1722 sub

1673 1765 1915 1819 quercu;
1967 1759 2021 1804 et
2058 1752 2276 1806 vocavit
2312 1751 2486 1810 ‘Jacob
2535 1769 2732 1808 nomen
2788 1756 2926 1824 ejus,
2982 1756 3251 1823 Quercum

28 1836 60 1885 ἐν
80 1834 142 1905 τῷ
168 1836 594 1908 ἀποδιδράσκειν
627 1839 740 1891 ἀπὸ
768 1840 1056 1911 προσώπου
1090 1841 1183 1894 τοῦ
1225 1841 1450 1912 ἀδελφοῦ
1486 1861 1506 1896 ο

1777 1854 1880 1897 tus.
1914 1842 2075 1915 156
2103 1844 2371 1914 Apparuit
2406 1857 2587 1900 autem
2634 1848 2773 1902 Deus
2807 1849 2903 1915 ipsi
2939 1846 3111 1904 Jacob
3152 1850 3250 1901 :ul-

26 1928 83 1979 ινδ
122 1928 297 1981 Ἠσαῦ.
336 1930 623 1983 Ἀπέθανε
659 1932 718 1985 δὲ
750 1932 990 2005 Δεϐόρρα
1021 1936 1055 2005 ἡ
1094 1931 1292 2005 τροφὸς
1361 1935 1575 1989 Ῥεϐέκ-

26 2037 107 2082 κις,
127 2021 209 2073 καὶ
235 2022 409 2092 ἐτάφη
452 2023 768 2095 κατωτέρω
812 2024 1013 2095 Βαιθὴλ
1053 2025 1158 2079 ὑπὸ
1200 2025 1293 2080 τὸν
1327 2026 1571 2096 βάλανον

24 2117 83 2164 καὶ
99 2114 331 2167 ἐκάλεσεν
352 2114 563 2167 Ἰακὼϐ
594 2116 661 2168 τὸ
690 2116 860 2187 ὄνομα
882 2118 1050 2188 αὐτῆς
1072 2116 1309 2172 Βάλανον
1326 2119 1571 2185 πένθους.

27 2206 155 2278 Ὠᾳθη
180 2208 233 2260 δὲ
263 2211 291 2261 ὁ
315 2207 457 2272 Θεὸς
486 2209 574 2281 τῷ
624 2209 821 2263 Ἰακὼϐ
854 2210 931 2263 ἔτι
976 2213 1033 2264 ὲν
1061 2212 1258 2283 Λουξᾷ,
1293 2214 1380 2266 ὅτε
1407 2230 1577 2285 παρε-

24 2301 157 2366 τένετο
185 2302 245 2352 ἐκ
275 2301 731 2372 Μεσοποταμίας
758 2303 856 2373 τῆς
895 2298 1110 2373 Συρίας,
1147 2304 1243 2357 καὶ
1285 2304 1575 2376 εὐλόγησεν

22 2390 152 2441 αὐτόν’
182 2392 273 2444 καὶ
294 2388 455 2447 εἶπεν
488 2392 652 2464 αὐτῷ
681 2395 710 2446 ὁ
756 2394 907 2457 Θεὸς
937 2394 1007 2446 Τὸ
1039 2394 1212 2465 ὄνομα
1240 2414 1331 2449 σου
1377 2396 1575 2452 Ἰακὼϐ

21 2482 58 2532 r3
81 2482 388 2554 κληθήσεται
422 2484 534 2547 ἔτι,
563 2485 709 2538 ἀλλά
726 2485 943 2557 Ἰσραὴλ
972 2484 1201 2541 ἐσταιτὸ
1223 2488 1394 2542 ὄνομά
1419 2507 1568 2545 σου.)

136 2576 394 2641 καλεῖται,
429 2580 536 2630 καὶ
564 2578 705 2641 Θεός
729 2578 867 2642 ἐστι,
894 2581 985 2633 καὶ
1007 2580 1182 2636 ἔσται.
1215 2582 1323 2634 Καὶ
1355 2598 1575 2635 συννευο

20 2670 176 2721 πάντων
200 2670 315 2734 ταῖς
350 2671 641 2739 κεφαλαῖς
679 2672 953 2736 ἁπάντων,
978 2672 1111 2744 ἔφην
1142 2670 1269 2741 ἐγώ·
1309 2674 1417 2727 Καὶ
1446 2676 1575 2737 τοὺς

18 2759 159 2825 λόγους
204 2762 249 2814 οἳ
288 2763 639 2831 ἀγγέλλουσι
694 2764 811 2826 πῶς
839 2763 995 2833 ὤφθη
1022 2764 1172 2835 αὑτῷ
1205 2766 1453 2834 φεύγοντι
1482 2766 1575 2819 τὸν

18 2850 188 2918 ἀδελφὸν
219 2853 421 2919 Ἠσαῦ,
487 2848 657 2917 οὗτος
707 2855 799 2908 καὶ
842 2856 1087 2923 ἄγγελος,
1133 2858 1227 2910 καὶ
1271 2857 1424 2922 Θεὸς,
1476 2860 1574 2913 καὶ

17 2943 190 3013 Κύρικ,
222 2948 315 2999 καὶ
347 2950 411 3000 ὲν
472 2947 600 3018 ἰδέᾳ
635 2946 827 3018 ἀνδρὸς
850 2947 926 3018 τῷ
950 2948 1203 3020 Ἀϐραὰμ
1233 2952 1440 3020 φανεὶς,
1480 2952 1576 3005 καὶ

16 3036 51 3087 ἐν
75 3037 167 3108 ἰδέα
186 3038 490 3110 ἀνθρώπου
526 3038 682 3108 αὐτῷ
719 3038 795 3107 τῷ
831 3038 1024 3092 Ἰακὼϐ
1074 3042 1363 3109 παλαίσας,
1402 3044 1573 3111 ἀναγ-

16 3132 124 3181 καῖον
144 3127 272 3184 εἶναι
302 3133 495 3185 εἰπεῖν
529 3133 663 3201 ὑμῖν
694 3129 1035 3201 λογιζόμενος
1072 3133 1232 3202 λέγω·
1267 3137 1374 3188 εἰσὶ
1398 3136 1455 3189 δὲ
1479 3130 1573 3190 οὖ·-

14 3236 82 3272 τοι*
112 3241 127 3272 ι
147 3223 247 3276 Καὶ
285 3219 530 3295 ἐξῆλθεν
583 3222 784 3276 Ἰακὼϐ
816 3222 922 3276 ἀπὸ
954 3223 1049 3277 τοῦ
1092 3226 1323 3297 φρέατος
1350 3227 1445 3281 τοῦ
1482 3229 1575 3300 ὄρ-

14 3329 95 3376 κου,
123 3315 208 3366 καὶ
236 3314 529 3387 ἐπορεύθη
566 3316 649 3378 εἰς
694 3314 938 3385 Χαρρὰν,
974 3318 1068 3369 καὶ
1091 3319 1377 3390 ἀπήντησε
1401 3320 1572 3391 τόπῳ,

14 3405 77 3456 καὶ
118 3408 375 3479 ἐκοιμήθη
432 3410 603 3469 ἐκεῖ,
648 3407 738 3460 ἔδυ
795 3406 901 3479 γὰρ
950 3410 978 3461 ό
1016 3408 1184 3480 ἥλιος,
1227 3413 1322 3464 καὶ
1384 3412 1575 3466 ἐλαϐεν

14 3499 87 3550 ἀπὶ
105 3502 197 3553 τῶν
233 3502 404 3555 λίθων
448 3500 553 3553 τοῦ
595 3501 787 3565 τόπου,
828 3500 921 3554 καὶ
950 3500 1112 3572 ἔθηκε
1154 3504 1291 3575 πρὸς
1330 3506 1577 3575 κεφαλῆς

14 3593 154 3657 αὑτοῦ,
182 3595 272 3647 καὶ
300 3593 598 3665 ἐκοιμήθη
620 3595 679 3645 ἐν
700 3591 778 3662 τῷ
800 3592 950 3663 τόπῳ
980 3594 1193 3666 ἐκείνῳ,
1218 3597 1311 3650 καὶ
1331 3598 1579 3652 ἐνυπνιά-

14 3682 98 3752 εϐη.
132 3687 234 3738 Καὶ
275 3688 392 3741 ἰδοὺ
426 3684 649 3756 acarnae
679 3686 1051 3757 ἐστηριγμένη
1104 3688 1161 3740 ὲν
1209 3691 1274 3759 τῇ
1306 3692 1398 3758 γῆν
1440 3683 1509 3759 ἦς
1538 3690 1573 3760 ἡ

14 3775 171 3848 κεφαλὴ
194 3778 490 3847 ἀφικνεῖτο
527 3779 611 3840 εἰς
637 3778 728 3830 τὸν
744 3777 991 3849 οὐρανόν·
1023 3778 1119 3831 καὶ
1147 3780 1194 3832 οἱ
1222 3779 1443 3848 ἄγγελοι
1474 3779 1568 3833 τοῦ

14 3865 106 3919 θεοῦ
144 3871 435 3925 ἀνέϐαινον
488 3870 592 3924 καὶ
648 3870 968 3925 κατέϐαινον
1019 3873 1106 3925 ἐπ’
1160 3874 1350 3942 αὐτῆς.
1418 3874 1477 3928 '0
1519 3872 1575 3925 δὲ

14 3960 502 4036 Κύριοςὲστήρικτο
532 3965 624 4016 ἐπ’
660 3965 849 4035 αὐτὴν.
895 3966 952 4019 ’0
980 3964 1036 4019 δὲ
1071 3962 1242 4019 εἶπεν·
1284 3965 1425 4034 Ἑγώ
1460 3967 1577 4036 εἰμι

14 4052 167 4123 Rapta;
196 4059 225 4109 ὁ
249 4058 389 4121 Θεὸς
422 4057 693 4127 Ἀϐραὰμ
734 4055 825 4108 τοῦ
860 4055 1065 4128 πατρός
1106 4075 1199 4111 σου
1236 4059 1330 4112 καὶ
1364 4058 1573 4111 Ἰσαάκ⁹

14 4142 63 4211 μὴ
84 4146 248 4211 φεοῦ.
279 4152 314 4219 ἡ
362 4149 443 4219 γῆ
495 4144 673 4219 ἐφ’ἦς
714 4148 776 4200 σὺ
808 4147 1091 4212 καθεύδεις
1143 4145 1447 4219 ὲπάυτῆς,
1494 4148 1578 4201 σοὶ

13 4233 124 4289 Ξώτω
145 4240 308 4312 αὐτὴν
350 4240 459 4293 καὶ
515 4238 597 4309 τῷ
654 4240 930 4312 σπέρματί
996 4256 1118 4293 σου·
1180 4241 1272 4295 καὶ
1331 4240 1485 4294 ἔσται
1518 4240 1577 4293 τὸ

14 4328 189 4398 ςπέρμα
224 4349 318 4384 σου
360 4332 447 4394 ὡς
475 4333 510 4402 ἡ
543 4330 731 4401 ἅμμος
766 4332 865 4402 τῆς
902 4331 1025 4400 γῆς,
1076 4332 1170 4385 καὶ
1207 4333 1577 4403 πλατυνθήσε-

13 4432 70 4469 :1;
102 4423 174 4483 εἰς
212 4419 535 4485 θάλασσαν,
564 4419 659 4471 καὶ
695 4420 865 4484 νότον,
906 4419 1000 4472 καὶ
1045 4420 1268 4492 βορρᾶν,
1300 4421 1396 4474 καὶ
1438 4420 1574 4474 ἁνα-

1677 1937 1782 1990 huc
1813 1936 1865 1989 in
1900 1935 2081 2001 Luza,
2114 1938 2333 2005 quando
2396 1938 2619 1991 advenit
2640 1939 2704 1993 de
2735 1939 3129 2010 Mesopotamia
3158 1942 3257 2012 Sy-

1676 2026 1793 2078 rizc.
1828 2024 1895 2078 Et
1944 2026 2221 2079 benedixit
2274 2042 2431 2089 eum,
2463 2037 2517 2081 et
2578 2028 2713 2081 dixit
2753 2030 2800 2082 ei
2840 2030 3014 2084 Deus:
3047 2029 3253 2085 Nomen

1678 2124 1826 2168 tuum
1847 2114 1961 2185 jam
1998 2132 2103 2169 non
2138 2118 2424 2170 vocabitur
2449 2116 2621 2172 Jacob
2647 2159 2661 2183 ,
2692 2120 2785 2173 sed
2821 2120 2986 2174 lsrael
3011 2124 3116 2174 erit
3160 2139 3257 2176 no-

1677 2220 1799 2259 men
1844 2216 1994 2261 tuum
2029 2208 2131 2262 7°.)
2173 2208 2313 2262 Deus
2346 2220 2594 2271 vocatur,
2624 2220 2678 2264 et
2746 2212 2887 2265 Deus
2916 2224 3081 2267 estet
3108 2217 3251 2278 erit;

1676 2307 1731 2353 et
1783 2313 1904 2352 cum
1958 2301 2138 2370 capite
2197 2317 2389 2357 omnes
2437 2302 2778 2368 minuissent,
2827 2304 2939 2357 dixi
2970 2319 3112 2375 ego:
3160 2307 3252 2360 illa

1675 2391 1841 2445 etiam
1901 2392 2204 2463 Scriptura:
2260 2394 2592 2457 testimonia,
2644 2394 2696 2449 in
2757 2396 2955 2465 quibus
2997 2409 3255 2452 narratur

1675 2486 1946 2555 quomodo
1986 2486 2035 2539 ei
2090 2486 2317 2541 fratrem
2366 2487 2505 2541 Esau
2547 2486 2765 2557 fugienti
2805 2491 3123 2559 apparuerit
3166 2490 3255 2543 ille

1674 2587 1730 2631 et
1763 2578 1988 2647 angelus
2028 2588 2083 2634 et
2127 2580 2266 2633 Deus
2301 2588 2356 2633 et
2418 2580 2695 2643 Dominus,
2732 2580 2825 2649 qui
2857 2589 2913 2633 et
2947 2583 2999 2634 in
3060 2583 3247 2650 specie

1677 2670 1776 2723 viri
1815 2670 2048 2724 Abrahae
2076 2670 2225 2725 visus
2251 2680 2301 2725 et
2339 2671 2390 2725 in
2426 2672 2607 2740 specie
2654 2670 2890 2725 hominis
2932 2686 3054 2727 cum
3085 2671 3255 2726 Jacoh

1676 2762 1932 2825 luctatus,
1976 2778 2200 2816 necesse
2242 2777 2363 2817 esse
2396 2764 2547 2817 vobis
2585 2763 2788 2817 referre
2811 2764 3092 2831 arbitror;
3131 2774 3255 2817 sunt

1675 2865 1859 2907 autem
1920 2854 2231 2923 ejusmodi:
2280 2872 2297 2905 ι
2328 2855 2393 2908 Ει
2452 2854 2585 2909 exiit
2637 2853 2806 2909 Jacob
2842 2869 2869 2907 a
2903 2865 3065 2925 puteo
3083 2852 3255 2929 .Jura-

1676 2947 1881 3011 menti,
1924 2956 1977 2999 et
2016 2946 2295 3015 profectus
2321 2955 2404 3001 est
2446 2946 2496 2999 in
2550 2945 2839 3013 Charran;
2889 2956 2945 3001 et
3008 2946 3157 3000 venit
3187 2949 3252 3000 ad

1675 3040 1961 3106 quemdam
2014 3037 2214 3103 locum,
2269 3048 2324 3093 et
2364 3038 2624 3091 dormivit
2666 3039 2759 3101 ibi,
2800 3039 3079 3093 occiderat
3108 3039 3254 3092 enim

1678 3129 1787 3195 sol;
1818 3140 1872 3183 et
1905 3131 2140 3199 sumpsit
2193 3146 2260 3184 ex
2301 3131 2567 3200 lapidibus
2610 3130 2734 3195 loci,
2762 3140 2816 3184 et
2846 3132 3030 3200 posuit
3058 3132 3122 3185 ad
3155 3148 3248 3185 ca-

1677 3231 1773 3290 put
1815 3236 1998 3290 suum,
2030 3231 2086 3275 et
2123 3221 2382 3275 dormivit
2441 3221 2493 3275 in
2530 3220 2649 3274 loco
2696 3221 2811 3289 illo,
2847 3229 2903 3276 et
2939 3222 3250 3276 somniavit.

1678 3311 1904 3367 Etecce
1953 3312 2097 3368 scala
2151 3312 2395 3367 stabilita
2456 3328 2621 3383 super
2652 3322 2878 3379 terram,
2902 3313 3057 3384 cujus
3096 3326 3258 3383 caput

1680 3406 2021 3476 pertingebat
2055 3407 2121 3460 ad
2147 3406 2370 3472 malum,
2395 3416 2448 3460 et
2508 3406 2687 3475 angeli
2720 3407 2816 3461 Dei
2860 3406 3251 3469 ascendebant,

1679 3505 1732 3550 et
1760 3496 2167 3552 descendebant
2194 3497 2246 3549 in
2272 3511 2358 3551 ea.
2391 3497 2455 3549 Et
2488 3497 2750 3552 Dominus
2783 3497 3139 3552 incumbebat
3166 3514 3256 3552 su-

1680 3602 1775 3656 per
1812 3601 1967 3649 eam;
2001 3595 2056 3640 et
2087 3587 2265 3642 dixit:
2303 3586 2416 3656 Ego
2463 3601 2581 3641 sum
2615 3588 2874 3643 Dominus
2907 3589 3050 3644 Deus
3081 3589 3257 3644 Abra-

1679 3681 1803 3733 ham
1844 3683 2014 3749 patris
2049 3679 2125 3734 tui
2154 3689 2208 3734 et
2258 3679 2431 3744 Isaac,
2469 3680 2577 3733 noli
2614 3680 2848 3748 timere;
2885 3690 3052 3747 terra,
3094 3697 3256 3752 super

1676 3788 1838 3843 quam
1868 3772 2077 3827 dormis
2107 3788 2273 3842 super
2302 3789 2446 3839 eam,
2484 3772 2580 3827 tibi
2617 3774 2758 3827 dabo
2781 3772 2947 3839 illam,
2975 3783 3030 3829 et
3062 3776 3253 3829 semini

1682 3875 1773 3919 tuo
1802 3883 1816 3929 ;
1844 3874 1899 3919 et
1933 3867 2039 3921 erit
2069 3882 2256 3921 semen
2288 3875 2437 3919 tuum
2474 3869 2616 3921 sicut
2667 3882 2838 3922 arena
2874 3877 3053 3934 terrm,
3085 3875 3139 3922 et
3174 3868 3259 3921 di-

1679 3956 1942 4010 latabitur
1978 3957 2045 4009 ad
2082 3971 2255 4019 mare,
2288 3963 2343 4008 et
2376 3965 2589 4018 notum,
2626 3966 2681 4009 et
2725 3955 3063 4026 aquilonem,
3095 3965 3150 4009 et
3191 3957 3256 4009 ad

1677 4046 1979 4111 orientem;
2031 4056 2086 4101 et
2142 4046 2533 4101 benedicentur
2594 4046 2647 4099 in
2717 4056 2769 4100 te
2830 4062 3022 4101 omnes
3081 4047 3259 4100 tribus

1682 4148 1860 4205 teme,
1892 4147 1948 4192 et
1978 4138 2032 4193 in
2068 4139 2279 4193 semine
2339 4147 2450 4191 tuo.
2487 4136 2554 4191 Et
2597 4152 2724 4193 ecce
2752 4153 2852 4209 ego
2883 4154 3001 4193 sum
3056 4147 3255 4203 tecum,

1678 4230 1991 4285 custodiens
2025 4237 2076 4282 te
2133 4228 2191 4283 iu
2228 4228 2374 4282 omni
2412 4228 2520 4290 via,
2555 4243 2884 4298 quacunque
2920 4231 3045 4295 ibis,
3090 4239 3145 4283 et
3173 4246 3258 4284 re-

1678 4324 1875 4378 dueam
1940 4330 1992 4375 te
2044 4320 2098 4374 in
2136 4329 2340 4374 terram
2379 4320 2558 4387 hanc;
2592 4322 2721 4390 quia
2769 4332 2820 4375 te
2878 4337 2984 4377 non
3017 4322 3256 4376 derelin-

1676 4428 1862 4483 quam,
1911 4411 2085 4465 donec
2155 4410 2351 4463 faciam
2416 4413 2625 4477 omnia,
2679 4428 2799 4480 quae
2861 4412 3076 4467 locutus
3134 4428 3254 4466 sum

13 4510 154 4573 κλεὶς·
193 4514 287 4565 καὶ
335 4508 874 4581 ἐνευλογηθήσονται
904 4511 961 4562 ὲν
1010 4510 1090 4563 σοὶ
1120 4512 1291 4564 πᾶσαι
1315 4512 1369 4563 αἱ
1411 4510 1491 4580 φυῖ

1774 4510 1798 4560 i.
1867 4504 1932 4557 Et
1984 4502 2419 4559 surrexitJacob
2458 4504 2524 4559 de
2562 4520 2757 4559 somno
2804 4521 2925 4572 suo,
2975 4515 3030 4560 et
3077 4506 3252 4560 dixit:

13 4602 80 4669 τῆς
110 4605 223 4676 γῆς,
280 4607 384 4660 καὶ
438 4607 499 4657 ὲν
544 4602 625 4673 τῷ
683 4602 962 4675 σπέρματί
998 4617 1109 4657 σου.
1163 4604 1272 4657 Καὶ
1306 4604 1415 4657 ἰδοὺ
1464 4602 1576 4671 ἐγὼ

14 4695 116 4759 μετὰ
145 4696 254 4759 σοῦ,
282 4696 683 4765 διαφυλάσσων
716 4712 773 4747 σε
819 4696 876 4746 ἐν
905 4694 1009 4765 (θδῴ
1039 4696 1186 4767 πάσῃ
1288 4695 1355 4749 ἂν
1376 4711 1578 4767 “opsu-

14 4784 97 4853 Βῇςί
131 4790 220 4841 καὶ
252 4786 602 4858 ἁποστρέψω
661 4802 721 4837 σε
768 4786 848 4848 εἰς
869 4784 965 4856 τὴν
1004 4784 1107 4854 γῆν
1146 4784 1370 4856 ταύτην,
1397 4782 1483 4839 ὅτι
1514 4785 1575 4837 οὐ

14 4880 65 4945 μή
91 4896 141 4930 σε
182 4880 553 4948 ἐγκαταλίπω
586 4878 692 4941 ἕως
724 4876 813 4930 τοῦ
860 4878 1081 4947 ποιῆσαί
1136 4895 1205 4949 με
1244 4876 1421 4931 πάντα
1476 4877 1579 4929 ὅσα

14 4968 213 5042 ἐλάλησά
244 4988 349 5023 σοι.
394 4972 508 5024 Καὶ
543 4969 815 5041 ἐξηγέρθη
836 4966 1031 5023 Ἰακὼϐ
1062 4971 1123 5022 ἐκ
1155 4968 1250 5021 τοῦ
1283 4968 1452 5021 ὕπνου
1478 4968 1577 5020 αὐ-

13 5060 96 5121 :73,
125 5062 214 5113 καὶ
244 5058 427 5115 εἷπενσ
462 5064 587 5113 Ὀτι
637 5059 757 5113 ἐστὶ
776 5056 977 5129 Κύριος
998 5062 1054 5111 ὲν
1078 5060 1153 5130 τῷ
1182 5059 1331 5131 τόπῳ
1365 5059 1565 5129 τούτῳ,

14 5150 95 5216 ἐγὼ
123 5152 174 5205 δὲ
201 5155 304 5206 οὐκ
333 5154 502 5224 ᾔδειν⁸
538 5153 633 5205 καὶ
660 5150 898 5222 ἐφοϐήθη
925 5191 939 5215 ,
980 5150 1073 5204 καὶ
1105 5148 1258 5205 εἶπεν
1278 5169 1291 5182 ⁸
1342 5150 1430 5215 Ὧς
1472 5168 1572 5219 φο·

14 5242 138 5313 55.9%;
183 5248 212 5298 ὁ
243 5248 412 5311 τόπος
446 5240 625 5309 οὗτοςο
659 5245 758 5297 οὐκ
786 5244 899 5297 ἔστι
919 5243 1074 5297 τοῦτο
1098 5244 1265 5315 ἀλλ’ἢ
1307 5240 1455 5308 οἶκος
1480 5242 1571 5295 τοῦ

1682 4597 1816 4664 Quia
1844 4595 2106 4650 Dominus
2149 4603 2235 4649 est
2278 4595 2329 4648 in
2364 4594 2485 4648 loco
2520 4595 2659 4661 hoc;
2694 4611 2798 4666 ego
2832 4607 3014 4650 autem
3049 4596 3258 4649 nescie-

1679 4691 1841 4755 bam;
1876 4700 1927 4743 et
1964 4688 2162 4753 timuit,
2188 4698 2245 4744 et
2275 4688 2451 4742 dixit:
2484 4688 2657 4754 Quam
2706 4690 2974 4743 terribilis
3002 4702 3084 4744 est
3106 4690 3259 4744 locus

1679 4783 1806 4847 hic;
1843 4797 1946 4835 non
1997 4790 2083 4835 est
2140 4780 2230 4835 hic
2284 4779 2388 4833 nisi
2429 4779 2624 4834 domus
2674 4781 2802 4846 Dei,
2852 4791 2908 4836 et
2953 4781 3066 4837 haec
3100 4793 3257 4851 porta

1677 4876 1826 4931 coeli.
1865 4874 1931 4928 Et
1962 4874 2204 4929 surrexit
2240 4870 2411 4927 Jacob
2450 4889 2631 4939 mane,
2664 4882 2717 4929 et
2746 4875 2973 4943 sumpsit
3000 4876 3257 4945 lapidem,

1678 4985 1839 5039 quem
1873 4977 2234 5037 supposuerat
2266 4966 2340 5020 ibi
2374 4966 2438 5020 ad
2467 4976 2628 5034 caput
2658 4982 2848 5031 suum,
2889 4978 2944 5021 et
2969 4968 3162 5021 statuit
3192 4969 3259 5021 il-

1682 5060 1793 5112 lum
1830 5059 2072 5119 titulum.
2101 5068 2157 5112 et
2194 5057 2700 5127 superfuditoleum
2730 5060 2780 5111 in
2814 5074 3077 5113 cacumen
3108 5058 3257 5127 ejus;

1682 5157 1737 5200 et
1787 5147 2083 5215 appellavit
2141 5144 2315 5202 Jacob
2366 5162 2561 5201 nomen
2608 5146 2732 5214 loci,
2768 5148 2967 5204 Domus
3031 5149 3163 5216 Dei;
3203 5161 3261 5204 et

1689 5240 2009 5295 Ulammaus
2031 5250 2149 5295 erat
2182 5256 2379 5295 nomen
2421 5240 2657 5295 civitatis
2689 5252 2847 5294 antea
2872 5242 2972 5295 τί.»

14 5334 136 5399 θεοῦ,
176 5338 273 5390 καὶ
339 5338 476 5408 αὕτη
506 5339 540 5408 ἡ
598 5334 743 5406 πύλη
780 5334 872 5388 τοῦ
910 5335 1157 5406 οὐρανοῦ.
1206 5335 1318 5388 Καὶ
1362 5335 1563 5405 ἀνέστη
1626 5330 1822 5385 Ἰακὼϐ
1876 5330 1952 5401 τῷ
2003 5330 2169 5404 πρωῒ,
2216 5332 2311 5386 καὶ
2359 5330 2517 5383 ἔλαϐε
2554 5332 2647 5383 τὸν
2701 5331 2847 5385 λίθον
2887 5333 2945 5385 ὃν
2987 5332 3261 5387 ὑπέθηκεν

151 5428 295 5500 πρὸς
340 5429 580 5497 κεφαλῆς
637 5425 820 5480 αὐτοῦ·
855 5427 949 5480 καὶ
1003 5426 1228 5500 ἔστησεν
1267 5427 1429 5480 αὑτὸν
1480 5424 1700 5497 στήλην,
1743 5425 1839 5479 καὶ
1893 5426 2086 5495 ὲπέχεε
2110 5424 2170 5477 τὸ
2196 5426 2373 5479 ἔλαιον
2422 5427 2516 5479 ἐπὶ
2580 5427 2641 5478 τὸ
2692 5427 2860 5498 ἄκρον
2902 5426 3065 5480 αὐτοῦ
3121 5426 3256 5501 (71),

13 5524 85 5574 καὶ
104 5526 361 5579 ἐκάλεσεν
383 5525 580 5581 Ἰακὼϐ
627 5523 688 5578 τὸ
717 5524 886 5595 ὄνομα
913 5524 1005 5577 τοῦ
1034 5525 1223 5589 τόπου,
1260 5522 1423 5589 Οἶκος
1457 5523 1611 5576 Θεοῦ·
1645 5525 1739 5577 καὶ
1767 5522 2133 5594 Οὐλαμμάους
2157 5520 2225 5595 ἦν
2258 5524 2320 5576 τὸ
2363 5524 2532 5596 ϐνομα
2559 5527 2624 5595 τῇ
2656 5524 2807 5578 πόλει
2832 5525 2893 5578 τὸ
2915 5524 3197 5596 πρότερον.
3237 5544 3255 5579 ι

70 5682 109 5716 (⁵
135 5681 273 5736 Cen.
304 5681 689 5749 xxxnﬂ‘i—BO.
767 5681 814 5713 "°
855 5680 990 5736 Gen.
1029 5698 1196 5747 xxxv,
1232 5683 1388 5738 6-10.

1469 5680 1514 5711 '”
1554 5679 1691 5736 Gen.
1729 5694 1924 5746 xxvtn,
1950 5680 2124 5735 10-19.

66 5834 170 5898 (7t)
227 5836 351 5889 Ἐπὶ
404 5838 469 5891 τὸ
502 5838 693 5907 ἄκρον
730 5835 934 5891 αὐτοῦ.
988 5834 1077 5895 Sic
1130 5836 1293 5895 habet
1342 5849 1539 5907 uterqu

1342 5849 1573 5907 uterque
1609 5852 1708 5895 ms.
1740 5837 1934 5893 codex.
1978 5835 2141 5905 Editi,
2177 5837 2267 5889 ἐπὶ
2295 5836 2355 5889 τὸ
2393 5836 2559 5908 ἄκρον
2589 5836 2777 5909 αὐτῆς.
