3652 6500
31 367 165 421 1009

1277 367 1367 420 AD
1401 363 1830 421 AUTOLYCUM
1865 363 1991 419 LIB.
2031 363 2093 417 ll.

3184 365 3321 419 Ιῦῗθ

31 485 378 555 ιυριεύσατε
430 483 595 554 αὐτῆς
617 525 632 545 ,
676 485 770 539 καὶ
803 485 996 556 ἄρχετε
1028 482 1137 537 τῶν
1180 483 1375 554 ἰχθύων
1406 482 1505 552 τῆς
1536 481 1633 535 θα-

1817 480 1959 532 omni
1984 479 2159 548 reptili
2186 481 2378 547 repenti
2411 497 2565 551 super
2591 491 2809 543 terram,
2834 482 2971 551 quod
2994 481 3145 534 liabet
3176 483 3229 534 in
3266 498 3322 535 se

31 581 238 648 ιάσσης
260 616 277 640 ,
328 578 435 631 καὶ
457 577 565 631 τῶν
598 578 859 629 πετεινῶν
883 576 974 630 τοῦ
1002 576 1232 648 οὐρανοῦ
1249 616 1263 639 ,
1300 578 1397 629 καὶ
1422 575 1636 628 πάντων

31 670 129 722 τῶν
157 669 429 741 κτηνῶν,
458 670 549 723 καὶ
576 671 755 739 πάσης
781 669 879 739 τῆς
902 668 1023 739 γῆς,
1053 670 1146 721 καὶ
1170 668 1387 721 πάντων
1418 666 1526 719 τῶν
1557 669 1639 738 ἐρ-

29 760 211 815 πετῶν
236 760 361 813 τῶν
390 762 671 832 ἑρπόντων
703 760 795 813 ἐπὶ
819 761 919 830 τῆς
948 759 1071 828 γῆς.
1104 761 1213 815 Kal
1246 753 1399 811 εἶπεν
1420 758 1449 809 6
1469 757 1601 820 Θεός
1620 774 1633 786 ·

31 853 167 905 Ἰδοὺ
224 852 460 905 δέδωκα
483 853 613 923 ὑμῖν
648 852 828 919 πάντα
851 852 1043 925 χόρτον
1074 852 1341 922 σπόριμον
1360 890 1374 914 ,
1419 852 1640 920 σπεῖρον

29 946 284 1015 σπέρμα,
322 945 355 1009 ὃ
392 948 543 998 ἐστιν
568 946 750 998 ἐπάνω
782 946 960 1015 πάσης
984 945 1084 1014 τῆς
1114 944 1219 1013 γῆς
1238 984 1253 1007 ,
1279 942 1375 996 καὶ
1407 944 1514 995 πᾶν
1546 941 1640 1008 ξύ-

29 1038 133 1095 ιον,
161 1034 192 1087 ὃ
218 1036 347 1105 ἔχει
374 1038 439 1088 ἐν
458 1036 605 1107 αὐτῷ
628 1037 839 1107 καρπὸν
865 1037 1178 1108 σπέρματος
1204 1036 1493 1108 σπόριμον,
1515 1036 1644 1105 ὑμῖν

29 1126 182 1177 ἔσται
212 1127 301 1189 εἱς
328 1126 563 1198 βρῶσιν,
590 1130 685 1181 καὶ
706 1130 870 1182 πᾶσιν
895 1132 1007 1192 τοῖς
1038 1128 1248 1201 Θηρίοις
1274 1131 1370 1201 τῆς
1402 1131 1524 1201 γῆς,
1549 1131 1643 1182 καὶ

29 1217 196 1268 πᾶσιν
227 1220 357 1279 τοῖς
395 1220 663 1281 πετεινοῖς
686 1217 783 1271 τοῦ
809 1218 1039 1289 οὐρανοῦ
1058 1260 1073 1283 ,
1105 1221 1200 1273 xal
1231 1221 1395 1273 παντὶ
1429 1218 1644 1291 ἑρπετῷ

30 1305 257 1378 ἕρποντι
289 1310 395 1362 ἐπὶ
429 1309 530 1379 τῆς
573 1310 713 1381 γῆς,
758 1310 786 1363 ὃ
828 1310 941 1381 ἔχει
986 1312 1043 1363 ἐν
1087 1310 1237 1381 αὐτῷ
1270 1312 1438 1383 πνοὴν
1466 1312 1641 1382 ζωῆς,

1742 573 1931 641 ﬂatum
1966 572 2086 625 vita'
2110 612 2123 634 ,
2168 589 2372 626 onmem
2404 574 2618 627 herbam
2656 574 2872 627 viridem
2917 574 2968 626 in
3016 591 3208 627 escam.
3252 572 3322 628 Et

1743 664 1946 732 factum
1981 673 2061 717 est
2099 665 2197 718 ita.
2232 663 2300 717 Et
2333 666 2460 719 vidit
2502 666 2642 720 Deus
2676 666 2854 719 omnia
2898 681 3218 734 quatcunque
3247 665 3326 733 fe-

1744 765 1907 819 cerat,
1937 764 1986 808 et
2016 772 2132 809 ecce
2156 766 2305 809 erant
2332 757 2481 811 valde
2511 757 2667 811 bona.
2696 755 2763 809 Et
2789 757 2990 824 factum
3009 766 3087 809 est
3120 771 3325 824 vespere

1743 857 1793 902 et
1825 847 2024 915 factum
2056 860 2132 901 est
2161 848 2455 915 mane,dies
2484 860 2700 909 sextus;
2731 861 2780 902 et
2815 847 3031 916 perfecti
3055 858 3180 902 sunt
3208 849 3326 901 coeli

1745 946 1795 989 et
1830 945 1971 990 terra
2000 948 2046 991 et
2079 939 2248 991 omnis
2274 949 2492 991 ornatus
2526 955 2725 993 eorum.
2754 940 3148 1010 Complet-itque
3183 938 3325 992 Deus

1744 1030 1828 1084 die
1849 1032 2069 1098 septimo
2100 1048 2255 1099 opera
2285 1049 2405 1093 sua,
2426 1049 2542 1103 qua:
2574 1032 2793 1100 fecerat,
2823 1045 2870 1088 et
2894 1034 3141 1103 requievit
3166 1033 3218 1085 in
3242 1034 3327 1086 die

1746 1124 1966 1190 septimo
2010 1122 2074 1175 ab
2126 1124 2366 1176 omnibus
2414 1124 2656 1193 operibus
2688 1126 2798 1177 suis
2846 1141 2961 1194 qua’
2999 1125 3211 1193 fecerat.
3258 1122 3325 1175 Et

1746 1214 2008 1268 benedixit
2033 1214 2171 1269 Deus
2199 1214 2304 1269 diei
2332 1218 2574 1285 septimo,
2595 1218 2719 1285 quia
2751 1218 2805 1269 in
2836 1219 2949 1283 ipso
2978 1217 3227 1287 requievit
3260 1216 3327 1269 ab

1748 1308 1990 1362 omnibus
2012 1308 2255 1375 operibus
2277 1312 2410 1370 suis,
2434 1325 2550 1380 qua:
2579 1319 2803 1377 ceperat
2832 1309 2973 1363 Deus
3006 1311 3201 1378 facere.

28 1402 213 1455 πάντα
240 1404 455 1475 χόρτον
480 1402 688 1475 χλωρὸν
712 1406 790 1466 ε-ίς
819 1402 1040 1475 βρῶσιν.
1072 1404 1180 1457 Καὶ
1204 1404 1427 1471 ἐγένετο
1461 1403 1652 1467 οὕτως.
1689 1403 1799 1456 Kal
1826 1397 1967 1457 εἶδεν
2019 1405 2049 1455 6
2100 1401 2232 1464 Θεὸς
2276 1402 2454 1455 πάντα
2490 1402 2589 1453 ὅσα
2616 1401 2841 1473 ἐποίησε
2861 1442 2876 1465 ,
2906 1404 2999 1455 καὶ
3037 1402 3147 1455 ἰδοὺ
3188 1398 3328 1453 καλά

28 1496 172 1549 λίαν.
215 1474 343 1549 Kal
378 1474 603 1564 ἐγένετο
660 1474 867 1567 ἑσπέρα
914 1498 1008 1550 καὶ
1046 1496 1266 1565 ἐγένετο
1304 1495 1674 1569 πρωῒ,ὴμέρα
1712 1494 1866 1566 ἕκτη.
1915 1494 2025 1548 Kal
2091 1492 2549 1563 συνετελέσθησαν
2580 1494 2608 1546 6
2639 1493 2865 1564 οὐρανὸς
2904 1494 3059 1564 καὶή
3095 1493 3163 1562 γῆ
3185 1532 3199 1555 ,
3235 1493 3331 1545 καὶ
3432 1474 3433 1477 η

32 1593 139 1651 πᾶς
181 1591 211 1642 6
254 1590 481 1660 κόσμος
507 1589 706 1643 αὐτῶν.
750 1591 861 1644 Kal
906 1590 1250 1643 συνετέλεσεν
1275 1593 1303 1643 6
1328 1589 1461 1654 Θεὸς
1488 1592 1546 1642 ἐν
1570 1593 1638 1660 τῇ
1665 1589 1851 1660 ἡμέρᾳ
1886 1592 1952 1659 τῇ
1980 1589 2117 1661 ἕκτῃ
2141 1588 2209 1641 τὰ
2237 1587 2372 1658 ἔργα
2402 1586 2570 1640 αὐτοῦ
2589 1627 2603 1649 ,
2639 1587 2674 1640 ἃ
2726 1588 2969 1660 ἐποίησε,
3015 1589 3110 1642 καὶ
3170 1587 3332 1640 κατέ-

35 1697 247 1734 παυσεν
278 1683 344 1734 ἐν
373 1683 443 1753 τῇ
472 1681 656 1752 ἡμέρᾳ
692 1684 757 1751 τῇ
797 1680 1001 1753 ἐϐδόμῃ
1036 1681 1145 1735 ἀπὸ
1202 1682 1419 1735 πάντων
1472 1680 1581 1733 τῶν
1614 1680 1792 1750 ἔργων
1834 1679 2035 1741 αὑτοῦ,
2096 1672 2172 1731 ὧν
2210 1677 2457 1749 ἐποίησε.
2500 1677 2611 1731 Kal
2667 1676 2959 1749 εὐλόγησεν
3002 1681 3029 1731 6
3069 1679 3201 1743 Θεὸς
3231 1680 3331 1749 τὴν

33 1772 255 1843 ἡμέραν
279 1772 391 1843 τὴν
422 1772 683 1844 ἐϐδὸμην,
713 1772 808 1826 καὶ
830 1774 1057 1844 ἡγίασεν
1083 1772 1250 1844 αὐτὴν
1269 1816 1283 1839 ,
1311 1774 1393 1826 ὅτι
1419 1775 1477 1826 ἐν
1503 1772 1638 1843 αὐτῇ
1680 1772 2024 1825 κατέπαυσεν
2051 1771 2157 1825 ἀπὸ
2184 1770 2401 1824 πάντων
2438 1768 2546 1822 τῶν
2574 1769 2749 1841 ἔργων
2770 1771 2959 1829 αὑτοῦ,
3002 1765 3077 1824 ὧν
3121 1768 3327 1841 ἤρξατο

34 1865 63 1916 ὸ
84 1863 220 1927 Θεὸς
257 1862 519 1932 ποιῆσαι.
549 1882 567 1913 ι

109 1958 197 2011 12.
235 1957 359 2027 Τῆς
429 1957 527 2027 μὲν
565 1951 658 2010 οὖν
713 1956 1050 2030 Ἐξαημέρου
1108 1957 1285 2021 οὐδεὶς
1342 1955 1645 2027 ἀνθρώπων
1675 1978 1718 2032 Β

39 2049 264 2113 δυνατὸς
295 2049 426 2103 κατ’
456 2049 612 2116 ἀξίαν
651 2050 752 2120 τὴν
785 2048 1044 2121 ἐξήγησιν
1086 2050 1180 2102 καὶ
1208 2048 1306 2121 τὴν
1331 2047 1642 2119 οἰκονομίαν

44 2144 222 2195 πᾶσαν
270 2141 539 2205 ἐξειπεῖν,
570 2142 688 2195 οὐδὲ
718 2144 765 2194 εί
800 2142 968 2214 μυρία
1012 2143 1257 2213 στόματα
1290 2140 1403 2211 ἔχοι
1423 2140 1517 2194 καὶ
1546 2158 1644 2210 μυ-

47 2233 166 2305 ρίας
195 2232 465 2300 γλώσσας
483 2250 495 2261 ·
528 2231 642 2286 ἀλλ’
678 2232 799 2286 οὐδὲ
828 2236 877 2286 εί
900 2234 1114 2304 μυρίοις
1143 2232 1287 2285 ἐτεσι
1323 2231 1509 2303 βιώσει
1536 2249 1640 2294 τις,

48 2322 334 2394 ἐπιδημῶν
367 2326 429 2377 ἐν
482 2323 618 2394 τῶδε
662 2323 742 2394 τῷ
777 2324 896 2393 βίῳ,
926 2322 1044 2376 οὐδέ
1086 2322 1257 2386 οὕτως
1283 2322 1436 2376 ἔσται
1464 2322 1644 2385 ἱκανὸς

48 2416 181 2485 πρὸς
209 2416 398 2468 ταῦτα
440 2414 606 2479 ἀξίως
646 2433 701 2467 τι
735 2417 909 2468 είπεῖν
952 2413 1039 2467 διὰ
1077 2414 1139 2467 τὸ
1170 2414 1505 2484 ὑπερϐάλλον
1551 2414 1645 2484 μέ-

50 2510 203 2576 γεθος
234 2510 332 2563 καὶ
360 2510 456 2562 τὸν
482 2508 710 2563 πλοῦτον
736 2508 837 2578 τῆς
864 2507 1052 2573 σοφίας
1067 2508 1161 2561 τοῦ
1176 2507 1333 2571 Θεοῦ,
1349 2508 1450 2579 τῆς
1478 2507 1644 2577 οὕσης

54 2604 105 2653 ἐν
130 2601 306 2671 ταύτῃ
338 2604 411 2672 τῇ
443 2600 913 2673 προγεγραμμένῃ
947 2599 1289 2671 Ἐξαημέρῳ.
1326 2600 1516 2653 Πολλοὶ
1547 2601 1644 2671 μὲν

53 2688 141 2744 οὖν
172 2692 283 2745 τῶν
315 2692 683 2763 συγγραφέων
714 2693 1075 2763 ἐμιμήσαντο,
1101 2691 1194 2745 καὶ
1224 2690 1495 2763 ⁴ηθέλησαν
1516 2691 1644 2762 περὶ

55 2783 253 2837 τούτων
281 2784 543 2855 διήγησιν
583 2783 932 2853 ποιήσασθαι,
962 2782 1138 2836 καίτοι
1180 2781 1433 2847 λαϐόντες
1459 2783 1643 2837 ἐντεῦ-

60 2877 143 2929 θεν
168 2877 267 2941 τὰς
307 2875 590 2948 ἀφορμὰς,
621 2877 741 2946 ἢτοι
776 2875 903 2944 περὶ
944 2874 1148 2944 κόσμου
1179 2873 1428 2936 κτίσεως,
1458 2874 1490 2944 ἢ
1518 2876 1645 2947 περὶ

58 2967 267 3035 φύσεως
308 2968 624 3038 ἀνθρώπου,
664 2968 757 3021 καὶ
794 2966 917 3020 οὺδέ
941 2967 1001 3020 τὸ
1035 2966 1197 3038 τυχὸν
1225 2966 1468 3038 ἕναυσμα
1498 2968 1645 3034 ἄξιόν

62 3076 111 3111 τι
132 3060 228 3129 τῆς
251 3060 515 3130 ἀληθείας
543 3060 774 3124 ἐξεῖπον.
810 3062 967 3113 Δοκεῖ
998 3059 1055 3113 δὲ
1079 3059 1148 3112 τὰ
1180 3059 1287 3111 ὑπὸ
1312 3058 1420 3111 τῶν
1436 3059 1646 3128 φιλοσό-

63 3169 169 3219 φων
200 3154 232 3224 ἥ
267 3154 635 3225 συγγραφέων
662 3152 753 3205 καὶ
793 3150 1029 3222 ποιητῶν
1055 3152 1318 3223 εἰρημένα
1358 3150 1645 3216 ἀξιόπιστα

71 3245 159 3313 μὲν
201 3241 368 3309 εἶναι,
413 3247 567 3317 παρά
615 3246 676 3298 τὸ
733 3245 929 3317 φράσει
966 3243 1431 3298 κεκαλλωπίσθαν
1461 3246 1645 3316 μωρὸς

65 3334 115 3386 δὲ
144 3338 233 3389 καὶ
266 3337 429 3401 κενὸς
456 3340 484 3391 6
511 3337 666 3405 λόγος
690 3335 867 3389 αὐτῶν
898 3336 1193 3399 δείκνυται,
1224 3338 1308 3390 ὅτι
1350 3337 1517 3409 πολλὴ
1548 3338 1643 3408 μὲν
1671 3341 1714 3400 C

68 3424 265 3493 πληθὺς
306 3428 412 3497 τῆς
450 3426 717 3498 φλυαρίας
762 3426 940 3480 αὐτῶν
984 3429 1135 3480 ἐστι’
1159 3426 1221 3481 τὸ
1255 3428 1421 3497 τυχὸν
1461 3428 1517 3482 δὲ
1546 3429 1645 3499 τῆς

68 3516 313 3588 ἀληθείας
358 3524 419 3574 ἐν
464 3522 647 3585 αὐτοῖς
693 3520 792 3591 οὐχ
840 3521 1167 3591 εὑρίσκεται.
1216 3522 1326 3575 Kal
1373 3522 1480 3593 γὰρ
1517 3522 1645 3575 εἴτι

69 3608 205 3664 δοκεῖ
218 3613 422 3683 ἀληθὲς
442 3614 509 3666 δι’
538 3612 717 3667 αὐτῶν
737 3614 1178 3684 ἐκπεφωνῆσθαι,
1206 3614 1507 3685 σύγκρασιν
1534 3614 1645 3685 ἔχει

71 3705 131 3772 τῇ
174 3703 369 3776 πλάνη.
416 3704 681 3777 Καθάπερ
728 3704 839 3775 γὰρ
882 3706 1172 3777 φάρμακόν
1225 3723 1279 3759 τι
1321 3706 1646 3777 δηλητήριον

72 3795 368 3865 συγκραθὲν
404 3795 601 3865 μέλιτι,
627 3796 661 3866 ἢ
691 3796 837 3865 οἴνῳ,
872 3796 904 3865 ἢ
938 3796 1108 3868 ἑτέρῳ
1136 3795 1263 3858 τινὶ,
1286 3793 1347 3847 τὸ
1372 3796 1478 3848 πᾶν
1506 3797 1647 3847 ποιεῖ

78 3882 322 3957 βλαϐερὸν
351 3886 448 3939 καὶ
477 3886 747 3957 ἄχρηστον
770 3903 783 3915 ο
822 3885 995 3949 οὕτως
1041 3886 1132 3939 καὶ
1160 3888 1193 3957 ἡ
1244 3889 1301 3939 ἐν
1333 3886 1516 3949 αὐτοῖς
1546 3903 1643 3937 πο-

74 3972 277 4043 λυλογία
322 3978 637 4049 εὑρίσκεται
688 3979 1066 4049 ματαιοπονία,
1104 3979 1199 4032 καὶ
1240 3978 1412 4049 βλάϐη
1445 3978 1645 4048 μᾶλλον

75 4066 175 4125 τοῖς
226 4066 564 4137 πειθομένοις
604 4069 761 4137 αὐτῇ.
795 4068 915 4121 Ἔτι
947 4068 1052 4139 μὴν
1083 4068 1175 4120 καὶ
1204 4067 1329 4138 περὶ
1372 4066 1471 4138 τῆς
1499 4067 1648 4120 ἐϐδό-

80 4170 175 4223 μης
192 4156 300 4223 (99)
332 4162 571 4231 ἡμέρας,
602 4160 668 4231 ἣν
697 4161 897 4223 πάντες
930 4160 1026 4230 μὲν
1045 4158 1329 4233 ἄνθρωποι
1353 4158 1645 4230 ὀνομάζου-

80 4259 170 4307 σιν,
189 4250 234 4299 οί
256 4248 310 4302 δὲ
338 4251 555 4315 πλείους
582 4251 864 4319 ἀγνοοῦσιν
884 4268 899 4281 ·
930 4252 1013 4304 ὅτι
1042 4251 1169 4321 παρ’
1201 4251 1471 4322 Ἑϐραίοις
1497 4251 1525 4303 ὃ
1542 4268 1643 4305 κα-

78 4330 234 4388 λεῖται
257 4340 530 4393 σάϐϐατον
558 4340 857 4411 Ἑλληνιστὶ
874 4342 1234 4413 ἑρμηνεύεται
1251 4342 1486 4413 ἑϐδομὰς
1504 4344 1639 4413 (25),

78 4420 187 4489 ἥτις
214 4429 289 4490 εἰς
348 4433 459 4484 πᾶν
504 4431 660 4499 γένος
693 4429 802 4502 ('24)
834 4430 1136 4502 ἀνθρώπων
1167 4429 1490 4501 ὀνομάζεται
1523 4433 1641 4502 μὲν,

151 4603 256 4676 (22)
284 4607 406 4660 Ἔτι
431 4606 561 4678 μὴν
591 4606 687 4659 καὶ
714 4605 845 4673 περὶ
883 4604 995 4672 τῆς
1035 4603 1308 4678 ἑϐδόμης.
1364 4601 1640 4678 Nonnulla

1824 1948 1911 2003 12.
1950 1948 2032 2001 Ea:
2065 1948 2198 2002 libro
2235 1946 2447 2002 Genesis
2496 1949 2754 2003 nonnulla
2791 1948 2961 2004 Gra'ci
3017 1952 3328 2017 hauserunt,

1747 2035 1839 2091 sed
1866 2053 1928 2089 ea
1980 2045 2346 2104 corruperunt.
2382 2065 2453 2075 —
2496 2035 2672 2105 Hujus
2728 2047 2910 2093 autem
2963 2056 3059 2096 sex
3116 2042 3332 2099 dierum

1745 2130 1927 2200 operis
1986 2144 2147 2183 nemo
2199 2138 2285 2183 est
2347 2127 2652 2195 hominum,
2686 2132 2779 2201 qui
2829 2149 2926 2202 pro
2959 2134 3035 2187 rei
3064 2134 3333 2205 dignitate

1744 2221 2148 2276 enarrationem
2201 2228 2253 2273 et
2312 2219 2739 2291 descriptionem
2804 2218 3033 2279 omnem‘
3059 2226 3333 2294 explicare

1744 2312 1940 2382 possit,
1965 2310 2181 2365 etiamsi
2236 2309 2422 2364 decem
2480 2312 2627 2366 mille
2673 2328 2770 2367 ora
2810 2314 3029 2379 habeat,
3057 2322 3111 2369 et
3142 2316 3333 2372 decem

1744 2403 1891 2456 mille
1928 2402 2165 2472 linguas.
2216 2401 2395 2473 Atque
2434 2404 2646 2458 etiamsi
2686 2405 2810 2474 quis
2838 2404 3023 2460 decem
3060 2406 3209 2463 mille
3234 2422 3333 2462 ano

1745 2509 1847 2549 nos
1869 2493 2035 2555 vivat,
2063 2494 2119 2547 in
2151 2493 2252 2548 hac
2284 2502 2428 2549 terra
2465 2496 2786 2566 peregrinus
2806 2536 2820 2559 ,
2872 2513 2941 2551 ne
2969 2506 3083 2552 tum
3114 2498 3331 2569 quidem

1746 2586 1849 2639 erit
1913 2576 2165 2649 idoneus,
2228 2586 2319 2655 qui
2374 2585 2441 2641 de
2483 2586 2569 2642 bis
2629 2586 2791 2658 digne
2832 2588 3113 2659 quidpiam
3160 2590 3336 2658 dicat,

1745 2686 1967 2747 propter
1995 2687 2415 2747 exsuperantem
2442 2679 2871 2749 magnitudinem
2903 2688 2959 2735 et
2990 2682 3209 2738 divitias
3243 2698 3334 2737 sa-

1745 2769 1964 2838 pientiae
1992 2767 2107 2835 Dei,
2136 2785 2258 2840 qua:
2289 2772 2440 2841 Operi
2472 2787 2567 2826 sex
2600 2770 2813 2826 dierum
2854 2788 3020 2843 supra
3051 2774 3332 2846 descripto

1745 2860 1908 2914 inest.
1945 2860 2023 2913 Ac
2046 2861 2201 2914 multi
2226 2861 2445 2931 quidem
2468 2862 2767 2935 scriptorcs
2797 2864 2929 2918 illud
2962 2866 3156 2921 imitati
3179 2878 3331 2932 sunt,

1744 2961 1800 3007 et
1838 2953 1906 3007 de
1935 2953 2020 3007 bis
2053 2954 2218 3009 rebus
2250 2969 2477 3010 narrare
2499 2956 2738 3026 aggressi
2762 2974 2776 3023 ;
2803 2956 2897 3011 sed
2923 2960 3175 3027 quamvis
3206 2962 3335 3016 inde

1746 3045 2064 3115 adjumenta
2094 3048 2198 3102 sibi
2224 3060 2503 3103 sumerent
2522 3050 2709 3103 mundi
2728 3050 3028 3106 creationis
3045 3062 3100 3106 et
3123 3062 3334 3110 naturae

1746 3135 1985 3193 hominis
2013 3139 2375 3207 explicanda},
2408 3148 2590 3194 tamen
2638 3156 2705 3195 ne
2742 3149 2957 3197 tenuem
2991 3144 3210 3214 quidem
3238 3160 3334 3200 ve-

1747 3228 1928 3284 ritatis
1961 3230 2251 3285 scintillam
2288 3232 2506 3303 assequi
2570 3242 2895 3305 potuerunt.
2934 3232 3202 3291 Videntur
3229 3252 3331 3291 au-

1748 3326 1858 3372 tem
1920 3334 2041 3388 qua:
2104 3335 2132 3372 a
2187 3320 2528 3393 philosophis
2570 3330 2625 3377 et
2662 3324 3026 3394 scriptoribus
3075 3335 3130 3381 et
3158 3332 3333 3398 poetis

1750 3411 1895 3467 dicta
1922 3428 2070 3477 sunt,
2103 3415 2206 3470 ﬁde
2234 3414 2397 3486 digna
2417 3432 2559 3480 esse,
2579 3417 2708 3486 quia
2741 3420 3013 3476 sermonis
3043 3422 3333 3490 splendore

1748 3502 2128 3571 illustrantur;
2161 3506 2342 3561 inanis
2374 3514 2557 3560 tamen
2590 3514 2643 3560 et
2695 3507 2904 3562 insulsa
2940 3524 3128 3563 eorum
3152 3512 3332 3565 oratio

1747 3610 1813 3649 ex
1848 3611 1913 3649 eo
1936 3596 2273 3662 declaratur,
2307 3599 2453 3667 quod
2514 3598 2790 3654 luxurient
2838 3600 2980 3669 apud
3030 3617 3123 3656 eos
3152 3620 3328 3674 ungat.

1747 3702 1811 3741 ac
1852 3688 2097 3743 veritatis
2157 3706 2223 3744 ne
2274 3690 2383 3744 ulla
2432 3690 2653 3760 quidem
2693 3692 2963 3759 particula
2996 3694 3327 3751 inveniatur.

1746 3779 1881 3836 Nam
1922 3782 1967 3835 si
1998 3781 2129 3851 quid
2163 3785 2273 3835 veri
2319 3783 2390 3837 ab
2438 3785 2505 3837 iis
2544 3784 2896 3853 prmdieatum
2938 3786 3175 3850 videtur,
3202 3804 3328 3859 per-

1748 3870 1969 3925 mistum
1997 3882 2079 3927 est
2107 3888 2313 3926 errore.
2347 3872 2425 3927 Ae
2481 3875 2941 3944 quemadmodum
2974 3877 3327 3947 pharmacum

1747 3962 1967 4033 aliquod
1993 3964 2354 4030 mortiferum,
2388 3968 2433 4022 si
2472 3966 2631 4021 melle
2678 3974 2773 4021 ant
2820 3969 2948 4024 vino
2976 3977 3069 4024 aut
3117 3970 3222 4026 alia
3269 3988 3329 4031 re

1746 4056 2063 4124 hujusmodi
2109 4060 2528 4126 permisceatur,
2583 4066 2757 4117 totum
2795 4060 2987 4116 inutile
3023 4070 3078 4119 et
3102 4064 3329 4134 pestife-

1747 4163 1867 4201 rum
1890 4150 2051 4203 ellicit
2070 4193 2085 4216 ,
2115 4149 2189 4203 ita
2216 4166 2406 4205 eorum
2429 4151 2644 4207 dicendi
2682 4154 2838 4222 copia
2862 4154 2999 4208 nihil
3029 4156 3176 4211 aliud
3203 4172 3328 4212 esse

1747 4240 2043 4303 invenitur,
2076 4256 2238 4311 quam
2277 4242 2565 4299 laboriosae
2610 4259 2788 4315 nugae,
2832 4246 3111 4316 magisque
3140 4248 3327 4317 perni-

1747 4333 1860 4385 cies
1909 4346 2032 4385 esse
2055 4347 2270 4395 eorum,
2304 4334 2398 4402 qui
2428 4335 2475 4389 ei
2523 4336 2921 4389 assentiuntur.
2955 4334 3121 4406 358
3150 4338 3229 4390 Ac
3257 4337 3326 4393 de

1745 4420 1834 4476 die
1864 4422 2029 4476 etiam
2083 4424 2317 4493 septimo
2342 4425 2509 4480 locuti
2542 4434 2693 4490 sunt,
2725 4426 2883 4495 cujus
2910 4443 3106 4483 nomen
3134 4444 3326 4484 omnes

1746 4603 2116 4673 scptenarium
2163 4622 2454 4661 numerum
2491 4608 2753 4669 (absurda
2816 4608 3008 4663 fuisset
3038 4625 3103 4665 ac
3143 4610 3324 4667 Theo-

84 4668 472 4748 bie'su'pplcnd'a
494 4668 722 4738 sunt,ac
743 4668 805 4748 ea
838 4668 1140 4748 revocanda
1164 4668 1284 4748 quae
1316 4674 1478 4748 paulo
1511 4684 1637 4729 ante
1671 4682 1712 4737 ι)
1743 4668 2033 4748 ph'lo‘non
2062 4675 2224 4745 digna
2254 4678 2525 4745 ejusmodi
2574 4680 2945 4748 reprehensio)
2991 4691 3086 4735 aut
3122 4684 3323 4738 sabba-

84 4740 515 4818 descriptoribus
547 4747 790 4818 profanis
840 4746 1077 4818 dicebat.
1110 4740 1206 4818 eos
1247 4740 1486 4818 imitatos
1510 4761 1633 4800 esse

85 4808 631 4877 librum-Genesisfac
662 4817 729 4871 de
762 4816 948 4870 mundi
979 4815 1258 4869 creatione
1289 4825 1343 4868 et
1394 4816 1631 4869 humana

87 4891 262 4955 natura
314 4890 579 4943 nonnulla
607 4888 833 4943 dixisse.
865 4885 1030 4940 Addit
1061 4900 1193 4955 ergo
1226 4899 1321 4939 eos
1352 4893 1405 4939 et
1435 4884 1502 4939 de
1548 4902 1637 4941 se-

87 4954 233 5018 P‘ima
260 4959 345 5015 die
376 4978 483 5014 non
512 4960 770 5013 tacuisse.

114 5024 253 5100 ,(23)
294 5028 586 5099 Έϐδομάς.
614 5029 726 5083 Hac
778 5042 921 5100 voce
960 5025 1257 5100 signiﬁcari
1299 5035 1481 5100 potest
1511 5040 1638 5100 spa-

93 5096 211 5169 tium
261 5096 463 5169 septeni
492 5100 704 5154 dierum
733 5116 746 5154 :
780 5099 874 5153 sed
911 5098 1012 5152 hoc
1046 5101 1164 5169 loco
1189 5097 1463 5169 signiﬁcat
1493 5096 1637 5169 diem

94 5165 379 5240 §eptim_uni,
427 5186 588 5240 quem
645 5169 805 5240 paulo
857 5175 983 5223 ante
1028 5165 1341 5240 dixerat'ab
1372 5167 1629 5240 omnibus

96 5227 378 5294 hominibus
408 5227 690 5310 appellari.
724 5238 953 5293 Duczeus
991 5244 1247 5310 autemet
1274 5236 1506 5292 Wolﬁus
1532 5238 1631 5310 ob-

97 5308 494 5378 §nrvauterrare
544 5308 905 5378 Theophilum
938 5310 990 5361 in
1022 5308 1473 5377 interpretatione
1504 5308 1633 5361 sab-

96 5365 212 5449 bati,
233 5376 273 5428 si
298 5377 433 5434 hanc
464 5395 676 5443 vocem,
700 5365 870 5449 'qnam
896 5378 1082 5431 Graece
1103 5365 1224 5431 esse
1245 5378 1634 5432 hebdomadem

100 5447 180 5501 ιλιι.
212 5458 244 5518 _a
272 5452 574 5518 septenario
617 5447 844 5505 numero
879 5463 1070 5516 nelnpe
1108 5457 1256 5510 mw,
1289 5464 1396 5518 non
1458 5456 1638 5502 autem

102 5513 304 5590 {lquiete
330 5513 520 5590 nempe
537 5531 672 5582 nam
699 5513 1297 5590 deductamputaverit.
1318 5517 1511 5573 Utrum
1545 5531 1642 5570 au-

104 5582 195 5652 tein
223 5584 314 5641 hoc
355 5582 668 5645 levi'errore
704 5582 1055 5652 laboraveri't,
1094 5589 1316 5641 minime
1363 5594 1633 5644 statuunt.

106 5642 248 5725 Reple
270 5642 461 5714 factum
489 5642 560 5714 ab
582 5642 823 5715 eruditis
843 5659 977 5711 viris
995 5642 1140 5725 quod
1166 5657 1435 5725 judicium
1474 5642 1632 5712 suum

105 5719 432 5797 cohibuerint.
465 5730 580 5784 Non
612 5730 986 5785 enimGrtecos
1012 5719 1253 5797 exagitat
1273 5726 1632 5797 Theophilus,

110 5792 229 5853 ιιυοίι
252 5802 508 5856 nescirent
532 5802 815 5856 sabbatum
848 5800 989 5871 apud
1026 5792 1283 5851 llelirmos
1311 5792 1495 5854 Graece
1514 5813 1638 5854 esse

1742 4744 1856 4823 tum
1886 4744 2197 4823 Judzeorum
2232 4744 2477 4823 septima;
2512 4744 2652 4823 apud
2673 4744 3050 4823 _Grtecgs'lu_ci
3096 4768 3325 4823 respon-

1741 4816 1900 4894 dere;
1931 4817 1981 4870 id
2013 4817 2157 4871 enim
2189 4819 2365 4873 oculis
2393 4822 2524 4894 suis
2547 4816 2803 4894 videbant
2833 4819 3027 4882 Graeci,
3064 4816 3237 4894 neque
3266 4826 3323 4881 in

1743 4888 1847 4940 hoc
1878 4903 2064 4965 errare
2112 4894 2382 4965 μῠιειστιιιι.
2424 4888 2527 4944 Sed
2586 4890 2639 4965 in
2673 4890 2775 4965 hoc
2813 4906 2909 4944 eos
2938 4888 3324 4965 carpitfquud

1744 4972 1866 5010 cun:
1900 4958 2186 5011 sabbatum
2227 4957 2540 5013 Judaaorum
2589 4960 2902 5026 irriderent,
2934 4957 3212 5019 nesi'ireni
3243 4974 3325 5019 ta-

1747 5042 1870 5080 men
1894 5027 2195 5101 sabbatum
2224 5030 2358 5084 nihil
2398 5031 2543 5084 aliud
2576 5046 2697 5085 esse
2720 5046 2881 5101 quam
2914 5034 3201 5101 septimam
3236 5038 3323 5089 lu-

1748 5112 1888 5155 cem.
1915 5104 1969 5171 et
2004 5099 2124 5152 ideo
2155 5099 2491 5169 singularem
2536 5099 2749 5155 habere
2781 5102 2925 5171 apud
2973 5099 3193 5159 Iudaeos
3224 5107 3325 5159 οι)⁴

1734 5168 2280 5242 ξοινιιιι-οηυιηηιιυίιι
2325 5172 2555 5240 septima
2596 5171 2688 5225 lux
2712 5168 2890 5237 est,'in
2926 5189 3032 5242 qua
3061 5175 3321 5229 nimirum

1735 5235 1965 5309 Deusab
1991 5235 2251 5309 operibus
2288 5235 2571 5309 requievit.

1813 5306 1924 5384 (ει)
1960 5311 2062 5384 Εἰς
2094 5308 2219 5363 πᾶν
2250 5306 2441 5379 γένος.
2479 5309 2753 5384 Nonnulla
2800 5311 3052 5384 veritatis
3089 5312 3321 5384 vestigia

1740 5378 1882 5448 apud
1897 5380 2128 5444 gentiles
2157 5378 2371 5434 servata
2398 5393 2510 5435 tum
2543 5382 2597 5436 in
2621 5391 2833 5450 septem
2866 5382 3076 5436 dierum
3110 5378 3323 5439 vicibus

1744 5450 2119 5523 numerandis,
2179 5459 2291 5503 tum
2347 5452 2399 5505 in
2447 5452 2627 5523 aliqua
2659 5452 3165 5523 sabbatigreligione
3188 5457 3320 5509 reti-

1746 5519 1945 5592 nenda,
1978 5527 2249 5592 testantur
2273 5523 2481 5592 antiqui
2517 5519 2837 5592 scriptores.
2872 5519 3076 5578 Praeter
3108 5523 3321 5579 Aristo-

1737 5590 1949 5661 bulum,
1972 5590 2149 5661 cujus
2179 5590 2555 5647 testimonium
2593 5590 2771 5648 exstat
2806 5594 2947 5661 apud
2982 5594 3319 5650 Clementem

1742 5659 2172 5731 Alexandrinum
2223 5673 2277 5715 et
2319 5662 2515 5717 Euseb.
2565 5662 2741 5729 Prmp.
2774 5659 3007 5731 evangel.
3048 5665 3141 5720 lib.
3190 5681 3315 5731 xm,

1744 5729 1887 5801 i_d_em
1906 5732 2233 5801 conﬁrmant
2257 5731 2431 5796 Philo,
2456 5750 2491 5789 ll
2511 5732 2586 5787 De
2614 5732 2796 5786 ntuudi
2827 5729 2957 5801 opif.
2992 5743 3045 5789 et
3073 5752 3108 5788 ιι
3136 5735 3206 5790 De
3224 5729 3316 5792 vit.

1745 5797 1920 5869 Moys.
1956 5809 2007 5857 et
2037 5800 2329 5875 Iosephus,
2349 5803 2447 5858 lib.
2493 5819 2529 5858 ιι
2568 5814 2752 5859 contra
2785 5797 3089 5873 Ap'piouem.
3120 5807 3224 5862 Sed
3262 5808 3319 5864 in
