3654 6528
65 367 204 422 i077

1260 367 1350 422 AD
1384 365 1814 424 AUTOLYCUM
1848 365 1977 421 LIB.
2015 364 2076 419 ll.

3182 351 3320 408 1078

60 485 362 555 στοιχείων
410 481 547 540 εἶναι
595 487 662 541 τὰ
707 489 796 540 ἐπὶ
833 488 930 559 τῆς
972 489 1073 560 γῆς
1119 489 1363 560 φυόμενα
1413 491 1549 561 πρὸς
1596 507 1617 542 τ

1794 496 1914 542 rant
1946 502 1974 541 a
2007 483 2374 540 luminaribus
2417 497 2540 538 esse
2569 479 2836 552 quidquid
2875 478 2930 532 in
2973 483 3116 531 terra
3147 472 3323 544 gigni-

59 577 281 630 ἀθετεῖν
315 578 413 630 τὸν
436 577 589 631 Θεόν.
631 579 727 632 Ἰν⁹
759 575 850 633 οὖν
879 579 940 631 τὸ
978 578 1173 649 ἀληθὲς
1203 578 1418 650 δειχθῇ,
1455 595 1653 649 προγε-

57 670 301 740 νέστερα
351 672 580 738 γέγονεν
627 671 709 725 τὰ
749 672 905 740 φυτά
947 673 1041 725 καὶ
1082 671 1150 725 τὰ
1198 673 1488 743 σπέρματα
1543 671 1652 724 τῶν

61 761 379 830 στοιχείων.
407 763 486 816 Τά
515 762 626 834 γὰρ
660 765 1094 834 μεταγενέστερα
1130 765 1189 817 ού
1222 764 1444 819 δύναται
1477 767 1651 818 ποιεῖν

56 852 120 902 τὰ
153 852 353 903 αὐτῶν
391 855 814 927 προγενέστερα.
845 855 1029 909 Ταῦτα
1057 855 1112 910 δὲ
1140 857 1336 927 δεῖγμα
1366 859 1459 911 καὶ
1480 858 1650 910 τύπον
1695 893 1700 897 -

56 943 242 1014 ὲπὲχει
299 946 548 1014 μεγάλου
603 948 915 1019 μυστηρίου.
963 949 1019 1002 Ὁ
1068 949 1174 1020 γάρ
1213 950 1361 1020 ἥλιος
1410 952 1467 1004 ἐν
1497 951 1649 1020 τύπῳ

54 1035 186 1087 Θεοῦ
210 1038 390 1089 ἐστιν
409 1055 424 1068 ·
456 1038 489 1108 ή
521 1038 580 1091 δὲ
611 1039 803 1111 σελήνη
835 1038 1123 1112 ἀνθρώπου
1153 1041 1284 1112 (45).
1321 1043 1431 1108 Καὶ
1461 1041 1648 1115 ὥσπερ

53 1129 99 1178 ό’
128 1127 289 1197 ἣλιος
347 1129 486 1183 πολὺ
550 1130 792 1203 διαφέρει
834 1132 936 1202 τῆς
993 1132 1220 1204 σελήνης
1276 1134 1500 1205 δυνάμει
1555 1135 1649 1187 καὶ

52 1217 198 1290 δόξῃ,
224 1220 387 1274 οὕτω
417 1222 554 1276 πολὺ
591 1222 836 1294 διαφέρει
867 1227 896 1278 ό
915 1224 1046 1288 Θεὸς
1075 1227 1173 1298 τῆς
1210 1226 1643 1298 ἀνθρωπότητος.

51 1312 159 1363 Καὶ
211 1311 484 1384 καθάπερ
514 1315 544 1366 ὁ
572 1313 720 1384 ήλιος
760 1314 975 1387 πλήρης
1019 1316 1249 1370 πάντοτε
1289 1317 1532 1388 διαμένει
1570 1318 1644 1390 μὴ

54 1402 303 1456 ἐλάσσων
361 1405 680 1475 γινόμενος,
730 1405 870 1459 οὓτω
923 1407 1152 1461 πάντοτε
1193 1410 1234 1461 6⁷
1269 1408 1400 1472 Θεὸς
1441 1409 1646 1472 τέλειος

49 1493 334 1564 διαμένει,
369 1496 589 1567 πλήρης
613 1496 687 1550 ὢν
714 1498 895 1570 πάσης
935 1499 1214 1568 δυνάμεως
1248 1501 1340 1554 καὶ
1377 1500 1646 1564 συνέσεως

52 1588 139 1637 καὶ
174 1586 382 1655 σοφίας
423 1590 520 1641 καὶ
551 1589 849 1654 ἀθανασίας
876 1593 968 1644 καὶ
999 1592 1217 1646 πάντων
1254 1591 1361 1644 τῶν
1403 1591 1638 1661 ἀγαθῶν.

60 1677 204 1730 Ἡδὲ
235 1679 449 1751 σελήνη
479 1681 622 1734 κατά
671 1682 816 1752 μῆνα
859 1683 1064 1752 φθίνει,
1111 1685 1212 1738 καῖ
1247 1684 1470 1756 δυνάμει
1511 1685 1644 1738 ἀπο-

52 1767 303 1838 θνήσκει,
338 1771 401 1823 ὲν
447 1770 606 1842 τύπῳ
654 1770 786 1826 οὖσα
827 1774 1138 1847 ἀνθρώπου·
1178 1775 1365 1830 ἔπειτα
1413 1780 1640 1845 ἀναγεν-

49 1860 198 1910 vitat
234 1862 338 1912 καὶ
371 1861 530 1927 αὖξει
579 1866 659 1927 είς
691 1865 889 1936 δεῖγμα
931 1867 1033 1936 τῆς
1086 1867 1385 1938 μελλούσης
1426 1868 1642 1922 ἔσεσθαι

50 1952 426 2017 ἀναστάσεως.
465 1956 736 2021 Ὡσαύτως
764 1961 858 2012 καὶ
886 1961 942 2013 αἱ
971 1963 1118 2031 τρεῖς
1147 1961 1353 2031 ἡμέραι
1392 1961 1501 2014 τῶν
1540 1980 1644 2032 φω-

51 2044 258 2113 στήρων
294 2045 414 2115 (46)
452 2051 727 2115 γεγονυῖαι
759 2049 919 2102 τύποι
960 2051 1093 2103 είσὶν
1125 2051 1224 2120 τῆς
1253 2052 1507 2123 Τριάδος,
1547 2050 1642 2104 τοῦ

50 2132 196 2197 Θεοῦ,
239 2138 340 2188 καὶ
374 2136 476 2189 τοῦ
509 2138 682 2207 Λόγου
707 2139 902 2206 αὑτοῦ,
937 2142 1032 2194 καὶ
1064 2141 1164 2212 τῆς
1197 2142 1396 2211 Σοφίας
1451 2142 1638 2196 αὑτοῦ.

50 2224 300 2296 Τετάρτῳ
338 2227 402 2280 δὲ
441 2229 600 2300 τύπῳ
651 2231 760 2303 (47)
804 2233 948 2286 ἐστὶν
983 2233 1266 2306 ἄνθρωπος
1304 2237 1331 2288 ὁ
1373 2235 1642 2306 προσδεὴς

49 2315 132 2368 τοῦ
163 2317 370 2386 φονεὺς,
408 2320 499 2372 ἵνα
595 2322 951 2391 Θεὺς,Λόγος,
984 2325 1174 2395 Σοφία,
1211 2324 1511 2396 ἄνθρωπος.
1543 2327 1640 2379 Διά

49 2407 191 2461 τοῦτο
221 2411 320 2462 καὶ
359 2415 432 2482 τῇ
462 2414 702 2485 τετάρτῃ
732 2415 912 2486 ἡμέρᾳ
941 2417 1304 2488 ἐγεννήθησαν
1332 2417 1638 2489 φωστῆρες.

60 2500 115 2553 Ἡ
151 2502 208 2554 δὲ
243 2503 363 2555 τῶν
402 2505 620 2575 ἄστρων
667 2506 816 2570 θέσις
847 2508 1156 2580 οἰκονομίαν
1197 2510 1291 2562 καὶ
1330 2509 1482 2574 τάξιν
1528 2509 1640 2580 ἔχει

49 2594 143 2644 τῶν
174 2594 416 2648 δικαίων
449 2599 545 2650 καὶ
588 2599 827 2652 εὐσεϐῶν
871 2600 963 2653 καὶ
999 2601 1305 2672 τηρούντων
1343 2602 1436 2655 τὸν
1477 2602 1639 2672 νόμον

51 2686 134 2738 καὶ
156 2688 256 2750 τὰς
282 2687 520 2751 ὲντολάς
551 2688 645 2742 τοῦ
681 2690 835 2745 Θεοῦ.
873 2692 933 2744 Oi
969 2691 1076 2762 γάρ
1108 2693 1386 2760 ἐπιφανεῖς
1412 2692 1639 2763 ἀστέρες

52 2780 133 2830 καὶ
169 2778 427 2852 λαμπροί
462 2782 602 2833 εἰσιν
636 2785 715 2844 είς
769 2782 995 2854 μίμησιν
1042 2785 1149 2836 τῶν
1190 2783 1510 2854 προφητῶν”
1551 2784 1638 2838 διὰ

50 2870 191 2924 τοῦτο
221 2874 321 2925 καὶ
381 2874 644 2943 μένουσιν
688 2874 926 2938 ἀκλινεῖς
975 2875 1048 2946 μὴ
1093 2876 1504 2946 μεταϐαίνοντες
1556 2880 1638 2942 είς

53 2962 198 3014 τόπον
234 2963 347 3035 (48)
381 2967 448 3018 ὲκ
484 2965 672 3018 τόπου.
708 2967 768 3018 Ol
796 2965 854 3019 δὲ
887 2967 1079 3038 ἑτέραν
1110 2966 1323 3036 ἔχοντες
1352 2968 1502 3032 τάξιν
1536 2967 1636 3039 τῆς

54 3051 426 3127 λαμπρότητος
476 3056 653 3110 τύποι
694 3057 830 3110 εἰσὶν
887 3057 979 3110 τοῦ
1041 3058 1169 3111 λαοῦ
1226 3059 1334 3112 τῶν
1389 3059 1630 3113 δικαίων.

1755 585 1865 642 tur,
1901 586 1958 632 ut
1990 577 2158 634 Deum
2189 592 2257 630 ex
2288 575 2486 629 animis
2518 573 2788 626 tollerent.
2821 568 3000 634 Quare
3033 577 3090 620 ιιι
3122 568 3322 619 veritas

1754 678 1984 740 pateret,
2014 677 2211 722 creata:
2261 672 2389 720 sunt
2435 665 2634 734 plantae
2664 672 2714 716 et
2745 661 2954 716 semina
2993 663 3118 710 ante
3163 656 3323 709 lumi-

1752 761 1927 814 naria.
1965 757 2136 812 Porro
2165 757 2310 827 quod
2343 755 2616 826 posterius
2645 761 2729 808 est
2761 765 2866 804 non
2897 755 3076 819 potest
3101 761 3163 800 ea
3203 759 3324 816 quae

1752 861 1883 908 sunt
1930 851 2115 921 priora
2148 850 2347 904 facere.
2384 847 2510 902 Haec
2545 843 3065 926 autemcxemplum
3096 847 3151 894 et
3187 839 3324 893 ima-

1750 945 1930 1014 ginem
1967 942 2248 998 continent
2291 941 2470 1011 magni
2515 937 2780 1010 mysterii.
2831 934 2923 988 Sol
2966 933 3111 988 enim
3143 931 3324 998 imago

1751 1035 1844 1090 Dei
1872 1039 1978 1100 est,
2007 1035 2143 1088 luna
2175 1031 2436 1087 hominis.
2467 1029 2532 1084 Et
2558 1026 3015 1100 quemadmodum
3048 1023 3130 1079 sol
3165 1023 3326 1090 longe

1748 1139 1970 1202 praestat
2013 1131 2172 1197 luna,
2216 1135 2488 1200 potestate
2532 1133 2587 1182 et
2623 1125 2823 1195 gloria,
2866 1122 2948 1178 sic
2979 1119 3124 1175 Deus
3163 1120 3324 1188 longe

1749 1224 2097 1296 praestantior
2162 1223 2522 1277 humanitate.
2584 1218 2649 1272 Et
2704 1213 3163 1288 quemadmodum
3239 1211 3321 1266 sol

1747 1318 1942 1388 plenus
1987 1331 2205 1386 semper
2237 1322 2450 1378 manet,
2502 1327 2604 1367 nec
2650 1307 2889 1380 unquam
2921 1306 3207 1368 minuitur,
3241 1305 3322 1358 sic

1747 1409 1892 1464 Deus
1923 1424 2138 1478 semper
2167 1407 2445 1477 perfectus
2479 1412 2664 1460 manet
2697 1419 2760 1457 ac
2798 1403 3003 1473 ριειιιιει
3021 1399 3168 1454 omni
3211 1397 3324 1452 vir-

1747 1510 1886 1563 tute,
1931 1501 2314 1572 intelligentia,
2355 1499 2644 1568 sapientia,
2687 1495 3094 1551 immortalitate
3122 1502 3174 1546 et
3203 1505 3324 1545 om-

1747 1595 1911 1649 nibus
1940 1594 2119 1650 bonis.
2147 1593 2300 1646 Luna
2328 1607 2460 1647 vero
2487 1591 2718 1662 singulis
2751 1589 3033 1645 mensibus
3055 1586 3322 1641 minuitur

1745 1685 2212 1755 etquodammodo
2240 1685 2444 1746 interit,
2472 1684 2710 1739 hominis
2739 1681 3149 1737 similitudinem
3174 1678 3321 1734 cxhi~

1746 1777 1920 1844 bens;
1960 1776 2172 1832 deinde
2212 1776 2520 1832 renascitur
2556 1785 2609 1831 et
2659 1775 2859 1830 crescit
2915 1773 2969 1828 in
3011 1772 3318 1842 exemplum

1747 1867 1943 1922 futurae
1984 1869 2431 1925 resurrectionis.
2473 1866 2737 1922 Similiter
2776 1873 2890 1920 tres
2938 1865 3015 1918 illi
3050 1864 3188 1926 dies,
3226 1862 3318 1932 qui

1745 1967 1870 2013 ante
1903 1959 2192 2013 luminaria
2226 1959 2468 2021 fuerunt,
2499 1959 2678 2028 imago
2702 1965 2832 2013 sunt
2859 1941 3170 2018 Trinitatis,
3198 1954 3318 2018 Dei,

1742 2049 1862 2117 ejus
1890 2048 2075 2113 Verbi,
2099 2052 2328 2121 ejusque
2361 2049 2673 2120 Sapientiae.
2697 2048 2939 2115 Quartus
2967 2063 3118 2114 vero,
3141 2047 3321 2117 imago

1741 2140 1908 2212 361'
1943 2142 2181 2197 hominis
2210 2143 2331 2197 luce
2365 2141 2682 2211 indigentis.
2722 2150 2782 2195 ut
2821 2142 2932 2196 sint
2966 2139 3142 2203 Deus,
3183 2137 3320 2194 Ver-

1741 2234 1891 2295 bum.
1917 2232 2215 2304 Sapientia,
2248 2235 2436 2289 homo.
2471 2233 2766 2304 Propterea
2797 2242 2995 2303 quarto
3027 2232 3116 2287 die
3154 2231 3319 2285 lumi-

1741 2327 1892 2381 naria
1949 2327 2168 2382 condita
2220 2335 2371 2382 sunt.
2417 2328 2710 2382 Astrorum
2779 2334 2963 2381 autem
3029 2323 3320 2395 dispositio

1740 2419 1962 2473 exhibet
2009 2421 2169 2475 nobis
2213 2421 2522 2490 descriptas
2561 2421 2721 2475 sedes
2750 2428 2805 2475 et
2850 2417 3102 2474 ordinem
3135 2417 3317 2486 justo-

1741 2525 1862 2564 rum
1897 2518 1951 2564 et
1989 2513 2224 2582 piorum,
2273 2527 2338 2566 ac
2377 2514 2550 2582 legem
2591 2520 2644 2566 ct
2683 2511 2940 2566 mandata
2988 2509 3081 2566 Dei
3124 2510 3318 2564 obser-

1738 2605 2006 2660 vantium.
2045 2604 2178 2658 Nam
2222 2606 2590 2676 splendidiora
2635 2620 2862 2674 quaeque
2906 2611 3052 2658 astra
3082 2612 3135 2658 et
3176 2604 3314 2657 ruti~

1737 2695 1907 2750 lantia
1937 2697 2135 2752 habent
2163 2699 2522 2753 imitationem
2557 2699 2978 2770 prephetarum;
3023 2705 3312 2768 propterea

1738 2801 1964 2841 cursum
2016 2803 2176 2842 suum
2226 2805 2334 2843 non
2386 2789 2689 2854 inﬂectunt,
2735 2803 2912 2859 neque
2942 2788 2996 2842 in
3037 2789 3216 2843 locum
3245 2804 3328 2843 er.

1737 2878 1859 2932 loco
1915 2885 2323 2937 transcurrunt.
2387 2881 2518 2947 Quae
2572 2896 2702 2936 vero
2764 2880 3062 2936 secundum
3125 2887 3332 2935 tenent.

1738 2971 2049 3040 splendoris
2079 2972 2283 3034 locum,
2323 2973 2588 3044 imagines
2620 2980 2750 3028 sunt
2791 2973 2973 3044 populi
3010 2972 3306 3042 justorum.

1740 3058 1988 3115 Errantia
2029 3074 2209 3118 autem
2246 3071 2298 3118 et
2335 3064 2512 3118 locum
2564 3081 2630 3119 ex
2681 3065 2803 3119 loco
2845 3063 3140 3126 mutantia,
3190 3076 3312 3132 qum

58 3147 110 3196 Οἱ
150 3146 190 3198 δ’
233 3144 302 3200 αὖ
363 3147 790 3217 μεταϐαίνοντες
846 3151 940 3202 καὶ
1003 3150 1293 3219 φεύγοντες
1354 3151 1516 3204 τόπον
1572 3153 1617 3204 ὲ)

1796 3151 1900 3204 iam
1957 3153 2188 3222 planetu:
2237 3152 2534 3218 dicuntur,
2587 3155 2767 3222 imago
2819 3159 2947 3206 sunt
2984 3143 3172 3206 eorum
3215 3148 3310 3218 qui

1333 3223 1572 3238 “*-

55 3238 220 3308 ﬁm,
265 3241 317 3292 οἱ
353 3241 453 3293 καὶ
483 3240 753 3311 πλάνητες
781 3241 1120 3312 καλούμενοι,
1149 3243 1242 3295 καὶ
1279 3243 1430 3294 αὐτοὶ
1462 3241 1628 3305 τύπος

58 3330 365 3399 τυγχάνουσι
385 3331 501 3384 τῶν
518 3333 902 3404 ἀφισταμένων
915 3333 1010 3386 ἀνθ
1020 3333 1214 3401 ρώπων
1229 3335 1336 3387 ἀπὸ
1355 3335 1447 3388 τοῦ
1470 3335 1624 3396 Θεοῦ,

58 3421 454 3476 καταλιπόντων
504 3423 622 3492 (49)
651 3423 738 3477 τὸν
779 3425 936 3496 νόμον
979 3427 1073 3479 καὶ
1113 3425 1180 3479 τὰ
1231 3427 1635 3498 προστάγματα.

59 3511 222 3564 αὑτοῦ.

117 3604 194 3656 16.
230 3607 308 3677 Τῇ
354 3606 415 3659 δὲ
448 3607 677 3680 πέμπτῃ
704 3609 888 3681 ἡμέρᾳ
913 3609 981 3663 τὰ
1013 3611 1201 3664 ἐκτῶν
1237 3613 1439 3666 ὑδάτων
1474 3616 1641 3682 sm-

61 3694 176 3765 νήθη
209 3695 324 3759 ζῶα
349 3715 362 3728 ·
403 3699 472 3751 δι’
509 3692 587 3752 ὧν
627 3700 720 3752 καὶ
769 3703 828 3754 ὲν
858 3701 1066 3767 τούτοις
1098 3703 1422 3776 δείκνυταιή
1464 3705 1630 3758 πολυ-

62 3787 278 3853 ποίκιλος
330 3792 505 3860 σοφία
561 3790 658 3844 τοῦ
707 3791 863 3847 Θεοῦ.
917 3795 1012 3858 Τίς
1045 3795 1154 3867 γάρ
1186 3796 1389 3850 δύναιτ’
1424 3798 1491 3851 ἂν
1527 3797 1626 3869 τὴν

63 3876 109 3926 ἐν
135 3878 306 3943 αὐτοῖς
342 3880 562 3950 πληθὺν
599 3881 690 3934 καὶ
722 3884 884 3955 γονὴν
922 3887 1286 3956 παμποίκιλον
1323 3887 1621 3960 ἐξαριθμῆ-

64 3981 169 4031 σσις
200 3972 318 4024 Ἔτι
350 3971 464 4044 μὴν
491 3973 585 4026 καὶ
617 3975 881 4047 εύλογήθη
916 3977 1018 4030 ὑπὸ
1037 3979 1130 4032 τοῦ
1165 3979 1297 4034 Θεοῦ
1317 3980 1386 4034 τὰ
1418 3984 1482 4035 ὲκ
1512 3982 1621 4036 τῶν

64 4054 242 4111 ὑδάτων
266 4091 268 4094 ν
288 4064 590 4133 γενόμενα,
611 4064 773 4127 ὅπως
871 4067 963 4119 καὶ
995 4069 1152 4122 τοῦτο
1183 4073 1263 4134 εἰς
1297 4071 1491 4143 δεῖγμα
1523 4073 1619 4128 τοῦ

65 4147 254 4214 μέλλειν
307 4153 616 4227 λαμϐάνειν
663 4159 788 4221 τοὺς
836 4159 1154 4232 ἀνθρώπους
1190 4164 1476 4233 μετάνοιαν
1529 4166 1620 4219 καὶ

64 4240 227 4307 ἄφεσιν
258 4247 552 4319 ἁμαρτιῶν
583 4249 670 4302 διά
691 4249 892 4314 ὓδατος.
915 4254 1007 4306 καὶ
1040 4252 1265 4327 λουτροῦ
1299 4257 1622 4326 παλιγγενε-

65 4331 180 4394 chg,
203 4337 414 4402 πάντας
447 4340 586 4402 τοὺς.
610 4341 930 4413 προσιόντας
961 4347 1026 4414 τῇ
1067 4345 1310 4418 ἀληθείᾳ,
1347 4348 1438 4400 καὶ
1488 4349 1620 4402 ἀνα-

61 4427 411 4494 γεννωμένους
463 4428 558 4480 καὶ
605 4428 977 4499 λαμϐάνοντας
1024 4433 1276 4502 εὐλογίαν
1325 4435 1474 4506 παρὰ
1524 4435 1620 4488 τοῦ

1739 3255 1768 3293 a
1817 3241 1925 3298 Deo
1962 3243 2246 3311 deﬁciunt,
2291 3245 2520 3316 ejusque
2551 3245 2719 3316 legem
2750 3252 2804 3300 et
2836 3251 3106 3315 praecepta
3148 3240 3308 3297 dese-

1739 3342 1887 3388 runt.

1811 3601 1896 3656 16.
1935 3601 2013 3656 De
2063 3603 2150 3657 die
2197 3603 2397 3672 quinta.
2437 3631 2502 3642 —
2541 3600 2638 3655 Die
2689 3598 3187 3670 quinm'gcnerata
3239 3614 3306 3652 ex

1731 3695 1888 3762 aquis
1916 3694 2169 3747 animalia
2194 3693 2466 3763 prodiere,
2493 3708 2556 3746 ex
2581 3692 2781 3762 quibus
2813 3690 3093 3759 multiplex
3127 3689 3218 3745 Dei
3242 3691 3298 3745 in

1731 3784 1817 3840 his
1849 3800 2066 3854 quoque
2107 3784 2272 3839 rebus
2305 3784 2570 3854 sapientia
2606 3783 2956 3854 perspicitur.
2993 3781 3128 3846 Quis
3154 3783 3300 3835 enim

1730 3876 1902 3945 possit
1935 3891 2122 3930 eorum
2169 3876 2572 3931 multitudinem
2614 3885 2668 3930 et
2697 3890 2953 3945 generum
2985 3873 3297 3928 varietatem

1730 3968 2090 4021 enumerare?
2133 3966 2401 4024 Praeterea
2453 3968 2733 4023 benedixit
2774 3966 2917 4022 Dens
2951 3967 3020 4021 ii's
3077 3981 3198 4036 qua:
3233 3981 3300 4021 ex

1730 4059 1887 4129 aquis
1914 4068 2041 4114 nata
2073 4068 2221 4129 sunt,
2257 4069 2317 4116 ut
2346 4061 2400 4117 id
2431 4077 2648 4132 quoque
2679 4062 2896 4132 signum
2929 4068 3074 4116 esset
3122 4058 3302 4114 horni-

1728 4167 1826 4206 nes
1875 4153 2248 4223 pcenitentiam
2287 4160 2341 4208 et
2383 4153 2758 4209 remissionem
2787 4161 3154 4222 peccatorum
3204 4165 3301 4221 per

1725 4259 1921 4314 aquam
1974 4253 2028 4300 et
2092 4246 2369 4300 lavacrum
2433 4245 2862 4316 regenerationis
2936 4251 3296 4313 accepturos,

1724 4343 1991 4406 quotquot
2035 4336 2099 4390 ad
2125 4337 2405 4392 veritatem
2441 4339 2709 4392 accedunt
2740 4346 2793 4391 et
2822 4343 3212 4406 regenerantur
3244 4343 3299 4389 et

1724 4427 2159 4483 benedictionem
2187 4443 2226 4482 a.
2245 4429 2686 4499 Deo-accipiunt.
2727 4426 2833 4483 Sed
2858 4437 2911 4482 et
2943 4436 3063 4483 cete
3083 4437 3138 4483 et
3169 4442 3297 4484 aves

63 4507 191 4567 Θεοῦ.
237 4516 400 4570 Ἀλλά
443 4517 640 4571 καὶτὰ
687 4521 824 4592 κήτη
860 4522 1052 4578 καὶτὰ
1103 4525 1325 4580 πετεινά
1356 4527 1425 4580 τά
1483 4544 1616 4599 σαρ-

1792 4519 2024 4575 rnivora:
2059 4520 2261 4575 habent
2319 4521 2759 4577 similitudinem
2786 4520 3064 4590 rapacium
3119 4519 3298 4574 homi-

63 4601 234 4676 κοόόρα
262 4610 320 4660 ὲν
361 4607 674 4680 ὁμοιώματι
710 4615 964 4684 τυγχάνει
1009 4615 1117 4668 τῶν
1157 4616 1494 4670 πλεονεκτῶν
1526 4619 1621 4671 καῖ

65 4695 389 4762 παραϐατῶν.
431 4699 644 4772 Ὥσπερ
675 4702 782 4774 γὰρ
816 4707 880 4757 ὲκ
920 4707 1046 4776 μιᾶς
1104 4707 1318 4776 φύσεως
1364 4709 1494 4762 ὄντα
1550 4709 1620 4762 τὰ

65 4779 225 4854 ἔνυδρα
256 4791 348 4842 καὶ
386 4790 462 4843 τά
498 4793 736 4858 πετεινά,
770 4794 886 4848 ἔνια
925 4797 1022 4867 μὲν
1057 4799 1209 4869 μένει
1236 4799 1315 4870 τῷ
1340 4800 1479 4854 κατά
1515 4800 1616 4870 φύ-

124 4984 222 5068 (ᾆᾷ)
248 4991 340 5068 λῌ
371 4991 458 5068 6ὲῄ
488 4992 1106 5068 σελήνη-ἀνθρῴπου.
1150 4995 1334 5067 Longe
1381 4998 1614 5056 discedit

67 5053 120 5107 ab
146 5053 222 5138 his
248 5059 542 5131 Theophili
575 5053 891 5138 principiis:
912 5066 1203 5132 Eusebius,
1233 5053 1325 5138 qui
1369 5069 1421 5123 in
1451 5053 1613 5126 iiii-li

67 5127 335 5211 rii‘frwp.
383 5127 654 5211 change—1.,
687 5127 818 5211 c.'?,
863 5134 1031 5211 Deum
1047 5127 1201 5211 __cur_n
1250 5127 1424 5202 hmlo,
1465 5143 1611 5211 quod

68 5196 239 5278 ambitu
267 5196 369 5256 suo
401 5196 590 5257 omnia
620 5196 1020 5278 complectitur,
1047 5204 1286 5261 Verbum
1317 5196 1439 5262 cum
1474 5196 1608 5276 sole,

70 5262 297 5332 Spiritum
337 5283 596 5327 sanctum
630 5262 762 5328 cum.
787 5276 938 5339 luna,
986 5262 1263 5346 spiritales
1309 5287 1363 5332 et
1410 5262 1614 5336 intelli:

67 5347 226 5451 gentes
248 5350 478 5422 naturas
500 5358 624 5396 cum
653 5345 827 5400 stellis
849 5345 1152 5416 comparat.
1180 5348 1246 5400 At
1273 5346 1609 5419 Theophilus

105 5419 143 5451 El
176 5423 383 5451 nnmmn
420 5421 536 5451 Iros:
571 5430 832 5451 nnrcnnoe
865 5417 1112 5451 intollinit
1165 5434 1301 5451 ηιιηο
1336 5420 1496 5451 min.“
1550 5431 1609 5451 us

71 5413 143 5487 Pet
176 5413 383 5468 nomine
420 5421 538 5487 tres
571 5430 835 5487 personas
865 5413 1138 5485 intelligit,
1165 5434 1304 5487 quas
1335 5413 1523 5482 etiam,
1550 5431 1612 5478 ut

70 5483 185 5553 [Mer
208 5497 263 5535 se
298 5483 566 5553 aequales,
598 5499 721 5538 cum
753 5486 927 5541 tribus
957 5483 1151 5541 diebus
1182 5483 1421 5542 siderum
1454 5505 1607 5545 crcae

69 5549 234 5620 ῑίοιιριιι
263 5549 703 5620 praecedentibus
734 5571 860 5609 mox
885 5558 1248 5620 comparabit.

127 5615 222 5698 (ιιι)
260 5615 379 5675 Τῶν
411 5615 1126 5698 ’φωστήροζιςημοεοηάυηι
1172 5642 1294 5682 esse
1345 5627 1620 5698 πρὸτῶνο

69 5690 331 5758 φωττήρων
355 5690 650 5747 admonuit
683 5690 932 5750 Wolﬁus.

124 5756 514 5832 μ’ἶγτετάρτῳ
538 5763 608 5818 δὲ
650 5765 832 5832 τύπῳ.
863 5765 1043 5824 liabet
1060 5765 1231 5823 editio
1275 5767 1619 5827 Oxoniensis‘

1720 4627 1850 4664 num
1910 4619 1979 4666 et-
2022 4613 2526 4682 prevaricatorem.
2611 4611 3078 4678 Quemadmodum
3147 4611 3293 4666 enim

1718 4702 1976 4772 aquatilia
2010 4711 2064 4758 et
2104 4703 2370 4768 volatilia,
2423 4720 2548 4759 cum
2600 4705 2712 4760 sint
2764 4702 3008 4773 ejusdem
3060 4715 3289 4770 natura},

1717 4794 1963 4865 quietiam
2000 4804 2316 4866 permanent
2351 4798 2404 4851 in
2437 4798 2505 4854 iis
2536 4813 2656 4870 quae
2688 4808 2815 4853 sunt
2861 4798 3162 4855 secundum
3195 4814 3294 4853 na-

1714 4999 1946 5072 τετάρτη
1963 5000 2019 5053 δὲ
2034 5000 2244 5065 τύποις.
2261 4999 2365 5056 Sed
2380 5001 2630 5072 quamvis
2640 5000 2776 5057 satis
2793 5007 2918 5070 apta
2939 5009 2991 5056 et
3003 5003 3291 5056 commoda

1715 5070 1790 5125 sit
1825 5070 1944 5125 haec
1969 5072 2262 5142 scriptura,
2293 5070 2413 5126 eam
2442 5080 2622 5127 tamen
2651 5072 2806 5141 sequi
2838 5087 2945 5126 non
2977 5072 3127 5142 libet,
3161 5074 3288 5142 quia

1715 5149 2024 5210 repugnant
2051 5140 2104 5196 et
2134 5158 2240 5199 ms.
2270 5142 2423 5197 Bodl.
2454 5151 2510 5197 et
2528 5143 2660 5196 alite
2682 5140 2972 5199 editiones.
3009 5140 3190 5196 Forte
3211 5143 3288 5195 le-

1714 5212 1951 5284 gendum
1987 5213 2232 5283 τετάρτῳ
2261 5213 2316 5267 δὲ
2339 5213 2508 5284 τόπῳ.

1785 5281 1898 5349 (48)
1935 5279 2291 5353 Ειςίτὸπον.
2347 5279 2527 5338 Βεεὲιτ-
2560 5283 2875 5353 praepositio
2921 5283 2975 5336 in
3025 5279 3146 5353 cod.
3198 5279 3282 5353 Br;

1712 5347 1877 5419 paulo
1902 5360 2032 5420 post-
2052 5352 2250 5408 habent
2276 5353 2454 5409 Oxon.
2483 5347 2770 5407 et’Hai'nb.
2798 5355 2878 5415 είς
2907 5353 3071 5406 τόσων
3107 5349 3170 5400 ἐκ
3195 5347 3285 5420 τό-

1711 5417 1840 5493 που,
1867 5417 2115 5490 quamvis
2147 5425 2459 5493 praepositio
2484 5423 2626 5479 desit
2647 5425 2703 5478 in
2727 5422 2850 5476 cod.
2875 5439 2980 5478 ms.
3007 5429 3062 5475 et
3088 5423 3140 5473 in
3160 5417 3284 5473 aliis

1709 5490 2068 5546 cditionihus.

1781 5561 1894 5630 (4-9)
1935 5563 2416 5616 Katajmdwwr;
2466 5561 2757 5617 Recentior
2793 5575 3008 5630 manus
3043 5559 3109 5630 in
3135 5570 3279 5630 mar-

1707 5625 1833 5699 gine
1862 5625 1919 5684 B.
1949 5632 2205 5700 ascripsit
2230 5633 2297 5686 δέ’
2318 5632 2592 5687 :mrtasse
2619 5628 2926 5700 legendum,
2955 5625 3274 5700 καταλιπόν.

1705 5696 1814 5753 των
1856 5720 1935 5756 τε.
1970 5696 2158 5757 ὶνοιξῐ.
2179 5703 2352 5758 Reddi
2398 5708 2603 5774 posset,
2631 5696 2758 5752 dum
2791 5698 2952 5769 legem
2984 5699 3096 5767 ejus
3124 5696 3268 5752 dese-

1707 5781 1861 5828 runt.
