3654 6480
58 355 163 411 1085

1218 350 1305 404 AD
1342 348 1779 405 AUTOLYCUM
1813 348 1944 402 LIB.
1982 347 2045 403 ιι.
2106 336 2107 339 ‘

3110 343 3250 402 1080

53 469 147 539 ρῐων
165 464 255 517 τῶν
277 464 361 515 ἐπὶ
377 464 473 533 τῆς
491 462 614 532 γῆς,
640 454 719 517 ὧν
750 463 971 534 εποίησε
990 462 1195 534 Κύριος
1217 465 1247 517 6
1263 463 1395 527 Θεός
1409 502 1423 519 .
1462 466 1496 517 ις

1827 464 1971 518 omni
2006 462 2173 517 bestia
2197 463 2335 532 agri,
2366 479 2528 533 quam
2573 461 2695 530 fecit
2733 461 2987 516 Dominus
3020 461 3182 525 Deus,
3205 469 3254 515 et

48 557 164 611 εἶπεν
191 558 216 607 6
243 556 356 623 ὄφις
376 557 440 624 τῇ
482 553 729 621 γυναικί’
760 553 824 605 Τί
861 554 943 605 ὅτι
965 548 1117 605 εἶπεν
1149 554 1179 606 6
1210 553 1363 619 Θεὸς,
1397 555 1458 607 ού
1495 555 1571 626 μὴ

51 651 217 719 φάγητε
240 648 340 700 ἀπὸ
370 647 563 709 παντὸς
585 646 741 710 ξύλου
762 645 856 697 τοῦ
880 645 1210 715 παραδείσου
1236 662 1251 709 ;
1285 646 1393 699 Καὶ
1421 644 1571 699 εἶπεν

44 747 66 812 ὴ
80 741 184 809 γυνὴ
198 738 265 809 τῷ
276 739 407 806 δφεν
426 738 557 790 Ἀπὸ
573 738 771 801 παντὸς
787 738 943 805 ξύλου
956 738 1049 791 τοῦ
1072 738 1396 809 παραδείσου
1410 738 1573 807 φαγό-

46 837 165 907 μεθα,
184 830 561 902 ἀπὸδὲκαρποῦ
572 831 667 884 τοῦ
682 830 861 896 ξύλου,
884 832 912 884 6
937 833 1084 883 ἐστιν
1110 833 1169 882 ὲν
1197 830 1347 901 μέσῳ
1360 829 1456 882 τοῦ
1475 847 1581 883 πα-

44 926 255 998 ριδείσου,
274 920 420 977 εἶπεν
442 926 471 977 6
484 923 615 987 Θεός
633 940 647 953 ·
677 924 752 977 Οὐ
779 922 857 995 μὴ
876 922 1124 994 φάγησθε
1140 924 1235 975 ἀπ’
1252 921 1436 984 αὐτοῦ,
1451 920 1575 974 οὐδὲ

44 1020 94 1088 μὴ
112 1016 290 1087 ἆῂσθε
309 1016 587 1079 αύτοῦ,ίνα
607 1015 679 1087 μὴ
696 1015 1140 1086 ἀποθάνητε.Κα“ι
1157 1012 1311 1067 ε’πεν
1325 1017 1352 1067 6
1365 1015 1489 1082 δφις
1502 1016 1568 1083 τῇ

40 1108 224 1178 γυναικί·
249 1108 318 1160 Ού
346 1106 562 1177 Θανάτῳ
588 1105 967 1159 ἀποθανεῖσθε.
990 1105 1143 1176 ’ῌδει
1158 1104 1267 1175 γὰρ
1286 1106 1314 1157 6
1335 1104 1466 1167 Θεὸς
1488 1106 1570 1158 ὅτι

40 1197 113 1273 ἑνῇ
129 1201 180 1253 ἂν
194 1199 366 1270 ἡμέρᾳ
380 1199 589 1268 φάγητε
603 1199 694 1252 ἀπ’
715 1198 905 1260 αὐτοῦ,
943 1196 1404 1267 διανοιχθήσονται
1417 1196 1571 1266 ὑμῶν

39 1295 72 1344 οἱ
94 1290 344 1360 ὀφθαλμοὶ,
382 1290 475 1343 καὶ
507 1288 694 1342 ἔσεσθε
729 1288 808 1351 ὡς
853 1288 985 1353 θεοὶ,
1015 1286 1375 1356 γινώσκοντες
1407 1287 1571 1341 καλὸν

39 1382 347 1453 γαὶπονηρόν.
389 1383 499 1435 Καὶ
524 1377 661 1435 εἶδεν
708 1383 741 1451 ἡ
778 1382 940 1451 γυνὴ,
989 1382 1072 1434 ὅτι
1101 1380 1263 1433 καλὸν
1295 1380 1357 1432 τὸ
1414 1377 1569 1443 ξύλον

36 1478 92 1537 εἰς
110 1474 303 1545 βρῶσιν,
338 1473 429 1525 καὶ
461 1474 547 1525 ὅτι
582 1472 821 1542 ἀρεστὸν
837 1474 949 1535 τοῖς
976 1472 1274 1541 ὀφθαλμοῖς
1306 1471 1452 1536 ἰδεῖν,
1475 1470 1571 1524 καὶ

36 1567 187 1637 ὡραῖόν
223 1566 336 1618 ἐστι
379 1564 476 1618 τοῦ
523 1565 880 1635 κατανοῆσαι,
932 1566 1026 1617 καὶ
1058 1564 1299 1617 λαϐοῦσα
1337 1563 1445 1616 ἀπὸ
1474 1562 1580 1615 τοῦι

35 1658 198 1727 καρποῦ
228 1657 406 1720 αὐτοῦ,
443 1657 664 1725 ἔφαγεν,
703 1660 800 1711 καὶ
829 1658 1027 1711 ἔδωκεν
1060 1659 1153 1711 καὶ
1180 1648 1263 1727 τῷν
1289 1657 1442 1729 ἀνδρὶ
1476 1658 1572 1710 αὑ·-

34 1750 101 1816 τῆς
118 1748 216 1817 μεθ’
232 1748 441 1818 ἑαυτῆς,
462 1752 555 1805 καὶ
578 1748 914 1817 ἕφαγον.Καὶ
926 1748 1303 1820 διηνοίχθησαν
1317 1752 1363 1802 οί
1379 1749 1573 1817 ὀφθαλ-

1672 557 1807 608 dixit
1840 554 1907 608 ad
1940 555 2218 608 mulierem
2253 569 2270 607 :
2319 553 2498 620 Quare
2522 555 2657 608 dixit
2702 555 2861 617 Deus,
2892 572 2996 609 non
3018 556 3255 611 comede-

1674 650 1741 702 tis
1762 649 1825 701 de
1852 649 1995 702 omni
2026 648 2170 717 ligno
2191 647 2369 702 horti?
2390 645 2453 699 Et
2470 646 2605 699 dixit
2622 648 2813 701 mulier
2839 647 2906 699 ad
2930 657 3215 715 serpentem
3233 662 3253 699 :

1674 740 1751 794 De
1780 741 1962 809 fructu
1997 742 2172 793 omnis
2227 741 2359 808 ligni
2397 741 2538 793 horti
2585 740 2927 802 comedimus,
2975 739 3038 793 de
3075 740 3254 808 fructu

1673 849 1790 886 vero
1809 833 2019 886 arboris
2040 849 2154 903 quis
2174 842 2252 886 est
2282 833 2336 885 in
2373 831 2550 885 medio
2583 833 2744 895 horti,
2769 831 2903 885 dixit
2931 831 3070 885 Deus
3095 846 3112 884 :
3143 829 3254 884 Ne-

1672 940 1938 993 quaquam
1962 925 2243 978 comedetis
2275 940 2341 979 ea:
2368 942 2451 985 ea.
2480 941 2641 995 neque
2662 925 2970 994 contingetis
2998 924 3169 985 illam.
3190 940 3254 977 ne

1673 1016 2002 1071 moriamini.
2050 1015 2119 1069 Et
2177 1016 2313 1070 dixit
2373 1034 2584 1085 serpens
2632 1017 2700 1068 ad
2750 1016 3021 1069 mulierem
3079 1013 3252 1069 :Non

1674 1108 1947 1161 moriendo
1991 1110 2307 1163 moriemini.
2338 1108 2548 1163 Sciebat
2578 1109 2716 1162 enim
2760 1107 2922 1170 Deus,
2954 1106 3090 1177 quod
3139 1107 3251 1174 ipso

1672 1198 1755 1253 die
1782 1200 1992 1270 quando
2039 1200 2368 1255 oomederitis
2400 1217 2464 1255 ea:
2500 1203 2635 1270 ipsa,
2666 1202 2968 1267 aperientur
2999 1200 3139 1253 oculi
3168 1217 3253 1254 ve-

1672 1294 1791 1355 stri,
1816 1304 1865 1346 et
1890 1294 2039 1347 eritis
2070 1294 2204 1346 sicut
2232 1293 2328 1353 dii,
2358 1294 2578 1346 scientes
2612 1294 2802 1345 bonum
2829 1301 2877 1345 et
2898 1295 3119 1347 malum.
3154 1291 3250 1345 Vi-

1671 1387 1747 1440 dit
1771 1388 1947 1457 itaque
1977 1387 2167 1440 mulier
2198 1387 2335 1456 quod
2359 1386 2549 1439 bonum
2576 1397 2707 1441 esset
2744 1388 2942 1457 lignum
2972 1388 3025 1439 in
3052 1386 3247 1447 cibum,

1671 1492 1719 1535 et
1749 1481 1915 1535 oculis
1936 1490 2147 1549 gratum
2186 1479 2254 1532 ad
2275 1480 2551 1533 videndum
2578 1490 2626 1533 et
2658 1482 2949 1547 speciosum
2978 1478 3047 1531 ad
3077 1480 3247 1531 consi-

1671 1569 1988 1630 derandum.
2018 1580 2067 1622 et
2092 1569 2212 1622 tulit
2244 1569 2307 1622 de
2332 1570 2511 1638 [ructu
2543 1570 2690 1622 illius
2716 1579 2764 1622 et
2792 1568 3038 1631 comedit,
3077 1568 3253 1622 dedit-

1670 1664 1899 1732 queriro
1941 1680 2037 1717 suo
2074 1679 2271 1727 secum,
2310 1672 2360 1717 et
2406 1664 2762 1717 comederunt.
2812 1663 2878 1715 Et
2911 1665 3078 1731 aperti
3129 1673 3251 1717 sunt

1672 1754 1810 1806 oculi
1834 1756 2130 1815 amborum,
2164 1764 2211 1806 et
2250 1762 2600 1823 cognoverunt
2623 1753 2762 1822 quod
2806 1753 2931 1807 nudi
2961 1764 3152 1818 essent,
3201 1762 3252 1806 et

34 1840 96 1909 poi
120 1841 207 1893 τῶν
224 1840 328 1904 δύο,
352 1841 446 1894 καὶ
476 1840 717 1909 ἔγνωσαν
731 1843 816 1895 ὅτι
834 1843 1031 1912 γυμνοὶ
1046 1838 1303 1913 ἦσαν-καὶ
1329 1842 1477 1912 ἐρραι

1804 1854 1991 1898 uerunt
2016 1846 2148 1914 folia
2175 1846 2437 1913 ﬁculnew,
2462 1844 2795 1914 feceruntque
2836 1845 2936 1898 sibi
2972 1846 3247 1901 cinctoria.

33 1932 161 1998 φύλλα
178 1934 354 2002 συκῆς,
395 1935 492 1986 καὶ
519 1934 782 2005 ἐποίησαν
815 1937 1027 1997 ἑαυτοῖς
1056 1933 1431 2006 περιζώματα.
1458 1936 1567 1987 Καὶ⁸

32 2024 215 2092 ἥκουσαν
240 2023 336 2101 τῇς
362 2026 549 2097 φῳνῆς
576 2026 783 2096 Κυρίου
808 2026 902 2079 τοῦ
943 2026 1099 2089 Θεοῦ,
1136 2026 1566 2097 περιπατοῦντος

32 2115 151 2183 ἐντῷ
192 2116 493 2186 παραδείσῳ
541 2118 603 2169 τὸ
660 2117 906 2179 δειλινὸν,
954 2118 1046 2170 καὶ
1088 2117 1397 2190 ὲκρύὸησαν
1445 2120 1474 2171 6
1504 2137 1572 2172 τε

37 2205 165 2274 Ἀδὰμ
186 2208 269 2258 καὶ
302 2208 333 2276 ἡ
362 2209 503 2278 γυνὴ
544 2208 710 2262 αὐτοῦ
741 2209 851 2262 ἀπὸ
888 2208 1181 2279 προσώπου
1206 2209 1301 2263 τοῦ
1339 2210 1473 2263 Θεοῦ
1508 2213 1573 2263 ὲνλ

30 2299 137 2367 μέσῳ
160 2298 242 2351 τοῦ
276 2299 432 2365 ξύλου
451 2300 547 2353 τοῦ
582 2301 929 2372 παραδείσου.
949 2302 1061 2353 Καὶ
1078 2301 1333 2355 ἐκάλεσεν
1363 2303 1566 2374 Κύριος

30 2391 167 2453 ὑθεὸς
192 2392 279 2444 τὸν
322 2392 518 2463 Ἀδὰμ,
555 2394 646 2445 καὶ
679 2389 831 2445 εἶπεν
865 2391 1012 2463 αύτῷ
1037 2409 1051 2423 ⁸
1090 2393 1199 2446 Ποῦ
1229 2390 1311 2459 ei;
1345 2396 1455 2448 Καὶ
1486 2392 1573 2448 εί-

30 2500 95 2535 πεν
122 2485 252 2555 αὐτῷ
274 2503 287 2514 ·
325 2486 445 2556 Τὴν
474 2487 656 2556 φωνήν
682 2502 777 2537 σου
810 2485 1018 2555 ήκουσα
1044 2488 1101 2538 ὲν
1123 2486 1201 2556 τῷ
1226 2488 1559 2559 παραδείσῳ,

28 2576 383 2648 καὶὲφοὸήθην,
399 2578 487 2629 ὅτι
515 2577 722 2647 γυμνός
754 2579 891 2647 εἰμι,
928 2579 1022 2630 καὶ
1051 2579 1310 2650 ὲκρύὸην.
1350 2582 1468 2635 Καὶν
1494 2578 1565 2634 εί-

27 2683 96 2717 πεν
126 2667 255 2738 αὐτῷ
289 2685 304 2698 ’
338 2669 441 2731 Τίς
481 2668 773 2739 ἀνήγγειλε
814 2685 895 2720 σοι
941 2669 1021 2721 ὅτι
1053 2669 1260 2739 γυμνὸς
1297 2667 1364 2733 εί,
1402 2674 1449 2723 εί
1487 2672 1573 2742 μὴν

28 2760 101 2811 ἀπὸ
128 2760 206 2812 τοῦ
232 2760 411 2826 ξύλου,
439 2755 502 2814 οῦ
540 2760 895 2831 ἐνετειλάμην
921 2778 1001 2813 σοι
1045 2760 1236 2814 τούτου
1287 2762 1449 2832 μόνου
1488 2764 1561 2833 μὴ

26 2855 188 2917 φαγεῖν,
250 2855 342 2906 ἀπ’
392 2852 563 2908 αὑτοῦ
617 2852 858 2922 ἕφαγες;
908 2854 1015 2905 Καὶ
1060 2850 1211 2907 εἶπεν
1261 2855 1463 2925 Ἀδάμ·
1499 2854 1571 2908 Ἠι

25 2943 120 3012 γονὴ
142 2945 200 3013 ἣν
225 2945 431 3007 ἔδωκάς
462 2962 573 3014 μοι,
611 2944 745 3015 αύτή
773 2962 861 3014 μοι
885 2944 1083 2996 ἔδωκεν
1117 2944 1225 2997 ἀπὸ
1253 2944 1347 2997 τοῦ
1382 2945 1559 3009 ξύλου,

25 3035 86 3086 καὶ
110 3036 305 3105 ἔφαγον.
345 3038 461 3091 Καὶ
494 3032 646 3089 εἶπεν
678 3040 706 3090 6
739 3037 872 3097 Θεὸς
907 3040 973 3106 τῇ
1008 3038 1258 3104 γυναικί·
1299 3038 1363 3090 Τί
1404 3038 1561 3090 τοῦτο

25 3127 263 3197 ἐποίησας
297 3130 410 3183 Καὶ
436 3124 591 3182 εἶπεν
622 3131 654 3199 ή
697 3129 871 3199 γυνή’
914 3130 970 3181 '0
1020 3129 1142 3198 ὄφις
1185 3129 1435 3199 ἠπάτησέ
1469 3147 1556 3200 με,

23 3217 288 3287 καὶὲφαγον.
323 3220 438 3273 Καὶ
470 3215 591 3272 εἷπε
625 3218 830 3290 Κύριος
861 3221 889 3272 ὁ
934 3220 1068 3283 Θεὸς
1109 3218 1187 3289 τῷ
1230 3220 1382 3289 ὕφειο
1436 3222 1566 3274 ’Ὀτι-

23 3311 224 3378 iniqu;
259 3311 442 3375 τοῦτο,
492 3312 893 3381 ἐπικατάρατος
936 3313 1000 3365 σὺ
1047 3313 1154 3365 ἀπὸ
1200 3313 1419 3365 πάντων
1448 3314 1561 3366 τῶν

24 3398 171 3469 θηρίων
198 3404 300 3456 τῶν
321 3406 418 3457 ἐπὶ
454 3404 554 3473 τῆς
573 3404 695 3473 γῆς,
720 3404 810 3456 ἐπὶ
836 3403 913 3474 τῷ
944 3405 1128 3476 στήθει
1162 3406 1253 3459 καὶ
1285 3409 1350 3477 τῇ
1382 3406 1559 3478 κοιλία

23 3509 80 3545 ιον
110 3498 348 3570 πορεύσῃ,
380 3498 479 3551 καὶ
503 3498 606 3567 γῆν
634 3498 783 3566 φαγῇ
819 3496 998 3560 πάσας
1041 3497 1143 3560 τὰς
1193 3498 1413 3568 ἡμέρας
1460 3499 1559 3569 τῆς

23 3586 120 3657 ζωῆς
166 3607 270 3643 σου.
316 3591 433 3644 Καὶ
480 3588 678 3659 ἔχθραν
725 3589 936 3657 ποιήσω
969 3586 1073 3640 ἀνά
1114 3587 1279 3657 μέσον
1315 3604 1428 3651 σου,
1466 3588 1560 3641 καὶ¹

23 3679 86 3730 ινά
113 3682 260 3749 μέσον
286 3684 392 3753 τῆς
420 3681 702 3749 γυναικὸς,
729 3680 820 3733 καὶ
852 3679 955 3732 ἀνά
991 3680 1155 3750 μέσον
1184 3680 1277 3733 τοῦ
1313 3681 1559 3751 σπέρμα-

23 3771 77 3832 :6;
95 3775 287 3835 σου,καὶ
304 3774 404 3827 τοῦ
422 3773 742 3844 σπέρματος
758 3771 1085 3840 αύτῆς,αύτό
1100 3771 1307 3841 (67)σου
1330 3773 1560 3843 τηρήσει

23 3864 82 3933 τὴν
109 3867 356 3938 κεφαλὴν,
413 3864 510 3919 καὶ⁵
553 3865 617 3917 σὺ
658 3862 829 3916 αὐτοῦ
874 3864 1138 3935 τηρήσεις
1173 3863 1272 3934 τὴν
1303 3863 1567 3934 πτέρναν.,

24 3956 94 4006 Καὶ
118 3959 174 4026 τῇ
190 3957 412 4024 γυναικὶ
446 3950 569 4009 εἶπε
606 3971 629 3984 ⁸·
658 3952 962 4024 [ΙληθύνωνΔ
989 3951 1241 4023 πληθυνῶ
1267 3952 1366 4016 τὰς
1386 3952 1561 4016 λύπας

23 4061 97 4107 που,
121 4050 203 4101 καὶ
231 4050 322 4102 τὸν
351 4048 660 4117 στεναγμόν
683 4062 777 4098 σου
798 4062 811 4075 ·
843 4046 901 4098 ὲν
1101 4044 1234 4117 τέξῃ
1258 4044 1448 4106 τέκνα,
1471 4045 1565 4097 καϊη

23 4139 113 4207 τεὺς
139 4141 219 4193 τὸν
247 4142 420 4213 ἄνδρα
460 4157 554 4192 σου
591 4140 622 4209 ή
658 4138 977 4208 ἀποστροφή
1006 4154 1121 4199 σου,
1152 4139 1244 4190 καὶ
1266 4139 1429 4202 αύτός
1464 4156 1566 4191 σου.

23 4232 255 4300 ωριεύσει.
303 4232 397 4303 Τῷ
444 4232 502 4284 δὲ
558 4230 731 4301 Ἀδὰμ
774 4226 949 4283 εἶπεψ
1001 4231 1139 4283 Ὅτι
1174 4230 1411 4301 ἤκουσας
1461 4230 1569 4301 τῆς

23 4323 152 4392 avrti];
182 4324 279 4394 τῆς
312 4323 576 4394 γυναικός
598 4340 714 4385 σου,
751 4322 842 4375 καὶ
877 4321 1080 4391 ἔφαγες
1112 4322 1220 4375 ἀπὸ
1251 4322 1345 4375 τοῦ
1381 4322 1559 4387 ξύλου,

26 4405 407 4487 ὗὲνετειλάμην
444 4432 535 4468 σοι
570 4415 734 4485 μόνου
768 4415 959 4467 τούτου
998 4415 1070 4485 μὴ
1107 4417 1319 4483 φαγεῖν,
1348 4414 1441 4466 ἀπ’
1475 4414 1563 4466 αύ-

1672 1936 1739 1989 Et
1789 1936 2070 1989 audierunt
2130 1954 2298 1991 vocem
2347 1936 2561 1991 Domini
2627 1936 2723 1989 Dei
2765 1936 3154 1990 deambulantis
3195 1938 3251 1989 in

1666 2028 1818 2080 horto
1859 2028 1927 2081 ad
1959 2045 2243 2096 vesperam,
2296 2038 2346 2081 et
2389 2028 2664 2081 abscondit
2715 2044 2769 2080 se
2816 2028 2981 2079 Adam
3020 2038 3067 2080 et
3116 2044 3251 2080 uxor

1667 2121 1809 2175 illius
1833 2137 1864 2172 α
1896 2121 2031 2183 facie
2058 2121 2272 2173 Domini
2308 2120 2401 2173 Dei
2432 2121 2567 2173 inter
2606 2120 2819 2173 arbores
2852 2119 3009 2172 horti.
3060 2119 3126 2171 Et
3161 2136 3250 2172 vo-

1665 2215 1801 2269 cavit
1835 2213 2089 2267 Dominus
2127 2212 2260 2265 Deus
2293 2214 2463 2279 ipsum
2504 2210 2694 2273 Adam,
2725 2221 2773 2264 et
2809 2212 2885 2263 ait
2918 2211 3033 2264 illi:
3066 2209 3166 2262 Ubi
3194 2228 3247 2264 es

1668 2309 1766 2361 tu?
1798 2306 1903 2371 Qui
1937 2306 2011 2357 ait
2046 2319 2064 2357 :
2112 2303 2296 2357 Vocem
2327 2314 2471 2355 tuam
2503 2303 2681 2355 audivi
2723 2303 2779 2355 in
2824 2302 2998 2366 horto,
3028 2311 3077 2355 et
3110 2303 3249 2355 exti-

1667 2399 1799 2459 mui,
1834 2398 1961 2467 quia
1987 2397 2158 2449 nudus
2188 2412 2300 2465 ego,
2343 2405 2393 2449 et
2444 2394 2781 2447 absconditus
2841 2411 2975 2447 sum.
3046 2392 3113 2445 Et
3158 2393 3251 2446 ille

1667 2488 1802 2541 dixit
1830 2506 1849 2544 :
1881 2488 2011 2553 Quis
2038 2487 2283 2540 indicavit
2307 2486 2401 2539 tibi
2434 2485 2572 2556 quod
2603 2486 2774 2539 nudus
2805 2502 2962 2547 esses,
2989 2485 3092 2537 nisi
3122 2486 3247 2553 quia

1664 2580 1728 2635 de
1756 2581 1870 2648 ipsa
1906 2580 2113 2644 arbore,
2168 2580 2231 2633 de
2277 2595 2379 2648 qua
2410 2579 2632 2646 pra'eepi
2665 2578 2761 2631 tibi
2794 2586 2850 2629 ut
2878 2594 2981 2630 non
3007 2575 3248 2630 comede-

1664 2689 1745 2725 res
1780 2687 1845 2726 ea:
1865 2672 1977 2739 ipsa
2016 2672 2154 2732 sola,
2187 2668 2498 2723 comedisti?
2540 2670 2606 2722 lit
2639 2669 2774 2722 dixit
2805 2668 2999 2721 Adam.
3053 2667 3251 2720 Mulier

1663 2780 1820 2833 quam
1839 2762 2197 2821 dedisti'milti.
2216 2764 2329 2831 ipsa
2346 2761 2488 2815 dedit
2504 2762 2632 2814 mihi
2650 2762 2711 2813 de
2731 2760 2938 2819 arbore.
2954 2769 3002 2813 et
3022 2759 3244 2813 comedi.

1666 2853 1733 2907 Et
1754 2854 1924 2908 dixit:
1947 2854 2199 2907 Dominus
2218 2854 2354 2907 Deus
2391 2855 2458 2907 ad
2477 2854 2747 2907 mulierem
2768 2868 2786 2908 :
2809 2852 2916 2907 Cur
2932 2852 3025 2905 hoc
3041 2851 3212 2921 fecisti
3226 2851 3253 2902 1’

1665 2944 1733 2999 Et
1755 2947 1891 3000 dixit
1926 2948 2157 3001 mulier:
2206 2946 2433 3013 Serpens
2468 2947 2666 3015 decepit
2698 2963 2798 3009 me,
2842 2955 2891 2998 et
2924 2944 3147 2998 comedi.
3182 2943 3249 2996 Et

1663 3038 1797 3092 dixit
1833 3040 2091 3092 Dominus
2132 3038 2269 3092 Deus
2302 3039 2369 3091 ad
2395 3049 2723 3107 serpentem:
2758 3038 2897 3102 Quia
2929 3038 3101 3105 fecisti
3130 3036 3247 3099 hoc,

1666 3131 1979 3185 maledictus
2003 3149 2056 3185 es
2082 3147 2192 3200 pra:
2225 3132 2367 3185 omni
2412 3130 2659 3193 animali,
2686 3140 2735 3183 et
2761 3146 2871 3199 pra:
2914 3131 3055 3183 omni
3086 3128 3251 3183 bestia

1634 3232 1635 3235 ‘
1663 3234 1857 3277 terrw:
1887 3240 2047 3292 supra
2106 3233 2331 3276 ventrem
2386 3231 2530 3275 tuum
2579 3223 2862 3292 gradieris.
2897 3232 2944 3276 et
2975 3222 3245 3291 pulverem

1661 3315 1897 3370 comedes
1941 3316 2182 3369 omnibus
2212 3315 2395 3368 diebus
2425 3316 2543 3368 vita:
2574 3325 2700 3369 tute.
2725 3313 2791 3367 Et
2822 3314 3129 3367 inimicitias
3158 3329 3254 3382 po-

1661 3426 1784 3463 nam
1816 3409 1955 3461 inter
1987 3418 2034 3462 te
2062 3418 2112 3462 et
2146 3409 2283 3461 inter
2316 3407 2610 3469 mulierem,
2652 3408 2791 3459 inter
2816 3422 2989 3459 semen
3013 3412 3254 3468 tuum,et

1660 3499 1797 3553 inter
1827 3515 2001 3552 semen
2031 3499 2211 3562 illius,
2246 3500 2415 3566 ipsum
2462 3497 2757 3551 observabit
2811 3505 2967 3564 caput
3003 3505 3172 3559 tuum,
3201 3503 3250 3547 et

1662 3600 1717 3643 tu
1771 3590 2069 3645 observabis
2121 3591 2237 3659 ejus
2297 3592 2629 3644 calcaneum.
2668 3588 2750 3640 Ad
2805 3588 3077 3641 mulierem
3132 3603 3254 3640 vero

1660 3686 1825 3739 dixit:
1850 3682 2263 3751 Hultiplicando
2292 3683 2653 3750 multiplicabo
2685 3680 2894 3735 dolores
2929 3691 3044 3733 tuos
3096 3690 3145 3733 et
3173 3696 3256 3749 ge-

1662 3777 1850 3828 mitum
1885 3786 2033 3828 tuum
2071 3790 2091 3838 ,°
2132 3776 2190 3828 in
2248 3774 2431 3829 dolore
2474 3775 2647 3843 paries
2687 3774 2852 3841 ﬁlios,
2892 3780 2943 3825 et
2988 3769 3056 3823 ad
3082 3771 3251 3823 virum

1664 3873 1812 3917 tuum
1841 3867 1939 3918 erit
1970 3868 2239 3919 conversio
2266 3875 2379 3928 tua,
2416 3876 2464 3919 et
2487 3867 2594 3934 ipse
2623 3862 2990 3918 dominabitur
3024 3861 3137 3915 tibi.
3168 3861 3254 3914 Ad

1662 3954 1836 4007 Adam
1870 3972 1989 4009 vero
2015 3955 2153 4009 dixit
2175 3972 2193 4009 :
2222 3957 2363 4023 Quia
2394 3957 2596 4011 audisti
2639 3973 2811 4011 vocem
2845 3956 3027 4009 uxoris
3056 3965 3178 4019 tute,
3202 3966 3253 4008 et

1664 4047 1937 4102 comsdisti
1965 4048 2028 4101 de
2063 4048 2274 4111 arbore,
2314 4048 2377 4103 de
2415 4066 2519 4118 qua
2566 4062 2914 4115 pra’ceperem
2947 4045 3061 4109 tibi,
3101 4054 3161 4097 ut
3189 4058 3255 4097 ex

1662 4156 1724 4193 ea
1751 4140 1869 4193 sola
1902 4158 2005 4194 non
2037 4140 2333 4195 comederes
2363 4156 2382 4201 ;
2435 4140 2719 4193 maledicta
2749 4148 2828 4193 est
2873 4147 3013 4191 terra
3044 4137 3097 4189 in
3129 4152 3254 4205 ope-

1665 4233 1811 4286 ribus
1849 4234 1974 4297 tuis,
2013 4235 2067 4287 in
2120 4234 2305 4288 dolore
2356 4233 2594 4288 comedas
2634 4249 2748 4287 eam
2792 4230 3036 4286 omnibus
3071 4228 3254 4281 diebus

1664 4324 1786 4376 vita:
1814 4332 1920 4377 tuae
1949 4339 1967 4385 ;
1992 4335 2041 4378 et
2072 4326 2254 4393 spinas
2282 4336 2436 4395 atque
2468 4323 2693 4377 tribulos
2728 4320 3041 4393 germinabit
3066 4318 3183 4381 tibi,
3204 4326 3255 4370 et

1667 4414 2016 4467 manducabis
2046 4416 2261 4467 herbam
2320 4415 2435 4484 agri
2488 4416 2587 4469 tui.
2630 4413 2691 4467 In
2746 4413 2937 4467 sudore
2973 4412 3147 4466 vultus
3178 4410 3255 4462 tui

24 4504 73 4555 οὗ
94 4506 275 4574 ἔφαγες
297 4526 310 4538 ·
345 4508 755 4577 ὲπικατὰρατος
808 4508 841 4575 ἡ
874 4507 944 4575 γῆ
989 4508 1046 4558 ὲν
1089 4506 1201 4569 τοῖς
1230 4505 1410 4576 ἔργοις
1443 4523 1467 4558 σ

1809 4505 1888 4556 ris
1919 4519 2053 4572 pane
2086 4516 2199 4571 tuo,
2230 4506 2392 4576 365
2426 4505 2586 4559 donec
2624 4505 2904 4559 revertaris
2956 4505 3009 4557 in
3054 4512 3252 4556 terram

24 4613 45 4645 ν
70 4596 195 4671 λύπῃ
211 4603 359 4670 φαγῇ
384 4598 569 4669 αὐτὴν
586 4598 765 4661 πάσας
782 4596 882 4659 τὰς
898 4598 1007 4668 ήμέ
1017 4614 1114 4668 ρας
1142 4596 1242 4666 τῆς
1266 4597 1411 4667 ζωῆς
1430 4614 1522 4649 σου
1546 4615 1558 4628 ·

24 4688 202 4755 ίκάνθας
250 4694 345 4745 καὶ
404 4690 688 4761 τριϐόλους
722 4688 973 4743 ἀνατελεί
1015 4707 1117 4753 σοι,
1163 4688 1256 4742 καὶ
1290 4691 1438 4759 φαγῇ
1472 4688 1563 4741 τὸν

24 4779 157 4849 [ὁρτον
185 4784 274 4837 τοῦ
310 4782 495 4855 ἀγροῦ.
526 4800 636 4835 σου.
679 4784 768 4835 Ἐν
799 4782 979 4854 ἱδρῶτι
1014 4781 1109 4833 τοῦ
1146 4780 1440 4849 προσώπου
1466 4797 1569 4833 σου.

23 4890 118 4943 λίγ’,
140 4878 236 4929 τὸν.
258 4880 428 4950 ἄρτον
458 4896 576 4942 σου,
625 4877 842 4941 ἓωςτοῦ
874 4876 1217 4948 ἀποστρέψαι
1253 4894 1313 4929 σε
1354 4879 1435 4940 είς
1462 4876 1567 4947 τὴν

1669 4596 1734 4649 de
1754 4612 1861 4664 qua
1889 4607 2129 4665 sumptus
2164 4614 2241 4660 es,
2274 4600 2399 4667 quia
2430 4598 2600 4668 pulvis
2650 4614 2728 4661 es,
2791 4607 2840 4650 et
2889 4597 2944 4650 in
2992 4595 3255 4664 pulverem

1668 4702 1971 4741 reversurus
2015 4703 2068 4740 es
2100 4687 2163 4741 ’⁸.
2207 4686 2380 4743 Verba
2416 4704 2587 4744 sacra:
2627 4688 2942 4758 Scriptum,
2989 4693 3253 4756 quantum

1665 4781 1863 4835 attinet
1894 4778 1963 4833 ad
2012 4780 2303 4836 historiam
2356 4780 2596 4836 hominis
2642 4788 2697 4835 et
2742 4778 3013 4850 paradisi,
3063 4777 3145 4833 sic
3196 4792 3257 4833 se

1674 4877 1900 4932 habent.

24 4968 103 5036 Γῆν,
136 4972 187 5039 ἐξ
219 4970 286 5047 ἦς
318 4974 598 5043 ὲλήφθης’
638 4975 719 5025 ὄτι
774 4974 847 5043 γῆ
884 4968 953 5034 εἶ,
990 4971 1081 5024 καὶ
1136 4974 1215 5034 εἰς
1246 4972 1349 5042 γῆν
1415 4971 1709 5043 ἀπελεύση.
1758 4992 1777 5023 ι
1824 4972 1937 5043 Τῆς
1973 4972 2071 5043 μὲν
2132 4968 2223 5026 οῦν
2260 4973 2501 5044 ἱστορίας
2532 4970 2626 5025 τοῦ
2658 4969 2966 5042 ἀνθρώπου,
3021 4968 3113 5022 καὶ
3160 4966 3255 5021 τοῦ

23 5066 294 5129 ταριδείσου
326 5068 397 5121 τὰ
435 5067 579 5139 ρητά
630 5068 728 5138 τῆς
767 5068 925 5135 ἀγίας
970 5067 1192 5137 Γραφῆς
1221 5066 1363 5120 οὕτω
1392 5068 1653 5139 περιέχει.

60 5158 93 5186 ¹³
122 5157 249 5215 Gen.
278 5177 341 5225 ιι,
374 5161 410 5216 8
444 5176 618 5231 usque
649 5161 716 5215 ad
748 5160 908 5215 ﬁnem
944 5166 998 5215 et
1034 5176 1114 5222 ιιι.
1152 5160 1322 5214 1--19.’

167 5256 334 5308 Αὐτό.
365 5255 593 5324 Legitur
610 5255 769 5318 αὐτός
795 5254 849 5307 in
872 5253 995 5307 cod.
1024 5251 1322 5306 Bodleiano
1342 5258 1396 5306 et
1414 5250 1559 5324 apud

24 5320 131 5376 Μ.
150 5324 413 5379 Observat
442 5320 619 5378 autem
641 5323 821 5379 Fellus
845 5323 1123 5377 nonnullis
1135 5324 1357 5392 placere,
1375 5320 1569 5391 τειρή-

24 5407 86 5452 ει,
104 5404 340 5457 conteret,
369 5395 467 5450 sed
492 5404 693 5464 pugnat
722 5394 954 5464 Wolfius
981 5408 1079 5462 pro
1112 5391 1399 5464 retinenda
1426 5406 1564 5446 voce

24 5466 217 5533 ηρήσει,
268 5466 436 5523 modo
482 5462 583 5533 ipsi
616 5463 925 5519 observandi
968 5473 1017 5517 et
1062 5462 1358 5533 insidiandi
1412 5465 1560 5515 notio

24 5534 257 5590 ribuatur.
292 5532 695 5589 Utram’vocem
726 5534 1039 5589 adhibuerit
1064 5532 1421 5602 Theophilus,
1449 5540 1565 5586 sta-

23 5617 126 5658 nere
162 5621 267 5659 non
300 5606 509 5667 audeo;
546 5606 639 5659 sed
666 5615 846 5659 tamen
882 5604 940 5658 S.
965 5602 1207 5658 Joannes
1231 5603 1563 5673 ChrySosto-

24 5688 120 5735 nus.
148 5676 237 5744 qui
269 5678 322 5731 in
362 5674 555 5729 eadem
594 5689 657 5729 ac
700 5674 1036 5744 Theophilus
1089 5673 1333 5727 Ecclesia
1372 5687 1561 5726 sacer-

24 5744 111 5815 lptii
140 5762 361 5802 munere
378 5746 819 5815 perfunctusest,
847 5746 1056 5814 legebat
1075 5746 1344 5815 τειρήσει,
1363 5757 1560 5815 quam-

26 5810 67 5866 is
96 5817 143 5867 in
170 5818 290 5883 ejus
324 5810 589 5886 operibus
624 5817 832 5886 legatur
861 5810 1095 5869 aiterum
1125 5810 1567 5886 verbumfl’ost-

24 5898 138 5946 Luam
162 5888 304 5941 enim
348 5883 539 5942 retulit
578 5883 737 5942 verba
788 5883 1113 5958 Seripturas,
1168 5886 1247 5940 sic
1286 5898 1348 5939 ea
1378 5884 1564 5953 expla-

1666 5263 1793 5307 nat:
1858 5252 1966 5305 Καὶ
2022 5252 2131 5324 γάρ
2192 5249 2464 5320 τοσαύτην
2512 5249 2706 5319 ἐκείνῳ
2769 5249 2867 5319 μὲν
2908 5248 3127 5317 παρέξω
3157 5246 3255 5369 12:

1669 5323 1844 5369 ίσνὺν.
1895 5322 1970 5369 ὡς
1999 5322 2263 5369 διηνεκῶς
2286 5318 2592 5369 ἐπικεῖσθαι
2621 5322 2685 5369 τῆ
2725 5323 2788 5369 σῆ
2823 5319 3052 5369 κεωαλῆ.
3090 5317 3146 5368 σὲ
3230 5318 3252 5345 ³⁵

1669 5323 1844 5392 ἰσχὺν,
1895 5322 1970 5403 th;
1999 5317 2268 5403 διηνεξιῶς
2286 5317 2592 5403 ἐπικεῖσθαι
2621 5317 2687 5403 τῇ
2823 5319 3052 5400 κεφαλῇ,
3090 5317 3252 5403 σὲιδὲ

1663 5376 1778 5455 τοῖς
1814 5376 2021 5445 έκείνόυ
2055 5376 2213 5444 ποσὶν
2244 5376 2588 5452 ύποκεῖσθαι,
2646 5376 2873 5442 Tant-um
2902 5376 3041 5446 enim
3093 5385 3255 5438 robur

1666 5462 1751 5515 illi
1786 5463 2041 5523 tribuam,
2074 5473 2131 5515 ut
2152 5463 2506 5514 indesinenter
2535 5471 2622 5511 tuo
2663 5457 2931 5511 incumbat
2970 5456 3151 5523 capiti,
3198 5464 3254 5508 tu

1665 5548 1802 5611 vero.
1826 5532 1971 5611 illius
1996 5532 2221 5611 pedibus
2253 5530 2606 5611 subjiciaris._
2631 5530 2808 5611 Atque
2846 5527 2915 5611 ‘id
2981 5525 3254 5611 praeeipue

1672 5602 1956 5671 impletum
1982 5596 2051 5673 in
2084 5596 2357 5673 spirituali
2396 5608 2646 5673 serpente
2672 5597 2870 5673 probat
2893 5613 2957 5650 ex
2987 5598 3072 5649 his
3094 5596 3255 5648 (Zhri-

1675 5666 1956 5727 sti-verbis
1978 5666 2209 5732 Lucfx,
2251 5672 2359 5725 i9:
2414 5666 2545 5721 Ecce
2599 5667 2717 5719 dedi
2757 5666 2897 5719 vobis
2943 5675 3250 5733 Potestatem

1674 5743 1921 5795 calcandi
1961 5758 2117 5811 super
2145 5751 2411 5810 serpentes
2462 5750 2510 5811 et
2558 5738 2854 5811 scorpiones
2878 5747 2927 5789 et
2956 5752 3113 5811 super
3138 5752 3254 5788 om-

1674 5828 1787 5865 nem
1811 5804 2055 5865 virtutem
2085 5804 2301 5865 .‘nimici.
2340 5809 2495 5874 Quod
2543 5808 2586 5862 si
2643 5807 2869 5859 verbum
2898 5822 2927 5859 a
2970 5804 3255 5875 Scriptura

1674 5881 1979 5936 adhibitum
2017 5880 2074 5936 S.
2106 5880 2341 5936 Joannes
2368 5880 2794 5949 Chrysostomus
2819 5877 2958 5932 idem
2991 5894 3113 5932 esse
3134 5894 3255 5931 cre-
