3652 6490
12 369 45 423 9

11 486 141 556 ἱμην
171 486 432 555 ἡμέραν,
454 485 615 539 ὁπότε
647 484 739 537 xal.
780 484 871 536 τὸν
923 484 1256 554 παράδεισον
1297 484 1527 553 πεποίη-
1560 496 1597 549 Α

11 579 123 639 ,εἰς
158 576 227 627 τὸ
263 576 329 627 ἐν
371 576 652 646 κρείσσονι
695 575 864 645 τόπῳ,
919 574 1011 628 καὶ
1048 574 1233 645 χωρίῳ
1280 574 1519 644 διαφόρῳ

11 668 66 720 δν
99 662 276 720 εἶναι.
308 668 429 720 Καὶ
451 667 533 720 ὃτι
558 665 736 719 ταῦτά
760 668 907 718 ἐστιν
939 664 1135 735 ἀληθῆ,
1178 663 1310 718 αὐτὸ
1345 665 1407 717 τὸ
1439 664 1524 735 ἕρ-

28 758 311 812 δείκνυσι.
342 757 474 820 Πῶς
508 757 619 828 γὰρ
652 758 753 811 οὐκ
778 758 894 809 ἐστι
928 756 1266 825 κατανοῆσαι
1294 757 1392 827 τὴν
1426 758 1523 827 μὲν

12 866 89 911 να,
120 850 193 918 ἢν
224 848 545 918 πάσχουσιν
566 850 625 899 ὲν
655 847 731 917 τῷ
762 845 972 916 τοκετῷ
1020 847 1078 899 αἱ
1117 849 1396 915 γυναῖκες,
1431 847 1525 899 καὶ

18 940 49 993 ὰ
76 939 246 993 τοῦτο
275 939 463 1010 λήθην
488 938 584 991 τοῦ
613 940 775 992 πόνου
806 937 1107 1001 ποιοῦνται,
1131 939 1278 1001 ὅπως
1308 937 1527 1009 πληρω-

12 1032 113 1103 [71)
148 1033 180 1083 6
207 1031 309 1084 τοῦ
336 1030 481 1084 Θεοῦ
513 1030 689 1099 λόγος,
724 1033 803 1094 είς
837 1028 1166 1094 αὐξάνεσθαι
1195 1029 1290 1082 καὶ
1318 1028 1524 1100 πληθύ-

11 1124 95 1178 θαι
121 1124 187 1176 τὸ
220 1122 397 1191 γένος
432 1122 543 1175 τῶν
561 1119 899 1192 άνθρώπων;
937 1120 1002 1172 Τί
1044 1119 1089 1172 δ’
1122 1120 1242 1189 οὐχὶ
1285 1120 1380 1172 καὶ
1427 1118 1526 1190 τὴν

39 1214 605 1285 δφεωςκατάκρισιν,
631 1212 746 1279 πῶς
766 1211 1033 1282 στυγητὸς
1053 1212 1310 1282 τυγχάνει
1342 1210 1526 1281 ἕρπων

44 1309 111 1376 τῇ
154 1304 375 1377 κοιλίᾳ,
428 1306 521 1358 καὶ
566 1303 761 1356 ἐσθίων
798 1302 904 1372 γῆν
933 1319 947 1332 ο
982 1303 1133 1365 ὅπως
1180 1302 1277 1355 καὶ
1306 1295 1525 1373 τοῦτοῇ

29 1395 317 1462 ἀπόδειξιν
343 1398 481 1466 ἡμῖν
513 1394 623 1448 τῶν
655 1394 1074 1465 προειρημένων
1102 1410 1118 1460 ;

11 1488 73 1542 ιι.
120 1487 524 1554 Ἐξανατείλας
559 1482 651 1540 οὖν
692 1486 721 1537 6
749 1486 881 1548 Θεὸς
915 1488 979 1539 ὲκ
1016 1486 1118 1555 τῆς
1168 1484 1272 1555 γῆς
1305 1484 1385 1537 ἔτι
1419 1485 1528 1537 πᾶν

12 1600 74 1635 ,ον
103 1582 319 1652 ὡραῖον
354 1583 442 1646 εἰς
487 1583 679 1652 ὅρασιν
724 1582 817 1634 καὶ
851 1580 1012 1633 καλὸν
1047 1582 1126 1644 είς
1179 1579 1403 1651 βρῶσιν,
1442 1581 1529 1633 Ἐν

11 1692 28 1725 2
56 1673 303 1743 πρώτοις
342 1674 489 1744 μόνα
517 1670 585 1744 ἦν
616 1674 685 1726 τὰ
712 1674 769 1725 ἐν
800 1676 866 1744 τῇ
895 1672 1052 1744 τρίτῃ
1085 1674 1271 1743 ἡμέρα
1302 1689 1531 1743 γεγενη-

11 1784 80 1829 aa,
118 1765 267 1834 φυτὰ
303 1765 410 1819 καὶ
457 1764 751 1835 σπέρματα
791 1766 888 1818 καὶ
922 1764 1074 1835 χλόαι
1098 1781 1111 1794 θ
1155 1764 1224 1817 τὰ
1255 1764 1312 1817 δὲ
1345 1766 1404 1817 ὲν
1451 1764 1528 1835 τῷ

1144 364 1235 420 AD
1270 363 1700 420 AUTOLYCUM
1736 363 1867 418 LIB.
1928 363 1995 418 11.

3056 361 3195 415 ιοθι)

1626 481 1960 536 creationem
1993 477 2248 550 patefecit
2291 484 2417 547 post
2444 476 2588 531 diem
2640 478 2928 547 septimam
2960 492 3084 531 cum
3116 494 3213 548 pa-

1625 575 1868 628 radisum
1910 580 2183 643 parasset,
2234 579 2294 625 ut
2336 571 2390 624 in
2426 569 2637 639 optimo
2672 579 2725 624 et
2760 572 3215 640 prarstantissimo

1627 663 1746 717 loco
1792 678 1916 719 eum
1961 664 2345 718 constitueret.
2385 661 2510 715 llaec
2560 671 2741 718 autem
2796 679 2920 717 vera
2970 678 3094 718 esse
3125 678 3215 718 res

1626 758 1742 827 ipsa
1773 756 2136 810 demonstrat.
2182 754 2373 809 Nonne
2423 754 2567 807 enim
2619 756 2745 810 licet
2778 755 3216 809 animadvertere

1628 849 1848 903 dolores
1898 849 2044 907 illos,
2096 862 2236 917 quos
2283 848 2568 917 perferunt
2615 848 2668 901 in
2714 856 2874 917 partu
2922 860 2975 901 et
3022 856 3213 917 postea

1624 939 1885 994 oblivioni
1918 938 2141 992 tradunt
2173 940 2451 1002 mulieres,
2486 946 2620 993 utet
2653 938 2744 992 Dei
2774 955 2955 993 sermo
2989 938 3216 1006 implea-

1626 1043 1716 1084 tur
1747 1039 1800 1085 et
1824 1040 2089 1101 augeatur
2119 1041 2173 1086 et
2205 1043 2417 1087 crescat
2452 1048 2624 1103 genus
2650 1031 2992 1084 humanum?
3023 1028 3216 1083 Nonne

1626 1124 1787 1178 etiam
1815 1123 1988 1191 ipsius
2023 1124 2295 1192 serpentis
2328 1122 2863 1180 condemnationem.
2889 1121 3051 1192 366
3080 1136 3221 1191 quo-

1626 1213 1790 1267 modo
1819 1229 2021 1268 exosus
2064 1214 2156 1276 sit,
2192 1222 2381 1269 ventre
2426 1229 2654 1284 serpens
2695 1228 2757 1266 ac
2788 1221 2989 1267 terram
3023 1214 3216 1279 edens,

1629 1313 1687 1358 ut
1717 1306 1821 1359 hoc
1858 1320 2077 1374 quoque
2119 1316 2440 1373 argumento
2488 1307 2692 1360 veritas
2722 1320 2936 1369 eorum,
2977 1321 3098 1375 quae
3134 1304 3219 1358 di-

1630 1398 1831 1458 ximus,
1861 1398 2256 1450 confirmetur?

1696 1489 1787 1543 26.
1824 1488 2072 1542 l’aradisi
2098 1489 2457 1557 pulchritudo.
2484 1476 2563 1529 —'
2582 1489 2848 1544 Produxit
2882 1490 3049 1561 igitur
3073 1488 3218 1545 Deus

1629 1578 1695 1633 de
1719 1580 1886 1635 humo
1910 1597 2073 1635 omne
2104 1582 2310 1651 lignum
2343 1583 2633 1652 pulchrum
2667 1583 2786 1635 visu
2819 1590 2872 1636 et
2910 1582 2975 1635 ad
2994 1597 3219 1636 vescen-

1630 1668 1759 1723 dum
1799 1685 1989 1725 suave.
2023 1668 2186 1725 Initio
2226 1672 2372 1725 enim
2401 1687 2462 1725 ea
2498 1671 2880 1725 tantummodo
2914 1680 3071 1725 erant
3100 1687 3220 1741 quae

1630 1761 1718 1816 die
1749 1764 1912 1818 tertio
1938 1763 2207 1833 producta
2233 1763 2472 1827 fuerant,
2505 1765 2724 1834 plantae,
2759 1764 2989 1829 semina,
3013 1764 3216 1820 herbae.

12 1856 234 1927 ραδείσῳ
266 1855 515 1927 ἐγενήθη
547 1856 789 1927 διαφόρῳ
812 1856 1040 1926 καλλονῇ
1074 1857 1167 1909 καὶ
1195 1855 1524 1927 ὼραιότητιε

1700 1870 1765 1909 ue
1799 1870 1927 1909 vero
1958 1858 2013 1908 in
2055 1856 2334 1925 paradiso,
2373 1872 2434 1910 ea
2461 1856 2741 1925 praestanti
2791 1865 2941 1911 erant
2972 1855 3219 1925 pulchri-

11 1966 57 2001 ου
89 1967 151 2016 γε
191 1951 290 2003 καὶ
322 1949 527 2018 φυτεία
552 1949 869 2018 ὠνόμασται
896 1949 1000 2003 ὑπὸ
1031 1949 1166 2002 Θεοῦ
1195 1950 1535 2021 πεφυτευμέ-

12 2042 158 2094 ηΚαὶ
215 2041 288 2095 τὰ
351 2042 458 2112 μὲν
502 2041 665 2094 λοιπά
719 2041 863 2110 φυτὰ
922 2043 1086 2112 ὃμοια
1123 2043 1216 2096 καὶ
1257 2045 1285 2097 6
1331 2045 1531 2115 κόσμος

11 2149 122 2200 (qua
147 2148 161 2163 ’
198 2132 271 2184 τὰ
304 2132 366 2185 δὲ
386 2132 484 2185 δύο
517 2131 667 2197 ξύλα,
687 2132 749 2185 τὸ
777 2132 877 2202 τῆς
910 2132 1053 2203 ζωῆς
1072 2135 1165 2187 καὶ⁸
1192 2136 1253 2187 τὸ
1274 2136 1373 2204 τῆς
1396 2135 1535 2203 γνὼ-

12 2242 86 2286 υς,
121 2224 220 2277 οὐκ
248 2224 497 2293 ἔσχηκεν
528 2225 689 2294 ἑτέρα
714 2224 926 2295 metu
950 2225 981 2293 ἣ
1008 2226 1065 2276 ὲν
1088 2226 1232 2296 μόνῳ
1263 2245 1292 2279 τ
1310 2228 1339 2296 ξ’)
1366 2244 1535 2300 παρα-

12 2317 106 2386 ἴσῳ.
146 2316 359 2370 Ὀτίδὲ
392 2318 490 2372 καὶ
511 2318 540 2369 6
562 2317 890 2385 παράδεισος
911 2317 985 2387 γῆ
1020 2320 1155 2381 ἐστι,
1180 2320 1273 2373 καὶ
1309 2321 1400 2372 ἐπὶ
1431 2321 1532 2390 τῆς

12 2426 37 2470 ς
68 2406 437 2475 πεφύτευται,
472 2410 504 2478 ἡ
532 2409 569 2459 Γ
579 2408 723 2479 ραφὴ
752 2406 905 2475 λέγει
934 2425 947 2438 ·
984 2410 1093 2462 Καὶ
1136 2411 1470 2479 ἐφύτευσεν
1502 2416 1533 2465 ὀ

12 2501 81 2564 tot;
131 2499 515 2568 παράδεισον
563 2502 634 2553 ἐν
677 2501 853 2571 Ἐδὲμ
890 2504 1039 2555 κατὰ
1078 2504 1396 2570 ἀνατολὰς,
1434 2505 1533 2557 καί

12 2609 97 2644 ero
126 2592 254 2646 ἐκεῖ
271 2592 386 2646 τὸν
412 2594 751 2661 ἄνθρωπον.
778 2596 885 2648 Καὶ
916 2595 1294 2658 ἐξανέτειλεν
1327 2600 1358 2649 ό
1392 2597 1535 2663 Θεὸς

18 2700 31 2733 ι
58 2681 165 2734 ἀπὸ
194 2680 302 2749 τῆς
323 2681 444 2752 γῆς
474 2682 597 2737 πᾶν
621 2684 813 2747 ξύλον
837 2685 1055 2752 ὡραῖον
1082 2688 1169 2752 είς
1192 2685 1404 2753 ἐξίασιν
1434 2688 1531 2739 καὶ

11 2772 125 2825 utor
152 2776 237 2840 είς
264 2774 529 2842 βρῶσιν.
588 2776 661 2828 Τὸ
692 2771 784 2829 οὖν
812 2776 898 2829 ἔτι
924 2777 1032 2848 (72)
1065 2778 1128 2830 ἐκ
1160 2777 1260 2846 τῆς
1294 2778 1395 2847 γῆς
1439 2774 1536 2831 καὶ

11 2862 83 2915 ne
108 2864 371 2928 ἀνατολὰς
427 2865 619 2934 σαφῶς
661 2866 900 2919 διδάσκει
928 2870 1073 2938 ἡμᾶς
1110 2871 1142 2938 ἡ
1190 2868 1309 2922 θεία
1347 2868 1533 2939 Γραφὴ

12 2970 39 3002 ιν
62 2955 382 3024 παράδεισον
420 2957 527 3009 ὑπὸ
555 2958 745 3010 τοῦτον
780 2960 870 3012 τὸν
912 2960 1160 3030 οὐρανὸν,
1203 2961 1293 3028 ὑφ’
1339 2960 1397 3012 ὃν
1442 2961 1535 3012 καὶ

11 3045 168 3116 »στολὴ
192 3048 374 3119 καίγῆ
406 3052 564 3101 εἰσιν.
617 3050 777 3121 Ἐδὲμ
810 3050 865 3103 δὲ
912 3052 1188 3122 Ἐϐραϊστὶ
1220 3053 1281 3105 τὸ
1306 3052 1531 3123 εἰρημέ-

11 3152 43 3186 av
64 3137 417 3234 ἑρμηνεύεται
448 3139 805 3234 mussri-(75).
852 3141 1103 3212 Ποταμὸν
1151 3142 1207 3194 δὲ
1250 3145 1530 3215 σεσήμαγ-
1559 3179 1601 3234 c

11 3240 49 3275 εν
79 3227 471 3298 ἐκπορεύεσθαι
490 3228 547 3294 ἐξ
587 3229 766 3299 Ἐδὲμ,
794 3230 1037 3293 ποτίζειν
1059 3230 1149 3283 τὸν
1183 3232 1527 3303 παράδεισον,

13 3317 204 3370 ἁκεῖθεν
224 3319 652 3392 διαχωρίζεσθαι
680 3323 760 3385 είς
789 3324 1065 3393 τέσσαρας
1081 3324 1253 3395 ἀρχάς
1280 3343 1292 3355 υ
1330 3319 1405 3379 ὧν
1439 3326 1532 3380 δύο

36 3406 341 3479 καλούμενοι
365 3410 576 3463 Φεισὼν
604 3412 696 3465 καὶ
730 3412 894 3475 Γεὼν,
931 3412 1211 3477 ποτίζουσι
1238 3415 1307 3468 τά
1339 3418 1531 3472 ἀνατο-

14 3498 80 3548 ,κὰ
99 3500 248 3569 μέρη,
272 3502 514 3572 μάλιστα
533 3502 740 3568 όΓεὼν,
772 3506 800 3556 6
839 3505 1056 3558 κυκλῶν
1078 3508 1258 3561 πᾶσαν
1297 3509 1401 3579 γῆν
1448 3513 1535 3563 Αί-

14 3588 188 3651 οπίας,
220 3591 279 3642 ὃν
318 3609 487 3661 φασιν
516 3593 573 3644 ὲν
606 3595 671 3663 τῇ
701 3593 962 3666 Αἰγύπτῳ
992 3596 1403 3665 ἀναφαίνεσθαι,
1443 3602 1533 3655 τὸν

15 3676 269 3747 ιλούμενον
297 3684 513 3736 Νεῖλον.
544 3686 606 3736 Ui
644 3684 699 3736 δὲ
729 3685 878 3739 ἄλλοι
909 3686 1004 3739 δύο
1036 3689 1269 3758 ποταμοὶ
1290 3688 1535 3759 φανερῶς

15 3768 296 3826 ινιὶισκονται
348 3778 486 3847 παρ’
522 3778 672 3846 ἡμῖν,
723 3779 772 3830 οἱ
815 3778 1137 3849 καλούμενοι
1187 3780 1377 3851 Τίγρις
1441 3782 1534 3833 καὶ

21 3858 234 3933 ὺφράτης
261 3902 274 3915 .
307 3860 593 3938 Οὗτοιγὰρ
636 3869 944 3936 γειτνιῶσιν
990 3870 1094 3935 ἓως
1109 3870 1220 3923 τῶν
1253 3873 1533 3943 ἡμετέρων

16 3945 237 4015 ὶιμάτων.
273 3954 397 4019 Θεὶς
433 3956 491 4008 δὲ
519 3958 547 4008 6
580 3957 711 4021 Θεὸς
732 3958 823 4010 τὸν
843 3957 1150 4029 ἄνθρωπον,
1186 3958 1368 4022 καθὼς
1403 3977 1535 4031 προ-

18 4040 263 4112 ιρήκαμεν,
297 4047 357 4098 ὲν
388 4046 471 4117 τῷ
499 4048 832 4119 παραδείσῳ,
864 4052 943 4111 είς
990 4049 1049 4101 τὸ
1083 4048 1412 4121 ἐργάζεσθαι
1440 4051 1534 4103 καὶ⁵

23 4128 240 4187 υλάσσειν
270 4138 455 4201 αὑτὸν,
485 4139 791 4193 ἐνετείλατο
829 4140 997 4210 αύτῷ,
1032 4142 1139 4193 ἀπὸ
1172 4143 1390 4195 πάντων
1426 4141 1534 4195 τῶν

18 4223 175 4289 αρπῶν
209 4227 424 4293 ἐσθίειν,
455 4231 695 4303 δηλονότι
729 4234 821 4286 καὶ
846 4234 957 4286 ἀπὸ
980 4234 1073 4287 τοῦ
1114 4234 1213 4304 τῆς
1237 4233 1402 4305 ζωῆς,
1435 4236 1531 4305 μό·

18 4323 61 4359 ου
78 4310 125 4362 δὲ
172 4316 230 4368 ἐκ
254 4319 345 4372 τοῦ
369 4321 527 4387 ξύλου
551 4323 644 4376 τοῦ
666 4324 767 4393 τῆς
799 4322 1052 4391 γνώσεως
1070 4324 1371 4379 ἐνετείλατο
1389 4324 1535 4396 αὐτῷ

19 4400 54 4469 ιὴ
76 4405 699 4485 γεύσασθαι.Μετέθηκεν
741 4415 798 4468 δὲ
843 4416 1006 4469 αὐτὸν
1044 4418 1072 4470 6
1124 4417 1255 4480 Θεὸς
1317 4418 1382 4469 ὲκ
1436 4418 1535 4486 τῆς

1635 1948 1824 2000 tudine
1851 1954 1903 2001 et
1934 1948 2283 2012 ammnitate,
2304 1947 2503 2017 quippe
2526 1962 2650 2000 cum
2683 1946 3010 2016 plantarium
3044 1945 3222 2014 appel-

1637 2040 1775 2093 letur
1814 2040 1882 2093 ab
1923 2039 2044 2107 ipso
2081 2039 2193 2094 Deo
2233 2047 2449 2104 satum;
2480 2048 2707 2093 casteras
2736 2038 2956 2108 quidem
3002 2039 3222 2108 plantas

1635 2132 1872 2187 mundus
1905 2131 2050 2186 haud
2094 2132 2379 2186 absimiles
2422 2131 2631 2185 habuit.
2665 2131 2811 2185 Duas
2841 2142 3023 2185 autem
3058 2131 3222 2184 arbo-

1633 2240 1743 2283 res.
1777 2224 1903 2278 vitae
1943 2233 1996 2278 et
2028 2225 2294 2286 scientia»,
2344 2225 2491 2277 nulla
2524 2225 2629 2277 alia
2674 2231 2832 2278 terra:
2863 2239 2994 2293 pars
3028 2223 3220 2277 habuit

1634 2318 1739 2371 nisi
1774 2316 2085 2386 paradisus.
2119 2315 2440 2371 Paradisum
2475 2326 2654 2371 autem
2684 2332 2806 2371 esse
2836 2326 3059 2379 terram,
3090 2323 3142 2370 et
3164 2316 3217 2368 in

1635 2415 1781 2461 terra
1813 2416 1991 2461 satum
2026 2406 2190 2461 docet
2235 2405 2521 2476 Scriptura
2552 2422 2676 2460 eum
2711 2407 2787 2459 ait
2818 2422 2831 2457 :
2867 2406 2933 2459 Et
2958 2405 3219 2475 plantavit

1640 2499 1777 2552 Deus
1807 2498 2120 2567 paradisum
2155 2500 2208 2552 in
2257 2498 2401 2553 Eden
2449 2498 2518 2551 ad
2550 2501 2823 2553 orientem.
2854 2508 2903 2552 et
2938 2498 3112 2567 posuit
3148 2496 3220 2549 ibi

1636 2590 1917 2645 hominem.
1963 2590 2032 2642 Et
2064 2590 2319 2659 produxit
2364 2589 2540 2642 adhuc
2592 2589 2731 2643 Deus
2780 2590 2843 2643 de
2885 2598 3027 2641 terra
3070 2604 3221 2641 omne

1636 2683 1833 2751 lignum
1885 2683 2161 2752 pulchrum
2210 2684 2322 2736 visu
2375 2693 2423 2736 et
2462 2682 2652 2734 bouum
2706 2681 2775 2733 ad
2814 2680 3216 2737 comedendum.

1638 2770 1734 2827 His
1775 2773 1941 2842 igitur
1982 2772 2182 2836 verbis,
2232 2772 2410 2825 adhuc
2454 2771 2517 2825 de
2566 2780 2708 2824 terra
2751 2777 2805 2824 et
2856 2769 2924 2821 ad
2964 2770 3220 2823 orientem

1635 2861 1795 2915 docet
1819 2878 1919 2916 nos
1948 2862 2095 2915 clare
2127 2862 2311 2915 divina
2339 2860 2619 2930 Scriptura
2650 2859 2964 2930 paradisum
2989 2859 3093 2913 sub
3114 2859 3220 2913 hoc

1636 2954 1777 3009 caelo
1821 2969 1944 3008 esse
1981 2954 2084 3009 sub
2137 2968 2247 3023 quo
2296 2954 2484 3007 oriens
2526 2960 2579 3007 et
2623 2960 2793 3006 terra.
2836 2951 2992 3017 Quod
3038 2958 3220 3003 autem

1639 3045 1906 3101 Hebraice
1935 3046 2139 3099 dicitur
2170 3044 2341 3107 Eden,
2368 3046 2411 3098 si
2443 3043 2848 3113 interpreteris,
2882 3043 3024 3095 idem
3043 3047 3127 3095 est
3156 3055 3223 3094 ac

1637 3137 1862 3191 (Μὴ-ἔω.
1903 3136 2153 3190 Fluvium
2177 3150 2395 3207 quoque
2426 3136 2632 3189 indicat
2657 3150 2722 3189 ex
2767 3134 2915 3188 Eden
2944 3132 3097 3194 oriri,
3124 3145 3221 3200 pa»-

1636 3230 1878 3283 radisum
1913 3229 2145 3293 alluere,
2186 3243 2248 3281 ac
2280 3227 2406 3282 inde
2440 3227 2494 3280 in
2537 3236 2776 3297 quatuor
2815 3226 2996 3295 capita
3027 3222 3218 3287 dividi,

1632 3334 1870 3389 quorum
1900 3318 2031 3383 duo,
2066 3316 2271 3372 Phison
2317 3326 2370 3373 et
2393 3317 2544 3373 Geon
2580 3316 2776 3381 vocati,
2825 3317 3003 3385 rigant
3038 3316 3221 3369 orien—

1634 3413 1770 3465 tales
1805 3420 2011 3480 partes,
2050 3412 2328 3482 prazcipue
2366 3410 2517 3466 Geon
2549 3411 2640 3479 qui
2675 3418 2847 3465 totam
2882 3409 3219 3479 Ethiopiam

1634 3502 1984 3565 circumﬂuit,
2020 3511 2074 3557 et
2113 3504 2167 3558 in
2213 3503 2452 3573 Egypto
2498 3504 2601 3558 sub
2628 3502 2733 3556 Nili
2782 3503 3003 3555 nomine
3054 3517 3223 3570 appa-

1634 3609 1756 3647 rere
1782 3594 2002 3648 dicitur.
2043 3592 2256 3664 Reliqui
2285 3603 2467 3649 autem
2512 3594 2643 3657 duo,
2686 3609 2921 3663 quorum
2959 3593 3095 3646 alter
3127 3591 3223 3645 Ti-

1635 3686 1770 3754 gris,
1802 3686 1941 3739 alter
1975 3684 2286 3754 Euphrates
2341 3696 2587 3747 vocatur,
2623 3686 2782 3739 nobis
2819 3693 2972 3739 certo
3014 3685 3219 3754 cogniti

1635 3787 1797 3842 sunt;
1838 3784 1967 3830 sunt
2018 3777 2168 3830 enim
2230 3777 2436 3830 nostris
2476 3776 2788 3847 regionibus
2840 3776 3027 3829 vicini.
3080 3777 3216 3830 Cum

1636 3876 1818 3921 autem
1852 3868 2129 3936 posuisset
2159 3866 2305 3922 Deus
2336 3868 2635 3930 hominem,
2671 3876 2729 3921 ut
2753 3868 3128 3939 praediximus.
3162 3868 3218 3921 in

1633 3958 1891 4028 paradiso
1924 3966 1983 4011 ut
2018 3967 2343 4028 operaretur
2366 3968 2421 4013 et
2448 3960 2753 4015 custodiret
2788 3975 2935 4024 eum,
2962 3960 3221 4029 praecepit

1634 4053 1685 4106 ei
1716 4059 1775 4105 ut
1818 4052 1887 4106 de
1912 4053 2169 4107 omnibus
2216 4052 2486 4107 fructibus
2530 4052 2864 4117 comederet,
2894 4064 2947 4107 et
2987 4052 3053 4107 de
3099 4054 3219 4123 ipso

1634 4145 1889 4200 videlicet
1923 4145 2045 4200 vita!
2074 4145 2273 4200 arbore
2301 4164 2315 4209 ;
2349 4145 2418 4199 de
2449 4146 2569 4199 solo
2592 4155 2773 4199 autem
2800 4147 3041 4199 scientia:
3072 4146 3219 4213 ligno

1636 4237 1918 4291 interdixit
1962 4253 2030 4291 ne
2062 4245 2330 4307 gustaret.
2367 4236 2523 4291 Illum
2555 4250 2736 4294 autem
2769 4239 3048 4293 transtulit
3074 4236 3218 4291 Deus

1635 4328 1702 4383 de
1733 4337 1900 4391 terra,
1931 4345 1997 4383 ex
2046 4345 2152 4399 qua
2186 4329 2363 4384 factus
2398 4342 2546 4393 erat,
2589 4332 2641 4385 in
2676 4330 3014 4401 paradisum,
3046 4330 3219 4397 subji-

1636 4423 1786 4476 ciens
1825 4421 1873 4475 ei
1899 4422 2154 4475 stimulos
2180 4421 2526 4490 proﬁciendi,
2563 4431 2622 4475 ut
2653 4438 2977 4493 augescens,
3004 4438 3067 4475 ac
3091 4429 3218 4476 tan-

20 4492 88 4562 ἧς,
112 4498 162 4563 ἐξ
182 4497 245 4573 ἧς
264 4505 521 4575 ἐγεγόνει,
539 4511 617 4572 είς
645 4510 735 4563 τὸν
769 4510 1116 4581 παράδεισον,
1169 4510 1342 4574 διδοὺς
1382 4509 1525 4579 αὐτῷ

1698 4528 1756 4565 εηι
1805 4510 2101 4581 perfectus,
2147 4512 2258 4566 imo
2280 4513 2594 4567 declaratus
2623 4513 2783 4575 deus,
2816 4512 2897 4569 sic
2929 4513 2981 4566 in
3011 4514 3213 4567 caelum

20 4586 206 4657 ιφορμὴν
236 4596 517 4667 προκοπῆς
564 4597 673 4669 (74)
720 4600 869 4661 ὅπως
906 4598 1153 4663 αὐξάνων
1201 4600 1293 4651 καὶ
1324 4598 1526 4661 τέλειος

20 4675 256 4746 ἐνόμενος,
287 4686 364 4739 ἐτι
403 4689 460 4742 δὲ
496 4690 589 4743 καὶ
633 4689 754 4754 θεὸς
804 4690 1161 4760 ἀναδειχθεὶς,
1213 4690 1383 4753 οὕτως
1433 4692 1527 4743 καὶ

22 4763 56 4823 ἱς
82 4766 157 4819 τὸν
175 4773 387 4844 οὐρανὸν
407 4781 582 4852 ἀναϐῇ
617 4780 809 4852 (μέσος
839 4782 943 4854 γὰρ
968 4785 995 4836 ὁ
1024 4782 1309 4854 ἄνθρωπος
1342 4781 1530 4850 ἐγεγό-

25 4869 76 4916 ει,
106 4860 212 4915 οὔτε
239 4866 425 4939 θνητὸς
452 4873 775 4947 ὁλοσχερῶς,
806 4874 928 4927 οὔτε
982 4874 1249 4938 ἀθάνατος
1272 4875 1334 4927 τὸ
1367 4874 1528 4928 καθό-

22 4961 88 5011 νου,
108 4952 328 5025 δεκτικὸς
353 4963 408 5016 δὲ
443 4967 717 5038 ἑκατέρων
741 4984 753 4996 ⁸
803 4967 945 5021 οὕτω
1000 4968 1094 5021 καὶ
1138 4968 1198 5021 τὸ
1230 4970 1448 5040 χωρίον,
1497 4971 1527 5021 6

59 5152 677 5240 tillfozogamwoﬁ.
715 5164 891 5240 liuius
931 5167 1035 5221 loci
1082 5167 1130 5221 is
1163 5174 1523 5240 sensusest:

24 5229 183 5308 {fuant
204 5230 253 5283 in
282 5229 463 5308 dolore
485 5229 816 5299 'tntilieres,'
836 5238 889 5308 in
920 5252 1135 5307 pinnam
1172 5238 1379 5308 peccati
1415 5238 1517 5291 im-

24 5300 194 5378 butam
225 5317 238 5365 ;
267 5304 467 5361 doloris
502 5309 611 5361 cito
639 5323 732 5361 eas
764 5300 1190 5378 capitbbliviof
1211 5323 1277 5361 ne
1306 5309 1524 5378 generis

27 5324 194 5377 ...ωιαιιι
226 5324 238 5365 ;
267 5324 467 5361 uulOl‘lS
502 5324 611 5361 CllO
639 5324 732 5361 eas
764 5324 823 5361 ca
869 5324 908 5360 ιι
938 5324 1162 5368 ουιινιο,
1211 5324 1277 5361 ne
1306 5324 1524 5378 generis

24 5371 189 5446 ξξξξξὶεὶῐιι
217 5380 577 5446 propagationi
606 5379 803 5432 obstet.
832 5324 1035 5432 gartus
1065 5379 1324 5431 doloresa
1347 5377 1525 5434 Theo-

24 5424 451 5521 ?Pllogpréferrri‘in
479 5455 859 5518 argumentum
891 5450 1139 5521 veritatis
1168 5424 1407 5521 historia:
1432 5463 1522 5502 sa-

26 5509 185 5587 ff‘L’LC}
209 5509 269 5565 iis
294 5516 449 5570 etiam
479 5509 648 5586 patet,
675 5534 795 5587 qua:
820 5532 944 5571 mox
972 5518 1037 5571 de
1060 5518 1328 5587 serpentis
1363 5534 1520 5585 paena

25 5565 339 5685 gggiiciuntur.
367 5565 706 5643 Add'endun;l
736 5588 951 5643 videtur
997 5588 1090 5641 καί
1130 5565 1255 5642 arnte
1295 5565 1521 5653 αὐξάνε-

287 5718 393 5779 οὖν
419 5729 525 5783 ἐτι.
563 5728 754 5784 Melius
778 5726 857 5799 τῷ
898 5724 991 5783 οὖν
1036 5727 1137 5792 ἔτι,
1180 5735 1241 5783 ιιι
1266 5729 1521 5784 observat

1632 4604 1974 4665 ascenderet,
2000 4603 2207 4658 habens
2235 4605 2617 4658 aeternitatem.
2646 4604 2856 4659 Medius
2877 4604 3021 4659 enim
3052 4605 3216 4660 homo

1629 4694 1806 4750 factus
1826 4695 2021 4760 fuerat,
2040 4712 2141 4751 nec
2170 4698 2394 4751 omnino
2424 4699 2696 4762 mortalis,
2726 4713 2827 4753 nec
2852 4713 3079 4767 prorsus
3112 4698 3215 4752 im-

1629 4790 1898 4853 mortalis,
1932 4790 2029 4845 sed
2072 4791 2365 4860 utriusque
2410 4805 2605 4860 capax.
2650 4790 2912 4846 Similiter
2958 4799 3013 4846 et
3054 4807 3215 4861 para-

1628 4879 1805 4943 disus,
1846 4887 2111 4950 quantum
2156 4880 2223 4934 ad
2276 4879 2768 4950 pulchritudinem,
2816 4881 3028 4935 medius
3070 4884 3216 4935 inter

1629 4973 1829 5026 coelum
1865 4982 1919 5027 et
1959 4980 2163 5026 terram
2206 4971 2385 5027 factus
2417 4982 2520 5026 est.
2548 4969 2703 5036 Quod
2734 4982 2913 5026 autem
2957 4973 3032 5026 ait
3064 4972 3212 5028 Scri-

1700 5171 1808 5243 (7'5)
1852 5170 2069 5240 Τρυφή.
2091 5170 2229 5224 Cum
2266 5172 2319 5224 in
2350 5171 2606 5243 omnibus
2645 5169 2978 5243 editionibus
3005 5169 3211 5243 legere—

1627 5250 1716 5295 tur
1746 5241 1973 5313 στροφή,
2003 5256 2244 5296 errorem
2280 5243 2413 5295 vidit
2444 5241 2693 5302 Ducasus,
2724 5242 2954 5313 ejusque
2997 5242 3205 5313 ιιὲιιιιιιι

1626 5308 1979 5367 manifestum
2005 5326 2245 5366 errarent
2276 5328 2306 5366 e
2337 5321 2593 5366 contextu
2639 5308 2982 5367 sustulerunt
3026 5308 3208 5363 Fellus

1624 5391 1678 5438 et
1703 5382 1956 5443 Wolﬁus,
1992 5397 2019 5435 a
2046 5384 2247 5452 quibus
2278 5383 2558 5452 discedere
2596 5382 2766 5436 nolui.

1696 5453 1808 5525 (747)
1862 5447 2166 5525 ’Agscpﬁhr
2196 5451 2523 5525 προκοπῆς.
2557 5451 2614 5507 S.
2652 5452 2978 5525 Ambrosius
3006 5449 3099 5502 lib.
3132 5447 3205 5500 De

1622 5522 1811 5592 parad.
1859 5538 1979 5593 cap.
2031 5524 2085 5581 4,
2128 5524 2243 5576 haec
2296 5524 2457 5577 habet
2502 5522 2898 5592 :Apprelteudit
2931 5538 3051 5590 ergo
3084 5536 3202 5572 eum

1624 5595 1788 5647 virtus
1824 5592 1941 5655 Dei,
1967 5594 2233 5661 inspirans
2252 5610 2529 5661 processus
2545 5606 2591 5647 et
2614 5596 2935 5646 incrementa
2966 5592 3201 5653 virtutis;

1621 5663 1841 5734 denique
1877 5666 1929 5719 in
1959 5664 2209 5732 paradiso
2238 5681 2355 5717 eum
2394 5664 2669 5718 collocavit
2696 5680 2713 5719 :
2744 5673 2803 5716 ut
2830 5664 2969 5717 scias
3018 5670 3202 5731 appre-

1622 5734 1839 5790 Iieusu'm
1871 5738 2025 5807 quasi
2054 5736 2285 5805 afflatum
2316 5734 2496 5788 divina
2523 5751 2634 5790 esse
2655 5736 2865 5790 virtute.
