3654 6490
57 362 188 418 1093

1266 358 1356 413 AD
1380 358 1814 415 AUTOLYCUM
1851 358 1980 414 LIB.
2017 359 2082 415 ll.

3143 366 3278 421 1094

56 479 283 550 παρέσχε
332 475 411 546 τῷ
460 475 764 548 ἀνθρώπῳ,
798 476 856 529 τὸ
907 475 981 546 μὴ
1030 475 1299 545 διαμεῖναι
1349 476 1511 529 αὑτὸν
1537 478 1598 529 ei:

1776 484 1893 543 tque
1934 476 1987 530 id
2034 477 2252 547 quidem
2284 480 2333 532 ei
2376 476 2517 533 Deus
2553 478 2605 530 in
2646 477 2823 547 magni
2870 478 3115 534 beneﬁcii
3173 482 3292 537 loco

51 571 131 623 τὸν
160 569 323 621 αἰῶνα
358 570 414 620 ἐν
440 567 687 638 ἁμαρτίᾳ
719 566 863 631 ὄντα,
898 567 1031 620 ἀλλά
1059 567 1361 639 τρόπῳτινί
1382 568 1440 619 ἐν
1471 568 1619 637 ὁμοι-

52 663 218 732 ώματι
242 704 249 711 ,
273 659 561 730 ὲξορισμοῦ
595 658 842 722 ὲξέὁαλεν
871 658 1029 711 αὐτὸν
1058 660 1122 709 ὲκ
1148 657 1242 709 τοῦ
1269 656 1615 727 παραδείσου,

50 758 188 817 ὅπως
219 754 307 806 διὰ
333 751 433 821 τῆς
466 752 765 820 ἐπιτιμίας,
794 747 973 817 τακτῷ
1006 746 1266 809 ἀποτίσας
1311 746 1487 819 χρόνῳ
1521 746 1620 815 τὴν

49 846 328 915 ἁμαρτίαν,
359 843 455 895 καὶ
487 840 789 903 παιδευθεὶς
825 838 884 904 ἐξ
913 837 1137 910 ὑστέρου
1180 836 1484 906 ἁνακλψῇ.
1530 835 1619 888 Διὸ

53 928 135 991 καὶ
167 936 499 999 πλασθέντας
536 932 822 1004 ἀνθρώπου
856 933 913 983 ἐν
940 929 1018 1000 τῷ
1051 929 1239 999 κόσμῳ
1273 927 1446 997 τούτῳ
1471 967 1489 991 ,
1516 945 1619 997 μυ·-

52 1026 347 1100 στηριωδῶς
399 1030 458 1080 ὲν
506 1030 574 1097 τῇ
622 1024 836 1078 Γενέσει
873 1022 1200 1093 γέγραπται,
1232 1019 1307 1082 ὡς
1334 1019 1415 1081 δὶς
1453 1018 1616 1071 αὐτοῦ

50 1124 100 1174 ὲν
138 1119 214 1190 τῷ
260 1118 576 1189 παραδείσῳ
616 1116 888 1177 τεθέντος·
925 1114 1011 1165 ἵνα
1036 1112 1096 1164 τὸ
1139 1112 1237 1181 μὲν
1279 1109 1425 1177 ἅπαξ
1455 1106 1489 1182 ᾖ
1524 1128 1620 1163 πε-

49 1212 387 1282 πληρωμένον
425 1209 556 1262 ποτὲ
586 1206 741 1277 ἐτέθη
778 1206 889 1272 (85)
917 1221 929 1234 ·
964 1203 1023 1255 τὸ
1054 1202 1109 1255 δὲ
1142 1202 1394 1273 δεύτερον
1434 1202 1615 1272 μέλλει

48 1302 370 1374 πληροῦσθαι
401 1300 540 1371 μετά
565 1299 663 1370 τὴν
688 1298 981 1351 ἀνάστασιι
1018 1294 1112 1347 καὶ
1149 1292 1346 1365 κρίσιν.
1389 1293 1462 1344 UO
1511 1293 1617 1363 μὴν

46 1396 165 1447 ἀλλὰ
191 1394 286 1447 καὶ
318 1392 572 1461 καθάπερ
604 1388 795 1452 σκεῦός
822 1405 876 1440 τι
899 1387 1031 1456 (84),
1066 1383 1202 1437 ἐπὰν
1249 1383 1485 1436 πλασθὲν
1529 1385 1614 1435 αἰ-

46 1488 150 1538 τίαν
182 1485 306 1537 τινὰ
346 1486 449 1553 σχῇ
474 1525 489 1546 ,
541 1478 957 1551 ἀναχωνεύεται,
992 1478 1024 1547 ἢ
1059 1476 1481 1539 ἀναπλάσσεται,
1536 1478 1615 1539 εἰς

44 1580 94 1630 τὸ
117 1575 364 1644 γενέσθαι
398 1573 584 1627 καινὸν
632 1572 723 1624 καὶ
758 1570 1047 1640 ὁλόκληρον
1067 1586 1079 1597 ·
1116 1568 1258 1621 οὕτω
1281 1568 1486 1636 γίνεται
1524 1568 1616 1620 καὶ

46 1669 108 1738 τῷ
157 1666 432 1737 ἀνθρώπῳ
491 1665 577 1718 διὰ
636 1663 866 1716 θανάτου
891 1679 903 1691 ·
950 1661 1173 1731 δυνάμει
1227 1659 1335 1731 γάρ
1386 1659 1615 1731 τέθραυ-

48 1778 149 1811 πται
175 1760 308 1828 (85),
328 1760 415 1811 ἵνα
448 1758 506 1807 ὲν
536 1759 601 1826 τῇ
629 1754 917 1809 ἀναστάσει
951 1752 1106 1823 ὑγιὴς
1133 1751 1328 1823 εὑρεθῇ
1348 1767 1362 1782 ’
1386 1750 1527 1819 λέγω
1558 1752 1613 1804 δὲ

1721 568 1989 636 ριωειιιίι,
2021 584 2088 623 ne
2118 568 2170 621 in
2203 583 2379 622 savum
2410 584 2572 623 onme
2607 571 3288 638 permaneretobstrictus,

1719 658 1813 712 sed
1845 658 2078 727 quodam
2108 659 2273 713 veluti
2296 658 2491 713 exsilio
2521 658 2839 713 damnatum
2877 660 3037 729 ejecit
3065 677 3095 715 e
3133 677 3291 731 para»

1718 746 1878 809 diso,
1928 754 1987 799 ut
2021 761 2144 800 cum
2196 747 2297 801 hac
2345 762 2506 817 paena
2556 756 2839 817 peccatum
2888 750 3029 803 intra
3079 759 3289 806 certum

1716 848 1928 908 tempus
1946 840 2241 908 expiasset,
2266 855 2329 893 ac
2359 844 2657 911 castigatus
2681 840 2891 903 fuisset,
2917 854 3103 912 postea
3134 860 3292 898 revo-

1717 937 1953 984 caretur.
1984 929 2163 996 Quare
2193 946 2316 985 cum
2340 931 2503 984 homo
2526 931 2789 987 formatus
2833 935 2886 987 in
2934 935 3036 989 hoc
3082 935 3286 989 mundo

1718 1016 1931 1082 fuisset,
1968 1035 2077 1073 non
2106 1021 2226 1075 sine
2271 1022 2531 1092 mysterio
2564 1038 2652 1077 res
2683 1024 2735 1076 in
2766 1022 2961 1079 Genesi
2995 1027 3075 1082 sic
3112 1029 3288 1084 refer-

1717 1119 1835 1169 tur.
1867 1113 2023 1181 quasi
2071 1112 2156 1166 bis
2208 1114 2262 1166 in
2309 1114 2564 1182 paradiso
2617 1115 2917 1171 collocatus
2953 1119 3183 1187 fuisset;
3216 1122 3289 1174 ita

1718 1210 1777 1254 ut
1817 1203 1980 1257 semel
2002 1204 2224 1272 quidem
2256 1204 2536 1274 impletum
2568 1205 2619 1258 id
2652 1207 2845 1272 fuerit,
2880 1224 3004 1261 cum
3062 1210 3133 1264 ibi
3175 1213 3292 1265 col-

1717 1290 1929 1345 locatus
1999 1299 2115 1358 est,
2188 1294 2417 1347 alterum
2494 1304 2675 1349 autem
2745 1297 3151 1366 adimplendum
3217 1303 3289 1355 sit

1716 1391 1841 1452 post
1875 1385 2329 1439 resurrectionem
2360 1386 2719 1454 etjudicium.
2759 1386 3064 1453 Quinetiam
3096 1407 3291 1459 quem-

1716 1477 2008 1531 admodum
2058 1494 2183 1544 vas,
2239 1480 2329 1544 si,
2385 1491 2671 1551 postquam
2728 1484 3035 1539 confectura
3094 1485 3286 1555 fuerit,

1715 1568 1833 1620 vitii
1883 1569 2087 1637 aliquid
2148 1570 2375 1636 habeat,
2434 1571 2742 1625 refunditur
2795 1583 2849 1628 et
2913 1575 3197 1647 refingitnr
3228 1586 3289 1631 ut

1715 1674 1917 1713 novum
1973 1667 2029 1715 et
2082 1660 2353 1731 integrum
2398 1662 2531 1716 fiat:
2564 1662 2702 1717 idem
2759 1663 2967 1719 homini
3014 1683 3161 1722 mors
3204 1670 3289 1723 af-

1716 1750 1848 1817 fert;
1881 1752 2114 1821 quodam
2145 1752 2291 1806 enim
2320 1753 2481 1808 modo
2514 1754 2900 1827 confringitur,
2934 1766 2992 1812 ut
3023 1775 3190 1814 sanus
3231 1761 3287 1815 in

40 1849 271 1911 asmloq,
322 1848 417 1900 καὶ
453 1846 679 1908 δίκαιος,
726 1844 819 1897 καὶ
860 1842 1124 1905 ἀθάνατος
1150 1860 1162 1871 °
1193 1842 1253 1895 τὸ
1284 1842 1339 1895 δὲ
1364 1841 1598 1904 καλέσαι,

1776 1842 2109 1896 surrectione
2141 1842 2470 1905 inveniatur,
2500 1842 2554 1897 id
2583 1853 2667 1897 est
2717 1845 2980 1911 mundus,
3007 1846 3195 1914 justus
3232 1856 3289 1901 et

46 1943 123 1995 καὶ
174 1944 347 1994 εἰπεῖν
404 1940 499 1992 τὸν
555 1939 725 2000 Θεὸν,
782 1937 906 1990 Ποῦ
963 1932 1048 1998 εἴ,
1120 1934 1335 2004 Ἀδάμ;
1392 1935 1489 2005 οὐχ
1535 1934 1609 1998 ὡς

44 2034 233 2101 ἀγνοῶν
270 2032 385 2103 (86)
417 2030 596 2093 τοῦτο,
622 2030 795 2084 ἐποίει
838 2031 866 2080 ὁ
893 2028 1025 2091 Θεὸς
1044 2067 1059 2090 ,
1089 2026 1222 2080 ἀλλά
1261 2026 1608 2098 μακρόθυμος

46 2127 105 2179 ὧν
126 2168 138 2187 ,
180 2124 440 2195 ἀφορμὴν
478 2123 644 2175 ἐδίδου
674 2120 822 2191 αὐτῷ
854 2119 1139 2191 μετανοίας
1169 2120 1262 2173 καὶ
1285 2119 1607 2190 ἐξομολογή-

46 2237 178 2279 σεως.

102 2330 160 2382 27
230 2326 396 2381 Ἀλλά
425 2327 589 2396 φήσει
618 2319 710 2378 οὖν
746 2342 829 2387 τις
857 2325 989 2394 ἡμῖν
1013 2340 1027 2353 ·
1062 2322 1265 2394 Θνητὸς
1294 2322 1451 2391 φύσει
1490 2322 1609 2390 ἐγέ-

46 2438 144 2471 νετο
172 2423 199 2473 ὁ
227 2419 557 2491 ἀνθρωπος;
593 2415 873 2485 Οὐδαμῶς.
908 2416 971 2467 Τί
1003 2411 1097 2469 οὖν
1142 2414 1442 2477 ἀθάνατος;
1473 2413 1607 2466 Οὐδὲ

46 2508 175 2562 τοῦτὸ
206 2525 409 2578 φαμεν.
458 2505 614 2559 Ἀλλά
646 2508 761 2575 ἐρεῖ
794 2521 893 2567 τιςσ
932 2505 1097 2557 Οὐδὲν
1123 2500 1215 2558 οὖν
1242 2504 1609 2574 ἐγένετοωὺ-

42 2600 87 2652 δὲ
114 2600 281 2661 τοῦτο,
320 2598 435 2668 ἐγὼ
472 2598 569 2668 μέν
605 2598 731 2667 (87).
770 2596 907 2650 Οὔτε
940 2592 1033 2651 οὖν
1073 2597 1230 2665 φύσει
1263 2597 1454 2667 θνητὸς
1490 2597 1608 2664 ἐγέ-

46 2712 162 2755 νετο,
186 2692 309 2746 οὔτε
344 2693 629 2755 ἀθάνατος.
663 2693 724 2744 Εἰ
756 2690 864 2762 γὰρ
891 2689 1157 2743 ἀθάνατον
1189 2689 1351 2743 αὑτὸν
1384 2690 1477 2743 ἀπ’
1510 2691 1609 2760 ἀρ-

48 2786 128 2853 χῆς
156 2786 509 2855 ἐπεποιήκει,
546 2784 679 2836 Θεὸν
725 2782 887 2835 αὐτὸν
943 2783 1281 2852 ἐπεποιήκει.
1320 2782 1487 2834 Πάλιν
1510 2820 1524 2843 ,
1559 2783 1607 2833 εἱ

45 2876 210 2947 θνητὸν
253 2878 423 2930 αὑτὸν
472 2876 812 2945 ἐπεποιήκει,
848 2873 1018 2925 ἐδόκει
1072 2872 1139 2926 ἂν
1183 2875 1212 2925 ὁ
1263 2873 1394 2935 Θεὸς
1438 2873 1607 2937 αἴτιος

47 2968 140 3033 (88)
170 2964 309 3021 εἶναι
359 2966 453 3020 τοῦ
504 2967 734 3020 Θανάτου
787 2964 970 3017 αὐτοῦ.
1023 2962 1159 3017 υῦτε
1200 2960 1293 3017 οὖν
1342 2962 1607 3017 ἀθάνατον

42 3060 183 3112 αὑτὸν
214 3060 497 3131 ἐποίησεν,
532 3058 653 3111 οὔτε
690 3057 796 3129 μὴν
818 3056 1029 3127 θνητὸν,
1062 3054 1195 3108 ἀλλά
1213 3055 1393 3119 καθὼς
1426 3056 1607 3110 ἐπάνω

42 3342 144 3393 dent
180 3342 376 3401 dicere,
428 3339 517 3393 sed
555 3340 812 3392 miserans
856 3336 999 3406 ejus,
1039 3344 1097 3389 ut
1128 3352 1228 3388 non
1256 3346 1600 3403 perseveraret

46 3429 216 3480 semper
238 3425 603 3479 transgressor
622 3449 635 3468 .
671 3424 831 3477 neque
876 3406 1175 3480 immortale
1201 3416 1333 3480 esset
1354 3407 1490 3480 quod
1519 3424 1602 3461 es-

46 3494 106 3534 set
136 3475 271 3535 circa
302 3475 427 3535 eum
455 3475 753 3547 peccatum,
789 3486 837 3547 et
884 3478 1081 3547 malum
1125 3475 1509 3547 interminabile
1548 3486 1597 3530 et

46 3553 333 3607 insanabile.
372 3545 582 3604 Similia
619 3550 779 3602 docet
808 3546 865 3601 S.
898 3546 1136 3600 Joannes
1174 3545 1599 3616 Chrysostomus

44 3624 206 3676 homil.
236 3624 330 3683 18,
362 3626 413 3674 in
446 3618 627 3673 Cenes.
1179 3664 1188 3676 .

105 3693 203 3761 (83)
236 3690 609 3761 Ποτὲγέτέρη.
639 3685 953 3761 Legendum
976 3684 1190 3739 videtur
1324 3684 1491 3761 ἐτέθη
1510 3686 1597 3761 yel

50 3762 152 3812 ποτὲ
184 3754 267 3813 ὅτε
300 3760 487 3831 ἐτέθη.
514 3754 604 3812 Sic
640 3754 803 3831 etiam
834 3755 992 3831 paulo
1022 3754 1351 3831 post_tnalitn
1409 3754 1594 3831 μέλλῃἶ

104 3834 199 3901 (83)
240 3823 523 3901 Καθάπερ
543 3827 767 3901 anew;
792 3823 866 3901 ri.
896 3824 1117 3901 Similia
1147 3823 1418 3901 habemus
1456 3823 1598 3901 apud

46 3892 359 3956 Clementem
387 3892 554 3969 epfﬂ,
586 3898 652 3950 ad
699 3894 1023 3969 Corinthios,
1049 3909 1103 3969 _c.
1249 3892 1467 3969 Origen.
1492 3892 1599 3948 lio-

50 3970 139 4020 mil.
176 3972 255 4031 l8,
292 3973 353 4023 in
380 3962 598 4030 Jerem.,
646 3984 699 4037 p.
750 3965 891 4037 ltiti;
939 3963 1271 4037 Methodium
1310 3962 1387 4037 De
1416 3980 1597 4037 resur-

52 4050 249 4110 mt..p.
285 4041 428 4103 198;
468 4033 786 4108 Gregorium
830 4033 1267 4110 ﬁyssenum‘l‘ib.
1306 4033 1378 4086 De
1418 4036 1597 4110 anima

50 4119 85 4159 et
110 4102 375 4163 resurrect.
398 4102 423 4172 ;⁷
454 4102 800 4163 Αιιιιῖτοείιιιιι
830 4102 920 4157 lib.
950 4119 986 4156 ιι
1024 4103 1099 4156 De
1120 4102 1223 4171 ﬁde
1259 4106 1598 4158 resurrectio-

50 4181 132 4232 nis.
159 4181 337 4250 Atque
380 4181 490 4233 haec
524 4179 743 4248 quidem
793 4184 848 4229 et
891 4174 1033 4250 figuli
1063 4180 1116 4227 et
1146 4172 1292 4250 vasis
1318 4173 1596 4250 ςυιιιηῡοο

50 4257 90 4319 et
118 4243 329 4304 homine
356 4243 687 4319 comparatio
707 4286 723 4311 ,
756 4255 814 4319 ut
860 4246 1105 4319 quisque
1137 4246 1270 4319 satis
1298 4243 1592 4319 intelligit,

51 4318 250 4373 deducta
281 4330 369 4375 est
394 4336 456 4375 ex
480 4313 1060 4388 pluribusAScriptum;
1093 4313 1248 4388 locis,
1298 4314 1351 4367 in
1397 4314 1595 4381 quibus

51 4394 277 4460 tanquam
316 4383 511 4460 figulus
543 4404 692 4451 vasa,
734 4386 810 4440 ita
850 4383 993 4438 Deus
1042 4383 1288 4437 hmnines
1325 4392 1377 4436 et
1402 4391 1592 4453 gentes

50 4460 366 4530 confringere
393 4460 608 4530 dicitur.

107 4513 209 4597 (85)
239 4513 496 4598 anticipat
522 4528 630 4598 γὰρ
680 4524 1051 4598 τέθρᾳᾳσταιι.
1103 4517 1342 4574 Verbum
1376 4522 1599 4598 τὲθραυ-
1628 4513 1673 4568 D

53 4592 151 4650 στάι
176 4592 415 4655 Wolfius
436 4600 502 4653 de
529 4592 705 4653 inerte
732 4594 1140 4660 intelligendum
1170 4600 1347 4661 negat.
1378 4592 1445 4644 At
1473 4592 1596 4661 pro-

52 4667 167 4722 fecto
187 4672 529 4725 manifestum
559 4676 662 4728 est,
690 4672 749 4719 ut
778 4664 845 4717 de
876 4662 1297 4723 resurrectione,
1330 4662 1401 4714 ita
1429 4663 1594 4717 etiam

54 4737 105 4788 tle
126 4750 286 4794 morte
313 4742 398 4793 hic
435 4741 553 4808 agi;
585 4747 637 4792 et
662 4736 809 4809 vasis
833 4732 988 4785 fracti
1019 4733 1266 4809 exemplo
1322 4732 1593 4809 hominem

54 4821 139 4879 non
162 4811 329 4863 solum
355 4811 402 4863 vi
427 4800 655 4879 quadam
684 4807 923 4879 fractum
952 4811 999 4855 et
1023 4800 1279 4869 dejecmm
1314 4801 1500 4879 a_De_o,
1534 4811 1595 4856 ut

54 4878 297 4932 existimat
324 4881 404 4932 vir
431 4871 702 4941 eruditus,
729 4875 823 4930 sed
854 4872 1019 4927 etiam
1046 4879 1317 4941 mortuum
1341 4871 1597 4941 designa-

54 4947 107 4996 ri.
134 4947 309 5017 Neque
354 4952 517 5003 etiam
578 4940 707 5001 illud
731 4986 745 5007 ,
778 4944 1035 5017 δυνάμει,
1084 4940 1221 5017 idem
1258 4940 1399 4994 valet
1437 4940 1595 5017 ac__vi

53 5010 274 5081 quadarn,
304 5020 396 5073 sed
432 5021 572 5072 idem
599 5033 661 5070 ac
685 5010 1088 5085 quodaminodo.
1118 5010 1207 5085 Sic
1220 5026 1395 5085 supra
1421 5026 1475 5063 ιι.
1503 5012 1590 5076 15,

55 5084 401 5159 ίιιιιιιξδυνάμει
436 5082 797 5159 ἀποθνήσκει,
811 5083 1193 5159 quodammodo
1213 5082 1426 5159 interit;
1453 5089 1505 5135 et
1534 5097 1589 5135 ιι.

58 5155 124 5215 lli,
152 5157 213 5211 de
238 5150 547 5226 raptmihus
573 5150 964 5226 ethomiéidis,
993 5152 1245 5226 _Auvay.st
1273 5150 1380 5220 γὰρ
1421 5167 1593 5203 κατα.

54 5226 235 5279 πίνουσι
262 5222 382 5291 τὸὺς
408 5226 823 5295 ἀσθενεστέρους
853 5222 1078 5276 ἑαυτῶν.

110 5296 204 5363 (86)
239 5288 463 5366 Οὐχ-ὠς
490 5288 737 5365 ἀγνοῶίκ
772 5293 894 5346 Haec
926 5303 1443 5366 quoque__anversus

54 5353 222 5436 retices
246 5353 408 5432 dii-Ia,
433 5353 960 5436 qui'ignnrationeni
994 5353 1179 5436 mundi
1212 5360 1414 5436 opifici
1442 5360 1593 5413 alliu-

55 5435 238 5497 gcbant.
266 5428 415 5493 Unde
437 5428 827 5497 Tertullianus,
857 5434 947 5484 lib.
993 5447 1026 5483 ιι
1058 5430 1177 5484 adv.
1242 5428 1589 5493 Marcionem,

56 5514 154 5568 Cap.
266 5526 280 5558 :
303 5507 663 5578 Interrogabat
689 5505 845 5578 Deus,
863 5501 1023 5578 quasi
1053 5503 1376 5578 ἕρπει-εαξη..
1415 5508 1469 5549 ut
1493 5500 1589 5578 da-

57 5583 117 5650 ret
142 5576 183 5626 ei
214 5577 377 5630 locant
404 5569 584 5650 sponte
612 5569 893 5645 confitendi
917 5571 1161 5624 delictum
1183 5580 1230 5623 et
1266 5569 1360 5620 Itoc
1386 5570 1592 5621 nomine

58 5642 307 5701 relerandi.

114 5712 394 5786 (87)__Oi26é
428 5717 601 5770 τοῦτο
621 5757 635 5779 ,
659 5715 771 5786 ἐγὼ
786 5712 920 5786 μένε.
956 5710 1110 5786 Legit
1146 5708 1484 5786 Dodyvellus',
1518 5706 1593 5760 ci—

58 5773 419 5853 ιυίιείγυιιιυ.
448 5787 567 5840 οὐδὲ
592 5773 766 5852 coitio,
786 5773 1112 5853 ’ἐγῷμαιξίιι
1144 5789 1250 5846 cst,
1276 5776 1384 5847 ἐγὼ
1410 5773 1583 5848 οἶμαι.

1710 1933 2054 1989 immortalis.
2096 1932 2249 1999 Quod
2296 1941 2477 1989 autem
2507 1936 2672 2007 368
2703 1935 2846 1991 Deus
2888 1938 3154 1993 Adamum
3186 1955 3288 1993 voc

1710 2030 1816 2086 cat,
1848 2034 1901 2077 et
1931 2024 2005 2076 ait
2038 2043 2051 2078 :
2082 2025 2277 2086 Adam,
2311 2024 2400 2077 ubi
2431 2029 2528 2080 es?
2559 2042 2667 2080 non
2705 2028 2849 2097 quod
2877 2029 3171 2099 ignoraret,
3213 2031 3287 2085 ita

1710 2115 1964 2179 faciebat,
2003 2116 2097 2171 sed
2116 2132 2241 2170 cum
2291 2117 2363 2171 sit
2401 2116 2691 2171 admodum
2735 2119 2975 2188 patiens,
3005 2120 3186 2174 locum
3233 2121 3285 2176 ei

1709 2207 1870 2261 dabat
1900 2207 2195 2277 pmnitendi
2226 2216 2279 2263 et
2310 2208 2632 2273 confitendi.
2912 2210 2917 2215 ’

1778 2322 1866 2375 9.7.
1912 2322 2022 2375 Nec
2043 2324 2284 2377 mortalis
2316 2341 2409 2377 nec
2454 2325 2773 2378 immortalis
2822 2336 3030 2380 creatus
3084 2326 3281 2391 Adam,

1707 2413 1796 2466 sed
1830 2414 2099 2483 utriusque
2155 2430 2344 2483 capax.
2372 2446 2443 2457 —
2482 2415 2586 2470 Sed
2632 2417 2790 2470 nobis
2844 2417 2989 2472 dicet
3035 2419 3281 2487 aliquis:

1708 2505 1914 2560 Natura
1954 2507 2203 2560 mortalis
2259 2507 2438 2564 factus
2482 2515 2565 2563 est
2598 2508 2811 2561 Adam?
2856 2508 3093 2563 Minime.
3141 2507 3284 2563 Num

1708 2598 2064 2652 immortalis?
2092 2596 2271 2651 Nihilo
2324 2600 2517 2668 magis.
2552 2598 2695 2652 Nihil
2738 2615 2867 2669 ergo
2907 2600 3068 2653 erat?
3098 2598 3286 2669 Neque

1707 2688 1867 2741 etiam
1904 2687 1957 2740 id
2001 2688 2254 2741 dicimus.
2307 2686 2474 2757 Igitur
2503 2704 2605 2743 nec
2633 2689 2881 2744 mortalis
2925 2698 3153 2749 natura,
3183 2703 3285 2742 nec

1708 2777 2031 2831 immortalis
2058 2777 2255 2832 factus.
2286 2778 2420 2832 Nam
2451 2779 2496 2835 si
2530 2780 2889 2834 immortalem
2920 2781 2989 2833 ab
3018 2780 3173 2833 initio
3203 2777 3284 2833 fe-

1709 2870 1895 2933 cisset,
1923 2870 2090 2923 Deum
2116 2886 2238 2924 eum
2274 2871 2512 2925 fecisset.
2535 2870 2745 2927 Rursus
2778 2871 2823 2925 si
2859 2873 3163 2932 mortalem.
3194 2870 3283 2925 vi—

1708 2962 1925 3017 deretur
1956 2961 2096 3016 Deus
2128 2978 2292 3018 causa
2324 2964 2472 3018 illius
2501 2964 2693 3018 mortis
2722 2978 2863 3019 esse.
2904 2963 3015 3018 Nec
3060 2964 3282 3016 immor-

1712 3054 1873 3108 talem
1906 3054 2068 3121 igitur
2094 3052 2219 3106 fecit
2249 3068 2349 3107 nec
2384 3054 2689 3115 mortalem,
2714 3053 2830 3117 sed,
2858 3062 2915 3105 ut
2944 3068 3108 3122 supra
3139 3051 3284 3107 dixi-

1703 3336 1835 3408 lpse
1861 3343 2041 3389 autem
2072 3334 2323 3408 Wolfius,
2360 3334 2603 3408 [ἐπειρῶ
2636 3342 2688 3389 et
2717 3334 2917 3391 Davisii
2945 3336 3175 3399 monitu,
3205 3337 3283 3393 le-

1701 3405 1947 3478 gendum
1967 3414 2138 3478 putat,
2166 3406 2286 3478 οὐδὲ
2315 3406 2474 3478 τοῦτρ
2502 3405 2768 3478 λέγωμεν.

1774 3478 1883 3547 (88)
2021 3477 2161 3540 Θεὸς
2190 3476 2396 3547 ιιῘζιος.
2444 3473 2519 3527 lta
2566 3473 2807 3543 loquitur
2851 3474 3185 3545 Theophilus
3224 3486 3282 3533 ut

1701 3544 1926 3603 occurat
1955 3546 2223 3599 hatreticis
2259 3544 2424 3599 Deum
2456 3554 2753 3598 creatorem
2784 3547 2973 3599 mortis
3000 3544 3280 3600 auctorem

1700 3632 1824 3671 esse
1857 3614 2204 3684 fingentibus.
2238 3614 2458 3669 Dicebat
2483 3616 2631 3668 enim
2658 3613 2929 3668 Valentini
2970 3632 3072 3670 nus
3097 3656 3111 3675 ,
3142 3626 3282 3671 teste

1700 3687 1870 3741 Clem.
1891 3682 2043 3753 Alex:
2069 3682 2265 3737 Strom.
2302 3700 2373 3746 Iv,
2398 3699 2517 3752 pag.
2545 3684 2667 3743 509,
2695 3685 2875 3735 mortis
2888 3688 3279 3753 generationem

1706 3773 1836 3825 opus
1874 3770 1983 3808 esse
2007 3751 2307 3825 Creatoris,
2340 3751 2566 3825 θανᾷιτου
2598 3754 2654 3805 δὲ
2688 3751 2904 3825 γένεσιν
2942 3755 3100 3824 ἔργον
3142 3754 3280 3809 εἶναι

1701 3822 1983 3887 κτίσαντος
2036 3824 2127 3875 τὸν
2182 3823 2404 3892 κόσμον.
2438 3822 2554 3875 Non
2594 3830 2774 3875 tamen
2799 3822 3050 3878 dicebant
3083 3825 3278 3881 nefarii

1702 3896 1938 3951 haeretici
1968 3893 2240 3947 hominem
2263 3894 2606 3946 innocentem
2632 3894 2791 3945 morti
2819 3894 3093 3948 addictum
3137 3897 3277 3950 fuis-

1702 3982 1790 4032 se;
1833 3965 1923 4019 sed
1951 3965 2031 4019 sic
2064 3963 2536 4034 ratiocinabantur
2573 3982 2584 4016 :
2618 3962 2677 4016 Si
2710 3962 2851 4017 Deus
2876 3963 3038 4018 bonus
3063 3974 3112 4018 et
3152 3982 3283 4034 pra:-

1703 4038 1842 4091 scius
1880 4035 2070 4104 futuri,
2100 4042 2148 4087 et
2186 4032 2451 4104 avertendi
2490 4034 2617 4085 mali
2657 4044 2861 4101 potens,
2893 4052 2985 4087 cur
3020 4032 3280 4089 hominem

1701 4102 1890 4174 passus
1922 4103 1997 4157 est
2030 4105 2139 4174 labi
2160 4102 2223 4156 de
2248 4103 2489 4174 obsequio
2518 4104 2643 4172 legis
2679 4104 2731 4155 in
2767 4115 3007 4163 mortem,
3050 4108 3273 4159 circum-

1703 4172 1907 4231 ventum
1952 4193 1984 4227 α
2031 4173 2243 4244 diabolo
2266 4179 2290 4227 .7
2334 4173 2410 4225 ita
2442 4172 2772 4244 Marcionita:
2808 4174 2949 4244 apud
2986 4175 3279 4229 Tertullia-

1704 4264 1855 4310 num,
1901 4262 1938 4298 ιι
1972 4242 2091 4297 adv.
2124 4243 2321 4314 Μαῖα,
2353 4259 2402 4296 c.
2439 4244 2493 4296 5.
2540 4242 2716 4311 Hujus
2766 4242 3062 4314 impietatis
3118 4245 3278 4299 refel-

1700 4316 1871 4371 lenda;
1903 4313 2085 4369 studio
2122 4312 2454 4381 Theophilus
2483 4351 2498 4375 ,
2544 4312 2858 4382 postquam
2885 4314 3277 4369 demonstrasit

1702 4404 1852 4440 num.
1882 4384 2137 4454 prazccdq
2171 4390 2400 4436 mortem
2426 4397 2533 4454 non
2556 4382 2668 4454 Deo
2697 4383 3098 4454 attribuendam
3127 4401 3271 4446 esse,

1703 4456 1797 4510 sed
1828 4451 2070 4525 peccato,
2100 4467 2246 4505 nunc
2273 4452 2524 4525 concedit
2555 4451 2823 4525 haereticis
2850 4452 3040 4525 Deum
3081 4455 3277 4510 mortis
3304 4460 3313 4470 ‘

1701 4519 1979 4579 auctorem
2033 4522 2275 4576 futurum
2329 4519 2540 4580 fuisse.
2573 4523 2617 4574 si
2670 4523 2952 4577 mortalem
2995 4524 3273 4577 hominem

1697 4604 1961 4649 creasset.
1989 4591 2255 4646 Volebant
2278 4590 2440 4644 iidem
2471 4590 2709 4645 hieretici
2748 4589 2913 4645 Demn
2947 4594 3274 4647 conditorem

1696 4666 1916 4736 intelligi
1946 4663 2251 4736 mulo_rum_,__
2272 4670 2331 4712 ut
2373 4668 2433 4736 et
2469 4661 2685 4736 malitite
2711 4674 2896 4736 auctor
2923 4665 3270 4736 renuntietur.

1695 4736 1764 4789 At
1806 4728 1940 4789 scite
1982 4732 2174 4803 probat
2208 4728 2579 4803 Tertullianus
2614 4730 2775 4803 ibid.,
2820 4747 2940 4801 cap.
2992 4734 3081 4795 14,
3134 4735 3269 4788 nihil

1695 4822 1790 4861 eos
1815 4800 2153 4875 promovere,
2190 4801 2297 4855 nisi
2326 4801 2437 4853 haec
2474 4801 2612 4875 mala
2638 4800 2948 4875 hominibus
2978 4821 3085 4875 non
3117 4807 3275 4861 malis

1697 4871 1899 4931 inflicta
1923 4889 2046 4927 esse
2064 4874 2463 4943 demonstrent.
2490 4872 2600 4922 Aut
2623 4871 2786 4943 proba
2820 4888 2894 4943 ea
2938 4874 3160 4943 injusta,
3193 4876 3274 4928 in-

1696 4950 1835 5016 quit,
1861 4954 1916 4998 ut
1959 4942 2140 5016 probes
2167 4941 2390 5016 malitiae
2421 4940 2746 5016 deputanda,
2775 4942 2828 4995 id
2856 4953 2956 5016 est,
2987 4940 3270 5011 injustilia:

1696 5012 1873 5077 mala;
1902 5020 2025 5084 quia
2067 5013 2127 5084 si
2149 5012 2381 5080 justitiw
2416 5020 2601 5084 erunt,
2626 5012 2743 5084 jam
2788 5014 2932 5084 mala
2961 5032 3063 5067 non
3095 5026 3269 5080 erunt,

1694 5086 1784 5141 sed
1813 5081 1970 5147 bona,
2004 5083 2159 5135 malis
2192 5081 2553 5134 tantummodo
2604 5083 2769 5135 mala.
2814 5082 2951 5137 Hinc
3002 5085 3139 5139 duas
3186 5088 3274 5138 ili-

1694 5157 1922 5224 stingmt
1959 5155 2225 5224 malorum
2252 5153 2482 5219 species,
2511 5153 2651 5224 mala
2681 5154 2873 5222 culpae.
2895 5163 2949 5208 et
2970 5155 3107 5207 mala
3157 5170 3273 5223 ρω-

1693 5242 1777 5280 nte
1811 5222 1829 5280 Ξ
1864 5223 2110 5294 agnoscit
2142 5231 2406 5294 auctorem
2440 5222 2697 5273 malorum
2729 5224 2935 5291 quidem
2975 5222 3187 5294 peccati
3217 5232 3268 5276 et

1693 5297 1860 5365 culpae
1905 5291 2209 5355 diabolum;
2267 5291 2527 5365 malarum
2580 5293 2982 5365 verogsupplicii
3018 5302 3065 5344 et
3104 5307 3269 5365 preme

1694 5360 1861 5419 Deum
1889 5375 2200 5426 creatorem,
2224 5370 2280 5412 ut
2312 5360 2409 5413 illa
2435 5376 2559 5431 pars
2589 5360 2811 5415 malitia!
2836 5364 3130 5431 deputetur,
3160 5362 3269 5431 ista

1684 5436 1913 5504 justitia:
1949 5434 2091 5485 mala
2131 5431 2407 5504 candentis
2436 5430 2643 5504 judicia
2689 5432 2934 5504 adversus
2966 5433 3107 5482 mala
3134 5430 3269 5504 deli-

1692 5500 1853 5561 cti....
1890 5504 2020 5570 Quae
2050 5501 2255 5571 quidem
2280 5501 2397 5571 illis,
2428 5500 2571 5571 mala
2601 5511 2723 5553 sunt
2755 5501 2939 5571 quibus
2978 5500 3269 5571 rependun-

1693 5586 1807 5639 tur;
1845 5568 2089 5627 cwteruni
2130 5586 2225 5623 suo
2258 5570 2466 5622 nomine
2495 5570 2659 5633 bona,
2703 5568 2807 5639 qua
2845 5570 2996 5637 justa
3024 5580 3072 5623 et
3102 5568 3267 5623 bono-

1692 5662 1809 5698 rum
1834 5641 2133 5713 defensoria
2161 5648 2210 5693 et
2246 5639 2557 5693 delictorum
2596 5640 2809 5692 inimica
2834 5679 2848 5706 ,
2890 5648 3046 5710 atque
3082 5641 3137 5694 in
3168 5640 3267 5696 hoc

1690 5711 2022 5782 ordine,'Deo
2046 5711 2226 5780 digna.
