3654 6464
461 350 605 408 1099
1494 352 1861 410 THEOPHILI
1914 354 1967 410 El

2117 353 2227 412 OPl
2267 355 2688 414 ANTIOCHENI
3569 362 3588 416 i
3600 363 3654 418 ιοι

457 466 772 540 appellavit.
820 465 934 522 lloc
995 466 1098 522 fuit
1152 466 1367 523 initium
1415 468 1632 523 urbium
1683 469 1964 525 mdiiicand

2132 472 2349 541 ἐγένετο
2391 472 2486 526 τοῦ
2560 472 2972 544 οἰκοδομεῖσθαι⁴
3002 472 3228 538 πόλεις,
3269 454 3366 528 καὶ
3409 473 3560 527 τοῦτο
3596 479 3654 547 πρ

454 572 600 620 rum,
632 556 797 627 idque
828 563 956 610 ante
985 555 1281 622 diluvium;
1321 572 1429 611 non
1473 565 1533 612 ut
1569 556 1840 614 Homerus
1873 575 1967 616 mei

2137 565 2543 636 κατακλυσμοῦ·
2578 565 2675 636 οὐχ
2694 565 2769 629 ὡς
2797 566 3042 638 Ὅμηρος
3071 566 3145 638 (2)
3176 565 3430 636 ψεύδεται
3460 565 3626 633 λέγων’

457 652 594 704 titur
622 651 698 705 ita
726 663 938 707 canens
973 669 988 707 :

526 743 734 815 Lingua
762 743 903 797 haud
927 745 1053 797 dum
1084 744 1244 799 variis
1266 753 1482 798 structa:
1510 743 1820 798 mortalibus
1851 745 2026 802 urbes.

453 831 654 890 Genuit
684 834 868 890 Enoch
903 833 1071 888 lilium
1101 834 1322 889 nomine
1350 832 1580 899 Gaidad,
1625 849 1654 888 a
1675 850 1783 904 quo
1813 835 2028 906 genitus

453 934 539 982 est
569 927 740 995 Meel;
775 943 805 981 a
842 927 975 982 Meel
1003 925 1334 990 Mathusala,
1369 941 1398 979 a
1432 924 1737 982 Mathusala
1766 927 2023 984 Lamech.

453 1016 691 1074 Lamech
724 1027 903 1074 autem
944 1018 1082 1073 duas
1121 1018 1226 1072 sibi
1270 1033 1468 1074 uxores
1511 1021 1742 1090 accepit,
1792 1036 2024 1091 quarum

452 1111 673 1165 nomina
700 1110 813 1165 Ada
858 1119 910 1166 et
955 1111 1100 1167 Scia.
1125 1110 1244 1166 Jam
1270 1119 1384 1166 tum
1420 1113 1638 1168 initium
1675 1115 1866 1170 habuit
1893 1131 2028 1170 uxo-

452 1216 574 1255 rum
604 1201 910 1269 multitudo,
938 1217 1001 1257 ac
1033 1203 1148 1273 ipsa
1179 1203 1345 1258 etiam
1371 1205 1600 1259 musica.
1629 1203 1762 1259 Nam
1790 1205 2025 1260 Lamech

449 1295 560 1348 nati
608 1303 733 1349 sunt
784 1304 893 1351 tres
937 1296 1055 1361 lilii,
1098 1313 1331 1367 quorum
1382 1298 1604 1352 nomina
1646 1297 1802 1364 Obel,
1838 1297 2021 1364 Jubal,

449 1381 675 1440 Thobel.
722 1385 801 1439 Ac
849 1387 980 1444 Obel
1030 1389 1251 1459 quidem
1293 1390 1376 1443 vir
1417 1388 1618 1451 fuitin
1652 1391 2022 1446 tabernaculis

445 1489 616 1545 pecus
649 1477 930 1546 nutriens;
960 1476 1118 1533 Jubal
1152 1488 1334 1533 autem
1374 1481 1421 1537 is
1454 1489 1539 1536 est
1575 1482 1666 1552 qui
1700 1482 2020 1553 psalterium

444 1572 498 1618 et
528 1566 792 1620 citharam
829 1570 1192 1636 monstravit;
1230 1569 1438 1626 Thobel
1477 1572 1579 1626 fuit
1628 1559 1783 1628 faber
1810 1575 1932 1628 aeris
1969 1583 2024 1629 et

445 1653 599 1711 ferri.
631 1655 910 1714 Hactenus
941 1658 1107 1729 igitur
1139 1670 1459 1715 recensetur
1502 1661 1655 1717 Caini
1689 1679 1896 1732 genus;
1931 1680 1967 1716 ri

2125 1650 2486 1720 σφυροκόπος,
2519 1651 2756 1721 χαλκεὺς
2788 1653 2988 1723 χαλκοῦ
3019 1654 3113 1706 καὶ
3149 1653 3392 1724 σιδήρου.
3434 1657 3563 1719 Ἕως
3578 1659 3650 1726 μὲν

444 1739 650 1811 liquam
701 1753 882 1798 autem
932 1745 1054 1816 ejus
1100 1748 1449 1816 progeniem,
1485 1767 1549 1804 eo
1598 1753 1742 1822 quod
1792 1752 1967 1809 fratres

2119 1737 2211 1794 οὖν
2240 1741 2426 1794 τούτου
2461 1743 2583 1813 ἔσχε
2614 1743 2704 1796 τὸν
2735 1744 3030 1813 κατάλογον
3050 1745 3110 1797 τὸ
3146 1746 3370 1817 σπέρμα
3389 1746 3482 1800 τοῦ
3515 1749 3650 1800 Καῖν·

444 1849 608 1890 suum
645 1835 961 1902 occidisset,
999 1838 1199 1894 oblivio
1242 1841 1458 1896 delevit.
1505 1840 1562 1894 ln
1608 1842 1789 1897 locum
1836 1851 1967 1898 ante:

2120 1833 2214 1886 καὶ
2259 1833 2320 1886 τὸ
2342 1833 2525 1887 λοιπὸν
2555 1837 2636 1898 είς
2654 1835 2822 1907 λήθην
2855 1837 3017 1890 αὑτοῦ
3041 1837 3233 1906 γέγονε
3261 1839 3324 1892 τὸ
3347 1841 3554 1912 σπέρμα
3578 1842 3650 1909 τῆς

443 1925 630 1982 Abelis
688 1926 837 1983 dedit
890 1929 1030 1986 Deus
1075 1929 1198 1986 Eva:
1236 1941 1294 1987 ut
1337 1935 1650 2004 conciperet
1693 1945 1747 1990 et
1799 1951 1967 2006 paron

2120 1925 2467 1995 γενεαλογίας
2486 1966 2500 1991 ,
2545 1927 2633 1981 διὰ
2658 1929 2717 1981 τὸ
2747 1930 3200 2003 ἀδελφοκτονῆσαι
3231 1933 3395 1987 αὑτὸν
3430 1936 3514 1988 τὸν
3540 1937 3649 1988 aea;—

443 2019 636 2084 iiliutn,
667 2019 759 2090 qui
793 2019 922 2074 Seth
954 2024 1257 2093 appellatus
1287 2035 1391 2091 est,
1421 2043 1450 2081 a
1484 2044 1593 2098 quo
1622 2028 1891 2098 reliquum
1918 2029 1967 2083 lu

2117 2019 2234 2088 φόν.
2267 2020 2358 2084 Εἰς
2390 2021 2480 2073 τὸν
2506 2021 2668 2075 τόπον
2699 2023 2754 2076 δὲ
2775 2023 2866 2076 τοῦ
2903 2025 3086 2089 Ἀϐελ,
3119 2026 3319 2080 ἔδωκεν
3347 2028 3519 2091 ὁθεδς
3557 2031 3645 2082 ςυλ-

442 2111 656 2166 minum
694 2127 864 2183 genus
896 2115 1161 2171 hactenus
1195 2127 1548 2190 propagatur.
1595 2120 1798 2177 Omnes
1831 2130 1967 2177 aute:

2114 2112 2298 2166 λαϐεῖν
2333 2114 2429 2185 τὴν
2460 2114 2603 2168 Εὕαν
2637 2117 2730 2169 καὶ
2776 2118 2952 2171 τεκεῖν
2994 2119 3140 2182 υἱὸν,
3178 2120 3239 2184 ὃς
3268 2121 3521 2194 κέκληται
3543 2123 3644 2192 Σήθ·

441 2205 825 2274 generationes
859 2205 905 2260 si
949 2221 1276 2276 pernoscere
1319 2211 1591 2266 voluerint
1629 2213 1722 2283 qui
1767 2214 1967 2270 discetn

2113 2207 2206 2275 ἀφ’
2239 2201 2299 2259 οὗ
2330 2207 2391 2260 τὸ
2423 2207 2606 2261 λοιπὸν
2637 2209 2790 2277 γένος
2820 2210 2926 2262 τῶν
2973 2211 3281 2283 ἀνθρώπων
3315 2213 3486 2266 ὁδεύει
3525 2215 3645 2283 μέχίι

441 2301 572 2349 sunt
627 2293 834 2364 cupidi,
880 2293 1040 2350 facile
1073 2304 1158 2351 est
1212 2313 1306 2354 eas
1345 2315 1412 2354 ex
1467 2299 1767 2372 Scripturis
1805 2314 1961 2359 sanet

2112 2299 2205 2353 τοῦ
2237 2301 2415 2373 δεῦρο,
2460 2303 2585 2366 Τοῖς
2603 2303 2660 2356 δὲ
2696 2303 3040 2374 βουλομένοις
3079 2305 3405 2375 φιλομαθέσι
3442 2308 3646 2376 καὶπερὶ

439 2383 838 2440 demonstrare.
864 2383 990 2439 Jam
1019 2388 1166 2442 enim
1196 2404 1225 2442 a
1254 2390 1411 2466 nobis
1443 2392 1623 2462 aliqua
1647 2409 1712 2448 ex
1749 2405 1899 2463 parte
1930 2396 1964 2450 it

2113 2393 2301 2448 πασῶν
2331 2393 2439 2446 τῶν
2470 2393 2691 2462 γενεῶν,
2736 2393 2956 2449 εὔκολόν
2990 2399 3138 2450 ἐστιν
3172 2398 3439 2461 ἐπιδεῖξαι
3469 2397 3544 2450 διὰ
3568 2397 3644 2448 τῶν

439 2477 632 2531 stituta
681 2484 790 2542 est,
848 2485 908 2532 ut
961 2494 1140 2550 supra,
1181 2481 1455 2546 diximus,
1513 2485 1629 2540 hmo
1689 2486 1967 2556 disputatii

2112 2485 2282 2552 ἁγίων
2319 2487 2571 2557 Γραφῶν.
2618 2489 2725 2541 Καὶ
2758 2489 2865 2558 γὰρ
2915 2491 2979 2542 ἐκ
3012 2491 3212 2561 μέρους
3253 2493 3385 2562 ἡμῖν
3406 2493 3645 2560 γεγένηται

438 2582 636 2638 nempe
667 2567 1003 2640 genealogis:
1033 2571 1202 2626 series
1240 2571 1292 2624 in
1332 2572 1511 2640 primo
1553 2573 1630 2627 De
1668 2574 1904 2628 historiis
1949 2577 1967 2628 l'

2112 2582 2210 2653 ἤδη
2228 2583 2382 2652 λόγος
2400 2586 2455 2636 ἐν
2475 2585 2646 2656 ἑτέρῳ
2680 2585 2823 2656 λόγῳ
2847 2585 2943 2655 (4),
2957 2586 3032 2650 ὡς
3059 2586 3246 2640 ἐπάνω
3262 2590 3642 2659 προειρήκαμεν,

437 2661 561 2718 bro.
596 2660 722 2717 llzec
767 2673 947 2717 autem
999 2665 1182 2718 omnia
1217 2665 1404 2720 docuit
1450 2683 1552 2722 nos
1601 2667 1839 2738 Spiritus
1883 2685 1967 2724 sar

2112 2675 2208 2745 τῆς
2239 2675 2588 2743 γενεαλογίας
2627 2676 2834 2745 ὴτάξις
2866 2679 2924 2729 ὲν
2951 2679 3017 2748 τῇ
3051 2679 3246 2750 πρώτῃ
3283 2680 3447 2750 βίϐλῳ
3466 2685 3523 2750 τῇ
3552 2681 3643 2750 περὶ

438 2760 582 2824 ειυς»,
606 2753 699 2822 qui
729 2768 824 2822 per
857 2753 1076 2825 Moysen
1108 2765 1163 2810 et
1190 2765 1416 2812 eteteros
1462 2759 1758 2829 prophetas
1791 2761 1967 2814 locutu

2113 2765 2382 2837 ἱστοριῶν.
2419 2766 2604 2819 Ταῦτα
2633 2767 2688 2820 δὲ
2723 2769 2900 2821 πάντα
2928 2769 3076 2838 ἡμᾶς
3111 2769 3356 2824 διδάσκει
3375 2771 3436 2824 τὸ
3463 2772 3644 2840 Πνεῦμα

437 2849 544 2907 est,
575 2843 649 2898 ita
682 2851 742 2898 ut
764 2855 984 2908 nostrae,
1013 2847 1104 2915 qui
1137 2845 1302 2901 Deum
1330 2848 1586 2915 colimus,
1613 2849 1806 2904 littera:
1832 2855 1967 2906 omn

2112 2855 2170 2908 τὸ
2203 2856 2376 2924 ἅγιον,
2400 2856 2463 2909 τὸ
2488 2857 2576 2910 διὰ
2600 2858 2876 2922 Μωῦσέως
2904 2859 3123 2912 καὶτῶν
3143 2859 3344 2914 λοιπῶν
3374 2862 3641 2934 προφητῶν,

436 2933 542 2991 bus
575 2937 940 3008 scriptoribus
975 2946 1027 2992 ct
1059 2939 1234 3007 poetis
1277 2939 1615 3008 antiquiores
1644 2941 1791 3008 sint;
1829 2943 1924 2997 sed
1955 2961 1967 2998 ι

2112 2945 2248 3000 ὥστε
2288 2947 2354 3002 τὰ
2378 2949 2496 3002 καθ’
2529 2951 2673 3020 ἡμᾶς
2701 2950 2826 3013 τοὺς
2851 2949 3121 3014 θεοσεϐεῖς
3148 2933 3478 3024 ἀρχαιότερα
3504 2953 3640 3023 τράμ-

436 3027 680 3085 veriores
713 3029 1173 3085 demoustramus.
1211 3028 1430 3084 Musicze
1459 3039 1640 3085 autem
1673 3032 1967 3089 inventore:

2112 3058 2255 3112 ματα
2283 3043 2558 3113 τυγχάνει,
2583 3043 2642 3095 οὺ
2667 3042 2772 3113 μὴν
2805 3042 2938 3095 ἀλλὰ
2969 3045 3062 3097 καὶ
3092 3044 3430 3117 ἀληθέστερα
3470 3047 3639 3097 πάντων

434 3117 742 3188 Apollinem
778 3121 948 3176 fuisse
981 3122 1229 3174 nonnulli
1262 3123 1444 3193 nugati
1481 3130 1652 3189 sunt;
1683 3124 1773 3177 alii
1813 3125 1881 3180 ab
1906 3125 1967 3180 Οι

2112 3135 2464 3205 συγγραφέων
2510 3136 2604 3189 καὶ
2637 3135 2874 3205 ποιητῶν
2913 3137 3190 3190 δείκνυται
3213 3139 3361 3191 ὄντα.
3397 3138 3543 3190 Ἀλλὰ
3563 3138 3638 3208 μὴν

420 3211 578 3281 Ῥὴοο
619 3227 688 3268 ex
729 3213 883 3268 suavi
932 3214 1112 3268 avium
1152 3224 1422 3269 concentu
1466 3217 1741 3271 inventam
1781 3219 1967 3275 dicunt

2112 3228 2203 3280 καὶ
2228 3227 2293 3280 τὰ
2321 3228 2449 3299 περὶ
2478 3228 2575 3298 τῆς
2604 3229 2891 3299 μουσικῆς,
2915 3229 3264 3302 ὲφλυάρησάν
3285 3249 3427 3295 τινες
3459 3231 3638 3302 εὑρετὴν

433 3318 577 3358 vana
613 3312 791 3360 autem
827 3316 881 3361 et
907 3305 1087 3361 inanis
1121 3323 1309 3362 eorum
1344 3309 1521 3362 oratio
1565 3310 1967 3367 demonstratur

2112 3320 2419 3373 Ἀπόλλωνα
2435 3321 2762 3391 γεγενῆσθαι
2782 3338 2794 3351 ⁸
2825 3321 2973 3375 ἄλλοι
2998 3323 3054 3375 δὲ
3079 3324 3286 3394 Ὀρφέα
3320 3325 3427 3377 ἀπὸ
3456 3326 3539 3394 τῆς
3560 3322 3636 3374 τῶν

433 3393 490 3448 bi
521 3395 664 3450 enim
701 3397 886 3452 multis
918 3406 1042 3468 post
1071 3398 1331 3452 diluvium
1367 3399 1524 3454 annis
1551 3400 1790 3457 fuerunt.
1817 3403 1892 3459 De
1920 3420 1967 3460 re

2112 3415 2309 3484 ὀρνέων
2344 3413 2654 3484 ἡδυφωνίας
2689 3415 2854 3484 φασὶν
2884 3415 3238 3487 ἐξευρηκέναι
3272 3418 3369 3487 τὴν
3399 3417 3633 3488 μουσικήν.

432 3485 539 3540 bus
582 3495 762 3541 autem
809 3485 941 3552 Noe,
973 3488 1065 3559 qui
1099 3487 1394 3544 Deucalion
1442 3505 1472 3544 a
1528 3493 1808 3548 nonnullis
1843 3511 1967 3550 voca

2112 3505 2279 3568 Κενὸς
2328 3504 2384 3556 δὲ
2438 3505 2530 3557 καὶ
2584 3506 2812 3574 μάταιος
2866 3507 2894 3558 ό
2927 3485 3085 3574 λόγος
3138 3485 3338 3559 αὐτῶν
3373 3485 3634 3559 δείκνυταν

433 3583 543 3643 lur,
575 3578 878 3650 disputatio
905 3594 935 3633 a
965 3580 1127 3636 nobis
1159 3580 1214 3635 in
1251 3597 1338 3645 eo,
1377 3597 1536 3651 quem
1568 3581 1829 3648 diximus,
1865 3586 1967 3640 libr

2112 3596 2248 3666 μετὰ
2279 3595 2388 3666 γὰρ
2419 3595 2587 3648 πολλὰ
2607 3595 2696 3666 ἔτη
2722 3596 2815 3648 τοῦ
2833 3598 3216 3669 κατακλυσμοῦ
3242 3593 3384 3653 οὗτοι
3417 3600 3634 3668 ὲγένοπο.

430 3671 685 3727 instituta
727 3679 830 3737 est,
870 3685 1033 3740 quam
1077 3679 1234 3742 potes
1276 3679 1334 3727 tu
1376 3688 1594 3744 quoque
1644 3673 1916 3744 inspicere
1957 3693 1967 3731 ε

2112 3688 2187 3740 Τὰ
2227 3687 2284 3740 δὲ
2337 3689 2465 3760 περὶ
2493 3688 2587 3741 τοῦ
2621 3689 2765 3754 Νῶε,
2801 3691 2859 3754 ὃς
2901 3690 3162 3761 κέκληται
3197 3693 3304 3745 ὑπὸ
3351 3693 3497 3744 ἐνίων
3542 3694 3634 3740 Δευ-

429 3765 585 3822 velis.
2105 3781 2345 3844 καλίων,
2387 3784 2443 3834 ὲν
2485 3785 2553 3852 τῇ
2587 3782 2754 3854 βίϐλῳ
2873 3785 3308 3855 προειρήκαμεν,
3357 3787 3390 3854 ἡ
3433 3785 3633 3853 διήγησις

2105 3874 2236 3944 ἡμῖν
2251 3869 2611 3948 γεγένηται,
2634 3877 2680 3927 εί
2697 3875 2860 3946 βούλῃ
2879 3876 2976 3944 (5),
2992 3877 3084 3928 καὶ
3102 3878 3164 3930 σὺ
3182 3876 3396 3930 δύνασαι
3415 3874 3629 3942 ἐντυχεῖν.

2174 3965 2261 4018 5L
2298 3967 2451 4019 Μετά
2504 3966 2595 4018 τὸν
2654 3967 3036 4037 κατακλυσμὸν
3068 3967 3211 4039 ἁρχὴ
3257 3967 3412 4021 πάλιν
3460 3965 3629 4032 ἐγένετο

2105 4058 2312 4112 πόλεων
2337 4060 2428 4112 καὶ
2455 4058 2742 4127 βασιλέων,
2764 4061 2852 4112 τὸν
2875 4060 3078 4131 τρόπον
3115 4061 3326 4112 τοῦτον.
3355 4058 3534 4130 Πρώτη
3557 4053 3627 4105 πό-

2104 4149 2184 4215 λις
2216 4152 2502 4214 Βαϐυλὼν,
2533 4151 2643 4204 ’καὶ
2690 4152 2868 4222 Ὀρὲχ,
2926 4152 3017 4204 καὶ
3050 4151 3251 4222 Ἀρχὰθ
3285 4152 3387 4221 (6),
3416 4151 3502 4203 καὶ
3541 4149 3624 4199 Χα-

2102 4242 2235 4312 λανὴ
2268 4245 2324 4295 ὲν
2353 4245 2418 4312 τῇ
2447 4244 2514 4312 γῇ
2546 4242 2776 4311 Σεναάρ.
2819 4243 2928 4295 Καὶ
2964 4241 3216 4313 βασιλεὺς
3243 4243 3448 4311 ἐγένετο
3487 4237 3623 4292 αὐτῶν

2101 4334 2322 4405 ὀνόματι
2361 4333 2611 4405 Νεϐρώθ.
2646 4335 2744 4387 Ἐκ
2783 4333 2986 4387 τούτων
3031 4334 3255 4404 ἐξῆλθεν
3303 4333 3508 4404 ὀνόματι
3535 4333 3622 4380 Ἀπ-

2135 740 2216 792 Οὐ
2248 738 2358 809 γάρ
2389 751 2478 792 πω
2509 739 2837 792 πεπόλιστο
2859 739 3038 804 πόλις
3055 739 3340 808 μερόπων
3362 740 3652 808 ἀνθρώπων

2131 831 2220 902 Τῷ
2245 831 2303 884 δὲ
2337 831 2510 902 Ἑνὼχ
2553 831 2814 903 ἐγεννήθη
2865 832 2978 896 υἱὸς
3012 832 3242 904 ὀνόματι
3286 835 3326 887 Γ
3330 834 3484 888 αῖδὰδ
3520 836 3604 905 (5),
3627 837 3654 888 ὃς

2129 921 2384 991 ἐγέννησε
2410 921 2501 974 τὸν
2535 921 2865 992 καλούμενον
2914 922 3088 995 Μεὴλ,
3121 924 3219 976 καὶ
3253 925 3408 995 Μεὴλ
3454 925 3539 978 τὸν
3577 927 3654 980 Μα-

2129 1012 2383 1076 Θουσὰλα,
2429 1014 2522 1066 καὶ
2569 1013 2898 1067 Μαθουσὰλα
2943 1014 3035 1068 τὸν
3078 1015 3296 1086 Λάμεχ.
3343 1017 3399 1070 '0
3431 1016 3489 1069 δὲ
3516 1018 3654 1088 Λάβε]

2127 1102 2315 1156 ἔλαϐεν
2356 1102 2531 1174 ἑαυτῷ
2565 1103 2666 1156 δύο
2708 1108 2972 1174 γυναῖκας
2990 1145 3005 1171 ,
3035 1103 3124 1172 αἷς
3152 1108 3394 1180 ὀνόματα
3425 1110 3566 1174 ’Δδίᾐ
3597 1113 3654 1163 κατ

2126 1194 2284 1247 Σελᾶ.
2314 1196 2540 1248 ’Έκτοτε
2595 1196 2737 1267 ἀρχὴ
2775 1197 2992 1265 ἐγένετο
3039 1198 3141 1268 τῆς
3181 1199 3531 1270 πολυμιξίας,
3560 1203 3654 1256 itin

2127 1281 2220 1333 καὶ
2260 1281 2358 1351 τῆς
2403 1283 2685 1353 μουσικῆς.
2739 1283 2828 1354 Τῷ
2867 1284 2980 1356 γὰρ
3038 1287 3234 1358 Λάμεχ
3277 1290 3521 1356 ἐγένοντο
3546 1298 3654 1362 τρεῖς

2126 1373 2252 1434 υἱοὶ,
2280 1372 2461 1444 Ὤὸὴλ,
2491 1373 2716 1438 Ἰουϐὰλ,
2748 1375 2933 1429 Θοϐέλ.
2974 1379 3086 1431 Καὶ
3104 1381 3133 1432 ὁ
3170 1380 3270 1450 μὲν
3289 1381 3459 1451 Ὧὸὴλ
3487 1384 3654 1451 ἐγένεπ

2124 1464 2260 1536 ἀνὴρ
2307 1467 2366 1520 ἐν
2397 1469 2621 1537 σκηναῖς
2669 1470 3080 1541 κτηνοτροςρῶν⁸
3125 1471 3340 1524 ’[ουϐὰλ
3382 1473 3441 1525 δέ
3487 1476 3654 1528 ἐστι·δὸ

2126 1557 2450 1622 καταδείξας
2475 1559 2769 1631 ψαλτήριον
2802 1562 2896 1614 καὶ
2925 1562 3182 1634 κιθάραν
3220 1563 3390 1617 Θοῦὲλ
3408 1565 3465 1618 δὲ
3486 1567 3654 1634 ἐγένετο

498 3968 588 4026 5|.
636 3969 797 4040 Origo
824 3971 1054 4035 urbium,
1075 3969 1264 4024 divisio
1286 3969 1780 4040 linguarum,series
1801 3988 2000 4042 regum.

426 4060 629 4117 —Post
653 4062 917 4117 diluvium
937 4063 1151 4116 initium
1170 4077 1364 4120 rursus
1389 4064 1606 4119 urbium
1630 4073 1683 4119 et
1704 4078 1890 4134 regum
1912 4080 2003 4118 or-

425 4155 543 4203 tum
578 4159 662 4205 est
689 4151 742 4203 in
770 4151 915 4206 hunc
940 4151 1183 4206 modum.
1212 4152 1395 4208 Prima
1433 4154 1565 4209 urbs
1597 4152 1857 4226 Babylon,
1885 4164 1998 4210 tum

421 4237 882 4306 0recb,Archath
900 4250 955 4296 et
983 4239 1224 4298 Chalane
1256 4244 1312 4297 in
1343 4251 1489 4298 terra
1531 4243 1756 4302 Senaar.
1795 4244 1998 4300 Harum

423 4346 520 4386 rex
547 4331 757 4387 exstitit
803 4333 1024 4388 nomine
1061 4331 1325 4390 Nebroth.
1361 4334 1439 4388 Ex
1473 4335 1562 4391 his
1594 4336 1796 4406 prodiit
1835 4338 1880 4392 is
1905 4337 1996 4406 qui

422 4425 599 4480 Assur
627 4435 874 4491 vocatur,
909 4427 1056 4481 unde
1085 4427 1216 4481 dicti
1255 4428 1488 4499 Assyrii.
1527 4428 1768 4484 Nebroth
1815 4437 1967 4483 auten

2112 4427 2256 4496 σουρ,
2291 4425 2412 4478 ὅθεν
2454 4426 2548 4478 καὶ
2573 4425 2848 4497 Ἀσσύριοι
2895 4427 3402 4497 προσαγορεύονται.
3441 4417 3620 4492 Νεϐρὼθ

420 4513 708 4570 azdilicavit
743 4517 908 4573 urbes
935 4517 1131 4572 Ninivc
1159 4527 1213 4572 ct
1241 4519 1487 4573 Roboom
1518 4527 1571 4573 et
1607 4518 1774 4573 Calae
1803 4525 1857 4573 et
1895 4517 1967 4571 Da

2112 4518 2155 4571 δὲ
2217 4517 2560 4588 ᾠκοδόμησεν
2624 4516 2808 4580 πόλεις
2857 4516 2954 4586 τὴν
3007 4518 3195 4570 Νινευὶ
3255 4518 3345 4571 καὶ
3402 4517 3490 4585 τὴν
3534 4513 3620 4564 Ῥο-

421 4620 540 4672 seu,
573 4621 694 4678 qum
739 4609 880 4664 inter
922 4609 1153 4666 Niniven
1203 4617 1258 4665 et
1303 4610 1467 4666 Calae
1508 4613 1611 4667 sita
1652 4619 1759 4668 est.
1799 4611 1967 4665 Niniv‘

2112 4608 2290 4679 ϐοωμ,
2344 4609 2437 4660 καὶ
2518 4607 2616 4679 τὴν
2667 4607 2893 4671 Καλὰκ,
2944 4611 3038 4660 καὶ
3085 4609 3185 4678 τὴν
3239 4609 3401 4660 Δασὲν
3438 4601 3531 4660 ἀνὰ
3550 4600 3622 4672 μὲί

2101 4849 2272 4905 fuisse
2303 4848 2565 4903 declaret.
2600 4848 2863 4915 Quamvis
2901 4848 3044 4903 enim
3095 4849 3199 4902 sub
3238 4847 3520 4902 Phoroneo.
3547 4853 3612 4915 qut

2100 4928 2225 4974 ante
2259 4918 2571 4972 Dardanum
2620 4914 2743 4984 fuit,
2777 4921 3069 4973 nomadum
3100 4920 3264 4972 vitam
3311 4917 3546 4971 homines,
3572 4914 3614 4959 ul

2098 4998 2332 5044 testatur
2371 4988 2638 5044 Tatianus
2678 5006 2736 5043 n.
2780 4991 2870 5051 59,
2922 4988 3170 5042 ferantur
3222 4987 3490 5056 ahjecisse,
3532 4991 3612 5054 nuit

2098 5069 2280 5114 tamen
2303 5060 2510 5130 grande
2529 5067 2774 5134 erratum
2811 5076 2842 5113 a
2877 5057 3179 5134 Theophilo
3213 5057 3552 5134 commissum,
3577 5062 3609 5098 SI

2096 5145 2211 5185 rem
2237 5129 2426 5206 serius.
2438 5131 2506 5206 ab
2536 5129 2776 5185 llomero
2805 5131 3009 5206 colloca
3076 5129 3485 5206 existinmas-erit:

2166 5203 2242 5271 (5)
2283 5199 2529 5254 Γαῖδάδ.
2570 5203 2648 5256 lta
2681 5216 2786 5256 ms.
2812 5199 2871 5253 Β.
2887 5208 2950 5272 et
2979 5197 3142 5272 LXX,
3178 5199 3230 5272 in
3266 5197 3416 5272 editis
3442 5193 3606 5272 Tui-5'15-

2095 5267 2233 5325 Μωε⁷
2265 5272 2533 5327 editiones
2577 5272 2754 5326 Oxon.
2787 5277 2842 5324 et
2881 5269 3076 5323 llamb.
3126 5269 3320 5322 habent
3357 5267 3608 5332 Μηλελεῇλιο

2093 5343 2283 5405 nam,
2323 5341 2530 5410 Ἰωϐήλ.
2572 5340 2937 5413 Sednecesse
2976 5354 3086 5392 non
3125 5338 3335 5392 videtur
3370 5336 3606 5413 innitutare

2092 5414 2454 5466 codicis.ms.
2506 5419 2561 5465 et
2611 5411 2883 5465 editorum
2944 5418 3258 5463 nostrorum
3307 5411 3604 5472 scripturam.

2093 5484 2345 5552 quamvis
2381 5482 2540 5552 aliter
2571 5481 2783 5550 legatur
2809 5482 2862 5552 in
2894 5479 3108 5552 Bibliis.
3236 5547 3250 5552 _
3547 5535 3555 5544 .

2810 5531 3035 5624 ilicihoe
3049 5546 3498 5624 TheopltiliOopere

2091 5619 2437 5678 Prtei'ationis
2473 5619 2955 5690 tertiam'partem,
2985 5621 3077 5672 ubi
3109 5619 3177 5672 de
3221 5619 3378 5687 gestis
3416 5620 3460 5667 ct
3496 5619 3604 5660 Sm‘

2091 5696 2198 5764 ptis
2235 5693 2522 5760 Theophili
2555 5693 2792 5764 agimus.

2161 5766 2237 5831 (5)
2275 5766 2340 5817 Ei.
2368 5758 2761 5828 βούλῃίϐοά.
2797 5761 2856 5814 Β.
2892 5758 3161 5831 είκβούλει,
3187 5772 3340 5817 recte.

2159 5830 2233 5898 (6)
2288 5831 2514 5898 ᾈργιὲθ.
2543 5832 2735 5886 llamb.
2770 5830 2991 5902 ’Λρκάθ.

490 4843 566 4923 (2)
623 4847 900 4923 ᾯμηρος.
938 4849 1226 4905 Existimat
1266 4853 1515 4908 eruditus
1561 4852 1992 4923 llatnburgensis

417 4915 595 4988 editor
638 4915 1018 4988 Theopnilum.
1049 4923 1264 4975 labente
1312 4923 1594 4987 memoria,
1641 4923 1708 4976 c-le
1760 4915 1989 4978 urbibus

502 4984 806 5060 generatim
833 4993 1099 5058 accipere,
1126 4993 1269 5060 quod
1296 4993 1362 5046 de
1391 4995 1506 5046 sola
1532 4984 1693 5060 Troja
1723 4993 1990 5048 llomerus

417 5055 574 5110 dixit.
614 5057 704 5111 Sic
735 5061 878 5112 enim
913 5055 1108 5125 legitur
1140 5055 1292 5115 lliad.
1329 5080 1382 5127 v,
1410 5080 1459 5116 v.
1491 5064 1598 5116 Ξ).ιὸ
1630 5055 1682 5116 et
1708 5064 1836 5117 216.

488 5128 722 5201 [facere
844 5132 1201 5198 Δαρδίιτνίιην,
1233 5133 1361 5186 ἐπεὶ
1397 5135 1560 5185 οὔπω
1596 5135 1782 5199 Ἵλιρς
1813 5133 1910 5201 ἱρὴ

501 5198 603 5272 ’_Er
619 5199 801 5272 πεδίῳ
815 5202 1144 5272 πεπόλιστο
1161 5204 1339 5268 πόλις
1353 5205 1629 5272 μερόπων
1647 5198 1990 5270 ἀνθρώπων.

489 5265 841 5338 Condiditque
881 5271 1230 5335 Dardaniam,
1263 5265 1387 5341 quia
1421 5265 1652 5326 nondum
1697 5265 1861 5327 Ilium
1905 5291 1996 5327 sa-

559 5354 709 5391 crum
1772 5393 1776 5397 -

493 5405 777 5484 In_campo
802 5411 1071 5464 conditum
1099 5423 1237 5477 erat,
1261 5415 1507 5481 oppidum
1537 5414 1993 5484 diversilinguium

558 5477 850 5537 hominum.

416 5544 720 5623 Fatendum
749 5550 1093 5623 est__liomeri
1127 5552 1288 5606 verba
1322 5561 1585 5623 accurate
1628 5570 1656 5606 a
1693 5553 1992 5623 Theophila

419 5631 527 5670 non
569 5619 784 5674 referri.
829 5620 949 5677 Non
991 5632 1171 5676 tamen
1204 5621 1528 5677 crediderim
1584 5619 1899 5678 memoriam
1941 5625 1990 5678 ei

417 5686 726 5761 eilluxisse;
762 5692 977 5745 videtur
1010 5694 1190 5761 potius
1220 5693 1364 5745 hunc
1397 5694 1576 5747 locum
1609 5704 1815 5747 attente
1857 5710 1992 5747 con-

421 5755 720 5832 sideratam
756 5764 836 5814 sic
868 5755 1243 5832 interpretari,
1273 5765 1430 5832 quasi
1465 5764 1732 5818 llomerus
1769 5764 1986 5829 Trojam

421 5829 654 5902 exempli
691 5828 812 5889 loco
859 5828 1208 5902 nominet,ut
1242 5828 1406 5890 urbes
1449 5835 1691 5894 nondum
1740 5828 1994 5908 conditas.
