  <div class='ocr_page' id='page_1' title='image "/cluster/home/n/w/nwhite01/storage/ocr_20150623/6/hvd.32044019206606/570.png"; bbox 0 0 3654 6490; ppageno 0'>
   <div class='ocr_carea' id='block_1_1' title="bbox 44 328 174 385">
    <p class='ocr_par' dir='ltr' id='par_1_1' title="bbox 44 328 174 385">
     <span class='ocr_line' id='line_1_1' title="bbox 44 328 174 385; baseline -0.015 0"><span class='ocrx_word' id='word_1_1' title='bbox 44 328 174 385; x_wconf 74' lang='grc'>1125</span> 
     </span>
    </p>
   </div>
   <div class='ocr_carea' id='block_1_2' title="bbox 1265 317 2100 393">
    <p class='ocr_par' dir='ltr' id='par_1_2' title="bbox 1265 317 2100 393">
     <span class='ocr_line' id='line_1_2' title="bbox 1265 317 2100 393; baseline 0 -11"><span class='ocrx_word' id='word_1_2' title='bbox 1265 326 1357 393; x_wconf 80' lang='lat' dir='ltr'><strong>AD</strong></span> <span class='ocrx_word' id='word_1_3' title='bbox 1391 324 1817 383; x_wconf 76' lang='lat' dir='ltr'><strong>AUTOLYCUM</strong></span> <span class='ocrx_word' id='word_1_4' title='bbox 1857 324 1984 382; x_wconf 72' lang='lat' dir='ltr'><strong>UB.</strong></span> <span class='ocrx_word' id='word_1_5' title='bbox 2011 317 2100 382; x_wconf 78' lang='grc'>111.</span> 
     </span>
    </p>
   </div>
   <div class='ocr_carea' id='block_1_3' title="bbox 3166 327 3308 384">
    <p class='ocr_par' dir='ltr' id='par_1_3' title="bbox 3166 327 3308 384">
     <span class='ocr_line' id='line_1_3' title="bbox 3166 327 3308 384; baseline 0.014 -2"><span class='ocrx_word' id='word_1_6' title='bbox 3166 327 3308 384; x_wconf 69' lang='grc'>1126</span> 
     </span>
    </p>
   </div>
   <div class='ocr_carea' id='block_1_4' title="bbox 39 437 1617 514">
    <p class='ocr_par' dir='ltr' id='par_1_4' title="bbox 39 437 1611 514">
     <span class='ocr_line' id='line_1_4' title="bbox 39 437 1611 514; baseline 0.001 -19"><span class='ocrx_word' id='word_1_7' title='bbox 39 458 143 503; x_wconf 83' lang='grc' dir='ltr'>τοις</span> <span class='ocrx_word' id='word_1_8' title='bbox 169 439 358 510; x_wconf 75' lang='grc' dir='ltr'>μίξεσι</span> <span class='ocrx_word' id='word_1_9' title='bbox 379 437 756 509; x_wconf 77' lang='grc' dir='ltr'><strong>συγγίνεσθαι,</strong></span> <span class='ocrx_word' id='word_1_10' title='bbox 773 439 830 495; x_wconf 76' lang='grc' dir='ltr'>ἐν</span> <span class='ocrx_word' id='word_1_11' title='bbox 849 457 909 494; x_wconf 84' lang='grc' dir='ltr'><strong>τε</strong></span> <span class='ocrx_word' id='word_1_12' title='bbox 945 440 1210 512; x_wconf 80' lang='grc' dir='ltr'><strong>ἀθέσμοις</strong></span> <span class='ocrx_word' id='word_1_13' title='bbox 1238 441 1494 514; x_wconf 87' lang='grc' dir='ltr'>βρώσεσι.</span> <span class='ocrx_word' id='word_1_14' title='bbox 1514 444 1611 509; x_wconf 88' lang='grc' dir='ltr'>Τίς</span> 
     </span>
    </p>
   </div>
   <div class='ocr_carea' id='block_1_5' title="bbox 1794 437 3384 514">
    <p class='ocr_par' dir='ltr' id='par_1_5' title="bbox 1794 441 3384 514">
     <span class='ocr_line' id='line_1_5' title="bbox 1794 441 3384 514; baseline 0.001 -18"><span class='ocrx_word' id='word_1_15' title='bbox 1794 452 1899 498; x_wconf 87' lang='lat' dir='ltr'><strong>:ant</strong></span> <span class='ocrx_word' id='word_1_16' title='bbox 1939 442 2220 514; x_wconf 90' lang='lat' dir='ltr'><strong>principes</strong></span> <span class='ocrx_word' id='word_1_17' title='bbox 2248 441 2528 499; x_wconf 82' lang='lat' dir='ltr'><strong>exstitisse</strong></span> <span class='ocrx_word' id='word_1_18' title='bbox 2558 442 2614 498; x_wconf 90' lang='lat' dir='ltr'><strong>in</strong></span> <span class='ocrx_word' id='word_1_19' title='bbox 2647 441 2890 498; x_wconf 78' lang='lat' dir='ltr'><strong>infandis</strong></span> <span class='ocrx_word' id='word_1_20' title='bbox 2935 441 3155 514; x_wconf 82' lang='lat' dir='ltr'><strong>ﬂagitiis</strong></span> <span class='ocrx_word' id='word_1_21' title='bbox 3185 457 3310 500; x_wconf 84' lang='lat' dir='ltr'><strong>sese</strong></span> <span class='ocrx_word' id='word_1_22' title='bbox 3378 495 3384 508; x_wconf 87' lang='grc'><strong>,</strong></span> 
     </span>
    </p>
   </div>
   <div class='ocr_carea' id='block_1_6' title="bbox 41 531 1614 603">
    <p class='ocr_par' dir='ltr' id='par_1_6' title="bbox 41 531 1614 603">
     <span class='ocr_line' id='line_1_6' title="bbox 41 531 1614 603; baseline 0.002 -18"><span class='ocrx_word' id='word_1_23' title='bbox 41 533 140 603; x_wconf 79' lang='grc' dir='ltr'>γὰρ</span> <span class='ocrx_word' id='word_1_24' title='bbox 166 531 267 584; x_wconf 83' lang='grc' dir='ltr'>οὐκ</span> <span class='ocrx_word' id='word_1_25' title='bbox 309 531 426 601; x_wconf 80' lang='grc' dir='ltr'>ᾄδει</span> <span class='ocrx_word' id='word_1_26' title='bbox 465 531 677 603; x_wconf 86' lang='grc' dir='ltr'>Κρόνον</span> <span class='ocrx_word' id='word_1_27' title='bbox 717 533 1077 602; x_wconf 82' lang='grc' dir='ltr'>τεκνοφάγον·</span> <span class='ocrx_word' id='word_1_28' title='bbox 1103 533 1204 587; x_wconf 89' lang='grc' dir='ltr'>Δία</span> <span class='ocrx_word' id='word_1_29' title='bbox 1239 533 1296 588; x_wconf 81' lang='grc' dir='ltr'>δὲ</span> <span class='ocrx_word' id='word_1_30' title='bbox 1324 535 1416 588; x_wconf 81' lang='grc' dir='ltr'>τὸν</span> <span class='ocrx_word' id='word_1_31' title='bbox 1448 535 1614 588; x_wconf 86' lang='grc' dir='ltr'>παῖδα</span> 
     </span>
    </p>
   </div>
   <div class='ocr_carea' id='block_1_7' title="bbox 39 623 1612 698">
    <p class='ocr_par' dir='ltr' id='par_1_7' title="bbox 39 623 1612 698">
     <span class='ocr_line' id='line_1_7' title="bbox 39 623 1612 698; baseline 0.002 -20"><span class='ocrx_word' id='word_1_32' title='bbox 39 623 194 678; x_wconf 86' lang='grc' dir='ltr'>αύτοῦ</span> <span class='ocrx_word' id='word_1_33' title='bbox 226 624 330 694; x_wconf 83' lang='grc' dir='ltr'>τὴν</span> <span class='ocrx_word' id='word_1_34' title='bbox 359 624 542 694; x_wconf 83' lang='grc' dir='ltr'><strong>Μῆτιν</strong></span> <span class='ocrx_word' id='word_1_35' title='bbox 575 625 907 689; x_wconf 82' lang='grc' dir='ltr'>καταπίνειν,</span> <span class='ocrx_word' id='word_1_36' title='bbox 962 626 1055 679; x_wconf 72' lang='grc' dir='ltr'>καὶ</span> <span class='ocrx_word' id='word_1_37' title='bbox 1078 625 1267 679; x_wconf 85' lang='grc' dir='ltr'>δεῖπνα</span> <span class='ocrx_word' id='word_1_38' title='bbox 1300 626 1473 698; x_wconf 86' lang='grc' dir='ltr'>μιαρά</span> <span class='ocrx_word' id='word_1_39' title='bbox 1503 631 1612 690; x_wconf 91' lang='grc' dir='ltr'>τοῖς</span> 
     </span>
    </p>
   </div>
   <div class='ocr_carea' id='block_1_8' title="bbox 43 715 1615 789">
    <p class='ocr_par' dir='ltr' id='par_1_8' title="bbox 43 715 1615 789">
     <span class='ocr_line' id='line_1_8' title="bbox 43 715 1615 789; baseline 0.002 -20"><span class='ocrx_word' id='word_1_40' title='bbox 43 716 169 780; x_wconf 83' lang='grc' dir='ltr'>θεοῖς</span> <span class='ocrx_word' id='word_1_41' title='bbox 194 715 530 786; x_wconf 78' lang='grc' dir='ltr'>ἑτοιμάζεινο</span> <span class='ocrx_word' id='word_1_42' title='bbox 561 715 688 770; x_wconf 76' lang='grc' dir='ltr'>ἔνθα</span> <span class='ocrx_word' id='word_1_43' title='bbox 711 716 804 769; x_wconf 73' lang='grc' dir='ltr'>καὶ</span> <span class='ocrx_word' id='word_1_44' title='bbox 827 717 997 786; x_wconf 83' lang='grc' dir='ltr'>χωλὸν</span> <span class='ocrx_word' id='word_1_45' title='bbox 1016 718 1316 787; x_wconf 86' lang='grc' dir='ltr'>’Ἠφαιστόν</span> <span class='ocrx_word' id='word_1_46' title='bbox 1344 736 1463 772; x_wconf 91' lang='grc' dir='ltr'>τινα</span> <span class='ocrx_word' id='word_1_47' title='bbox 1485 719 1615 789; x_wconf 87' lang='grc' dir='ltr'>χαλ-</span> 
     </span>
    </p>
   </div>
   <div class='ocr_carea' id='block_1_9' title="bbox 40 807 1615 882">
    <p class='ocr_par' dir='ltr' id='par_1_9' title="bbox 40 807 1615 882">
     <span class='ocr_line' id='line_1_9' title="bbox 40 807 1615 882; baseline 0.003 -21"><span class='ocrx_word' id='word_1_48' title='bbox 40 807 134 861; x_wconf 84' lang='grc' dir='ltr'><strong>κέα</strong></span> <span class='ocrx_word' id='word_1_49' title='bbox 149 808 282 876; x_wconf 81' lang='grc' dir='ltr'>φασὶ</span> <span class='ocrx_word' id='word_1_50' title='bbox 307 809 581 861; x_wconf 78' lang='grc' dir='ltr'><strong>διακονεῖν</strong></span> <span class='ocrx_word' id='word_1_51' title='bbox 608 809 803 872; x_wconf 83' lang='grc' dir='ltr'>αὐτοῖς,</span> <span class='ocrx_word' id='word_1_52' title='bbox 821 809 918 879; x_wconf 84' lang='grc' dir='ltr'>τήν</span> <span class='ocrx_word' id='word_1_53' title='bbox 942 825 1001 862; x_wconf 90' lang='grc' dir='ltr'><strong>τε</strong></span> <span class='ocrx_word' id='word_1_54' title='bbox 1021 809 1092 861; x_wconf 87' lang='grc' dir='ltr'><em>Ἦ</em></span> <span class='ocrx_word' id='word_1_55' title='bbox 1101 827 1198 880; x_wconf 84' lang='grc' dir='ltr'><strong>ραν</strong></span> <span class='ocrx_word' id='word_1_56' title='bbox 1228 810 1361 864; x_wconf 87' lang='grc' dir='ltr'>ίδίαν</span> <span class='ocrx_word' id='word_1_57' title='bbox 1383 810 1615 882; x_wconf 78' lang='grc' dir='ltr'>ἀδελφὴν</span> 
     </span>
    </p>
   </div>
   <div class='ocr_carea' id='block_1_10' title="bbox 43 899 1614 972">
    <p class='ocr_par' dir='ltr' id='par_1_10' title="bbox 43 899 1614 972">
     <span class='ocr_line' id='line_1_10' title="bbox 43 899 1614 972; baseline 0.001 -19"><span class='ocrx_word' id='word_1_58' title='bbox 43 904 107 970; x_wconf 76' lang='lat'><strong>(5)</strong></span> <span class='ocrx_word' id='word_1_59' title='bbox 137 901 208 972; x_wconf 82' lang='grc' dir='ltr'>μὴ</span> <span class='ocrx_word' id='word_1_60' title='bbox 238 901 408 972; x_wconf 89' lang='grc' dir='ltr'>μόνον</span> <span class='ocrx_word' id='word_1_61' title='bbox 448 901 542 952; x_wconf 79' lang='grc' dir='ltr'><strong>τὸν</strong></span> <span class='ocrx_word' id='word_1_62' title='bbox 581 900 680 953; x_wconf 90' lang='grc' dir='ltr'>Δία</span> <span class='ocrx_word' id='word_1_63' title='bbox 714 903 910 970; x_wconf 80' lang='grc' dir='ltr'>γαμεῖν</span> <span class='ocrx_word' id='word_1_64' title='bbox 943 899 1038 971; x_wconf 86' lang='grc'>(6),</span> <span class='ocrx_word' id='word_1_65' title='bbox 1073 900 1208 954; x_wconf 84' lang='grc' dir='ltr'><strong>ἀλλά</strong></span> <span class='ocrx_word' id='word_1_66' title='bbox 1239 901 1334 955; x_wconf 74' lang='grc' dir='ltr'>καὶ</span> <span class='ocrx_word' id='word_1_67' title='bbox 1371 901 1458 956; x_wconf 89' lang='grc' dir='ltr'><strong>διά</strong></span> <span class='ocrx_word' id='word_1_68' title='bbox 1490 903 1614 954; x_wconf 89' lang='grc' dir='ltr'>στό-</span> 
     </span>
    </p>
   </div>
   <div class='ocr_carea' id='block_1_11' title="bbox 43 993 1614 1065">
    <p class='ocr_par' dir='ltr' id='par_1_11' title="bbox 43 993 1614 1065">
     <span class='ocr_line' id='line_1_11' title="bbox 43 993 1614 1065; baseline -0.001 -18"><span class='ocrx_word' id='word_1_69' title='bbox 43 1011 197 1063; x_wconf 86' lang='grc' dir='ltr'>ματος</span> <span class='ocrx_word' id='word_1_70' title='bbox 217 994 462 1061; x_wconf 84' lang='grc' dir='ltr'>ἀνάγνου</span> <span class='ocrx_word' id='word_1_71' title='bbox 487 995 862 1065; x_wconf 79' lang='grc' dir='ltr'>ἀρῤητοποιεῖν</span> <span class='ocrx_word' id='word_1_72' title='bbox 882 1009 896 1057; x_wconf 89' lang='grc'>;</span> <span class='ocrx_word' id='word_1_73' title='bbox 913 993 1010 1056; x_wconf 84' lang='grc' dir='ltr'>τάς</span> <span class='ocrx_word' id='word_1_74' title='bbox 1029 1010 1087 1046; x_wconf 88' lang='grc' dir='ltr'><strong>τε</strong></span> <span class='ocrx_word' id='word_1_75' title='bbox 1102 993 1295 1056; x_wconf 74' lang='grc' dir='ltr'>λοιπὰς</span> <span class='ocrx_word' id='word_1_76' title='bbox 1311 1011 1378 1047; x_wconf 89' lang='grc' dir='ltr'><strong>πε</strong></span> <span class='ocrx_word' id='word_1_77' title='bbox 1387 993 1438 1064; x_wconf 60' lang='lat' dir='ltr'><strong>pi.</strong></span> <span class='ocrx_word' id='word_1_78' title='bbox 1452 993 1614 1047; x_wconf 77' lang='grc' dir='ltr'>αὑτοῦ</span> 
     </span>
    </p>
   </div>
   <div class='ocr_carea' id='block_1_12' title="bbox 40 1084 1612 1156">
    <p class='ocr_par' dir='ltr' id='par_1_12' title="bbox 40 1084 1612 1156">
     <span class='ocr_line' id='line_1_12' title="bbox 40 1084 1612 1156; baseline 0.001 -19"><span class='ocrx_word' id='word_1_79' title='bbox 40 1085 272 1155; x_wconf 73' lang='grc' dir='ltr'>πράξεις,</span> <span class='ocrx_word' id='word_1_80' title='bbox 301 1084 517 1146; x_wconf 83' lang='grc' dir='ltr'>ὁπόσας</span> <span class='ocrx_word' id='word_1_81' title='bbox 544 1084 756 1155; x_wconf 77' lang='grc' dir='ltr'>ᾅδουσιν</span> <span class='ocrx_word' id='word_1_82' title='bbox 789 1085 837 1137; x_wconf 87' lang='grc' dir='ltr'>οἱ</span> <span class='ocrx_word' id='word_1_83' title='bbox 863 1084 1105 1156; x_wconf 74' lang='grc' dir='ltr'>ποιηταὶ,</span> <span class='ocrx_word' id='word_1_84' title='bbox 1127 1085 1273 1148; x_wconf 83' lang='grc' dir='ltr'>εἰκὸς</span> <span class='ocrx_word' id='word_1_85' title='bbox 1302 1085 1612 1138; x_wconf 76' lang='grc' dir='ltr'>ἐπίστασαι.</span> 
     </span>
    </p>
   </div>
   <div class='ocr_carea' id='block_1_13' title="bbox 39 1175 1617 1248">
    <p class='ocr_par' dir='ltr' id='par_1_13' title="bbox 39 1175 1617 1248">
     <span class='ocr_line' id='line_1_13' title="bbox 39 1175 1617 1248; baseline -0.001 -18"><span class='ocrx_word' id='word_1_86' title='bbox 39 1180 94 1230; x_wconf 87' lang='grc' dir='ltr'><strong>Τί</strong></span> <span class='ocrx_word' id='word_1_87' title='bbox 124 1196 212 1248; x_wconf 90' lang='grc' dir='ltr'><strong>μοι</strong></span> <span class='ocrx_word' id='word_1_88' title='bbox 259 1177 454 1230; x_wconf 76' lang='grc' dir='ltr'>λοιπὸν</span> <span class='ocrx_word' id='word_1_89' title='bbox 491 1175 812 1244; x_wconf 78' lang='grc' dir='ltr'>καταλέγειν</span> <span class='ocrx_word' id='word_1_90' title='bbox 849 1175 916 1229; x_wconf 87' lang='grc' dir='ltr'><strong>τά</strong></span> <span class='ocrx_word' id='word_1_91' title='bbox 954 1176 1080 1247; x_wconf 75' lang='grc' dir='ltr'>περὶ</span> <span class='ocrx_word' id='word_1_92' title='bbox 1119 1175 1482 1240; x_wconf 88' lang='grc' dir='ltr'>Ποσειδῶνος,</span> <span class='ocrx_word' id='word_1_93' title='bbox 1522 1177 1617 1230; x_wconf 76' lang='grc' dir='ltr'>καὶ</span> 
     </span>
    </p>
   </div>
   <div class='ocr_carea' id='block_1_14' title="bbox 49 1266 1618 1341">
    <p class='ocr_par' dir='ltr' id='par_1_14' title="bbox 49 1266 1618 1341">
     <span class='ocr_line' id='line_1_14' title="bbox 49 1266 1618 1341; baseline 0 -19"><span class='ocrx_word' id='word_1_94' title='bbox 49 1268 396 1332; x_wconf 82' lang='grc' dir='ltr'>Ἀπόλλωνος,</span> <span class='ocrx_word' id='word_1_95' title='bbox 419 1268 454 1339; x_wconf 84' lang='grc' dir='ltr'>ἢ</span> <span class='ocrx_word' id='word_1_96' title='bbox 473 1266 746 1333; x_wconf 80' lang='grc' dir='ltr'><strong>Διονύσου,</strong></span> <span class='ocrx_word' id='word_1_97' title='bbox 780 1268 874 1322; x_wconf 72' lang='grc' dir='ltr'>καὶ</span> <span class='ocrx_word' id='word_1_98' title='bbox 912 1266 1228 1338; x_wconf 83' lang='grc' dir='ltr'>Ἡρακλέος,</span> <span class='ocrx_word' id='word_1_99' title='bbox 1267 1267 1494 1339; x_wconf 81' lang='grc' dir='ltr'>Ἀθηνᾶς</span> <span class='ocrx_word' id='word_1_100' title='bbox 1518 1270 1618 1341; x_wconf 86' lang='grc' dir='ltr'><strong>τῆς</strong></span> 
     </span>
    </p>
   </div>
   <div class='ocr_carea' id='block_1_15' title="bbox 39 1359 1616 1432">
    <p class='ocr_par' dir='ltr' id='par_1_15' title="bbox 39 1359 1616 1432">
     <span class='ocr_line' id='line_1_15' title="bbox 39 1359 1616 1432; baseline 0.001 -19"><span class='ocrx_word' id='word_1_101' title='bbox 39 1359 381 1429; x_wconf 72' lang='grc' dir='ltr'>φιλοκόλπου,</span> <span class='ocrx_word' id='word_1_102' title='bbox 417 1360 516 1413; x_wconf 79' lang='grc' dir='ltr'>καὶ</span> <span class='ocrx_word' id='word_1_103' title='bbox 554 1359 868 1430; x_wconf 85' lang='grc' dir='ltr'>Ἀφροδίτης</span> <span class='ocrx_word' id='word_1_104' title='bbox 899 1359 998 1428; x_wconf 88' lang='grc' dir='ltr'><strong>τῆς</strong></span> <span class='ocrx_word' id='word_1_105' title='bbox 1033 1359 1424 1429; x_wconf 77' lang='grc' dir='ltr'>ἀναισχύντου,</span> <span class='ocrx_word' id='word_1_106' title='bbox 1454 1363 1616 1432; x_wconf 89' lang='grc' dir='ltr'>ἀκρι-</span> 
     </span>
    </p>
   </div>
   <div class='ocr_carea' id='block_1_16' title="bbox 39 1449 1612 1524">
    <p class='ocr_par' dir='ltr' id='par_1_16' title="bbox 39 1449 1612 1524">
     <span class='ocr_line' id='line_1_16' title="bbox 39 1449 1612 1524; baseline 0.001 -20"><span class='ocrx_word' id='word_1_107' title='bbox 39 1453 284 1523; x_wconf 74' lang='grc' dir='ltr'>δέστερον</span> <span class='ocrx_word' id='word_1_108' title='bbox 299 1449 682 1522; x_wconf 81' lang='grc' dir='ltr'><strong>πεποιηκότων</strong></span> <span class='ocrx_word' id='word_1_109' title='bbox 709 1449 864 1522; x_wconf 72' lang='grc' dir='ltr'>ἡμῶν</span> <span class='ocrx_word' id='word_1_110' title='bbox 898 1451 955 1502; x_wconf 82' lang='grc' dir='ltr'>ὲν</span> <span class='ocrx_word' id='word_1_111' title='bbox 985 1450 1157 1522; x_wconf 79' lang='grc' dir='ltr'>ἑτέρῳ</span> <span class='ocrx_word' id='word_1_112' title='bbox 1176 1451 1249 1522; x_wconf 86' lang='lat'><strong>(7)</strong></span> <span class='ocrx_word' id='word_1_113' title='bbox 1265 1451 1354 1504; x_wconf 86' lang='grc' dir='ltr'>τὸν</span> <span class='ocrx_word' id='word_1_114' title='bbox 1376 1451 1503 1524; x_wconf 70' lang='grc' dir='ltr'>περ).</span> <span class='ocrx_word' id='word_1_115' title='bbox 1523 1454 1612 1506; x_wconf 85' lang='grc' dir='ltr'>αύ-</span> 
     </span>
    </p>
   </div>
   <div class='ocr_carea' id='block_1_17' title="bbox 39 1543 354 1613">
    <p class='ocr_par' dir='ltr' id='par_1_17' title="bbox 39 1543 354 1613">
     <span class='ocr_line' id='line_1_17' title="bbox 39 1543 354 1613; baseline 0 -15"><span class='ocrx_word' id='word_1_116' title='bbox 39 1543 133 1598; x_wconf 80' lang='grc' dir='ltr'>τῶν</span> <span class='ocrx_word' id='word_1_117' title='bbox 160 1544 354 1613; x_wconf 83' lang='grc' dir='ltr'>λόγον;</span> 
     </span>
    </p>
   </div>
   <div class='ocr_carea' id='block_1_18' title="bbox 96 1718 1614 1795">
    <p class='ocr_par' dir='ltr' id='par_1_18' title="bbox 96 1718 1614 1795">
     <span class='ocr_line' id='line_1_18' title="bbox 96 1718 1614 1795; baseline 0.003 -23"><span class='ocrx_word' id='word_1_118' title='bbox 96 1718 145 1772; x_wconf 67' lang='grc'>4.</span> <span class='ocrx_word' id='word_1_119' title='bbox 174 1718 312 1771; x_wconf 72' lang='grc' dir='ltr'><strong>Οὐδὲ</strong></span> <span class='ocrx_word' id='word_1_120' title='bbox 339 1721 451 1789; x_wconf 78' lang='grc' dir='ltr'>γὰρ</span> <span class='ocrx_word' id='word_1_121' title='bbox 477 1719 641 1791; x_wconf 76' lang='grc' dir='ltr'>ἐχρῆν</span> <span class='ocrx_word' id='word_1_122' title='bbox 668 1720 818 1791; x_wconf 82' lang='grc' dir='ltr'>ἡμᾶς</span> <span class='ocrx_word' id='word_1_123' title='bbox 841 1719 1010 1776; x_wconf 74' lang='grc' dir='ltr'>ταῦτα</span> <span class='ocrx_word' id='word_1_124' title='bbox 1036 1723 1444 1788; x_wconf 82' lang='grc' dir='ltr'>ἀνασκευάζειν,</span> <span class='ocrx_word' id='word_1_125' title='bbox 1463 1725 1510 1776; x_wconf 87' lang='grc' dir='ltr'>εἰ</span> <span class='ocrx_word' id='word_1_126' title='bbox 1539 1724 1614 1795; x_wconf 85' lang='grc' dir='ltr'>μὴ</span> 
     </span>
    </p>
   </div>
   <div class='ocr_carea' id='block_1_19' title="bbox 1712 520 3376 605">
    <p class='ocr_par' dir='ltr' id='par_1_19' title="bbox 1712 520 3376 605">
     <span class='ocr_line' id='line_1_19' title="bbox 1712 520 3376 605; baseline -0.002 -14"><span class='ocrx_word' id='word_1_127' title='bbox 1712 535 1993 592; x_wconf 87' lang='lat' dir='ltr'><strong>volutandi</strong></span> <span class='ocrx_word' id='word_1_128' title='bbox 2014 535 2148 604; x_wconf 64' lang='lat' dir='ltr'><strong>et,in</strong></span> <span class='ocrx_word' id='word_1_129' title='bbox 2171 535 2508 590; x_wconf 88' lang='lat' dir='ltr'><strong>detestandis</strong></span> <span class='ocrx_word' id='word_1_130' title='bbox 2538 535 2675 591; x_wconf 87' lang='lat' dir='ltr'><strong>cibis</strong></span> <span class='ocrx_word' id='word_1_131' title='bbox 2703 534 3132 605; x_wconf 83' lang='lat' dir='ltr'><strong>epulandi.Quis</strong></span> <span class='ocrx_word' id='word_1_132' title='bbox 3160 536 3306 589; x_wconf 88' lang='lat' dir='ltr'><strong>enim</strong></span> 
     </span>
    </p>
   </div>
   <div class='ocr_carea' id='block_1_20' title="bbox 1712 611 3372 694">
    <p class='ocr_par' dir='ltr' id='par_1_20' title="bbox 1712 611 3372 694">
     <span class='ocr_line' id='line_1_20' title="bbox 1712 611 3372 694; baseline -0.002 -12"><span class='ocrx_word' id='word_1_133' title='bbox 1712 643 1823 682; x_wconf 91' lang='lat' dir='ltr'><strong>non</strong></span> <span class='ocrx_word' id='word_1_134' title='bbox 1852 627 2002 682; x_wconf 89' lang='lat' dir='ltr'><strong>canit</strong></span> <span class='ocrx_word' id='word_1_135' title='bbox 2035 625 2332 681; x_wconf 75' lang='lat' dir='ltr'><strong>Saturnum</strong></span> <span class='ocrx_word' id='word_1_136' title='bbox 2362 627 2599 681; x_wconf 91' lang='lat' dir='ltr'><strong>ﬁliorum</strong></span> <span class='ocrx_word' id='word_1_137' title='bbox 2624 635 2959 694; x_wconf 89' lang='lat' dir='ltr'><strong>voratorem,</strong></span> <span class='ocrx_word' id='word_1_138' title='bbox 2993 634 3087 681; x_wconf 87' lang='lat' dir='ltr'><strong>aut</strong></span> <span class='ocrx_word' id='word_1_139' title='bbox 3113 624 3304 680; x_wconf 81' lang='lat' dir='ltr'><strong>Jovem</strong></span> <span class='ocrx_word' id='word_1_140' title='bbox 3370 611 3372 614; x_wconf 44' lang='grc'><em>’</em></span> 
     </span>
    </p>
   </div>
   <div class='ocr_carea' id='block_1_21' title="bbox 1714 719 3307 790">
    <p class='ocr_par' dir='ltr' id='par_1_21' title="bbox 1714 719 3307 790">
     <span class='ocr_line' id='line_1_21' title="bbox 1714 719 3307 790; baseline -0.002 -15"><span class='ocrx_word' id='word_1_141' title='bbox 1714 721 1834 790; x_wconf 89' lang='lat' dir='ltr'><strong>ejus</strong></span> <span class='ocrx_word' id='word_1_142' title='bbox 1860 720 2030 774; x_wconf 88' lang='lat' dir='ltr'><strong>ﬁlium</strong></span> <span class='ocrx_word' id='word_1_143' title='bbox 2058 719 2222 775; x_wconf 85' lang='lat' dir='ltr'><strong>Metiu</strong></span> <span class='ocrx_word' id='word_1_144' title='bbox 2243 719 2654 783; x_wconf 90' lang='lat' dir='ltr'><strong>absorbentem,</strong></span> <span class='ocrx_word' id='word_1_145' title='bbox 2680 729 2735 775; x_wconf 89' lang='lat' dir='ltr'><strong>et</strong></span> <span class='ocrx_word' id='word_1_146' title='bbox 2763 721 3029 775; x_wconf 88' lang='lat' dir='ltr'><strong>scelerata</strong></span> <span class='ocrx_word' id='word_1_147' title='bbox 3052 719 3307 774; x_wconf 85' lang='lat' dir='ltr'><strong>convivia</strong></span> 
     </span>
    </p>
   </div>
   <div class='ocr_carea' id='block_1_22' title="bbox 1714 811 3305 882">
    <p class='ocr_par' dir='ltr' id='par_1_22' title="bbox 1714 811 3305 882">
     <span class='ocr_line' id='line_1_22' title="bbox 1714 811 3305 882; baseline -0.001 -16"><span class='ocrx_word' id='word_1_148' title='bbox 1714 811 1821 867; x_wconf 88' lang='lat' dir='ltr'><strong>diis</strong></span> <span class='ocrx_word' id='word_1_149' title='bbox 1867 819 2263 882; x_wconf 85' lang='lat' dir='ltr'><strong>apponentem,</strong></span> <span class='ocrx_word' id='word_1_150' title='bbox 2301 811 2356 866; x_wconf 88' lang='lat' dir='ltr'><strong>in</strong></span> <span class='ocrx_word' id='word_1_151' title='bbox 2407 812 2608 882; x_wconf 90' lang='lat' dir='ltr'><strong>quibus</strong></span> <span class='ocrx_word' id='word_1_152' title='bbox 2649 811 2960 867; x_wconf 76' lang='lat' dir='ltr'><strong>Volo-anum</strong></span> <span class='ocrx_word' id='word_1_153' title='bbox 3013 812 3305 882; x_wconf 80' lang='lat' dir='ltr'><strong>quemdam</strong></span> 
     </span>
    </p>
   </div>
   <div class='ocr_carea' id='block_1_23' title="bbox 1714 902 3308 974">
    <p class='ocr_par' dir='ltr' id='par_1_23' title="bbox 1714 902 3308 974">
     <span class='ocr_line' id='line_1_23' title="bbox 1714 902 3308 974; baseline -0.002 -16"><span class='ocrx_word' id='word_1_154' title='bbox 1714 903 1968 958; x_wconf 92' lang='lat' dir='ltr'><strong>claudum</strong></span> <span class='ocrx_word' id='word_1_155' title='bbox 2010 913 2070 958; x_wconf 86' lang='lat' dir='ltr'><strong>et</strong></span> <span class='ocrx_word' id='word_1_156' title='bbox 2105 902 2320 958; x_wconf 79' lang='lat' dir='ltr'><strong>fabrum</strong></span> <span class='ocrx_word' id='word_1_157' title='bbox 2354 905 2642 974; x_wconf 82' lang='lat' dir='ltr'><strong>perhibent</strong></span> <span class='ocrx_word' id='word_1_158' title='bbox 2683 905 2792 958; x_wconf 84' lang='lat' dir='ltr'><strong>illis</strong></span> <span class='ocrx_word' id='word_1_159' title='bbox 2828 904 3180 966; x_wconf 88' lang='lat' dir='ltr'><strong>ministrare;</strong></span> <span class='ocrx_word' id='word_1_160' title='bbox 3211 902 3308 956; x_wconf 85' lang='lat' dir='ltr'><strong>Ju-</strong></span> 
     </span>
    </p>
   </div>
   <div class='ocr_carea' id='block_1_24' title="bbox 1715 996 3304 1067">
    <p class='ocr_par' dir='ltr' id='par_1_24' title="bbox 1715 996 3304 1067">
     <span class='ocr_line' id='line_1_24' title="bbox 1715 996 3304 1067; baseline -0.002 -17"><span class='ocrx_word' id='word_1_161' title='bbox 1715 1011 1912 1050; x_wconf 92' lang='lat' dir='ltr'><strong>nonem</strong></span> <span class='ocrx_word' id='word_1_162' title='bbox 1944 1003 2123 1049; x_wconf 89' lang='lat' dir='ltr'><strong>autem</strong></span> <span class='ocrx_word' id='word_1_163' title='bbox 2155 996 2430 1065; x_wconf 83' lang='lat' dir='ltr'><strong>propriam</strong></span> <span class='ocrx_word' id='word_1_164' title='bbox 2464 997 2639 1067; x_wconf 91' lang='lat' dir='ltr'><strong>ipsius</strong></span> <span class='ocrx_word' id='word_1_165' title='bbox 2669 1011 2916 1050; x_wconf 85' lang='lat' dir='ltr'><strong>sororem</strong></span> <span class='ocrx_word' id='word_1_166' title='bbox 2949 1010 3074 1049; x_wconf 92' lang='lat' dir='ltr'><strong>cum</strong></span> <span class='ocrx_word' id='word_1_167' title='bbox 3106 1010 3172 1049; x_wconf 90' lang='lat' dir='ltr'><strong>eo</strong></span> <span class='ocrx_word' id='word_1_168' title='bbox 3195 1010 3304 1048; x_wconf 82' lang='lat' dir='ltr'><strong>non</strong></span> 
     </span>
    </p>
   </div>
   <div class='ocr_carea' id='block_1_25' title="bbox 1717 1085 3307 1154">
    <p class='ocr_par' dir='ltr' id='par_1_25' title="bbox 1717 1085 3307 1154">
     <span class='ocr_line' id='line_1_25' title="bbox 1717 1085 3307 1154; baseline -0.002 -15"><span class='ocrx_word' id='word_1_169' title='bbox 1717 1085 1891 1139; x_wconf 88' lang='lat' dir='ltr'><strong>solum</strong></span> <span class='ocrx_word' id='word_1_170' title='bbox 1926 1085 2276 1139; x_wconf 89' lang='lat' dir='ltr'><strong>matrimonio</strong></span> <span class='ocrx_word' id='word_1_171' title='bbox 2323 1085 2676 1154; x_wconf 89' lang='lat' dir='ltr'><strong>coujunctam</strong></span> <span class='ocrx_word' id='word_1_172' title='bbox 2701 1125 2715 1149; x_wconf 93' lang='lat'><strong>,</strong></span> <span class='ocrx_word' id='word_1_173' title='bbox 2753 1085 2849 1141; x_wconf 87' lang='lat' dir='ltr'><strong>sed</strong></span> <span class='ocrx_word' id='word_1_174' title='bbox 2882 1085 3047 1140; x_wconf 88' lang='lat' dir='ltr'><strong>etiam</strong></span> <span class='ocrx_word' id='word_1_175' title='bbox 3081 1085 3307 1138; x_wconf 88' lang='lat' dir='ltr'><strong>infanda</strong></span> 
     </span>
    </p>
   </div>
   <div class='ocr_carea' id='block_1_26' title="bbox 1716 1174 3307 1247">
    <p class='ocr_par' dir='ltr' id='par_1_26' title="bbox 1716 1174 3307 1247">
     <span class='ocr_line' id='line_1_26' title="bbox 1716 1174 3307 1247; baseline -0.003 -16"><span class='ocrx_word' id='word_1_176' title='bbox 1716 1176 1920 1246; x_wconf 83' lang='lat' dir='ltr'><strong>flagitia</strong></span> <span class='ocrx_word' id='word_1_177' title='bbox 1960 1191 2054 1230; x_wconf 91' lang='lat' dir='ltr'><strong>ore</strong></span> <span class='ocrx_word' id='word_1_178' title='bbox 2101 1177 2318 1246; x_wconf 86' lang='lat' dir='ltr'><strong>impuro</strong></span> <span class='ocrx_word' id='word_1_179' title='bbox 2355 1177 2608 1247; x_wconf 87' lang='lat' dir='ltr'><strong>patrare?</strong></span> <span class='ocrx_word' id='word_1_180' title='bbox 2637 1177 2713 1231; x_wconf 85' lang='lat' dir='ltr'><strong>Ac</strong></span> <span class='ocrx_word' id='word_1_181' title='bbox 2745 1187 2942 1231; x_wconf 79' lang='lat' dir='ltr'><strong>caetera</strong></span> <span class='ocrx_word' id='word_1_182' title='bbox 2976 1174 3128 1231; x_wconf 71' lang='lat' dir='ltr'><strong>lovis</strong></span> <span class='ocrx_word' id='word_1_183' title='bbox 3165 1174 3307 1228; x_wconf 88' lang='lat' dir='ltr'><strong>faci-</strong></span> 
     </span>
    </p>
   </div>
   <div class='ocr_carea' id='block_1_27' title="bbox 1718 1267 3308 1336">
    <p class='ocr_par' dir='ltr' id='par_1_27' title="bbox 1718 1267 3308 1336">
     <span class='ocr_line' id='line_1_27' title="bbox 1718 1267 3308 1336; baseline -0.001 -14"><span class='ocrx_word' id='word_1_184' title='bbox 1718 1282 1851 1322; x_wconf 88' lang='lat' dir='ltr'><strong>nora</strong></span> <span class='ocrx_word' id='word_1_185' title='bbox 1895 1267 2077 1336; x_wconf 88' lang='lat' dir='ltr'><strong>qualia</strong></span> <span class='ocrx_word' id='word_1_186' title='bbox 2111 1283 2140 1320; x_wconf 90' lang='lat' dir='ltr'><strong>a</strong></span> <span class='ocrx_word' id='word_1_187' title='bbox 2172 1269 2350 1336; x_wconf 82' lang='lat' dir='ltr'><strong>poetis</strong></span> <span class='ocrx_word' id='word_1_188' title='bbox 2391 1278 2694 1334; x_wconf 88' lang='lat' dir='ltr'><strong>canuntur,</strong></span> <span class='ocrx_word' id='word_1_189' title='bbox 2745 1268 3044 1323; x_wconf 79' lang='lat' dir='ltr'><strong>verisimile</strong></span> <span class='ocrx_word' id='word_1_190' title='bbox 3072 1276 3158 1322; x_wconf 88' lang='lat' dir='ltr'><strong>est</strong></span> <span class='ocrx_word' id='word_1_191' title='bbox 3190 1283 3221 1319; x_wconf 90' lang='lat' dir='ltr'><strong>a</strong></span> <span class='ocrx_word' id='word_1_192' title='bbox 3252 1273 3308 1321; x_wconf 86' lang='lat' dir='ltr'><strong>te</strong></span> 
     </span>
    </p>
   </div>
   <div class='ocr_carea' id='block_1_28' title="bbox 1718 1358 3309 1431">
    <p class='ocr_par' dir='ltr' id='par_1_28' title="bbox 1718 1358 3309 1431">
     <span class='ocr_line' id='line_1_28' title="bbox 1718 1358 3309 1431; baseline -0.001 -19"><span class='ocrx_word' id='word_1_193' title='bbox 1718 1374 1826 1412; x_wconf 92' lang='lat' dir='ltr'><strong>non</strong></span> <span class='ocrx_word' id='word_1_194' title='bbox 1859 1360 2120 1430; x_wconf 84' lang='lat' dir='ltr'><strong>ignorari.</strong></span> <span class='ocrx_word' id='word_1_195' title='bbox 2147 1359 2286 1425; x_wconf 84' lang='lat' dir='ltr'><strong>Quid</strong></span> <span class='ocrx_word' id='word_1_196' title='bbox 2322 1362 2434 1429; x_wconf 86' lang='lat' dir='ltr'><strong>jam</strong></span> <span class='ocrx_word' id='word_1_197' title='bbox 2481 1377 2795 1416; x_wconf 73' lang='lat' dir='ltr'><strong>recenseam</strong></span> <span class='ocrx_word' id='word_1_198' title='bbox 2823 1360 3078 1431; x_wconf 79' lang='lat' dir='ltr'><strong>Neptuni,</strong></span> <span class='ocrx_word' id='word_1_199' title='bbox 3101 1358 3309 1429; x_wconf 60' lang='lat' dir='ltr'><strong>Apolliv</strong></span> 
     </span>
    </p>
   </div>
   <div class='ocr_carea' id='block_1_29' title="bbox 1716 1449 3308 1515">
    <p class='ocr_par' dir='ltr' id='par_1_29' title="bbox 1716 1449 3308 1515">
     <span class='ocr_line' id='line_1_29' title="bbox 1716 1449 3308 1515; baseline 0 -13"><span class='ocrx_word' id='word_1_200' title='bbox 1716 1449 1823 1513; x_wconf 86' lang='lat' dir='ltr'><strong>nis,</strong></span> <span class='ocrx_word' id='word_1_201' title='bbox 1853 1449 2071 1510; x_wconf 87' lang='lat' dir='ltr'><strong>Bacchi,</strong></span> <span class='ocrx_word' id='word_1_202' title='bbox 2099 1450 2370 1515; x_wconf 84' lang='lat' dir='ltr'><strong>Herculis,</strong></span> <span class='ocrx_word' id='word_1_203' title='bbox 2404 1451 2661 1506; x_wconf 71' lang='lat' dir='ltr'><strong>Minervae</strong></span> <span class='ocrx_word' id='word_1_204' title='bbox 2714 1453 2868 1506; x_wconf 87' lang='lat' dir='ltr'><strong>sinus</strong></span> <span class='ocrx_word' id='word_1_205' title='bbox 2905 1451 3172 1512; x_wconf 88' lang='lat' dir='ltr'><strong>amantis,</strong></span> <span class='ocrx_word' id='word_1_206' title='bbox 3206 1449 3308 1502; x_wconf 75' lang='lat' dir='ltr'><strong>Ve—</strong></span> 
     </span>
    </p>
   </div>
   <div class='ocr_carea' id='block_1_30' title="bbox 1717 1541 3305 1612">
    <p class='ocr_par' dir='ltr' id='par_1_30' title="bbox 1717 1541 3305 1612">
     <span class='ocr_line' id='line_1_30' title="bbox 1717 1541 3305 1612; baseline 0.001 -18"><span class='ocrx_word' id='word_1_207' title='bbox 1717 1541 1867 1596; x_wconf 89' lang='lat' dir='ltr'><strong>neris</strong></span> <span class='ocrx_word' id='word_1_208' title='bbox 1915 1541 2178 1611; x_wconf 88' lang='lat' dir='ltr'><strong>pudorem</strong></span> <span class='ocrx_word' id='word_1_209' title='bbox 2232 1543 2577 1612; x_wconf 84' lang='lat' dir='ltr'><strong>projicieutis</strong></span> <span class='ocrx_word' id='word_1_210' title='bbox 2628 1543 2872 1597; x_wconf 82' lang='lat' dir='ltr'><strong>facinora</strong></span> <span class='ocrx_word' id='word_1_211' title='bbox 2897 1582 2910 1606; x_wconf 93' lang='lat'><strong>,</strong></span> <span class='ocrx_word' id='word_1_212' title='bbox 2945 1558 3070 1596; x_wconf 89' lang='lat' dir='ltr'><strong>eum</strong></span> <span class='ocrx_word' id='word_1_213' title='bbox 3111 1542 3178 1596; x_wconf 92' lang='lat' dir='ltr'><strong>de</strong></span> <span class='ocrx_word' id='word_1_214' title='bbox 3215 1541 3305 1596; x_wconf 86' lang='lat' dir='ltr'><strong>his</strong></span> 
     </span>
    </p>
   </div>
   <div class='ocr_carea' id='block_1_31' title="bbox 1719 1633 2892 1704">
    <p class='ocr_par' dir='ltr' id='par_1_31' title="bbox 1719 1633 2892 1704">
     <span class='ocr_line' id='line_1_31' title="bbox 1719 1633 2892 1704; baseline 0 -17"><span class='ocrx_word' id='word_1_215' title='bbox 1719 1635 2031 1687; x_wconf 81' lang='lat' dir='ltr'><strong>accuratius</strong></span> <span class='ocrx_word' id='word_1_216' title='bbox 2065 1633 2173 1688; x_wconf 90' lang='lat' dir='ltr'><strong>alio</strong></span> <span class='ocrx_word' id='word_1_217' title='bbox 2204 1635 2258 1688; x_wconf 90' lang='lat' dir='ltr'><strong>in</strong></span> <span class='ocrx_word' id='word_1_218' title='bbox 2289 1636 2430 1690; x_wconf 91' lang='lat' dir='ltr'><strong>libro</strong></span> <span class='ocrx_word' id='word_1_219' title='bbox 2461 1634 2892 1704; x_wconf 84' lang='lat' dir='ltr'><strong>disputaverim?</strong></span> 
     </span>
    </p>
   </div>
   <div class='ocr_carea' id='block_1_32' title="bbox 1786 1723 3305 1796">
    <p class='ocr_par' dir='ltr' id='par_1_32' title="bbox 1786 1723 3305 1796">
     <span class='ocr_line' id='line_1_32' title="bbox 1786 1723 3305 1796; baseline -0.001 -18"><span class='ocrx_word' id='word_1_220' title='bbox 1786 1725 1840 1778; x_wconf 75' lang='grc'>4.</span> <span class='ocrx_word' id='word_1_221' title='bbox 1868 1725 2186 1795; x_wconf 70' lang='lat' dir='ltr'><strong>Autolycum</strong></span> <span class='ocrx_word' id='word_1_222' title='bbox 2214 1735 2480 1779; x_wconf 79' lang='lat' dir='ltr'><strong>moverant</strong></span> <span class='ocrx_word' id='word_1_223' title='bbox 2506 1727 2594 1796; x_wconf 83' lang='lat' dir='ltr'><strong>qui</strong></span> <span class='ocrx_word' id='word_1_224' title='bbox 2617 1727 2839 1779; x_wconf 86' lang='lat' dir='ltr'><strong>crimina</strong></span> <span class='ocrx_word' id='word_1_225' title='bbox 2873 1723 3194 1778; x_wconf 71' lang='lat' dir='ltr'><strong>Christianis</strong></span> <span class='ocrx_word' id='word_1_226' title='bbox 3219 1724 3305 1792; x_wconf 66' lang='lat' dir='ltr'><strong>af-</strong></span> 
     </span>
    </p>
   </div>
   <div class='ocr_carea' id='block_1_33' title="bbox 40 1811 1617 1889">
    <p class='ocr_par' dir='ltr' id='par_1_33' title="bbox 40 1811 1616 1888">
     <span class='ocr_line' id='line_1_33' title="bbox 40 1811 1616 1888; baseline 0.006 -26"><span class='ocrx_word' id='word_1_227' title='bbox 40 1812 107 1863; x_wconf 71' lang='grc' dir='ltr'>ὄτι</span> <span class='ocrx_word' id='word_1_228' title='bbox 147 1811 202 1862; x_wconf 76' lang='grc' dir='ltr'>σὲ</span> <span class='ocrx_word' id='word_1_229' title='bbox 231 1811 428 1883; x_wconf 81' lang='grc' dir='ltr'>θεωρῶ</span> <span class='ocrx_word' id='word_1_230' title='bbox 457 1811 532 1882; x_wconf 88' lang='grc'><strong>(8)</strong></span> <span class='ocrx_word' id='word_1_231' title='bbox 560 1813 673 1866; x_wconf 76' lang='grc' dir='ltr'>νυν).</span> <span class='ocrx_word' id='word_1_232' title='bbox 714 1812 1027 1877; x_wconf 78' lang='grc' dir='ltr'>διστάζοντα</span> <span class='ocrx_word' id='word_1_233' title='bbox 1058 1816 1184 1886; x_wconf 79' lang='grc' dir='ltr'>περὶ</span> <span class='ocrx_word' id='word_1_234' title='bbox 1216 1817 1304 1870; x_wconf 81' lang='grc' dir='ltr'>τὸν</span> <span class='ocrx_word' id='word_1_235' title='bbox 1329 1817 1486 1886; x_wconf 89' lang='grc' dir='ltr'>λόγον</span> <span class='ocrx_word' id='word_1_236' title='bbox 1516 1818 1616 1888; x_wconf 84' lang='grc' dir='ltr'><strong>τῆς</strong></span> 
     </span>
    </p>
   </div>
   <div class='ocr_carea' id='block_1_34' title="bbox 1794 1811 3304 1889">
    <p class='ocr_par' dir='ltr' id='par_1_34' title="bbox 1794 1815 3304 1886">
     <span class='ocr_line' id='line_1_34' title="bbox 1794 1815 3304 1886; baseline 0.001 -18"><span class='ocrx_word' id='word_1_237' title='bbox 1794 1827 1981 1870; x_wconf 71' lang='lat' dir='ltr'><strong>xerunt</strong></span> <span class='ocrx_word' id='word_1_238' title='bbox 2003 1857 2017 1880; x_wconf 94' lang='lat'><strong>,</strong></span> <span class='ocrx_word' id='word_1_239' title='bbox 2058 1834 2120 1870; x_wconf 84' lang='lat' dir='ltr'><strong>ac</strong></span> <span class='ocrx_word' id='word_1_240' title='bbox 2152 1828 2405 1872; x_wconf 78' lang='lat' dir='ltr'><strong>recentem</strong></span> <span class='ocrx_word' id='word_1_241' title='bbox 2436 1827 2486 1871; x_wconf 85' lang='lat' dir='ltr'><strong>et</strong></span> <span class='ocrx_word' id='word_1_242' title='bbox 2528 1819 2639 1872; x_wconf 86' lang='lat' dir='ltr'><strong>sine</strong></span> <span class='ocrx_word' id='word_1_243' title='bbox 2668 1817 2989 1886; x_wconf 79' lang='lat' dir='ltr'><strong>argumentis</strong></span> <span class='ocrx_word' id='word_1_244' title='bbox 3019 1832 3130 1869; x_wconf 81' lang='lat' dir='ltr'><strong>esse</strong></span> <span class='ocrx_word' id='word_1_245' title='bbox 3168 1815 3304 1869; x_wconf 80' lang='lat' dir='ltr'><strong>hanc</strong></span> 
     </span>
    </p>
   </div>
   <div class='ocr_carea' id='block_1_35' title="bbox 42 1900 1610 1981">
    <p class='ocr_par' dir='ltr' id='par_1_35' title="bbox 42 1900 1610 1981">
     <span class='ocr_line' id='line_1_35' title="bbox 42 1900 1610 1981; baseline 0.005 -29"><span class='ocrx_word' id='word_1_246' title='bbox 42 1900 304 1971; x_wconf 72' lang='grc' dir='ltr'>ἀληθείας.</span> <span class='ocrx_word' id='word_1_247' title='bbox 360 1902 629 1974; x_wconf 86' lang='grc' dir='ltr'>Φρόνιμος</span> <span class='ocrx_word' id='word_1_248' title='bbox 679 1905 790 1978; x_wconf 74' lang='grc' dir='ltr'><strong>γὰρ</strong></span> <span class='ocrx_word' id='word_1_249' title='bbox 834 1905 908 1959; x_wconf 83' lang='grc' dir='ltr'>ὢν</span> <span class='ocrx_word' id='word_1_250' title='bbox 946 1906 1118 1976; x_wconf 80' lang='grc' dir='ltr'><strong>ἡδέως</strong></span> <span class='ocrx_word' id='word_1_251' title='bbox 1166 1907 1366 1978; x_wconf 80' lang='grc' dir='ltr'><strong>μωρῶν</strong></span> <span class='ocrx_word' id='word_1_252' title='bbox 1421 1908 1610 1981; x_wconf 80' lang='grc' dir='ltr'>ἀνέχῃ.</span> 
     </span>
    </p>
   </div>
   <div class='ocr_carea' id='block_1_36' title="bbox 52 1991 1614 2071">
    <p class='ocr_par' dir='ltr' id='par_1_36' title="bbox 52 1991 1614 2071">
     <span class='ocr_line' id='line_1_36' title="bbox 52 1991 1614 2071; baseline 0.008 -30"><span class='ocrx_word' id='word_1_253' title='bbox 52 1991 188 2042; x_wconf 82' lang='grc' dir='ltr'>Ἐπεί</span> <span class='ocrx_word' id='word_1_254' title='bbox 203 2010 286 2045; x_wconf 88' lang='grc' dir='ltr'><strong>τοι</strong></span> <span class='ocrx_word' id='word_1_255' title='bbox 315 1993 390 2063; x_wconf 89' lang='lat'><strong>(9)</strong></span> <span class='ocrx_word' id='word_1_256' title='bbox 410 1995 513 2046; x_wconf 77' lang='grc' dir='ltr'><strong>οὐκ</strong></span> <span class='ocrx_word' id='word_1_257' title='bbox 535 1993 600 2047; x_wconf 86' lang='grc' dir='ltr'>ἂν</span> <span class='ocrx_word' id='word_1_258' title='bbox 628 1996 884 2068; x_wconf 80' lang='grc' dir='ltr'>ὲκινήθης</span> <span class='ocrx_word' id='word_1_259' title='bbox 911 1998 1015 2050; x_wconf 80' lang='grc' dir='ltr'><strong>ὑπὸ</strong></span> <span class='ocrx_word' id='word_1_260' title='bbox 1047 2000 1288 2069; x_wconf 84' lang='grc' dir='ltr'>ἀνοήτων</span> <span class='ocrx_word' id='word_1_261' title='bbox 1313 1999 1614 2071; x_wconf 81' lang='grc' dir='ltr'>ἀνθρώπων</span> 
     </span>
    </p>
   </div>
   <div class='ocr_carea' id='block_1_37' title="bbox 43 2085 1614 2163">
    <p class='ocr_par' dir='ltr' id='par_1_37' title="bbox 43 2085 1614 2163">
     <span class='ocr_line' id='line_1_37' title="bbox 43 2085 1614 2163; baseline 0.006 -28"><span class='ocrx_word' id='word_1_262' title='bbox 43 2088 198 2148; x_wconf 80' lang='grc' dir='ltr'>κενοῖς</span> <span class='ocrx_word' id='word_1_263' title='bbox 224 2085 409 2154; x_wconf 82' lang='grc' dir='ltr'>λόγοις</span> <span class='ocrx_word' id='word_1_264' title='bbox 427 2088 758 2156; x_wconf 80' lang='grc' dir='ltr'>ἀπάγεσθαι,</span> <span class='ocrx_word' id='word_1_265' title='bbox 783 2091 876 2144; x_wconf 77' lang='grc' dir='ltr'>καὶ</span> <span class='ocrx_word' id='word_1_266' title='bbox 893 2091 1050 2163; x_wconf 78' lang='grc' dir='ltr'>φήμῃ</span> <span class='ocrx_word' id='word_1_267' title='bbox 1073 2091 1350 2145; x_wconf 86' lang='grc' dir='ltr'>πείθεσθαι</span> <span class='ocrx_word' id='word_1_268' title='bbox 1375 2109 1614 2163; x_wconf 86' lang='grc' dir='ltr'>προκατ-</span> 
     </span>
    </p>
   </div>
   <div class='ocr_carea' id='block_1_38' title="bbox 42 2177 1615 2252">
    <p class='ocr_par' dir='ltr' id='par_1_38' title="bbox 42 2177 1615 2252">
     <span class='ocr_line' id='line_1_38' title="bbox 42 2177 1615 2252; baseline 0.006 -25"><span class='ocrx_word' id='word_1_269' title='bbox 42 2177 322 2250; x_wconf 69' lang='grc' dir='ltr'>εσχηκυίᾳ,</span> <span class='ocrx_word' id='word_1_270' title='bbox 365 2179 654 2250; x_wconf 78' lang='grc' dir='ltr'>στομάτων</span> <span class='ocrx_word' id='word_1_271' title='bbox 686 2181 864 2234; x_wconf 80' lang='grc' dir='ltr'>ἀθέων</span> <span class='ocrx_word' id='word_1_272' title='bbox 900 2181 1108 2251; x_wconf 67' lang='grc' dir='ltr'>ψευδῶς</span> <span class='ocrx_word' id='word_1_273' title='bbox 1143 2183 1615 2252; x_wconf 73' lang='grc' dir='ltr'>συκοφαντούντων</span> 
     </span>
    </p>
   </div>
   <div class='ocr_carea' id='block_1_39' title="bbox 43 2269 1613 2345">
    <p class='ocr_par' dir='ltr' id='par_1_39' title="bbox 43 2269 1613 2345">
     <span class='ocr_line' id='line_1_39' title="bbox 43 2269 1613 2345; baseline 0.003 -24"><span class='ocrx_word' id='word_1_274' title='bbox 43 2269 201 2338; x_wconf 50' lang='grc' dir='ltr'>ἡμὴ,</span> <span class='ocrx_word' id='word_1_275' title='bbox 236 2271 367 2334; x_wconf 73' lang='grc' dir='ltr'>τοὺς</span> <span class='ocrx_word' id='word_1_276' title='bbox 406 2270 678 2335; x_wconf 76' lang='grc' dir='ltr'>θεοσεϐεῖς</span> <span class='ocrx_word' id='word_1_277' title='bbox 718 2273 812 2326; x_wconf 72' lang='grc' dir='ltr'>καὶ</span> <span class='ocrx_word' id='word_1_278' title='bbox 842 2275 1200 2345; x_wconf 81' lang='grc' dir='ltr'>Χριστιανοὺς</span> <span class='ocrx_word' id='word_1_279' title='bbox 1233 2274 1613 2345; x_wconf 78' lang='grc' dir='ltr'>καλουμένους,</span> 
     </span>
    </p>
   </div>
   <div class='ocr_carea' id='block_1_40' title="bbox 44 2361 1616 2435">
    <p class='ocr_par' dir='ltr' id='par_1_40' title="bbox 44 2361 1616 2435">
     <span class='ocr_line' id='line_1_40' title="bbox 44 2361 1616 2435; baseline 0.006 -23"><span class='ocrx_word' id='word_1_280' title='bbox 44 2361 349 2426; x_wconf 72' lang='grc' dir='ltr'>φασκόντων</span> <span class='ocrx_word' id='word_1_281' title='bbox 382 2362 461 2425; x_wconf 85' lang='grc' dir='ltr'>ὡς</span> <span class='ocrx_word' id='word_1_282' title='bbox 500 2363 683 2427; x_wconf 74' lang='grc' dir='ltr'>κοινὰς</span> <span class='ocrx_word' id='word_1_283' title='bbox 723 2365 978 2419; x_wconf 84' lang='grc' dir='ltr'>ἀπάντων</span> <span class='ocrx_word' id='word_1_284' title='bbox 1014 2365 1180 2430; x_wconf 77' lang='grc' dir='ltr'>οὔσας</span> <span class='ocrx_word' id='word_1_285' title='bbox 1219 2366 1315 2430; x_wconf 78' lang='grc' dir='ltr'><strong>τὰς</strong></span> <span class='ocrx_word' id='word_1_286' title='bbox 1354 2371 1616 2435; x_wconf 87' lang='grc' dir='ltr'>γυναῖκας</span> 
     </span>
    </p>
   </div>
   <div class='ocr_carea' id='block_1_41' title="bbox 41 2451 1616 2530">
    <p class='ocr_par' dir='ltr' id='par_1_41' title="bbox 41 2451 1616 2530">
     <span class='ocr_line' id='line_1_41' title="bbox 41 2451 1616 2530; baseline 0.006 -28"><span class='ocrx_word' id='word_1_287' title='bbox 41 2451 181 2520; x_wconf 73' lang='grc' dir='ltr'>ἡμῶν</span> <span class='ocrx_word' id='word_1_288' title='bbox 207 2453 306 2506; x_wconf 72' lang='grc' dir='ltr'>καὶ</span> <span class='ocrx_word' id='word_1_289' title='bbox 330 2454 580 2526; x_wconf 76' lang='grc' dir='ltr'>διαφόρῳ</span> <span class='ocrx_word' id='word_1_290' title='bbox 610 2455 722 2528; x_wconf 88' lang='grc'>(10)</span> <span class='ocrx_word' id='word_1_291' title='bbox 765 2456 908 2525; x_wconf 79' lang='grc' dir='ltr'>μίξει</span> <span class='ocrx_word' id='word_1_292' title='bbox 947 2457 1201 2524; x_wconf 83' lang='grc' dir='ltr'>ξυνόντας</span> <span class='ocrx_word' id='word_1_293' title='bbox 1235 2459 1366 2530; x_wconf 89' lang='grc'>(11),</span> <span class='ocrx_word' id='word_1_294' title='bbox 1395 2459 1473 2511; x_wconf 79' lang='grc' dir='ltr'>ἔτι</span> <span class='ocrx_word' id='word_1_295' title='bbox 1509 2459 1616 2530; x_wconf 80' lang='grc' dir='ltr'>μὴν</span> 
     </span>
    </p>
   </div>
   <div class='ocr_carea' id='block_1_42' title="bbox 46 2543 1619 2619">
    <p class='ocr_par' dir='ltr' id='par_1_42' title="bbox 46 2543 1619 2619">
     <span class='ocr_line' id='line_1_42' title="bbox 46 2543 1619 2619; baseline 0.005 -26"><span class='ocrx_word' id='word_1_296' title='bbox 46 2543 124 2595; x_wconf 73' lang='grc' dir='ltr'>καὶ</span> <span class='ocrx_word' id='word_1_297' title='bbox 147 2547 265 2606; x_wconf 84' lang='grc' dir='ltr'>ταῖς</span> <span class='ocrx_word' id='word_1_298' title='bbox 295 2544 464 2608; x_wconf 81' lang='grc' dir='ltr'>ἰδίαις</span> <span class='ocrx_word' id='word_1_299' title='bbox 489 2545 745 2614; x_wconf 77' lang='grc' dir='ltr'>ἀδελφαῖς</span> <span class='ocrx_word' id='word_1_300' title='bbox 773 2548 1180 2619; x_wconf 81' lang='grc' dir='ltr'>συμμίγνυσθαι</span> <span class='ocrx_word' id='word_1_301' title='bbox 1201 2590 1213 2614; x_wconf 91' lang='grc'><strong>,</strong></span> <span class='ocrx_word' id='word_1_302' title='bbox 1252 2550 1346 2602; x_wconf 69' lang='grc' dir='ltr'>καὶ</span> <span class='ocrx_word' id='word_1_303' title='bbox 1371 2550 1429 2602; x_wconf 80' lang='grc' dir='ltr'><strong>τὸ</strong></span> <span class='ocrx_word' id='word_1_304' title='bbox 1454 2549 1619 2603; x_wconf 82' lang='grc' dir='ltr'>ἀθεώ-</span> 
     </span>
    </p>
   </div>
   <div class='ocr_carea' id='block_1_43' title="bbox 45 2637 1614 2714">
    <p class='ocr_par' dir='ltr' id='par_1_43' title="bbox 45 2637 1614 2714">
     <span class='ocr_line' id='line_1_43' title="bbox 45 2637 1614 2714; baseline 0.005 -26"><span class='ocrx_word' id='word_1_305' title='bbox 45 2653 200 2699; x_wconf 76' lang='grc' dir='ltr'>τατον,</span> <span class='ocrx_word' id='word_1_306' title='bbox 219 2638 316 2691; x_wconf 69' lang='grc' dir='ltr'>καὶ</span> <span class='ocrx_word' id='word_1_307' title='bbox 341 2637 647 2708; x_wconf 83' lang='grc' dir='ltr'>ὠμότατον,</span> <span class='ocrx_word' id='word_1_308' title='bbox 668 2639 856 2694; x_wconf 81' lang='grc' dir='ltr'>πασῶν</span> <span class='ocrx_word' id='word_1_309' title='bbox 882 2642 1100 2713; x_wconf 84' lang='grc' dir='ltr'>σαρκῶν</span> <span class='ocrx_word' id='word_1_310' title='bbox 1127 2641 1477 2714; x_wconf 82' lang='grc' dir='ltr'>ἀνθρωπίνων</span> <span class='ocrx_word' id='word_1_311' title='bbox 1505 2643 1614 2713; x_wconf 66' lang='grc'>(1⁵.2)</span> 
     </span>
    </p>
   </div>
   <div class='ocr_carea' id='block_1_44' title="bbox 50 2729 1617 2804">
    <p class='ocr_par' dir='ltr' id='par_1_44' title="bbox 50 2729 1617 2804">
     <span class='ocr_line' id='line_1_44' title="bbox 50 2729 1617 2804; baseline 0.004 -22"><span class='ocrx_word' id='word_1_312' title='bbox 50 2729 368 2798; x_wconf 68' lang='grc' dir='ltr'>ἐφάπτεσθαι</span> <span class='ocrx_word' id='word_1_313' title='bbox 405 2732 574 2801; x_wconf 80' lang='grc' dir='ltr'>ἡμᾶς.</span> <span class='ocrx_word' id='word_1_314' title='bbox 602 2731 761 2785; x_wconf 83' lang='grc' dir='ltr'>Ἀλλά</span> <span class='ocrx_word' id='word_1_315' title='bbox 791 2733 883 2787; x_wconf 69' lang='grc' dir='ltr'>καὶ</span> <span class='ocrx_word' id='word_1_316' title='bbox 908 2733 982 2797; x_wconf 87' lang='grc' dir='ltr'>ὡς</span> <span class='ocrx_word' id='word_1_317' title='bbox 1007 2735 1320 2804; x_wconf 78' lang='grc' dir='ltr'>προσφάτου</span> <span class='ocrx_word' id='word_1_318' title='bbox 1347 2735 1617 2799; x_wconf 84' lang='grc' dir='ltr'>όδεύοντος</span> 
     </span>
    </p>
   </div>
   <div class='ocr_carea' id='block_1_45' title="bbox 46 2822 1618 2898">
    <p class='ocr_par' dir='ltr' id='par_1_45' title="bbox 46 2822 1618 2898">
     <span class='ocr_line' id='line_1_45' title="bbox 46 2822 1618 2898; baseline 0.004 -22"><span class='ocrx_word' id='word_1_319' title='bbox 46 2822 122 2876; x_wconf 74' lang='grc' dir='ltr'>τοῦ</span> <span class='ocrx_word' id='word_1_320' title='bbox 147 2823 264 2876; x_wconf 78' lang='grc' dir='ltr'>καθ’</span> <span class='ocrx_word' id='word_1_321' title='bbox 287 2826 445 2895; x_wconf 76' lang='grc' dir='ltr'>ἡμᾶς</span> <span class='ocrx_word' id='word_1_322' title='bbox 469 2825 652 2893; x_wconf 89' lang='grc' dir='ltr'>λόγου,</span> <span class='ocrx_word' id='word_1_323' title='bbox 686 2826 781 2879; x_wconf 75' lang='grc' dir='ltr'>κα).</span> <span class='ocrx_word' id='word_1_324' title='bbox 807 2827 969 2897; x_wconf 83' lang='grc' dir='ltr'>μηδὲν</span> <span class='ocrx_word' id='word_1_325' title='bbox 996 2827 1138 2898; x_wconf 80' lang='grc' dir='ltr'>ἔχειν</span> <span class='ocrx_word' id='word_1_326' title='bbox 1163 2830 1310 2898; x_wconf 79' lang='grc' dir='ltr'>ἡμᾶς</span> <span class='ocrx_word' id='word_1_327' title='bbox 1334 2829 1512 2896; x_wconf 82' lang='grc' dir='ltr'>λέγειν</span> <span class='ocrx_word' id='word_1_328' title='bbox 1538 2831 1618 2893; x_wconf 82' lang='grc' dir='ltr'><strong>είς</strong></span> 
     </span>
    </p>
   </div>
   <div class='ocr_carea' id='block_1_46' title="bbox 49 2912 1613 2987">
    <p class='ocr_par' dir='ltr' id='par_1_46' title="bbox 49 2912 1613 2987">
     <span class='ocr_line' id='line_1_46' title="bbox 49 2912 1613 2987; baseline 0.004 -24"><span class='ocrx_word' id='word_1_329' title='bbox 49 2912 296 2977; x_wconf 78' lang='grc' dir='ltr'>ἀπόδειξιν</span> <span class='ocrx_word' id='word_1_330' title='bbox 341 2914 606 2986; x_wconf 83' lang='grc' dir='ltr'>ἀληθείας</span> <span class='ocrx_word' id='word_1_331' title='bbox 647 2916 744 2985; x_wconf 88' lang='grc' dir='ltr'><strong>τῆς</strong></span> <span class='ocrx_word' id='word_1_332' title='bbox 781 2916 902 2969; x_wconf 88' lang='grc' dir='ltr'>καθ’</span> <span class='ocrx_word' id='word_1_333' title='bbox 926 2918 1075 2987; x_wconf 83' lang='grc' dir='ltr'>ἡμᾶς</span> <span class='ocrx_word' id='word_1_334' title='bbox 1105 2917 1198 2970; x_wconf 78' lang='grc' dir='ltr'>καὶ</span> <span class='ocrx_word' id='word_1_335' title='bbox 1235 2916 1613 2980; x_wconf 74' lang='grc' dir='ltr'>διδασκαλίαςο</span> 
     </span>
    </p>
   </div>
   <div class='ocr_carea' id='block_1_47' title="bbox 51 3003 1617 3079">
    <p class='ocr_par' dir='ltr' id='par_1_47' title="bbox 51 3003 1617 3079">
     <span class='ocr_line' id='line_1_47' title="bbox 51 3003 1617 3079; baseline 0.007 -26"><span class='ocrx_word' id='word_1_336' title='bbox 51 3005 239 3076; x_wconf 82' lang='grc' dir='ltr'>μωρίαν</span> <span class='ocrx_word' id='word_1_337' title='bbox 261 3007 318 3059; x_wconf 81' lang='grc' dir='ltr'>δὲ</span> <span class='ocrx_word' id='word_1_338' title='bbox 353 3003 498 3060; x_wconf 69' lang='grc' dir='ltr'>εῖναι</span> <span class='ocrx_word' id='word_1_339' title='bbox 526 3007 616 3060; x_wconf 80' lang='grc' dir='ltr'>τὸν</span> <span class='ocrx_word' id='word_1_340' title='bbox 640 3007 796 3076; x_wconf 89' lang='grc' dir='ltr'>λόγον</span> <span class='ocrx_word' id='word_1_341' title='bbox 823 3009 978 3079; x_wconf 83' lang='grc' dir='ltr'>ἡμῶν</span> <span class='ocrx_word' id='word_1_342' title='bbox 1005 3026 1187 3078; x_wconf 85' lang='grc' dir='ltr'>φασιν.</span> <span class='ocrx_word' id='word_1_343' title='bbox 1229 3008 1370 3076; x_wconf 84' lang='grc' dir='ltr'><strong>Ἐγὼ</strong></span> <span class='ocrx_word' id='word_1_344' title='bbox 1404 3010 1499 3079; x_wconf 85' lang='grc' dir='ltr'>μὲν</span> <span class='ocrx_word' id='word_1_345' title='bbox 1526 3005 1617 3075; x_wconf 74' lang='grc' dir='ltr'><strong>οὖν</strong></span> 
     </span>
    </p>
   </div>
   <div class='ocr_carea' id='block_1_48' title="bbox 51 3095 1616 3171">
    <p class='ocr_par' dir='ltr' id='par_1_48' title="bbox 51 3095 1616 3171">
     <span class='ocr_line' id='line_1_48' title="bbox 51 3095 1616 3171; baseline 0.004 -25"><span class='ocrx_word' id='word_1_346' title='bbox 51 3095 292 3166; x_wconf 79' lang='grc' dir='ltr'>θαυμάζω</span> <span class='ocrx_word' id='word_1_347' title='bbox 328 3099 572 3170; x_wconf 78' lang='grc' dir='ltr'>μάλιστα</span> <span class='ocrx_word' id='word_1_348' title='bbox 599 3099 691 3151; x_wconf 76' lang='grc' dir='ltr'><strong>ἐπὶ</strong></span> <span class='ocrx_word' id='word_1_349' title='bbox 729 3100 831 3163; x_wconf 76' lang='grc' dir='ltr'>σοὶ,</span> <span class='ocrx_word' id='word_1_350' title='bbox 857 3100 915 3163; x_wconf 81' lang='grc' dir='ltr'>ὃς</span> <span class='ocrx_word' id='word_1_351' title='bbox 942 3103 1000 3153; x_wconf 79' lang='grc' dir='ltr'>ὲν</span> <span class='ocrx_word' id='word_1_352' title='bbox 1026 3101 1126 3171; x_wconf 83' lang='grc' dir='ltr'>μὲν</span> <span class='ocrx_word' id='word_1_353' title='bbox 1157 3103 1267 3165; x_wconf 88' lang='grc' dir='ltr'>τοῖς</span> <span class='ocrx_word' id='word_1_354' title='bbox 1292 3101 1497 3164; x_wconf 85' lang='grc' dir='ltr'>λοιποῖς</span> <span class='ocrx_word' id='word_1_355' title='bbox 1521 3118 1616 3169; x_wconf 86' lang='grc' dir='ltr'>γε-</span> 
     </span>
    </p>
   </div>
   <div class='ocr_carea' id='block_1_49' title="bbox 1716 1906 3307 1980">
    <p class='ocr_par' dir='ltr' id='par_1_49' title="bbox 1716 1906 3307 1980">
     <span class='ocr_line' id='line_1_49' title="bbox 1716 1906 3307 1980; baseline -0.001 -16"><span class='ocrx_word' id='word_1_356' title='bbox 1716 1911 2018 1980; x_wconf 75' lang='lat' dir='ltr'><strong>religionem</strong></span> <span class='ocrx_word' id='word_1_357' title='bbox 2049 1909 2558 1964; x_wconf 69' lang='lat' dir='ltr'><strong>dixerunt.—-Nam</strong></span> <span class='ocrx_word' id='word_1_358' title='bbox 2610 1925 2681 1964; x_wconf 90' lang='lat' dir='ltr'><strong>ne</strong></span> <span class='ocrx_word' id='word_1_359' title='bbox 2731 1909 2844 1962; x_wconf 73' lang='lat' dir='ltr'><strong>haec</strong></span> <span class='ocrx_word' id='word_1_360' title='bbox 2889 1906 3107 1976; x_wconf 87' lang='lat' dir='ltr'><strong>quidem</strong></span> <span class='ocrx_word' id='word_1_361' title='bbox 3159 1922 3188 1958; x_wconf 90' lang='lat' dir='ltr'><strong>a</strong></span> <span class='ocrx_word' id='word_1_362' title='bbox 3220 1923 3307 1964; x_wconf 84' lang='lat' dir='ltr'><strong>me</strong></span> 
     </span>
    </p>
   </div>
   <div class='ocr_carea' id='block_1_50' title="bbox 1718 1998 3308 2072">
    <p class='ocr_par' dir='ltr' id='par_1_50' title="bbox 1718 1998 3308 2072">
     <span class='ocr_line' id='line_1_50' title="bbox 1718 1998 3308 2072; baseline -0.003 -15"><span class='ocrx_word' id='word_1_363' title='bbox 1718 2003 1891 2057; x_wconf 84' lang='lat' dir='ltr'><strong>refelli</strong></span> <span class='ocrx_word' id='word_1_364' title='bbox 1923 2003 2230 2072; x_wconf 80' lang='lat' dir='ltr'><strong>oportebat,</strong></span> <span class='ocrx_word' id='word_1_365' title='bbox 2257 2002 2362 2056; x_wconf 92' lang='lat' dir='ltr'><strong>nisi</strong></span> <span class='ocrx_word' id='word_1_366' title='bbox 2398 2002 2542 2071; x_wconf 91' lang='lat' dir='ltr'><strong>quod</strong></span> <span class='ocrx_word' id='word_1_367' title='bbox 2573 2011 2627 2054; x_wconf 92' lang='lat' dir='ltr'><strong>te</strong></span> <span class='ocrx_word' id='word_1_368' title='bbox 2659 2000 2837 2053; x_wconf 80' lang='lat' dir='ltr'><strong>adhuc</strong></span> <span class='ocrx_word' id='word_1_369' title='bbox 2864 2000 3020 2052; x_wconf 80' lang='lat' dir='ltr'><strong>video</strong></span> <span class='ocrx_word' id='word_1_370' title='bbox 3043 1998 3191 2052; x_wconf 90' lang='lat' dir='ltr'><strong>circa</strong></span> <span class='ocrx_word' id='word_1_371' title='bbox 3222 2013 3308 2052; x_wconf 64' lang='lat' dir='ltr'><strong>reo</strong></span> 
     </span>
    </p>
   </div>
   <div class='ocr_carea' id='block_1_51' title="bbox 1717 2091 3304 2157">
    <p class='ocr_par' dir='ltr' id='par_1_51' title="bbox 1717 2091 3304 2157">
     <span class='ocr_line' id='line_1_51' title="bbox 1717 2091 3304 2157; baseline -0.004 -8"><span class='ocrx_word' id='word_1_372' title='bbox 1717 2097 1897 2149; x_wconf 89' lang='lat' dir='ltr'><strong>ritatis</strong></span> <span class='ocrx_word' id='word_1_373' title='bbox 1914 2095 2220 2149; x_wconf 79' lang='lat' dir='ltr'><strong>doctrinam</strong></span> <span class='ocrx_word' id='word_1_374' title='bbox 2246 2095 2514 2148; x_wconf 88' lang='lat' dir='ltr'><strong>incertum</strong></span> <span class='ocrx_word' id='word_1_375' title='bbox 2538 2103 2590 2148; x_wconf 90' lang='lat' dir='ltr'><strong>et</strong></span> <span class='ocrx_word' id='word_1_376' title='bbox 2604 2092 2852 2146; x_wconf 89' lang='lat' dir='ltr'><strong>dubium.</strong></span> <span class='ocrx_word' id='word_1_377' title='bbox 2871 2092 3134 2157; x_wconf 76' lang='lat' dir='ltr'><strong>Quamvis</strong></span> <span class='ocrx_word' id='word_1_378' title='bbox 3157 2091 3304 2145; x_wconf 90' lang='lat' dir='ltr'><strong>enim</strong></span> 
     </span>
    </p>
   </div>
   <div class='ocr_carea' id='block_1_52' title="bbox 1717 2177 3304 2250">
    <p class='ocr_par' dir='ltr' id='par_1_52' title="bbox 1717 2177 3304 2250">
     <span class='ocr_line' id='line_1_52' title="bbox 1717 2177 3304 2250; baseline -0.003 -16"><span class='ocrx_word' id='word_1_379' title='bbox 1717 2181 1834 2249; x_wconf 90' lang='lat' dir='ltr'><strong>ipse</strong></span> <span class='ocrx_word' id='word_1_380' title='bbox 1863 2181 2104 2250; x_wconf 88' lang='lat' dir='ltr'><strong>prudens</strong></span> <span class='ocrx_word' id='word_1_381' title='bbox 2130 2179 2242 2243; x_wconf 88' lang='lat' dir='ltr'><strong>sis,</strong></span> <span class='ocrx_word' id='word_1_382' title='bbox 2271 2180 2480 2249; x_wconf 85' lang='lat' dir='ltr'><strong>perfers</strong></span> <span class='ocrx_word' id='word_1_383' title='bbox 2523 2185 2705 2232; x_wconf 80' lang='lat' dir='ltr'><strong>tamen</strong></span> <span class='ocrx_word' id='word_1_384' title='bbox 2732 2177 2958 2231; x_wconf 85' lang='lat' dir='ltr'><strong>insanos</strong></span> <span class='ocrx_word' id='word_1_385' title='bbox 2990 2185 3044 2230; x_wconf 91' lang='lat' dir='ltr'><strong>et</strong></span> <span class='ocrx_word' id='word_1_386' title='bbox 3078 2191 3189 2234; x_wconf 87' lang='lat' dir='ltr'><strong>non</strong></span> <span class='ocrx_word' id='word_1_387' title='bbox 3216 2177 3304 2231; x_wconf 56' lang='lat' dir='ltr'><strong>in-</strong></span> 
     </span>
    </p>
   </div>
   <div class='ocr_carea' id='block_1_53' title="bbox 1716 2269 3304 2344">
    <p class='ocr_par' dir='ltr' id='par_1_53' title="bbox 1716 2269 3304 2344">
     <span class='ocr_line' id='line_1_53' title="bbox 1716 2269 3304 2344; baseline 0.001 -18"><span class='ocrx_word' id='word_1_388' title='bbox 1716 2273 1882 2327; x_wconf 85' lang='lat' dir='ltr'><strong>vitus.</strong></span> <span class='ocrx_word' id='word_1_389' title='bbox 1914 2274 2171 2344; x_wconf 84' lang='lat' dir='ltr'><strong>Alioquin</strong></span> <span class='ocrx_word' id='word_1_390' title='bbox 2200 2288 2308 2325; x_wconf 92' lang='lat' dir='ltr'><strong>non</strong></span> <span class='ocrx_word' id='word_1_391' title='bbox 2342 2279 2392 2324; x_wconf 89' lang='lat' dir='ltr'><strong>te</strong></span> <span class='ocrx_word' id='word_1_392' title='bbox 2421 2271 2848 2324; x_wconf 86' lang='lat' dir='ltr'><strong>counuovissent</strong></span> <span class='ocrx_word' id='word_1_393' title='bbox 2872 2269 3124 2324; x_wconf 87' lang='lat' dir='ltr'><strong>homines</strong></span> <span class='ocrx_word' id='word_1_394' title='bbox 3149 2271 3304 2327; x_wconf 73' lang='lat' dir='ltr'><strong>stulti</strong></span> 
     </span>
    </p>
   </div>
   <div class='ocr_carea' id='block_1_54' title="bbox 1716 2357 3306 2428">
    <p class='ocr_par' dir='ltr' id='par_1_54' title="bbox 1716 2357 3306 2428">
     <span class='ocr_line' id='line_1_54' title="bbox 1716 2357 3306 2428; baseline -0.003 -11"><span class='ocrx_word' id='word_1_395' title='bbox 1716 2372 1777 2417; x_wconf 89' lang='lat' dir='ltr'><strong>ut</strong></span> <span class='ocrx_word' id='word_1_396' title='bbox 1812 2363 1967 2418; x_wconf 83' lang='lat' dir='ltr'><strong>vanis</strong></span> <span class='ocrx_word' id='word_1_397' title='bbox 1995 2363 2339 2418; x_wconf 89' lang='lat' dir='ltr'><strong>sermonibus</strong></span> <span class='ocrx_word' id='word_1_398' title='bbox 2368 2359 2731 2428; x_wconf 86' lang='lat' dir='ltr'><strong>abripereris,</strong></span> <span class='ocrx_word' id='word_1_399' title='bbox 2770 2366 2824 2412; x_wconf 92' lang='lat' dir='ltr'><strong>et</strong></span> <span class='ocrx_word' id='word_1_400' title='bbox 2857 2358 3066 2411; x_wconf 91' lang='lat' dir='ltr'><strong>rumori</strong></span> <span class='ocrx_word' id='word_1_401' title='bbox 3095 2357 3306 2412; x_wconf 79' lang='lat' dir='ltr'><strong>invete-</strong></span> 
     </span>
    </p>
   </div>
   <div class='ocr_carea' id='block_1_55' title="bbox 1715 2449 3303 2522">
    <p class='ocr_par' dir='ltr' id='par_1_55' title="bbox 1715 2449 3303 2522">
     <span class='ocr_line' id='line_1_55' title="bbox 1715 2449 3303 2522; baseline -0.004 -14"><span class='ocrx_word' id='word_1_402' title='bbox 1715 2462 1838 2508; x_wconf 91' lang='lat' dir='ltr'><strong>rato</strong></span> <span class='ocrx_word' id='word_1_403' title='bbox 1862 2455 2114 2509; x_wconf 89' lang='lat' dir='ltr'><strong>crederes</strong></span> <span class='ocrx_word' id='word_1_404' title='bbox 2145 2455 2213 2507; x_wconf 91' lang='lat' dir='ltr'><strong>ab</strong></span> <span class='ocrx_word' id='word_1_405' title='bbox 2250 2453 2433 2522; x_wconf 81' lang='lat' dir='ltr'><strong>impiis</strong></span> <span class='ocrx_word' id='word_1_406' title='bbox 2466 2451 2669 2520; x_wconf 77' lang='lat' dir='ltr'><strong>linguis</strong></span> <span class='ocrx_word' id='word_1_407' title='bbox 2700 2465 2914 2518; x_wconf 89' lang='lat' dir='ltr'><strong>sparso,</strong></span> <span class='ocrx_word' id='word_1_408' title='bbox 2938 2463 3060 2518; x_wconf 85' lang='lat' dir='ltr'><strong>quae</strong></span> <span class='ocrx_word' id='word_1_409' title='bbox 3091 2449 3213 2502; x_wconf 90' lang='lat' dir='ltr'><strong>ﬁcta</strong></span> <span class='ocrx_word' id='word_1_410' title='bbox 3244 2449 3303 2502; x_wconf 88' lang='lat' dir='ltr'><strong>iu</strong></span> 
     </span>
    </p>
   </div>
   <div class='ocr_carea' id='block_1_56' title="bbox 1717 2536 3302 2610">
    <p class='ocr_par' dir='ltr' id='par_1_56' title="bbox 1717 2536 3302 2610">
     <span class='ocr_line' id='line_1_56' title="bbox 1717 2536 3302 2610; baseline -0.005 -12"><span class='ocrx_word' id='word_1_411' title='bbox 1717 2561 1818 2600; x_wconf 89' lang='lat' dir='ltr'><strong>nos</strong></span> <span class='ocrx_word' id='word_1_412' title='bbox 1853 2545 2104 2606; x_wconf 88' lang='lat' dir='ltr'><strong>crimina,</strong></span> <span class='ocrx_word' id='word_1_413' title='bbox 2137 2543 2230 2610; x_wconf 88' lang='lat' dir='ltr'><strong>qui</strong></span> <span class='ocrx_word' id='word_1_414' title='bbox 2267 2543 2360 2597; x_wconf 89' lang='lat' dir='ltr'><strong>Dei</strong></span> <span class='ocrx_word' id='word_1_415' title='bbox 2392 2542 2634 2596; x_wconf 89' lang='lat' dir='ltr'><strong>cultores</strong></span> <span class='ocrx_word' id='word_1_416' title='bbox 2670 2554 2862 2593; x_wconf 89' lang='lat' dir='ltr'><strong>sumus</strong></span> <span class='ocrx_word' id='word_1_417' title='bbox 2907 2547 2960 2593; x_wconf 89' lang='lat' dir='ltr'><strong>et</strong></span> <span class='ocrx_word' id='word_1_418' title='bbox 3003 2536 3302 2594; x_wconf 86' lang='lat' dir='ltr'><strong>Christiani</strong></span> 
     </span>
    </p>
   </div>
   <div class='ocr_carea' id='block_1_57' title="bbox 1717 2633 3305 2702">
    <p class='ocr_par' dir='ltr' id='par_1_57' title="bbox 1717 2633 3305 2702">
     <span class='ocr_line' id='line_1_57' title="bbox 1717 2633 3305 2702; baseline -0.004 -10"><span class='ocrx_word' id='word_1_419' title='bbox 1717 2654 1980 2692; x_wconf 82' lang='lat' dir='ltr'><strong>vocamur</strong></span> <span class='ocrx_word' id='word_1_420' title='bbox 2004 2678 2019 2702; x_wconf 93' lang='lat'><strong>,</strong></span> <span class='ocrx_word' id='word_1_421' title='bbox 2055 2637 2383 2701; x_wconf 85' lang='lat' dir='ltr'><strong>conferunt,</strong></span> <span class='ocrx_word' id='word_1_422' title='bbox 2432 2651 2496 2689; x_wconf 92' lang='lat' dir='ltr'><strong>ac</strong></span> <span class='ocrx_word' id='word_1_423' title='bbox 2545 2648 2866 2688; x_wconf 89' lang='lat' dir='ltr'><strong>communes</strong></span> <span class='ocrx_word' id='word_1_424' title='bbox 2909 2633 3151 2688; x_wconf 89' lang='lat' dir='ltr'><strong>omnium</strong></span> <span class='ocrx_word' id='word_1_425' title='bbox 3181 2647 3305 2691; x_wconf 82' lang='lat' dir='ltr'><strong>esse</strong></span> 
     </span>
    </p>
   </div>
   <div class='ocr_carea' id='block_1_58' title="bbox 1719 2723 3303 2795">
    <p class='ocr_par' dir='ltr' id='par_1_58' title="bbox 1719 2723 3303 2795">
     <span class='ocr_line' id='line_1_58' title="bbox 1719 2723 3303 2795; baseline -0.003 -13"><span class='ocrx_word' id='word_1_426' title='bbox 1719 2738 1937 2784; x_wconf 77' lang='lat' dir='ltr'><strong>nostras</strong></span> <span class='ocrx_word' id='word_1_427' title='bbox 1957 2743 2156 2783; x_wconf 78' lang='lat' dir='ltr'><strong>uxores</strong></span> <span class='ocrx_word' id='word_1_428' title='bbox 2173 2729 2440 2789; x_wconf 88' lang='lat' dir='ltr'><strong>dictitant,</strong></span> <span class='ocrx_word' id='word_1_429' title='bbox 2459 2741 2667 2795; x_wconf 87' lang='lat' dir='ltr'><strong>nosque</strong></span> <span class='ocrx_word' id='word_1_430' title='bbox 2681 2724 2992 2794; x_wconf 90' lang='lat' dir='ltr'><strong>promiscuo</strong></span> <span class='ocrx_word' id='word_1_431' title='bbox 3007 2723 3303 2778; x_wconf 76' lang='lat' dir='ltr'><strong>concubitu</strong></span> 
     </span>
    </p>
   </div>
   <div class='ocr_carea' id='block_1_59' title="bbox 1717 2812 3304 2890">
    <p class='ocr_par' dir='ltr' id='par_1_59' title="bbox 1717 2812 3304 2890">
     <span class='ocr_line' id='line_1_59' title="bbox 1717 2812 3304 2890; baseline -0.003 -17"><span class='ocrx_word' id='word_1_432' title='bbox 1717 2821 1796 2873; x_wconf 87' lang='lat' dir='ltr'><strong>uti</strong></span> <span class='ocrx_word' id='word_1_433' title='bbox 1821 2828 1874 2873; x_wconf 88' lang='lat' dir='ltr'><strong>et</strong></span> <span class='ocrx_word' id='word_1_434' title='bbox 1903 2836 2025 2873; x_wconf 92' lang='lat' dir='ltr'><strong>cum</strong></span> <span class='ocrx_word' id='word_1_435' title='bbox 2059 2819 2293 2890; x_wconf 87' lang='lat' dir='ltr'><strong>propriis</strong></span> <span class='ocrx_word' id='word_1_436' title='bbox 2321 2812 2606 2872; x_wconf 86' lang='lat' dir='ltr'><strong>sororibus</strong></span> <span class='ocrx_word' id='word_1_437' title='bbox 2627 2815 2866 2878; x_wconf 86' lang='lat' dir='ltr'><strong>misceri,</strong></span> <span class='ocrx_word' id='word_1_438' title='bbox 2889 2814 3050 2884; x_wconf 78' lang='lat'><strong>383</strong></span> <span class='ocrx_word' id='word_1_439' title='bbox 3068 2821 3121 2868; x_wconf 90' lang='lat' dir='ltr'><strong>et</strong></span> <span class='ocrx_word' id='word_1_440' title='bbox 3153 2813 3304 2883; x_wconf 85' lang='lat' dir='ltr'><strong>quod</strong></span> 
     </span>
    </p>
   </div>
   <div class='ocr_carea' id='block_1_60' title="bbox 1717 2907 3300 2982">
    <p class='ocr_par' dir='ltr' id='par_1_60' title="bbox 1717 2907 3300 2982">
     <span class='ocr_line' id='line_1_60' title="bbox 1717 2907 3300 2982; baseline -0.004 -18"><span class='ocrx_word' id='word_1_441' title='bbox 1717 2912 1952 2966; x_wconf 76' lang='lat' dir='ltr'><strong>maxime</strong></span> <span class='ocrx_word' id='word_1_442' title='bbox 1976 2913 2201 2982; x_wconf 90' lang='lat' dir='ltr'><strong>impium</strong></span> <span class='ocrx_word' id='word_1_443' title='bbox 2229 2919 2281 2964; x_wconf 90' lang='lat' dir='ltr'><strong>et</strong></span> <span class='ocrx_word' id='word_1_444' title='bbox 2305 2911 2461 2980; x_wconf 90' lang='lat' dir='ltr'><strong>longe</strong></span> <span class='ocrx_word' id='word_1_445' title='bbox 2485 2907 2929 2962; x_wconf 90' lang='lat' dir='ltr'><strong>crudelissimum</strong></span> <span class='ocrx_word' id='word_1_446' title='bbox 2953 2913 3059 2968; x_wconf 89' lang='lat' dir='ltr'><strong>est,</strong></span> <span class='ocrx_word' id='word_1_447' title='bbox 3076 2920 3300 2959; x_wconf 90' lang='lat' dir='ltr'><strong>carnem</strong></span> 
     </span>
    </p>
   </div>
   <div class='ocr_carea' id='block_1_61' title="bbox 1717 2997 3367 3073">
    <p class='ocr_par' dir='ltr' id='par_1_61' title="bbox 1717 2997 3367 3073">
     <span class='ocr_line' id='line_1_61' title="bbox 1717 2997 3367 3073; baseline -0.002 -17"><span class='ocrx_word' id='word_1_448' title='bbox 1717 3004 2008 3072; x_wconf 85' lang='lat' dir='ltr'><strong>quamlibet</strong></span> <span class='ocrx_word' id='word_1_449' title='bbox 2035 3003 2342 3073; x_wconf 82' lang='lat' dir='ltr'><strong>degustare.</strong></span> <span class='ocrx_word' id='word_1_450' title='bbox 2375 3001 2596 3058; x_wconf 85' lang='lat' dir='ltr'><strong>Addunt</strong></span> <span class='ocrx_word' id='word_1_451' title='bbox 2616 3002 2779 3054; x_wconf 86' lang='lat' dir='ltr'><strong>etiam</strong></span> <span class='ocrx_word' id='word_1_452' title='bbox 2805 3013 2997 3052; x_wconf 89' lang='lat' dir='ltr'><strong>recens</strong></span> <span class='ocrx_word' id='word_1_453' title='bbox 3027 2997 3304 3068; x_wconf 85' lang='lat' dir='ltr'><strong>prodiisse</strong></span> <span class='ocrx_word' id='word_1_454' title='bbox 3363 3061 3367 3065; x_wconf 30' lang='lat'><strong>,</strong></span> 
     </span>
    </p>
   </div>
   <div class='ocr_carea' id='block_1_62' title="bbox 1717 3093 3302 3166">
    <p class='ocr_par' dir='ltr' id='par_1_62' title="bbox 1717 3093 3302 3166">
     <span class='ocr_line' id='line_1_62' title="bbox 1717 3093 3302 3166; baseline -0.002 -15"><span class='ocrx_word' id='word_1_455' title='bbox 1717 3106 1962 3152; x_wconf 87' lang='lat' dir='ltr'><strong>nostram</strong></span> <span class='ocrx_word' id='word_1_456' title='bbox 2012 3097 2342 3160; x_wconf 90' lang='lat' dir='ltr'><strong>doctrinam,</strong></span> <span class='ocrx_word' id='word_1_457' title='bbox 2380 3111 2479 3150; x_wconf 92' lang='lat' dir='ltr'><strong>nec</strong></span> <span class='ocrx_word' id='word_1_458' title='bbox 2511 3097 2811 3166; x_wconf 88' lang='lat' dir='ltr'><strong>quidquam</strong></span> <span class='ocrx_word' id='word_1_459' title='bbox 2858 3113 2886 3148; x_wconf 91' lang='lat' dir='ltr'><strong>a</strong></span> <span class='ocrx_word' id='word_1_460' title='bbox 2932 3095 3091 3150; x_wconf 92' lang='lat' dir='ltr'><strong>nobis</strong></span> <span class='ocrx_word' id='word_1_461' title='bbox 3119 3093 3302 3148; x_wconf 64' lang='lat' dir='ltr'><strong>afferri</strong></span> 
     </span>
    </p>
   </div>
   <div class='ocr_carea' id='block_1_63' title="bbox 51 3181 1617 3265">
    <p class='ocr_par' dir='ltr' id='par_1_63' title="bbox 51 3186 1613 3265">
     <span class='ocr_line' id='line_1_63' title="bbox 51 3186 1613 3265; baseline 0.005 -28"><span class='ocrx_word' id='word_1_462' title='bbox 51 3186 249 3257; x_wconf 84' lang='grc' dir='ltr'>νόμενος</span> <span class='ocrx_word' id='word_1_463' title='bbox 297 3190 625 3254; x_wconf 82' lang='grc' dir='ltr'>σπουδαῖος,</span> <span class='ocrx_word' id='word_1_464' title='bbox 664 3191 758 3244; x_wconf 73' lang='grc' dir='ltr'>καὶ</span> <span class='ocrx_word' id='word_1_465' title='bbox 810 3191 1112 3265; x_wconf 79' lang='grc' dir='ltr'>ἐκζητητὴς</span> <span class='ocrx_word' id='word_1_466' title='bbox 1163 3194 1417 3246; x_wconf 83' lang='grc' dir='ltr'>ἁπάντων</span> <span class='ocrx_word' id='word_1_467' title='bbox 1471 3209 1613 3262; x_wconf 74' lang='grc' dir='ltr'>πρα-</span> 
     </span>
    </p>
   </div>
   <div class='ocr_carea' id='block_1_64' title="bbox 1794 3181 3302 3265">
    <p class='ocr_par' dir='ltr' id='par_1_64' title="bbox 1794 3184 3302 3250">
     <span class='ocr_line' id='line_1_64' title="bbox 1794 3184 3302 3250; baseline -0.001 -7"><span class='ocrx_word' id='word_1_468' title='bbox 1794 3205 1877 3244; x_wconf 88' lang='lat' dir='ltr'><strong>sse</strong></span> <span class='ocrx_word' id='word_1_469' title='bbox 1921 3189 1990 3242; x_wconf 90' lang='lat' dir='ltr'><strong>ad</strong></span> <span class='ocrx_word' id='word_1_470' title='bbox 2036 3190 2320 3243; x_wconf 77' lang='lat' dir='ltr'><strong>veritatem</strong></span> <span class='ocrx_word' id='word_1_471' title='bbox 2368 3188 2516 3242; x_wconf 91' lang='lat' dir='ltr'><strong>illius</strong></span> <span class='ocrx_word' id='word_1_472' title='bbox 2554 3185 3060 3250; x_wconf 87' lang='lat' dir='ltr'><strong>demonstrandam,</strong></span> <span class='ocrx_word' id='word_1_473' title='bbox 3115 3184 3302 3241; x_wconf 75' lang='lat' dir='ltr'><strong>stulti-</strong></span> 
     </span>
    </p>
   </div>
   <div class='ocr_carea' id='block_1_65' title="bbox 51 3280 1616 3355">
    <p class='ocr_par' dir='ltr' id='par_1_65' title="bbox 51 3280 1616 3355">
     <span class='ocr_line' id='line_1_65' title="bbox 51 3280 1616 3355; baseline 0.002 -24"><span class='ocrx_word' id='word_1_474' title='bbox 51 3280 272 3347; x_wconf 79' lang='grc' dir='ltr'>γμάτων,</span> <span class='ocrx_word' id='word_1_475' title='bbox 301 3282 675 3354; x_wconf 74' lang='grc' dir='ltr'>ἀμελέστερον</span> <span class='ocrx_word' id='word_1_476' title='bbox 701 3283 856 3353; x_wconf 78' lang='grc' dir='ltr'>ἡμῶν</span> <span class='ocrx_word' id='word_1_477' title='bbox 883 3285 1120 3348; x_wconf 87' lang='grc' dir='ltr'>ἀκούεις.</span> <span class='ocrx_word' id='word_1_478' title='bbox 1164 3285 1224 3336; x_wconf 85' lang='grc' dir='ltr'>Εἰ</span> <span class='ocrx_word' id='word_1_479' title='bbox 1253 3284 1360 3355; x_wconf 85' lang='grc' dir='ltr'>γάρ</span> <span class='ocrx_word' id='word_1_480' title='bbox 1416 3301 1497 3337; x_wconf 90' lang='grc' dir='ltr'><strong>σοι</strong></span> <span class='ocrx_word' id='word_1_481' title='bbox 1523 3284 1616 3336; x_wconf 89' lang='grc' dir='ltr'>δυ-</span> 
     </span>
    </p>
   </div>
   <div class='ocr_carea' id='block_1_66' title="bbox 52 3373 1618 3448">
    <p class='ocr_par' dir='ltr' id='par_1_66' title="bbox 52 3373 1618 3448">
     <span class='ocr_line' id='line_1_66' title="bbox 52 3373 1618 3448; baseline 0.003 -24"><span class='ocrx_word' id='word_1_482' title='bbox 52 3373 206 3438; x_wconf 72' lang='grc' dir='ltr'>νατὸν,</span> <span class='ocrx_word' id='word_1_483' title='bbox 223 3378 322 3429; x_wconf 75' lang='grc' dir='ltr'>καὶ</span> <span class='ocrx_word' id='word_1_484' title='bbox 339 3374 561 3447; x_wconf 85' lang='grc' dir='ltr'>νύκτωρ</span> <span class='ocrx_word' id='word_1_485' title='bbox 578 3376 675 3428; x_wconf 83' lang='grc' dir='ltr'>οὑκ</span> <span class='ocrx_word' id='word_1_486' title='bbox 693 3373 884 3440; x_wconf 82' lang='grc' dir='ltr'>ῶκνεις</span> <span class='ocrx_word' id='word_1_487' title='bbox 901 3376 1192 3448; x_wconf 79' lang='grc' dir='ltr'>διατρίϐειν</span> <span class='ocrx_word' id='word_1_488' title='bbox 1211 3378 1267 3429; x_wconf 79' lang='grc' dir='ltr'>ἐν</span> <span class='ocrx_word' id='word_1_489' title='bbox 1285 3380 1401 3440; x_wconf 89' lang='grc' dir='ltr'>ταῖς</span> <span class='ocrx_word' id='word_1_490' title='bbox 1421 3375 1618 3446; x_wconf 76' lang='grc' dir='ltr'>βιϐλιο-</span> 
     </span>
    </p>
   </div>
   <div class='ocr_carea' id='block_1_67' title="bbox 54 3461 240 3533">
    <p class='ocr_par' dir='ltr' id='par_1_67' title="bbox 54 3461 240 3533">
     <span class='ocr_line' id='line_1_67' title="bbox 54 3461 240 3533; baseline 0.032 -20"><span class='ocrx_word' id='word_1_491' title='bbox 54 3461 240 3533; x_wconf 77' lang='grc' dir='ltr'>θήκαις.</span> 
     </span>
    </p>
   </div>
   <div class='ocr_carea' id='block_1_68' title="bbox 113 3719 1620 3799">
    <p class='ocr_par' dir='ltr' id='par_1_68' title="bbox 113 3719 1620 3799">
     <span class='ocr_line' id='line_1_68' title="bbox 113 3719 1620 3799; baseline -0.001 -21"><span class='ocrx_word' id='word_1_492' title='bbox 113 3725 156 3778; x_wconf 84' lang='grc'>5.</span> <span class='ocrx_word' id='word_1_493' title='bbox 201 3726 423 3799; x_wconf 82' lang='grc' dir='ltr'>Ἐπειδὴ</span> <span class='ocrx_word' id='word_1_494' title='bbox 454 3719 548 3780; x_wconf 76' lang='grc' dir='ltr'>οὖν</span> <span class='ocrx_word' id='word_1_495' title='bbox 584 3725 754 3779; x_wconf 83' lang='grc' dir='ltr'>πολλὰ</span> <span class='ocrx_word' id='word_1_496' title='bbox 777 3726 1033 3794; x_wconf 84' lang='grc' dir='ltr'>ἀνέγνως,</span> <span class='ocrx_word' id='word_1_497' title='bbox 1065 3726 1118 3778; x_wconf 89' lang='grc' dir='ltr'><strong>τί</strong></span> <span class='ocrx_word' id='word_1_498' title='bbox 1142 3744 1222 3779; x_wconf 87' lang='grc' dir='ltr'><strong>σοι</strong></span> <span class='ocrx_word' id='word_1_499' title='bbox 1255 3723 1399 3788; x_wconf 76' lang='grc' dir='ltr'>ἔδοξε</span> <span class='ocrx_word' id='word_1_500' title='bbox 1430 3724 1499 3780; x_wconf 75' lang='grc' dir='ltr'><strong>τὰ</strong></span> <span class='ocrx_word' id='word_1_501' title='bbox 1518 3726 1620 3796; x_wconf 79' lang='grc' dir='ltr'><strong>Ζή-</strong></span> 
     </span>
    </p>
   </div>
   <div class='ocr_carea' id='block_1_69' title="bbox 57 3817 1620 3890">
    <p class='ocr_par' dir='ltr' id='par_1_69' title="bbox 57 3817 1620 3890">
     <span class='ocr_line' id='line_1_69' title="bbox 57 3817 1620 3890; baseline 0 -20"><span class='ocrx_word' id='word_1_502' title='bbox 57 3820 250 3889; x_wconf 78' lang='grc' dir='ltr'>νωνοςῆ</span> <span class='ocrx_word' id='word_1_503' title='bbox 287 3819 360 3871; x_wconf 78' lang='grc' dir='ltr'><strong>τὰ</strong></span> <span class='ocrx_word' id='word_1_504' title='bbox 393 3819 702 3886; x_wconf 89' lang='grc' dir='ltr'>Διογένους,</span> <span class='ocrx_word' id='word_1_505' title='bbox 745 3820 837 3872; x_wconf 80' lang='grc' dir='ltr'><strong>καὶ</strong></span> <span class='ocrx_word' id='word_1_506' title='bbox 871 3819 1196 3884; x_wconf 81' lang='grc' dir='ltr'>Κλεάνθους,</span> <span class='ocrx_word' id='word_1_507' title='bbox 1229 3819 1400 3872; x_wconf 86' lang='grc' dir='ltr'>ὁπόσα</span> <span class='ocrx_word' id='word_1_508' title='bbox 1433 3817 1620 3890; x_wconf 88' lang='grc' dir='ltr'>περιέ-</span> 
     </span>
    </p>
   </div>
   <div class='ocr_carea' id='block_1_70' title="bbox 58 3908 1614 3981">
    <p class='ocr_par' dir='ltr' id='par_1_70' title="bbox 58 3908 1614 3981">
     <span class='ocr_line' id='line_1_70' title="bbox 58 3908 1614 3981; baseline 0.002 -22"><span class='ocrx_word' id='word_1_509' title='bbox 58 3924 216 3976; x_wconf 87' lang='grc' dir='ltr'>χουσιν</span> <span class='ocrx_word' id='word_1_510' title='bbox 245 3910 303 3963; x_wconf 87' lang='grc' dir='ltr'><strong>αί</strong></span> <span class='ocrx_word' id='word_1_511' title='bbox 345 3908 524 3979; x_wconf 76' lang='grc' dir='ltr'>βίϐλοι</span> <span class='ocrx_word' id='word_1_512' title='bbox 549 3908 751 3973; x_wconf 78' lang='grc' dir='ltr'>αὐτῶν,</span> <span class='ocrx_word' id='word_1_513' title='bbox 779 3909 1121 3963; x_wconf 81' lang='grc' dir='ltr'>διδάσκουσαι</span> <span class='ocrx_word' id='word_1_514' title='bbox 1149 3908 1614 3981; x_wconf 81' lang='grc' dir='ltr'>ἀνθρωποϐορίας,</span> 
     </span>
    </p>
   </div>
   <div class='ocr_carea' id='block_1_71' title="bbox 59 3999 1620 4074">
    <p class='ocr_par' dir='ltr' id='par_1_71' title="bbox 59 3999 1620 4074">
     <span class='ocr_line' id='line_1_71' title="bbox 59 3999 1620 4074; baseline 0.001 -24"><span class='ocrx_word' id='word_1_515' title='bbox 59 4002 270 4072; x_wconf 78' lang='grc' dir='ltr'>πατέρας</span> <span class='ocrx_word' id='word_1_516' title='bbox 305 4003 410 4074; x_wconf 84' lang='grc' dir='ltr'>μὲν</span> <span class='ocrx_word' id='word_1_517' title='bbox 443 4001 554 4055; x_wconf 79' lang='grc' dir='ltr'>ἀπὸ</span> <span class='ocrx_word' id='word_1_518' title='bbox 595 4000 738 4054; x_wconf 87' lang='grc' dir='ltr'>ἰδίων</span> <span class='ocrx_word' id='word_1_519' title='bbox 775 4001 978 4054; x_wconf 88' lang='grc' dir='ltr'>τέκνων</span> <span class='ocrx_word' id='word_1_520' title='bbox 1011 4000 1235 4070; x_wconf 73' lang='grc' dir='ltr'>ἕψεσθαι</span> <span class='ocrx_word' id='word_1_521' title='bbox 1277 3999 1386 4073; x_wconf 82' lang='grc'>(15)</span> <span class='ocrx_word' id='word_1_522' title='bbox 1420 4001 1512 4053; x_wconf 76' lang='grc' dir='ltr'>καὶ</span> <span class='ocrx_word' id='word_1_523' title='bbox 1539 4001 1620 4071; x_wconf 79' lang='grc' dir='ltr'><strong>βι-</strong></span> 
     </span>
    </p>
   </div>
   <div class='ocr_carea' id='block_1_72' title="bbox 60 4090 1620 4163">
    <p class='ocr_par' dir='ltr' id='par_1_72' title="bbox 60 4090 1620 4163">
     <span class='ocr_line' id='line_1_72' title="bbox 60 4090 1620 4163; baseline 0.004 -23"><span class='ocrx_word' id='word_1_524' title='bbox 60 4090 399 4160; x_wconf 77' lang='grc' dir='ltr'>όρώσκεσθαι,</span> <span class='ocrx_word' id='word_1_525' title='bbox 437 4093 535 4146; x_wconf 68' lang='grc' dir='ltr'><strong>καὶ</strong></span> <span class='ocrx_word' id='word_1_526' title='bbox 568 4094 619 4145; x_wconf 91' lang='grc' dir='ltr'><strong>εῖ</strong></span> <span class='ocrx_word' id='word_1_527' title='bbox 659 4109 743 4155; x_wconf 88' lang='grc' dir='ltr'><strong>τις</strong></span> <span class='ocrx_word' id='word_1_528' title='bbox 779 4093 839 4145; x_wconf 88' lang='grc' dir='ltr'><strong>ού</strong></span> <span class='ocrx_word' id='word_1_529' title='bbox 891 4092 1128 4163; x_wconf 84' lang='grc' dir='ltr'>βούλοιτο</span> <span class='ocrx_word' id='word_1_530' title='bbox 1160 4092 1192 4163; x_wconf 82' lang='grc' dir='ltr'>ἤ</span> <span class='ocrx_word' id='word_1_531' title='bbox 1231 4093 1391 4163; x_wconf 84' lang='grc' dir='ltr'>μέλος</span> <span class='ocrx_word' id='word_1_532' title='bbox 1432 4111 1486 4146; x_wconf 90' lang='grc' dir='ltr'><strong>τι</strong></span> <span class='ocrx_word' id='word_1_533' title='bbox 1518 4094 1620 4163; x_wconf 88' lang='grc' dir='ltr'><strong>τῆς</strong></span> 
     </span>
    </p>
   </div>
   <div class='ocr_carea' id='block_1_73' title="bbox 63 4183 1616 4256">
    <p class='ocr_par' dir='ltr' id='par_1_73' title="bbox 63 4183 1616 4256">
     <span class='ocr_line' id='line_1_73' title="bbox 63 4183 1616 4256; baseline 0.002 -23"><span class='ocrx_word' id='word_1_534' title='bbox 63 4187 275 4254; x_wconf 81' lang='grc' dir='ltr'>μυσερᾶς</span> <span class='ocrx_word' id='word_1_535' title='bbox 297 4184 512 4256; x_wconf 82' lang='grc' dir='ltr'>τροφῆς</span> <span class='ocrx_word' id='word_1_536' title='bbox 527 4183 877 4255; x_wconf 68' lang='grc' dir='ltr'>ἀπορρίψειεν</span> <span class='ocrx_word' id='word_1_537' title='bbox 897 4183 1029 4255; x_wconf 78' lang='grc'>(14),</span> <span class='ocrx_word' id='word_1_538' title='bbox 1054 4183 1216 4237; x_wconf 82' lang='grc' dir='ltr'>αὑτὸν</span> <span class='ocrx_word' id='word_1_539' title='bbox 1233 4184 1616 4238; x_wconf 86' lang='grc' dir='ltr'>κατεσθίεσθαι</span> 
     </span>
    </p>
   </div>
   <div class='ocr_carea' id='block_1_74' title="bbox 60 4275 1619 4349">
    <p class='ocr_par' dir='ltr' id='par_1_74' title="bbox 60 4275 1619 4349">
     <span class='ocr_line' id='line_1_74' title="bbox 60 4275 1619 4349; baseline 0.004 -24"><span class='ocrx_word' id='word_1_540' title='bbox 60 4275 133 4326; x_wconf 75' lang='grc' dir='ltr'><strong>τὸν</strong></span> <span class='ocrx_word' id='word_1_541' title='bbox 162 4277 232 4348; x_wconf 78' lang='grc' dir='ltr'>μὴ</span> <span class='ocrx_word' id='word_1_542' title='bbox 274 4277 558 4348; x_wconf 86' lang='grc' dir='ltr'>φαγόντα;</span> <span class='ocrx_word' id='word_1_543' title='bbox 594 4277 737 4348; x_wconf 81' lang='grc' dir='ltr'>Πρὸς</span> <span class='ocrx_word' id='word_1_544' title='bbox 772 4276 980 4340; x_wconf 85' lang='grc' dir='ltr'>τούτοις</span> <span class='ocrx_word' id='word_1_545' title='bbox 1021 4276 1299 4349; x_wconf 86' lang='grc' dir='ltr'>ἀθεωτέρα</span> <span class='ocrx_word' id='word_1_546' title='bbox 1341 4295 1424 4341; x_wconf 84' lang='grc' dir='ltr'><strong>τις</strong></span> <span class='ocrx_word' id='word_1_547' title='bbox 1469 4277 1619 4349; x_wconf 84' lang='grc' dir='ltr'>φωνὴ</span> 
     </span>
    </p>
   </div>
   <div class='ocr_carea' id='block_1_75' title="bbox 61 4367 1621 4440">
    <p class='ocr_par' dir='ltr' id='par_1_75' title="bbox 61 4367 1621 4440">
     <span class='ocr_line' id='line_1_75' title="bbox 61 4367 1621 4440; baseline -0.003 -16"><span class='ocrx_word' id='word_1_548' title='bbox 61 4367 380 4437; x_wconf 75' lang='grc' dir='ltr'>εὑρίσκεται,</span> <span class='ocrx_word' id='word_1_549' title='bbox 423 4371 457 4440; x_wconf 80' lang='grc' dir='ltr'>ἡ</span> <span class='ocrx_word' id='word_1_550' title='bbox 501 4367 598 4421; x_wconf 75' lang='grc' dir='ltr'>τοῦ</span> <span class='ocrx_word' id='word_1_551' title='bbox 637 4367 936 4436; x_wconf 86' lang='grc' dir='ltr'>Διογένους,</span> <span class='ocrx_word' id='word_1_552' title='bbox 979 4367 1319 4432; x_wconf 86' lang='grc' dir='ltr'>διδάσκοντος</span> <span class='ocrx_word' id='word_1_553' title='bbox 1351 4369 1418 4422; x_wconf 89' lang='grc' dir='ltr'><strong>τά</strong></span> <span class='ocrx_word' id='word_1_554' title='bbox 1456 4369 1621 4421; x_wconf 82' lang='grc' dir='ltr'>τέκνα</span> 
     </span>
    </p>
   </div>
   <div class='ocr_carea' id='block_1_76' title="bbox 120 4517 1697 4602">
    <p class='ocr_par' dir='ltr' id='par_1_76' title="bbox 120 4517 1697 4602">
     <span class='ocr_line' id='line_1_76' title="bbox 120 4517 1697 4602; baseline -0.001 -17"><span class='ocrx_word' id='word_1_555' title='bbox 120 4531 184 4598; x_wconf 75' lang='lat'><strong>(5)</strong></span> <span class='ocrx_word' id='word_1_556' title='bbox 213 4531 522 4602; x_wconf 66' lang='grc' dir='ltr'>Ἀδελφήν.</span> <span class='ocrx_word' id='word_1_557' title='bbox 553 4531 695 4602; x_wconf 86' lang='lat' dir='ltr'><strong>Editi</strong></span> <span class='ocrx_word' id='word_1_558' title='bbox 725 4531 929 4585; x_wconf 91' lang='lat' dir='ltr'><strong>addunt</strong></span> <span class='ocrx_word' id='word_1_559' title='bbox 972 4529 1170 4602; x_wconf 67' lang='grc' dir='ltr'>αὐτῶν,</span> <span class='ocrx_word' id='word_1_560' title='bbox 1209 4531 1350 4601; x_wconf 90' lang='lat' dir='ltr'><strong>quod</strong></span> <span class='ocrx_word' id='word_1_561' title='bbox 1377 4545 1622 4602; x_wconf 71' lang='lat' dir='ltr'><strong>percom-</strong></span> <span class='ocrx_word' id='word_1_562' title='bbox 1651 4517 1697 4572; x_wconf 80' lang='grc' dir='ltr'>Ῑ)</span> 
     </span>
    </p>
   </div>
   <div class='ocr_carea' id='block_1_77' title="bbox 61 4600 1616 4672">
    <p class='ocr_par' dir='ltr' id='par_1_77' title="bbox 61 4600 1616 4672">
     <span class='ocr_line' id='line_1_77' title="bbox 61 4600 1616 4672; baseline 0.001 -21"><span class='ocrx_word' id='word_1_563' title='bbox 61 4604 196 4656; x_wconf 86' lang='lat' dir='ltr'><strong>mode</strong></span> <span class='ocrx_word' id='word_1_564' title='bbox 221 4600 460 4659; x_wconf 23' lang='lat' dir='ltr'><strong>dcest‘in</strong></span> <span class='ocrx_word' id='word_1_565' title='bbox 488 4605 611 4657; x_wconf 88' lang='lat' dir='ltr'><strong>cod.</strong></span> <span class='ocrx_word' id='word_1_566' title='bbox 641 4601 828 4672; x_wconf 81' lang='lat' dir='ltr'><strong>Regio,</strong></span> <span class='ocrx_word' id='word_1_567' title='bbox 859 4611 912 4672; x_wconf 77' lang='lat' dir='ltr'><strong>et</strong></span> <span class='ocrx_word' id='word_1_568' title='bbox 941 4602 1073 4657; x_wconf 88' lang='lat' dir='ltr'><strong>edit.</strong></span> <span class='ocrx_word' id='word_1_569' title='bbox 1104 4600 1400 4672; x_wconf 55' lang='lat' dir='ltr'><strong>Hamburgl</strong></span> <span class='ocrx_word' id='word_1_570' title='bbox 1446 4601 1616 4654; x_wconf 88' lang='lat' dir='ltr'><strong>Paulo</strong></span> 
     </span>
    </p>
   </div>
   <div class='ocr_carea' id='block_1_78' title="bbox 62 4671 1612 4744">
    <p class='ocr_par' dir='ltr' id='par_1_78' title="bbox 62 4671 1612 4744">
     <span class='ocr_line' id='line_1_78' title="bbox 62 4671 1612 4744; baseline 0.001 -23"><span class='ocrx_word' id='word_1_571' title='bbox 62 4681 168 4725; x_wconf 80' lang='lat' dir='ltr'><strong>ante</strong></span> <span class='ocrx_word' id='word_1_572' title='bbox 188 4675 312 4727; x_wconf 89' lang='lat' dir='ltr'><strong>editi</strong></span> <span class='ocrx_word' id='word_1_573' title='bbox 349 4673 518 4744; x_wconf 76' lang='grc' dir='ltr'>φασὶν</span> <span class='ocrx_word' id='word_1_574' title='bbox 549 4671 836 4744; x_wconf 81' lang='grc' dir='ltr'>διακονεῖν.</span> <span class='ocrx_word' id='word_1_575' title='bbox 868 4671 1072 4744; x_wconf 63' lang='lat' dir='ltr'><strong>Iiegius</strong></span> <span class='ocrx_word' id='word_1_576' title='bbox 1115 4673 1236 4744; x_wconf 84' lang='lat' dir='ltr'><strong>cod.</strong></span> <span class='ocrx_word' id='word_1_577' title='bbox 1268 4680 1327 4724; x_wconf 92' lang='lat' dir='ltr'><strong>ut</strong></span> <span class='ocrx_word' id='word_1_578' title='bbox 1359 4671 1411 4724; x_wconf 88' lang='lat' dir='ltr'><strong>in</strong></span> <span class='ocrx_word' id='word_1_579' title='bbox 1442 4680 1612 4744; x_wconf 62' lang='lat' dir='ltr'><strong>textu.</strong></span> 
     </span>
    </p>
   </div>
   <div class='ocr_carea' id='block_1_79' title="bbox 120 4740 1613 4814">
    <p class='ocr_par' dir='ltr' id='par_1_79' title="bbox 120 4740 1613 4814">
     <span class='ocr_line' id='line_1_79' title="bbox 120 4740 1613 4814; baseline 0 -20"><span class='ocrx_word' id='word_1_580' title='bbox 120 4744 188 4811; x_wconf 82' lang='grc' dir='ltr'><strong>(θ)</strong></span> <span class='ocrx_word' id='word_1_581' title='bbox 210 4745 311 4796; x_wconf 88' lang='grc' dir='ltr'>Δία</span> <span class='ocrx_word' id='word_1_582' title='bbox 344 4740 575 4814; x_wconf 62' lang='grc' dir='ltr'>γαμεῖν.</span> <span class='ocrx_word' id='word_1_583' title='bbox 613 4743 702 4797; x_wconf 90' lang='lat' dir='ltr'><strong>Sic</strong></span> <span class='ocrx_word' id='word_1_584' title='bbox 735 4743 876 4798; x_wconf 88' lang='lat' dir='ltr'><strong>idem</strong></span> <span class='ocrx_word' id='word_1_585' title='bbox 901 4740 1032 4811; x_wconf 71' lang='lat' dir='ltr'><strong>lieg.</strong></span> <span class='ocrx_word' id='word_1_586' title='bbox 1054 4742 1224 4814; x_wconf 82' lang='lat' dir='ltr'><strong>codex</strong></span> <span class='ocrx_word' id='word_1_587' title='bbox 1254 4757 1444 4814; x_wconf 84' lang='lat' dir='ltr'><strong>pro__eo</strong></span> <span class='ocrx_word' id='word_1_588' title='bbox 1469 4740 1613 4811; x_wconf 85' lang='lat' dir='ltr'><strong>quod</strong></span> 
     </span>
    </p>
   </div>
   <div class='ocr_carea' id='block_1_80' title="bbox 62 4811 1617 4883">
    <p class='ocr_par' dir='ltr' id='par_1_80' title="bbox 62 4811 1617 4883">
     <span class='ocr_line' id='line_1_80' title="bbox 62 4811 1617 4883; baseline 0.001 -21"><span class='ocrx_word' id='word_1_589' title='bbox 62 4811 228 4868; x_wconf 79' lang='lat' dir='ltr'><strong>vitiose</strong></span> <span class='ocrx_word' id='word_1_590' title='bbox 257 4816 313 4868; x_wconf 86' lang='lat' dir='ltr'><strong>in</strong></span> <span class='ocrx_word' id='word_1_591' title='bbox 347 4811 514 4870; x_wconf 76' lang='lat' dir='ltr'><strong>editis</strong></span> <span class='ocrx_word' id='word_1_592' title='bbox 535 4854 549 4877; x_wconf 90' lang='lat'><strong>,</strong></span> <span class='ocrx_word' id='word_1_593' title='bbox 580 4822 806 4883; x_wconf 82' lang='lat' dir='ltr'><strong>excepta</strong></span> <span class='ocrx_word' id='word_1_594' title='bbox 848 4821 1029 4867; x_wconf 86' lang='lat' dir='ltr'><strong>tamen</strong></span> <span class='ocrx_word' id='word_1_595' title='bbox 1075 4813 1313 4866; x_wconf 89' lang='lat' dir='ltr'><strong>editione</strong></span> <span class='ocrx_word' id='word_1_596' title='bbox 1345 4811 1617 4883; x_wconf 77' lang='lat' dir='ltr'><strong>liamhur-</strong></span> 
     </span>
    </p>
   </div>
   <div class='ocr_carea' id='block_1_81' title="bbox 65 4882 1616 4954">
    <p class='ocr_par' dir='ltr' id='par_1_81' title="bbox 65 4882 1616 4954">
     <span class='ocr_line' id='line_1_81' title="bbox 65 4882 1616 4954; baseline 0.001 -20"><span class='ocrx_word' id='word_1_597' title='bbox 65 4885 220 4954; x_wconf 73' lang='lat' dir='ltr'><strong>gensi,</strong></span> <span class='ocrx_word' id='word_1_598' title='bbox 264 4887 548 4954; x_wconf 78' lang='lat' dir='ltr'><strong>legebatur</strong></span> <span class='ocrx_word' id='word_1_599' title='bbox 574 4883 669 4952; x_wconf 64' lang='grc' dir='ltr'>ςδιὰ</span> <span class='ocrx_word' id='word_1_600' title='bbox 708 4882 905 4954; x_wconf 83' lang='grc' dir='ltr'>γάμου.</span> <span class='ocrx_word' id='word_1_601' title='bbox 947 4883 1310 4954; x_wconf 73' lang='lat' dir='ltr'><strong>Chrysippum</strong></span> <span class='ocrx_word' id='word_1_602' title='bbox 1354 4882 1616 4954; x_wconf 82' lang='lat' dir='ltr'><strong>Origenes</strong></span> 
     </span>
    </p>
   </div>
   <div class='ocr_carea' id='block_1_82' title="bbox 65 4951 1614 5024">
    <p class='ocr_par' dir='ltr' id='par_1_82' title="bbox 65 4951 1614 5024">
     <span class='ocr_line' id='line_1_82' title="bbox 65 4951 1614 5024; baseline 0.001 -20"><span class='ocrx_word' id='word_1_603' title='bbox 65 4953 139 5005; x_wconf 79' lang='lat' dir='ltr'><strong>lib.</strong></span> <span class='ocrx_word' id='word_1_604' title='bbox 167 4971 215 5008; x_wconf 81' lang='lat' dir='ltr'><strong>iv</strong></span> <span class='ocrx_word' id='word_1_605' title='bbox 245 4956 300 5009; x_wconf 91' lang='lat' dir='ltr'><strong>in</strong></span> <span class='ocrx_word' id='word_1_606' title='bbox 318 4951 478 5010; x_wconf 63' lang='lat' dir='ltr'><strong>Cels.</strong></span> <span class='ocrx_word' id='word_1_607' title='bbox 513 4951 860 5024; x_wconf 83' lang='lat' dir='ltr'><strong>etDiogenes</strong></span> <span class='ocrx_word' id='word_1_608' title='bbox 890 4951 1223 5008; x_wconf 29' lang='lat' dir='ltr'><strong>Laertius’in</strong></span> <span class='ocrx_word' id='word_1_609' title='bbox 1252 4951 1614 5024; x_wconf 83' lang='lat' dir='ltr'><strong>Chrysippum</strong></span> 
     </span>
    </p>
   </div>
   <div class='ocr_carea' id='block_1_83' title="bbox 64 5022 1615 5095">
    <p class='ocr_par' dir='ltr' id='par_1_83' title="bbox 64 5022 1615 5095">
     <span class='ocr_line' id='line_1_83' title="bbox 64 5022 1615 5095; baseline -0.001 -19"><span class='ocrx_word' id='word_1_610' title='bbox 64 5026 313 5095; x_wconf 68' lang='lat' dir='ltr'><strong>exagitant</strong></span> <span class='ocrx_word' id='word_1_611' title='bbox 355 5027 428 5080; x_wconf 92' lang='lat' dir='ltr'><strong>ob</strong></span> <span class='ocrx_word' id='word_1_612' title='bbox 481 5022 876 5093; x_wconf 39' lang='lat' dir='ltr'><strong>turpem—hanc</strong></span> <span class='ocrx_word' id='word_1_613' title='bbox 906 5024 1190 5078; x_wconf 91' lang='lat' dir='ltr'><strong>historiam</strong></span> <span class='ocrx_word' id='word_1_614' title='bbox 1221 5023 1291 5077; x_wconf 88' lang='lat' dir='ltr'><strong>ab</strong></span> <span class='ocrx_word' id='word_1_615' title='bbox 1332 5022 1430 5086; x_wconf 89' lang='lat' dir='ltr'><strong>eo,</strong></span> <span class='ocrx_word' id='word_1_616' title='bbox 1465 5022 1615 5076; x_wconf 90' lang='lat' dir='ltr'><strong>omni</strong></span> 
     </span>
    </p>
   </div>
   <div class='ocr_carea' id='block_1_84' title="bbox 66 5095 1616 5164">
    <p class='ocr_par' dir='ltr' id='par_1_84' title="bbox 66 5095 1616 5164">
     <span class='ocr_line' id='line_1_84' title="bbox 66 5095 1616 5164; baseline 0.002 -21"><span class='ocrx_word' id='word_1_617' title='bbox 66 5107 266 5161; x_wconf 88' lang='lat' dir='ltr'><strong>prorsus</strong></span> <span class='ocrx_word' id='word_1_618' title='bbox 307 5097 527 5164; x_wconf 85' lang='lat' dir='ltr'><strong>abjecto</strong></span> <span class='ocrx_word' id='word_1_619' title='bbox 556 5095 784 5164; x_wconf 90' lang='lat' dir='ltr'><strong>pudore,</strong></span> <span class='ocrx_word' id='word_1_620' title='bbox 819 5095 1176 5163; x_wconf 89' lang='lat' dir='ltr'><strong>descriptam,</strong></span> <span class='ocrx_word' id='word_1_621' title='bbox 1201 5095 1452 5162; x_wconf 88' lang='lat' dir='ltr'><strong>quamvis</strong></span> <span class='ocrx_word' id='word_1_622' title='bbox 1490 5109 1616 5164; x_wconf 82' lang='lat' dir='ltr'><strong>eum</strong></span> 
     </span>
    </p>
   </div>
   <div class='ocr_carea' id='block_1_85' title="bbox 66 5162 1616 5237">
    <p class='ocr_par' dir='ltr' id='par_1_85' title="bbox 66 5162 1616 5237">
     <span class='ocr_line' id='line_1_85' title="bbox 66 5162 1616 5237; baseline 0.002 -24"><span class='ocrx_word' id='word_1_623' title='bbox 66 5178 156 5237; x_wconf 80' lang='lat' dir='ltr'><strong>non</strong></span> <span class='ocrx_word' id='word_1_624' title='bbox 185 5162 499 5221; x_wconf 71' lang='lat' dir='ltr'><strong>inﬁcieritur</strong></span> <span class='ocrx_word' id='word_1_625' title='bbox 523 5162 638 5237; x_wconf 54' lang='lat' dir='ltr'><strong>inec</strong></span> <span class='ocrx_word' id='word_1_626' title='bbox 670 5165 736 5237; x_wconf 82' lang='lat' dir='ltr'><strong>ad</strong></span> <span class='ocrx_word' id='word_1_627' title='bbox 760 5162 1154 5237; x_wconf 71' lang='lat' dir='ltr'><strong>physiologiam</strong></span> <span class='ocrx_word' id='word_1_628' title='bbox 1183 5178 1487 5237; x_wconf 82' lang='lat' dir='ltr'><strong>revocasse.</strong></span> <span class='ocrx_word' id='word_1_629' title='bbox 1514 5162 1616 5218; x_wconf 86' lang='lat' dir='ltr'><strong>Or-</strong></span> 
     </span>
    </p>
   </div>
   <div class='ocr_carea' id='block_1_86' title="bbox 68 5233 1618 5306">
    <p class='ocr_par' dir='ltr' id='par_1_86' title="bbox 68 5233 1618 5306">
     <span class='ocr_line' id='line_1_86' title="bbox 68 5233 1618 5306; baseline 0.002 -21"><span class='ocrx_word' id='word_1_630' title='bbox 68 5235 216 5300; x_wconf 84' lang='lat' dir='ltr'><strong>pheus</strong></span> <span class='ocrx_word' id='word_1_631' title='bbox 243 5238 388 5306; x_wconf 85' lang='lat' dir='ltr'><strong>apud</strong></span> <span class='ocrx_word' id='word_1_632' title='bbox 419 5236 675 5291; x_wconf 90' lang='lat' dir='ltr'><strong>eumdem</strong></span> <span class='ocrx_word' id='word_1_633' title='bbox 708 5233 979 5306; x_wconf 64' lang='lat' dir='ltr'><strong>Laer&#39;tiurn</strong></span> <span class='ocrx_word' id='word_1_634' title='bbox 1016 5233 1069 5289; x_wconf 81' lang='lat' dir='ltr'><strong>in</strong></span> <span class='ocrx_word' id='word_1_635' title='bbox 1101 5233 1372 5306; x_wconf 66' lang='lat' dir='ltr'><strong>Prooemio</strong></span> <span class='ocrx_word' id='word_1_636' title='bbox 1405 5235 1618 5304; x_wconf 86' lang='lat' dir='ltr'><strong>vitupe-</strong></span> 
     </span>
    </p>
   </div>
   <div class='ocr_carea' id='block_1_87' title="bbox 70 5303 1332 5375">
    <p class='ocr_par' dir='ltr' id='par_1_87' title="bbox 70 5303 1332 5375">
     <span class='ocr_line' id='line_1_87' title="bbox 70 5303 1332 5375; baseline 0.004 -21"><span class='ocrx_word' id='word_1_637' title='bbox 70 5314 200 5359; x_wconf 85' lang='lat' dir='ltr'><strong>ratur</strong></span> <span class='ocrx_word' id='word_1_638' title='bbox 229 5303 297 5360; x_wconf 71' lang='grc' dir='ltr'>οὗ</span> <span class='ocrx_word' id='word_1_639' title='bbox 328 5308 474 5361; x_wconf 86' lang='lat' dir='ltr'><strong>hanc</strong></span> <span class='ocrx_word' id='word_1_640' title='bbox 508 5307 896 5375; x_wconf 89' lang='lat' dir='ltr'><strong>turpitudinem</strong></span> <span class='ocrx_word' id='word_1_641' title='bbox 927 5303 1046 5359; x_wconf 86' lang='lat' dir='ltr'><strong>Jovi</strong></span> <span class='ocrx_word' id='word_1_642' title='bbox 1078 5304 1332 5359; x_wconf 83' lang='lat' dir='ltr'><strong>allictam.</strong></span> 
     </span>
    </p>
   </div>
   <div class='ocr_carea' id='block_1_88' title="bbox 127 5373 1617 5446">
    <p class='ocr_par' dir='ltr' id='par_1_88' title="bbox 127 5373 1617 5446">
     <span class='ocr_line' id='line_1_88' title="bbox 127 5373 1617 5446; baseline -0.001 -18"><span class='ocrx_word' id='word_1_643' title='bbox 127 5378 194 5446; x_wconf 86' lang='lat'><strong>(7)</strong></span> <span class='ocrx_word' id='word_1_644' title='bbox 230 5379 324 5430; x_wconf 72' lang='grc' dir='ltr'><em>Ἐν</em></span> <span class='ocrx_word' id='word_1_645' title='bbox 354 5377 555 5445; x_wconf 79' lang='grc' dir='ltr'>ἑτέρῳ.</span> <span class='ocrx_word' id='word_1_646' title='bbox 583 5373 764 5431; x_wconf 77' lang='lat' dir='ltr'><strong>lunuit</strong></span> <span class='ocrx_word' id='word_1_647' title='bbox 792 5392 922 5431; x_wconf 83' lang='lat' dir='ltr'><strong>vero</strong></span> <span class='ocrx_word' id='word_1_648' title='bbox 952 5377 1040 5430; x_wconf 92' lang='lat' dir='ltr'><strong>hic</strong></span> <span class='ocrx_word' id='word_1_649' title='bbox 1064 5382 1252 5446; x_wconf 83' lang='lat' dir='ltr'><strong>noster</strong></span> <span class='ocrx_word' id='word_1_650' title='bbox 1279 5375 1475 5429; x_wconf 90' lang='lat' dir='ltr'><strong>librum</strong></span> <span class='ocrx_word' id='word_1_651' title='bbox 1508 5373 1617 5446; x_wconf 85' lang='lat' dir='ltr'><strong>pri-</strong></span> 
     </span>
    </p>
   </div>
   <div class='ocr_carea' id='block_1_89' title="bbox 70 5444 1619 5517">
    <p class='ocr_par' dir='ltr' id='par_1_89' title="bbox 70 5444 1619 5517">
     <span class='ocr_line' id='line_1_89' title="bbox 70 5444 1619 5517; baseline 0 -21"><span class='ocrx_word' id='word_1_652' title='bbox 70 5444 195 5517; x_wconf 70' lang='lat' dir='ltr'><strong>mum</strong></span> <span class='ocrx_word' id='word_1_653' title='bbox 219 5448 282 5501; x_wconf 87' lang='lat' dir='ltr'><strong>ad</strong></span> <span class='ocrx_word' id='word_1_654' title='bbox 306 5444 648 5517; x_wconf 72' lang='lat' dir='ltr'><strong>Autolycum,</strong></span> <span class='ocrx_word' id='word_1_655' title='bbox 680 5447 774 5502; x_wconf 90' lang='lat' dir='ltr'><strong>ubi</strong></span> <span class='ocrx_word' id='word_1_656' title='bbox 803 5447 994 5502; x_wconf 86' lang='lat' dir='ltr'><strong>eodem</strong></span> <span class='ocrx_word' id='word_1_657' title='bbox 1021 5445 1370 5517; x_wconf 77' lang='lat' dir='ltr'><strong>fere_ordin_e,</strong></span> <span class='ocrx_word' id='word_1_658' title='bbox 1397 5459 1506 5517; x_wconf 34' lang='lat' dir='ltr'><strong>qu‘o</strong></span> <span class='ocrx_word' id='word_1_659' title='bbox 1531 5444 1619 5517; x_wconf 80' lang='lat' dir='ltr'><strong>hic</strong></span> 
     </span>
    </p>
   </div>
   <div class='ocr_carea' id='block_1_90' title="bbox 72 5513 1619 5588">
    <p class='ocr_par' dir='ltr' id='par_1_90' title="bbox 72 5513 1619 5588">
     <span class='ocr_line' id='line_1_90' title="bbox 72 5513 1619 5588; baseline 0.001 -23"><span class='ocrx_word' id='word_1_660' title='bbox 72 5513 287 5579; x_wconf 70' lang='lat' dir='ltr'><strong>Saturni,</strong></span> <span class='ocrx_word' id='word_1_661' title='bbox 307 5513 580 5579; x_wconf 77' lang='lat' dir='ltr'><strong>Herculis,</strong></span> <span class='ocrx_word' id='word_1_662' title='bbox 605 5517 824 5582; x_wconf 87' lang='lat' dir='ltr'><strong>Bacchi,</strong></span> <span class='ocrx_word' id='word_1_663' title='bbox 844 5513 1363 5588; x_wconf 67' lang='lat' dir='ltr'><strong>ApollinisNeneris</strong></span> <span class='ocrx_word' id='word_1_664' title='bbox 1385 5513 1619 5569; x_wconf 85' lang='lat' dir='ltr'><strong>nefanda</strong></span> 
     </span>
    </p>
   </div>
   <div class='ocr_carea' id='block_1_91' title="bbox 71 5587 1264 5658">
    <p class='ocr_par' dir='ltr' id='par_1_91' title="bbox 71 5587 1264 5658">
     <span class='ocr_line' id='line_1_91' title="bbox 71 5587 1264 5658; baseline 0.004 -23"><span class='ocrx_word' id='word_1_665' title='bbox 71 5598 95 5635; x_wconf 86' lang='lat' dir='ltr'><strong>a</strong></span> <span class='ocrx_word' id='word_1_666' title='bbox 121 5590 400 5655; x_wconf 81' lang='lat' dir='ltr'><strong>gentilibus</strong></span> <span class='ocrx_word' id='word_1_667' title='bbox 435 5589 649 5658; x_wconf 88' lang='lat' dir='ltr'><strong>prodita</strong></span> <span class='ocrx_word' id='word_1_668' title='bbox 680 5587 961 5643; x_wconf 88' lang='lat' dir='ltr'><strong>memorat.</strong></span> <span class='ocrx_word' id='word_1_669' title='bbox 989 5587 1264 5642; x_wconf 56' lang='grc' dir='ltr'>κνοω-ηυξ.</span> 
     </span>
    </p>
   </div>
   <div class='ocr_carea' id='block_1_92' title="bbox 133 5657 1122 5728">
    <p class='ocr_par' dir='ltr' id='par_1_92' title="bbox 133 5657 1122 5728">
     <span class='ocr_line' id='line_1_92' title="bbox 133 5657 1122 5728; baseline 0.002 -18"><span class='ocrx_word' id='word_1_670' title='bbox 133 5659 201 5726; x_wconf 80' lang='grc'><strong>(8)</strong></span> <span class='ocrx_word' id='word_1_671' title='bbox 227 5657 448 5726; x_wconf 70' lang='grc' dir='ltr'>Θεωρῶζ</span> <span class='ocrx_word' id='word_1_672' title='bbox 487 5657 857 5728; x_wconf 69' lang='grc' dir='ltr'>υῑειηυθἾηε.</span> <span class='ocrx_word' id='word_1_673' title='bbox 882 5658 1122 5728; x_wconf 84' lang='grc' dir='ltr'>θεωρῶν.</span> 
     </span>
    </p>
   </div>
   <div class='ocr_carea' id='block_1_93' title="bbox 135 5724 1621 5804">
    <p class='ocr_par' dir='ltr' id='par_1_93' title="bbox 135 5724 1621 5804">
     <span class='ocr_line' id='line_1_93' title="bbox 135 5724 1621 5804; baseline 0 -24"><span class='ocrx_word' id='word_1_674' title='bbox 135 5724 203 5804; x_wconf 72' lang='lat'><strong>(9)</strong></span> <span class='ocrx_word' id='word_1_675' title='bbox 228 5724 381 5804; x_wconf 65' lang='grc' dir='ltr'>Ἐπεί</span> <span class='ocrx_word' id='word_1_676' title='bbox 410 5747 521 5804; x_wconf 71' lang='grc' dir='ltr'>τρι.</span> <span class='ocrx_word' id='word_1_677' title='bbox 555 5724 654 5783; x_wconf 74' lang='grc' dir='ltr'><strong>8ἰὲ</strong></span> <span class='ocrx_word' id='word_1_678' title='bbox 677 5736 905 5800; x_wconf 88' lang='lat' dir='ltr'><strong>uterque</strong></span> <span class='ocrx_word' id='word_1_679' title='bbox 943 5724 1064 5785; x_wconf 85' lang='lat' dir='ltr'><strong>cod.</strong></span> <span class='ocrx_word' id='word_1_680' title='bbox 1101 5735 1172 5804; x_wconf 89' lang='lat' dir='ltr'><strong>et_</strong></span> <span class='ocrx_word' id='word_1_681' title='bbox 1185 5725 1316 5784; x_wconf 90' lang='lat' dir='ltr'><strong>edit.</strong></span> <span class='ocrx_word' id='word_1_682' title='bbox 1350 5724 1621 5782; x_wconf 85' lang='lat' dir='ltr'><strong>Hambur—</strong></span> 
     </span>
    </p>
   </div>
   <div class='ocr_carea' id='block_1_94' title="bbox 78 5800 660 5866">
    <p class='ocr_par' dir='ltr' id='par_1_94' title="bbox 78 5800 660 5866">
     <span class='ocr_line' id='line_1_94' title="bbox 78 5800 660 5866; baseline 0.003 -14"><span class='ocrx_word' id='word_1_683' title='bbox 78 5801 256 5866; x_wconf 70' lang='lat' dir='ltr'><strong>gensis.</strong></span> <span class='ocrx_word' id='word_1_684' title='bbox 291 5803 422 5856; x_wconf 67' lang='lat' dir='ltr'><strong>Aliae</strong></span> <span class='ocrx_word' id='word_1_685' title='bbox 449 5800 660 5854; x_wconf 71' lang='grc' dir='ltr'>ἔπειτα.</span> 
     </span>
    </p>
   </div>
   <div class='ocr_carea' id='block_1_95' title="bbox 1719 3277 3305 3349">
    <p class='ocr_par' dir='ltr' id='par_1_95' title="bbox 1719 3277 3305 3349">
     <span class='ocr_line' id='line_1_95' title="bbox 1719 3277 3305 3349; baseline -0.001 -17"><span class='ocrx_word' id='word_1_686' title='bbox 1719 3279 1960 3349; x_wconf 89' lang='lat' dir='ltr'><strong>tiamque</strong></span> <span class='ocrx_word' id='word_1_687' title='bbox 1985 3295 2108 3334; x_wconf 87' lang='lat' dir='ltr'><strong>esse</strong></span> <span class='ocrx_word' id='word_1_688' title='bbox 2145 3280 2452 3334; x_wconf 90' lang='lat' dir='ltr'><strong>institutum</strong></span> <span class='ocrx_word' id='word_1_689' title='bbox 2485 3285 2758 3333; x_wconf 88' lang='lat' dir='ltr'><strong>nostrum.</strong></span> <span class='ocrx_word' id='word_1_690' title='bbox 2801 3277 3063 3348; x_wconf 78' lang='lat' dir='ltr'><strong>Equidem</strong></span> <span class='ocrx_word' id='word_1_691' title='bbox 3100 3285 3153 3332; x_wconf 88' lang='lat' dir='ltr'><strong>te</strong></span> <span class='ocrx_word' id='word_1_692' title='bbox 3181 3277 3305 3347; x_wconf 77' lang='lat' dir='ltr'><strong>plu-</strong></span> 
     </span>
    </p>
   </div>
   <div class='ocr_carea' id='block_1_96' title="bbox 1714 3369 3304 3441">
    <p class='ocr_par' dir='ltr' id='par_1_96' title="bbox 1714 3369 3304 3441">
     <span class='ocr_line' id='line_1_96' title="bbox 1714 3369 3304 3441; baseline -0.001 -18"><span class='ocrx_word' id='word_1_693' title='bbox 1714 3371 1916 3424; x_wconf 68' lang='lat' dir='ltr'><strong>.rimum</strong></span> <span class='ocrx_word' id='word_1_694' title='bbox 1948 3371 2188 3425; x_wconf 89' lang='lat' dir='ltr'><strong>admiror</strong></span> <span class='ocrx_word' id='word_1_695' title='bbox 2213 3411 2226 3436; x_wconf 98' lang='lat'><strong>,</strong></span> <span class='ocrx_word' id='word_1_696' title='bbox 2259 3371 2352 3441; x_wconf 92' lang='lat' dir='ltr'><strong>qui</strong></span> <span class='ocrx_word' id='word_1_697' title='bbox 2392 3386 2516 3424; x_wconf 92' lang='lat' dir='ltr'><strong>cum</strong></span> <span class='ocrx_word' id='word_1_698' title='bbox 2547 3379 2742 3425; x_wconf 70' lang='lat' dir='ltr'><strong>caetera</strong></span> <span class='ocrx_word' id='word_1_699' title='bbox 2770 3369 3000 3440; x_wconf 79' lang='lat' dir='ltr'><strong>diligens</strong></span> <span class='ocrx_word' id='word_1_700' title='bbox 3029 3376 3083 3424; x_wconf 88' lang='lat' dir='ltr'><strong>et</strong></span> <span class='ocrx_word' id='word_1_701' title='bbox 3119 3369 3304 3424; x_wconf 82' lang='lat' dir='ltr'><strong>consi-</strong></span> 
     </span>
    </p>
   </div>
   <div class='ocr_carea' id='block_1_97' title="bbox 1719 3461 3304 3532">
    <p class='ocr_par' dir='ltr' id='par_1_97' title="bbox 1719 3461 3304 3532">
     <span class='ocr_line' id='line_1_97' title="bbox 1719 3461 3304 3532; baseline 0 -18"><span class='ocrx_word' id='word_1_702' title='bbox 1719 3461 1942 3517; x_wconf 89' lang='lat' dir='ltr'><strong>deratus</strong></span> <span class='ocrx_word' id='word_1_703' title='bbox 1973 3462 2070 3526; x_wconf 92' lang='lat' dir='ltr'><strong>sis,</strong></span> <span class='ocrx_word' id='word_1_704' title='bbox 2089 3478 2153 3515; x_wconf 94' lang='lat' dir='ltr'><strong>ac</strong></span> <span class='ocrx_word' id='word_1_705' title='bbox 2183 3462 2425 3516; x_wconf 92' lang='lat' dir='ltr'><strong>omnium</strong></span> <span class='ocrx_word' id='word_1_706' title='bbox 2450 3477 2633 3516; x_wconf 89' lang='lat' dir='ltr'><strong>rerum</strong></span> <span class='ocrx_word' id='word_1_707' title='bbox 2659 3463 2994 3532; x_wconf 81' lang='lat' dir='ltr'><strong>explorator,</strong></span> <span class='ocrx_word' id='word_1_708' title='bbox 3019 3461 3304 3530; x_wconf 83' lang='lat' dir='ltr'><strong>negligen-</strong></span> 
     </span>
    </p>
   </div>
   <div class='ocr_carea' id='block_1_98' title="bbox 1719 3552 3302 3622">
    <p class='ocr_par' dir='ltr' id='par_1_98' title="bbox 1719 3552 3302 3622">
     <span class='ocr_line' id='line_1_98' title="bbox 1719 3552 3302 3622; baseline 0.001 -15"><span class='ocrx_word' id='word_1_709' title='bbox 1719 3561 1803 3608; x_wconf 89' lang='lat' dir='ltr'><strong>ter</strong></span> <span class='ocrx_word' id='word_1_710' title='bbox 1820 3554 1979 3607; x_wconf 89' lang='lat' dir='ltr'><strong>nobis</strong></span> <span class='ocrx_word' id='word_1_711' title='bbox 1996 3569 2180 3608; x_wconf 89' lang='lat' dir='ltr'><strong>aurem</strong></span> <span class='ocrx_word' id='word_1_712' title='bbox 2200 3553 2603 3608; x_wconf 87' lang='lat' dir='ltr'><strong>accommodes.</strong></span> <span class='ocrx_word' id='word_1_713' title='bbox 2624 3552 2779 3619; x_wconf 86' lang='lat' dir='ltr'><strong>Nam,</strong></span> <span class='ocrx_word' id='word_1_714' title='bbox 2809 3554 2853 3608; x_wconf 89' lang='lat' dir='ltr'><strong>si</strong></span> <span class='ocrx_word' id='word_1_715' title='bbox 2872 3553 2984 3608; x_wconf 90' lang='lat' dir='ltr'><strong>ﬁeri</strong></span> <span class='ocrx_word' id='word_1_716' title='bbox 3004 3560 3206 3622; x_wconf 86' lang='lat' dir='ltr'><strong>posset,</strong></span> <span class='ocrx_word' id='word_1_717' title='bbox 3231 3569 3302 3608; x_wconf 84' lang='lat' dir='ltr'><strong>ne</strong></span> 
     </span>
    </p>
   </div>
   <div class='ocr_carea' id='block_1_99' title="bbox 1718 3645 3297 3714">
    <p class='ocr_par' dir='ltr' id='par_1_99' title="bbox 1718 3645 3297 3714">
     <span class='ocr_line' id='line_1_99' title="bbox 1718 3645 3297 3714; baseline 0 -14"><span class='ocrx_word' id='word_1_718' title='bbox 1718 3653 1934 3700; x_wconf 88' lang='lat' dir='ltr'><strong>noctem</strong></span> <span class='ocrx_word' id='word_1_719' title='bbox 1959 3645 2177 3714; x_wconf 90' lang='lat' dir='ltr'><strong>quidem</strong></span> <span class='ocrx_word' id='word_1_720' title='bbox 2200 3645 2482 3700; x_wconf 86' lang='lat' dir='ltr'><strong>dubitares</strong></span> <span class='ocrx_word' id='word_1_721' title='bbox 2504 3645 2928 3699; x_wconf 84' lang='lat' dir='ltr'><strong>inbibliothecis</strong></span> <span class='ocrx_word' id='word_1_722' title='bbox 2951 3660 3297 3700; x_wconf 90' lang='lat' dir='ltr'><strong>consumere.</strong></span> 
     </span>
    </p>
   </div>
   <div class='ocr_carea' id='block_1_100' title="bbox 1793 3736 3302 3806">
    <p class='ocr_par' dir='ltr' id='par_1_100' title="bbox 1793 3736 3302 3806">
     <span class='ocr_line' id='line_1_100' title="bbox 1793 3736 3302 3806; baseline -0.004 -12"><span class='ocrx_word' id='word_1_723' title='bbox 1793 3739 1846 3794; x_wconf 85' lang='lat'><strong>5.</strong></span> <span class='ocrx_word' id='word_1_724' title='bbox 1879 3738 2064 3806; x_wconf 70' lang='lat' dir='ltr'><strong>A/ﬂcta</strong></span> <span class='ocrx_word' id='word_1_725' title='bbox 2089 3737 2407 3792; x_wconf 80' lang='lat' dir='ltr'><strong>Christianis</strong></span> <span class='ocrx_word' id='word_1_726' title='bbox 2437 3737 2660 3790; x_wconf 85' lang='lat' dir='ltr'><strong>crimina</strong></span> <span class='ocrx_word' id='word_1_727' title='bbox 2701 3738 2754 3789; x_wconf 86' lang='lat' dir='ltr'><strong>in</strong></span> <span class='ocrx_word' id='word_1_728' title='bbox 2788 3736 3020 3789; x_wconf 79' lang='lat' dir='ltr'><strong>ethnicos</strong></span> <span class='ocrx_word' id='word_1_729' title='bbox 3052 3736 3302 3805; x_wconf 78' lang='lat' dir='ltr'><strong>rejiciun-</strong></span> 
     </span>
    </p>
   </div>
   <div class='ocr_carea' id='block_1_101' title="bbox 1721 3826 3301 3899">
    <p class='ocr_par' dir='ltr' id='par_1_101' title="bbox 1721 3826 3301 3899">
     <span class='ocr_line' id='line_1_101' title="bbox 1721 3826 3301 3899; baseline -0.003 -14"><span class='ocrx_word' id='word_1_730' title='bbox 1721 3840 1826 3887; x_wconf 85' lang='lat' dir='ltr'><strong>tur.</strong></span> <span class='ocrx_word' id='word_1_731' title='bbox 1860 3830 2338 3899; x_wconf 78' lang='lat' dir='ltr'><strong>Philosophiedcre</strong></span> <span class='ocrx_word' id='word_1_732' title='bbox 2362 3829 2621 3882; x_wconf 81' lang='lat' dir='ltr'><strong>humanas</strong></span> <span class='ocrx_word' id='word_1_733' title='bbox 2659 3844 2841 3882; x_wconf 80' lang='lat' dir='ltr'><strong>carnes</strong></span> <span class='ocrx_word' id='word_1_734' title='bbox 2872 3826 3301 3892; x_wconf 57' lang='grc' dir='ltr'>ἄπειπε-ρηο-</span> 
     </span>
    </p>
   </div>
   <div class='ocr_carea' id='block_1_102' title="bbox 1718 3918 3301 3991">
    <p class='ocr_par' dir='ltr' id='par_1_102' title="bbox 1718 3918 3301 3991">
     <span class='ocr_line' id='line_1_102' title="bbox 1718 3918 3301 3991; baseline -0.003 -14"><span class='ocrx_word' id='word_1_735' title='bbox 1718 3923 1868 3978; x_wconf 90' lang='lat' dir='ltr'><strong>niam</strong></span> <span class='ocrx_word' id='word_1_736' title='bbox 1904 3931 2082 3977; x_wconf 89' lang='lat' dir='ltr'><strong>autem</strong></span> <span class='ocrx_word' id='word_1_737' title='bbox 2116 3922 2284 3976; x_wconf 89' lang='lat' dir='ltr'><strong>multa</strong></span> <span class='ocrx_word' id='word_1_738' title='bbox 2307 3920 2606 3991; x_wconf 83' lang='lat' dir='ltr'><strong>perlegisti,</strong></span> <span class='ocrx_word' id='word_1_739' title='bbox 2635 3919 2766 3989; x_wconf 89' lang='lat' dir='ltr'><strong>quid</strong></span> <span class='ocrx_word' id='word_1_740' title='bbox 2796 3919 2893 3974; x_wconf 89' lang='lat' dir='ltr'><strong>tibi</strong></span> <span class='ocrx_word' id='word_1_741' title='bbox 2916 3920 3033 3974; x_wconf 89' lang='lat' dir='ltr'><strong>visa</strong></span> <span class='ocrx_word' id='word_1_742' title='bbox 3056 3927 3182 3974; x_wconf 92' lang='lat' dir='ltr'><strong>sunt</strong></span> <span class='ocrx_word' id='word_1_743' title='bbox 3205 3918 3301 3972; x_wconf 81' lang='lat' dir='ltr'><strong>illa</strong></span> 
     </span>
    </p>
   </div>
   <div class='ocr_carea' id='block_1_103' title="bbox 1721 4010 3298 4084">
    <p class='ocr_par' dir='ltr' id='par_1_103' title="bbox 1721 4010 3298 4084">
     <span class='ocr_line' id='line_1_103' title="bbox 1721 4010 3298 4084; baseline -0.001 -18"><span class='ocrx_word' id='word_1_744' title='bbox 1721 4014 1958 4070; x_wconf 90' lang='lat' dir='ltr'><strong>Zenonis</strong></span> <span class='ocrx_word' id='word_1_745' title='bbox 1988 4021 2041 4068; x_wconf 89' lang='lat' dir='ltr'><strong>et</strong></span> <span class='ocrx_word' id='word_1_746' title='bbox 2074 4012 2323 4084; x_wconf 81' lang='lat' dir='ltr'><strong>Diogenis</strong></span> <span class='ocrx_word' id='word_1_747' title='bbox 2370 4021 2425 4067; x_wconf 90' lang='lat' dir='ltr'><strong>et</strong></span> <span class='ocrx_word' id='word_1_748' title='bbox 2469 4010 2752 4067; x_wconf 86' lang='lat' dir='ltr'><strong>Cleanthis</strong></span> <span class='ocrx_word' id='word_1_749' title='bbox 2791 4021 3080 4080; x_wconf 67' lang='lat' dir='ltr'><strong>praecepta,</strong></span> <span class='ocrx_word' id='word_1_750' title='bbox 3113 4011 3298 4080; x_wconf 90' lang='lat' dir='ltr'><strong>qualia</strong></span> 
     </span>
    </p>
   </div>
   <div class='ocr_carea' id='block_1_104' title="bbox 1721 4101 3298 4164">
    <p class='ocr_par' dir='ltr' id='par_1_104' title="bbox 1721 4101 3298 4164">
     <span class='ocr_line' id='line_1_104' title="bbox 1721 4101 3298 4164; baseline -0.003 -6"><span class='ocrx_word' id='word_1_751' title='bbox 1721 4118 1910 4158; x_wconf 91' lang='lat' dir='ltr'><strong>eorum</strong></span> <span class='ocrx_word' id='word_1_752' title='bbox 1950 4102 2103 4157; x_wconf 90' lang='lat' dir='ltr'><strong>libris</strong></span> <span class='ocrx_word' id='word_1_753' title='bbox 2133 4103 2508 4164; x_wconf 87' lang='lat' dir='ltr'><strong>continentur,</strong></span> <span class='ocrx_word' id='word_1_754' title='bbox 2543 4108 2601 4153; x_wconf 89' lang='lat' dir='ltr'><strong>ut</strong></span> <span class='ocrx_word' id='word_1_755' title='bbox 2631 4101 2868 4153; x_wconf 86' lang='lat' dir='ltr'><strong>humana</strong></span> <span class='ocrx_word' id='word_1_756' title='bbox 2895 4115 3024 4154; x_wconf 88' lang='lat' dir='ltr'><strong>caro</strong></span> <span class='ocrx_word' id='word_1_757' title='bbox 3052 4108 3298 4164; x_wconf 84' lang='lat' dir='ltr'><strong>voretur,</strong></span> 
     </span>
    </p>
   </div>
   <div class='ocr_carea' id='block_1_105' title="bbox 1721 4191 3295 4262">
    <p class='ocr_par' dir='ltr' id='par_1_105' title="bbox 1721 4191 3295 4262">
     <span class='ocr_line' id='line_1_105' title="bbox 1721 4191 3295 4262; baseline -0.001 -17"><span class='ocrx_word' id='word_1_758' title='bbox 1721 4207 1783 4246; x_wconf 90' lang='lat' dir='ltr'><strong>ac</strong></span> <span class='ocrx_word' id='word_1_759' title='bbox 1813 4202 2068 4262; x_wconf 90' lang='lat' dir='ltr'><strong>parentes</strong></span> <span class='ocrx_word' id='word_1_760' title='bbox 2099 4207 2128 4245; x_wconf 92' lang='lat' dir='ltr'><strong>a</strong></span> <span class='ocrx_word' id='word_1_761' title='bbox 2155 4192 2371 4262; x_wconf 88' lang='lat' dir='ltr'><strong>propris</strong></span> <span class='ocrx_word' id='word_1_762' title='bbox 2413 4191 2541 4247; x_wconf 87' lang='lat' dir='ltr'><strong>ﬁliis</strong></span> <span class='ocrx_word' id='word_1_763' title='bbox 2573 4199 2882 4261; x_wconf 86' lang='lat' dir='ltr'><strong>coquantur</strong></span> <span class='ocrx_word' id='word_1_764' title='bbox 2913 4202 2963 4246; x_wconf 88' lang='lat' dir='ltr'><strong>et</strong></span> <span class='ocrx_word' id='word_1_765' title='bbox 2994 4199 3295 4255; x_wconf 88' lang='lat' dir='ltr'><strong>vorcntur;</strong></span> 
     </span>
    </p>
   </div>
   <div class='ocr_carea' id='block_1_106' title="bbox 1721 4281 3299 4355">
    <p class='ocr_par' dir='ltr' id='par_1_106' title="bbox 1721 4281 3299 4355">
     <span class='ocr_line' id='line_1_106' title="bbox 1721 4281 3299 4355; baseline -0.001 -15"><span class='ocrx_word' id='word_1_766' title='bbox 1721 4300 1785 4340; x_wconf 88' lang='lat' dir='ltr'><strong>ac</strong></span> <span class='ocrx_word' id='word_1_767' title='bbox 1807 4284 1851 4339; x_wconf 89' lang='lat' dir='ltr'><strong>si</strong></span> <span class='ocrx_word' id='word_1_768' title='bbox 1875 4285 1998 4355; x_wconf 87' lang='lat' dir='ltr'><strong>quis</strong></span> <span class='ocrx_word' id='word_1_769' title='bbox 2021 4284 2176 4348; x_wconf 92' lang='lat' dir='ltr'><strong>nolit,</strong></span> <span class='ocrx_word' id='word_1_770' title='bbox 2209 4291 2302 4337; x_wconf 90' lang='lat' dir='ltr'><strong>aut</strong></span> <span class='ocrx_word' id='word_1_771' title='bbox 2321 4283 2624 4337; x_wconf 87' lang='lat' dir='ltr'><strong>membrum</strong></span> <span class='ocrx_word' id='word_1_772' title='bbox 2657 4283 2876 4351; x_wconf 87' lang='lat' dir='ltr'><strong>aliquod</strong></span> <span class='ocrx_word' id='word_1_773' title='bbox 2918 4281 3124 4336; x_wconf 89' lang='lat' dir='ltr'><strong>infandi</strong></span> <span class='ocrx_word' id='word_1_774' title='bbox 3151 4284 3299 4338; x_wconf 79' lang='lat' dir='ltr'><strong>illius</strong></span> 
     </span>
    </p>
   </div>
   <div class='ocr_carea' id='block_1_107' title="bbox 1721 4375 3300 4448">
    <p class='ocr_par' dir='ltr' id='par_1_107' title="bbox 1721 4375 3300 4448">
     <span class='ocr_line' id='line_1_107' title="bbox 1721 4375 3300 4448; baseline -0.001 -15"><span class='ocrx_word' id='word_1_775' title='bbox 1721 4378 1830 4433; x_wconf 80' lang='lat' dir='ltr'><strong>cibi</strong></span> <span class='ocrx_word' id='word_1_776' title='bbox 1857 4377 2132 4448; x_wconf 85' lang='lat' dir='ltr'><strong>projiciat,</strong></span> <span class='ocrx_word' id='word_1_777' title='bbox 2165 4378 2282 4446; x_wconf 91' lang='lat' dir='ltr'><strong>ipse</strong></span> <span class='ocrx_word' id='word_1_778' title='bbox 2310 4376 2400 4431; x_wconf 91' lang='lat' dir='ltr'><strong>ille</strong></span> <span class='ocrx_word' id='word_1_779' title='bbox 2417 4375 2737 4430; x_wconf 87' lang='lat' dir='ltr'><strong>comedatur</strong></span> <span class='ocrx_word' id='word_1_780' title='bbox 2758 4375 2849 4444; x_wconf 92' lang='lat' dir='ltr'><strong>qui</strong></span> <span class='ocrx_word' id='word_1_781' title='bbox 2886 4390 2996 4431; x_wconf 85' lang='lat' dir='ltr'><strong>non</strong></span> <span class='ocrx_word' id='word_1_782' title='bbox 3021 4375 3300 4431; x_wconf 75' lang='lat' dir='ltr'><strong>comedit!</strong></span> 
     </span>
    </p>
   </div>
   <div class='ocr_carea' id='block_1_108' title="bbox 1799 4523 3299 4599">
    <p class='ocr_par' dir='ltr' id='par_1_108' title="bbox 1799 4523 3299 4599">
     <span class='ocr_line' id='line_1_108' title="bbox 1799 4523 3299 4599; baseline 0.001 -16"><span class='ocrx_word' id='word_1_783' title='bbox 1799 4529 1908 4599; x_wconf 83' lang='grc'>(10)</span> <span class='ocrx_word' id='word_1_784' title='bbox 1955 4529 2236 4599; x_wconf 63' lang='grc' dir='ltr'>Διαερόρῳ,</span> <span class='ocrx_word' id='word_1_785' title='bbox 2268 4526 2753 4599; x_wconf 70' lang='lat' dir='ltr'><strong>Ducmus_&#39;no_t._in</strong></span> <span class='ocrx_word' id='word_1_786' title='bbox 2798 4523 3063 4599; x_wconf 79' lang='lat' dir='ltr'><strong>Athenag.</strong></span> <span class='ocrx_word' id='word_1_787' title='bbox 3113 4537 3299 4599; x_wconf 89' lang='lat' dir='ltr'><strong>monet</strong></span> 
     </span>
    </p>
   </div>
   <div class='ocr_carea' id='block_1_109' title="bbox 1719 4596 3320 4735">
    <p class='ocr_par' dir='ltr' id='par_1_109' title="bbox 1719 4596 3320 4735">
     <span class='ocr_line' id='line_1_109' title="bbox 1719 4596 3320 4676; baseline -0.006 -21"><span class='ocrx_word' id='word_1_788' title='bbox 1719 4596 2005 4670; x_wconf 82' lang='lat' dir='ltr'><strong>legendum</strong></span> <span class='ocrx_word' id='word_1_789' title='bbox 2029 4596 2148 4653; x_wconf 87' lang='lat' dir='ltr'><strong>esse</strong></span> <span class='ocrx_word' id='word_1_790' title='bbox 2179 4597 2475 4676; x_wconf 47' lang='grc' dir='ltr'>ἀδςαφόρῳ.</span> <span class='ocrx_word' id='word_1_791' title='bbox 2502 4596 2594 4652; x_wconf 89' lang='lat' dir='ltr'><strong>Sic</strong></span> <span class='ocrx_word' id='word_1_792' title='bbox 2615 4596 2758 4650; x_wconf 87' lang='lat' dir='ltr'><strong>infra</strong></span> <span class='ocrx_word' id='word_1_793' title='bbox 2787 4612 2842 4650; x_wconf 91' lang='lat' dir='ltr'><strong>n.</strong></span> <span class='ocrx_word' id='word_1_794' title='bbox 2870 4596 2958 4661; x_wconf 83' lang='grc'>15,</span> <span class='ocrx_word' id='word_1_795' title='bbox 2983 4598 3320 4670; x_wconf 79' lang='grc' dir='ltr'>ἀδιαφόρως.</span> 
     </span>
     <span class='ocr_line' id='line_1_110' title="bbox 1719 4670 2150 4735; baseline -0.005 -11"><span class='ocrx_word' id='word_1_796' title='bbox 1719 4671 1837 4735; x_wconf 82' lang='grc' dir='ltr'>ζῇν.</span> <span class='ocrx_word' id='word_1_797' title='bbox 1878 4670 2150 4724; x_wconf 84' lang='lat' dir='ltr'><strong>WOLFIUS.</strong></span> 
     </span>
    </p>
   </div>
   <div class='ocr_carea' id='block_1_110' title="bbox 1753 4675 2150 4724">
    <p class='ocr_par' dir='ltr' id='par_1_110' title="bbox 1753 4675 2150 4724">
     <span class='ocr_line' id='line_1_111' title="bbox 1753 4675 2150 4724; baseline -0.005 0"><span class='ocrx_word' id='word_1_798' title='bbox 1753 4675 1837 4724; x_wconf 79' lang='grc' dir='ltr'><strong>ῆν.</strong></span> <span class='ocrx_word' id='word_1_799' title='bbox 1878 4675 2150 4724; x_wconf 84' lang='lat' dir='ltr'><strong>WOLFIUS.</strong></span> 
     </span>
    </p>
   </div>
   <div class='ocr_carea' id='block_1_111' title="bbox 1749 4705 3298 4866">
    <p class='ocr_par' dir='ltr' id='par_1_111' title="bbox 1749 4705 3298 4866">
     <span class='ocr_line' id='line_1_112' title="bbox 1749 4705 3298 4822; baseline 0.022 -62"><span class='ocrx_word' id='word_1_800' title='bbox 1749 4705 2250 4822; x_wconf 56' lang='grc' dir='ltr'><strong>.²4ξί¹ς’ἓξ,ξίξ;ξνας,</strong></span> <span class='ocrx_word' id='word_1_801' title='bbox 2286 4736 2508 4809; x_wconf 84' lang='lat' dir='ltr'><strong>Legitur</strong></span> <span class='ocrx_word' id='word_1_802' title='bbox 2537 4737 2740 4803; x_wconf 80' lang='grc' dir='ltr'>ζῶντας</span> <span class='ocrx_word' id='word_1_803' title='bbox 2768 4737 2822 4792; x_wconf 90' lang='lat' dir='ltr'><strong>in</strong></span> <span class='ocrx_word' id='word_1_804' title='bbox 2852 4736 2976 4794; x_wconf 91' lang='lat' dir='ltr'><strong>cod.</strong></span> <span class='ocrx_word' id='word_1_805' title='bbox 3007 4735 3164 4791; x_wconf 87' lang='lat' dir='ltr'><strong>Bodl.</strong></span> <span class='ocrx_word' id='word_1_806' title='bbox 3196 4735 3298 4810; x_wconf 77' lang='grc' dir='ltr'><strong>ζῇν</strong></span> 
     </span>
     <span class='ocr_line' id='line_1_113' title="bbox 1749 4811 2126 4866; baseline -0.013 0"><span class='ocrx_word' id='word_1_807' title='bbox 1749 4812 1816 4866; x_wconf 42' lang='grc' dir='ltr'><strong>κάς</strong></span> <span class='ocrx_word' id='word_1_808' title='bbox 1850 4813 1903 4865; x_wconf 88' lang='lat' dir='ltr'><strong>in</strong></span> <span class='ocrx_word' id='word_1_809' title='bbox 1938 4811 2126 4866; x_wconf 75' lang='lat' dir='ltr'><strong>Remo.</strong></span> 
     </span>
    </p>
   </div>
   <div class='ocr_carea' id='block_1_112' title="bbox 1719 4826 2126 4865">
    <p class='ocr_par' dir='ltr' id='par_1_112' title="bbox 1719 4826 2126 4865">
     <span class='ocr_line' id='line_1_114' title="bbox 1719 4826 2126 4865; baseline -0.007 0"><span class='ocrx_word' id='word_1_810' title='bbox 1719 4826 1816 4865; x_wconf 80' lang='grc' dir='ltr'><strong>τας</strong></span> <span class='ocrx_word' id='word_1_811' title='bbox 1850 4828 1903 4865; x_wconf 79' lang='lat' dir='ltr'><strong>Ill</strong></span> <span class='ocrx_word' id='word_1_812' title='bbox 1938 4826 2126 4865; x_wconf 66' lang='grc' dir='ltr'>ηῡαιο.</span> 
     </span>
    </p>
   </div>
   <div class='ocr_carea' id='block_1_113' title="bbox 1789 4828 3295 4954">
    <p class='ocr_par' dir='ltr' id='par_1_113' title="bbox 1789 4828 3295 4954">
     <span class='ocr_line' id='line_1_115' title="bbox 1789 4828 3295 4954; baseline -0.002 -19"><span class='ocrx_word' id='word_1_813' title='bbox 2191 4879 2433 4954; x_wconf 73' lang='grc' dir='ltr'>σαρκῶν</span> <span class='ocrx_word' id='word_1_814' title='bbox 2461 4879 2874 4954; x_wconf 55' lang='grc' dir='ltr'>ἀνθρωπίνων.</span> <span class='ocrx_word' id='word_1_815' title='bbox 2907 4875 3197 4954; x_wconf 67' lang='lat' dir='ltr'><strong>Repuguat</strong></span> <span class='ocrx_word' id='word_1_816' title='bbox 3221 4887 3295 4954; x_wconf 88' lang='lat' dir='ltr'><strong>_ut</strong></span> 
     </span>
    </p>
   </div>
   <div class='ocr_carea' id='block_1_114' title="bbox 1719 4947 3293 5017">
    <p class='ocr_par' dir='ltr' id='par_1_114' title="bbox 1719 4947 3293 5017">
     <span class='ocr_line' id='line_1_116' title="bbox 1719 4947 3293 5017; baseline -0.003 -10"><span class='ocrx_word' id='word_1_817' title='bbox 1719 4947 2050 5007; x_wconf 77' lang='lat' dir='ltr'><strong>Christianis</strong></span> <span class='ocrx_word' id='word_1_818' title='bbox 2077 4953 2180 5006; x_wconf 90' lang='lat' dir='ltr'><strong>hoc</strong></span> <span class='ocrx_word' id='word_1_819' title='bbox 2195 4947 2401 5005; x_wconf 84' lang='lat' dir='ltr'><strong>crimen</strong></span> <span class='ocrx_word' id='word_1_820' title='bbox 2418 4951 2654 5004; x_wconf 81' lang='lat' dir='ltr'><strong>aﬁictum</strong></span> <span class='ocrx_word' id='word_1_821' title='bbox 2677 4949 2913 5003; x_wconf 87' lang='lat' dir='ltr'><strong>dicatur.</strong></span> <span class='ocrx_word' id='word_1_822' title='bbox 2938 4947 3125 5017; x_wconf 83' lang='lat' dir='ltr'><strong>Neque</strong></span> <span class='ocrx_word' id='word_1_823' title='bbox 3146 4949 3293 5002; x_wconf 89' lang='lat' dir='ltr'><strong>enim</strong></span> 
     </span>
    </p>
   </div>
   <div class='ocr_carea' id='block_1_115' title="bbox 1719 5017 3294 5084">
    <p class='ocr_par' dir='ltr' id='par_1_115' title="bbox 1719 5017 3294 5084">
     <span class='ocr_line' id='line_1_117' title="bbox 1719 5017 3294 5084; baseline -0.005 -6"><span class='ocrx_word' id='word_1_824' title='bbox 1719 5024 1869 5078; x_wconf 92' lang='lat' dir='ltr'><strong>omni</strong></span> <span class='ocrx_word' id='word_1_825' title='bbox 1916 5024 2154 5076; x_wconf 87' lang='lat' dir='ltr'><strong>humana</strong></span> <span class='ocrx_word' id='word_1_826' title='bbox 2195 5037 2362 5076; x_wconf 86' lang='lat' dir='ltr'><strong>carne</strong></span> <span class='ocrx_word' id='word_1_827' title='bbox 2403 5022 2572 5084; x_wconf 90' lang='lat' dir='ltr'><strong>vesci,</strong></span> <span class='ocrx_word' id='word_1_828' title='bbox 2609 5019 2706 5075; x_wconf 86' lang='lat' dir='ltr'><strong>sed</strong></span> <span class='ocrx_word' id='word_1_829' title='bbox 2746 5018 3010 5074; x_wconf 89' lang='lat' dir='ltr'><strong>infantem</strong></span> <span class='ocrx_word' id='word_1_830' title='bbox 3041 5018 3108 5070; x_wconf 86' lang='lat' dir='ltr'><strong>ad</strong></span> <span class='ocrx_word' id='word_1_831' title='bbox 3144 5017 3294 5071; x_wconf 89' lang='lat' dir='ltr'><strong>hunc</strong></span> 
     </span>
    </p>
   </div>
   <div class='ocr_carea' id='block_1_116' title="bbox 1721 5087 3295 5158">
    <p class='ocr_par' dir='ltr' id='par_1_116' title="bbox 1721 5087 3295 5158">
     <span class='ocr_line' id='line_1_118' title="bbox 1721 5087 3295 5158; baseline -0.003 -12"><span class='ocrx_word' id='word_1_832' title='bbox 1721 5094 2060 5149; x_wconf 90' lang='lat' dir='ltr'><strong>teterrimum</strong></span> <span class='ocrx_word' id='word_1_833' title='bbox 2092 5108 2252 5147; x_wconf 91' lang='lat' dir='ltr'><strong>usum</strong></span> <span class='ocrx_word' id='word_1_834' title='bbox 2285 5091 2538 5147; x_wconf 88' lang='lat' dir='ltr'><strong>occidere</strong></span> <span class='ocrx_word' id='word_1_835' title='bbox 2567 5090 2897 5144; x_wconf 88' lang='lat' dir='ltr'><strong>ferebantur.</strong></span> <span class='ocrx_word' id='word_1_836' title='bbox 2927 5087 3022 5143; x_wconf 80' lang='lat' dir='ltr'><strong>Vel</strong></span> <span class='ocrx_word' id='word_1_837' title='bbox 3043 5104 3174 5158; x_wconf 85' lang='lat' dir='ltr'><strong>ergo</strong></span> <span class='ocrx_word' id='word_1_838' title='bbox 3200 5089 3295 5141; x_wconf 90' lang='lat' dir='ltr'><strong>dc-</strong></span> 
     </span>
    </p>
   </div>
   <div class='ocr_carea' id='block_1_117' title="bbox 1721 5159 3292 5232">
    <p class='ocr_par' dir='ltr' id='par_1_117' title="bbox 1721 5159 3292 5232">
     <span class='ocr_line' id='line_1_119' title="bbox 1721 5159 3292 5232; baseline -0.006 -14"><span class='ocrx_word' id='word_1_839' title='bbox 1721 5164 1939 5218; x_wconf 88' lang='lat' dir='ltr'><strong>lendum</strong></span> <span class='ocrx_word' id='word_1_840' title='bbox 1971 5163 2104 5216; x_wconf 90' lang='lat' dir='ltr'><strong>illud</strong></span> <span class='ocrx_word' id='word_1_841' title='bbox 2146 5162 2523 5232; x_wconf 84' lang='grc' dir='ltr'>ἀνθρωπίνων,</span> <span class='ocrx_word' id='word_1_842' title='bbox 2551 5162 2628 5215; x_wconf 91' lang='lat' dir='ltr'><strong>ita</strong></span> <span class='ocrx_word' id='word_1_843' title='bbox 2660 5168 2720 5214; x_wconf 92' lang='lat' dir='ltr'><strong>ut</strong></span> <span class='ocrx_word' id='word_1_844' title='bbox 2748 5159 3292 5232; x_wconf 74' lang='lat' dir='ltr'><strong>Christiauiomnem</strong></span> 
     </span>
    </p>
   </div>
   <div class='ocr_carea' id='block_1_118' title="bbox 1720 5229 3291 5302">
    <p class='ocr_par' dir='ltr' id='par_1_118' title="bbox 1720 5229 3291 5302">
     <span class='ocr_line' id='line_1_120' title="bbox 1720 5229 3291 5302; baseline -0.007 -14"><span class='ocrx_word' id='word_1_845' title='bbox 1720 5249 1943 5288; x_wconf 90' lang='lat' dir='ltr'><strong>carnem</strong></span> <span class='ocrx_word' id='word_1_846' title='bbox 1974 5229 2550 5302; x_wconf 53' lang='lat' dir='ltr'><strong>attingere&#39;dicantur,</strong></span> <span class='ocrx_word' id='word_1_847' title='bbox 2585 5245 2668 5302; x_wconf 26' lang='lat' dir='ltr'><strong>ac“</strong></span> <span class='ocrx_word' id='word_1_848' title='bbox 2693 5229 2923 5302; x_wconf 82' lang='lat' dir='ltr'><strong>proinde</strong></span> <span class='ocrx_word' id='word_1_849' title='bbox 2950 5245 3018 5282; x_wconf 92' lang='lat' dir='ltr'><strong>ne</strong></span> <span class='ocrx_word' id='word_1_850' title='bbox 3056 5229 3291 5280; x_wconf 86' lang='lat' dir='ltr'><strong>humana</strong></span> 
     </span>
    </p>
   </div>
   <div class='ocr_carea' id='block_1_119' title="bbox 1720 5300 3292 5373">
    <p class='ocr_par' dir='ltr' id='par_1_119' title="bbox 1720 5300 3292 5373">
     <span class='ocr_line' id='line_1_121' title="bbox 1720 5300 3292 5373; baseline -0.008 -15"><span class='ocrx_word' id='word_1_851' title='bbox 1720 5305 1941 5373; x_wconf 90' lang='lat' dir='ltr'><strong>quidem</strong></span> <span class='ocrx_word' id='word_1_852' title='bbox 1971 5300 2264 5366; x_wconf 84' lang='lat' dir='ltr'><strong>abstinere,</strong></span> <span class='ocrx_word' id='word_1_853' title='bbox 2288 5303 2373 5373; x_wconf 87' lang='lat' dir='ltr'><strong>vel</strong></span> <span class='ocrx_word' id='word_1_854' title='bbox 2401 5318 2502 5373; x_wconf 91' lang='lat' dir='ltr'><strong>pro</strong></span> <span class='ocrx_word' id='word_1_855' title='bbox 2525 5300 2711 5373; x_wconf 79' lang='grc' dir='ltr'>πασῶν</span> <span class='ocrx_word' id='word_1_856' title='bbox 2739 5300 3021 5373; x_wconf 77' lang='lat' dir='ltr'><strong>legendum</strong></span> <span class='ocrx_word' id='word_1_857' title='bbox 3055 5307 3292 5373; x_wconf 74' lang='grc' dir='ltr'>παντων,</span> 
     </span>
    </p>
   </div>
   <div class='ocr_carea' id='block_1_120' title="bbox 1723 5367 3288 5439">
    <p class='ocr_par' dir='ltr' id='par_1_120' title="bbox 1723 5367 3288 5439">
     <span class='ocr_line' id='line_1_122' title="bbox 1723 5367 3288 5439; baseline -0.007 -11"><span class='ocrx_word' id='word_1_858' title='bbox 1723 5367 1826 5429; x_wconf 77' lang='lat' dir='ltr'><strong>hoc</strong></span> <span class='ocrx_word' id='word_1_859' title='bbox 1851 5374 2034 5437; x_wconf 88' lang='lat' dir='ltr'><strong>modo,</strong></span> <span class='ocrx_word' id='word_1_860' title='bbox 2069 5375 2162 5427; x_wconf 74' lang='grc' dir='ltr'>καὶ</span> <span class='ocrx_word' id='word_1_861' title='bbox 2195 5373 2257 5426; x_wconf 85' lang='grc' dir='ltr'>τὸ</span> <span class='ocrx_word' id='word_1_862' title='bbox 2285 5367 2590 5426; x_wconf 82' lang='grc' dir='ltr'>ἀθεώτατον</span> <span class='ocrx_word' id='word_1_863' title='bbox 2616 5371 2710 5425; x_wconf 79' lang='grc' dir='ltr'>καὶ</span> <span class='ocrx_word' id='word_1_864' title='bbox 2735 5367 3017 5439; x_wconf 83' lang='grc' dir='ltr'>ὠμότατον</span> <span class='ocrx_word' id='word_1_865' title='bbox 3051 5367 3288 5419; x_wconf 81' lang='grc' dir='ltr'>πάντων.</span> 
     </span>
    </p>
   </div>
   <div class='ocr_carea' id='block_1_121' title="bbox 1724 5436 3294 5505">
    <p class='ocr_par' dir='ltr' id='par_1_121' title="bbox 1724 5436 3294 5505">
     <span class='ocr_line' id='line_1_123' title="bbox 1724 5436 3294 5505; baseline -0.009 -6"><span class='ocrx_word' id='word_1_866' title='bbox 1724 5443 1816 5498; x_wconf 91' lang='lat' dir='ltr'><strong>Sic</strong></span> <span class='ocrx_word' id='word_1_867' title='bbox 1842 5444 1986 5498; x_wconf 90' lang='lat' dir='ltr'><strong>enim</strong></span> <span class='ocrx_word' id='word_1_868' title='bbox 2017 5436 2160 5497; x_wconf 87' lang='lat' dir='ltr'><strong>infra</strong></span> <span class='ocrx_word' id='word_1_869' title='bbox 2194 5460 2250 5497; x_wconf 83' lang='grc' dir='ltr'>η.</span> <span class='ocrx_word' id='word_1_870' title='bbox 2299 5443 2386 5505; x_wconf 83' lang='grc'><strong>15.</strong></span> <span class='ocrx_word' id='word_1_871' title='bbox 2419 5441 2592 5496; x_wconf 75' lang='grc' dir='ltr'>καὶτὸ</span> <span class='ocrx_word' id='word_1_872' title='bbox 2623 5436 2923 5493; x_wconf 77' lang='grc' dir='ltr'>ἀθειῦτατον</span> <span class='ocrx_word' id='word_1_873' title='bbox 2949 5436 3186 5488; x_wconf 83' lang='grc' dir='ltr'>πάντων.</span> <span class='ocrx_word' id='word_1_874' title='bbox 3282 5482 3294 5494; x_wconf 81' lang='grc'><strong><em>,</em></strong></span> 
     </span>
    </p>
   </div>
   <div class='ocr_carea' id='block_1_122' title="bbox 1794 5504 3286 5586">
    <p class='ocr_par' dir='ltr' id='par_1_122' title="bbox 1794 5504 3286 5586">
     <span class='ocr_line' id='line_1_124' title="bbox 1794 5504 3286 5586; baseline -0.007 -17"><span class='ocrx_word' id='word_1_875' title='bbox 1794 5515 1908 5586; x_wconf 82' lang='grc'>(15)</span> <span class='ocrx_word' id='word_1_876' title='bbox 1952 5515 2260 5586; x_wconf 63' lang='grc' dir='ltr'>Ἕψεουθαι.</span> <span class='ocrx_word' id='word_1_877' title='bbox 2289 5511 2380 5586; x_wconf 58' lang='lat' dir='ltr'><strong>Ita</strong></span> <span class='ocrx_word' id='word_1_878' title='bbox 2407 5512 2658 5574; x_wconf 66' lang='lat' dir='ltr'><strong>Duczeus,</strong></span> <span class='ocrx_word' id='word_1_879' title='bbox 2687 5508 2861 5586; x_wconf 72' lang='lat' dir='ltr'><strong>onn.</strong></span> <span class='ocrx_word' id='word_1_880' title='bbox 2893 5504 3286 5586; x_wconf 49' lang='lat' dir='ltr'><strong>etnllamburg.</strong></span> 
     </span>
    </p>
   </div>
   <div class='ocr_carea' id='block_1_123' title="bbox 1723 5574 3292 5654">
    <p class='ocr_par' dir='ltr' id='par_1_123' title="bbox 1723 5574 3292 5654">
     <span class='ocr_line' id='line_1_125' title="bbox 1723 5574 3292 5654; baseline -0.006 -16"><span class='ocrx_word' id='word_1_881' title='bbox 1723 5574 1968 5654; x_wconf 79' lang='lat' dir='ltr'><strong>Uterque</strong></span> <span class='ocrx_word' id='word_1_882' title='bbox 2014 5574 2182 5638; x_wconf 74' lang='lat' dir='ltr'><strong>codex</strong></span> <span class='ocrx_word' id='word_1_883' title='bbox 2229 5590 2282 5637; x_wconf 92' lang='lat' dir='ltr'><strong>et</strong></span> <span class='ocrx_word' id='word_1_884' title='bbox 2322 5581 2510 5654; x_wconf 87' lang='lat' dir='ltr'><strong>Tigur.</strong></span> <span class='ocrx_word' id='word_1_885' title='bbox 2555 5579 2918 5654; x_wconf 77' lang='lat' dir='ltr'><strong>et_editioues</strong></span> <span class='ocrx_word' id='word_1_886' title='bbox 2949 5574 3292 5654; x_wconf 61' lang='lat' dir='ltr'><strong>Parisienses</strong></span> 
     </span>
    </p>
   </div>
   <div class='ocr_carea' id='block_1_124' title="bbox 1723 5645 3295 5725">
    <p class='ocr_par' dir='ltr' id='par_1_124' title="bbox 1723 5645 3295 5725">
     <span class='ocr_line' id='line_1_126' title="bbox 1723 5645 3295 5725; baseline -0.007 -17"><span class='ocrx_word' id='word_1_887' title='bbox 1723 5645 1966 5725; x_wconf 71' lang='grc' dir='ltr'>ὄψεσθαι.</span> <span class='ocrx_word' id='word_1_888' title='bbox 1986 5653 2137 5724; x_wconf 85' lang='lat' dir='ltr'><strong>Legit</strong></span> <span class='ocrx_word' id='word_1_889' title='bbox 2157 5645 2424 5725; x_wconf 66' lang='lat' dir='ltr'><strong>Kusterus</strong></span> <span class='ocrx_word' id='word_1_890' title='bbox 2447 5649 2734 5714; x_wconf 83' lang='grc' dir='ltr'>ὀπτᾶσθαι,</span> <span class='ocrx_word' id='word_1_891' title='bbox 2761 5662 2824 5701; x_wconf 83' lang='lat' dir='ltr'><strong>ex</strong></span> <span class='ocrx_word' id='word_1_892' title='bbox 2845 5645 3295 5725; x_wconf 52' lang='lat' dir='ltr'><strong>omnioggtrasso,</strong></span> 
     </span>
    </p>
   </div>
   <div class='ocr_carea' id='block_1_125' title="bbox 1797 5707 3293 5794">
    <p class='ocr_par' dir='ltr' id='par_1_125' title="bbox 1797 5707 3293 5794">
     <span class='ocr_line' id='line_1_127' title="bbox 1797 5707 3293 5794; baseline -0.007 -15"><span class='ocrx_word' id='word_1_893' title='bbox 1797 5707 1907 5794; x_wconf 73' lang='grc'>(14)</span> <span class='ocrx_word' id='word_1_894' title='bbox 1945 5707 2362 5794; x_wconf 53' lang='grc' dir='ltr'>Ἇπδξόῥίψειεν.</span> <span class='ocrx_word' id='word_1_895' title='bbox 2405 5707 2484 5794; x_wconf 69' lang='lat' dir='ltr'><strong>ita</strong></span> <span class='ocrx_word' id='word_1_896' title='bbox 2525 5707 2754 5794; x_wconf 61' lang='lat' dir='ltr'><strong>uterque</strong></span> <span class='ocrx_word' id='word_1_897' title='bbox 2796 5731 2880 5772; x_wconf 91' lang='lat' dir='ltr'><strong>ms</strong></span> <span class='ocrx_word' id='word_1_898' title='bbox 2931 5723 2987 5772; x_wconf 89' lang='lat' dir='ltr'><strong>et</strong></span> <span class='ocrx_word' id='word_1_899' title='bbox 3015 5707 3205 5786; x_wconf 83' lang='lat' dir='ltr'><strong>Tigur.</strong></span> <span class='ocrx_word' id='word_1_900' title='bbox 3237 5722 3293 5770; x_wconf 91' lang='lat' dir='ltr'><strong>et</strong></span> 
     </span>
    </p>
   </div>
   <div class='ocr_carea' id='block_1_126' title="bbox 1725 5787 2776 5862">
    <p class='ocr_par' dir='ltr' id='par_1_126' title="bbox 1725 5787 2776 5862">
     <span class='ocr_line' id='line_1_128' title="bbox 1725 5787 2776 5862; baseline -0.009 -12"><span class='ocrx_word' id='word_1_901' title='bbox 1725 5787 1920 5850; x_wconf 75' lang='lat' dir='ltr'><strong>Bamb.</strong></span> <span class='ocrx_word' id='word_1_902' title='bbox 1953 5787 2087 5850; x_wconf 75' lang='lat' dir='ltr'><strong>Aliae</strong></span> <span class='ocrx_word' id='word_1_903' title='bbox 2108 5787 2379 5849; x_wconf 72' lang='lat' dir='ltr'><strong>editiones</strong></span> <span class='ocrx_word' id='word_1_904' title='bbox 2408 5787 2776 5862; x_wconf 72' lang='grc' dir='ltr'>ἀναρρίψειεν.</span> 
     </span>
    </p>
   </div>
  </div>
