3654 6494
82 387 197 444 1145
1203 383 1296 437 AD
1329 382 1419 438 ΑΟ
1430 382 1525 438 ΤΟ

1828 384 1918 441 IB.
1949 383 2034 441 111.
3133 377 3269 436 1146

80 504 156 558 καὶ
194 501 312 572 φίλα
357 499 598 570 ἀλλήλοις
643 499 691 550 οἱ
739 496 937 561 πάντες
983 497 1260 569 προφῆται
1301 493 1523 560 ein-om:

1829 499 2041 554 cimus?
2066 496 2202 552 Hinc
2227 511 2466 552 consona
2496 512 2686 552 omnes
2713 495 2987 567 prOpheta:
3015 503 3068 550 et
3097 495 3272 548 amica

80 591 420 665 προεκήρυξαν
457 589 525 642 τὰ
565 589 822 661 μέλλοντα
853 587 1068 642 ἔσεσθαι
1099 588 1262 641 παντὶ
1289 587 1369 658 τῷ
1399 589 1523 659 κόσρ

1832 606 1856 642 r
1883 607 1941 645 se
1974 591 2254 653 dixerunt,
2285 604 2348 644 ac
2380 589 2593 644 futuros
2624 590 2790 644 totius
2826 588 3012 642 mundi
3051 595 3275 643 eventus

79 687 192 746 Τοὺς
219 683 318 752 γὰρ
350 681 682 752 φιλομαθεῖς,
717 680 912 751 μᾶλλον
943 681 998 733 δὲ
1037 679 1347 750 φιλαληθεῖς
1387 679 1522 733 δύνα

1833 681 2167 737 nuntiarunt.
2218 680 2338 751 lpse
2376 680 2519 736 enim
2569 681 2952 751 prmdictarum
2997 695 3179 734 rerum
3219 688 3276 734 et

79 776 188 844 αὑτὴ
226 775 256 842 ἡ
299 772 518 835 ἔκϐασις
547 771 654 824 τῶν
694 771 1308 843 προαναπεφωνημένων
1353 787 1522 842 πραγι

1845 773 2206 842 perfectarum
2239 782 2486 836 eventus,
2516 779 2695 844 potest
2720 771 2964 826 discendi
2990 772 3074 826 vel
3095 770 3278 840 potius

78 883 181 931 των,
200 865 284 918 καὶ
306 865 402 935 ἤδη
425 865 845 935 ἀπηρτισμένων
881 863 1212 916 ἐκδιδάσκειν
1243 863 1410 926 δντως
1435 864 1521 916 ἀλτ

1834 865 1866 931 ι
1902 864 2012 918 veri
2047 863 2277 933 cupidos
2305 863 2553 927 edocere,
2584 879 2710 918 vera
2745 878 2868 918 esse
2905 878 3024 933 quae
3061 863 3130 918 ab
3168 862 3277 917 illis

77 957 187 1012 εἶναι
215 957 277 1010 τὰ
299 958 363 1010 δι’
384 958 558 1010 αὐτῶν
592 956 979 1027 κεκηρυγμένα
1007 956 1131 1027 περί
1164 972 1222 1007 τε
1252 955 1482 1026 χρόνων,
1515 973 1520 1006 :

1836 957 2141 1024 emporibus
2181 963 2234 1010 et
2267 956 2425 1011 annis
2459 966 2582 1033 ante
2619 955 2883 1009 diluvium
2911 955 3111 1024 elapsis
3141 969 3279 1024 prae—

78 1050 248 1120 κιιρῶν
290 1049 396 1101 τῶν
446 1049 552 1120 πρὸ
600 1047 1027 1118 κατακλυσμοῦ,
1078 1048 1171 1116 ἀφ’
1191 1043 1251 1101 οῦ
1292 1047 1514 1100 ἐκτιστα

1835 1059 1887 1103 ta
1921 1055 2071 1113 sunt,
2101 1049 2375 1119 quomodo
2407 1048 2617 1104 scilicet
2648 1063 2708 1102 se
2734 1047 2932 1102 habeat
2971 1047 3039 1100 ab
3069 1046 3278 1116 origine

76 1142 243 1210 κόσμος
272 1140 374 1203 ἕως
409 1138 498 1191 τοῦ
526 1139 702 1211 δεῦρο,
737 1140 812 1204 ώς
839 1141 1098 1210 ἐνέστηκε
1131 1138 1242 1211 (86)
1275 1138 1342 1193 τὰ
1375 1138 1490 1209 ἐτη,

1841 1142 1894 1196 di
1925 1143 1992 1196 ad
2026 1150 2270 1196 nostram
2303 1148 2516 1195 aetatem
2563 1155 2830 1194 annorum
2882 1139 3084 1204 series;
3115 1139 3188 1192 ita
3219 1147 3277 1190 ut

73 1232 120 1282 τὸ
144 1228 388 1295 ἐπιδεῖξαι
415 1230 511 1300 τὴν
548 1230 812 1301 φλυαρίαν
839 1229 934 1284 τοῦ
968 1230 1195 1300 ψεύδους
1223 1230 1328 1283 τῶν
1364 1247 1516 1302 συγγε

1837 1251 1866 1290 e
1909 1243 2089 1306 pateat
2141 1237 2320 1305 inepte
2371 1236 2629 1290 mentitus
2657 1251 2778 1290 esse
2823 1235 3142 1304 scriptores,
3176 1248 3277 1289 nec

72 1322 208 1390 φὲων,
237 1322 314 1374 ὅτι
345 1322 444 1374 οὐκ
471 1321 643 1392 ἀληθῆ
673 1325 792 1375 ἐστι
824 1322 892 1375 τὰ
923 1323 989 1375 δι’
1027 1321 1205 1376 αὐτῶν
1241 1323 1497 1394 ρηθέντα.

1270 1323 1497 1394 ιηθέντα.
1706 1342 1835 1382 vera
1864 1342 1986 1382 esse
2019 1343 2139 1397 quae
2173 1328 2240 1382 ab
2272 1328 2356 1382 his
2388 1327 2533 1380 dicta
2567 1335 2713 1382 sunt.

127 1413 199 1465 18.
235 1413 452 1466 Πλάτων
482 1413 611 1486 γὰρ,
645 1413 720 1477 ὠς
750 1415 1175 1486 προειρήκαμεν,
1215 1414 1459 1484 δηλώσας
1502 1432 1570 1468 κα

1836 1422 1867 1478 ι.
1923 1419 2222 1474 Gra'corum
2255 1436 2455 1473 errores
2509 1420 2562 1472 in
2606 1419 2802 1472 diluvio
2853 1417 3173 1472 enarranda.
3205 1446 3279 1458 -——

70 1505 341 1574 τικλυσμὸν
366 1505 711 1576 γεγενῆσθαι,
735 1505 837 1577 ἔφη
875 1505 949 1576 μὴ
983 1506 1160 1575 πάσης
1191 1505 1289 1576 τῆς
1313 1505 1437 1574 γῆς,
1472 1505 1513 1558 ἅῖ

1832 1525 1860 1565 o
1894 1511 2059 1576 enim,
2097 1520 2154 1565 ut
2191 1510 2464 1572 diximus,
2502 1525 2625 1564 cum
2662 1510 2924 1564 diluvium
2977 1509 3275 1579 contigisse

70 1595 155 1648 τῶν
178 1595 364 1648 πεδίων
399 1597 560 1666 μόνον
593 1595 938 1665 γεγενῆσθαι,
969 1596 1213 1660 καὶτοὺς
1244 1596 1513 1664 διαφυγόν

1834 1611 2155 1666 onstrasset,
2187 1618 2296 1656 non
2329 1602 2493 1657 totius
2523 1602 2672 1657 orbis
2703 1609 2994 1666 terrarum,
3025 1601 3120 1656 sed
3155 1609 3277 1653 tan-

71 1690 143 1742 ἐπὶ
184 1691 290 1751 τοῖς
340 1687 694 1758 ὑψηλοτάτοις
743 1689 926 1760 ὄρεσιν
977 1689 1175 1752 αὐτοὺς
1222 1689 1514 1743 διασεσῶσο

1880 1708 2198 1763 camporum
2244 1693 2413 1748 fuisse
2459 1691 2618 1756 dixit,
2660 1699 2713 1748 et
2760 1693 2939 1762 quiin
2979 1693 3274 1747 altissimos

71 1780 252 1846 Ἕτεροι
283 1779 337 1831 δὲ
383 1778 599 1846 λέγουσι
630 1779 909 1847 γεγονέναι
956 1779 1301 1833 Δευκαλίωνα
1336 1780 1428 1832 καὶ
1462 1781 1514 1832 II

1840 1792 1920 1840 tes
1952 1784 2240 1855 fugissent,
2265 1800 2360 1840 eos
2387 1783 2688 1837 incolumes
2717 1783 2980 1838 evasisse.
3005 1783 3106 1835 Alii
3146 1781 3277 1836 Deu-

69 1871 164 1941 ραν,
194 1871 280 1923 καὶ
316 1869 540 1933 τούτους
585 1871 643 1923 ὲν
673 1870 900 1942 λάρνακι
944 1870 1341 1924 διασεσῶσθαι’
1391 1871 1485 1924 καὶ

1834 1893 1977 1932 mem
2007 1885 2059 1932 et
2076 1875 2338 1948 Pyrrham
2370 1885 2500 1932 tunc
2534 1877 2813 1932 exstitisse
2843 1876 3052 1939 dicunt,
3075 1890 3277 1944 eosque

67 1963 389 2028 Δευκαλίωνα,
426 1961 563 2034 μετὰ
587 1962 647 2015 τὸ
671 1961 844 2016 ἐλθεῖν
873 1964 938 2015 ὲκ
967 1962 1066 2033 τῆς
1098 1961 1388 2034 λάρνακος,
1423 1961 1505 2014 λίθ

1833 1984 1919 2022 rca
1945 1975 2190 2024 servatos
2215 1968 2414 2035 fuisse;
2443 1969 2822 2024 Deucalionem
2845 1975 3025 2022 autem
3053 1983 3120 2020 ex
3151 1981 3276 2020 arca

69 2055 127 2117 ιὶς
163 2052 224 2106 τὰ
271 2054 448 2106 ὀπίσω
497 2055 842 2124 πεπομφέναι
875 2054 1010 2124 (87),
1045 2055 1138 2107 καὶ
1170 2053 1488 2125 ἀνθρώπους

1838 2076 2010 2125 ssum,
2060 2059 2268 2130 lapides
2302 2071 2424 2130 post
2457 2068 2668 2130 tergum
2709 2059 2971 2128 jactassc,
3009 2067 3170 2127 atque
3210 2073 3277 2112 ex

68 2145 151 2196 τῶν
181 2145 336 2199 λίθων
383 2145 744 2217 γεγενῆσθαι·
781 2145 902 2198 ὅθεν
937 2147 1069 2216 φασὶ
1117 2145 1279 2209 λαοὺς
1337 2162 1511 2217 προσα

1835 2153 2077 2208 homines
2117 2162 2275 2208 natos
2307 2169 2446 2207 esse.
2483 2152 2622 2207 llinc
2650 2154 2931 2207 hominum
2972 2150 3278 2204 multitudi-

68 2238 349 2309 ρεύεσθαιτὸ
379 2238 583 2307 πλῆθος
613 2237 934 2310 ἀνθρώπων.
957 2237 1137 2290 Ἀλλοι
1167 2237 1212 2290 δ’
1243 2233 1309 2291 αὖ
1327 2237 1511 2308 Κλύμε

1882 2245 2064 2310 λαούς,
2111 2248 2226 2301 sive
2284 2247 2533 2316 pepulos,
2571 2248 2893 2316 appellatam
2925 2245 3132 2299 dicunt.
3171 2244 3274 2297 Alii

67 2325 186 2382 εἷπον
225 2332 280 2383 ἐν
329 2331 574 2402 δευτέρῳ
604 2330 978 2402 κατακλυσμῷ
1009 2331 1316 2400 γεγονέναι.·
1349 2331 1472 2384 Ὅτι
1507 2352 1510 2398 λ

1826 2352 2026 2390 nenum
2092 2336 2146 2388 in
2182 2335 2425 2389 secundo
2476 2335 2682 2388 diluvio
2729 2333 3008 2388 exstitisse
3063 2331 3269 2385 dicunt.

66 2417 136 2472 οὖν
161 2421 351 2487 ἄθλιοι,
396 2423 492 2476 καὶ
540 2423 678 2476 πάνυ
725 2423 1034 2488 δυσσεϐεῖς,
1083 2423 1175 2476 καὶ
1207 2423 1423 2494 ἀνόητοι
1456 2424 1509 2474 εὐ

1832 2442 1937 2482 :ros
1989 2425 2156 2496 igitur
2201 2439 2266 2478 ac
2311 2424 2509 2493 impios
2550 2431 2603 2478 et
2654 2423 2851 2478 stultos
2892 2420 3142 2491 reperiri,
3182 2421 3275 2488 qui

68 2529 246 2566 σκονται
277 2517 324 2566 οἱ
357 2514 430 2567 τὰ
462 2514 686 2568 τοιαῦτα
715 2515 1147 2586 συγγράψαντες,
1181 2515 1274 2568 καὶ
1313 2515 1511 2584 φιλοσοι

1828 2533 1837 2568 ι
1866 2515 2132 2584 scripsere
2154 2522 2208 2568 et
2239 2513 2601 2584 philosophati
2634 2521 2761 2568 sunt
2781 2510 2958 2565 inutili
2993 2525 3179 2579 opera,
3207 2525 3271 2564 ex

68 2621 222 2668 σαντες
254 2607 525 2676 ματαίως,
563 2609 626 2660 ἐκ
653 2607 760 2661 τῶν
798 2607 1210 2680 προειρημένων
1242 2608 1400 2678 δῆλόν
1434 2610 1511 2661 ὲσι

1820 2621 1940 2676 qua:
1981 2605 2220 2659 diximus
2265 2603 2398 2659 satis
2431 2601 2782 2673 perspicuum
2814 2606 2918 2654 est.
2954 2597 3151 2652 Noster
3179 2611 3263 2650 au-

74 2697 116 2748 't)
143 2697 187 2749 δὲ
233 2699 502 2770 ἡμέτερος
559 2701 844 2771 προφήτης
893 2701 987 2754 καὶ
1037 2701 1292 2772 θεράπων
1339 2700 1434 2753 τοῦ
1468 2700 1517 2754 Θλ

1867 2697 2130 2769 propheta
2189 2704 2243 2751 et
2305 2696 2541 2750 famulus
2596 2693 2688 2749 Dei
2746 2691 2961 2764 Moyses
3011 2690 3274 2760 originem

65 2787 282 2858 Μωῦσῆς,
320 2790 577 2862 περὶτῆς
610 2791 876 2859 γενέσεως
913 2791 1006 2845 τοῦ
1042 2793 1244 2863 κόσμου
1290 2793 1508 2866 ἐξιστορι

1832 2791 1895 2846 [di
1941 2805 2242 2860 exponens,
2291 2787 2537 2842 narravit
2583 2785 2857 2856 quomodo
2899 2784 3162 2838 diluvium
3219 2781 3275 2835 in

64 2879 318 2952 διηγήσατο
349 2883 458 2935 τίνι
490 2884 677 2954 τρόπῳ
709 2885 999 2954 γεγένηται
1027 2886 1055 2938 ὁ
1089 2885 1467 2957 κατακλυσμὸς

1835 2898 1852 2937 ι
1884 2882 2086 2937 factum
2136 2882 2226 2946 sit,
2261 2881 2368 2935 imo
2405 2881 2566 2934 etiam
2593 2895 2714 2949 quae
2745 2893 2866 2932 cum
2894 2876 3099 2930 diluvio
3128 2874 3278 2927 fuere

62 2971 140 3038 τῆς
167 2973 290 3044 γῆς·
327 2975 388 3026 οὐ
443 2974 549 3046 μὴν
595 2975 729 3028 ἀλλὰ
779 2977 872 3029 καὶ
902 2976 971 3030 τὰ
1003 2976 1096 3030 τοῦ
1148 2978 1505 3048 κατακλυσμοὶ

1838 2984 2000 3030 uncta
2051 2973 2324 3044 quomodo
2362 2971 2676 3036 evenerint;
2726 2984 2836 3023 non
2877 2967 3141 3038 Pyrrham
3185 2974 3279 3018 aut

64 3064 213 3135 τρόπῳ
233 3065 455 3134 γέγονεν
474 3081 487 3092 ”
520 3067 580 3122 οὐ
606 3066 847 3138 Πύρραν,
868 3069 988 3122 οὐδὲ
1013 3069 1422 3141 Δευκαλίωναῆ
1459 3072 1507 3123 Κ

1835 3067 2087 3120 :alionelu
2131 3071 2225 3118 aut
2266 3062 2585 3133 Clymenum
2633 3060 2871 3130 ﬁngens,
2921 3065 3013 3110 aut
3058 3069 3278 3122 campos

67 3168 194 3220 μενον
226 3154 510 3224 μυθεῦων,
561 3156 681 3208 οὐδὲ
732 3157 839 3229 μὴν
882 3159 951 3210 τά
987 3158 1142 3212 πεδία
1177 3160 1336 3228 μόνον
1367 3176 1506 3212 κατα

1832 3176 1882 3213 m
1914 3157 2208 3213 inundatos
2237 3156 2426 3218 fuisse,
2457 3162 2512 3209 et
2541 3154 2635 3224 qui
2660 3154 2715 3207 in
2741 3158 2956 3206 montes
2988 3147 3275 3220 fugissent,

63 3243 272 3310 κλύσθαι,
294 3248 393 3301 καὶ
427 3251 555 3314 τοὺς
578 3249 936 3320 διαφυγόντας
970 3253 1061 3305 ἐπὶ
1087 3253 1199 3316 τοῖς
1222 3252 1372 3324 δρεσι
1411 3254 1506 3324 μόν

1045 3253 1199 3316 ιτοῑς
1222 3252 1372 3324 δρεσι
1411 3254 1604 3324 μόνους
1631 3233 1674 3291 C
1710 3253 1858 3309 solos
1891 3251 2133 3306 evasisse
2168 3249 2488 3303 incolumes.

65 3336 412 3394 διασεσῶσθαι.

120 3428 190 3484 l9.
251 3432 390 3485 Ἀλλ’
435 3432 554 3486 οὐδὲ
595 3431 849 3506 δεύτερον
893 3433 1279 3505 κατακλυσμὸν
1329 3437 1563 3506 γεγονένι

1837 3430 1846 3477 l
1873 3426 2073 3481 Diluvii
2110 3424 2260 3492 longe
2282 3422 2584 3478 accuratior
2610 3418 2751 3491 apud
2789 3416 3028 3487 Moysem
3059 3431 3280 3470 enarra-

66 3517 199 3590 δηλοῖ.
258 3525 420 3578 Ἀλλὰ
457 3525 556 3596 μὲν
607 3520 699 3579 οῦν
733 3505 834 3596 ἔφη
874 3527 1068 3596 μηκέτι
1100 3526 1180 3598 τῷ
1211 3505 1509 3598 κόσμῳνκα

1839 3547 1912 3560 ——
1943 3516 2051 3573 Sed
2088 3531 2266 3586 neque
2310 3517 2473 3570 etiam
2522 3514 2752 3567 alterum
2797 3508 3060 3566 diluvium
3112 3505 3282 3561 fuisse

68 3611 264 3683 κλυσμδν
285 3615 478 3679 ὕδατος
500 3615 739 3681 ἔσεσθαι,
763 3612 873 3681 οἶος
896 3619 1005 3688 (88)
1040 3617 1162 3672 οὔτε
1218 3619 1461 3688 γέγονεν,
1483 3637 1511 3672 ο

1837 3617 1971 3674 arat,
2016 3610 2126 3664 imo
2174 3608 2385 3662 nullum
2438 3606 2674 3675 amplius
2713 3602 2979 3658 diluvium
3014 3611 3280 3669 aquarum

69 3704 146 3774 μὴν
175 3708 334 3762 ἔσται.
386 3708 562 3763 Ὀκτὼ
593 3710 650 3764 δέ
685 3728 818 3780 φησι
850 3711 951 3774 τὰς
980 3713 1160 3776 πάσας
1191 3711 1369 3782 ψυχὰς
1399 3711 1512 3779 ἀνθ1

1835 3702 1914 3756 πάι)
1947 3707 2268 3757 eventurum
2297 3714 2420 3754 esse
2451 3699 2675 3764 asserit,
2707 3691 3164 3766 quemadmodum
3195 3705 3278 3744 re.

68 3811 154 3847 πων
195 3801 246 3851 ὲν
288 3803 355 3872 τῇ
397 3801 616 3872 κιϐωτῷ
658 3801 1038 3867 διασεσῶσθαι,
1074 3805 1131 3858 ὲν
1163 3807 1230 3874 τῇ
1266 3820 1511 3857 κατασκε

1875 3808 1977 3848 nec
2009 3792 2190 3846 evenit
2233 3806 2334 3846 nec
2385 3797 2709 3845 eventurum
2759 3795 2865 3842 est.
2919 3783 3055 3839 Octo
3099 3790 3282 3837 autem

69 3889 218 3964 σθείτῃ
248 3871 634 3965 προστάγματι
681 3894 837 3958 Θεοῦ,
886 3895 984 3966 οὐχ
1016 3893 1119 3948 ὑπὸ
1164 3871 1260 3948 τοῦ
1307 3893 1512 3948 Δευκαλ

1844 3885 1934 3937 ino
1977 3881 2227 3936 homines
2263 3880 2319 3934 in
2354 3895 2481 3933 arca
2521 3885 2768 3933 servatos
2817 3875 2988 3930 fuisse
3031 3871 3164 3926 dicit
3193 3887 3280 3935 ea,

68 4003 148 4049 νος,
185 3963 433 4044 ὑπὸ
476 3963 571 4042 τοῦ
602 3989 725 4042 Νῶε
771 3963 1070 4058 Ἐὃραΐστὴ
1112 3986 1172 4050 ὃς
1190 3985 1511 4058 διερμηνεύε

1842 3992 1875 4029 n
1896 3975 2056 4044 jussu
2089 3973 2183 4027 Dei
2212 3988 2323 4026 non
2354 3971 2670 4033 Deucalion,
2706 3967 2801 4042 sed
2835 3965 2968 4029 Noe,
3000 3963 3159 4034 cujus
3186 3979 3285 4017 no-

65 4081 114 4148 τῇ
127 4081 312 4136 Ἑλλάδι
329 4081 553 4156 γλώσσῃ
568 4055 926 4148 ἁνάπαυσιξο
950 4079 1130 4142 καθὼς
1145 4079 1238 4133 καὶ
1261 4055 1508 4150 ενέτέρῳι

1868 4066 2155 4122 Hebraeum
2187 4066 2233 4118 si
2264 4063 2451 4118 Graece
2495 4059 2892 4130 interpreteris,
2921 4055 3063 4110 idem
3093 4062 3177 4110 est
3221 4069 3285 4108 ac

67 4169 176 4242 λόγῳ
202 4173 569 4245 ἐδηλώσαμεν,
602 4174 677 4236 ώς
723 4172 865 4238 Νῶε,
906 4171 1293 4240 καταγγέλλων
1329 4174 1443 4233 τοῖς
1485 4188 1510 4222 τ

1843 4157 1938 4221 ἱεσ,
1971 4161 2376 4216 construxerat,
2413 4148 2874 4222 quemadmodum
2906 4148 2962 4202 in
2993 4146 3100 4200 alio
3145 4145 3285 4198 libro

66 4265 332 4336 ἀνθρώποις
385 4267 598 4337 μέλλειν
651 4263 1034 4334 κατακλυσμὸν
1075 4261 1313 4325 ἔσεσθαι,
1363 4278 1509 4333 προεε

1842 4249 2231 4309 onstravimus,
2266 4245 2380 4299 Noe
2410 4244 2722 4299 hominibus
2759 4241 2906 4294 illius
2934 4239 3110 4294 aetatis
3139 4236 3285 4290 futu-

66 4373 220 4412 ςενσεν
254 4362 457 4423 αὐτοῖς,
491 4358 664 4426 λέγων
698 4375 711 4386 ·
749 4356 960 4417 Δεῦτε,
1015 4353 1191 4408 καλεῖ
1217 4351 1372 4422 ὑμᾶς
1399 4355 1431 4405 ό
1467 4354 1509 4403 Θ

1883 4337 2146 4393 diluvium
2199 4338 2562 4398 nuntiantem,
2599 4335 2673 4388 ita
2716 4333 2822 4388 illis
2865 4348 2985 4387 esse
3019 4329 3284 4383 vaticina—

67 4450 133 4511 εἰς
177 4418 528 4518 μετάνοιαν.
565 4418 682 4499 ’Διὸ
741 4444 957 4507 οἰκείως
1012 4418 1319 4496 Δευκαλίων
1380 4440 1510 4511 ὲκλή

1859 4451 1873 4484 :
1916 4430 2114 4492 Venite,
2150 4439 2294 4482 vocat
2326 4446 2413 4482 vos
2447 4427 2585 4480 Deus
2620 4424 2686 4478 ad
2714 4423 3094 4494 paznitentiam.
3133 4418 3287 4473 Unde

68 4538 218 4608 Τούτῳ
244 4543 298 4596 δὲ
329 4541 408 4612 τῷ
439 4541 565 4594 Νῶε
599 4540 702 4592 υἱοὶ
729 4539 878 4609 τρεῖς
904 4533 1065 4608 ἦσαν,
1101 4534 1284 4598 καθὼς
1316 4534 1408 4587 καὶ
1443 4535 1500 4586 ὲν

1844 4521 2011 4574 calion
2061 4520 2280 4590 proprie
2327 4518 2630 4587 appellatus
2678 4521 2781 4569 est.
2837 4513 2984 4589 ﬂuit;
3024 4511 3136 4565 Noe
3175 4521 3287 4566 tres

65 4604 265 4704 δευτέρῳ
311 4604 466 4704 eg...
511 4604 895 4702 ἐδηλώσαμεν,
929 4604 1019 4681 ’ὧν
1079 4627 1148 4680 τὰ
1201 4625 1442 4696 ὀνόματά
1492 4625 1508 4676 ι

1849 4623 1869 4666 t
1901 4611 2017 4678 ﬁlii,
2040 4611 2497 4682 quemadmodum
2533 4610 2585 4662 iu
2621 4607 2861 4663 secundo
2892 4606 3032 4660 libro
3063 4604 3287 4659 demon-

68 4721 178 4792 Σὴμ,
208 4727 296 4778 καὶ
326 4725 476 4795 Χὰμ,
512 4723 608 4780 καὶ
653 4721 830 4790 Ἰαφέθ
853 4739 866 4752 ·
903 4715 984 4783 οἷς
1035 4719 1129 4772 καὶ
1160 4720 1416 4787 γυναῖκες
1461 4733 1511 4787 τε

1840 4703 2031 4767 vimus,
2066 4716 2300 4772 quorum
2331 4700 2554 4755 nomina
2585 4696 2733 4762 Seni,
2773 4697 2943 4752 Cham
2986 4705 3041 4750 et
3069 4693 3283 4764 Japhet,

65 4787 176 4882 ἦέέιν
220 4819 278 4871 τι
309 4787 430 4871 καθ;
465 4817 564 4870 ἕνα
595 4787 775 4868 me;
810 4814 940 4885 (90),
977 4813 1070 4866 καὶ
1112 4811 1271 4874 αὐτὸς
1307 4809 1416 4880 (91)
1451 4825 1508 4862 κο

1847 4809 1992 4848 suam
2040 4792 2240 4863 singuli
2275 4805 2498 4846 uxorem
2532 4788 2874 4854 habuerunt;
2925 4794 3042 4841 tum
3089 4787 3205 4856 ipse
3235 4794 3290 4839 et

1714 4900 1852 4940 uxor
1881 4886 2022 4954 ejus.
2058 4882 2214 4937 Hunc
2238 4882 2512 4935 hominem
2551 4877 2802 4934 nonnulli
2835 4877 3160 4932 Eunuchum
3196 4893 3290 4933 vo-

69 5000 376 5069 γορεύκασιν.
427 4999 600 5054 Ὀκτὼ
647 4995 740 5052 οὖν
787 5000 841 5051 αἱ
877 4999 1048 5050 πᾶσαι
1105 4995 1275 5065 ψυχαὶ
1308 4991 1512 5064 ἁνθρώι

1850 4985 1999 5031 runt.
2033 4975 2170 5031 Octo
2193 4975 2360 5045 igitur
2387 4971 2610 5028 omnino
2651 4970 2900 5026 homines
2930 4986 3054 5024 cum
3082 4973 3136 5024 iu
3161 4984 3288 5024 arca

68 5089 385 5163 διεσώθησαν,
407 5097 452 5146 οἱ
477 5096 536 5146 ὲν
568 5096 634 5163 τῇ
672 5089 889 5160 κιΰωτῶ
916 5087 1249 5161 εὐρεθέντες.
1287 5085 1390 5138 Τὸν
1424 5085 1480 5137 δὲ

1846 5070 1924 5123 nti
1959 5068 2216 5132 fuissent,
2250 5065 2555 5121 incolumes
2603 5079 2846 5119 evasere.
2892 5063 3040 5118 Idem
3078 5063 3287 5133 Moyses

69 5139 340 5258 ἰακλυσμὺν
373 5139 656 5259 ’ἐσήμανεν
689 5187 718 5238 ὁ
751 5139 1006 5254 ΜωῦσῆςΓ
1025 5183 1116 5235 ἐπὶ
1165 5139 1376 5252 ἡμέρας
1414 5195 1512 5232 τεσ

1845 5169 2055 5217 onstrat
2074 5161 2338 5214 diluvium
2361 5157 2722 5228 quadraginta
2744 5157 2936 5212 diebus
2958 5157 3288 5224 totidemque

1714 5256 1969 5314 noctibus
2000 5254 2263 5318 saaviisse,
2295 5251 2589 5306 cataractis
2623 5252 2745 5306 caeli
2787 5251 3056 5320 abruptis,
3086 5253 3139 5302 et
3167 5247 3287 5300 fon~

67 4908 176 4977 Τλνὴ
199 4910 376 4964 αὐτοῦ.
414 4908 616 4962 Τοῦτον
643 4907 734 4961 τὸν
767 4906 934 4976 ἄνδρα
959 4903 1087 4958 ἔνιοι
1105 4899 1368 4973 Εὐνοῦχον
1391 4917 1608 4972 προση-

73 5277 304 5345 ράκοντα,
365 5283 458 5332 καὶ
525 5279 723 5341 νύκτας
776 5276 1182 5346 τεσσαράκοντα
1245 5271 1608 5342 γεγενῆσθαι,

126 5494 220 5558 (85)
264 5501 601 5566 Ἐνέστηκε.
638 5499 948 5560 Legendum
985 5498 1302 5565 συνέστηκε.

1844 5483 2291 5566 >.Τρηκαθύἓιά
2341 5480 2557 5561 αὐτῶν.
2603 5476 2682 5530 lta
2736 5482 2964 5542 uterque
3007 5471 3192 5525 codex.
3234 5480 3287 5526 et

256 5553 652 5639 [Isioﬂe'vérau
857 5553 1312 5637 ἀποϐεϐληκέναι.
1506 5626 1529 5639 ν

1752 5553 2075 5639 facili-eli?
2105 5553 2510 5639 ερίιὲοηεε.τξῑὲ·.
3027 5604 3071 5639 ηι
3130 5599 3195 5639 τιν

130 5599 221 5633 \‘Jll
256 5599 652 5639 ιιεσιυμγὸνιιι.
691 5599 821 5636 ιιυῆ.
857 5599 1312 5637 αιυυυενυηιδι.;νυιιο

130 5637 225 5708 ι88)
263 5637 406 5705 Οἶος.
462 5641 540 5693 lta
595 5640 843 5708 Dum-ns,
898 5639 1091 5690 melius
1129 5651 1290 5706 quam
1345 5633 1434 5687 alii
1475 5626 1573 5684 οἷοι

2414 5599 2534 5700 est,
2579 5625 2643 5708 ut.
2687 5604 3096 5708 explanavitufl-

130 5673 225 5705 -ιυ,
263 5673 406 5705 mm,
462 5673 540 5693 ,ια
596 5673 843 5698 "unum,
898 5673 1091 5690 ...κ-...ο
1345 5673 1434 5687 .....
1478 5673 1515 5684 ...

72 5700 248 5761 Codex.
286 5709 428 5762 Bodl.
461 5713 531 5764 δι’
559 5710 638 5768 ὃν,
668 5709 737 5760 δι’
765 5703 845 5760 οῦ.

1851 5673 2392 5766 "ipéﬁé'é'éi’uxbi
2416 5673 2563 5768 ἐμὲ,
2590 5684 2722 5768 illud
2759 5673 2945 5768 autem
2987 5675 3081 5768 xu):
3125 5673 3285 5737 αὑτός

134 5752 914 5846 ccipe).
947 5775 1076 5847 Reg.
1111 5775 1251 5829 καθᾶ
1279 5777 1398 5842 καί,
1421 5782 1472 5829 et
1504 5789 1577 5827 uo

1836 5752 2267 5847 itr'oqnecodice
2311 5752 2461 5816 idein'
2494 5752 2724 5811 Wolﬁus
2753 5752 3110 5824 deprompsit,
3155 5759 3279 5803 cum

80 5833 225 5900 multo
250 5860 362 5920 post
398 5833 540 5906 καθὰ
569 5849 661 5903 καὶ
692 5851 747 5901 ὲν
785 5833 975 5922 ἐτέρφτ
1027 5833 1056 5847 ν
1387 5833 1397 5842 ⁷

965 5886 975 5906 η
1027 5833 1056 5847 ν
1387 5833 1397 5842 ⁷
1718 5848 1873 5894 auten
1909 5833 2148 5891 in'cditis
2181 5833 2408 5887 dccssct.
