3654 6502
269 340 406 397 1155
1284 327 1650 392 THEOPHILI
1683 331 1992 389 EPISCOPI
2025 326 2441 388 ANTIOCHENI
3389 330 3519 388 1156

334 455 424 509 23.
458 452 741 522 Propheta:
769 452 1091 522 antiquiores
1115 450 1460 519 scriptoribus
1491 447 1724 515 Graecis;
1769 447 1844 501 le-

2023 443 2112 498 25.
2140 443 2250 513 Τῆς
2283 442 2381 513 μὲν
2414 437 2505 495 οὖν
2530 441 2794 495 Φοινίκων
2837 441 2932 496 καὶ
2970 441 3283 512 Αἰγυπτίων
3325 459 3522 514 μαρτυ-

264 548 544 614 gislutores
597 545 746 614 longe
806 544 1117 598 recentiores
1164 541 1367 610 Moyse.
1423 572 1491 581 ——
1522 540 1843 593 thnicum

2011 553 2092 600 ις,
2116 535 2191 599 ὠς
2220 536 2538 605 ἱστορήκασι
2566 534 2696 605 περὶ
2736 534 2843 587 τῶν
2878 535 3000 588 καθ’
3039 537 3190 605 ἡμᾶς
3224 535 3429 606 χρόνων
3475 539 3520 591 οἱ

265 654 397 709 ergo
438 646 493 693 et
526 636 908 708 Egyptiorum
940 635 1006 689 de
1040 650 1222 688 rerum
1271 643 1584 686 nostrarum
1638 638 1847 699 tempo-

2011 626 2364 698 χγγράῲαντες
2398 626 2695 690 Μαναιθὼς
2717 628 2745 679 6
2778 626 3093 694 Αἰγύπτιος,
3125 626 3221 679 καὶ⁹
3263 628 3291 679 6
3322 627 3522 681 Μέναν-

268 730 429 784 ribus
489 728 805 783 testimonia
875 726 1152 796 quomodo
1214 724 1503 778 retulerint
1550 718 1846 775 Manzethos

2015 736 2071 783 ος
2104 722 2131 771 6
2164 719 2429 787 Ἐφέσιος,
2464 718 2543 771 ἔτι
2582 719 2641 771 δὲ
2675 720 2770 771 καὶ
2817 718 3117 788 Ἰώσηππος
3149 719 3178 770 ό
3212 720 3521 789 ἀναγράψας

267 819 562 890 Egyptius
585 827 637 873 et
662 816 954 871 Menander
981 815 1268 884 Ephesius,
1289 828 1351 867 ac
1369 814 1530 867 etiam
1553 811 1845 881 Iosephus,

270 912 363 980 qui
399 910 599 965 bellum
624 908 827 962 Judaeis
856 923 884 960 a
915 906 1179 961 Romanis
1212 906 1421 958 illatum
1470 902 1669 958 litteris
1696 918 1852 955 man-

269 999 441 1063 davit,
476 999 636 1053 nobis
675 996 944 1052 sulliciant
978 1011 1100 1064 qua:
1152 994 1411 1047 diximus.
1438 990 1516 1045 Ex
1574 992 1659 1045 his
1703 991 1849 1044 enim

269 1090 362 1158 qui
395 1088 605 1157 antiqui
637 1096 785 1149 sunt,
834 1085 997 1139 etiam
1029 1093 1347 1138 caeterorum
1375 1084 1577 1151 scripta
1608 1082 1696 1145 iis,
1729 1095 1851 1150 quae

270 1196 369 1250 per
412 1178 633 1250 Moysen
705 1178 867 1232 nobis
910 1176 1113 1230 tradita
1166 1185 1294 1230 sunt
1324 1214 1340 1239 ,
1374 1176 1685 1230 recentiora
1728 1188 1851 1229 esse

270 1274 709 1334 demonstratur,
768 1271 877 1323 imo
916 1278 970 1323 et
1026 1268 1162 1337 ipsis
1211 1268 1527 1338 prophetis;
1585 1282 1710 1321 nam
1755 1265 1851 1337 qui

270 1365 499 1419 ultimus
527 1363 918 1432 prophetarum
955 1360 1056 1413 fuit
1099 1360 1391 1415 Zacharias
1424 1360 1665 1420 nomine,
1689 1359 1737 1413 is
1764 1374 1850 1413 re-

271 1462 472 1525 gnante
500 1453 664 1506 Dan’o
693 1452 900 1507 ﬂoruit.
935 1452 1041 1507 Sed
1090 1460 1144 1506 et
1172 1453 1275 1521 ipsi
1301 1453 1641 1522 legislatores
1661 1466 1852 1505 onmes

272 1549 635 1603 inveniuntur
668 1548 817 1616 leges
851 1561 981 1602 suas
1018 1548 1297 1615 posterius
1341 1546 1611 1615 posuisse.
1638 1544 1695 1599 Si
1728 1546 1852 1614 quis

271 1642 417 1695 enim
449 1641 674 1708 objiciat
706 1639 963 1693 Solonem
991 1638 1406 1701 Atheniensem,
1440 1639 1486 1693 is
1514 1639 1852 1707 temporibus

270 1731 399 1803 Cyri
429 1740 482 1787 et
516 1730 663 1785 Darii
701 1747 892 1802 regum
930 1731 1104 1795 vixit,
1164 1731 1388 1802 aequalis
1441 1731 1684 1801 prardicti
1728 1748 1847 1801 pro-

273 1824 449 1893 pheta:
493 1822 794 1887 Zacharias,
827 1824 987 1877 annis
1018 1823 1310 1878 admodum
1360 1824 1548 1877 multis
1584 1824 1853 1893 posterio-

274 1916 537 1982 ris.Quod
574 1918 620 1971 si
653 1917 779 1986 quis
835 1915 1143 1987 Lycurgum
1178 1923 1272 1969 aut
1303 1914 1606 1970 Draconem
1642 1922 1735 1969 aut
1762 1915 1854 1969 lli-

272 2020 436 2061 noem
478 2006 817 2076 legislatores
851 2004 1077 2073 objiciat
1104 2045 1117 2067 ,
1178 2004 1494 2072 praecedunt
1526 2005 1649 2058 libri
1688 2006 1854 2069 sacri,

272 2104 335 2152 ut
380 2099 573 2153 scribit
605 2096 876 2167 Josephus
899 2137 913 2160 ,
948 2112 1073 2150 cum
1108 2096 1242 2151 Jove
1271 2095 1613 2151 Cretensium
1646 2113 1772 2168 rege
1804 2106 1858 2153 et

273 2188 419 2243 bello
453 2186 692 2256 Trojano
746 2188 1086 2258 antiquiores
1115 2187 1226 2241 sint
1251 2188 1445 2243 litterae
1473 2188 1609 2258 legis
1636 2189 1856 2252 divinae,

274 2295 396 2349 qua":
435 2280 594 2335 nobis
653 2296 751 2350 per
787 2280 1012 2349 Moysen
1048 2278 1249 2333 tradita
1287 2286 1393 2335 est.
1442 2279 1547 2334 Sed
1605 2288 1665 2333 ut
1694 2297 1859 2335 accu-

274 2371 449 2425 ratius
494 2380 798 2439 temporum
829 2377 880 2424 et
910 2386 1177 2424 annorum
1220 2371 1485 2426 rationem
1517 2372 1860 2428 demonstre-

275 2478 438 2528 mus;
484 2466 592 2517 Dco
622 2464 781 2525 nobis
812 2463 1048 2525 favente,
1079 2479 1187 2517 non
1235 2479 1297 2519 ea
1331 2466 1528 2531 solum,
1564 2480 1686 2535 quae
1737 2474 1859 2534 post

276 2554 578 2621 diluvium,
620 2554 714 2610 sed
736 2570 800 2610 ea
829 2556 992 2610 etiam
1031 2572 1151 2626 qua:
1207 2558 1484 2612 anteriora
1521 2559 1856 2622 enarrando,

279 2649 357 2703 ita
386 2656 445 2703 ut
475 2648 742 2710 omnium,
772 2654 1039 2717 quantum
1072 2649 1229 2703 nobis
1282 2648 1365 2703 fas
1387 2652 1510 2712 erit,
1553 2666 1726 2706 annos
1758 2667 1860 2705 nu-

276 2755 571 2804 meremus,
620 2738 671 2792 id
705 2754 851 2792 nunc
878 2755 1242 2809 exsequemur
1268 2780 1283 2803 ,
1321 2740 1387 2793 ad
1432 2741 1856 2796 remotissimum

277 2838 631 2887 recurrentes
666 2831 851 2884 mundi
881 2831 1176 2885 creationis
1211 2832 1443 2893 initium,
1473 2833 1616 2902 quod
1650 2832 1861 2903 Moyses

280 2922 374 2978 Dei
403 2922 662 2985 famulus,
689 2920 897 2992 Spiritu
931 2930 1121 2977 sancto
1142 2923 1375 2986 alllante,
1399 2923 1708 2993 descripsit.
1741 2924 1861 2978 Dis-

280 3029 473 3068 serens
502 3015 647 3068 enim
678 3013 745 3067 de
780 3014 1059 3067 creatione
1090 3028 1153 3067 ac
1180 3014 1531 3083 generatione
1571 3016 1759 3069 mundi
1805 3024 1860 3071 et

280 3106 443 3175 primi
478 3104 721 3160 hominis
776 3112 830 3157 et
868 3120 1056 3158 eorum
1096 3104 1190 3174 qui
1230 3105 1486 3175 deinceps
1543 3108 1657 3160 nati
1707 3118 1857 3173 sunt,

1946 810 2039 863 τὸν
2075 810 2369 863 Ἰουδαῐκὺν
2416 810 2651 881 πόλεμον
2678 850 2692 873 ,
2737 809 2827 862 τὸν
2869 810 3163 879 γενόμενον
3206 810 3390 874 αὐτοῖς
3427 812 3524 863 ὑπὸ

1962 902 2268 973 Ῥωμαίων,
2304 903 2550 973 ἀρκετῶς
2582 905 2696 973 ἦτω
2724 905 2857 973 ἡμῖν
2876 903 2946 957 τά
2976 903 3261 975 εἰρημένα.
3310 905 3404 957 Ἐκ
3425 906 3523 976 γὰρ

1951 994 2155 1048 τούτων
2185 996 2292 1047 τῶν
2327 996 2571 1066 ἀρχαίων
2614 996 2888 1049 δείκνυται
2934 998 3031 1050 καὶ
3066 996 3137 1049 τὰ
3177 998 3288 1051 τῶν
3335 998 3523 1051 λοιπῶν

1952 1089 2360 1159 συγγράμματα
2375 1089 2574 1157 ἔσχατα
2599 1083 2737 1142 εἷναι
2765 1089 2871 1142 τῶν
2894 1089 2978 1144 διὰ
3000 1091 3283 1155 Μωῦσέως
3300 1092 3429 1161 ἡμῖν
3449 1092 3525 1145 δε-

1950 1181 2189 1251 δομένων
2227 1182 2592 1251 γραμμάτων,
2630 1182 2710 1235 ἔτι
2748 1183 2851 1254 μὴν
2877 1184 2971 1237 καὶ
3015 1184 3122 1237 τῶν
3168 1184 3373 1255 μεταξὺ
3406 1202 3523 1255 προ-

1951 1271 2158 1342 φητῶν.
2208 1272 2264 1324 Ὁ
2294 1273 2401 1341 γὰρ
2420 1272 2645 1342 ὕστερος
2671 1272 2780 1325 τῶν
2803 1271 3098 1343 προφητῶν
3130 1274 3418 1342 γενόμενος
3434 1276 3524 1327 Ζα-

1952 1362 2145 1434 χαρίας
2164 1362 2389 1432 ὀνόματι
2412 1364 2689 1435 ἠκρίὸωσε
2710 1364 2851 1418 κατά
2867 1365 2965 1435 τὴν
2983 1365 3213 1435 Δαρείου
3241 1364 3518 1433 βασιλείαν.

1966 1454 2127 1506 Ἀλλά
2174 1457 2269 1507 καὶ
2304 1457 2351 1508 οί
2385 1455 2672 1525 νομοθέται
2711 1455 2911 1518 πάντες
2958 1455 3161 1525 μεταξὺ
3198 1455 3522 1524 εὑρίσκονται

1953 1544 2391 1615 νομοθετοῦντες.
2434 1547 2496 1598 El
2540 1545 2647 1616 γάρ
2700 1563 2781 1608 τις
2808 1546 2949 1598 εἴποι
2994 1546 3212 1598 Σόλωνα
3247 1540 3340 1598 τὸν
3382 1545 3521 1615 Ἀθη-

1954 1639 2133 1697 ναῖον,
2186 1629 2343 1699 οὗτος
2384 1638 2576 1704 γέγονε
2611 1636 2753 1690 κατά
2775 1640 2900 1700 τοὺς
2933 1638 3163 1708 χρόνους
3214 1636 3398 1707 Κύρου
3438 1637 3522 1689 καὶ

1954 1727 2180 1798 Δαρείου
2212 1727 2317 1780 τῶν
2349 1727 2633 1796 βασιλέων,
2670 1728 2809 1782 κατά
2829 1728 2917 1780 τὸν
2946 1729 3136 1800 χρόνον
3158 1728 3421 1799 Ζαχαρίου
3442 1728 3519 1780 τοῦ

1883 1872 1926 1927 Β
1958 1820 2357 1892 προειρημένου
2402 1822 2712 1891 προφήτου,
2760 1819 2959 1891 μεταξὺ
3002 1821 3370 1891 γεγενημένου
3402 1819 3519 1872 πάνυ

1960 1913 2173 1975 πολλοῖς
2209 1913 2321 1982 (25)
2375 1912 2581 1965 ἐτεσιν·
2620 1914 2738 1982 ἦτοι
2783 1913 2876 1966 καὶ
2917 1915 3049 1984 περὶ
3098 1912 3415 1983 Λυκούργου
3440 1953 3452 1975 ,
3491 1913 3517 1983 ἦ

1963 2004 2287 2075 Δράκοντος,
2318 2005 2350 2075 ἢ
2383 2005 2536 2057 Μίνω
2567 2005 2676 2058 τῶν
2709 2005 3012 2076 νομοθετῶν
3032 2047 3046 2069 ,
3095 2004 3398 2075 Ἰώσηππος
3428 2004 3519 2075 (26)

1958 2097 2183 2167 γράφων
2217 2096 2385 2164 λέγει,
2408 2097 2489 2148 ὅτι
2520 2097 2848 2167 προάγουσιν
2898 2098 3095 2161 αὐτοὺς
3130 2097 3443 2167 ἀρχαιότητι
3474 2099 3518 2149 αἱ

1961 2190 2103 2259 ἱεραὶ
2140 2188 2328 2257 βίϐλοι,
2363 2189 2498 2240 ὅπου
2534 2205 2596 2255 γε
2632 2189 2726 2241 καὶ
2748 2188 2839 2241 τοῦ
2874 2188 2995 2251 Διὸς
3038 2187 3133 2240 τοῦ
3176 2189 3406 2260 Κρητῶν
3442 2187 3518 2256 $1-

1961 2280 2343 2343 σιλεύσαντος,
2393 2280 2526 2332 ἀλλά
2559 2280 2663 2350 μὴν
2723 2282 2817 2334 καὶ
2868 2281 2962 2334 τοῦ
3024 2282 3258 2335 Ίλιακοῦ
3306 2282 3516 2352 πολέμου

1958 2370 2227 2424 δείκνυται
2261 2369 2671 2441 προάγοντατά
2706 2371 3012 2441 γράμματα
3044 2370 3141 2423 τοῦ
3178 2371 3323 2423 θείου
3354 2373 3515 2441 νόμον,

1958 2462 2052 2514 τοῦ
2073 2462 2161 2515 διὰ
2175 2464 2453 2526 Μωῦσέως
2484 2464 2617 2532 ἡμῖν
2652 2461 2958 2531 δεδομένου.
2999 2464 3118 2516 Ἵνα
3136 2462 3193 2514 δὲ
3228 2463 3517 2533 ἀκριϐεστέ-

1963 2570 2060 2624 ραν
2088 2556 2403 2625 ποιήσωμεν
2424 2555 2522 2625 τὴν
2544 2553 2815 2619 ἀπόδειξιν
2838 2554 2943 2606 τῶν
2961 2555 3170 2624 καιρῶν
3200 2556 3293 2607 καὶ
3316 2556 3516 2625 χρόνων,

1960 2646 2095 2699 Θεοῦ
2128 2647 2261 2716 ἡμῖν
2295 2648 2649 2717 παρέχοντος,
2684 2648 2743 2699 οὐ
2769 2648 2929 2716 μόνον
2976 2647 3043 2700 τὰ
3086 2647 3228 2717 μετά
3278 2646 3519 2700 κατακλυο

1962 2738 2097 2809 σμὸν
2129 2739 2634 2811 ίστοροῦντες,ἀλλά
2651 2740 2743 2793 καὶ
2776 2740 2842 2793 τὰ
2867 2739 2971 2811 πρὸ
3017 2738 3419 2808 κατακλυσμοῦ,
3453 2739 3519 2798 εἰς

1959 2831 2020 2883 τὸ
2041 2830 2261 2884 καὶτῶν
2292 2832 2548 2884 ἁπάντων
2578 2831 2717 2883 κατά
2739 2831 2799 2883 τὸ
2832 2830 3053 2883 δυνατὸν
3087 2830 3264 2880 εἰπεῖν
3296 2831 3421 2898 ἡμῖν
3444 2828 3518 2879 τὸν

1962 2922 2212 2994 ἀριθμὸν,
2265 2922 2384 2974 νυνὶ
2432 2920 2804 2992 ποιησόμεθα,
2850 2920 3261 2990 ἀναδραμόντες
3300 2920 3388 2972 ἐπὶ
3436 2920 3517 2987 τὴν

1961 3014 2225 3067 ἀνέκαθεν
2259 3014 2435 3086 ἀρχὴν
2477 3013 2576 3082 τῆς
2619 3013 2711 3065 τοῦ
2761 3013 2966 3081 κόσμου
3000 3011 3265 3073 κτίσεως,
3313 3011 3378 3081 ἣν
3416 3009 3517 3062 ἀνέ-

1961 3104 2139 3173 γραψε
2171 3104 2410 3173 Μωῦσῆς
2454 3105 2481 3155 6
2515 3102 2765 3173 θεράπων
2790 3100 2882 3153 τοῦ
2927 3100 3062 3153 Θεοῦ
3106 3100 3196 3152 διὰ
3238 3099 3516 3168 Πνεῦματος

278 3210 342 3250 ea
376 3195 543 3248 etiam
576 3193 899 3257 declaravit,
933 3208 1055 3262 quae
1086 3204 1210 3247 ante
1240 3194 1503 3247 diluvium
1536 3206 1853 3253 evenerunt.

2011 3196 2138 3265 γίου.
2190 3194 2375 3248 Εἰπὼν
2428 3194 2537 3264 γάρ
2574 3194 2641 3247 τά
2697 3194 2823 3263 περὶ
2861 3193 3094 3255 κτίσεως
3148 3192 3243 3245 καὶ
3283 3191 3515 3259 γενέσεως

280 3284 393 3355 Ego
426 3294 606 3339 autem
635 3284 780 3337 hanc
828 3286 1056 3353 gratiam
1095 3292 1218 3353 peto
1269 3299 1299 3336 a
1331 3285 1446 3339 solo
1477 3284 1607 3351 Deo,
1640 3296 1701 3341 ut
1730 3304 1857 3343 vera

282 3378 587 3433 secundum
618 3378 767 3432 illius
796 3377 1130 3431 voluntatem
1166 3376 1350 3429 omnia
1373 3386 1624 3432 accurate
1654 3379 1854 3445 dicam,

280 3476 342 3521 ut
370 3475 425 3523 et
456 3477 512 3521 tu
543 3477 597 3522 et
629 3467 881 3537 quisquis
928 3466 1041 3520 haec
1076 3466 1240 3534 leget,
1274 3466 1465 3520 ducem
1493 3468 1735 3525 habeatis
1760 3486 1855 3525 ve-

281 3561 497 3615 ritatem
526 3568 580 3613 et
609 3560 837 3629 gratiam
864 3559 1006 3628 ejus.
1037 3540 1256 3612 Initium
1290 3568 1469 3614 autem
1492 3558 1688 3614 ducam
1715 3575 1744 3614 a
1765 3578 1859 3631 ge-

281 3650 569 3721 nealogiis,
602 3665 723 3719 quae
768 3648 1060 3720 descripta:
1096 3658 1244 3714 sunt,
1282 3649 1332 3703 id
1364 3657 1449 3705 est
1478 3665 1507 3703 a
1540 3652 1716 3721 primo
1758 3652 1858 3707 ho-

282 3758 447 3798 mine.

1963 3290 2189 3360 κόσμου,
2227 3288 2320 3342 τοῦ
2357 3286 2784 3360 πρωτοπλάστου
2832 3284 3122 3355 ἀνθρώπου
3145 3326 3161 3350 ,
3198 3284 3292 3336 καὶ
3339 3283 3401 3334 τὰ
3430 3281 3516 3332 τῶν

1964 3382 2087 3451 ἑξῆς
2120 3382 2519 3451 γεγενημένων,
2553 3383 2793 3451 ὲσήμανε
2814 3380 2906 3431 κα)¹
2939 3378 3007 3431 τὰ
3032 3378 3140 3449 πρὸ
3160 3372 3515 3443 κατακλυσμοῦ

1964 3471 2057 3542 ἔτη
2092 3472 2377 3542 γενόμενα.
2426 3470 2567 3539 Ἐγὼ
2597 3471 2638 3523 δ’
2674 3470 2929 3541 αἰτοῦμαι
2964 3468 3125 3539 χάριν
3146 3466 3298 3537 παρὰ
3330 3464 3417 3516 τοῦ
3435 3464 3516 3533 μό·

1963 3581 2055 3618 νου
2092 3564 2248 3630 Θεοῦ,
2283 3566 2363 3627 είς
2379 3564 2438 3616 τὸ
2458 3563 2665 3635 τάληθῆ
2686 3562 2826 3616 κατὰ
2843 3563 2903 3615 τὸ
2934 3561 3145 3632 θέλημα
3179 3559 3344 3612 αὑτοῦ
3368 3558 3517 3611 πάντα

1964 3656 2206 3726 ἀκριϐῶς
2238 3659 2431 3719 εἰπεῖν,
2465 3658 2613 3718 ὅπως
2646 3656 2739 3708 καὶ
2778 3656 2863 3717 σὺ,
2898 3654 2993 3707 καὶ
3025 3655 3135 3715 πᾶς
3167 3653 3195 3705 6
3228 3650 3426 3709 τούτοις
3444 3650 3515 3699 ἐν-

1963 3747 2249 3816 τυγχάνων
2288 3747 2547 3818 ὁδηγῆται
2583 3747 2687 3799 ὑπὸ
2716 3747 2817 3815 τῆς
2864 3743 3123 3816 ἀληθείας
3146 3784 3160 3805 ,
3197 3744 3292 3794 καὶ
3325 3742 3515 3813 χάριτος

280 3835 469 3892 αὑτοῦ.
508 3837 775 3911 ’Λρξομαι
822 3836 886 3909 δὴ
947 3837 1160 3909 πρῶτον
1191 3837 1298 3891 ἀπὸ
1342 3838 1450 3892 τῶν
1505 3839 2005 3911 ἀναγεγραμμένων
2037 3843 2444 3913 χενεαλογιῶν,
2496 3842 2638 3911 λέγω
2702 3842 2759 3895 δὲ
2821 3840 2929 3893 ἀπὸ
2969 3838 3065 3892 τοῦ
3113 3837 3514 3910 πρωτοπλάστου

282 3928 569 3999 ἀνθρώπου
602 3931 698 4001 τὴν
724 3930 897 4003 ἀρχὴν
930 3932 1315 4001 ποιησάμενος.

349 4019 440 4073 24.
465 4020 738 4075 Annorum
767 4023 926 4075 series
957 4023 1021 4075 ab
1061 4023 1271 4076 Adamd
1323 4040 1484 4094 usque
1510 4024 1578 4079 ad
1606 4041 1763 4095 reges.
1789 4056 1860 4067 —-

281 4110 455 4167 Adam
493 4124 655 4170 natus
688 4130 868 4170 annos
912 4116 1040 4181 250,
1098 4117 1285 4186 genuit
1320 4114 1467 4172 Seth.
1528 4118 1657 4171 Seth
1698 4126 1859 4173 natus

286 4216 461 4256 annos
488 4202 614 4267 205,
646 4204 834 4274 genuit
868 4203 1033 4261 Enos.
1084 4204 1231 4260 Enos
1265 4206 1400 4259 vixit
1427 4222 1599 4261 annos
1644 4209 1768 4273 190,
1806 4220 1861 4264 et

286 4294 472 4364 genuit
509 4296 741 4351 Cainan.
792 4295 1005 4351 Cainan
1055 4307 1217 4353 natus
1265 4314 1439 4352 annos
1492 4300 1617 4363 170,
1668 4304 1858 4370 genuit

287 4384 550 4442 Malaleel.
586 4388 830 4443 Malaleel
866 4397 1028 4445 natus
1061 4405 1235 4447 annos
1288 4391 1411 4455 105,
1455 4390 1640 4461 genuit
1686 4392 1856 4448 lilium

2032 4024 2121 4077 24.
2168 4024 2336 4095 Ἀδὰμ
2366 4024 2471 4087 ’έως
2502 4018 2562 4077 οῦ
2594 4024 2891 4076 ἐτέκνωσεν
2923 4021 3016 4093 ἔτη
3059 4021 3133 4075 σλ⁸
3170 4022 3303 4091 (27).
3340 4020 3513 4083 Υἱὸςδὲ

1963 4116 2152 4170 τούτου
2187 4116 2291 4187 Σὴθ
2327 4118 2421 4186 ἐτη
2452 4123 2543 4169 σε’.
2581 4116 2709 4178 Υἱὸς
2754 4116 2809 4168 δὲ
2852 4115 3043 4167 τούτου
3093 4115 3263 4178 Ἐνῶς
3295 4116 3383 4185 ἔτη
3416 4121 3509 4185 pg‘.

1964 4206 2089 4269 Υἱὸς
2121 4208 2176 4259 δὲ
2209 4208 2398 4260 τούτου
2428 4206 2633 4259 Καῖνάν
2675 4206 2769 4275 ἔτη
2803 4212 2898 4276 po’.
2932 4206 3058 4268 Υἱὸς
3088 4206 3145 4257 δὲ
3173 4203 3360 4257 τούτου
3407 4205 3511 4258 Μα-

1962 4298 2149 4371 λελεήλ
2178 4298 2273 4367 ἔτη
2306 4298 2431 4369 ρξε’.
2470 4298 2596 4360 Υἱὸς
2627 4297 2684 4349 δὲ
2716 4297 2902 4349 τούτου
2944 4296 3116 4366 Ἰάρεο
3137 4296 3233 4367 ἔτη
3260 4296 3385 4367 ρξβῖ
3404 4296 3511 4356 l'i6;

1961 4390 2016 4442 δὲ
2048 4391 2234 4443 τούτου
2281 4388 2448 4458 Ἑνὼχ
2480 4389 2570 4458 ἐτη
2603 4387 2725 4459 ρξε’.
2756 4387 2882 4449 Υἱὸς
2912 4387 2969 4439 δὲ
2991 4386 3183 4439 τούτου
3207 4386 3509 4441 Μαθουσάλα

284 4480 506 4535 nomine
568 4480 753 4535 Jared.
816 4479 979 4535 Jared
1032 4490 1195 4538 natus
1249 4498 1423 4539 annos
1470 4482 1607 4553 162,
1672 4488 1856 4557 genuit

2011 4500 2057 4552 τη
2086 4481 2195 4554 ρξζ¹
2230 4482 2361 4551 (28).
2387 4482 2512 4545 Υἱὸς
2536 4480 2591 4534 δὲ
2618 4480 2805 4533 τούτου
2839 4480 3031 4550 Λάμεχ
3050 4480 3144 4551 ἔτη
3170 4482 3316 4553 ρπητ,
3347 4479 3506 4547 Τούτῳ

284 4566 493 4625 Enoch.
532 4570 720 4625 Enoch
756 4580 917 4627 natus
950 4588 1123 4629 annos
1158 4574 1281 4640 165,
1314 4578 1501 4645 genuit
1532 4577 1855 4634 Mathusala.

287 4660 588 4716 Mathusala
607 4672 768 4719 natus
792 4680 967 4718 annos
990 4665 1112 4729 167,
1137 4668 1320 4737 genuit
1341 4667 1596 4723 Lamech.
1622 4669 1859 4723 Lamech

284 4763 446 4809 natus
475 4772 649 4815 annos
674 4760 796 4823 188,
820 4762 1006 4830 genuit
1038 4761 1169 4818 Noe.
1206 4761 1319 4818 Noe
1349 4774 1510 4819 natus
1535 4780 1708 4819 annos
1730 4765 1857 4826 500,

284 4851 470 4919 genuit
499 4850 645 4907 Sem.
684 4852 798 4909 Sub
825 4854 957 4918 Noe,
994 4871 1116 4910 cum
1154 4872 1331 4912 annos
1352 4863 1516 4913 natus
1550 4868 1696 4913 esset
1726 4858 1854 4923 600,

285 4944 514 5014 contigit
546 4944 829 5000 diluvium.
867 4947 1053 5018 Itaque
1087 4949 1155 5004 ab
1184 4950 1405 5005 condito
1439 4950 1661 5006 homine
1685 4966 1858 5021 usque

500 5119 667 5171 Πάνυ
691 5120 960 5187 πολλοῖς,
997 5120 1127 5192 Reg.
1173 5122 1234 5175 οὐ
1282 5122 1422 5176 πάνυ
1452 5123 1683 5187 πολλοῖς.
1727 5120 1855 5178 Hazc

287 5190 557 5258 scriptura
582 5193 655 5242 ita
685 5193 888 5258 placuit
913 5190 1128 5246 erudito
1157 5192 1373 5255 Wolﬁo,
1406 5201 1465 5246 ut
1496 5210 1612 5247 eam
1641 5195 1692 5247 in
1722 5209 1855 5249 con-

286 5266 491 5331 textum
517 5262 819 5331 receperit;
874 5266 1030 5330 quasi
1079 5262 1415 5331 The0philus
1457 5264 1604 5318 dicat
1650 5263 1857 5317 Zacha-

287 5329 424 5382 riam
459 5339 581 5397 post
608 5328 809 5400 Cyrum
848 5328 903 5385 et
928 5332 1144 5386 Darium
1176 5328 1452 5388 ex'stitisse
1480 5350 1587 5387 non
1632 5334 1859 5387 omnino

286 5400 471 5473 inultis
496 5400 675 5473 annis.
708 5400 831 5473 Sed,
864 5403 1035 5456 satius
1086 5404 1304 5456 videtur
1353 5405 1467 5458 haec
1514 5404 1580 5457 ad
1636 5404 1855 5473 Moysen

287 5467 513 5543 refer-re,
538 5471 699 5538 cujus
727 5472 1026 5543 antiquitas
1042 5488 1127 5543 feo
1148 5476 1490 5542 expressior,
1533 5489 1641 5543 quo
1685 5467 1855 5542 pluri-

288 5538 389 5593 bus
418 5541 568 5594 abeo
600 5542 758 5595 annis
786 5538 1009 5595 distabit
1039 5538 1352 5597 Zacharias.

356 5608 469 5679 (26)
514 5610 851 5681 Ιῴσηππος.
875 5610 1068 5665 Totum
1097 5613 1242 5667 hunc
1264 5615 1441 5667 locum
1457 5612 1674 5681 Joscphi
1691 5612 1855 5667 bene-

290 5676 412 5751 ﬁcio
433 5676 789 5751 restituerunt
806 5680 985 5735 Fellus
1012 5692 1065 5737 et
1080 5691 1338 5751 posteum
1365 5676 1612 5736 Wolﬁus.
1640 5681 1697 5735 ln
1723 5682 1846 5737 cod.

287 5744 420 5817 νος.
451 5748 680 5817 legitur:
714 5751 1055 5820 Νομοθετῶν,
1080 5744 1312 5822 ’γράφων
1345 5752 1498 5822 λήγει
1535 5769 1618 5815 τις
1652 5754 1709 5805 ἐν
1739 5752 1850 5815 τοῖς

1960 4578 2014 4629 δὲ
2050 4577 2162 4639 υἱὸς
2194 4577 2422 4648 ἐγενήθη
2452 4578 2479 4629 6
2511 4576 2907 4647 προειρημένος
2955 4575 3077 4628 Νῶε
3099 4617 3113 4638 ,
3163 4578 3223 4640 ὃς
3268 4578 3504 4629 ἐτέκνωσε

1960 4666 2051 4719 τὸν
2077 4667 2195 4737 Σὴμ
2231 4667 2304 4719 ὢν
2344 4667 2479 4718 ἐτῶν
2513 4665 2583 4734 φ’.
2633 4666 2755 4718 Ἐπὶ
2804 4664 2993 4718 τούτου
3041 4666 3260 4734 ἐγένετο
3306 4669 3333 4718 6
3365 4681 3503 4717 κατα-

1961 4762 2201 4832 κλυσμὸς
2247 4762 2398 4823 ὄντος
2442 4759 2604 4813 αὐτοῦ
2640 4758 2775 4811 ἐτῶν
2804 4760 2869 4829 χ’.
2904 4759 2983 4811 Τά
3022 4760 3202 4812 πάντα
3238 4756 3327 4813 οῦν
3370 4757 3506 4828 μέχρι

1959 4855 2344 4926 κατακλυσμοῦ
2360 4858 2646 4925 γεγένηται
2680 4856 2775 4925 ἔτη
2810 4856 3006 4927 ,βσμβῖ
3046 4857 3200 4909 Μετὰ
3226 4856 3281 4908 δὲ
3312 4856 3398 4907 τὸν
3426 4871 3507 4906 κα-

1957 4948 2265 5019 τακλυσμὸν
2293 4947 2493 5011 ευθέως
2519 4950 2546 5001 6
2583 4948 2724 5019 Σὴμ,
2754 4948 2829 5000 ὢν
2858 4948 2993 5000 ἐτῶν
3020 4947 3066 5019 ρ’
3098 4948 3232 5017 (29),
3268 4948 3505 5000 ἐτέκνωσε

1958 5126 2285 5195 προάγουσιν
2318 5127 2512 5189 αὐτοὺς
2540 5122 2696 5183 εἶναι.
2730 5128 2867 5179 ὅπου
2908 5143 2971 5193 γε
3001 5126 3095 5179 καὶ
3140 5125 3255 5179 τοῦ.
3301 5123 3423 5177 Editi
3454 5130 3500 5175 et

1957 5197 2125 5249 codex
2155 5196 2510 5251 Bodleianus:
2544 5197 2863 5266 Νομοθετῶν
2877 5196 3104 5266 γράφων
3130 5200 3242 5260 τοῖς
3265 5196 3498 5266 προάγου-

1959 5284 2041 5319 σιν
2060 5268 2129 5337 ᾲαί
2162 5267 2303 5337 ἱεραὶ
2329 5266 2517 5337 βίϐλοι.

2030 5335 2139 5405 (27)
2161 5334 2297 5401 Ἕτη
2324 5334 2440 5389 αι’.
2471 5334 2549 5389 lta
2582 5342 2810 5406 uterque
2830 5336 2999 5390 codex
3033 5350 3138 5391 ms.
3180 5345 3233 5390 et
3260 5335 3495 5390 editiones

1957 5404 2130 5459 Oxon.
2160 5413 2213 5460 ct
2239 5407 2431 5461 Hamb.
2457 5406 2590 5459 Alia:
2618 5405 2713 5458 τλ’.

2026 5476 2136 5546 (28)
2174 5476 2280 5545 pg?
2307 5474 2383 5529 Ita
2414 5476 2615 5546 eaedem
2648 5476 2915 5530 editiones
2962 5482 3015 5530 et
3059 5475 3181 5529 cod.
3208 5472 3491 5546 Regillis:

1959 5542 2098 5615 ρπζν.
2120 5542 2225 5599 ἐἰς
2244 5548 2408 5601 etiam
2427 5544 2480 5599 iii
2490 5547 2511 5598 f
2512 5562 2568 5599 ra
2582 5561 2680 5614 pro
2702 5562 2767 5601 eo
2784 5546 2929 5615 quod
2950 5552 3067 5600 erat
3085 5546 3139 5600 in
3156 5542 3482 5615 θάίῑίδνβῖκδλ

1956 5612 2097 5668 idem
2124 5616 2244 5677 cod.
2283 5632 2386 5671 ms.
2411 5624 2464 5671 et
2498 5612 2698 5670 exilem
2721 5612 2991 5673 editiones
3024 5616 3224 5671 habent
3253 5612 3425 5685 ,βσμβκ

2027 5686 2138 5755 (29)
2184 5688 2358 5739 Ἐτων
2392 5694 2454 5756 ρ’.
2490 5685 2621 5758 Reg.
2662 5688 2797 5757 ρσλ’.
