3654 6508
77 350 196 412 1157

1222 340 1312 401 AD
1343 341 1775 401 AUTOLYCUM
1814 341 1946 400 LIB.
1983 339 2072 402 III.

3163 346 3302 405 1158

74 472 152 524 τὸν
190 472 239 523 Ἀ
250 467 477 541 ρφαξάθ.
523 463 794 538 Ἀρφαξὰο
818 466 875 519 δὲ
902 463 1166 517 ἐτέκνωσε
1192 464 1338 517 Σαλά
1364 464 1439 517 ὣν
1484 464 1622 517 ἐτῶν

1812 462 2075 517 diluvium
2099 462 2449 533 reperiuntur
2469 464 2621 529 anni,
2651 471 2708 518 ut
2727 480 2793 520 ex
2820 466 3089 535 prtedictis
3109 467 3300 537 liquet,

77 562 185 635 ρλε’.
228 562 282 614 'U
309 561 364 613 δὲ
395 559 539 613 Σαλὰ
565 559 859 612 ἐτέκνωσεν
896 557 970 609 ὢν
1012 555 1150 609 ἐτῶν
1197 556 1294 627 ρλ’.
1338 556 1539 608 Τούτου
1568 556 1625 608 δὲ

74 655 175 716 υἱὸς
205 652 359 723 Ἑϐὲρ
378 651 455 703 ὢν
477 650 613 703 ἐτῶν
652 648 752 720 ρλδ¹
773 665 787 678 ·
816 650 905 715 ἀφ’
934 643 995 701 οὗ
1025 648 1115 701 καὶ
1141 646 1203 699 τὸ
1247 647 1402 714 γένος
1444 647 1624 702 αὐτῶν

86 747 303 817 Ἑϐραῖοι
342 743 879 815 προσηγορεύθησαν.
930 742 1132 794 Τούτου
1188 740 1245 793 δὲ
1293 738 1406 795 υἱὸς
1450 740 1625 808 Φαλὲγ

76 844 138 894 ὢν
158 840 261 908 (50)
289 837 428 889 ἐτῶν
452 836 783 907 ρλ’.”Τούτου
816 835 872 887 δὲ
887 834 1000 897 υίὸς
1026 832 1223 902 Ῥαγεῦ
1239 832 1313 885 ὣν
1335 833 1470 885 ἐτῶν
1489 833 1621 905 ρλβ’.

76 932 251 987 τούτου
284 930 341 982 δὲ
376 931 493 992 υίὸς
526 930 729 999 Σεροὺχ
760 927 834 979 ὣν
868 927 1002 979 ἐτῶν
1040 927 1135 997 ρλ’.
1178 927 1380 979 Τούτου
1423 926 1480 979 δὲ
1513 928 1623 989 υἱὸς

74 1020 253 1093 Ναχὼρ
283 1020 358 1072 ὢν
392 1018 534 1071 ἐτῶν
566 1018 655 1070 οε’.
692 1017 893 1070 Τούτου
918 1016 973 1069 δὲ
1005 1016 1118 1077 υἱὸς
1148 1015 1336 1086 Θάῤῥα
1385 1014 1458 1067 ὢν
1488 1014 1624 1066 ἐτῶν

73 1124 107 1167 o’
136 1114 259 1184 (51).
293 1111 503 1165 Τούτου
535 1111 592 1163 δὲ
613 1111 727 1173 υίὸς
772 1108 1064 1180 Ἀϐραὰμὸ
1092 1108 1436 1180 πατριάρχης
1468 1108 1623 1178 ἡμῶν

74 1208 310 1261 ἐτέκνωσε
343 1202 437 1257 τὸν
484 1204 669 1258 Ἰσαὰκ
696 1202 771 1255 ὣν
804 1201 939 1253 ἐτῶν
977 1202 1038 1271 ρ’.
1067 1201 1307 1253 Γίνονται
1344 1196 1435 1253 οὖν
1465 1202 1623 1271 μέχρι

82 1296 309 1368 Ἀϐραὰμ
341 1294 439 1365 ἐτη
465 1292 633 1363 ,γσοη’
657 1292 787 1363 (52).
826 1290 1009 1342 Ἰσαὰκ
1036 1291 1063 1341 ὁ
1094 1289 1492 1360 προειρημένος
1520 1288 1625 1351 ἐως

70 1386 390 1455 τεκνογονίας
418 1383 614 1453 ἔζησεν
647 1382 739 1453 ἐτη
772 1379 844 1445 ξ’,
878 1381 934 1444 ὃς
959 1380 1214 1451 ἐγέννησε
1260 1378 1350 1433 τὸν
1409 1378 1621 1433 Ἰακώϐ.

74 1478 280 1550 Ἔζησεν
307 1480 337 1530 ὁ
379 1474 579 1530 Ἰακὼϐ
605 1474 707 1537 ἕως
734 1473 836 1542 τῆς
866 1472 1210 1543 μετοικεσίας
1237 1472 1338 1542 τῆς
1367 1472 1426 1524 ἐν
1457 1470 1624 1539 Αίγύ-

70 1593 170 1644 πτῳ
195 1572 513 1643 γενομένης,
534 1564 601 1641 ἦς
621 1570 805 1622 ἐπάνω
825 1570 1253 1641 προειρήκαμεν,
1276 1566 1350 1619 ὢν
1367 1567 1502 1621 ἐτῶν
1526 1567 1623 1637 ρλ’.

78 1667 131 1720 Ἦ
158 1665 209 1716 δὲ
240 1663 575 1733 παροίκησις
602 1660 709 1713 τῶν
752 1659 1014 1730 Ἐϐραίων
1032 1662 1088 1712 ἐν
1117 1660 1376 1729 Αἰγύπτῳ
1396 1660 1624 1731 ἐγενήθη

70 1760 147 1829 ἐτη
168 1758 239 1811 υλ⁹
260 1776 273 1787 ’
307 1757 405 1810 καὶ
440 1754 582 1826 μετὰ
611 1755 673 1807 τὸ
698 1756 928 1821 ἐξελθεῖν
971 1755 1170 1816 αὐτοὺς
1209 1758 1272 1807 ἐκ
1309 1755 1413 1824 γῆς
1457 1754 1625 1821 Αίγύ-

1723 552 1884 608 2242.
1924 552 2049 609 Sem
2084 561 2248 608 natus
2288 568 2462 608 annos
2497 554 2622 619 100,
2658 556 3166 629 genuitArphaxath
3188 567 3306 615 sta-

1725 646 1819 698 tim
1854 653 1977 714 post
2001 645 2290 699 diluvium.
2314 647 2627 718 Arphaxath
2646 656 2808 702 natus
2841 662 3012 703 annos
3049 649 3169 711 155,
3206 664 3301 719 ge-

1725 739 1844 793 nuit
1880 738 2026 793 Sala.
2066 737 2193 792 Sala
2227 748 2390 795 natus
2425 755 2600 796 annos
2628 743 2749 810 150,
2772 743 2963 813 genuit
2991 741 3200 810 Heher;
3234 744 3304 800 ab

1725 832 1830 887 hoc
1880 834 2194 887 universum
2248 833 2491 901 ipsorum
2541 851 2713 905 genus
2757 835 2970 891 Hebraei
3022 838 3300 893 dicuntur.

1726 923 1901 980 Heber
1922 934 2083 979 natus
2105 940 2279 980 annos
2312 926 2434 990 154,
2458 927 2623 997 396
2648 933 2836 997 genuit
2857 927 3078 999 Phaleg.
3104 929 3305 1001 Phaleg

1726 1024 1888 1071 natus
1930 1032 2103 1072 annos
2152 1019 2298 1081 150,
2352 1020 2537 1088 genuit
2571 1019 2819 1090 llhageu.
2874 1020 3099 1091 Rhageu
3143 1032 3306 1078 natus

1728 1123 1901 1162 annos
1932 1108 2054 1173 152,
2082 1110 2268 1179 genuit
2300 1109 2531 1164 Seruch.
2564 1109 2771 1165 Seruch
2803 1119 2965 1167 natus
2988 1115 3306 1181 3111103150,

1726 1201 1915 1269 genuit
1973 1199 2208 1255 Nachor.
2272 1200 2490 1257 Nachor
2523 1211 2688 1258 natus
2742 1219 2916 1260 annos
2978 1206 3064 1268 75,
3121 1207 3308 1275 genuit

1732 1288 1967 1344 Tharra.
2003 1290 2215 1345 Tharra
2253 1300 2415 1346 natus
2447 1308 2621 1348 annos
2659 1294 2745 1359 70,
2783 1296 2969 1364 genuit
3004 1295 3303 1350 Abraham.

1726 1378 2001 1435 Abraham
2036 1382 2349 1451 patriarcha
2382 1392 2571 1439 noster
2610 1393 2771 1441 natus
2819 1400 2995 1443 annos
3032 1389 3157 1453 100,
3209 1404 3305 1457 ge-
3343 1384 3352 1398 ⁸

1727 1470 1848 1523 nuit
1880 1470 2052 1526 Isaac.
2090 1469 2278 1540 Itaque
2323 1474 2448 1526 anni
2483 1484 2841 1527 numerantur
2882 1490 2912 1528 a
2947 1476 3170 1531 condito
3206 1476 3305 1529 ho-

1729 1560 1877 1616 mine
1898 1574 2073 1632 usque
2088 1560 2155 1617 ad
2178 1562 2455 1619 Abraham
2477 1564 2638 1620 5278.
2664 1565 2813 1621 Isaae
2834 1573 2995 1623 natus
3019 1582 3192 1622 annos
3214 1567 3304 1623 60.

1728 1653 1916 1723 genuit
1946 1651 2135 1707 Jacoh.
2162 1652 2333 1708 Jacob
2360 1664 2521 1709 natus
2543 1655 2645 1708 fuit
2677 1671 2849 1712 annos
2870 1657 2993 1721 150,
3024 1674 3147 1713 cum
3181 1675 3309 1730 pro-

1730 1744 2071 1799 ﬁcisceretur
2103 1745 2159 1798 in
2208 1744 2525 1815 IEgyptum.
2580 1746 2790 1802 Hebraei
2828 1749 2883 1802 in
2917 1749 3151 1820 Egypto
3184 1767 3307 1805 mo-

69 1867 216 1911 πτου,
266 1850 324 1901 ἐν
374 1852 443 1919 τῇ
489 1850 683 1919 ἐρήμῳ
732 1848 1039 1918 καλουμένῃ
1085 1847 1363 1916 διέτριψαν
1413 1847 1504 1918 ἐτη
1552 1846 1622 1917 μ’.

1800 1837 1838 1890 ti
1874 1845 2001 1891 sunt
2033 1838 2193 1893 annis
2215 1838 2348 1905 450;
2385 1839 2592 1909 egressi
2626 1838 2863 1911 Egypto
2896 1841 3105 1896 haesere
3137 1844 3190 1896 in
3223 1843 3313 1898 de-

70 1945 252 1996 Γίνεται
280 1938 373 1995 οὖν
399 1941 473 1994 τὰ
510 1942 686 1995 πάντα
722 1942 835 2012 ,ἔτη
883 1941 1060 2011 ,γῖδλῆ
1100 1940 1236 2010 (55),
1266 1933 1311 2007 ᾧ
1343 1938 1519 2009 καιρῷ
1534 1938 1627 1991 τοῦ

69 2034 317 2099 Μωῦσέως
331 2035 774 2105 τελευτήσαντος,
792 2032 1057 2098 διεδέξατο
1074 2032 1261 2102 ἄρχειν
1298 2032 1502 2101 Ἰησοῦς
1518 2031 1630 2095 υίὸς

69 2127 221 2196 Ναυὴ,
253 2128 311 2190 ὃς
345 2126 594 2197 προέστη
618 2125 797 2179 αὐτῶν
825 2125 969 2178 ἔτεσι
993 2123 1093 2188 κζ’.
1124 2110 1277 2177 Μετὰ
1300 2123 1355 2176 δὲ
1392 2123 1482 2176 τὸν
1527 2124 1629 2193 Ἰη-

72 2217 177 2270 σοῦν
221 2218 314 2270 τοῦ
364 2217 502 2271 λαοῦ
559 2218 909 2290 παραϐάντος
954 2217 1063 2269 ἀπὸ
1098 2216 1206 2269 τῶν
1263 2214 1489 2269 ἐντολῶν
1533 2216 1626 2268 τοῦ

69 2310 201 2375 Θεοῦ,
240 2311 565 2365 ἐδούλευσαν
598 2311 805 2381 βασιλεῖ
824 2309 1245 2381 Μεσοποταμίας
1262 2308 1628 2380 Χουσαράθων

68 2404 263 2474 ὀνόματι
296 2404 409 2475 (54)
448 2405 625 2457 ἐτεσιν
658 2402 819 2458 ὀκτώ.
852 2400 986 2457 Εἶτα
1006 2444 1020 2466 ,
1068 2404 1495 2473 μετανοήσαντος
1533 2404 1627 2456 τοῦ

70 2493 196 2557 λαοῦ,
249 2498 438 2567 κριταὶ
490 2496 827 2566 ἐγενήθησαν
874 2497 1089 2558 αὐτοῖς·
1141 2494 1405 2563 Γοθονοὴλ
1454 2494 1628 2548 ἐτεσιν

70 2590 486 2659 τεσσαράκοντα,
532 2588 740 2655 Ἐγλὼν
777 2587 952 2640 ἐτεσιν
1002 2587 1091 2658 ιη’,
1154 2586 1288 2639 Ἀὼθ
1335 2587 1509 2639 ἐτεσιν
1556 2586 1626 2657 η’.

74 2680 274 2733 Ἔπειτα
303 2682 659 2735 πταισάντων
691 2680 870 2733 αὐτῶν
897 2680 1176 2747 ἀλλόφυλοι
1194 2679 1501 2750 ἐκράτησαν
1517 2679 1631 2732 ἐτε-

72 2789 138 2823 σιν
166 2780 229 2828 κ’.
266 2776 507 2827 Ἔπειτα
553 2774 811 2845 Δεϐϐώρα
851 2774 1061 2845 ἔκρινεν
1108 2773 1305 2836 αὐτοὺς
1348 2773 1523 2826 ἐτεσιν
1553 2772 1622 2842 μ’.

75 2865 271 2918 Ἔπειτα
296 2867 631 2920 Ιιίαδιανίται
664 2868 971 2936 ἐκράτησαν
988 2865 1165 2917 αὐτῶν
1198 2864 1370 2917 ἐτεσιν
1398 2862 1461 2928 ζ’.
1496 2859 1629 2919 Εἶτα

72 2956 244 3009 Γεδεὼν
264 2958 489 3028 ἔκρινεν
518 2960 719 3022 αὐτοὺς
740 2959 912 3011 ἐτεσιν
932 2958 1003 3028 μ’,
1036 2958 1319 3027 Ἀϐιμέλεχ
1353 2958 1525 3011 ἐτεσιν
1555 2964 1625 3026 γ’,

72 3046 199 3101 θωλὰ
244 3049 422 3104 ἐτεσιν
481 3050 566 3102 κϐ¹
615 3050 766 3119 (55),
817 3050 978 3119 Ἰαεὶρ
1034 3050 1206 3103 ἔτεσιν
1254 3050 1358 3103 κδ’.
1398 3051 1629 3104 Ἔπειτα

71 3139 352 3211 Φυλιστιεὶμ
379 3144 483 3195 καὶ
521 3143 847 3211 Ἀμμανῖται
881 3142 1189 3213 ἐκράτησαν
1231 3144 1409 3196 αὐτῶν
1453 3143 1627 3195 ἐτεσιν

75 3236 145 3297 ιη’.
171 3226 295 3283 Εἶτα
341 3232 562 3301 Ἰεφθάε
604 3233 814 3303 ἔκρινεν
845 3234 1042 3296 αὐτοὺς
1068 3234 1256 3287 ἐτεσιν
1288 3234 1378 3298 ἓξ,
1425 3232 1629 3287 Ἐσϐὼν

74 3322 219 3375 ἐτεσιν
244 3323 310 3387 ζ’,
339 3324 524 3377 Λίλὼν
558 3324 732 3378 ἔτεσιν
754 3333 805 3389 ι’,
853 3326 1052 3378 Ἀϐδὼν
1094 3326 1269 3379 ἐτεσιν
1298 3327 1369 3397 η’.
1400 3329 1629 3381 Ἔπειτα

70 3412 323 3482 ἀλλόφυλοι
347 3416 672 3488 ἐκράτησαν
703 3417 881 3470 αὐτῶν
913 3416 1086 3470 ἔτεσιν
1123 3425 1195 3488 μ’.
1229 3414 1362 3472 Εἶτα
1393 3418 1629 3489 Σαμψὼν

74 3503 255 3575 ἔκρινεν
288 3507 499 3569 αὐτοὺς
537 3507 712 3560 ἔτεσιν
758 3515 823 3561 κ’.
862 3509 1091 3561 Ἔπειτα
1128 3509 1315 3579 εἰρήνη
1349 3510 1407 3562 ἐν
1447 3510 1629 3573 αὐτοῖς

72 3596 254 3661 ἐγένετο
273 3597 421 3651 ἔτεσι
463 3604 536 3667 μ’.
562 3593 695 3651 Εἶτα
724 3598 957 3669 Σαμηρὰ
982 3600 1191 3670 ἔκρινεν
1224 3602 1420 3663 αὐτοὺς
1452 3603 1629 3654 ἐνιαυ-

72 3685 171 3736 τόν·
217 3689 360 3753 Ἠλὶς
381 3690 569 3741 ἔτεσιν
598 3695 666 3753 κ’,
702 3689 953 3760 Σαμουήλ
985 3690 1156 3743 ἐτεσιν
1190 3691 1273 3745 ιϐ’.

127 3860 205 3914 25.
239 3862 393 3915 Μετὰ
428 3861 490 3914 δὲ
520 3862 648 3924 τοὺς
678 3861 869 3932 κριτὰς
904 3863 1148 3931 ἐγένοντο
1178 3864 1415 3934 βασιλεῖς
1450 3866 1506 3917 ἐν
1526 3864 1628 3916 αύ-

74 3952 181 4015 τοῖς,
213 3952 430 4021 πρῶτος
469 3949 697 4019 ὀνόματι
732 3950 938 4013 Σαοὺλ,
985 3950 1043 4013 ὃς
1067 3950 1411 4004 ἐϐασίλευσεν
1445 3950 1536 4021 ἐτη
1556 3956 1625 4014 κ’,

76 4039 230 4095 ἔπειτα
267 4043 439 4096 Δαϐὶδ
479 4043 508 4093 ὁ
548 4041 811 4109 πρόγονος
855 4041 1011 4112 ήμῶν
1054 4043 1147 4113 ἐτη
1176 4049 1246 4112 μ’.
1285 4044 1494 4096 Γίνεται
1535 4038 1628 4096 οὖν

78 4134 210 4204 μέχρι
234 4137 331 4206 τῆς
357 4134 462 4189 τοῦ
497 4134 662 4186 Δαϐὶδ
704 4133 975 4203 βασιλείας
1017 4135 1087 4189 τὰ
1125 4136 1300 4191 πάντα
1342 4139 1434 4210 ἔτη
1477 4143 1625 4205 υῑτςκ

77 4223 201 4278 Μετὰ
229 4226 283 4279 δὲ
308 4227 545 4289 τούτους
578 4226 893 4278 ἐϐασίλευσε
918 4225 1188 4297 Σολομῶν,
1212 4231 1240 4281 ὁ
1268 4230 1361 4282 καὶ
1389 4230 1478 4282 τὸν
1504 4229 1628 4282 ναὸν

74 4314 145 4366 τὸν
167 4318 218 4369 ἐν
260 4318 664 4389 Ἰεροσολύμοις
710 4318 850 4370 κατὰ
889 4318 1081 4389 βουλὴν
1127 4320 1261 4372 Θεοῦ
1313 4323 1525 4394 πρῶτος
1572 4325 1629 4375 ἐν

84 4404 456 4481 Ἰεροσολύμοις
484 4408 841 4480 ᾠκοδομήσας
869 4409 934 4461 δι’
965 4410 1099 4462 ἐτῶν
1134 4418 1206 4481 μ’,
1240 4414 1376 4482 μετὰ
1422 4414 1477 4467 δὲ
1508 4413 1631 4465 τοῦ-

76 4515 145 4550 τον
180 4503 407 4573 Ῥοϐοὰμ
440 4502 619 4554 ἐτεσιν
648 4499 729 4565 ιζ’,
757 4501 847 4553 καὶ
881 4500 1019 4571 μετὰ
1048 4502 1235 4555 τοῦτον
1275 4505 1454 4568 Ἐϐίας
1485 4505 1629 4556 ἔτεσι

76 4588 126 4652 ζ’,
155 4596 237 4646 καὶ
269 4595 405 4664 μετὰ
440 4593 632 4646 τοῦτον
672 4593 798 4645 Ἑσὰ
821 4594 960 4646 ἔτεσι
984 4604 1093 4666 μα’,
1141 4598 1233 4649 καὶ
1264 4598 1398 4667 μετὰ
1442 4597 1628 4650 τοῦτον

86 4681 317 4754 Ἰωσαιρὰτ
351 4688 534 4739 ἔτεσιν
570 4692 668 4747 κε’,
708 4688 844 4756 μετὰ
870 4689 926 4741 δὲ
956 4689 1145 4743 τοῦτον
1182 4690 1385 4761 Ἰωρὰμ
1435 4690 1526 4761 ἔτη
1556 4696 1625 4760 η’,

79 4774 188 4838 μετὰ
213 4777 263 4829 δὲ
302 4777 496 4829 τοῦτον
540 4776 785 4846 Ὀχοσίας
827 4780 1087 4843 ἐνιαυτὸν,
1121 4780 1215 4834 καὶ
1260 4782 1395 4851 μετά
1443 4781 1629 4833 τοῦτον

77 4861 264 4921 Γοθολία
288 4869 397 4939 (56)
428 4868 607 4921 ἔτεσιν
643 4869 722 4935 ἐξ,
756 4871 891 4939 μετὰ
923 4872 979 4923 δὲ
1012 4873 1213 4939 ταύτην
1248 4873 1457 4936 Ἰωσίας
1486 4873 1627 4926 ἔτεσι

80 4958 135 5017 μ’,
167 4958 250 5009 καὶ
292 4958 434 5029 μετὰ
472 4956 665 5009 τοῦτον
718 4958 982 5027 Ἀμασίας
1028 4960 1168 5011 ἔτεσι
1202 4958 1308 5023 λο’,
1350 4961 1442 5012 καὶ
1491 4958 1627 5030 μετὰ

76 5044 229 5099 τοῦτον
268 5049 452 5113 Ὀζίας
484 5048 662 5101 ἔτεσιν
709 5049 821 5112 νϐ’,
871 5050 1005 5119 μετὰ
1053 5050 1109 5103 δὲ
1157 5050 1345 5104 τοῦτον
1392 5050 1628 5121 Ἰωαθὰμ

76 5133 327 5207 ἓτεσινιςδ,
366 5141 513 5212 μετὰ
533 5140 593 5193 δὲ
622 5138 811 5193 τοῦτον
850 5140 1014 5211 Ἀχάζ
1042 5143 1322 5207 ἐτεσινιξ,
1359 5146 1452 5197 καὶ
1488 5143 1626 5214 μετὰ

76 5225 232 5283 τοῦτον
271 5233 526 5297 Ἐζεκίας
556 5231 734 5285 ἐτεσιν
758 5231 861 5294 κο’,
886 5233 1023 5302 μετὰ
1043 5234 1098 5287 δέ
1121 5234 1310 5289 τοῦτον
1326 5235 1626 5306 Μανασσὴς

134 5384 230 5456 (50)
259 5389 461 5456 «mer
492 5385 595 5437 ὢν.
654 5383 728 5437 Ita
756 5402 888 5441 mss.
930 5394 981 5441 et
1032 5386 1300 5441 editiones
1341 5387 1518 5443 0x011.
1573 5396 1625 5440 et

80 5449 239 5527 "amb.
268 5460 396 5511 Alite
411 5449 686 5515 Φαλὲγων.
717 5456 985 5523 Sic_etiam
1016 5459 1179 5525 paulo
1202 5467 1321 5526 post
1344 5457 1622 5527 Ναχώρων

78 5525 362 5599 ῃΓο-δαχὼρ
376 5528 489 5599 ηῶν.

252 5594 444 5669 Ἔτῶν
469 5603 533 5649 0'.
572 5595 704 5669 Reg.
744 5598 879 5647 ἐτων
909 5604 998 5669 οε’.

259 5667 397 5743 ξ’ζῖζη
426 5673 613 5743 πίσσης.
643 5662 732 5719 Sic
754 5668 1059 5743 emendavit
1081 5667 1281 5724 Fellus.
1311 5667 1449 5721 Editi
1484 5664 1621 5717 ἐτῶν

73 5732 227 5806 χψλβζ.
259 5732 436 5791 Ιιιὼόί
454 5732 666 5805 Regius
698 5738 867 5791 codex
900 5746 1089 5806 ,γσοςκ

139 5804 235 5873 1⁵3)
261 5807 455 5881 ,γίδληκ
499 5804 579 5860 ita
618 5806 797 5862 Fellus
830 5804 1158 5863 emendavit.
1187 5806 1277 5862 Sic
1303 5808 1465 5863 etiam
1491 5806 1616 5861 cod.

1733 1938 1881 1984 serto
1914 1930 2075 1985 annis
2108 1931 2179 1984 40
2203 1950 2233 1999 εν
2276 1938 2493 1995 exstant
2545 1947 2674 2001 ergo
2708 1933 2932 1987 omnino
2966 1932 3095 1987 anni
3147 1933 3307 1989 5958.

1730 2021 1850 2087 Quo
1883 2030 2128 2092 tempore
2160 2031 2376 2077 mortuo
2410 2022 2614 2093 Moyse.
2639 2024 2855 2094 imperii
2878 2025 3311 2081 administratio-

1728 2125 1853 2165 nem
1890 2112 2134 2182 suscepit
2168 2112 2328 2167 Jesus
2363 2112 2507 2166 ﬁlius
2541 2111 2708 2177 Nave,
2739 2115 2831 2183 qui
2870 2115 3084 2184 praefuit
3108 2116 3310 2185 populo

1730 2203 1893 2259 anuis
1924 2204 2015 2257 27.
2052 2203 2186 2259 Jesu
2218 2203 2501 2267 defuncto,
2552 2218 2675 2257 cum
2711 2203 2923 2260 Hebraei
2977 2206 3311 2263 defecissent

1729 2311 1760 2350 a
1792 2300 2074 2367 praeceptis
2109 2297 2347 2367 Domini,
2382 2300 2691 2355 servierunt
2730 2301 2844 2371 regi
2881 2299 3307 2371 Mesopotamiaa,

1729 2391 1819 2444 cui
1854 2406 2053 2446 nomen
2086 2390 2495 2456 Chusarathon,
2533 2392 2695 2447 annis
2717 2392 2770 2447 8.
2809 2392 3012 2448 Deinde
3030 2394 3096 2447 ad
3132 2394 3311 2464 poeni-

1729 2483 1954 2538 tentiam
2004 2486 2300 2550 conversi,
2347 2487 2563 2556 judices
2618 2503 2647 2542 a
2698 2488 2897 2558 quibus
2926 2488 3325 2559 judicareutur,

1728 2576 1873 2628 nacti
1908 2582 2054 2630 sunt.
2093 2575 2397 2633 Gothonoel
2427 2579 2695 2649 judicavit
2734 2579 2991 2634 Hebraeos
3023 2582 3181 2634 annis
3216 2580 3308 2643 40,

1730 2665 1899 2736 Eglon
1934 2668 2094 2723 annis
2127 2668 2215 2733 18,
2251 2669 2392 2723 Aoth
2426 2670 2587 2726 annis
2621 2670 2673 2724 8.
2711 2670 2916 2725 Dehinc
2969 2670 3309 2740 praevaricati

1730 2759 1901 2829 legem
1936 2759 2150 2815 Domini
2185 2762 2508 2831 alienigenis
2543 2764 2851 2817 servierunt
2872 2763 3030 2816 annis
3054 2762 3143 2817 20.
3172 2762 3311 2818 Deb-

1729 2849 1861 2905 bora
1883 2853 2225 2920 postmodum
2245 2853 2507 2922 judicavit
2530 2852 2786 2909 Hebraeos
2808 2856 2966 2909 annis
2992 2856 3078 2909 40.
3105 2855 3310 2911 Deinde

1730 2942 2037 2996 servierunt
2071 2942 2383 2999 Madianitis
2407 2945 2564 2998 annis
2602 2945 2651 2998 7.
2679 2944 2943 3014 Deinceps
2974 2945 3190 3000 Gedeon
3213 2945 3309 3015 ju-

1729 3031 1931 3087 dicavit
1964 3038 2125 3089 annis
2158 3036 2249 3103 40,
2295 3036 2607 3091 Ahimelech
2654 3038 2816 3091 annis
2848 3039 2901 3101 5,
2940 3037 3109 3092 Thola
3146 3040 3309 3095 anuis

1728 3121 1820 3185 22,
1855 3121 1971 3176 Jair
2003 3124 2164 3178 annis
2195 3123 2284 3175 22.
2322 3121 2519 3179 Postea
2551 3124 2763 3180 Hebraei
2798 3127 3105 3185 servierunt
3138 3126 3311 3181 Phili-

1656 3194 1698 3253 ο
1733 3215 1894 3270 stinis
1927 3225 1980 3271 et
2024 3215 2351 3271 Ammonitis
2386 3218 2544 3271 annis
2568 3218 2655 3283 18,
2690 3217 2881 3287 Jephte
2916 3219 2970 3271 in
3006 3220 3321 3273 libertatem.
3372 3206 3375 3207 ν

1732 3306 2015 3377 antiquam
2044 3315 2286 3363 assertos
2306 3307 2571 3377 judicavit
2592 3310 2751 3364 annis
2775 3309 2829 3373 6,
2856 3310 3037 3365 Esbon
3065 3311 3221 3365 annis
3257 3311 3310 3377 7,

1729 3396 1892 3452 Ailon
1926 3398 2085 3453 annis
2121 3399 2208 3465 10,
2246 3399 2441 3453 Ahdon
2480 3401 2639 3457 annis
2680 3400 2733 3455 8.
2769 3400 2967 3455 Postea
3002 3402 3314 3456 servierunt

1731 3488 2056 3560 alienigenis
2090 3490 2249 3544 annis
2284 3490 2372 3543 40.
2412 3490 2616 3555 Deinde
2652 3489 2883 3545 Samson
2910 3492 3174 3559 judicavit
3208 3491 3314 3546 He-

1729 3582 1908 3635 braeos
1943 3582 2102 3636 annis
2135 3581 2226 3645 20,
2283 3582 2542 3652 deinceps
2600 3597 2703 3651 pax
2739 3581 2983 3637 Hebraeis
3017 3582 3120 3637 fuit
3153 3586 3313 3640 annis

1728 3673 1817 3727 40.
1853 3671 1983 3726 lnde
2031 3671 2242 3726 Samira
2288 3672 2553 3741 judicavit
2590 3674 2848 3729 Hebraeos
2882 3689 3027 3728 anno
3080 3676 3148 3741 1,
3199 3675 3313 3731 Elis

1730 3766 1888 3820 annis
1917 3765 2011 3831 20,
2049 3764 2270 3820 Samuel
2301 3768 2460 3822 annis
2495 3766 2581 3820 12.

1800 3856 1892 3913 25.
1918 3857 2194 3912 Annorum
2238 3858 2399 3912 series
2454 3874 2487 3911 a
2516 3858 2680 3913 Saule
2721 3876 2885 3931 usque
2923 3859 2992 3913 ad
3030 3861 3312 3931 captivita-

1732 3960 1853 4005 tem.
1874 3948 2247 4005 —Judicibus
2281 3965 2597 4007 successere
2630 3967 2808 4021 reges,
2836 3968 3071 4023 quorum
3104 3954 3314 4024 primus

1734 4043 1836 4096 fuit
1872 4040 2027 4107 Saul,
2059 4042 2151 4113 qui
2176 4045 2422 4113 regnavit
2447 4045 2604 4097 annis
2623 4043 2714 4097 20.
2742 4043 2912 4099 David
2941 4054 3094 4114 pater
3128 4054 3314 4101 noster

1732 4135 1981 4205 regnavit
2016 4136 2175 4190 annis
2207 4136 2294 4189 40.
2333 4135 2690 4190 Inveniuntur
2724 4136 2908 4207 itaque
2934 4137 3058 4191 anni
3081 4137 3185 4191 406
3218 4137 3313 4193 de-

1732 4242 1953 4281 currere
1977 4226 2046 4281 ab
2070 4227 2221 4281 Isaac
2245 4244 2418 4297 usque
2441 4228 2507 4281 ad
2527 4244 2751 4298 regnum
2774 4227 3013 4283 Davidis.
3040 4228 3207 4283 David
3232 4230 3312 4299 (ut

1733 4319 1992 4388 diximus)
2028 4320 2273 4389 regnavit
2307 4321 2467 4373 annis
2502 4320 2584 4373 40.
2613 4319 2893 4383 Salomon,
2921 4321 3103 4389 templi
3125 4336 3188 4374 cx
3216 4320 3308 4375 Dei

1734 4412 2055 4481 praescripto
2087 4410 2357 4473 conditor,
2389 4412 2631 4480 regnavit
2666 4412 2825 4465 annis
2844 4414 2933 4466 40.
2956 4411 3198 4467 Roboam
3224 4430 3311 4468 re-

1663 4540 1706 4594 η
1735 4504 1918 4575 gnavit
1943 4503 2103 4557 annis
2134 4503 2220 4566 17,
2254 4502 2418 4556 Ahias
2439 4503 2684 4572 regnavit
2714 4503 2875 4558 annis
2900 4504 2949 4568 7,
2988 4508 3093 4559 Asa
3116 4520 3310 4575 regna-

1737 4597 1815 4650 vit
1849 4597 2009 4650 annis
2042 4596 2130 4662 41,
2166 4594 2423 4663 Josaphat
2487 4594 2727 4664 regnavit
2767 4597 2925 4649 annis
2958 4595 3027 4649 25
3052 4637 3065 4660 ,
3122 4596 3307 4651 Joram

1737 4689 1986 4757 regnavit
2020 4688 2180 4743 annis
2213 4686 2266 4751 8,
2303 4686 2572 4741 Ochozias
2625 4688 2872 4756 regnavit
2907 4702 3048 4742 anno
3100 4689 3152 4752 1,
3189 4688 3303 4743 Go-

1734 4780 1903 4834 tholia
1938 4782 2186 4851 regnavit
2219 4780 2376 4834 annis
2424 4780 2477 4843 6,
2513 4780 2694 4834 Josias
2716 4780 2875 4834 annis
2908 4780 2996 4842 40,
3056 4781 3308 4835 Amasias

1734 4874 1891 4928 annis
1924 4874 2011 4936 59,
2050 4873 2211 4928 Ozias
2229 4874 2389 4927 annis
2424 4874 2512 4937 52,
2537 4870 2786 4927 Joatham
2824 4874 2982 4927 annis
3006 4872 3094 4941 16,
3124 4874 3306 4928 Aehaz

1733 4968 1892 5020 annis
1929 4967 1995 5020 17
2032 5006 2046 5030 ,
2084 4966 2344 5022 Ezechias
2385 4968 2542 5021 annis
2573 4966 2664 5030 29,
2720 4965 2968 5021 Manasse
3003 4967 3159 5022 annis
3212 4968 3302 5028 55,

1731 5057 1901 5113 Amos
1935 5058 2095 5113 annis
2134 5058 2191 5123 2,
2244 5056 2425 5114 Josias
2460 5058 2619 5113 annis
2653 5058 2743 5120 51,
2779 5056 2958 5113 Ochas
3021 5059 3302 5113 mensibus

1732 5150 1931 5204 tribus.
1957 5149 2087 5205 Post
2110 5150 2254 5205 hunc
2275 5149 2521 5205 Joaehim
2558 5150 2715 5203 annis
2738 5149 2796 5202 11
2813 5191 2825 5203 .
2856 5148 2991 5202 Tum
3014 5152 3151 5204 alter
3176 5149 3302 5203 Joa-

1730 5241 1873 5293 chim
1910 5242 2189 5296 mensibus
2221 5242 2254 5295 5
2286 5249 2339 5297 et
2372 5240 2564 5296 diebus
2605 5241 2692 5306 10,
2729 5240 2986 5296 Sedecias
3019 5240 3175 5295 annis
3210 5239 3297 5294 11.

1734 5396 1863 5468 Reg.
1897 5396 2180 5453 llabehant
2216 5398 2335 5468 alia:
2364 5398 2630 5453 editiones
2661 5397 2821 5468 δσνβν.

1801 5465 1912 5536 (54)
1956 5468 2237 5536 Ὀνόματι.
2276 5467 2409 5537 Reg.
2468 5469 2655 5538 ὄνομα.
2690 5465 2808 5521 Μόκ
2847 5465 3105 5537 Γοθονοήλ
3138 5466 3299 5536 posui

1730 5538 1917 5609 postF
1922 5539 2083 5593 ellum
2122 5554 2217 5607 pro
2240 5538 2520 5609 I‘ovo_00ﬁk.

1802 5608 1912 5676 (55)
1952 5606 2187 5659 Ἔτεσίιν
2210 5609 2311 5660 κδ’.
2348 5606 2528 5661 Fellus
2560 5606 2943 5676 posuitjteaw
2963 5611 3073 5676 κγ’.

1802 5610 1891 5676 (55
1952 5610 2187 5659 Ἔτεσιν
2210 5610 2311 5660 κδ’.
2348 5610 2528 5661 Fellus
2560 5610 2740 5675 posuit
2770 5610 2943 5657 ἔτεσιν
2970 5611 3073 5671 κγ’.

1800 5610 1927 5800 (56)
1951 5678 2247 5731 Γοθολία..
2278 5677 2368 5730 Sic
2392 5678 2695 5731 emendavit
2732 5673 2930 5752 Fcilus.
2961 5674 3104 5729 Editi
3132 5674 3303 5733 habe-

1803 5760 1859 5800 nt
1930 5747 2141 5800 οθονιήλ
2173 5756 2225 5800 et
2268 5763 2388 5800 mox
2430 5746 2562 5800 μετὰ
2585 5746 2637 5797 δὲ
2668 5762 2874 5799 τουτον.

1729 5744 1859 5803 bant
1891 5744 2141 5817 Γοθονιήλ
2173 5756 2225 5802 ct
2268 5763 2388 5801 mox
2429 5746 2562 5817 μετὰ
2585 5746 2637 5797 δὲ
2668 5744 2874 5799 τοῦτον.
