3654 6512
52 371 173 425 1161

1205 370 1298 424 AD
1324 366 1757 427 AUTOLYCUM
1795 370 1923 427 LIB.
1961 371 2043 426 111.

3162 380 3301 436 1162

52 490 148 560 μὴν
177 494 236 540 ιε’
268 488 555 559 μυριάδες,
589 490 680 542 καὶ
707 496 809 541 τοε⁹
837 489 946 559 (47)
976 488 1092 559 ἔτη,
1116 490 1258 543 καθὰ
1284 492 1591 561 προειρήκα

1763 490 1905 544 eclm
1948 488 2223 561 myriades
2270 498 2323 545 et
2369 490 2600 547 trecenti
2648 494 2995 563 septuaginta
3060 498 3304 568 quinque

50 599 139 650 μεν
180 580 542 634 Ἀπολλώνιον
579 582 668 634 τὸν
696 581 986 649 Αἰγύπτιον
1015 582 1273 653 ἱστορεῖν·
1305 582 1427 634 οὑδέ
1457 583 1618 651 ἀγέν-

46 688 190 741 νητος
211 672 239 722 ό
267 672 480 741 κόσμος
507 673 645 737 ἐστὶ,
678 674 769 726 καὶ
800 672 1205 743 αὐτοματισμὸς
1238 673 1347 726 τῶν
1379 674 1618 733 πάντων,

47 764 212 826 καθὼς
268 764 600 836 Πυθαγόρας
652 766 741 817 καὶ
795 765 844 817 οί
893 764 1067 817 λοιποὶ
1125 763 1577 835 πεφλυαρήκασιν
1602 782 1615 793 ·

46 856 166 909 ἀλλὰ
200 856 308 925 μὲν
338 854 437 911 οὖν
468 857 743 927 γεννητὸς,
783 859 877 910 καὶ
925 856 1149 927 προνοίᾳ
1194 855 1471 908 διοικεῖται
1515 856 1620 938 ύπὸ

44 946 126 999 τοῦ
170 949 502 1017 ποιήσαντος
550 949 617 1002 τά
662 948 834 1001 πάντα
882 948 1044 1001 Θεοῦ*
1078 950 1171 1001 καὶ
1201 950 1229 1000 ὁ
1275 951 1383 1011 πᾶς
1424 949 1617 1019 χρόνος

45 1039 126 1089 καὶ
165 1039 231 1091 τὰ
265 1040 363 1110 ἐτη
398 1039 692 1103 δείκνυται,
720 1041 929 1104 τούτοις
976 1040 1318 1112 βουλομένοις
1357 1040 1467 1113 (48)
1501 1044 1621 1097 πεί-

44 1126 210 1179 θεσθαι
238 1131 307 1198 τῇ
340 1128 593 1200 ἀληθείᾳ.
624 1130 711 1199 Μή
745 1147 861 1191 πως
887 1125 980 1182 οὖν
1013 1129 1147 1194 δόξω
1184 1130 1281 1201 μὲν
1308 1132 1468 1202 μέχρι
1509 1134 1619 1186 Κύ-

44 1237 123 1289 ρου
150 1220 541 1288 δεδηλωκέναι,
574 1221 680 1273 τῶν
706 1221 761 1275 δὲ
799 1220 1001 1290 μεταξὺ
1036 1223 1240 1293 χρόνων
1278 1224 1518 1293 ἀμελεῖν,
1544 1224 1619 1288 ὡς

43 1309 105 1379 μὴ
154 1308 377 1378 ἔχοντες
426 1310 725 1375 ἀποδεῖξαι,
774 1310 910 1363 Θεοῦ
960 1313 1323 1383 παρέχοντος,
1376 1316 1467 1367 καὶ
1512 1315 1618 1368 τῶν

40 1402 150 1470 ἑξῆς
174 1402 390 1472 χρόνων
421 1404 522 1474 τὴν
548 1403 699 1469 τάξιν
733 1404 1081 1475 πειράσομαι,
1119 1406 1259 1460 κατὰ
1286 1408 1345 1461 τὸ
1374 1407 1615 1469 δυνατὸν,

40 1494 423 1565 ἐξηγήσασθαι.

95 1584 179 1636 27.
214 1584 410 1656 Κύρου
460 1580 553 1638 οὖν
596 1585 1010 1656 βασιλεύσαντος
1051 1587 1194 1640 ἔτεσι
1237 1586 1318 1641 κθ’
1352 1587 1483 1657 (49),
1523 1588 1618 1641 καὶ

36 1677 408 1748 ἀναιρεθέντος
459 1680 563 1731 ὑπὸ
612 1680 913 1752 Τομύριδος
964 1681 1021 1734 ἐν
1055 1681 1451 1751 Μασσαγετίᾳ,
1496 1682 1617 1733 τότε

37 1770 187 1837 οὔσης
226 1770 605 1840 Ὀλυμπιάδος
648 1771 945 1843 ἑξηκοστῆς
973 1773 1230 1843 δευτέρας
1253 1790 1265 1803 ·
1304 1772 1487 1825 ἔκτοτε
1516 1772 1613 1843 1ἤδη

1724 583 1878 645 anni,
1933 591 1991 635 ut
2035 582 2383 651 Apollonium
2416 580 2733 653 IEgyptium
2757 598 2989 640 narrare
3023 586 3301 656 diximus;

1723 687 1824 727 nec
1851 671 2091 727 mundus
2121 672 2399 743 ingenitus
2421 674 2514 736 sit,
2544 688 2647 729 nec
2672 674 2903 731 fortuito
2922 679 3105 732 omnia
3132 677 3309 736 leran-

1722 767 1812 813 tur
1859 762 2323 830 quemadmodum
2370 760 2709 833 Pythagoras
2762 773 2817 819 et
2881 768 3061 822 caeteri
3116 771 3306 840 nugati

1722 861 1878 918 sunt;
1907 854 2003 908 sed
2032 856 2250 923 genitus
2291 861 2345 910 et
2385 855 2731 925 providentia
2762 868 2981 928 regatur
3013 860 3081 915 ab
3118 878 3184 918 eo
3211 864 3306 933 qui

1721 945 1904 997 omnia
1940 945 2146 999 creavit
2172 944 2321 1013 Deo;
2366 960 2429 1001 ac
2470 955 2685 1018 tempus
2711 966 2871 1007 omne
2903 960 2955 1007 et
2985 953 3114 1007 anni
3148 953 3307 1012 facile

1722 1034 2166 1091 demonstrentur
2187 1037 2295 1102 his,
2322 1038 2414 1107 qui
2440 1040 2657 1093 veritati
2688 1042 3069 1112 obtemperare
3092 1047 3301 1106 volunt.

1720 1124 1797 1181 Ne
1841 1127 2029 1183 videar
2081 1130 2246 1201 igitur
2283 1130 2807 1191 demonstrationem
2848 1139 2913 1194 ad
2956 1140 3159 1211 Cyrum
3183 1142 3306 1213 qui-

1719 1217 1844 1271 dem
1885 1220 2232 1287 perduxisse,
2279 1236 2401 1289 quae
2450 1232 2630 1280 autem
2660 1237 2955 1283 consecuta
2994 1240 3124 1286 sunt
3162 1240 3303 1288 tem-

1721 1322 1855 1375 pora
1894 1310 2188 1380 negligere,
2229 1327 2293 1366 eo
2334 1314 2482 1382 quod
2512 1330 2576 1370 ea
2623 1317 3004 1375 demonsnrare
3036 1338 3145 1377 non
3176 1338 3305 1395 pos-

1720 1399 1825 1453 sim
1853 1399 1997 1455 :Deu
2018 1402 2246 1471 juvante
2271 1410 2727 1475 consequentium
2755 1425 2971 1481 quoque
2993 1421 3302 1484 temporum

1720 1491 1972 1545 ordinem
2004 1495 2249 1547 conabor
2280 1497 2461 1564 quoad
2496 1506 2686 1567 potero
2708 1516 3002 1570 exponere.

1793 1582 1963 1653 398
2012 1583 2101 1637 27.
2154 1586 2293 1639 Αιιηί
2346 1586 2706 1643 Romanorum
2763 1609 2924 1663 usque
2982 1597 3050 1649 ad
3101 1596 3301 1651 obitum

1719 1673 1777 1727 ll
1782 1675 1894 1727 arci
1913 1675 2347 1747 Aurelii.——Cyra
2367 1678 2532 1748 igitur
2545 1689 2668 1751 post
2692 1699 2919 1755 regnum
2944 1702 3211 1744 annorum
3230 1692 3300 1747 29

1718 1782 1750 1819 a
1806 1765 2099 1836 Tomyride
2158 1769 2300 1837 apud
2363 1769 2696 1842 Massagetas
2729 1776 2948 1839 occiso,
2993 1778 3307 1849 Olympiade

37 1863 75 1912 οἱ
133 1863 404 1931 Ῥωμαῖοι
465 1864 878 1933 ἐμεγαλύνοντο,
920 1863 1013 1917 τοῦ
1068 1864 1202 1917 Θεοῦ
1262 1864 1596 1937 κρατύνοντος

1761 1856 2055 1927 :xagesima
2095 1859 2359 1923 secunda,
2382 1862 2496 1929 jam
2529 1870 2640 1916 tum
2675 1863 2936 1921 Romanae
2964 1882 3051 1924 res
3081 1883 3301 1929 cresce-

37 1958 232 2019 αὐτοὺς,
270 1956 611 2026 ἐκτισμένης
642 1956 740 2025 τῆς
781 1955 999 2027 Ῥώμης
1043 1957 1147 2008 ὑπὸ
1188 1956 1486 2026 Ῥωμύλου,
1518 1954 1613 2009 τοῦ

37 2051 204 2113 παιδὸς
238 2052 632 2122 ίστορουμένου
672 2052 881 2124 Ἀρέως
908 2052 1002 2104 καὶ
1043 2051 1201 2113 Ἰλίας
1235 2049 1365 2120 (50),
1420 2050 1615 2121 Ὀλυμ-

37 2142 165 2194 mea:
202 2142 269 2207 ζ’,
303 2146 373 2214 τῇ
411 2141 518 2213 πρὸ
554 2149 582 2195 ι’
614 2145 705 2196 καὶ
736 2149 784 2195 α’
815 2140 925 2215 (51)
952 2141 1243 2195 Καλανδῶν
1275 2141 1487 2205 Μάτων,
1524 2142 1615 2194 τοῦ

35 2233 263 2285 ἐνιαυτοῦ
287 2234 421 2285 τότε
443 2233 751 2304 δεκαμήνου
774 2232 1192 2305 ἁριθμουμένου.
1208 2231 1312 2285 Τοῦ
1329 2228 1421 2283 οὖν
1432 2230 1614 2301 Κύρου

33 2324 465 2395 τελευτήσαντος,
512 2325 587 2389 ὡς
629 2325 873 2395 ἔφθημεν
931 2324 1234 2395 εἰρηκέναι,
1300 2322 1616 2401 Ὀλυμπιάδι

34 2416 281 2489 ἑξηκοστῇ
338 2418 441 2471 καὶ
493 2418 738 2490 δευτέρᾳ,
770 2418 977 2486 γίνεται
1024 2417 1214 2487 καιρὸς
1244 2415 1352 2468 ἀπὸ
1388 2415 1617 2478 κτίσεως

42 2508 242 2579 Ῥώμης
273 2509 376 2581 ἐτη
416 2516 519 2572 cx’,
553 2503 596 2578 ᾧ
625 2509 717 2564 καὶ
742 2509 853 2581 (52)
896 2510 1185 2579 Ῥωμαίων
1236 2504 1372 2579 ἦρξε
1402 2508 1617 2581 Ταρκύ-

32 2618 123 2664 νιος
136 2602 457 2674 Σούπερϐος
476 2600 732 2672 τοῦνομα,
751 2602 809 2664 ὃς
831 2602 1043 2672 πρῶτος
1062 2600 1287 2672 ἐξώρισε
1315 2599 1617 2672 Ῥωμαίους

30 2692 198 2759 τινὰς,
250 2694 351 2748 καὶ
401 2693 599 2756 παῖδας
636 2693 929 2764 διέφθειρε,
982 2694 1073 2747 καὶ
1106 2694 1409 2757 σπάδοντας
1446 2694 1617 2765 ἐγχω-

38 2784 168 2853 ρίους
197 2786 467 2856 ἐποίησεν
492 2802 506 2815 ⁵
542 2785 622 2837 ἔτι
654 2786 759 2856 μὴν
788 2785 881 2837 καὶ
908 2785 1005 2848 τὰς
1033 2786 1332 2856 παρθένους
1376 2786 1617 2854 διαφοεί-

36 2892 126 2944 ρων
152 2878 292 2947 πρὸς
314 2878 501 2946 γάμον
531 2876 722 2929 ἐδίδου.
756 2877 846 2929 Διὸ
872 2876 1088 2939 οἰκείως
1108 2876 1413 2948 Σούπερϐος
1458 2877 1619 2948 ἐκλή-

33 2968 87 3037 θη
128 2973 188 3040 τῇ
253 2972 546 3039 Ῥωμαῖκῇ
583 2968 826 3039 γλώσσῃ·
882 2969 1241 3039 ἑρμηνεύεται
1294 2968 1351 3021 δὲ
1397 2969 1618 3037 ὑπερή-

34 3077 222 3126 φανος.
259 3060 445 3123 Αὐτὸς
468 3060 576 3129 γὰρ
610 3061 821 3130 πρῶτος
851 3059 1172 3130 ἐδογμάτισε
1202 3061 1328 3123 τοὺς
1373 3058 1614 3124 ἀσπαζο-

37 3154 206 3218 μένους
275 3150 488 3217 αύτὸν,
555 3152 660 3204 ὑπὸ
724 3152 911 3223 ἐτέρου
982 3153 1440 3217 ἀντασπάζεσθαι.
1520 3156 1614 3219 Ὃς

1719 1947 1851 2002 bant
1875 1946 1986 2003 Deo
2012 1963 2107 2002 eos
2134 1950 2517 2016 eonﬁrmante,
2550 1968 2673 2008 cum
2711 1954 2851 2012 Urbs
2869 1973 2896 2010 a
2922 1957 3177 2026 Romulo,
3206 1963 3301 2032 qui

1718 2036 1911 2093 Martis
1962 2047 2017 2094 et
2069 2040 2178 2093 Ilia:
2226 2041 2370 2096 ﬁlius
2423 2044 2782 2114 perhibetur,
2836 2051 3056 2106 condita
3105 2053 3302 2110 fuisset

1718 2129 2029 2199 Olympiade
2062 2131 2325 2199 septima,
2372 2134 2663 2190 undecimo
2703 2137 2975 2195 Kalendas
3010 2141 3159 2208 Maii,
3187 2161 3300 2214 quo

1718 2227 1963 2289 tempore
1997 2235 2175 2276 annus
2200 2222 2384 2278 decem
2414 2226 2686 2281 mensium
2714 2233 3126 2289 numerabatur.
3154 2233 3299 2307 Cyro

1715 2311 1904 2381 igitur,
1939 2320 1994 2365 ut
2040 2312 2153 2381 jam
2193 2314 2454 2380 diximus,
2487 2316 2808 2389 Olympiade
2853 2320 2922 2376 62
2968 2332 3206 2392 mortuo,
3240 2325 3299 2384 ﬁt

1717 2412 1933 2473 tempus
1968 2406 2037 2460 ab
2068 2407 2201 2461 urbe
2236 2406 2460 2462 condita
2490 2411 2619 2464 anni
2650 2411 2777 2477 220,
2803 2430 2913 2482 quo
2944 2423 3188 2487 tempore
3209 2434 3299 2476 re-

1719 2498 1921 2564 gnabat
1952 2494 2287 2567 Tarquinius
2310 2501 2633 2569 cognomine
2660 2504 2963 2573 Superbus,
2998 2507 3044 2562 is
3067 2510 3158 2577 qui
3183 2511 3299 2581 pri—

1718 2602 1840 2641 mus
1871 2585 2149 2643 Romanos
2180 2592 2478 2647 nonnullos
2508 2594 2690 2661 eiecit,
2727 2612 2928 2666 pueros
2960 2600 3193 2667 vitiavit,
3233 2618 3295 2659 ac

1718 2678 1867 2734 cives
1897 2681 2171 2748 spadones
2197 2680 2324 2736 fecit
2349 2702 2363 2747 ;
2392 2684 2500 2737 imo
2535 2692 2588 2739 et
2611 2686 2850 2755 virgines
2880 2700 3002 2758 post
3043 2699 3297 2761 stuprum

1720 2770 1775 2823 in
1806 2772 2214 2826 matrimonium
2250 2771 2418 2828 dedit.
2446 2773 2584 2828 Hinc
2620 2780 2837 2847 proprie
2870 2778 3149 2850 Superbus
3185 2782 3299 2839 Ro-

1718 2876 1877 2914 mana
1910 2863 2091 2931 lingua
2121 2862 2301 2919 dictus
2325 2873 2446 2931 est;
2477 2867 2623 2936 quod
2667 2868 2806 2923 idem
2834 2880 2991 2925 sonat
3021 2889 3085 2928 ac
3109 2874 3299 2934 (iunco

1720 2954 2088 3028 ὑπερήφανος,
2124 2974 2403 3028 arrogans.
2438 2957 2489 3015 Is
2531 2962 2677 3015 enim
2716 2964 2925 3031 primus
2961 2968 3195 3025 sancivit
3235 2988 3295 3027 ιιι

1711 3052 1813 3119 qui
1839 3066 1897 3105 se
1925 3051 2252 3115 salutarent,
2294 3053 2363 3107 ab
2389 3053 2497 3106 alio
2539 3056 2991 3113 resalutarentur.
3026 3059 3291 3132 Regnavit

1720 3143 1881 3197 annis
1922 3143 2012 3197 25.
2068 3142 2197 3198 Post
2227 3158 2349 3198 eum
2398 3144 2742 3215 iucceperunt
2787 3151 2955 3203 annui
2998 3155 3293 3224 consules,

36 3244 368 3298 ἐϐασίλευσεν
428 3244 604 3296 ἔτεσιν
665 3251 761 3297 κε’.
814 3245 947 3298 Μεθ’
1011 3246 1069 3297 ὃν
1128 3242 1299 3317 ἦρξαν
1356 3246 1590 3301 ἐνιαύσιο

1761 3235 1919 3295 'ibuui
1955 3244 2009 3289 et
2029 3237 2215 3292 :cdiles
2245 3236 2406 3293 annis
2430 3237 2557 3302 455,
2588 3254 2823 3308 quorum
2854 3244 3074 3297 nomina
3099 3260 3292 3300 recen~

39 3334 229 3402 ὕπατοι,
271 3337 552 3407 χιλίαρχοι
587 3336 619 3407 ἢ
679 3338 1011 3409 ἀγορανόμοι
1052 3339 1227 3391 ἔτεσιν
1268 3346 1402 3406 υνγ’,
1432 3335 1506 3392 ὧν
1552 3340 1620 3393 τὰ

37 3427 253 3497 ὀνόματα
283 3428 617 3497 καταλέγειν
652 3428 785 3482 πολὺ
820 3432 915 3483 καὶ
948 3431 1206 3500 περισσὸν
1232 3432 1531 3501 ἡγούμεθα.
1558 3434 1618 3486 Εἰ

39 3520 129 3588 γὰρ
156 3538 241 3583 τις
276 3520 533 3590 βούλεται
567 3520 779 3590 μαθεῖν,
823 3524 887 3575 ἐκ
928 3522 1037 3575 τῶν
1083 3524 1412 3594 ἀναγραφῶν
1458 3526 1619 3597 εύρή-

38 3623 105 3659 σει
146 3604 220 3663 ὧν
286 3610 568 3680 ἀνέγραψε
616 3612 895 3682 Χρύσερος
941 3616 970 3666 ὁ
1015 3614 1417 3687 Νομενκλάτωρ
1482 3615 1614 3686 (55),

38 3699 385 3773 ἀπελεύθερος
447 3702 737 3772 γενόμενος
789 3705 1058 3775 Αὐρηλίου
1105 3707 1319 3777 Ούήρου
1346 3748 1359 3771 ,
1408 3708 1467 3770 ὃς
1510 3710 1617 3761 ἀπὸ

38 3792 242 3856 κτίσεως
289 3793 531 3864 Ῥώμης,
583 3795 743 3865 μέχρι
775 3797 875 3865 τῆς
923 3798 1181 3868 τελευτῆς
1219 3799 1328 3869 (54)
1358 3799 1453 3852 τοῦ
1485 3802 1613 3854 ἰδίου

39 3885 302 3955 πάτρωνος
349 3886 752 3958 αὐτοκράτορος
784 3889 1019 3960 Οὐήρου,
1066 3891 1253 3960 σαφῶς
1289 3892 1467 3945 πάντα
1493 3894 1614 3947 ἀνέ-

37 3975 210 4043 verba,
248 3978 346 4029 καὶ
374 3977 444 4029 τὰ
487 3978 724 4047 ὀνόματα
768 3982 1017 4043 καὶτοὺς
1053 3982 1296 4053 χρόνους.
1347 3984 1610 4056 Ἐκράτη-

40 4081 118 4117 σιιν
142 4065 231 4121 οὖν
259 4070 312 4119 οι
345 4068 634 4138 Ῥωμαίων
664 4070 776 4141 (55)
807 4072 1090 4139 ἐνιαύσιοι,
1115 4074 1190 4137 ὥς
1219 4092 1417 4145 φαμεν,
1437 4076 1610 4128 ἔτεσιν

39 4164 149 4224 υντν.
183 4160 416 4212 Ἔπειτα
465 4160 639 4224 οὕτως
677 4158 851 4233 ἦρξαν
888 4165 939 4217 oi
985 4166 1384 4237 αὐτοκράτορες
1413 4168 1600 4220 καλού-

41 4263 202 4316 μενοι·
238 4252 461 4322 πρῶτος
490 4252 647 4315 Γάϊος
692 4254 909 4319 Ἰούλιος
930 4256 990 4318 ὃς
1018 4256 1359 4311 ἐϐασίλευσεν
1396 4258 1490 4330 ἔτη
1537 4268 1604 4329 γ’,

42 4339 192 4407 μῆνας
217 4341 282 4403 δ’,
308 4343 528 4413 ἡμέρας
559 4342 640 4406 ἓξ.
670 4346 897 4399 Ἔπειτα
919 4346 1227 4414 Αὔγουστος
1252 4349 1343 4421 ἔτη
1372 4358 1478 4417 ναῖ’,
1506 4352 1608 4421 μῆ-

38 4444 118 4491 νας
142 4430 201 4495 δ’,
236 4434 459 4504 ἡμέραν
511 4435 659 4503 μίαν.
696 4437 945 4508 Τιϐέριος
986 4438 1082 4508 ἔτη
1130 4440 1235 4504 κϐ’,
1284 4439 1404 4493 εἶτα
1448 4443 1605 4505 Γάϊος

38 4519 200 4621 εἶερος
228 4524 322 4595 Em
353 4533 423 4595 γ’,
454 4526 631 4595 μῆνας
658 4536 727 4599 ην,
757 4531 966 4600 ἡμέρας
988 4531 1053 4593 ζ’.
1079 4532 1342 4596 Κλαύδιος
1371 4533 1464 4606 ἔτη
1496 4542 1600 4603 κγ’,
1638 4574 1679 4627 D

41 4612 197 4681 μῆνας
229 4623 297 4687 η’,
327 4618 547 4688 ἡμέρας
575 4618 672 4673 κδ’.
699 4621 890 4691 Νέρων
920 4622 1014 4693 ἐτη
1053 4630 1138 4691 ιγ’,
1166 4625 1339 4693 μῆνας
1374 4632 1445 4689 ς’,
1467 4627 1603 4695 ήμέ-

40 4718 123 4770 ρας
150 4714 253 4777 κη’.
290 4707 504 4771 Γάλϐας
536 4707 629 4779 ἐτη
664 4708 728 4779 β’,
766 4712 939 4782 μῆνας
979 4710 1044 4779 ζ’,
1081 4714 1293 4787 ἡμέρας
1317 4722 1388 4779 ς’.
1424 4716 1601 4768 Ὄθων

97 4860 203 4931 (47)
255 4865 391 4916 Τοεθ.
445 4863 619 4932 Supra
648 4880 704 4918 ιι.
740 4865 806 4918 16
835 4867 1157 4935 Apollonius
1184 4867 1383 4921 dicitur
1410 4883 1602 4921 nume-

40 4940 173 4984 rasse
209 4934 521 5001 quindecim
575 4935 849 5004 myriades
886 4934 941 4989 et
1000 4952 1175 4992 annos
1228 4945 1311 4991 ter
1355 4939 1501 4993 mille
1544 4946 1598 4993 et

42 5004 365 5071 septuaginta
397 5004 663 5071 quinque.

237 5074 491 5146 foetore
503 5070 919 5146 ﬂoqqopérom.
942 5073 1069 5143 Leg.
1102 5079 1212 5138 τοῖς
1232 5076 1593 5146 βουλομένοις,

100 5139 202 5207 (49)
235 5144 435 5196 Ἕτεσι
475 5147 579 5197 κθ.
613 5139 755 5197 Ειιὶιί
801 5139 1071 5198 habebant
1109 5139 1404 5207 τριάκοντα
1430 5139 1593 5207 ὀκτώ,

40 5202 119 5260 sed
165 5202 810 5288 manilestum__err_orem
836 5216 1084 5288 sustulit
1126 5202 1329 5277 Fellus,
1371 5219 1497 5288 quia
1542 5202 1594 5271 id

41 5292 123 5328 nec
150 5296 268 5353 eum
298 5281 589 5351 Theophili
620 5284 973 5353 ebrunologia
1004 5301 1103 5338 nec
1137 5303 1260 5339 cum
1301 5281 1420 5341 aliis
1456 5290 1596 5340 srric

41 5350 264 5421 pluribus
284 5350 569 5406 conciliari
598 5368 756 5421 posse
780 5350 1089 5410 videbatur.
1115 5355 1381 5410 Observat
1413 5366 1593 5410 autem

40 5430 193 5494 annos
232 5420 299 5474 29
344 5439 374 5476 a
418 5420 729 5489 Theophila
777 5426 1072 5494 assignari,
1102 5442 1209 5479 non
1240 5428 1331 5487 50,
1365 5436 1419 5479 ιιι
1452 5427 1594 5494 apud

40 5486 171 5564 alios
202 5495 533 5564 scriptores,
576 5486 705 5564 quia
749 5486 1089 5564 Theophilus
1133 5497 1349 5550 initium
1400 5486 1594 5548 nume»

40 5558 174 5610 randi
210 5558 439 5618 ducebat
488 5580 519 5616 a
575 5558 824 5619 libertate
872 5558 1074 5619 Iudaeis
1115 5582 1397 5621 concessa.
1445 5564 1591 5619 Idem

40 5630 318 5707 emendavit
344 5633 493 5707 quod
523 5633 575 5685 in
608 5633 772 5707 editis
797 5636 1084 5707 legebatur
1111 5636 1216 5689 ὑπὸ
1250 5635 1508 5707 μυριάδος
1534 5636 1591 5685 ἐν

40 5650 318 5685 ιτιυυιιιιεινιι
386 5650 493 5687 nou
523 5650 575 5685 ιιι
608 5650 772 5687 emus
804 5650 951 5705 legeu

40 5692 320 5770 Μεσαγγίᾳ,
344 5650 763 5770 ί(Μεσσαγγίοιις
797 5702 951 5769 Reg.)

43 5765 199 5880 vim)
224 5765 442 5836 Ἰλίας.
490 5765 654 5825 Addit
693 5770 825 5841 Reg.
870 5765 944 5835 ὡς
975 5773 1032 5827 δέ
1066 5791 1207 5837 τινες
1257 5776 1412 5837 Ῥέας
1451 5774 1584 5827 Συλ-

73 5852 156 5880 -1ε,

284 5938 559 5999 ΡΑτιιοι..
599 5936 715 5998 Gn.
754 5936 856 5999 Vl.

1719 3341 1842 3381 scre
1866 3328 2083 3398 longum
2119 3337 2174 3382 et
2199 3344 2663 3400 supervacaneum
2685 3341 2963 3401 putamus.
3000 3333 3123 3390 Haec
3148 3340 3293 3393 enim

1718 3418 1765 3472 si
1788 3418 1913 3489 quis
1946 3421 2159 3478 discere
2189 3426 2339 3489 velit,
2364 3428 2599 3499 reperiet
2627 3428 2681 3483 in
2711 3433 3125 3487 commentariis
3154 3448 3293 3504 quo:

1717 3509 2020 3581 Chryseros
2063 3515 2300 3585 scriptos
2346 3519 2567 3588 reliquit
2598 3524 3019 3589 nomenclator,
3066 3525 3137 3581 M.
3179 3528 3295 3581 Aua

1716 3602 1836 3655 relii
1866 3601 1992 3657 Veri
2021 3604 2277 3670 libertus,
2308 3609 2402 3677 qui
2437 3611 2506 3663 ab
2549 3609 2695 3686 Urbe
2724 3613 2947 3666 condita
2981 3616 3046 3668 ad
3081 3616 3290 3675 obitum

1716 3694 1929 3762 patroni
1971 3696 2078 3760 sui,
2123 3697 2473 3769 imperatoris
2508 3700 2653 3767 Veri,
2684 3705 2833 3759 clare
2862 3707 3045 3761 omnia
3081 3708 3295 3764 descri-

1716 3784 1822 3854 psit
1845 3772 1905 3838 et
1923 3788 2143 3842 nomina
2167 3800 2220 3844 et
2250 3797 2513 3863 tempora.
2540 3791 2804 3850 Romanis
2827 3796 2995 3865 igitur
3026 3799 3293 3868 praefuere

1714 3877 1905 3941 annui,
1951 3888 2009 3933 ut
2046 3880 2307 3949 diximus,
2351 3887 2707 3956 magistratus
2745 3889 2905 3944 annis
2934 3890 3059 3946 455.
3094 3890 3288 3948 Postea

1713 3968 2051 4037 imperarunt
2120 3972 2155 4025 ii
2222 3974 2315 4042 qui
2388 3976 2749 4045 imperatores
2810 3980 3011 4034 vocati.
3070 3979 3290 4037 Primus

1712 4061 1771 4116 C.
1794 4061 1974 4120 Julius
2007 4066 2292 4135 imperavit
2315 4071 2476 4123 annis
2509 4071 2562 4133 5,
2600 4073 2886 4129 mensibus
2918 4074 2972 4135 4,
3007 4072 3201 4130 diebus
3230 4075 3287 4132 6.

1711 4153 1916 4211 Deinde
1952 4152 2233 4227 Augustus
2272 4163 2432 4217 annis
2470 4163 2560 4226 56,
2600 4164 2882 4220 mensibus
2925 4164 2982 4227 4,
3028 4165 3116 4221 die
3152 4182 3286 4224 uno.

1710 4245 1966 4305 Tiberius
1990 4250 2149 4304 annis
2183 4253 2273 4307 22.
2310 4253 2448 4307 Tum
2478 4254 2645 4310 Caius
2677 4255 2815 4309 alter
2846 4256 3007 4313 annis
3044 4257 3099 4318 5,
3131 4273 3288 4312 men-

1709 4337 1863 4393 sibus
1895 4339 1949 4401 8,
1986 4340 2180 4397 diebus
2220 4344 2271 4398 7.
2309 4346 2575 4400 Claudius
2603 4346 2760 4401 annis
2792 4346 2884 4409 25,
2924 4348 3206 4404 mensibus
3228 4350 3285 4419 8,

1708 4427 1899 4484 diebus
1938 4430 2027 4485 24.
2067 4430 2211 4486 Nero
2245 4436 2405 4490 annis
2440 4436 2525 4497 15,
2563 4437 2846 4491 mensibus
2875 4437 2928 4500 6,
2959 4438 3153 4495 diebus
3190 4439 3282 4496 28.

1709 4514 1879 4571 Galba
1921 4519 2082 4573 anuis
2120 4520 2174 4579 2.
2206 4523 2488 4578 mensibus
2516 4524 2564 4590 7,
2593 4524 2785 4579 diebus
2814 4526 2866 4580 6.
2894 4524 3036 4579 Otho
3078 4529 3283 4583 mensi-

1711 4610 1813 4664 bus
1846 4611 1900 4670 ὖ.
1936 4612 2130 4667 diebus
2160 4613 2213 4667 5.
2256 4613 2508 4669 Vitellius
2550 4616 2833 4671 mensibus
2873 4618 2926 4680 6,
2966 4617 3160 4672 diebus
3189 4620 3279 4677 22.

1708 4700 2080 4772 Vespasianus
2106 4707 2265 4762 annis
2286 4706 2339 4771 9,
2373 4709 2653 4763 mensibus
2682 4711 2765 4774 11,
2789 4710 2981 4765 diebus
3008 4710 3096 4765 22.
3126 4709 3283 4770 Titus

1778 4867 1889 4944 (Sil)
1924 4872 2078 4944 a’_xal
2115 4880 2186 4925 α’.
2219 4871 2311 4928 Sic
2337 4874 2643 4927 emendavit
2687 4872 2870 4930 Fellus
2898 4874 3045 4943 quod
3072 4874 3284 4944 legeba-

1704 4949 1797 4994 tur
1828 4940 2096 5014 ingeditis,
2129 4949 2159 4995 ι’
2177 4946 2278 5014 *καὶ
2300 4943 2362 5014 ζξ.
2392 4944 2465 4996 Ita
2503 4946 2785 5013 legendum
2820 4940 3014 5014 probat
3041 4940 3282 4998 aucturi-

1702 5019 1811 5063 tate
1846 5008 2126 5084 Plutarchi
2176 5012 2283 5084 Vit.
2326 5008 2617 5084 Βυιιιιιίίἶιι
2655 5015 2784 5069 Julii
2820 5008 3001 5070 'Soliui
3047 5017 3137 5084 qui
3170 5015 3283 5069 Ro-

1702 5082 2209 5200 mamrundecimo
2248 5083 2519 5139 Kalendas
2563 5084 2689 5139 Maii
2741 5087 2999 5140 aediﬁcari
3041 5082 3279 5155 c'wptam

1702 5165 1822 5200 BSSC
1850 5167 1865 5200 (
1892 5161 2059 5200 ICIIlll-

1700 5165 1822 5204 esse
1850 5161 2059 5205 dicunt.

1922 5215 1994 5297 ῖῼ
2023 5225 2141 5275 καί.
2174 5222 2356 5297 Fellus
2386 5225 2577 5297 scribit
2606 5218 2675 5294 ᾮ
2709 5226 2905 5297 καιρῷ.

1772 5288 1886 5366 (ἥδ)
1914 5288 1987 5366 "0
2012 5292 2462 5366 ζγομει-κλάγτωρ.
2494 5294 2622 5363 Reg.
2650 5288 3075 5366 ’Χρύσερωςκσιὶ
3107 5295 3275 5366 ἄλλοι,

1700 5352 1788 5411 ὧν
1813 5352 1971 5434 ὁμὲν
2010 5352 2256 5433 Κλᾶτωρ.
2302 5352 2483 5419 Codex
2534 5352 2685 5418 Bbdl.
2709 5352 2748 5417 ’ὁ
2786 5352 2882 5434 μέν
2914 5352 3165 5434 Κλάτωρ.
3199 5352 3278 5419 Eli

1704 5377 1774 5411 ων
1813 5377 1841 5409 ο
1916 5378 1969 5412 ’ν
2010 5377 2256 5433 ιςΑατωρ.
2302 5377 2483 5419 [4011οΧ
2534 5377 2685 5418 υυαι.
2720 5377 2748 5417 Ο
2786 5377 2882 5434 μὲν
2914 5377 3165 5434 λλατωρ.
3199 5377 3278 5419 [LX

1704 5442 1813 5504 quo
1862 5377 2045 5504 ﬁlms
2086 5442 2210 5502 apte
2238 5436 2548 5504 emendavit
2580 5435 2630 5487 id
2660 5437 2804 5503 quod
2847 5436 2899 5487 in
2929 5433 3095 5488 editis
3132 5434 3278 5504 lege-

1699 5499 1880 5574 batur,
1912 5497 2227 5573 Χρύσερως,
2263 5497 2336 5555 ὧν
2362 5507 2390 5555 ὁ
2427 5505 2523 5574 μὲν
2557 5497 2811 5624 Κράτωῇ
3019 5569 3029 5579 .
3060 5570 3073 5581 ‘

1768 5568 1879 5624 (Ml
1914 5571 2101 5624 Μέγοι
2144 5569 2251 5624 τῆς
2300 5573 2606 5624 τελευτῆρ.
2659 5575 2731 5624 Ita
2817 5590 2898 5624 ea.
2934 5570 3073 5624 Editt

1758 5568 2109 5687 (ὅθ-Μέχρι
2144 5569 2251 5638 τῆς
2300 5568 2623 5641 τελέυτῆς.’
2659 5575 2731 5626 Ita
2761 5568 2898 5643 Reg.
2934 5569 3076 5624 Editi
3111 5571 3274 5643 μέγρι

1790 5655 1968 5687 ΞυτἹἾξ-

1696 5654 1968 5693 τεΑευτης.

2045 5712 2362 5780 Ῥωμαίων.
2404 5711 2705 5765 Articulum
2750 5708 3116 5778 suppeditavit
3167 5708 3275 5764 Re—

1695 5776 1817 5846 gius
1842 5776 2038 5836 Codex.

2885 5939 2961 6002 37
