3652 6540
412 360 551 415 1163

1436 361 1803 420 THEOPHILI
1838 361 2147 420 EPISCOPI
2182 363 2627 423 ANTIOCHENL

3560 372 3635 426 ΗΕ

332 464 339 489 ⁵
408 479 568 532 annis
606 478 660 540 2,
698 478 891 533 diebus
936 479 1025 534 22.
1071 478 1417 535 Domitianus
1458 483 1618 537 annis
1660 482 1747 544 15,
1779 497 1922 537 mens

2108 484 2267 552 ιῆνας
2308 490 2376 551 γ’,
2409 486 2620 557 ἡμέρας
2672 492 2731 539 ε’.
2766 486 3071 551 Οὐϊτέλλιος
3114 486 3288 559 μῆνας
3353 495 3437 551 ς’,
3488 490 3636 557 ἦμες.

406 568 511 623 bus
546 571 599 633 5,
626 569 820 625 diebus
841 569 895 623 6.
922 569 1098 625 Nerva
1124 586 1269 625 anno
1305 588 1435 638 uno,
1473 573 1751 627 mensibus
1778 574 1832 641 4,
1861 572 1974 627 die-

404 664 508 718 bus
543 664 625 718 lO.
666 661 938 731 Trajanus
964 664 1123 718 annis
1158 663 1244 727 19,
1278 664 1560 719 mensibus
1591 666 1643 729 θ,
1669 664 1863 720 diebus
1894 664 1980 721 16.

400 754 678 809 Adrianus
706 756 865 810 annis
892 755 983 818 20,
1017 756 1299 810 mensibus
1336 756 1423 818 10,
1460 756 1655 811 diebus
1676 756 1767 810 28.
1807 756 1979 810 Anto-

399 847 566 902 ninus
600 849 761 901 annis
800 847 892 910 22,
930 847 1213 902 mensibus
1266 848 1316 909 7,
1345 847 1537 902 diebus
1577 846 1630 900 6.
1675 844 1853 901 Verus
1883 861 1981 900 an»

398 941 488 994 nis
538 939 624 1000 19,
656 940 851 995 diebus
898 940 983 995 10.
1018 938 1256 1008 Tempus
1286 939 1453 1008 igitur
1486 937 1765 993 Caesarum
1802 954 1978 1009 usque

398 1032 465 1087 ad
518 1040 750 1087 mortem
801 1032 923 1086 Veri
981 1032 1331 1102 imperatoris
1380 1042 1464 1087 est
1514 1047 1785 1087 annorum
1826 1032 1972 1095 257,

394 1124 608 1180 dierum
638 1125 690 1180 5.
722 1125 767 1177 A
794 1132 970 1180 morte
1010 1124 1175 1194 igitur
1217 1124 1344 1195 Cyri
1389 1133 1444 1179 et
1474 1140 1646 1195 regno
1685 1123 1972 1195 Tarquinii

396 1214 655 1288 Superbi,
686 1217 755 1271 ad
798 1227 1027 1271 mortem
1081 1216 1432 1286 imperatoris
1486 1216 1612 1273 Veri
1655 1219 1967 1275 universum

392 1315 609 1379 tempus
637 1308 914 1378 colligitur
942 1323 1212 1363 annorum
1247 1308 1370 1363 744.

2087 576 2189 628 κε’.
2223 577 2627 641 Οὐεσπασιανὸς
2656 578 2749 649 ἔτη
2781 578 2846 643 θ’,
2880 580 3053 650 μῆνας
3082 587 3169 646 ια’,
3200 582 3447 653 ἡμέρας
3476 582 3578 633 κε’.
3608 585 3635 635 ἶ

2083 684 2175 729 τος
2204 666 2297 737 ἔτη
2335 667 2400 738 β’,
2436 670 2651 739 ἡμέρας
2683 669 2787 723 κδ’.
2834 672 3147 741 Δομετιανὸς
3198 673 3294 744 ἐτη
3362 680 3464 737 ιε’,
3522 674 3636 741 μῆνξ

2084 764 2145 821 ε’,
2178 758 2392 831 ἡμέρας
2408 767 2479 823 ς’.
2501 760 2745 832 Νερούας
2779 764 3039 827 ἐνιαυτὸν,
3076 764 3254 835 μῆνας
3283 765 3361 828 δ’,
3385 764 3635 835 ἡμέρας

2082 852 2347 922 Τραϊανὸς
2391 852 2483 924 ἔτη
2540 854 2623 919 ιθν,
2662 855 2837 926 μῆνας
2880 855 2960 920 ἒξ,
2996 858 3210 928 ἡμέρας
3241 864 3348 921 ις’.
3412 857 3635 926 Ἀδριανέ

2080 936 2175 1011 ἐτη
2208 950 2276 1006 κ’,
2324 944 2496 1015 μῆνας
2545 953 2596 1010 ι’,
2630 947 2844 1018 ἡμέρας
2891 954 2997 1018 κη’.
3042 948 3375 1013 Ἀντωνῖνος
3436 948 3538 1018 ἔτη
3589 954 3635 1001 z‘.

2083 1035 2257 1105 μῆνας
2292 1036 2355 1099 ξ’,
2386 1037 2599 1108 ἡμέρας
2628 1045 2700 1102 ς·
2734 1039 2944 1110 Οὺῆρος
2973 1039 3066 1112 ἐτη
3115 1041 3203 1104 ιοκ
3238 1041 3483 1112 ἡμέρας
3516 1048 3567 1092 ι’·
3606 1042 3635 1092 Γ

2078 1143 2223 1179 νεται
2252 1124 2345 1181 οὖν
2376 1129 2405 1180 6
2437 1130 2628 1200 χρόνος
2658 1130 2765 1182 τῶν
2798 1131 3092 1203 Καισάρων
3125 1132 3287 1203 μέχρι
3326 1134 3571 1204 Οὑήρου
3600 1151 3627 1185 1

2074 1218 2399 1292 τοκράτορος
2443 1221 2703 1291 τελευτῆς
2735 1221 2830 1293 ἔτη
2866 1222 2973 1287 σλζ¹
3010 1223 3144 1293 (56),
3179 1225 3415 1295 ἡμέραι
3454 1230 3520 1275 ε’.
3567 1226 3636 1275 'A:

2074 1307 2166 1364 οὖν
2194 1311 2292 1382 τῆς
2321 1311 2506 1383 Κύρου
2531 1311 2805 1383 τελευτῆς,
2849 1314 3133 1384 Ῥωμαίων
3155 1316 3215 1368 δὲ
3243 1316 3453 1387 ἀρχῆς
3489 1316 3635 1385 Tufa:

390 1404 504 1457 νίου
535 1403 867 1475 Σουπέρϐου,
908 1404 1367 1474 μέχριτελευτῆς
1406 1404 1805 1477 αὐτοκράτορος
1870 1405 2105 1491 Ούήρρου,
2172 1401 2231 1461 οὗ
2264 1410 2705 1481 προειρήκαμεν,
2737 1411 2766 1462 6
2832 1412 2941 1474 πᾶς
2986 1412 3177 1482 χρόνος
3222 1413 3553 1480 συνάγεται
3592 1413 3635 1463 Ξῖ

386 1500 533 1572 4415'-

455 1596 547 1650 28.
598 1594 875 1663 Prwcipua
921 1594 1273 1664 chrenologiw
1317 1595 1492 1663 capita
1525 1596 1833 1649 summatim
1868 1610 1964 1660 ex:

383 1690 580 1760 posita.
616 1718 687 1729 —
730 1689 777 1742 A
816 1688 1022 1743 mundo
1061 1700 1241 1743 autem
1271 1689 1493 1744 condito
1523 1690 1603 1744 sic
1641 1689 1960 1745 universum

2139 1590 2229 1645 28.
2266 1592 2397 1646 Ἀπὸ
2427 1594 2482 1647 δὲ
2507 1594 2811 1665 καταϐολῆς
2842 1595 3044 1665 κόσμου
3072 1597 3101 1648 6
3134 1598 3243 1659 πᾶς
3272 1597 3501 1667 χρόνος
3522 1616 3635 1665 κεςι

2068 1682 2311 1747 λαιωδῶς
2342 1684 2483 1738 οὕτω
2516 1688 2832 1755 κατάγεται.
2882 1686 3014 1739 Ἀπὸ
3046 1687 3278 1752 κτίσεως
3321 1691 3555 1759 κόσμου
3580 1693 3635 1743 ἐξ

382 1790 603 1851 tempus
633 1781 946 1837 summatim
972 1780 1286 1835 deducitur.
1318 1782 1362 1833 A
1392 1780 1597 1836 mundo
1625 1781 1849 1837 condito
1892 1797 1921 1836 a

2108 1774 2445 1847 κτακλυσμοῦ
2466 1777 2711 1845 ἐγένοντο
2741 1777 2835 1845 ἔτη
2868 1779 3063 1849 ,ϐσμϐκ
3110 1780 3242 1832 Ἀπὸ
3268 1781 3338 1834 δὲ
3377 1782 3487 1834 τοῦ
3520 1801 3635 1834 κατα

384 1874 673 1937 diluvium,
704 1873 833 1927 anni
873 1873 1147 1927 ﬂuxerunt
1174 1872 1335 1929 2242.
1365 1873 1409 1927 Α
1448 1874 1654 1929 diluvio
1682 1890 1857 1946 usque
1894 1874 1962 1929 ad

381 1971 700 2035 susceptum
737 1980 767 2019 a
816 1972 1238 2036 proavonostro
1269 1965 1577 2021 Abrahamo
1608 1966 1799 2031 ﬁlium,
1830 1966 1961 2020 anni

381 2056 543 2111 1056.
588 2056 672 2110 Ab
714 2054 864 2112 Isaac
903 2056 1015 2110 ﬁlio
1058 2057 1290 2111 Ahralne
1340 2073 1515 2127 usque
1562 2059 1629 2113 ad
1676 2060 1863 2130 populi
1903 2062 1957 2115 in

378 2148 600 2204 deserto
630 2162 754 2201 cum
805 2146 991 2219 Moyse
1034 2150 1545 2214 commorationem,
1603 2154 1731 2206 anni
1760 2153 1883 2210 660.
1914 2154 1959 2207 Α

375 2247 557 2295 morte
585 2238 789 2311 Moysis
814 2250 868 2295 et
895 2239 1064 2296 Josue
1105 2240 1199 2293 ﬁlii
1228 2239 1378 2296 Nave
1423 2243 1754 2313 principatu,
1786 2262 1957 2317 usque

377 2331 444 2386 ad
472 2332 683 2387 obitum
732 2331 953 2387 Davidis
999 2333 1344 2402 patriarchae,
1376 2335 1507 2388 anni
1536 2335 1663 2391 498.
1692 2337 1736 2390 Α
1782 2347 1957 2395 morte

373 2426 540 2497 399
568 2425 788 2481 Davidis
817 2432 869 2479 et
911 2440 1078 2496 regno
1102 2424 1437 2492 Salomonis,
1466 2428 1533 2481 ad
1566 2430 1751 2498 populi
1775 2438 1957 2486 trans-

372 2514 757 2585 migrationem
804 2514 859 2566 in
907 2521 1109 2568 terram
1140 2514 1434 2585 Babylonis
1461 2514 1589 2568 anni
1632 2516 1757 2581 5i8,
1802 2530 1955 2571 men-

372 2620 462 2662 ses
491 2605 544 2670 6,
573 2607 690 2661 dies
722 2608 810 2662 16.
842 2608 887 2660 Δ
912 2606 1041 2677 Cyri
1068 2622 1236 2678 regno
1269 2609 1337 2663 ad
1377 2616 1609 2663 mortem
1658 2610 1952 2680 imperato-

370 2698 452 2753 ris
479 2698 686 2754 Aurelii
712 2697 839 2754 Veri
866 2699 995 2753 anni
1028 2699 1150 2754 744.
1172 2700 1215 2753 Α
1242 2700 1466 2755 condito
1498 2701 1704 2756 mundo
1732 2701 1953 2756 univer-

370 2807 493 2847 sum
536 2800 752 2863 tempus
791 2794 1085 2848 collectum
1123 2807 1298 2847 annos
1325 2793 1546 2848 exhibet
1572 2792 1735 2859 5698,
1764 2800 1818 2850 et
1854 2793 1952 2864 qui

366 2894 668 2941 excurrunt
693 2901 912 2942 menses
941 2902 1005 2941 ac
1032 2886 1171 2942 dies.

354 2996 357 2997 '
432 2978 524 3032 29.
570 2979 744 3045 Quam
802 2980 977 3049 inique
1029 2980 1232 3032 novitas
1270 2978 1476 3047 objecta
1504 2978 1948 3033 Christianis.—

2064 1866 2306 1936 κλυσμοῦ
2356 1868 2461 1931 ἓως
2490 1870 2836 1937 τεκνογονίας
2880 1870 3132 1943 Ἀϐραάμ
3162 1871 3257 1925 τοῦ
3313 1874 3635 1945 προπάτορα

2063 1958 2094 2027 ἡ
2106 1957 2222 2027 μῶν
2254 1957 2348 2028 ἐτη
2369 1959 2525 2029 ,αλςκ
2569 1961 2699 2014 Ἀπὸ
2730 1961 2786 2014 δὲ
2831 1962 3017 2017 Ἰσαὰκ
3046 1962 3137 2016 τοῦ
3168 1963 3378 2026 παιδὸς
3430 1966 3635 2036 Ἀϐραὲξ

2062 2047 2165 2113 ἕως
2193 2043 2252 2103 οὗ
2279 2050 2307 2101 6
2336 2050 2461 2114 λαὸς
2491 2053 2586 2105 σὺν
2608 2054 2814 2124 Μωῦσῇ
2837 2055 2894 2107 ὲν
2922 2056 2988 2125 τῇ
3017 2055 3209 2125 ἐρήμῳ
3230 2056 3548 2126 διέτριϐεν,
3578 2060 3635 2109 ἔτι

2064 2139 2162 2209 χξ’.
2200 2141 2331 2194 Ἀπὸ
2360 2141 2415 2195 δὲ
2434 2142 2534 2212 τῆς
2556 2144 2836 2208 Μωῦσέως
2867 2146 3140 2216 τελευτῆς,
3171 2149 3371 2218 ἀρχῆς
3404 2150 3470 2202 δὲ
3505 2152 3635 2220 ἰηςεξ

2060 2232 2177 2285 υἱοῦ
2213 2234 2389 2305 Ναυῆ,
2438 2236 2596 2308 μέχρι
2642 2236 2893 2308 τελευτῆς
2942 2237 3104 2290 Δαϐδδ
3134 2239 3231 2292 τοῦ
3280 2243 3635 2311 πατριειὶρῃδ.Ἰ

2059 2328 2152 2399 ἐτη
2189 2332 2332 2400 υιηι.
2364 2330 2495 2382 Ἀπὸ
2527 2330 2585 2383 δὲ
2604 2330 2702 2402 τῆς
2720 2331 2977 2402 τελευτῆς
2998 2316 3181 2395 suae,
3220 2332 3527 2403 βασιλείας

2056 2416 2113 2470 δὲ
2155 2417 2488 2488 Σολομῶνος,
2524 2419 2687 2491 μέχρι
2715 2420 2816 2489 τῆς
2848 2420 3138 2493 παροικίας
3170 2421 3267 2474 τοῦ
3314 2422 3467 2475 λαοῦ
3502 2426 3556 2475 ἐν

2056 2507 2391 2573 Βαϐυλῶνος,
2439 2508 2533 2579 ἔτη
2574 2516 2704 2581 φιη’,
2748 2510 2913 2580 μῆνες
2965 2518 3038 2579 ς’,
3078 2513 3287 2583 ἡμέραι
3327 2520 3389 2566 ι’.
3445 2515 3570 2567 Ἀπὸ
3600 2517 3635 2567 ξέ

2057 2600 2161 2669 τῆς
2217 2600 2401 2671 Κύρου
2461 2601 2635 2673 ἀρχῆς
2694 2602 2857 2675 μέχρι
2920 2602 3330 2675 αὐτοκράτορος
3389 2607 3635 2677 Αὖρῃὶῖε;

2056 2690 2271 2761 Οὐήρου
2302 2690 2555 2762 τελευτῆς
2598 2690 2691 2762 ἔτη
2725 2691 2869 2762 ῲμδν.
2910 2692 3073 2763 Ὁμοῦ
3113 2694 3222 2746 ἀπὸ
3271 2696 3527 2759 κτίσεως
3566 2700 3631 2747 κέ-

2055 2799 2191 2853 σμου
2220 2784 2539 2853 συνάγονται
2572 2785 2641 2839 τὰ
2674 2785 2850 2841 πάντα
2870 2785 2963 2857 ἔτη
2984 2792 3172 2859 ⁴εχῖ.,η’⁹
3214 2789 3319 2844 καὶ
3350 2792 3409 2843 οξ
3440 2793 3629 2859 gaza“;

2052 2891 2238 2946 χοντες
2270 2876 2434 2947 μῆνες
2466 2875 2560 2929 καὶ¹
2585 2876 2813 2949 ἡμέραι.

2121 2981 2215 3036 29.
2244 2982 2364 3035 Τῶν
2390 2977 2481 3035 οὖν
2515 2982 2721 3053 χρόνων
2756 2984 2849 3036 καὶ
2899 2982 3009 3036 τῶν
3041 2982 3364 3055 εἰρημένων
3399 2986 3623 3039 ἁπάντωι

362 3072 624 3129 Collectis
679 3074 844 3143 igitur
892 3073 1257 3142 temporibus,
1302 3074 1478 3144 iisque
1519 3072 1773 3128 omnibus
1822 3087 1922 3142 qua

2108 3074 2521 3149 ινηθροισμένων
2728 3076 2861 3148 ὁρᾷν
2880 3075 3109 3146 έστιτὴν
3152 3077 3513 3148 ἀρχαιότητα
3546 3078 3619 3129 τίς.

364 3166 628 3229 diximus,
654 3165 841 3220 videre
866 3173 952 3220 est
975 3165 1358 3234 antiquitatem
1399 3164 1844 3235 propheticorum
1875 3163 1938 3217 li-

361 3255 589 3310 brorum
637 3260 691 3308 et
724 3253 1070 3308 divinitatem
1101 3254 1368 3309 doctrina:
1395 3263 1616 3310 nostris.
1647 3252 1757 3309 Nec
1807 3267 1943 3309 sane

360 3358 555 3398 recens
580 3342 696 3395 hmc
722 3341 997 3406 doctrina,
1032 3358 1135 3397 nec
1165 3344 1418 3398 instituta
1448 3353 1658 3406 nostra,
1705 3350 1766 3397 ut
1817 3344 1942 3414 qui-

359 3436 485 3490 dam
516 3433 850 3498 existimant,
893 3434 1143 3489 fabulosa
1174 3442 1229 3490 et
1266 3434 1576 3499 mendacia,
1636 3434 1733 3489 sed
1780 3435 1939 3505 longe

354 3508 742 3597 antiquissima
765 3534 818 3580 et
846 3526 1172 3581 certissima.
1208 3525 1343 3580 Nam
1367 3533 1420 3581 et
1450 3524 1564 3581 Beli
1587 3525 1936 3597 Assyriorum

354 3618 523 3689 regis,
553 3627 607 3673 et
635 3617 801 3673 Croni
826 3616 1039 3672 Titanis
1061 3614 1289 3671 Thallus
1314 3616 1583 3680 meminit,
1620 3615 1809 3671 Belum
1842 3633 1934 3672 re-

356 3699 539 3769 ferens
569 3728 692 3767 cum
724 3710 1015 3765 Titanibus
1047 3710 1313 3763 adversus
1340 3706 1528 3763 Jovem
1560 3716 1614 3763 et
1644 3706 1796 3772 deos,
1839 3709 1934 3779 qui

354 3808 423 3861 ab
463 3805 585 3876 ejus
618 3805 867 3875 partibus
892 3803 1112 3860 stetisse
1145 3803 1427 3867 dicuntur,
1454 3804 1653 3859 bellum
1670 3805 1929 3874 gessisse.

352 3900 473 3965 Quo
502 3899 557 3952 in
588 3900 706 3953 loco
730 3901 883 3951 aiunt
906 3896 1114 3968 Gygum
1134 3904 1450 3966 superatum
1485 3896 1689 3966 fugisse
1718 3895 1935 3952 Tartes-

352 4006 510 4045 sum:
547 3990 636 4061 qui
660 3990 879 4060 quidem
912 3990 968 4043 in
998 4005 1061 4044 ea
1096 3990 1317 4060 regione
1344 3990 1592 4058 regnavit
1626 4004 1746 4058 qua:
1782 4004 1929 4044 nunc

351 4085 529 4137 Attica
556 4122 571 4145 ,
607 4090 722 4135 tum
752 4095 880 4136 vero
931 4082 1063 4134 Acte
1094 4079 1398 4134 dicebatur.
1451 4078 1688 4134 Creteras
1747 4086 1926 4134 autem

349 4176 604 4247 regiones
627 4183 681 4231 et
711 4175 899 4239 urbes,
933 4187 964 4226 a
1000 4171 1200 4242 quibus
1225 4186 1353 4227 suas
1385 4171 1777 4240 appellationes
1824 4169 1925 4223 ha-

348 4269 589 4332 buerint,
630 4265 1003 4323 necessarium
1031 4279 1140 4317 non
1186 4263 1423 4317 arbitror
1454 4277 1758 4326 recensere,
1789 4277 1926 4331 pra:-

2048 3168 2399 3240 προφητικῶν
2431 3167 2797 3239 γραμμάτων,
2832 3168 2925 3221 καὶ
2956 3167 3054 3238 τὴν
3089 3166 3359 3237 θειότητα.
3391 3169 3491 3221 τοῦ
3522 3189 3607 3239 1:1;

2043 3260 2175 3329 ἡμῖν
2208 3258 2385 3325 λόγου,
2422 3257 2581 3311 ὅτιού
2615 3256 2928 3330 πρόσφατος
2962 3258 2990 3310 ὁ
3028 3256 3207 3325 λόγος,
3250 3258 3391 3313 οὔτε
3446 3263 3547 3331 μὴν
3574 3264 3617 3310 τ,

2042 3349 2164 3404 καθ’
2186 3351 2354 3421 ἡμᾶς,
2388 3348 2464 3413 ὡς
2495 3349 2694 3402 οἴονταί
2714 3364 2877 3413 τινες,
2903 3349 3121 3420 μυθώδη
3139 3352 3236 3403 καὶ
3268 3352 3455 3424 ψευδῆ
3479 3355 3613 3409 ἐστιν,

2042 3440 2180 3494 ἀλλὰ
2240 3441 2339 3511 μὲν
2393 3436 2486 3494 οὖν
2536 3440 2862 3512 ἀρχαιότερα
2927 3440 3020 3493 καὶ
3092 3440 3476 3514 ἀληθέστερα.
3534 3444 3617 3493 Ral

2039 3531 2148 3603 γάρ
2180 3532 2351 3602 Βήλου
2384 3529 2479 3585 τοῦ
2530 3530 2829 3601 Ἀσσυρίων
2859 3530 3302 3601 βασιλεύσαντος,
3366 3536 3467 3587 καὶ
3497 3534 3609 3603 Κρό-

2038 3639 2128 3676 νου
2160 3621 2253 3675 τοῦ
2298 3623 2525 3686 Τιτᾶνος
2567 3621 2770 3685 Θάλλος
2802 3622 3095 3693 μέμνηται,
3130 3622 3375 3691 φάσκων
3414 3626 3505 3678 τὸν
3530 3625 3609 3691 Βῆ-

2036 3713 2125 3766 λον
2152 3712 2587 3784 πεπολεμηκέναι
2622 3712 2719 3767 σὺν
2746 3714 2859 3776 τοῖς
2883 3714 3072 3766 Τιτᾶσι
3104 3713 3239 3783 πρὸς
3265 3712 3369 3766 τὸν
3393 3716 3509 3779 Δία,
3536 3715 3605 3766 ul.

2034 3803 2157 3865 τοὺς
2193 3803 2289 3855 σὺν
2322 3802 2469 3872 αύτῷ
2507 3802 2661 3865 θεοὺς
2708 3802 3051 3873 λεγομένους,
3096 3802 3227 3854 ἔνθα
3275 3806 3493 3875 φησὶν,
3538 3806 3605 3859 καὶ

2032 3895 2061 3945 6
2094 3894 2263 3962 Γύγος
2302 3894 2557 3965 ἡττηθεὶς
2738 3894 2937 3963 ἔφυγεν
2977 3896 3058 3958 είς
3103 3895 3463 3967 Ταρτησσὸν,

2035 3986 2137 4057 μὲν
2169 3986 2267 4057 τῆς
2300 3986 2480 4058 χώρας
2526 3988 2741 4059 ἐκείνης
2806 3987 2999 4059 Ἀκτῆς
3060 3987 3391 4060 κληθείσης,
3450 3991 3598 4043 ν’]νῶ

2046 4077 2295 4147 Ἀττικῆς
2328 4078 2893 4150 προσαγορευομένης,
2928 4074 2996 4151 ἦς
3031 4080 3059 4133 ὁ
3089 4078 3129 4130 Γ
3134 4077 3266 4147 ύγος
3295 4082 3433 4134 τότε
3459 4078 3595 4151 ρξε,

2030 4167 2139 4221 Καὶ
2167 4167 2266 4232 τὰς
2316 4167 2507 4232 λοιπὰς
2546 4169 2605 4223 δὲ
2658 4168 2838 4240 χώρας
2877 4171 2971 4223 καὶ
3016 4169 3222 4233 πόλεις,
3258 4173 3364 4240 ἀφ’
3411 4168 3485 4228 ὧν
3524 4176 3615 4240 τάὶῆ

2029 4270 2283 4325 προσωνυ
2292 4256 2418 4326 μίας
2441 4256 2617 4327 ἔσχον,
2642 4259 2741 4311 οὐκ
2770 4260 3061 4328 ἀναγκαῖον
3085 4260 3385 4331 ἡγούμεθα
3407 4262 3613 4325 η

345 4362 535 4418 scrtim
568 4360 712 4429 apud
743 4368 795 4413 te
819 4358 913 4429 qui
958 4358 1013 4411 in
1046 4356 1291 4413 historiis
1322 4363 1573 4410 versatus
1602 4370 1682 4410 es.
1729 4353 1922 4425 Liquet

2108 4366 2165 4411 .v,
2194 4348 2429 4419 μάλιστα
2451 4350 2586 4420 πρὸς
2617 4350 2674 4403 σὲ
2706 4351 2796 4403 τὸν
2826 4351 3184 4422 ἐπιστάμενον
3209 4353 3315 4417 τὰς
3356 4356 3611 4429 impiam;

346 4456 513 4527 igitur
548 4454 767 4525 Moysen
800 4451 1166 4521 antiquiorem
1209 4463 1331 4504 esse
1360 4448 1616 4503 omnibus
1640 4447 1922 4516 scriptori-

2108 4457 2154 4492 τι
2188 4440 2285 4510 μὲν
2307 4435 2399 4493 οὖν
2419 4440 2772 4512 ἀρχαιότερος
2804 4444 2831 4495 6
2865 4442 3103 4511 Μωῡσῆς
3128 4444 3420 4503 δείκνυται
3452 4449 3587 4499 63.n-

346 4547 450 4600 bus
487 4546 607 4615 (nec
640 4560 770 4597 vero
802 4543 980 4612 ipsum
1030 4540 1231 4605 solum,
1278 4538 1374 4594 sed
1419 4539 1583 4593 etiam
1633 4538 1922 4609 plerosque

2108 4549 2131 4584 ν
2182 4531 2541 4602 συγγραφέων
2587 4532 2709 4604 (ούκ
2754 4533 2915 4596 αὐτὸς
2954 4534 3010 4586 δὲ
3046 4535 3229 4604 μόνος,
3265 4536 3414 4590 ἀλλὰ
3449 4540 3527 4590 καὶ
3550 4537 3583 4588 σί

345 4644 470 4706 post
493 4650 614 4690 eum
648 4634 984 4704 prophetas),
1011 4639 1064 4686 et
1084 4631 1267 4685 Crono
1296 4639 1351 4685 et
1380 4630 1510 4686 Belo
1538 4638 1593 4685 et
1621 4630 1765 4684 bello
1785 4628 1922 4683 Tro-

2108 4624 2241 4687 είους
2268 4626 2385 4695 μετ’
2410 4624 2571 4678 αὐτὸν
2599 4625 2879 4695 προφῆται
2899 4625 3225 4695 γενόμενοι),
3252 4629 3353 4681 καὶ
3381 4630 3597 4700 Κρύνςυ,

342 4730 495 4797 jano.
527 4726 659 4780 Nam
683 4723 1197 4783 secundumThalli
1228 4722 1514 4776 historiam
1560 4721 1722 4777 Belus
1778 4723 1923 4775 anti-

346 4820 505 4887 quior
553 4817 829 4871 invenitur
877 4816 1020 4870 bello
1072 4812 1311 4884 Trojano
1334 4813 1493 4867 annis
1524 4812 1648 4868 522.
1697 4812 1919 4884 Moysen

343 4917 526 4962 autem
558 4908 718 4963 annis
757 4905 1047 4976 nongentis
1075 4904 1159 4959 vel
1187 4905 1351 4959 etiam
1386 4904 1532 4958 mille
1563 4911 1689 4958 ante
1716 4905 1918 4959 bellum

344 5000 643 5067 Trojanum
682 4998 959 5053 exstitisse
1004 5011 1168 5064 supra
1216 4994 1734 5049 demonstravimus.
1781 4994 1917 5048 Cum

342 5099 527 5147 autem
558 5092 773 5146 Cronus
820 5098 873 5144 et
918 5088 1078 5143 Belus
1104 5087 1343 5156 aequales
1391 5085 1617 5149 fuerint,
1667 5086 1918 5155 plerique

341 5185 465 5253 quis
498 5182 568 5236 sit
590 5180 826 5245 Cronus,
860 5190 955 5234 aut
980 5179 1105 5249 quis
1136 5180 1295 5236 Belus
1339 5180 1611 5250 ignorant.
1649 5178 1727 5230 Ac
1775 5177 1913 5231 Cro-

338 5290 473 5329 num
520 5274 737 5344 quidem
778 5273 1027 5327 nonnulli
1071 5273 1279 5335 colunt,
1310 5280 1363 5326 et
1405 5270 1655 5326 eumdem
1699 5270 1792 5324 Bel
1822 5276 1916 5322 aut

411 5432 523 5503 (δῦ)
557 5434 701 5497 "Em
731 5428 879 5503 συιδ·
912 5427 1165 5503 Βρελέτη
1191 5434 1335 5503 Ξκς¹ς

408 5494 519 5569 (57)
548 5494 890 5564 Βασιλείας.
925 5494 1167 5569 lta'Reg.
1192 5496 1334 5569 Editi
1364 5494 1650 5569 βασιλέως.

410 5564 518 5642 (58)
547 5567 1095 5642 Συφηιθροςσμένων.
1118 5564 1129 5567 ⁷
1152 5567 1226 5620 ita
1270 5564 1472 5642 Regius
1503 5568 1693 5620 codex.
1730 5564 1910 5621 Fellus

338 5659 468 5711 συνη
477 5639 544 5711 ρα
552 5643 745 5711 μένων.
806 5639 878 5693 Ed
889 5640 945 5691 Iti
960 5655 1105 5711 συν-η
1117 5639 1419 5711 ραλσμένων.

409 5706 517 5779 (5⁷9)
552 5706 883 5777 ἼΙττηθείς.
939 5710 1028 5761 Sic
1063 5706 1263 5777 Regius
1284 5709 1407 5762 cod.
1443 5706 1584 5779 Editi
1634 5706 1906 5776 ἐπτηθείς.

409 5777 521 5852 (66)
555 5780 917 5849 Δῆλύνὲστι,
946 5778 1070 5833 llaec
1104 5778 1473 5849 suppeditavit
1501 5777 1640 5833 idem
1674 5783 1868 5832 codex.
1904 5836 1909 5841 ,

2025 4715 2119 4769 καὶ
2144 4715 2337 4787 Βήλου,
2362 4716 2457 4771 καὶ
2483 4716 2577 4770 τοῦ
2611 4716 2840 4770 Ἰλιακοῦ
2862 4716 3120 4787 πολέμου,
3145 4718 3305 4789 δῆλόν
3338 4722 3459 4773 ἐστι
3475 4720 3575 4789 (66],

2023 4806 2181 4860 Κατὰ
2212 4806 2320 4879 γὰρ
2350 4807 2449 4878 τὴν
2478 4807 2682 4862 Θάλλου
2717 4807 2828 4878 (61)
2864 4809 3115 4880 ἱστορίαν,
3146 4811 3173 4861 ὁ
3200 4809 3381 4880 Βῆλος
3416 4825 3601 4881 προγεκ

2021 4898 2273 4969 νέστερος
2299 4900 2612 4970 εὑρίσκεται
2641 4900 2736 4953 τοῦ
2768 4900 2994 4953 Ἰλιακοῦ
3025 4900 3265 4970 πολέμου
3300 4901 3451 4954 ἔτεσι
3466 4902 3566 4953 τκίῗ.

2024 4989 2141 5041 ’Ότι
2167 4990 2222 5043 δὲ
2245 4992 2379 5059 πρός
2408 5008 2510 5044 που
2541 4991 2687 5046 ἔτεσι
2720 4995 2777 5059 25'
2811 4994 2843 5063 ἢ
2874 4995 2970 5047 καί
3006 4992 3197 5063 χιλίοις
3232 4994 3350 5064 (62)

2018 5089 2046 5138 ό
2075 5087 2312 5157 Μωῦσῆς
2344 5087 2442 5158 τῆς
2467 5088 2561 5139 τοῦ
2605 5087 2833 5142 Ἰλιακοῦ
2864 5088 3135 5153 ἁλώσεως,
3171 5090 3233 5142 ἐν
3264 5094 3387 5155 τοῖς
3418 5091 3561 5143 ἐπάγει

2017 5176 2416 5249 δεδηλώκαμεν.
2450 5180 2557 5233 Τοῦ
2582 5180 2637 5233 δὲ
2670 5181 2878 5251 Κρόνου
2911 5180 3003 5233 καὶ
3036 5182 3129 5233 τοῦ
3163 5181 3348 5251 Βήλου
3400 5198 3557 5234 συνακ-

2020 5271 2307 5338 μασάντων
2367 5273 2555 5343 ὁμόσε,
2611 5274 2659 5326 οἱ
2719 5273 2936 5337 πλείους
2995 5273 3094 5325 οὐκ
3133 5274 3455 5329 ἐπίστανται
3501 5274 3552 5329 τὶς

3616 4120 3617 4159 l

3614 4202 3615 4257 ψ

3610 4398 3611 4451 γ

3608 4492 3609 4549 ι

3606 4590 3607 4647 ι

3604 4674 3605 4745 l

3598 4868 3601 4941 γ

3598 4950 3599 5039 ι

3608 4492 3609 4549 ι

3606 4590 3607 4647 ι

3594 4674 3605 4745 'l

3602 4770 3603 4843 ι

3594 4868 3601 4941 i

3593 4950 3599 5233 l

2090 5425 2201 5494 (οι)
2260 5425 2513 5498 Θάλλου.
2567 5426 2709 5481 Citat
2750 5427 2896 5481 hunc
2916 5425 3202 5498 Theolihili
3263 5428 3444 5483 locum
3482 5425 3547 5479 Ll-
3590 5424 3591 5429 ‘

2015 5498 2255 5549 ctantius
2279 5499 2381 5549 sub
2414 5496 2572 5550 linem
2607 5498 2699 5551 lib.
2730 5514 2768 5552 ι.

2085 5565 2287 5636 (62)-ξ)1
2310 5567 2347 5631 ἢ
2376 5567 2473 5619 καὶ
2508 5568 2742 5635 χιλίοις.
2780 5567 2953 5636 Hujus
2994 5567 3099 5622 loci
3128 5569 3331 5621 vulnus
3375 5568 3543 5621 sanant

2014 5636 2181 5709 code;
2212 5634 2743 5709 Begiusdlab‘ebant
2767 5634 2897 5691 editi
2931 5646 2977 5709 η’
3007 5639 3098 5690 καὶ
3123 5640 3185 5691 λ’.
3209 5640 3396 5693 Codex
3426 5638 3539 5709 Bodl.

2013 5705 2183 5780 καὶλῖ
2217 5705 2392 5775 Supra
2421 5708 2557 5780 dixit
2575 5705 2794 5780 Moysen
2822 5705 3109 5780 nongentis
3132 5718 3225 5763 aut
3252 5710 3400 5763 mille
3422 5726 3493 5761 an:
3512 5708 3543 5755 λ,

2012 5777 2282 5832 seniorem
2306 5794 2426 5833 esse
2455 5778 2596 5833 bello
2618 5775 2874 5848 Trojano.
