3654 6496
16 384 138 440 1165

1190 383 1281 440 AD
1316 383 1743 443 AUTOLYCUM
1778 384 1904 442 LIB.
1942 384 2027 443 Ill.

3088 389 3226 444 “66

15 507 141 556 ἐστιν
172 502 202 553 6
249 498 484 570 Κρόνος,
517 501 554 576 ἢ
587 502 669 568 τίς
700 504 731 555 6
754 503 943 573 Βῆλος.
979 502 1150 557 ΙἘνιοι
1186 505 1284 576 μὲν
1313 507 1545 561 σέϐονται

1748 507 2071 577 lappellant,
2106 504 2142 560 ii
2174 506 2475 577 praesertim
2509 507 2603 578 qui
2643 507 2894 579 regiones
2939 508 3231 564 orientales

14 596 86 646 τὴν
118 592 338 662 Κρόνον,
374 598 477 649 καὶ
521 595 707 648 τοῦτον
736 597 898 649 αὑτὸν
930 596 1255 666 ὀνομάζουσι
1299 600 1429 670 Βὴλ,
1471 601 1567 654 καὶ

14 686 122 743 Bal,
180 683 426 753 μάλιστα
473 688 522 740 οί
576 686 845 752 οἰκοῦντες
886 687 954 741 τὰ
984 688 1274 743 ἀνατολικὰ
1304 691 1565 760 κλίματα,

14 779 75 847 μὴ
121 779 481 847 γινώσκοντες
518 781 655 851 μήτε
687 780 770 844 τίς
810 780 959 833 ἐστιν
988 781 1017 833 6
1050 782 1278 853 Κρόνος,
1316 784 1453 853 μήτε
1484 783 1567 847 τίς

14 872 183 924 ὲστινό
202 871 396 941 Βῆλος.
441 871 600 943 Παρὰ
630 871 687 925 δὲ
723 872 1012 942 Ῥωμαίοις
1045 873 1345 945 Σατοῦρνος
1372 874 1568 945 ὀνομά-

20 965 164 1027 ζεται·
204 964 324 1016 ούδὲ
351 963 466 1036 γὰρ
511 964 661 1019 αὐτοὶ
693 963 1046 1032 γινώσκουσιν
1074 965 1157 1030 τίς
1204 966 1353 1018 ἐστιν
1386 966 1565 1020 αὐτῶν

26 1056 278 1125 πρότερον,
301 1057 330 1107 6
365 1055 577 1126 Κρόνος
602 1054 635 1125 ἢ
660 1056 688 1107 6
715 1054 844 1125 Βήλ.
868 1056 1005 1127 ’Ὀση
1041 1056 1140 1127 μὲν
1172 1053 1262 1110 οῦν
1290 1059 1430 1129 ἀρχὴ
1455 1059 1564 1111 τῶν

28 1147 401 1217 Ὀλυμπιάδων,
433 1148 541 1201 ἀπὸ
581 1146 774 1216 Ἰφίτου
811 1147 918 1220 (65)
950 1149 1111 1217 φασὶν
1145 1150 1434 1220 ἐσχηκέναι
1466 1150 1565 1222 τὴν

14 1239 300 1310 Θρησκείαν,
350 1239 497 1293 κατά
549 1239 606 1293 δέ
661 1256 812 1304 τινας
844 1239 951 1293 ἀπὸ
982 1239 1143 1293 Λίνου
1173 1240 1361 1305 ὅςκαὶ
1402 1241 1563 1307 Ἴλιος

14 1330 277 1401 ἐπεκλήθη.
324 1332 386 1383 Ὀ
420 1332 521 1401 μὲν
546 1326 637 1385 οῦν
669 1331 898 1403 ἀριθμὸς
930 1330 1039 1383 τῶν
1066 1331 1222 1397 ἐτῶν,
1245 1334 1340 1387 καὶ
1369 1332 1563 1404 Ὀλυμ·-

14 1424 188 1475 πιάδων
220 1424 296 1487 ώς
332 1422 453 1493 ἔχει
476 1426 575 1495 τὴν
601 1423 751 1489 τάξιν
788 1425 845 1477 ἐν
886 1426 998 1489 τοῖς
1048 1424 1233 1477 ἐπάνω
1260 1424 1561 1496 δεδηλώκα-

14 1534 111 1587 μεν.
128 1515 229 1586 Τῆς
252 1516 357 1586 μὲν
372 1512 470 1570 οῦν
489 1516 777 1586 ἀθεότητος
802 1515 910 1569 τῶν
935 1517 1064 1589 παρ’
1084 1517 1113 1569 ὑ
1122 1517 1239 1588 μῶν
1261 1514 1563 1589 (610nm?-

16 1610 187 1677 μάτων,
244 1609 343 1661 καὶ
369 1608 485 1660 τῶν
517 1608 742 1679 χρόνων,
774 1609 865 1662 τὸν
900 1610 1077 1663 πάντα
1106 1609 1360 1681 ἀριθμὸν,
1421 1610 1565 1664 κατά

14 1700 58 1751 τὸ
102 1698 336 1763 δυνατὸν,
366 1694 526 1770 οἶμαι
551 1700 620 1753 τά
664 1698 758 1753 νῦν
791 1699 1033 1772 ἀκριϐῶς
1066 1700 1335 1772 εἰρῆσθαι.
1357 1701 1421 1754 Εἰ
1454 1701 1562 1772 γὰρ

15 1794 86 1844 καὶ
134 1791 318 1844 ἔλαθεν
389 1790 507 1864 (65)
564 1791 722 1863 ἡμῶν
797 1792 1019 1863 χρόνος,
1078 1790 1309 1863 εἰτύχοι
1364 1794 1557 1858 εἰπεῖν,

14 1884 167 1952 me
220 1884 357 1954 ἢν,
399 1857 440 1955 ι
477 1857 645 1937 iam?
676 1857 913 1955 (66)ῗού
942 1882 1040 1954 μέν
1077 1900 1160 1937 τοι
1189 1857 1472 1955 μῦριάδεςν
1524 1857 1637 1957 ἢθ

14 1977 210 2044 χιλιάδες
268 1974 436 2039 ἐτῶν,
492 1976 671 2041 καθὼς
726 1977 1088 2048 προειρήκασι
1170 1976 1396 2031 Πλάτων
1468 1980 1565 2032 καὶ

24 2067 346 2133 Ἀπολλώνιος
403 2069 504 2122 καὶ
538 2069 587 2121 οί
637 2068 835 2132 λοιποὶ,
876 2067 1087 2137 ψευδῶς
1132 2067 1562 2140 ἀναγράψαντες.

17 2162 158 2231 Ὅπερ
179 2162 341 2231 ἡμεῖς
364 2159 431 2212 τὸ
450 2159 673 2229 ἀκριῦὲς
696 2159 824 2223 ἴσως
854 2158 1152 2229 ἀγνοοῦμεν
1179 2159 1434 2214 ἀπάντων
1458 2159 1565 2213 τῶν

16 2253 121 2304 ἐτῶν
151 2251 238 2305 τὸν
274 2252 544 2324 ἀριθμὸν,
584 2251 669 2305 διὰ
701 2250 763 2303 τὸ
806 2250 879 2322 μὴ
912 2250 1318 2321 ἀναγεγράφθαι
1354 2251 1412 2303 ὲν
1444 2256 1565 2316 ταῖς

16 2348 152 2417 ἱεραῖς
184 2346 391 2415 βίϐλοις
427 2345 556 2409 τοὺς
582 2342 963 2415 ἐπιτρέχοντας
998 2343 1172 2413 μῆνας
1207 2342 1300 2397 καὶ
1328 2342 1561 2414 ἡμέρας.

17 2439 111 2489 Ὀτι
128 2438 177 2491 δὲ
196 2437 305 2508 (67)
322 2438 461 2509 περὶ
480 2430 556 2490 ὦν
584 2453 761 2507 φαμεν
781 2436 985 2507 χρόνων
1020 2435 1231 2506 συνᾴδει
1264 2436 1357 2489 καὶ
1381 2435 1567 2507 Βήρω-

20 2532 142 2593 σος,ό
162 2530 308 2603 παρά
343 2530 638 2595 Χαλδαίοις
663 2530 1048 2599 φιλοσοφήσας,
1075 2529 1169 2581 κάὶ
1190 2527 1431 2599 μηνύσας
1449 2528 1569 2582 Ἕλ-

17 2622 504 2693 λῃίτὰΧαλδαῖκὰ
528 2621 851 2693 γράμματα,
873 2620 931 2686 ὃς
959 2620 1265 2685 ἀκολούθως
1289 2622 1410 2675 τινὰ
1426 2621 1569 2692 εἴρη-

20 2732 64 2766 κε
84 2716 148 2785 τῷ
168 2717 420 2779 Μωῦσεῖ,
439 2714 570 2784 περί
600 2731 658 2767 τε
688 2712 1070 2783 κατακλυσμοῦ
1097 2711 1191 2767 καὶ
1216 2713 1416 2784 ἑτέρων
1440 2712 1569 2766 πολ-

18 2804 99 2855 λῶν
123 2804 436 2875 ἐξιστορῶν·
479 2803 563 2856 ἔτι
590 2804 697 2873 μὴν
742 2804 836 2857 καὶ
876 2805 989 2865 τοῖς
1040 2803 1370 2874 προφήταις,
1408 2802 1569 2874 Ἱερε-

22 2896 96 2965 μίᾳ
121 2896 205 2948 καὶ
226 2894 434 2965 Δανιὴλ
456 2894 723 2965 σύμφωνα
751 2895 813 2947 ὲκ
852 2894 1052 2965 μέρους
1083 2894 1290 2966 εἴρηκε.
1311 2894 1431 2947 Τῶν
1461 2894 1567 2968 γὰρ

21 2987 305 3055 συμϐάντων
358 2986 482 3058 (68)
511 2988 624 3049 τοῖς
695 2986 964 3051 Ἰουδαίοις
1006 2986 1111 3039 ὑπὸ
1154 2986 1249 3039 τοῦ
1303 2986 1569 3057 βασιλέως

22 3078 353 3143 Βαϐυλωνίων,
395 3078 457 3131 ὃν
487 3078 647 3142 αὐτὸς
694 3077 948 3147 ὀνομάζει
1016 3077 1435 3149 Ἀὁοὸἀσσαρον,
1470 3077 1569 3131 κέ-

1666 600 1941 662 incolunt,
1990 613 2092 655 nec
2142 607 2322 654 tamen
2373 599 2554 656 sciunt
2592 600 2717 671 quis
2751 601 2822 657 sit
2865 600 3081 657 Cronus
3139 610 3233 656 aut

1665 690 1845 749 Belus.
1871 692 2027 761 Apud
2076 689 2352 747 Romanos
2384 690 2655 747 Saturnus
2682 700 2936 759 vocatur;
2966 709 3091 746 nam
3132 708 3235 748 nec

1664 781 1770 851 ipsi
1821 790 1941 837 uter
1972 782 2042 836 sit
2070 783 2343 853 antiquior
2364 823 2378 847 ,
2412 783 2629 839 Cronus
2671 791 2765 838 aut
2812 783 2996 848 Belus,
3028 784 3231 840 sciunt.

1669 880 1826 947 Quod
1875 889 2055 938 autem
2080 892 2291 954 spectat
2324 884 2389 938 ad
2434 883 2804 956 olympiades,
2864 887 3236 957 quodcunque

1663 975 1745 1031 eis
1794 975 2009 1029 initium
2043 976 2369 1046 assignetur,
2419 977 2489 1032 ab
2516 977 2693 1048 lphito
2743 979 2950 1033 cultum
2995 987 3050 1034 et
3092 981 3237 1036 sole-

1664 1066 1943 1121 mnitatem
1972 1066 2230 1131 habuere,
2251 1077 2364 1132 aut,
2398 1076 2455 1122 ut
2485 1070 2575 1123 alii
2603 1070 2813 1133 volunt,
2840 1084 2868 1123 a
2890 1070 3029 1125 Lino
3058 1073 3151 1140 qui
3181 1080 3237 1127 et

1663 1155 1793 1212 Ilius
1826 1159 2241 1230 cognominatus
2268 1169 2372 1215 est.
2392 1159 2665 1216 Numerus
2690 1176 2959 1216 annorum
2983 1171 3037 1218 et
3060 1162 3236 1234 olym—

1664 1248 1885 1317 piadum
1916 1264 2076 1319 quem
2104 1249 2350 1303 ordinem
2382 1250 2597 1315 habeat,
2641 1266 2807 1320 supra
2835 1252 3236 1307 demonstravi-

1664 1354 1805 1394 mus.
1842 1338 2043 1394 Rerum
2068 1356 2197 1411 ergo
2226 1350 2539 1397 nostrarum
2583 1344 2925 1414 antiquitatis
2963 1352 3017 1399 et
3064 1361 3237 1400 anno—

1664 1445 1786 1482 rum
1815 1445 2105 1484 numerum
2133 1446 2348 1485 omnem
2382 1432 2635 1493 arbitror,
2670 1447 2832 1501 quam
2886 1432 3000 1487 ﬁeri
3035 1433 3233 1501 potuit,

1664 1521 2074 1577 accuratissime
2100 1521 2569 1591 comprehensum.
2593 1521 2769 1592 Atque
2795 1530 2854 1577 ut
2883 1539 2984 1579 nos
3016 1524 3235 1578 latuerit

1662 1620 1898 1683 tempus,
1923 1613 2073 1668 verbi
2102 1613 2295 1684 gratia,
2316 1629 2579 1668 annorum
2600 1614 2669 1669 50
2692 1622 2783 1669 aut
2814 1616 2938 1683 100,
2965 1623 3057 1669 aut
3070 1617 3235 1671 etiam

1660 1706 1790 1771 200,
1806 1722 1915 1761 non
1947 1713 2127 1761 tamen
2151 1720 2418 1760 annorum
2441 1705 2607 1758 millia
2634 1713 2727 1759 aut
2751 1705 2935 1760 decem
2960 1706 3149 1770 millia,
3177 1712 3238 1758 ut

1662 1798 1874 1852 Platoni
1897 1807 1951 1853 et
1978 1795 2265 1867 Apollonio
2298 1802 2352 1851 et
2381 1794 2594 1849 cancris
2627 1794 2984 1850 mendacibus
3007 1796 3238 1864 scripto-

1664 1882 1815 1947 ribus
1844 1891 2069 1963 p_lacuit.
2102 1891 2178 1945 Ac
2206 1907 2307 1948 nos
2333 1891 2553 1961 quidem
2600 1890 2835 1945 fortasse
2865 1891 3108 1945 omnium
3137 1905 3237 1944 an-

1664 1999 1859 2039 norum
1888 1999 2173 2039 numerum
2222 1992 2474 2039 accurate
2500 1999 2607 2039 non
2637 1984 2863 2047 scimus,
2893 1983 3019 2052 quia
3053 1982 3109 2037 in
3147 1997 3237 2037 sa-

1664 2074 1774 2129 cris
1802 2074 1996 2129 litteris
2022 2074 2282 2145 descripti
2310 2090 2417 2129 non
2441 2073 2593 2129 fuere
2614 2072 3009 2144 superﬂuentes
3023 2088 3237 2128 menses

1664 2173 1720 2220 et
1741 2152 1876 2220 dies.
1906 2164 2061 2229 Quod
2089 2171 2269 2218 autem
2321 2170 2532 2234 spectat
2564 2163 2632 2217 ad
2683 2178 2767 2228 ea,
2810 2176 2931 2233 quae
2978 2162 3234 2227 dicimus,

1666 2263 1940 2325 tempora,
1969 2256 2243 2311 consentit
2271 2264 2323 2310 et
2350 2254 2608 2319 Berosus,
2640 2255 2734 2325 qui
2780 2253 2921 2322 apud
2948 2253 3236 2309 Chaldaeos

1665 2348 2078 2419 philosophatus
2101 2356 2204 2411 est,
2233 2354 2286 2403 et
2315 2344 2518 2402 Graecis
2544 2344 2954 2417 Cognoscendas
3011 2345 3236 2399 tradidit

1665 2439 1873 2494 litteras
1923 2438 2264 2495 Chaldaicas.
2324 2437 2374 2493 Is
2438 2438 2611 2508 Moysi
2666 2446 3034 2493 consentanee
3091 2452 3234 2493 non-

1668 2531 2007 2604 nullam
2031 2531 2167 2585 dixit
2192 2529 2258 2585 de
2289 2529 2493 2584 diluvio
2518 2537 2571 2584 et
2601 2528 2849 2598 pluribus
2888 2530 3010 2586 aliis
3059 2524 3237 2585 histo-

1665 2626 1798 2691 riis,
1832 2632 1994 2694 atque
2022 2624 2183 2679 etiam
2220 2638 2342 2678 cum
2371 2621 2654 2692 prophetis
2685 2619 2918 2676 Jeremia
2947 2629 3000 2676 et
3036 2621 3236 2676 Danie-

1667 2716 1717 2772 le
1753 2732 1820 2772 ex
1842 2723 1996 2786 parte
2023 2716 2315 2770 consentit.
2348 2713 2483 2767 Nam
2507 2729 2695 2769 eorum
2730 2730 2851 2783 quae
2882 2712 3084 2767 Iudaeis
3109 2729 3236 2768 eve-

1667 2816 1868 2863 nerunt
1894 2806 1997 2863 sub
2025 2821 2150 2877 rege
2179 2806 2620 2877 Babyloniorum,
2649 2821 2808 2875 quem
2836 2805 2953 2875 ipse
2984 2804 3234 2861 Abobas-

1669 2914 1879 2963 sarum,
1914 2898 2124 2953 Hebraei
2152 2896 2653 2953 Nabuchodbnosor
2680 2897 2972 2966 appellant,
3002 2897 3238 2952 mentio-

1670 3006 1794 3046 nem
1828 2990 1993 3056 l'ecit;
2044 2988 2222 3043 adhuc
2250 2990 2414 3043 etiam
2441 2997 2494 3042 et
2519 2988 2705 3057 templi
2736 2987 3235 3058 llierosolymitani,

1670 3080 1943 3151 quomodo
1974 3095 2005 3133 a
2033 3094 2159 3149 rege
2184 3078 2560 3133 Chaldaeorum
2587 3079 2704 3145 solo
2723 3086 2995 3148 aequatum
3039 3077 3133 3141 sit,
3155 3085 3237 3131 at-

24 3173 177 3240 23.1111:
216 3174 274 3227 δὲ
308 3172 473 3245 παρὰ
511 3172 781 3245 Ἑϐραίοις
820 3172 1308 3243 Ναϐουχοδονόσορ,
1364 3172 1545 3244 μέμνη

1748 3187 1774 3227 e
1806 3178 1866 3227 ut
1891 3170 2259 3227 fundamentis
2283 3171 2471 3240 templi
2505 3185 2649 3224 anno
2678 3170 2919 3225 secundo
2942 3170 3086 3240 regis
3108 3170 3233 3241 Cyri

24 3282 105 3317 τιτι·
134 3266 204 3320 ἔτι
226 3268 283 3321 δὲ
311 3266 432 3337 (69)
464 3267 559 3319 καὶ
588 3266 713 3337 περὶ
737 3265 830 3317 τοῦ
866 3265 993 3318 ναοῦ
1031 3267 1088 3318 ὲν
1149 3263 1559 3337 Ἰεροσολύμοις,

24 3355 77 3417 ὡς
103 3358 423 3428 ἠρημῶσθαι
450 3356 560 3409 ὑπὸ
584 3355 675 3408 τοῦ
709 3356 990 3410 Χαλδαίων
1027 3355 1305 3425 βασιλέως·
1350 3356 1443 3409 καὶ
1479 3356 1561 3409 ὃτι

1662 3264 1826 3333 iactis
1856 3304 1871 3327 ,
1907 3280 2104 3320 rursus
2154 3280 2297 3319 anno
2332 3264 2573 3319 secundo
2608 3262 2753 3318 Darii
2788 3266 2931 3335 regis
2978 3264 3238 3335 templum

1666 3355 1975 3411 absolutum
2004 3355 2189 3412 fuerit.

32 3452 178 3523 Κύρου
199 3453 259 3506 τὸ
288 3452 552 3523 δεύτερον
608 3451 724 3515 ἔτος
759 3451 1169 3523 βασιλεύσαντος
1224 3451 1315 3505 τοῦ
1360 3451 1489 3506 ναοῦ
1526 3451 1635 3505 τῶν
1667 3451 1932 3523 θεμελίων
1956 3452 2241 3517 τεθέντων,
2282 3454 2507 3524 Δαρείου
2538 3453 2698 3509 πάλιν
2737 3454 3148 3524 βασιλεύσαντος
3179 3455 3241 3507 τὸ

34 3546 238 3617 ᾱύτερον
263 3548 409 3612 ἔτος,
436 3548 467 3599 ὁ
500 3546 625 3611 ναὸς
651 3546 994 3619 ἐπετελέσθη.

75 3641 146 3695 50.
199 3644 317 3696 Τῶν
370 3643 434 3696 δὲ
485 3642 587 3711 τῆς
636 3642 890 3710 ἀληθείας
930 3641 1179 3714 ἱστοριῶν
1217 3642 1472 3712 Ἕλληνες
1504 3642 1565 3695 ού

29 3734 311 3805 μέμνηνται·
376 3735 602 3806 πρῶτον
655 3735 752 3805 μὲν
784 3734 872 3787 διὰ
906 3734 967 3788 τὺ
1002 3736 1193 3789 νεωστὶ
1237 3734 1433 3799 αὐτοὺς
1458 3734 1566 3787 τῶν

28 3826 324 3895 γραμμάτων
355 3826 464 3896 τῆς
494 3824 785 3896 ἐμπειρίας
816 3826 1073 3896 μετόχους
1098 3826 1444 3895 γεγενῆσθαν
1474 3828 1569 3879 καὶ

27 3915 143 3969 αὐτοὶ
163 3918 511 3988 ὁμολογοῦσι,
543 3917 844 3985 φάσκοντες
864 3916 933 3970 τὰ
955 3918 1257 3989 γράμματα
1282 3916 1564 3988 εὑρῆσθαι,

28 4005 63 4054 ῠὶ
84 4007 165 4075 μὲν
188 4010 338 4082 παρά
379 4008 691 4073 Χαλδαίων,
720 4009 768 4061 οἱ
794 4008 850 4061 δὲ
878 4011 1010 4079 παρ’
1036 4008 1371 4076 Αἰγυπτίων,
1418 4007 1566 4062 ἄλλοι

29 4096 59 4146 δ’
78 4096 131 4153 αὖ
178 4102 282 4155 ἀπὸ
305 4102 577 4155 Φοινίκων
618 4100 747 4171 (70)·
785 4100 1052 4173 δεύτερον,
1086 4102 1167 4155 ὃτι
1206 4100 1447 4164 ἒπταιον,
1476 4102 1569 4154 καὶ

30 4192 257 4260 πταίουσι,
289 4196 427 4266 περὶ
454 4192 591 4246 Θεοῦ
622 4193 694 4263 μὴ
729 4192 1037 4263 ποιούμενοι
1064 4192 1162 4263 τὴν
1196 4193 1404 4264 μνείαν,
1433 4191 1569 4245 ἀλλά

30 4285 128 4351 περὶ
175 4286 418 4355 ματαίων
454 4286 551 4338 καὶ
575 4284 863 4352 ἀνωφελῶν
896 4283 1250 4354 πραγμάτων.
1285 4282 1441 4337 Οῦτω
1470 4284 1567 4355 μὲν

31 4373 110 4441 γὰρ
135 4378 219 4429 καὶ
244 4379 518 4448 Ὀμήρου,
536 4376 630 4429 καὶ
657 4375 918 4439 Ἡσιόδου,
948 4376 1040 4427 καὶ
1062 4374 1173 4426 τῶν
1192 4374 1390 4427 λοιπῶν
1412 4392 1568 4446 ποιη-

31 4465 110 4517 τῶν
152 4469 376 4536 φιλικῶς
432 4468 757 4539 μέμνηνται·
801 4465 900 4535 τῆς
945 4466 1001 4518 δὲ
1034 4464 1127 4518 τοῦ
1160 4464 1434 4535 ἀφθάρτου
1475 4466 1568 4518 καὶ

1743 3642 1835 3697 50.
1862 3641 2069 3710 Duplex
2098 3659 2263 3697 causa
2285 3659 2379 3696 cur
2418 3651 2625 3697 nostros
2655 3643 2933 3711 scriptorcs
2963 3660 3066 3697 non
3098 3660 3241 3696 com-

1673 3742 1957 3787 memorent
1982 3730 2174 3789 Gra’ci.
2207 3763 2277 3772 —
2307 3731 2673 3788 Historiarum
2701 3734 2767 3787 ad
2798 3734 3081 3789 veritatem
3118 3749 3241 3803 per-

1670 3825 1959 3880 tinentium
1989 3824 2161 3879 Graeci
2207 3840 2312 3879 non
2367 3824 2695 3891 meminere;
2736 3823 2970 3894 primum
3018 3825 3237 3894 quidem

1670 3919 1798 3989 quia
1829 3924 2076 3973 recentes
2106 3917 2210 3986 ipsi
2234 3917 2538 3970 litterarum
2569 3916 2896 3986 cognitionis
2943 3918 3239 3987 participes

1673 4010 1799 4064 facti
1828 4018 1985 4076 sunt;
2028 4008 2173 4079 quod
2202 4006 2420 4078 quidem
2455 4007 2555 4077 ipsi
2586 4008 2938 4070 conﬁtentur,
2971 4008 3101 4062 dum
3151 4010 3242 4063 lit-

1672 4109 1819 4156 teras
1847 4100 2037 4155 dicunt
2068 4099 2334 4163 inventas,
2361 4099 2452 4152 alii
2492 4099 2709 4168 quidem
2746 4115 2774 4151 a
2808 4098 3095 4163 Cbaldmis,
3147 4102 3241 4154 alii

1672 4210 1804 4249 vero
1833 4194 1902 4247 ab
1938 4192 2228 4262 Iquptiis,
2258 4207 2450 4246 rursus
2481 4192 2571 4245 alii
2596 4190 3239 4253 aPhtenicibus;deinde

1672 4299 1803 4340 vero
1831 4284 1957 4354 quia
1987 4284 2373 4337 aberraverunt
2395 4290 2448 4337 et
2478 4282 2755 4348 aberrant,
2795 4283 2924 4336 dum
2958 4282 3051 4337 Dei
3086 4300 3240 4339 men-

1673 4376 1875 4430 tionem
1902 4390 2010 4429 non
2046 4373 2273 4438 faciunt,
2322 4373 2416 4428 sed
2462 4372 2701 4427 inanium
2740 4383 2794 4427 ct
2823 4373 3097 4428 inutilium
3148 4390 3239 4429 rc—

1676 4484 1819 4524 rum.
1849 4465 1939 4521 Sic
1968 4466 2113 4521 enim
2167 4465 2461 4519 Homerum
2484 4470 2538 4518 et
2569 4462 2865 4519 Hesiodum
2897 4472 2950 4519 et
2996 4466 3238 4535 reliquos

34 4560 160 4626 μόνον
174 4562 301 4615 Θεοῦ
318 4562 487 4631 δόξης
510 4560 571 4613 σύ
601 4559 759 4630 μόνον
776 4558 1116 4620 ἐπελάθοντο,
1138 4556 1270 4610 ἀλλά
1296 4558 1388 4609 καὶ
1414 4574 1543 4609 κατε

1748 4568 1861 4613 etas
1886 4558 2116 4612 libenter
2137 4562 2594 4622 commemorant;
2624 4564 2679 4609 at
2709 4556 3009 4625 incorrupti
3041 4564 3096 4611 et
3123 4558 3241 4611 uni-

30 4651 245 4721 λάλησανο
265 4655 347 4707 ἔτι
384 4654 499 4725 μὴν
525 4652 761 4715 καὶτοὺς
789 4652 1113 4721 σεϐομένους
1138 4650 1296 4703 αὐτὸν
1322 4648 1566 4713 ἐδίωξαν,

33 4743 101 4793 καὶ
120 4744 173 4795 τὸ
196 4745 313 4797 καθ’
342 4745 567 4817 ἡμέραν
590 4742 893 4795 διώκουσιν·
930 4743 989 4794 οὐ
1042 4740 1147 4812 μὴν
1173 4739 1307 4793 ἀλλά
1339 4740 1432 4792 καὶ
1458 4743 1569 4802 τοῖς

33 4833 245 4900 εὐφώνως
273 4836 562 4907 ὑϐρίζουσι
599 4834 689 4886 τὸν
720 4833 871 4897 Θεὸν,
899 4828 1034 4885 ἆθλα
1065 4834 1158 4885 καὶ
1204 4830 1367 4901 τιμάς
1397 4830 1571 4884 τιθέα-

36 4939 87 4973 σι·
111 4929 221 4989 τοὺς
243 4928 299 4980 δὲ
328 4926 663 4989 σπεύδοντας
718 4925 853 4995 πρὸς
901 4924 1101 4994 ἀρετὴν
1150 4921 1242 4975 καὶ
1270 4921 1570 4984 ἀσκοῦντας

36 5012 121 5079 βίον
143 5017 294 5081 ὅσιον,
323 5018 423 5082 οὖς
461 5018 559 5087 μὲν
592 5016 986 5086 ἐλιθοϐόλησαν,
1008 5014 1099 5076 οὒς
1120 5014 1175 5066 δὲ
1202 5013 1564 5066 ἐθανάτωσαν

35 5108 102 5158 καὶ
120 5110 212 5171 ἕως
229 5110 321 5164 τοῦ
354 5111 521 5182 δεῦρο
554 5110 721 5180 ὠμοῖς
748 5109 1020 5176 αἰκισμοῖς
1048 5106 1448 5176 περιϐάλλουσι.
1477 5106 1569 5157 Διὸ

34 5199 67 5248 ιιι
112 5200 321 5255 τοιοῦτοι
372 5200 687 5269 ἀναγκαίως
735 5197 1016 5251 ἀπώλεσαν
1068 5196 1165 5266 τὴν
1232 5196 1420 5264 σοφίαν
1472 5194 1567 5248 τοῦ

88 5348 183 5421 ((55)
216 5353 457 5421 Ἰφίτου.
480 5351 558 5405 Ita
588 5351 891 5406 emendavit
916 5350 1113 5405 Fellus.
1163 5346 1304 5421 Eiditi
1328 5347 1564 5421 ῌίφίτου.

34 5412 141 5491 βθύ.
170 5412 295 5493 Reg.
335 5424 577 5493 ’Υφίτου.
622 5420 744 5476 Mox
764 5423 891 5476 editi
920 5421 1137 5491 ἔσχηκε.
1174 5419 1309 5472 Cod.
1344 5412 1477 5487 Reg.
1510 5426 1570 5470 ut

36 5500 75 5535 In
105 5498 256 5544 textu.

91 5558 186 5627 (64)
210 5562 551 5631 Παρ’ὐμῶν.
579 5560 712 5632 Reg.
745 5562 890 5630 ὑμῖν.
922 5559 1026 5615 Sed
1052 5558 1337 5629 legendum
1356 5556 1570 5627 ἀρχαιό-

36 5639 163 5700 τητρς
183 5632 283 5682 τῶν
310 5635 440 5700 παρ’
468 5634 617 5700 ἡμῖν.

88 5643 163 5688 τος
183 5634 283 5682 τῶν
310 5635 440 5702 παρ’
460 5634 617 5752 anim

88 5696 426 5777 (ἒὲᾙξέμιῖηκ
513 5702 832 5777 ίὶξξίιι-ἡμάςο
943 5770 975 5777 ..
1078 5770 1089 5777 .
1228 5769 1241 5777 .
1336 5765 1373 5777 -
1455 5767 1465 5777 .

93 5770 189 5834 (56)
210 5765 396 5823 Ἦκαὶ
424 5779 499 5823 ον’.
530 5769 662 5824 Illud
751 5770 1118 5840 suppeditavit
1143 5769 1313 5840 codex
1336 5765 1562 5840 Regius.

40 5828 133 5887 Mox
176 5828 313 5894 idem
348 5842 488 5894 καθὰ
541 5828 910 5911 προειρήκασι.
974 5840 1091 5893 Mox
1148 5828 1562 5907 videturlcvgcn-

1673 4651 1723 4705 ci
1758 4649 1850 4704 Dei
1882 4648 2109 4719 gloriam
2140 4663 2248 4701 non
2276 4646 2439 4701 modo
2468 4646 2727 4701 oblivioni
2757 4646 3121 4711 tradiderunt,
3142 4648 3239 4704 sed

1672 4744 1836 4798 etiam
1868 4741 2172 4797 maledictis
2218 4741 2635 4809 impugnarunt;
2670 4740 2849 4794 adhuc
2871 4741 3031 4795 etiam
3063 4748 3117 4796 et
3145 4740 3239 4797 Dei

1672 4836 1915 4889 cultores
1947 4832 2218 4903 persecuti
2249 4840 2379 4887 sunt
2424 4840 2478 4888 et
2515 4833 2758 4902 quotidie
2804 4843 3236 4903 persequuntur;

1670 4925 1970 4995 quinetiam
2014 4924 2083 4981 iis
2129 4926 2220 4994 qui
2264 4938 2466 4979 canora
2508 4939 2642 4978 voce
2678 4924 3047 4978 convitiantur
3104 4924 3235 4988 Deo,

1671 5016 1890 5086 prtemia
1916 5025 1968 5069 et
1993 5014 2230 5070 honores
2254 5022 2583 5084 posuerunt;
2608 5012 2700 5083 qui
2727 5021 2909 5067 autem
2947 5026 3240 5083 properant

1672 5106 1738 5158 ad
1761 5105 2011 5159 virtutem
2033 5111 2087 5159 et
2104 5113 2349 5159 sanctam
2380 5104 2546 5157 vitam
2572 5112 2847 5166 exercent,
2874 5102 3068 5157 borum
3101 5104 3239 5157 alios

1671 5195 1944 5267 lapidibus
1991 5195 2315 5259 obruerunt,
2376 5195 2513 5249 alios
2569 5192 2987 5257 interfecerunt,
3033 5208 3097 5249 ac
3141 5208 3238 5247 eos

1670 5352 1798 5405 clum
1831 5353 1908 5415 είς
1934 5351 1995 5422 τὸ
2026 5350 2271 5422 ἀκριϐές.
2316 5348 2639 5422 Prmpositio
2699 5348 2857 5422 facile
2916 5347 3093 5422 omitti
3138 5361 3239 5417 po-

1671 5422 1774 5475 tuit
1805 5422 1874 5474 ob
1904 5418 2137 5474 similem
2162 5436 2357 5474 sonum
2391 5420 2610 5489 syllabae
2640 5418 3019 5489 prmcedentis.

1762 5490 1987 5575 62”}?
2007 5490 2093 5575 δέ.
2129 5488 2885 5575 L‘ti'zgenduu:‘vi‘deturI‘EEE36s1

1760 5552 1850 5629 68)
1885 5560 2005 5613 Τῶν
2028 5552 2402 5629 συμϐάντων.
2424 5557 2649 5629 Ιιιιιὶρδζ.
2674 5555 2903 5629 Ιῂιὶῑί-τά
2929 5552 3230 5629 συμϐάντα.

1760 5562 1828 5614 68
1885 5560 2005 5613 Τῶν
2028 5559 2402 5629 συμϐάντων.
2424 5559 2500 5611 Ita
2517 5559 2649 5627 Reg.
2674 5559 2812 5609 Editi
2836 5559 2903 5607 τὰ
2929 5559 3123 5622 συμὸάτ

1759 5559 1850 5698 69)
1888 5633 2013 5684 Ἔτι
2046 5630 2130 5681 δέ.
2165 5629 2287 5682 Ηωο
2314 5628 2674 5698 suppeditavit
2700 5625 2900 5693 Regius
2928 5624 3123 5698 codex.

1741 5694 1852 5771 (70)
1916 5700 2057 5755 Ἀπὸ
2085 5694 2716 5766 Φοινίκωνζιςιεθιιίιιιιιι
2745 5698 2959 5749 videtur
2986 5694 3089 5746 ὑπὸ
3114 5696 3235 5748 Φοι-

1669 5788 1849 5825 νικων.

1736 5491 1756 5695 ἕ
