3654 6500
69 360 190 415 1173

1009 350 1269 408 IRRISIO
1296 348 1672 407 GENTILIUM
1708 333 2326 402 PHILOSOPIIORUM:

3139 336 3287 392 11⁸14

70 473 159 542 μὴν
197 469 533 540 Παρμενίδης
570 468 666 522 κα1⁹
695 466 993 539 ποιητικοῖς
1049 466 1160 537 (21)
1193 467 1379 520 ἔπεσιν
1409 466 1608 534 ἀνακη-

1783 457 2098 523 ινιηοηίᾱεδ;
2130 452 2362 526 quorum
2415 452 2503 506 hic
2547 450 2776 521 poeticis
2821 450 2987 506 etiam
3033 451 3286 506 versibus

69 563 234 632 ρύσσει
262 562 359 631 τὴν
388 560 578 613 οὐσίαν
610 560 670 613 ἓν
694 555 855 623 εἷναι,
890 559 983 612 καὶ
1025 558 1214 620 ἀΐδιον,
1247 557 1341 610 καὶ
1373 557 1618 627 ἄπειρον,

67 655 144 708 καὶ
172 653 437 723 ἀκίνητον,
470 654 566 706 καὶ
613 654 777 706 παντὶ
810 653 920 723 (22)
953 652 1153 722 ὅμοιον.
1207 650 1374 704 Πάλιν
1417 645 1508 702 οὖν
1541 650 1619 712 είς

67 745 200 798 τοῦτο
225 744 285 795 τὸ
318 743 493 814 δόγμα
532 746 632 798 οὑκ
657 740 754 797 οἵδ’
794 744 940 806 ὅπως
966 741 1387 812 μεταϐάλλομαι·
1409 743 1437 794 ό
1469 742 1618 812 Παρ-

69 836 258 907 μενίδης
283 835 398 905 (25)
429 837 521 890 τὸν
567 835 938 908 Ἀναξαγόραν
972 835 1073 905 τῆς
1121 835 1258 905 ἐμῆς
1291 833 1398 905 (24)
1432 833 1622 906 ἐξήλα-

66 943 157 978 σεν.
209 925 453 978 Ἐπειδὰν
493 925 552 978 δὲ
591 927 886 997 ἡγήσωμαι
933 924 1110 996 δόγμα
1151 924 1292 995 ἔχειν
1338 925 1616 995 ἀκίνητον,

74 1015 401 1086 Ἀναξιμένης
432 1015 718 1071 ὑπολαϐὼν
746 1017 1158 1088 ἀντικέκραγεν·
1207 1013 1361 1069 Ἀλλά
1394 1014 1504 1084 ἐγώ
1538 1015 1620 1069 σοι

64 1123 202 1176 φημι,
233 1106 295 1158 τὸ
322 1108 431 1160 πᾶν
465 1108 613 1160 ἐστιν
645 1107 776 1179 ἀὴρ,
812 1109 905 1162 καὶ
936 1101 1091 1171 οὗτος
1117 1107 1486 1179 πυκνούμενος
1526 1110 1619 1162 καὶ

64 1196 426 1267 συνιστάμενος
454 1196 598 1268 ῦδωρ
620 1198 714 1250 καὶ
751 1198 859 1269 ἀὴρ
898 1197 1006 1268 (25)
1058 1199 1286 1267 γίνεται,
1331 1199 1619 1271 ἀραιούμε-

63 1286 200 1348 νοςδὲ
227 1287 318 1340 καὶ
339 1286 710 1358 διαχεόμενος,
740 1289 904 1361 αἰθὴρ
958 1290 1052 1343 καὶ
1090 1289 1222 1362 πῦρ.
1273 1291 1368 1355 Είς
1417 1292 1474 1348 δὲ
1518 1294 1617 1364 τὴν

61 1377 200 1430 αὑτοῦ
227 1377 387 1448 φύσιν
425 1379 683 1447 ἐπανιὼν,
718 1381 830 1453 ἀὴρ
855 1382 1062 1454 ἀραιάς.
1098 1385 1158 1436 Εί
1183 1383 1239 1436 δὲ
1281 1385 1375 1438 καὶ
1401 1402 1617 1438 πυκνω-

63 1470 132 1539 θῇ,
163 1471 320 1540 φησὶν
348 1471 486 1543 (26),
515 1471 924 1538 ὲξαλλάσσεται.
957 1476 1067 1528 Καὶ
1109 1476 1268 1530 πάλιν
1315 1477 1464 1548 αὑτῷ
1497 1476 1620 1532 τοῦ-

59 1578 107 1614 το
133 1562 230 1632 (27)
265 1562 706 1636 μεθαρμόζομαι,
737 1566 831 1619 καὶ
855 1565 946 1619 τὸν
991 1566 1341 1639 Ἀναξιμένην
1362 1569 1518 1638 φιλῶ.

111 1653 154 1706 4.
205 1655 261 1708 '0
303 1655 362 1708 δὲ
425 1656 796 1728 Ἐμπεδοκλῆς
844 1659 1100 1730 ἄντικρυς
1141 1659 1368 1731 ἕστηκεν
1423 1659 1616 1732 ὲμϐρι-

61 1742 294 1813 ρώμενος,
352 1746 452 1798 καὶ
477 1747 585 1800 ἀπὸ
602 1747 702 1817 τῆς
717 1748 915 1820 Αἴτνης
941 1748 1082 1820 μέγα
1110 1749 1265 1820 βοῶν·
1298 1749 1485 1821 Ἀρχαὶ
1510 1748 1617 1800 τῶν

1724 551 2004 622 νιωάίριιι,
2045 549 2148 603 hoc
2183 544 2332 616 quod
2373 544 2467 606 sit.
2499 559 2667 598 unum
2707 550 2763 598 et
2793 550 3080 606 aeternum,
3124 550 3177 596 et
3205 543 3289 596 in—

1723 643 1960 706 finitum,
1989 648 2043 696 et
2062 639 2359 702 immobile,
2378 645 2432 692 et
2462 637 2689 691 omnino
2712 635 2890 690 simile
2915 649 3056 689 esse.
3076 633 3290 688 Rursus

1721 735 1906 806 igitur,
1936 731 2128 786 nescio
2156 745 2267 801 quo
2297 736 2478 800 pacto,
2511 728 2567 780 in
2610 727 2751 781 hanc
2794 725 3108 795 opinionem
3155 741 3290 795 con-

1719 824 1886 892 cedo,
1917 832 1972 878 et
2012 821 2366 877 Parmenides
2402 820 2784 890 Anaxagoram
2828 818 3013 871 animo
3039 831 3161 870 meo
3195 832 3290 871 ex-

1719 922 1891 992 pellit.
1934 919 2229 988 Postquam
2261 924 2442 970 autem
2478 930 2564 970 me
2594 913 2804 967 firmam
2834 911 3037 966 habere
3069 903 3293 964 senten-

1719 1013 1850 1067 tiam
1885 1010 2158 1071 existimo,
2193 1006 2566 1061 Anaximenes
2615 1003 2764 1057 vices
2811 1000 3118 1070 excipiens,
3159 1013 3292 1052 eon-

1719 1103 1948 1159 trarium
1977 1099 2308 1154 vociferatur
2333 1116 2348 1150 :
2373 1096 2484 1150 lmo
2511 1095 2633 1150 dico
2657 1093 2776 1157 tibi,
2800 1091 3118 1146 universum
3147 1089 3291 1162 quod

1718 1200 1822 1258 cst,
1865 1190 1918 1245 id
1948 1205 2041 1245 aer
2088 1197 2204 1252 est,
2255 1186 2351 1256 qui
2399 1185 2662 1240 densatus
2707 1189 2762 1235 et
2801 1186 3115 1242 concretus,
3149 1191 3291 1246 aqua

1719 1284 1816 1349 fit;
1854 1282 1939 1337 sin
1973 1285 2217 1334 rarescat
2257 1283 2313 1332 et
2349 1273 2706 1336 dili‘undatur,
2747 1271 2916 1326 aether
2938 1277 2991 1324 et
3019 1268 3192 1338 ignis,
3236 1265 3291 1319 in

1719 1388 1874 1428 suam
1906 1385 2036 1427 vero
2066 1377 2315 1424 naturam
2342 1381 2616 1428 reversus,
2643 1379 2736 1418 aer
2759 1361 3028 1432 liquidus;
3055 1358 3142 1414 sin
3165 1357 3294 1412 den-

1719 1474 1888 1528 setur,
1924 1461 2121 1531 inquit,
2148 1465 2413 1514 mutatur.
2445 1456 2660 1512 Rursus
2684 1455 2740 1508 in
2764 1453 2904 1506 hanc
2925 1464 3142 1521 quoque
3171 1464 3293 1503 sen-

1718 1557 1944 1612 tentiam
1976 1563 2219 1617 transeo,
2259 1558 2315 1606 et
2341 1551 2452 1620 jam
2492 1547 2883 1602 Anaximenem
2923 1542 3112 1612 diligo.

1784 1649 1840 1704 4.
1869 1646 2202 1722 Empedoclis
2221 1654 2270 1698 et
2290 1643 2524 1714 plurium
2549 1639 2777 1693 aliorum
2798 1636 3149 1704 discrepantes
3169 1649 3285 1688 sen-

1719 1741 1914 1796 tentiae.
1941 1769 2009 1778 —-
2030 1736 2194 1809 404
2226 1734 2331 1791 Sed
2363 1732 2720 1802 Empedocles
2748 1727 3061 1785 contrarius
3083 1725 3287 1787 obstat,

59 1836 245 1890 πάντων
262 1837 442 1910 ἔχθρα
469 1842 561 1894 καὶ
577 1840 752 1911 φιλία,
771 1844 805 1914 ἡ
831 1818 927 1913 μέν
944 1818 1267 1911 συνάγουσα,
1291 1845 1324 1914 ἡ
1412 1841 1608 1914 διακρί-

1783 1831 1901 1888 inas
1935 1831 2174 1900 jactans,
2216 1835 2272 1883 et
2311 1827 2380 1881 ab
2427 1823 2595 1880 [Etna
2646 1836 2903 1893 magnum
2942 1818 3232 1874 clamitans
3273 1831 3287 1866 :

58 1945 212 1982 νουσαο
245 1930 432 1983 καὶτὸ
465 1935 640 1995 νεῖκος
666 1933 850 1987 αὑτῶν
880 1936 1026 1988 ποιεῖ
1054 1933 1122 1988 τὰ
1169 1935 1365 1989 πάντα.
1407 1932 1614 2005 Ὁρίζο-

62 2026 137 2092 μαι
164 2023 215 2076 δὲ
241 2023 385 2077 αὑτὰ
413 2025 511 2078 καὶ
533 2025 716 2096 ὅμοια,
753 2027 848 2079 καὶ
873 2027 1122 2097 ἀνόμοια,
1154 2026 1250 2079 καὶ
1275 2026 1496 2097 ἄπειρα,
1523 2025 1616 2078 καὶ

61 2117 201 2187 πέρας
219 2116 436 2188 ἔχοντα,
469 2118 566 2171 καὶ
599 2119 768 2184 ἀΐδια,
795 2120 888 2172 καὶ
919 2119 1194 2191 γινόμενα.
1231 2113 1393 2188 Εὖγε,
1414 2114 1460 2172 ὧ
1490 2120 1616 2190 Ἐμ-

60 2209 325 2273 πεδόκλεις,
359 2210 571 2280 ἓπομαί
599 2228 680 2264 σοι
713 2210 809 2264 καὶ
857 2211 1017 2282 μέχρι
1052 2211 1161 2264 τῶν
1192 2211 1480 2284 κρατήρων
1521 2210 1615 2264 τοῦ

63 2299 218 2369 πυρᾶς.
263 2301 404 2354 Ἀλλ’
437 2303 536 2355 ἐπὶ
581 2301 784 2375 θάτερα
813 2302 923 2374 (28)
966 2303 1334 2377 Πρωταγόρας
1373 2300 1617 2372 ἑστηκὼς

61 2390 273 2445 ἀνθέλκει
293 2410 387 2462 με,
429 2391 678 2461 φάσκων
743 2394 907 2465 Ὅρος
956 2393 1051 2447 καὶ
1082 2393 1263 2466 κρίσις
1287 2391 1396 2446 τῶν
1438 2408 1616 2462 πραγ-

65 2483 217 2554 μάτων
257 2485 286 2537 ὁ
339 2484 650 2557 ἄνθρωπος’
694 2485 791 2538 καὶ
843 2482 912 2539 τὰ
954 2486 1053 2556 μὲν
1094 2486 1470 2539 ὑποπίπτοντα
1498 2485 1618 2549 ταῖς

64 2580 342 2651 αἰσθήσεσιν
386 2582 510 2635 ἐστι
543 2581 880 2652 πράγματα,
913 2579 983 2634 τὰ
1013 2580 1070 2634 δὲ
1124 2579 1201 2652 μὴ
1244 2579 1618 2633 ὑποπίπτοντα

65 2676 141 2728 οὐκ
169 2677 306 2730 ἔστιν
335 2679 397 2730 ὲν
421 2679 539 2739 τοῖς
564 2675 728 2729 εἴδεσι
769 2673 870 2746 τῆς
909 2673 1116 2736 οὐσίας.
1156 2671 1342 2743 Τούτῳ
1371 2669 1449 2741 τῷ
1477 2670 1620 2741 λόγῳ

67 2766 462 2839 κολακευόμενος
507 2765 611 2820 ὑπὸ
656 2765 1040 2837 Πρωταγόρου,
1087 2763 1378 2835 τέρπομαι,
1430 2763 1513 2816 ὅτι
1557 2762 1621 2815 τὸ

67 2860 150 2911 πᾶν
178 2860 206 2932 ἢ
236 2859 296 2913 τὸ
329 2859 588 2913 πλεῖστον
633 2857 713 2929 τῷ
759 2855 1032 2928 ἀνθρώπῳ
1078 2855 1247 2926 μένει.
1305 2853 1621 2923 Ἀλλαχόθεν

68 2949 111 3002 δέ
149 2969 226 3020 μοι
269 2951 454 3023 Θαλῆς
496 2951 596 3023 τὴν
643 2948 893 3022 ἀλήθειαν
939 2945 1082 3001 νεύει
1135 2945 1265 3016 (29),
1287 2944 1621 3020 ὁριζόμενος

71 3041 184 3114 ὓδωρ
212 3043 302 3096 τοῦ
335 3043 546 3107 παντὸς
579 3040 771 3114 ἀρχὴν,
806 3040 898 3092 καὶ
928 3040 994 3092 ὲκ
1022 3035 1116 3090 τοῦ
1144 3034 1312 3109 ὑγροῦ
1343 3034 1411 3088 τὰ
1442 3035 1621 3089 πάντα

73 3130 373 3225 animarat,
425 3133 524 3186 καί
567 3132 648 3194 είς
681 3128 844 3200 ὑγρὸν
875 3126 1186 3191 ἀναλύεται,
1233 3126 1328 3180 καὶ
1359 3127 1392 3212 ᾗ
1423 3125 1495 3196 γῆ
1528 3125 1621 3178 επὶ
1646 3164 1690 3225 c

73 3219 228 3285 ὕδατος
267 3223 501 3293 ὀχεῖται.
555 3219 653 3273 Διὰ
696 3219 751 3272 τί
799 3217 977 3271 τοίνυν
1025 3217 1099 3288 μὴ
1131 3217 1338 3270 πεισθῶ
1365 3215 1510 3288 Θαλῇ
1542 3215 1621 3287 τῷ

73 3313 400 3385 πρεσϐυτάτῳ
415 3302 528 3367 τῶν
572 3312 798 3378 ’1ὠνων;
843 3312 980 3366 Ἀλλ’
1013 3313 1042 3364 ὁ
1072 3309 1296 3381 πολίτης
1325 3309 1487 3374 αὐτὸς
1511 3307 1622 3380 (50)

82 3405 474 3480 Ἀναξίμανδρος
503 3405 596 3459 τοῦ
644 3405 810 3477 ὑγροῦ
862 3403 1238 3476 πρεσϐυτέραν
1273 3401 1445 3474 ἀρχὴν
1487 3398 1623 3456 εἷναι

74 3496 193 3566 λέγει
219 3501 314 3572 τὴν
362 3501 539 3554 ἀΐδιον
586 3498 819 3568 κίνησιν,
865 3497 1157 3566 καὶταύτῃ
1188 3495 1256 3550 τὰ
1291 3496 1388 3566 μὲν
1435 3495 1626 3564 γεννᾶ-

76 3592 191 3656 σθαι,
222 3593 290 3646 τὰ
319 3593 377 3647 δὲ
410 3589 754 3665 φθείρεσθαι.
788 3590 897 3643 Kal.
927 3588 991 3660 δὴ
1030 3587 1210 3641 τοίνυν
1241 3587 1430 3651 πιστὸς
1474 3587 1628 3640 Ἀνα-

78 3682 328 3759 ξίμανδρος
350 3685 517 3739 ἔστω.

131 3777 174 3829 5.
210 3779 316 3831 Καὶ
350 3779 462 3850 μὴν
497 3777 599 3830 οὑκ
635 3775 910 3845 εὐδοκιμεῖ
966 3769 1272 3842 Ἀρχέλαος,
1325 3768 1624 3838 ἀποφαινό-

81 3885 209 3936 μενος
236 3870 344 3924 τῶν
374 3869 516 3924 ὅλων
566 3866 737 3939 ἀρχὰς
781 3865 980 3939 θερμὸν
1022 3864 1116 3916 καὶ
1169 3862 1409 3933 ψυχρόν;
1467 3861 1628 3916 Ἀλλὰ

81 3961 153 4012 καὶ
184 3961 366 4015 τούτου
419 3960 533 4032 (51)
582 3958 742 4012 πάλιν
779 3959 808 4011 ὁ
855 3955 1236 4028 μεγαλόφωνος
1276 3941 1498 4007 Πλάτων
1529 3952 1629 4024 οὑχ

80 4048 314 4120 ὁμολογεῖ,
341 4043 520 4119 λέγων
553 4047 725 4120 ἀρχὰς
756 4042 893 4100 εἶναι
924 4043 1056 4097 Θεὸν
1086 4043 1180 4097 καὶ
1211 4043 1342 4113 ὓλην
1386 4041 1481 4095 καὶ
1519 4058 1628 4094 παο

85 4140 337 4213 ράδειγμα.
374 4140 493 4194 Νῦν
547 4139 644 4210 μὲν
676 4139 770 4192 καὶ
810 4136 875 4209 δὴ
908 4136 1227 4206 πέπεισμαι.
1262 4134 1387 4197 Πῶς
1426 4130 1534 4204 γὰρ
1564 4132 1626 4184 οὑ

86 4231 234 4299 μέλλω
278 4231 559 4286 πιστεύειν
609 4229 880 4299 φιλοσόφῳ
927 4226 1006 4297 τῷ
1051 4225 1145 4279 τοῦ
1191 4225 1311 4288 Διὸς
1345 4224 1496 4296 ἅρμα
1527 4240 1626 4275 πε-

85 4325 330 4394 ποιηκότις
363 4323 613 4376 Κατόπιν
657 4321 714 4375 δὲ
764 4318 928 4374 αὑτοῦ
971 4317 1216 4389 μαθητὴς
1260 4313 1628 4388 Ἀριστοτέλης

84 4413 272 4487 ἔστηκε,
294 4414 614 4486 ζηλοτυπῶν
643 4414 734 4467 τὸν
753 4412 1066 4468 διδάσκαλον
1087 4410 1186 4481 τῆς
1209 4407 1624 4481 ἁρματοποιίας.

1716 1921 1990 1994 Principia
2017 1921 2262 1976 omnium
2289 1925 2418 1974 sunt
2440 1914 2732 1972 inimicitia
2763 1921 2816 1968 et
2846 1909 3122 1976 amicitia;
3154 1922 3290 1977 qua-

1716 2030 1836 2072 rum
1860 2015 1974 2070 hac
1993 2017 2307 2082 congregat,
2338 2010 2428 2063 illa
2457 2008 2706 2077 dissipat,
2725 2013 2780 2060 et
2800 2018 2988 2060 earum
3012 1998 3291 2056 contentio

1717 2115 1915 2165 cuneta
1943 2105 2095 2160 facit.
2127 2103 2340 2157 Definio
2384 2113 2566 2154 autem
2596 2114 2682 2162 ea,
2722 2106 2777 2154 et
2816 2095 3017 2153 similia
3060 2108 3205 2156 esse,
3236 2098 3291 2145 et

1717 2199 2040 2266 dissimilia;
2083 2204 2138 2252 et
2182 2193 2418 2256 infinita,
2461 2198 2515 2246 et
2555 2197 2861 2245 extremum
2903 2184 3192 2249 habentia;
3235 2188 3292 2238 et

1716 2302 1940 2357 aeterna,
1961 2301 2016 2346 et
2033 2291 2198 2344 facta.
2214 2287 2384 2357 Euge,
2408 2281 2784 2352 Empedocles,
2815 2287 2868 2334 te
2883 2291 3104 2347 sequor,
3121 2275 3286 2330 etiam

1718 2401 1896 2455 usque
1936 2383 2005 2438 ad
2045 2389 2288 2436 crateres
2334 2378 2498 2450 ignis.
2547 2375 2631 2430 Ab
2679 2374 2850 2428 altera
2906 2378 3084 2424 autem
3135 2374 3289 2435 parte

1719 2487 1876 2534 stans
1913 2476 2242 2545 Protagoras
2285 2486 2373 2526 me
2410 2467 2691 2530 distrahit,
2730 2465 2962 2520 dicens:
2994 2459 3289 2514 Terminus

1718 2577 1772 2626 et
1795 2567 2065 2638 judicium
2104 2578 2312 2629 rerum,
2337 2563 2501 2616 homo
2528 2567 2613 2615 est
2635 2600 2650 2624 ,
2673 2565 2727 2612 et
2754 2570 2875 2626 quae
2896 2553 2950 2608 in
2980 2565 3175 2607 sensus
3197 2564 3292 2602 ca-

1718 2662 1878 2726 dunt,
1910 2676 2000 2716 res
2031 2665 2189 2725 sunt;
2221 2671 2342 2728 qua:
2368 2669 2498 2709 vero
2523 2653 2576 2706 in
2609 2667 2704 2706 eos
2741 2664 2850 2704 non
2874 2645 3099 2705 eadunt.
3133 2657 3201 2697 ne
3231 2642 3288 2696 in

1719 2766 1928 2810 natura:
1960 2751 2181 2822 quidem
2206 2748 2398 2804 formis
2426 2745 2730 2810 exsistunt;
2759 2740 2865 2795 hoc
2887 2751 3016 2792 vero
3039 2748 3291 2790 sermone

1719 2863 1751 2903 a
1786 2846 2084 2916 Protagora
2121 2841 2402 2904 delinitus,
2462 2837 2725 2900 delector,
2760 2830 2906 2902 quod
2948 2833 3042 2882 aut
3072 2824 3286 2886 omnia,

1715 2940 1808 2986 aut
1825 2939 1967 2984 certe
1985 2929 2463 2998 plurima,hommi
2494 2928 2897 2996 relinquantur.
2939 2926 3169 2980 Aliunde
3191 2942 3290 2981 au-

1687 3077 1689 3080 .
1717 3030 1823 3077 tem
1838 3019 2035 3074 Thales
2052 3019 2330 3074 veritatem
2353 3017 2487 3071 mihi
2519 3017 2785 3088 suggerit,
2805 3024 3053 3073 statuens
3080 3032 3096 3069 :
3118 3015 3290 3072 Terra

1720 3115 2100 3169 universorum
2133 3120 2215 3167 cst
2244 3111 2624 3180 primordium,
2655 3119 2709 3165 et
2742 3126 2807 3166 ex
2834 3109 3062 3165 humido
3095 3119 3293 3165 cuncta

1719 3214 1991 3270 constant,
2035 3214 2088 3259 et
2125 3204 2179 3257 in
2221 3203 2504 3257 humidum
2571 3203 2940 3269 resolvuntur,
2972 3209 3026 3256 et
3061 3209 3205 3256 terra
3236 3201 3295 3254 in

1721 3314 1864 3370 aqua
1909 3296 2102 3352 fertur.
2160 3295 2270 3350 Cur
2308 3295 2472 3364 igitur
2511 3293 2723 3348 Thaleti
2780 3307 2890 3347 non
2942 3291 3294 3353 crediderim,

1723 3391 1914 3448 [onum
1935 3389 2318 3458 antiquissimo
2331 3389 2353 3441 ?
2367 3385 2566 3442 Verum
2583 3386 2721 3442 civis
2750 3385 2868 3455 ejus
2891 3381 3296 3437 Anaximander

1723 3491 1982 3539 aeternam
2017 3481 2164 3536 illam
2199 3479 2494 3534 motionem
2530 3477 2756 3531 humido
2793 3475 3142 3530 vetustiorem
3176 3487 3298 3527 esse

1725 3576 1889 3640 dicit,
1923 3589 2097 3643 eaque
2147 3573 2251 3626 alia
2288 3571 2453 3637 oriri,
2499 3570 2603 3624 alia
2644 3569 2890 3624 interire.
2931 3567 3118 3638 Itaque
3163 3565 3300 3621 fides

1728 3663 2137 3723 Anaximandro
2164 3661 2408 3717 adhiberi
2430 3661 2610 3715 debet.

1796 3759 1848 3813 5.
1872 3757 2004 3813 Cum
2025 3755 2280 3810 Archelao
2299 3761 2497 3822 pugnat
2521 3749 2681 3804 Plato
2702 3756 2751 3803 et
2782 3761 2901 3802 cum
2927 3743 3153 3798 Platone
3173 3738 3298 3793 Ari-

1727 3851 1958 3905 stoteles.
1985 3879 2057 3890 ——
2075 3845 2268 3902 Nonne
2298 3859 2429 3900 vero
2476 3841 2783 3898 celebratur
2822 3831 3168 3890 Archelaus?
3199 3828 3296 3900 qui

1728 3938 2106 3999 universitatis
2134 3934 2460 4008 principium
2507 3946 2630 3988 esse
2669 3928 2908 3984 calidum
2948 3933 3003 3981 et
3037 3921 3295 3994 frigidum

1726 4035 1936 4092 statuit.
1970 4031 2073 4088 Sed
2095 4029 2222 4084 huic
2256 4026 2636 4096 magniloquus
2661 4021 2817 4076 Plato
2844 4034 2954 4075 non
2977 4015 3296 4078 assentitur,

1727 4127 1822 4199 qui
1850 4140 2030 4180 rerum
2059 4120 2306 4182 exordia,
2339 4117 2531 4180 Deum,
2554 4123 2609 4170 et
2623 4112 2905 4168 materiam
2928 4117 2983 4165 et
3019 4107 3302 4176 exemplar

1728 4196 1850 4275 esse
1881 4218 2038 4272 dixit.
2075 4213 2194 4268 Jam
2238 4225 2370 4266 vero
2396 4221 2721 4279 persuasum
2755 4203 2892 4257 mihi
2936 4207 3044 4256 est.
3096 4196 3296 4264 Quidni

1728 4313 1897 4368 vero?
1935 4325 2059 4366 cum
2091 4306 2421 4377 philosopho
2461 4303 2555 4374 qui
2593 4300 2743 4356 Jovis
2767 4313 2990 4354 currum
3019 4296 3182 4352 etiam
3219 4293 3301 4348 fe-
3370 4316 3376 4328 ν

1730 4404 1886 4468 cerit,
1917 4401 2226 4458 crediturus
2249 4398 2389 4454 sim?
2414 4396 2460 4451 Α
2486 4408 2638 4466 tergo
2657 4383 2837 4448 autem
2863 4397 2970 4446 stat
2993 4388 3112 4458 ejus
3135 4386 3302 4441 disci-

87 4477 227 4572 om;
253 4477 430 4580 ἀρίάς
461 4506 626 4569 ἄλλας
678 4505 937 4580 ὁρίζεται,
969 4504 1032 4558 τὸ
1062 4477 1374 4557 ποιεῖν-παὶ
1415 4499 1479 4553 τὸ
1527 4499 1608 4553 πά·

1783 4499 1896 4552 ilus
1929 4492 2274 4556 Aristoteles,
2293 4490 2405 4560 ’qui
2436 4487 2758 4557 magistrum
2805 4485 2878 4539 ob
2907 4496 3104 4536 currus
3128 4477 3298 4533 fabri-

89 4615 228 4684 σχειν.
261 4602 370 4653 Καὶ
398 4599 462 4652 τὸ
498 4597 597 4669 μὲν
628 4595 812 4649 ποιοῦν
841 4594 1049 4658 ἀπαθὲς
1097 4591 1258 4657 εἶναι,
1293 4591 1384 4645 τὸν
1415 4589 1629 4662 αἰθέρα.

88 4681 147 4742 Τό
171 4691 221 4744 δὲ
261 4691 470 4762 πάσχον
514 4688 637 4759 ἔχον
668 4687 956 4758 ποιότητας
1001 4684 1294 4755 τέσσαρας,
1340 4681 1630 4753 ξηρότητα,

93 4777 354 4851 ὑγρότητα,
401 4777 733 4850 θερμότητα,
778 4775 1108 4847 ψυχρότητα·
1159 4775 1228 4844 τῇ
1277 4771 1385 4843 γὰρ
1431 4769 1633 4824 τούτων

93 4871 156 4932 είς
181 4872 377 4944 ἄλληλα
413 4869 679 4942 μεταϐολῇ
731 4867 909 4922 πάντα
944 4865 1152 4936 γίνεται
1194 4865 1289 4918 καὶ
1333 4863 1630 4933 φθείρεται.

95 4960 441 5033 Κεκμήκαμεν
463 4962 565 5032 ἤδη
597 4959 1020 5032 μεταμελόμενοι
1050 4957 1183 5026 (52),
1217 4955 1328 5010 ἄνω
1364 4955 1458 5009 καὶ
1489 4953 1637 5006 κάτω

139 5069 238 5138 (21)
279 5069 632 5138 Ποιητικοῒς.
694 5067 1128 5139 Εχριιῐιεεῃλᾶυῃ
1178 5062 1632 5139 putat__eruditus

87 5135 235 5193 omn;
258 5135 454 5196 editor.
477 5139 659 5194 Minus
682 5135 845 5202 recte,
876 5135 937 5193 ut
957 5136 1027 5191 Μ.
1057 5135 1305 5207 (nemo
1337 5135 1488 5190 dicit.

143 5207 240 5291 l2?)
264 5208 609 5291 Παντιμίρὶ
637 5208 918 5291 legend-um
947 5205 1150 5291 πάντη,
1168 5216 1230 5262 ut
1257 5205 1397 5261 idem
1430 5211 1632 5266 monet,

90 5277 153 5329 vel
181 5278 403 5335 fortasse
430 5281 538 5334 πᾶν
569 5297 621 5332 τι
657 5277 830 5333 :illud
864 5293 1052 5332 verum
1075 5286 1176 5331 est.

147 5346 245 5415 (εὖ)
278 5349 669 5419 Παρμενίδης.
719 5347 1034 5419 ιρςίιυιυλίιι
1081 5343 1569 5419 codice_VaticanAo
1609 5343 1636 5393 ὁ

94 5412 415 5489 Παρμενίδης
428 5420 533 5489 καί
546 5412 659 5489 τόν,
691 5419 760 5471 At
781 5412 1064 5489 légendum
1095 5416 1188 5489 καί
1209 5418 1244 5489 Δό
1270 5412 1632 5489 Παρμενίδης.

153 5480 401 5558 (infigi
431 5487 596 5558 ἐμῆς.
631 5487 792 5558 Recte
821 5480 894 5540 El.
917 5503 985 5542 ex
1013 5501 1131 5558 cap.
1172 5486 1240 5558 15
1270 5480 1482 5555 supplet
1503 5480 1642 5550 γνώ-

98 5569 232 5642 M713,
238 5556 387 5642 ‘Ga'le.
404 5556 661 5642 διανοίας,
690 5557 1038 5642 Dommerich‘
1065 5556 1262 5637 ψυχῆς.

278 5629 392 5706 ,Καὶ
433 5619 912 5706 ἁύρε-μεβθῃιίυπι
957 5627 1050 5706 καὶ
1076 5619 1364 5706 γῆἾὶιοιιει
1400 5619 1646 5706 eruditus

105 5690 360 5767 \Vo‘rthius
392 5690 525 5767 post
543 5690 710 5756 Wolf:
742 5697 866 5753 llaec
906 5697 1068 5754 verba
1088 5690 1300 5751 'omisit
1341 5694 1643 5760 interpres,

110 5770 160 5814 ut
185 5764 332 5836 plane
365 5764 736 5836 repugnantia.

163 5833 261 5904 (26)
289 5831 606 5906 ψησίνῖιιει
649 5837 769 5896 Vat.
799 5847 850 5895 et
879 5835 1071 5894 Scilcri
1103 5849 1311 5901 margo.
1342 5831 1485 5888 Editi
1525 5845 1647 5888 cum

1732 4590 2001 4646 cationem
2027 4586 2174 4640 illam
2203 4583 2511 4638 aemulatur.
2537 4580 2631 4634 Ille
2655 4578 2758 4632 alia
2787 4574 3057 4646 principia
3087 4570 3299 4626 descri-

1731 4684 1833 4748 bit,
1875 4680 2055 4736 facere
2101 4678 2358 4733 nimirum
2393 4683 2448 4730 et
2494 4673 2627 4744 pati.
2669 4671 2746 4725 Ac
2791 4670 2846 4724 id
2897 4667 3117 4738 quidem
3155 4663 3302 4735 quod

1734 4771 1922 4836 faciat,
1954 4769 2104 4825 nulla
2139 4783 2200 4823 re
2237 4765 2397 4827 allici,
2439 4765 2694 4820 videlicet
2739 4762 3038 4825 aetherem;
3074 4757 3128 4812 id
3171 4772 3304 4812 vero
3331 4823 3350 4840 υ

1735 4866 1880 4936 quod
1912 4864 2174 4936 patiatur,
2209 4867 2446 4932 quatuor
2479 4859 2679 4913 habere
2708 4854 3002 4926 qualitates
3032 4871 3044 4907 :
3079 4851 3306 4906 aridita»

1735 4969 1870 5022 tem,
1919 4955 2317 5014 humiditatem,
2365 4948 2722 5010 ealiditatem,
2773 4944 3158 5016 frigiditatcm;
3207 4943 3308 4996 ho-

1740 5061 1861 5116 aliis
1890 5059 2046 5114 codd.
2085 5058 2182 5126 φῆ.
2209 5055 2280 5126 Μ.
2312 5068 2435 5126 eum
2468 5050 2630 5126 Wolf.
2665 5067 2846 5126 φυσιν.

1778 5129 1932 5217 τ(27)
1963 5117 2356 5252 Αὺῖίῷτοῦτο.
2394 5121 2595 5191 Supple
2635 5117 2806 5173 κατά⁶
2848 5117 3023 5190 τούτῳ
3056 5117 3185 5174 Gale
3211 5133 3227 5184 ;
3252 5134 3313 5170 π.

1779 5220 1807 5252 υ
1841 5215 2016 5252 τουτω
2111 5241 2124 5252 .

1740 5219 1807 5256 αυ
1841 5217 2016 5256 τούτῳ
2047 5217 2124 5253 Μ.

1841 5215 2016 5268 τούτῳ
2047 5215 2124 5253 M.

1835 5269 1926 5337 28)
1971 5269 2101 5323 Ἐπὶ
2138 5265 2371 5337 θᾴτερα.
2404 5261 2526 5337 Vat.
2554 5259 2908 5337 ἐπὶ-θατέρᾳ).
2943 5296 2982 5337 _-

1836 5327 1925 5408 29)
1956 5340 2150 5408 Νεύει,
2187 5327 2835 5408 ΜειῙΙοῑ-μηνύειλτὴοιῐις
2859 5327 3008 5384 Cale.
3045 5327 3181 5379 Ante
3218 5337 3316 5392 pro

1747 5404 2074 5482 μέψεςτεειε
2098 5407 2167 5482 ιι.
2202 5422 2326 5482 gum
2359 5404 2527 5482 voss;
2552 5404 2755 5482 νέμεει,

1746 5461 2171 5604 ζνῆρῆὺὲός.
2202 5476 2438 5546 Legend.
2469 5461 2656 5528 αὑτοῦ.
2687 5470 2920 5525 Wom.
2950 5464 3023 5519 na
3048 5473 3100 5517 et
3136 5461 3315 5526 Voss.,

1818 5566 1848 5604 0
1899 5590 1938 5604 ..
1970 5581 1986 5603 ι
2029 5593 2040 5604 .

1818 5566 1938 5604 011..
1970 5566 2040 5604 Μ.

1818 5590 1938 5688 (511
1971 5620 2209 5674 Τούτου.
2236 5616 2381 5670 idem
2406 5612 2690 5688 legendum
2725 5615 2908 5688 monet
2935 5603 3125 5688 coma.

1784 5710 1786 5713 '
1820 5671 1933 5760 (52)
1966 5671 2491 5760 Μάταιιελρμενοιξ
2510 5682 2707 5760 Melius
2733 5677 2904 5730 multo
2945 5671 3321 5760 μεταϐαλόμε-

1752 5743 1853 5823 νοί,
1881 5743 1946 5815 ult
1969 5743 2221 5814 observat
2247 5743 2407 5817 G'alc,
2445 5752 2516 5810 M.
2559 5766 2626 5808 ex
2670 5747 2825 5806 Voss.
2868 5743 3325 5817 ιάξιμτλλόμεγοι

1754 5832 1897 5890 dedit
1936 5827 2406 5901 μεταϐαλλόμενοι.
