3654 6484
393 365 534 424 “79

1140 359 1432 418 HERMM‘}
1465 358 1884 418 PHILOSOPHI
1922 359 2178 417 IRRISIO
2217 355 2602 413 GENTILIUM
2643 352 2914 411 PHILOS.

3520 349 3626 403 H80

394 488 597 533 t-‘rram
628 477 848 549 quidem
878 478 1193 535 universam
1224 494 1331 533 una
1376 479 1468 535 die
1499 479 1659 542 obco,
1687 485 1741 533 et
1781 492 1961 531 nume-

2149 494 2187 548 ιν
2218 478 2319 548 μὲν
2363 477 2465 547 γῆν
2506 476 2722 529 ἃπασαν
2758 471 2943 543 ἡμέρᾳ
2987 470 3085 541 μιᾷ
3129 468 3244 541 (44)
3294 467 3626 555 παρέρχομαι,

397 587 518 625 rum
549 572 669 641 ejus
694 571 912 643 colligo,
949 578 1003 627 et
1036 587 1377 636 mensuram,
1410 578 1464 627 et
1493 570 1715 641 ﬁguras.
1746 568 1979 626 Persua-

397 678 518 719 sum
546 664 691 719 enim
740 664 937 729 habeo,
964 678 1051 718 me
1083 679 1151 719 ne
1194 664 1515 718 dodrantem
1559 662 1778 732 quidem
1810 662 1979 717 totius

399 754 587 808 mundi
636 753 1156 825 praetermissurum,
1208 768 1333 807 cum
1371 754 1495 808 talis
1528 760 1583 807 et
1628 759 1814 807 tantus
1849 752 1975 807 sim.

401 843 669 899 Przcterea
715 846 879 898 etiam
917 843 1199 898 stellarum
1245 859 1531 899 numerum
1566 851 1620 898 et
1664 844 1895 913 piscium
1926 852 1981 900 et

398 936 702 993 bestiarum
735 936 886 1000 novi,
931 942 986 991 et
1017 934 1221 989 mundo
1278 935 1335 989 in
1383 936 1651 990 bilancem
1698 936 1978 1006 imposito,

398 1026 559 1084 facile
613 1027 828 1100 pondus
875 1026 996 1096 ejus
1044 1042 1267 1097 possum
1303 1042 1659 1096 cognoscere.
1702 1026 1980 1084 Hactenus

398 1118 616 1191 quidem
640 1118 855 1174 animus
876 1134 1050 1183 meus,
1071 1117 1157 1174 his
1184 1119 1350 1175 rebus
1372 1118 1643 1186 intentus,
1665 1120 1833 1177 totius
1859 1120 1981 1174 uni-

399 1210 679 1265 versitatis
714 1210 1005 1280 imperium
1047 1209 1284 1266 aﬁectat.

470 1304 559 1360 10.
590 1302 809 1373 Epicuri
841 1303 1156 1357 mundorum
1188 1321 1347 1374 quam
1392 1305 1627 1361 absurda
1654 1307 1976 1379 peragratio.

404 1427 475 1437 ——
505 1396 852 1465 Prospiciens
894 1406 1073 1451 autem
1106 1396 1397 1467 Epicurus,
1431 1398 1566 1453 mihi
1600 1401 1714 1455 ait:
1747 1399 1829 1455 Tu
1860 1401 1982 1471 qui-

397 1488 543 1551 dem,
578 1487 771 1551 amice,
798 1503 968 1541 unum
995 1487 1259 1544 duntaxat
1280 1490 1543 1544 mundum
1582 1491 1864 1548 dimensus
1897 1508 1979 1557 es,

399 1588 527 1628 cum
574 1573 685 1628 sint
713 1574 873 1627 multi
920 1577 1109 1630 mundi
1138 1583 1193 1631 et
1222 1576 1444 1633 inﬁniti.
1474 1577 1663 1649 Itaque
1690 1580 1869 1637 denuo
1898 1581 1982 1636 di-

398 1678 527 1720 cere
548 1680 713 1738 cogor
734 1667 937 1723 multos
961 1667 1151 1735 caalos,
1177 1668 1315 1724 alios
1343 1669 1600 1738 :etheres,
1625 1687 1829 1743 eosque
1850 1672 1984 1727 mul-

401 1765 510 1814 tos.
544 1759 658 1830 Age
695 1776 826 1815 vero
858 1776 969 1815 non
994 1760 1230 1831 amplius
1258 1777 1481 1818 morans
1512 1772 1828 1834 comparato
1849 1781 1983 1837 pau-

2081 568 2354 636 συλλέγων
2403 566 2573 636 αὐτῆς
2618 566 2710 619 τὸν
2728 562 2959 637 ἀριθμὸν
2987 561 3171 615 καὶτὸ
3215 560 3438 631 μέτρον,
3474 561 3554 611 καί
3578 563 3629 613 τὰ

2082 661 2352 731 σχήματα.
2377 659 2685 729 Πέπεισμαι
2716 657 2845 730 γὰρ,
2876 658 2958 710 ὅτι
2984 656 3077 709 τοῦ
3111 654 3323 725 κόσμου
3356 653 3520 705 πάντα
3543 654 3629 723 (45)

2079 752 2201 805 οὐδὲ
2226 748 2505 822 σπιθαμὴν
2537 751 2790 821 παρήσω,
2827 748 3062 812 τοιοῦτος
3086 748 3182 800 καὶ
3210 744 3521 816 τηλικοῦτος
3553 745 3627 797 ὢν.

2080 837 2215 895 Οἶδα
2241 841 2298 894 δὲ
2330 840 2438 910 ἐγὼ
2468 841 2561 894 καὶ
2593 841 2703 893 τῶν
2727 841 2971 912 ἀστέρων
3000 839 3093 892 τὸν
3130 836 3390 910 ἀριθμὸν,
3431 836 3516 889 καὶ
3544 838 3631 887 τῶν

2084 933 2303 1004 ἰχθύων,
2337 932 2431 987 καὶ
2458 933 2566 985 τῶν
2588 932 2814 1005 Θηρίων,
2844 931 2937 985 καὶ
2961 931 3112 1002 ζυγῷ
3139 931 3235 983 τὸν
3258 929 3457 999 κόσμον
3482 927 3629 989 ἱστὰς.

2081 1022 2319 1086 εὐκόλως
2355 1022 2445 1076 τὸν
2468 1022 2708 1092 σταθμὸν
2745 1019 2905 1074 αὐτοῦ
2940 1019 3175 1091 δύναμαι
3224 1018 3436 1090 μαθεῖν.
3492 1018 3632 1088 Ἀμςὶ

2085 1113 2182 1184 μὲν
2202 1113 2268 1184 δὴ
2290 1112 2463 1166 ταῦτα
2486 1112 2651 1184 μέχρι
2676 1110 2771 1166 νῦν
2804 1110 3135 1166 ἐσπούδακεν
3163 1112 3198 1181 ἡ
3224 1109 3373 1180 ψυχή
3400 1126 3514 1179 μου,
3542 1108 3631 1162 τῶν

2080 1204 2217 1258 ὅλων
2246 1204 2453 1274 ἄρχειν.

2155 1297 2240 1351 10.
2286 1294 2612 1370 Προσκύψας
2635 1294 2694 1349 δέ
2730 1294 2819 1366 μοί
2857 1309 3021 1365 φησιν
3064 1292 3409 1363 Ἐπίκουρος·
3449 1291 3513 1343 Σὺ
3549 1292 3630 1361 μὲν

2080 1388 2145 1459 δὴ
2178 1388 2289 1461 (46)
2311 1388 2510 1459 κόσμον
2535 1388 2630 1441 ἕνα
2666 1386 3039 1458 μεμέτρηκας,
3072 1378 3120 1439 ὦ
3148 1383 3375 1453 φιλότης
3394 1382 3514 1453 (m-
3543 1382 3629 1433 εἰσὶ

2080 1478 2136 1532 δὲ
2169 1480 2363 1550 κόσμοι
2392 1478 2575 1533 πολλοὶ
2607 1477 2703 1533 καὶ
2734 1478 2970 1547 ἄπειροι.
3016 1475 3188 1529 Πάλιν
3229 1469 3325 1527 οὖν
3360 1469 3629 1539 ἀναγκάζο-

2083 1588 2182 1641 μαι
2228 1571 2402 1623 είπεϊν
2442 1568 2703 1642 οὐρανοὺς
2748 1566 3002 1631 πολλοὺς,
3051 1564 3284 1635 αἰθέρας
3316 1562 3513 1625 ἀλλους,
3550 1563 3627 1613 καὶ

2080 1662 2301 1727 τούτους
2326 1659 2570 1725 πολλούς.
2596 1661 2730 1729 Ἀγε
2748 1658 2811 1732 δὴ
2848 1658 3041 1730 μηκέτι
3061 1655 3300 1727 μέλλων,
3326 1655 3628 1706 ὲπισιτιασά-

2085 1772 2244 1827 μενος
2298 1754 2407 1825 (48)
2457 1752 2651 1822 ὀλίγων
2703 1749 2923 1824 ἡμερῶν
2971 1750 3050 1813 είς
3088 1748 3217 1811 τοὺς
3260 1745 3627 1817 Ἐπικουρείους

402 1864 593 1904 eorum
642 1849 854 1905 dierum
906 1860 1233 1917 commeatu,
1289 1851 1508 1925 Epicuri
1544 1854 1778 1913 mundos
1825 1836 1958 1928 pera

2155 1864 2325 1919 σμους
2357 1845 2727 1918 ἀποδήμησον.
2759 1842 2841 1898 Ti
2875 1842 2972 1915 μὲν
2996 1836 3088 1896 οὖν
3114 1839 3333 1912 πέρατα
3362 1837 3527 1908 Τηθὺν
3550 1838 3625 1890 καὶ

404 1948 583 2011 grato.
615 1940 909 1999 Terminus
952 1945 1122 2015 igitur
1155 1944 1371 2018 Tethyn
1410 1956 1464 2002 et
1496 1947 1772 2004 Oceanum
1822 1949 1983 2006 facile

404 2035 708 2090 transvolo.
755 2034 814 2089 In
849 2051 1049 2091 novum
1104 2046 1287 2093 autem
1329 2037 1615 2103 mundum,
1645 2048 1700 2095 et
1732 2040 1892 2111 quasi
1924 2040 1981 2096 in

405 2126 567 2179 aliam
620 2126 896 2182 civitatem
944 2128 1261 2198 ingressus,
1298 2138 1499 2184 cuncta
1550 2132 1740 2201 paucis
1789 2131 1983 2188 diebus

405 2216 623 2271 metior.
660 2217 815 2271 illinc
850 2218 1046 2274 iterum
1098 2220 1431 2275 transcendo
1465 2220 1521 2275 in
1572 2222 1792 2277 tertium
1825 2238 1985 2278 mun-

407 2305 536 2361 dum
560 2324 575 2377 ;
611 2318 798 2379 postea
827 2311 883 2365 in
917 2320 1196 2382 quartum,
1222 2320 1276 2369 et
1307 2313 1581 2383 quintum,
1608 2321 1664 2370 et
1686 2313 1982 2381 decimum,

408 2404 464 2453 et
496 2401 880 2467 centesimum,
915 2410 970 2458 et
1009 2404 1382 2470 millesimum,
1415 2412 1469 2460 et
1497 2420 1607 2475 quo
1631 2405 1847 2462 tandem
1890 2423 1987 2464 us-

407 2490 558 2561 que?
584 2491 773 2546 Omnia
806 2494 949 2549 enim
972 2494 1085 2564 jam
1120 2496 1442 2566 ignorantia:
1480 2496 1717 2552 tenebrae
1750 2505 1898 2563 sunt,
1931 2505 1986 2555 et

407 2581 567 2652 nigra
596 2582 748 2639 fraus
792 2594 846 2639 et
880 2585 1125 2642 inﬁnitus
1158 2602 1337 2654 error,
1388 2594 1442 2642 et
1470 2586 1791 2659 imperfecta
1836 2588 1988 2661 cogi-

409 2672 569 2737 tatio,
605 2679 660 2727 et
692 2673 1150 2744 incomprehensa
1184 2674 1443 2739 inscitia;
1475 2675 1583 2733 nisi
1632 2676 1784 2747 ipsas
1820 2678 1986 2733 etiam

409 2770 624 2819 atomos
674 2780 963 2821 numerare
1000 2766 1186 2831 velim,
1220 2781 1252 2822 e
1289 2765 1498 2843 quibus
1538 2774 1619 2822 tot
1652 2767 1842 2824 mundi
1880 2769 1987 2843 orti

408 2861 561 2919 sunt,
600 2861 659 2908 ut
691 2855 830 2909 nihil
876 2856 1229 2913 inexcussum
1274 2836 1715 2928 praetermittam,
1754 2838 1988 2929 praeser?

410 2948 510 3003 tim
544 2962 633 3003 res
665 2954 777 3002 tam
809 2950 1150 3005 necessarias
1189 2956 1245 3006 et
1296 2950 1482 3015 utiles,
1522 2950 1666 3005 unde
1707 2958 1762 3007 et
1793 2949 1989 3008 domus

410 3026 467 3094 et
493 3037 734 3095 civitatis
769 3038 999 3096 felicitas
1027 3041 1243 3109 pendet.
1276 3042 1400 3099 Haec
1421 3041 1603 3111 itaque
1630 3044 1902 3110 enarravi,
1931 3051 1991 3099 ut

411 3131 876 3195 contrarietatem,
905 3148 1025 3203 quae
1056 3134 1109 3187 in
1131 3150 1319 3189 eorum
1348 3142 1434 3190 est
1466 3133 1845 3205 opinionibus,
1884 3152 1987 3207 pa-

2096 1940 2345 1993 Ὠκεανὸν
2377 1937 2612 2001 εὐκόλως
2632 1935 3029 2007 ὑπερίπταμαι.
3068 1929 3345 1985 Εἰσελθὼν
3371 1929 3426 1983 δὲ
3455 1930 3526 1991 είς
3555 1928 3624 1980 κό-

2084 2046 2218 2100 σμον
2253 2028 2457 2092 καινὸν,
2506 2027 2598 2080 καὶ
2637 2024 2825 2095 ὥσπερ
2864 2025 2942 2085 είς
2971 2020 3139 2091 ἀλλην
3168 2018 3347 2081 πόλιν,
3394 2014 3625 2088 μετρῶτά

2084 2118 2262 2172 πάντα
2309 2118 2517 2186 ὀλίγαις
2566 2114 2823 2186 ἡμέραις.
2856 2108 3126 2165 Κάκεῖθεν
3157 2105 3463 2178 ὑπερϐαίνω
3492 2102 3626 2156 πάλιν

2083 2212 2163 2274 είς
2192 2210 2395 2281 κόσμον
2424 2208 2555 2280 (49)·
2580 2202 2700 2260 εἶτα
2726 2206 2807 2270 είς
2834 2203 3114 2273 τέταρτον,
3145 2200 3242 2254 καὶ
3266 2198 3523 2268 πέμπτον,
3552 2194 3627 2247 καὶ

2083 2300 2327 2363 δέκατον,
2360 2299 2453 2352 καὶ
2489 2294 2799 2358 ἑκατοστὸν,
2830 2290 2924 2346 καὶ
2958 2289 3225 2360 χιλιοστὸν
3268 2287 3401 2359 (50),
3424 2286 3510 2339 καὶ
3554 2284 3627 2353 μέ·

2085 2410 2177 2465 χρι
2207 2391 2343 2457 ποῦ;
2382 2390 2520 2459 Ἤδη
2556 2387 2667 2459 γάρ
2709 2402 2800 2457 μοι
2829 2384 3017 2448 σκότος
3049 2381 3275 2452 ἀγνοίας
3308 2379 3528 2441 ἅπαντα,
3554 2375 3628 2426 καὶ

2087 2482 2273 2554 ἀπάτη
2297 2482 2546 2553 μέλαινα,
2573 2478 2669 2533 καὶ
2692 2478 2914 2550 ἄπειρος
2949 2474 3145 2546 πλάνη,
3188 2472 3286 2527 καὶ
3318 2469 3502 2540 ἀτελὴς
3521 2484 3627 2536 φαν-

2086 2574 2270 2639 τασία,
2303 2574 2396 2628 καὶ
2419 2571 2799 2643 ἁκατάληπτος
2817 2568 3028 2638 ἀγνοιαο
3051 2565 3192 2637 πλὴν
3215 2566 3264 2618 εί
3306 2561 3503 2634 μέλλων
3540 2558 3627 2627 (Si)

2088 2664 2230 2719 κατά
2264 2664 2365 2727 τὰς
2389 2662 2624 2732 ἀτόμους
2648 2658 2817 2721 αὑτὰς
2844 2656 3117 2730 ἀριθμεῖν,
3142 2654 3203 2722 ἐξ
3240 2646 3317 2707 ὧν
3352 2651 3400 2704 οἱ
3423 2647 3627 2703 τοσοῦτοι

2088 2754 2283 2823 κόσμοι
2305 2752 2608 2821 γεγόνασιν,
2638 2749 2725 2803 ἵνα
2748 2748 2909 2820 μηδὲν
2926 2745 3283 2812 ἀνεξέταστον
3321 2738 3626 2811 παραλείπω⁸

2092 2846 2326 2917 μάλιστα
2353 2843 2462 2898 τῶν
2491 2842 2633 2897 οὕτω
2653 2841 2763 2912 (52)
2801 2838 3115 2909 ἀναγκαίων
3146 2835 3244 2890 καὶ
3279 2832 3550 2904 ὠφελίμων
3585 2828 3628 2893 ἐξ

2086 2934 2163 2994 ὧν
2189 2933 2337 3002 οῐκος
2365 2936 2458 2991 καὶ⁸
2486 2935 2639 2999 πόλις
2662 2934 2967 3004 εὐδαιμονεῖ
2989 2930 3121 3001 (53).
3152 2927 3337 2982 Ταῦτα
3366 2926 3460 2997 μὲν
3479 2924 3622 2978 τοίνυν

2087 3028 2394 3100 διεξῆλθον,
2439 3026 2758 3099 βουλόμενος
2796 3022 2965 3091 δεῖξαι
3006 3023 3107 3092 τὴν
3153 3022 3214 3074 ὲν
3258 3022 3373 3083 τοῖς
3399 3018 3622 3087 δόγμασιν

2092 3118 2254 3177 οὖσαν
2280 3120 2457 3175 αὐτῶν
2485 3117 2855 3188 ἐναντιότητα,
2884 3115 2979 3170 καὶ
3003 3115 3080 3177 ὡς
3110 3113 3193 3176 εἰς
3228 3110 3452 3178 ἄπειρον
3478 3108 3621 3167 αὐτοῖς

426 3186 436 3188 -
784 3186 789 3187 ,
866 3186 938 3203 ,,
990 3186 1020 3188 η
1356 3186 1431 3190 η-
1475 3186 1845 3205 τνηηηνηη
1884 3186 1955 3207 ,-

411 3222 727 3286 tel'acerem,
761 3224 1234 3295 etinquisitionem
1255 3242 1436 3281 rerum
1464 3241 1628 3296 quam
1656 3228 1961 3299 suscipiunt

2149 3214 2183 3265 ιὶ
2205 3212 2454 3286 ἀόριστον
2481 3208 2724 3283 πρόεισιν
2748 3186 3024 3279 ζήτησις
3048 3201 3157 3299 τῶν
3179 3198 3527 3299 πραγμάτων,
3552 3192 3622 3243 καὶ

414 3312 469 3367 in
521 3314 792 3369 inﬁnitum
842 3316 1050 3387 vagari,
1097 3327 1149 3372 et
1195 3318 1347 3372 nullo
1394 3318 1635 3373 termino
1693 3322 1989 3392 contineri,

416 3419 714 3475 eorumque
747 3406 908 3462 ﬁnem
963 3424 1086 3465 esse
1136 3409 1576 3480 inexplicabilem
1622 3418 1788 3482 atque
1820 3413 1989 3468 inuti-

413 3494 552 3563 lem;
581 3498 783 3567 quippe
808 3501 900 3569 qui
929 3501 1079 3555 nulla
1119 3516 1180 3556 re
1214 3500 1474 3569 evidenti,
1506 3508 1560 3558 et
1587 3503 1834 3562 oratione
1866 3519 1993 3576 per-

415 3587 605 3658 spicua
627 3591 1003 3649 conﬁrmetur.

508 3755 597 3824 44)
626 3756 764 3824 Μιᾷ.
800 3757 995 3814 Deerat
1020 3760 1076 3815 in
1105 3760 1437 3818 editionibus
1462 3760 1889 3819 Parisiensibus.

510 3826 598 3896 45)
626 3827 847 3884 Πάντα.
874 3830 1064 3886 Melius
1086 3830 1318 3886 fortasse
1346 3832 1565 3896 παντός.

506 3895 597 3971 ig;
628 3898 713 3971 go
740 3899 855 3968 μὲν
885 3899 980 3966 δή.
1019 3899 1136 3971 Yat.
1171 3903 1235 3955 σὺ
1267 3901 1462 3971 δέίμοι.

443 4032 455 4044 ,
486 3962 600 4044 (47.)
628 3962 702 4044 :9
734 3962 1003 4044 ἐοιλότῃς.
1039 3969 1131 4044 _Si_c
1153 3962 1624 4044 emendatumope
1651 3968 1859 4044 codicis
1883 3966 1989 4044 Ya-

416 4034 604 4109 ticani.
640 4034 869 4109 Qucaeus
895 4034 1184 4109 ὧλριλότα.
1218 4041 1352 4095 Aliae
1395 4034 1665 4096 editiones
1696 4034 1742 4092 ὧ
1776 4040 1987 4109 φιλότη.

479 4103 595 4180 (48)
640 4103 1211 4180 Ἐπισῄιτεασᾱμενος.
1239 4111 1420 4180 Codex
1458 4103 1991 4180 Anglicanus'émoi-

405 4172 716 4252 τισάμενρς.
868 4172 1102 4252 Dorvil_le
1127 4172 1199 4252 ad
1228 4178 1443 4252 Charis.
1476 4172 1598 4252 pag.
1626 4180 1748 4234 121.

481 4243 723 4367 (49ζ1Εὶς
754 4246 1005 4315 κόσμον.
1036 4246 1265 4329 Supplet
1287 4243 1761 4322 apirov'in'terprcs
1787 4267 1801 4305 :
1836 4249 1915 4313 είς
1938 4250 1988 4317 γ’

481 4330 527 4367 σ.
622 4330 763 4367 oss..
794 4314 984 4367 Wolﬁ.
1017 4316 1206 4367 Seller-

409 4329 527 4369 κοσ.
573 4314 763 4383 Voss.,
794 4314 984 4383 Wolﬁ,
1017 4314 1206 4376 Seilér.

2086 3304 2149 3357 τὸ
2169 3304 2320 3367 τέλος
2346 3302 2525 3357 αὐτῶν
2550 3301 2911 3372 ἀτέκμαρτον,
2946 3295 3039 3348 καὶ
3062 3293 3361 3365 ἄχρηστον,
3389 3287 3521 3359 ἔργῳ
3542 3297 3621 3354 μη·

2087 3396 2198 3450 δενὶ¹
2225 3395 2475 3467 προδήλῳ
2499 3394 2593 3448 καὶ
2618 3392 2761 3464 λόγῳ
2785 3390 2942 3459 σαφεῖ
2969 3382 3380 3459 βεϐαιούμενον.

2155 3751 2270 3834 (ξο)
2296 3750 2406 3834 καί
2447 3746 2777 3820 χιλιοστόν.
2817 3742 2944 3799 Haec
2972 3740 3202 3797 deerant
3234 3738 3289 3793 in
3328 3734 3611 3794 editionibus

2595 3886 2781 3964 _Cod_ex
2810 3882 2985 3964 -Angl.
3017 3889 3071 3937 et
3112 3877 3277 3964 Yoss.

2122 3942 2345 4017 end—un:
2358 3942 2488 4017 esse
2526 3942 2621 4013 zeal
2659 3956 2760 4020 τάς
2799 3942 3036 4025 ἀτόμους
3084 3942 3372 4005 admonuit
3413 3942 3611 3999 eruditus

2159 4034 2507 4173 ῗέὲῗόῦτω.
2540 4098 2658 4155 Duo
2689 4096 2865 4153 nostri
2913 4093 3131 4151 codices
3170 4104 3310 4146 mss.
3356 4085 3527 4145 οὕτως.
3556 4077 3611 4129 ita

2090 4183 2146 4230 et
2180 4174 2340 4228 Voss.

2164 4244 2277 4315 (A53)
2304 4242 2512 4315 lta_em_.
2551 4239 2711 4315 Wolf.
2754 4252 2852 4315 pro
2882 4227 3455 4315 γμιεειεοεὺξαιμονᾷο
3493 4227 3610 4276 antea

2094 4304 2187 4369 καί
2214 4304 2340 4369 ante
2367 4312 2533 4380 ὠφελ.
2566 4313 2718 4367 abest
2742 4304 2811 4365 ab
2841 4308 2971 4364 edit.
2996 4304 3371 4369 'Wiltenbcrg.

2086 3822 2508 3879 Parisiensibus.
