3654 6498
397 381 534 436 H85

1147 367 1512 427 APPENDIX.
1547 400 1611 409 -—
1647 364 1825 420 PARS
1859 364 1900 418 1.
1941 360 1994 416 S.
2035 359 2298 416 JUSTINI
2337 355 2565 434 QPERA
2593 350 2857 409 SPURIA.

3465 348 3615 400 MSS

410 533 3589 579 Μ

928 713 1514 806 EPISTOLA
1583 711 1731 800 AD
1783 690 2190 798 ZENAM
2263 707 2410 794 ET
2476 698 3088 792 SERENUM.

463 1013 712 1069 Justinus
738 1012 896 1068 Zenae
917 991 971 1068 et
1000 1010 1204 1068 Sereno
1227 1012 1489 1068 fratribus
1517 1014 1766 1070 salutem.

464 1187 514 1240 l.
542 1185 792 1253 Epistola:
823 1194 1008 1237 auctor
1029 1183 1162 1237 duas
1187 1182 1326 1236 alias
1347 1199 1379 1234 α
1404 1198 1457 1236 se
1485 1182 1706 1248 scriptas
1731 1197 1956 1235 comme-

391 1271 729 1326 morat.—De
753 1272 1115 1335 institutione,
1149 1287 1255 1340 qua
1287 1271 1528 1324 nonnulli
1559 1279 1754 1340 praeter
1786 1273 1955 1324 ratio-

389 1381 510 1418 nein
539 1364 898 1432 przeoccupati
924 1370 1072 1424 sunt,
1097 1378 1159 1416 ac
1179 1362 1244 1416 de
1265 1362 1440 1415 inutili
1459 1363 1767 1432 disciplina,
1793 1379 1952 1432 quant

388 1455 686 1510 secundum
715 1455 995 1508 hominum
1025 1453 1369 1507 traditionem
1393 1461 1720 1522 acceperunt
1757 1453 1850 1523 qui
1879 1454 1955 1508 si-

390 1547 537 1600 milia
567 1545 856 1600 Phariszeis
893 1546 1134 1600 sentiunt
1161 1553 1214 1597 et
1248 1543 1477 1607 faciunt,
1517 1559 1677 1613 quam
1725 1559 1956 1598 accura-

388 1639 598 1693 tissime
630 1639 687 1692 iu
732 1637 960 1708 epistola
989 1637 1054 1690 ad
1089 1636 1290 1704 Papam
1337 1635 1624 1690 cdisserui.
1657 1634 1735 1690 Ne
1775 1643 1954 1690 autem

388 1731 574 1785 videar
597 1740 742 1786 totus
773 1746 896 1784 esse
927 1730 981 1786 in
1010 1728 1370 1798 obiurgando,
1411 1737 1574 1798 atque
1606 1736 1663 1782 ut
1687 1730 1956 1784 salutares

391 1839 555 1877 ansas
589 1824 856 1891 przebeam
883 1822 991 1885 his,
1024 1821 1115 1890 qui
1141 1821 1403 1889 praeclare
1425 1836 1483 1874 se
1516 1820 1718 1875 habere
1745 1821 1953 1884 volunt,

388 1914 492 1968 etsi
525 1914 578 1967 id
612 1914 667 1966 in
699 1913 929 1982 epistola
959 1911 1026 1965 ad
1075 1928 1168 1967 eos
1221 1912 1312 1982 qui
1354 1919 1597 1981 praesunt
1643 1911 1954 1976 admodum,

389 2013 448 2059 ut
494 2007 744 2076 equidem
783 2004 1066 2066 existimo,
1126 2004 1414 2075 diligenter
1461 2011 1754 2059 exsecutus
1813 2020 1954 2070 sum,

390 2113 498 2150 non
519 2106 698 2150 tamen
738 2104 994 2164 gravatus
1025 2111 1146 2151 sum
1177 2097 1243 2150 ad
1281 2110 1378 2150 vos
1407 2097 1570 2150 etiam
1598 2095 1858 2159 scribere,
1902 2103 1958 2148 ut

387 2187 734 2258 cognoscatis
784 2187 992 2257 puerile
1050 2187 1438 2240 nonnullorum
1501 2186 1714 2240 vivendi
1763 2203 1954 2256 genus.

387 2277 521 2332 Nam
567 2293 754 2334 eorum
799 2277 894 2348 qui
943 2285 1312 2332 eonsentance
1350 2276 1550 2331 rationi
1600 2293 1708 2330 non
1749 2279 1953 2340 vivunt,

1986 905 2057 918 —

1982 1034 2030 1086 A
2079 1027 2093 1037 ’
2143 1008 2435 1073 ’Ῑουστῖνοξ
2454 1009 2529 1079 (1)
2557 1008 2698 1077 Ζήνᾳ
2723 1005 2817 1058 καὶ
2843 1003 3059 1074 Σερήνῳ
3085 1002 3197 1063 τοῖς
3223 997 3466 1067 ἀδελφάς,
3491 1002 3620 1066 χαί.

2090 1124 2114 1160 ε
2123 1125 2186 1158 ιν.
3112 1145 3116 1150 .

2057 1125 2114 1178 pe
2208 1193 2340 1262 Περὶ
2367 1192 2462 1261 μὲν
2478 1189 2578 1258 τῆς
2595 1187 2735 1240 κατὰ
2753 1182 3048 1256 πρόλημμά
3079 1145 3151 1252 (Ξ)
3178 1199 3329 1233 τινων
3345 1180 3618 1247 ἀλογίστου

2056 1287 2320 1348 παιδείας,
2355 1279 2639 1353 μαθήσεώς
2655 1296 2712 1331 τε
2728 1275 3054 1345 ἀνωφελοῦς,
3069 1273 3212 1327 κατὰ
3228 1273 3497 1344 παρὰὀοσιν
3524 1274 3620 1324 ἁν-

2056 1376 2287 1449 θρώπων
2315 1369 2812 1443 κληρονομηθείσης
2838 1368 2941 1420 ὑπὸ
2965 1366 3070 1418 τῶν
3106 1365 3177 1416 τὰ
3214 1366 3367 1432 ὃμοια
3391 1365 3486 1424 τοῖς
3515 1364 3618 1414 Φα-

2057 1467 2283 1540 ρισαίοις
2327 1465 2586 1518 νοούντων
2637 1479 2694 1514 τε
2740 1462 2833 1514 καὶ
2874 1458 3242 1530 πραττόντων,
3291 1457 3343 1507 ἐν
3379 1458 3437 1524 τῇ
3479 1455 3617 1525 πρὶς

2054 1560 2247 1611 Πάπαν
2277 1556 2350 1626 (5)
2380 1554 2632 1625 ἐπιστολῇ
2665 1552 2797 1623 μετὰ
2836 1552 3014 1620 πάσης
3042 1547 3323 1619 ἀκριϐείας
3347 1545 3610 1614 ἐξεθὲμην.

2057 1651 2172 1703 Ἵνα
2197 1651 2254 1703 δὲ
2284 1649 2357 1720 μὴ
2379 1649 2518 1701 πάνυ
2542 1643 2846 1716 μεμπτικὸς
2862 1637 2996 1692 εἶναι
3019 1639 3253 1707 δόξαιμι,
3274 1636 3544 1708 παρέχοιμι
3563 1637 3614 1687 δὲ

2057 1743 2148 1796 καὶ
2171 1741 2341 1803 λαϐὰς
2491 1736 2788 1806 σωτηρίους
2819 1736 2930 1795 τοῖς
2978 1731 3317 1800 βουλομένοις
3360 1724 3413 1780 εὖ
3452 1729 3616 1796 πρατ-

2054 1851 2185 1896 τειν,
2217 1835 2272 1884 ὲν
2296 1834 2360 1901 τῇ
2387 1829 2657 1900 γραφείσῃ
2683 1827 2817 1896 πρὸς
2846 1821 3112 1894 ἄρχοντας
3147 1838 3260 1890 μοι,
3291 1820 3402 1872 λίαν
3432 1822 3614 1887 ἐπιμε-

2055 1926 2179 1989 λῶς,
2208 1926 2283 1987 ὼς
2308 1921 2419 1990 ἐγὼ
2437 1919 2662 1991 νομίζω,
2694 1916 2979 1982 συντάξας
3013 1916 3114 1967 οὐκ
3139 1913 3358 1981 ὤκνησα
3383 1913 3463 1963 καὶ
3491 1913 3612 1979 ὑμῖν

2056 2015 2376 2078 ἐπιστεῖλαι,
2410 2013 2570 2083 χάριν
2599 2009 2692 2063 τοῦ
2722 2007 3007 2078 γινώσκειν
3035 2006 3182 2075 ὑμᾶς
3221 2004 3318 2065 τὰς
3346 2002 3612 2070 παιδαριώ-

2054 2107 2161 2170 δεις
2184 2105 2345 2159 τινῶν
2384 2102 2679 2164 πολι-τείας.
2722 2100 2794 2152 Τὸ
2835 2098 2943 2167 γὰρ
2985 2095 3187 2148 εἰδέναι
3227 2093 3333 2145 τῶν
3379 2093 3443 2162 μὴ
3483 2092 3618 2143 κατα

2055 2199 2210 2267 λόγον
2253 2195 2683 2264 πολιτευομένων
2734 2191 2834 2255 τὰς
2881 2187 3264 2260 ἀναστροφὰς,
3323 2186 3614 2254 σωφρονίζει

2056 2291 2179 2351 τοὺς
2211 2287 2283 2358 μὴ
2313 2287 2604 2357 ἐμπίπτειν
2645 2285 2722 2346 εἰς
2761 2282 2829 2335 τὰ
2866 2284 3029 2352 ὃμοια
3063 2277 3407 2340 σπεύδοντας.
3455 2277 3615 2344 Ὑμεῖς

387 2370 582 2440 agendi
615 2369 881 2422 rationem
910 2383 1260 2438 cognoscere,
1295 2383 1392 2436 pro
1423 2367 1712 2437 disciplina
1737 2375 1819 2422 est
1848 2369 1952 2432 his,

2115 2398 2155 2434 εν
2183 2375 2273 2432 οὖν
2301 2376 2480 2439 καλῶς
2511 2376 2646 2444 ἔχει,
2676 2375 2742 2427 τὰ
2771 2376 2836 2426 ἐκ
2878 2370 3237 2442 παρασκευῆς
3265 2366 3612 2438 ἀνδραγαθεῖν.

385 2460 480 2530 qui
509 2459 638 2513 dant
677 2473 919 2528 operam,
959 2468 1018 2512 ut
1058 2459 1111 2511 in
1149 2458 1337 2512 eadem
1368 2456 1496 2511 vitia
1541 2472 1649 2509 non
1684 2457 1950 2512 labantur.

387 2557 465 2604 Ac
508 2567 604 2606 vos
657 2549 875 2620 quidem
919 2550 1175 2604 laudandi
1222 2549 1374 2612 estis,
1426 2547 1569 2619 quod
1616 2557 1865 2618 prompto
1904 2560 1956 2604 et

387 2649 690 2710 praeparato
727 2642 910 2697 animo
950 2643 1203 2697 virtutem
1239 2641 1453 2696 colatis.
1501 2639 1604 2695 Sed
1637 2641 1763 2710 quia
1795 2639 1957 2709 hujus

389 2732 577 2786 mundi
635 2733 1128 2796 vicissitudinibus,
1180 2732 1308 2786 dum
1369 2731 1438 2785 ad
1487 2747 1610 2786 eum
1665 2730 1954 2793 trahimur,

387 2839 542 2878 mens
573 2832 759 2878 nostra
795 2825 1068 2887 turbatur,
1112 2840 1274 2894 quam
1315 2823 1387 2878 ob
1418 2837 1640 2877 causam
1683 2821 1954 2887 Salvator,

388 2930 510 2970 cum
539 2923 592 2970 et
626 2932 684 2971 se
711 2924 764 2971 et
787 2932 888 2971 nos
914 2916 981 2970 de
1019 2914 1219 2970 mundo
1242 2930 1349 2968 non
1379 2931 1500 2970 esse
1529 2915 1682 2976 dicit,
1717 2914 1785 2968 ab
1811 2915 1957 2970 illius

387 3007 716 3060 commercio
759 3007 1027 3071 deterret;
1071 3016 1262 3061 auctor
1311 3006 1466 3060 vobis
1515 3022 1636 3060 sum
1689 3013 1750 3058 ut
1794 3006 1957 3059 amici

389 3095 636 3151 veritatis
659 3097 800 3160 sitis,
845 3112 908 3150 ac
937 3096 1324 3166 perfectionem
1356 3097 1572 3151 virtutis
1599 3096 1836 3150 cmlestis
1865 3112 1950 3150 ex-

386 3188 674 3256 cipientes,
707 3189 974 3258 quidquid
1011 3200 1434 3243 consentaneum
1462 3196 1544 3244 est
1566 3189 1828 3242 voluntati
1858 3187 1959 3242 Pa-

388 3279 491 3333 tris
523 3281 870 3344 saaculorum,
924 3279 1056 3334 illud
1103 3279 1340 3342 faciatis,
1373 3288 1426 3335 et
1457 3295 1487 3332 a
1528 3281 1878 3335 contentione
1905 3289 1960 3336 et

387 3371 732 3426 anulatione
759 3371 1034 3426 mundana
1063 3371 1218 3440 longe
1249 3370 1492 3440 fugiatis.

458 3461 621 3533 409
649 3461 703 3516 2.
737 3463 809 3516 De
837 3461 1126 3516 iracundiae
1183 3465 1333 3531 lngo,
1359 3463 1505 3528 pacis
1543 3461 1716 3514 studio
1753 3471 1801 3516 et
1828 3461 1957 3514 lecti-

389 3561 496 3607 tate
547 3555 600 3606 in
645 3553 997 3623 objurganda.
1028 3585 1097 3594 —-
1123 3552 1240 3607 Sibi
1299 3555 1444 3608 enim
1488 3554 1603 3622 ipse
1639 3554 1960 3608 adversatur

387 3647 636 3716 quisquis
666 3647 940 3709 irascitur,
966 3662 1029 3700 ac
1062 3646 1230 3699 animi
1268 3647 1636 3701 contentionis
1671 3648 1861 3701 vitium
1901 3646 1957 3698 in

2073 2471 2207 2524 Ἀλλ’
2233 2471 2354 2522 ἐπεὶ
2387 2469 2460 2539 (ὃ)
2501 2467 2595 2520 τοῦ
2628 2465 2718 2518 νῦν
2747 2463 2940 2526 αἰῶνος
2965 2465 3088 2525 ταῖς
3126 2462 3438 2532 περιφοραῖς
3461 2458 3532 2528 (δ)
3559 2459 3616 2508 τά

2058 2563 2154 2632 τῆς
2181 2562 2401 2631 γνώμης
2431 2559 2586 2630 ἡμῶν
2618 2556 3038 2627 συνταράττεται
3074 2553 3509 2622 κατασπωμένων
3545 2555 3614 2611 εἰς

2057 2653 2148 2705 τὸν
2179 2653 2398 2723 κόσμον
2428 2652 2549 2704 ὅθεν
2574 2653 2601 2702 ὁ
2631 2647 2818 2718 Σωτὴρ
2843 2647 2942 2699 οὐκ
2969 2643 3109 2697 εἶναι
3133 2644 3310 2711 λέγων
3335 2643 3507 2696 ἑαυτὴν
3533 2643 3616 2694 καὶ

2060 2746 2205 2814 ἡμᾶς
2231 2743 2416 2796 τούτου
2441 2742 2538 2811 (7),
2563 2741 2662 2809 τῆς
2691 2739 2826 2810 πρὸς
2853 2736 3037 2790 τοῦτον
3066 2735 3352 2796 κοινωνίας
3378 2733 3615 2801 ἀπέστρε-

2060 2837 2149 2905 ψε,
2183 2835 2562 2906 συμϐουλεύων
2592 2835 2720 2902 ἡμῖν
2752 2831 2934 2900 φίλους
2961 2829 3058 2898 τῆς
3098 2826 3354 2896 ἀληθείας
3377 2825 3615 2894 γίνεσθαι.

2060 2929 2152 2980 καὶ
2175 2927 2234 2978 τὸ
2261 2925 2606 2993 ἀποτέλεσμα
2637 2921 2732 2990 τῆς
2765 2925 2822 2974 ὲν
2858 2920 3112 2989 οὐρανοῖς
3151 2917 3429 2987 δυνάμεως
3469 2931 3615 2992 κατα·

2059 3017 2401 3088 δεχομένους,
2434 3016 2542 3067 πᾶν
2569 3014 2628 3066 τὸ
2657 3011 2798 3066 κατὰ
2822 3012 2880 3063 τὸ
2909 3009 3124 3079 θέλημα
3149 3008 3246 3060 τοῦ
3291 3006 3488 3077 Πατρὸς
3525 3005 3613 3055 τῶν

2061 3107 2268 3162 αἰώνων
2297 3103 2636 3175 ἀπαρτίζειν,
2669 3103 2845 3171 μάχης
2877 3116 2935 3151 τε
2964 3099 3060 3151 καὶ
3089 3098 3419 3169 ζηλοτυπίας
3445 3113 3608 3164 κοσμι-

2062 3201 2162 3270 κῆς
2193 3197 2407 3269 μακρὰν
2433 3195 2702 3249 ἵστασθαι.

2131 3464 2184 3516 2.
2221 3463 2537 3535 Διαφέρεται
2572 3460 2678 3532 γὰρ
2725 3461 2899 3530 ἑαυτῷ
2933 3461 3038 3523 πᾶς
3071 3461 3100 3512 ὀ
3133 3459 3502 3531 ὀργιζόμενος,
3536 3455 3610 3507 καὶ

2060 3559 2121 3611 τὸ
2151 3558 2248 3628 τῆς
2276 3556 2617 3627 θυμομαχίας
2633 3548 2770 3615 εἶδος
2786 3554 2865 3615 εἰς
2894 3553 3083 3605 ἑαυτὸν
3115 3553 3393 3620 καταντᾷ-ι
3424 3549 3604 3601 εἴωθεν.

2066 3651 2204 3720 Ἤδη
2237 3649 2366 3717 γοῦν
2391 3665 2541 3709 τινας
2575 3647 2731 3716 ἴσμεν
2753 3647 2835 3712 ἐφ’
2865 3640 2946 3707 οἷς
2979 3644 3043 3696 ἂν
3081 3643 3349 3714 κινηθῶσι
3368 3643 3467 3694 τῶν
3494 3640 3608 3706 tiq-

389 3738 624 3806 seipsum
673 3739 811 3792 verti
865 3739 1022 3792 solet.
1047 3737 1348 3792 Nonnullos
1378 3737 1636 3807 «profectu
1682 3738 1956 3799 novimus,

2119 3759 2176 3794 ον
2225 3741 2320 3810 (8),
2373 3739 2438 3792 δι’
2477 3737 2568 3800 οὒς
2606 3737 2674 3790 τὰ
2716 3736 2815 3805 τῆς
2855 3735 3029 3806 λύπης
3078 3735 3266 3797 αὐτοῖς
3307 3730 3604 3799 ἀποϐέϐηκε,

386 3829 478 3897 qui
503 3844 664 3898 quam
695 3831 766 3885 ob
788 3846 1010 3884 causam
1041 3831 1347 3886 irascantur
1380 3829 1659 3900 proximis,
1695 3845 1724 3882 a
1754 3829 1951 3898 quibus

388 3920 649 3974 molestia:
686 3921 793 3976 illis
821 3922 1028 3992 aliquid
1058 3922 1278 3984 accidit,
1311 3922 1538 3976 omnino
1567 3922 1836 3981 nesciant,
1867 3936 1955 3974 se—

387 4026 493 4080 que
518 4013 664 4080 ipsos
695 4015 954 4083 peredant
986 4023 1039 4071 et
1074 4017 1338 4071 crueient.
1363 4003 1465 4081 Qui
1510 4030 1640 4085 ergo
1671 4015 1828 4067 nobis
1857 4013 1955 4065 ad-

387 4105 594 4158 versari
637 4105 892 4170 instituit,
945 4108 999 4160 in
1033 4108 1178 4162 hunc
1232 4108 1366 4161 nihil
1419 4123 1612 4176 aspere
1644 4105 1954 4168 dicendum,

387 4195 485 4250 sed
522 4197 710 4251 sedata
746 4208 926 4254 mente
956 4207 1010 4253 et
1051 4201 1448 4270 imperturbato
1477 4201 1660 4252 animo
1696 4199 1798 4250 hoc
1833 4205 1953 4249 tan-

388 4295 502 4340 tum
535 4306 548 4341 :
579 4287 864 4359 Nunquam
926 4291 1000 4344 ita
1037 4292 1246 4346 viribus
1285 4293 1511 4354 valebis,
1554 4299 1613 4343 ut
1655 4305 1740 4344 me
1788 4287 1954 4341 animi

389 4377 671 4446 proposito
715 4379 962 4448 dejicias.
1015 4380 1282 4434 Debemus
1319 4381 1478 4433 etiam
1516 4380 1667 4449 pacis
1702 4393 1825 4432 cum
1862 4377 1948 4429 ad-

390 4469 646 4526 versariis
700 4487 824 4526 esse
872 4472 1126 4536 studiosi,
1174 4488 1274 4526 nec
1314 4472 1610 4525 iracundia:
1657 4469 1956 4539 pertinacia

391 4560 597 4631 abrepti
618 4562 818 4627 dicere,
851 4579 997 4617 nunc
1017 4563 1232 4633 quidem
1263 4582 1276 4617 :
1304 4561 1424 4616 Tali
1467 4578 1588 4618 sum
1622 4561 1824 4624 indole,
1857 4573 1958 4613 nec

463 4713 538 4786 (ι)
586 4717 929 4786 Ἰοιμνστῖνος.
965 4716 1055 4770 Sic
1093 4717 1322 4771 habetur
1363 4715 1451 4769 hie
1485 4716 1673 4770 titulus
1705 4715 1760 4768 in
1791 4712 1959 4786 Regio

392 4785 588 4852 primo.
621 4785 761 4838 Editi
791 4787 882 4838 τοῦ
913 4787 1076 4839 αὑτοῦ
1117 4788 1422 4840 Ίουστίνου.

462 4853 540 4921 (2)
571 4857 912 4923 "palmum.
945 4856 1182 4910 Clarom.
1211 4857 1246 4909 2
1274 4855 1477 4928 πρόόλη
1565 4896 1579 4908 .

462 4923 538 4978 (ὅ)
571 4924 799 4976 Πάπαν.
833 4926 1155 4978 Enisconum
1183 4928 1284 4978 hac
1314 4942 1443 4978 voce
1467 4873 1579 4978 ο.ίέζί

461 4923 799 4996 (ὅληάπαν.
833 4926 1155 4996 Episcopum
1183 4928 1284 4980 hac
1314 4923 1443 4980 voce
1467 4923 1741 4996 designari
1769 4924 1959 4996 existi-

391 5000 505 5066 mat
551 4993 786 5063 Langus,
838 4993 924 5048 cui
980 4993 1172 5066 parum
1225 4999 1409 5050 aberat
1458 4993 1608 5063 quin
1638 4995 1959 5066 Sylhurgius

2073 3834 2233 3904 μηδὲν
2265 3832 2470 3894 εἰδότας
2497 3870 2510 3892 ,
2548 3829 2772 3888 ἑαυτοὺς
2803 3827 2859 3879 δὲ
2881 3826 3161 3889 ἐσθίοντας
3197 3825 3292 3878 καὶ
3325 3823 3604 3878 όδυνώντας.

2073 3924 2288 3995 Ῥητέον
2352 3919 2444 3976 οὖν
2509 3920 2644 3990 πρὸς
2699 3919 2789 3970 τὸν
2867 3917 3242 3970 ἐναντιοῦσθαι
3305 3912 3605 3985 πειρώμενῡν

2061 4016 2291 4088 χαλεπὸν
2323 4014 2506 4085 μηδὲν,
2535 4012 2910 4084 καθεσταμένῃ
2939 4011 2994 4062 δὲ
3027 4013 3093 4079 τῇ
3131 4007 3351 4078 γνώμῃ,
3387 4005 3474 4057 καὶ
3502 4004 3604 4054 ἀτα-

2063 4105 2212 4176 ράχῳ
2240 4106 2303 4174 τῇ
2331 4102 2586 4168 διαθέσει,
2639 4101 2891 4153 τοσοῦτον
2913 4117 2926 4128 ·
2981 4100 3094 4168 Οὐχ
3141 4098 3320 4160 οὕτως
3361 4095 3501 4147 ἔσται
3533 4108 3602 4142 σου

2059 4198 2122 4250 τὸ
2148 4198 2247 4267 τῆς
2279 4195 2457 4266 ἰσχύος
2488 4196 2728 4259 δυνατὸν,
2769 4196 2855 4247 ἵνα
2892 4210 2993 4263 μου
3043 4192 3279 4262 κινήσῃς
3323 4191 3419 4260 τὴν
3449 4184 3604 4257 πρωί-

2062 4306 2229 4360 ρεσιν.
2261 4287 2596 4358 Προνοητὲον
2640 4286 2696 4338 δὲ
2742 4285 2835 4338 καὶ
2874 4285 2975 4353 τῆς
3022 4283 3162 4353 πρὸς
3218 4284 3346 4344 τοὺς
3393 4281 3599 4345 διαςερίιε

2066 4379 2254 4449 μένους
2277 4379 2517 4450 εἰρήνης,
2553 4378 2645 4430 καὶ
2677 4375 2750 4446 μὴ
2785 4375 2861 4445 τῷ
2891 4374 3123 4442 δόγματι
3157 4373 3256 4442 τῆς
3287 4371 3453 4442 ὀργῆς
3479 4382 3600 4420 συκίδια

2061 4469 2463 4541 ποφερομένους
2492 4463 2697 4535 λέγειν,
2738 4467 2866 4519 ποτὲ
2921 4465 3043 4535 μέν’
3075 4463 3300 4525 Φύσεως
3321 4465 3434 4532 εἰμι
3461 4451 3601 4511 τοἱαὺ-

2060 4578 2177 4630 της,
2205 4560 2298 4613 καὶ
2329 4560 2388 4612 οὺ
2421 4559 2652 4628 δύναμαι
2684 4556 2758 4627 μὴ
2775 4553 3087 4626 ὀργίζεσθαι
3110 4570 3122 4582 ·
3320 4552 3396 4615 δὲ,
3419 4550 3502 4603 καὶ
3528 4545 3598 4611 τῆς

2061 4718 2134 4770 ita
2171 4716 2430 4788 insectari
2477 4716 2862 4788 nonnullorum
2894 4709 3051 4788 vitia,
3089 4715 3148 4762 ut
3195 4707 3503 4788 simuloeos,
3530 4707 3596 4772 qui

2063 4795 2209 4841 ret-te
2237 4786 2420 4839 vivere
2441 4789 2652 4847 volunt,
2681 4782 3016 4839 salutaribus
3047 4779 3339 4847 pratceptis
3364 4779 3520 4847 juvet.
3560 4841 3566 4847 κ

2133 4857 2211 4926 (4)
2251 4857 2358 4908 Καὶ
2387 4856 2593 4922 λαϐάς.
2645 4841 2838 4908 Deerat
2889 4841 3315 4926 coniunctio-iu
3363 4841 3515 4916 Regio
3558 4841 3593 4890 2.

2065 4918 2168 4981 Sed
2196 4918 2304 4978 alia
2337 4941 2498 4980 manu
2531 4918 2692 4994 supra
2721 4926 2916 4994 lineam
2949 4920 3201 4994 apposita
3242 4918 3364 4994 fuit.

2135 4996 2210 5066 (5)
2258 4995 2431 5048 Ἐπεί.
2455 4983 2698 5066 rWoliius
2727 5009 2755 5045 a
2799 4983 3316 5066 Sylbur'gio‘citatus
3358 4983 3592 5056 legendum

391 5060 756 5132 refragaretur
789 5060 1006 5134 propter
1035 5067 1384 5120 emissionem
1413 5060 1628 5119 articuli
1651 5060 1788 5131 {sed
1827 5060 1959 5117 fate-
1989 5068 2038 5126 ι)
2063 5060 2412 5121 existimabat
2439 5065 2539 5132 ἔτι,
2571 5064 2665 5119 sed
2707 5060 2874 5134 totum
2909 5062 3056 5134 hunc
3076 5060 3284 5134 locum
3316 5074 3497 5134 sanare
3526 5067 3589 5106 c0-

392 5142 483 5186 tnr
521 5150 662 5203 smpe
691 5138 975 5189 articulum
1010 5138 1061 5189 in
1092 5137 1358 5205 ejusmodi
1402 5135 1536 5189 locis
1569 5138 1766 5189 omitti.
1812 5134 1958 5187 Nihil

391 5211 537 5274 vetat
562 5220 663 5258 cur
692 5207 968 5274 pi-Oprium
999 5207 1234 5260 hominis
1277 5221 1474 5258 nomen
1508 5220 1628 5259 esse
1666 5206 1950 5258 ducamus.

394 5273 486 5328 Sic
512 5276 652 5343 apud
689 5273 947 5330 Basilium
979 5292 1064 5345 ep.
1099 5277 1202 5330 120
1229 5286 1281 5330 et
1312 5275 1435 5335 121,
1471 5274 1616 5343 Papa
1649 5291 1844 5329 nomen
1875 5284 1958 5329 est

391 5345 496 5398 viri
540 5346 737 5415 Opibus
785 5355 840 5401 et
877 5347 1201 5401 auctoritate
1250 5345 1484 5416 praediti.
1535 5346 1740 5400 Auctor
1796 5346 1960 5414 hujus

392 5416 637 5482 epistolae
665 5417 803 5471 duas
839 5417 974 5469 alias
1010 5432 1040 5469 a
1077 5432 1136 5470 se
1165 5427 1323 5470 antea
1367 5416 1598 5484 scriptas
1632 5431 1964 5468 commemo-

392 5493 497 5537 rat.
530 5484 588 5538 ln
626 5489 819 5553 prima,
854 5503 974 5555 quae
995 5495 1111 5540 erat
1141 5487 1208 5539 ad
1242 5502 1455 5555 papam,
1487 5486 1745 5552 carpebat
1769 5500 1965 5552 pravas

393 5556 849 5620 eoi-suetudines;
895 5558 948 5610 in
981 5558 1148 5609 altera
1185 5557 1252 5609 ad
1275 5572 1372 5609 eos
1408 5557 1502 5623 qui
1550 5563 1811 5623 prmsunt,
1856 5571 1964 5608 non

394 5629 542 5696 totus
559 5635 676 5678 erat
696 5626 750 5678 in
772 5628 1048 5694 carpendo
1078 5637 1132 5679 et
1160 5625 1522 5696 objurgando,
1556 5626 1649 5696 sed
1682 5624 1841 5677 simul
1874 5640 1964 5676 sa-

395 5692 603 5764 lutares
637 5700 798 5748 ansas
830 5692 1104 5764 pi'wbcbat
1136 5692 1345 5764 his'qui
1374 5701 1522 5748 recte
1545 5694 1725 5746 vivere
1752 5695 1960 5747 volunt.

397 5761 541 5816 Idem
567 5764 613 5817 ei
645 5761 986 5834 propositum
1018 5765 1073 5820 in
1100 5765 1201 5819 hac
1233 5761 1392 5821 tertia
1417 5765 1645 5834 epistola
1668 5782 1682 5832 ;
1706 5764 1963 5818 nimirum

2066 5146 2229 5209 natus
2260 5151 2380 5188 sum
2418 5129 2830 5209 legei_ido_infra2
2869 5129 3401 5209 G‘JlLGO‘J).E'3w~5p.EV.

2128 5207 2204 5272 (6)
2239 5203 2608 5274 Περιςοοραῖς.
2647 5204 2781 5273 Reg.
2811 5203 2861 5274 1,
2895 5203 3290 5274 παμφςραῖςς.

2131 5267 2206 5345 (7)
2241 5267 2350 5328 Keil
2382 5267 2541 5345 mide
2567 5267 2797 5328 τούτῶ).
2832 5273 2911 5345 ita
2962 5267 3072 5345 duo
3102 5269 3272 5345 Διῖιξιιξίἰ
3303 5267 3523 5345 “codices
3554 5267 3588 5345 εξ

2061 5327 2289 5415 uterque
2576 5327 2718 5398 Editi
2753 5343 2938 5415 τούτου
2965 5343 3058 5394 καὶ
3090 5327 3258 5410 ἡμᾶς.
3303 5337 3521 5415 Respicit.
3544 5327 3586 5415 ml

2064 5419 2177 5470 haec
2205 5410 2407 5470 ChriSIi
2433 5418 2596 5470 verba
2623 5433 2636 5468 :
2679 5415 2751 5466 De
2779 5411 2970 5465 mundo
2995 5427 3098 5463 non
3131 5419 3279 5474 sunt,
3313 5410 3447 5461 sicut
3468 5415 3506 5460 et
3527 5414 3587 5466 et?)

2069 5504 2170 5540 non
2191 5502 2305 5539 sum
2335 5485 2399 5538 de
2429 5486 2644 5550 mundo,
2673 5484 2829 5535 Joan.
2866 5480 3116 5550 xvn,16.

2143 5557 2218 5624 (8)
2263 5557 2378 5623 Ἐφ’
2405 5551 2493 5619 οἷς
2525 5539 2912 5624 arietini/)6)th
2951 5539 3068 5624 tibij
3111 5549 3401 5624 πλησίοῃ
3434 5539 3585 5624 Vello—

2067 5614 2300 5694 gendum
2321 5614 2522 5694 'xatfr‘
2557 5614 2956 5694 τῶνηπλησίον,
2991 5620 3071 5671 vel
3115 5614 3584 5694 subintelligendutu

2071 5683 2446 5776 ξμίαρτήμασι.
2473 5683 3042 5773 Nomm/losnorimus,
3067 5690 3159 5757 qui
3186 5689 3250 5742 ob
3279 5705 3392 5757 qua:
3411 5683 3583 5755 proritat

2070 5761 2260 5818 delicta
2281 5761 2612 5827 irascantur,
2640 5765 2846 5816 omnino
2870 5761 3124 5815 nesciam.
