3652 6508
29 367 99 422 85
1010 369 1342 426 EPISTOLA
1379 371 1467 425 AD
1503 370 1681 425 ZENA
1697 370 1745 425 at
1777 371 1863 425 ET
1900 369 2252 428 SERENUM.

3104 375 3239 432 “85

37 484 260 548 νωνίας
325 485 467 540 κατά
513 487 609 558 τὴν
639 487 804 558 εὐχὴν
834 488 1156 558 ἀποχωρεῖν.
1202 487 1275 539 Τὸ
1324 487 1422 557 μὲν
1452 487 1547 558 γὰρ

1721 500 1886 538 pssum
1921 501 2027 540 non
2061 487 2252 552 irasci;
2290 502 2433 542 nunc
2465 496 2645 544 autem
2678 496 2732 544 et
2770 504 2799 542 a
2829 504 3049 560 precum
3083 507 3233 546 com-

59 578 220 632 κατὰ
238 579 416 646 φύσιν
446 578 593 650 βιοῦν
624 580 835 632 οὐδέπω
865 578 1286 641 πεπιστευκότος
1318 579 1466 631 ἐστί’
1499 579 1559 630 τὸ

38 669 398 739 ζηλοτυπεῖν
425 671 509 724 διὰ
545 671 735 739 φθόνον
770 671 980 742 μακρὰν
1009 671 1106 742 τῆς
1134 669 1387 741 ἀληθείας
1415 673 1560 723 ἱστα-

29 780 142 815 νου.
183 763 530 817 Παιδευτέον
562 759 652 816 οὖν
687 765 860 816 πάντα
891 764 1126 815 ὁντινοῦν
1147 763 1556 833 ἀμνησικάκως,

88 855 645 924 κατεπιτηδεύοντας
701 855 773 925 (9)
821 857 920 926 τὴν
957 855 1255 907 νουθεσίαν.
1319 855 1455 925 Ἤδη
1502 854 1560 907 δέ

30 964 102 1008 ηας
131 947 338 1016 ἴσμεν,
379 948 595 1000 κατὰτὸ
628 949 882 1019 σαρκικὸν
919 946 1028 1018 (10)
1061 949 1119 1000 ὲν
1178 950 1425 1017 προκοπῇ
1476 965 1559 1015 γι-

29 1037 244 1100 ιένους,
286 1039 552 1102 ἕλκοντας
580 1040 715 1111 πρὸς
741 1040 838 1110 τὴν
868 1040 1073 1092 ἑαυτῶν
1106 1039 1272 1109 ὀργὴν
1300 1039 1361 1090 τὸ
1385 1039 1560 1107 Εὐαγ-

29 1141 153 1192 ιιον,
195 1131 304 1182 καὶ
341 1130 693 1201 βουλομένους
735 1129 1061 1200 ἐφαρμόζειν
1095 1129 1172 1199 τῷ
1201 1129 1428 1199 δόγματι
1460 1130 1558 1200 τῆς

29 1224 290 1292 ταφορᾶς
327 1223 509 1276 αὐτῶν
539 1223 605 1275 τὰ
654 1223 810 1290 λόγια
838 1223 931 1275 τοῦ
975 1222 1226 1293 Σωτῆρος
1252 1222 1407 1292 ἡμῶν
1428 1239 1440 1251 ·
1477 1216 1557 1284 οἷς

55 1313 420 1386 ἀποϐεϐήκει
473 1314 532 1366 τὸ
585 1313 841 1367 δύνασθαι
878 1315 936 1366 έν
977 1314 1166 1384 γεέννῃ
1213 1312 1556 1384 παραδιδόναι

30 1405 126 1466 κάς,
168 1406 271 1457 καὶ
299 1404 332 1455 ὁ
368 1406 568 1476 κόσμος
607 1405 671 1458 ἂν
700 1404 817 1469 ὅλος
850 1406 940 1459 ὑπ’
970 1405 1146 1458 αὐτῶν
1177 1405 1551 1475 κατηνάλωτο·

29 1497 114 1565 ὴν,
158 1497 227 1548 τὸ
291 1497 424 1550 ὅσον
479 1497 564 1565 ἐφ’
598 1499 830 1560 ἑαυτοῖς,
876 1497 970 1550 καὶ
1015 1496 1420 1568 κατακρίνουσι,
1466 1497 1557 1549 καὶ

29 1588 44 1638 i
81 1588 273 1657 πυρὸς
326 1588 429 1651 τὰς
474 1589 734 1659 καμίνους
790 1589 1082 1657 ἀνοίγουσι.
1123 1588 1220 1641 Διά
1275 1587 1441 1640 τοῦτο
1478 1587 1554 1658 μὴ

29 1695 96 1729 ,εν
133 1680 315 1748 ἡμεῖς
371 1680 619 1732 τοιοῦτοι.
676 1681 783 1732 Καὶ
825 1679 904 1732 ἔτι
941 1679 1163 1750 γνώμην
1193 1681 1317 1749 ὑμῖν
1344 1679 1552 1748 δίδωμι,

29 1770 177 1821 ἕπειν
209 1769 251 1822 ἃ
319 1772 589 1841 προσήκει
625 1769 866 1840 θεωρεῖν,
893 1769 986 1822 καὶ
1021 1767 1291 1821 παιδεύειν
1311 1768 1400 1820 τὸν
1421 1767 1557 1838 πλη-

1661 578 1921 632 munione
1955 579 2253 634 discedere.
2289 578 2418 634 Nam
2455 581 2751 636 secundum
2777 594 3024 637 naturam
3058 585 3236 640 adhuc

1658 670 1863 734 vivere,
1923 672 2162 727 hominis
2218 681 2302 728 est
2358 674 2598 728 nondum
2645 677 3234 744 credentis;:emulari

1662 771 1842 817 autem
1896 764 1966 817 ob
2022 765 2304 828 invidiam,
2369 768 2528 836 longe
2563 783 2593 821 a
2639 770 2871 825 veritate
2905 771 3232 826 abcrrantis.

1665 852 2048 925 Unusquisque
2072 872 2200 926 ergo
2227 856 2449 927 paciﬁce
2472 859 2881 916 submonendus
2905 906 2916 924 ,
2952 864 3022 916 ita
3055 872 3235 917 tamen

1661 953 1718 997 ut
1751 944 1818 999 de
1854 945 2122 1000 industria
2148 963 2256 1001 non
2289 948 2384 1002 ﬁat
2417 951 2742 1006 admonitio.
2774 951 2892 1006 Jam
2947 969 3076 1007 vero
3105 969 3236 1007 non-

1659 1035 1839 1090 nullos
1869 1036 2143 1101 novimus,
2162 1039 2253 1107 qui
2285 1042 2582 1094 secundum
2608 1058 2824 1096 carnem
2861 1043 3230 1112 profecerunt,

1658 1133 1712 1177 et
1751 1125 1818 1177 ad
1851 1141 2003 1179 suam
2071 1129 2311 1197 ipsorum
2353 1131 2694 1185 iracundiam
2743 1133 3093 1204 Evangelium
3121 1143 3234 1187 tra-

1660 1218 1794 1270 hunt
1813 1259 1826 1282 ,
1849 1233 1911 1270 ac
1941 1219 2211 1273 violentiae
2227 1235 2337 1275 sua:
2371 1223 2648 1292 proposito
2676 1232 2862 1293 aptare
2892 1226 3080 1280 volunt
3108 1241 3237 1279 ora-

1659 1309 1780 1361 cula
1839 1309 2136 1364 Salvatoris
2168 1314 2372 1381 nostri;
2409 1317 2606 1384 quibus
2632 1317 2676 1369 si
2708 1332 2769 1370 ea
2811 1327 3055 1386 potestas
3086 1319 3232 1371 obti-

1660 1401 1834 1474 gisset
1860 1410 1918 1455 ut
1946 1403 2156 1472 aliquos
2180 1406 2440 1475 gehennae
2472 1408 2770 1470 traderent,
2805 1419 2951 1464 totus
2993 1412 3234 1479 profecto

1657 1491 1893 1547 mundus
1947 1494 2015 1547 ab
2061 1496 2140 1550 eis
2186 1509 2544 1567 consumptus
2603 1500 2830 1564 fuisset;
2890 1502 2981 1553 sed
3024 1507 3228 1564 tamen,

1657 1591 1922 1652 quantum
1957 1585 2012 1638 in
2039 1587 2171 1654 ipsis
2201 1597 2302 1649 cst,
2339 1599 2389 1642 et
2421 1589 2856 1645 condcmnantct
2890 1593 3028 1661 ignis
3063 1592 3233 1644 eamio

1656 1691 1758 1730 nos
1815 1677 2087 1744 aperiunt.
2113 1676 2293 1744 Quare
2326 1681 2461 1734 tales
2502 1697 2603 1735 nos
2649 1683 2874 1737 minime
2922 1683 3116 1738 simus.
3151 1683 3232 1738 Ac

1659 1767 1807 1821 vobis
1838 1767 2000 1821 etiam
2033 1779 2225 1823 auctor
2258 1786 2398 1833 sum,
2433 1781 2492 1824 ut
2525 1788 2588 1826 ea
2619 1773 2936 1826 intueamini
2963 1791 3080 1843 qua:
3101 1791 3233 1828 con-

3243 833 3252 864 Ι

30 1878 82 1916 ην.
111 1860 192 1920 ὡς
221 1858 357 1910 δέον
399 1860 543 1912 ἐστὶν
582 1860 739 1912 αὐτόν
766 1877 886 1912 τινα
933 1859 1148 1929 πρῶτον
1189 1859 1547 1928 μελετήσαντα

1721 1856 1945 1910 ieranda
1980 1866 2137 1921 sunt,
2171 1873 2233 1912 ac
2267 1861 2571 1928 proximum
2615 1863 2688 1916 ita
2724 1865 3013 1927 moneatis,
3047 1848 3232 1920 utde-

29 1949 220 2011 λλάκις
241 1949 310 2001 τὸ
332 1949 748 2020 ὑπονοούμενον,
771 1950 842 2019 μή
874 1966 927 2000 τι
961 1949 1068 2018 ἄρα
1086 1947 1389 2017 ψευδοδοξεῖ
1409 1948 1546 2018 (Η)’

29 2042 45 2093 l
77 2044 123 2092 εἰ
159 2041 383 2105 δόξειεν
421 2037 477 2095 εὖ
506 2045 740 2111 φρονεῖν,
785 2041 1052 2094 νουθετεῖν
1083 2042 1202 2095 τότε
1241 2043 1433 2113 μέχρις
1487 2044 1553 2098 ἂν

29 2131 212 2201 πεισθῇ
244 2134 380 2194 ταῖς
428 2131 802 2202 συμϐουλίαις,
847 2133 878 2203 ἢ
925 2133 1083 2196 αὐτὸς
1115 2134 1274 2187 αὑτὸν
1301 2136 1554 2204 κατάφω-

29 2242 47 2273 ν
80 2223 321 2293 ποιήσῃ.

30 2399 76 2452 ’.5.
109 2401 474 2472 Παρέχεσθαι
505 2404 548 2457 δ’
574 2406 703 2476 ἡμῖν
755 2406 1054 2478 ἀταραξίαν
1078 2407 1276 2479 πολλὴν
1309 2407 1548 2470 δύναται,

52 2492 122 2562 μὴ
161 2495 625 2566 κατεπιτηδεύειν
668 2499 950 2569 πρωτείων
980 2499 1291 2562 ἀπολαύειν,
1331 2500 1471 2571 μηδ’,
1505 2503 1551 2554 εί

31 2584 238 2638 ύλοιντό
270 2604 426 2650 τινες
464 2584 600 2641 εἶναι
655 2590 903 2650 τοιοῦτοι,
939 2590 1222 2645 λυπεῖσθαι
1249 2610 1260 2621 ·
1291 2611 1551 2663 παραχω-

30 2677 75 2728 ἶν
107 2677 163 2730 δὲ
185 2681 306 2742 τοῖς
353 2679 696 2751 ἐγκρίνουσιν
730 2683 953 2746 ἑαυτοὺς
998 2685 1081 2751 ἐφ’
1116 2684 1257 2754 ἆπερ
1303 2685 1331 2735 ὁ
1362 2685 1552 2755 Σωτὴρ

31 2769 87 2830 υς
149 2770 519 2834 πιστεύοντας
568 2773 626 2825 οὐ
661 2774 1062 2844 προσκέκληκε.
1097 2777 1240 2847 Πρὸς
1271 2777 1323 2829 δὲ
1340 2777 1430 2829 τὸν
1460 2795 1550 2830 κε-

29 2862 205 2927 ιαγότα
242 2863 574 2934 σιωπητέον,
620 2867 825 2918 καὶτὸν
873 2869 1114 2937 οἰόμενον
1145 2870 1550 2938 περιγεγονέναι

29 2953 106 3016 νὸς
153 2956 600 3024 καταγελαστέον
631 2998 644 3020 ,
697 2959 771 3028 μὴ
826 2959 930 3010 ὑπὸ
978 2958 1284 3023 κενοδοξίας
1318 2960 1550 3030 ματαίας

29 3047 228 3117 ξάμενον
261 3049 355 3101 διὰ
388 3051 516 3112 τοὺς
542 3049 814 3120 παρόντας
845 3051 935 3102 καὶ
952 3050 1265 3112 ἀκούοντας,
1295 3054 1412 3114 ταῖς
1443 3052 1550 3104 τῶν

29 3156 134 3204 ιγων
171 3140 585 3211 ἀνθυποφοραῖς
617 3141 812 3212 ἐπίσης
845 3143 938 3194 καὶ
971 3143 1129 3194 αὐτὸν
1161 3142 1267 3210 (12)
1291 3142 1384 3213 τὴν
1420 3144 1550 3196 ἐπα-

29 3231 223 3284 ιστασιν
286 3232 600 3303 κρατύνειν.
654 3232 962 3301 Λογιζέσθω
1021 3234 1119 3304 μὲν
1151 3235 1258 3305 γὰρ
1300 3237 1327 3287 6
1375 3235 1552 3299 καλῶς

29 3325 403 3394 ποφαινομενος
440 3326 547 3394 (Ἰὸ)
582 3327 662 3378 ὅτι
691 3326 783 3379 καὶ
837 3327 1058 3397 ἠδίκησε
1089 3326 1220 3398 (Μ),
1255 3329 1345 3380 καὶ
1377 3329 1550 3381 ἀντει-

30 3416 91 3464 εῖν
121 3417 217 3468 οὐκ
271 3417 539 3488 ἠθέλησα,
587 3417 619 3488 ἢ
662 3418 762 3470 οὐκ
810 3417 1101 3488 ἐτόλμησα.
1132 3420 1338 3489 Παρείη
1372 3420 1427 3472 δέ
1463 3437 1552 3491 μοι

30 3504 63 3555 ἀ
77 3507 168 3577 τὴν
198 3508 416 3580 ἀγαθὴν
446 3508 746 3579 συνείδησιν
794 3509 1064 3581 εύφρασία
1091 3511 1182 3563 καί
1228 3510 1546 3573 ἀνάπαυσις.

30 3596 123 3647 )τε
173 3598 378 3652 ἀδικῶν
416 3600 522 3670 (15)
563 3600 635 3670 μὴ
678 3600 1174 3671 ὑπερηφανευέσθω
1203 3601 1311 3670 (16)
1346 3601 1550 3654 πείθειν

29 3687 69 3738 ὃν
112 3689 369 3760 ἀδελφόν·
406 3693 499 3745 καὶ
554 3696 582 3746 ὁ
643 3693 1054 3763 νουθετούμενος
1121 3693 1193 3764 μὴ
1231 3693 1548 3764 ὀργιζέσθω,

32 3781 360 3846 αρακαλείτω
399 3783 456 3835 δὲ
512 3784 670 3846 αὐτὸς
717 3783 806 3836 τὸν
855 3785 1072 3836 οἰκεῖον.
1118 3785 1390 3854 Συναντᾷν
1443 3785 1550 3857 γὰρ

29 3873 181 3933 αυτοῖς
219 3875 490 3944 προσήκει
523 3875 648 3937 τοὺς
689 3874 801 3939 δύο,
835 3875 975 3946 πρὸς
1004 3874 1104 3945 τὴν
1134 3876 1354 3945 εἰρήνην
1386 3876 1552 3928 κατὰ·

31 3958 160 4013 εσθαι
220 3964 583 4027 σπεύδοντας·
633 3965 715 4016 ὅτι
775 3965 870 4018 καὶ
907 3967 934 4016 ὀ
971 3963 1148 4036 πατὴρ
1181 3963 1256 4034 τῷ
1290 3965 1550 4036 μετανοὴ-

30 4064 133 4101 αντι
166 4055 505 4125 συναντήσας
537 4055 637 4125 υἱῷ
690 4055 956 4123 φαίνεται,
985 4055 1077 4108 καὶ
1097 4056 1158 4107 οὐ
1210 4054 1547 4127 περιμείνας,

29 4140 390 4213 ινθυπενεγκὼν
411 4147 464 4199 δὲ
497 4147 686 4200 ἑαυτὸν
721 4147 855 4218 πρὸς
886 4146 984 4218 τὴν
1009 4147 1213 4200 ἐκείνου
1245 4147 1546 4218 μετάνοιαν.

29 4232 295 4308 {pne-.671};
341 4238 450 4310 γὰρ
483 4243 513 4309 ἡ
548 4238 688 4292 κατά
718 4241 898 4292 πίστιν
942 4239 1220 4310 ἑκατέροις
1263 4240 1550 4311 ἐργάζεται

109 4327 318 4400 εἰρήνην
339 4345 352 4358 .
377 4330 470 4383 καὶ
500 4332 526 4383 ά
546 4330 640 4400 μὲν
665 4330 924 4400 ἀδικήσας
954 4330 1125 4383 ’πείθει
1150 4330 1236 4383 διά
1254 4330 1351 4401 τὴν
1373 4333 1552 4402 ἁμαρ-

29 4416 109 4467 ;ἱαν
135 4420 221 4472 τὸν
250 4421 425 4489 φίλον,
459 4423 487 4474 6
518 4421 572 4474 δὲ
597 4422 870 4490 ἀδικηθεὶς
909 4423 1228 4492 μετανοήσει
1259 4423 1351 4475 καὶ
1368 4422 1547 4486 αὐτὸς,

29 4508 79 4557 ita
106 4512 230 4581 πρὸς
261 4514 352 4566 τὸν
383 4515 579 4566 οἰκεῖον
618 4514 886 4583 ὠργίσθη.
925 4513 1112 4584 Πάσης
1137 4511 1228 4566 οὖν
1257 4513 1549 4584 ἐπιθυμίας

29 4601 93 4650 ui.
131 4602 352 4672 ὀρέξεως
410 4605 674 4676 σαρκικῆς
729 4605 884 4667 ἐκτὸς
906 4601 1043 4656 εἶναι
1084 4604 1161 4657 δεῖ
1194 4605 1283 4657 τὸν
1318 4606 1503 4657 πιστόν
1532 4624 1544 4636 ·

29 4693 230 4759 ἐὩστεύει
271 4697 378 4767 γὰρ
403 4697 432 4748 ὁ
467 4696 540 4767 μὴ
597 4694 858 4758 τοιοῦτος,
887 4697 980 4748 καὶ
1013 4695 1102 4747 τὸν
1133 4697 1258 4750 ναὸν
1290 4696 1381 4748 τοῦ
1415 4697 1548 4750 Θεοῦ

29 4786 271 4851 εςοσυλεῖ,
302 4792 412 4850 καὶ,
441 4792 525 4842 ἴνα
551 4788 941 4858 τολμηρότερον
998 4789 1267 4857 εἴπωμεν,
1303 4787 1548 4841 ἐκϐάλλει

29 4869 93 4921 τὸν
135 4878 256 4929 Θεὸν
299 4881 458 4942 αὐτὸς
485 4883 577 4946 ἀφ’
603 4877 796 4931 ἑαυτοῦ
817 4895 828 4906 ·
860 4877 951 4929 καὶ
1006 4877 1092 4930 διὰ
1119 4877 1216 4948 τὴν
1250 4879 1548 4949 συνείδησιν

30 4961 317 5038 ἀπηλγηκώς
364 4973 498 5033 ἐστι,
531 4969 624 5022 καὶ
669 4969 806 5040 πρὸς
839 4968 965 5030 τοὺς
992 4968 1368 5032 νουθετοῦντας
1398 4967 1550 5021 ἀλλο-

83 5114 146 5185 (9)
172 5118 260 5186 Μὴ
286 5121 869 5188 κατεπιτηδεύοντας.
917 5119 1049 5189 Reg.
1085 5119 1120 5172 2
1172 5129 1224 5174 et
1259 5121 1310 5183 5,
1347 5129 1400 5174 et
1423 5119 1548 5175 Cla-

30 5195 147 5260 rom.‘
173 5189 193 5240 l
229 5191 296 5260 μὴ
325 5191 892 5260 κατεπιπαιδεύοντας.

87 5255 182 5323 (10)
213 5255 364 5315 Κάτὰ
392 5263 453 5315 τὸ
483 5262 789 5329 σαρκικόν.
829 5259 1050 5313 Videtur
1097 5259 1185 5312 ille
1245 5259 1543 5313 secundum

32 5336 213 5380 carnem
235 5332 502 5397 profectus
537 5333 602 5385 de
638 5331 799 5391 fama,
837 5329 1212 5399 dignitatibus,
1237 5331 1544 5397 eloquentia

37 5401 79 5471 et
104 5399 378 5471 eruditione
410 5403 638 5471 intelligi
673 5401 888 5455 debere.
927 5398 1234 5468 Langusita
1270 5400 1542 5471 reddidit:

36 5463 318 5541 Quicarnati
341 5474 574 5541 profectu
589 5463 694 5524 vita
726 5463 1099 5539 promoverin't.
1125 5480 1181 5522 ut
1213 5469 1282 5522 ad
1331 5470 1546 5522 iraczm-

35 5533 154 5586 diam
183 5533 459 5604 ,ςιιαιηξθιοξ

94 5607 186 5678 (Π)
222 5611 581 5676 Ψευδοδοξεῖ.
603 5611 840 5666 Ciarom.
871 5609 974 5662 flet
997 5606 1128 5676 Reg.
1155 5607 1208 5667 2,
1233 5607 1542 5678 ψευδοδοξῇ.

95 5673 190 5743 (.19)
211 5680 308 5748 Kal
337 5673 538 5736 αὺτόίὶι.
575 5681 1024 5748 Ιιαιοέατίριυηι,
1061 5673 1222 5746 quam
1248 5673 1366 5730 duo
1399 5673 1544 5730 anti-

41 5747 220 5821 quiores
249 5747 387 5818 Regii
421 5761 475 5806 et
507 5753 745 5806 Clarum.
769 5750 804 5801 2
839 5749 1204 5821 suppeditant,
1243 5749 1411 5802 multo
1448 5765 1544 5818 ap-

46 5815 125 5862 tior
152 5815 268 5886 visa,
292 5815 443 5890 (piam
480 5823 694 5893 vulgata
724 5821 813 5872 καὶ
845 5815 1040 5871 αὐτῶν.

1654 1958 1760 2010 cet,
1795 1963 1936 2018 smpe
1980 1951 2348 2019 prmmeditata
2401 1968 2463 2007 ea
2496 1970 2574 2016 re,
2608 1970 2728 2021 qua}
2777 1955 2830 2007 in
2863 1957 3230 2025 suspicionem

1657 2041 1828 2103 venit,
1862 2047 2055 2110 nempe
2089 2057 2155 2094 an
2190 2058 2296 2096 non
2332 2043 2467 2098 falsa
2502 2044 2681 2114 aliqua
2712 2047 2967 2115 opinione
2989 2049 3228 2116 ducaris;

1654 2147 1717 2185 ac
1748 2133 1792 2186 si
1823 2133 2058 2186 videaris
2093 2142 2239 2187 recte
2291 2135 2514 2200 sentire,
2577 2146 2706 2190 tunc
2752 2139 3084 2193 erudiendus
3121 2148 3228 2202 est,

1653 2221 1824 2277 donec
1846 2222 2090 2276 consiliis
2115 2237 2322 2277 morem
2351 2233 2524 2293 gerat,
2547 2233 2638 2279 aut
2663 2228 3013 2296 semetipsum
3049 2230 3228 2283 mani-

1654 2312 1850 2368 festum
1881 2313 2062 2368 faciat.

1721 2407 1772 2458 '5.
1802 2405 2184 2473 Tranquillitas
2211 2407 2376 2459 animi
2404 2416 2643 2460 servatur
2691 2409 2744 2461 in
2779 2410 3070 2463 tolerandis
3094 2412 3232 2465 alio-

1654 2507 1769 2544 rum
1798 2495 1960 2554 ritiis,
1985 2505 2032 2548 et
2061 2496 2241 2550 libenti
2292 2498 2733 2555 reconciliatione.
2760 2531 2828 2538 —
2871 2499 3004 2554 Illud
3049 2512 3231 2557 autem

1652 2583 1938 2650 plurimam
1993 2586 2149 2641 nobis
2205 2588 2655 2656 tranquillitatem
2705 2589 2897 2644 afferre
2945 2599 3144 2659 potest,
3183 2595 3229 2648 si

1651 2675 1856 2742 primas
1893 2691 2001 2730 non
2035 2679 2358 2745 ambiamus,
2413 2695 2530 2745 nec,
2568 2681 2610 2733 si
2645 2681 2736 2750 qui
2773 2683 3034 2746 ambiant,
3063 2699 3230 2754 anga-

1652 2780 1812 2828 mur;
1847 2766 1944 2820 sed
1999 2767 2066 2823 iis
2127 2769 2407 2830 cedamus,
2446 2772 2536 2839 qui
2574 2773 2898 2842 semctipsos
2934 2775 3000 2828 ad
3031 2791 3094 2830 ea
3131 2778 3230 2832 ob-

1651 2857 1901 2922 trudnnt,
1938 2859 2003 2913 ad
2041 2877 2160 2930 qua:
2202 2859 2452 2915 Salvator
2506 2864 2795 2919 credentes
2829 2882 2936 2920 non
2990 2874 3222 2926 vocavit.

1650 2949 1785 3002 Cum
1821 2951 2091 3007 clamante
2132 2954 2640 3020 conticescendum,
2673 2965 2725 3009 et
2746 2973 2890 3023 eum,
2927 2961 3017 3028 qui
3044 2976 3102 3015 se
3143 2962 3226 3014 al-

1652 3042 1824 3096 terius
1873 3042 2134 3096 victorem
2196 3045 2494 3110 existimat,
2551 3047 2729 3102 ridere
2790 3049 3069 3112 debemus,
3127 3068 3228 3106 nec

1649 3147 1788 3187 vana
1853 3134 2024 3203 gloria
2078 3143 2298 3205 propter
2351 3153 2466 3200 eos,
2503 3138 2594 3209 qui
2649 3139 2849 3192 adsunt
2891 3149 2943 3195 et
2980 3142 3226 3210 audiunt,

1579 3214 1623 3277 C
1655 3224 1824 3291 ducti,
1857 3226 2144 3279 verborum
2181 3228 2637 3297 responsionibus
2671 3233 3080 3287 contentionem
3113 3236 3227 3304 pari

1654 3317 1834 3370 studio
1864 3318 2098 3372 ﬁrmare.
2136 3318 2227 3372 Sic
2256 3321 2398 3372 enim
2453 3321 2810 3375 ratiocinetur
2842 3323 2933 3392 qui
2971 3326 3229 3393 prmclare

1654 3410 1935 3477 respondit
1970 3429 1980 3464 :
2025 3411 2284 3480 lnjuriam
2346 3410 2491 3474 fecit,
2534 3412 2629 3466 sed
2672 3416 3049 3470 contradicere
3078 3417 3226 3469 nolui

1654 3509 1746 3553 aut
1780 3516 1887 3554 non
1913 3516 2079 3555 ausus
2098 3517 2252 3567 sum;
2290 3501 2430 3555 adsit
2457 3502 2588 3555 mibi
2620 3504 2690 3557 ob
2723 3504 2917 3558 bonam
2942 3507 3230 3561 conscien-

1653 3592 1782 3645 tiam
1820 3592 2004 3645 ltetitia
2040 3599 2094 3645 et
2137 3592 2372 3660 requies.
2406 3590 2508 3655 Qui
2544 3599 2723 3644 autem
2776 3593 3028 3661 injuriam
3075 3594 3224 3660 fecit,

1652 3699 1761 3737 non
1796 3684 1866 3737 ob
1905 3683 2215 3751 superbiam
2263 3669 2598 3753 dedignetur
2642 3684 2860 3752 placare
2887 3685 3141 3749 fratrem;
3172 3692 3226 3738 et

1654 3776 1745 3844 qui
1779 3775 2031 3829 admonet
2067 3791 2174 3828 non
2229 3776 2521 3838 irascatur,
2554 3775 2647 3830 sed
2693 3779 2809 3845 ipse
2836 3779 3068 3829 amicum
3098 3792 3225 3845 pre-

1655 3874 1832 3922 cetur.
1875 3866 2178 3936 Utrumque
2211 3868 2353 3920 enim
2383 3869 2488 3922 sibi
2521 3869 2750 3922 invicem
2791 3885 2890 3938 par
2914 3877 2997 3922 est
3029 3883 3227 3923 occur-

1659 3975 1778 4014 rere
1809 3959 1875 4013 ad
1903 3975 2088 4030 pacem
2121 3959 2459 4025 festinando;
2491 3959 2756 4029 siquidem
2785 3970 2839 4015 et
2867 3968 3019 4028 pater
3048 3962 3193 4031 pmni
3219 3993 3228 4005 ι

1655 4053 1878 4106 tentiam
1931 4052 2108 4122 agenti
2166 4053 2478 4106 occurrisse
2528 4053 2635 4105 tilio
2692 4054 2981 4121 reperitur,
3049 4067 3226 4123 neque

1653 4144 1803 4197 illum
1836 4152 2168 4214 expectasse.
2191 4145 2284 4198 sed
2315 4145 2663 4214 semetipsum
2689 4145 2753 4198 ad
2783 4145 2928 4199 illius
2953 4144 3222 4214 pmniten-

1658 4236 1787 4288 tiam
1821 4237 2103 4290 obtulisse.
2142 4235 2365 4306 Utrique
2391 4237 2535 4288 enim
2573 4237 2815 4304 probitas
2842 4236 2963 4290 ﬁdei
2989 4250 3224 4290 consen-

1653 4334 1813 4380 tanea
1847 4328 2101 4380 conciliat
2155 4342 2339 4397 pacem
2365 4345 2378 4391 ;
2403 4335 2454 4381 et
2478 4327 2568 4396 qui
2620 4327 2872 4394 injuriam
2909 4325 3054 4390 fecit,
3087 4327 3222 4380 ami-

1657 4433 1780 4471 cum
1806 4419 1984 4487 placat
2008 4419 2079 4472 ob
2128 4427 2447 4488 peccatum;
2476 4427 2528 4473 et
2560 4419 2652 4488 qui
2685 4419 2940 4488 injuriam
2986 4419 3219 4488 accepit,

1658 4507 1777 4576 ipse
1818 4508 1982 4562 etiam
2045 4517 2164 4578 aget
2209 4508 2584 4579 paenitentiam
2649 4509 2793 4579 quod
2840 4510 3016 4563 amico
3049 4510 3222 4566 iratus

1653 4598 1836 4651 fuerit.
1869 4597 2035 4652 Debet
2068 4598 2231 4665 igitur
2266 4597 2438 4652 ﬁdelis
2469 4605 2623 4651 extra
2651 4598 3046 4669 amnemalo
3068 4600 3220 4667 cupi-

1651 4690 1871 4744 ditatem
1906 4700 1959 4745 et
2005 4690 2302 4759 appetitqu
2356 4691 2628 4744 carnalem
2678 4707 2828 4756 esse;
2862 4692 3221 4745 latrocinatur

1650 4782 1791 4835 enim
1828 4781 1922 4850 qui
1955 4781 2083 4834 talis
2113 4789 2320 4835 nonest
2348 4790 2401 4835 et
2436 4782 2692 4851 templum
2731 4781 2819 4835 Dei
2853 4783 3216 4852 depraedatur,

1651 4878 1833 4938 atque,
1870 4878 1928 4923 ut
1954 4869 2215 4925 audacius
2244 4869 2442 4932 dicam,
2467 4869 2634 4923 Deum
2669 4871 2816 4937 ejicit
2845 4886 2872 4923 a
2902 4873 3217 4940 semetipso,

1649 4968 1703 5015 ct
1733 4961 2069 5015 conscientia
2095 4962 2214 5030 ejus
2249 4961 2508 5015 obduruit
2541 4970 2590 5013 et
2609 4962 2910 5030 percalluit,
2945 4977 3007 5015 ac
3039 4963 3221 5017 animo

1723 5115 1831 5184 (15)
1851 5114 2058 5180 Καλῶς
2086 5111 2686 5184 daogawdysgqula
2719 5111 2955 5184 Claram.
2991 5121 3219 5182 uterque

1649 5196 1703 5242 et
1733 5181 1936 5252 Regius
1965 5184 1999 5236 2
2033 5181 2216 5253 prima,
2243 5199 2422 5238 manu.
2462 5181 2602 5235 Edtti
2636 5181 2837 5244 κακῶς.

1721 5256 1831 5323 (Ui)
1860 5253 2151 5319 Ἠδίκησε.
2178 5253 2301 5306 Haec
2321 5255 2614 5322 scriptura,
2629 5267 2749 5321 qua?
2766 5260 2943 5323 exstat
2965 5253 3017 5304 in
3037 5253 3221 5323 Claro:

1650 5320 1908 5378 muntano
1942 5325 2130 5378 codice
2160 5323 2213 5388 ‘2,
2239 5333 2290 5377 et
2331 5320 2444 5376 alia
2490 5320 2660 5375 manu
2702 5323 2754 5374 in
2788 5320 2917 5391 Reg.
2954 5323 3008 5384 2,
3044 5324 3114 5375 ita
3151 5321 3217 5374 ad

1650 5394 1932 5449 sententia:
1978 5396 2171 5448 seriem
2208 5393 2512 5447 necessaria
2549 5400 2652 5450 est,
2689 5399 2749 5443 ut
2812 5392 2865 5442 in
2904 5399 3217 5446 contextum

1648 5466 1762 5517 visa
1786 5465 1855 5518 sit
1888 5464 2216 5533 recipienda.
2236 5463 2475 5516 Clarum.
2494 5462 2552 5533 _l.
2577 5462 2831 5533 ἠδικῇσαι
2865 5461 3008 5529 quod
3041 5461 3218 5514 mani-

1650 5535 1785 5589 feste
1817 5531 2054 5602 positum
2081 5550 2188 5603 pro
2209 5534 2453 5603 ἠδίκησε.
2492 5531 2644 5603 Editi
2667 5531 2912 5603 ὴᾷκησα.

1721 5599 1833 5675 (liii
1879 5599 2142 5658 Ἀδικῶὶκυ.
2179 5599 2255 5656 Ita
2291 5599 2421 5672 lieg.
2473 5603 2497 5655 1
2537 5611 2589 5656 et
2621 5599 2847 5655 9.7Editi
2883 5600 3086 5652 ἀδικεῖν
3131 5599 3217 5651 δο-

1649 5676 1778 5728 κῶν.
2271 5731 2273 5735 ,
2417 5679 2425 5686 ’

1721 5744 1831 5814 (16)
1880 5741 2454 5814 Ὑπερηφανευέσθω.
2535 5740 2668 5796 Tres

1651 5817 1820 5885 ὑπερη
1830 5813 2080 5882 φανείτω.

2766 5738 2918 5809 Regii
3000 5737 3216 5794 codices
