3654 6484
405 400 540 455 1187
1139 392 1502 451 APPENDIX.
1536 422 1604 435 -—
1643 391 1822 446 PARS
1858 390 1899 446 1.
1941 392 1947 441 ε

2125 388 2295 445 STINI
2325 388 2553 445 OPERA
2589 387 2716 448 SPU
2725 389 2860 446 RIA.
3502 396 3598 451 1188

395 527 481 572 est
526 530 556 569 a
596 511 959 568 monitoribus
989 510 1205 577 alieno;
1243 510 1510 564 Adamum
1536 524 1647 580 pra:
1680 525 1739 564 se
1766 509 1890 575 fert,
1921 525 1947 565 e

2125 507 2238 571 νίως
2268 508 2563 562 διάκειται*
2594 509 2689 562 καὶ
2719 508 2810 562 τὸν
2845 507 3013 580 Ἀδὰμ
3044 508 3428 580 προϐάλλεται,
3457 517 3535 563 καὶ
3556 519 3599 585 τῇ

397 608 522 663 Evae
555 606 825 660 actionem
849 604 951 660 sibi
983 602 1131 658 laudi
1152 600 1337 670 ducit,
1367 617 1491 656 cum
1531 587 1815 672 oporteret
1834 616 1947 657 mor

2126 602 2276 675 ράξει
2320 603 2419 674 τῆς
2468 604 2611 667 Εὔας
2645 603 2984 676 σεμνύνεται,
3037 603 3156 657 δέον
3190 605 3602 679 συναποθνήσκειν

395 715 521 755 cum
552 699 796 754 Christo.

2125 694 2155 766 ἶ»
2187 694 2427 767 Χριστῷ.

464 792 520 845 4.
547 787 820 856 Quomodo
843 784 1175 857 loquendum.
1196 814 1266 825 —--
1283 782 1510 854 Oportet
1527 789 1705 838 autem
1727 789 1787 838 ut
1803 783 1947 838 mult:

2145 788 2198 842 4.
2234 790 2506 861 Προσήκει
2550 787 2608 842 δὲ
2641 789 2785 859 ἡμᾶς
2807 827 2822 852 ,
2868 787 3035 842 πολλὰ
3079 790 3479 859 σκεπτομένους
3506 792 3603 861 πρὸς

394 882 682 936 nobiscum
748 879 852 949 ipsi
886 875 1319 938 considerantes,
1353 874 1563 928 nullum
1596 874 1650 927 in
1681 874 1947 944 colloquii:

2125 881 2317 943 ιυτοὺς,
2349 878 2793 949 ἀκατηγορήτους
2822 881 3089 933 ποιεῖσθαι
3121 880 3221 945 τὰς
3244 882 3475 951 ὁμιλίας,
3507 886 3603 953 μηδὲ

394 973 805 1044 reprehensioni
863 970 1042 1023 locum
1091 967 1303 1027 demus,
1362 980 1461 1019 nec
1513 963 1755 1034 nugandi
1795 965 1947 1035 grati:

2125 969 2249 1023 ιλεῖν
2308 970 2415 1040 (17)
2452 969 2538 1023 διὰ
2584 970 2645 1023 τὸ
2681 969 2959 1039 βούλεσθαι
3006 971 3304 1045 φ)υαρεῖν’
3337 975 3603 1039 σιωπῶντας

393 1068 683 1137 loquamur
705 1107 720 1131 ,
764 1063 856 1119 sed
880 1062 1103 1116 silentes
1127 1060 1362 1112 maxima
1392 1072 1457 1111 ex
1483 1065 1658 1126 parte,
1691 1056 1947 1111 moderati

2145 1059 2205 1113 τὸ
2234 1060 2501 1125 πλεῖστον,
2534 1063 2961 1132 μεμετρημένως
2983 1062 3377 1134 ἀποκρίνεσθαι
3400 1065 3519 1135 πρὸς
3537 1067 3603 1129 οὓς

391 1160 461 1214 iis
523 1152 972 1227 respondeamus,
1027 1166 1165 1221 quos
1198 1150 1356 1204 valde
1410 1164 1549 1219 opus
1587 1158 1671 1203 est
1701 1162 1947 1218 respons<

2125 1153 2161 1205 ιὶ
2194 1154 2226 1223 ἡ
2260 1152 2419 1224 χρεία
2460 1153 2796 1220 κατεπείγει.
2858 1154 3124 1207 Φευκτέον
3169 1154 3229 1207 δὲ
3263 1157 3359 1209 καὶ
3400 1157 3602 1222 ὑπονοίας

389 1264 500 1303 non
557 1247 901 1303 defraudare.
948 1241 1241 1313 Fugicndaa
1291 1240 1639 1309 suspiciones
1697 1254 1876 1309 prava:
1914 1254 1944 1294 e

2125 1241 2327 1313 >νηρὰς,
2354 1242 2449 1295 καὶ
2478 1241 2575 1313 τὴν
2607 1243 2871 1314 ὑπόληψιν
2889 1244 2984 1315 τὴν
3018 1246 3231 1299 ἑαυτῶν
3258 1247 3601 1317 δοκιμαστέον

387 1339 534 1412 quod
595 1339 699 1409 ipsi
756 1336 1104 1407 suspicamur
1159 1331 1622 1395 examinandum;
1672 1330 1947 1400 tranquillt

2125 1334 2160 1385 t‘t
2194 1335 2524 1404 ἡσυχαστέον
2548 1334 3004 1407 μακροθυμοῦντα
3038 1340 3134 1391 καὶ
3166 1340 3242 1409 μὴ
3276 1338 3598 1409 ὀργιζόμενον.

382 1449 508 1490 esse
544 1439 759 1503 Oportet
796 1430 1001 1491 animo,
1030 1425 1347 1497 patientiam
1381 1423 1704 1478 exhibentes
1752 1438 1817 1477 ac
1857 1423 1947 1476 mi-

2125 1425 2216 1477 JJ.’
2232 1426 2350 1479 οὑδὲ
2368 1426 2656 1498 φθονητέον
2672 1427 3017 1501 φιλοστοργου
3026 1431 3173 1501 μένῳ
3189 1432 3315 1483 τινί·
3336 1433 3431 1503 τήν
3445 1450 3495 1485 τε
3507 1433 3602 1503 ὑπη-

382 1525 531 1579 nime
571 1525 893 1577 irascentes.
935 1519 1043 1574 Sed
1072 1535 1173 1573 nec
1206 1516 1562 1571 invidendum
1602 1514 1697 1567 ulli
1730 1515 1947 1569 benevo-

2134 1516 2252 1569 σίαν
2277 1517 2376 1569 οὑκ
2396 1519 2791 1590 ἐπιτηδευτέον,
2825 1520 2931 1573 οὐδ’
2963 1520 3151 1593 ὥσπερ
3173 1521 3319 1574 κατά
3347 1522 3599 1593 πρόλημμει

382 1617 564 1672 lentia:
617 1615 849 1684 aucupi;
904 1628 1005 1667 nec
1066 1610 1309 1665 ofﬁciosa
1368 1606 1638 1664 sedulitas
1692 1605 1947 1678 ﬁngenda.

2125 1608 2389 1673 υλευτέον,
2421 1610 2484 1663 τὸ
2516 1611 2734 1682 πικρὸν,
2783 1611 2858 1675 ὥς
2917 1629 3101 1681 φασιν,
3144 1612 3421 1675 ἀκουσίως
3473 1632 3599 1669 xam-

381 1724 483 1763 nec
499 1709 664 1763 veluti
695 1706 993 1775 anticipato
1017 1704 1386 1768 serviendum,
1406 1718 1674 1764 amarum,
1707 1707 1766 1753 ut
1788 1698 1947 1760 aiunt,

2129 1717 2302 1752 νοντα.
2339 1700 2622 1771 Πρακτέον
2652 1701 2708 1755 δὲ
2733 1704 2840 1755 πᾶν
2872 1701 2931 1756 τὸ
2974 1702 3114 1756 κατὰ
3148 1703 3335 1757 πίστιν
3366 1703 3470 1775 (18)
3493 1705 3597 1775 ὀρθῷ

382 1798 635 1870 ingratiis
685 1797 974 1853 ehibendo.
1036 1792 1313 1865 Quidquid
1354 1794 1477 1847 fidei
1529 1799 1947 1849 consentaneum

2125 1791 2269 1844 ινόνι.
2306 1791 2421 1855 Πᾶς
2454 1791 2561 1863 γὰρ
2592 1794 2619 1845 ὁ
2652 1793 2726 1863 μὴ
2753 1792 2992 1856 τοιοῦτος
3023 1793 3117 1847 καὶ
3143 1794 3363 1846 ἐπὶτῶν
3394 1796 3597 1863 σχοινίων

382 1900 489 1954 est,
518 1898 668 1945 recta
720 1889 906 1959 regula
940 1886 1329 1958 peragendum.
1377 1886 1638 1955 Quisquis
1670 1884 1816 1939 enim
1849 1897 1947 1936 nor

2125 1900 2252 1953 map
2279 1882 2527 1953 βαδίζων,
2558 1884 2681 1938 ὅσον
2712 1885 2925 1937 οὐδέπω
2954 1888 3368 1949 καταπεσεῖται,
3399 1886 3490 1939 κᾶν
3508 1885 3596 1938 θαν-

383 1981 508 2036 talis
545 1988 649 2042 est,
670 1980 716 2035 is
750 1978 915 2034 veluti
954 1978 1213 2033 funiculis
1242 1977 1551 2041 ambulans,
1599 1982 1810 2028 tantum
1850 1988 1947 2027 nor

2125 1975 2271 2037 ιστδς
2303 1974 2442 2027 πάνυ
2474 1969 2611 2028 εἶναι
2640 1975 2765 2046 δόξῃ
2794 1979 2903 2039 τοῖς
2960 1975 3047 2030 διὰ
3109 1976 3212 2047 τὴν
3276 1977 3413 2031 ἰδίαν
3457 1980 3591 2048 ἀπρα-

382 2071 632 2140 protinus
659 2071 930 2133 concidet.
957 2071 1208 2139 quamvis
1231 2067 1585 2123 admirandus
1619 2080 1741 2122 esse
1775 2063 1947 2119 videa-

2125 2084 2181 2119 κν
2208 2067 2458 2139 κεχηνόσι
2484 2067 2620 2139 πρὸς
2644 2068 2741 2138 τὴν
2776 2069 2978 2140 ἐτέρων
3008 2069 3405 2139 μεγαλαυχίαν.
3445 2071 3595 2122 ’ἰστέον

379 2174 469 2218 tur
500 2162 810 2217 hominibus
843 2163 914 2216 ob
946 2162 1220 2233 prOpriam
1241 2161 1491 2215 inertiam
1520 2174 1615 2214 ore
1637 2157 1807 2213 hianti
1825 2158 1947 2214 alie-

2128 2175 2155 2211 ν
2180 2158 2231 2210 τί
2266 2160 2361 2229 μὲν
2390 2159 2451 2212 τὸ
2502 2159 2951 2232 ἐπιτηδευόμενον
2982 2157 3138 2229 δόξης
3187 2160 3373 2224 ἕνεκα,
3402 2163 3597 2214 ποταπὴν

379 2264 505 2305 nam
529 2249 846 2320 iactantiam
862 2251 1259 2320 spectantibus.
1281 2248 1575 2304 Sciendum
1614 2248 1800 2319 igitur,
1829 2247 1947 2317 quid

2156 2250 2215 2303 τὸ
2269 2250 2410 2304 κα.τά
2464 2250 2719 2321 ἀλήθειαν
2774 2252 3165 2322 πραττόμενον.
3213 2253 3325 2305 Καὶ
3374 2254 3457 2307 διὰ
3478 2255 3597 2306 τοῦτο

379 2343 452 2399 sit
473 2343 525 2398 id
556 2342 699 2414 quod
717 2344 903 2413 gloria:
929 2358 1098 2398 causa
1130 2343 1373 2411 fingitur,
1388 2350 1439 2397 et
1473 2341 1635 2412 quale
1659 2340 1791 2395 illud
1812 2341 1947 2411 quod

2125 2342 2362 2396 ικιστέον
2390 2342 2488 2413 τὴν
2530 2342 2723 2396 ἑαυτοῦ
2758 2344 2883 2413 νῆα,
2933 2344 3008 2414 μὴ
3050 2344 3509 2415 καταψευδόμενον
3524 2347 3597 2416 τῆς

378 2451 507 2492 vere
532 2451 598 2491 ex
637 2436 821 2490 animo
848 2436 943 2492 sit.
968 2437 1047 2491 Ac
1074 2445 1361 2506 prepterea
1392 2450 1492 2491 sua
1522 2434 1721 2503 cuique
1751 2434 1947 2503 guber-

2132 2434 2457 2507 ϐερνητικῆς
2491 2435 2601 2506 (19)
2636 2436 2769 2507 μηδὲ
2789 2434 2992 2489 δεδιότα
3019 2436 3130 2507 (20)
3172 2439 3302 2501 τοὺς
3344 2438 3597 2509 χειμῶνας,

380 2529 561 2583 nanda
590 2529 769 2596 navis,
806 2529 879 2583 ita
914 2537 973 2582 ut
1003 2545 1103 2583 nec
1125 2526 1467 2600 gubernandi
1506 2534 1679 2580 artem
1715 2524 1853 2580 falso
1876 2526 1947 2579 vi-

2125 2528 2153 2580 ,ἱ
2197 2528 2305 2580 πᾶν
2358 2527 2419 2581 τὸ
2475 2526 2535 2592 ἐξ
2563 2527 2809 2591 ἐναντίας
2836 2528 3249 2599 ἀποϐησόμενον
3301 2530 3600 2601 προσδοκῶν-

378 2628 612 2693 tuperet,
666 2637 767 2677 nec
828 2628 1184 2691 tempestates
1233 2618 1522 2686 formidet;
1558 2618 1653 2673 sed
1688 2615 1947 2688 quidquid

2125 2636 2158 2681 νς
2185 2618 2317 2690 (21).
2374 2618 2585 2689 Σάρκες
2635 2620 2743 2691 γὰρ
2771 2622 2954 2693 ἀκμήν
2982 2623 3170 2692 ἐσμεν,
3208 2624 3303 2675 καὶ
3328 2622 3477 2675 οὐδὲν
3497 2624 3599 2691 ἡμῖν

379 2712 593 2769 adversi
625 2714 856 2778 accidet,
878 2714 945 2768 ad
978 2714 1029 2767 id
1061 2713 1360 2782 imparatus
1383 2726 1491 2765 non
1523 2711 1612 2767 sit.
1646 2708 1787 2765 Caro
1809 2713 1947 2766 enim

2125 2710 2258 2765 ἀθὸν
2312 2712 2526 2763 ἐνοικεῖ.
2570 2710 2955 2783 Παρακλητέον
2999 2708 3091 2765 οὖν
3132 2714 3226 2766 τὸν
3270 2714 3450 2784 ἰατρὸν
3493 2714 3599 2783 πρὸς

378 2816 623 2872 prorsus
642 2817 832 2856 sumus
852 2842 867 2867 ,
904 2818 1005 2856 nec
1035 2801 1161 2856 boni
1190 2799 1486 2870 quidquam
1520 2799 1576 2853 in
1604 2798 1764 2854 nobis
1802 2798 1947 2852 habi-

2128 2820 2156 2855 ν
2200 2801 2495 2874 θεραπείαν
2520 2816 2532 2831 °
2560 2802 2589 2854 ὁ
2622 2802 2729 2873 γὰρ
2748 2801 2889 2856 οὑτω
2940 2802 3287 2875 διακείμενος
3358 2804 3601 2875 ἰαθήσεται

379 2902 482 2950 tat.
508 2893 877 2950 Advocandus
922 2908 1053 2964 ergo
1087 2891 1155 2946 ad
1189 2890 1492 2946 curandum
1520 2891 1799 2957 medicus;
1858 2891 1953 2961 qui

378 2986 523 3042 enim
556 2987 631 3041 ita
662 2985 886 3042 aliectus
920 2987 1027 3041 erit
1058 2985 1264 3049 animo,
1304 2983 1590 3039 sanabitur
1621 2990 1676 3037 et
1701 2981 1953 3036 morbum

380 3077 617 3147 ell‘ugiet.
656 3077 842 3132 Danda
893 3091 1059 3147 opera
1102 3084 1161 3130 ut
1190 3089 1291 3131 nec
1328 3074 1491 3128 rudes
1524 3083 1578 3129 et
1611 3072 1849 3143 imperiti
1878 3074 1947 3129 si-

2125 3094 2189 3131 ιτι
2212 3077 2607 3149 καταχρῆσθαι.
2632 3079 2706 3131 Τὸ
2732 3079 2831 3149 μὲν
2849 3080 2956 3150 γὰρ
2972 3080 3206 3152 ὀκνηρὸν
3232 3082 3265 3151 ἢ
3288 3082 3504 3135 ἄπιστον
3519 3098 3530 3111 ο
3556 3079 3601 3130 τὸ

384 3186 507 3225 mus
544 3169 599 3223 in
628 3169 919 3239 loquendo,
953 3185 1052 3225 nec
1078 3184 1173 3224 ore
1194 3168 1419 3224 eil'racto
1460 3167 1771 3220 abutamur.
1797 3165 1947 3220 Alte-

2134 3167 2424 3238 θηρατικὺν
2444 3169 2538 3221 τοῦ
2568 3168 2708 3223 κατὰ
2722 3169 2814 3222 τὸν
2833 3170 3351 3241 κόσμον’σπουδαίου
3377 3173 3597 3226 δείκνυσι.

382 3280 505 3319 rum
560 3266 705 3320 enim
759 3264 951 3320 inertis
981 3280 1045 3319 ac
1081 3264 1306 3320 minime
1338 3263 1403 3317 ad
1440 3263 1597 3318 tidem
1630 3261 1734 3316 sibi
1782 3262 2183 3317 conciliandam
2216 3264 2419 3332 idonei,
2452 3265 2687 3320 alterum
2730 3266 3004 3323 venatoris
3063 3282 3279 3333 eorum,
3326 3284 3446 3340 quae
3498 3282 3601 3338 prte-

383 3358 533 3413 clara
567 3357 771 3412 mundo
799 3358 1073 3425 videntur,
1111 3359 1373 3414 indicium
1399 3366 1503 3413 est.
3008 3406 3031 3431 ,

454 3451 509 3506 5.
546 3450 844 3506 Moderatio
883 3454 938 3507 in
984 3455 1129 3508 omni
1157 3455 1296 3508 victu
1334 3454 1384 3508 et
1413 3454 1559 3507 cultu
1586 3451 1863 3507 servanda.
1889 3478 1947 3494 ~—

2133 3450 2187 3504 5.
2212 3451 2452 3522 Τροφαῖς
2504 3450 2560 3504 δὲ
2610 3452 2902 3522 χρηστέον,
2968 3453 3027 3505 οὑ
3058 3452 3147 3505 διὰ
3188 3454 3290 3524 τὴν
3319 3455 3598 3515 ἀπόλαυσιν,

380 3542 531 3600 Cibis
552 3545 811 3601 utendum
829 3585 844 3609 ,
873 3560 983 3599 non
1012 3546 1079 3600 ad
1108 3547 1459 3617 voluptatem,
1492 3545 1587 3601 sed
1611 3544 1947 3615 quodvivere

2125 3541 2194 3595 λὰ
2227 3541 2315 3595 διὰ
2346 3542 2408 3594 τὸ
2440 3541 2720 3612 βούλεσθαι
2756 3542 2854 3614 ζῇν
2883 3543 2975 3597 ἐπί
3006 3561 3061 3595 τι
3084 3546 3371 3615 χρήσιμον,
3418 3547 3529 3599 Ἐὰν
3557 3546 3599 3597 δέ

2056 2894 2149 2949 καὶ
2176 2893 2274 2964 τὴν
2305 2896 2460 2948 νόσον
2476 2892 2748 2964 φεύξεται.
2769 2895 3138 2950 Σπουδαστέον
3162 2897 3220 2951 δὲ
3250 2898 3390 2970 μήτε
3422 2896 3599 2965 ἰδιώτην

2055 2987 2184 3059 περὶ
2210 2986 2302 3040 τὸν
2334 2987 2489 3055 λόγον
2524 2989 2831 3057 φαίνεσθαι,
2868 2990 3006 3061 μήτε
3036 2991 3376 3062 ἀνερῤωγὸτι
3420 2991 3490 3060 τῷ
3515 2989 3603 3041 στό-

381 3634 447 3688 ad
507 3636 747 3707 aliquam
811 3638 1101 3692 utilitatem
1135 3638 1386 3691 velimus.
1432 3635 1586 3703 Quod
1634 3636 1682 3691 si
1724 3650 1825 3691 nos
1859 3636 1954 3689 ali-

378 3728 596 3798 quando
627 3730 791 3783 etiam
822 3739 1034 3800 egestas
1085 3728 1550 3799 comprehendat,
1585 3742 1742 3797 aequo
1770 3727 1953 3783 animo

379 3818 435 3873 in
468 3825 785 3890 paupertate
809 3821 983 3873 simus
1007 3836 1021 3881 ς
1054 3835 1119 3873 ac
1143 3819 1191 3873 si
1220 3818 1540 3873 brevissime
1575 3817 1764 3871 audire
1789 3817 1953 3871 vultis

376 3911 513 3980 quid
549 3911 620 3965 sit
654 3911 871 3964 animus
905 3910 1158 3964 mmroris
1197 3924 1413 3978 expers,
1449 3907 1589 3977 aequi
1623 3914 1677 3962 et
1709 3906 1951 3961 contenti

378 4000 434 4053 in
462 4000 714 4053 omnibus
747 4007 959 4067 estote;
1001 4015 1103 4055 nec
1151 4000 1349 4054 divites
1384 3998 1510 4053 facti
1539 4000 1610 4053 ob
1640 3999 1951 4068 superbiam

378 4088 607 4154 cadetis,
640 4105 740 4144 nec
764 4090 818 4143 in
880 4090 1178 4160 indigentia
1205 4090 1449 4145 viventes
1476 4105 1680 4144 mceror
1705 4090 1949 4158 dejiciet,

376 4191 560 4237 vestra
593 4192 772 4237 mente
800 4184 1052 4238 eumdem
1090 4198 1303 4253 semper
1330 4184 1562 4247 vultum,
1595 4193 1652 4237 ut
1682 4183 1820 4237 ratio
1842 4182 1953 4236 vir—

377 4274 481 4327 tuti
515 4284 884 4331 consentanea
911 4277 1171 4345 postulat,
1204 4284 1477 4331 servante.
1508 4274 1776 4330 Prazterea
1800 4290 1955 4328 mun-

378 4367 482 4422 dus
508 4368 688 4421 omnis
714 4368 929 4422 alienus
964 4383 993 4421 a
1029 4368 1188 4422 nobis
1217 4367 1635 4431 existimandus,
1672 4383 1771 4421 nec
1801 4367 1952 4437 quid-

377 4474 542 4527 quam
598 4460 758 4515 nobis
803 4461 1106 4530 proprium,
1162 4466 1359 4528 praeter
1407 4459 1585 4524 ﬁdem,
1619 4458 1948 4514 ducendum.

377 4548 564 4619 Neque
587 4552 753 4620 igitur
787 4553 1083 4622 quidquam
1108 4550 1399 4604 admodum
1424 4548 1629 4604 humile
1661 4549 1952 4619 exquirent-

377 4640 531 4706 dum,
562 4658 662 4696 nec
694 4659 887 4698 rursus
946 4642 1373 4713 magnificentia,
1408 4656 1571 4711 quam
1633 4640 1954 4710 insipientes

376 4733 592 4791 beatam
626 4736 945 4805 praedicant,
986 4735 1043 4789 in
1085 4734 1236 4790 urbis
1262 4732 1658 4805 magnitudine,
1682 4740 1736 4787 et
1768 4747 1950 4788 rerum

2055 3653 2185 3688 ποτε
2220 3636 2314 3688 καὶ
2345 3635 2453 3704 (22)
2489 3634 2593 3687 ὑπὸ
2640 3635 2845 3699 ἐνδείας
2873 3635 3331 3707 καταληφθῶμεν,
3368 3637 3491 3709 πρὸς
3518 3639 3595 3705 τὴν

2057 3726 2248 3780 πενίαν
2299 3727 2719 3797 εὑαρεστῶμενο
2776 3727 2870 3780 καὶ
2910 3729 2956 3780 εί
3020 3728 3204 3781 θέλετε
3257 3730 3478 3783 ἀκοῦσαι
3520 3730 3595 3798 τῆς

2054 3818 2286 3881 ἀλυπίας
2307 3818 2448 3871 κατά
2483 3818 2772 3889 συντομίαν
2800 3819 2862 3872 τὸ
2882 3814 3039 3883 εἶδος,
3062 3822 3120 3873 ὲν
3156 3823 3321 3875 πᾶσιν
3352 3823 3595 3892 εὐάρεστοι

2054 3910 2267 3979 γίνεσθε
2302 3909 2443 3981 (25)’
2472 3910 2566 3964 καὶ
2597 3910 2719 3963 οὔτε
2766 3910 3169 3982 πλουτήσαντες
3212 3914 3299 3967 διὰ
3332 3914 3426 3984 τὴν
3464 3929 3596 3983 μεγα-

2053 3999 2278 4071 λαυχίαν
2310 4001 2725 4065 καταπεσεῖσθε,
2771 4000 2895 4054 οὑτε
2928 4004 2985 4055 ἐν
3016 4003 3195 4074 ἐνδείᾳ
3226 4004 3489 4072 διάγοντες
3514 4003 3596 4053 ὑπὸ

2054 4093 2155 4163 τῆς
2200 4092 2375 4163 λύπης
2421 4092 2900 4164 πτερνισθήσεσθε,
2935 4094 3036 4163 τῆς
3091 4095 3300 4158 ἑννοίας
3334 4095 3476 4165 ὑμῶν
3506 4093 3596 4163 (25)

2053 4185 2139 4238 ἀεὶ
2174 4183 2314 4237 κατά
2367 4185 2459 4237 τὸν
2510 4184 2764 4255 ἐνάρετον
2796 4184 2953 4254 λόγον
2999 4182 3414 4257 μονοπροσὼπου
3448 4200 3595 4253 ’,ταναο-

2058 4276 2244 4346 μένης.
2279 4277 2401 4328 Ἔτι
2432 4275 2488 4328 δὲ
2517 4276 2854 4346 ὑποληπτέον
2904 4278 3082 4331 πάντα
3114 4278 3210 4331 τὸν
3243 4279 3436 4349 κόσμον
3470 4276 3594 4329 ἀλλό-

2052 4384 2221 4438 τριον,
2269 4368 2361 4422 καὶ
2417 4369 2490 4440 μὴ
2544 4367 2694 4433 ἴδιον,
2744 4368 2904 4422 πλέον
2947 4368 3206 4433 πίστεως.
3244 4369 3376 4423 Οὑτε
3413 4364 3498 4421 οἷν
3527 4384 3592 4433 ςκ-

2051 4459 2173 4512 λίαν
2213 4459 2322 4529 (25)
2365 4460 2606 4529 ἐπίγειον
2669 4459 2949 4530 ζητητέον,
2984 4459 3110 4513 οὑτε
3166 4458 3236 4515 αὖ
3284 4459 3592 4514 πολυτέλειαν

2054 4551 2158 4603 ὑπὸ
2179 4553 2418 4622 ἀνοήτων
2459 4550 2900 4624 μακαριζομένην
2950 4554 3008 4605 ἐν
3066 4553 3283 4622 μεγέθει
3331 4548 3588 4614 πόλεωςςῆ

2051 4640 2301 4712 δαψιλείᾳ
2350 4643 2458 4695 τῶν
2504 4643 2856 4713 ἐπιτηδείων·
2883 4636 2959 4697 ὧν
2992 4644 3101 4697 οὐδ’
3136 4643 3499 4714 ὲπιθυμητέον.
3530 4637 3589 4689 Οὑ

2054 4732 2162 4804 γάρ
2212 4736 2379 4805 ἐσμεν
2428 4737 2492 4788 ὲκ
2520 4734 2710 4788 τούτου
2743 4735 2837 4788 τοῦ
2864 4734 3079 4801 αἰῶνος,
3113 4736 3282 4806 χωρὶς
3314 4732 3451 4803 εἰμὴ
3482 4745 3589 4794 σιγ-

378 4900 383 4904 ’
451 4916 565 4985 (t7)
599 4915 763 4982 Μηδὲ
815 4914 1046 4969 λαλεῖν.
1100 4913 1234 4984 Reg.
1290 4912 1346 4985 ε,
1380 4912 1454 4984 μὴ
1488 4912 1667 4965 λαλεῖν
1705 4912 1783 4966 δέ.
1829 4913 1947 4969 Duo

2125 4914 2237 4985 (21)
2272 4915 2757 4983 Προσδοκῶντος.
2801 4916 2881 4970 Ita
2915 4922 3028 4970 tres
3080 4913 3237 4985 Regii
3281 4921 3333 4969 et
3374 4910 3583 4966 Clarom.

379 4983 471 5039 alii
508 4994 567 5039 ut
601 4988 849 5055 intextn.
888 4985 1029 5038 Editi
1077 4986 1237 5055 μηδὲν
1259 4983 1457 5055 λαλεῖν.

451 5058 564 5125 (18)
598 5054 727 5109 Πᾶν·
753 5055 818 5108 τὸ
853 5056 999 5109 κατὰ
1036 5051 1261 5110 π’ίοέτιν.
1284 5052 1617 5125 Legendunr
1644 5051 1855 5125 videtur
1884 5053 1950 5125 τὸ

377 5122 489 5184 πᾶν
537 5122 678 5181 κατὰ
710 5127 909 5189 πίστιν,
949 5126 1141 5179 Omnia
1175 5135 1514 5178 consentanea
1545 5122 1667 5190 ﬁdei
1688 5123 1951 5190 facienda.

379 5198 567 5254 Potest
601 5207 785 5252 tamen
815 5198 1033 5267 vulgata
1053 5196 1324 5267 scriptura
1348 5192 1416 5267 ad
1445 5193 1693 5267 eumdem
1728 5208 1949 5246 sensum

381 5262 1274 5334 revocari,nimirunfutquidquid
1296 5262 1600 5333 agimus,id
1632 5277 1730 5316 sua
1762 5271 1955 5334 sponte

383 5341 506 5394 fidei
530 5346 957 5394 consentaneum
986 5331 1058 5390 sit
1087 5343 1140 5389 et
1164 5331 1319 5389 recte
1338 5331 1383 5385 'a
1421 5334 1575 5387 nobis
1610 5341 1823 5401 agatur.
1869 5331 1956 5385 Si-

383 5410 533 5464 milia
556 5410 821 5462 habemus
846 5424 903 5461 n.
936 5407 999 5478 i:
1025 5406 1137 5457 Πᾶν
1154 5406 1213 5458 τὸ
1235 5404 1376 5458 κατὰ
1398 5403 1610 5478 θέλημα
1632 5402 1725 5454 τοῦ
1743 5403 1955 5474 Πατρός

381 5480 487 5531 τῶν
514 5478 722 5531 αξώνων
754 5475 1093 5547 ἀπαρτίζειν.

454 5550 566 5618 (19)
593 5543 974 5618 Temeritatem
1008 5556 1060 5600 et
1075 5544 1316 5618 nimiam
1341 5543 1682 5618 timiditatem
1717 5550 1948 5606 resecat,

380 5613 725 5688 prudentiam
746 5626 809 5688 et
828 5617 1031 5688 justam
1059 5614 1317 5688 ﬁduciam
1343 5613 1666 5688 prtescribit.

455 5688 567 5755 (‘20)
598 5685 761 5752 Μηδὲ
782 5682 1193 5755 δεδιόταηΤιόε
1230 5682 1379 5751 Regii
1418 5682 1550 5753 μηδὲ
1567 5682 1945 5755 δεδιττόμενον.

382 5752 622 5808 Claroin.
658 5756 709 5819 1,
747 5755 880 5824 μηδὲ
912 5753 1115 5818 δεδιώς,
1153 5755 1286 5809 alter
1317 5752 1599 5821 utramque
1657 5752 1815 5810 habet
1870 5752 1949 5803 le-

384 5828 641 5879 ctionem.

2050 4986 2105 5041 2.
2142 4986 2281 5056 Editi
2317 4985 2716 5056 προσδοκῶντα.

2126 5055 2239 5123 (22)
2284 5043 2417 5109 Ἐάν
2444 5055 2511 5125 δέ
2540 5073 2685 5109 ποτε
2736 5056 2853 5109 καί.
2912 5054 3152 5108 Clarum.
3194 5051 3373 5125 2,_é&v
3416 5043 3583 5125 δὲκαῇ

2125 5119 2238 5195 (25)
2282 5127 2378 5178 Ἐν
2406 5122 2593 5179 πᾶσιν
2620 5125 2927 5192 εὐάρεστοι
2976 5125 3235 5191 γίνεσθε,
3258 5122 3467 5191 Legitur
3484 5119 3586 5169 5'11-

2057 5212 2245 5268 ρεστον
2277 5196 2486 5268 γίνεται
2518 5195 2572 5268 in
2608 5197 2786 5268 tribus
2811 5195 3012 5268 Regiis.

2126 5265 2241 5347 (g4)
2399 5266 2639 5331 ἐννοίας
2666 5264 2848 5334 ὑμῶν.
2886 5254 3018 5335 Reg.
3073 5265 3097 5317 1
3145 5274 3197 5319 et
3218 5261 3371 5329 5,τῆς
3402 5254 3584 5313 ἐννοίας

2055 5338 2240 5478 inng.)
2264 5406 2414 5458 οὔτε
2450 5402 2564 5460 οὖν
2596 5406 2827 5478 gulam
2850 5402 3028 5478 aque
3056 5403 3219 5470 igitur
3239 5398 3498 5478 auertenda
3520 5402 3581 5444 at

2055 5472 2289 5529 amicitia
2317 5485 2545 5531 terrena.
2596 5475 2720 5529 Haec
2762 5474 3008 5545 profecto
3052 5490 3161 5545 non
3197 5472 3580 5545 quadrantem

2054 5546 2412 5613 sequentibus
2465 5546 2667 5600 verbis.
2705 5538 2810 5599 Sed
2870 5544 2914 5597 si
2956 5557 3063 5597 una
3109 5538 3377 5613 immutata
3427 5538 3581 5613 littera

2053 5602 2322 5684 legamus,
2357 5616 2479 5669 οὔτε
2511 5613 2604 5669 οὖν
2625 5634 2677 5667 τι
2743 5615 2861 5667 λίαν
2889 5615 3128 5680 ἐπίγειον
3174 5609 3436 5683 ζητητέον,
3470 5602 3580 5680 Πίβιῖί

2054 5684 2366 5739 defuturum
2388 5695 2519 5755 puto
2549 5687 2615 5739 ad
2650 5685 2987 5740 commodam
3014 5684 3421 5755 sententiam,ut
3453 5688 3585 5755 quis-

2053 5772 2158 5824 quc
2191 5772 2254 5811 ex
2294 5749 2482 5811 Latina
2513 5756 2957 5825 interpretatione
2971 5753 3385 5807 animadvertere
3408 5749 3581 5815 ριιιεθῑι
