3652 6506
33 353 84 410 ιθ
994 352 1329 411 EPISTOLA
1361 353 1453 408 AD
1485 352 1719 410 ZENAM
1742 350 1830 406 ET
1869 350 2223 410 SERENUM.

3090 358 3231 416 H90

34 470 122 530 εἰς
159 466 324 521 εἶναι
360 467 547 521 τούτου
566 466 662 521 τοῦ
698 466 903 537 κόσμου
926 466 1251 537 βουλόμεθα.
1278 465 1544 520 Συνελόντι

1761 464 1967 518 cultum
1999 463 2386 533 pertinentium
2412 445 2605 535 copia;
2648 479 2771 536 quae
2802 446 3075 537 ne'cxpeti
3109 470 3223 539 qui-

38 563 256 623 εξπεῖν,
330 562 364 614 ό
422 560 589 614 θέλων
620 556 679 613 εὖ
712 560 919 628 διάγειν
973 560 1109 629 μήτε
1142 558 1321 629 ὁράτω
1352 556 1543 620 πολλὰ,

33 671 83 705 τε
120 653 371 707 ἀκούειν
402 652 789 723 ἐπιτηδευέτω
818 652 943 723 μήτ’
976 650 1041 717 ἂν
1074 649 1245 721 ἀκούῃ
1276 649 1310 719 ἢ
1344 649 1545 720 θεωρῇ,

38 764 169 800 πειν
195 746 234 817 ἢ
274 745 505 801 ἀκούειν
538 744 824 816 νομιζέτω.
869 743 943 797 Τὸ
974 742 1083 815 γὰρ
1117 743 1215 814 τῆς
1248 742 1547 813 ἀταραξίας

33 857 79 902 ις
141 837 422 892 ἐντεῦθεν
485 835 751 906 λαμϐάνει
807 835 907 906 τὴν
968 835 1160 906 ἀρχήν.
1197 834 1255 887 '0
1288 833 1343 885 δὲ
1377 832 1546 886 πολλά

33 930 497 1000 ιγματευόμενος
520 928 708 982 ἑαυτὸν
740 927 937 990 ἀδικεῖ,
960 927 1053 979 καὶ
1083 925 1176 979 τὸν
1209 924 1437 996 πλησίον
1466 924 1546 977 ἔτι

65 1022 371 1085 ἀκουσίως
412 1019 743 1091 ἁμαρτάνειν
766 1017 852 1071 διὰ
881 1017 979 1089 τὴν
1038 1016 1175 1087 πρὸς
1206 1017 1368 1069 αὑτὸν
1401 1015 1549 1084 φιλο-

33 1114 153 1167 ιιίαν
210 1115 391 1167 ποιεῖ.
457 1112 721 1174 Πολλάκις
764 1106 856 1164 οῦν
892 1108 1243 1163 διασκεπτέον
1266 1108 1327 1161 τὸ
1354 1109 1549 1161 ὑποπε-

34 1207 163 1269 meo;
228 1208 499 1277 πρᾶγμα,
560 1204 654 1257 καὶ
707 1204 829 1257 τότε
884 1203 1034 1273 μόλις
1100 1201 1397 1273 χωριστέον
1452 1200 1545 1253 ἀπ’

33 1298 107 1351 τοῦ
132 1295 237 1349 τὸν
280 1297 428 1366 μήτε
470 1293 579 1365 (26)
639 1292 965 1362 καυστῆρσι,
1004 1291 1141 1361 μήτε
1189 1288 1420 1359 σμιλίοις
1448 1288 1548 1357 τὴν

34 1407 96 1440 ον
160 1390 377 1457 φυγεῖν
438 1386 816 1457 δεδυνημένον.
864 1381 1178 1453 Ὀμιλητέον
1209 1381 1263 1433 δὲ
1290 1379 1548 1450 κοσμικὸν

34 1482 117 1544 μὲν,
153 1479 307 1534 ἀλλά
342 1478 407 1532 τὸ
468 1476 789 1549 καταρτίζον
846 1477 992 1547 ἡμᾶς
1041 1474 1178 1546 πρὸς
1194 1474 1293 1544 τὴν
1323 1473 1544 1543 ἀρετήν.

33 1575 117 1627 Sto
142 1574 266 1644 γὰρ
301 1572 376 1643 ἦν
414 1571 487 1644 μὴ
516 1570 755 1642 γίνηται,
792 1568 987 1640 πολλὴν
1027 1569 1161 1639 ημῖν
1192 1566 1291 1638 τὴν
1348 1567 1546 1637 εὐτρα-

32 1665 133 1719 ιίαν
170 1665 485 1736 ἐργάζεται
504 1682 518 1695 ο
555 1664 647 1718 καὶ
676 1666 704 1717 ὁ
725 1662 1021 1733 φιλόνεικος
1070 1658 1318 1713 ἐντεῦθεν
1345 1658 1550 1729 λαμϐά-

48 1756 149 1825 τὴν
170 1754 473 1826 ἀφορμήν-

32 1930 68 1985 5.
112 1930 263 2001 Ἤδη
318 1928 455 1998 γοῦν
500 1946 650 1993 τινας
706 1929 861 2000 ίσμεν
916 1929 1143 2000 δόγματι
1193 1929 1295 1999 τῆς
1340 1929 1545 1984 ἑαυτῶν

31 2020 362 2091 οαιρέσεως,
386 2021 448 2073 τὸ
476 2020 595 2073 ὅσον
629 2022 711 2090 ἐφ’
736 2022 969 2083 ἑαυτοῖς,
1005 2020 1101 2091 τὴν
1136 2022 1347 2091 ἡμέραν
1376 2022 1547 2075 νύκτα

32 2112 269 2177 ιοῦντας,
306 2112 409 2165 και)⁸
440 2112 525 2164 διὰ
556 2112 653 2183 τὴν
694 2113 1070 2183 ὲσκιρωμένην
1112 2112 1221 2185 (27)
1247 2116 1546 2182 φαντασίαν

32 2204 247 2255 λόκοτον
318 2201 686 2265 ἀπιστοῦντας
746 2205 858 2266 τοῖς
906 2202 1062 2255 ἐνίων
1106 2202 1545 2274 κατορθώμασιν,

31 2294 292 2365 θομένους
328 2292 391 2345 δὲ
421 2293 513 2345 ἐπὶ
542 2293 779 2357 τούτοις,
812 2294 905 2347 καὶ
960 2294 1074 2365 ἅμα
1112 2294 1189 2365 τῷ
1235 2294 1464 2366 πονηρόν
1494 2314 1547 2348 τι

32 2386 208 2449 οὖσαι,
233 2384 322 2455 τῷ
357 2385 814 2456 καταψευδομένῳ
845 2386 1042 2457 μᾶλλον
1078 2387 1444 2451 πιστεύοντας.
1482 2388 1547 2440 Τί

32 2494 65 2546 γρ
102 2494 193 2546 μοι
225 2475 420 2543 λέγειν
453 2476 579 2547 περὶ
619 2476 726 2528 τῶν
769 2476 855 2529 διὰ
902 2476 963 2529 τὸ
1000 2476 1406 2547 δυσσυνείδητον
1448 2477 1548 2540 τὰς

31 2568 67 2619 ab
92 2567 199 2619 τῶν
230 2566 471 2640 πλησίον
508 2566 726 2637 ὁμιλίας
758 2568 837 2631 είς
874 2568 1098 2630 ἑαυτοὺς
1136 2567 1419 2631 ἑλκόντων,
1454 2568 1548 2621 καὶ

31 2676 50 2710 ι
89 2658 215 2711 ἄλλο
264 2675 358 2721 τις
406 2658 702 2728 φθέγξηται
747 2659 873 2730 περὶ
926 2658 1253 2721 οὑτινοσοῦν,
1287 2659 1547 2729 οἰομένων

31 2749 95 2811 ιὸς
134 2749 344 2811 αὐτοὺς
392 2749 587 2802 τείνειν
635 2749 695 2802 τὺ
739 2749 1048 2819 λεγόμενον,
1088 2748 1447 2803 ἀναπλάττειν
1488 2767 1546 2802 τε

32 2837 117 2889 ιτάι
145 2837 207 2891 τὸ
250 2837 409 2901 εἰκὸς
450 2837 516 2891 ὲκ
560 2838 762 2891 τούτων
803 2839 986 2910 δρᾶμα
1030 2840 1124 2893 καὶ
1166 2840 1405 2911 σκηνήν;
1452 2834 1548 2901 Οἷς

31 2928 183 3000 τόχρη
217 2931 282 2984 τὸ
323 2931 450 2984 καθ’
479 2931 729 2984 ὑπόνοιαν
759 2930 936 3001 λέγειν
978 2932 1071 2985 κα)⁵
1106 2932 1357 3002 γράφειν.
1391 2930 1547 2985 Γελά-

31 3037 119 3091 ιιμι
148 3022 192 3073 δ’
230 3022 300 3076 ἂν
333 3025 430 3077 καὶ
469 3025 595 3089 τοὺς
626 3026 683 3077 ὲν
713 3024 1044 3095 παραϐύστῳ
1084 3024 1222 3095 μετά
1256 3041 1400 3087 τινος
1438 3023 1545 3077 τῶν

1648 553 1768 608 dem
1822 554 2049 610 debent.
2093 554 2212 610 Non
2256 556 2399 611 enim
2431 571 2623 611 sumus
2652 573 2716 611 ex
2751 557 2856 613 hoc
2877 560 3097 622 sacculo,
3124 561 3227 616 nisi

1648 644 1789 700 forte
1819 646 2008 701 aﬁines
2034 646 2199 717 hujus
2233 647 2421 702 mundi
2472 662 2595 704 esse
2625 648 2876 705 velimus.
2914 648 3031 704 Uno
3063 652 3227 706 verbo

1645 735 1804 806 411
1838 737 1930 806 qui
1962 738 2078 793 vult
2133 739 2291 793 beate
2326 739 2528 805 vivere,
2554 753 2655 795 nec
2692 740 2864 794 multa
2895 742 3098 805 videat,
3129 757 3227 796 nec

1647 828 1839 883 audire
1876 829 2059 884 studio
2089 830 2193 885 sibi
2227 830 2462 898 habeat;
2493 848 2591 887 nec
2613 832 2658 887 si
2687 833 2873 889 audiat
2906 841 2999 888 aut
3024 834 3227 899 videat,

1647 918 1839 973 audire
1872 930 1964 975 aut
2005 921 2188 978 videre
2240 922 2344 977 sibi
2379 922 2648 978 videatur.
2714 924 2845 978 Inde
2877 925 3024 979 enim
3059 926 3229 979 animi

1646 1011 2013 1081 tranquillitas
2060 1013 2276 1068 initium
2307 1016 2470 1085 capit.
2511 1015 2615 1082 Qui
2660 1024 2839 1072 autem
2868 1019 3039 1071 multa
3072 1021 3229 1073 moli-

1646 1110 1755 1165 tur,
1782 1102 1829 1156 is
1862 1110 1915 1157 et
1945 1103 2187 1174 seipsum
2223 1104 2392 1169 laedit,
2420 1114 2477 1160 et
2513 1107 2567 1160 in
2600 1122 2765 1161 causa
2795 1117 2879 1163 est
2907 1124 3007 1161 cur
3048 1110 3230 1179 proxi-

1646 1211 1791 1259 mus,
1811 1195 1993 1250 studio
2012 1198 2369 1252 contendendi
2392 1214 2515 1253 cum
2536 1201 2673 1269 ipso,
2696 1201 2858 1255 etiam
2886 1202 3089 1257 invitus
3110 1218 3230 1271 pec-

1648 1294 1752 1340 cet.
1793 1284 1946 1355 Sarpe
1979 1286 2143 1356 igitur
2195 1290 2657 1344 considerandum
2692 1291 2745 1345 id
2771 1292 2837 1346 de
2867 1308 2977 1362 quo
3010 1296 3224 1365 agitur;

1649 1384 1874 1446 tumque
1904 1378 1995 1431 vix
2047 1392 2077 1431 a
2122 1379 2281 1433 nobis
2332 1382 2673 1449 separandus
2704 1382 2771 1447 is,
2816 1384 2975 1452 cujus
3000 1386 3227 1440 morbus

1648 1483 1749 1522 nec
1764 1468 2027 1523 cauteriis
2059 1485 2159 1523 nec
2189 1470 2466 1540 scalpellis
2483 1470 2654 1541 fugari
2682 1474 2878 1542 potuit.
2900 1474 3045 1528 Nihil
3075 1491 3230 1529 mun-

1646 1557 1851 1611 danum
1915 1558 1969 1611 in
2023 1560 2310 1628 colloquiis
2346 1561 2710 1628 tractandum,
2742 1563 2835 1617 sed
2864 1562 2917 1617 id
2947 1565 3092 1634 quod
3122 1583 3226 1622 nos

1647 1649 1715 1702 ad
1765 1648 2018 1704 virtutem
2062 1651 2293 1720 perﬁcit.
2346 1650 2462 1705 Nisi
2491 1654 2637 1707 enim
2689 1653 2741 1706 id
2781 1654 2890 1718 ﬁat,
2937 1656 3226 1724 plurimam

1645 1740 1809 1807 nobis
1862 1742 2251 1797 scurrilitatem
2301 1743 2473 1813 parit,
2505 1753 2558 1799 et
2587 1744 2680 1813 qui
2716 1747 3083 1803 contentionis
3112 1757 3232 1804 stu-

1580 1810 1620 1865 Β
1648 1829 1837 1888 diosus
1868 1836 1973 1893 est,
2000 1830 2126 1885 inde
2156 1810 2504 1887 occasionem
2535 1833 2703 1900 capit.

1719 1920 1772 1975 6.
1815 1920 2017 1975 Contra
2041 1937 2129 1975 eos
2177 1924 2267 1992 qui
2296 1924 2438 1976 mala
2470 1922 2689 1978 libenter
2734 1924 2970 1989 credunt,
3002 1934 3051 1980 et
3078 1926 3141 1981 de
3174 1944 3229 1983 se

1646 2027 1846 2079 semper
1876 2012 2084 2065 detrahi
2114 2022 2326 2080 putant,
2354 2024 2403 2067 et
2448 2016 2537 2084 qui
2564 2030 2654 2083 per
2682 2032 2931 2070 susurros
2963 2017 3100 2071 bella
3134 2010 3228 2072 ea:-

1647 2105 1840 2158 citant.
1861 2132 1932 2141 -—-
1959 2103 2264 2160 Nonnullos
2313 2106 2584 2170 novimus,
2632 2108 2724 2176 qui
2760 2109 2913 2162 ﬁrmo
2945 2113 3228 2165 sententiae

1647 2208 1759 2248 sua:
1788 2196 2089 2265 pr0posito,
2135 2204 2395 2264 quantum
2447 2197 2501 2250 in
2533 2198 2669 2268 ipsis
2697 2206 2810 2262 est,
2842 2200 2984 2255 diem
3022 2202 3077 2255 in
3128 2219 3228 2257 no-

1646 2297 1790 2343 ctem
1818 2296 2055 2352 vertunt,
2085 2296 2247 2358 atque
2293 2290 2364 2343 ob
2396 2290 2633 2345 absurda
2680 2292 2849 2345 animi
2896 2307 3224 2361 commenta,

1647 2380 1703 2434 in
1737 2380 1936 2450 quibus
1966 2380 2379 2449 obduruerunt,
2411 2382 2675 2437 increduli
2726 2393 2852 2439 sunt
2888 2385 2941 2438 in
2991 2387 3225 2442 aliorum

1645 2471 1904 2541 praeclare
1940 2471 2126 2534 factis.
2172 2481 2333 2542 atque
2380 2474 2542 2527 etiam
2588 2470 2652 2529 ei
2698 2474 2783 2529 his
2830 2487 3125 2546 anguntur,
3161 2494 3225 2534 ac

1648 2564 1829 2619 statim
1861 2572 2025 2634 atque
2061 2565 2279 2634 aliquod
2314 2566 2438 2619 mali
2470 2565 2782 2631 audierunt,
2820 2568 3103 2623 mentienti
3135 2586 3226 2639 po-

1652 2658 1761 2712 tius
1797 2656 2045 2711 credunt.
2070 2656 2211 2723 Quid
2246 2657 2390 2711 enim
2419 2657 2485 2711 de
2516 2657 2581 2711 iis
2614 2657 2814 2723 dicam,
2850 2660 2967 2729 qui,
3002 2660 3072 2714 ob
3117 2676 3231 2714 ma-

1652 2747 1757 2801 lam
1785 2748 2199 2811 conscientiam,
2224 2748 2615 2802 collocutioncs
2640 2751 2876 2818 proximi
2922 2750 2987 2804 ad
3015 2752 3226 2821 seipsos

1648 2838 1894 2902 trahunt,
1938 2845 1992 2894 et
2028 2838 2118 2892 ubi
2150 2838 2297 2892 aliud
2328 2839 2605 2908 quidpiam
2640 2841 2840 2910 aliquis
2878 2841 2945 2911 de
2977 2858 3225 2913 quacun-

1649 2944 1755 2999 que
1784 2946 1843 2984 re
1886 2930 2115 2994 dixerit,
2162 2930 2215 2983 id
2248 2930 2301 2983 in
2333 2946 2391 2985 se
2424 2931 2631 2984 dictum
2677 2933 3015 2997 existimant,
3059 2944 3227 3005 atque

1647 3038 1714 3076 ex
1754 3021 1841 3077 his
1895 3022 2137 3075 fabulam
2168 3029 2223 3076 ct
2269 3037 2491 3077 scenam
2541 3023 2888 3092 conjiciendo
2928 3024 3222 3096 eﬂingunt;

31 3117 189 3182 lqsiov
231 3116 629 3181 συντάττοντας
670 3116 842 3185 λόγων
874 3117 1161 3186 κεφάλαια,
1198 3117 1292 3170 καὶ
1330 3116 1543 3187 ὁμιλίας

1730 3114 1848 3169 ibus
1877 3114 2093 3184 quidem
2144 3115 2278 3168 satis
2323 3123 2405 3170 est
2449 3115 2689 3184 suspicio
2729 3116 2797 3170 ad
2830 3117 3119 3172 dicendum
3160 3134 3226 3173 ac

29 3204 103 3274 pb;
135 3206 301 3275 μηδὲν
346 3206 564 3259 εὔθετον
610 3205 942 3278 ἀνηκούσας,
992 3205 1168 3277 μάχας
1213 3206 1269 3259 δὲ
1312 3204 1399 3259 διὰ
1436 3205 1544 3259 τῶν

29 3295 311 3369 ιθυρισμῶν
345 3299 443 3352 καὶ
476 3298 743 3370 πολέμους
790 3298 1192 3370 ὲξαρτιξούσας,
1223 3298 1335 3351 ἀνω
1361 3316 1421 3352 τε
1452 3299 1546 3353 καὶ

29 3389 118 3441 ita)
142 3390 634 3460 σκηνοϐατοῦντας.
661 3390 927 3461 Καθάπερ
961 3391 989 3443 ὁ
1022 3389 1139 3444 λίαν
1176 3390 1283 3461 (28)
1315 3390 1545 3461 μεγαλο-

29 3478 158 3544 ὡνως
201 3482 294 3536 τὸν
340 3483 600 3557 Ὀρέστην
648 3482 1087 3553 ὑποκρινόμενος,
1127 3482 1351 3552 φοϐερὸς
1407 3477 1544 3536 εἶναι

29 3572 68 3623 ι).
100 3574 268 3642 μέγας
296 3575 455 3647 παρὰ
484 3577 595 3637 τοῖς
635 3576 880 3645 ἀνοήτοις
914 3573 1001 3627 διὰ
1043 3574 1150 3627 τῶν
1195 3573 1416 3639 ξυλίνων
1448 3592 1545 3627 πο-

29 3663 97 3725 Iw,
126 3668 216 3718 καὶ
248 3666 462 3729 κοιλίας
501 3665 853 3727 ὲπιπλάστου,
884 3666 976 3719 καὶ
1010 3664 1199 3735 στολῆς
1232 3665 1541 3727 ἀλλοκότου,

30 3755 72 3806 ai
116 3757 407 3827 προσώπου
465 3757 796 3828 τερατώδους
841 3756 1195 3828 ὑπείληπται’
1240 3757 1423 3827 τρόπῳ
1468 3757 1545 3827 τῷ

30 3844 122 3915 {an};
144 3848 235 3900 καὶ
264 3851 312 3901 οἱ
340 3850 505 3918 ζῆλον
532 3848 673 3919 ἔχειν
715 3849 1167 3921 ἐπαγγελλόμενοι
1205 3850 1335 3921 (29),
1368 3852 1461 3904 καὶ
1484 3851 1545 3904 τὸ

30 3941 438 4010 αρῤησιαστικὸν
468 3942 892 4012 ἐπιτηδεύοντες,
930 3942 1017 3995 διὰ
1055 3942 1116 3995 τὸ
1155 3942 1434 4014 βούλεσθαι
1468 3961 1545 3996 νι-

32 4030 100 4097 iw,
128 4033 229 4084 πᾶν
257 4028 397 4095 εἶδος
427 4031 734 4102 ἐλευθερίας
778 4035 1142 4103 προσποιήτου
1179 4032 1544 4105 περιτιθέασιν

30 4121 207 4183 αυτοῖς,
241 4121 291 4172 οἱ
323 4120 611 4191 φιλόνεικοι
649 4124 738 4174 τὸν
771 4122 1013 4193 ζηλωτὴν
1060 4124 1541 4186 καταπεπωκότεςο

30 4224 160 4281 οπερ
180 4212 236 4263 αἱ
266 4211 477 4283 Βάκχαι
503 4211 592 4266 διὰ
625 4214 899 4283 σχήματος
926 4213 1200 4287 εἰρηνικοῦ
1226 4214 1323 4278 τὰς
1347 4214 1543 4285 λόγχας

30 4315 50 4349 ν
76 4303 175 4365 τοῖς
199 4304 417 4375 θύρσοις
449 4306 856 4376 περιφέρουσιν.

1647 3204 2015 3259 scribendum.
2061 3203 2233 3259 Rideo
2262 3206 2425 3260 etiam
2465 3220 2593 3269 eos,
2637 3206 2730 3275 qui
2766 3207 2819 3261 in
2856 3223 3056 3264 arcano
3099 3226 3224 3264 cum

1646 3297 2018 3365 proximorum
2050 3298 2234 3366 aliquo
2265 3312 2544 3351 sermones
2570 3300 2885 3353 summatim
2913 3301 3222 3367 conferunt,

1612 3456 1621 3467 _
1645 3394 1699 3441 et
1734 3389 2003 3458 colloquia
2043 3388 2245 3443 habent
2289 3388 2493 3441 nullam
2546 3390 2613 3441 ad
2648 3405 2761 3443 rem
2811 3391 2999 3445 utilem
3055 3393 3227 3461 perti-

1645 3480 1853 3545 nentia,
1893 3480 1987 3535 sed
2020 3494 2228 3549 pugnas
2262 3496 2358 3549 per
2406 3496 2689 3544 susurros,
2730 3489 2783 3535 et
2815 3482 3018 3536 bellum
3072 3484 3226 3537 exci-

1644 3575 1837 3637 tantia,
1878 3589 1941 3627 ac
1975 3590 2193 3629 sursum
2242 3574 2498 3629 deorsum
2546 3590 2769 3630 scenam
2817 3575 3219 3643 perambulant.

1645 3665 2111 3730 Quemadmodum
2144 3665 2190 3718 is
2222 3665 2313 3734 qui
2360 3680 2554 3735 magna
2598 3666 2889 3719 admodum
2925 3681 3057 3721 voce
3088 3665 3225 3721 Ore--

1646 3764 1785 3811 stem
1821 3758 1953 3827 agit,
1988 3758 2249 3812 terribilis
2278 3766 2332 3812 et
2361 3772 2590 3827 magnus
2629 3757 2770 3827 apud
2803 3758 3120 3827 insipientes
3151 3759 3223 3813 ob

1644 3850 1811 3918 pedes
1837 3849 2066 3920 ligneos,
2094 3858 2337 3905 ventrem
2364 3849 2651 3911 factitium,
2678 3850 2869 3903 stolam
2897 3851 3213 3914 absurdam,

1643 3952 1698 4000 et
1742 3958 2030 4013 personam
2076 3950 2485 4013 portentosam,
2535 3943 2885 3997 existimatur
2924 3960 2937 3996 :
2987 3942 3068 3997 sic
3120 3945 3218 4014 qui

1644 4036 1887 4093 studium
1918 4051 2027 4106 prae
2058 4051 2116 4090 se
2141 4035 2356 4099 ,l‘erunt,
2394 4043 2448 4089 et
2480 4035 2788 4089 libertatem
2835 4034 3054 4089 dicendi
3087 4051 3220 4106 pro-

1646 4125 1889 4189 fitentur,
1922 4125 2010 4188 hi,
2058 4124 2187 4178 dum
2232 4125 2453 4178 vincere
2497 4124 2715 4184 volunt,
2760 4124 2908 4177 omni
2953 4124 3220 4180 libertatis

1647 4216 1785 4271 ﬁctae
1845 4217 2029 4288 specie
2098 4218 2421 4287 semetipsos
2481 4215 2861 4278 circumdant,
2917 4216 3219 4286 litigatores

1642 4311 2011 4365 aemulatorem
2058 4316 2338 4372 vorantes,
2380 4308 2543 4361 veluti
2578 4307 2805 4363 Baccha:
2841 4307 2945 4363 sub
2992 4308 3219 4378 paciﬁca

1644 4401 1826 4472 specie
1856 4401 2043 4455 hastas
2072 4402 2127 4453 in
2157 4400 2361 4470 thyrsis
2386 4397 2857 4453 circumferentes.

63 4472 109 4524 7.
142 4476 257 4530 Ἔτι
298 4479 355 4532 δὲ
403 4478 680 4532 καὶτοῦτο
714 4478 1029 4548 φυλακτέον,
1064 4478 1123 4531 τὺ
1160 4481 1233 4558 μή
1275 4496 1405 4533 ποτε
1440 4482 1541 4551 μὲν

1730 4496 1767 4549 ἵ.
1797 4492 1874 4546 De
1902 4492 2199 4547 constantia
2223 4500 2272 4545 et
2302 4491 2488 4543 decoro
2511 4486 3024 4543 servando.—lllud
3055 4491 3218 4543 etiam

29 4564 187 4636 ιαιδρῷ
209 4570 284 4641 τῷ
320 4570 599 4642 προσώπῳ
642 4572 906 4642 προϊέναι,
953 4572 1082 4624 ποτὲ
1111 4572 1166 4625 δὲ
1205 4573 1545 4643 πυθρωπῷο

29 4655 87 4705 ιαὶ
108 4659 149 4710 εί
173 4662 271 4733 χρὴ
304 4664 535 4735 τάληθὲς
562 4665 755 4728 εἰπεῖν,
791 4664 1157 4736 παραιτητέον
1200 4666 1310 4719 πᾶν
1347 4665 1408 4717 τὸ
1446 4665 1549 4718 δω-

29 4750 271 4823 ἱεκαμερὲς
325 4757 446 4811 καθ’
495 4758 729 4827 εκάστην
801 4757 1012 4828 ἡμέραν
1076 4757 1548 4829 ἀπαγγελλόμενον

29 4838 184 4909 δρᾶμα.
210 4847 281 4899 Τὸ
309 4847 439 4917 γοῦν
474 4850 599 4919 ἐμοὶ
628 4848 818 4902 δοκοῦν
866 4850 1072 4919 εἴποιμ’
1112 4848 1206 4913 ἂν,
1240 4850 1321 4902 ὅτι
1374 4851 1482 4913 πᾶς
1519 4849 1548 4901 ὁ

29 4929 92 4998 τὴν
118 4935 325 5008 γνώμην
351 4942 612 5012 κοσμικὸς
638 4943 732 4995 καὶ
762 4941 853 4994 τοῦ
879 4942 1040 5013 ὀρθοῦ
1077 4942 1297 5006 κανόνος
1330 4942 1433 5008 ἔξω
1464 4960 1549 5011 γι-

29 5021 205 5089 νόμενος
244 5030 701 5103 αὑτοκατάκριτός
725 5034 891 5095 ἐστιν,
920 5032 1072 5097 εἰδὼς
1123 5032 1151 5085 ὃ
1177 5033 1403 5103 πράττει
1436 5032 1546 5103 (50)

29 5114 113 5164 κατ’
135 5116 478 5191 ἐπιτήδευσιν,
506 5125 601 5177 καὶ
635 5123 914 5191 γινώσκων
942 5124 1040 5193 μὲν
1066 5123 1155 5176 τὸν
1187 5124 1244 5175 ὲν
1275 5123 1425 5193 αὐτῷ
1457 5125 1549 5177 πό-

29 5200 172 5271 λεμον,
194 5210 283 5281 τὴν
300 5213 355 5267 δὲ
380 5216 598 5286 εἰρήνην
624 5216 682 5267 ὲν
704 5217 814 5278 τοῖς
840 5214 1165 5284 σπλάγχνοις
1200 5214 1274 5285 μὴ
1302 5214 1549 5268 ἐπισπώ-

29 5308 171 5360 μενος.
200 5302 378 5369 Φίλους
404 5307 459 5360 δὲ
486 5306 742 5376 τιμητέον
779 5306 981 5368 πάντας
1002 5322 1014 5334 ·
1046 5306 1105 5358 τό
1143 5323 1201 5358 τε
1235 5307 1547 5374 ἐλεγκτικὸν

29 5383 72 5434 ῡῦ
101 5396 342 5458 πρακτέον
373 5400 553 5470 μόνον,
581 5399 695 5451 ἀλλ’
724 5398 802 5450 ἔτι
834 5399 927 5451 καὶ
955 5399 1271 5455 ἀκουστέον.
1303 5398 1547 5477 om}:

80 5539 187 5627 μθ),
222 5551 326 5605 Ἀπ’
350 5558 534 5611 αὐτοῦ
568 5560 677 5611 τὸν
700 5558 870 5627 μήτε.
902 5558 1139 5613 Clarom.
1170 5559 1221 5621 l,
1254 5559 1346 5612 ἀπ’
1377 5556 1542 5610 αὐτοῦ

30 5620 103 5659 TOU

35 5616 103 5659 too
700 5616 717 5627 .
769 5616 781 5627 .
1210 5616 1218 5621 ,

35 5616 687 5797 ηέῗῗίὲὲὲκέὲῗῗέἲᾟῗὲ
720 5700 818 5797 Pl?
829 5700 1045 5797 Ἠετᾼὲ
1100 5699 1543 5769 ἐσκιῤῥωμένην·

77 5766 133 5805 0x
155 5752 269 5829 Reg.
296 5763 329 5817 2
356 5752 687 5839 ἀχθὸμένους
836 5752 1064 5834 τούτοις.

1647 4584 1968 4648 cavendum,
2002 4598 2071 4637 ne
2103 4596 2249 4635 nunc
2280 4596 2475 4635 sereno
2504 4580 2656 4633 vultu
2689 4579 3037 4649 prodeamus,
3070 4594 3219 4633 nunc

1647 4689 1896 4741 moroso;
1929 4680 1983 4729 et
2016 4672 2061 4726 si
2093 4686 2280 4727 verum
2309 4670 2490 4725 dicere
2516 4675 2751 4738 Oportet,
2779 4669 3076 4737 rejicienda
3107 4684 3216 4721 om-

1646 4768 1779 4822 nino
1811 4766 1902 4819 illa
1935 4763 2223 4819 duodecim
2255 4772 2478 4817 actuum
2510 4762 2715 4827 fabula,
2764 4761 2995 4831 singulis
3025 4761 3217 4816 diebus

1648 4856 1920 4911 nuntiata.
1976 4852 2161 4907 Dicam
2211 4852 2376 4924 igitur
2416 4852 2470 4906 id
2514 4851 2660 4921 quod
2714 4852 2931 4906 sentio:
2963 4852 3217 4922 quisquis

1647 4957 1829 5003 mente
1856 4947 2167 5001 mundanus
2196 4953 2282 5001 est
2309 4953 2363 4999 et
2388 4960 2417 4999 a
2452 4952 2598 4999 recta
2628 4944 2812 5014 regula
2843 4944 3080 5008 aberrat,
3114 4946 3160 4999 is
3186 4959 3218 4997 a
3290 5008 3299 5022 ἰ

1649 5040 1829 5109 seipse
1863 5038 2260 5093 condemnatus
2291 5044 2396 5099 est,
2422 5036 2551 5106 quia
2584 5036 2735 5090 novit
2765 5035 2817 5089 id
2859 5035 3003 5105 quod
3037 5035 3104 5089 de
3134 5037 3219 5089 in-

1649 5130 1859 5185 dustria
1900 5128 2052 5191 facit,
2085 5143 2186 5183 nec
2229 5128 2504 5182 internum
2548 5126 2713 5179 animi
2746 5125 2947 5180 bellum
2980 5126 3214 5195 ignorat,

1650 5223 1744 5277 sed
1780 5236 1966 5291 pacem
2000 5218 2307 5274 visceribus
2342 5217 2565 5271 minime
2605 5216 2867 5285 concipit.
2902 5215 3089 5270 Honor
3120 5217 3217 5270 ha-

1648 5312 1859 5369 bendus
1906 5311 2158 5365 omnibus
2210 5309 2402 5363 amicis
2439 5317 2492 5363 et
2534 5308 2843 5377 objurgatio
2882 5323 2993 5361 non
3039 5308 3215 5362 solum

1650 5401 1975 5465 adhibenda,
2017 5401 2113 5456 sed
2168 5401 2334 5455 etiam
2391 5397 2678 5452 audienda.
2726 5394 2866 5450 Vino
2917 5396 3213 5460 utendum,

1740 5556 1832 5626 9.8)
1894 5557 1945 5608 '0
1975 5557 2133 5609 λίαν.
2168 5554 2299 5625 Reg.
2327 5554 2361 5607 2
2385 5555 2517 5626 ct_'5.
2548 5552 2786 5626 Clargm.
2823 5551 3104 5626 [ὁμιλίαν.

1742 5621 1832 5699 29)
1874 5629 1938 5678 Ἐ
1942 5644 2072 5694 χειν
2108 5621 2634 5699 ἐπαγγειλάμενοι.
2667 5621 2796 5691 Reg.
2828 5621 2862 5673 2
2899 5630 2951 5677 et
2981 5622 3125 5677 Clar.
3156 5621 3211 5687 2,

1650 5696 1867 5770 ἔχοντες
1896 5696 2373 5770 ἐπαγγελλόμενοι.

1721 5769 1832 5839 (50)
1850 5760 1859 5761 ί
1878 5770 1944 5820 Ὃ
1968 5760 2223 5835 πράττει.
2266 5766 2394 5833 lieg.
2420 5764 2453 5816 2
2480 5771 2531 5819 et
2563 5763 2596 5817 3
2621 5762 2657 5816 ἂ
2686 5760 2930 5831 πράττει.
