3654 6474
426 383 557 440 1191

1166 372 1529 429 APPENDIX.
1560 403 1626 412 -—
1663 368 1847 424 PARS
1881 367 1921 420 ι.
1958 365 2018 421 S.
2049 363 2315 420 lUSTlNl
2351 362 2583 418 OPERA
2619 359 2891 417 SPURIA.

3511 359 3611 416 H92

425 512 551 551 eum
601 494 826 550 lectioni
863 508 974 548 non
1003 490 1132 562 ,jam
1180 506 1402 562 operam
1435 489 1705 545 dabimus.
1742 484 1877 539 Nam
1919 499 1967 554 qi

2120 480 2400 552 χρηστέον,
2442 478 2666 532 ἐπειδὰν
2695 477 2897 548 μηκέτι
2926 479 3037 538 τοῖς
3069 474 3440 544 ἀναγνώσμασι
3469 478 3614 545 axon.

425 588 694 657 ejusmodi
719 595 824 650 est,
857 593 912 641 et
948 584 1058 640 vini
1084 590 1243 654 potor
1265 591 1367 648 est,
1392 589 1446 636 et
1471 588 1649 634 mente
1675 579 1932 646 abreptus
1953 581 2009 630 et

425 694 692 757 perpetuo
730 685 930 738 calelit.
957 681 1240 751 Loquente
1274 679 1522 750 proximo
1561 691 1663 732 nec
1694 673 2006 736 ridendum,

428 795 529 834 nec
564 774 960 848 prohibendum
981 814 993 836 ,
1021 772 1116 827 sed
1142 772 1298 826 venia
1333 768 1533 831 danda,
1567 766 1745 837 quoad
1787 764 2008 820 silentio

429 872 693 944 pudorem
761 867 1060 921 incutiente
1127 862 1362 918 desinat.
1404 859 1459 913 id
1505 857 1845 913 suadendum
1887 863 2006 919 est,

428 961 573 1032 quod
623 974 720 1029 per
772 955 936 1011 unius
990 968 1284 1024 personam
1336 949 1591 1004 omnibus
1641 945 2008 1000 communiter

429 1053 622 1123 prosit.
666 1045 1036 1118 lncrepaudus
1073 1046 1120 1098 is
1155 1044 1248 1112 qui
1284 1050 1506 1111 peccat,
1545 1054 1653 1093 non
1687 1046 1866 1092 tamen
1909 1053 2010 1107 pu—

430 1145 592 1207 blice,
623 1141 730 1195 nisi
772 1141 825 1193 id
859 1140 909 1192 ei
948 1139 1018 1191 ob
1051 1135 1362 1205 superbiam
1396 1147 1533 1203 epus
1560 1131 1650 1186 sit.

501 1318 552 1372 9.
590 1316 756 1371 Caute
789 1311 1184 1382 colloquendum
1217 1327 1334 1364 cum
1368 1308 1674 1362 mulieribus
1701 1322 1718 1360 :
1749 1306 2010 1376 colloquia

430 1425 495 1465 ea:
545 1407 842 1476 Scripturis
889 1403 1190 1473 repetenda,
1226 1401 1316 1456 sed
1358 1418 1460 1455 non
1511 1401 1622 1454 sine
1655 1400 2012 1454 cautione.—

430 1489 568 1556 Cuvn
603 1498 924 1553 mulieribus
949 1504 1105 1549 caute
1140 1501 1194 1548 et
1221 1492 1566 1548 considerate
1589 1491 1749 1562 412
1781 1498 2012 1543 tractan-

432 1592 562 1648 dum
593 1597 813 1660 prepter
845 1586 1060 1640 illarum
1096 1584 1318 1639 fastum.
1355 1582 1607 1648 Quandiu
1637 1581 1781 1635 enim
1814 1580 2012 1634 mulier

433 1681 786 1752 spectandam
833 1694 892 1734 se
936 1675 1169 1748 praebet,
1214 1691 1278 1729 ae
1317 1675 1599 1728 mulierem
1632 1687 1691 1727 se
1725 1686 1847 1726 esse
1895 1672 2013 1741 glo-

431 1779 606 1831 ria-tur
647 1783 702 1829 et
735 1774 905 1826 otium
955 1778 1215 1832 sectatur,
1262 1767 1463 1822 femina
1510 1775 1594 1820 est
1637 1774 1690 1820 et
1725 1766 1796 1818 ob
1848 1766 2009 1818 talem

2110 577 2311 646 ςωμεν.
2353 574 2410 625 '0
2441 572 2539 643 μὲν
2570 572 2680 643 γὰρ
2703 569 2960 632 τοιοῦτος,
2988 567 3240 637 οἰνόφλυξ
3263 568 3322 621 τέ
3352 570 3452 620 ἐστι
3471 574 3553 622 καὶ

2108 664 2303 734 γνώμη
2335 661 2446 732 (51)
2491 659 2839 732 παράφορος,
2886 659 2980 713 καὶ
3026 658 3370 729 θερμαίνεται
3414 661 3615 728 συνεχῶς.

2109 755 2409 818 Λαλοῦντος
2434 753 2490 806 δὲ
2516 751 2614 806 τοῦ
2649 752 2872 822 πλησίον
2897 749 3018 804 οὔτε
3055 751 3388 821 χλευαστέον,
3416 750 3522 804 οὔτε
3550 771 3616 804 κω-

2110 846 2320 908 λυτέον,
2366 845 2551 897 ὲατέον
2591 843 2648 896 δὲ
2695 844 2888 914 μέχρις
2930 843 2996 896 ἂν
3033 842 3122 896 διὰ
3153 841 3253 913 τὴν
3293 843 3475 914 σιωπὴν
3519 845 3616 896 ali:-

2112 935 2258 1000 σθεὶς
2307 935 2603 1004 παύσηται.
2649 933 3084 1004 Συμϐουλευτέον
3123 932 3181 986 δὲ
3210 933 3272 985 τὸ
3310 934 3555 1003 συμφέρον
3579 935 3616 986 δι’

2111 1030 2227 1094 ἑνὸς
2258 1030 2410 1099 κοινῇ
2462 1027 2615 1080 πᾶσι..
2645 1025 3012 1096 Νουθετητέον
3049 1024 3107 1077 δὲ
3143 1023 3236 1076 τὸν
3275 1024 3616 1094 ἁμαρτάνοντι,

2113 1122 2188 1198 μὴ
2234 1120 2375 1174 κατὰ
2425 1121 2625 1183 κοινὸν,
2667 1118 2824 1182 ἐκτὸς
2873 1120 2921 1171 εί
2964 1117 3038 1189 μὴ
3078 1117 3270 1187 χρῄζοι
3313 1115 3431 1187 (32)
3466 1117 3546 1170 διὰ
3582 1119 3616 1172 si

2111 1214 2214 1266 ὑπε
2224 1213 2495 1284 ροπτικόν.

2180 1303 2231 1357 8.
2277 1306 2385 1357 Καὶ
2417 1303 2660 1371 γυναιξὶν
2686 1303 2970 1373 ὁμιλητέον
2999 1303 3461 1373 ὲπιστρεφέστερον
3488 1302 3562 1355 διὰ
3584 1303 3616 1354 τὸ

2112 1395 2554 1464 ὲκτετυφωμένον
2592 1393 2785 1446 αὐτῶν.
2829 1395 3007 1463 Μέχρι
3053 1393 3163 1464 γάρ
3204 1411 3288 1457 τις
3331 1393 3616 1464 περίϐλεπτοι

2111 1487 2312 1556 ἑαυτὴν
2347 1489 2509 1552 ποιεῖ,
2544 1487 2640 1540 καὶ
2664 1485 2723 1537 τὸ
2749 1481 2884 1538 εἶναι
2912 1484 3052 1555 γυνὴ
3093 1485 3451 1555 προϐάλλεται,
3477 1489 3555 1539 καὶ
3582 1491 3616 1540 τὸ

2111 1574 2390 1647 ἄπρακτον
2435 1576 2847 1646 ὲπιτετήδευκε,
2892 1575 3080 1647 θήλεια
3121 1579 3272 1640 ἐστι,
3317 1579 3400 1630 καὶ
3434 1579 3508 1632 διὰ
3549 1581 3616 1648 τὴν

2110 1668 2366 1738 τοιαύτην
2405 1667 2630 1738 γνώμην
2671 1668 2771 1721 οὐκ
2816 1667 2930 1721 ἔστι
2970 1670 3157 1740 πιστή.
3189 1671 3339 1740 Μήτε
3377 1666 3452 1724 οὖν
3491 1672 3616 1734 αὐτὰς

2110 1757 2414 1828 διώκωμεν,
2459 1759 2594 1812 ἀλλὰ
2638 1760 2774 1831 μήτε
2809 1759 3171 1830 Οωπεύωμεψ
3207 1762 3269 1814 τὸ
3303 1762 3344 1814 δ’
3369 1764 3483 1833 ὅπερ
3519 1765 3616 1831 4'17:-

434 1868 676 1922 at.imum
713 1864 886 1918 fidelis
919 1878 1024 1916 non
1057 1869 1161 1916 est.
1202 1858 1313 1913 Nec
1343 1857 1510 1928 igitur
1535 1871 1630 1910 eas
1677 1855 1967 1909 insectemu

2120 1849 2320 1920 πῶμεν,
2361 1849 2422 1901 τὸ
2466 1849 2541 1919 μὴ
2589 1849 2715 1918 (53)
2765 1852 3292 1923 κεκινδυνευμένως,
3338 1854 3611 1925 πράττωμεν.

431 1971 610 2026 neque
639 1955 801 2010 etiam
840 1953 1156 2016 adulemur;
1191 1948 1337 2018 quod
1369 1955 1548 2001 autem
1581 1944 1864 2000 charitatis
1894 1943 2010 2013 qui-

431 2046 555 2101 dem
603 2052 714 2109 est,
755 2045 887 2098 illud
918 2043 1037 2097 sine
1086 2041 1331 2111 periculo
1361 2038 1648 2093 faciamus.
1680 2036 2008 2106 Multiplices

431 2146 562 2194 sunt
602 2137 747 2192 enim
783 2135 1002 2188 malitiae
1051 2131 1385 2186 molitiones.
1436 2130 1732 2198 Propterea
1782 2127 2008 2198 vigilare

431 2230 712 2291 debemus,
758 2227 997 2282 oraculis
1030 2223 1333 2278 Salvatoris
1365 2237 1586 2294 operam
1621 2221 1835 2285 dantes,
1872 2219 2010 2274 nihil

429 2321 556 2376 mali
585 2321 652 2376 de
693 2334 971 2390 quoquam
1002 2318 1250 2372 dicentes
1281 2324 1375 2368 aut
1415 2313 1720 2369 audientes.
1757 2311 2006 2366 Scabiem

428 2414 571 2468 enim
600 2411 873 2467 contrahit
905 2410 1121 2464 animus
1154 2423 1216 2462 ac
1252 2407 1488 2478 plurimo
1524 2406 1784 2475 impletur
1809 2404 2010 2459 vitioso

431 2503 658 2558 humore
702 2519 767 2558 ex
800 2503 922 2556 aliis
955 2498 1440 2554 collocutionibus.
1477 2496 1658 2563 Quare
1701 2511 1764 2550 ea
1795 2503 2008 2550 tantum

431 2593 698 2650 audienda
733 2607 854 2663 quae
892 2591 1045 2646 utilia
1089 2595 1218 2644 sunt
1257 2596 1312 2643 et
1350 2603 1417 2643 ex
1461 2587 1783 2657 praescripto
1830 2585 2011 2640 Evan-

431 2683 554 2754 gelii
603 2680 896 2751 agendum.
939 2678 1034 2732 illa
1075 2687 1256 2734 autem
1295 2676 1574 2748 fugienda,
1619 2692 1740 2747 qua:
1771 2685 2008 2732 mentem

433 2772 845 2843 quodammodo
887 2771 1260 2841 supplantant.
1293 2769 1635 2835 Qtuestioncs
1663 2768 1730 2823 de
1774 2767 2011 2822 oraculis

431 2863 630 2917 divinis
655 2862 1032 2928 instituendas;
1061 2862 1207 2931 quod
1229 2861 1448 2930 quidem
1475 2859 1798 2929 prteclarum
1826 2857 2008 2923 fuerit,

433 2954 479 3008 si
527 2953 888 3024 intelligentcr
921 2953 1046 3019 ﬁat;
1082 2953 1166 3006 sin
1199 2953 1401 3014 minus,
1434 2952 1627 3006 saltem
1662 2961 1722 3004 ut
1756 2950 2012 3020 imperito

432 3043 709 3098 convenit.
763 3041 908 3094 Nam
954 3042 1222 3109 insipienti
1272 3041 1621 3111 interroganti
1671 3040 2008 3108 sapientiam.

433 3134 697 3201 sapientia
749 3131 1097 3200 imputabitur
1133 3133 1173 3185 ί.
1221 3130 1282 3184 Εἰ
1326 3140 1509 3185 autem
1554 3130 1650 3201 qui
1701 3131 1805 3185 sibi
1860 3131 2011 3186 inani

434 3225 691 3295 Opinione
734 3225 954 3293 sapiens
997 3223 1232 3284 videtur,
1271 3224 1503 3292 plurima
1539 3223 1814 3294 inlligetur
1855 3224 2012 3294 igno-
2038 3207 2082 3264 (ἶ

436 3317 627 3370 ιιιίιιίιι.
673 3315 881 3370 Dicitur
913 3323 1091 3369 autem
1127 3331 1156 3368 a
1203 3313 1409 3383 Spiritu
1456 3315 1744 3384 insipiens,
1786 3317 1877 3386 qui
1917 3332 2013 3386 per

437 3407 763 3478 inperitiam
795 3424 960 3462 sensu
1007 3405 1296 3477 abripitur,
1327 3406 1400 3459 ita
1439 3413 1496 3458 ut
1537 3407 1802 3478 insipiens
1841 3409 1910 3462 sit
1957 3407 2009 3462 id

436 3502 581 3570 quod
630 3501 941 3570 imperitum
989 3506 1106 3561 est,
1159 3498 1616 3569 quemadmodum
1657 3507 1710 3552 et
1755 3498 1809 3552 id
1865 3500 2008 3569 quod

437 3594 685 3663 simplex.
740 3593 944 3648 Scribit
976 3603 1157 3647 autem
1207 3602 1261 3647 et
1305 3592 1508 3648 Paulus
1546 3612 1557 3646 :
1597 3592 1728 3659 Quis
1774 3595 2010 3663 cognovit

437 3701 647 3738 sensum
683 3684 933 3749 Domini,
984 3685 1072 3755 qui
1132 3685 1364 3737 instruat
1408 3684 1604 3737 eum“!
1658 3683 1721 3736 Et
1767 3700 2006 3740 rursus:

2109 1943 2444 2013 Πολυμερεῖς
2498 1944 2608 2015 γὰρ
2646 1945 2702 1998 αἱ
2750 1944 2851 2013 τῆς
2907 1943 3104 2008 κακίας
3149 1949 3507 2015 πραγματεῖαι.
3546 1947 3615 1999 Δίὰ

2109 2035 2266 2086 τοῦτο
2291 2036 2686 2108 γρηγορητέον,
2720 2039 2831 2100 τοῖς
2862 2035 3062 2103 λογίοις
3089 2036 3184 2089 τοῦ
3222 2038 3446 2107 Σωτῆρος
3473 2038 3616 2107 σχολά-

2109 2121 2321 2193 ζοντας,
2352 2127 2515 2197 μηδὲν
2543 2129 2671 2199 περὶ
2701 2128 2923 2199 μηδενὸς
2952 2127 3156 2197 φαῦλον
3182 2128 3420 2195 λέγοντας
3446 2130 3474 2199 ἦ
3498 2131 3616 2182 ἁκού-

2107 2235 2285 2283 οντας.
2318 2220 2512 2292 Ψωριᾷ
2553 2221 2662 2292 γὰρ
2694 2222 2726 2291 ὴ
2766 2219 2978 2290 γνώμη,
3024 2223 3117 2274 καὶ
3162 2221 3358 2290 πολλῆς
3396 2222 3616 2290 ἐμπέπλη-

2112 2327 2238 2363 σται
2267 2311 2612 2381 κακοχυμίας
2643 2312 2750 2364 ἀπὸ
2774 2311 2880 2364 τῶν
2921 2311 3094 2365 ἄλλων
3127 2312 3366 2382 ὁμιλιῶν.
3393 2313 3474 2365 Διά
3500 2314 3616 2366 τοῦτο

2108 2403 2405 2456 ἀκουστέον
2451 2403 2612 2473 μόνον
2635 2403 2705 2456 τὰ
2733 2403 3002 2472 ὠφέλιμα,
3036 2404 3132 2456 καὶ
3165 2405 3406 2474 ποιητέον
3437 2406 3548 2458 κατὰ
3579 2407 3616 2458 ti

2109 2495 2460 2564 Εὑαγγέλιον.
2495 2496 2575 2548 Τὰ
2601 2495 2646 2548 δ’
2673 2495 2860 2565 ὥσπερ
2888 2495 3314 2559 ὑποσκελίζοντα
3333 2499 3420 2569 τὴν
3444 2497 3616 2567 γνώμην

2109 2587 2497 2659 παραιτητέον.
2523 2587 2794 2658 Ζητητέον
2817 2587 2873 2640 δὲ
2900 2589 3028 2659 περὶ
3051 2588 3161 2640 τῶν
3189 2588 3395 2658 λογίων·
3419 2589 3561 2650 καλὸν,
3588 2589 3616 2642 εἰ

2116 2679 2346 2744 συνετῶς
2366 2697 2379 2710 ο
2408 2682 2457 2732 εί
2495 2679 2538 2732 δ’
2565 2679 2648 2746 οὓ,
2677 2679 2778 2733 κᾶν
2812 2678 3000 2751 ὥσπερ
3049 2679 3253 2754 ἰδιώτῃ.
3294 2680 3507 2746 Ἀνοήτῳ
3537 2681 3616 2751 γὰρ

2109 2769 2547 2838 ἐπερωτήσαντι
2574 2772 2814 2839 σοφίαν,
2845 2772 3032 2840 σοφία
3056 2773 3474 2842 λογισθήσεται.
3489 2773 3557 2842 Τῷ
3581 2773 3616 2826 δὲ

2110 2863 2252 2918 κατὰ
2283 2863 2379 2935 τὴν
2410 2861 2604 2918 ἑαυτοῦ
2655 2865 2961 2932 φαντασίαν
3003 2864 3213 2928 δόξαντι
3257 2865 3478 2936 φρονίμῳ
3516 2861 3616 2920 εἶναι

2111 2954 2244 3008 πολὺ
2277 2956 2336 3008 τὸ
2384 2955 2481 3025 τῆς
2525 2954 2748 3025 ἀτιμίας
2802 2959 3311 3028 προσγραφήσεται.
3353 2956 3542 3025 Λέγεται
3581 2957 3616 3008 ἃ

2111 3045 2217 3099 ὑπὸ
2246 3045 2337 3099 τοῦ
2367 3047 2682 3118 Πνεύματος
2708 3050 2934 3122 ἀνόητος
2962 3052 2990 3102 ὁ
3032 3052 3153 3103 κατ’
3185 3050 3468 3120 ίδιωτισμὸν
3493 3066 3616 3118 παρις

2112 3137 2319 3208 νεχθεὶς
2370 3138 2467 3207 τὴν
2527 3138 2807 3210 αἴσθησιν,
2847 3142 2910 3194 ἵν’
3027 3142 3089 3194 τὸ
3133 3142 3352 3211 ἀνόητον
3397 3139 3616 3199 tamen,

2115 3228 2301 3301 ὥσπερ
2345 3230 2437 3282 καὶ
2482 3229 2543 3282 τὸ
2583 3231 2795 3300 ἀφελές.
2832 3234 3036 3304 Γράφει
3079 3234 3135 3288 δὲ
3173 3236 3268 3288 καὶ
3308 3233 3516 3295 Παῦλος·
3553 3235 3616 3295 Τίς

2114 3323 2266 3390 ἔγνω
2307 3321 2457 3374 γοῦν
2501 3324 2760 3390 Κυρίου,
2806 3323 2873 3390 ὃς
2918 3325 3274 3395 συμϐιϐἁσει
3326 3327 3516 3386 auter;
3544 3325 3616 3375 Καὶ

2116 3413 2308 3466 πάλινσ
2349 3414 2547 3482 Ἡμεῖς
2591 3413 2659 3466 δὲ
2700 3415 2850 3468 γοῦν
2893 3418 3155 3485 Χριστοῦ
3203 3420 3427 3487 ἔχομεν.
3466 3418 3512 3470 Ὀ
3544 3417 3616 3482 γὰρ

2115 3503 2200 3556 διὰ
2241 3505 2338 3576 τὴν
2388 3503 2696 3571 ἁλογιστίαν
2741 3504 2810 3556 τὰ
2858 3506 2931 3577 μὴ
2982 3507 3166 3560 δέοντα
3223 3508 3389 3575 λέγων
3428 3508 3456 3576 ἦ
3495 3506 3615 3576 πρὶς-ι

2114 3609 2244 3655 των,
2272 3586 2462 3658 οὗτος,
2505 3593 2660 3658 δόξας
2703 3591 2839 3648 εἶναι
2887 3597 3179 3668 φρόνιμος,
3219 3601 3391 3671 μωρὸς
3427 3598 3616 3666 λογισθή-

2119 3701 2292 3738 σεται.

439 3778 553 3833 Nos
586 3791 760 3833 autem
809 3796 1017 3834 sensum
1051 3778 1250 3833 Christi
1289 3779 1536 3832 habemus
1594 3777 1634 3831 ³.
1667 3776 1801 3832 Nam
1852 3779 1945 3849 qui
1996 3778 2404 3836 inconsiderate
2440 3781 2571 3837 dicit
2623 3792 2718 3836 aut
2751 3781 2880 3838 facit
2922 3797 2985 3838 ea
3025 3798 3149 3854 quae
3214 3799 3321 3838 non
3367 3782 3558 3843 decent,
3587 3777 3616 3830 is

439 3890 562 3928 cum
591 3875 691 3929 sibi
726 3889 920 3944 sapere
943 3874 1214 3937 videatur,
1245 3872 1426 3927 fatuus
1455 3873 1820 3942 reputabitur.

509 3966 563 4021 8.
606 3965 776 4020 Nemo
824 3965 1130 4021 tradendus:
1165 3965 1434 4019 audienda
1479 3965 2021 4035 monita:jactantia

439 4058 1125 4130 fugienda.-—llumiliare
1169 4059 1535 4128 nosmetipSOS
1585 4059 1866 4125 debemus,
1907 4076 2020 4115 non

439 4155 606 4210 verbo
640 4154 838 4218 solum,
863 4153 957 4208 sed
987 4153 1150 4208 etiam
1183 4151 1366 4217 factis,
1399 4169 1468 4208 ne
1499 4153 1646 4223 plani
1675 4163 1729 4208 et
1757 4154 2019 4226 palpones

441 4249 634 4309 simus,
665 4245 760 4300 sed
792 4245 1062 4300 mansueti
1093 4259 1156 4299 ac
1179 4244 1401 4300 minime
1432 4244 1762 4300 adulatores.
1789 4246 2016 4316 Oportet

437 4339 638 4399 etiam,
674 4348 732 4390 ut
763 4338 859 4407 qui
898 4345 1046 4392 recte
1086 4337 1254 4390 vitam
1300 4337 1561 4400 instituit,
1595 4339 1813 4406 quietus
1843 4339 1914 4394 sit
1953 4353 2016 4393 ac

437 4429 789 4498 tranquillus,
823 4443 930 4481 non
975 4428 1222 4482 irascens
1266 4442 1368 4482 nec
1407 4427 1542 4480 rixm
1573 4443 1738 4482 causa
1773 4429 2018 4484 contieeo

2197 3965 2252 4021 9.
2296 3965 2669 4020 Ταπεινωτὲον
2698 3966 2744 4019 δ’
2772 3967 2970 4040 αὐτοὺς
2997 3969 3060 4020 οὐ
3093 3966 3235 4038 λόγῳ
3265 3967 3430 4038 μόνον,
3453 3964 3547 4017 ἀλλ’
3567 3961 3616 4012 ἔτι

2121 4056 2351 4121 καὶτοῖς
2392 4056 2604 4128 ἔργοις,
2647 4059 2795 4122 ὅπως
2841 4059 2916 4130 μὴ
2950 4054 3100 4130 ὦμεν
3132 4062 3324 4133 γόητες
3351 4059 3435 4112 καὶ
3459 4055 3616 4113 Θῶπεςι

2120 4153 2316 4220 πραεῖς
2354 4149 2431 4212 δὲ,
2475 4150 2567 4202 καὶ
2619 4148 2694 4220 μὴ
2738 4150 2983 4214 κόλακες.
3016 4153 3128 4206 Καὶ
3174 4153 3252 4206 ἔτι
3296 4153 3530 4224 προσήκει
3558 4146 3616 4197 th

2119 4239 2294 4311 ὀρθῶς
2320 4241 2734 4312 πολιτευόμενον
2763 4241 3055 4313 ἡσυχάζειν
3086 4262 3147 4297 τε
3171 4246 3269 4299 καὶ
3295 4241 3612 4315 ἀπραγμονεῖν,

2120 4333 2193 4404 μὴ
2222 4332 2591 4405 ὀργιζόμενον,
2626 4334 2760 4404 μηδὲ
2798 4335 3008 4399 νείκους
3034 4337 3196 4390 ἕνεκα
3227 4336 3503 4394 σιωπῶντα,
3534 4347 3615 4384 σκε-

2117 4424 2381 4494 πτόμενον
2408 4425 2465 4478 δὲ
2493 4426 2600 4478 πᾶν
2629 4425 2690 4478 τὸ
2724 4425 2991 4498 ἐγχρῇζον
3025 4428 3158 4499 (54),
3187 4430 3234 4483 εί
3267 4427 3432 4489 καλῶς
3457 4425 3615 4477 δύναται

437 4537 635 4584 seeos,
691 4519 787 4575 sed
839 4519 1198 4575 considerans
1276 4519 1540 4589 quidquid
1592 4535 1730 4589 opus
1778 4529 1896 4586 est,
1944 4537 1967 4574 a

2120 4517 2399 4586 λέγεσθαι,
2441 4519 2535 4571 καὶ
2569 4518 2688 4570 τότε
2732 4518 2880 4589 μόλις
2926 4518 3310 4590 φθεγγόμενον.
3356 4519 3552 4587 ’Υμνονς
3575 4526 3616 4558 τε

440 4622 590 4667 recte
620 4611 799 4667 elferri
850 4612 1058 4680 possit,
1106 4626 1170 4664 ac
1210 4617 1324 4663 tum
1360 4612 1578 4664 demum
1627 4612 1718 4664 vix
1764 4613 2014 4683 loquens.

441 4699 642 4772 Hymni
676 4710 728 4756 et
759 4702 954 4770 psalmi
987 4710 1041 4756 et
1073 4704 1286 4756 cantica
1323 4709 1376 4755 et
1419 4699 1609 4755 laudes
1637 4700 1882 4758 dicendae
1914 4727 1928 4759 :
1963 4713 2019 4758 at

443 4810 552 4848 non
585 4793 919 4864 probandus,
946 4793 1062 4864 qui,
1088 4794 1254 4849 veluti
1287 4795 1586 4850 adversarii
1617 4797 2018 4851 condemnandi

444 4901 634 4949 causa,
663 4885 923 4938 nonnulla
958 4885 1297 4940 subobscure
1327 4887 1570 4957 attingit,
1605 4901 1668 4940 ae
1708 4887 2016 4955 proximum

443 4990 540 5044 per
571 4975 930 5045 psalmodiam
961 4978 1201 5038 vellicat,
1233 4984 1294 5029 ut.
1339 4993 1406 5033 ne
1437 4992 1767 5032 succensere
1797 4979 2016 5047 quidem

551 5131 567 5160 ¹
603 5127 765 5184 Prov.
794 5146 925 5194 xvu,
959 5129 1053 5185 28.
1132 5132 1152 5162 ²
1186 5129 1205 5183 ι
1237 5129 1368 5186 Cor.
1408 5147 1471 5199 ll,
1515 5133 1601 5184 i7.
1681 5132 1702 5163 ³
1737 5132 1870 5186 Ibid.

669 5284 748 5352 Τῇ
780 5284 998 5356 γνώμῃ.
1027 5286 1158 5356 Reg.
1182 5288 1206 5339 1
1234 5297 1286 5342 et
1308 5287 1344 5340 5
1367 5287 1464 5356 τὴν
1490 5285 1733 5356 γνώμην.

667 5355 896 5440 ξρῄέοε.
927 5355 1002 5413 Ita
1038 5354 1150 5440 tres
1179 5356 1358 5435 Ifegii.
1386 5354 1529 5440 Editi

516 5425 628 5493 (35)
675 5425 744 5477 Τὸ
776 5425 827 5476 δ’
854 5425 998 5493 ὅπερ
1021 5425 1359 5496 ἀγαπῶμεν,
1389 5426 1455 5480 τὸ
1480 5425 1756 5492 μήζΝἱίιὶι
1797 5427 2018 5495 profuc-

445 5501 585 5564 runt
607 5496 782 5548 nostri
814 5497 1030 5551 codices
1062 5495 1196 5551 mss.
1241 5498 1307 5548 ad
1351 5495 1516 5564 hujus
1549 5496 1651 5549 loci
1698 5497 1896 5551 vulnus
1929 5512 2016 5551 sa-

445 5563 708 5616 nandum.
742 5563 972 5618 Sensum
1007 5581 1094 5619 me
1138 5563 1451 5619 assecutum
1484 5580 1605 5618 esse
1644 5581 1804 5633 spero
1839 5567 1890 5618 in
1934 5568 2019 5619 in-

448 5635 852 5705 terpretatione.
892 5633 1121 5705 _Videtur
1149 5650 1280 5703 ergo
1327 5634 1610 5705 legendum
1643 5651 1656 5686 :
1697 5634 1770 5686 Τὸ
1797 5635 1843 5687 δ’
1881 5637 2017 5705 ὅπερ

449 5700 666 5769 ἀγάπης
726 5704 823 5772 μὲν
878 5703 1024 5769 ἔστι,
1077 5705 1151 5774 μὴ
1207 5700 1702 5773 κεκινδυνευμένως
1767 5700 2016 5775 πράττω-

457 5784 492 5814 U.
500 5785 521 5816 Ξ
528 5787 553 5816 ‘J
565 5807 574 5818 .

2120 4610 2214 4662 καὶ
2246 4608 2490 4680 ψαλμοὺς
2523 4609 2616 4662 καὶ
2650 4609 2789 4680 ᾠδὰς
2818 4611 2913 4663 καὶ
2954 4604 3102 4663 αἶνον
3144 4613 3357 4683 ῥητέονο
3393 4610 3458 4680 μὴ
3483 4606 3615 4667 ὧσπερ

2117 4702 2207 4753 τὸν
2236 4701 2628 4772 διαμαχόμενον
2670 4702 2819 4772 αὐτῷ
2849 4703 3242 4774 κατακρίνοντα
3269 4695 3615 4774 παρακολουθεῖν

2120 4794 2281 4857 ἐνίοις
2309 4793 2741 4863 αἰνιγματωδῶς,
2772 4793 2859 4846 διὰ
2887 4792 3207 4864 ψαλμῳδίας
3232 4796 3316 4847 τὸν
3343 4788 3534 4859 πλησίον
3552 4783 3610 4832 λυ-

2121 4889 2261 4948 πεῖν,
2292 4886 2380 4939 ἴνα
2431 4888 2566 4958 μήτε
2611 4887 2740 4958 δοκῇ
2796 4887 3180 4958 διαφέρεσθαι,
3219 4889 3308 4941 καὶ
3349 4883 3454 4946 7:13;
3498 4873 3608 4945 γινώο

2123 4995 2272 5031 σχειν
2443 4979 2630 5051 ὥσπερ
2656 4980 2742 5032 διὰ
2770 4981 2960 5051 τέχνης
2985 4983 3216 5052 νομίζων
3247 4983 3447 5038 ἐκεῖνον,
3470 4973 3607 5030 ἀκατη-

2195 5286 2309 5362 (54)
2355 5287 2425 5362 Τὸ
2465 5288 2770 5362 ἐχχρῇζονζ.
2814 5293 2888 5362 lta
2939 5293 3048 5346 duo
3090 5292 3240 5362 Regii
3285 5291 3478 5362 codices
3507 5283 3604 5362 agili-

2122 5358 2457 5442 quissirmi'et‘
2470 5355 2714 5442 eisrara.
2732 5359 2786 5416 Ξ.
2815 5361 2908 5442 Sic
2931 5364 2998 5418 ad
3024 5355 3314 5436 marginem
3340 5364 3390 5416 in
3410 5355 3604 5428 Regivl

2119 5427 2525 5514 Cla£;?..fit‘liti
2545 5429 2613 5510 Σὺ
2640 5429 2697 5480 ὲν
2726 5430 2903 5514 χρείᾳ.
3037 5499 3092 5514 m
3147 5427 3174 5436 ⁷
3206 5504 3218 5514 .
3551 5490 3584 5514 η

2191 5496 2302 5571 (ᾇξὶ)
2343 5499 2449 5571 Καί
2487 5491 2612 5564 πῶς
2651 5491 2983 5567 qvi-moneta
3037 5499 3093 5555 Si
3129 5504 3249 5571 quis
3275 5515 3450 5571 sensus
3471 5491 3606 5571 eritis

2119 5563 2302 5620 verbis
2327 5568 2448 5637 erui
2483 5563 2682 5637 potest,
2709 5585 2832 5622 eum
2869 5571 3101 5626 eruditis
3130 5563 3458 5626 divinandum
3490 5563 3602 5637 relin-

2122 5651 2261 5710 quo._
2303 5629 2818 5710 Fateorimeinihil
2882 5641 3184 5696 extundere
3245 5629 3603 5710 potuissean'h'}

2122 5699 2297 5782 magis
2356 5707 2598 5782 inllilligo
2661 5708 2886 5765 Latinas
2955 5699 3600 5782 interpretaﬁtionesz\fg'flil

2123 5770 2340 5847 Latigus
2369 5795 2382 5830 :
2417 5770 2687 5848 Tanquam
2722 5792 2834 5834 arte
2867 5770 3475 5851 quadanfquadantmoa’o
3498 5770 3602 5820 irim
