3654 6494
377 325 518 381 “25

1119 319 1463 377 APPENDIX
1517 321 1786 378 —P;\RS
1813 320 1851 377 l.
1890 321 1948 380 S.
1984 322 2246 380 IUSTINI
2284 325 2511 382 OPERA
2540 323 2812 380 SPURIA.

3498 329 3627 384 “9-6

376 443 523 500 Fieri
551 442 697 499 cnim
724 457 830 497 non
854 448 1053 511 potest,
1080 448 1142 494 ut
1165 444 1289 510 quis
1316 456 1376 495 se
1420 440 1537 511 ipse
1580 456 1687 495 non
1731 440 1944 511 prodat.

2137 444 2191 497 εά
2222 446 2322 516 τὴν
2355 444 2448 497 τού
2481 444 2655 507 οὕτως
2678 442 2811 513 πρὸς
2841 439 3003 493 αὐτὸν
3025 440 3382 511 διακειμένου
3408 443 3628 507 σύνεσιν,

382 536 657 606 Quisquis
688 544 867 588 autem
894 533 1067 587 ﬁdelis
1095 540 1201 595 est,
1238 533 1284 587 is
1310 548 1433 585 cum
1460 547 1521 585 se
1543 533 1611 585 ab
1639 532 1821 601 aliquo
1845 532 1956 586 ludi

379 628 641 688 senserit,
666 622 1076 680 accommodate
1097 624 1163 677 ad
1183 623 1420 678 hominis
1454 624 1528 675 ita
1553 638 1679 692 erga
1703 638 1761 677 se
1783 621 1957 677 aﬂecti

380 720 753 793 prudentiam.
788 717 934 771 illius
977 715 1262 777 malitiam,
1300 714 1679 784 perspiciendo
1731 731 1956 783 pravum

378 815 527 869 illius
549 811 823 873 eﬂectum,
865 808 1104 863 vicissim
1137 806 1293 860 ludit.
1352 805 1421 859 Ut
1468 806 1707 860 breviter
1755 806 1956 871 dicam,

379 904 632 976 quisquis
661 900 1015 969 semetipsum
1037 896 1270 966 judicat,
1308 907 1460 951 extra
1505 912 1667 952 omne
1697 896 1956 952 delictum

378 1008 483 1055 est.
516 995 925 1053 Clainitantium
955 1000 1137 1045 autem
1168 990 1354 1044 nullus
1387 989 1673 1058 prudentia
1698 988 1959 1058 prmditus

380 1098 486 1145 est.
523 1088 626 1155 Qui
658 1100 803 1140 nunc
836 1084 1021 1154 pallet,
1054 1097 1203 1136 nunc
1252 1081 1455 1135 rubore
1502 1080 1860 1143 suﬂunditur,
1906 1089 1959 1134 et

379 1182 630 1251 corporis
669 1179 777 1233 situ
808 1176 983 1245 impar
1010 1182 1064 1228 et
1094 1175 1283 1229 varius
1306 1181 1412 1236 est,
1450 1173 1699 1236 is,veluti
1723 1173 1959 1228 chamae—

366 1277 585 1335 leones,
618 1274 672 1326 in
704 1277 838 1324 aestu
866 1276 920 1322 et
955 1266 1256 1321 solitudine
1283 1266 1523 1319 oberrat.
1554 1264 1959 1336 Cognoscendae

376 1367 541 1419 etiam
573 1363 962 1417 nonnullorum
989 1358 1156 1413 animi
1181 1356 1499 1411 aﬂ‘ectiones
1522 1372 1587 1410 ex
1623 1356 1833 1427 legendi
1869 1372 1958 1408 ra-

372 1457 545 1511 tione.
579 1453 773 1507 Statim
804 1452 947 1506 enim
979 1466 1042 1503 ac
1073 1449 1201 1519 legit
1232 1448 1455 1516 aliquis,
1484 1462 1592 1516 quo
1625 1448 1696 1501 sit
1730 1446 1957 1501 affectus

377 1547 539 1602 modo
557 1543 906 1599 manifestum
929 1542 985 1595 lit
1009 1542 1115 1603 liis,
1137 1540 1229 1610 qui
1244 1538 1527 1608 judicandi
1544 1539 1737 1607 peritia
1756 1539 1954 1591 valent.

376 1642 697 1694 Animarum
729 1636 886 1690 dotes
909 1635 1073 1688 etiam
1106 1649 1176 1688 ex
1204 1632 1315 1686 vita
1342 1639 1771 1702 cognoscuntur.
1819 1629 1955 1685 Nam

365 1750 444 1787 ex
475 1730 691 1786 vivendi
732 1728 986 1782 instituto
1030 1724 1367 1795 perspicitur
1413 1739 1627 1785 eorum.
1675 1738 1795 1793 quze
1844 1739 1956 1777 non

378 1827 665 1889 apparent,
693 1826 911 1871 natura.
938 1813 1291 1883 Rejiciendus
1315 1813 1478 1866 etiam
1503 1821 1556 1867 et
1577 1813 1665 1867 ille
1690 1813 1953 1883 litigator,

370 1915 472 1983 qui
512 1927 573 1967 se
605 1919 722 1965 arte
750 1909 1004 1979 quadam.
1042 1907 1266 1961 minime
1296 1905 1745 1969 contradicendo.
1794 1923 1957 1977 supe-

380 2004 611 2060 randum
641 2002 810 2055 tradit
850 2020 862 2054 :
902 1999 990 2054 cui
1025 1998 1244 2068 quidem
1279 1996 1454 2051 satius
1507 2004 1613 2062 est,
1668 1998 1959 2066 quominus

372 2097 705 2169 periculum,
744 2095 964 2147 vincere
1013 2089 1285 2151 conando,
1326 2090 1543 2153 subeat,
1597 2104 1686 2152 ea,
1736 2104 1857 2159 qua:
1891 2087 1959 2142 ad

378 2195 583 2241 rectam
618 2184 885 2236 rationem
916 2180 1216 2250 pertinent,
1251 2178 1552 2249 negligere.

450 2277 538 2330 H.
577 2273 745 2343 Nefas
770 2273 893 2326 aliis
912 2286 1115 2325 nocere.
1138 2269 1548 2323 Dissimulanda
1567 2268 1826 2323 interdum
1844 2284 1962 2336 pec-

378 2380 521 2423 cata.
551 2366 661 2422 Nec
683 2364 1041 2426 irascendum,
1078 2379 1167 2416 nec
1203 2360 1611 2432 reprehendendi
1644 2362 1758 2427 alii,
1783 2362 1829 2414 si
1856 2363 1963 2429 ipse

379 2478 481 2514 non
496 2476 674 2513 careas
689 2454 1458 2526 reprelzensione.—Colloquia
1480 2453 1748 2523 ejusmodi
1765 2454 1962 2509 haben:

378 2551 469 2612 da,
503 2565 623 2621 quae
652 2550 756 2604 sibi
794 2547 999 2602 nullius
1023 2546 1152 2600 mali
1174 2547 1395 2600 conscia
1426 2545 1556 2600 sint.
1586 2545 1962 2599 Adhiheantur

377 2641 544 2713 414
582 2642 744 2695 etiam
796 2646 1020 2712 propter
1050 2638 1438 2707 corpusculum
1466 2636 1958 2699 deambulationes,

381 2750 490 2787 non
517 2732 582 2786 ad
610 2731 1034 2801 negotiationem
1074 2726 1309 2796 aliquam
1346 2726 1617 2781 violentos
1642 2735 1961 2781 contractus

373 2824 644 2879 adversus
670 2822 975 2891 proximum
1009 2818 1293 2873 struendo.
1322 2817 1444 2871 Non
1477 2817 1777 2873 absurdum
1799 2816 1962 2871 fuerit

376 2931 481 2971 nos
495 2916 802 2970 urbanitate
818 2912 1020 2982 etjocis
1033 2928 1222 2965 eorum
1238 2910 1610 2965 morositatem
1625 2910 1960 2979 abstergere,

384 3006 477 3077 qui
512 3006 655 3059 ultra
698 3004 918 3057 modum
951 3002 1191 3072 sapiunt.
1240 2999 1376 3053 Nam
1433 3000 1488 3053 in
1534 3000 1652 3053 loca
1686 3000 1960 3069 quaedam,

2060 534 2429 588 ἀντιϐουκολεῖ
2459 534 2557 605 τὴν
2607 534 2815 586 ἐκείνου
2856 533 3075 595 κακίαν,
3113 535 3175 585 ὲν
3230 532 3310 603 τῷ
3356 534 3631 603 γινώσκειν

2060 626 2227 679 αὐτοῦ
2258 627 2358 697 τῆς
2391 624 2786 696 ἀγνωμοσύνης
2817 624 2917 694 τὴν
2966 624 3227 677 διάθεσιν.
3268 626 3546 679 Συνελόντι
3592 628 3630 679 δ’

2060 717 2255 778 εἰπεῖν,
2292 718 2399 779 πᾶς
2430 719 2455 769 ὁ
2491 715 2691 787 κρίνων
2720 713 2908 767 ἑαυτὸν
2935 714 3038 781 ἔξω
3067 715 3272 779 παντὸς
3296 715 3442 769 ἔσται
3467 718 3633 787 πλημ-

2062 806 2390 877 μελήματος.
2414 808 2532 859 Τῶν
2552 807 2609 859 δὲ
2632 807 2974 877 κεκραγότων
2999 808 3178 871 οὐδεὶς
3212 806 3443 880 σώφρων
3468 810 3630 863 ἐστίν.

2070 901 2128 954 '0
2159 902 2215 954 δὲ
2248 900 2343 954 νῦν
2379 903 2475 972 μὲν
2509 902 2711 973 ὠχρὸς,
2740 900 2858 957 εἶτα
2892 904 3145 976 ἐρυθρὸς,
3180 903 3261 974 τῷ
3310 906 3633 977 συγκρίματι

2056 998 2150 1073 τού
2188 997 2437 1068 σώματος
2467 997 2890 1069 ποικιλλόμενος,
2920 995 3074 1064 οὗτος
3101 999 3297 1071 ὥσπερ
3328 1001 3635 1070 χαμαιλέον-

2057 1108 2147 1152 τες
2182 1089 2295 1159 (41)
2327 1093 2385 1142 ὲν
2418 1089 2496 1160 τῷ
2529 1089 2766 1143 καύσωνι
2800 1090 2893 1143 καὶ
2939 1092 3005 1170 τῇ
3062 1090 3274 1161 ἐρημίᾳ
3313 1096 3629 1160 περινοστεῖ.

2058 1181 2435 1251 Κατανοητέον
2465 1181 2521 1233 δὲ
2556 1180 2636 1233 ἔτι
2663 1182 2756 1234 καὶ
2786 1181 2883 1245 τὰς
2910 1180 3066 1234 ἐνίων
3097 1179 3375 1243 διαθέσεις
3419 1182 3513 1233 ἐπὶ
3544 1182 3632 1250 τῆς

2056 1272 2165 1325 τῶν
2186 1274 2627 1344 ἀναγνωσμάτων
2656 1273 3072 1344 ἐπιτηδεύσεως.
3095 1274 3251 1342 Ἅμα
3273 1272 3382 1343 γάρ
3400 1290 3487 1335 τις
3521 1274 3633 1325 ἁνα-

2057 1363 2335 1433 γινώσκει,
2374 1365 2517 1417 καὶὸ
2546 1364 2746 1437 τρόπος
2778 1366 2943 1418 αὑτοῦ
2986 1365 3088 1434 τῆς
3133 1365 3446 1435 φρονήσεως
3484 1364 3629 1433 δῆλος

2058 1457 2265 1524 γίνεται
2297 1456 2444 1528 παρά
2476 1460 2591 1519 τοῖς
2638 1456 2971 1527 ὲρρωμένοις
3012 1458 3306 1527 κριτικοῖς.
3352 1455 3630 1524 Ποιότητες

2056 1546 2111 1599 δὲ
2140 1546 2326 1618 ψυχῶν
2360 1547 2453 1600 καὶ
2497 1548 2608 1601 ἀπὸ
2640 1547 2733 1600 τοῦ
2770 1546 2884 1617 βίου
2916 1547 3245 1600 δείκνυνται.
3280 1546 3377 1598 Διά
3406 1546 3517 1615 γὰρ
3546 1545 3628 1597 τοῦ

2060 1640 2189 1709 περὶ
2208 1639 2308 1709 τὴν
2331 1638 2677 1710 ἀναστροφὴν
2705 1638 3134 1708 ἐπιτηδεύματος
3165 1636 3523 1705 γινώσκονται
3548 1638 3628 1689 καὶ

2057 1725 2166 1779 τῶν
2208 1727 2282 1797 μὴ
2318 1728 2659 1798 φαινομένων
2688 1728 2745 1781 αἱ
2776 1727 3125 1791 ὑποστάσεις.
3177 1728 3550 1798 Παραιτητέον
3578 1727 3626 1779 δὲ

2057 1815 2262 1869 καὶτὸν
2292 1818 2564 1887 ἐριστικὸν
2583 1816 2670 1869 διὰ
2688 1816 2881 1887 τέχνης
2904 1817 3067 1869 αὐτὸν
3089 1817 3483 1887 ἀποτιθέμενον
3503 1816 3622 1883 (42),

2058 1908 2114 1960 ὲν
2130 1907 2208 1977 τῷ
2237 1908 2311 1979 μὴ
2346 1906 2806 1975 ἀντιφιλονεικεῖν,
2839 1906 3110 1970 νικᾶσθαι,
3154 1900 3200 1974 ᾧ
3231 1906 3473 1977 ἄμεινον,
3501 1907 3624 1977 ὑπὲρ

2056 1998 2152 2050 τοῦ
2195 1996 2269 2068 μὴ
2306 1996 2630 2050 κινδυνεύειν
2663 1999 2817 2067 νικᾷν
2857 1995 3257 2061 σπουδάζοντα,
3301 1997 3363 2050 τὸ
3398 1998 3468 2068 μὴ
3498 2000 3623 2051 κατά

2056 2091 2149 2144 τὸν
2182 2090 2341 2160 ὀρθὸν
2375 2089 2530 2158 λόγον
2559 2089 2918 2161 ἐπιτηδεύειν.

2128 2271 2213 2323 Η.
2264 2270 2510 2339 ὐμιλίας
2535 2269 2589 2321 δὲ
2620 2268 2887 2321 ποιεῖσθαι
2920 2268 3025 2341 χρὴ
3049 2268 3151 2331 τὰς
3190 2268 3304 2339 (45)
3340 2270 3625 2339 εὐσυνειδή-

2058 2381 2201 2425 τους.
2240 2363 2349 2415 Καὶ
2380 2364 2427 2413 οί
2457 2362 2745 2432 περίπατοι
2765 2360 2851 2413 διὰ
2885 2361 2945 2413 τὸ
2972 2362 3253 2431 σωμάτιον
3283 2362 3621 2429 γινέσθωσαν.

2064 2456 2138 2526 μὴ
2171 2454 2259 2507 διά
2289 2470 2411 2506 τινα
2448 2451 2849 2524 πραγματείαν,
2879 2452 3306 2522 συναλλάγματα
3334 2452 3479 2522 βίαια
3502 2455 3624 2506 κστά

2059 2545 2154 2599 τοῦ
2188 2545 2410 2615 πλησίον
2444 2542 2897 2611 συγκαττύοντας.
2936 2545 3052 2596 Οὐκ
3078 2543 3284 2597 ἄτοπον
3304 2544 3360 2597 δὲ
3379 2562 3626 2616 χαριεντιο

2062 2638 2322 2710 ζομένους
2359 2638 2505 2707 ἡμᾶς
2560 2636 2620 2689 τὸ
2666 2636 2962 2707 δύστροπον
3003 2636 3308 2705 ἀπαλεῖψαι
3350 2637 3455 2689 τῶν
3503 2638 3626 2706 tia-ip

2061 2731 2179 2783 λίαν
2212 2729 2467 2782 συνετῶν.
2495 2728 2592 2781 Διά
2619 2728 2727 2798 γὰρ
2751 2728 2811 2779 τὸ
2842 2726 2984 2780 κατά
3016 2728 3182 2796 φύσιν
3226 2729 3513 2796 ἀναγκαῖον
3543 2730 3625 2797 χὰ-

2067 2840 2148 2895 ριν
2169 2820 2262 2875 τοῦ
2286 2820 2353 2873 τά
2371 2819 2571 2873 τούτων
2590 2820 2698 2890 (44)
2719 2819 3122 2889 ἀποτρίψασθαι
3156 2820 3251 2873 ἐπὶ
3274 2821 3453 2873 τόπων
3478 2821 3622 2873 τινῶν

2063 2913 2459 2984 ἀφωρισμένων
2488 2912 2606 2975 ἔθος
2638 2912 2782 2964 ἐστὶν
2808 2910 2917 2981 (45)
2931 2911 3094 2974 ἐνίοις
3118 2913 3503 2982 προσποιητῶς
3519 2912 3624 2963 ὐπο-

2063 3009 2279 3078 χωρεῖν,
2302 3006 2395 3059 καὶ
2419 3005 2477 3057 τὸ
2507 3004 2659 3067 τέλος
2679 3004 2778 3074 τῆς
2801 3004 2941 3057 κατά
2970 3021 3133 3056 τινων
3168 3004 3414 3072 σκέψεως
3445 3008 3499 3057 ὲν
3528 3007 3622 3065 rei;

383 3114 507 3168 qua:
535 3099 591 3151 in
627 3098 775 3150 hunc
806 3110 966 3149 usum
1000 3102 1209 3150 secreta
1244 3101 1393 3157 sunt,
1440 3104 1499 3147 ut
1528 3100 1738 3146 natura!
1770 3108 1961 3147 neces—

2137 3099 2340 3170 ,εδρῶσι
2374 3098 2707 3151 συντάττειν.
2748 3098 2956 3167 Ὥσπερ
3005 3096 3061 3149 δὲ
3094 3098 3123 3149 ὁ
3173 3098 3419 3166 κωμικὸς
3460 3098 3621 3165 πατὴρ

384 3189 531 3244 sitati
558 3187 720 3243 detur
742 3202 929 3256 opera,
962 3200 1080 3239 mos
1127 3193 1212 3239 est
1243 3184 1523 3238 nonnullis
1575 3184 1832 3238 simulate
1874 3199 1962 3238 se-

383 3284 598 3346 cedere,
630 3290 683 3337 et
706 3287 1015 3350 susceptam
1044 3279 1309 3333 adversus
1332 3278 1546 3347 aliquos
1574 3278 1959 3347 cogitationem

385 3376 441 3430 in
475 3374 691 3429 latrinis
719 3372 1019 3426 absolvere.
1053 3367 1521 3435 Quemadmodum
1546 3368 1788 3423 comicus
1811 3378 1963 3438 pater

387 3474 839 3536 intemperantem
879 3463 1047 3515 lilium
1102 3476 1133 3515 a
1168 3476 1227 3515 se
1259 3460 1387 3515 ferri
1412 3460 1566 3523 dicit,
1620 3467 1673 3515 et
1711 3460 1961 3530 quamvis

386 3567 724 3631 unguentum
750 3556 991 3619 olfaciat,
1028 3554 1266 3609 olfacere
1295 3570 1352 3610 se
1378 3562 1562 3623 negat,
1594 3554 1697 3609 hac
1728 3554 1961 3608 oll'actus

388 3646 717 3703 hebetudine
742 3654 1025 3715 peccatum
1052 3643 1202 3698 illius
1237 3643 1455 3698 abolere
1491 3651 1709 3699 tentans
1748 3662 1762 3699 :
1796 3644 1874 3697 ita
1906 3650 1961 3698 et

385 3753 486 3809 ego
514 3746 707 3791 auctor
736 3752 856 3791 sum
900 3735 1375 3805 prudentioribus,
1430 3742 1489 3789 ut
1534 3735 1622 3797 iis,
1660 3736 1751 3804 qui
1788 3734 1962 3802 majo-

385 3844 502 3883 rem
525 3826 588 3881 in
640 3826 859 3881 modum
886 3826 1219 3889 ohduruere,
1262 3841 1364 3881 nec
1404 3841 1465 3879 ea
1497 3842 1617 3895 qua:
1648 3827 1737 3880 isti
1793 3833 1962 3896 agunt

388 3918 551 3981 scire,
587 3933 689 3972 nec
721 3934 841 3986 qua:
894 3917 1085 3971 dicunt
1136 3915 1441 3985 intelligere
1492 3917 1804 3972 videantur.
1857 3916 1959 3982 Qui

388 4016 570 4062 autem
602 4007 706 4060 s'rhi
743 4007 959 4060 videtur
990 4020 1112 4059 esse
1155 4005 1397 4075 sapiens,
1438 4008 1738 4060 reluctatur
1770 4006 1963 4061 adver-

386 4113 485 4153 sus
520 4096 849 4152 monitiones
889 4103 942 4149 et
980 4096 1192 4148 rixatur
1222 4110 1347 4148 cum
1388 4111 1473 4158 eo,
1531 4097 1624 4166 qui
1669 4099 1959 4152 consilium

388 4188 558 4253 dedit,
590 4187 819 4258 ejusque
858 4189 915 4241 tit
939 4186 1309 4249 adversarius,
1339 4201 1404 4241 ac
1434 4203 1617 4242 secum
1653 4189 1768 4259 ipse
1792 4190 1963 4243 medi-

386 4289 536 4335 tatur
561 4280 613 4335 id
643 4280 789 4350 quod
819 4279 1065 4334 humana:
1115 4288 1328 4333 natura:
1355 4289 1409 4333 et
1450 4280 1733 4335 incredulo
1781 4283 1963 4335 animo

389 4371 613 4426 arridet.
675 4370 967 4441 Propterea
1021 4371 1365 4441 praebeamus
1417 4386 1520 4424 nos
1578 4372 1959 4442 inculpabiles,

2064 3190 2465 3261 ἀσωτευόμενον
2484 3189 2574 3241 τὸν
2596 3190 2710 3241 υίδν
2736 3187 3021 3259 βαστάζειν
3045 3190 3211 3260 φησί·
3237 3189 3337 3242 κᾶν
3370 3189 3619 3258 ὀσφρανθῇ

2062 3282 2155 3336 τοῦ
2189 3282 2382 3354 μύρου,
2412 3282 2484 3352 μὴ
2511 3279 2894 3352 ὀσφραίνεσθαι
2926 3279 3098 3348 λέγει,
3124 3279 3477 3351 δυσωδίᾳμϐ)
3498 3296 3622 3349 περι-

2063 3374 2294 3446 γράφειν
2329 3372 2491 3425 αύτοῦ
2540 3372 2600 3424 τὸ
2661 3371 2967 3441 ἁμάρτημα
3028 3370 3373 3443 πειρώμενος
3404 3388 3418 3401 ·
3470 3368 3619 3431 οὕτως

2063 3464 2217 3533 κάγὼ
2242 3481 2305 3516 συ
2313 3462 2590 3534 μϐουλεύω
2610 3465 2721 3524 τοῖς
2740 3462 2876 3528 ἄγαν
2904 3459 3310 3531 ὲσκληραγωγη
3320 3460 3495 3529 μένοις
3512 3458 3620 3519 τοὺς

2064 3556 2506 3630 φρονιμωτέρους
2558 3554 2872 3625 ἐμφαίνειν,
2908 3554 2992 3606 ὅτι
3040 3553 3185 3623 μήτε
3239 3552 3277 3606 ἃ.
3319 3554 3620 3624 πράττουσιν

2064 3651 2406 3709 ἐπίστανται,
2443 3649 2577 3719 μήτε
2602 3646 2638 3700 ἀ
2668 3646 2889 3715 λέγουσι
2918 3644 3305 3713 γινώσκουσιν.
3355 3647 3410 3698 Ὀ
3430 3644 3482 3698 δὲ
3508 3642 3618 3713 παρ’

2064 3741 2237 3814 ἑαυτῴ
2254 3744 2511 3814 φρόνιμος
2527 3735 2662 3793 εἶναι
2677 3738 2931 3808 νομίζων,
2948 3738 3263 3811 ἀντικρούει
3279 3739 3410 3809 πρὸς
3423 3738 3511 3801 τὰς
3526 3754 3614 3788 νον-

2064 3835 2267 3898 θεσίας,
2304 3834 2398 3887 καὶ
2424 3832 2682 3896 ἀντιδοξεῖ
2701 3832 2833 3902 (47),
2853 3832 2944 3883 καὶ
2962 3830 3054 3883 τοῦ
3074 3830 3523 3900 συμϐουλεύοντος
3549 3830 3617 3879 ἀν-

2064 3926 2263 3988 τίδικος
2284 3926 2510 3993 γίνεται,
2532 3924 2622 3976 καὶ
2648 3923 2846 3994 μελετᾷ
2866 3922 2988 3975 καθ’
3011 3924 3204 3975 ἑαυτὸν
3229 3923 3291 3975 τὸ
3313 3920 3614 3992 ἀνθρώπινον

2066 4018 2159 4069 καὶ
2207 3996 2452 4070 ἄπιστοί).
2508 4014 2608 4066 Διά
2649 4014 2807 4066 τοῦτο
2852 4015 3188 4085 παρέχωμεν
3239 4015 3459 4074 ἑαυτοὺς
3502 4010 3609 4079 ἀλή-

2068 4126 2254 4171 πτους,
2294 4106 2369 4177 μὴ
2398 4108 2457 4159 τὸ
2486 4107 2676 4159 δοκοῦν
2710 4108 2917 4168 ἑαυτοῖς
2955 4108 3116 4175 μόνον
3143 4102 3613 4176 πράττοντεςάᾺά

2064 4200 2159 4252 καὶ
2189 4199 2249 4252 τὸ
2280 4200 2386 4251 τῶν
2421 4198 2650 4260 πολλῶν,
2688 4199 2773 4250 ἵνα
2808 4198 3073 4249 σωθῶσιν.
3113 4198 3422 4269 Ὀργιστέον
3444 4195 3515 4254 δὲ,
3542 4212 3613 4247 κει·

2062 4289 2152 4342 λδν
2186 4290 2305 4360 μὲν,
2339 4292 2386 4341 εί
2425 4290 2699 4360 μηδέποτε
2721 4306 2733 4318 ·
2774 4288 2971 4358 μανίας
3001 4289 3112 4360 γάρ
3144 4291 3261 4341 ἐστι
3302 4285 3609 4341 τὺ“τοιοῦτον

2066 4376 2204 4443 εἶδος
2228 4396 2241 4409 ·
2272 4382 2320 4432 εί
2345 4380 2403 4433 δέ
2434 4398 2562 4433 ποτε
2585 4380 2677 4433 καὶ
2702 4377 3035 4446 κατεπείγει,
3062 4376 3606 4451 συγχρηστέονμΒΠῇ

390 4479 499 4517 non
530 4462 582 4515 id
617 4461 792 4517 solum
819 4473 1040 4531 agentes
1060 4463 1207 4533 quod
1236 4462 1401 4517 nobis
1424 4461 1661 4527 videtur,
1682 4464 1775 4517 sed
1797 4464 1961 4517 etiam

2137 4474 2200 4542 γῇ
2234 4472 2371 4543 πρὸς
2399 4472 2496 4541 τὴν
2519 4471 2613 4523 τοῦ
2649 4469 2875 4540 πλησίον
2908 4469 3225 4540 θεραπείαν.
3274 4469 3332 4524 'U
3362 4469 3460 4538 γὰρ
3484 4468 3605 4536 παρὰ

388 4554 537 4625 quod
568 4554 837 4625 pluribus,
868 4562 929 4608 ut
960 4555 1061 4625 ipsi
1092 4556 1393 4611 salventur.
1426 4554 1591 4611 Irasci
1616 4564 1797 4610 autem
1824 4570 1962 4624 prae-

467 4844 579 4916 (ιι)
608 4846 1055 4914 Χαμαιλὲοντες.
1084 4844 1175 4916 Sic
1195 4845 1360 4900 etiam
1389 4852 1506 4900 tres
1532 4844 1709 4916 iidem;
1723 4844 1960 4916 codices.

387 4913 542 4969 Edit't
564 4913 901 4986 χαμαιλέων.
940 4916 1059 4970 Mox
1092 4914 1225 4984 Reg.
1261 4916 1295 4969 5
1328 4922 1380 4969 et
1414 4916 1651 4970 Clarom.
1687 4914 1743 4979 2,
1779 4924 1833 4970 et
1856 4915 1965 4971 Ro-

396 4984 923 5054 bertus’Stephanus
952 4986 1018 5040 ad
1046 4987 1250 5040 calcem
1282 4987 1583 5038 ὑπονοστεῖ.

470 5054 581 5126 (42)
628 5054 1086 5126 ’AJtOtLOéyeror.
1116 5054 1251 5126 Leg.
1287 5056 1697 5126 ύποτιθεεμενονΣ

459 5122 580 5194 (45)
615 5124 739 5193 Χρὴ
764 5124 890 5191 τάς.
926 5124 1061 5195 Reg.
1104 5124 1139 5177 2
1187 5122 1240 5179 et
1289 5124 1344 5188 5,
1375 5122 1637 5196 χρηστάς.
1677 5122 1769 5181 Sic
1802 5127 1965 5182 etiam

398 5196 637 5251 Clarom.
669 5196 724 5258 2,
760 5197 936 5265 prima
966 5211 1152 5249 manu;

494 5266 583 5335 44)
616 5264 799 5335 Χάριν
823 5265 929 5318 τοῦ
958 5265 1030 5319 τὰ
1058 5266 1299 5335 τούτων.
1338 5264 1413 5318 Ita
1446 5264 1556 5319 duo
1600 5265 1967 5335 antiquissimi

396 5334 639 5390 codices.
684 5334 819 5399 Reg.
860 5336 900 5406 ζ)
939 5336 1098 5406 χάριν
1140 5334 1363 5406 τούτων.
1401 5335 1543 5406 Εάιῑί
1574 5334 1765 5388 τούτου
1808 5337 1967 5406 χάριν

404 5406 832 5487 ἀποειίίὲέεοῑθαιο.
859 5404 1304 5487 mensem???
1334 5404 1450 5487 :05.-

475 5474 587 5543 (45)
616 5477 785 5541 Ἕθος
809 5476 997 5527 ἐστίν.
1030 5474 1168 5528 Editi
1196 5474 1279 5543 ἐφ’
1302 5474 1393 5538 οὒς
1422 5474 1540 5538 ἔθος
1576 5475 1741 5531 ἐστίν.
1776 5474 1967 5531 Melius

404 5551 518 5599 tres
549 5544 705 5615 Regii
738 5553 790 5599 et
807 5545 1058 5615 _Clar9m.
1091 5544 1146 5605 2,
1184 5561 1323 5615 quos
1358 5555 1577 5615 secutus
1610 5561 1754 5599 sum.

480 5613 591 5682 (46)
622 5613 909 5679 Δυσωδίᾳ.
948 5613 1117 5668 Recte
1149 5613 1459 5668 observavit
1508 5613 1831 5683 Sylburgius
1865 5615 1967 5669 hac

404 5696 540 5737 voce
566 5684 797 5754 olfactus
832 5684 1214 5738 hebetudinem
1262 5683 1583 5754 signiﬁcari»,
1618 5700 1727 5737 non
1778 5686 1967 5754 ingra-

400 5758 519 5805 tum
544 5752 791 5819 odorem,
827 5762 886 5807 ut
918 5754 1229 5809 reddiderat
1259 5752 1497 5822 Langus.
1527 5752 1764 5815 Uterque
1781 5752 1969 5811 obser-

2067 4561 2224 4630 λόγον
2250 4563 2419 4633 αὐτὴν
2448 4558 2969 4631 πραγματευόμενος
2994 4563 3145 4630 μισεῖ
3170 4560 3381 4630 πρῶτον
3404 4559 3493 4630 μὲν
3511 4559 3609 4609 ἑπ-

2067 4857 2159 4902 vat
2185 4847 2470 4901 Micionem
2500 4845 2647 4915 apud
2678 4845 2997 4901 Terentium
3033 4844 3089 4898 in
3119 4841 3369 4913 Adelphis
3392 4857 3501 4915 es_se
3528 4855 3600 4894 co-

2066 4919 2268 4971 micum
2301 4916 2452 4970 illum
2482 4912 2714 4984 patrem,
2755 4917 2823 4971 de
2848 4915 3078 4987 quo_hic
3108 4916 3310 4987 agitur.
3342 4915 3406 4987 At
3430 4912 3602 4987 Teren-

2067 4988 2131 5041 tii
2157 4987 2457 5056 comoedias
2481 5001 2591 5040 non
2623 4996 2754 5056 puto
2778 4987 2909 5056 huic
2936 4984 3129 5056 Graec
3161 4984 3408 5056 scriptori
3438 4984 3593 5056 cogni-

2068 5068 2152 5112 tas
2196 5057 2386 5111 fuisse.
2445 5052 2713 5111 Prwte'rea
2771 5055 2913 5125 apud
2974 5052 3491 5125 Terentiuniﬂicio
3514 5064 3597 5102 non

2068 5129 2197 5181 dicit
2222 5142 2280 5181 se
2314 5134 2590 5195 unguenta
2634 5125 2730 5178 ﬁlii
2773 5122 2882 5180 non
2924 5124 3189 5189 olfacere,
3244 5122 3335 5179 sed
3379 5130 3595 5175 tantum:

2071 5198 2187 5253 Olet
2214 5206 2501 5263 unguenta,
2533 5195 2597 5249 de
2623 5212 2753 5248 meo.

2141 5269 2253 5335 (47)
2288 5254 2620 5328 Ἆντιδὸξεῒ.
2649 5264 2784 5335 Reg.
2821 5265 2855 5319 ε
2887 5272 2940 5320 et
2975 5266 3010 5319 3
3059 5264 3323 5330 ἀντιδοξεῖ
3370 5260 3453 5316 τοῦ
3486 5274 3596 5326 πμ-

2070 5336 2412 5399 6ουλεύοντος
2448 5336 2540 5389 καὶ
2563 5336 2867 5399 ἀντίδικος.

2142 5407 2253 5477 (48)
2284 5410 2330 5459 Σ
2338 5405 2726 5477 υγγρηστέον.
2762 5406 2902 5459 Editi
2936 5406 3334 5477 συγχωρητέον,
3360 5399 3593 5477 confidat:

2070 5465 2193 5532 dunt
2224 5465 2338 5530 έναι.
2368 5465 2474 5530 Sed
2506 5465 2843 5544 prml'erenda
2874 5476 2991 5529 visa
3017 5465 3108 5531 ’ἑὲι
3128 5465 3539 5545 ⁸εὸιδὶιηιιιτιιὶεεε.

2070 5560 2123 5604 et
2151 5551 2205 5612 5,
2234 5555 2289 5600 et
2315 5535 2554 5601 Clarom.
2592 5546 2646 5601 2.
2680 5545 2815 5601 Illud
2836 5548 3153 5614 κατεπείγει
3184 5535 3293 5599 non
3320 5546 3381 5598 de
3407 5535 3590 5614 ira—scd

2071 5622 2138 5673 de
2179 5610 2505 5673 necessitate
2550 5625 2775 5687 urgente
2835 5610 3220 5688 accipiendum
3270 5630 3383 5671 esse
3409 5610 3592 5666 monuit

2074 5688 2402 5762 Sylburgius
2443 5689 2660 5759 (contra
2678 5688 2964 5761 Langumi.
