3654 6508
92 374 215 431 1197

1087 369 1428 429 EPISTOLA
1461 372 1551 426 AD
1586 370 1820 425 ZENAM
1860 368 1950 425 ET
1979 369 2338 430 SERENUM.

3187 388 3325 445 1198

90 496 187 557 τὸν,
221 492 411 545 ἔπειτα
431 490 487 544 δὲ
516 490 609 544 καὶ
633 490 725 543 τὸν
753 489 977 561 πλησίον
996 505 1010 518 ·
1057 489 1250 543 ἑαυτὸν
1306 488 1404 560 μὲν
1440 488 1625 560 ταράτ-

1810 503 1958 545 arum
1990 487 2159 544 fuerit
2190 490 2238 545 si
2274 504 2555 561 nunquam
2585 492 2886 565 contingat,
2919 497 3145 555 insaniae
3179 503 3324 557 enim

91 603 203 647 των,
232 586 438 637 ἐκεῖνον
466 582 522 635 δὲ
550 581 764 635 ὀδυνῶν.
800 581 1112 652 Γέγραπται
1145 580 1277 652 γὰρ,
1323 581 1404 634 ὅτι
1428 568 1575 646 ﬁ[16c
1612 582 1647 633 ὀ

91 675 450 745 ὀργιζόμενος
473 673 603 743 εικῆ
626 673 705 739 τῷ
734 671 974 741 ἀδελφῷ
1001 673 1211 738 αὐτοῦ,
1237 673 1452 741 ἔνοχος
1474 672 1646 725 ἔσται

89 766 153 836 τῇ
180 767 388 835 κρίσει.
425 766 500 819 Τὸ
529 765 585 817 δὲ
616 764 708 817 τοῦ
736 766 1037 837 κινήματος
1069 764 1230 828 αὐτός
1256 780 1342 827 τις
1374 762 1494 816 καθ’
1526 764 1648 817 sau-

88 862 163 913 τὸν
192 858 474 928 γινόμενος
528 856 865 927 καταμαθεῖν
912 856 1155 921 δυνατός.
1220 855 1361 926 Ἤδη
1400 854 1459 908 δέ
1493 871 1643 919 τινας

89 953 226 1021 ίσμεν
255 948 342 1002 διὰ
368 949 470 1020 τῆς
502 949 636 1018 πρὸς
667 948 791 1012 τοὺς
825 948 1053 1019 πλησίον
1086 946 1370 1010 νουθεσίας
1416 946 1643 1009 ἑαυτοὺς

86 1041 520 1112 κατακρίνοντας.
558 1040 623 1091 Ὃ
654 1039 761 1110 γάρ
781 1056 866 1103 τις
898 1036 1145 1092 παιδεύει
1168 1038 1260 1091 τὸν
1279 1036 1484 1108 ἕτερον,
1501 1035 1647 1089 τοῦτ’

84 1132 225 1197 αὐτὸς
256 1130 484 1184 ποιείτω
514 1130 777 1203 πρότερον
799 1147 813 1160 ·
848 1131 1043 1202 μήπως
1090 1128 1229 1201 λάθῃ
1260 1128 1347 1182 διὰ
1377 1128 1471 1181 τοῦ
1505 1127 1644 1197 πλη-

84 1228 180 1278 σίον
210 1225 330 1278 καθ’
364 1225 565 1278 ἑαυτοῦ
600 1223 920 1295 ποιούμενος
952 1223 1049 1295 τὴν
1080 1223 1374 1291 ἀπόφασιν.
1423 1220 1645 1292 Ῥητέον

81 1316 158 1373 οὖν
186 1319 259 1389 τῷ
286 1317 595 1389 εὐγνώμονι
628 1318 762 1389 πρὸς
791 1316 1003 1379 ἑαυτὸν,
1030 1316 1249 1370 ἐπειδάν
1270 1332 1430 1368 τινων
1460 1315 1640 1384 ἁμαρ-

80 1414 263 1483 τήμασι
307 1410 401 1463 τὸν
444 1410 636 1464 ἑαυτοῦ
679 1410 858 1483 χρήσῃ
894 1409 1047 1463 νοῦνο
1094 1409 1188 1479 Μή
1232 1424 1286 1461 τι
1330 1406 1442 1477 ἄρα
1484 1402 1640 1474 κάγὼ

81 1520 295 1567 τοιουτος
317 1519 332 1567 ;

1745 590 1831 637 est
1865 580 1983 637 haec
2012 582 2229 652 species
2256 601 2272 651 ;
2324 584 2420 639 sed
2447 585 2494 641 si
2526 586 2746 656 quando
2775 590 3078 647 necessitas
3108 604 3327 667 urgeat,

1746 674 2012 730 utendum
2042 674 2126 728 ira
2160 675 2229 730 ad
2255 676 2487 746 proximi
2527 679 2890 736 curationem.
2932 679 3069 737 Nam
3118 686 3211 756 qui
3259 687 3330 743 il-

1745 768 1853 822 lam
1878 776 2077 836 praeter
2105 767 2378 823 rationem
2409 768 2650 833 adhibet,
2691 771 2805 826 odit
2834 772 3074 843 primum
3102 777 3326 847 quidem

1745 856 2124 926 semetipsum,
2158 856 2356 911 deinde
2378 864 2431 912 et
2454 859 2793 927 proximum;
2827 862 3072 932 seipsum
3103 865 3325 934 quidem

1746 948 2095 1018 perturbans,
2123 948 2278 1003 illum
2319 956 2499 1004 autem
2525 949 2712 1006 dolore
2739 950 3001 1009 alliciens.
3044 954 3323 1028 Scriptum

1745 1048 1831 1096 est
1859 1040 2005 1094 enim
2031 1054 2047 1093 :
2073 1038 2382 1111 Quicunque
2404 1041 2659 1095 irascitur
2677 1043 2791 1096 sine
2819 1059 2985 1099 causa
3014 1045 3178 1115 fratri
3202 1065 3319 1116 suo,

1747 1143 1868 1180 reus
1894 1128 1993 1181 erit
2017 1126 2227 1196 judicio
2262 1128 2303 1183 ‘.
2339 1128 2493 1195 Quod
2525 1138 2704 1186 autem
2741 1141 2954 1202 spectat
2985 1135 3055 1190 ad
3086 1150 3326 1193 commo-

1747 1220 1975 1285 tionem,
2006 1219 2059 1274 id
2091 1220 2345 1291 quisque,
2374 1221 2421 1277 si
2446 1236 2630 1277 secum
2670 1222 2787 1292 ipse
2816 1225 3151 1295 consideret,
3194 1245 3324 1300 per-

1750 1309 1963 1379 spicere
2028 1318 2227 1380 potest.
2286 1308 2593 1368 Nonnullos
2642 1313 2894 1381 scimus,
2944 1316 3040 1386 qui
3096 1320 3323 1376 monitis

1744 1399 1993 1471 proximo
2018 1400 2213 1457 dandis
2241 1403 2564 1472 semetipsos
2592 1404 2977 1463 condemnent.
3002 1408 3159 1476 Quod
3177 1413 3325 1471 enim

1742 1493 1870 1565 quis
1899 1494 2067 1548 alium
2094 1493 2274 1558 docet,
2313 1493 2368 1548 id
2404 1495 2520 1565 ipse
2548 1497 2702 1565 prius
2731 1497 2915 1565 faciat,
2955 1518 3025 1557 ne
3054 1503 3197 1561 forte
3217 1507 3321 1562 im-

84 1596 300 1667 prudens
330 1596 665 1652 sententiam
712 1595 766 1649 in
805 1595 1160 1666 semetipsum
1206 1609 1303 1664 per
1352 1592 1663 1663 proximum
1707 1587 1867 1644 ferat.
1920 1586 2090 1643 Debet
2142 1604 2273 1659 ergo
2338 1590 2423 1644 vir
2468 1591 2749 1655 cordatus,
2807 1592 2902 1647 ubi
2956 1594 3201 1653 animum
3249 1598 3321 1655 ad

83 1688 295 1742 aliorum
348 1695 579 1757 peccata
633 1686 1101 1752 animadverterit,
1154 1700 1341 1742 secum
1398 1685 1516 1753 ipse
1566 1682 1750 1738 dicere
1784 1700 1797 1735 :
1828 1680 1911 1733 An
1941 1695 2051 1733 non
2082 1679 2222 1735 forte
2250 1688 2304 1737 et
2337 1679 2454 1752 ipse
2483 1682 2610 1737 talis
2635 1684 2792 1739 sum?

144 1779 225 1832 12.
257 1778 314 1829 ’Θ
348 1776 407 1829 δὲ
430 1772 574 1841 οίνος
604 1778 743 1849 μήτε
756 1777 1030 1848 ὁσημέραι
1047 1777 1139 1831 ἐπὶ
1154 1774 1216 1829 τὸ
1249 1773 1467 1847 μεθύειν
1496 1772 1625 1826 πινέ-

1825 1771 1915 1825 12.
1956 1769 2202 1826 Ebrietas
2228 1771 2499 1841 fugienda.
2530 1772 2811 1829 —Vinum
2842 1792 2945 1833 nec
2978 1779 3221 1849 quotidie
3249 1783 3321 1841 ad

83 1870 197 1931 σθω,
223 1871 357 1940 μήτε
388 1869 467 1932 ὡς
507 1867 650 1939 ὕδωρ
690 1867 1070 1940 ὲπιζητείσθω.
1111 1867 1379 1939 Ἐκάτερα
1414 1865 1513 1937 μὲν
1536 1864 1645 1936 γὰρ

82 1963 197 2016 Θεοῦ
222 1963 509 2034 ποιήματά
540 1966 707 2027 ἐστιν,
728 1962 862 2016 ἀλλὰ
889 1962 952 2016 τὸ
987 1962 1084 2034 μὲν
1106 1961 1248 2033 ὓδωρ
1281 1961 1593 2028 ἀναγκαῖον,
1617 1958 1646 2010 ό

80 2056 125 2108 δὲ
153 2052 285 2120 οἶνος
318 2054 577 2127 βοηθείας
612 2055 771 2125 χάριν
813 2053 906 2107 τοῦ
940 2053 1188 2124 σώματος
1212 2052 1455 2122 γέγονεν.
1503 2051 1562 2105 '0
1588 2050 1645 2103 δὲ

84 2148 276 2219 πρῶτον
300 2148 400 2219 μὲν
420 2148 525 2219 τὴν
554 2146 797 2215 γλῶτταν
820 2146 1235 2217 δεσμευόμενος,
1252 2144 1363 2214 πῦρ
1386 2143 1441 2197 δὲ
1456 2142 1643 2214 ὥσπερ

81 2239 171 2291 ἀπὸ
184 2239 285 2292 τῶν
301 2238 605 2309 ὀφθαλμῶν
628 2236 1111 2310 λάμπων,τρέμων
1140 2236 1195 2289 δὲ
1219 2235 1314 2290 καὶ
1339 2235 1437 2298 τὰς
1461 2233 1647 2305 βάσεις

82 2331 154 2383 καὶ
174 2330 541 2401 ἀναισθητῶν,
564 2329 854 2400 φάρμακον
884 2328 1163 2400 προσίεται
1187 2325 1294 2398 (49)
1318 2324 1639 2396 θανάσιμον·

79 2422 155 2473 τδν
183 2423 277 2493 μὲν
308 2422 534 2494 σίδηρον
569 2422 629 2474 οὐ
666 2420 832 2473 ποιῶν
866 2419 1154 2489 δρέπανον,
1180 2418 1215 2489 ἦ
1248 2436 1301 2471 τι
1329 2417 1435 2470 τῶν
1477 2418 1643 2488 ἐργα-

83 2512 298 2585 ζομένων
330 2514 434 2586 τὴν
468 2513 597 2583 γῆν,
632 2513 909 2584 μάχαιραν
941 2512 998 2565 δὲ
1029 2511 1193 2566 αὐτὸν
1226 2511 1260 2583 ἢ
1290 2511 1489 2582 λόγχην
1532 2509 1641 2582 (50)

83 2605 507 2671 κατασκευάζων,
544 2605 639 2658 καὶ
704 2604 1099 2676 μεταπλάττων
1134 2602 1230 2657 τοῦ
1262 2603 1395 2656 Θεοῦ
1434 2602 1531 2674 τὴν
1567 2603 1645 2655 oi-

84 2698 335 2769 κονομίαν.
383 2699 446 2751 '0
479 2697 591 2770 γὰρ
619 2696 931 2761 οἰνοποτῶν,
958 2697 1079 2751 δέον
1108 2696 1201 2750 τοῦ
1227 2697 1326 2768 μὲν
1357 2694 1641 2767 χειμῶνος,

89 2790 164 2843 διὰ
190 2790 246 2843 τὸ
275 2790 449 2861 κρύος
501 2790 703 2853 πίνειν,
750 2790 910 2861 μέχρι
943 2789 1038 2843 τοῦ
1074 2790 1148 2861 μὴ
1194 2788 1399 2861 ῥιγοῦν,
1443 2788 1538 2842 τοῦ
1586 2788 1643 2841 δὲ

83 2881 266 2953 θέρους,
298 2882 388 2936 διά
410 2882 513 2953 τὴν
542 2881 651 2934 τῶν
678 2881 826 2944 ἐντὸς
860 2881 1184 2953 θεραπείαν⁸
1211 2878 1642 2955 παραχρώμενος

80 2973 117 3027 δ’
140 2975 271 3046 αὐτῷ
304 2974 441 3045 (5i),
488 2973 757 3045 ληραίνει,
812 2974 905 3027 καὶ
954 2973 1109 3043 δίκην
1161 2972 1303 3026 συῶν
1334 2972 1445 3043 (52)
1477 2971 1511 3043 ἢ
1544 2990 1643 3026 κυ-

84 3067 185 3131 νῶν,
221 3069 452 3140 ῥεύματι
499 3067 600 3136 τῆς
637 3065 931 3138 θεραπείας
977 3064 1277 3136 ὑπερζέων,
1319 3065 1635 3137 άσχημονει.

83 3155 181 3225 Χρὴ
208 3156 259 3209 δὲ
296 3157 373 3228 μὴ
406 3156 666 3227 καθάπερ
694 3155 1134 3225 ἀσωτευομένους
1177 3156 1322 3226 ἡμᾶς
1350 3156 1637 3228 παραχρῆ-

87 3246 185 3299 σθαι
210 3251 317 3311 τοῖς
348 3248 447 3301 τοῦ
476 3246 617 3300 Θεοῦ
650 3248 936 3318 ποιήμασι,
976 3247 1076 3319 τὴν
1104 3247 1261 3317 δίψαν
1292 3248 1369 3311 είς
1396 3247 1494 3320 τὴν
1536 3248 1633 3319 μέ-

85 3336 162 3406 θην
183 3339 434 3402 ἕλκοντας
456 3355 469 3369 ·
504 3336 645 3391 ἀλλά
678 3337 1113 3408 μεταλαμϐάνειν
1138 3338 1325 3403 ποτοῦ,
1352 3338 1512 3410 χάριν
1540 3337 1635 3392 τοῦ

86 3430 143 3500 μὴ
170 3430 339 3501 διψᾷν.
378 3431 543 3484 Ὅσοι
574 3430 630 3483 δὲ
664 3429 935 3499 ροφῶντες
976 3429 1065 3481 τὸν
1102 3425 1260 3495 οἶνον,
1300 3430 1549 3502 καθάπερ
1586 3432 1636 3483 oi

87 3523 411 3594 πυρέττοντες
459 3521 923 3592 καυσωνιζόμενοι
971 3523 1236 3587 πίνουσιν,
1274 3522 1397 3575 ὅσον
1427 3522 1638 3576 οὐδέπω

84 3612 151 3665 διὰ
176 3616 263 3686 τὴν
296 3616 573 3683 ἀκρασίαν
607 3613 976 3686 τεθνήξονται.

136 3706 208 3760 l3.
230 3706 606 3779 Παραιτητέον
627 3705 684 3758 δὲ
708 3706 799 3759 καὶ
822 3704 919 3776 τὴν
952 3704 1208 3775 λιχνείαν,
1239 3705 1434 3774 ὀλίγων
1466 3704 1631 3758 τινῶν

87 3798 283 3851 καὶτῶν
313 3797 634 3868 ἀναγκαίων
671 3796 1173 3867 μεταλαμϐάνοντα.
1213 3797 1480 3869 Καθάπερ
1528 3796 1637 3869 γὰρ

88 3888 215 3959 σῶμα
245 3889 455 3953 νοσοῦν,
490 3887 702 3940 πολλῶν
736 3888 829 3941 καὶ
868 3889 1073 3959 μυρίων
1105 3889 1274 3943 δεῖται
1308 3890 1634 3962 φαρμάκων,

86 3977 199 4032 οὕτω
228 3982 314 4034 καὶ
346 3984 379 4052 ὴ
414 3981 485 4033 δι’
522 3979 690 4051 αὐτὴν
724 3978 998 4050 ἀτυχοῦσα
1029 3980 1195 4052 ψυχὴ,
1233 3981 1510 4052 μονονουχὶ
1546 3981 1637 4035 καὶ

86 4068 329 4141 δερμάτων
352 4072 735 4144 ἐμπίπλασθαι
764 4072 1030 4142 βούλεται.
1065 4072 1181 4126 Κᾶν
1216 4073 1451 4145 πύθηται
1470 4092 1551 4138 τις
1576 4072 1637 4127 τὸ

88 4162 244 4228 αἴτιον,
280 4165 450 4228 πάθος
485 4165 815 4219 ἀναπλάττει
851 4166 1182 4235 σωματικόν.
1226 4166 1371 4236 Πρὸς
1415 4165 1507 4231 οὓς
1543 4168 1638 4237 ρη·’

85 4256 203 4310 τίον·
235 4260 305 4313 Οὐ
340 4262 450 4313 πᾶν
502 4257 841 4329 ἐπιτήδευμα
875 4256 986 4327 (55)
1020 4257 1247 4329 δόγματι
1286 4258 1382 4329 τῆς
1431 4258 1637 4321 ἑννοίας

88 4352 451 4421 κρατυνόμενον
498 4349 898 4420 εὐαπολόγητον
945 4349 1057 4419 ἔχει
1098 4348 1195 4420 τὴν
1238 4348 1529 4415 ἀπόδειξιν,
1562 4349 1637 4413 ὡς

1746 1863 2071 1919 ebrietatem
2111 1864 2353 1932 bibatur,
2421 1881 2620 1937 neque,
2674 1877 2735 1923 ut
2792 1884 2954 1941 aqua,
3009 1881 3317 1945 expetatur.

1750 1951 2051 2025 Utrumque
2080 1957 2224 2011 enim
2255 1956 2350 2014 Dei
2380 1973 2520 2030 Optls
2546 1968 2652 2024 est,
2680 1962 2777 2017 sed
2808 1978 2948 2034 aqua
2980 1970 3319 2036 necessaria,

1746 2043 1935 2099 vinum
1973 2047 2041 2101 ad
2086 2049 2348 2103 auxilium
2405 2052 2654 2121 corporis
2694 2051 2920 2109 factum.
2971 2056 3077 2123 Qui
3135 2068 3320 2118 autem

1746 2135 1933 2208 lingua
1963 2138 2200 2209 primum
2230 2140 2547 2211 impeditur,
2572 2151 2628 2199 et
2656 2144 2803 2200 velut
2837 2146 2982 2217 ignis
3017 2151 3194 2206 oculis
3222 2166 3320 2207 ru-

1747 2228 1889 2294 tilat,
1924 2230 2314 2301 gressibusque
2337 2233 2556 2300 titubat,
2592 2250 2694 2291 nec
2722 2251 2920 2294 sensus
2968 2240 3036 2294 ad
3083 2240 3320 2299 cilicium

1747 2320 1975 2376 idoneos
2010 2321 2193 2385 habet,
2245 2323 2293 2379 is
2337 2325 2680 2381 mortiferum
2730 2328 2973 2383 admittit
3022 2346 3321 2399 venenum,

1749 2414 1956 2471 ferrum
1986 2431 2096 2471 non
2125 2418 2180 2472 in
2208 2416 2400 2473 falcem
2430 2427 2524 2473 aut
2549 2419 2695 2475 aliud
2727 2421 2859 2492 quid
2888 2423 2957 2478 ad
2988 2432 3191 2480 terram
3221 2442 3320 2483 ex-

1747 2508 2033 2564 colendam
2067 2511 2512 2579 instrumentum,
2546 2514 2641 2569 sed
2673 2515 2731 2570 in
2760 2532 2947 2573 ensem
2994 2527 3089 2574 aut
3127 2522 3318 2593 cuspi-

1745 2603 1867 2659 dem
1895 2604 2192 2669 excudens,
2227 2620 2291 2660 ac
2334 2605 2647 2662 institutum
2690 2624 2720 2663 a
2751 2607 2866 2665 Deo
2913 2612 3161 2667 ordinem
3192 2629 3320 2685 per-

1742 2703 1985 2751 vertens.
2017 2694 2141 2751 Vini
2163 2698 2310 2753 enim
2345 2705 2525 2767 potor,
2562 2714 2687 2754 cum
2721 2700 2899 2757 hieme
2928 2703 3000 2759 ob
3024 2703 3197 2776 frigus
3229 2707 3318 2761 bi-

1746 2785 1876 2841 bere
1922 2787 2165 2853 deberet,
2217 2796 2481 2859 quantum
2522 2790 2658 2845 satis
2708 2798 2793 2846 est
2844 2802 2904 2847 ut
2956 2810 3069 2849 non
3119 2796 3314 2866 rigeat.

1743 2884 1932 2933 aestate
1960 2891 2138 2933 autem
2161 2878 2229 2933 ad
2252 2879 2525 2935 viscerum
2548 2881 2910 2949 curationem,
2936 2883 3169 2942 abutens
3190 2889 3319 2944 vino

1743 2968 1958 3034 delirat,
1990 2978 2045 3026 et
2076 2971 2251 3025 instar
2280 2987 2439 3028 suum
2471 2982 2567 3029 aut
2616 2987 2837 3038 canum,
2872 2976 3115 3033 alimenti
3160 2983 3318 3052 capia

1743 3060 2129 3126 eﬂervescens,
2162 3061 2416 3119 indecore
2439 3080 2498 3120 se
2519 3065 2679 3135 gerit.
2707 3064 3022 3122 Cavendum
3044 3078 3226 3125 autem
3250 3088 3321 3128 ne

1742 3153 2218 3225 intemperantium
2254 3170 2405 3212 more
2433 3155 2723 3212 abutamur
2742 3156 2839 3214 Dei
2869 3161 3144 3231 operibus,
3167 3164 3317 3221 sitim

1738 3244 1807 3298 ad
1852 3243 2171 3299 ebrietatem
2211 3245 2521 3309 trahentes;
2571 3247 2668 3302 sed
2724 3256 2885 3318 potus
2939 3251 3320 3324 adhibendus,

1735 3338 1899 3411 415
1937 3348 1997 3393 ιιι
2043 3354 2111 3395 ne
2154 3338 2425 3394 sitiamus.
2467 3338 2572 3407 Qui
2612 3348 2793 3396 autem
2841 3342 3028 3398 vinum
3087 3347 3318 3404 sorben-

1736 3437 1853 3495 tes,
1888 3430 2066 3486 instar
2121 3445 2308 3485 eorum
2334 3469 2349 3494 ,
2401 3431 2496 3501 qui
2556 3430 2725 3487 febris
2754 3440 2891 3487 aestu
2920 3443 3187 3500 uruntur,
3221 3451 3320 3508 po-

1736 3528 1887 3583 tant,
1919 3521 1976 3575 hi
2023 3529 2233 3575 tantum
2270 3537 2381 3576 non
2424 3522 2678 3592 protinus
2720 3524 2791 3578 ob
2841 3524 3317 3597 intemperantiam

1738 3613 2066 3668 morientur.

1808 3704 1897 3759 15.
1926 3703 2191 3775 Ingluvies
2233 3702 2507 3775 fugienda.
2535 3733 2605 3744 —
2634 3701 2917 3776 Fugienda
2944 3708 3106 3762 etiam
3138 3709 3318 3781 inglu-

1736 3794 1875 3860 vies,
1911 3810 1976 3851 ac
2030 3811 2203 3868 pauca
2252 3795 2499 3867 quaedam
2552 3802 2607 3849 et
2652 3798 2965 3853 necessaria
3027 3802 3319 3859 sumenda.

1738 3889 2203 3959 Quemadmodum
2224 3889 2370 3944 enim
2403 3903 2605 3959 corpus
2631 3898 2903 3960 aegrotans
2926 3892 3113 3947 multis
3145 3907 3209 3947 ac
3238 3894 3316 3949 in-

1739 3982 1985 4038 numeris
2014 3987 2135 4052 eget
2160 3980 2597 4044 medicamentis,
2643 3981 2724 4036 sic
2756 3989 2810 4037 et
2844 3981 3048 4048 anima,
3079 3999 3201 4055 qua
3220 4000 3321 4057 per

1740 4089 1800 4131 se
1830 4076 2005 4146 ipsam
2024 4070 2165 4126 male
2184 4086 2244 4127 se
2267 4072 2452 4137 habet,
2492 4079 2703 4127 tantum
2746 4076 3045 4130 nonetiam
3085 4078 3319 4148 pellibus

1738 4165 1952 4237 impleri
1987 4165 2159 4235 cupit.
2203 4162 2261 4219 Si
2308 4164 2434 4235 quis
2462 4178 2683 4218 causam
2730 4164 3028 4233 quaesierit,
3064 4168 3315 4223 morbum

1739 4257 1893 4329 fingit
1909 4271 2253 4327 corporeum.
2275 4254 2355 4310 Ad
2369 4255 2472 4309 hoc
2490 4254 2771 4309 hominum
2793 4272 2969 4327 genus
2986 4258 3280 4314 dicendum
3301 4280 3314 4314 :

1737 4350 1929 4405 Nonne
1952 4348 2207 4418 qualibet
2227 4346 2420 4417 agendi
2467 4346 2609 4400 ratio
2647 4346 3000 4417 cogitationis
3031 4352 3317 4420 proposito

90 4441 161 4493 καὶ
192 4443 343 4516 μέχρι
388 4442 583 4515 μοιχοῦ
631 4441 725 4496 καὶ
767 4440 973 4510 φονέως
1005 4441 1099 4494 καὶ
1131 4441 1400 4513 δραπέτου
1435 4440 1625 4511 πολλὴν

1810 4442 2061 4495 nlirmata
2096 4438 2307 4494 facilem
2328 4438 2491 4493 habet
2521 4453 2702 4493 causa:
2725 4438 3122 4506 defensionem,
3159 4442 3235 4497 ita
3258 4455 3318 4499 ut

89 4534 399 4603 εὑρίσκεσθαι
431 4536 535 4607 τὴν
568 4532 883 4602 ἀπολογίαν,
916 4534 997 4586 ὅτι
1025 4532 1204 4597 καλῶς
1236 4534 1535 4605 πράττεται
1567 4532 1628 4585 τὸ

91 4627 160 4679 ὑπ’
178 4630 341 4684 αὐτῶν
360 4631 682 4701 γινόμενον;
712 4628 769 4679 'U
794 4626 851 4680 δὲ
880 4624 1048 4679 εἰπὼν
1082 4625 1216 4696 πρὸς
1242 4625 1336 4678 τὸν
1369 4623 1632 4678 πυνθανό-

94 4736 220 4786 μενον
274 4722 332 4775 τὸ
398 4723 575 4776 αῐτιον
624 4718 719 4772 τοῦ
776 4717 971 4781 κακοῦ,
1036 4717 1128 4771 καὶ
1182 4716 1630 4789 ἀποκρινόμενος,

89 4808 233 4880 δόγμα
276 4814 416 4867 πάνυ
473 4810 803 4881 θαυμαστῶς
854 4806 1179 4879 ὲξεᾳὼνησε.
1234 4809 1474 4880 Τροφαίς
1526 4806 1636 4877 ἄρα

92 4905 317 4970 χρηστέον
342 4904 435 4957 ἐπὶ
466 4902 530 4956 τὸ
562 4901 639 4972 μὴ
672 4902 862 4972 πεινῇν
893 4900 1024 4970 (54).
1069 4900 1125 4953 Ὀ
1156 4900 1211 4952 δὲ
1237 4899 1475 4961 τοιοῦτος
1505 4900 1634 4952 ἐκα-

91 4994 335 5069 τοντάχειρ
381 4995 445 5049 τὸ
489 4996 614 5048 ὅσον
661 4995 746 5063 ἐφ’
788 4990 968 5062 ἑαυτῷ
1015 4991 1260 5061 βούλεται
1293 4992 1634 5062 περιπατεῖν,

92 5083 168 5137 καὶ
196 5086 783 5159 πεντηκοντακέφαλος,
824 5084 1101 5156 Γηρύονας
1137 5083 1493 5156 τρικεφάλους
1544 5083 1637 5145 καὶ

182 5260 201 5291 ⁸
225 5263 406 5323 Matth.
440 5280 493 5330 ν,
522 5261 614 5317 22.

157 5503 253 5571 (49)
277 5508 611 5574 Προσιεται.
638 5504 776 5561 Tres
796 5502 947 5574 Regii
973 5508 1028 5557 et
1040 5500 1290 5574 _Claro_m.
1316 5500 1351 5553 2
1367 5498 1631 5570 προίεται.

179 5575 256 5651 i9)
285 5570 349 5651 Ἡ
372 5580 623 5651 λόγχην-
656 5574 856 5651 εἰει-,2
879 5570 941 5651 ἒξ
964 5572 1057 5651 ⁵,ἢ
1088 5573 1181 5651 ἐει
1202 5570 1423 5651 “nav-
1474 5636 1546 5651 ...
1569 5635 1602 5651 ..

177 5635 255 5714 δι)
287 5635 766 5717 Παραχξρὧμενοξ
786 5644 839 5698 δ’
874 5635 1057 5707 αῠτῷξ
1107 5635 1371 5697 Voculam
1425 5635 1633 5693 addidit

106 5712 647 5790 aliainanusinwﬁég.
678 5786 699 5790 _
835 5784 869 5790 _
938 5784 952 5790 _
1013 5783 1025 5790 _
1290 5778 1315 5790 ..

162 5783 261 5855 (52)
290 5787 473 5844 Συῶν.
505 5776 639 5859 Reg.
672 5786 708 5840 2
753 5793 808 5841 et
835 5784 891 5851 5,
938 5783 1141 5839 habent
1182 5778 1357 5837 κυνῶν
1390 5776 1425 5850 ἢ
1466 5778 1629 5834 συῶν.

1737 4532 1952 4592 mmcho
1980 4531 2145 4587 etiam
2191 4538 2245 4584 et
2279 4527 2561 4584 homicida:
2585 4537 2638 4583 et
2676 4528 2901 4599 fugitivo
2922 4529 3092 4585 multa
3117 4546 3319 4604 suppe-

1735 4632 1855 4681 tant
1884 4628 2227 4693 argumenta,
2263 4634 2363 4674 cur
2388 4619 2534 4689 quod
2565 4617 2794 4684 faciunt,
2821 4620 3081 4690 pmclare
3110 4620 3314 4680 factum

1739 4716 1845 4773 sit?
1874 4712 1979 4780 Qui
2011 4720 2191 4766 autem
2226 4710 2403 4765 morbi
2431 4725 2653 4766 causam
2686 4711 2902 4781 roganti
2937 4713 3241 4784 respondit,
3266 4714 3317 4772 is

1740 4807 1906 4864 animi
1938 4804 2023 4861 sui
2056 4803 2392 4875 propositum
2423 4802 2658 4857 mirabili
2688 4817 2915 4873 prorsus
2943 4805 3108 4862 modo
3135 4806 3316 4863 decla-

1740 4898 1900 4954 ravit.
1933 4894 2085 4953 Cibis
2122 4893 2288 4964 igitur
2332 4894 2616 4959 utendum,
2647 4900 2707 4948 ut
2735 4910 2803 4950 ne
2844 4896 3175 4954 esuriamus.
3208 4899 3309 4966 Qui

1736 5000 1915 5045 autem
1958 4989 2086 5043 talis
2127 4994 2230 5051 est,
2270 4986 2317 5042 is
2358 4985 2722 5049 centimanus,
2774 4995 3042 5057 quantum
3088 4990 3146 5045 in
3192 4990 3312 5061 ipso

1737 5091 1841 5149 est,
1880 5091 1934 5137 et
1960 5096 2084 5135 cum
2119 5078 2513 5151 quinquaginta
2544 5078 2819 5149 capitibus
2854 5080 3109 5139 incedere
3136 5082 3308 5155 cupit,

1815 5492 1929 5566 (53)
1963 5495 2046 5548 Οὐ
2079 5490 2202 5548 πᾶν
2224 5492 2607 5571 emendatum.
2637 5496 2719 5551 Ad
2745 5495 2909 5571 huius
2934 5497 3037 5571 loci
3067 5499 3308 5571 explica-

1742 5563 2199 5641 ti_onem_necesse
2219 5563 2525 5641 fuit_no_tam
2543 5563 2991 5641 interrogationis
3010 5563 3303 5641 apponere,

1737 5636 1845 5692 nisi
1878 5634 2002 5705 quis
2028 5636 2205 5705 legere
2224 5634 2487 5705 _malit_6u
2518 5636 2644 5688 πᾶν.

1808 5652 1845 5692 ει
1916 5650 2002 5688 uis
2030 5650 2205 5714 tegere
2236 5650 2387 5689 mam
2407 5650 2487 5687 οτι
2518 5650 2644 5688 παν.

1808 5650 1920 5787 (ἵζῦ
1948 5708 2189 5787 Περρην.
2570 5705 2779 5787 πεινᾷν.
2833 5704 3025 5766 Melius
3068 5710 3098 5765 ὁ
3136 5710 3192 5766 δὲ
3226 5710 3308 5783 μὴ

1737 5776 1988 5840 τοιοῦτος.
2026 5775 2130 5842 Qui
2158 5783 2329 5828 autem
2358 5774 2480 5829 talis
2504 5789 2606 5828 non
2634 5774 2736 5829 est.
