3654 6494
364 346 503 399 1199

1114 344 1480 403 APPENDIX.
1519 380 1587 388 —-
1621 345 1802 401 PARS
1836 347 1875 401 l.
1917 346 1973 402 S.
2018 347 2281 403 JUSTINI
2316 349 2544 406 OPERA
2573 351 2846 409 SPURIA.

3480 362 3607 421 12υο

358 457 635 530 Geryones
665 466 831 512 trium
866 458 1105 529 capitum
1150 468 1205 512 et
1247 475 1341 513 sex
1374 476 1631 515 manuum
1661 476 1912 530 quaerens

2071 461 2324 534 ξαχειρας
2356 465 2554 535 ζητῶν,
2590 467 2811 533 πολλαῖς
2843 470 2996 541 χερσὶ
3031 472 3125 525 καὶ
3152 472 3364 527 πλείοσι
3397 478 3605 548 στόμασι

358 551 671 620 multasque
706 566 901 605 manus
949 559 1002 605 et
1056 549 1239 621 plures
1287 550 1491 604 buccas
1539 552 1605 605 ad
1646 552 1939 621 ingluviem

356 649 641 711 appetens.

428 755 516 809 M.
540 754 747 809 Divitiis
777 756 964 809 melior
979 766 1286 825 paupertas.
1322 754 1597 821 Quomodo
1625 756 1938 809 currendum

355 848 425 901 ad
456 858 652 902 aeterna
680 850 923 917 praemia.
960 878 1029 887 -—
1052 847 1363 901 Laudanda:
1391 847 1593 903 divitia:
1634 849 1783 903 nullo
1823 866 1939 903 nio-

350 941 457 1004 do;
485 950 780 1010 paupertas
804 950 983 995 autem
1026 940 1252 995 minime
1295 942 1559 997 conviciis
1592 943 1934 1012 exagitanda.

358 1032 465 1088 Illae
494 1033 641 1088 enim
674 1050 740 1088 ex
769 1034 970 1090 selecta
1002 1034 1230 1087 materia
1263 1043 1547 1101 constant;
1580 1036 1819 1090 materiae
1840 1052 1938 1091 au-

360 1137 469 1183 tem
502 1127 627 1182 ﬁnis
670 1128 971 1197 corruptio,
1016 1135 1070 1180 et
1100 1142 1336 1191 vermes,
1378 1137 1431 1181 et
1473 1131 1639 1194 tinea,
1671 1137 1725 1184 et
1767 1131 1933 1200 ignis,

360 1228 416 1275 et
449 1222 629 1284 ruina,
652 1228 706 1275 et
736 1222 975 1275 latrones
1002 1227 1055 1275 et
1084 1230 1370 1291 tyrannus.
1412 1219 1715 1291 Paupertas
1752 1233 1931 1280 autem

357 1322 607 1384 separata
634 1322 717 1368 est
745 1314 813 1367 ab
850 1314 955 1368 hoc
986 1314 1207 1378 saeculo,
1242 1330 1304 1368 ac
1331 1330 1517 1369 verum
1548 1316 1708 1371 unice
1738 1320 1933 1387 exqui-

350 1406 443 1469 rit,
492 1408 642 1461 nulla
676 1422 734 1461 re
764 1407 1049 1476 temporali
1082 1407 1367 1461 distracta.
1416 1408 1591 1476 Atque
1629 1408 1744 1463 haec
1777 1410 1933 1478 equi-

346 1500 469 1555 dem
501 1500 657 1555 vobis
703 1501 909 1569 scripto
949 1500 1244 1563 edisserui,
1277 1498 1509 1554 suadere
1534 1501 1723 1555 volens
1764 1502 1930 1556 animi

345 1592 825 1662 tranquillitatem,
872 1606 1081 1660 vosque
1113 1590 1180 1645 ad
1233 1590 1308 1655 id,
1359 1591 1505 1660 quod
1545 1591 1845 1661 perfectum
1876 1598 1932 1648 et

344 1685 537 1739 virtuti
580 1692 1033 1748 consentaneum,
1077 1700 1377 1755 properans
1430 1684 1750 1754 perducere.
1792 1685 1929 1740 Nam

2043 554 2365 627 λαιμργείν
2393 558 2839 629 ἐπιτετηδευκὼς.

2110 756 2199 808 14.
2241 758 2679 828 Ἐγκωμιαστέον
2714 760 2771 813 δὲ
2807 758 3037 813 πλοῦτον
3078 761 3179 831 μὲν
3222 762 3489 833 οὑδαμῶς,
3523 783 3601 817 πεο

2041 848 2158 900 νίαν
2178 848 2234 901 δὲ
2258 849 2318 901 οὑ
2344 849 2697 923 λοιδορητέον.
2732 852 2789 904 Ὀ
2806 852 2902 921 μὲν
2931 852 3060 923 γὰρ,
3099 853 3467 924 ἐξηλεγμένης
3487 856 3605 925 ὕλης

2041 941 2371 1013 κρατύνεται
2384 959 2397 971 ·
2422 943 2593 1013 φθορά
2614 944 2671 996 δὲ
2690 944 2913 1008 τὸτέλος
2927 946 3026 1015 τῆς
3045 946 3178 1017 ὕλης
3209 948 3348 1010 ἐστὶ,
3371 950 3458 1001 καὶ
3476 950 3604 1001 σκώ-

2038 1035 2223 1107 ληκες,
2244 1036 2338 1089 καὶ
2355 1036 2524 1101 εὑλαὶ,
2549 1038 2789 1106 καὶπῦρ,
2808 1040 2900 1092 καὶ
2922 1041 3128 1104 πτῶσις
3146 1041 3283 1111 (55),
3300 1042 3393 1093 καὶ
3408 1042 3602 1115 λῃσταὶ,

2039 1129 2130 1183 καὶ
2160 1128 2424 1199 τύραννος
2444 1147 2457 1158 ο
2487 1134 2519 1202 ή
2552 1130 2608 1183 δὲ
2653 1132 2983 1203 κεχώρισται
3020 1134 3118 1203 μὲν
3146 1134 3244 1187 τοῦ
3280 1134 3376 1187 νῦν
3405 1135 3600 1201 αἰῶνος,

2038 1223 2192 1295 ζητεῖ
2212 1223 2269 1275 δὲ
2294 1223 2355 1275 τὸ
2381 1224 2577 1295 ἀληθὲς
2601 1224 2780 1295 μόνον,
2822 1225 2925 1277 ὑπὸ
2962 1226 3191 1297 μηδενὸς
3227 1230 3598 1301 περισπωμένη

2036 1316 2394 1386 προσκαίρου.
2452 1317 2635 1369 Ταῦτα
2680 1316 2737 1368 δὲ
2788 1318 2915 1387 ὑμῖν
2968 1320 3266 1390 eryde
3325 1320 3596 1393 ὑπεθέμην,

2034 1407 2301 1461 νουθετεῖν
2348 1407 2669 1480 βουλόμενος
2712 1409 2773 1461 τὸ
2817 1410 3109 1480 ἀτάραχον,
3163 1410 3507 1481 καταρτίζειν
3548 1429 3596 1465 τε

2033 1499 2177 1569 ὑμᾶς
2208 1498 2345 1568 πρὸς
2376 1498 2436 1551 τὸ
2466 1498 2670 1551 τέλειον
2704 1498 2797 1551 καὶ
2830 1499 3083 1571 ἐνάρετον
3110 1498 3384 1550 σπεύδων.
3427 1499 3479 1551 ’0
3506 1500 3597 1569 γὰρ

2033 1590 2110 1663 μὴ
2137 1590 2397 1655 τοιοῦτος,
2431 1590 2534 1657 ἔξω
2564 1590 2658 1643 τοῦ
2695 1590 2804 1662 (56)
2837 1591 3059 1655 κανόνος
3093 1590 3281 1663 τρέχει
3316 1590 3411 1643 τοῦ
3442 1591 3593 1643 δοθέν-

2028 1699 2121 1745 τος
2149 1682 2316 1753 αὑτῷ,
2357 1682 2449 1736 καὶ
2480 1683 2567 1736 διὰ
2593 1682 2655 1735 τὸ
2699 1683 2931 1736 ἄτακτον
2975 1681 3200 1747 ἔξαθλος
3249 1681 3484 1751 γίνεται·
3512 1682 3594 1734 κᾶν

343 1777 439 1848 qui
472 1778 599 1833 talis
641 1793 750 1832 non
784 1785 888 1842 est,
924 1785 1079 1833 extra
1116 1778 1357 1847 regulam
1409 1778 1509 1847 ipsi
1549 1780 1913 1851 praescriptam

2067 1778 2174 1830 κὶνυ
2206 1775 2566 1848 ταλαιπώρως
2592 1777 2693 1847 τῆς
2712 1776 2817 1829 ἀπὸ
2836 1776 2943 1829 τῶν
2976 1774 3213 1844 γεναίων
3241 1774 3485 1846 ἀθλητῶν
3502 1778 3592 1828 ἑπι-

344 1871 542 1934 currit,
567 1879 621 1924 et
648 1870 778 1940 quia
808 1869 1057 1925 ordinem
1080 1886 1188 1925 non
1219 1870 1475 1934 servavit,
1504 1872 1727 1940 praemio
1746 1884 1925 1940 caret;

344 1970 508 2033 atque
535 1962 750 2017 etiamsi
773 1960 1067 2015 admodum
1104 1962 1375 2017 laboriose
1409 1963 1673 2016 auxilium
1700 1979 1729 2017 a
1758 1980 1926 2033 gene-

343 2056 486 2112 rosis
525 2055 749 2109 athletis
786 2055 1082 2125 acceperit,
1123 2061 1178 2110 et
1225 2056 1336 2109 cibi
1374 2063 1428 2109 et
1462 2064 1623 2125 potus
1652 2072 1715 2111 ac
1754 2056 1925 2113 vestis

343 2146 616 2217 particeps
660 2145 845 2210 fuerit,
900 2146 1074 2200 nihilo
1124 2147 1300 2217 magis
1341 2148 1715 2203 coronabitur.
1746 2149 1926 2220 Atque

339 2240 416 2295 illi
443 2238 665 2308 quidem
718 2238 773 2292 in
819 2237 1000 2294 Patris
1042 2238 1341 2301 civitatem,
1386 2254 1550 2308 quam
1584 2239 1921 2305 dilexerunt,

338 2330 715 2401 pervenientes
766 2331 1053 2401 praemium
1105 2339 1371 2385 aeternum
1429 2333 1737 2402 accipient;
1800 2336 1922 2392 istis

337 2438 467 2479 vero
496 2440 606 2478 non
630 2424 923 2494 continget,
959 2430 1016 2477 ut
1047 2439 1141 2493 per
1167 2423 1351 2478 cibum
1384 2424 1475 2479 hic
1517 2436 1801 2496 acceptum
1830 2446 1917 2483 ve-

337 2532 429 2573 ras
448 2517 675 2572 delicias
704 2524 1133 2586 consequantur.

408 2628 495 2683 15.
527 2627 695 2683 Caute
723 2645 841 2681 cum
869 2628 1177 2682 mulieribus
1211 2630 1545 2702 loquendum.
1572 2632 1802 2689 Illarum
1825 2653 1917 2689 ar-

336 2722 525 2791 tiﬁcia.
568 2751 639 2761 -—
679 2721 862 2775 Honor
896 2721 1184 2777 habendus
1224 2725 1575 2791 mulieribus,
1609 2726 1705 2781 sed
1739 2729 1922 2797 provi-

333 2813 571 2868 dendum
594 2829 665 2867 ne
696 2811 834 2868 forte
866 2814 1155 2881 labamur;
1183 2824 1451 2886 cauteque
1478 2817 1545 2870 ad
1575 2832 1669 2873 eas
1694 2819 1921 2872 venien-

330 2902 461 2959 dum
504 2920 567 2958 ac
603 2905 829 2959 minime
870 2906 1120 2968 curiose,
1154 2909 1225 2959 ita
1260 2914 1319 2959 ut
1350 2915 1659 2964 metuamus
1701 2910 1916 2979 pericu-

332 2995 466 3059 lum,
502 2997 647 3066 quod
684 3012 807 3050 cum
845 2997 950 3051 illis
977 2995 1191 3068 degenti
1217 3000 1481 3061 imminet,
1515 3017 1579 3055 ac
1609 3002 1767 3057 facile
1799 3020 1917 3057 mu-

331 3088 550 3141 tabilem
600 3090 814 3143 illarum
862 3091 1125 3152 animum,
1166 3094 1562 3164 consciumqne
1622 3094 1768 3150 illius
1812 3097 1911 3161 rei,

2032 1868 2257 1938 κουρίας
2273 1867 2433 1939 τύχῃ,
2468 1866 2721 1939 βρώσεως
2753 1869 2786 1939 ἢ
2822 1871 3035 1931 πόσεως
3067 1870 3101 1941 ἢ
3134 1867 3367 1939 ἐσθῆτος
3389 1866 3591 1921 ἀπολαύ-

2030 1976 2147 2023 σας,
2182 1959 2332 2030 ὅμως
2362 1960 2474 2031 (57)
2508 1961 2659 2014 οὐδὲν
2691 1956 2854 2033 ⁴ἧττον
2901 1961 3290 2030 ἀστεφάνωτος
3337 1961 3467 2014 ἐστι.
3502 1959 3588 2012 Καὶ

2024 2053 2074 2103 oi
2112 2052 2210 2122 μὲν
2250 2051 2629 2117 εἰσελάσαντες
2663 2055 2743 2116 είς
2782 2052 2880 2125 τὴν
2918 2053 3294 2123 ἠγαπημένην
3328 2052 3477 2106 πόλιν
3512 2052 3587 2105 τοῦ

2026 2145 2237 2215 Πατρὸς
2259 2184 2274 2210 ,
2304 2146 2481 2218 γέρως
2527 2145 2697 2200 ἀϊδίου
2753 2146 2864 2217 (58)
2920 2145 3363 2217 μεταλήψονταιο
3409 2148 3510 2209 τοῖς
3542 2144 3589 2198 ἂ

2023 2238 2381 2309 ἀποϐήσεται,
2416 2241 2503 2293 διὰ
2548 2240 2648 2310 τῆς
2676 2239 2906 2293 ἐνταῦθα
2947 2238 3157 2309 τροφῆς
3183 2239 3288 2309 τῆς
3317 2237 3454 2292 κατά
3480 2237 3591 2307 ἀλήο

2024 2330 2172 2384 θειαν
2204 2332 2555 2396 ἀπολαύσεως
2582 2334 2659 2405 μὴ
2692 2332 3149 2404 μεταλαμϐάνειν.

2093 2624 2179 2679 15.
2215 2624 2418 2678 Γύναια
2444 2624 2499 2678 δὲ
2530 2627 2807 2695 τιμητέον,
2836 2622 3204 2697 προνοοῦντας
3242 2624 3318 2695 μὴ
3351 2623 3452 2695 ἀρα
3470 2641 3585 2692 σφα·

2019 2715 2232 2787 λῶμεν·
2271 2718 2364 2770 καὶ
2400 2716 2682 2789 προσιτέον
2714 2716 2907 2779 αὐταῖς
2939 2716 3109 2785 ὑγιῶς
3145 2717 3241 2770 καὶ
3282 2716 3359 2788 μὴ
3392 2716 3586 2787 περιέρ-

2018 2824 2151 2876 γως,
2179 2807 2417 2870 δεδιότας
2453 2807 2554 2877 τῆς
2589 2808 2705 2877 μετ’
2740 2806 2918 2860 αὑτῶν
2951 2806 3308 2878 ἀναστροφῆς
3339 2804 3398 2858 τὸ
3427 2805 3581 2859 κινδυ-

2018 2900 2201 2963 νῶδες,
2225 2900 2317 2953 καὶ
2350 2898 2822 2970 προγινώσκοντας
2851 2898 2911 2951 τό
2930 2915 2990 2950 τε
3017 2898 3386 2967 εὐμετάϐολον
3406 2898 3579 2957 αὐτῶν,

2018 2992 2113 3046 καὶ
2148 2993 2248 3063 τὴν
2293 2994 2371 3055 εἰς
2411 2993 2547 3063 ὅπερ
2579 2992 2781 3044 οἴονται
2814 2989 3095 3059 γεγονέναι
3144 2990 3466 3061 συνείδησιν.
3498 2992 3584 3042 Φυ-

2018 3085 2243 3139 λακτέον
2281 3086 2338 3139 δὲ
2384 3085 2489 3157 πρὸ
2523 3085 2739 3138 πάντων
2780 3084 2879 3148 τὰς
2927 3086 2984 3138 ὲν
3032 3085 3376 3157 παραϐύστῳ
3421 3100 3583 3153 κοσμία

330 3179 490 3247 cujus
534 3196 702 3235 causa
739 3179 913 3237 factas
968 3199 1027 3238 se
1059 3200 1181 3239 esse
1215 3193 1428 3255 putant,
1490 3187 1909 3256 prospiciamus.

2067 3177 2120 3239 ὶς
2154 3176 2266 3247 (59)
2301 3176 2478 3229 αὐτῶν
2504 3178 2897 3249 ἐπιτηδεύσεις,
2933 3177 3159 3239 αἵτινες,
3180 3176 3369 3247 κρύφα
3400 3176 3582 3244 γινόμε·

330 3268 471 3323 Ante
500 3272 682 3324 omnia
718 3278 898 3345 autem
936 3275 1190 3329 cavenda:
1241 3276 1455 3330 illarum
1488 3277 1541 3331 in
1582 3293 1786 3333 arcano
1821 3295 1913 3334 co-

328 3365 486 3419 micae
514 3364 847 3427 molitiones,
881 3382 1003 3435 quae
1042 3367 1260 3437 quidem
1287 3368 1428 3422 clam
1470 3380 1707 3438 peracta:
1750 3372 1913 3426 etiam

327 3456 397 3511 ab
426 3456 563 3527 ipsis
589 3458 1046 3521 condemnamur,
1079 3469 1132 3513 et
1159 3461 1224 3513 ad
1263 3462 1569 3530 proximum
1610 3463 1913 3533 deglutien-

326 3547 455 3601 dum
494 3549 650 3603 ﬁunt.
686 3548 881 3603 Evenit
919 3551 1086 3621 igitur
1116 3552 1416 3616 nonnullis,
1450 3562 1509 3606 ut
1541 3554 1914 3613 subducentes

326 3644 669 3713 semetipsas,
704 3655 989 3714 propterea
1020 3646 1164 3716 quod
1199 3657 1387 3715 aperte
1420 3663 1525 3701 non
1562 3648 1765 3703 audent
1794 3652 1912 3703 vul-

325 3743 438 3787 tum
471 3736 767 3805 pigmentis
797 3736 1039 3800 inlicere,
1091 3748 1216 3793 astu
1262 3739 1312 3792 id
1365 3739 1619 3794 alliciant.
1668 3740 1804 3794 Nam
1854 3742 1909 3795 in

325 3840 521 3896 aquam
540 3835 634 3881 aut
664 3828 844 3882 oleum
870 3828 1261 3901 despicientes,
1300 3832 1553 3901 judicant
1584 3833 1653 3888 de
1690 3837 1912 3889 semeti-

324 3919 460 3989 psis,
488 3934 558 3972 an
596 3921 810 3989 possint
844 3924 1222 3991 temperantiae
1268 3924 1472 3979 bellum
1510 3924 1737 3981 inferre.
1788 3927 1909 3981 Alio

322 4009 487 4063 etiam
537 4010 701 4065 modo
749 4012 849 4066 bas
902 4012 1132 4068 insidias
1184 4015 1513 4082 moliuntur;
1577 4017 1716 4070 clam
1761 4020 1908 4071 enim

321 4109 611 4170 tangentes
637 4102 803 4174 416
830 4105 1030 4175 capitis
1063 4106 1374 4170 cincinnos,
1407 4109 1563 4177 quasi
1596 4110 1907 4180 proximum

323 4194 490 4247 latere
520 4194 689 4247 velint
733 4196 953 4252 curiose
984 4213 1193 4251 comam
1242 4201 1641 4270 componendo,
1676 4202 1907 4258 summis

319 4284 506 4354 digitis
536 4293 590 4339 et
618 4302 787 4356 genas
818 4295 870 4341 et
898 4288 1222 4357 capillitium
1254 4300 1619 4347 contrectant.
1653 4292 1906 4346 Circum-

318 4379 558 4448 spieiunt
597 4381 761 4434 etiam
816 4382 1028 4452 seipsas
1070 4386 1251 4455 capite
1282 4386 1529 4443 immoto.
1556 4386 1706 4443 Forti
1740 4388 1906 4458 igitur

317 4472 501 4525 animo
538 4487 662 4526 cum
697 4474 897 4529 talibus
938 4478 1231 4546 agendum,
1260 4487 1315 4534 et
1345 4482 1515 4535 nostri
1560 4480 1902 4537 luxuriantes

2020 3286 2126 3333 ναι,
2163 3268 2661 3338 καταγινώσκονται
2707 3269 2805 3340 μὲν
2839 3269 2931 3323 καὶ
2983 3270 3075 3321 ὑπ’
3124 3269 3313 3322 αὑτῶν
3361 3268 3483 3339 (60),
3512 3268 3579 3335 τί·

2017 3378 2199 3414 νονται
2232 3362 2289 3415 δὲ
2317 3362 2408 3414 ἐπὶ
2435 3362 2497 3415 τὸ
2519 3363 2645 3425 τοὺς
2672 3362 2897 3434 πλησίον
2930 3361 3276 3416 καταπίνειν.
3316 3361 3577 3432 Συμϐαίνει

2014 3456 2146 3525 γοῦν
2174 3456 2343 3519 ὲνίαις
2373 3455 2729 3519 κλεπτούσαις
2750 3455 2965 3520 ἑαυτὰς,
3001 3456 3089 3508 διὰ
3122 3457 3185 3508 τὸ
3222 3456 3299 3527 μὴ
3326 3459 3391 3509 ἐκ
3411 3456 3577 3528 προδή·

2014 3547 2107 3600 λου
2136 3548 2343 3620 τολμᾷν
2376 3548 2734 3612 καλλωπίζειν
2766 3547 2863 3611 τάς
2895 3548 3066 3617 ϐψεις,
3104 3548 3195 3602 διά
3217 3550 3414 3622 τέχνης
3445 3549 3575 3602 τοῦτο

2015 3640 2299 3711 πράττειν.
2356 3641 2449 3704 Εἰς
2492 3640 2634 3711 ὕδωρ
2678 3640 2788 3712 γάρ
2832 3640 2866 3711 ἢ
2915 3640 3091 3693 ἔλαιον
3129 3643 3571 3701 κατακύπτουσαι,

2013 3731 2287 3804 κρίνουσιν
2326 3733 2543 3797 ἑαυτὰς,
2581 3735 2629 3785 εί
2659 3733 2794 3803 πρὸς
2841 3733 2937 3804 τὴν
2975 3737 3343 3807 σωφροσύνην
3373 3734 3572 3789 δύναιντ’

2012 3823 2078 3877 ἂν
2104 3824 2377 3896 πολεμεῖν.
2418 3824 2576 3879 Ἀλλά
2605 3843 2687 3890 τις
2724 3826 2815 3879 καὶ
2844 3826 3031 3897 ἕτερος
3062 3828 3271 3899 τρόπος
3298 3830 3399 3899 τῆς
3422 3828 3571 3881 τοιαύ-

2008 3933 2109 3987 της
2139 3916 2427 3988 ὲπιϐουλῆς
2460 3919 2549 3970 ὑπ’
2583 3917 2761 3971 αὐτῶν
2790 3920 3275 3991 πραγματεύεται·
3303 3923 3569 3994 κρύφαγὰρ

2011 4012 2253 4082 κεφαλῆς
2290 4012 2648 4081 ἐπιψαύουσαι
2690 4011 2799 4068 τῶν
2846 4014 3167 4086 πλοκάμων,
3203 4018 3335 4079 τοὺς
3377 4018 3567 4087 πλησίον

2009 4102 2198 4174 ῶσπερ
2231 4102 2556 4157 κλέπτουσαι
2572 4104 2886 4175 διακοσμεῖν
2904 4106 3000 4168 τὰς
3017 4105 3239 4177 ἐθείρας
3272 4107 3563 4182 περιέργως,

2008 4195 2102 4248 καὶ
2130 4194 2238 4248 τῶν
2274 4196 2515 4268 παρειῶν
2556 4198 2776 4267 καὶτῆς
2822 4199 3031 4271 ὑπήνης
3076 4202 3273 4272 ἄκροις
3318 4201 3563 4263 δακτύλοις

2007 4288 2257 4357 ψαύουσι.
2308 4290 2700 4362 Περιϐλέπουσι
2733 4291 2790 4344 δὲ
2827 4291 2918 4344 καὶ
2962 4292 3188 4356 ἑαυτὰς,
3230 4293 3331 4364 τῆς
3362 4292 3563 4361 κεφαλῆς

2008 4384 2265 4455 ἀκινήτου
2301 4383 2488 4456 οὑσης.
2538 4383 2849 4455 Ὀμιλητέον
2893 4380 2985 4438 οὖν
3027 4385 3165 4456 πρὸς
3196 4387 3300 4450 τὰς
3345 4386 3561 4447 τοιαύτας

2010 4473 2455 4545 ῥωμαλεώτερον,
2489 4475 2615 4539 τοὺς
2650 4476 2979 4546 κεχυμένους
3013 4477 3245 4543 κλάδους
3267 4480 3441 4532 αὑτῶν
3454 4481 3559 4531 ἀπο-

314 4561 453 4613 rami
477 4566 793 4634 amputandi
817 4583 831 4633 ;
856 4568 1039 4621 statim
1058 4570 1201 4622 enim
1221 4578 1382 4642 atque
1399 4573 1900 4642 apprehenduntur,

2067 4585 2304 4631 ›πτοντας
2323 4585 2336 4597 ’
2363 4569 2477 4639 ἅμα
2496 4567 2604 4640 γὰρ
2634 4568 2712 4639 τῷ
2744 4569 3177 4643 καταληφθῆναι,
3210 4564 3555 4635 κατανεύουσι,

314 4651 572 4707 deorsum
610 4656 899 4717 inclinant,
932 4668 985 4714 et
1022 4659 1235 4716 fructus
1264 4679 1295 4716 a
1340 4664 1592 4735 vulpibus
1623 4667 1726 4721 sub
1755 4676 1901 4721 terra

315 4743 601 4801 latibulum
636 4750 963 4807 habentibus
1002 4756 1327 4813 comeditur.
1380 4756 1673 4827 Propterea
1705 4750 1911 4813 secunJ

315 4833 444 4889 dum
488 4835 817 4911 Prophetam
863 4844 1230 4903 stimulandus
1266 4849 1478 4908 asinus.
1510 4866 1685 4920 equus
1715 4849 1903 4921 ﬂagel-

316 4925 510 4983 landns
531 4930 574 4995 ³,
604 4940 664 4985 ιιι
698 4934 967 4989 excitetur
993 4936 1163 5007 piger,
1206 4940 1429 4994 monitis
1470 4951 1652 4995 autem
1700 4942 1770 4995 ob
1801 4942 1929 4995 im-'

314 5018 604 5087 patientem
630 5023 770 5080 freni
801 5027 1042 5082 animum
1062 5031 1378 5086 verberetur
1405 5033 1474 5097 is,
1497 5036 1589 5105 qui
1611 5035 1900 5105 imperium

313 5109 601 5169 detrectat.
632 5113 813 5181 Quare
862 5119 1163 5174 secundum
1206 5119 1498 5177 Jeremiam
1538 5140 1647 5179 non
1699 5123 1901 5180 efﬁcia-

386 5307 411 5344 ⁸
432 5310 596 5369 Prov.
624 5330 774 5379 xxvr,
808 5316 862 5370 3.

521 5488 770 5561 Πτῶσις.
811 5489 941 5561 Reg.
977 5492 1011 5545 3
1040 5493 1293 5556 πτώσεις.

381 5557 497 5643 (56)
528 5560 677 5640 ’ἔξω
707 5561 831 5643 τοῦ.
871 5557 1000 5633 ιῐυε.
1036 5564 1071 5617 2
1094 5573 1146 5618 el.
1177 5567 1211 5618 3
1239 5565 1342 5627 ἔξω
1373 5565 1556 5635 τρέχει
1578 5565 1673 5619 τοῦ
1705 5567 1885 5622 δοθέν-

308 5633 586 5699 τοςήαύτῷ
615 5633 857 5695 κανόνος.

308 5762 343 5815 2
523 5696 732 5770 Ὅμως.
782 5702 936 5757 Hanc
985 5717 1173 5758 vocem
1225 5706 1712 5775 suppeditaverunt
1750 5708 1884 5780 Reg.

374 5780 426 5817 ει
439 5780 491 5817 ο.

2008 4657 2102 4711 xai
2133 4660 2161 4711 ὀ
2196 4656 2403 4729 καρπὸς
2449 4658 2552 4710 ὑπὸ
2600 4657 2707 4710 τῶν
2739 4658 3037 4712 ἀλωπέκων
3083 4662 3427 4716 κατεσθίεται
3472 4663 3555 4715 τῶν

2008 4749 2354 4818 φωλευόντων
2376 4752 2455 4814 είς
2474 4749 2571 4821 τὴν
2600 4750 2723 4821 γῆν.
2759 4750 2857 4803 Διά
2889 4750 3048 4805 τοῦτο
3079 4753 3222 4806 κατὰ
3257 4755 3350 4808 τὸν
3375 4755 3552 4825 προφήο

2003 4859 2125 4913 την,
2175 4842 2515 4916 κεντριστέον
2566 4843 2664 4913 μὲν
2706 4841 2797 4895 τὸν
2830 4843 2970 4907 ὄνον,
3019 4848 3348 4915 μαπικτέον
3389 4847 3439 4900 δὲ
3481 4846 3552 4897 τὸν

2006 4937 2193 4999 ἵππον,
2227 4936 2315 4990 ἵνα
2340 4936 2669 5008 διεγείρηται
2704 4936 2803 5009 μὲν
2829 4940 2857 4990 ὁ
2877 4937 3075 5009 νωθὴς,
3098 4940 3374 5011 τύπτηται
3404 4940 3452 4994 δὲ
3470 4938 3550 4991 ὑπὸ

2002 5031 2111 5084 τῶν
2140 5030 2426 5085 νουθεσιῶν
2456 5030 2543 5085 διὰ
2561 5031 2623 5084 τὸ
2654 5030 2985 5102 ἁχαλίνωτον
3003 5036 3032 5086 ὁ
3063 5035 3399 5105 ἀφηνιάζων.
3420 5037 3545 5088 Ὥστε

2004 5124 2144 5177 κατά
2164 5122 2257 5177 τὸν
2297 5121 2562 5193 Ἰερεμίαν
2589 5122 2664 5195 μὴ
2688 5121 3107 5197 καταρτίςωμεν
3131 5129 3361 5196 ἑαυτοὺς
3385 5130 3543 5187 ἵππους

2062 5500 2175 5585 (58)
2214 5502 2413 5571 Γέρως
2456 5504 2671 5560 ἀτὸίου.
2731 5507 2809 5562 Ita
2850 5514 2965 5565 tres
3006 5509 3185 5585 Regii.
3234 5512 3374 5569 Editi
3398 5513 3531 5583 γέρας

1990 5573 2178 5626 ἀῖδιον.

2062 5643 2174 5785 (59)
2203 5646 2527 5724 Κοσμικάς.
2565 5644 2697 5719 Reg.
2728 5648 2749 5700 1
2787 5657 2841 5703 et
2873 5650 2910 5703 2
2938 5654 3215 5722 κωμικάς.

2084 5714 2153 5767 60
2219 5715 2333 5768 Ὺπ⁹
2362 5720 2577 5770 αὐτων.
2615 5717 3084 5785 Prmpositionem,
3128 5740 3254 5785 qua:
3289 5726 3452 5782 deerat
3486 5721 3497 5772 i

2084 5714 2172 5793 6_0)
2219 5715 2333 5768 Ὺπ⁹
2362 5716 2577 5793 αῄτῶν.
2615 5714 3084 5793 Ρῖωροεῇιίυιιςιίι,
3128 5714 3254 5793 qua:
3289 5726 3452 5782 deerat
3486 5721 3529 5773 in

1992 5784 2179 5851 editis,
2212 5787 2629 5857 suppeditarunt
2661 5784 2793 5861 Reg.
2829 5791 2854 5844 1
2888 5800 2941 5847 et
2971 5790 3007 5845 3
3042 5784 3097 5848 et
3134 5784 3369 5853 Claram.
3397 5796 3439 5851 ί.
