3654 6478
351 307 492 364 1203

1090 311 1458 370 ΑΡΡΕΝῡιχ.
1495 344 1564 356 —-
1603 315 1783 370 PARS
1812 315 1851 369 Ι.
1897 314 1955 371 5.
1991 314 2256 374 JUSTINI
2289 319 2516 375 OPERA

1377 313 1458 370 IX.
1495 344 1564 356 —-
1603 315 1783 370 PARS
1812 315 1851 369 Ι.
1897 314 1955 371 5.
1991 314 2256 374 JUSTINI
2289 319 2516 375 OPERA
2552 318 2820 375 SPURIA.

3450 324 3580 383 {204

344 421 512 477 corde
535 427 654 490 est,
684 422 754 478 ab
779 423 885 479 hoc
909 416 1057 480 enim
1084 426 1203 481 solo
1231 425 1373 481 Deus
1400 428 1570 483 videri
1597 436 1787 499 potest.

2137 448 2182 483 >ν
2226 432 2286 484 τὸ
2323 432 2476 484 Θεῖον
2513 431 2755 487 δυνατόν.
2805 432 3000 486 Φθόνω
3049 432 3105 485 δὲ
3157 431 3253 485 καὶ
3299 430 3580 500 βασκανίας

343 505 551 563 invidia
592 515 774 564 autem
821 518 876 567 et
904 512 1074 568 livore
1113 514 1271 584 longe
1314 522 1556 571 remotus
1594 532 1717 572 esse
1756 516 1917 571 debet

343 596 543 654 ﬁdelis.
578 596 916 657 Precandum
948 603 1191 673 quotidie
1219 613 1279 657 ut
1314 619 1564 659 sermone
1601 605 1798 661 divites
1841 606 1918 660 si-

342 700 469 742 mus
494 693 548 742 et
579 702 743 758 opere
786 699 1054 759 potentes.
1085 692 1321 747 Membra
1348 695 1493 750 enim
1522 684 1751 748 aliorum
1783 694 1919 749 invi-

344 791 464 831 cem
495 793 708 833 sumus.
740 777 1031 849 Propterea
1069 796 1193 835 cum
1240 798 1306 838 eo
1362 784 1455 853 qui
1494 784 1717 852 patitur,
1749 782 1913 837 simul

342 866 639 936 patiamur,
661 875 862 923 etcum
896 884 962 924 eo
1002 870 1095 942 qui
1131 871 1359 942 gloriam
1396 871 1717 942 adipiscitur
1748 872 1912 927 simul

342 956 678 1024 gaudeamus
697 1000 712 1024 ,
768 968 1021 1016 caventes
1066 962 1136 1016 ab
1163 963 1265 1026 eis,
1287 963 1381 1033 qui
1407 962 1610 1019 Christi
1641 963 1776 1036 legis
1798 978 1910 1019 non

343 1057 473 1103 sunt
505 1048 712 1106 affines.
738 1050 864 1105 Haec
909 1051 1084 1115 vobis,
1126 1052 1342 1118 fratres,
1371 1052 1618 1108 facienda
1649 1056 1909 1121 suadens,

344 1140 484 1195 alios
511 1141 673 1196 etiam
724 1158 820 1212 per
854 1158 952 1198 vos
994 1143 1243 1199 hortatus
1290 1160 1435 1211 sum,
1480 1155 1539 1201 ut
1575 1147 1913 1202 voluntatem

345 1228 442 1285 Dei
472 1230 697 1287 faciant.
731 1232 993 1289 Dominus
1023 1242 1205 1290 autem
1230 1236 1435 1307 gloriae,
1477 1237 1572 1308 qui
1606 1246 1691 1293 est
1729 1239 1786 1293 in
1812 1254 1915 1295 sa:-

339 1322 487 1387 cula,
539 1324 629 1378 det
657 1325 811 1380 vobis
860 1328 1118 1384 omnibus
1158 1329 1385 1384 honoris
1434 1337 1489 1385 et
1535 1330 1743 1401 requiei
1785 1346 1909 1386 cum

339 1412 530 1469 eiectis
550 1431 672 1472 esse
701 1418 1018 1490 participes.
1057 1420 1229 1491 Cujus
1258 1422 1423 1477 etiam
1457 1424 1630 1494 gratia
1659 1424 1732 1479 sit
1783 1439 1907 1479 cum

341 1506 596 1563 omnibus
628 1510 803 1566 vobis.

413 1662 528 1741 (es)
566 1664 640 1741 τε
662 1663 908 1741 θέυὲησιρα-
948 1666 1079 1741 Bes-
1115 1667 1242 1741 ι,τά
1268 1668 1605 1741 βουλήματα.

412 1732 524 1803 (64)
559 1731 640 1791 Οὗ
665 1735 761 1788 καὶ
884 1731 1056 1806 χάριξ
1102 1739 1218 1805 εἴη.

2022 520 2239 591 μακρὰν
2264 520 2590 591 κεχωρίσθαι
2631 521 2714 575 δεῖ
2737 522 2828 574 τὸν
2853 523 3038 575 πιστόν
3058 539 3071 553 °
3113 519 3367 591 εὔχεσθαι
3394 520 3447 573 δὲ
3468 521 3583 592 ὁση-

2021 612 2204 683 μέραι,
2236 612 2331 666 καὶ
2370 612 2511 684 λόγῳ
2535 612 2820 677 πλουσίους
2852 613 3221 685 εὑρίσκεσθαι.
3254 611 3350 664 καὶ
3398 612 3581 683 πράξει

2015 699 2303 765 δυνατούς
2344 703 2479 775 μέλη
2520 702 2627 775 γὰρ
2666 702 2907 774 ἀλλήλων
2945 702 3132 773 ἐσμέν.
3164 700 3266 754 Διὰ
3301 699 3474 764 τοῦτο,
3508 701 3582 769 τῷ

2021 790 2120 862 μὲν
2152 793 2412 864 πάσχοντι
2448 795 2875 867 συμπάσχωμεν,
2907 795 2983 865 τῷ
3004 794 3059 846 δὲ
3084 791 3428 863 δοξαζομένῳ
3458 809 3583 860 συγ-

2017 883 2318 956 χαίρωμεν·
2354 887 2739 958 φυλαττόμενοι
2771 888 2896 951 τοὺς
2932 886 3007 957 μὴ
3055 884 3291 947 οἰκείους
3325 883 3425 953 τῆς
3456 884 3585 952 Χρι-

2017 974 2144 1027 στοῦ
2181 975 2518 1046 νομοθεσίας.
2564 976 2729 1031 Ταῦθ’
2779 978 2925 1047 ὑμῖν,
2973 969 3017 1028 ὦ
3066 973 3310 1043 ἀδελφοὶ,
3362 972 3582 1043 συμϐου-

2014 1064 2185 1119 λεύων
2216 1066 2497 1138 πράττειν,
2533 1067 2610 1120 ἔτι
2642 1068 2734 1121 καὶ
2764 1069 2890 1132 τοὺς
2942 1066 3162 1130 λοιποὺς
3209 1065 3279 1118 δι’
3314 1064 3461 1135 ὑμῶν
3495 1062 3581 1115 ἐπὶ

2015 1155 2075 1209 τὸ
2102 1161 2273 1211 ποιεῖν
2311 1160 2371 1211 τὸ
2409 1159 2624 1230 θέλημα
2659 1159 2769 1229 (65)
2808 1158 2901 1211 τοῦ
2943 1157 3076 1211 Θεοῦ
3132 1155 3575 1229 προετρεψάμην.

2029 1248 2088 1302 '0
2116 1250 2173 1303 δὲ
2199 1250 2401 1322 Κύριος
2430 1252 2529 1322 τῆς
2557 1251 2734 1322 δόξης,
2768 1252 2796 1303 ὁ
2832 1248 2905 1302 ὢν
2939 1251 3017 1314 εἰς
3048 1250 3177 1313 τοὺς
3213 1248 3436 1312 αἰῶνας,

2016 1341 2180 1393 πᾶσιν
2216 1342 2343 1411 ὑμῖν
2362 1328 2461 1412 τῆς
2506 1341 2645 1413 μετὰ
2674 1342 2780 1394 τῶν
2815 1340 3086 1394 ἐκλεκτῶν
3125 1341 3300 1410 τιμῆς
3330 1340 3424 1392 καὶ
3458 1340 3578 1392 ἀνα-

2013 1429 2267 1493 παύσεως
2309 1430 2614 1502 ὲπιτυχεῑνι
2662 1423 2737 1483 Ob
2771 1431 2864 1485 καὶ
2896 1432 2931 1502 ἡ
2985 1430 3141 1503 χάρις
3182 1429 3269 1501 εἴη
3304 1428 3415 1499 (64)
3449 1430 3576 1499 μετὰ

2014 1520 2231 1576 πάντων
2258 1520 2430 1591 ὑμῶν.

1310 1740 1490 1795 revius
1538 1742 1592 1795 in
1638 1741 1769 1812 Reg.
1816 1742 1840 1794 1
1876 1744 1909 1813 ἡ
1938 1742 2096 1815 χάρις
2130 1740 2267 1813 μετὰ
2296 1741 2507 1794 πάντων
2540 1741 2715 1812 ὑμῶν.

347 1928 3540 1963 W

1517 2104 2399 2237 ADMONITIO

652 2357 775 2446 IN
877 2354 1802 2449 EXPOSITIONEM
1914 2360 2321 2451 RECTAZ
2423 2359 3333 2457 CONFESSIONIS.

405 2690 578 2762 Longe
606 2690 670 2765 ab
705 2701 868 2765 ‘wtate
894 2690 1119 2765 Justini,
1152 2690 1242 2746 sed
1283 2690 1486 2765 longius
1524 2691 1691 2745 multo
1716 2708 1753 2765 _a
1875 2691 2156 2765 Martyris
2187 2692 2364 2765 animo
2412 2689 2581 2765 distat
2632 2689 2957 2765 Nestoriana
2988 2691 3266 2765 hwgﬁdei
3292 2694 3561 2765 expositio.

336 2759 559 2819 Constat
586 2761 790 2816 duabus
822 2761 1099 2832 partibus;
1136 2759 1563 2832 quarum'prima
1591 2774 1670 2815 est
1693 2761 1755 2815 de
1792 2759 2074 2826 Trinitate,
2103 2762 2274 2815 altera
2322 2761 2386 2815 de
2415 2760 2812 2832 Incarnatione.
2858 2762 2934 2814 Ac
2969 2762 3034 2815 de
3083 2761 3352 2832 Trinitate
3372 2763 3565 2830 quidem

335 2834 472 2887 satis
502 2830 982 2903 sciteidemonstrat
1021 2830 1233 2903 auctori
1247 2830 1613 2903 Empogsitionis
1641 2838 1718 2903 (ηἵ
1752 2833 1803 2901 1)
1828 2849 1990 2885 unum
2013 2849 2124 2889 esse
2154 2834 2206 2885 in
2233 2832 2413 2903 tribus
2435 2831 2675 2903 personis
2708 2830 2902 2903 Deum;
2936 2846 3114 2903 nempe
3147 2838 3226 2899 (η.
3260 2831 3317 2900 2)
3350 2842 3451 2903 tres
3480 2834 3566 2903 hy-

335 2912 595 2969 postases,
628 2902 881 2972 Ingeniti,
915 2902 1087 2957 (ἶεηὶιί
1117 2913 1165 2956 et
1201 2901 1538 2955 Procedentis
1586 2902 1820 2964 vocibus,
1868 2920 2025 2955 unam
2058 2903 2340 2956 essentiam
2382 2901 2597 2972 deitatis
2658 2901 3009 2972 appellatione
3050 2902 3348 2971 designari.
3380 2901 3563 2956 Probat

336 2988 498 3026 unum
526 2974 580 3025 in
607 2970 771 3027 Patre
797 2984 848 3027 et
878 2971 1025 3027 Filio
1055 2982 1102 3026 et
1129 2973 1333 3040 Spiritu
1363 2980 1548 3024 sancto
1577 2974 1882 3032 essentiam,
1915 2984 2024 3025 tum
2049 2974 2123 3030 in.
2156 2973 2209 3041 5)
2232 2974 2355 3041 quia
2388 2970 2561 3024 Filius
2585 2980 2633 3024 et
2661 2970 2890 3037 Spiritus
2919 2982 3159 3034 sanctus,
3191 2988 3314 3024 cum
3342 2990 3375 3024 a
3403 2985 3565 3026 creata

337 3052 530 3095 natura
560 3043 719 3096 alieni
744 3044 873 3105 sint,
907 3042 975 3095 ad
1007 3042 1265 3103 divinam,
1298 3043 1433 3094 inter
1462 3058 1620 3113 quam
1649 3052 1701 3113 et
1728 3053 1961 3095 creatam
1994 3043 2125 3095 nihil
2147 3052 2223 3094 est
2253 3043 2489 3113 tertium,
2516 3042 2810 3113 necessario
2848 3044 3108 3110 pertinent
3132 3058 3153 3105 ;
3182 3054 3295 3094 tum
3324 3043 3445 3113 quia
3470 3054 3563 3096 tres

333 3127 569 3180 persona:
597 3112 758 3166 simul
776 3115 830 3166 in
855 3114 1114 3181 baptismo
1144 3120 1511 3182 numerantur,
1544 3111 1703 3163 simul
1734 3115 1787 3164 in
1818 3113 2218 3180 sanctiﬁcandis
2255 3112 2509 3165 mentibus
2540 3120 2588 3164 et
2607 3111 2661 3163 in
2690 3113 2956 3165 creatione
2985 3123 3280 3179 operantur
3302 3111 3379 3182 (ἡ.
3412 3114 3464 3176 4,
3491 3114 3561 3179 5).

337 3182 541 3253 Statuit
566 3181 641 3251 (η.
680 3182 735 3250 6)
762 3198 827 3235 ea:
876 3179 971 3236 hoc
1002 3182 1183 3235 ordine
1212 3179 1542 3253 identitatem
1584 3182 1728 3251 sequi
1757 3179 2018 3253 essentiw.
2061 3182 2216 3236 Vetat
2247 3183 2323 3253 (η.
2354 3182 2409 3251 7)
2440 3183 2708 3253 curiosum
2734 3183 2970 3253 mysterii
2999 3179 3473 3253 investigationem,
3508 3200 3563 3234 ac

334 3252 466 3321 satis
484 3250 594 3304 esse
611 3261 759 3320 putat
788 3252 856 3305 ad
869 3261 1118 3306 aeternam
1134 3250 1517 3321 generationem
1531 3250 1893 3321 astruendam,
1920 3262 1969 3306 et
1991 3250 2334 3321 suspicionem
2351 3252 2694 3320 perpessionis
2713 3251 2775 3305 ab
2794 3250 2857 3305 ea
2878 3250 3268 3318 removendam,
3287 3255 3335 3307 si
3360 3253 3563 3308 Verbum

334 3336 399 3375 ea:
419 3319 684 3384 Patre,ut
716 3323 888 3376 lumen
910 3338 974 3377 ea:
1004 3319 1218 3390 lumine,
1250 3320 1479 3389 genitum
1506 3319 1714 3373 dicatur
1752 3324 1827 3390 (η.
1851 3322 1930 3388 8).

398 3390 691 3461 Postquam
718 3401 894 3445 autem
918 3391 988 3445 ad
1021 3389 1446 3444 Incarnationem
1485 3392 1641 3461 venit,
1675 3389 1789 3461 quae
1817 3393 2158 3460 pertractatio
2190 3392 2396 3447 videtur
2418 3392 2465 3445 ei
2489 3393 2751 3461 prmeipue
2779 3393 3053 3461 proposita
3079 3391 3291 3460 fuisse;
3320 3404 3429 3448 tum
3456 3410 3562 3448 sero

335 3461 528 3529 impias
545 3459 715 3532 :n'ugas
738 3464 936 3531 partim
958 3460 1291 3532 subtiliteret
1315 3468 1489 3513 astute
1518 3459 1762 3525 deuoluit,
1800 3459 1996 3529 partim
2022 3463 2297 3516 audacter.
2337 3459 2590 3532 Declarat
2636 3459 2861 3515 Verbum
2878 3459 2949 3515 ad
2977 3459 3305 3518 nos’venisse
3335 3482 3437 3518 non
3458 3482 3561 3519 cor-

333 3546 491 3600 poreo
521 3530 773 3603 descensu
809 3533 899 3603 (η.Δ
919 3531 997 3602 9),
1036 3531 1125 3585 sed
1159 3550 1178 3603 ς
1212 3531 1403 3603 divinae
1425 3532 1749 3603 operationis
1780 3532 2070 3597 voluntate,
2113 3553 2131 3586 ι
2160 3550 2225 3603 ac
2240 3532 2355 3603 sibi
2386 3534 2438 3585 in
2470 3531 2699 3603 Virginis
2725 3544 2872 3585 utero
2896 3532 3171 3601 templum,
3208 3536 3297 3587 cui
3322 3551 3412 3603 per
3439 3552 3560 3587 sum-

340 3618 480 3675 murn
505 3602 751 3675 unionem
780 3600 1119 3675 conjunctum
1150 3601 1272 3671 fuit,
1293 3600 1556 3675 hominem
1576 3602 1863 3675 perfectum
1895 3603 2172 3671 formasse.
2204 3602 2351 3656 Unde
2378 3603 2642 3675 concludit
2665 3600 2833 3675 Deum
2858 3613 2907 3655 et
2932 3603 3196 3675 hominem
3216 3600 3377 3675 esse;
3397 3616 3560 3675 quate-

337 3687 436 3743 nus
460 3670 741 3743 hominem,
771 3671 897 3725 dum
926 3671 1093 3743 culpa:
1121 3686 1304 3740 expers
1335 3671 1478 3743 vivit,
1511 3670 1814 3726 ac'mortem
1846 3670 2162 3727 immeritam
2205 3675 2421 3743 oppetit,
2446 3672 2675 3739 perfecta
2710 3674 2819 3725 vita
2847 3682 3117 3739 peccatum
3138 3670 3419 3738 delenisse,
3437 3673 3561 3726 inde-

339 3741 448 3813 bita
473 3750 639 3795 morte
656 3740 887 3813 debitam
915 3741 1062 3795 nobis
1085 3750 1299 3795 mortem
1332 3741 1619 3813 repulisse;
1657 3751 1916 3812 quatenus
1948 3743 2139 3805 Deum,
2171 3740 2359 3811 corpus
2394 3752 2661 3813 mortuum
2695 3743 2763 3795 ad
2790 3744 2952 3796 vitam
2976 3758 3271 3813 revocasse.
3304 3744 3556 3813 Duplicem

337 3810 470 3864 hanc
501 3819 747 3864 naturam
775 3812 933 3865 etiam
959 3821 1112 3881 atque
1134 3813 1291 3865 etiam
1316 3810 1677 3876 commendat,
1702 3822 1811 3865 tum
1841 3823 1898 3866 ut
1921 3830 2101 3867 vocum
2130 3810 2487 3881 discrepantia
2513 3814 2722 3875 vitetur,
2748 3822 2856 3864 tum
2881 3823 2937 3866 ut
2962 3829 3097 3864 unus
3122 3812 3327 3877 Filius,
3350 3810 3399 3867 et
3427 3824 3559 3867 ceter-

338 3897 435 3931 nus
458 3888 507 3933 et
529 3896 730 3963 recens,
751 3891 807 3963 ut
826 3898 927 3963 par
947 3891 1044 3943 est,
1078 3881 1414 3963 pradicetur.
1441 3881 1501 3936 Si
1528 3884 1644 3963 quis
1681 3884 1908 3963 unianis
1925 3883 2136 3963 modum
2166 3885 2420 3952 requirat,
2453 3882 2655 3950 fatetur
2679 3882 2753 3963 (η.
2782 3883 2869 3951 10)
2899 3900 2990 3963 nec
3015 3883 3151 3935 scire
3182 3899 3262 3963 se,
3296 3900 3387 3963 nec

338 3966 460 4004 care
485 3966 656 4022 posse.
698 3950 1007 4004 Adhibitum
1038 3968 1070 4022 a
1101 3951 1372 4022 nonnullis
1400 3950 1693 4019 exemplum
1725 3953 1934 4007 unionis
1959 3955 2150 4007 animm
2180 3950 2298 4005 cum
2344 3967 2559 4022 corpore
2584 3953 2779 4021 partim
2815 3950 3023 4020 probat,
3048 3954 3251 4021 partim
3284 3950 3557 4022 rejicitJIs

337 4036 398 4091 eo
427 4019 634 4089 probat,
654 4024 805 4091 quod
835 4019 1273 4090 quemadmodum
1307 4021 1459 4073 homo
1505 4021 1639 4091 duas
1685 4022 1839 4077 habet
1874 4034 2118 4081 naturas,
2151 4040 2213 4076 ac
2258 4019 2545 4075 secundum
2585 4019 2823 4075 alteram
2864 4019 3245 4087 ratiocinatur,
3296 4019 3556 4077 secundum

339 4090 567 4143 alteram
588 4090 737 4159 efﬁcit
763 4107 877 4160 qua:
912 4092 1118 4160 ratione
1152 4092 1399 4159 percepit,
1431 4091 1507 4143 ita
1540 4090 1585 4143 F
1590 4093 1711 4145 ilius
1743 4109 1860 4145 cum
1897 4110 2034 4146 unus
2061 4094 2129 4146 sit
2152 4102 2201 4146 et
2236 4092 2355 4146 dua:
2379 4102 2605 4154 naturw,
2637 4108 2729 4160 per
2753 4092 2977 4145 alteram
3015 4092 3125 4145 edit
3170 4095 3450 4157 miracula,
3475 4108 3556 4159 per

339 4159 563 4214 alteram
592 4158 818 4213 humilia
838 4161 1051 4229 excipit.
1080 4158 1233 4231 Ineo
1258 4158 1625 4231 autemirejicit
1656 4161 1751 4214 hoc
1773 4165 2087 4231 exemplum,
2120 4162 2257 4231 quod
2279 4162 2431 4215 homo
2455 4178 2558 4215 non
2580 4158 2648 4215 sit
2680 4163 2858 4214 anima
2882 4172 2931 4215 et
2961 4178 3172 4230 corpus,
3199 4164 3290 4216 sed
3314 4179 3378 4217 ex
3396 4158 3552 4216 animo

336 4244 387 4283 et
427 4245 644 4302 corpore
671 4238 902 4302 constet;
939 4240 1123 4285 contra
1151 4230 1393 4284 Christus
1426 4230 1563 4285 Deus
1592 4232 1659 4302 sit
1694 4241 1743 4284 et
1784 4230 1973 4296 homo;
2004 4230 2187 4286 deinde
2214 4234 2369 4285 etiam
2403 4233 2541 4301 quod
2584 4232 2763 4284 anima
2792 4234 3025 4301 corporis
3058 4244 3235 4286 motus
3265 4235 3548 4302 persentiat,

336 4299 477 4373 quod
500 4300 563 4354 de
597 4299 897 4373 Verbosine
918 4302 1128 4373 insania
1156 4301 1261 4353 dici
1290 4317 1393 4354 non
1416 4310 1602 4368 potest.
1639 4300 1754 4369 Ipse
1784 4303 1931 4355 aliud
1952 4303 2246 4373 exemplum
2269 4303 2397 4373 petit
2417 4299 2487 4355 ex
2510 4302 2625 4373 sole
2648 4305 2723 4370 (η.
2747 4302 2858 4368 ii),
2877 4299 2930 4356 in
2955 4303 3185 4373 quoilue:
3211 4299 3361 4371 prius
3389 4303 3550 4370 ubique

336 4369 561 4443 diffusa,
592 4371 817 4443 velut‘in
846 4371 1073 4438 quodam
1103 4385 1341 4438 corpore,
1386 4379 1660 4424 contracta
1692 4381 1742 4425 et
1774 4383 1955 4426 coacta
1986 4369 2112 4443 fuit;
2154 4371 2612 4438 Quemadmodum
2643 4387 2762 4441 ergo
2795 4373 2886 4425 lux
2920 4369 3108 4425 a'sole
3137 4369 3245 4425 non
3278 4369 3547 4443 separatur,

337 4439 427 4493 sed
449 4442 686 4510 quamvis
710 4440 829 4495 dua:
862 4442 969 4494 sint
998 4450 1225 4506 naturw,
1252 4456 1355 4494 non
1380 4451 1555 4494 tamen
1576 4445 1669 4494 tua:
1698 4439 2006 4510 separatim,
2033 4451 2125 4496 aut
2156 4443 2237 4496 sol
2257 4443 2547 4511 separatim
2578 4439 2904 4511 appellatur,
2935 4444 3012 4496 ita
3036 4458 3201 4495 unum
3220 4439 3339 4497 esse
3353 4441 3400 4494 [τ’
3402 4444 3547 4506 ilium,

335 4515 470 4563 duas
501 4519 721 4563 naturas
758 4511 1051 4565 existimat.

406 4578 574 4652 418
600 4580 649 4632 Η
656 4581 699 4633 is
722 4580 982 4652 absolutis
1010 4578 1273 4634 discedere
1292 4589 1567 4652 parantem
1588 4582 1819 4635 revocari
1845 4598 1900 4635 se
1920 4582 2069 4652 fingit
2088 4587 2152 4635 ab
2172 4582 2252 4635 his
2271 4584 2361 4651 qui
2387 4583 2461 4636 sic
2476 4581 2730 4650 objiciunt
2753 4596 2770 4634 :
2797 4599 2815 4631 ι
2843 4581 3117 4647 Quomodo
3144 4580 3371 4635 Verbum
3391 4582 3457 4650 (η.
3474 4580 3546 4649 l3)

335 4648 526 4718 ubique
539 4648 1119 4722 secundumessentiam
1140 4660 1240 4715 est,
1262 4648 1311 4722 et
1332 4651 1591 4722 quomodo
1608 4653 1663 4722 in
1691 4653 1904 4722 proprio
1921 4648 2119 4713 templo
2142 4648 2323 4708 ?Nam
2350 4653 2417 4717 si,
2438 4661 2495 4722 ut
2522 4648 2730 4722 ubique,
2762 4654 2837 4705 ita
2858 4653 3020 4705 etiam
3044 4652 3157 4705 illic
3177 4693 3192 4715 ,
3225 4654 3359 4706 nihil
3384 4648 3546 4720 praci-

335 4668 526 4718 uaique
539 4668 822 4702 secundum
839 4668 1119 4703 essentiam
1140 4668 1240 4715 est,
1262 4668 1311 4704 et
1332 4668 1591 4772 quomoao
1608 4669 1663 4705 in
1691 4668 1904 4722 proprio
1932 4668 2119 4713 tempto
2142 4668 2226 4708 τιν
2238 4670 2323 4706 am
2350 4669 2417 4717 si,
2438 4668 2495 4705 ut
2522 4668 2730 4722 umque,
2762 4668 2837 4705 ita
2858 4668 3020 4705 etiam
3044 4668 3157 4705 tmc
3177 4693 3192 4715 ,
3225 4668 3357 4706 mnu
3384 4668 3544 4720 praci-

334 4735 500 4787 puum
548 4735 657 4791 p_rte
696 4720 935 4773 omnibus
971 4722 1223 4791 templum
1268 4721 1337 4773 ha
1373 4720 1499 4791 ebit.
1542 4741 1560 4773 ι
1597 4721 1871 4791 Difﬁcilem
1916 4725 2257 4790 quazstionem
2299 4733 2348 4776 et
2377 4739 2405 4777 e
2438 4720 2775 4776 Nestoriana:
2821 4738 2995 4775 causa:
3034 4722 3287 4791 jugulum
3323 4732 3544 4790 petentem

340 4797 532 4863 auctor
558 4787 920 4863 Eapositionis
950 4787 1159 4845 eludere
1180 4803 1415 4863 conatur
1445 4790 1520 4860 (n.
1547 4792 1635 4863 14,
1667 4787 1773 4863 '15,
1792 4792 1879 4863 176)
1912 4787 2073 4863 uariis
2104 4792 2308 4846 artibus
2332 4802 2380 4846 et
2406 4791 2959 4863 interrogatiunculis;
2996 4787 3085 4846 sed
3104 4787 3332 4863 tandem
3358 4808 3385 4845 e
3411 4792 3544 4863 dissif

340 4859 649 4940 mutationis
678 4860 1027 4940 integumento
1057 4861 1304 4940 pradicas
1348 4859 1619 4929 respondet
1646 4864 1731 4940 (η...
1759 4859 1884 4932 1⁵ης
1907 4880 1933 4940 ἀ
1984 4862 2209 4915 Verbum
2240 4863 2305 4940 in
2335 4859 2767 4940 proprio_témplo
2794 4878 2911 4940 esse
2947 4862 3386 4940 inseparabileuet
3413 4859 3543 4937 veluti

336 4928 715 4997 plenitudinem
746 4928 1038 4984 divinitatis
1075 4930 1149 4983 ibi
1174 4928 1439 4993 habitare,
1477 4946 1538 4982 ac
1569 4931 1808 4984 omnibus
1828 4928 2030 4986 'adesse
2058 4928 2343 4986 secundum
2374 4928 2690 4995 essentiam,
2715 4932 2802 4985 sed
2836 4949 2940 4985 non
2980 4928 3254 4986 similiter.
3289 4930 3405 4983 Non
3427 4930 3540 4997 enim

338 4996 481 5071 capit
505 4998 780 5071 sordidum
824 5016 1013 5071 corpus
1056 5001 1236 5054 radios
1273 5000 1588 5054 divinitatis.
1635 5021 1652 5052 ι
1689 5000 1811 5056 Rem
1847 5003 1949 5056 sibi
1972 5003 2174 5056 videtur
2195 5004 2290 5057 hoc
2319 5001 2555 5069 exempla
2591 5002 2861 5056 illustrare
2900 5018 3071 5071 posse.
3104 5019 3122 5051 ι
3157 5000 3458 5055 Communis
3476 4996 3542 5051 sol

343 5068 517 5143 nobis,
550 5069 739 5143 inquit,
773 5070 1006 5143 quotidie
1035 5072 1276 5125 omnibus
1308 5072 1619 5143 propositus
1649 5080 1749 5143 est,
1795 5090 1955 5143 neque
1982 5074 2102 5143 huic
2146 5074 2340 5135 minus.
2371 5068 2605 5143 illi’plus
2644 5072 2775 5143 lucis
2804 5068 3100 5140 profundit,
3126 5072 3218 5143 sed
3252 5084 3541 5143 communem

344 5140 587 5193 omnibus
616 5140 902 5261 eqicaciam
934 5157 1085 5194 suam
1116 5156 1259 5210 teque
1299 5142 1558 5194 immittit.
1587 5140 1689 5196 Sed
1715 5144 1762 5195 si
1788 5140 1903 5213 quis
1932 5142 2133 5197 validos
2163 5143 2352 5197 habeat
2387 5140 2589 5203 oculos,
2618 5142 2734 5210 plus
2758 5143 2820 5195 de
2848 5142 2992 5195 illius
3030 5142 3187 5195 radio
3228 5142 3430 5210 accipit,
3456 5154 3539 5191 nos

344 5218 547 5261 nronter
590 5225 647 5261 so
672 5226 775 5261 em.
801 5211 955 5261 auasi
1010 5211 1092 5261 illi
1121 5211 1238 5261 plus
1267 5228 1426 5261 auam
1475 5213 1679 5261 cmteris
1707 5213 2058 5261 exnundatur.
2102 5212 2190 5261 sed
2222 5223 2429 5261 praeter
2474 5213 2741 5261 propriam
2770 5213 3041 5261 oculorum
3080 5214 3207 5261 vim-
3243 5213 3346 5261 (iui
3392 5218 3535 5261 autem

336 5218 547 5282 propter
590 5211 775 5282 solem,
801 5211 971 5282 quasi
1010 5211 1092 5264 illi
1121 5211 1238 5278 plus
1267 5228 1426 5282 quam
1475 5213 1679 5267 ca’teris
1707 5211 2059 5281 expendatur,
2102 5212 2190 5266 sed
2221 5223 2429 5280 propter
2473 5213 2741 5281 propriam
2770 5213 3041 5265 oculorum
3080 5214 3207 5266 vim.
3243 5213 3346 5277 Qui
3392 5218 3535 5262 autem

337 5279 505 5353 oculis
528 5281 773 5348 inﬁrmus
822 5290 922 5353 est,
956 5281 1003 5335 is
1044 5298 1107 5335 ne
1146 5282 1247 5353 ipsi
1277 5279 1485 5351 quidem
1509 5283 1639 5335 lucis
1673 5279 1938 5353 splendori
1980 5279 2247 5337 intendere
2277 5279 2488 5353 poterit.
2525 5279 2613 5336 Sic
2655 5282 2781 5334 mihi
2811 5284 2981 5351 cogita
3008 5282 3240 5351 justitiw
3260 5282 3417 5353 solem
3442 5295 3533 5331 om-

336 5350 501 5421 nibus
519 5366 663 5421 teque
686 5350 972 5404 secundum
997 5352 1299 5416 essentiam,
1318 5353 1504 5421 quippe
1526 5369 1642 5405 cum
1677 5350 1816 5406 Deus
1842 5355 1935 5418 sit,
1969 5353 2189 5416 adesse;
2213 5350 2307 5408 nos
2333 5363 2505 5406 autem
2537 5368 2740 5412 omnes,
2771 5350 2927 5406 veluti
2959 5354 3199 5421 inﬁrmos
3222 5361 3269 5404 et
3301 5351 3533 5421 lippientes

338 5418 587 5475 sordibus
608 5432 942 5489 peccatorum
972 5422 1171 5482 oculos,
1206 5418 1340 5491 lucis
1365 5418 1694 5490 prensantium
1721 5440 1823 5475 non
1852 5424 2148 5487 sustinere;
2176 5426 2443 5491 proprium
2478 5433 2649 5475 autem
2678 5422 2823 5475 illius
2853 5418 3121 5490 templum,
3154 5422 3309 5475 reluti
3348 5418 3535 5487 purissi-

338 5507 483 5542 mum
510 5507 620 5543 esse
642 5495 851 5544 oculum
872 5501 921 5545 et
948 5493 1037 5565 qui
1059 5490 1387 5563 splendorem
1417 5492 1672 5545 universae
1702 5492 1834 5547 lucis
1873 5495 2070 5561 capiat,
2106 5490 2282 5562 utpote
2336 5510 2371 5547 a
2412 5491 2616 5562 Spiritu
2662 5502 2843 5545 sancto
2881 5493 3167 5562 formatum
3209 5502 3257 5545 et
3289 5490 3478 5544 omnino
3506 5502 3533 5539 α

372 5569 545 5613 eet-ato
571 5569 843 5618 remotum.
876 5580 895 5614 ι
2434 5604 2443 5613 υ

372 5576 545 5613 cerato
571 5576 731 5616 remot
775 5579 843 5615 m.
876 5580 895 5614 ι
2434 5604 2443 5613 υ

338 5576 395 5708 Ρ.
414 5629 545 5707 Tom
581 5579 769 5698 apert:
791 5633 1034 5714 impietas
1065 5632 1251 5685 merito
1273 5630 1536 5714 persuasit
1560 5628 1916 5714 eruditissimo
1932 5635 2073 5714 piro,
2106 5632 2358 5714 Michaeli
2380 5630 2629 5714 Loquien,
2662 5642 2925 5714 auctorem
2961 5631 3333 5714 hujus.scripti
3355 5643 3528 5714 ger‘nm-
3580 5690 3585 5697 ,

340 5697 768 5773 ηἱεεὶριιξηιηεεεε
800 5697 1202 5766 Nestorianum,
1237 5697 1331 5755 sub
1371 5698 1573 5773 Justini
1603 5702 1812 5773 nomine
1846 5703 2164 5766 latitantem,
2201 5720 2300 5773 quo
2332 5697 2557 5773 facilius'
2575 5704 2788 5757 haeresis
2830 5697 3076 5758 venenum
3122 5697 3369 5754 insinuet:
3403 5697 3529 5773 Nam

342 5764 480 5833 quod
513 5767 586 5821 ait
623 5768 844 5826 Verbum
876 5774 930 5826 in
955 5772 1161 5827 homine
1190 5764 1440 5840 tanquam
1470 5769 1523 5827 in
1554 5771 1742 5844 templo
1764 5772 2021 5846 habitare,
2050 5783 2096 5829 et
2118 5764 2538 5845 peccata'nostra
2565 5773 2824 5832 innocenti
2850 5784 2898 5831 et
2928 5772 3155 5841 perfecta
3181 5772 3283 5827 vita
3304 5771 3525 5838 expiasse.
