3654 6474
399 356 530 411 1211

1148 353 1513 410 APPENDIX.
1551 382 1620 393 —
1646 351 1825 407 PARS
1861 352 1910 406 1.
1956 349 2015 407 S.
2047 349 2317 407 JUS’I‘INI
2356 351 2587 406 OPERA
2622 349 2891 407 SPURLA.

3515 352 3617 405 12!!

393 474 711 532 consideres
732 518 746 543 ,
777 475 923 531 modi
956 474 1293 531 exsistentia:
1324 476 1822 547 interpretationem
1851 488 1965 529 esse

2148 473 2303 545 ορίαν
2343 474 2639 545 σκοποίης,
2695 473 2796 544 τῆς
2849 471 3136 543 ὑπάρξεως
3179 470 3269 525 τὸν
3315 473 3509 544 τρόπον
3552 475 3620 543 ἐρ-

391 568 659 639 reperies.
694 569 850 635 Quod
897 570 943 624 si
986 568 1280 623 essentiam
1325 584 1542 639 quoque
1583 569 1758 638 ipsam
1788 565 1974 620 decla-

391 672 519 715 rare
545 661 703 725 velis,
738 660 1042 717 secundum
1077 677 1239 731 quam
1282 659 1422 716 Filio
1450 669 1505 716 et
1545 659 1772 731 Spiritui
1822 673 1975 713 com-

391 751 653 808 munione
673 753 1060 824 conjungitur,
1096 752 1190 807 Dei
1221 754 1581 824 appellatione
1610 751 1663 806 id
1698 757 1974 805 monstra~

390 844 560 899 veris.
611 844 849 901 Proinde
910 846 1213 915 ingenitum
1262 847 1474 915 ipsum,
1525 853 1579 900 et
1638 844 1975 899 exsistentia:

390 937 619 1001 modus,
651 938 880 992 alterum
928 939 1155 993 alterius
1188 939 1422 993 invicem
1456 946 1541 993 est
1571 946 1698 993 nota
1732 958 1744 994 :
1778 938 1977 994 essen;

388 1029 522 1083 tiam
546 1038 750 1092 autem,
778 1027 872 1083 Dei
896 1029 1186 1099 appellatio
1207 1028 1477 1099 designat.
1501 1028 1971 1096 Quemadmodum

386 1121 534 1174 enim
568 1120 778 1182 Adam,
822 1119 928 1174 esti
982 1135 1091 1173 non
1127 1121 1367 1191 genitus,
1414 1120 1482 1175 iis
1522 1128 1729 1187 tamen,
1763 1121 1857 1191 qui
1905 1136 1973 1175 ex

387 1213 511 1281 ipso
540 1212 707 1283 geniti
738 1220 888 1274 sunt,
920 1227 1015 1281 per
1048 1213 1303 1267 essentia:
1348 1213 1686 1269 identitatem
1724 1230 1973 1269 commu-

384 1306 548 1359 nione
573 1303 958 1373 conjungitur:
984 1303 1064 1357 sic
1087 1304 1235 1357 nulla
1260 1304 1399 1358 ratio
1428 1320 1773 1362 communem
1794 1306 1973 1362 Patris

382 1411 509 1450 cum
544 1394 682 1450 Filio
713 1402 766 1450 et
813 1392 1023 1464 Spiritu
1072 1396 1369 1450 essentiam
1407 1397 1664 1451 divellere
1708 1398 1779 1452 ob
1824 1399 1974 1469 inge-

382 1490 561 1544 nitum
603 1490 824 1560 poterit.
869 1489 1215 1559 Quapropter
1246 1488 1549 1560 lngenitum
1578 1533 1593 1556 ,
1623 1489 1879 1546 Genitum
1917 1500 1972 1546 et

383 1578 719 1647 Procedens,
736 1597 847 1635 non
868 1583 1164 1636 essentiam
1192 1577 1494 1642 declarant,
1529 1579 1623 1635 sed
1649 1581 1972 1652 hypostases

386 1672 716 1743 signiﬁcant.
756 1672 903 1728 Satis
934 1674 1080 1728 enim
1114 1678 1244 1728 sunt
1276 1673 1435 1728 nobis
1472 1672 1540 1727 ad
1581 1673 1973 1731 discernendas

387 1782 688 1837 personas;
719 1777 773 1822 et
800 1767 979 1821 Patris
1013 1774 1067 1822 et
1098 1766 1221 1821 Filii
1274 1776 1327 1821 et
1362 1765 1601 1837 Spiritus
1643 1768 1842 1832 sancti,
1881 1786 1971 1839 pet

388 1860 671 1914 culiariter
701 1860 970 1930 cujusque
1028 1858 1270 1914 indicant
1302 1859 1662 1930 hypostasim.
1710 1858 1848 1914 Nam
1882 1863 1972 1917 ubi

386 1952 548 2009 nobis
586 1952 794 2007 dictum
827 1962 946 2018 est,
977 1952 1145 2007 veluti
1197 1952 1435 2022 sigillum
1467 1951 1741 2021 quoddam
1764 1993 1778 2017 ,
1820 1952 1975 2024 lnge-

386 2042 596 2108 nitum,
627 2041 808 2098 Patris
850 2043 1033 2099 statim
1068 2043 1403 2113 hypostasim
1435 2043 1719 2114 designat;
1758 2052 1812 2099 et
1854 2060 1976 2099 rur-

384 2147 508 2187 sum
536 2142 791 2202 tanquam
816 2131 1092 2202 quoddam
1119 2132 1337 2202 signum
1351 2130 1527 2187 Geniti
1556 2133 1974 2203 appellationem

385 2222 699 2287 audientes,
719 2221 839 2277 Filii
872 2222 1213 2293 concipimus
1236 2222 1515 2277 notionem
1538 2265 1553 2289 ,
1580 2230 1633 2277 et
1659 2223 1845 2278 itidem
1878 2240 1975 2294 per

383 2315 740 2372 Procedentis
781 2315 1277 2386 significationem,
1313 2315 1380 2370 de
1428 2316 1693 2387 peculiari
1736 2315 1974 2387 Spiritus

386 2408 746 2462 admonemur
777 2423 1032 2478 persona.
1066 2408 1247 2478 Atque
1282 2408 1397 2462 haec
1433 2409 1653 2479 quidem
1696 2410 1975 2465 suiliciunt

385 2500 452 2552 ad
480 2498 845 2568 probandum,
876 2513 986 2551 non
1016 2499 1311 2553 essentiam
1359 2498 1656 2569 significari
1693 2516 1789 2570 per
1819 2499 1970 2572 lnge-

383 2593 561 2647 nitum
604 2602 659 2647 et
696 2591 950 2647 Genitum
1004 2597 1058 2646 et
1098 2590 1439 2655 Procedens,
1496 2590 1593 2646 sed
1648 2594 1974 2663 hypostases

383 2686 618 2749 secerni,
651 2694 1015 2756 praeterquam
1058 2683 1205 2754 quod
1233 2683 1571 2740 exsistentia:
1604 2685 1769 2739 etiam
1804 2685 1975 2741 deno-

384 2786 504 2833 tant
538 2778 781 2833 modum.
1740 2773 1749 2785 ’

454 2869 617 2942 422
651 2870 703 2924 ι.
745 2866 995 2922 Essentia
1012 2882 1137 2934 una,
1164 2866 1290 2937 quia
1314 2864 1490 2920 Filius
1520 2874 1570 2919 et
1588 2864 1819 2935 Spiritus
1849 2884 1975 2921 nun-

382 2978 541 3033 quam
571 2977 689 3014 cum
715 2960 866 3015 rebus
891 2960 1081 3013 creatis
1104 2961 1821 3030 recrementum—Reliquum
1845 2976 1974 3015 vero

380 3064 488 3118 est,
511 3053 577 3109 de
591 3051 831 3109 essentia
847 3066 1064 3121 quoque
1087 3050 1392 3117 ostendere,
1408 3053 1682 3121 quomodo
1698 3067 1761 3106 ea
1776 3068 1881 3105 una
1903 3053 1973 3107 sit

2081 565 2422 638 μηνεύουσαν
2482 568 2753 638 εὑρήσεις.
2792 567 2853 618 Εί
2881 565 2938 618 δὲ
2980 565 3075 618 καὶ
3114 563 3439 635 τὴνούσίαν
3487 566 3622 637 αὐτὴν

2076 658 2364 731 γνωρίζειν
2396 659 2619 723 ἐθέλοις,
2654 658 2775 713 καθ’
2819 660 2884 729 ἢν
2918 657 3030 728 Υίῷ
3074 657 3169 710 καὶ
3214 656 3485 727 Πνεύματι
3517 661 3622 729 ty);

2073 747 2359 802 κοινωνίαν
2378 749 2725 812 συνάπτεται,
2743 750 2808 819 τῇ
2822 746 2955 800 Θεοῦ
2971 746 3236 817 ὀνομασίᾳ
3251 746 3505 817 δηλώσεις
3520 748 3622 818 (ίϊόμ.

2076 841 2241 894 Ὥστε
2269 840 2331 893 τὸ
2358 841 2453 911 μὲν
2478 841 2789 911 ἀγέννητον,
2813 840 2906 893 καὶ
2935 840 3036 911 τῆς
3068 839 3353 909 ὑπάρξεως
3378 842 3408 891 ὁ
3436 841 3622 910 τρόπος,

2074 932 2320 1003 ἀλλήλων
2352 933 2457 985 εἰσὶ
2489 931 2823 1004 γνωριστικά
2848 931 2959 1002 (24)
2977 948 2990 960 ⁶
3018 931 3118 1002 τῆς
3148 931 3205 983 δὲ
3234 931 3418 994 οὑ’σίας
3438 930 3495 983 τὸ
3520 932 3624 996 Θεος

2073 1029 2391 1098 δηλωτικόν.
2447 1031 2534 1094 Ὠς
2583 1029 2692 1101 γὰρ
2738 1030 2766 1081 ὁ
2811 1029 3009 1101 Ἀδάμ,
3053 1030 3233 1083 καίτοι
3273 1029 3517 1099 γέννησιν
3570 1030 3625 1099 μὴ

2075 1120 2529 1191 προσηκάμενος,
2580 1123 2693 1183 τοῖς
2742 1119 2801 1186 ἐξ
2848 1120 3017 1174 αὑτοῦ
3068 1119 3369 1192 γεννηθείσι
3417 1120 3547 1173 κατά
3582 1122 3626 1172 τὸ

2073 1212 2174 1282 τῆς
2207 1210 2396 1274 οὑσίας
2427 1210 2621 1264 ταύτὸν
2662 1213 2740 1274 είς
2769 1212 3051 1266 κοινωνίαν
3078 1212 3405 1265 συνάπτεται
3425 1251 3441 1275 ,
3488 1212 3627 1275 οὕτως

2074 1303 2253 1367 οὐδεὶς
2289 1304 2442 1373 λόγος
2471 1305 2532 1357 τὸ
2574 1304 2748 1357 κοινὸν
2775 1305 2875 1375 τῆς
2924 1304 3115 1368 οὑσίας
3148 1304 3357 1376 Πατρδς
3400 1305 3533 1376 πρὸς
3557 1305 3627 1357 τὸν

2076 1396 2204 1450 Υξδν
2232 1397 2327 1451 καὶ
2352 1398 2411 1449 τὸ
2436 1396 2659 1467 Πνεῦμα
2687 1397 2983 1449 διασπάσαι
3012 1396 3101 1449 διά
3136 1396 3200 1449 τδ
3240 1397 3523 1467 ἀγέννητον
3556 1397 3626 1449 δυ·

2072 1491 2312 1562 νήσεται.
2335 1492 2494 1543 Ὥστε
2519 1490 2579 1543 τὸ
2605 1490 2921 1559 Ἀγέννητον
2936 1490 3027 1542 καὶ
3052 1491 3313 1561 Γεννητὸν
3340 1490 3435 1542 καὶ
3468 1489 3628 1542 ’Έκπο-

2079 1582 2288 1653 ρευτὺν,
2332 1583 2431 1635 οὑκ
2478 1581 2668 1645 οὑσίας
2721 1579 2993 1651 δηλωτικὰ
3020 1621 3035 1645 ,
3091 1580 3399 1651 σημαντικά
3449 1580 3502 1633 δὲ
3544 1581 3627 1631 τῶν

2074 1672 2421 1727 ὑποστάσεών
2464 1676 2643 1727 ἐστιν·
2687 1673 2849 1727 ἱκανά
2886 1673 2996 1744 γὰρ
3034 1674 3166 1744 ἡμῖν
3208 1673 3499 1743 διακρίνειν
3540 1673 3625 1741 (εδ)

2074 1766 2141 1819 τὰ
2171 1767 2471 1839 πρόσωπα,
2516 1766 2612 1820 καὶ
2652 1764 2749 1836 τὴν
2792 1765 3027 1837 Πατρδς,
3059 1764 3155 1817 καὶ
3187 1763 3337 1828 Υίοῦ,
3368 1763 3463 1815 καὶ
3501 1764 3625 1829 ἁγίου

2078 1859 2395 1931 Πνεύματος
2426 1859 2735 1923 ἰδιαζόντως
2774 1857 3006 1911 δεικνύει
3034 1857 3351 1910 ὑπόστασιν.
3396 1854 3626 1925 Καθάπερ

2076 1950 2185 2020 γάρ
2225 1950 2460 2022 σφραγὶς
2508 1952 2640 2021 ἡμῖν
2664 1967 2747 2013 τις
2790 1948 2980 2019 λεχθὲν
3029 1948 3091 2001 τὸ
3124 1948 3469 2017 ἀγέννητον,
3497 1945 3625 2008 εὐθὺς

2076 2038 2326 2111 ἀφορίζει
2352 2040 2449 2111 τὴν
2478 2040 2692 2112 Πατρδς
2718 2041 3013 2093 ὑπόστασιν
3031 2057 3045 2070 ·
3079 2040 3172 2093 καὶ
3202 2039 3359 2093 πάλιν
3388 2037 3465 2101 ὦς
3486 2055 3531 2089 τι
3554 2054 3626 2105 an;

2079 2138 2230 2206 μεῖον
2257 2135 2357 2205 τὴν
2384 2134 2477 2187 τοῦ
2506 2132 2772 2205 Γεννητοῦ
2799 2132 3171 2204 προσηγορίαν
3200 2132 3484 2193 ἀκούοντες
3501 2170 3513 2191 ,
3549 2130 3625 2198 τὴν

2074 2227 2207 2280 Υίοῦ
2259 2226 2609 2298 λαμϐάνομεν
2663 2224 2900 2285 ἔννοιαν,
2949 2224 3044 2277 καὶ
3081 2220 3237 2286 αὖθις
3284 2222 3369 2275 διὰ
3420 2224 3511 2292 τῆς
3555 2220 3624 2271 τοῦ

2087 2318 2450 2392 Ἐκπορευτοῢ
2479 2318 2757 2390 σημασίας
2793 2318 2856 2371 τὸ
2888 2300 3056 2370 ἰδίκὸν
3087 2316 3198 2388 (26)
3226 2315 3319 2368 τοῦ
3347 2315 3624 2384 Πνεύματος

2076 2411 2365 2483 πρόσωπον
2406 2409 2790 2481 παιδευόμεθα.
2820 2409 2933 2463 Καὶ
2975 2407 3150 2461 ταῦτα
3193 2407 3293 2478 μὲν
3327 2407 3487 2477 ἀρκεῖ

2075 2501 2351 2568 ἀπόδειξιν
2423 2501 2517 2555 τοῦ
2582 2500 2656 2572 μὴ
2706 2501 2806 2572 τὴν
2860 2498 3048 2553 οὐσίαν
3108 2500 3279 2569 αὑτὴν
3336 2497 3525 2569 δηλοῦν
3583 2496 3628 2545 τὸ

2088 2593 2406 2666 Ἀγὲννητον
2446 2592 2543 2647 καὶ
2570 2592 2839 2665 Γεννητὺν
2892 2593 2985 2646 καὶ
3037 2591 3430 2663 Ἐκπορευτὸν,
3471 2591 3629 2659 ἀφορι-

2077 2685 2237 2739 στικά
2264 2686 2319 2739 δὲ
2345 2685 2453 2740 τῶν
2478 2686 2829 2739 ὑποστάσεων
2855 2679 3014 2748 εἶναι,
3046 2685 3187 2756 πρὸς
3214 2684 3293 2755 τῷ
3318 2683 3426 2754 (27)
3453 2683 3630 2735 καὶτὸν

2072 2778 2275 2849 τρόπον
2301 2778 2403 2848 τῆς
2428 2777 2713 2849 ὑπάρξεως
2737 2778 3135 2848 διασημαίνειν.

2145 2868 2199 2923 4.
2239 2869 2559 2923 ’Υπόλοιπον
2582 2869 2627 2922 δ’
2655 2868 2722 2923 ἂν
2751 2870 2834 2940 εἴη
2863 2869 2992 2941 περὶ
3018 2869 3119 2939 τῆς
3146 2868 3340 2931 οὑσίας
3367 2864 3627 2925 δεικνύναι,

2074 2961 2194 3025 πῶς
2225 2961 2322 3032 μία
2354 2962 2570 3033 Πατρὸς
2592 3000 2607 3025 ,
2663 2963 2758 3015 καὶ
2812 2939 2973 3025 Υίδύ,
3005 2962 3101 3013 καὶ
3134 2960 3293 3029 ἁγίου
3324 2958 3623 3028 Πνεύματος.

2086 3055 2334 3127 Ὀρῶμεν
2384 3054 2562 3107 τοίνυν
2610 3055 2668 3107 ἐν
2706 3056 2773 3125 τῇ
2822 3056 2974 3125 κοινῇ
3033 3052 3292 3125 συνηθείᾳ
3340 3051 3441 3121 τῆς
3488 3050 3625 3117 αὐτῆς

380 3145 561 3201 Patris
590 3152 643 3199 et
673 3142 797 3197 Filii
827 3149 880 3197 et
909 3141 1148 3212 Spiritus
1179 3142 1377 3197 sancti.
1418 3141 1678 3198 Videmus
1728 3144 1783 3196 in
1815 3158 1965 3197 com-

2146 3147 2259 3211 σίας
2278 3148 2590 3218 ὑπάρχοντα
2611 3149 2724 3210 τοῖς
2739 3146 2969 3215 γεννῶσι
2992 3147 3060 3200 τὰ
3086 3143 3418 3215 γεννώμενα.
3446 3143 3627 3197 Μᾶλλον

382 3239 536 3294 muni
587 3237 987 3292 consuetudine
1042 3236 1289 3306 ejusdem
1352 3237 1607 3291 essentia:
1666 3250 1790 3290 esse
1844 3250 1969 3289 cum

385 3331 737 3403 gignentibus
777 3346 839 3386 ea
875 3346 996 3401 qua).
1035 3331 1354 3402 gignuntur.
1403 3328 1509 3384 Sed
1552 3331 1734 3399 potius
1763 3343 1973 3383 sermo-

382 3440 509 3480 nem
536 3424 697 3493 paulo
729 3425 893 3479 altius
950 3423 1341 3488 exordiamur,
1382 3438 1450 3477 ne
1491 3438 1597 3492 qua
1630 3422 1686 3475 in
1733 3422 1968 3477 medium

383 3518 634 3574 incidens
653 3520 882 3589 quaestio
907 3518 1327 3589 perpetuitatem
1352 3516 1621 3572 orationis
1638 3517 1966 3586 interpellet.

380 3611 461 3668 Ac
490 3614 726 3684 primum
769 3630 859 3668 res
888 3614 1036 3683 ipsas
1064 3628 1185 3683 qua:
1210 3620 1462 3675 exstant,
1496 3612 1841 3676 dividamus;
1885 3626 1969 3666 re-

382 3707 661 3778 periemus
693 3722 931 3778 namque
959 3707 1142 3762 omnia
1176 3707 1232 3761 in
1253 3722 1317 3762 ea
1348 3722 1470 3777 quae
1501 3713 1687 3762 creata
1715 3715 1863 3770 sunt,
1886 3704 1970 3759 vel

383 3801 630 3856 increata
655 3802 844 3857 dividi.
871 3801 1150 3872 Quidquid
1179 3802 1325 3855 enim
1357 3801 1413 3855 in
1445 3800 1613 3855 rebus
1639 3807 1841 3864 exstat,
1877 3808 1971 3854 aut

382 3901 566 3947 creata
596 3901 681 3949 est
714 3901 913 3948 natura
936 3901 1029 3947 aut
1059 3894 1326 3949 increata.
1345 3894 1425 3949 Ac
1449 3894 1697 3950 increata
1727 3895 1967 3965 quidem,

383 3987 718 4041 dominatrix
749 3995 855 4051 est,
883 3995 938 4042 et
971 3988 1301 4044 necessitate
1340 3988 1489 4042 omni
1545 3989 1751 4055 libera;
1786 3998 1969 4044 creata

385 4088 589 4142 autem,
628 4080 880 4135 servituti
910 4080 1169 4146 obnoxia,
1197 4089 1251 4136 et
1274 4080 1488 4151 legibus
1515 4081 1785 4136 herilibus
1809 4082 1972 4137 obse-

383 4186 579 4242 quens.
620 4170 680 4225 Et
717 4172 808 4227 illa
836 4172 1078 4243 quidem,
1112 4187 1212 4242 pro
1236 4181 1503 4244 potestate
1530 4189 1650 4238 sua,
1683 4190 1805 4245 qua;
1832 4175 1967 4240 vult,

382 4279 435 4321 et
465 4266 597 4321 facit
617 4275 671 4323 et
702 4274 903 4338 potest;
938 4266 1053 4320 haec
1085 4281 1215 4320 vero
1252 4265 1617 4322 ministerium
1643 4267 1910 4322 duntaxat
1939 4282 1969 4320 a

383 4358 495 4415 Deo
525 4359 648 4430 ipso
677 4367 964 4430 acceptum
1014 4366 1067 4412 et
1095 4358 1251 4413 obire
1277 4366 1459 4428 potest
1501 4368 1554 4412 et
1608 4359 1746 4413 obit.
1791 4357 1970 4417 Parti-

380 4452 533 4507 tione
564 4453 640 4507 ita
669 4453 921 4507 instituta
941 4491 955 4515 ,
989 4451 1205 4506 divinas
1248 4466 1410 4505 voces
1461 4450 1516 4505 in
1567 4450 1807 4506 medium
1838 4465 1969 4520 pro-

2070 3243 2128 3295 δὲ
2156 3241 2361 3295 ἀνωθεν
2389 3244 2520 3313 ἡμῖν
2563 3241 2828 3313 ἀρκτέον,
2859 3240 2935 3304 ὼς
2978 3241 3045 3295 ἂν
3088 3241 3163 3312 μὴ
3207 3240 3270 3293 τὸ
3308 3240 3521 3309 συνεχὲς
3555 3235 3625 3288 τοῦ

2071 3335 2230 3403 λόγου
2267 3335 2549 3389 διακόπτοι
2596 3333 2816 3407 ζήτημά
2850 3351 2904 3386 τι
2951 3334 3310 3404 παρεμπεσὸν
3343 3334 3424 3396 είς
3476 3330 3624 3401 μέοον.

2072 3427 2182 3479 Καὶ
2210 3426 2422 3498 πρῶτόν
2448 3442 2512 3495 γε
2538 3425 2608 3479 τά
2635 3425 2762 3478 ὄντα
2790 3425 3159 3496 διαιρήσωμεν
3199 3423 3329 3493 (28)·
3360 3422 3625 3493 εὑρήσομεί

2071 3519 2180 3590 γὰρ
2208 3520 2288 3583 είς
2310 3536 2369 3572 τε
2418 3518 2635 3572 κτιστδν
2681 3517 2776 3571 καὶ
2818 3518 3073 3572 ἀκτιστον
3112 3516 3181 3570 τά
3212 3516 3387 3569 πάντα
3425 3509 3625 3581 sum-

2075 3630 2230 3684 μενα.
2258 3612 2327 3666 Et
2349 3630 2400 3666 τι
2423 3613 2531 3684 γάρ
2560 3615 2708 3666 ἐστιν
2736 3612 2793 3664 ὲν
2820 3614 2933 3675 τοῖς
2958 3606 3132 3673 οὖσιν,
3162 3611 3195 3681 ἦ
3226 3611 3472 3670 άκτιστος
3498 3608 3628 3675 ςύπις

2071 3706 2275 3778 ὲστὶνῆ
2318 3707 2529 3777 κτιστή.
2574 3704 2712 3759 Ἀλλ’
2744 3706 2777 3776 ἡ
2811 3705 2910 3776 μὲν
2945 3706 3201 3767 ἄκτιστος
3242 3699 3524 3768 δεσποτικὴ
3554 3696 3627 3750 καὶ

2072 3799 2253 3869 πάσης
2300 3797 2547 3870 ἀνάγκης
2591 3797 2884 3868 ἐλευθέρα·
2923 3799 2956 3869 ἡ
3004 3797 3061 3850 δὲ
3088 3794 3306 3865 δουλικὴ
3342 3794 3435 3846 καὶ
3472 3792 3623 3860 νόμω

2069 3892 2407 3954 δεσποτικοῖς
2434 3890 2696 3961 ἑπομένη.
2740 3890 2851 3941 Καὶ
2876 3891 2909 3959 ἡ
2954 3889 3073 3959 μὲν,
3104 3886 3227 3940 κατ’
3253 3884 3492 3950 ἐξουσίαν
3524 3880 3553 3934 ἀ
3574 3878 3623 3931 ἂν

2072 3982 2321 4053 βούλεται
2352 3981 2463 4053 (29)
2507 3981 2602 4033 καὶ
2647 3977 2876 4033 ποιοῦσα
2922 3978 3017 4031 καὶ
3045 3975 3349 4046 δυναμένη·
3382 3975 3415 4043 ὴ
3460 3972 3511 4023 δὲ
3546 3968 3624 4036 τὴν

2069 4077 2343 4130 διακονίαν
2382 4074 2548 4146 μόνην
2576 4073 2643 4144 ἣν
2672 4074 2803 4143 παρ’
2832 4071 3005 4139 αὑτῆς
3032 4070 3130 4141 τῆς
3169 4068 3416 4137 θεότητος
3441 4064 3620 4132 εἴληςε,

2070 4168 2163 4221 καὶ
2204 4166 2513 4237 δυναμένη,
2558 4165 2654 4218 καὶ⁸
2703 4162 2950 4217 ποιοῦσα.
2998 4160 3155 4215 Οὕτω
3199 4161 3295 4229 τῆς
3340 4154 3621 4227 διαιρέσεως

2070 4258 2319 4329 ἐχούσης,
2344 4259 2445 4322 τάς
2477 4257 2632 4321 θείας
2656 4259 2739 4319 είς
2785 4255 2950 4327 μέσον
2985 4253 3359 4324 παραθέμενος
3388 4249 3495 4319 (51))
3532 4264 3621 4314 φω*

2068 4351 2186 4416 νὰς,
2219 4350 2410 4403 σκόπει
2440 4367 2529 4420 μοι
2563 4349 2699 4421 μετά
2724 4346 3031 4421 ἀκριϐείας,
3062 4345 3167 4397 τίνι
3199 4342 3498 4395 συντάττειν
3522 4352 3620 4389 παι·

2070 4440 2281 4495 δεύουσι
2307 4442 2399 4494 τὸν
2434 4442 2562 4494 Υίὸν
2591 4442 2686 4494 καὶ
2724 4440 2786 4492 τὸ
2822 4437 3070 4509 Πνεῦμα.
3099 4440 3192 4489 Δεῖ
3222 4436 3326 4506 γὰρ
3366 4431 3499 4504 πρὸς
3520 4431 3619 4487 τοῦς

382 4543 586 4613 ferens,
616 4545 909 4600 considera
954 4544 1087 4597 mihi
1137 4551 1394 4598 accurate
1424 4544 1529 4599 utri
1569 4543 1753 4598 ordini
1788 4543 1965 4597 ascri-

2146 4554 2174 4600 ς
2200 4534 2526 4605 Ἐκκλησίας
2552 4533 2854 4605 τροφίμους
2885 4532 2960 4602 μὴ
2987 4531 3268 4600 λογισμοῖς
3296 4523 3618 4597 ἀνθρωπίνας

382 4635 619 4691 bendum
650 4638 885 4692 doceant
916 4635 1112 4690 Filium
1144 4643 1197 4691 et
1239 4635 1505 4706 Spiritum
1546 4644 1819 4691 sanctum.
1867 4634 1971 4691 Ne-

381 4744 489 4798 que
550 4730 698 4785 enim
751 4729 895 4800 apud
951 4728 1211 4784 Ecclesia:
1272 4729 1525 4785 alumnos
1580 4730 1649 4784 ad
1700 4731 1971 4795 humanas

382 4821 831 4879 ratiocinationes
853 4836 940 4876 res
971 4821 1171 4876 divina:
1198 4820 1523 4893 dirigendae,
1558 4821 1653 4877 sed
1682 4821 1757 4876 ita
1803 4836 1973 4891 expo-

449 5020 923 5094 (Ξόχᾴῃτιῴοζεις.
950 5020 1029 5075 lta
1058 5020 1230 5077 Coisl.
1257 5022 1677 5093 antiquissimus
1698 5031 1753 5079 et
1772 5022 1906 5094 Reg.
1943 5023 1964 5077 ι

379 5098 436 5147 et
463 5089 541 5163 2.7
560 5090 703 5145 Editi
729 5089 1049 5163 oukmcetag.

459 5162 572 5232 (24)
612 5161 1005 5231 Γνωριστικά.
1044 5161 1122 5215 Ita
1155 5162 1318 5216 etiam
1354 5174 1464 5218 tres
1507 5164 1669 5219 iidem
1713 5164 1968 5229 codices,

385 5235 588 5307 quibus
620 5232 765 5307 favet
793 5232 964 5307 Qoisl.
997 5233 1054 5286 2.
1092 5232 1266 5287 Habet
1285 5236 1721 5307 enitn_7_vatxa’t.
1749 5234 1817 5307 R.
1848 5233 1970 5290 Ste-

388 5306 605 5377 phanus
650 5302 717 5357 ad
742 5305 959 5377 calcem
1014 5302 1965 5377 vaptntxc'x.‘Editi'vapiapa'ra.

393 5375 517 5429 Mox
563 5374 699 5446 Reg.
734 5374 760 5429 1
794 5384 848 5431 et
889 5373 947 5439 2,
992 5382 1045 5429 et
1100 5373 1330 5445 uterque
1373 5375 1541 5430 Coisl.
1588 5373 1649 5429 οὑ
1686 5373 1968 5448 προσηκά-

431 5462 568 5500 ενος.

606 5517 961 5587 Διακρίνειγν.
994 5513 1130 5585 Reg.
1171 5515 1195 5568 1
1229 5524 1282 5569 et
1324 5516 1359 5570 2
1400 5516 1702 5587 διακρῖναι,
1743 5524 1794 5572 et
1830 5533 1968 5587 mox

382 5585 577 5659 Βριξᾲῖ
600 5587 860 5659 δεικνύει.
895 5586 989 5641 Sic
1019 5592 1185 5639 etiam
1210 5587 1387 5654 prima
1411 5585 1576 5640 manu
1611 5587 1801 5647 habuit
1829 5586 1963 5659 Reg.

386 5602 516 5708 ιιρὲ
542 5602 577 5639 z
605 5602 860 5640 οεικνυει.
895 5602 934 5640 S

386 5657 436 5711 ι.
514 5657 611 5709 diti
646 5656 934 5712 δεικνύειν.

453 5726 566 5799 (ἓϐ)
620 5727 852 5799 Ῐιδικόν.
886 5726 962 5781 Ita
990 5737 1221 5799 uterque
1242 5726 1412 5783 Cois].
1438 5738 1489 5784 et
1515 5728 1755 5789 Clarum.
1776 5730 1810 5786 2
1840 5746 1963 5786 cum

391 5792 455 5849 Β.
485 5792 762 5867 Stephano
793 5799 860 5854 ad
889 5792 1293 5857 calccmCEditi
1329 5799 1614 5853 ἰδιωτικόν.

2073 4628 2368 4681 διευθύνειν
2397 4626 2466 4680 τὰ
2496 4625 2647 4691 θεῖα,
2678 4623 2814 4677 ἀλλά
2854 4624 2993 4694 πρὸς
3015 4622 3077 4675 τὸ
3109 4621 3347 4693 βούλημα
3384 4619 3483 4687 τῆς
3504 4614 3619 4667 διδα-

2077 4722 2302 4786 σκαλίας
2334 4719 2427 4774 τοῦ
2458 4718 2598 4772 Πνεύ
2607 4735 2775 4790 ματος
2799 4717 2907 4771 τῶν
2930 4717 3106 4785 λόγων
3130 4714 3395 4768 ποιεῖσθαι
3433 4712 3523 4781 τὴν
3545 4709 3615 4760 Ex-

2075 4815 2243 4870 θεσιν.
2288 4817 2398 4870 Καὶ
2439 4813 2654 4884 πρῶτος
2691 4814 2837 4883 ἡμᾶς
2879 4811 3044 4865 Δαϐὶδ
3086 4808 3395 4863 διδασκέτω.
3442 4805 3615 4874 Ὗμπν

2149 5018 2264 5091 (27)
2302 5017 2461 5088 Πρὸς
2486 5017 2593 5091 τῷ.
2634 5016 2805 5072 Coisl.
2840 5015 2863 5068 1
2905 5012 3177 5091 πρὸς-τό.-
3250 5083 3265 5091 _
3338 5079 3377 5091 ﬁ
3509 5078 3529 5091 _

2146 5079 2260 5162 (28)
2301 5079 2741 5162 Δῖᾳιρήοίωμεν,
2774 5097 2877 5162 etc‘.
2912 5079 2989 5137 Ita
3032 5084 3202 5162 Coisl.
3225 5083 3294 5162 _l.
3338 5079 3613 5162 Editinauiz-

2077 5148 2510 5236 pﬂcotisv._ldem
2542 5148 3156 5236 οὸιιθιςεὺρήσωμενὶγά
3165 5172 3197 5225 ρ
3222 5154 3447 5236 ἀπάντα.
3475 5148 3611 5236 Paulo

2073 5216 2357 5306 ᾖδειόόίιί
2400 5233 2434 5302 η
2466 5229 2523 5282 δὲ
2555 5227 2748 5299 κτιστὴ
2779 5216 3019 5297 δουλικῆ.
3054 5216 3187 5296 Βοέ.
3220 5226 3254 5276 2
3291 5231 3341 5277 et
3380 5220 3537 5277 Celsi.
3572 5216 3609 5269 1.

2072 5312 2604 5443 ωᾶἒὶῖθέἓίίλετᾳι.
2624 5369 2713 5443 ita
2740 5382 2928 5443 omnes
2955 5382 3088 5443 mss.
3112 5380 3232 5443 cum
3261 5360 3604 5443 RLStep‘liano.

2072 5428 2223 5500 Aliae
2241 5428 2511 5501 editiones
2544 5437 2977 5512 βούληται.-Μρξι
3013 5436 3145 5512 ueg,
3186 5428 3452 5512 i_et_2,let:
3466 5428 3604 5484 Cois].

2071 5517 2107 5569 2
2151 5516 2300 5586 παρά
2344 5514 2469 5586 τῆς»
2495 5501 2765 5583 θεότητος.
2824 5509 2967 5563 Editi
3012 5501 3141 5577 παρ’
3174 5506 3334 5575 αὐτῆς
3366 5501 3603 5568 θεότητος-

2072 5584 2241 5642 Coisl.
2275 5587 2327 5647 1,
2368 5594 2428 5639 ut
2459 5584 2514 5637 in
2556 5591 2731 5637 textu.

2146 5638 2260 5728 (ἐό)
2280 5638 2735 5728 Ῑιαραθέμενος.
2770 5650 2900 5728 Reg.
2930 5651 2954 5705 ι
2986 5658 3037 5705 et
3063 5649 3125 5728 ε,
3150 5645 3451 5728 θεοιποιη.
3480 5638 3605 5728 eis-

2069 5713 2201 5801 bent
2244 5713 2663 5801 επαραθεμένους
2692 5713 2885 5793 ’φωνὰς
2937 5723 3155 5775 σκοπεῖν
3186 5718 3261 5771 δεῖ
3306 5714 3439 5785 μετά
3477 5713 3606 5777 expi-

2074 5799 2242 5866 θείας.
