3630 6532
25 356 91 413 l3
956 363 1327 421 exrosmo
1378 362 1633 451 nec”:

1684 360 2197 418 CONFESSIONIS.
3122 364 3216 420 121
3227 364 3263 421 ι

26 492 56 545 ρ
79 468 256 540 οὗτος
286 476 419 551 (51)
450 480 663 545 συνθεὶς
700 481 761 547 ἐξ
786 483 1078 556 ὁλοκλήρου
1106 486 1205 557 τῆς
1244 483 1474 548 κτίσεως
1500 484 1551 554 τὲ

1724 482 1876 537 endee
1912 481 2156 536 rationes
2187 487 2247 534 ut
2279 479 2409 550 quid
2453 481 2556 535 sibi
2587 481 2716 537 velit
2745 481 2996 539 doctrina
3022 484 3260 554 Spiritus

26 588 56 621 ν
78 568 371 625 ἁπάντων
405 572 543 644 Θεῷ,
570 570 691 628 εἶτα
713 576 841 648 περὶ
868 577 976 630 τῶν
1005 580 1126 631 κατ’
1152 577 1381 650 οὐρανὸν
1409 578 1581 631 ἁπάν-

26 678 54 711 ν
77 660 415 729 διαλαδὼν,
444 667 625 730 πάσας
664 684 724 721 τε
757 668 857 732 τὰς
890 672 949 723 ἐν
976 668 1126 740 αὑτῷ
1150 671 1408 741 δυνάμεις
1438 671 1580 723 ἁπα-

25 754 434 825 ιμησάμενος·
478 758 681 829 ὁμοίως
710 760 769 813 δὲ
812 761 907 815 καὶ
950 763 1077 833 περὶ
1107 763 1211 833 γῆς
1246 763 1342 816 καὶ
1386 762 1494 816 τῶν
1520 763 1580 816 ἐν

26 848 87 915 τῇ
123 847 420 902 ἁπάντων
468 851 568 922 τὴν
612 853 889 923 ἀφήγησιν
932 855 1324 925 ποιησάμενος,
1351 855 1412 908 οὐ
1443 872 1581 925 συμ-

32 938 413 1009 ραλαμϐάνει
449 945 517 1013 τῇ
546 942 824 1017 δοξολογία
866 945 1037 1016 ταύτῃ
1080 946 1172 999 τὸν
1210 947 1358 1011 Υἱὺν,
1400 946 1580 1000 καὶτὸ

28 1029 214 1099 εῦμα,
260 1032 351 1095 ὡς
383 1036 452 1105 τῇ
494 1034 613 1106 θείᾳ
660 1035 820 1105 φύσει
870 1037 1270 1109 συνεζευγμένα
1316 1041 1574 1113 δηλονότι.

50 1123 169 1195 γὰρ
210 1124 286 1177 ἂν
318 1128 377 1179 εί
411 1128 513 1198 τῆς
554 1131 776 1201 κτιστῆς
821 1132 1008 1197 οὐσίας
1059 1134 1359 1203 ἠπίστατο,
1405 1136 1578 1188 ταῦτα

25 1232 89 1267 να
118 1214 240 1286 (52)
275 1218 505 1288 ἀφῆκεν
533 1220 955 1293 ἁκατονόμαστα
973 1241 985 1253 ·
1026 1216 1100 1277 ὧν
1128 1242 1192 1294 γε
1236 1225 1451 1296 πρῶτον
1484 1228 1579 1280 καὶ¹

26 1307 193 1361 λιστα
242 1310 371 1363 τῶν
416 1311 590 1366 ἄλλων
638 1315 865 1368 ἀπασῶν
904 1317 1187 1388 δυνάμεων
1234 1318 1457 1381 εἰκότως
1510 1319 1577 1373 ἂν

25 1419 86 1471 νη
95 1401 410 1471 μόνευσεν.
431 1405 661 1476 Ὁμοίως
683 1407 738 1461 δὲ
754 1408 847 1462 καὶ
868 1410 897 1462 6
919 1411 1187 1482 μακάριος
1204 1410 1434 1476 Παῦλος,
1450 1411 1577 1483 θείῳ

28 1494 82 1564 pi.
117 1494 382 1567 κάτοχος
410 1496 506 1562 ῶν,
539 1500 633 1553 καὶ
670 1501 731 1553 τὸ
762 1500 984 1565 διακαὲς
1018 1503 1119 1574 τῆς
1153 1505 1281 1575 περὶ
1320 1504 1413 1557 τὸν
1443 1504 1576 1558 Θεὸν

26 1586 179 1658 ἀπης
226 1589 693 1661 ἐνδεικνύμενος,
737 1593 832 1646 καὶ
870 1593 933 1645 τὸ
972 1594 1184 1664 βέϐαιον
1232 1594 1327 1648 τοῦ
1352 1595 1573 1667 φίλτρου

26 1678 244 1749 ηρτυρού
254 1697 455 1749 μενος,
485 1681 628 1735 οὕτω
658 1684 766 1754 (55)
796 1686 956 1757 φησί’
990 1685 1319 1757 Πέπεισμαι
1347 1690 1457 1757 γὰρ
1485 1688 1574 1742 ὅτι

26 1788 86 1823 τε
113 1769 262 1838 ζωὴ,
297 1774 453 1827 οὔτε
482 1775 731 1843 κόσμος,
770 1778 909 1831 οὔτε
936 1777 1211 1845 θάνατος,
1240 1781 1378 1833 οὔτε
1402 1780 1573 1850 ἄγγε-

26 1882 61 1925 ι,
79 1864 228 1918 οὔτε
244 1864 568 1937 δυνάμεις,
587 1869 725 1922 οὔτε
749 1869 947 1939 ἀρχαὶ,
966 1873 1105 1925 οὔτε
1118 1873 1568 1933 ἐνεστῶτα,οὖτε

26 1960 283 2021 Morta,
303 1960 455 2013 οὔτε
478 1960 715 2030 ὕψωμα,
729 1963 868 2016 οὔτε
880 1962 1092 2031 βάθος,
1111 1965 1248 2019 οὔτε
1266 1984 1357 2032 τις
1372 1968 1568 2033 κτίσις

25 2048 121 2117 ἐρα
157 2049 515 2116 δυνήσεται
560 2053 720 2123 ἡμᾶς
760 2057 1009 2125 χωρίσαι
1051 2058 1168 2112 ἀπὸ
1198 2056 1305 2126 τῆς
1334 2058 1570 2128 ἀγάπης

26 2141 59 2194 ῡ
89 2142 245 2196 Θεοῦ
276 2141 399 2211 τῆς
425 2145 495 2197 ὲν
538 2145 771 2213 Χριστῷ
812 2149 1012 2216 ’1ησοῦ
1050 2148 1131 2214 τῷ
1155 2150 1352 2218 Κυρίῳ
1380 2149 1565 2220 ἡμῶν.

26 2235 207 2303 ιμοίως
249 2235 375 2307 γὰρ
421 2237 517 2289 καὶ
570 2238 733 2303 αὐτὸς
767 2241 1291 2313 ἀπαριθμησάμενος
1344 2243 1437 2295 κα)⁵
1477 2243 1569 2297 κό-

25 2345 119 2392 ιον,
158 2328 257 2381 καὶ
292 2328 449 2399 ζωὴν
484 2331 579 2383 καὶ
609 2330 855 2395 θάνατον,
887 2334 978 2386 καὶ
1016 2333 1279 2401 ἀγγέλους
1309 2334 1439 2403 (54),
1474 2334 1568 2388 καὶ

25 2420 135 2489 »χὰς
169 2421 271 2474 καὶ
302 2422 591 2493 δυνάμεις,
626 2422 705 2476 ἔτι
732 2441 792 2476 τε
837 2424 1110 2478 ἐνεστῶτα
1156 2425 1250 2478 καὶ
1281 2425 1563 2497 μέλλοντα,

25 2513 165 2583 ρωμὰ
184 2531 247 2566 τε
293 2514 397 2567 καὶ
431 2514 624 2593 βάθος,
656 2516 780 2568 ἐπεὶ
836 2517 1000 2588 μηδὲν
1040 2516 1295 2589 εὕρισκεν
1338 2518 1567 2590 ὑπολιμ-

25 2603 272 2674 ινόμενον
300 2609 374 2677 τῇ
411 2611 605 2679 κτιστῇ
638 2607 819 2677 φύσει,
850 2609 1005 2663 ἔτιδὲ
1030 2610 1124 2663 τοῦ
1154 2610 1281 2681 βοᾷν
1302 2612 1395 2665 καὶ
1426 2629 1568 2683 μαρ-

25 2696 227 2764 ιρασθαι
256 2697 367 2769 τῆς
399 2698 579 2783 όρμῇς
608 2700 888 2770 ἐχόμενος,
916 2702 1275 2773 ῦπερὸολικόν
1304 2721 1358 2756 τι
1399 2720 1564 2776 προσ-

26 2788 99 2852 ιὶς,
133 2790 230 2843 τὸν
262 2791 432 2860 λόγον
474 2792 793 2865 ἐπλήρωσεν
826 2794 934 2866 (55)
964 2796 1166 2850 κτίσιν
1192 2796 1402 2865 ἑτέραν
1428 2799 1564 2850 ἐπα-

25 2881 169 2949 ιγών.
200 2879 337 2955 Ἆρ’
364 2880 461 2938 οῦν
489 2886 583 2939 xal.
607 2889 672 2957 τῇ
713 2887 809 2940 τοῦ
836 2886 1115 2958 λεχθέντος
1156 2889 1431 2961 ὑπερϐολῇ
1471 2891 1565 2945 τὸν

25 2972 382 3042 μτακίνητον
412 2975 578 3028 αὐτοῦ
607 2977 735 3048 περὶ
765 2976 855 3029 τὸν
890 2977 1023 3031 Θεὸν
1056 2978 1164 3048 (56)
1195 2979 1357 3033 πόθον
1386 2998 1565 3052 παρα-

25 3062 235 3133 γλώσας,
281 3068 332 3119 εἰ
376 3067 479 3137 τῆς
520 3067 747 3138 κτιστῆς
785 3068 974 3134 οὐσίας
1017 3071 1285 3140 ἠπίστατο
1318 3072 1427 3141 (57)
1470 3072 1562 3126 τὸν

29 3154 97 3207 ίδν
144 3158 240 3209 καὶ
296 3157 362 3210 τὸ
415 3156 641 3229 Πνεῦμα
674 3200 689 3225 ,
748 3160 849 3213 οὐκ
904 3160 970 3214 ἂν
1025 3160 1204 3214 αὐτῶν
1270 3160 1407 3233 μετὰ
1454 3162 1561 3215 τῶν
1589 3190 1631 3248 C

25 3244 140 3299 λλων
183 3249 287 3319 τὴν
332 3250 617 3321 ἀφήγησιν
664 3252 993 3323 ἐποιήσατο;
1043 3253 1181 3306 Ἀλλ’
1227 3253 1308 3306 ὅτι
1355 3253 1454 3324 μὲν
1499 3254 1561 3306 οὐ

26 3337 332 3401 υνέζευκται
365 3345 434 3413 τῇ
462 3345 653 3414 κτιστῇ
687 3343 845 3413 φύσει
873 3346 901 3397 6
934 3345 1063 3409 Υἱὸς
1105 3345 1286 3399 καὶτὸ
1317 3345 1561 3417 Πνεῦμα,

25 3427 81 3478 πὸ
127 3428 340 3484 τούτων
400 3433 497 3486 καὶ
543 3433 653 3487 τῶν
717 3435 973 3488 τοιούτων
1033 3437 1229 3490 ἰστέον.
1294 3438 1453 3508 Ἐνῆν
1505 3438 1563 3491 δέ

26 3520 319 3590 αραθέσθαι
371 3525 466 3577 καί
527 3543 679 3589 τινας
710 3527 875 3591 ἄλλας
919 3528 1174 3605 τοιαύτας
1218 3528 1565 3600 παμπληθεῖς

26 3616 278 3685 αρτυρίας
296 3633 314 3647 ·
350 3617 468 3670 ἀλλ’
498 3618 621 3671 ἐπεὶ
645 3619 783 3690 πρὸς
827 3621 1149 3693 Ἐκκλησίας
1173 3624 1307 3686 υἱεῖς
1338 3624 1367 3675 6
1385 3622 1561 3691 λόγος,

30 3706 108 3771 μῖν
146 3706 201 3759 δὲ
240 3710 269 3761 6
320 3710 530 3773 σκοπὸς
570 3711 659 3765 διὰ
713 3712 995 3784 συντόμων
1050 3717 1259 3781 εἰπεῖν,
1316 3715 1563 3786 ἀποχρῆν

27 3794 212 3867 γοῦμαι
240 3801 336 3854 καὶ
363 3801 434 3856 τὰ
457 3803 715 3875 ρηθέντα.

60 4058 105 4111 5.
154 4061 481 4121 ’Υπόλοιπον
510 4070 555 4124 δ’
590 4070 656 4124 ἂν
690 4074 775 4143 εἴη
809 4074 1080 4129 δεικνύναι
1105 4076 1235 4145 (58),
1266 4075 1341 4138 ὡς
1365 4080 1432 4149 τῇ
1459 4077 1563 4147 φύ-

25 4163 72 4202 τει
95 4156 154 4223 τῇ
192 4156 314 4229 θείᾳ
342 4162 373 4214 6
404 4159 528 4226 Υἱὸς
563 4165 917 4219 συντέτακται
951 4168 1047 4220 καὶ
1075 4167 1137 4221 τὸ
1176 4168 1418 4238 Πνεῦμα.
1454 4169 1565 4222 Καὶ

25 4243 193 4310 εριῖγτόν
219 4267 283 4318 γε
314 4254 413 4306 τοῦ
447 4257 808 4327 καιριωτάτου
852 4260 1249 4331 μνησθήσομαι.
1276 4261 1334 4313 '0
1364 4260 1565 4330 Κύριος

25 4336 141 4402 Ill-5"!
177 4340 385 4410 Ἰησοῦς
426 4348 680 4418 Χριστὸς,
709 4349 849 4420 μετὰ
880 4350 979 4421 τὴν
1006 4352 1069 4404 ἐκ
1094 4351 1303 4421 νεκρῶν
1326 4353 1563 4405 ἀνάστα-

25 4436 96 4484 τιν,
125 4426 218 4499 τὴν
264 4435 346 4497 είς
395 4436 623 4506 οὐρανὸν
647 4438 760 4509 (59)
794 4439 979 4492 ἄνοδον
1024 4440 1295 4493 ποιεῖσθαι
1330 4441 1560 4511 μέλλων,

1683 575 2015 645 inquiratur.
2048 572 2125 627 Ac
2156 573 2370 644 primus
2414 573 2635 643 quidem
2674 588 2776 628 nos
2810 572 2977 629 David
3013 577 3257 631 edoceat.

1680 668 1732 724 ls
1760 667 1906 723 enim
1940 667 2199 737 hymnum
2228 680 2295 721 ex
2326 666 2601 721 universis
2619 665 2783 720 rebus
2817 665 3016 719 creatis
3046 666 3262 719 univer-

1682 774 1869 816 sorum
1915 756 2024 812 Deo
2053 771 2410 827 componens,
2442 756 2649 819 omnia,
2692 770 2811 825 qua:
2846 755 2902 808 in
2938 756 3078 809 caelo
3109 762 3257 821 sunt,

1681 851 2086 921 complectitur,
2146 865 2210 903 ac
2266 864 2493 912 omnes,
2525 864 2647 917 quae
2686 848 2742 902 in
2799 849 2975 915 cmlo,
3030 849 3262 903 virtutes

1681 948 1988 1003 enumerat,
2026 946 2339 1008 terramque
2374 938 2629 994 similiter
2674 944 2728 993 et
2761 938 2944 991 omnia
2972 978 2987 1001 ,
3035 953 3156 1007 qua:
3206 939 3261 990 in

1680 1049 1763 1096 ea,
1788 1040 2073 1098 recenset;
2105 1041 2160 1084 at
2194 1032 2249 1085 in
2282 1031 2385 1084 hac
2424 1028 2763 1083 laudantium
2793 1029 3111 1083 celebritate
3154 1044 3261 1082 non

1680 1126 1844 1183 simul
1869 1122 2288 1194 comprehendit
2326 1122 2525 1177 Filium
2567 1130 2623 1177 et
2667 1119 2932 1191 Spiritum
2975 1128 3261 1183 sanctum;

1679 1217 1941 1271 nimirum
1969 1224 2031 1269 ut
2055 1230 2176 1268 cum
2210 1224 2408 1267 natura
2439 1214 2627 1268 divina
2665 1212 3016 1282 conjunctos.
3050 1210 3185 1264 Nam
3214 1211 3262 1263 si

1677 1326 1745 1366 ex
1773 1317 1957 1363 creata
1991 1307 2229 1362 essentia
2283 1322 2407 1361 esse
2457 1306 2751 1369 scivisset,
2809 1320 2918 1359 non
2971 1318 3067 1359 eos
3112 1304 3261 1356 solos

1678 1402 2051 1458 innominatos
2103 1399 2579 1470 prtetermisisset;
2618 1413 2757 1467 quos
2791 1396 3009 1466 quidem
3052 1394 3259 1464 primos

1676 1502 1731 1549 et
1761 1492 2006 1548 omnium
2040 1492 2268 1544 aliarum
2306 1490 2539 1545 maxime
2566 1489 2851 1553 virtutum,
2879 1488 3076 1541 merito
3100 1502 3257 1540 com-

1676 1591 2054 1641 memorasset.
2088 1583 2206 1638 Non
2233 1582 2556 1637 absimiliter
2584 1590 2637 1635 et
2683 1582 2874 1636 beatus
2901 1579 3102 1635 Paulus
3133 1579 3258 1648 igne

1675 1678 1862 1733 divino
1884 1684 2201 1746 correptus,
2253 1674 2683 1744 ﬂagrantemque
2712 1687 2840 1741 erga
2870 1670 3040 1726 Deum
3074 1669 3256 1723 chari-

1676 1777 1842 1825 tatem
1873 1769 2170 1825 ostendens
2200 1782 2264 1820 ac
2297 1766 2501 1820 amoris
2534 1764 2889 1819 stabilitatem
2930 1762 3251 1826 testiﬁcans,
3336 1792 3360 1820 ι

1604 1837 1645 1895 Β
1675 1864 1758 1918 sic
1805 1863 1927 1918 ait:
1977 1860 2122 1915 Nam
2158 1870 2329 1915 certus
2372 1876 2490 1914 sum
2534 1859 2659 1929 quia
2695 1873 2854 1926 neque
2902 1856 3042 1919 vita,
3096 1871 3257 1923 neque

1671 1958 1898 2010 mundus
1922 1996 1936 2020 ,
1982 1971 2144 2024 neque
2174 1969 2339 2017 mors,
2388 1968 2547 2022 neque
2589 1950 2783 2020 angeli,
2816 1965 2977 2017 neque
3002 1948 3218 2001 virtutes
3237 1986 3254 2011 ,

1669 2067 1834 2121 neque
1875 2050 2244 2118 principatus,
2292 2063 2454 2117 neque
2499 2045 2819 2106 instantia,’
2843 2059 3003 2112 neque
3048 2041 3256 2110 futura,

1670 2160 1831 2213 neque
1858 2142 2108 2207 altitudo,
2134 2156 2294 2211 neque
2315 2137 2659 2207 profundum,
2690 2152 2851 2205 neque
2870 2144 3115 2187 creatura
3145 2133 3255 2185 alia

1668 2236 1860 2303 poterit
1903 2251 1996 2288 nos
2052 2248 2306 2301 separare
2349 2248 2382 2284 a
2438 2229 2698 2283 charitate
2758 2226 2881 2289 Dei,
2912 2242 3028 2295 qua:
3070 2232 3147 2278 est
3200 2225 3255 2276 in

1670 2325 1882 2383 Christo
1927 2324 2058 2379 Jesu
2107 2324 2340 2377 Domino
2399 2331 2579 2376 nostro
2602 2320 2642 2373 ’⁵.
2699 2317 2888 2372 Itidem
2940 2332 3174 2385 namque
3200 2323 3255 2370 et

1669 2422 1809 2491 ipse,
1838 2427 2128 2490 postquam
2150 2416 2493 2473 enumeravit
2536 2421 2590 2468 et
2619 2412 2883 2467 mundum
2924 2418 2977 2464 et
3007 2410 3170 2463 vitam
3199 2415 3254 2463 et

1669 2521 1902 2568 mortem
1931 2518 1987 2566 et
2017 2509 2241 2579 angelos
2266 2517 2321 2563 et
2356 2507 2699 2578 principatus
2731 2511 2785 2559 et
2831 2508 3133 2574 potestates
3152 2543 3166 2567 ,
3196 2507 3253 2555 et

1668 2611 1931 2675 praeterea
1974 2602 2241 2656 instantia
2283 2608 2336 2654 et
2371 2599 2587 2662 futura,
2642 2595 2990 2650 altitudinem
3026 2601 3079 2648 et
3127 2608 3254 2661 pro-

1667 2694 1930 2759 fundum;
1961 2693 2090 2763 quia
2116 2690 2251 2745 nihil
2281 2691 2339 2745 in
2368 2696 2554 2744 creata
2581 2696 2778 2742 natura
2804 2686 3073 2755 reliquum
3108 2684 3255 2738 inve-

1664 2788 1891 2850 niebat;
1908 2793 2072 2856 atque
2120 2784 2299 2839 adhuc
2324 2780 2671 2837 exclamandi
2716 2790 2879 2848 atque
2924 2773 3251 2831 testiﬁcandi

1667 2880 1864 2935 ardore
1891 2879 2183 2934 tenebatur
2204 2918 2217 2941 ,
2255 2874 2674 2945 exaggerationc
2709 2870 2947 2941 quadam
2979 2876 3160 2930 utens,
3198 2874 3253 2920 et

1665 2983 1968 3026 creaturam
2024 2971 2189 3024 aliam
2241 2967 2519 3028 inferens,
2573 2978 2883 3019 sermonem
2937 2959 3247 3029 complevit.

1663 3062 1803 3117 Num
1834 3063 2000 3133 igitur
2023 3061 2117 3131 qui
2152 3059 2303 3115 verbi
2343 3056 2637 3129 hyperbole
2678 3052 3116 3107 immobililatem
3164 3048 3251 3103 sui

1665 3155 1721 3210 in
1752 3154 1923 3210 Deum
1961 3154 2167 3207 amoris
2197 3160 2431 3208 testatus
2472 3156 2594 3211 est,
2637 3147 2684 3203 si
2722 3145 2956 3201 condita:
2999 3144 3251 3198 essentia!

1665 3262 1789 3303 esse
1816 3246 2061 3301 novisset
2095 3242 2294 3297 Filium
2326 3250 2377 3297 et
2417 3240 2681 3311 Spiritum
2705 3279 2719 3301 ,
2762 3252 2873 3291 non
2912 3237 3060 3306 ipsos
3088 3237 3251 3290 etiam

1668 3354 1776 3393 una
1827 3353 1952 3392 cum
2006 3336 2128 3390 aliis
2183 3331 2712 3389 commemorasset?
2748 3328 2909 3401 423
2959 3326 3064 3381 Sed
3102 3326 3251 3380 enim

1666 3429 1865 3484 Filium
1888 3435 1942 3483 et
1974 3426 2239 3497 Spiritum
2264 3432 2517 3480 sanctum
2545 3438 2653 3475 non
2673 3436 2794 3474 esse
2817 3426 3013 3473 creatae
3042 3424 3253 3471 natura:

1666 3521 2029 3591 coniunctos,
2061 3504 2251 3573 ex'his
2306 3522 2472 3585 atque
2512 3514 2635 3568 aliis
2690 3509 3028 3581 ejuscemodi
3088 3523 3252 3563 nosse

1664 3613 1815 3668 licet.
1849 3613 1927 3666 Ac
1958 3611 2257 3683 potuissem
2304 3608 2523 3677 quidem
2554 3613 2610 3660 et
2642 3604 2749 3657 alia
2793 3602 3039 3671 quaedam
3085 3600 3253 3669 hujus

1664 3706 1886 3777 generis
1916 3704 2155 3775 plurima
2182 3701 2382 3757 addere
2409 3697 2755 3761 testimonia;
2786 3709 2995 3756 verum,
3024 3708 3152 3747 cum
3180 3690 3251 3747 ad

1665 3797 1926 3853 Ecclesiae
1948 3796 2090 3850 ﬁlios
2122 3794 2287 3849 verba
2323 3791 2609 3855 faciamus,
2637 3795 2692 3842 et
2717 3786 3056 3857 propositum
3088 3783 3250 3839 nobis

1666 3891 1739 3945 sit
1770 3904 1885 3944 rem
1929 3889 1986 3942 in
2027 3900 2203 3957 pauca
2235 3882 2507 3946 conferre,
2555 3881 2692 3936 satis
2724 3894 2882 3942 esse,
2938 3892 3060 3948 quae
3100 3875 3252 3931 dictt

1664 3987 1817 4043 sunt,
1842 3985 1994 4043 puto.

1738 3994 1817 4043 nt,
1880 3994 1994 4033 uto.

1738 4072 1793 4127 5.
1836 3994 1963 4124 gres
1994 4080 2228 4137 personae
2258 4063 2314 4117 in
2336 4060 2597 4129 baptismo
2615 4068 2662 4113 et
2684 4055 3107 4125 sanctiﬁcatione
3128 4054 3249 4106 ani.

1663 4178 1874 4218 marum
1904 4165 2269 4213 numerantur.
2293 4183 2363 4194 —-
2387 4151 2578 4206 Restat
2610 4165 2771 4220 porro
2793 4159 2851 4202 ut
2867 4144 3244 4207 ostendamus,

1664 4271 1788 4312 cum
1821 4252 2005 4308 divina
2041 4258 2237 4303 natura
2268 4246 2459 4300 ordine
2489 4242 2680 4298 eodem
2730 4241 2967 4311 positum
3010 4252 3131 4292 esse
3156 4234 3246 4288 Fi-

1663 4350 1797 4403 lium
1850 4352 1904 4401 et
1960 4342 2227 4413 Spiritum
2264 4345 2541 4392 sanctum.
2570 4336 2637 4388 Et
2681 4334 2915 4404 primum
2952 4330 3071 4398 ejus
3099 4326 3243 4396 quod

1663 4437 1901 4495 maxime
1945 4434 2011 4487 ad
2049 4448 2164 4487 rem
2216 4429 2473 4499 pertinet,
2506 4425 2678 4480 divini
2734 4420 2979 4490 responsi
3014 4418 3245 4472 inferam

25 4513 87 4566 ιαὶ
114 4519 205 4590 τὴν
234 4524 340 4577 τῶν
372 4527 539 4581 ἐθνῶν
573 4530 890 4601 μαθητείαν,
915 4533 1009 4585 καὶ
1028 4532 1128 4602 τὴν
1146 4531 1241 4585 τοῦ
1264 4533 1551 4603 βαπτίσμα·

1726 4531 2021 4585 cntionem.
2069 4524 2332 4577 Dominus
2368 4527 2555 4574 noster
2586 4515 2747 4571 Jesus
2783 4513 3057 4573 Christus,
3095 4515 3248 4579 post-

25 4618 84 4669 ςος
110 4609 319 4687 διδαχὴν
360 4620 486 4683 τοὺς
529 4622 858 4688 ἀποστόλους
883 4624 1172 4677 ἐπαίδευσε
1204 4623 1380 4693 λέγων
1415 4624 1555 4697 (40)⁶

70 4747 91 4779 ⁸
115 4748 263 4808 Rom.
292 4772 411 4811 vm.

76 4882 175 4962 (ξε)
208 4889 445 4962 ίΎμνον
474 4893 582 4962 γὰρ
614 4898 811 4962 οὐτος.
847 4890 945 4962 δίο
971 4891 1172 4961 legitur
1199 4889 1287 4943 hic
1321 4890 1477 4945 locus
1506 4890 1562 4962 in

25 4950 61 5005 I.
88 4950 525 5036 (ἰοὶε›1.;’ξ⁹Υι.ι.νόν⁸
541 4950 863 5036 ’γᾴρ-οὗτος
898 4950 1290 5036 ᾗτε-ὁλοκλήρου
1324 4961 1564 5036 τῆςλιτί-

25 5036 136 5141 3:3);
159 5031 362 5097 συνθεὶς
390 5031 469 5104 τῷ
500 5031 651 5105 Θεῷ]
679 5033 853 5087 Habet
887 5033 1054 5088 C'oisl.
1095 5031 1130 5084 2
1165 5031 1244 5102 τῷ
1279 5031 1389 5084 τῶν
1426 5031 1563 5084 ὅλων

59 5108 136 5147 εω.

80 5165 178 5244 (ζῆ)
214 5172 396 5244 Mora.
430 5174 599 5244 Coisl.
630 5172 665 5225 2
692 5171 1037 5244 μόνονκιὺὶἀ.
1071 5170 1313 5227 Clarom.
1342 5171 1378 5224 2
1404 5164 1479 5224 ὧν
1500 5188 1560 5224 τε

28 5242 226 5314 πρῶτον.
258 5242 345 5299 Sic
369 5249 531 5299 etiam
561 5242 703 5314 Reg.
732 5246 752 5295 l
786 5242 923 5314 et2.

224 5313 396 5391 ρῦτω.
443 5305 682 5391 Claro";
723 5314 760 5367 2
798 5312 989 5378 οὓτως.
1027 5313 1151 5368 Mox
1195 5312 1319 5366 οὔτε
1358 5312 1563 5384 κόσμος

29 5382 135 5455 non_
148 5378 329 5455 legitur
358 5387 497 5455 apud
528 5384 780 5439 Paulum.

91 5444 323 5515 (ὅθ-Καὶ
369 5444 681 5527 ἀγγέλους,
727 5455 868 5527 Edin
899 5452 1108 5527 addunt
1144 5453 1246 5527 καὶ
1286 5453 1562 5525 ἀρχαγγέ-

34 5507 271 5595 pnus
299 5507 1025 5595 mas'u's'aesanna'Reg;i
1052 5507 1108 5580 et
1134 5524 1171 5595 2
1191 5564 1206 5587 .
1242 5532 1296 5579 et
1326 5507 1560 5595 ‘u'iréq'ue

37 5578 418 5667 goilequoruin
436 5578 497 5651 ii.
529 5578 704 5666 primo
722 5578 1095 5667 legitur‘iﬁd‘t
1122 5578 1369 5667 θάίθατονν
1396 5578 1562 5667 ἀγλέ·

174 5661 257 5714 καὶ
296 5660 549 5738 δυνάμεις
585 5668 680 5721 καὶ
716 5660 925 5739 ἀρχὰς,
958 5664 1089 5736 ὕψος
1126 5665 1310 5735 μέντοι
1338 5660 1562 5735 χαλβά-

103 5791 196 5865 (35)
237 5802 631 5876 Ἐπιιδξρωσεν.
668 5806 745 5863 ita
784 5807 946 5867 iidem
981 5814 1215 5880 quatuor
1244 5821 1377 5865 mss.
1415 5802 1557 5862 Editi

1666 4638 1830 4696 quam
1888 4636 1920 4674 a
1974 4615 2207 4673 mortuis
2259 4610 2583 4677 resurrexit,
2635 4610 2691 4663 in
2744 4607 2915 4662 caelos
2966 4603 3248 4659 rediturus

1669 4908 1816 4944 πεπΑ
1862 4909 2023 4963 ρωκε.

1741 4909 1855 5032 (ὅθ’)
1894 4964 2035 5030 Περὶ
2068 4963 2174 5016 τὸν
2207 4962 2375 5015 Θεόν.
2394 4955 2646 5032 Αϐοἰειηὲ
2673 4954 2812 5032 πρὸς
2842 4949 3110 5032 τὸνθεόν.

1744 5017 1856 5105 (57';
1901 5017 2241 5105 Ἦὲτίστατο.
2274 5032 2349 5086 Ita
2377 5017 2952 5105 gqjs1._i._nbg;i__et
2987 5022 3042 5086 ε,
3089 5028 3141 5076 et
3172 5017 3241 5076 ιι.

1676 5095 1989 5171 Stephanus
2018 5105 2082 5158 ad
2114 5104 2341 5157 calcem.
2376 5099 2513 5152 Editi
2545 5098 2810 5171 ὑπάρχειν
2836 5095 2973 5171 ⁴ὕδει.

1744 5159 1855 5245 (58)
1895 5176 2225 5245 Δεικνύναι.
2268 5170 2539 5245 Sichahet
2758 5165 2792 5217 2
2817 5159 3243 5245 :"I_En‘t'6'e'tx\t~6vat

1670 5230 1851 5315 ὡς’τῇ
1873 5244 1992 5315 θείᾳ
2025 5243 2182 5314 φύσει
2214 5241 2565 5315 συντέτακται
2594 5240 2621 5291 6
2648 5237 2774 5315 Υἱὸς
2803 5234 2895 5315 καὶ
2916 5230 3239 5315 τὸιΠνεῦμα.

1682 5301 1741 5367 ’ό
1763 5301 1855 5370 οῦν
1872 5301 2093 5385 Κύριός,
2118 5313 2257 5385 μετὰ
2285 5312 2379 5385 τὴν
2410 5314 2476 5385 ἐκ
2508 5308 2715 5385 Έκρῶν
2735 5304 3049 5385 ᾁνάσταξίν,
3080 5301 3244 5385 φησιν

1668 5369 1813 5454 πρὸς
1831 5369 2178 5448 τοὺς’ἐαυτοῦ
2214 5369 2478 5455 90.01316;-
2513 5369 2893 5451 Πορευθέντες.
2926 5373 3057 5441 Reg.
3078 5372 3103 5424 1
3134 5369 3187 5424 et
3208 5369 3246 5422 2

1669 5455 2054 5509 ἐπιδεικνύναι.

1677 5473 2054 5510 επιοεικνυναι.

1740 5527 1853 5595 (59)
1893 5529 1996 5591 Εὶς
2040 5524 2317 5595 οὐρανόν.
2380 5520 2456 5575 ita
2508 5518 2728 5576 codices
2775 5530 2910 5571 mss.
2961 5511 3244 5567 Editiones

1667 5593 2094 5651 Crateri-Latina:
2124 5596 2181 5665 ἐν
2210 5594 2268 5647 οὐ
2279 5595 2479 5665 parvolis.

1878 5647 2306 5750 ﬂigipgesi
2334 5663 2400 5750 in;
2418 5647 2553 5750 Iieg.
2589 5659 2702 5750 imet
2734 5652 3154 5750 ὶξέηςιιειτοηι.
3180 5647 3250 5713 23

1668 5724 1851 5796 Coisl:
1878 5737 1914 5792 2
1969 5724 2093 5793 mox
2124 5734 2287 5792 habet
2318 5734 2411 5788 καὶ
2438 5724 2742 5804 Κόρινθίοις
2772 5724 3017 5797 γράφων.
