3654 6508
36 352 75 406 il
88 352 115 404 7
1008 349 1376 406 EXPOSITIO
1410 350 1664 406 ΒΕΟΤᾸΞ
1698 351 2215 407 CONF’ESSIONIS.

3107 355 3247 411 1218

36 466 74 516 ιὶ
114 462 230 516 Υἱοῦ
282 464 377 517 xui
432 465 761 538 Πνεῦματος
807 466 1016 521 ἔννοιαν
1060 467 1409 539 παραδιδούς.
1442 469 1542 522 Καὶ

1706 470 1939 533 piritum,
1982 470 2077 525 sed
2112 468 2243 523 Filii
2270 471 2375 534 sui,
2410 485 2558 525 nunc
2605 469 2825 540 quidem
2868 469 3019 523 illum
3052 471 3250 538 adjun-

35 557 136 608 λέπε
161 555 260 625 (52)
293 556 393 626 τῆς
430 558 617 629 ἄκρας
658 560 949 629 συναφείας
976 559 1093 623 πῶς
1117 560 1299 629 τίθησι
1324 561 1393 614 τὰ
1418 576 1558 627 γνω-

35 649 230 715 ίσματα·
285 649 347 700 οὐ
398 650 513 720 γὰρ
564 651 751 714 ἁπλῶς
798 648 971 710 εἶπεν.
1019 652 1470 716 Ἑξαπέστειλεν
1523 654 1555 705 ό

36 740 117 804 req
152 739 212 791 τὸ
250 741 523 808 Πνεῦμα,
560 743 695 796 ἀλλὰ
735 744 841 797 τοῦ
876 744 1012 797 Υὶοῦ
1051 744 1237 798 αὐτοῦ
1265 743 1407 814 (55)·
1462 742 1557 796 νῦν

36 833 79 884 ὲν
102 833 216 884 αὐτὸ
242 836 538 889 συνάπτων
568 836 703 907 Υίῷ,
738 838 831 890 νῦν
854 837 909 890 δὲ
938 838 1263 908 προσνέμων
1295 838 1472 909 Πατρὶ
1499 839 1558 891 ὲν

36 919 62 986 7;
102 940 271 993 φησιν’
314 927 506 996 Ὑμεῖς
564 928 633 981 δὲ
686 931 757 982 οὐ
795 930 860 981 τὸ
900 930 1136 998 πνεῦμα
1175 930 1281 982 τοῦ
1324 930 1557 997 κόσμου

36 1018 403 1079 λάϐετε,ἀλλὰ
462 1021 535 1074 τὸ
585 1022 828 1091 Πνεῦμα
879 1021 946 1074 τὸ
994 1023 1063 1075 ἐκ
1112 1022 1261 1075 Θεοῦ
1300 1022 1399 1073 καὶ
1444 1025 1559 1074 Πα-

36 1111 104 1174 κτς
123 1110 247 1179 (54)·
282 1112 378 1163 xui
406 1114 579 1166 πάλιν
605 1113 700 1166 τοῦ
736 1113 863 1167 Υἱοῦ
900 1114 1061 1167 αὑτοῦ
1087 1114 1152 1167 τὸ
1176 1114 1419 1183 Πνεῦμα
1444 1112 1556 1180 τῆς

36 1207 237 1270 ληθείας
261 1205 584 1270 καλοῦντος,
619 1206 804 1278 ἐπειδὴ
829 1208 990 1271 αὑτός
1030 1210 1177 1261 ἐστιν
1220 1210 1253 1278 ὴ
1286 1206 1546 1277 άλήθεια’

1662 578 1796 632 gens
1828 560 1966 615 Filio
1991 605 2005 629 ,
2041 577 2189 616 nunc
2225 578 2356 617 vero
2401 564 2709 617 attribuens
2754 561 2925 625 Patri,
2958 561 3087 615 dum
3124 564 3199 616 ait
3229 582 3246 620 :

1672 656 1773 709 Vos
1814 672 1931 710 vero
1981 672 2083 708 non
2128 656 2374 724 spiritum
2405 655 2587 708 mundi
2614 656 2913 720 accepistis,
2951 658 3044 707 sed
3075 653 3251 707 Spiri-

1661 756 1771 799 tum
1815 749 1905 816 qui
1954 756 2032 801 est
2080 763 2144 800 ea:
2189 747 2299 802 Deo
2329 758 2378 802 et
2412 748 2666 801 Patre“;
2696 763 2759 801 ac
2807 763 3026 800 rursum
3076 744 3250 801 Filius

1661 841 1778 910 ipse
1807 840 2063 909 Spiritum
2088 842 2323 895 veritatis
2354 849 2533 906 vocat,
2566 856 2691 894 eum
2729 841 2845 910 ipse
2878 842 2949 893 sit
2980 838 3197 893 Veritas
3232 858 3245 892 :

1660 940 1716 985 ot
1763 930 1943 985 Patris
1996 932 2122 986 item
2161 931 2425 1001 Spiritum
2478 947 2602 984 esse
2627 930 2785 984 docet
2812 951 2824 984 :
2854 929 3007 995 Quod
3036 931 3180 983 enim
3216 946 3249 981 a

1662 1019 1825 1073 Patre
1846 1022 2161 1090 procedit".
2195 1023 2258 1074 Et
2288 1021 2490 1090 ubique
2524 1037 2750 1090 prorsus
2782 1028 2995 1075 tuentes
3024 1029 3247 1075 nostras

1659 1110 1856 1167 divina:
1894 1114 2222 1167 conﬁrmant
2260 1114 2473 1176 litterae,
2504 1122 2561 1165 ut
2603 1113 2956 1167 iudiseretam
2990 1111 3056 1166 de
3086 1111 3248 1167 Patre
3325 1136 3337 1149 ~

1661 1213 1715 1259 et
1747 1204 1885 1259 Filio
1911 1217 1965 1261 et
1993 1206 2201 1276 Spiritu
2235 1214 2426 1261 sant-to
2464 1206 2809 1261 obtineamus
2850 1206 3150 1259 notionem.

35 1296 69 1347 ιί
86 1292 217 1358 αὖθις
233 1298 325 1349 τοῦ
347 1298 574 1370 Πατρὸς
592 1296 730 1353 εἶναι
745 1299 1103 1365 διδάσκοντος
1131 1304 1191 1353 "0
1208 1302 1317 1371 γὰρ
1331 1300 1489 1369 παρὰ
1507 1300 1612 1353 τοῦ
1630 1299 1859 1366 Πατρὸς
1874 1300 2271 1368 ἐκπορεύεται·
2292 1300 2383 1354 xui
2398 1299 2484 1352 διὰ
2502 1301 2716 1352 πάντων
2732 1299 3247 1368 άπλῶςβεὸαιούσης

36 1392 98 1457 μίν
111 1391 195 1459 τῆς
211 1389 356 1453 θείας
374 1392 608 1462 Γραφῆς
622 1393 721 1463 τὴν
750 1393 1006 1455 διάνοιαν,
1026 1392 1325 1464 ἀχώριστον
1349 1394 1476 1467 περὶ
1495 1392 1705 1463 Πατρὸς
1719 1392 1811 1444 xui
1830 1392 1961 1445 Υἱοῦ
1982 1395 2073 1446 xui
2085 1394 2238 1461 ἁγίου
2256 1394 2394 1447 Πνεύ
2403 1411 2569 1463 ματος
2588 1392 2883 1463 κεκτῆσθαι
2901 1394 2997 1462 τὴν
3016 1391 3244 1444 ἔννοιαν.

51 1482 91 1534 6.
138 1482 402 1534 auo-sat
430 1483 540 1553 τῆς
565 1484 660 1535 τοῦ
687 1484 886 1547 παντὸς
917 1484 1273 1555 δημιουργίας
1299 1483 1431 1536 Υἱοῦ
1461 1484 1553 1536 καὶ

36 1576 268 1644 νεύματος
298 1576 400 1647 τὴν
435 1577 730 1648 ἐνέργειαν
766 1578 1176 1648 κεχωρισμένην
1214 1576 1307 1629 τοῦ
1340 1576 1554 1647 Πατρός

34 1669 179 1721 5θεῖον
204 1668 349 1738 ἡμᾶς
382 1669 683 1723 ἐπαίδευσε
711 1669 908 1739 λόγιον.
935 1671 1044 1723 Kui
1067 1670 1256 1723 τούτου
1285 1686 1366 1722 σοι
1387 1669 1552 1722 Δαϐὶδ

1732 1480 1787 1535 6.
1832 1480 1914 1535 Ne
1952 1485 2008 1535 in
2047 1484 2312 1536 creatione
2340 1485 2548 1554 quidem
2580 1492 2828 1551 separata
2860 1500 2891 1534 a
2923 1482 3087 1537 Patre
3115 1480 3248 1535 Filii

1658 1583 1707 1627 et
1761 1573 1996 1643 Spiritus
2045 1576 2404 1644 operatio.—-
2477 1574 2765 1629 Enimvero
2822 1593 2890 1632 ne
2928 1578 2981 1631 in
3031 1577 3250 1647 opiﬁcio

1657 1654 1877 1734 quidem
1923 1664 2301 1721 universitatis
2335 1664 2520 1735 hujus,
2562 1674 2869 1734 separatam
2905 1682 2934 1718 a
2965 1665 3124 1719 Patre
3160 1664 3252 1720 Fi-

34 1761 75 1813 δέ
96 1779 195 1823 πως
216 1761 393 1829 λέγων
420 1762 670 1830 γινέσθω
692 1762 1007 1826 διδάσκαλος
1025 1779 1038 1792 ⁸
1068 1761 1174 1817 Καὶ
1201 1760 1282 1814 σὺ
1310 1761 1434 1815 κατ’
1460 1762 1542 1828 ἀρ.

1706 1759 1714 1811 ι
1758 1766 1813 1813 et
1856 1756 2097 1828 Spiritus
2136 1759 2314 1813 sancti
2356 1759 2729 1828 Operationem
2777 1758 2968 1821 fuisse,
3001 1759 3249 1814 divinum

34 1854 99 1916 ὰς,
123 1853 305 1919 Κύριε,
334 1852 457 1919 τὴν
492 1851 615 1922 γῆν
653 1854 1072 1923 ἐθεμελίωσας,
1118 1853 1215 1905 καὶ
1253 1852 1398 1922 ἔργα
1434 1851 1552 1905 τῶν

34 1942 169 2011 ειίηῶν
180 1944 288 1997 σού
306 1947 473 1998 εἰσιν
492 1949 549 1998 οἱ
571 1949 817 2014 οὐρανοί
824 1965 837 1977 °
858 1947 1193 2017 συνειληφὼς
1212 1947 1309 2017 μὲν
1340 1947 1427 2000 διὰ
1451 1947 1549 2017 τῆς

33 2036 70 2088 r3
84 2037 281 2103 Kvplov
307 2038 599 2108 σημασίας
628 2040 720 2091 xui
753 2040 846 2092 τὸν
872 2040 1092 2111 Πατέρα
1109 2040 1202 2093 xui
1223 2040 1348 2092 Υίὸν
1373 2041 1467 2093 xui
1489 2040 1550 2092 τὸ

33 2127 179 2197 [νεῦμα
199 2145 212 2158 ·
245 2129 403 2183 οὐδὲν
429 2126 603 2203 ἦττον
637 2133 692 2185 δὲ
734 2133 819 2186 διὰ
850 2134 975 2197 τοὺς
1006 2132 1327 2204 ἀγνώμονας
1354 2134 1447 2185 καὶ
1482 2133 1548 2203 τῇ

34 2219 395 2291 ιτὰτρόσωπον
417 2225 779 2295 χρησάμενος
794 2226 1076 2297 διαιρέσει,
1097 2228 1154 2279 ὲν
1180 2221 1260 2291 οἷς
1287 2243 1438 2298 φησιν
1468 2225 1553 2291 Τῷ

34 2312 120 2379 om
153 2313 369 2379 Κυρίου
412 2316 470 2367 οἱ
518 2315 765 2381 οὐρανοὶ
804 2314 1275 2384 ἐστερεώθησαν,
1317 2318 1413 2369 καὶ
1472 2315 1552 2382 τῷ

33 2402 246 2469 ῐνεύματι
288 2403 399 2455 τοῦ
432 2405 743 2472 στόματος
787 2405 974 2459 αὐτοῦ
1023 2404 1190 2460 πᾶσα
1220 2408 1258 2475 ἡ
1298 2406 1551 2476 δύναμις

34 2494 329 2550 ὑπνῶν-,Ἀλλ’
363 2494 494 2549 οὐδὲ
542 2499 645 2569 τῆς
695 2497 790 2551 τοῦ
843 2499 1057 2569 Πατρὸς
1106 2499 1350 2565 ἐξουσίας
1396 2500 1552 2553 ἐλατ-

33 2584 173 2641 ιῦσῡαι
200 2590 288 2644 τὸν
315 2592 450 2644 Υίὸν
479 2591 577 2644 xui.
601 2590 663 2644 τὸ
688 2591 935 2663 Πνεῦμα,
957 2591 1107 2664 παρὰ
1126 2592 1227 2664 τῆς
1248 2592 1397 2656 θείας
1420 2593 1457 2644 Γ
1465 2610 1552 2665 ρα-

34 2676 83 2746 5;;
105 2680 489 2754 μεμαθήκαμεν
510 2700 525 2712 ο
564 2684 660 2736 xui
706 2683 844 2747 πῶς,
872 2684 1034 2737 ἄκουε
1060 2684 1153 2736 τοῦ
1187 2684 1513 2755 γράμματος
1532 2702 1548 2717 ο

34 2770 130 2822 vos
164 2773 302 2840 Θεὸς
347 2773 547 2843 ἡμῶν,
585 2776 772 2846 φησιν,
798 2776 869 2827 ἐν
905 2774 985 2841 τῷ
1022 2773 1255 2842 οὐρανῷ
1305 2775 1400 2829 καὶ
1452 2776 1550 2829 ἐπὶ

34 2858 84 2927 ἧς
103 2864 217 2933 (.55)-
244 2865 447 2921 πάντα
473 2867 598 2920 ὅσα
618 2867 921 2934 ἠθέλησεν
941 2868 1210 2933 ἐποίησε.
1239 2866 1409 2920 Τοῦτο
1425 2869 1553 2939 περὶ

34 2953 72 3005 οὗ
93 2957 278 3028 Πατρός
308 2961 336 3011 6
362 2959 538 3014 Au6l8
562 2976 717 3029 φησι.
745 2960 963 3031 Ταύτην
989 2961 1016 3013 6
1049 2960 1181 3023 Υἱὸς
1220 2960 1433 3024 δεικνὺς
1459 2963 1551 3015 ἐπὶ

34 3046 73 3099 [οῦ
105 3048 283 3121 λεπροῦ
315 3053 419 3124 τὴν
456 3052 734 3117 ἐξουσίαν,
774 3053 956 3117 Θέλω,
992 3053 1155 3124 φησί·
1193 3056 1553 3124 καθαρίσθη-

1656 1866 1756 1906 nos
1785 1851 1947 1906 docet
1971 1859 2278 1907 oraculum.
2311 1852 2486 1921 Hujus
2519 1854 2594 1906 rei
2630 1852 2726 1906 tibi
2749 1852 2913 1906 David
2938 1854 3127 1908 doctor
3152 1856 3246 1919 sit,

1656 1941 1729 1995 ita
1772 1942 2004 1997 dicens:
2040 1942 2204 1998 Initio
2231 1954 2308 2007 tu,
2346 1943 2593 2008 Domine,
2640 1954 2836 1997 terram
2882 1945 3144 2013 fundasti,
3197 1956 3248 2001 et

1653 2050 1812 2102 opera
1841 2052 2093 2089 manuum
2119 2046 2331 2089 tuarum
2355 2045 2480 2090 sunt
2510 2036 2627 2088 caeli
2647 2035 2709 2090 ¹’⁸.
2741 2035 3072 2105 Complexus
3099 2037 3247 2091 enim

1653 2134 1737 2182 est
1770 2142 1868 2197 per
1889 2126 2108 2181 Domini
2137 2128 2585 2198 appellationem,
2619 2125 2837 2181 Patrem
2868 2135 2923 2182 et
2950 2126 3147 2181 Filium
3192 2136 3248 2182 et

1656 2218 1924 2289 Spiritum
1951 2228 2238 2285 sanctum;
2270 2228 2325 2273 et
2354 2218 2716 2274 nihilominus
2749 2228 2972 2289 propter
2999 2221 3247 2291 ingratos

1653 2326 1789 2365 usus
1815 2320 1900 2366 est
1930 2313 2095 2366 etiam
2138 2326 2500 2381 personarum
2552 2311 2927 2374 distinctione,
2961 2327 3085 2365 cum
3120 2312 3194 2365 ait
3226 2331 3241 2367 :

1664 2402 1830 2456 Verbo
1863 2403 2075 2457 Domini
2109 2405 2228 2457 caeli
2270 2404 2475 2471 ﬁrmati
2510 2413 2653 2465 sunt,
2694 2413 2742 2457 et
2788 2402 2991 2472 Spiritu
3022 2405 3130 2457 oris
3160 2405 3245 2457 sui

1654 2496 1823 2549 omnis
1871 2496 2036 2549 virtus
2084 2496 2402 2564 ipsorum”.
2447 2494 2592 2561 Quin
2644 2503 2699 2550 et
2747 2494 2929 2550 Patris
2975 2503 3246 2565 potestate

1653 2604 1764 2643 non
1796 2589 2111 2644 inferiorem
2146 2604 2271 2643 esse
2300 2586 2499 2642 Filium
2529 2596 2583 2643 et
2610 2586 2877 2657 Spiritum
2910 2598 3188 2653 sanctum,
3212 2606 3245 2644 e

1654 2683 1837 2736 divina
1869 2682 2167 2736 didicimus
2199 2680 2522 2751 Scriptura:
2547 2695 2786 2750 quonam
2818 2697 2948 2736 vero
2975 2682 3028 2736 id
3057 2684 3240 2744 modo,

1653 2789 1772 2829 eam
1810 2775 1983 2843 ipsam
2012 2774 2138 2828 audi
2172 2792 2185 2828 :
2214 2773 2353 2827 Deus
2378 2784 2554 2826 autem
2585 2782 2782 2834 noster,
2810 2774 3006 2843 inquit,
3039 2775 3093 2827 in
3115 2776 3243 2828 cazlo

1652 2874 1701 2921 et
1750 2867 1804 2919 in
1860 2876 2001 2919 terra
2034 2879 2054 2917 :
2087 2864 2266 2919 omnia
2298 2879 2617 2933 quacunque
2650 2862 2833 2923 voluit,
2868 2863 3075 2930 fecit”.
3126 2862 3241 2916 Hoc

1654 2957 1721 3013 de
1770 2957 1934 3013 Patre
1990 2958 2218 3027 protulit
2263 2955 2454 3009 David.
2505 2952 2677 3008 Filius
2724 2968 2854 3008 vero
2912 2960 3238 3023 potestatem

1656 3052 1816 3105 istam
1844 3051 1898 3103 in
1927 3050 2144 3118 leproso
2168 3047 2487 3111 ostendens,
2507 3045 2654 3107 Volo,
2674 3045 2772 3106 ait,
2794 3043 3024 3096 mundus
3045 3053 3155 3097 esto
3173 3047 3236 3097 ".

35 3156 60 3191 ι.
75 3142 256 3216 Ταύτην
279 3145 307 3196 6
343 3120 626 3216 μακάριος
652 3145 861 3208 Παῦλος
887 3148 980 3199 xui
1106 3148 1245 3218 ἁγίῳ
1273 3120 1542 3219 Πνεύματι

1706 3160 1806 3197 anc
1849 3143 2041 3196 beatus
2094 3141 2296 3195 Paulus
2324 3139 2639 3195 testimonio
2683 3153 2786 3193 suo
2815 3138 3041 3206 Spiritui
3074 3139 3237 3190 etiam

31 3235 410 3307 προσμαρτυρῶν,
455 3236 691 3289 τοιαῦτα
735 3237 965 3308 γράφει*
1009 3239 1203 3292 Ταῦτα
1246 3239 1313 3293 δὲ
1354 3240 1550 3296 πάντα

32 3327 184 3393 rem-ei
213 3330 275 3382 τὸ
314 3329 386 3382 ἓν
417 3329 522 3382 καὶ
566 3330 634 3382 τὸ
662 3329 808 3382 αὐτὸ
840 3330 1102 3399 Πνεῦμα,
1130 3332 1400 3400 διαιροῦν
1429 3334 1549 3401 ἰδίᾳ

32 3414 186 3483 Idem)
206 3418 398 3485 καθὼς
419 3420 741 3483 βούλεται.
762 3420 823 3471 Εἰ
846 3420 1025 3473 τοίνυν
1049 3422 1107 3473 ἐν
1131 3425 1195 3493 τῇ
1222 3423 1315 3476 τοῦ
1340 3425 1546 3495 κόσμου

32 3506 241 3580 mantela,
276 3510 331 3562 ἕν
362 3528 421 3564 τε
450 3515 522 3582 τῇ
563 3510 659 3564 τοῦ
705 3510 1079 3582 βαπτίσματος
1116 3514 1326 3587 διδαχῇ,
1362 3517 1443 3568 ἔτι
1483 3534 1546 3585 γε

31 3597 86 3666 ιὴν
106 3604 180 3653 xui
200 3602 272 3672 τῷ
303 3605 404 3674 τῆς
436 3604 812 3675 δημιουργίας
853 3602 1015 3674 λόγῳ,
1044 3609 1137 3661 xui
1168 3612 1232 3680 τῇ
1272 3611 1371 3681 τῆς
1400 3611 1549 3677 ἐξου-

31 3690 98 3753 ιίις
116 3694 339 3766 δυνάμει,
372 3696 747 3767 συνημμένως
774 3698 902 3767 ἡμῖν
926 3697 986 3750 τὺ
1013 3700 1245 3773 Πατρός,
1270 3704 1365 3757 καὶ
1390 3704 1542 3766 Υίοῦ,

31 3782 78 3833 ιιὶ
98 3784 227 3851 ἁγίου
253 3788 392 3841 nygvj
401 3805 581 3858 ματος
602 3787 659 3839 ἓν
684 3788 853 3859 ὄνομα
880 3791 1261 3862 παραδέδοται,
1286 3796 1370 3858 τίς
1386 3796 1547 3863 ἀφαι-

31 3874 182 3943 ιήσεται
209 3878 361 3947 λόγος
387 3881 485 3933 τὸν
514 3880 645 3932 Υἱὸν
678 3881 770 3933 xui
801 3882 863 3933 τὸ
888 3881 1134 3955 Πνεῦμα,
1171 3885 1246 3957 μὴ
1272 3888 1371 3958 τῆς
1399 3886 1546 3950 θείας

32 3965 150 4032 licia;
170 3974 253 4025 xui
278 3973 565 4045 μακαρίας
597 3974 892 4044 ὑπάρχειν;

64 4060 100 4115 7.
134 4066 229 4119 Kui
260 4069 331 4138 μή
358 4085 445 4131 τις
480 4068 617 4137 ἡμῖν
644 4065 985 4137 ἐνσκήψειεν,
1013 4068 1089 4133 ὡς
1120 4070 1252 4124 ἄλλα
1289 4073 1387 4142 μὲν
1420 4072 1545 4124 ὑπο-

31 4155 255 4223 αομένοις,
288 4159 425 4212 ἄλλα
455 4159 515 4212 δὲ
544 4157 922 4222 διεξελθοῦσιν,
951 4160 1109 4232 εἴπερ
1138 4162 1199 4213 τὸ
1223 4164 1418 4215 ταύτὸν
1445 4164 1543 4233 τῆς

32 4244 152 4310 vicia;
187 4251 644 4321 ἐπαγγειλάμενοι
692 4248 903 4316 δείξειν,
939 4252 1019 4303 ὅτι
1074 4254 1419 4308 συντάττεται
1465 4256 1541 4327 τῷ

32 4335 139 4408 ἰατρί
160 4341 183 4391 ὀ
206 4342 325 4406 Υἱὸς
348 4345 445 4396 xui
478 4344 543 4395 τὸ
574 4341 795 4412 Πνεῦμα
817 4341 916 4405 τὰς
936 4343 1148 4409 πίστεις
1168 4348 1536 4419 παρεχόμεθα.

1654 3243 1848 3290 sancto
1876 3235 2144 3298 tribuens,
2171 3234 2299 3286 talia
2332 3232 2527 3286 scribit
2557 3249 2569 3284 :
2606 3230 2709 3284 Sed
2740 3232 2920 3283 omnia
2948 3229 3059 3282 Itwc
3088 3230 3239 3297 e/ﬁcit

1652 3345 1786 3381 unus
1809 3328 1899 3380 ille
1919 3336 1968 3380 et
2001 3326 2136 3379 idem
2173 3326 2425 3392 Spiritus,
2460 3322 2697 3376 dividens
2733 3320 3077 3389 peculiariter
3121 3322 3242 3372 uui-

1651 3421 1835 3489 c'tique
1856 3420 1993 3474 sicut
2027 3420 2135 3472 vult
2159 3418 2221 3471 ¹⁸.
2254 3416 2459 3485 Itaque,
2485 3416 2532 3470 si
2561 3416 2615 3468 in
2648 3413 2838 3467 mundi
2870 3413 3235 3476 institutione,

1649 3523 1703 3569 et
1728 3516 1782 3567 in
1815 3513 2071 3583 baptismi
2098 3511 2368 3574 doctrina,
2398 3517 2451 3563 et
2480 3510 2704 3578 insuper
2736 3508 2789 3561 in
2821 3507 3117 3560 creationis
3150 3521 3240 3557 ra-

1650 3607 1819 3669 tione,
1847 3603 2246 3675 potestatisque
2276 3602 2477 3655 virtute
2508 3599 2846 3668 conjunctim
2876 3599 3033 3652 nobis
3067 3614 3236 3650 unum

1649 3696 1830 3751 Patris
1876 3703 1931 3751 et
1968 3693 2090 3747 Filii
2122 3702 2175 3748 et
2209 3692 2448 3762 Spiritus
2506 3690 2683 3745 sancti
2735 3704 2935 3743 nomen
2974 3689 3235 3742 traditum

1648 3801 1751 3853 est,
1784 3804 1904 3859 quae
1955 3789 2095 3842 ratio
2144 3785 2281 3840 Filio
2326 3792 2380 3838 et
2429 3784 2657 3853 Spiritui
2689 3792 2884 3837 saneto
2910 3781 3151 3836 divinam
3181 3789 3237 3835 et

1648 3883 1861 3938 beatam
1898 3880 2193 3937 essentiam
2226 3877 2444 3933 auferre
2480 3875 2718 3947 poterit?

1720 4063 1772 4117 7.
1816 4060 2076 4114 Identitas
2107 4056 2349 4111 essentia:
2376 4071 2441 4109 ea:
2470 4055 2673 4107 ordinis
2707 4054 2915 4107 ratione
2958 4052 3235 4121 consequi-

1647 4157 1947 4212 tur.——Nec
1977 4153 2266 4223 quisquam
2295 4148 2350 4201 in
2379 4163 2479 4201 nos
2512 4148 2778 4213 insurgat,
2806 4146 2963 4214 quasi
2987 4146 3091 4198 alia
3118 4145 3236 4213 pol-

1646 4250 1803 4310 liciti,
1837 4248 1942 4300 alia
1985 4256 2389 4312 exsequamur,
2435 4240 2562 4309 quia
2609 4238 2946 4291 identitatem
2978 4237 3233 4291 essentia:

1644 4340 2025 4394 demonstrare
2052 4333 2318 4403 aggressi,
2342 4330 2675 4384 testimoniis
2700 4328 2997 4396 probamus
3029 4325 3228 4380 Filium

32 4428 69 4479 )5
89 4432 173 4502 γὰρ
198 4434 315 4488 ἄλλο
338 4452 392 4487 τι
417 4434 522 4504 τῆς
560 4433 863 4499 συντάξεως
887 4435 915 4485 6
939 4434 1094 4504 λόγος
1120 4437 1230 4511 (56)
1269 4440 1537 4512 παρίστη-

1728 4428 1994 4498 Spiritum
2048 4432 2298 4479 sanctum
2346 4437 2469 4476 eum
2526 4420 2687 4475 Patre
2733 4436 3035 4475 numerari.
3080 4420 3230 4474 Nihil

31 4533 89 4581 τιν,
111 4522 258 4596 ἀλλ’ἢ
299 4526 539 4598 Πατρός,
573 4525 665 4577 καὶ
704 4524 856 4588 Υίοῦ,
893 4528 987 4579 xui
1024 4529 1180 4597 άγίου
1226 4532 1540 4604 Πνεύματος

31 4608 56 4658 τὸ
81 4612 156 4681 τῆς
191 4616 365 4681 οὐσίας
398 4618 621 4671 ταύτόν.
659 4616 767 4669 Καί
797 4634 886 4688 μοι
912 4618 1008 4690 τὴν
1041 4621 1302 4692 διαίρεσιν
1340 4626 1539 4680 ἀναλα-

31 4700 91 4751 kin
110 4707 131 4755 ὁ
150 4707 427 4778 ἀντιλέγων
452 4710 521 4763 δι’
548 4708 835 4779 ἀκριϐείας
867 4712 1135 4765 σκοπείτω
1155 4730 1167 4743 ·
1186 4716 1407 4787 εὑρήσει
1432 4716 1538 4788 γὰρ

32 4797 397 4871 μκείτῆς-οὑσίας
430 4802 527 4855 τὸν
562 4800 715 4869 λόγον
742 4803 799 4853 ὲν
823 4804 887 4872 τῇ
921 4802 1069 4869 τάξει
1108 4804 1205 4875 τῆς
1247 4810 1538 4876 συναφείας

32 4880 600 4957 ιληρούμενον.“Ἀνωθεν
644 4891 820 4944 τοίνυν
871 4893 1001 4963 ἡμῖν
1043 4898 1123 4958 εἰς
1168 4897 1260 4950 δύο
1303 4898 1372 4951 τὰ
1409 4900 1540 4953 ὄντα

31 4971 201 5046 idm-.0,
226 4982 300 5047 εἰς
329 5002 385 5037 τε
418 4985 680 5039 ἄκτιστον
705 4984 797 5037 καὶ
824 4986 1045 5057 κτιστὴν
1079 4988 1239 5056 φύσιν
1258 5008 1270 5021 ·
1318 4992 1412 5045 xui
1443 4992 1541 5063 τῆς

32 5063 90 5116 ἐν
107 5070 326 5128 ἁκτίστου
356 5078 534 5147 τεκμή
546 5092 635 5146 ρια
662 5074 789 5147 παρ’
812 5077 844 5146 ή
855 5075 969 5145 μῶν
989 5076 1325 5153 ὡμολόγητο,
1343 5083 1540 5137 δεσπο-

74 5205 270 5283 “l_Cor.
300 5232 358 5279 ιι,
386 5216 472 5270 12.
558 5213 764 5269 "Joan.
797 5232 905 5283 xw,
940 5216 1025 5283 15,
1060 5218 1146 5271 18.

31 5286 107 5339 nu,
137 5280 179 5334 3.
282 5287 323 5317 ιε
369 5286 388 5339 Ι
415 5287 549 5342 Cor.
582 5302 698 5353 ut,
728 5288 815 5342 11.

72 5392 292 5477 (autut
334 5404 554 5468 βλέπε.
628 5402 733 5459 Pro
795 5405 881 5461 his
940 5405 1172 5460 vocibus
1227 5404 1430 5477 legitur
1483 5402 1539 5457 in

31 5455 154 5516 Coisl.,
174 5468 204 5520 2
225 5455 426 5531 εελεὲέέ.

74 5534 162 5603 (55)
200 5542 298 5595 Τοῦ
333 5545 466 5599 Υἱοῦ
491 5544 701 5599 αὑτοῦ.
745 5543 870 5598 Haec
916 5546 1106 5607 verba,
1137 5562 1258 5615 quas
1310 5543 1538 5615 omnino

31 5599 73 5685 if!
90 5599 284 5685 gensu‘m
314 5617 627 5671 necessaria
662 5624 811 5685 sunt,
846 5599 1266 5685 suppeditaiere
1300 5614 1471 5685 Coisl.
1504 5613 1538 5666 2

31 5678 63 5757 FF
90 5672 341 5757 “estet
386 5686 439 5740 ε.
485 5685 623 5741 Ibid.
672 5672 809 5757 Itng
833 5686 858 5738 ι
894 5672 1009 5741 e't'a
1038 5687 1348 5741 συνάπτων.
1397 5684 1537 5737 eam

32 5752 122 5794 vero
148 5754 437 5809 συντάττων.
632 5768 640 5777 ‘

78 5815 165 5881 (54)
195 5824 417 5893 Πνεῦμα
442 5827 509 5879 τὸ
531 5827 600 5879 ἐκ
631 5826 778 5881 Θεοῦ
806 5827 899 5881 καὶ
931 5827 1181 5897 Πατρός.
1224 5824 1448 5895 Legitur
1478 5824 1532 5879 in

1252 5221 1295 5251 “
1324 5218 1471 5275 Psal.
1520 5237 1594 5283 ι.ι,
1625 5219 1719 5275 26.
1794 5219 1836 5249 “‘
1862 5214 2008 5270 Psal.
2041 5230 2217 5278 χχχιι,
2250 5212 2302 5267 6.
2383 5213 2426 5244 ’⁸
2448 5211 2594 5268 Psal.
2626 5228 2783 5278 um,
2814 5213 2868 5267 '5.

1647 4525 1792 4579 enim
1847 4520 1993 4574 aliud
2042 4518 2285 4586 ejusdem
2314 4514 2527 4569 ordinis
2560 4513 2703 4567 ratio
2726 4512 3087 4576 demonstrat,
3124 4513 3229 4568 nisi

1647 4614 1828 4669 Patris
1857 4622 1911 4667 et
1941 4610 2063 4665 Filii
2089 4618 2143 4664 et
2178 4607 2414 4679 Spiritus
2465 4606 2638 4660 sancti
2670 4602 3010 4658 identitatem
3039 4619 3229 4658 esseu-

1646 4710 1755 4762 tiae.
1789 4708 1855 4759 Et
1884 4704 1976 4776 qui
2008 4701 2358 4759 contradicit,
2390 4700 2437 4752 is
2475 4698 2603 4751 mihi
2651 4696 2958 4750 institutam
3001 4695 3228 4751 divisio-

1647 4816 1771 4855 nem
1802 4813 2087 4853 resumens
2119 4800 2375 4849 accurate
2417 4789 2748 4845 eousideret.
2780 4787 2856 4842 lbi
2890 4788 3034 4842 enim
3065 4804 3225 4858 repe-

1645 4895 1750 4947 riet
1779 4891 2034 4946 essentia:
2061 4889 2327 4941 rationem
2359 4886 2415 4939 in
2447 4882 2857 4954 conjunctionis
2891 4881 3086 4935 ordine
3130 4882 3227 4935 ad-

1642 4987 1877 5057 impleri.
1908 4983 2083 5054 Supra
2136 4981 2299 5052 igitur
2346 4960 2408 5033 ea
2456 4993 2578 5048 qua:
2630 4984 2779 5041 sunt,
2812 4975 2866 5029 in
2896 4975 3006 5028 duo
3031 4975 3225 5029 divisi-

1647 5096 1789 5144 mus,
1816 5080 1871 5131 in
1900 5078 2198 5131 increatam
2221 5082 2274 5129 et
2297 5082 2539 5128 creatam
2568 5081 2856 5138 naturam;
2883 5086 2945 5125 ac
2971 5074 3224 5127 inereata:

2950 5213 2990 5234 "
3025 5211 3217 5266 Matth.

1640 5402 1810 5457 Coisl.
1852 5402 1887 5455 2
1917 5401 1977 5455 τὸ
1998 5401 2225 5471 Πνεῦμα
2253 5400 2317 5452 ἐκ
2346 5398 2441 5471 τοῦ
2475 5400 2687 5471 Πατρὸς
2718 5399 2809 5471 xui
2840 5397 2974 5471 Θεοῦ

1711 5474 1822 5544 (55)
1876 5474 1999 5526 Ἐπὶ
2027 5466 2162 5542 γῆςξ
2198 5470 2366 5525 Coisl.
2399 5469 2433 5522 2
2586 5466 2683 5544 τῆς
2710 5470 2833 5539 γῆς,
3009 5466 3218 5544 calcet“

1638 5539 2052 5613 lifStephanus
2107 5545 2248 5596 hanc
2295 5542 2519 5613 apponit
2545 5541 2831 5613 lectionem
2869 5539 2989 5592 :‘Ev
3017 5540 3083 5607 τῇ
3116 5540 3210 5608 γῇ,

1634 5632 1757 5686 qua:
1787 5608 2004 5684 quidem
2035 5615 2307 5686 reperitur
2334 5608 2390 5686 in
2417 5609 2548 5686 Reg.
2580 5613 2600 5663 1
2638 5620 2691 5663 et
2732 5608 2785 5686 2.

1706 5675 1820 5755 (56)
1872 5687 1923 5737 '0
1952 5675 2149 5753 λόγοὶς.
2178 5683 2327 5755 jltég.
2354 5683 2388 5735 '5
2412 5690 2469 5755 et
2491 5680 2729 5755 Clarom.
2764 5680 2815 5755 l_,
2842 5684 2896 5731 et
2925 5676 3096 5732 Coisl.
3121 5675 3157 5731 2
3184 5678 3214 5733 6

1632 5748 1851 5829 τρόπος,
1883 5748 2046 5827 atque
2077 5748 2148 5808 ita
2178 5752 2243 5807 Β.
2278 5753 2588 5821 Stephanus
2618 5748 2684 5803 ad
2713 5749 2941 5804 calet-tn.
