3654 6494
458 355 597 409 1219

1158 350 1522 406 ΑΡΡΕΝΟΙΧ.
1553 381 1621 390 —
1657 348 1856 404 PARS.
1892 349 1945 402 1.
1976 347 2035 403 S.
2064 347 2333 404 JUSTINI
2367 347 2596 405 OPERA
2637 350 2911 407 SPURIA.
3532 359 3604 417 nec

452 472 672 543 quidem
703 471 818 525 hmc
849 470 1049 524 indicia
1081 485 1203 525 esse
1234 469 1470 524 confessi
1504 483 1717 532 sumus,
1749 469 1895 538 quod
1926 494 1929 515 ι

2131 471 2287 539 τικήν
2314 485 2372 520 τε
2402 469 2574 539 αὐτὴν
2608 469 2718 539 (57)
2746 464 2907 531 εἶναι,
2940 471 3036 523 καὶ
3074 471 3260 545 πάσης
3287 470 3505 541 ἀνάγκης
3526 474 3604 528 iis.»

452 563 713 617 minatrix
744 563 816 616 sit
844 570 897 617 et
926 562 993 615 ab
1022 562 1169 615 omni
1200 561 1361 632 425
1393 560 1720 615 necessitate
1745 560 1933 620 libera,
1963 574 2027 614 ac

451 664 711 724 praeterea
738 670 836 725 pro
880 669 977 708 sua
1007 660 1271 723 potestate
1307 652 1569 722 quidquid
1601 653 1716 706 vult
1764 651 1928 706 faciat
1974 660 2028 707 et

451 747 647 815 possit,
682 755 876 800 creata:
899 760 1044 807 vero,
1083 745 1222 813 quod
1255 761 1320 799 ex
1351 744 1578 798 adverso
1607 744 1818 798 servilis
1852 744 1943 810 sit,
1974 752 2030 798 et

450 837 663 905 legibus
709 836 971 889 herilibus
1009 835 1339 904 obsequens,
1372 849 1433 887 ac
1482 834 1844 888 ministerium
1881 834 2027 888 dun-

451 935 600 981 taxat
629 942 660 980 a
687 925 797 980 Deo
824 933 1105 994 acceptum
1131 934 1185 978 et
1217 925 1368 979 obire
1392 925 1566 994 possit
1596 931 1649 979 et
1673 924 1851 979 obeat.
1888 924 2026 980 Cum

449 1017 524 1071 ita
571 1020 641 1071 sit
694 1016 941 1070 instituta
997 1014 1217 1079 divisio,
1251 1029 1314 1067 ac
1367 1014 1620 1069 deitatem
1656 1015 1800 1069 inter
1825 1022 1879 1069 et
1911 1031 2024 1070 rem

445 1116 686 1162 creatam
720 1106 854 1159 nihil
905 1105 1142 1159 medium
1188 1122 1311 1162 esse
1354 1106 1671 1172 conﬁrmet;
1702 1106 1966 1176 quidquid
1993 1123 2024 1161 a

446 1207 629 1253 creata
665 1205 861 1251 natura
906 1197 1143 1251 alienum
1183 1206 1287 1261 est,
1334 1214 1364 1252 a
1401 1199 1585 1253 divina
1614 1199 1865 1253 videlicet
1895 1202 2027 1255 alie-

444 1306 574 1343 num
611 1304 715 1342 non
763 1296 867 1342 est.
902 1287 958 1341 Si
994 1288 1157 1358 igitur
1204 1290 1454 1359 pluribus
1508 1290 1940 1345 demonstratum
1994 1304 2025 1344 a

442 1381 600 1436 nobis
627 1388 711 1435 est
740 1394 769 1431 a
802 1380 1022 1432 condit-a
1078 1388 1271 1433 natura
1301 1381 1508 1435 distare
1538 1379 1734 1435 Filium
1763 1387 1817 1434 et
1851 1377 2025 1449 Spiri-

441 1479 578 1536 tum,
627 1469 673 1525 si
718 1467 939 1538 quidem
988 1483 1113 1521 cum
1144 1469 1293 1522 nuila
1332 1485 1393 1524 re
1423 1476 1606 1523 creata
1639 1479 2021 1531 numerantur,

442 1562 537 1616 sed
568 1576 692 1615 cum
718 1559 880 1613 Patre
911 1558 1114 1628 ubique
1135 1558 1576 1629 conjunguntur:
1608 1558 1881 1630 quomodo
1913 1575 2023 1614 non

439 1663 697 1707 extrema:
730 1651 981 1706 amentiae
1012 1650 1196 1714 fuerit,
1230 1650 1482 1705 increata:
1514 1652 1637 1705 illos
1669 1657 1877 1705 natura:
1900 1642 2023 1707 esse

439 1759 550 1797 non
588 1740 945 1796 existimare?
977 1738 1051 1792 Ex
1087 1738 1300 1794 duobus
1326 1740 1468 1794 enim
1502 1740 1731 1794 alterum
1763 1754 2021 1794 necessa-

2133 558 2316 630 θέραν,
2351 560 2430 612 ἔτι
2456 577 2515 612 τε
2543 561 2660 613 κατ’
2695 561 2941 626 ἐξουσίαν
2963 561 2998 616 ἃ
3023 561 3090 615 ἂν
3120 562 3368 632 βούλεται
3397 564 3477 615 καὶ
3502 568 3604 620 mmi-

2131 667 2250 713 σαν,
2285 651 2380 703 καὶ
2405 651 2706 722 δυναμένην
2734 652 2844 722 (58)
2864 669 2877 681 ⁸
2906 652 3005 722 τῆς
3027 652 3085 705 δὲ
3112 652 3360 723 κτιστῆς,
3383 652 3604 727 δουλικῄντι

2128 740 2187 806 ἐξ
2216 741 2511 805 ἀντιθέτου,
2530 744 2623 796 καὶ
2649 743 2831 814 νόμοις
2856 742 3197 806 δεσποτικαῖς
3229 744 3499 816 ἑπομένην,
3520 747 3604 803 in:

2126 831 2224 902 τὴν
2255 833 2550 896 διακονίαν,
2580 834 2646 905 ἢν
2680 833 2829 908 παρὰ
2872 834 2971 903 τῆς
3015 834 3272 905 θεότητος
3303 834 3494 906 είληφε,
3519 840 3604 908 μόνη

2127 924 2222 975 κα)⁷
2247 924 2576 996 δυναμένην,
2605 927 2699 978 καὶ
2728 925 2831 997 πλη
2842 925 3059 996 ροῦσαν.
3091 924 3250 979 Οὕτω
3278 927 3372 997 τῆς
3393 927 3604 998 adipisqu

2126 1012 2378 1085 ἐχούσης,
2405 1016 2498 1068 καὶ
2540 1015 2790 1087 θεότητος
2820 1016 2928 1086 (59)
2971 1018 3064 1069 καὶ
3110 1017 3345 1080 κτίσεως
3378 1019 3517 1089 μηδὲν
3538 1016 3603 1073 eis:

2124 1109 2187 1161 τὸ
2221 1109 2381 1179 μέσον
2404 1107 2744 1179 βεϐαιούσης,
2766 1110 2872 1162 πᾶν
2891 1108 2918 1160 ὃ
2938 1108 3040 1178 τῆς
3060 1109 3292 1172 κτίσεως
3313 1112 3603 1182 παρήλλακται

2123 1202 2190 1271 τῇ
2214 1199 2331 1270 θείᾳ
2353 1201 2413 1253 οὺ
2439 1199 2813 1271 παρήλλακται
2840 1199 3105 1271 δηλονότι.
3139 1202 3203 1254 Εἰ
3230 1202 3404 1253 τοίνυν
3423 1203 3497 1254 διὰ
3514 1204 3604 1256 risui

2124 1308 2230 1343 νων
2259 1292 2387 1362 παρ’
2420 1292 2575 1362 ἡμῶν
2608 1290 2898 1356 ἐδείκνυτο,
2925 1291 3029 1361 τῆς
3073 1292 3173 1362 μὲν
3205 1293 3428 1357 κτίσεως
3448 1294 3604 1347 arma

2124 1398 2232 1435 των
2261 1380 2369 1453 (60)
2402 1385 2430 1435 ὁ
2456 1383 2585 1446 Υἱὸς
2620 1383 2713 1435 καὶ
2755 1383 2814 1437 τὸ
2854 1382 3102 1452 Πνεῦμα,
3129 1385 3254 1437 ἐπεὶ
3292 1387 3465 1455 μηδενὶ
3489 1386 3604 1460 ams-.23

2126 1473 2554 1543 συνηρίθμηνται
2586 1473 2719 1546 (61),
2768 1474 2844 1545 τῷ
2891 1474 2947 1528 δέ
3004 1476 3183 1548 Πατρὶ
3234 1477 3489 1547 πανταχοῦ
3524 1479 3604 1531 mi

2124 1564 2369 1629 ζευκται,
2397 1566 2514 1629 πῶς
2544 1567 2603 1619 οὐ
2630 1566 2732 1637 τῆς
2762 1566 2995 1638 ἐσχάτης
3027 1568 3216 1632 ἀνοίας
3250 1569 3357 1639 (62)
3391 1571 3493 1622 ἐστὶ
3512 1570 3604 1649 τί)μῇ

2122 1656 2221 1726 τῆς
2272 1656 2528 1710 ἀκτίστου
2568 1656 2756 1719 οὐσίας
2799 1657 2938 1710 αὐτὰ
2978 1659 3224 1729 νομίζειν
3263 1658 3399 1731 (65);
3430 1661 3526 1714 Τῶν
3552 1664 3604 1733 γὲ)

2124 1746 2216 1799 δύο
2240 1747 2300 1800 τὸ
2333 1747 2514 1817 ἕτερον
2542 1748 2853 1816 ἀναγκαίοις
2873 1748 3213 1805 διαπεσεῖται
3238 1768 3252 1781 ·
3278 1752 3356 1805 δεῖ
3383 1751 3479 1824 γὰρ
3499 1754 3537 1822 ἦ,
3555 1754 3604 1822 ri)

438 1837 524 1892 rio
554 1836 789 1890 excidet.
824 1832 1057 1889 Necesse
1087 1841 1173 1889 est
1217 1835 1361 1888 enim
1395 1835 1479 1888 vel
1526 1842 1725 1889 creatas
1756 1835 1878 1891 illos
1920 1851 1929 1888 ι

2124 1838 2348 1907 κτιστῆς
2379 1838 2519 1891 αὐτὰ
2544 1839 2825 1894 δεικνύντα
2840 1840 2977 1911 (64),
2994 1842 3095 1912 τῆς
3117 1843 3373 1896 ἀκτίστου
3397 1823 3604 1915 ἀφορίζεω,

439 1938 580 1984 ιιιηε
608 1943 731 1983 esse
758 1927 1159 1990 ostendentem,
1193 1936 1262 1979 an
1307 1924 1549 1979 increata
1592 1940 1912 1992 secernere;
1940 1925 2023 1981 vel

440 2020 739 2073 increatam
790 2018 898 2071 illis
949 2024 1203 2071 naturam
1250 2015 1430 2070 inesse
1476 2015 2024 2083 demonstrantem,a

438 2119 623 2166 creata
669 2110 981 2164 necessario
1012 2122 1288 2177 separare.
1345 2105 1451 2161 Sed
1485 2122 1581 2163 eos
1610 2123 1640 2162 a
1676 2109 1895 2163 condita
1924 2125 2024 2163 na-

437 2211 562 2256 tura
590 2210 871 2272 separatos
896 2210 950 2257 et
978 2217 1102 2255 cum
1125 2201 1309 2254 divina
1342 2200 1668 2270 conjunetos
1698 2217 1819 2257 esse
1841 2202 2020 2257 visum

437 2303 522 2348 est
562 2293 947 2357 manifestum;
982 2291 1117 2345 nihil
1152 2300 1329 2345 autem
1366 2290 1603 2345 medium
1631 2306 1753 2345 esse
1783 2290 2019 2346 confessi

437 2400 651 2438 sumus.
691 2382 954 2454 Superest
1008 2398 1140 2453 ergo
1185 2389 1245 2436 ut
1288 2382 1438 2437 illius
1487 2391 1694 2437 natura:
1726 2383 2019 2453 participes

434 2476 568 2541 sint,
603 2476 691 2529 cui
739 2490 953 2545 semper
986 2474 1380 2545 adiunguntur.
1425 2471 1559 2527 Nam
1600 2472 1667 2536 si,
1709 2480 1769 2526 ut
1813 2473 2016 2527 dictum

436 2578 521 2623 est
550 2568 752 2639 (opera:
775 2568 919 2623 enim
945 2567 1178 2636 pretium
1205 2574 1451 2634 repetere
1478 2565 1547 2619 ad
1579 2565 1886 2621 uberiorem
1917 2565 2016 2620 de—

437 2659 938 2730 monstrationem),
976 2659 1033 2713 in
1079 2658 1267 2713 mundi
1329 2656 1674 2711 institutione
1722 2671 1750 2709 a
1797 2655 2017 2713 Christo

432 2749 656 2812 tradita,
691 2750 745 2804 in
776 2750 1027 2804 doctrina
1052 2749 1229 2804 sancti
1257 2747 1625 2817 baptismatis,
1655 2746 1832 2801 adhuc
1852 2747 2015 2802 etiam

435 2848 491 2895 et
524 2841 577 2895 in
613 2842 795 2895 divina
831 2840 1081 2895 doctrina
1110 2850 1161 2895 et
1202 2838 1447 2893 universi
1496 2837 1794 2899 creatione,
1830 2853 1893 2891 ac
1922 2837 2016 2893 de-

435 2933 604 3003 nique
639 2933 693 2986 in
724 2948 952 2987 summa:
998 2933 1283 3002 potestatis
1332 2930 1661 2985 auctoritate
1712 2930 1911 2985 similia
1962 2938 2016 2986 et

433 3024 624 3079 eadem
655 3024 721 3078 de
748 3024 909 3078 Patre
958 3031 1012 3078 et
1065 3022 1200 3077 Filio
1241 3030 1296 3077 et
1332 3020 1537 3091 Spiritu
1583 3030 1776 3075 saneto
1818 3021 2014 3076 tradita

434 3123 601 3180 sunt;
631 3114 753 3184 quis
783 3115 919 3168 adeo
952 3114 1119 3167 laevus
1150 3120 1210 3166 ut
1231 3102 1572 3166 communem
1598 3111 1813 3166 illorum
1836 3128 2015 3169 essen-

436 3208 567 3260 tiam
603 3207 657 3260 in
695 3206 918 3261 dubium
955 3205 1210 3259 revocet?
1242 3202 1420 3257 Unum
1472 3203 1637 3272 igitur
1672 3202 1841 3258 Deum
1878 3220 2011 3259 con-

437 3298 577 3352 ﬁteri
608 3298 881 3364 convenit,
914 3298 967 3351 in
999 3296 1157 3351 Patre
1201 3304 1256 3350 et
1300 3294 1438 3348 Filio
1484 3302 1539 3349 et
1589 3294 1793 3365 Spiritu
1821 3304 2011 3351 sancto

432 3389 741 3454 cognitum;
796 3385 952 3439 itaut
983 3395 1252 3455 quatenus
1284 3382 1443 3438 Pater
1474 3391 1528 3438 et
1549 3382 1721 3440 Filius
1751 3393 1806 3439 et
1837 3385 2010 3456 Spiri-

436 3486 525 3531 tus
572 3484 816 3542 sanctus,
851 3478 1016 3531 unius
1057 3475 1359 3530 divinitatis
1392 3476 1714 3546 bypostases
1747 3491 2010 3547 agnosca-

431 3583 592 3633 mus;
623 3577 896 3638 quatenus
925 3584 1055 3622 vero
1087 3566 1251 3631 Deus,
1282 3583 1626 3622 communem
1657 3568 2007 3639 hypostasum

431 3660 725 3713 essentiam
761 3660 1153 3728 intelligamus.
1208 3657 1400 3713 Unitas
1451 3658 1596 3713 enim
1652 3658 1710 3712 in
1743 3657 2010 3715 Trinitate

432 3751 774 3820 intelligitur,
807 3761 860 3805 et
894 3750 1136 3807 Trinitas
1171 3751 1224 3805 in
1261 3751 1469 3805 unitate
1501 3750 1836 3821 agnoscitur.

503 3842 557 3895 8.
593 3841 879 3895 Temeritas
903 3858 1109 3894 summa
1136 3851 1211 3895 est
1235 3841 1329 3894 hoc
1352 3841 1659 3910 mysterium
1683 3842 2008 3895 scrutari.—

430 3932 608 4002 Atque
652 3933 705 3986 id
763 3934 1013 4003 equidem
1074 3933 1474 4003 quodammodo
1532 3946 1710 4001 neque
1764 3948 1829 3986 ex
1883 3933 2005 3988 aliis

428 4040 674 4094 quaerere.
706 4024 889 4086 velim,
923 4040 1023 4078 nec
1056 4024 1185 4077 mihi
1231 4024 1347 4091 ipse
1394 4023 1727 4092 persuadere
1776 4023 2002 4093 possim,

430 4124 491 4170 ut
523 4120 590 4169 de
637 4116 800 4172 rebus
837 4117 1053 4169 arcanis
1095 4116 1280 4185 lingua
1319 4116 1465 4169 lutea
1502 4122 1556 4169 et
1586 4130 1751 4169 carne
1784 4115 2003 4169 sordida

428 4208 607 4277 eloqui
639 4208 888 4261 audeam.
908 4206 1023 4261 Etsi
1051 4207 1194 4260 enim
1215 4221 1368 4261 mens
1392 4221 1525 4275 pura
1544 4206 1703 4260 nobis
1720 4204 1880 4260 insita
1897 4213 2000 4270 est,

428 4311 527 4366 per
542 4313 701 4366 quam
723 4313 864 4366 sazpc
881 4312 1001 4367 quae
1022 4311 1187 4366 supra
1207 4310 1308 4350 nos
1330 4303 1458 4349 sunt
1477 4299 1685 4352 ratione
1701 4296 2004 4366 apprehen-

428 4388 629 4453 dimus,
651 4394 855 4453 tamen,
891 4388 1038 4443 socia
1064 4402 1231 4441 carne
1253 4394 1613 4457 praegravata,
1649 4388 1852 4441 claram
1887 4402 2003 4440 ma-

500 4522 612 4593 (57)
654 4521 874 4587 Αὺτήν.
919 4522 1053 4592 Reg.
1088 4522 1122 4576 3
1150 4520 1375 4593 ταύτην.

376 4640 381 4647 .
442 4662 481 4665 _7
635 4595 753 4665 Ἔτι
766 4587 1319 4665 τε..;καὶ’ποιοῦσακ
1331 4589 1425 4665 καί
1440 4589 1800 4665 (Em-quernas.
1820 4587 1948 4660 Reg.
1964 4603 2004 4653 ι,

425 4659 666 4718 Claroin.
696 4662 732 4714 2
774 4670 828 4716 et
880 4662 943 4717 Β.
991 4663 1313 4731 Stephanus
1356 4659 1423 4713 ad
1479 4660 1681 4731 calcem
1735 4661 1817 4712 ὅτι
1876 4659 2001 4711 τε...

426 4733 655 4803 ποιοῦσα
681 4732 775 4785 καὶ
801 4728 1103 4803 δυναμένηξ
1116 4729 1448 4803 Ψίιιῖϐοίβ).
1479 4728 1513 4781 2
1544 4728 1819 4803 βούληται.

501 4802 610 4873 (59)
634 4798 1267 4873 ΚαὶῃθερτητοςξᾼΕάἱιί
1320 4800 1555 4873 addunt_
1575 4798 1810 4873 ἐπείπερ
1847 4798 2005 4873 τοῦτο

428 4867 835 4943 ἄκτιστονζὸοά
860 4871 1420 4943 haecAmeliusgesunt
1441 4870 1494 4921 in
1520 4867 1652 4943 Reg.
1690 4882 1727 4919 ι.
1752 4867 1847 4943 _Sic
1878 4869 2006 4943 legi-

426 4949 518 4994 tur
570 4941 624 4993 in
673 4939 910 4995 Clarom.
963 4939 998 4993 2
1030 4959 1042 4994 :
1078 4938 1501 5009 Καῖθεότητος
1532 4939 1630 5009 κα).
1676 4938 1902 5009 κτίσεως
1943 4939 2003 5009 τὸ

427 5010 646 5081 κτιστοῦ
674 5010 770 5062 καὶ
793 5010 1045 5081 ἀκτίστου
1078 5011 1243 5081 μηδὲν
1271 5004 1420 5081 ilva-5
1460 5007 1533 5081 τὸ
1561 5008 1723 5077 μέσον
1754 5006 2001 5081 βεϐαιού-

430 5098 548 5151 σης.
586 5080 712 5133 Duze
736 5081 898 5133 varia:
933 5077 1193 5151 lectiones
1227 5095 1255 5131 a
1288 5077 1353 5133 R.
1390 5077 1667 5151 Stephano
1700 5077 1767 5151 ad
1797 5079 1999 5151 calcem

429 5147 828 5219 proponuntur,
859 5165 1087 5217 quarum
1118 5150 1292 5217 prima
1325 5156 1408 5202 est
1441 5168 1452 5201 :
1491 5147 1783 5219 Οὕτω-τῆς
1799 5147 2001 5219 διαιρέ-

431 5211 567 5283 σεως
597 5218 844 5290 ἐχούσης,
879 5211 1135 5287 θεότητος
1160 5219 1251 5272 καὶ
1278 5219 1511 5290 κτίσεως
1541 5216 1703 5287 μηδὲν
1728 5211 1867 5290 εἶναι
1904 5211 1999 5290 μέ-

431 5237 567 5283 σεως
597 5234 844 5290 εχουσης,
879 5234 1127 5287 υεοτητος
1160 5234 1251 5272 και
1278 5234 1506 5279 κτισεως
1541 5234 1703 5287 μηοεν
1732 5234 1867 5268 ειναι
1894 5234 1994 5339 Σιε-

429 5307 520 5342 σον
556 5289 897 5359 βεῦαιούοης,
921 5298 973 5343 et
1009 5304 1131 5359 mox
1167 5309 1179 5342 :
1213 5287 1692 5359 υὺνπαρήλλακται
1730 5286 1892 5359 δηλον
1924 5304 1994 5338 τι.

426 5360 489 5412 Ei
515 5354 571 5413 δέ
598 5360 685 5413 διὰ
717 5354 992 5411 πλειόνων.
1023 5358 1206 5414 Altera
1229 5358 1324 5412 καὶ
1350 5354 1580 5419 κτίσεως
1604 5357 1696 5408 κα)¹
1724 5354 1993 5427 θεότητος.

424 5430 632 5484 Caetera
662 5436 720 5482 ut
747 5432 800 5482 in
830 5428 1012 5482 editis.

430 5568 457 5622 ί
636 5497 1047 5620 Ιἳιαλλάττων.
1081 5496 1319 5552 Clarom.
1346 5494 1697 5549 διαλλάττειν.
1719 5492 1811 5549 Sic
1828 5495 1993 5550 etiam

492 5584 521 5622 e
684 5585 770 5622 eg.

492 5576 542 5622 et
571 5569 606 5620 2
636 5568 770 5638 Reg.

2122 1929 2178 2001 ἢ,
2196 1930 2296 2001 τῆς
2315 1932 2571 1984 ἀκτίστου
2600 1931 3008 1995 ἀποδεικνύντα,
3025 1933 3127 2004 τῆς
3149 1937 3369 2007 κτιστῆς
3390 1937 3604 2003 avarum

2121 2021 2393 2092 χωρίζειν.
2414 2022 2571 2075 Ἀλλά
2594 2024 2686 2076 καὶ
2709 2024 2806 2094 τῆς
2836 2024 3064 2094 κτιστῆς
3097 2025 3273 2095 ἐφάνη
3303 2026 3604 2096 κεχωρισμέναἼ

2122 2112 2217 2165 καὶ
2238 2115 2304 2183 τῇ
2331 2112 2568 2183 ἀκτίστῳ
2599 2112 3003 2184 συνεζευγμένα
3022 2130 3035 2143 ’
3066 2114 3236 2185 μέσον
3256 2115 3312 2167 δὲ
3332 2114 3508 2167 τούτων
3526 2116 3604 2183 ego

2120 2202 2319 2276 λογήθη
2353 2205 2535 2276 μηδέν,
2562 2207 2893 2278 Δειπόμενον
2921 2207 3037 2279 (65)
3081 2208 3149 2262 ἂν
3189 2208 3277 2280 εἴη
3310 2208 3397 2261 τοῦ
3421 2210 3604 2261 κοινωνεῖ)

2118 2298 2260 2350 αὺτά
2282 2299 2381 2368 τῆς
2406 2299 2611 2364 οὐσίας,
2644 2292 2689 2367 ᾧ
2719 2301 2810 2353 καὶ
2836 2300 3115 2371 πανταχοῦ
3156 2300 3559 2370 συνεζεύχθησαν.
3576 2298 3603 2351 ﬂ

2119 2389 2228 2462 γὰρ
2259 2391 2393 2460 ὅπερ
2435 2390 2649 2462 εἴρηται
2695 2392 2896 2457 (καλὸν
2925 2395 3035 2465 γὰρ
3063 2393 3349 2446 ἀναλαϐεῖν
3384 2393 3502 2463 πρὸς

2117 2483 2373 2553 λεστέραν
2398 2482 2687 2552 ἀπόδειξιν)
2721 2484 2812 2536 ἐπί
2840 2501 2901 2537 τε
2922 2484 3025 2554 τῆς
3044 2485 3103 2537 ἐν
3125 2483 3344 2555 Χριστῷ
3370 2483 3456 2535 τοῦ
3477 2482 3604 2550 κόσμω

2121 2574 2435 2647 μαθητείας,
2466 2574 2558 2627 ἐπί
2586 2592 2644 2627 τε
2672 2575 2773 2645 τῆς
2795 2575 3017 2646 διδαχῆς
3050 2574 3146 2628 τοῦ
3174 2575 3331 2643 ἁγίου
3360 2575 3604 2644 Ilva-351.11%

2117 2664 2195 2716 ἔτι
2230 2665 2336 2735 μὴν
2365 2664 2459 2718 καὶ
2498 2663 2591 2717 ἐπὶ
2623 2664 2725 2733 τῆς
2755 2664 2902 2726 θείας
2928 2663 3302 2728 διδασκαλίας,
3334 2664 3421 2718 καὶ
3454 2664 3530 2733 τῆς
3554 2656 3604 2711 τσῦ

2119 2756 2318 2819 παντὸς
2356 2756 2733 2828 δημιουργίας,
2764 2758 2823 2809 οὐ
2858 2757 2965 2827 μὴν
2994 2757 3133 2829 ἀλλὰ
3171 2759 3267 2810 καὶ
3306 2757 3392 2810 ἐπὶ
3428 2757 3509 2827 τῆς
3539 2754 3604 2807 m7

2116 2847 2358 2912 ἐξουσίαν
2388 2847 2693 2911 αὐθεντίας,
2724 2848 3078 2919 παραπλήσια
3107 2850 3203 2901 καὶ
3228 2848 3394 2902 ταὺτά
3420 2850 3524 2917 περὶ
3543 2847 3604 2897 lix.

2112 2940 2240 3009 τρὸς
2268 2940 2520 2996 καὶΥἰοῦ
2552 2941 2644 2993 καὶ
2681 2941 2835 3009 ἀγίου
2868 2941 3189 3011 Πνεύματος
3215 2942 3551 3013 παραδέδοται,
3564 2942 3604 3003 1‘4

2112 3031 2253 3085 οὕτω
2279 3033 2463 3097 σκαιὸς
2493 3033 2605 3105 (66)
2630 3033 3043 3105 διαμφισϐητεῖν
3077 3036 3208 3105 περὶ
3234 3036 3333 3105 τῆς
3360 3036 3466 3089 κατ’
3486 3034 3604 3087 οὐσία

2116 3123 2357 3196 ἀλλήλων
2382 3125 2698 3191 κοινωνίας;
2730 3127 2863 3178 Ἕνα
2888 3127 3066 3180 τοίνυν
3094 3126 3230 3180 Θεὸν
3262 3128 3509 3198 προσῆκεν
3530 3128 3604 3191 ὑμῖν

2112 3217 2290 3287 λογεῖν
2320 3219 2376 3271 ἐν
2406 3219 2603 3289 Πατρὶ,
2623 3219 2714 3272 καὶ
2742 3216 2854 3288 Υίῷ
2905 3219 2999 3271 καὶ
3026 3218 3168 3289 ἁγίῳ
3193 3219 3459 3290 Πνεύματι
3481 3223 3604 3285 mp?

2112 3308 2367 3379 ξάμενον·
2400 3303 2434 3382 ᾖ
2466 3309 2562 3378 μὲν
2590 3309 2799 3379 Πατὴρ,
2829 3307 2926 3360 και
2955 3308 3105 3370 Υίὸς,
3136 3309 3233 3361 και
3262 3296 3468 3379 Πνεῦμα
3493 3307 3604 3373 ᾶτεωι

2108 3401 2208 3472 τῆς
2238 3401 2364 3471 μιᾶς
2392 3400 2643 3469 θεότητος
2669 3397 2769 3462 τᾲς
2799 3399 3126 3462 ὑποστάσεις
3152 3390 3558 3470 γνωρίζοντας’ᾖ
3577 3393 3604 3448 ὀί

2109 3493 2261 3556 Θεὸς,
2292 3492 2351 3544 τὸ
2395 3492 2512 3545 κατ’
2538 3491 2726 3543 οὐσίαν
2758 3489 2932 3542 κοινὸν
2973 3489 3081 3542 τῶν
3129 3490 3463 3542 ῦποστάσεων
3486 3485 3604 3539 νοοῦν·

2108 3597 2225 3643 τας.
2261 3579 2444 3642 Μονὰς
2476 3579 2584 3650 γὰρ
2623 3579 2716 3632 καὶ
2746 3580 2801 3631 ἐν
2834 3577 3024 3651 Τριάδι
3058 3582 3281 3644 νοεῖται,
3316 3580 3402 3631 καὶ
3426 3575 3604 3649 Τριὰςὲι

2112 3671 2296 3743 μονάδι
2317 3670 2659 3741 γνωρίζεται.

2177 3833 2229 3887 8.
2259 3832 2365 3886 Καὶ
2392 3832 2507 3896 πῶς
2531 3832 2707 3893 τοῦτο,
2734 3831 2992 3901 διερωτᾷν
3017 3828 3131 3883 οὔτ’
3156 3829 3314 3884 ἀλλον
3337 3830 3436 3901 (67)
3465 3821 3604 3879 sema;

2109 3941 2235 3995 μην,
2263 3923 2370 3978 οὔτ’
2405 3924 2565 3987 αὐτὸς
2590 3922 2819 3994 ἐμαυτὸν
2858 3921 3123 3993 δυναίμην
3158 3922 3360 3975 πείθειν
3396 3922 3501 3980 τοὺς
3525 3914 3604 3983 περ)

2105 4017 2212 4070 τῶν
2244 4017 2569 4087 ἀπορρήτων
2610 4015 2797 4083 λόγους
2840 4012 3062 4086 γλώσσῃ
3098 4013 3299 4085 πηλίνῃ
3325 4014 3409 4066 καὶ
3431 4009 3604 4081 capris)

2106 4107 2348 4181 ῥυπῶντι
2389 4106 2751 4177 κατατολμᾷν.
2778 4106 2838 4159 Εἰ
2867 4106 2974 4177 γὰρ
3007 4106 3103 4159 καὶ
3134 4106 3262 4169 νοῦς
3288 4108 3408 4177 ἡμῖν
3435 4098 3604 4171 καθειρὲᾶ

2104 4199 2391 4270 ἐνίδρυται,
2424 4198 2490 4250 δι’
2534 4191 2596 4250 οῦ
2620 4197 2727 4249 τῶν
2772 4198 2911 4269 ὑπὲρ
2942 4200 3090 4267 ἡμᾶς
3136 4198 3389 4261 πολλάκις
3416 4196 3482 4265 τῷ
3510 4194 3604 4256 λόγῳ

2103 4287 2589 4360 περιδραττὸμεθα,
2632 4286 2773 4342 ἀλλά
2795 4304 2857 4355 γε
2883 4289 2948 4357 τῇ
2986 4286 3208 4357 συζύγῳ
3250 4287 3403 4357 σαρκὶ
3442 4281 3604 4355 βαρυνό·

2107 4398 2283 4452 μενος,
2326 4381 2507 4433 ἀτονεῖ
2535 4380 2633 4450 τὴν
2659 4378 2863 4449 ἐναργῆ
2902 4377 3010 4449 (68)
3048 4377 3159 4430 τῶν
3201 4377 3446 4449 μειζόνων
3484 4372 3603 4427 κατὰ

2109 4517 2320 4586 phanus
2350 4516 2416 4569 ad
2445 4516 2672 4586 calcem.
2704 4514 2849 4569 Editi
2876 4514 3155 4577 ἀπονοίας.

2178 4588 2291 4654 (63)
2329 4586 2616 4654 Νομίζὲιν.
2658 4584 2800 4639 Idem
2831 4592 3067 4654 quatuor
3087 4584 3307 4640 codices
3334 4582 3578 4654 ὀνομάζειν.

2178 4654 2290 4723 (64)
2330 4658 2671 4709 Δεικνὺντα.
2698 4655 2935 4711 Clarum.
2960 4654 2995 4723 2
3026 4654 3425 4715 ἀποδεικνύντα,
3443 4663 3488 4707 et
3514 4660 3599 4723 nio:

2102 4718 2364 4798 δηλοῦντα
2388 4724 2924 4798 ιιιόᾉάποδεικνύντα.
2961 4722 3052 4798 S_ic
3082 4724 3403 4798 etiamReg.
3425 4724 3517 4798 iet

2198 4796 2287 4865 65)
2324 4788 2707 4865 Λὲιπόμενον,
2749 4794 2909 4850 Deest
2951 4789 3062 4847 οὖν.
3100 4794 3227 4849 Mox
3256 4788 3513 4865 Ιθεῖἁγίου
3536 4788 3601 4865 ῥει-

2175 4804 2287 4917 (65)
2324 4804 2707 4876 Λειπόμενοντ
2749 4804 2909 4850 Deest
2951 4804 3062 4847 οὑν.
3100 4804 3227 4849 Mox
3256 4804 3353 4864 leg.
3380 4804 3517 4873 arma
3536 4804 3595 4855 p1-

2103 4882 2173 4919 πτ
2200 4882 2423 4936 σματος,
2454 4873 2507 4919 et
2546 4863 2701 4918 Pauli
2747 4880 2944 4920 nomen
2984 4866 3342 4936 supplendum
3368 4872 3471 4925 post
3494 4858 3595 4911 διδα-

2103 4936 2347 4988 σκαλίας.
2376 4934 2499 4988 Vid.
2526 4951 2580 4988 ιι.
2619 4935 2670 4987 7.

2102 4951 2347 4990 σκαλιας.
2385 4951 2499 4989 για.
2526 4951 2580 4990 Ii.
2629 4951 2670 4987 Ι.

2174 4953 2347 4999 αλιας.
2385 4953 2499 4989 Via.
2526 4953 2580 4990 η.
2629 4953 2670 4987 ι.

2172 5006 2286 5073 (66)
2333 5006 2429 5071 Τίς
2471 5005 2624 5058 οὕτω
2653 5004 2882 5069 σκαιός.
2925 5002 3103 5075 [ἱερεῖ
3126 5003 3225 5069 ὡς,
3266 4998 3597 5075 quod

2099 5070 2368 5144 excidisse
2406 5070 2482 5129 'ob
2526 5075 2917 5144 praecedentem
2950 5070 3344 5144 ejusdemgso'ni
3372 5070 3593 5143 syllabam-

2099 5143 2232 5215 Reg.
2265 5146 2290 5198 1
2328 5142 2564 5215 secunda
2595 5160 2759 5215 manu
2786 5145 2814 5197 δ
2843 5142 3275 5215 διαμφισϐητῶν.

2169 5203 2283 5337 ςξη
2324 5216 2457 5268 Οῠτ’
2484 5214 2692 5268 ἄλλον.
2734 5213 2810 5267 Ita
2828 5203 2998 5268 Coisl:
3021 5203 3273 5282 uterque,
3302 5213 3424 5281 Reg.
3449 5210 3467 5262 1
3494 5215 3534 5259 et
3553 5203 3591 5259 ἓ.

2232 5327 2243 5337 .
2270 5284 2579 5337 Stephanus
2606 5283 2673 5337 ad
2700 5285 2922 5337 calcem.
2948 5283 3093 5337 Editi
3118 5283 3243 5336 οὒτε
3265 5277 3591 5337 άλλους.Ρειιιὶο

2096 5293 2150 5340 et
2181 5293 2243 5338 Κ.

2270 5277 2579 5354 Stephanus
2606 5283 2673 5337 ad
2700 5285 2922 5338 calcem.
2948 5283 3093 5337 Editi
3118 5277 3243 5336 οὗτε
3265 5277 3594 5354 ἀλλοῦςτΡειιιὶο

2097 5365 2223 5411 ante
2268 5352 2491 5425 apponit
2543 5352 3300 5425 StephanusﬂhancAvariam
3345 5352 3589 5425 lectionem.

2096 5426 2189 5480 sed
2222 5418 2505 5479 manifeste
2533 5418 2780 5478 vitiosam
2819 5442 2832 5478 :
2868 5424 2930 5476 Et
2958 5424 3015 5476 δὲ
3052 5422 3207 5487 Θεὸς,
3240 5425 3298 5476 τὸ
3323 5422 3425 5475 κατ’
3448 5418 3589 5485 οὐσίαν

2095 5496 2365 5548 κοινωνόν.
2403 5495 2495 5547 Sic
2527 5494 2729 5563 habent
2750 5491 2888 5563 Reg.
2921 5495 2938 5546 I
2975 5501 3029 5548 et
3056 5493 3112 5548 2.
3336 5508 3339 5511 '
3374 5560 3385 5563 _
3541 5552 3561 5562 ,

2164 5564 2438 5645 (68)-Τὴν
2454 5561 2809 5645 ῥναργῆζ.Β.
2843 5560 3165 5645 Stephanus
3209 5563 3274 5617 ad
3317 5560 3591 5645 ealcemkizf

498 5639 609 5706 (6i)
650 5626 1139 5707 Σῦνηρίθμηνται.
1179 5635 1255 5691 ita
1284 5637 1417 5707 Reg.
1448 5635 1471 5689 ι
1504 5641 1558 5690 et
1579 5635 1633 5701 2,
1659 5642 1713 5690 et
1741 5634 1908 5691 Coisl.

2123 5626 2352 5707 ναργοῦς
2384 5626 2521 5707 ’τῶν
2569 5626 2851 5704 ’μειζόνων
2904 5626 3277 5705 καταλήψεως.
3324 5630 3392 5685 ita
3430 5626 3589 5682 habent

430 5704 578 5778 [diti
595 5704 733 5778 own
740 5704 824 5778 ρίθ
833 5704 997 5778 μηται
1006 5751 1018 5762 .

501 5776 611 5848 (62)
664 5770 911 5843 Ἀ’ἰὉΙίιςξ
955 5778 1029 5831 Ita
1057 5777 1224 5832 Coisl.
1257 5774 1291 5828 Ξ
1315 5782 1368 5829 et
1395 5773 1525 5844 Reg.
1560 5775 1582 5828 i
1616 5780 1669 5829 et
1694 5771 1751 5838 2,
1779 5782 1832 5827 ct
1861 5770 1978 5829 Ste-

2092 5703 2224 5776 iicg.
2255 5706 2279 5760 1
2314 5712 2369 5760 et
2395 5703 2451 5758 2.
