3654 6490
402 338 544 392 1225
638 388 639 391 η
1210 333 1579 393 APPENDIX.
1605 369 1673 378 —
1708 337 1841 392 PAR

2164 338 2373 395 'JSTINI
2411 339 2642 396 OPERA
2678 337 2951 394 SPURIA.
3514 343 3607 399 tm

398 454 518 519 Quo
547 450 692 505 enim
728 449 990 519 temporis
1038 448 1325 503 intervallo
1351 450 1610 519 splendor
1641 452 1779 505 lucis
1813 452 1841 505 i1

2166 453 2247 506 λιν
2278 453 2392 522 φῶς
2418 452 2513 505 καὶ
2536 452 2595 504 τὸ
2619 449 2979 521 γεννώμενον,
3006 447 3231 520 ἀπαθὴς
3261 450 3295 520 ἡ
3323 449 3546 521 γέννησις
3572 455 3609 505 ἂν

398 544 721 615 rumpatur?
751 540 907 607 Quod
937 541 983 595 si
1018 543 1199 595 lumen
1232 542 1299 596 de
1348 542 1573 606 lumine,
1605 543 1841 598 identita:

2175 586 2188 598 .
2220 546 2294 598 Οὑ
2327 545 2435 615 γὰρ
2461 544 2603 597 κατά
2633 542 2824 613 τομὴν,
2852 542 2885 613 ἢ
2923 540 3129 612 ῥεῦσιν,
3175 542 3209 611 ἦ
3255 540 3533 605 διάστασιν,
3552 544 3610 596 τοῦ

397 637 588 691 sentia:
620 636 929 689 declaratur
980 649 1102 686 cum
1161 649 1244 696 eo,
1299 649 1328 686 a
1383 649 1492 702 quo
1538 642 1595 689 et
1625 635 1839 704 genitus

2171 640 2257 702 τὸς
2282 642 2315 710 ἡ
2342 637 2613 708 ἐκλαμψις
2636 638 2867 706 γίνεται,
2895 636 3008 688 ἀλλ’
3050 637 3115 688 ἐκ
3148 636 3248 706 τῆς
3284 636 3463 699 οὐσίας
3494 639 3614 705 αὖτὲς

396 728 611 784 Rursus
636 736 840 789 autem,
872 726 918 779 si
941 733 994 777 et
1030 727 1208 779 lumen
1242 732 1294 778 et
1321 728 1582 796 genitum,
1608 730 1839 796 perpessi

2171 730 2303 793 ιθῶς
2336 730 2681 802 προέρχεται.
2712 729 2822 798 Τὴν
2861 726 3031 798 αὐτὴν
3074 728 3132 780 δὲ
3179 727 3379 795 γνῶσιν
3416 728 3501 779 καὶ
3530 734 3614 798 περὶ

392 838 590 892 expers
643 821 749 875 erit
784 819 1082 889 generatio.
1138 818 1323 887 Neque
1375 822 1519 873 enim
1555 821 1835 875 sectionen

2196 823 2350 890 ἁγίου
2377 821 2692 892 Πνεύματος
2724 821 3052 890 κατέχομεν,
3077 822 3163 872 ὅτι
3190 818 3377 889 ὥσπερ
3400 822 3428 871 6
3453 820 3557 882 Υἱὸς
3577 825 3614 871 ἐκ

390 916 596 969 fluxum
630 921 721 965 aut
756 911 1107 965 interstitium
1147 911 1368 981 luminis
1412 912 1671 981 splendor
1698 914 1833 966 admi

2212 913 2444 984 Πατρὸς,
2479 911 2622 965 οὕτω
2660 912 2756 965 καὶ
2801 912 2861 964 τὸ
2905 911 3134 981 Πνεῦμα
3155 928 3169 941 -
3224 912 3361 981 πλήν
3392 928 3453 979 γε
3486 911 3614 983 Sil-.1}:

390 1007 486 1060 sed
540 1021 603 1060 ex
655 1006 771 1073 ipsa
825 1004 1061 1058 essentia
1112 1003 1248 1057 citra
1304 1004 1708 1072 perpessionem
1772 1021 1833 1072 pr

2175 1022 2260 1075 πῳ
2304 1005 2403 1074 τῆς
2437 1003 2725 1076 ὑπάρξεως
2766 1004 2976 1057 διοίσει.
3019 1006 3077 1057 Ὀ
3116 1004 3218 1073 μέν
3256 1003 3362 1073 γὰρ
3408 1003 3513 1072 φῶς
3551 1006 3616 1073 μὲν

389 1095 648 1149 Eamdem
680 1109 896 1162 quoque
942 1094 1217 1146 notionem
1255 1091 1323 1146 de
1365 1092 1570 1162 Spiritu
1605 1100 1796 1147 sancto
1826 1103 1832 1144 l

2169 1097 2339 1165 φωτὸς
2366 1095 2637 1166 ἐξέλαμψε
2656 1113 2668 1125 ·
2690 1096 2748 1148 τὸ
2767 1096 2823 1149 δὲ
2851 1096 2964 1165 φῶς
2988 1096 3089 1166 μὲν
3116 1098 3181 1148 ἐκ
3205 1097 3378 1164 φωτὸς
3394 1096 3484 1148 καὶ
3507 1098 3612 1161 αὐτὸ,

388 1204 511 1241 mus
538 1230 549 1251 ,
588 1186 737 1255 quia,
773 1193 831 1238 ut
857 1183 1029 1239 Filius
1060 1200 1125 1238 ex
1161 1183 1344 1244 Patre.
1375 1184 1448 1236 ita
1484 1191 1539 1237 et
1571 1182 1831 1252 Spiritus.

2171 1187 2272 1256 μὴν
2306 1186 2601 1256 γεννητῶς,
2629 1185 2742 1238 ἀλλ’
2771 1186 3118 1257 ἐκπορευτῶς
3162 1186 3460 1256 προῆλθεν·
3489 1188 3614 1251 οὕτως

386 1280 531 1348 quod
567 1277 866 1332 exsistendi
900 1276 1061 1331 modo
1098 1275 1297 1329 differt.
1346 1276 1441 1329 ille
1490 1276 1659 1333 enim.
1692 1275 1829 1328 lume

2170 1278 2342 1332 παῖδιον
2390 1278 2587 1349 Πατρί,
2638 1278 2810 1343 οὕτως
2854 1280 2955 1349 τὴν
2992 1278 3185 1332 οὐσίαν
3234 1280 3447 1341 ταύτὸν,
3488 1280 3613 1343 οὕτως

386 1369 590 1424 lumine
620 1384 715 1437 per
736 1368 1142 1437 generationem
1163 1366 1399 1432 refulsit,
1435 1366 1523 1419 hic
1554 1374 1758 1428 antem,
1792 1366 1829 1419 Ιι

2171 1370 2296 1434 ιθῶς
2320 1371 2530 1424 ἐκεῖθεν
2564 1371 2915 1443 ἐκπορευθέν.
2943 1372 3132 1434 Οὕτως
3160 1374 3219 1424 ἐν
3246 1374 3309 1441 τῇ
3344 1372 3522 1441 Τριάδι
3546 1375 3614 1441 τὴν

386 1460 605 1530 quidem
635 1469 688 1512 et
724 1460 838 1527 ipse
889 1458 956 1513 de
1005 1459 1209 1513 lumine
1242 1459 1467 1527 prodiit,
1505 1473 1613 1511 non
1663 1466 1829 1512 tamer

2170 1463 2279 1515 νάδα
2305 1463 2552 1533 νοοῦμεν,
2582 1464 2676 1516 καὶ
2707 1465 2765 1516 ἐν
2796 1467 2860 1534 τῇ
2896 1464 3084 1535 μονάδι
3112 1463 3211 1533 τὴν
3245 1464 3447 1535 Τριάδα
3469 1466 3613 1536 γνωρί-

382 1553 808 1623 generationem,
834 1554 925 1605 sed
954 1551 1319 1619 procedendo.
1356 1548 1430 1603 ita
1464 1558 1769 1603 comternus
1797 1547 1825 1600 Γ

2169 1570 2255 1605 εν.
2292 1552 2474 1606 Ταῦτα
2507 1554 2858 1625 χωρίσαντες,
2884 1555 2978 1607 καὶ
3002 1553 3163 1606 τοῦτο
3189 1554 3250 1605 τὸ
3286 1554 3475 1625 μέτρον
3503 1555 3612 1624 παρᾶ

384 1644 459 1697 ita
490 1643 791 1698 secundum
827 1641 1125 1696 essentiam
1165 1641 1331 1701 idem,
1366 1642 1440 1694 ita
1471 1640 1588 1693 sine
1618 1655 1827 1709 perpes:

2211 1643 2414 1717 Κυρίου
2459 1646 2559 1713 τῆς
2604 1645 2856 1713 γνώσεως
2902 1645 3182 1707 λαϐόντες,
3227 1648 3339 1708 τοῖς
3383 1646 3513 1698 υἱέσι
3544 1648 3610 1716 τῆς

383 1738 509 1792 inde
538 1751 864 1806 progressus
886 1743 990 1789 est.
1023 1732 1115 1787 Sic
1144 1734 1196 1787 in
1226 1731 1494 1787 Trinitate
1521 1732 1786 1785 unitatem
1818 1729 1826 1782 i

2166 1735 2405 1807 ικλησίας
2454 1736 2517 1788 τὸ
2564 1735 2905 1806 καταληφθὲν
2950 1734 3319 1805 ἐκτιθέμεθα,
3374 1733 3504 1786 οὕτω
3542 1735 3609 1803 μὲν

381 1830 602 1899 ligimus
636 1837 689 1882 et
729 1829 782 1881 in
817 1828 1024 1880 unitate
1056 1824 1383 1879 Trinitatem
1424 1824 1793 1893 agnoscimus.

2166 1830 2287 1879 ινεῖν
2320 1828 2784 1898 παρακαλοῦντες,
2813 1827 2916 1890 ἕως
2940 1826 3006 1879 ἂν
3033 1826 3373 1896 τελεωτέραν
3398 1826 3488 1894 τῆς
3510 1825 3609 1891 γνὼ-

382 1937 506 1975 cnm
544 1920 949 1990 perceperimus
982 1926 1144 1989 atque
1180 1918 1321 1971 hanc
1353 1918 1599 1971 scientia:
1645 1932 1825 1972 mensr

2164 1936 2204 1982 ις
2230 1919 2329 1991 τὴν
2358 1918 2632 1989 ἔκλαμψιν
2654 1919 2933 1982 δέξωνται·
2972 1917 3094 1971 ἐπεί
3122 1935 3188 1985 γε
3214 1920 3325 1980 τοῖς
3356 1917 3479 1989 παρ’
3494 1917 3607 1987 ﬁgura

381 2025 411 2063 a
444 2009 606 2081 427
642 2009 871 2063 Domino
908 2010 1280 2078 acceperimus
1302 2050 1317 2073 ,
1354 2006 1477 2062 [iliis
1513 2005 1769 2062 Ecclesia:
1795 2022 1824 2061 e

2165 2007 2331 2060 εθεῖσι
2379 2008 2477 2061 σὺν
2530 2007 2814 2079 ἐπιμελείᾳ
2867 2008 3123 2079 προέχειν
3186 2008 3525 2078 σωφρονικόν.
3554 2006 3606 2057 03

379 2100 564 2155 nimus
595 2101 739 2170 quod
773 2099 1323 2170 comprehendimus,
1358 2114 1565 2167 eosque
1598 2098 1822 2151 liortaml

2163 2120 2170 2150 ι
2211 2118 2263 2153 τι
2304 2099 2536 2171 κομψὸν,
2583 2100 2616 2171 ἣ
2668 2101 2994 2171 ὑπέρογκον,
3041 2100 3074 2171 ἢ
3127 2099 3493 2171 μεγαλαυχίας
3521 2099 3606 2167 ἔχιν

380 2191 455 2246 ita
490 2192 750 2252 sentiant.
784 2192 961 2246 donec
1009 2191 1393 2262 perfectiorem
1433 2189 1678 2245 scientiae
1708 2191 1823 2261 sple

2165 2191 2338 2255 ἱδειξιν
2395 2192 2845 2262 ἐφαντάσθημεν·
2909 2194 3033 2245 ὅσον
3076 2193 3135 2245 δέ
3187 2192 3409 2255 εὐσεϐὲς
3454 2191 3608 2261 μᾶλλον

379 2298 494 2338 rem
528 2283 837 2353 accipiant;
868 2282 1138 2352 siquidem
1164 2282 1253 2346 iis,
1289 2297 1410 2353 qua:
1448 2297 1479 2336 a
1514 2282 1675 2337 nobis
1715 2298 1822 2351 exp

2192 2284 2400 2355 πρέπον
2428 2286 2494 2354 τῇ
2530 2283 2649 2353 θείᾳ
2680 2284 2789 2354 (77)
2833 2282 3032 2351 γνώσει
3071 2282 3219 2336 κατὰ
3260 2282 3484 2353 δύναμιν
3520 2282 3608 2332 sui-

378 2381 530 2438 snnt,
580 2374 874 2445 diligenter
909 2373 1221 2436 attendere.
1268 2374 1333 2427 ad
1369 2374 1714 2444 prudentiam
1766 2390 1821 2429 cc

2166 2392 2333 2439 κντες,
2366 2375 2466 2445 τῆς
2501 2376 2630 2446 μιᾶς
2670 2373 2923 2444 θεότητος
2963 2374 3062 2446 τὴν
3106 2377 3165 2427 ἐν
3203 2374 3434 2437 τελείαις
3474 2374 3609 2444 τρισίν

376 2466 649 2537 quendam
679 2466 961 2522 conducit.
991 2464 1136 2519 Nihil
1165 2466 1310 2520 enim
1341 2467 1601 2536 lepidum,
1638 2466 1773 2520 nihil
1814 2488 1819 2517 ι

2164 2466 2393 2520 ›στάσεσι
2434 2465 2634 2534 γνῶσιν
2687 2465 3011 2537 ἐξεθέμεθα.
3070 2467 3187 2520 Καὶ
3238 2468 3368 2538 περὶ
3416 2466 3503 2536 μὲν
3537 2464 3607 2533 τῆς

377 2556 851 2626 exaggerationem
881 2563 976 2609 aut
1000 2555 1279 2624 jactantize
1323 2556 1561 2625 speciem
1594 2556 1810 2621 habeat,

2163 2559 2345 2631 ιαρίας
2381 2557 2478 2611 καὶ
2522 2557 2674 2622 θείας
2708 2558 2935 2629 Τριάδος
2981 2558 3125 2612 οὑτω
3164 2558 3279 2629 (78)
3318 2557 3606 2622 δοξάζοντες.

376 2665 467 2703 mo
496 2650 888 2720 concepimus;
939 2649 1034 2703 sed
1068 2650 1249 2719 potius
1295 2649 1560 2720 quidquid
1596 2650 1744 2720 pium
1789 2667 1819 2705 e

2175 2652 2272 2722 τὴν
2298 2649 2358 2714 ἐξ
2387 2650 2700 2721 οἰκονομίας
2725 2650 2885 2722 χάριν
2910 2649 3001 2704 τοῦ
3029 2651 3192 2719 λόγου
3219 2650 3300 2720 τῷ
3320 2649 3462 2719 λόγῳ
3486 2661 3606 2717 προτί

372 2742 517 2798 vina:
566 2743 813 2797 scientiae
859 2758 1159 2813 congruum
1211 2757 1312 2812 pro
1356 2743 1564 2797 viribus
1616 2743 1815 2813 collige]

2162 2761 2322 2814 ωμεν.
2355 2743 2627 2815 Ἀῥρητος
2660 2744 2759 2814 μὲν
2783 2742 2890 2815 γὰρ
2921 2744 3020 2813 τῆς
3046 2743 3361 2813 οἰκονομίας
3394 2744 3423 2795 6
3459 2740 3605 2806 λόγος.

374 2835 540 2889 unius
586 2833 891 2887 divinitatis
943 2832 996 2886 in
1033 2833 1209 2887 tribus
1256 2832 1513 2904 perfectis
1568 2834 1817 2905 hypostas

2174 2836 2231 2890 δὲ
2254 2835 2398 2905 λόγῳ
2421 2835 2500 2905 τῷ
2530 2834 2733 2906 πρώτῳ
2756 2834 2896 2887 κατὰ
2926 2834 3159 2906 δύναμιν
3192 2833 3352 2887 πάλιν
3388 2834 3512 2904 ἡμῖν
3540 2829 3606 2881 καὶ

372 2926 739 2995 cognitionem
769 2926 1144 2995 exposuimus.
1178 2924 1269 2979 Sic
1302 2925 1468 2995 igitur
1507 2933 1562 2980 et
1598 2926 1667 2982 de
1704 2927 1815 2981 beat

1302 2925 1468 2995 igitur
1507 2933 1562 2980 et
1598 2926 1667 2982 de
1704 2927 1860 2981 beata
1889 2944 1953 2982 ac
2054 2928 2214 2982 τοῦτο
2243 2927 2353 2999 (79)
2380 2926 2720 2993 ἐξεταστέον.

372 3016 555 3070 divina
609 3015 880 3071 Trinitate
914 3017 1235 3079 sentientes,
1268 3017 1335 3069 ad
1370 3034 1488 3071 eam
1530 3036 1651 3089 qua:
1692 3020 1851 3075 nobis
1888 3036 1954 3074 ex
1990 3018 2151 3075 Verbi
2178 3019 2559 3074 lncarnatioue
2609 3018 2853 3080 obvenit.
2911 3020 3145 3090 gratiam
3198 3019 3448 3073 oratione
3487 3029 3607 3069 acre-

374 3108 593 3162 damus.
646 3106 782 3160 Nam
842 3109 1225 3164 inenarrabilis
1269 3110 1431 3164 etiam
1474 3120 1558 3165 est
1600 3110 1996 3168 lncarnationis
2061 3112 2219 3167 ratio.
2273 3111 2477 3167 Eadem
2524 3120 2704 3167 autem
2736 3127 2801 3167 ac
2850 3126 3015 3181 supra
3064 3114 3282 3165 ratione
3326 3109 3381 3164 id
3429 3121 3605 3179 quoque

372 3200 800 3254 examinandum
836 3202 993 3255 nobis
1027 3210 1131 3256 est.

454 3292 542 3346 10.
607 3290 831 3345 Verbum
877 3293 977 3347 sibi
1017 3295 1071 3346 in
1116 3304 1262 3347 utero
1302 3293 1533 3363 Virginis
1573 3293 1819 3363 templum
1855 3293 1897 3362 [ε

2159 3291 2226 3345 ΙΟ.
2266 3291 2391 3344 Ὅτε
2418 3289 2528 3343 τῶν
2547 3290 2761 3343 οἰκείων
2782 3288 3114 3359 πλασμάτων
3148 3288 3385 3341 συνεῖδεν
3412 3291 3439 3342 6
3468 3290 3602 3357 Λόγος

374 3385 556 3439 ηιαυὶι.
612 3384 833 3439 Summa
880 3386 1018 3439 inter
1061 3385 1283 3439 Verbum
1321 3395 1371 3439 et
1402 3386 1661 3439 hominem
1706 3386 1817 3439 um’c

2160 3400 2258 3452 ιναι
2290 3384 2389 3453 τὴν
2419 3382 2724 3437 ἀνάπλασιν
2757 3382 3028 3451 γενέσθαι,
3076 3382 3171 3435 καὶ
3202 3384 3300 3453 τῆς
3330 3384 3425 3436 τοῦ
3469 3384 3603 3451 Ἀδὰμ

372 3476 508 3532 Cum
560 3476 793 3532 Verbum
845 3479 945 3533 sibi
1006 3480 1288 3533 conscium
1351 3488 1497 3533 esset
1550 3494 1649 3533 sua
1695 3494 1815 3535 esse

2155 3478 2346 3549 ωρίας,
2370 3478 2435 3547 ἦν
2457 3476 2711 3547 παραϐάς
2733 3476 2973 3547 ὥςρλησε,
2996 3477 3056 3529 τὸ
3082 3477 3246 3547 χρέος
3278 3479 3598 3549 ἀποδοθῆναι·

373 3570 548 3639 genda
580 3585 765 3638 opera,
796 3585 858 3623 ac
894 3586 1087 3640 paena},
1120 3586 1225 3641 qua
1258 3588 1316 3625 se
1346 3572 1515 3626 Adam
1548 3571 1816 3641 praevaric

2159 3584 2176 3619 ε
2209 3567 2293 3639 δὴ,
2318 3566 2427 3619 τῶν
2459 3566 2701 3637 οὐρανῶν
2727 3567 2828 3619 οὑκ
2862 3565 3133 3629 ἀποστὰς,
3159 3567 3297 3637 πρὸς
3326 3570 3471 3638 ἡμᾶς
3500 3584 3602 3619 κατα

372 3658 690 3722 obstrinxit,
732 3659 975 3715 debitum
1018 3676 1142 3716 esse
1190 3661 1542 3727 solvendum;
1592 3668 1707 3714 tum
1756 3676 1815 3714 ve

2155 3658 2331 3712 λυθεν.
2368 3659 2443 3711 Οὑ
2480 3657 2590 3729 γὰρ
2633 3654 2699 3727 ἦν
2750 3656 3001 3727 σώματος
3036 3659 3069 3728 ή
3113 3660 3444 3722 κατάϐασις,
3495 3657 3598 3710 άλὶέι

370 3751 526 3805 caelis
556 3766 666 3804 non
710 3751 1002 3807 discedens
1051 3752 1119 3806 ad
1160 3768 1261 3806 nos
1301 3752 1605 3807 descendit.
1643 3750 1762 3805 Non
1808 3773 1813 3801 ε

2155 3770 2206 3816 ις
2266 3752 2548 3824 ἐνεργείας
2601 3750 2883 3821 βούλησιςο
2952 3751 3095 3824 μέσῃ
3148 3753 3206 3806 δὲ
3266 3753 3523 3823 παρθένῳ,
3552 3753 3598 3801 ἐκ

370 3843 622 3910 corporis
643 3842 943 3898 descensus
980 3843 1103 3907 fuit,
1140 3843 1237 3899 sed
1265 3845 1463 3900 divina:
1490 3845 1813 3915 operationis

2154 3843 2339 3897 ιῖδικοῦ
2373 3844 2723 3916 καταγομένῃ
2754 3842 2847 3895 τοῦ
2882 3843 3075 3911 γένους
3108 3844 3201 3897 διὰ
3240 3845 3336 3908 τὰς
3371 3845 3498 3915 πρὸς
3526 3842 3597 3895 αὖ·

370 3939 575 3994 luntas.
616 3937 839 4008 Virgine
880 3948 1084 4003 autem,
1112 3956 1233 4010 qua:
1264 3956 1329 3995 ex
1366 3940 1567 3994 Davide
1604 3940 1676 3993 ob
1716 3955 1813 4009 pro

2175 3936 2526 4005 ἐπαγγελίας,
2564 3935 2699 4007 πρὸς
2713 3934 2812 4005 τὴν
2839 3935 2941 4004 τῆς
2968 3936 3285 4005 οἰκονομίας
3304 3935 3485 4007 χρείαν
3510 3934 3594 4001 (80)

371 4030 555 4083 siones
595 4030 669 4083 illi
698 4030 869 4085 factas
905 4048 1077 4100 genus
1117 4033 1373 4095 ducebat,
1410 4032 1731 4087 intermedia
1760 4033 1814 4087 ac

2152 4030 2415 4099 γσάμενος,
2444 4028 2539 4081 καὶ
2570 4026 2775 4098 ταύτης
2807 4026 2906 4097 τὴν
2940 4026 3104 4097 νηδὺν
3137 4026 3335 4091 εἰσδὺς,
3359 4025 3512 4077 οἰονεί
3532 4038 3595 4084 τς

369 4122 707 4177 carnationis
738 4139 877 4194 npus
907 4132 1084 4188 utens,
1112 4125 1344 4194 ejusque
1387 4132 1626 4189 uterum,
1662 4126 1807 4178 velut

2149 4139 2194 4185 >ς
2230 4121 2451 4192 σπόρος,
2500 4121 2724 4173 πλάττει
2783 4119 2907 4171 ναὸν
2942 4118 3123 4188 ἐαυτῷ
3170 4120 3263 4172 τὸν
3290 4119 3486 4172 τέλειον
3521 4117 3592 4169 ἂν·

366 4213 555 4268 vinum
608 4214 880 4282 quoddam
934 4229 1119 4268 semen
1169 4215 1415 4277 subiens,
1452 4214 1649 4268 format
1688 4214 1792 4267 sibi

2148 4228 2287 4274 ›πον,
2328 4212 2490 4284 μέρος
2524 4228 2575 4263 τι
2606 4209 2784 4264 λαϐὼν
2836 4209 2937 4279 τῆς
2971 4210 3190 4281 ἐκείνης
3248 4209 3475 4279 φύσεως,
3521 4208 3591 4258 ui

366 4306 652 4375 templum,
681 4306 955 4359 hominem
989 4306 1313 4376 perfectum,
1336 4321 1458 4360 cum
1478 4314 1685 4377 partem
1708 4306 1809 4376 aliq

2157 4303 2257 4375 τὴν
2288 4302 2380 4356 τοῦ
2409 4302 2538 4356 ναοῦ
2586 4302 2872 4356 διάπλασιν
2903 4301 3198 4364 οὑσιώσας.
3245 4302 3422 4364 Ἐνδὺς
3450 4300 3591 4352 δὲαύ-

366 4410 434 4449 ex
462 4394 701 4466 Virginis
746 4408 937 4450 natura
978 4398 1307 4467 sumpsisset
1337 4406 1393 4452 et
1425 4398 1492 4451 ad
1529 4396 1717 4467 templi
1741 4396 1809 4451 foi

2183 4396 2303 4450 κατ’
2337 4396 2512 4467 ἄκραν
2548 4397 2741 4450 ἕνωσιν
2772 4395 2903 4467 (81),
2938 4395 3072 4458 Θεὸς
3106 4394 3243 4465 ὁμοῦ
3288 4395 3376 4448 καὶ
3409 4392 3588 4461 ἄνθρω-

366 4488 568 4541 tionem
595 4486 980 4557 compegisset.
1003 4487 1137 4542 Illud
1169 4497 1349 4542 autem
1375 4503 1470 4558 per
1493 4504 1762 4543 summam
1787 4505 1809 4543 ιι

2176 4487 2471 4558 προελθὼν,
2503 4488 2645 4542 οὑτω
2675 4488 2773 4560 τὴν
2806 4486 2926 4542 καθ’
2946 4488 3095 4557 ἡμᾶς
3116 4487 3421 4557 οἰκονομίαν
3453 4482 3588 4550 ἐπλή-

366 4592 490 4629 nem
520 4577 751 4631 induens
784 4586 839 4631 et
866 4576 1029 4640 Deus,
1062 4586 1116 4632 et
1154 4578 1315 4631 homo
1348 4578 1627 4648 prodiens,
1658 4578 1739 4633 sic
1785 4594 1809 4632 s

2143 4596 2239 4632 rev.
2302 4580 2631 4654 Ἐπειδήπερ
2678 4579 2939 4651 ἁμαρτὼν
2976 4582 3004 4633 6
3050 4580 3241 4650 Ἀδὰμ,
3298 4578 3501 4647 θανάτῳ
3540 4574 3586 4623 τὺ

366 4667 511 4720 inter
584 4684 684 4723 nos
744 4671 1105 4723 oeconomiam
1172 4670 1431 4740 implevit.
1486 4670 1809 4740 Quandoqui

2142 4689 2196 4735 ος
2230 4672 2487 4736 ὑπέϐαλε,
2533 4673 2626 4725 καὶ
2656 4672 2752 4743 τὴν
2805 4672 2967 4740 φύσιν
3016 4672 3146 4742 ὃλην
3196 4670 3484 4723 ὑπεύθυνον
3526 4663 3585 4730 τῷ

366 4756 540 4811 Adam
587 4759 910 4828 delinquens
947 4761 1110 4814 morti
1157 4777 1328 4830 genus
1355 4779 1516 4817 suum
1570 4762 1809 4816 subdidit

2136 4764 2193 4815 ἱει
2227 4764 2515 4835 πεποίηκε,
2547 4764 2677 4827 Θεὸς
2705 4764 2962 4834 ὑπάρχων
2983 4765 3011 4816 6
3035 4764 3163 4827 Υἱὸς
3193 4763 3284 4816 καὶ
3310 4760 3579 4829 ἄνθρωπος,

366 4848 677 4903 universam
726 4859 976 4905 naturam
1033 4852 1219 4907 debito
1259 4855 1588 4921 obstrinxit;
1639 4854 1809 4910 Filius

2135 4854 2389 4909 ικαλεῖται
2435 4855 2529 4907 τοῦ
2579 4855 2749 4925 Ἀδὰμ
2796 4856 2858 4909 τὸ
2892 4855 3247 4927 παράπτωμα
3269 4872 3281 4883 ·
3322 4845 3471 4923 καὶῇ
3504 4849 3578 4916 μὲν

366 4936 512 4991 Deus
539 4940 807 4994 exsistens
832 4950 887 4994 et
924 4942 1106 5005 homo,
1148 4956 1365 5013 reparat
1396 4945 1523 4999 Δάαι
1570 4946 1785 5015 lapsum

2144 4963 2345 5016 ρωπος,
2383 4948 2687 5017 ἀμέμπτως
2704 4947 3063 5009 πολιτεύεται,
3091 4947 3185 4999 καὶ
3214 4946 3433 4999 θάνατον
3462 4937 3581 4993 ἐκού-

364 5039 635 5100 quatenus
668 5032 858 5098 homo,
907 5037 1025 5090 sine
1058 5045 1281 5106 peccato
1312 5037 1464 5103 vivit,
1496 5047 1549 5093 et
1577 5038 1807 5093 voluntal

2135 5057 2155 5089 ν
2184 5039 2557 5109 καταδέχεται,
2592 5041 2679 5096 διὰ
2714 5042 2811 5111 μὲν
2836 5040 2934 5111 τῆς
2967 5041 3143 5111 ἄκρας
3180 5037 3440 5099 πολιτείας
3466 5034 3578 5100 ἀςπι-

446 5321 558 5399 (7_7)
595 5322 671 5399 ζῇ
705 5324 849 5399 θείᾳ.
876 5322 939 5399 R_.
978 5323 1286 5393 Stephanus
1333 5325 1399 5379 ad
1446 5325 1649 5380 calcem
1697 5327 1763 5396 τῇ
1798 5326 1889 5379 ἀλτ

2128 5323 2223 5399 80)
2254 5327 2491 5399 Χρείαν.
2524 5327 2616 5399 ita
2648 5328 2815 5384 Coisi.
2848 5338 3099 5398 uterque.
3129 5327 3258 5397 Reg.
3295 5324 3318 5379 ί
3366 5332 3420 5378 α
3456 5321 3504 5379 2,
3530 5326 3571 5370 et

364 5392 577 5470 Osi_._lta
600 5392 738 5470 βεδε.
776 5394 798 5446 1
832 5400 885 5470 et
909 5394 964 5470 2.
1305 5466 1325 5470 _
1484 5463 1500 5470 _
1798 5467 1807 5470 _

1798 5467 1808 5470 _
1884 5392 1900 5470 γ’
2036 5392 2453 5470 Βςξιέρὴὲιηυε
2470 5398 2538 5451 ad
2571 5400 2795 5470 calcem.
2836 5392 3222 5470 Ειιὶιῖχρῆσινξ

436 5463 551 5534 (78)
589 5464 699 5538 ῌαί
724 5464 1008 5538 ἕερίλμὲν
1034 5464 1207 5538 τῆςζ.
1258 5466 1428 5538 οὕτω.
1484 5463 1559 5517 Ita
1588 5465 1873 5538 gantiquiss

2128 5463 2385 5536 8¹ΥΚατ⁹
2417 5467 2608 5536 ἄκραν
2632 5469 2865 5538 ἕνωσιν.
2899 5463 3347 5538 ρυιὲἐέιιιιυηιυι·
3376 5466 3571 5538 desunt-

365 5532 487 5609 r_nus
517 5534 684 5609 code);
715 5532 1284 5609 Coislinianus.Editi
1336 5535 1480 5588 οὑτω
1516 5536 1608 5587 καὶ
1639 5537 1765 5609 περί
1807 5568 1808 5571 η

2184 5532 2314 5609 Sunt
2347 5554 2411 5609 ex
2465 5532 2633 5593 Cuisl.
2671 5553 2729 5609 _i.
2785 5532 2941 5593 Editi'
2984 5532 3147 5591 Υἰοὺ’
3170 5539 3295 5601 Θεὸς

366 5602 526 5659 Deest
544 5604 872 5681 _conjunctio
902 5608 956 5660 in
987 5606 1150 5662 Coisl.
1183 5608 1236 5670 2,
1276 5614 1329 5661 et
1361 5621 1485 5659 mox
1530 5616 1655 5660 ante
1699 5600 1797 5677 τῆς

2125 5624 2195 5681 ρῳ
2221 5607 2321 5681 τάς
2349 5608 2557 5681 φύσεις.
2603 5607 2691 5673 Ἐξ
2719 5610 2926 5681 ἐκείνου
2962 5609 3072 5681 γὰρ
3099 5612 3127 5663 6
3174 5600 3295 5681 ιτιδς
3331 5600 3423 5660 κάι

368 5671 691 5751 mariue;
816 5742 836 5751 -
1448 5743 1473 5751 η
1754 5671 1764 5677 ’

2124 5671 2469 5751 ξάνθρωτὲοςς
2499 5671 2808 5745 οὓτωίοῑο.
2846 5671 3071 5751 Legitur
3122 5679 3281 5735 etiam
3314 5671 3567 5748 προελθὼν

441 5741 552 5813 (79)
587 5744 782 5797 Τοῦτο.
816 5742 891 5797 Ita
926 5744 1093 5801 Coisl.
1124 5746 1176 5801 2.
1212 5746 1352 5802 Editi
1382 5743 1589 5800 τοῦνον.

1034 5748 1093 5801 sl.
1124 5746 1176 5801 2.
1212 5746 1352 5802 Editi
1382 5743 1589 5800 τοῦτον.
2029 5747 2085 5799 in
2121 5741 2308 5817 Regfl
2343 5758 2396 5804 et
2424 5747 2477 5808 2'.
