3638 6476
365 371 509 425 1227

1152 371 1524 431 ΑΡΡΕΝΒΙΧ.
1557 405 1626 416 --
1655 371 1838 430 PARS
1875 373 1914 430 l.
1959 381 1961 425 :

2127 371 2328 426 'STl'Nl
2371 369 2599 426 OPICRA
2644 370 2914 430 SPURJA.

3474 373 3586 429 1228

352 500 418 540 ex
455 485 580 556 igne
601 493 650 541 et
685 500 809 541 aere
837 493 890 541 et
920 501 1059 558 aqua
1092 496 1146 542 et
1177 497 1346 554 terra,
1381 506 1482 546 nec
1511 491 1623 560 jam
1656 498 1839 546 tamen
1877 491 1942 544 il-

2124 490 2258 558 .ὀγος
2304 489 2398 542 τοῦ
2447 505 2505 542 τε
2561 489 2935 560 συγκειμένου,
2987 488 3097 541 τῶν
3125 504 3183 542 τε
3233 489 3588 543 συντεθέντων

356 579 448 634 lud
472 595 592 635 esse
618 582 797 651 ignem
847 588 940 636 aut
992 597 1173 636 aerem
1227 581 1452 648 dixeris,
1509 591 1601 637 aut
1644 584 1942 654 quidquam

357 686 428 726 ex
477 672 622 736 aliis,
671 673 719 728 si
760 673 977 744 quidem
1019 674 1233 729 diversa
1275 676 1416 730 ratio
1470 682 1554 730 est
1595 677 1742 731 illius
1799 677 1944 746 quod

355 764 721 833 compositum
749 772 852 828 est,
898 774 953 818 et
989 780 1176 820 eorum
1212 783 1276 820 ex
1310 766 1511 836 quibus
1565 769 1944 838 componitur;

358 853 435 908 ita
467 854 653 920 homo,
689 856 943 926 quamvis
993 871 1059 911 ex
1103 857 1285 910 anima
1339 865 1556 913 constet
1601 866 1657 914 et
1689 875 1944 931 corpore,

357 948 500 1002 alius
541 954 722 1004 tamen
757 956 843 1004 est
878 963 942 1003 ac
983 963 1048 1003 ea
1083 964 1150 1004 ex
1190 951 1390 1019 quibus
1433 959 1668 1007 constat.
1716 950 1807 1008 Sic
1847 968 1948 1006 au-

360 1051 467 1095 tem
496 1039 700 1095 clarius
747 1039 1016 1110 intelliges
1049 1039 1179 1109 quid
1217 1041 1417 1096 dicam.
1455 1040 1532 1096 Ex
1562 1042 1796 1098 diversis
1835 1059 1952 1096 ma-

358 1127 516 1184 teriis
550 1129 771 1182 domum
801 1125 1140 1181 mdiﬁcamus
1174 1147 1184 1181 :
1217 1135 1271 1180 at
1304 1144 1466 1183 nemo
1495 1128 1696 1184 dixerit
1725 1129 1950 1184 domum

358 1222 503 1279 idem
534 1237 656 1276 esse
687 1236 750 1275 ac
808 1218 1066 1274 materias
1107 1235 1172 1274 ex
1211 1221 1414 1290 quibus
1469 1229 1791 1276 constructa
1842 1229 1948 1276 est.

359 1313 480 1369 Non
506 1313 650 1369 enim
684 1312 1006 1381 simpliciter
1040 1312 1248 1382 lapides
1269 1320 1324 1367 et
1353 1313 1500 1384 ligna
1529 1323 1584 1368 et
1628 1322 1826 1368 caetera
1853 1313 1953 1367 do-

359 1426 482 1465 mus
527 1415 675 1464 sunt.
710 1404 846 1459 Nam
913 1408 959 1462 si
1016 1407 1093 1460 ita
1154 1415 1322 1471 esset,
1365 1416 1493 1462 ante
1535 1407 1952 1462 aediﬁcationem

360 1509 628 1580 separatae
684 1502 790 1556 illa:
838 1500 1087 1555 materiae
1142 1499 1340 1556 domus
1384 1500 1584 1554 merito
1617 1499 1950 1554 dicerentur.

358 1595 430 1651 At
461 1604 608 1652 certa
638 1593 905 1666 quazdam.
942 1593 1299 1648 materiarum
1332 1593 1474 1648 inter
1503 1608 1563 1648 se
1601 1601 1980 1663 coagmenta-‘v

358 1689 440 1743 tio
477 1687 699 1744 domum
729 1685 890 1741 nobis
929 1685 1186 1740 absolvit.
1229 1685 1524 1751 Cancrum,
1573 1686 1739 1742 domo
1771 1685 1954 1740 disso-

360 1781 498 1845 luta,
532 1788 756 1836 manent
805 1778 1064 1834 similiter
1096 1780 1339 1834 materiae
1369 1779 1647 1850 propriam
1687 1778 1954 1832 rationem

360 1873 686 1939 retinentes,
711 1872 804 1928 sed
827 1873 1056 1943 periisse
1079 1872 1313 1928 dicimus
1343 1871 1588 1936 domum,
1611 1886 1774 1942 quam
1804 1878 1954 1926 certa

363 1965 610 2036 quaedam
647 1965 1000 2019 materiarum
1035 1964 1354 2035 conjunctio
1405 1965 1734 2020 absolverat.
1779 1961 1856 2017 lta
1901 1971 1954 2018 et

363 2057 422 2112 in
451 2058 690 2113 homine.
721 2056 982 2122 Quamvis
1007 2057 1152 2111 enim
1187 2071 1254 2112 ex
1281 2056 1462 2111 anima
1493 2063 1711 2112 constet
1743 2063 1798 2111 et
1829 2072 1955 2110 cor-

361 2165 518 2223 pore,
548 2157 860 2204 nontamen
892 2149 1034 2205 idem
1062 2157 1148 2205 est
1183 2165 1248 2203 ac
1281 2165 1344 2203 ea
1378 2165 1445 2203 ex
1477 2149 1677 2219 quibus
1712 2155 1952 2213 constat,

363 2243 460 2299 sed
499 2242 643 2297 aliud
677 2261 689 2297 :
735 2242 809 2296 ita
835 2250 892 2296 ut
929 2243 1094 2297 homo
1141 2240 1289 2295 aliud
1333 2241 1554 2295 tertium
1585 2240 1675 2304 sit,
1711 2239 1860 2310 quod
1889 2257 1956 2294 ex

363 2335 754 2407 conjunctione
799 2337 998 2391 animae
1039 2345 1094 2391 et
1147 2335 1398 2405 corporis
1432 2333 1734 2404 perﬁcitur.
1778 2332 1956 2403 Atque

361 2428 418 2483 id
450 2429 576 2484 inde
609 2437 776 2499 patet,
809 2429 954 2499 quod
989 2427 1357 2497 disjunctione
1397 2427 1591 2480 horum
1641 2425 1806 2487 facta,
1841 2440 1960 2478 ma-

365 2529 459 2577 net
499 2537 702 2591 corpus
749 2521 1026 2592 propriam
1070 2534 1299 2576 servans
1329 2519 1634 2583 rationem;
1689 2515 1956 2571 trifariam

363 2616 511 2671 enim
562 2615 722 2669 habet
775 2614 1174 2670 dimensionem
1218 2613 1348 2667 licet
1397 2619 1710 2676 mortuum;
1773 2617 1958 2664 manet

365 2707 528 2762 etiam
561 2707 744 2760 anima
773 2706 1028 2761 similiter
1065 2705 1276 2759 ratione
1304 2710 1487 2767 utens,
1521 2701 1772 2773 quamvis
1801 2716 1958 2771 sepa-

368 2807 488 2857 rata
516 2799 682 2870 429
702 2799 810 2866 sit;
843 2806 897 2852 at
923 2798 1087 2852 homo
1109 2797 1290 2867 periit,
1316 2810 1479 2866 quem
1510 2794 1801 2863 utriusque
1825 2807 1959 2846 con-

363 2890 578 2960 iunctio
607 2891 933 2960 perfecerat.
971 2889 1225 2945 Christus
1275 2896 1457 2943 autem
1492 2903 1602 2941 non
1656 2901 1722 2941 ex
1757 2885 1960 2940 divini-

368 2991 482 3039 tate
513 2990 568 3038 et
625 2983 966 3036 inmanitate
1014 2980 1290 3051 perfectus
1339 2991 1423 3036 est
1470 2979 1743 3043 Christus,
1800 2978 1959 3048 quasi

370 3076 519 3130 aliud
549 3083 698 3131 esset
744 3083 942 3145 prmter
979 3073 1110 3136 duo,
1145 3073 1241 3128 sed
1277 3082 1570 3143 utrumque
1599 3080 1704 3137 est,
1735 3079 1789 3127 et
1816 3071 1960 3128 Deus

2052 582 2224 644 οὕτως
2254 583 2282 633 6
2311 582 2612 654 ἅνθρωπος,
2655 584 2705 634 εἰ
2758 582 2849 634 καὶ
2899 584 2962 634 ὲκ
3009 581 3189 651 ψυχῆς
3240 582 3332 634 καὶ
3382 582 3594 652 σώματος

2051 676 2220 737 ἐστιν,
2252 675 2434 746 ἕτερος
2464 675 2614 746 παρά
2642 675 2710 727 τὰ
2735 675 2792 741 ἐξ
2825 668 2897 728 ὧν
2925 675 3093 726 ἐστίν.
3124 669 3252 726 Ὧδε
3293 673 3346 727 δὲ
3384 673 3548 744 μάθοις
3572 676 3598 728 6

2050 764 2193 832 λέγω
2221 765 2573 836 σαφέστερον.
2607 767 2700 818 Ἐκ
2726 766 2994 838 διαφόρων
3021 765 3164 818 ὑλῶν
3191 767 3281 819 τὸν
3317 763 3448 819 οἷκον
3473 771 3598 820 οἰκο-

2049 859 2352 929 δομοῦμεν·
2390 859 2504 912 ἀλλ’
2554 861 2654 912 οὑκ
2699 861 2764 914 ἄν
2788 877 2870 923 τις
2915 857 3060 912 εἴποι
3111 861 3208 912 τὸν
3253 855 3392 912 οἷκον
3431 860 3601 913 ταύτὸν

2054 953 2320 1024 ὑπάρχειν
2344 954 2462 1014 ταῖς
2493 951 2647 1014 ὕλαις
2673 955 2791 1015 ταῖς
2820 952 2878 1018 ἐξ
2904 945 2980 1004 ὧν
3007 952 3186 1004 ἐστίν·
3219 953 3279 1004 οὑ
3315 953 3413 1022 γὰρ
3436 954 3604 1016 ἁπλῶς

2052 1044 2099 1094 οἱ
2127 1040 2287 1100 λίθοι,
2341 1042 2434 1093 καὶ
2487 1040 2556 1093 τὰ
2611 1041 2760 1106 ξύλα,
2817 1044 2909 1095 καὶ
2955 1043 3024 1095 τά
3075 1043 3262 1108 λοιπὰ,
3292 1039 3472 1107 ὀοῖκός
3503 1045 3601 1112 (9.1)

2054 1136 2222 1186 ἐστιν.
2261 1134 2324 1184 Εἰ
2351 1134 2456 1207 γάρ
2484 1133 2644 1186 τοῦτο
2667 1130 2734 1205 ἦν
2761 1135 2888 1206 (95),
2937 1137 3045 1208 πρὸ
3072 1137 3170 1207 τῆς
3199 1136 3484 1206 οἰκοδομίας
3505 1136 3607 1208 διῃ-

2057 1241 2124 1296 ρη
2136 1224 2303 1294 μένας
2331 1226 2500 1288 αὑτάς
2529 1224 2628 1287 τὰς
2658 1225 2788 1290 ὕλας
2834 1223 2986 1280 οἷκον
3017 1228 3084 1282 ἄν
3125 1246 3212 1291 τις
3238 1229 3447 1292 δικαίως
3473 1228 3606 1279 καλέ-

2058 1331 2220 1368 σειεν.
2276 1315 2411 1368 Ἀλλ’
2439 1318 2471 1387 ἡ
2499 1317 2677 1371 τοιάδε
2726 1317 2831 1369 τῶν
2882 1319 3027 1371 ὑλῶν
3080 1320 3220 1392 πρὸς
3270 1318 3482 1388 ἀλλήλας
3505 1319 3606 1385 (96)

2059 1406 2335 1478 σύμπηξις
2363 1409 2452 1461 τὸν
2479 1407 2623 1464 οἷκον
2648 1411 2776 1481 ἡμῖν
2806 1412 3090 1465 ἀποτελεῖν
3119 1412 3376 1480 πέφυκεν.
3418 1413 3606 1480 Ἀμέλει

2055 1499 2155 1569 τῆς
2178 1500 2357 1564 οἰκίας
2396 1501 2667 1573 λυθείσης,
2712 1503 2929 1572 μένουσι
2962 1504 3060 1573 μὲν
3093 1503 3299 1572 ὁμοίως
3323 1502 3376 1555 αἱ
3400 1503 3501 1556 ὗλαι
3524 1502 3606 1555 τὸν

2057 1592 2256 1644 οἰκεῖον
2309 1593 2604 1662 ἑπέχουσαι
2653 1594 2806 1663 λόγον
2828 1612 2839 1625 ·
2868 1595 3209 1649 ἀπολωλέναι
3256 1595 3311 1648 δὲ
3336 1595 3493 1665 φαμὲν
3518 1593 3604 1663 τὴν

2058 1680 2257 1742 οἰκίαν,
2313 1683 2380 1753 ἢν
2406 1685 2438 1753 η
2469 1685 2644 1737 τοιάδε
2671 1684 2776 1738 τῶν
2806 1685 2943 1738 ὑλῶν
2986 1685 3239 1752 σύζευξις
3293 1687 3602 1740 ἀπετέλεσεν.

2061 1774 2218 1828 Οὕτω
2246 1777 2337 1829 καὶ
2364 1779 2459 1830 ἐπὶ
2488 1779 2581 1830 τού
2614 1779 2722 1849 (97)
2749 1779 3058 1851 ἀνθρώπου.
3091 1782 3215 1834 Κᾶν
3243 1780 3351 1852 γὰρ
3374 1783 3430 1834 ἐκ
3451 1781 3605 1851 ψνῄς

1985 1854 2030 1908 Β
2059 1869 2153 1922 καὶ
2205 1868 2456 1940 σώματος
2511 1872 2749 1945 ὑπάρχῃ,
2780 1873 2839 1924 οὑ
2870 1873 3066 1926 ταὺτὸν
3095 1873 3162 1926 ἂν
3192 1875 3278 1942 εἴη
3310 1876 3415 1937 τοῖς
3454 1873 3504 1938 ἐξ
3543 1868 3605 1924 ὧν

2059 1959 2224 2019 ἐπὶν,
2285 1959 2397 2012 ἀλλ’
2448 1959 2632 2030 ἕτερον
2663 1959 2804 2031 (98)·
2833 1961 2907 2024 ὼς
2945 1958 3083 2016 εἶναι
3112 1961 3211 2015 τὸν
3260 1962 3520 2033 ἄνθρωπον
3553 1965 3601 2029 ἐξ

2058 2053 2229 2123 αὑτῆς
2257 2053 2355 2122 τῆς
2387 2052 2680 2121 συναιρείας
2707 2053 2886 2124 ψυχῆς
2917 2055 3054 2126 πρὸς
3084 2056 3269 2127 σῶμα,
3302 2059 3468 2128 τρίτον
3493 2059 3606 2110 ἀτο-

2056 2141 2382 2211 τελούμενον
2434 2140 2579 2194 ἄλλο.
2634 2142 2742 2195 Καὶ
2765 2143 2922 2196 τοῦτο
2969 2143 3128 2216 δῆλον
3157 2147 3252 2215 ἀφ’
3279 2139 3371 2208 ὧν,
3405 2148 3491 2218 τῆς
3512 2147 3605 2199 δια-

2060 2234 2289 2299 ζεύξεως
2320 2236 2416 2305 τῆς
2442 2234 2645 2288 τούτων
2691 2237 3008 2307 γενομένης,
3062 2239 3219 2310 μένει
3252 2241 3351 2310 μὲν
3381 2239 3536 2302 οὕτως
3559 2241 3607 2291 τὸ

2061 2327 2221 2399 σῶμα
2246 2328 2336 2380 τὸν
2383 2330 2580 2381 οἰκεῖον
2611 2328 2782 2393 σῶζον
2808 2329 2992 2398 λόγον·
3031 2336 3196 2403 τριχῇ
3247 2333 3354 2404 γάρ
3379 2335 3481 2386 ἐστι
3513 2333 3606 2386 δια-

2062 2423 2276 2486 στατὸν,
2329 2421 2430 2475 κᾶν
2477 2423 2668 2495 νεκρὸν
2719 2425 2969 2496 ὑπάρχῃ·
3000 2427 3031 2494 ἡ
3060 2426 3207 2497 ψυχή
3260 2445 3318 2479 τε
3347 2427 3492 2479 πάλιν
3521 2426 3607 2494 (9⁸3)

2058 2514 2260 2585 ὁμοίως
2293 2513 2482 2586 λογικὴ
2509 2513 2868 2584 τυγχάνουσα,
2911 2516 3011 2570 κᾶν
3039 2517 3335 2590 διαζευχθῇ
3356 2537 3368 2548 ·
3398 2520 3608 2573 ἀπόλωλε

2058 2606 2113 2659 δὲ
2141 2609 2168 2658 6
2196 2606 2500 2680 ἄνθρωπος,
2530 2607 2590 2661 ὃν
2616 2608 2941 2662 ἀπετέλεσεν
2991 2611 3275 2682 ἑκατέρων
3302 2615 3334 2684 ἡ
3374 2613 3608 2676 σύζευξις.

2073 2699 2130 2750 Ὁ
2153 2699 2209 2751 δὲ
2236 2699 2468 2772 Χριστὸς
2518 2701 2618 2754 οὑκ
2664 2703 2729 2754 ἐκ
2780 2700 3036 2774 θεότητος
3088 2702 3184 2756 κα)⁵
3230 2704 3612 2777 ἀνθρωπύτητος

2061 2789 2390 2862 ἀπετελέσθη
2423 2791 2676 2863 Χριστὸς,
2706 2791 2860 2855 ἄλλος
2895 2790 2972 2844 ὢν
2992 2793 3064 2863 (1)
3096 2795 3249 2867 παρὰ
3275 2795 3343 2848 τὰ
3369 2797 3470 2860 δύο,
3498 2796 3609 2849 ibi

2062 2881 2156 2934 καί
2184 2881 2319 2946 Θεὸς
2348 2884 2440 2937 καὶ
2468 2884 2752 2956 ἄνθρωπος
2789 2885 3030 2958 ἑκάτερα
3056 2888 3317 2956 τυγχάνει
3341 2907 3352 2918 ·
3379 2889 3500 2952 Θεὸς
3531 2890 3610 2959 μὲν

2061 2971 2349 3044 νοούμενος
2383 2977 2447 3046 τῇ
2496 2975 2603 3028 τῶν
2631 2976 2932 3047 τεραστίων
2977 2979 3254 3048 ἐνεργείᾳ,
3286 2979 3548 3051 ἄνθρωπος
3568 2979 3608 3029 δὲ

2061 3066 2407 3139 δεικνύμενος
2448 3072 2512 3140 τῇ
2551 3069 2650 3139 τῆς
2681 3069 2893 3140 φύσεως
2946 3071 3328 3142 ὁμοιοπαθείᾳ.
3363 3071 3549 3133 Ἄλλως
3568 3073 3610 3123 δὲ

369 3177 426 3222 et
454 3168 667 3222 homo:
703 3182 767 3222 ac
802 3165 946 3220 Deus
978 3165 1198 3236 quidem
1239 3181 1305 3220 ex
1344 3166 1714 3236 prodigiorum
1760 3179 1957 3234 Opera-

2124 3161 2281 3226 ›λλοῖς
2337 3161 2429 3216 καὶ
2459 3162 2662 3232 ἡψυχὴ
2709 3162 2816 3215 τῶν
2858 3162 2958 3216 τοῦ
3009 3162 3269 3235 σώματος
3322 3182 3608 3237 προκατεχο-

366 3261 522 3314 tione
575 3259 935 3324 intelligitur;
983 3257 1258 3312 hominem
1295 3258 1590 3314 ostendunt
1613 3259 1823 3314 similes
1861 3275 1960 3314 n0-

373 3352 507 3408 stris
540 3353 942 3423 perpessiones.
985 3349 1256 3406 Praeterea
1297 3368 1439 3422 sazpe
1491 3352 1673 3405 anima
1711 3353 1960 3422 corporis

374 3445 823 3518 perpessionibns
856 3453 1290 3516 prmoccupatur,
1329 3461 1392 3499 ac
1420 3460 1562 3515 saepe
1584 3452 1710 3498 ante
1735 3460 1958 3514 corpus,

374 3555 592 3609 semper
625 3548 805 3594 autem
847 3553 971 3592 cum
1005 3553 1254 3606 corpore,
1303 3546 1363 3592 ut
1393 3553 1486 3607 per
1511 3553 1570 3592 se
1611 3535 1960 3592 manifestum

372 3639 479 3697 est,
513 3631 688 3699 dolet;
717 3631 920 3701 quippe
943 3645 1070 3685 cum
1095 3645 1237 3699 smpe
1267 3629 1566 3684 sectionem
1593 3629 1842 3699 corporis
1866 3643 1962 3683 ex-

376 3725 656 3788 timescat,
687 3738 753 3778 ac
787 3730 915 3778 ante
943 3724 1197 3794 corporis
1242 3723 1650 3792 perpessionem
1706 3721 1961 3778 immute-

372 3821 486 3877 tur,
513 3821 567 3869 et
599 3821 724 3883 post
759 3815 1058 3870 sectionem
1099 3813 1456 3868 nihilominus
1485 3812 1703 3868 dolores
1737 3828 1962 3882 persen-

376 3907 496 3961 tiat.
549 3906 707 3973 Quod
756 3908 978 3977 quidem
1014 3907 1082 3962 de
1121 3906 1326 3960 Christi
1379 3905 1664 3961 divinitate
1707 3922 1866 3962 nemo
1895 3924 1960 3962 ex

378 3998 486 4061 his,
515 3999 606 4068 qui
635 4007 782 4054 recte
805 4000 1008 4055 sentire
1043 3999 1241 4062 solent,
1271 3991 1376 4054 nisi
1406 3999 1626 4068 penitus
1660 4008 1839 4053 mente
1869 4015 1963 4054 ca-

378 4090 581 4160 piatur,
616 4097 710 4144 aut
739 4091 920 4146 dicere
953 4091 1150 4146 audeat
1184 4097 1278 4144 aut
1301 4091 1624 4161 approbare.
1655 4090 1832 4157 Quare
1859 4092 1960 4146 ho-

379 4181 545 4237 minis
567 4184 876 4254 exemplum
907 4184 1090 4255 aliqua
1123 4183 1178 4237 in
1214 4197 1274 4237 re
1321 4182 1716 4239 admittendum
1765 4192 1872 4249 est,
1903 4185 1958 4238 in

375 4273 592 4328 caneris
614 4287 746 4328 vero
784 4273 1121 4344 fugiendum.

452 4368 538 4422 12.
590 4367 904 4438 Exemplum
934 4368 1062 4422 solis
1093 4376 1143 4420 et
1174 4367 1325 4421 lucis.
1350 4397 1419 4407 —
1447 4366 1556 4422 Nos
1582 4375 1762 4421 autem
1793 4377 1842 4421 et
1870 4384 1960 4420 an-

377 4467 464 4516 tea
496 4462 733 4518 confessi
769 4477 962 4516 sumus
988 4475 1092 4515 nos
1122 4461 1325 4514 claram
1353 4460 1518 4531 hujus
1546 4459 1795 4515 veritatis
1839 4476 1961 4528 pcr-

379 4555 684 4625 ceptionem
709 4569 819 4607 non
849 4553 1092 4623 assequi,
1118 4559 1172 4607 et
1198 4567 1344 4607 nunc
1378 4552 1564 4607 animo
1604 4551 1962 4607 nihilominus

379 4655 531 4701 recto
558 4646 843 4701 scientiam
877 4644 1177 4700 secundum
1206 4660 1522 4699 mensuram
1550 4644 1709 4698 nobis
1733 4659 1962 4698 conces-

381 4753 498 4793 sam
517 4737 854 4808 proﬁtemur,
873 4745 926 4791 et
943 4737 1010 4791 ad
1030 4737 1374 4806 perspicuam
1401 4737 1686 4800 rationem,
1701 4753 1821 4804 quae
1837 4735 1960 4804 qui-

455 4893 567 4962 (91)
607 4893 658 4944 Ὁ
687 4893 870 4958 οἶκος.
904 4890 1067 4945 Deest
1094 4892 1360 4946 articulus
1390 4891 1444 4946 in
1471 4892 1639 4946 Coisl.
1671 4893 1725 4946 2.

455 4973 566 5045 (95)
590 4972 766 5045 Τοῦτο
891 4969 1052 5045 Deest
1071 4973 1296 5045 verbum
1323 4973 1376 5045 in
1389 4971 1574 5045 Regio
1597 4973 1629 5025 5
1646 4971 1877 5045 etCoisl.
1902 4972 1956 5045 2.

385 5041 608 5113 Legitur
637 5043 691 5096 in
720 5041 890 5113 Coisl.
916 5042 938 5095 1
963 5043 1055 5113 και
1083 5043 1188 5112 πρὸ
1218 5043 1338 5112 τῆς.
1358 5042 1476 5096 Mox
1496 5041 1586 5096 ’ex
1616 5043 1805 5097 eodem
1833 5044 1957 5098 cod.

385 5123 438 5170 et
465 5111 529 5168 ex
559 5113 689 5184 Reg.
719 5113 742 5165 1
765 5120 825 5184 et
850 5112 906 5176 2,
937 5122 990 5167 et
1016 5111 1254 5184 Clarom.
1276 5111 1310 5166 2
1335 5112 1614 5184 desumpsi
1636 5113 1960 5184 adverbium

383 5181 780 5254 6txaioi;,quod
797 5181 1044 5254 etiamad
1059 5183 1263 5254 calcem
1279 5181 1610 5253 apposuitR.
1629 5183 1960 5254 Stephanus.

386 5255 570 5383 “(9(3)
613 5251 923 5324 Ἀλλήλας.
979 5251 1055 5306 Ita
1106 5253 1274 5308 Coisl.
1314 5251 1764 5323 antiquissimus.
1822 5253 1962 5309 Editi

487 5343 610 5383 ηα.

543 5343 610 5381 ια.

460 5345 484 5377 Α
525 5345 610 5381 Λα.

460 5345 572 5467 (37)
605 5396 767 5451 Οὕτω
801 5400 900 5454 καὶ
929 5395 1026 5450 ἐπὶ
1052 5394 1176 5467 τοῦ.
1201 5393 1370 5467 Coisl.
1397 5393 1419 5445 1
1442 5391 1613 5467 οὑτως
1631 5392 1719 5445 ἐπὶ
1756 5393 1848 5446 τοῦ
1879 5395 1964 5445 άν-

381 5463 742 5539 θρῶπουκᾶν
768 5471 832 5522 ὲκ
855 5469 1036 5539 ψυχῆς
1064 5466 1158 5539 καί
1187 5463 1442 5539 σώματος
1463 5465 1728 5539 ὑπάρχει,

618 5538 766 5608 Ἀλλ’
794 5535 1022 5608 ἕτερὸν.
1053 5536 1223 5590 Coisl.
1254 5535 1290 5586 2
1317 5535 1428 5586 ἀλλ’
1447 5536 1664 5608 ἕτερος.

466 5603 579 5676 (99)
610 5607 820 5665 Πάλιν.
855 5603 1009 5663 lianc
1036 5621 1226 5676 vocem
1255 5604 1607 5676 suppeditant
1652 5603 1820 5658 Coisl.
1853 5605 1872 5655 1
1904 5612 1964 5676 (et

380 5678 435 5736 2.
462 5673 607 5744 quod
623 5679 840 5745 quidem
860 5678 1023 5734 etiam
1042 5675 1353 5745 Stephanus
1372 5673 1438 5726 ad
1461 5674 1960 5745 calcemapposuit.

467 5742 541 5813 (’1)
575 5742 794 5813 Ἀζὶλος
819 5750 920 5802 ὠν.
954 5747 1097 5801 Εᾲῑιὶ
1134 5742 1231 5796 οὑκ
1257 5743 1413 5806 ἄλλος
1453 5743 1549 5803 ὧν,
1599 5742 1690 5794 sed
1752 5747 1964 5808 negatio

386 5814 546 5868 deest
577 5815 630 5868 in
658 5817 833 5872 tribus
863 5817 1148 5873 codicibus
1187 5814 1368 5882 Regiis
1417 5821 1469 5868 et
1525 5813 1760 5865 Clarum.
1811 5813 1863 5877 2,
1913 5823 1964 5866 et

2068 3255 2203 3326 μένη
2256 3255 2479 3317 παθῶν,
2535 3256 2626 3309 καὶ
2692 3256 3002 3327 προπάσχει
3052 3257 3316 3322 πολλάκις
3376 3259 3462 3311 τοῦ
3528 3258 3608 3310 σὼ-

2067 3366 2269 3419 ματος·
2308 3349 2615 3420 συμπάσχει
2661 3348 2734 3420 (2)
2790 3349 2845 3401 δὲ
2893 3349 3164 3418 διηνεκῶς
3211 3351 3408 3403 αὐτίκα
3460 3351 3609 3419 (ξαίνε-

2062 3461 2172 3507 ται,
2204 3443 2463 3506 πολλάκις
2506 3442 2606 3514 τὴν
2657 3441 2828 3513 τομὴν
2879 3443 2976 3496 τοῦ
3034 3442 3291 3514 σώματος
3340 3443 3606 3512 ἀγωνιῶσα,

2064 3537 2158 3592 καὶ
2191 3539 2298 3608 πρὸ
2328 3537 2421 3590 τοῦ
2450 3537 2652 3600 πάθους
2701 3535 2794 3589 τοῦ
2852 3536 3111 3607 σώματος
3140 3537 3506 3608 ἀλλοιουμένη,
3537 3540 3608 3589 καὶ

2066 3631 2203 3702 μετὰ
2228 3631 2327 3702 τὴν
2353 3629 2524 3701 τομὴν
2552 3628 2702 3683 οὐδὲν
2729 3628 2950 3683 ἔλαττον
2977 3628 3046 3682 τὰ
3079 3629 3184 3699 τῆς
3233 3630 3420 3702 ὀδύνης
3467 3633 3609 3700 ἐμπα-

2064 3722 2172 3787 θῶς
2198 3723 2462 3794 δεχομένη
2488 3722 2584 3793 (5).
2619 3723 2792 3792 Ὅπερ
2821 3723 2915 3774 ἐπὶ
2940 3723 3040 3793 τῆς
3081 3722 3339 3796 θεότητος
3373 3722 3460 3778 τοῦ
3501 3727 3606 3791 Χρι-

2066 3818 2190 3871 στοῦ
2220 3819 2322 3870 οὑκ
2357 3819 2422 3872 ἄν
2456 3835 2540 3881 τις
2567 3815 2677 3868 τῶν
2709 3815 2842 3887 ὀρθά
2877 3820 3099 3888 φρονεῖν
3155 3817 3442 3882 εἰωθότων,
3482 3821 3522 3869 εί
3551 3818 3604 3886 μὴ

2065 3909 2341 3972 παντελῶς
2395 3909 2486 3962 τὸν
2545 3909 2668 3963 νοῦν
2717 3909 3056 3980 παρενεχθῇ,
3117 3910 3439 3982 τολμήσειεν
3481 3911 3510 3980 ἢ
3551 3913 3605 3960 si.—

2064 4005 2181 4054 πεῖν
2212 4003 2243 4070 ἢ
2275 4000 2693 4074 παραδέξασθαι.
2727 4003 2890 4054 Ὥστε
2917 4002 3013 4055 τοῦ
3064 4003 3360 4076 ἀνθρώπου
3386 4004 3442 4056 τὸ
3468 4004 3604 4072 παρῶ

2062 4093 2257 4164 δειγμα
2284 4094 2422 4148 κατά
2445 4094 2498 4146 τὶ
2529 4095 2626 4165 μὲν
2671 4093 2908 4157 δεκτέον,
2965 4095 3108 4148 κατά
3136 4098 3199 4148 τὸ
3223 4098 3406 4150 λοιπὸν
3429 4097 3478 4148 δὲ
3504 4113 3602 4162 φει-

2065 4188 2221 4240 κτέον
2252 4187 2344 4258 (4).

2133 4369 2220 4422 12.
2271 4367 2460 4438 Ἡμεῖς
2489 4366 2542 4419 δὲ
2577 4366 2668 4418 καὶ
2704 4365 2867 4418 πάλαι
2912 4367 3010 4435 μὲν
3058 4368 3600 4438 προδιωμολογήσαμεν

2062 4462 2160 4532 τῆς
2215 4459 2472 4532 ἀληθείας
2533 4459 2735 4530 ταύτης
2785 4458 2881 4529 τὴν
2937 4461 3144 4532 ἐναργῆ
3202 4463 3494 4533 κατάληψιν
3545 4461 3599 4529 μὴ

1997 4539 2038 4593 D
2065 4557 2203 4607 νοεῖν
2229 4555 2336 4624 (ΐὶ)’
2382 4553 2474 4607 καὶ
2531 4552 2626 4605 νῦν
2683 4551 2831 4606 οὐδὲν
2893 4550 3116 4604 ἔλαττον
3173 4553 3598 4625 εὑγνωμονοῦμεν.

2061 4651 2445 4722 ὁμολογοῦντες
2466 4649 2562 4721 τὴν
2595 4649 2736 4703 κατά
2765 4649 2827 4701 τὸ
2863 4649 3063 4722 μέτρον
3087 4650 3149 4702 τὸ
3175 4649 3327 4703 δοθὲν
3358 4651 3478 4721 ἡμῖν
3497 4645 3600 4714 γνὼ-

2065 4762 2168 4807 σιν,
2200 4744 2320 4796 ὅσον
2351 4760 2408 4794 τε
2445 4742 2582 4814 πρὸς
2645 4741 3029 4815 εὐσεϐέστερον
3090 4743 3304 4816 ἐναργῆ
3358 4742 3516 4811 λόγον,
3551 4737 3598 4787 τὰ

2071 4905 2240 4962 Coisl.
2262 4908 2312 4961 1.
2342 4906 2556 4973 Legitur
2576 4905 2627 4959 in
2646 4905 2808 4960 Coisl.
2888 4905 2917 4956 6
2940 4905 3003 4958 ὲκ
3036 4905 3293 4974 θεότητος
3314 4909 3404 4959 καὶ
3432 4905 3592 4971 ἀνθρωο

2072 4971 2641 5044 πύθητοςάπετελεσθη
2661 4971 3015 5041 Χριστὸς,οὑκ
3038 4975 3103 5028 ἂν
3126 4971 3286 5044 ᾅλλος
3306 4975 3400 5030 ὢν.
3423 4987 3509 5026 etc.

2137 5043 2212 5118 (2)
2241 5044 2881 5118 Συμπάσχειηιιιι-Βρθ
2913 5045 2939 5098 1
2975 5052 3029 5099 et
3053 5043 3109 5118 2.
3138 5043 3472 5118 Legitur‘xai
3497 5059 3595 5118 σᾳμτ

2065 5110 2266 5188 πάσχει
2310 5110 2363 5171 in
2415 5110 2582 5171 Coisl.
2617 5117 2696 5188 1._
2724 5110 2868 5188 Editi
2897 5110 3297 5188 Δσυμπάσχεῖν,
3355 5115 3457 5171 Sed
3499 5110 3593 5166 illud

2064 5185 2263 5244 αὐτίκα
2289 5185 2866 5258 perincommodeth
2896 5185 3028 5258 loco
3054 5188 3320 5255 positum,
3364 5202 3461 5241 nec
3495 5197 3590 5258 mss.

2065 5252 2468 5328 codices-opem
2498 5257 2701 5311 ferunt.
2728 5255 2796 5309 At
2819 5252 3154 5327 legendo'én
3177 5258 3271 5309 καί
3292 5259 3491 5312 videtur
3510 5252 3591 5304 vnl-

2066 5347 2170 5386 nus
2199 5331 2380 5384 sanari
2414 5343 2595 5399 posse.

2161 5400 2214 5470 5)
2246 5403 2326 5454 Οὐ
2355 5395 2671 5470 δεχομένη.
2700 5397 2862 5470 Deest
2893 5398 2946 5450 in
2982 5395 3153 5470 Coisl.
3187 5396 3223 5449 2
3252 5405 3304 5470 et
3334 5396 3462 5470 Reg.

2161 5406 2214 5470 5)
2246 5406 2326 5454 Οὐ
2355 5406 2671 5469 δεχομένη.
2705 5406 2862 5450 Deest
2893 5406 2946 5450 in
2982 5406 3153 5450 Coisl.
3187 5406 3223 5449 2
3252 5406 3304 5451 et
3335 5406 3459 5466 Reg.
3483 5406 3523 5448 ο.

2138 5406 2216 5541 (4)
2245 5471 2404 5524 Κατὰ
2447 5469 2509 5541 tt)
2539 5467 2758 5541 λοιπὸν
2783 5467 2849 5541 δέ
2889 5468 3226 5541 ρερκτέονκ
3257 5469 3332 5520 lta
3377 5467 3521 5541 Coisl.

2066 5532 2304 5596 Clarum.
2338 5541 2372 5592 2
2398 5549 2452 5595 et
2483 5538 2614 5609 Reg.
2650 5540 2671 5591 1
2709 5546 2762 5592 et
2805 5537 2859 5596 2,
2890 5532 2946 5592 et
2976 5536 3042 5591 R.
3079 5535 3392 5606 Stephanus
3425 5537 3480 5591 ad
3509 5532 3590 5585 cal—

2067 5628 2208 5667 cem.
2237 5611 2380 5665 Editi
2406 5609 2546 5664 κατά
2572 5612 2624 5661 τί
2651 5609 2706 5661 δὲ
2737 5609 3014 5675 φευκτέον.

2141 5681 2217 5756 (δ’)
2243 5685 2341 5750 Mn
2370 5679 2551 5734 νοεῖν.
2583 5679 2714 5749 Reg.
2747 5680 2769 5732 1
2811 5688 2863 5732 et
2896 5679 2951 5756 2,
2978 5688 3027 5732 et
3067 5677 3310 5756 Claram.
3357 5682 3392 5733 2
3417 5682 3594 5756 ἀγνοεῖ-ί.

2070 5747 2236 5844 Coisl.
2265 5763 2298 5812 2
2330 5747 2420 5866 pr,
2463 5762 2626 5824 νοεῖν,
2667 5747 2890 5828 ἀγνοεῖν,
2913 5755 2989 5820 δὲ,
3033 5755 3151 5822 καί,
3187 5769 3292 5810 etc.
3317 5755 3501 5810 Vitiose
3526 5747 3588 5802 cl!-

2075 5848 2147 5866 ...ς
2347 5828 2374 5866 ε

2074 5830 2147 5899 μὴ
2180 5832 2315 5882 νοεῖν
2347 5828 2422 5882 δέ.
