3638 6480
26 397 109 454 229
505 412 511 418 ’
738 383 740 386 ’
999 386 1363 441 EXPOSITIO
1405 381 1662 441 RECTA‘I
1701 381 2203 440 CONFESSIONIS

3074 379 3214 434 I250

18 517 68 569 οὗ
99 511 520 586 παραδείγματος
566 507 788 575 ἀνάγειν
841 504 1235 574 σπουδάζομεν,
1278 504 1371 556 καὶ
1427 503 1522 573 τὴν

1721 517 1752 554 n
1782 502 2016 556 maxime
2043 502 2131 571 pia
2169 509 2223 555 et
2253 508 2442 553 sancta
2475 499 2566 560 sit,
2615 494 2922 563 exemplum
2959 509 3215 549 revocare

19 625 148 659 νωσιν
181 606 236 656 οὐ
269 604 440 675 μικρᾷ
474 600 688 654 τινίκαι
714 599 822 650 τῶν
869 596 1102 650 εὐτελῶν
1135 595 1301 647 εἰκόνι
1334 612 1526 667 παρει-

17 697 143 760 εάζειν
173 693 440 762 ἐθέλομεν,
477 689 612 742 ἀλλὰ
640 687 868 759 μεγάλῃ,
900 686 993 739 καὶ
1013 687 1079 755 τῇ
1113 686 1362 755 γεννήσει
1393 699 1527 753 πρε-

17 788 134 858 τούσῃ
164 787 223 854 τῇ
262 784 326 836 ὲκ
357 781 593 851 Πατρός.
641 776 858 847 Ἐπειδὴ
881 775 988 848 γὰρ
1018 774 1090 845 (6)
1124 774 1240 843 φῶς
1267 771 1525 842 ἐλήλυθεν

21 883 55 940 ξς
89 879 164 928 τὸν
201 875 402 943 κόσμον
435 875 464 925 ό
493 871 685 939 Λόγος,
747 870 811 920 ἐκ
855 867 1033 935 φωτὸς
1089 863 1376 934 ἐκλάμψας
1428 861 1524 914 τοῦ

18 970 206 1031 ιναιτίου,
236 967 346 1036 φῶς
376 961 516 1018 εἶναι
553 963 645 1016 καὶ
669 961 729 1014 τὸ
762 960 1110 1030 παράδειγμα
1141 956 1400 1026 βούλομαι
1426 955 1524 1024 τῆς

18 1064 210 1122 νώσεως.
261 1059 510 1112 Νοείσθω
562 1057 737 1111 τοίνυν
771 1057 799 1108 ό
831 1054 1002 1121 Λόγος
1033 1051 1147 1121 φῶς
1180 1047 1402 1103 εἶναιτὸ
1427 1050 1527 1120 ἀρ-

19 1155 184 1221 ἑγονον,
204 1152 230 1204 ὃ
261 1149 455 1223 πρώτῃ
480 1151 630 1219 φωνῇ
661 1146 754 1200 τοῦ
789 1145 923 1198 Θεοῦ
949 1144 1012 1196 δι’
1037 1142 1200 1197 αὐτοῦ
1234 1141 1326 1194 τοῦ
1351 1141 1522 1207 Λόγου

21 1246 265 1312 εγένηται·
309 1242 473 1312 σῶμα
500 1241 555 1293 δὲ
582 1238 802 1310 ἡλιακὸν
846 1236 906 1288 τὸ
954 1236 1112 1306 σῶμα
1157 1233 1216 1286 τὸ
1247 1231 1523 1304 ἀνθρώπι-

17 1356 74 1395 ον,
101 1329 138 1402 ᾧ
161 1335 271 1388 κατ’
298 1335 614 1405 ἀπόρρητον
644 1331 716 1398 (7)
745 1331 836 1382 τὸν
867 1329 1021 1396 λόγον
1046 1330 1073 1379 ό
1106 1327 1277 1394 Λόγος
1316 1323 1522 1395 ἡνώθη.

17 1431 73 1481 ἰαὶ
96 1429 158 1497 μή
193 1444 278 1496 μοι
301 1426 395 1478 τὸν
441 1425 594 1494 ἥλιον
645 1423 758 1492 φῶς
789 1422 975 1492 ἕτερον
1019 1419 1168 1490 παρά
1214 1419 1275 1470 τὸ
1329 1417 1526 1490 πρότε-

18 1539 60 1572 ον
77 1520 138 1590 (8)
170 1519 458 1588 γενόμενον
485 1516 690 1587 νόμιζε.
720 1516 794 1568 no
823 1514 928 1585 γὰρ
963 1512 1036 1575 ὼς
1064 1511 1401 1572 ἐλλείποντος
1430 1508 1522 1561 τοῦ

17 1609 163 1681 πρώτου
190 1609 324 1679 πρὸς
368 1608 463 1660 τὸν
489 1606 582 1659 τοῦ
617 1605 816 1666 παντὸς
863 1601 1161 1673 φωτισμὸν,
1197 1601 1224 1652 ὁ
1254 1599 1402 1669 ἥλιος
1435 1597 1526 1664 γέ-

18 1718 80 1753 ονε
103 1701 156 1752 τὸ
182 1699 360 1752 λεῖπον
387 1697 740 1770 ἀναπληρῶν.
795 1696 867 1748 Οὐ
894 1693 1000 1767 γὰρ
1032 1692 1270 1752 τοιοῦτος
1304 1691 1330 1741 ὁ
1358 1689 1528 1760 τεχνί-

18 1811 78 1861 ης,
106 1794 171 1855 ὡς
199 1793 329 1863 μήτε
358 1789 675 1864 προϊδέσθαι
703 1789 764 1840 τὸ
788 1787 1011 1850 τέλειον,
1061 1786 1193 1855 μήτε
1226 1783 1324 1853 τὴν
1351 1782 1525 1851 αὐγὴν

1628 593 1934 656 studemus,
1957 607 2020 645 ac
2061 593 2317 646 unionem
2347 607 2454 646 non
2486 605 2667 660 parrae
2694 587 2858 642 alicui
2888 593 2941 641 et
2967 593 3215 641 contem-

1626 686 1817 739 nendae
1853 685 2073 754 imagini
2129 685 2440 740 assimilare
2472 684 2747 743 volumus,
2779 679 2873 736 sed
2910 694 3120 749 magnae
3158 687 3216 734 et

1626 792 1746 846 quae
1771 778 2171 846 generationem
2206 793 2270 832 ex
2314 777 2474 830 Patre
2501 777 2711 830 deceat.
2748 775 2885 828 Cum
2924 773 3213 844 igitur'lmt

1627 871 1682 923 in
1717 871 1979 924 mundum
2010 870 2222 925 venerit
2253 870 2510 933 Verbum,
2543 869 2686 940 quod
2713 884 2778 922 ex
2811 869 2930 937 luce
2957 867 3212 936 principii

1626 971 1847 1030 experte
1873 962 2111 1028 eﬂ‘ulsit,
2161 964 2338 1017 lucem
2373 963 2537 1018 etiam
2586 978 2707 1017 esse
2734 961 2859 1014 volo
2903 960 3213 1029 exemplum

1626 1054 1866 1109 unionis.
1893 1055 2235 1125 Cogitatione
2267 1071 2396 1125 ergo
2428 1055 2664 1125 tingatur
2699 1053 2939 1108 Verbum
2974 1069 3098 1108 esse
3127 1052 3215 1106 lu-

1626 1160 1741 1199 cem
1783 1146 1930 1198 illam
1965 1147 2306 1216 primariam,
2342 1162 2464 1216 quze
2503 1147 2678 1216 prima
2714 1144 2808 1199 Dei
2833 1161 2966 1200 voce
2992 1160 3089 1214 per
3129 1146 3214 1216 ip-

1627 1252 1748 1290 sum
1780 1235 2019 1291 Verbum
2052 1237 2194 1292 facta
2225 1245 2308 1292 est
2334 1255 2349 1303 ;
2383 1253 2583 1307 corpus
2610 1246 2789 1292 autem
2819 1237 2998 1292 solare
3025 1237 3214 1292 Imma-

1627 1343 1756 1382 num
1785 1345 1908 1383 esse
1931 1345 2158 1400 corpus,
2181 1330 2267 1382 cui
2304 1329 2543 1384 Verbum
2596 1345 2794 1423 arcana
2837 1330 3050 1384 ratione
3091 1334 3214 1384 uni-

1626 1429 1744 1474 tum
1774 1429 1878 1477 est.
1910 1421 2026 1476 Nec
2052 1422 2186 1476 mihi
2223 1423 2392 1477 solem
2422 1423 2583 1476 aliam
2613 1421 2735 1477 esse
2763 1423 2938 1477 lucem
2965 1424 3216 1492 suspice-

1628 1515 1727 1578 ris,
1776 1523 1973 1585 prazter
2018 1532 2162 1577 eam,
2200 1532 2320 1586 qua?
2360 1517 2512 1586 prius
2568 1517 2713 1570 facta
2767 1519 2960 1572 fuerat.
3026 1517 3216 1589 Neque

1628 1606 1771 1660 enim
1803 1605 1961 1676 quasi
1988 1607 2163 1677 prima
2193 1607 2447 1662 deﬁceret
2478 1607 2545 1661 ad
2571 1610 2813 1663 universi
2857 1611 3216 1665 illuminatio-

1629 1715 1775 1763 nem,
1813 1700 2022 1754 idcirco
2047 1702 2128 1754 sol
2160 1699 2335 1754 factus
2363 1712 2466 1765 est,
2495 1700 2585 1768 qui
2626 1701 2677 1754 id
2705 1701 2850 1770 quod
2889 1702 3076 1758 deerat
3121 1720 3184 1758 ex
3204 1733 3218 1744 -

1630 1791 1820 1860 pleret.
1849 1791 1965 1846 Non
1997 1791 2142 1846 enim
2168 1793 2215 1846 is
2239 1801 2324 1846 est
2365 1791 2546 1862 opifex
2595 1794 2686 1862 qui
2740 1809 2850 1847 non
2904 1795 3218 1864 provideret

17 1887 94 1958 τρὺς
137 1885 226 1955 τὴν
285 1885 343 1949 ἐξ
419 1881 590 1936 αὑτοῦ
666 1879 1047 1950 παρεχομένην
1079 1879 1085 1884 ”
1123 1875 1522 1946 δημιουργῆσαι

1721 1883 1762 1937 (1
1797 1883 2098 1952 perfectum
2146 1884 2238 1947 sit,
2289 1900 2389 1937 nre
2425 1885 2597 1938 lucem
2632 1893 2756 1954 apte
2790 1886 2858 1940 ad
2903 1887 3214 1951 utilitatem,

20 1982 153 2052 ρεῖαν.
185 1981 274 2032 ’Ἑν
296 1980 480 2031 τοίνυν
533 1977 650 2029 ἐστὶ
690 1975 750 2027 τὸ
803 1973 918 2041 φῶς
947 1972 1009 2024 τὸ
1041 1971 1334 2043 ἀρχέγονον
1361 1984 1374 1997 ’
1409 1968 1437 2018 ὁ
1461 1966 1517 2018 δὲ

19 2091 103 2137 λιος
125 2074 274 2144 σῶμα
321 2072 503 2141 τούτῳ
537 2071 610 2140 (9)
643 2065 1048 2136 κατεσκευάσθη
1073 2081 1085 2092 ·
1122 2064 1205 2131 ἐφ’
1236 2053 1296 2114 οὗ
1335 2075 1518 2112 συναι-

19 2167 182 2219 εθὲντδ
208 2167 318 2234 φῶς
368 2163 650 2234 πανταχοῦ
699 2161 794 2232 τὴν
827 2159 999 2230 ἀρχὴν
1048 2154 1346 2225 κεχυμένον
1396 2154 1522 2204 ἐπο-

18 2263 140 2311 εῖται.
173 2257 336 2311 Τοῦτο
365 2257 479 2326 (10)
509 2257 603 2309 καὶ
627 2255 732 2308 τῶν
761 2251 918 2324 ὡρῶν
967 2253 1100 2320 ἡμῖν
1153 2247 1253 2317 τῆς
1309 2245 1524 2317 ἡμέρας

17 2352 57 2402 διν
74 2352 250 2422 δρόμον
274 2350 362 2402 διὰ
392 2349 491 2402 τοῦ
541 2347 790 2417 σώματος
837 2345 1145 2415 ἀμέμπτως
1194 2339 1518 2409 ἀποπληροῖ.

17 2445 37 2493 ii
61 2443 147 2514 γὰρ
173 2447 241 2515 μὴ
286 2433 511 2511 ἑνεδέθη
563 2439 808 2510 σώματι,
865 2437 976 2491 ἀλλ’
1020 2437 1138 2489 ὅλον
1196 2435 1252 2486 ὲν
1309 2433 1414 2502 ὅλῳ
1447 2429 1525 2501 τῷ

18 2535 81 2606 νέρι
108 2535 473 2606 περιεκέχυτο,
505 2534 605 2585 οὐκ
631 2531 695 2584 ἂν
739 2533 870 2602 ἡμῖν
923 2528 1046 2582 οὔτε
1100 2527 1167 2580 τὰ
1217 2527 1397 2598 μέτρα
1427 2523 1524 2594 τῆς

22 2629 157 2698 μέρας
184 2627 455 2699 διώρισεν,
495 2625 617 2678 οὔτε
643 2625 856 2695 κίνησιν
889 2622 1147 2675 εὔτακτον
1173 2620 1268 2673 καὶ
1299 2619 1390 2671 τὸν
1423 2633 1523 2667 πε-

17 2722 207 2790 ποιηκότα
253 2720 630 2791 παρέστησεν.
667 2718 728 2769 El
753 2717 810 2769 δέ
833 2733 923 2786 μοι
949 2714 1146 2782 λέγεις,
1183 2713 1264 2765 ὅτι
1291 2710 1386 2763 καὶ
1419 2705 1524 2778 πρὸ

18 2814 65 2882 ἧς
83 2815 161 2868 τοῦ
192 2813 340 2884 ἡλίου
369 2812 646 2881 γενέσεως
673 2811 858 2881 ἡμέρα
889 2809 981 2862 καὶ
1006 2805 1101 2871 νὺξ
1129 2804 1355 2872 ἐγίνετο,
1386 2798 1528 2872 πρῶ-

18 2925 58 2959 ον
84 2908 167 2977 μὲν
193 2907 556 2978 ὁμολογήσεις
589 2905 636 2975 (ιι
649 2903 697 2975 1)
731 2904 952 2973 ὁμοίως,
980 2901 1062 2953 ὅτι
1108 2900 1266 2972 ἢρκει
1291 2894 1383 2949 τοῦ
1413 2911 1526 2962 φω-

18 3001 102 3071 ὺςή
132 3001 279 3070 φύσις
304 3001 531 3055 ἅπαντα
564 2997 926 3065 καταυγάζειν
947 3013 959 3026 ο
1001 2991 1306 3054 ἀκολούθως
1334 2989 1391 3042 δὲ
1415 2988 1526 3039 λοι-

17 3093 67 3144 9N
93 3095 312 3166 ζητήσας
347 3092 464 3164 (l2)
501 3091 600 3162 τῆς
622 3090 889 3158 γενέσεως
907 3086 1000 3140 τοῦ
1027 3085 1173 3155 ἡλίου
1200 3082 1296 3153 τὴν
1329 3079 1526 3141 αἰτίαν,

18 3181 193 3248 ὺρήσεις
225 3182 325 3235 οὐκ
355 3181 530 3252 ἄλλην
561 3176 782 3249 οὖσανῆ
811 3177 910 3248 τὴν
959 3178 1088 3247 παρ’
1122 3174 1278 3246 ἡμῶν
1325 3170 1529 3246 ἀρτίως

19 3272 252 3343 ίρημένην.
281 3272 465 3326 Πάλαι
511 3270 611 3342 μὲν
642 3269 747 3342 γὰρ
780 3267 900 3320 ὅλον
925 3267 989 3318 δι’
1021 3266 1140 3318 ὅλου
1165 3264 1225 3316 τὸ
1255 3262 1370 3333 φῶς
1403 3261 1526 3332 ἀέρι

17 3362 368 3430 ιερικεχυμένον
402 3358 533 3412 οὗτε
572 3358 783 3428 κίνησιν
813 3355 1019 3427 ὁμαλὴν
1063 3355 1360 3427 διέτρεχεν,
1404 3349 1527 3404 οὔτε

18 3448 67 3518 ἧς
90 3451 281 3525 ἡμέρας
307 3452 378 3504 τὰ
407 3452 595 3522 μέτρα
620 3448 888 3521 διώριζεν,
922 3447 1057 3500 ἀλλὰ
1086 3444 1526 3514 συστελλόμενον,

18 3545 188 3611 ῇνυκτὶ
218 3546 312 3616 τὴν
369 3544 612 3617 πάροδον
645 3543 836 3604 ἐδίδου,
896 3540 1035 3594 ὥστε
1096 3539 1296 3602 παντὸς
1337 3535 1532 3606 ἀληθέ-

17 3649 142 3707 περον
166 3637 270 3708 (15)
303 3639 501 3710 ἕτερον
561 3636 657 3706 μὲν
706 3631 842 3686 εἶναι
888 3633 949 3685 τὸ
998 3632 1131 3699 φῶς,
1168 3632 1352 3704 ἕτερον
1387 3627 1530 3681 δὲτὸ

17 3727 168 3796 ἑλιακὸν
196 3731 352 3803 σῶμα
369 3731 436 3783 τὸ
455 3729 618 3782 τοῦτο
641 3728 950 3798 δεξάμενον·
977 3726 1162 3789 οὕτως
1189 3725 1401 3796 ἔχοντος
1419 3721 1465 3791 (ί
1475 3720 1530 3792 4)

18 3819 64 3871 οὗ
89 3823 243 3888 φωτὸς
293 3824 441 3896 πρὸς
477 3821 538 3874 τὸ
564 3821 785 3890 ἡλιακὸν
814 3820 993 3890 σῶμα,
1048 3820 1300 3872 σκοπεῖτε
1348 3813 1533 3867 λοιπὸν

18 3916 113 3980 ipsi;
140 3917 200 3968 δι’
225 3914 523 3989 ἀκριϐείας
547 3914 636 3966 τὸν
666 3913 840 3982 λόγον.
872 3913 1080 3984 Ὥσπερ
1126 3911 1233 3983 γὰρ
1271 3906 1408 3979 μετά
1438 3906 1533 3976 τὴν

19 4007 240 4061 νωσιντοῦ
271 4007 628 4080 πρωτογόνου
659 4007 832 4075 φωτὸς
863 4005 998 4077 πρὸς
1021 4004 1082 4057 τὸ
1109 4003 1329 4075 ἡλιακὸν
1350 4001 1530 4071 σῶμα,

19 4095 67 4146 ὑκ
93 4097 146 4150 ἄν
173 4116 252 4163 τις
299 4099 398 4152 ἀπ’
428 4097 678 4167 ἀλλήλων
726 4095 868 4150 αὐτὰ
917 4095 1101 4158 διέλοι,
1159 4093 1278 4148 οὐδὲ
1324 4091 1382 4145 τὸ
1436 4092 1534 4162 μὲν

17 4185 106 4253 ιλιιιν
136 4191 442 4255 ἰδιαζόντως
472 4190 713 4253 καλέσοι,
739 4189 798 4243 τὸ
821 4188 876 4240 δὲ
923 4187 1083 4241 πάλιν
1127 4186 1241 4256 φῶς
1271 4183 1536 4256 διῃρημέ-

18 4300 89 4346 ως,
114 4286 213 4339 ἀλλ’
237 4281 318 4351 εἷς
366 4286 526 4357 ἣλιος
568 4285 630 4338 τὸ
656 4283 772 4353 φῶς
819 4281 958 4353 μετά
1011 4282 1105 4335 τοῦ
1149 4277 1399 4351 σώματος
1424 4276 1534 4347 (15)

17 4373 192 4440 tamn.
241 4379 419 4443 οὔτως
482 4376 577 4430 ἐπὶ
637 4376 729 4429 τοῦ
784 4374 1036 4447 ἀληθινοῦ
1086 4373 1283 4443 φωτὸς,
1319 4371 1410 4423 καὶ
1441 4367 1534 4422 τοῦ

17 4472 211 4537 main
240 4472 352 4545 (l6)
389 4471 668 4542 σώματος,
707 4471 805 4522 οὐκ
838 4469 902 4522 ἄν
947 4484 1031 4529 τις
1069 4468 1209 4520 εἴποι
1271 4463 1407 4534 μετὰ
1439 4461 1536 4532 τὴν

18 4575 163 4623 νωσιν,
193 4564 283 4616 τὸν
321 4565 425 4634 μὲν
478 4561 897 4632 κεχωρισμένως
947 4558 1074 4610 Υἱὸν
1108 4556 1220 4627 (17)
1251 4557 1344 4608 τὸν
1396 4553 1536 4606 θεῖον

17 4650 145 4719 λόγον,
193 4655 283 4708 τὸν
315 4654 374 4707 δὲ
413 4654 549 4706 Υἱὸν
583 4653 673 4705 τὸν
699 4651 1010 4723 ἄνθρωπον·
1043 4649 1156 4701 ἀλλ’
1191 4648 1287 4700 ἕνα
1317 4647 1408 4699 καὶ¹
1445 4645 1538 4697 τὸν

50 4807 110 4881 (6)
147 4811 376 4879 Ἐπειδὴ
425 4810 561 4881 γάρ.
613 4809 784 4881 C_oisl.
817 4808 892 4881 Ῠ1,
925 4807 1045 4881 ἐπεὶ
1072 4802 1212 4881 οὖν.Δ
1254 4804 1377 4859 Mox
1405 4803 1537 4858 editi

21 4876 468 4962 ’iér'érn.9p'isi-
502 4876 526 4934 ἰ
561 4889 614 4962 ει
643 4879 833 4962 βςειι
867 4879 984 4962 εβὲ
1006 4876 1313 4962 iriiri“;-

53 4947 111 5017 (Ἰ)
148 4947 530 5022 Ἇπόῤῥητον.
559 4951 729 5006 Coisl.
763 4951 789 5004 1
839 4948 992 5002 addit
1021 4947 1109 5000 τὸν
1151 4947 1332 5015 λόγον,
1375 4947 1540 5014 idque

18 5032 90 5072 .um
122 5033 360 5080 secutus.

53 5090 112 5163 (ξ)
137 5095 460 5163 Πρότερον.
495 5091 589 5145 Sic
619 5089 788 5163 Coisl.
824 5090 847 5143 1
884 5098 938 5143 et
975 5084 1108 5163 “33.
1131 5089 1180 5163 _l
1229 5093 1283 5140 et
1310 5086 1364 5140 2.
1397 5085 1539 5139 Editi

17 5158 193 5228 ξρῶτονξ
240 5158 363 5219 Mox
389 5164 528 5219 editi
569 5163 631 5214 τὸ
681 5161 946 5214 ἐλλεῖπον.
995 5158 1164 5214 Coisl.
1217 5165 1446 5228 uterque
1487 5163 1543 5211 el’.

17 5227 104 5296 ieg.
128 5234 148 5286 1
179 5243 230 5289 et
256 5236 290 5290 2
318 5236 382 5289 τὸ
405 5235 616 5286 λεῖπον.

56 5303 118 5369 l9)
155 5307 202 5359 '0
229 5307 297 5360 δὲ
327 5307 508 5374 ἣλιος
536 5301 707 5374 σῶμα
732 5302 939 5367 τούτῳ.
972 5297 1140 5354 Coisl.
1171 5299 1195 5353 1
1228 5300 1287 5352 τὸ
1313 5299 1368 5352 δὲ
1398 5296 1544 5366 ἡλίσκ-

17 5368 238 5447 ιῦν-σῶμα
261 5368 446 5430 τοῦτο.

59 5444 150 5510 (10)
171 5444 382 5503 Τοῦτο.
418 5446 591 5502 Coisl.
621 5445 655 5498 2
682 5445 874 5513 τούτῳ.

58 5514 151 5589 )
190 5517 642 5589 Ὀμολογήσεις.
673 5511 844 5589 Coisl.
869 5512 904 5566 2
937 5511 1295 5589 ὁμολογήσας.
1471 5578 1482 5589 ο

59 5583 151 5659 (l2)
195 5583 430 5644 Λοιπὸτί
462 5586 747 5659 (ζητήσας1
793 5583 992 5659 Totum
1037 5583 1190 5659 _hunc
1218 5583 1544 5659 _locun1i_t_a

17 5647 186 5730 scripsi,
212 5668 280 5730 ut
315 5647 562 5730 habetur
591 5647 653 5709 in
681 5647 908 5730 _'Coisl._
939 5651 1358 5730 antiquissimo._
1403 5647 1544 5730 Ειζξῐί

18 5719 238 5800 labebant
265 5729 528 5800 ζητήσεις
553 5728 736 5780 λοιπὸν
858 5719 1111 5794 εὑρήσεις
1157 5721 1266 5791 γὰρ
1307 5720 1409 5773 οὐκ
1452 5719 1546 5772 ἄλ-

17 5794 134 5870 ληνᾲῆ
161 5801 288 5854 τὰ...
321 5794 607 5870 εἰρημένα.

64 5860 156 5941 (13)
193 5860 639 5943 Ἀληθὲοέὲερον.
687 5865 881 5938 Reg.l
938 5872 992 5920 et
1019 5863 1074 5930 2,
1115 5872 1169 5920 et
1219 5862 1458 5917 Clarom.
1510 5860 1546 5914 2

1624 1992 1744 2046 quat
1765 1992 1828 2030 ex
1864 1977 1956 2030 illa
1981 1978 2301 2048 percipitur,
2331 1977 2615 2032 conderet.
2647 1976 2765 2032 Una
2801 1979 2966 2050 igitur
2991 1988 3075 2036 est
3103 1982 3219 2051 pri-

1624 2069 1797 2123 maria
1821 2069 1910 2123 lux
1938 2087 1953 2136 ;
2000 2071 2080 2125 sol
2109 2078 2291 2124 autem
2318 2071 2370 2124 ei
2410 2085 2613 2140 corpus
2648 2070 2852 2125 factum
2879 2083 2980 2140 est,
3008 2073 3065 2127 in
3108 2091 3218 2144 quo

1625 2161 1740 2228 lux,
1768 2178 1890 2232 qure
1917 2162 2076 2216 initio
2104 2162 2303 2232 ubique
2347 2162 2544 2216 dill'usa
2571 2172 2712 2228 erat,
2761 2165 2992 2220 collecta
3033 2177 3220 2236 porta-

1627 2261 1736 2307 tur.
1788 2252 1912 2308 Haze
1944 2253 2104 2308 nobis
2154 2255 2414 2309 horarum
2467 2254 2574 2309 diei
2610 2270 2834 2310 cursum
2870 2273 2965 2326 per
3015 2274 3218 2329 corpus

1628 2346 2042 2400 accuratissime
2075 2346 2350 2416 adimplet.
2382 2345 2518 2399 Nam
2547 2347 2592 2400 si
2617 2350 2835 2417 corpori
2864 2349 3071 2418 illigata
3103 2365 3216 2404 non

1628 2436 1844 2500 fuisset,
1883 2453 1946 2491 ac
1982 2445 2094 2491 tota
2123 2439 2178 2491 in
2215 2446 2328 2492 toto
2353 2438 2549 2494 dill'usa
2578 2454 2703 2494 aere
2730 2428 2948 2505 fuisset,
2976 2455 3078 2496 nec
3111 2442 3217 2496 dici

1627 2528 1788 2583 nobis
1817 2543 2104 2583 mensuras
2136 2529 2498 2595 definivisset,
2535 2545 2635 2584 nec
2685 2540 2892 2585 motum
2926 2532 3032 2588 rite
3069 2534 3217 2588 ordi—

1628 2628 1814 2673 natum
1849 2626 1904 2674 et
1951 2620 2162 2675 ordinis
2213 2628 2494 2675 auctorem
2540 2621 2906 2678 exhibuisset.
2957 2623 3116 2688 Quod
3170 2627 3217 2680 si

1629 2711 1760 2765 mibi
1794 2711 2024 2780 obiicias
2058 2713 2246 2778 etiam,
2299 2723 2592 2784 antequam
2643 2716 2723 2771 sol
2752 2715 2926 2782 ﬁeret,
2974 2716 3118 2772 diem
3167 2734 3222 2772 et

1629 2812 1843 2859 noctem
1889 2806 2198 2873 exstitisse,
2250 2808 2429 2877 primo
2456 2809 2677 2878 quidem
2728 2809 2934 2878 pariter
2961 2809 3219 2866 fateberis

1631 2897 1766 2951 satis
1795 2897 2048 2954 idoneam
2091 2897 2261 2954 fuisse
2296 2900 2436 2954 lueis
2468 2909 2744 2966 naturam,
2777 2910 2835 2955 ut
2880 2903 3060 2956 omnia
3093 2904 3220 2956 illu-

1630 2991 1896 3059 minaret;
1949 2991 2146 3046 deinde
2190 3002 2591 3064 consequenter
2635 3011 2888 3065 quaerens
2937 3012 3099 3066 quam
3149 2998 3220 3050 ob

1631 3096 1855 3140 causam
1889 3083 1970 3138 sol
2009 3083 2188 3139 factus
2221 3085 2312 3148 sit,
2347 3101 2456 3140 non
2485 3088 2643 3140 aliam
2672 3088 2948 3144 exstitisse
2982 3091 3220 3158 reperies

1632 3183 1830 3245 praeter
1856 3192 1998 3241 eam,
2031 3193 2152 3248 qua:
2188 3178 2352 3232 modo
2387 3194 2418 3232 a
2448 3180 2608 3235 nobis
2641 3180 2785 3234 dicta
2816 3190 2922 3236 est.
2957 3180 3220 3238 Primitus

1633 3270 1777 3323 enim
1813 3277 1926 3324 tota
1957 3287 2053 3340 per
2079 3278 2253 3325 totum
2291 3287 2473 3326 aerem
2518 3273 2610 3327 lux
2649 3274 3007 3339 circumfusa,
3043 3293 3220 3347 neque

1631 3372 1838 3418 motum
1870 3365 2192 3434 aequabilem
2223 3368 2598 3434 percurrebat,
2625 3366 2788 3438 430
2813 3385 2914 3422 nec
2935 3369 3044 3424 diei
3071 3388 3220 3427 men-

1633 3466 1790 3506 suras
1821 3451 2135 3514 deliniebat,
2165 3453 2259 3507 sed
2282 3463 2562 3509 contracta
2591 3459 2737 3510 nocti
2767 3458 3072 3528 ingressum
3121 3463 3190 3515 da

1632 3545 1747 3609 bat,
1777 3546 1849 3598 ita
1881 3553 1941 3598 ut
1978 3547 2325 3601 verissimum
2375 3548 2447 3601 sit
2475 3549 2620 3602 aliud
2657 3566 2778 3605 esse
2820 3553 3020 3616 lucem,
3071 3555 3220 3610 aliud

1634 3638 1813 3691 solare
1841 3653 2045 3707 corpus
2079 3641 2223 3707 quod
2253 3654 2371 3694 eam
2404 3642 2748 3710 complexum
2777 3653 2880 3699 est.
2911 3645 3001 3700 Sic
3032 3663 3091 3701 se
3117 3649 3218 3701 ha-

1633 3730 1794 3784 bente
1822 3731 1944 3784 luce
1981 3730 2048 3784 ad
2081 3732 2260 3790 solare
2285 3745 2506 3802 corpus,
2533 3733 2645 3801 jam
2673 3750 2769 3789 vos
2794 3735 3086 3808 diligenter
3124 3755 3222 3794 ex-

1635 3818 1854 3888 pendite
1880 3819 2028 3889 quod
2056 3819 2200 3874 dico.
2239 3817 2706 3884 Quemadmodum
2742 3823 2886 3876 enim
2915 3832 3037 3894 post
3062 3827 3193 3879 unio

1636 3928 1759 3966 nem
1789 3913 2064 3983 primariae
2099 3912 2238 3968 lucis
2277 3927 2402 3965 cum
2429 3912 2595 3966 solari
2627 3929 2880 3984 corpore,
2933 3933 3095 3972 nemo
3130 3918 3223 3971 illa

1638 4002 1707 4056 ab
1737 4003 1969 4056 invicem
2007 4001 2315 4064 divulserit,
2349 4018 2526 4072 neque
2547 4001 2651 4057 hoc
2679 4004 2898 4073 quidem
2929 4007 3193 4076 singulari

1635 4100 1721 4147 ter
1745 4093 1938 4156 solem,
1970 4094 2101 4148 illud
2133 4109 2266 4148 vero
2307 4094 2599 4163 separatim
2631 4094 2812 4150 lucem
2846 4096 3075 4164 dixerit,
3125 4101 3220 4154 sed

1639 4202 1782 4242 unus
1825 4189 1906 4242 sol
1939 4189 2029 4242 lux
2061 4203 2185 4242 cum
2218 4203 2451 4258 corpore
2477 4188 2680 4243 dicitur
2717 4210 2728 4244 :
2763 4191 2838 4244 ita
2869 4191 2924 4245 in
2943 4207 3070 4247 vera
3103 4194 3224 4247 luce

1638 4285 1690 4331 et
1723 4278 2078 4332 sanctissimo
2120 4294 2372 4348 corpore,
2419 4294 2582 4334 nemo
2627 4288 2751 4350 post
2780 4282 3038 4336 unionem
3064 4297 3224 4353 sepa-

1639 4369 1801 4421 ratim
1842 4369 2039 4424 dixerit
2061 4367 2257 4424 Filium
2279 4369 2517 4425 Verbum
2543 4370 2811 4432 divinum,
2839 4372 3008 4426 [ilium
3040 4373 3220 4427 homi-

1643 4477 1784 4523 nem,
1810 4462 1905 4516 sed
1928 4473 2159 4532 utraque
2179 4479 2346 4516 unum
2367 4471 2421 4517 et
2441 4463 2691 4516 eumdem
2715 4463 2932 4527 dixerit,
2960 4468 3222 4534 quemad-

1570 4580 1613 4632 Β
1644 4552 1863 4606 modum
1914 4560 1968 4607 et
1999 4554 2089 4607 lux
2120 4569 2242 4623 quae
2275 4559 2532 4623 suscepta
2582 4559 2668 4606 est
2716 4563 2771 4606 et
2817 4567 3039 4622 corpus,
3073 4557 3221 4624 quod

1643 4659 1758 4696 eam
1799 4645 2061 4715 suscepit,
2096 4660 2203 4698 una
2239 4644 2329 4698 lux
2362 4651 2417 4698 et
2443 4659 2585 4698 unus
2636 4643 2739 4698 sol.
2774 4641 2990 4698 Rursus
3026 4661 3222 4714 quem-

1643 4803 1859 4867 πάντως
1897 4805 2128 4876 ἀληθές,
2177 4805 2270 4860 sed
2315 4811 2496 4858 tamen
2528 4804 2596 4858 ad
2638 4803 2939 4875 marginem
2978 4806 3226 4875 apposita

1643 4880 1858 4944 vulgata
1885 4877 2066 4930 lectio.

1643 5014 1668 5066 ἕ
1715 4945 1828 5016 (14)
1895 4947 2094 5012 Οὕτως
2156 4944 2424 5015 ἔχοντος.
2494 4945 2664 5000 Coisl.

1673 5033 1879 5066 νοντος.

1708 5033 1879 5080 οντος.

1673 5034 2017 5156 χῖῖὲῗδλιετὰ
2043 5085 2149 5139 τοῦ
2174 5085 2467 5156 σώματος.
2503 5085 2628 5140 ll:ec
2659 5087 3028 5156 suppeditavit
3051 5085 3222 5141 Coisl.

1643 5156 1700 5216 2,
1733 5159 2000 5226 longeque
2027 5157 2146 5210 visa
2179 5168 2307 5210 sunt
2338 5156 2678 5226 prmferenila
2713 5173 2821 5212 non
2853 5161 3029 5212 solum
3062 5157 3225 5210 editis

1648 5229 1736 5282 ubi
1769 5229 2014 5287 deerant,
2048 5227 2142 5282 sed
2172 5229 2334 5282 etiam
2367 5229 2652 5281 codicibus
2693 5226 2828 5288 llcg.
2863 5230 2887 5281 1
2921 5239 2974 5281 et
3013 5227 3066 5288 2,
3099 5227 3226 5278 Cia-

1647 5315 1790 5354 rom.
1837 5298 1892 5360 2,
1937 5271 2184 5353 et‘Coisl.
2216 5299 2266 5356 l.
2315 5307 2367 5352 et
2418 5298 2692 5368 Stephano
2736 5271 2806 5352 aii
2852 5271 3079 5360 calcem,
3133 5297 3224 5349 ubi

1647 5371 1844 5440 legitur
1873 5369 1965 5422 καὶ
1995 5369 2050 5421 ἓν
2080 5368 2143 5440 τὸ
2173 5369 2306 5440 φῶς,

1720 5441 1832 5510 (16)
1857 5439 2181 5510 Παναγζου.
2214 5439 2385 5510 Coisl.
2428 5440 2451 5492 1
2488 5439 2662 5510 ἁγίου.

1721 5505 1832 5583 (17)
1873 5505 2229 5583 Υἱόνίῧοίει
2263 5512 2314 5576 1,
2346 5505 2586 5583 ςιειιόιιι.
2620 5509 2676 5572 2,
2728 5508 2919 5583 ηοξ-,1
2971 5515 3028 5583 et
3067 5505 3123 5569 2,
3166 5513 3227 5583 _et

1648 5575 2061 5666 11.:‘Stcphan‘us
2084 5575 2468 5666 adduntoiov,‘
2483 5588 2538 5666 et
2565 5595 2689 5666 mox
2719 5575 2832 5630 τὸν’
2854 5579 2910 5666 δέ
2938 5577 3097 5666 πόλιν
3127 5577 3226 5656 ουχ

1649 5655 1783 5718 υἱὸν,
1813 5649 1922 5706 οἷον
1952 5652 2040 5726 τδν
2077 5651 2382 5726 ἄνθρωπον.
2436 5649 2544 5726 Sed
2595 5657 2776 5703 tamen
2821 5652 3037 5726 vulgata
3087 5649 3228 5726 sciri-

1649 5717 1830 5792 ptura,
1861 5732 1922 5777 ut
1945 5723 2010 5776 ad
2044 5717 2328 5779 sentcntiae
2358 5722 2552 5776 seriem
2597 5717 3080 5783 accommodatior,
3107 5719 3227 5776 visa

1649 5804 1730 5851 cst
1759 5793 2062 5850 retinenda.

2745 4945 2767 4999 1
2840 4945 2984 4999 οὕτω
3045 4947 3226 5000 τοίνυν
