3638 6486
394 367 525 422 1231

1173 358 1534 418 ΔΡΡΕΝΒΙΧ.
1565 389 1633 400 —
1666 355 1848 411 PARS
1890 357 1928 411 l.

2127 352 2333 409 ISTlNl
2373 351 2603 410 0PER.\
2645 350 2920 408 SPURIA.

3533 353 3633 410 123

391 481 688 538 admodum
735 495 843 535 una
880 478 998 546 lux,
1029 487 1083 534 et
1118 494 1262 532 unus
1285 477 1390 542 sol,
1423 484 1636 530 natura
1663 489 1790 529 vero
1812 473 1934 528 duae

2127 472 2248 526 ὑτὸν
2280 472 2517 542 ἑκάτερα
2550 473 2753 542 νοήσει,
2799 469 2876 533 ὡς
2904 469 2964 522 ἓν
3000 468 3120 539 φῶς
3168 468 3267 524 καὶ
3297 467 3393 524 ἕνα
3418 470 3585 541 ἧλιον,
3609 490 3633 524 τ

393 587 502 627 una
534 569 758 642 quidem
803 570 967 634 lucis,
1020 569 1272 640 corporis
1317 577 1500 623 autem
1532 566 1732 621 solaris
1761 565 1931 618 altera
1969 580 1980 612 :

392 660 469 718 ita
501 671 556 718 et
587 663 678 717 bic
709 677 853 717 unus
883 661 1104 732 quidem
1135 658 1305 714 Filius
1335 667 1390 714 et
1425 658 1696 712 Dominus
1723 664 1778 712 et
1824 656 1984 711 Chri-

391 765 512 811 Stus
547 761 602 810 et
628 752 980 825 Unigenitus,
1021 759 1232 807 natura:
1261 765 1392 806 vero
1433 751 1578 814 dum,
1613 751 1785 804 altera
1818 764 1984 819 supra

392 863 518 912 nos,
547 849 722 904 altera
769 854 977 903 nostra.
1028 845 1096 899 Et
1144 859 1387 908 rursum,
1417 842 1884 914 quemadmodum
1928 843 1984 896 in

392 942 518 996 luce
545 956 704 996 nemo
733 955 763 994 a
787 953 1039 1010 corpore,
1072 937 1216 1008 quod
1241 952 1356 992 eam
1389 935 1657 1006 Suscepit,
1687 933 1983 989 ellicaciam

392 1033 533 1088 lucis
570 1033 900 1103 separaverit
924 1073 937 1096 ,
975 1028 1071 1086 sed
1113 1028 1159 1084 si
1204 1044 1323 1083 eam
1360 1027 1574 1082 ratione
1616 1033 1851 1096 separet,
1886 1041 1969 1080 na-

393 1134 574 1180 turam
604 1131 864 1195 agnoscet
906 1121 1066 1190 cujus
1099 1121 1321 1191 propria
1352 1127 1437 1175 est
1467 1117 1706 1175 efficacia
1757 1137 1769 1172 :
1809 1119 1882 1171 ita
1929 1118 1984 1170 in

393 1234 504 1274 uno
533 1217 671 1272 Filio
703 1216 801 1271 Dei
837 1214 1121 1286 unigenito
1151 1229 1368 1270 omnem
1417 1213 1792 1283 operationem
1824 1227 1986 1265 nemo

393 1325 425 1364 a
454 1323 586 1365 vera
616 1307 906 1362 divinitate
929 1305 1291 1377 separaverit,
1318 1303 1412 1359 sed
1437 1304 1598 1373 cujus
1625 1310 1834 1358 natura:
1860 1317 1987 1372 pro-

391 1403 571 1476 prium
603 1401 676 1458 sit
700 1401 754 1456 id
777 1399 923 1471 quod
951 1399 1153 1470 agitur,
1189 1398 1398 1450 ratione
1427 1403 1740 1466 cognoscet.
1768 1392 1850 1446 Ad
1882 1393 1986 1446 lioc

390 1510 494 1551 nos
541 1493 875 1564 exemplum,
927 1507 1038 1562 quo
1074 1490 1263 1545 divina
1310 1488 1443 1542 unio
1473 1485 1824 1549 ‘lllustratur,
1863 1495 1986 1540 tan-

387 1601 556 1658 quam
585 1585 652 1641 ad
676 1583 1068 1656 cogitationem
1097 1581 1332 1636 maxime
1364 1580 1511 1650 piam
1539 1579 1909 1649 confugimus,
1937 1577 1985 1632 si

389 1678 576 1734 minus
633 1677 922 1734 veritatem
980 1675 1157 1744 ipsam
1213 1671 1437 1726 omnino
1496 1670 1756 1737 assecuti,
1790 1669 1985 1723 saltem

391 1769 710 1840 imaginem,
742 1782 866 1838 quae
903 1765 1066 1820 nobis
1095 1763 1232 1819 satis
1275 1761 1473 1817 idonea
1502 1762 1574 1817 sit
1603 1762 1669 1817 ad
1713 1761 1858 1831 piam
1898 1761 1984 1814 in-

2087 581 2148 615 τε
2167 561 2356 632 δεχθέν
2390 563 2507 632 φῶς
2530 602 2544 625 ,
2571 563 2631 615 τό
2661 579 2719 614 τε
2752 561 3048 631 δεξάμενον
3085 561 3270 632 σῶμα.
3307 560 3467 614 Πάλιν
3511 563 3587 620 ὡς
3613 565 3633 614 ἒ

2092 656 2190 728 μὲν
2210 656 2344 725 φῶς,
2379 657 2472 710 καὶ
2496 649 2576 718 εἷς
2607 655 2779 725 ἥλιος,
2815 653 3009 724 φύσεις
3039 655 3099 708 δέ
3131 653 3227 708 δύο
3251 671 3266 684 ’
3300 656 3334 724 ή
3362 655 3454 724 μὲν
3479 657 3634 723 φωτὸς

2089 751 2121 821 ὴ
2155 749 2212 802 δέ
2249 749 2499 820 σώματος
2555 747 2783 819 ἡλιακοῦ
2807 765 2820 777 ο
2874 745 3022 800 οὕτω
3077 747 3379 811 κάνταῦθα,
3410 743 3488 810 εἷς
3526 750 3616 818 μὲν

2090 844 2239 906 Υἱὸς,
2274 842 2368 896 καὶ
2392 842 2618 914 Κύριος,
2655 843 2748 895 καὶ
2776 839 3032 912 Χριστὸς,
3061 843 3159 894 καὶ
3200 843 3507 911 Μονογενής
3531 859 3544 870 ο
3582 840 3634 908 ei

2089 954 2202 999 σεις
2241 936 2296 989 δὲ
2343 934 2460 988 δύο·
2519 935 2552 1005 ἡ
2593 935 2688 1005 μέν
2738 935 2881 1004 ὑπὲρ
2917 937 3087 1004 ἡμᾶς,
3123 936 3156 1004 ή
3194 935 3252 988 δὲ
3281 934 3544 1006 ἡμετέρα.
3575 938 3634 986 K:

2089 1025 2268 1091 αὖθις,
2327 1027 2515 1098 ὥσπερ
2542 1027 2638 1080 ἐπὶ
2660 1027 2754 1080 τοῦ
2783 1028 2962 1096 φωτὸς
2986 1029 3086 1098 τὴν
3138 1028 3418 1098 ἐνέργειαν
3444 1029 3553 1096 (18)
3580 1029 3632 1079 οἱ.

2087 1125 2152 1178 ἄν
2170 1140 2256 1186 τις
2287 1122 2536 1194 χωρίσειε
2560 1119 2942 1192 τοῦσώματος
2972 1120 3143 1173 αὑτοῦ
3173 1119 3271 1172 τοῦ
3297 1119 3542 1173 δεκτικοῦ
3566 1137 3578 1148 ·
3601 1138 3633 1170 τι

2086 1215 2230 1285 λόγῳ
2259 1215 2314 1267 δὲ
2350 1212 2556 1276 διελὼν,
2618 1215 2910 1286 γνωρίσειε
2944 1213 3044 1284 τὴν
3077 1209 3264 1282 φύσιν,
3296 1209 3362 1283 ἧς
3392 1215 3537 1264 ἐστιν
3575 1215 3633 1264 ῖδὶ

2088 1309 2392 1378 ήένέργεια
2410 1324 2422 1336 '
2453 1305 2628 1369 οῦτως
2655 1307 2749 1358 ἐπὶ
2784 1306 2877 1358 τοῦ
2906 1307 3026 1370 ἐνὸς
3061 1305 3389 1376 μονογενοῦς
3416 1306 3524 1374 (l9)
3555 1308 3633 1357 ne

2088 1401 2179 1453 τοῦ
2201 1401 2355 1463 Θεοῦ,
2376 1401 2555 1453 πᾶσαν
2581 1401 2678 1470 μὲν
2699 1399 2983 1471 ἐνέργειαν
3006 1399 3107 1452 οὐκ
3129 1400 3194 1452 ἄν
3220 1415 3306 1461 τις
3320 1399 3564 1467 χωρίσειε
3581 1399 3633 1468 τῆ

2090 1496 2220 1565 μιᾶς
2238 1495 2482 1566 υἱότητος
2505 1495 2659 1564 (19'),
2682 1495 2782 1565 τῆς
2805 1492 3111 1564 δὲ’φύσεως
3127 1489 3197 1564 ἧς
3226 1494 3377 1546 ἐστὶν
3403 1495 3593 1546 οἰκεῖον
3613 1511 3633 1542 :

2087 1587 2409 1656 γιγνόμενον
2423 1585 2659 1656 τῷλόγῳ
2682 1586 3024 1659 γνωρίσειεν.
3046 1585 3240 1649 Οὕτως
3264 1589 3422 1656 ἡμεῖς
3433 1587 3498 1639 τὸ
3514 1590 3634 1658 παρά

2085 1679 2283 1750 δειγμα
2326 1679 2425 1749 τῆς
2476 1677 2725 1742 ἐνώσεως
2770 1679 2867 1749 τῆς
2925 1679 3077 1743 θείας
3134 1680 3484 1750 ποιήσαντες,
3514 1682 3632 1743 ὠςᾶ

2086 1774 2172 1825 ἐπ’
2199 1771 2592 1844 εὐσεϐεστέραν
2621 1770 2826 1824 ἔννοιαν
2852 1769 3268 1841 κατεφύγομεν,
3310 1774 3394 1842 ἠς
3423 1773 3522 1841 μὲν
3550 1773 3630 1842 dli;

391 1858 829 1930 vestigationem,
865 1855 1201 1928 colligentes.
1227 1848 1289 1906 Si
1318 1851 1451 1922 quid
1482 1867 1546 1906 ex
1579 1851 1665 1906 bis
1705 1850 1804 1904 tibi
1834 1850 1949 1904 vide

2127 1862 2237 1926 είας
2272 1863 2439 1934 αὐτῆς
2466 1865 2512 1915 εί
2552 1861 2646 1916 καὶ
2677 1861 2754 1933 μὴ
2800 1861 3063 1926 καθάπαξ
3107 1862 3445 1932 ἐφικόμενοι,
3498 1864 3634 1913 εἰκόντ

393 1952 544 2007 bitur
590 1951 659 2005 ad
715 1949 997 2004 veritatem
1054 1945 1284 2017 prepius
1326 1945 1610 2008 accedere,
1645 1942 1807 1997 lauda
1857 1958 1983 1998 eum

391 2043 490 2115 qui
519 2041 768 2098 scientia:
802 2054 1122 2096 mensuram
1153 2038 1334 2105 dedit;
1383 2039 1429 2093 si
1469 2036 1599 2107 quid
1629 2035 1803 2106 magis
1835 2035 1985 2106 pium

392 2136 463 2193 ab
491 2135 598 2190 alio
627 2133 922 2199 didiceris,
955 2146 1151 2188 rursus
1182 2129 1432 2185 eumdem
1467 2129 1626 2184 lauda
1652 2137 1985 2183 curatorem.

389 2230 530 2286 Nam
569 2246 692 2288 cum
723 2229 867 2286 idem
894 2230 964 2286 ab
1001 2229 1160 2283 initio
1206 2228 1300 2292 sit,
1337 2227 1393 2281 in
1440 2227 1550 2282 alio
1579 2233 1839 2298 operatus
1880 2236 1985 2280 est.

389 2323 530 2380 Cum
575 2323 712 2380 satis
750 2337 853 2394 pro
883 2322 1096 2378 viribus
1136 2329 1344 2376 rectam
1379 2319 1783 2376 confessionem
1816 2334 1987 2388 expo-

389 2416 690 2483 suerimus,
731 2417 911 2472 salute
979 2414 1111 2472 ﬁliis
1163 2413 1422 2469 Ecclesia:
1471 2413 1641 2478 dicta,
1691 2411 1989 2482 gratiisque

392 2508 470 2563 illi
504 2509 666 2573 actis,
693 2509 787 2580 qui
820 2507 1094 2564 sermonis
1120 2507 1339 2578 cepiam
1389 2506 1784 2576 suppeditavit,
1834 2513 1988 2559 tran-

391 2601 618 2672 quillam
643 2601 906 2672 deinceps
925 2599 1093 2656 vitam
1127 2600 1307 2670 scpito
1327 2614 1581 2656 sermone
1602 2599 1979 2655 traducemus.

2085 1956 2214 2025 γοῦν
2236 1955 2572 2028 ὲεἶαρκοῧσείν
2615 1957 2746 2026 ἡμῖν
2773 1955 2913 2027 πρὸς
2940 1954 3141 2025 εὐσεδῆ
3169 1954 3405 2025 ζήτησιν
3428 1955 3633 2018 mussi.

2089 2066 2259 2119 μενοι.
2293 2047 2508 2102 Τούτων
2536 2049 2590 2102 εἴ
2610 2049 2662 2101 τί
2692 2065 2774 2101 σοι
2799 2047 3017 2112 δόξειεν
3069 2044 3374 2119 ἐγγύτερόν
3423 2065 3532 2108 πως

2089 2139 2348 2211 ἀληθείας
2397 2136 2554 2202 εἶναι,
2611 2139 2833 2210 ἁνύμνει
2859 2139 2954 2192 τὸν
2986 2139 3266 2192 δεδωκότα
3294 2139 3393 2208 τῆς
3434 2138 3634 2206 γνώσεω.

2088 2231 2148 2284 τὸ
2185 2233 2379 2303 μέτρον
2400 2249 2412 2261 ο
2448 2235 2495 2284 εί
2521 2231 2577 2284 δέ
2605 2249 2656 2284 τι
2689 2232 2890 2303 μᾶλλον
2922 2230 3150 2294 εὐσεϐὲς
3174 2233 3309 2301 παρ’
3327 2230 3484 2284 ἄλλον
3514 2231 3634 2300 pagi

2094 2323 2290 2394 θηκας,
2336 2324 2498 2377 αὑτὸν
2533 2323 2696 2376 πάλιν
2744 2323 2972 2394 ἁνύμνει
3006 2322 3100 2376 τὸν
3153 2322 3461 2394 κηδεμόνα·
3518 2322 3634 2373 αὐτὰ

2091 2416 2202 2488 γὰρ
2233 2416 2524 2483 παλαιῶν,
2585 2419 2665 2480 είς
2696 2417 2855 2471 ἄλαλον
2917 2418 3251 2488 ἐνήργησεν.
3299 2415 3634 2485 Ἀποχρίῖ.ιντως

2089 2510 2269 2562 τοίνυν
2312 2512 2390 2574 είς
2443 2509 2672 2581 δύναμιν
2699 2509 2798 2580 τὴν
2840 2509 3010 2582 ὀρθὴν
3043 2508 3344 2580 ὁμολογίαν
3379 2507 3633 2577 ἐκθέμενοι

2089 2602 2300 2672 χαίρειν
2332 2603 2430 2674 μὲν
2454 2607 2566 2667 τοῖς
2587 2603 2686 2673 τῆς
2709 2601 3052 2675 ῘΕκκλησίας
3082 2601 3264 2654 υἱέσιν
3291 2601 3550 2662 εἰπόντες,
3571 2599 3634 2666 χά·

393 2713 477 2771 ριν
505 2697 562 2751 δὲ
585 2697 663 2769 τῷ
690 2697 942 2752 δεδωκότι
971 2696 1066 2750 τοῦ
1130 2696 1288 2766 λόγου
1321 2698 1422 2768 τὴν
1465 2695 1729 2767 χορηγίαν
1777 2694 2213 2766 ὁμολογήσαντες
2241 2743 2254 2765 ,
2309 2701 2402 2754 ἐπὶ
2441 2701 2539 2770 τῆς
2597 2699 2717 2752 καθ’
2750 2697 2986 2768 ἡσυχίαν
3043 2696 3332 2766 διαγωγῆς
3383 2696 3471 2748 τὸν
3524 2694 3633 2758 λίγα

391 2790 717 2862 εὐνήσαντες
745 2790 839 2844 τοῦ
865 2788 1054 2844 λοιποῦ
1089 2789 1458 2860 βιοτεύσομεν.

461 2881 551 2935 15.
601 2879 873 2946 Quwritur
899 2877 1160 2950 quomodo
1174 2878 1400 2932 Verbum
1429 2877 1548 2947 plus
1584 2878 1640 2931 in
1690 2876 1882 2946 templo
1913 2877 1986 2930 sit

387 2989 550 3046 quam
577 2974 631 3027 in
661 2972 784 3028 aliis
814 2971 993 3028 rebus.
1023 3000 1097 3011 -—
1123 2971 1193 3027 At
1225 2970 1520 3026 nonnullos
1549 2969 1730 3032 video,
1753 2969 1849 3039 qui
1881 2977 1989 3023 sta-

391 3064 486 3119 dio
511 3063 738 3120 alterius
765 3062 1087 3134 quaestionis
1131 3059 1426 3132 aperiendo
1471 3075 1780 3116 sermonem
1828 3075 1988 3116 revo-

2164 2879 2248 2933 15.
2300 2879 2456 2933 Ἀλλὰ
2480 2879 2588 2950 γὰρ
2619 2879 2728 2953 όρῶ
2759 2897 2910 2942 τινας
2944 2880 3427 2952 ἀνακαλουμένους
3459 2884 3556 2948 (30}
3580 2883 3633 2933 τόι

2090 2971 2267 3040 λόγον,
2301 2974 2394 3025 καὶ
2422 2972 2700 3044 ζητήσεως
2735 2972 2928 3044 ἐτέρας
2973 2974 3192 3027 στάδιον
3245 2975 3633 3037 ὑποδεικνύντσς.

2092 3066 2186 3118 καὶ
2217 3064 2427 3139 τρέχειν
2455 3061 2612 3128 αὖθις
2645 3065 3021 3135 βιαζομένους,
3054 3066 3200 3136 τάχα
3236 3085 3342 3121 που
3365 3069 3458 3122 καὶ
3486 3086 3634 3138 πειρον

391 3163 541 3221 cent,
575 3170 812 3225 eumque
834 3160 1034 3226 cogant
1061 3168 1256 3207 rursus
1286 3167 1534 3218 currere,
1562 3167 1626 3207 ac
1654 3152 1792 3208 forte
1819 3153 1949 3208 etiar

2127 3157 2284 3221 ,ένους
2313 3157 2447 3228 (ει),
2480 3159 2526 3210 εἰ
2555 3157 2629 3228 μὴ
2653 3161 2762 3221 τοῖς
2791 3157 3126 3230 προλαϐοῦσι
3159 3159 3410 3224 διαύλοιξ
3453 3162 3634 3231 ἀπείρη-

393 3248 775 3320 periclitentur
795 3262 865 3302 an
903 3262 1013 3302 non
1045 3245 1426 3316 superioribus
1466 3245 1759 3301 curriculis
1805 3245 1987 3302 lassus

393 3339 682 3396 defecerit.
732 3337 829 3394 llle
861 3353 993 3394 vero
1035 3336 1241 3392 fontem
1292 3337 1556 3403 imitatur,
1604 3337 1698 3406 qui
1731 3351 1840 3407 quo
1879 3336 1988 3391 fre-

391 3432 654 3504 quentius
687 3430 962 3495 hauritur,
1007 3445 1074 3484 eo
1105 3428 1444 3500 limpidiores
1477 3443 1650 3500 aquas
1681 3428 1984 3500 profundit.

390 3525 463 3580 At
493 3532 644 3580 totus
683 3523 906 3594 quidem
949 3522 1019 3578 ad
1065 3537 1289 3576 cursum
1345 3523 1588 3576 intentus
1632 3529 1738 3584 est,
1765 3521 1990 3591 jamque

391 3617 606 3673 foribus
658 3623 870 3671 tantum
925 3630 1034 3670 non
1076 3613 1343 3685 prospicit
1389 3622 1443 3668 et
1491 3613 1856 3684 designatoris
1912 3613 1991 3670 si-

394 3727 562 3782 gnum
591 3716 896 3781 exspectat.
933 3707 1056 3764 Tibi
1088 3723 1240 3772 vero,
1286 3707 1333 3762 si
1370 3708 1728 3777 quaestionem
1780 3706 1990 3779 signiﬁ-

392 3820 523 3860 care
561 3803 720 3868 velis,
774 3809 1001 3874 paratus
1059 3808 1146 3856 est
1195 3800 1419 3855 exsilire
1457 3809 1512 3854 et
1550 3799 1988 3855 incredulitatem

395 3904 642 3952 sternere
684 3909 748 3950 ac
779 3899 1086 3965 pugnantes
1132 3907 1259 3946 cum
1301 3890 1412 3947 Deo
1456 3893 1674 3960 linguas
1714 3900 1984 3957 sternere,

394 3994 450 4043 et
491 3985 626 4056 quid
681 3985 750 4042 de
801 3985 967 4041 rebus
1011 3983 1215 4039 divinis
1247 3985 1624 4054 quaerendum,
1672 3983 1802 4054 quid
1860 4001 1990 4040 vero

395 4076 727 4132 credendum
759 4077 829 4132 sit
855 4076 1171 4131 discernére
1197 4083 1252 4130 et
1277 4091 1343 4132 ex
1375 4075 1639 4130 curriculi
1673 4075 1790 4146 lege
1813 4075 1988 4129 victor

395 4168 720 4223 renuntiari.
747 4166 1054 4234 Quomodo,
1083 4165 1280 4236 inquit,
1309 4163 1546 4220 Verbum
1575 4164 1774 4234 ubique
1791 4179 1986 4218 secun-

395 4259 525 4314 dum
558 4259 853 4316 essentiam
884 4264 990 4323 est,
1021 4266 1077 4312 et
1105 4257 1381 4326 quomodo
1406 4257 1463 4311 in
1485 4256 1707 4327 proprio
1743 4253 1988 4324 templo?

395 4352 530 4408 Nam
549 4354 617 4418 si,
638 4361 696 4408 ut
718 4353 773 4406 in
791 4350 1318 4423 omnibus,431ita
1337 4351 1448 4404 illic
1464 4368 1479 4417 ;
1497 4350 1633 4404 nihil
1649 4349 1984 4420 praecipuum

394 4464 507 4518 prie
543 4447 800 4504 omnibus
845 4447 1106 4517 templum
1140 4447 1381 4502 habebit.
1414 4445 1480 4500 Et
1528 4461 1638 4517 quo
1685 4447 1808 4501 loco
1849 4444 1984 4500 illud

2093 3265 2209 3301 κεν.
2252 3248 2308 3301 ’0
2336 3247 2394 3300 δέ
2420 3264 2481 3315 γε
2535 3249 2782 3316 μιμεῖται
2838 3247 3046 3318 πηγὴν,
3080 3247 3138 3318 ἢ,
3165 3247 3544 3319 συνεχέστερον
3572 3249 3632 3297 ἀν-

2090 3338 2383 3410 τλουμένη,
2443 3338 2776 3412 διειδέστερα
2829 3341 3025 3410 προχεῖ
3051 3337 3122 3390 τὰ
3165 3339 3408 3409 νάματα.
3442 3338 3632 3399 Ὀλοςίἒ

2090 3430 2312 3484 νένευκε
2366 3429 2504 3501 πρὸς
2551 3429 2645 3482 τὸν
2675 3429 2894 3503 δρόμον,
2944 3431 3039 3483 καὶ
3073 3431 3188 3484 τῶν
3241 3429 3422 3504 θυρῶν
3448 3432 3538 3483 οὐκ
3564 3429 3632 3498 ήδη

2089 3523 2214 3577 ὅσον
2248 3523 2547 3595 προέκυψε,
2598 3523 2692 3576 καὶ
2752 3522 2846 3575 τοῦ
2903 3524 3261 3596 σημαντῆρος
3317 3524 3561 3594 ἀναμένει
3594 3519 3632 3570 cii

2092 3613 2362 3687 σύνθημα.
2390 3615 2482 3668 Σοὶ
2509 3614 2565 3667 δέ
2595 3613 2914 3685 βουλόμενος
2946 3613 3057 3684 (22)
3085 3612 3147 3667 τὸ
3172 3613 3398 3686 ζήτημα
3421 3616 3630 3684 σημᾶνιι.

2088 3711 2304 3780 ’ἐτοιμος
2335 3708 2573 3781 ὁρμῆσαι
2603 3708 2696 3761 καὶ
2743 3707 3072 3761 καταϐαλεῖν
3120 3709 3220 3779 τὴν
3260 3709 3526 3766 ἀπιστίαν,
3563 3704 3630 3756 καὶ

2090 3803 2432 3875 περικλεῖσαι
2457 3801 2556 3865 τὰς
2591 3800 2892 3872 θεομάχους
2920 3799 3200 3868 γλώσσας,
3239 3802 3338 3855 καὶ
3362 3798 3629 3855 διαστεῖλειι.

2088 3896 2138 3949 τί
2167 3897 2266 3968 μὲν
2287 3895 2365 3948 δεῖ
2398 3894 2654 3967 περὶτῶν
2678 3891 2841 3946 θείων
2861 3893 3066 3964 ζητεῖν,
3100 3895 3156 3946 τί
3185 3893 3242 3948 δὲ
3270 3893 3548 3953 πιστεύειν,
3563 3889 3629 3941 κιὶ

2086 3991 2180 4045 τοῦ
2231 3991 2434 4064 δρόμου
2460 3989 2537 4061 τῷ
2574 3990 2724 4061 νόμῳ
2778 3988 3008 4059 νικητὴς
3071 3989 3469 4060 ἀναρρηθῆναι.
3518 3985 3627 4043 Πῶς.

2089 4083 2498 4155 φησὶν,ὁΛόγος
2514 4080 2788 4152 πανταχοῦ
2817 4083 2938 4134 κατ’
2965 4080 3156 4134 οὐσίαν
3182 4081 3328 4144 ἐστὶ,
3356 4081 3447 4133 καὶ

2086 4178 2166 4248 τῷ
2212 4176 2396 4246 οἰκείῳ
2444 4174 2554 4245 ναῷ
2585 4191 2600 4241 ;
2634 4176 2696 4228 Εἰ
2731 4173 2839 4248 γὰρ
2868 4175 3028 4237 ὼςὲν
3076 4174 3256 4228 ἅπασι
3298 4173 3470 4234 κάκεῖ,
3513 4168 3624 4220 οὐδὲν

2087 4269 2251 4322 πλέον
2278 4270 2306 4321 ὁ
2332 4269 2456 4331 ναὸς
2477 4267 2586 4320 τῶν
2618 4266 2832 4319 πάντων
2865 4265 2998 4330 ἕξει.
3033 4266 3148 4319 Καὶ
3187 4263 3292 4318 ποῦ
3321 4263 3542 4336 θήσομεν

2099 4365 2200 4418 Ἐν
2229 4355 2277 4429 ᾧ
2307 4359 2568 4416 κατοικεῖ
2616 4357 2736 4414 πᾶν
2783 4357 2848 4411 τὸ
2905 4356 3202 4426 πλήρωμα
3236 4356 3346 4424 τῆς
3399 4357 3616 4420 θεότητος

2087 4455 2468 4528 σωματικῶςς
2497 4455 2559 4508 Εἰ
2584 4454 2629 4506 δ’
2664 4454 2721 4505 ἐν
2745 4447 2822 4520 τῷ
2857 4449 2972 4522 ναῷ
3003 4450 3119 4521 δοίη
3154 4469 3240 4514 τις
3298 4451 3458 4504 πλέον
3498 4442 3615 4502 εἶναι.

396 4557 662 4612 ponemus
699 4559 714 4595 :
751 4540 817 4594 In
844 4557 944 4611 quo
977 4538 1240 4594 inhabitat
1274 4539 1444 4594 omnis
1488 4539 1758 4608 plenitudo
1791 4538 1949 4592 divini

2127 4547 2144 4598 5
2207 4549 2319 4608 τοῖς
2377 4545 2509 4598 πᾶσι
2569 4543 2687 4597 κατ’
2735 4541 2917 4594 οὐσίαι
2981 4541 3283 4613 πάρεστιν,
3339 4543 3469 4613 ὅπερ
3525 4538 3616 4589 ἴδιον

398 4635 524 4688 tatis
566 4633 912 4702 corporaliter
939 4633 1005 4687 ".
1044 4630 1201 4698 Quod
1237 4632 1284 4687 si
1328 4632 1482 4686 illum
1513 4633 1568 4686 in
1615 4631 1820 4701 templo
1857 4630 1978 4700 plus

396 4738 519 4777 esse
549 4724 672 4792 quis
718 4723 969 4790 dederit,
1010 4737 1122 4777 non
1163 4723 1418 4778 omnibus
1458 4722 1759 4778 secundum
1790 4736 1980 4776 essen-

398 4814 526 4869 tiam
554 4814 730 4878 adest,
767 4813 909 4884 quod
940 4815 1159 4884 quidem
1190 4813 1282 4869 Dei
1313 4814 1591 4885 proprium
1631 4823 1736 4869 est.

467 4906 556 4962 M.
583 4905 713 4962 ch
736 4908 959 4978 quwstio
986 4907 1098 4962 alia
1133 4909 1418 4978 quastione
1467 4907 1751 4977 refellit-ur,
1797 4917 1976 4978 utpote

471 5042 516 5071 "
544 5039 754 5096 Coloss.
786 5041 942 5108 11,.6.

467 5179 580 5268 (.ln8)
607 5179 730 5268 fil:
748 5181 1262 5268 ﬁréprstar.._;l.luwnc
1289 5185 1471 5268 locum
1506 5187 1825 5268 sanavimus
1871 5200 1970 5268 ope

395 5249 653 5326 Coisl.].
679 5249 969 5326 Habebam
999 5253 1355 5326 eiliti_(bsnep
1382 5257 1476 5326 ἐπὶ
1518 5255 1612 5308 τοῦ
1642 5257 1820 5326 φωτὸς
1855 5249 1971 5324 φῶς

395 5324 511 5400 ἐστι
541 5325 606 5400 τῇ
632 5321 901 5400 ἐνεργείᾳ,
984 5324 1102 5400 οὐκ.
1133 5322 1267 5400 R_eg.
1292 5321 1349 5390 ἶ,
1375 5321 1692 5400 etAClarom.
1723 5327 1759 5400 ἓ
1854 5321 1969 5400 ea;

396 5392 542 5468 ἔστιν
571 5388 630 5447 ἐν
656 5388 998 5468 τῇξᾴένεργείᾳ
1029 5395 1127 5447 οὐκ
1159 5388 1347 5468 ἄνντις,
1391 5395 1491 5468 ‘Sic
1535 5398 1701 5468 etiam
1729 5388 1876 5468 Reg:
1915 5388 1967 5460 1,

395 5463 674 5586 Εὲῗῐίιὲξζά
698 5461 904 5552 illud—ﬁ
935 5461 1045 5518 non
1075 5467 1342 5535 agnoscit.
1390 5465 1555 5522 Iidem
1606 5461 1836 5523 codices
1863 5469 1964 5523 lia-

627 5573 640 5586 υ
666 5553 755 5586 αυ.

465 5551 522 5586 ηι
549 5551 640 5588 και
666 5551 755 5590 αυ.

468 5604 579 5674 (19)
619 5605 783 5676 Ἐνὸς
805 5605 1190 5674 μονογενοῦς.
1224 5604 1298 5658 lta
1325 5604 1492 5661 Coisl.
1521 5607 1962 5676 antiquissimus.

397 5669 912 5746 Deest'po‘aoyéuoigq
938 5669 992 5730 in
1021 5669 1184 5731 editis
1213 5684 1266 5730 et
1289 5677 1407 5746 ἐνὸς
1431 5678 1486 5730 in
1517 5669 1703 5746 ltegfl
1739 5687 1793 5731 et
1821 5678 1874 5730 2.

459 5742 762 5823 ,(⁸19⁸)ῊΤῆς
787 5743 929 5823 ⁴μιᾶς
975 5745 1363 5823 υἱότητοςηιί.
1411 5763 1461 5823 e.
1507 5748 1572 5798 ab
1601 5742 1706 5823 una
1739 5766 1964 5823 persona

402 5806 552 5864 Filii.
587 5806 1098 5885 'Vci‘ut'iuiérprcs
1127 5806 1282 5885 quasi
1337 5817 1556 5886 legisset
1600 5809 1698 5888 si};
1735 5806 1964 5890 ἀληθοῦς

2085 4637 2241 4691 Θεοῦ.

2159 4908 2244 4962 11.
2281 4907 2462 4979 Σαφής
2495 4906 2715 4979 ἐλεγχος
2740 4907 3000 4971 ἀπιστίας
3031 4907 3092 4960 τὸ
3118 4906 3248 4972 πῶς
3282 4908 3372 4960 ἐπὶ
3403 4903 3516 4958 Θεοῦ
3532 4896 3606 4970 (Ξό)

2081 5183 2354 5254 θεότητος.
2390 5180 2546 5236 Eutr.
2579 5179 2819 5254 Pnnon.

2154 5249 2266 5326 (20)
2310 5251 2873 5326 Ἁγακιιλουμένρυς.
2907 5252 3096 5325 Rng
3133 5261 3188 5310 et
3229 5252 3378 5326 ενοι
3423 5251 3478 5305 [ἶ.
3517 5249 3601 5301 Ste-

2078 5321 2295 5396 phanus
2325 5324 2392 5377 ad
2426 5325 2632 5396 calcem
2659 5329 2712 5376 et
2737 5321 2907 5396 Coisl.
2941 5325 2977 5378 2
2998 5321 3221 5380 addunt
3246 5324 3420 5377 πάλιν.

2124 5396 2263 5479 “(‘2l)
2290 5393 2717 5464 Πειρωμένους.
2749 5395 2918 5454 Coisl.
2949 5396 2988 5449 2
3032 5406 3088 5451 et
3129 5396 3266 5466 Reg.
3315 5397 3336 5448 1
3373 5405 3422 5448 et
3445 5393 3475 5446 2

2115 5484 2308 5530 ωντας.

2081 5484 2391 5609 ρυέἕὲῗῗῖοὶ
2427 5535 2494 5588 δὲ
2515 5534 2917 5609 βουλςῖμενος.
2969 5537 3282 5609 Legendum
3330 5530 3594 5609 βουλομένῳ-

2077 5603 2196 5662 Mox
2228 5603 2358 5663 editi
2388 5608 2602 5677 ἕτοιμος
2633 5603 2739 5676 γὰρ
2767 5603 3228 5677 opinione—Deest
3255 5603 3434 5661 vocula
3464 5607 3506 5657 in
3529 5615 3596 5653 co-

2074 5681 2289 5734 dicibus
2327 5694 2460 5750 mss.
2498 5675 2864 5750 lla‘bent'lieg‘.
2902 5678 2923 5731 1
2953 5687 3007 5733 et
3035 5677 3069 5750 2
3102 5680 3463 5750 παρορμῆσαι.

2145 5751 2258 5820 (23)
2288 5749 2418 5821 Ἐπὶ
2441 5747 2609 5821 θεοῦ.
2633 5747 2704 5800 Ita
2734 5739 2901 5821 Coisl.
2939 5751 2987 5803 1.
3022 5749 3163 5804 ΕιΙὶιὶ
3186 5739 3325 5821 ’πέρι
3353 5739 3589 5800 Bito-3.510!

2072 5818 2198 5876 editi
2233 5818 2347 5883 πῶς
2381 5819 2676 5890 Θαλάσσης,
2703 5818 2922 5874 codices
2954 5837 3087 5876 mss.
3126 5829 3183 5874 ut
3215 5818 3282 5874 in
3305 5831 3456 5876 textu.
