3638 6472
361 5462 374 5489 ί

395 311 537 372 1235

1094 314 1462 372 ΛΡΡΕΝΒΙΧ.
1498 346 1566 356 -
1603 309 1786 370 PARS
1827 316 1868 371 l.
1915 317 1971 371 S.

2128 319 2280 373 i'l‘lNl
2320 319 2546 374 OPERA
2587 318 2857 374 SPURIA.

3512 325 3606 382 ιιδς

392 452 464 490 an
498 432 702 490 mansit
731 433 953 505 quidem
995 447 1198 503 corpus
1230 434 1468 488 hominis
1502 449 1722 504 corpus,
1775 433 1871 488 sed
1901 433 1971 486 in-

2128 437 2349 490 θάνατον
2382 439 2468 492 διὰ
2501 439 2601 510 τὴν
2635 439 2828 491 ἕνωσιν
2851 438 2943 492 τοῦ
2978 439 3150 507 Λόγου
3196 438 3486 512 διέ’με”ινεν;
3509 447 3608 501 ’Ati.‘

392 527 716 597 corruptum
759 537 813 582 et
866 527 1175 582 immortale
1226 528 1296 582 ob
1353 528 1611 582 unionem
1655 525 1974 599 Verbiper-

393 621 630 676 mansit?
659 619 816 685 Quod
861 621 907 675 si
951 619 1055 674 hoc
1087 619 1270 684 dices,
1309 635 1510 689 corpus
1539 619 1758 690 quidem
1791 629 1976 676 manet

392 729 616 784 corpus,
652 729 832 784 neque
861 714 1005 768 enim
1034 713 1178 767 Deus
1209 728 1412 784 corpus
1434 723 1539 778 est,
1569 714 1768 770 divinat
1793 722 1974 770 autem

394 806 677 875 dignitatis
703 805 865 876 432
897 805 1099 860 factum
1139 815 1224 861 est
1253 807 1546 876 particeps,
1595 822 1705 862 non
1744 816 1972 872 naturze,

393 912 494 966 pro
526 897 668 950 bona
705 898 985 951 voluntate
1021 895 1206 951 Verbi.
1235 896 1342 952 Sed
1375 898 1422 951 si
1450 896 1690 956 Verbum
1723 899 1794 953 ob
1817 899 1977 952 unio-

395 1005 517 1043 nem
551 989 602 1042 in
642 1004 796 1043 suam
830 987 1016 1059 ipsius
1071 989 1437 1044 substantiam
1467 1005 1670 1060 corpus
1716 991 1976 1056 mutavit,

393 1096 588 1136 rursus
621 1082 974 1152 qumrendum
1018 1084 1177 1137 nobis
1207 1090 1290 1137 est
1319 1084 1596 1153 quomodo
1626 1084 1681 1138 in
1719 1083 1980 1138 substan-

396 1177 528 1230 tiam
565 1175 729 1231 Verbi
760 1185 1030 1231 mutatum
1078 1178 1149 1232 sit
1178 1193 1404 1248 corpus.
1449 1177 1590 1232 Num
1622 1185 1888 1232 mutatum
1924 1180 1978 1234 in

395 1270 760 1324 substantiam
797 1269 959 1325 Verbi
985 1271 1194 1326 addidit
1225 1271 1432 1340 aliquid
1465 1273 1824 1326 substantiae?
1853 1271 1980 1325 Erat

394 1375 522 1427 ergo
558 1367 715 1413 antea
765 1360 1123 1431 imperfecta,
1159 1362 1434 1431 siquidem
1476 1361 1853 1416 accessionem
1888 1375 1981 1415 ac—

394 1453 554 1522 cepit.
585 1451 654 1506 At
695 1452 831 1506 nihil
860 1453 929 1507 ab
963 1469 1028 1508 eo
1062 1453 1294 1524 accepit.
1327 1454 1481 1521 Quod
1530 1468 1661 1524 ergo
1709 1461 1979 1507 mutatum

394 1553 478 1600 est
503 1545 637 1600 nihil
664 1544 801 1610 erit;
827 1553 882 1600 et
905 1547 1180 1617 quomodo
1207 1547 1354 1616 quod
1381 1547 1517 1600 nihil
1539 1554 1622 1601 est
1652 1547 1705 1600 in
1739 1545 1980 1600 divinam

396 1637 763 1692 substantiam
801 1640 1112 1692 mutatum?
1142 1638 1210 1691 At
1236 1636 1475 1694 Verbum
1497 1677 1512 1703 ,
1561 1636 1844 1707 inquient,
1882 1651 1980 1690 ne-

397 1745 670 1799 quaquam
705 1730 760 1782 in
786 1731 1062 1800 propriam
1085 1731 1448 1787 substantiam
1476 1746 1678 1800 corpus
1705 1728 1976 1794 dissolvit,

399 1821 496 1877 scd
533 1821 590 1875 in
615 1821 856 1876 divinam
884 1822 1018 1876 illud
1050 1823 1378 1878 immutavit.
1428 1821 1644 1877 Rursus
1678 1822 1837 1876 nobis
1888 1837 1982 1876 re-
2011 1815 2054 1870 Β

395 1915 962 1974 snondeantutrumin
1000 1913 1275 1978 divinam,
1311 1922 1368 1967 ut
1395 1915 1554 1968 aliam
1600 1914 1669 1967 ab
1697 1913 1817 1983 ejus
1847 1913 1979 1968 sub-

401 2007 626 2069 stantia,
655 2021 723 2058 an
755 2013 812 2058 ut
837 2005 1119 2059 eamdem?
1144 2005 1199 2058 Si
1237 2015 1297 2059 ut
1328 2007 1596 2070 eamdem,
1645 2005 1784 2060 duas
1815 2003 1980 2059 Verbi

399 2094 616 2149 divinas
669 2095 941 2148 essentias
1003 2095 1473 2163 prmdieabimus:
1532 2111 1697 2148 unam
1760 2095 1979 2165 quidem

399 2199 562 2254 quam
591 2199 653 2238 ex
685 2182 844 2238 Patre
872 2186 1090 2253 genitus
1136 2185 1359 2249 habuit,
1407 2186 1635 2239 alteram
1672 2187 1761 2239 cui
1803 2184 1981 2240 simile

398 2279 576 2349 ipsum
603 2294 804 2348 corpus
826 2277 1021 2332 eﬂ'ecit.
1051 2276 1206 2342 Quod
1237 2278 1282 2332 si
1313 2279 1367 2332 in
1398 2279 1556 2332 aliam
1589 2293 1691 2333 nec
1719 2278 1979 2345 divinam,

398 2372 453 2425 in
482 2379 720 2426 creatam
753 2371 998 2441 profecto
1027 2371 1234 2426 dicent.
1270 2370 1622 2427 Divinitatem
1666 2372 1812 2426 enim
1841 2371 1985 2425 inter

397 2473 447 2518 et
477 2474 785 2519 creaturam
814 2465 951 2518 nihil
982 2465 1244 2523 medium.
1270 2463 1336 2518 Et
1365 2465 1495 2536 quid
1520 2466 1824 2520 mulatione
1845 2481 1985 2534 opus

397 2567 483 2615 est
515 2559 754 2629 corpori,
789 2559 834 2614 si
876 2575 1069 2614 rursus
1095 2558 1152 2612 in
1178 2559 1546 2613 substantiam
1587 2565 1830 2612 creatam
1863 2563 1985 2610 niu-

399 2651 584 2704 tatur?

407 2771 410 2774 -
475 2741 560 2795 16.
597 2739 858 2810 Mysteria
890 2740 979 2794 ubi
1011 2741 1143 2795 vires
1182 2739 1435 2810 deﬁciunt
1458 2780 1472 2804 ,
1504 2739 1786 2794 adoranda
1816 2741 1984 2812 magis

399 2851 557 2902 quant
571 2832 1256 2904 vestiganda.—Vertigine
1276 2834 1491 2888 laboras
1518 2834 1572 2886 in
1602 2834 1873 2902 ejusmodi
1889 2833 1989 2887 du-

400 2927 784 2990 bitationibus,
802 2942 864 2981 ac
881 2927 1021 2981 forte
1035 2927 1196 2982 etiam
1213 2928 1411 2980 metuis
1437 2943 1504 2982 ne
1517 2927 1645 2997 quid
1662 2943 1727 2982 ex
1741 2927 1847 2989 bis,
1867 2943 1988 2998 quae

403 3019 550 3074 dicta
583 3025 732 3083 sunt,
772 3019 894 3073 ﬁdei
927 3027 1130 3074 nostrze
1155 3019 1424 3074 rationem
1451 3020 1734 3074 dissolvat.
1764 3020 1832 3072 At
1863 3035 1984 3091 ego,

405 3109 499 3162 ubi
549 3123 801 3178 quaerens
840 3109 1040 3173 hazreo,
1083 3110 1411 3164 miraculum
1443 3111 1691 3181 mystcrii
1720 3110 1986 3165 Christia-

405 3215 603 3253 norum
630 3200 828 3263 clamo,
862 3200 988 3270 quia
1006 3216 1171 3271 supra
1203 3211 1460 3263 mentem,
1495 3216 1658 3271 supra
1692 3202 1982 3265 rationem,

407 3305 575 3360 supra
601 3289 1016 3362 intelligentiam
1039 3301 1238 3346 creatae
1256 3300 1464 3346 natura:
1493 3309 1581 3347 res
1612 3302 1832 3347 nostra).
1865 3293 1986 3347 Tibi

406 3401 627 3456 quoque
661 3387 790 3440 talia
820 3388 1084 3458 quzerenti
1116 3388 1209 3442 ubi
1240 3387 1512 3441 dubitatio
1545 3388 1831 3454 inciderit,
1861 3404 1988 3458 pro-

407 3479 490 3533 fer
519 3489 763 3549 paratam
793 3482 1188 3551 quaestionibus
1222 3481 1635 3549 responsionem
1655 3520 1669 3543 ,
1701 3479 1893 3546 tidem;
1923 3496 1986 3534 ac

405 3570 542 3628 illud
569 3574 892 3637 considera,
935 3573 1028 3627 ubi
1070 3570 1216 3626 Deus
1263 3579 1367 3635 est,
1414 3571 1631 3625 etiamsi
1680 3571 1884 3640 aliquid
1919 3587 1985 3626 ex

405 3667 492 3722 his
539 3680 660 3736 qua:
707 3663 964 3717 dicuntur
1013 3664 1294 3731 ignoretur
1333 3663 1446 3717 sive
1502 3663 1572 3717 ob
1617 3665 1986 3733 praestantiam

405 3765 652 3821 naturze,
694 3757 810 3811 sive
861 3757 930 3810 ob
963 3755 1362 3810 lncarnationis
1393 3755 1636 3822 modum,
1682 3758 1892 3810 nullum
1919 3773 1986 3812 ex

406 3867 471 3905 ea
497 3866 556 3904 re
593 3849 978 3904 detrimentum
1021 3848 1402 3920 ignorantibus
1427 3851 1668 3904 evenire.
1703 3849 1986 3915 Quomodo

408 3953 591 3996 autem
618 3941 860 3994 audacia;
906 3940 1116 3995 crimen
1162 3956 1272 3994 non
1313 3939 1639 4008 formidatis,
1669 3941 1762 4010 qui
1801 3942 1986 3995 divina

408 4031 699 4087 emendare
737 4033 1135 4102 aggredimini?
1183 4032 1264 4086 An
1310 4048 1419 4086 non
1461 4032 1676 4087 divinos
1707 4048 1986 4088 sermones

408 4123 661 4186 audistis,
709 4124 803 4193 qui
844 4131 904 4176 ut
951 4139 1049 4178 vos
1088 4124 1156 4178 ab
1193 4123 1463 4194 ejusmodi
1509 4124 1763 4194 inemptis
1810 4125 1988 4179 deter-

408 4224 585 4282 reant,
633 4217 734 4271 luti
765 4225 818 4272 et
846 4216 994 4287 ﬁguli
1032 4217 1323 4288 imaginem
1356 4217 1514 4272 nobis
1544 4219 1898 4289 proponunt?
1929 4215 1987 4272 In

408 4325 519 4381 quo
548 4310 769 4380 quidem
787 4309 986 4364 docent
1013 4326 1122 4364 non
1151 4317 1403 4379 oportere
1432 4325 1533 4364 nos
1560 4311 1810 4365 curiosos
1843 4325 1984 4373 esse,

409 4413 504 4457 aut
541 4402 898 4474 inquisitores
942 4402 1252 4456 divinarum
1294 4418 1498 4467 rerum,
1546 4403 1639 4458 sed
1681 4403 1875 4458 cedere
1904 4403 1988 4456 di-

397 4495 552 4558 ,vinm
584 4495 874 4559 voluntati,
913 4502 970 4548 ut
996 4495 1167 4548 lutum
1199 4493 1361 4565 ﬁgulo
1391 4495 1456 4549 ’³.
1484 4493 1794 4550 Vereamini
1821 4494 1986 4564 igitur

409 4586 630 4640 tandem
659 4584 975 4654 aliquando,
1006 4591 1060 4638 ct
1092 4584 1275 4638 animo
1304 4582 1597 4638 admodum
1622 4582 1869 4637 modesto
1897 4597 1982 4635 ra-

484 4757 528 4788 ²³
569 4759 692 4813 lsai.
731 4776 880 4824 uix,
917 4760 1018 4825 16;
1047 4759 1209 4815 Rom.
1253 4776 1330 4827 ιιι,
1361 4760 1450 4813 2|.

482 4911 596 4984 (57)
624 4914 868 4984 Οὐσίαν.
899 4914 976 4967 Ita
1009 4915 1227 4984 codices
1256 4929 1387 4970 mss.
1425 4914 1568 4968 Editi
1594 4915 1772 4984 φύσιν.

487 4983 601 5052 ('58)
636 4983 1076 5055 Ἑρωτήσωμεν.
1119 4983 1195 5037 Ita
1233 4985 1399 5039 Coisl.
1435 4987 1484 5037 1.
1526 4983 1750 5055 Legitur
1782 4985 1988 5055 ἐρωτή-

415 5051 658 5128 σομενςὶῃ
697 5051 825 5122 Reg.
845 5055 886 5128 _i
916 5051 977 5128 et
1004 5055 1056 5108 2.
1086 5055 1228 5128 Editi
1253 5054 1412 5108 πάλιν
1440 5058 1568 5126 ἡμῖν
1596 5051 1912 5128 ἕρωτητέον.

486 5125 597 5195 (59)
632 5125 792 5195 Ἤγε.
832 5125 1053 5195 Coile
1091 5125 1224 5193 εἴγε.

488 5194 601 5264 (10)
633 5197 699 5249 El
724 5194 840 5264 μὲν
868 5194 996 5265 γάρ.
1032 5197 1193 5250 Deest
1237 5195 1425 5249 ultima
1474 5197 1667 5249 vocula
1720 5196 1772 5248 in
1812 5195 1981 5250 Coisl.

411 5265 467 5320 2.
501 5265 724 5335 Legitur
765 5267 820 5318 in
857 5268 875 5319 1
920 5267 1009 5318 καὶ
1052 5269 1097 5319 εἰ
1141 5266 1238 5336 μὲν
1282 5267 1494 5318 ταύτόν.
1541 5267 1662 5319 Mox
1709 5267 1762 5319 in
1795 5265 1925 5336 Reg.
1953 5265 1988 5317 2

415 5336 556 5408 κατὰ
585 5337 786 5408 ταὺτὴν
818 5337 1101 5404 πεποίηκε,
1127 5344 1179 5391 et
1202 5336 1268 5390 ad
1303 5339 1599 5407 marginem
1647 5339 1766 5390 κατ’
1795 5337 1984 5408 αὐτήν.

417 5404 550 5475 Reg.
583 5407 607 5459 1
647 5404 786 5460 κατὰ
811 5408 910 5477 τὴν
936 5408 1124 5477 αὐτὴν.

490 5447 1275 5547 ἃ,Ιὶ’λῖτξρίίέιγςψξιίίίητάχα
1323 5489 1441 5530 που
1498 5477 1598 5547 καί
1652 5475 1870 5542 δέδιας,
1915 5475 1988 5529 lla

419 5545 591 5620 Eoisl.
621 5549 676 5620 1.
720 5546 862 5620 Editi
917 5545 1250 5620 ἀποῤῥήσεσι
1303 5547 1442 5616 τάχα
1497 5545 1600 5598 ποῦ
1654 5547 1749 5599 καὶ
1793 5547 1986 5610 δέδιας.

420 5612 674 5688 Nonnulli
699 5619 915 5673 codices
935 5612 1252 5688 ἀπορήσεσι.

495 5686 606 5758 (αἲξ)
635 5691 983 5758 ﬂammeam.
1022 5685 1153 5757 Reg.
1186 5688 1220 5740 5
1249 5693 1302 5740 et
1327 5685 1565 5758 Clarom.
1608 5687 1634 5741 1
1668 5685 1989 5758 παραλυπῆ-

427 5764 514 5822 an.
553 5753 617 5806 R.
653 5753 960 5827 Stephanus
984 5759 1051 5812 ad
1086 5753 1312 5812 calcem.
1343 5756 1576 5828 λυπήσῃ.

2077 531 2124 581 εί
2147 530 2242 600 μὲν
2271 531 2448 593 τοῦτο,
2469 531 2616 601 μένει
2641 532 2738 600 μὲν
2769 531 2927 602 σῶμα
2949 531 3008 583 τὸ
3039 532 3215 602 σῶμα,
3245 535 3392 605 εἰπερ
3411 538 3470 589 οὐ
3496 539 3611 610 σῶμα

2078 621 2229 686 Θεὸς,
2249 623 2534 694 μετείληφε
2551 624 2607 676 δὲ
2635 624 2785 686 θείας
2801 624 2975 688 ἀξίας,
2993 626 3051 676 οὑ
3071 625 3298 695 φύσεως,
3328 627 3527 699 εὐδοκία
3547 632 3611 682 τοῦ

2077 719 2273 788 Λόγου.
2309 721 2372 772 Εἰ
2401 720 2446 773 δ’
2463 722 2491 772 ὁ
2518 720 2690 788 Λόγος
2701 721 2788 774 διὰ
2807 720 2903 791 τὴν
2925 721 3116 774 ’ἐνωσιν
3134 723 3211 785 εἰς
3227 721 3322 792 τὴν
3353 724 3530 776 ἑαυτοῦ
3551 728 3613 777 οὑ-

2083 811 2202 865 σίαν
2226 811 2415 880 (57)τὸ
2450 812 2610 883 σῶμα
2643 813 2932 883 μετέϐαλε,
2970 813 3129 866 πάλιν
3153 816 3611 885 ὲρωτήσωμενζὸὃὶ,

2079 904 2198 967 πῶς
2231 906 2311 967 εἰς
2350 905 2450 976 τὴν
2489 905 2674 957 οὐσίαν
2704 904 2799 958 τοῦ
2840 908 3014 974 Λόγου
3049 905 3346 977 μετεϐλήθη
3385 908 3444 959 τὸ
3477 908 3612 977 σῶμα.

2077 991 2225 1069 Ἀρα
2264 997 2601 1068 μεταϐληθὲν
2646 1001 2725 1062 εἰς
2763 998 2860 1070 τὴν
2909 999 3094 1052 οὐσίαν
3140 999 3233 1052 τοῦ
3271 1001 3456 1068 Λόγου,
3486 1019 3613 1072 apo-a-

2081 1088 2258 1160 θήκην
2291 1092 2358 1160 τῇ
2389 1090 2547 1161 οὐσίᾳ
2579 1091 2959 1162 παρέσχηκεν;
2993 1092 3200 1146 Οὐκοῦν
3246 1093 3458 1163 ἐλλιπὴς
3488 1094 3542 1146 ἂν
3569 1091 3614 1164 ἦν

2082 1180 2189 1252 πρὸ
2208 1180 2422 1246 τούτου,
2453 1183 2552 1252 ἥγε
2586 1183 2696 1252 (59)
2733 1184 3050 1255 προσθήκην
3075 1183 3356 1257 δεξαμένη.
3399 1185 3525 1237 ’Λλὶσ
3552 1187 3617 1238 οὐ·

2080 1275 2168 1327 δὲν
2199 1275 2306 1328 ἀπὸ
2334 1274 2525 1328 τούτου
2557 1276 2924 1347 προσέλαὸενς
2973 1277 3182 1332 Οὐκοῦν
3225 1279 3285 1332 τὸ
3332 1279 3615 1350 μεταϐληθὲν

2082 1369 2238 1422 οὐδὲν
2268 1368 2334 1422 ἂν
2361 1370 2465 1440 εἴη.
2493 1371 2603 1423 Καὶ
2625 1370 2742 1434 πῶς
2787 1373 2865 1434 είς
2901 1371 3050 1424 θείαν
3077 1372 3138 1424 τὸ
3174 1373 3338 1443 μηδὲν
3365 1373 3615 1443 μετέπεσεν

2083 1460 2296 1527 οὐσίαν;
2326 1461 2464 1514 Ἀλλ’
2495 1463 2593 1514 οὐκ
2613 1465 2694 1526 εἰς
2718 1461 2816 1534 τὴν
2848 1465 3076 1528 οἰκείαν,
3104 1466 3381 1535 φήσουσιν,
3413 1466 3614 1518 οὐσίανὸ

2081 1553 2256 1622 Λόγος
2288 1553 2512 1608 ἁνέλυσε
2544 1555 2606 1607 τὸ
2641 1555 2818 1626 σῶίμα,
2864 1555 2976 1608 ἀλλ’
3014 1559 3092 1619 εἰς
3124 1557 3270 1609 θείαν
3313 1556 3462 1609 τοῦτο
3493 1575 3612 1627 μετε-

2086 1643 2296 1715 ποίησε.
2335 1646 2502 1698 Πάλιν
2534 1642 2626 1700 οῦν
2673 1649 2804 1718 ἡμῖν
2837 1649 3316 1720 ἁποκρινέσθωσαν
3339 1689 3353 1712 ,
3388 1649 3521 1702 θείαν
3558 1651 3611 1712 ὡς

2085 1733 2249 1806 ἄλλην
2285 1737 2434 1808 παρὰ
2472 1739 2571 1809 τὴν
2616 1739 2803 1802 αὑτοῦ,
2834 1740 2866 1811 ἢ
2897 1741 3090 1793 ταύτὸν
3120 1744 3187 1812 τῇ
3235 1741 3422 1802 autcf);
3451 1743 3504 1794 Εἰ
3542 1744 3611 1810 μὲν

2081 1827 2191 1899 γὰρ
2218 1828 2326 1900 (40)
2357 1830 2550 1883 ταύτὸν
2574 1833 2640 1902 τῇ
2663 1826 2848 1896 αὑτοῦ,
2875 1832 2968 1886 δύο
2997 1833 3148 1896 θείας
3176 1833 3361 1896 οὐσίας
3375 1833 3462 1885 τοῦ
3479 1835 3609 1900 Λέγω

2079 1920 2410 1992 κηρύξομενο
2452 1924 2580 1993 μίαν
2615 1924 2733 1994 μὲν,
2776 1925 2895 1978 καθ’
2927 1925 2992 1996 ἣν
3040 1928 3104 1978 ὲκ
3150 1927 3359 1998 Πατρός
3387 1925 3610 1998 γεννηθεὶς

2080 2005 2260 2080 εἶχεν,
2296 2012 2492 2082 ἑτέραν
2529 2013 2607 2079 δὲ,
2644 2013 2764 2066 καθ’
2815 2015 2880 2085 ἣν
2931 2016 3025 2068 καὶ
3059 2016 3191 2067 αὐτὸ
3236 2016 3296 2068 τὸ
3342 2016 3485 2086 σῶμα
3521 1995 3610 2067 κατ’

2081 2104 2250 2174 αὐτὴν
2285 2105 2604 2175 πεποίηκεν.
2642 2107 2704 2158 El
2744 2107 2787 2158 δ’
2827 2107 3016 2178 ἑτέραν
3053 2108 3201 2178 παρὰ
3234 2108 3330 2179 τὴν
3371 2107 3534 2170 αὑτοῦ,
3565 2108 3609 2159 οὗ

2083 2196 2233 2250 Θείαν
2255 2197 2344 2259 δὲ,
2381 2199 2605 2269 κτιστὴν
2640 2199 2855 2263 πάντως
2893 2200 3097 2271 ἐροῦσι.
3138 2200 3395 2270 Θεότητος
3429 2200 3520 2270 γὰρ
3543 2201 3610 2249 καί

2084 2291 2316 2355 κτίσεως
2353 2292 2502 2345 οὐδὲν
2557 2293 2719 2364 μέσον
2752 2294 2817 2347 ἂν
2861 2295 2966 2364 εἴη.
2995 2296 3104 2348 Καὶ
3147 2295 3198 2347 τί
3232 2296 3327 2365 τῆς
3365 2292 3611 2364 μεταῦολῆς

2083 2382 2162 2453 τῷ
2192 2382 2405 2454 σώματι
2438 2385 2498 2436 τὸ
2532 2385 2856 2454 ἀναγκαῖον,
2901 2388 3059 2458 εἴπερ
3093 2389 3171 2450 εἰς
3215 2387 3430 2457 κτίστην
3467 2385 3610 2438 οὐσίαν

2089 2476 2250 2529 πάλιν
2289 2481 2626 2547 μετεποιεῖτο
2645 2494 2660 2538 ;

2164 2739 2249 2794 16.
2281 2741 2541 2812 Ἰλιγγιᾷς
2569 2741 2661 2793 ἐπὶ
2687 2741 2804 2804 ταῖς
2834 2740 3111 2812 ἀπορίαις,
3145 2739 3240 2791 καὶ
3262 2739 3394 2808 τάχα
3425 2752 3514 2788 που
3547 2735 3611 2785 καὶ

2089 2833 2262 2897 δέδιας
2298 2834 2404 2904 (41)
2435 2836 2616 2904 μήπου
2646 2834 2699 2885 τί
2726 2832 2832 2885 τῶν
2854 2831 3160 2904 εἰρημένων
3188 2831 3281 2882 τὸν
3308 2828 3399 2897 τῆς
3422 2827 3612 2884 πίστεως

2088 2926 2122 2994 ἡ
2132 2924 2248 2994 μῶν
2292 2923 2574 2996 παραλύσῃ
2623 2922 2730 2993 (42)
2779 2923 2953 2991 λόγον.
2998 2922 3137 2974 Ἀλλ’
3181 2922 3307 2973 ὅταν
3353 2918 3450 2987 ἐγὼ
3473 2916 3609 2986 ζητῶν

2092 3019 2446 3088 ἐπαπορήσω,
2501 3017 2619 3068 τότε
2682 3016 2776 3068 τοῦ
2829 3015 3129 3086 μυστηρίου
3182 3013 3289 3066 τῶν
3331 3010 3608 3082 Χριστιανῶν

2092 3107 2384 3181 ἀνακράζω
2414 3109 2476 3160 τὸ
2525 3107 2730 3179 θαῦμα,
2780 3109 2862 3160 ὅτι
2917 3106 3056 3177 ὑπὲρ
3109 3105 3256 3169 νοῦν,
3305 3105 3432 3174 ὑπὲρ
3471 3102 3606 3166 λόγον,

2092 3202 2230 3272 ὑπὲρ
2278 3199 2576 3271 κατάληψιν
2629 3199 2854 3268 κτιστῆς
2893 3199 3108 3267 φύσεως
3141 3197 3252 3268 (45)
3297 3197 3361 3249 τὰ
3400 3195 3604 3266 ἡμέτερα.

2093 3294 2259 3346 Ὅταν
2306 3294 2361 3346 δὲ
2395 3293 2488 3345 καὶ
2522 3293 2604 3344 ao".
2639 3291 2705 3343 τὰ
2739 3290 2967 3344 τοιαῦτα
3019 3289 3273 3359 ζητοῦντι
3324 3286 3500 3356 ἀπορία
3549 3282 3607 3338 τὶς

2090 3386 2268 3456 ἐπείη,
2305 3385 2577 3456 πρόσφερε
2607 3383 2713 3452 (Μ)
2746 3385 2859 3444 τοῖς
2889 3379 3243 3451 ζητουμένοις
3272 3379 3472 3448 ἑτοίμην
3493 3375 3606 3425 λύειν

2088 3478 2186 3546 τὴν
2221 3476 2419 3540 πίστιν,
2445 3473 2809 3544 λογιζόμενος,
2834 3475 3024 3544 ὅτιπερ
3047 3473 3181 3524 ὅπου
3212 3471 3358 3532 Θεὸς,
3385 3469 3472 3521 κᾶν
3495 3468 3606 3531 ἀγνο-

2087 3568 2192 3639 ηθῇ
2233 3566 2344 3636 (15)
2375 3564 2561 3617 τιτῶν
2591 3565 2894 3635 λεγομένων
2919 3604 2932 3628 ,
2965 3564 2996 3634 ἢ
3028 3564 3096 3616 δι’
3129 3563 3396 3633 ὑπεροχὴν
3423 3559 3601 3628 φύσεως,

2090 3661 2210 3731 ἢδι’
2238 3661 2547 3731 οἰκονομίας
2577 3660 2795 3732 τρόπον,
2817 3658 2966 3710 οὐδὲν
2989 3657 3096 3709 ἀπὸ
3125 3657 3314 3708 τούτου
3347 3647 3600 3724 sum“)

2088 3757 2200 3816 τοῖς
2227 3752 2507 3822 ἀγνοοῦσιν
2533 3753 2824 3820 ἐγγίνεται.
2851 3751 2976 3812 Πῶς
3002 3749 3059 3802 δὲ
3085 3748 3224 3811 ὅλως
3252 3750 3311 3800 οὐ
3339 3745 3514 3798 δεδίατε
3533 3740 3601 3808 τὴν

2087 3843 2320 3914 τόλμαν,
2369 3843 2438 3896 τὰ
2477 3843 2594 3896 θεῖα
2639 3841 2934 3895 διευθύνειν
2976 3839 3403 3910 ὲπιχειροῦντες;
3444 3833 3501 3886 Ἢ
3523 3830 3599 3882 τῶν

2089 3933 2247 3987 θείων
2278 3935 2379 3986 οὑκ
2419 3933 2687 4003 ἀκηκόατε
2732 3932 2921 4001 λόγων,
2960 3930 3030 3995 οἳ,
3073 3931 3204 3992 τοὺς
3230 3929 3349 3981 καθ’
3379 3927 3499 3995 ὑμᾶς
3523 3920 3597 3989 (Hi

2087 4025 2196 4079 τῶν
2217 4026 2472 4079 τοιούτων
2505 4027 2865 4096 ἐγχειρήσεων
2896 4024 3240 4093 ἀνείργοντες
3261 4062 3274 4085 ,
3309 4020 3397 4092 τὴν
3423 4017 3499 4070 τοῦ

2089 4119 2181 4171 λοῦ
2216 4121 2310 4172 καὶ
2337 4118 2433 4172 τοῦ
2467 4118 2754 4188 κεραμέως
2783 4119 2914 4188 ἡμῖν
2934 4116 3116 4168 εἰκόνα
3146 4113 3470 4186 προσέθηκαν
3490 4106 3595 4177 (18);

2091 4213 2276 4287 Ταύτῃ
2318 4212 2659 4274 παιδεύοντες
2695 4209 2769 4281 μὴ
2797 4211 2905 4262 δεῖν
2949 4211 3098 4280 ἡμᾶς
3135 4210 3441 4279 περιέργους
3467 4202 3493 4272 ἦ
3519 4200 3596 4262 ἑξε-

2087 4304 2289 4367 ταστὰς
2321 4303 2427 4356 τῶν
2455 4303 2612 4356 θείων
2639 4300 3012 4360 καθίστασθαι,
3049 4299 3162 4353 ἀλλ’
3192 4301 3352 4352 εἴκειν
3381 4298 3436 4365 τῇ
3456 4291 3594 4363 βουλή-

2092 4413 2173 4449 σει
2201 4398 2267 4466 τῇ
2303 4394 2454 4465 θείᾳ,
2495 4393 2744 4466 καθάπερ
2770 4393 2862 4444 τὸν
2890 4391 3058 4464 πηλὸν
3088 4391 3167 4462 τῷ
3203 4391 3438 4461 κεραμεῖ.
3475 4381 3594 4436 Εὐλα-

2091 4487 2292 4560 6ήθητε
2324 4485 2454 4556 γοῦν
2481 4484 2577 4554 ὀψέ
2619 4501 2770 4547 ποτε,
2803 4483 2896 4536 καὶ
2942 4484 3252 4554 φρονήματι
3283 4480 3393 4532 λίαν
3425 4469 3593 4528 ἐπιεικεῖ

2089 4582 2214 4643 τοὺς
2235 4579 2534 4653 ὑμετέρους
2557 4578 2847 4649 λογισμοὺς
2875 4576 3158 4647 κοιμίσατε
3189 4574 3294 4647 (49)
3310 4617 3323 4638 ,
3353 4573 3434 4626 καί
3457 4569 3533 4630 τὰς
3555 4565 3591 4615 ἐν

2167 4911 2276 4980 (45)
2302 4909 2558 4976 Κτιστῆς
2590 4911 2859 4980 φύσεως.
2891 4907 3014 4980 [hee
3044 4923 3152 4962 non
3197 4905 3504 4962 incommode
3527 4900 3588 4954 ab-

2095 4979 2224 5037 sunt
2255 4981 2324 5034 ab
2354 4981 2738 5048 antiquissimo
2767 4979 2887 5048 cod.
2919 4979 3089 5032 Coisl.

2163 5051 2274 5122 (44)
2302 5042 2627 5122 Πρόσέςερε.
2660 5049 2735 5102 lta
2768 5047 2898 5120 Reg.
2935 5050 2958 5102 1
2993 5058 3046 5103 et
3077 5049 3132 5110 2,
3180 5049 3343 5104 Coisl.
3377 5049 3398 5102 l
3436 5053 3480 5101 et
3505 5042 3586 5096 Cla-

2091 5121 2228 5176 rom.
2268 5122 2317 5175 1.
2347 5122 2485 5174 Editi
2519 5121 2772 5191 πρόφερε.

2165 5192 2276 5261 (45)
2305 5188 2616 5259 Ἀγνοηθῇ-
2643 5188 2776 5259 “Eg.
2811 5191 2835 5243 1
2869 5197 2922 5261 et
2945 5190 2998 5249 ἓ,
3030 5189 3199 5243 Coisl.
3236 5190 3257 5244 1
3288 5188 3582 5261 ἁγνοῆται.ω

2166 5251 2276 5329 146)
2315 5251 2849 5327 Οὐδὲν-..ξ’βλάὲος.
2896 5259 2987 5315 Sic
3034 5261 3197 5314 iidem
3243 5251 3459 5314 codices.
3488 5251 3585 5304 Εάὶῑὶ

2092 5334 2210 5388 οὐδε
2219 5333 2334 5401 μία.
2346 5373 2380 5385 ..
2420 5330 2609 5402 βλάϐη.

2167 5395 2276 5473 (Π)
2320 5395 2462 5468 Τοῦς
2496 5395 2626 5473 ica-0’
2659 5401 2834 5471 ὑμᾶς.
2869 5399 3023 5454 Haud
3062 5401 3180 5455 scio
3209 5416 3275 5454 an
3303 5399 3469 5454 melius
3486 5395 3583 5459 lege-

2092 5482 2242 5528 retur
2261 5471 2398 5536 τοὺς
2423 5471 2541 5543 καθ’
2570 5474 2734 5543 ἡμᾶς.

2171 5543 2282 5613 (48)
2318 5536 2723 5609 Προσέθηὶὶαν.
2769 5542 2952 5611 Regi
2988 5550 3040 5597 et
3077 5543 3132 5606 Ξ,
3171 5551 3223 5596 et
3249 5538 3313 5594 Β.
3346 5536 3583 5607 Stephanus

2094 5614 2160 5668 ad
2184 5612 2390 5667 'calcern
2422 5612 2747 5683 προέθηκαν.

2170 5685 2280 5753 (49)
2310 5667 2646 5750 Κοιμῖσιιτὲ.
2707 5683 2944 5738 Clarom.
2989 5692 3165 5753 uterq.
3209 5693 3260 5737 et
3300 5679 3444 5735 Coisl.
3473 5673 3511 5726 9..
3538 5667 3579 5719 ll.

2097 5753 2406 5824 Stephanus
2440 5753 2503 5806 ad
2531 5754 2734 5809 calCeIu
2762 5755 3090 5825 κοσμήσατε.
