3638 6484
37 306 168 361 1237

1047 306 1412 364 EXPOSITIO
1451 305 1703 363 R‘ECTAS
1743 299 2256 359 CONFESSIONIS.

3146 303 3288 360 {258

36 422 154 490 ὑμῖν
196 419 566 490 ἑπαπορήσεις
611 417 788 481 πίστις
830 417 1094 472 ἐπιλυέτω
1143 422 1300 495 μόνη,
1345 423 1435 476 καὶ
1478 424 1587 483 τοὺς

1753 415 2092 470 ocinationes
2135 421 2348 469 vestras
2382 412 2687 483 consopite,
2719 428 2782 467 ac
2826 423 3041 472 vestras
3069 415 3292 472 dubita»

34 507 213 574 λόγους
257 509 390 569 τοὺς
438 506 610 569 θείους
653 506 792 560 κατὰ
831 508 892 560 τὸ
924 512 1308 582 γεγραμμένον
1347 513 1600 584 τρέμετε,

37 598 145 660 ἵνα,
178 597 281 666 τῆς
327 597 754 661 ἐπαναπαύσεως
794 599 894 669 τῆς
937 600 1086 664 θείας
1135 601 1272 667 ἄξιοι
1302 604 1598 674 γενόμενοι,

34 691 132 741 τῶν
164 690 450 760 μακαρίων
479 691 694 743 ἐκείνων
726 692 984 762 ῥημάτων
1014 693 1166 765 παρά
1193 694 1288 748 τοῦ
1321 695 1457 748 Θεοῦ
1496 696 1603 749 τῶν

38 784 158 836 ὅλων
202 782 553 853 ἐπακούσητε
575 801 588 814 ⁸
625 783 755 836 Ἐπὶ
786 785 920 838 τινα
949 786 1254 856 ἐπιὸλέψω
1274 828 1288 852 ,
1317 788 1600 856 λεγόντων,

36 876 158 928 ἀλλ’
195 873 234 942 ἦ
267 874 371 927 ἐπὶ
405 875 511 928 τὸν
558 876 836 929 ταπεινὸν
880 879 975 933 καὶ
1025 879 1306 949 ἡσύχιον,
1349 881 1447 933 καὶ
1477 881 1604 948 τρέ-

33 985 206 1035 μοντα
237 967 388 1032 τοὺς
418 969 636 1038 λόγους
660 986 820 1039 μου;
859 971 1080 1035 Τούτοις
1125 973 1602 1044 περικλεισθεισῶν

36 1057 128 1108 τῶν
149 1057 438 1128 θεομάχων
468 1059 746 1127 γλωσσῶν,
783 1061 918 1132 πρὸς
944 1062 1043 1133 τὴν
1071 1061 1354 1134 διαστολὴν
1383 1066 1411 1117 6
1447 1063 1604 1133 λόγος

38 1151 378 1222 ἐπειγόμενος
430 1160 631 1224 τρέχει.
688 1155 876 1224 Ὑμεῖς
927 1155 982 1207 δὲ
1031 1159 1078 1208 οἱ
1127 1156 1229 1226 τῆς
1277 1157 1604 1230 Ἐκκλησίας

36 1248 180 1306 υἱεῖς,
228 1245 278 1296 οἱ
322 1246 427 1316 τὴν
465 1243 688 1316 ζήτησιν
729 1248 965 1310 εὐσεϐῶς
997 1249 1337 1320 ποιούμενοι,
1375 1251 1604 1305 καὶτῶν

37 1336 488 1407 ἐπαπορουμένων
533 1337 631 1400 τὰς
676 1339 895 1403 πεύσεις
922 1341 981 1392 οὑ
1014 1342 1387 1412 πειράζοντες,
1410 1341 1523 1396 ἀλλ’
1554 1345 1603 1396 εἰ

36 1427 238 1480 δυνατὸν
293 1429 620 1498 μανθάνειν,
668 1434 1032 1503 προσάγοντες
1079 1434 1212 1505 (50),
1242 1431 1345 1488 ῶδέ
1392 1453 1480 1506 μοι
1511 1436 1603 1488 τὸν

35 1518 143 1570 νοῦν
177 1519 557 1589 εὐτρεπίσατε.
594 1521 912 1592 Πολυσχιδές
939 1523 1037 1594 μὲν
1063 1525 1162 1594 τῆς
1189 1524 1338 1588 θείας
1351 1525 1602 1578 διδασκα-

38 1610 142 1674 λίας
165 1611 224 1663 τὺ
246 1613 435 1683 σχῆμα
466 1612 598 1684 (51),
631 1619 962 1686 συναιρεῖται
1005 1616 1061 1668 δὲ
1103 1616 1179 1679 ῶς
1220 1618 1276 1668 ἐν
1324 1617 1603 1688 κεφαλαίῳ

38 1703 104 1765 εἷς
130 1721 184 1755 τε
211 1704 452 1775 μάθησιν
470 1707 699 1760 ἐντολῶν
725 1711 816 1761 καὶ
842 1708 1104 1780 φυλακὴν,
1133 1711 1212 1772 εῖς
1232 1727 1289 1762 τε
1326 1710 1423 1781 τὴν
1454 1710 1602 1763 θείαν

1706 509 1882 563 tiones
1913 507 2044 562 ﬁdes
2072 507 2188 562 sola
2227 505 2514 570 dissolvat,
2547 513 2602 560 ct
2638 501 2706 559 ad
2735 503 2952 563 divinos
2979 523 3287 576 sermones,

1705 598 2165 670 quemadmodum
2197 598 2463 666 scriptum
2493 604 2600 661 est,
2633 597 3061 662 contremiscite,
3094 606 3176 664 ut,
3203 599 3289 652 di-

1703 692 1794 761 gni
1825 689 1951 744 facti
1985 691 2038 744 in
2065 690 2265 760 quibus
2303 688 2445 744 Deus
2474 689 2824 758 requiescat,
2865 688 3020 742 beata
3055 688 3144 742 illa
3175 705 3290 743 ver-

1703 786 1771 840 ba
1800 785 1869 839 ab
1902 783 2286 839 universorum
2337 782 2446 837 Deo
2479 781 2715 837 audiatis
2749 801 2762 836 :
2795 779 2878 834 Ad
2924 797 3074 851 quem
3122 782 3290 849 respi-

1705 877 1863 941 ciam,
1896 875 2000 930 nisi
2039 875 2107 928 ad
2143 874 2394 928 humilem
2429 883 2479 928 et
2505 873 2737 944 quietum
2765 882 2816 926 et
2841 880 3144 926 trementem
3173 887 3288 928 ser-

1707 986 1882 1022 mones
1907 985 2046 1022 meos
2077 969 2156 1022 ’⁵⁸2
2198 968 2334 1022 Cum
2380 968 2466 1024 his
2513 969 2810 1024 obstructae
2839 968 3042 1024 fuerint
3085 969 3288 1039 lingua!

1705 1082 1830 1122 cum
1879 1067 1986 1120 Deo
2029 1075 2368 1136 pugnantes,
2424 1081 2726 1136 properans
2779 1065 2846 1120 ad
2877 1065 3283 1120 distinctionem

1706 1175 1886 1215 sermo
1912 1160 2106 1214 currit.
2129 1157 2240 1215 Vos
2264 1168 2466 1224 autem,
2497 1159 2591 1229 qui
2619 1158 2875 1214 Ecclesia:
2898 1157 2992 1211 lilii
3019 1157 3286 1226 estis,qui

1705 1251 2062 1320 quaestionem
2110 1251 2197 1320 pie
2243 1251 2572 1322 proponitis,
2606 1258 2659 1305 et
2689 1250 2755 1306 de
2781 1250 2948 1305 rebus
2977 1249 3161 1303 dubiis
3195 1247 3283 1301 in-

1704 1343 2107 1414 terrogationes
2165 1358 2274 1396 non
2326 1343 2590 1406 tentandi,
2634 1342 2726 1397 sed
2771 1341 3039 1404 discendi,
3081 1341 3126 1394 si
3169 1339 3284 1394 ﬁeri

1703 1434 1900 1503 possit,
1932 1433 2117 1488 studio
2148 1433 2426 1503 profertis,
2461 1449 2607 1487 nunc
2645 1433 2885 1486 animum
2919 1433 3050 1486 mihi
3089 1433 3285 1486 adver-

1704 1527 1821 1580 tite.
1867 1525 2218 1580 Multifariam
2260 1526 2479 1596 quidem
2521 1525 2785 1580 dividitur
2829 1524 3092 1579 doctrina:
3121 1524 3283 1596 433

1705 1619 1891 1674 divina
1921 1619 2092 1672 forma
2119 1660 2132 1682 ,
2177 1619 2272 1674 sed
2317 1619 2631 1675 summatim
2671 1619 2948 1688 colligitur
2976 1618 3032 1671 in
3062 1617 3288 1673 institu-

1705 1713 1912 1766 tionem
1967 1711 2348 1766 mandatorum
2407 1719 2459 1766 et
2513 1711 2973 1776 observationem,
3016 1717 3071 1765 et
3100 1710 3156 1764 in
3189 1709 3292 1764 Dei

39 1794 216 1862 γνῶσιν
260 1796 356 1848 καὶ
412 1797 798 1870 προσκύνησιν.
844 1801 906 1853 Οί
953 1800 1130 1854 τοίνυν
1175 1801 1276 1871 τῆς
1326 1801 1587 1854 εὐσεϐείας

1751 1804 2078 1874 agnitionem
2106 1812 2159 1859 et
2184 1804 2580 1859 adorationem.
2610 1803 2838 1859 Pietatis
2878 1803 3044 1873 igitur
3076 1809 3283 1858 amato-

40 1888 246 1956 ἐρασταὶ
277 1889 381 1961 τὴν
417 1891 516 1960 μὲν
544 1891 652 1943 τῶν
685 1893 912 1945 ἐντολῶν
948 1894 1192 1966 φυλακὴν
1231 1896 1326 1948 καὶ
1368 1895 1602 1968 μάθησιν

42 1980 145 2030 κατ’
187 1981 340 2034 οὐδὲν
386 1983 603 2051 ἀγνοεῖν
645 1986 1012 2056 πειράσονται,
1042 1988 1134 2040 καὶ
1160 1988 1266 2058 πρὸ
1299 1989 1501 2043 τούτων
1541 2008 1604 2060 γε

41 2072 124 2140 τὴν
155 2071 299 2125 θείαν
333 2075 728 2147 προσκύνησιν.
762 2079 871 2149 Τήν
901 2095 963 2147 γε
999 2079 1103 2149 μὴν
1135 2079 1243 2132 τῶν
1277 2080 1434 2133 θείων
1467 2081 1606 2149 γνῶ-

48 2180 116 2214 σιν
143 2164 495 2237 βουλήσονται
528 2169 625 2238 μὲν
656 2169 882 2240 ἰχνεύειν
914 2174 992 2233 είς
1020 2171 1264 2242 δύναμιν·
1294 2174 1606 2237 ἀτονοῦντες

43 2254 106 2315 δὲ,
148 2260 624 2327 προσκυνείτωσαν
665 2262 740 2325 ὼς
787 2263 1096 2332 ἀνέφικτον,
1143 2266 1230 2317 ἵνα
1272 2265 1344 2337 μὴ
1373 2266 1606 2320 κενῶται

45 2346 100 2397 τὰ
125 2348 218 2416 τῆς
262 2351 507 2415 πίστεως
557 2355 707 2424 ἡμῖν.
761 2355 942 2426 Ταύτῃ
992 2357 1048 2409 δέ
1081 2359 1458 2428 ἐπισταμένων
1493 2360 1604 2431 (5⁸2.)

48 2442 206 2510 ἡμῶν,
252 2444 287 2496 ἀ
331 2446 437 2515 μὲν
475 2447 558 2500 δεῖ
590 2448 771 2518 ζητεῖν
794 2491 809 2514 ,
840 2449 876 2503 ἃ.
918 2450 974 2502 δέ
1023 2451 1317 2516 πιστεύειν,
1351 2454 1443 2504 ἐπὶ
1482 2456 1607 2517 τοὺς

49 2533 236 2599 ἀγῶνας
266 2537 381 2607 (55)
421 2534 513 2590 οὖν
534 2539 628 2591 τοῦ
656 2540 854 2611 δρόμου
890 2541 982 2593 τὸν
1007 2541 1160 2610 λόγον
1190 2543 1606 2613 ἐμϐιϐάσαντες,

49 2627 242 2700 νικητὴν
269 2631 552 2702 ἁποςῆναι
580 2633 984 2705 σπουδάσωμεν.

55 2721 270 2788 Ἐμὸηθι
301 2723 412 2796 (54)
439 2725 658 2778 λοιπὸν
683 2729 768 2793 εὶς
795 2728 936 2794 τοὺς
964 2728 1197 2800 ἀγῶνας
1225 2733 1258 2783 ὀ
1284 2731 1483 2800 λόγος.

115 2824 185 2876 17.
227 2825 628 2899 Ὀμολογοῦμεν
677 2829 886 2898 ἀγνοεῖν
931 2831 1031 2903 τὴν
1083 2833 1285 2903 ἐναργῆ
1328 2834 1426 2904 τῆς
1479 2833 1608 2904 ἀλη-

57 2914 176 2977 θείας
221 2919 440 2985 γνῶσιν
493 2919 720 2992 ἐπείπερ
763 2922 926 2993 μέρος
971 2922 1102 2974 πολὺ
1145 2940 1247 2975 που
1291 2924 1391 2994 τῆς
1431 2926 1605 2994 νίκης.

84 3025 193 3061 υσον
239 3011 294 3064 δέ
329 3014 558 3081 ἐφικτὸν
608 3014 894 3085 ἀνθρώπου
927 3015 1104 3084 φύσει,
1139 3015 1296 3069 τοῦτο
1327 3017 1604 3084 ἐξετάσας,

61 3103 260 3169 εὐσεϐῶς
287 3108 417 3177 ὑμῖν
461 3107 522 3159 τὸ
559 3106 884 3179 ζητούμενον
914 3108 1076 3163 λύσω.
1110 3110 1234 3174 Πῶς
1262 3111 1390 3182 γὰρ,
1424 3113 1604 3183 φησιν,

1707 1912 1796 1951 res
1848 1895 2234 1950 mandatorum
2295 1896 2731 1951 observationem
2779 1904 2835 1951 et
2888 1896 3294 1951 institutionem

1708 1989 1860 2042 nulla
1892 1989 1946 2041 in
1974 2004 2033 2042 re
2051 1989 2304 2059 ignorare
2334 1988 2702 2052 conabuntur,
2735 1989 3008 2059 praecipue
3030 2004 3160 2043 vero
3192 1989 3289 2045 Dei

1707 2080 2102 2136 adorationem.
2133 2078 2337 2133 Rerum
2367 2088 2548 2134 autem
2578 2079 2890 2134 divinarum
2916 2080 3286 2150 cognitionem

1708 2173 1786 2226 illi
1835 2173 2052 2243 quidem
2096 2188 2196 2242 pro
2232 2173 2445 2228 viribus
2485 2172 2815 2243 investigare
2854 2173 3064 2238 volent;
3103 2181 3158 2227 at
3195 2173 3288 2228 ubi

1706 2267 1853 2321 vires
1882 2266 2157 2334 deﬁcient,
2191 2282 2254 2321 ea
2287 2266 2517 2320 adorent
2547 2281 2668 2335 quze
2708 2265 2977 2335 attingere
3007 2281 3116 2320 non
3160 2282 3290 2336 pos-

1709 2365 1858 2420 sunt,
1889 2374 1955 2413 ne
1988 2357 2121 2413 ﬁdes
2153 2358 2310 2413 nobis
2339 2365 2656 2412 evacuetur.
2688 2356 2801 2411 Hac
2830 2366 3012 2411 autem
3041 2357 3290 2427 praemis-

1707 2465 1770 2506 sa
1798 2465 2008 2512 eorum,
2035 2465 2156 2519 quae
2185 2447 2509 2518 inquirenda
2537 2455 2687 2513 sunt,
2709 2455 2763 2502 et
2789 2461 3002 2511 eorum,
3030 2462 3151 2516 quae
3170 2463 3292 2502 cre—

1709 2544 1907 2606 denda,
1947 2543 2303 2598 distinctione
2326 2581 2340 2608 ,
2387 2555 2700 2596 sermonem
2739 2539 2795 2593 in
2821 2539 3084 2594 curriculi
3109 2548 3298 2596 certa-—

1708 2652 1832 2691 men
1867 2637 2243 2699 immittentes,
2269 2635 2534 2689 victorem
2563 2632 2777 2688 edicere
2802 2632 3144 2689 Studeamus.

1781 2729 1938 2783 Nunc
1962 2731 2339 2800 jam‘cupesse,
2371 2744 2563 2791 sermo,
2589 2743 2807 2780 arenam
2838 2726 3100 2795 prodiens.

1781 2824 1866 2877 17.
1904 2822 2136 2878 Tandem
2177 2832 2351 2890 aperte
2395 2821 2542 2875 docet
2604 2819 2832 2874 Verbum
2867 2821 2920 2874 in
2965 2820 3152 2889 templo
3185 2837 3298 2875 non

1707 2919 1904 2986 pariter
1955 2935 2068 2971 esse
2113 2935 2175 2970 ac
2207 2919 2261 2971 in
2300 2916 2470 2980 nobis,
2497 2916 2620 2987 quia
2668 2914 2917 2982 templum
2972 2915 3290 2982 purissimus

1710 3010 1912 3074 oculus,
1944 3028 2037 3063 nos
2071 3026 2188 3064 vero
2233 3010 2521 3077 lippientes.
2547 3037 2619 3047 —-
2644 3005 2902 3062 Fatemur
2948 3022 3053 3061 nos
3086 3007 3291 3061 claram

1709 3101 1954 3157 veritatis
1978 3101 2343 3172 cognitionem
2375 3107 2658 3155 assecutos
2691 3114 2800 3152 non
2833 3114 2976 3162 esse,
3000 3098 3045 3153 si
3072 3097 3291 3167 quidem

60 3196 236 3263 6.\o’~{o;
262 3197 317 3250 ἐν
360 3216 419 3251 τε
468 3198 546 3269 τῷ
583 3200 766 3271 οἰκείῳ
793 3201 902 3272 ναῶ
937 3204 1054 3254 κατ’
1085 3203 1269 3255 οὐσίαν
1298 3205 1444 3257 ἐστὶν
1476 3204 1581 3274 (ΐὶἲὶ)

1751 3195 1766 3248 l
1801 3196 1942 3250 bona
1974 3211 2100 3266 pars
2133 3195 2377 3250 victoriae
2423 3202 2526 3247 est.
2571 3192 2845 3258 Quantum
2879 3199 3059 3246 autem
3099 3199 3298 3245 natura

63 3287 104 3338 ἓν
127 3307 174 3342 τε
201 3294 305 3355 τοῖς
333 3288 489 3346 οὖσιν
522 3292 721 3346 ἅπασιν
749 3293 968 3365 ὁμοίως,
1003 3297 1095 3348 καὶ
1123 3295 1175 3347 τί
1217 3297 1395 3350 πλεῖον
1429 3299 1456 3348 6
1485 3297 1611 3361 ναὸς

63 3379 147 3432 τῶν
202 3384 454 3437 ἁπάντων
513 3385 656 3449 Eget;
697 3385 1041 3456 Ἀκούσωμεν
1074 3388 1186 3457 (56)
1218 3387 1280 3458 δὴ
1310 3387 1491 3441 λοιπὸν
1513 3388 1609 3441 τοῦ

65 3472 204 3539 λόγου
241 3475 515 3542 λέγοντος,
551 3474 654 3540 Ὄς
681 3475 850 3527 ἐστιν
888 3475 1013 3542 τοῖς
1050 3477 1297 3543 malae-ir;
1337 3477 1442 3530 τοῦ
1491 3480 1610 3530 Πα-

67 3563 195 3630 τρέτς,
237 3569 352 3620 κατ’
398 3567 591 3620 οὐσίαν
644 3568 738 3620 καὶ
784 3571 896 3631 τοῖς
944 3571 1105 3622 πᾶσιν
1156 3571 1266 3641 (57)
1305 3571 1613 3643 ἀμερίστως

68 3657 262 3727 sipara.
283 3677 296 3688 ·
333 3661 426 3713 καὶ
458 3661 560 3712 οὐκ
590 3659 761 3723 οὕτως
793 3661 956 3714 αὐτὸν
987 3665 1044 3714 ἐν
1073 3664 1149 3734 τῷ
1168 3664 1610 3735 Πατρὶλέγομεν,

68 3747 124 3809 ὡς
150 3751 197 3801 ἐν
218 3755 324 3816 τοῖς
350 3753 563 3816 λοιποῖς
590 3747 745 3816 εἶναι,
774 3756 834 3807 οὐ
867 3755 954 3808 διὰ
983 3755 1044 3808 τὸ
1072 3756 1169 3827 τὴν
1202 3757 1388 3810 ουσίαν
1415 3758 1471 3808 ἐν
1503 3760 1613 3820 τοῖς

71 3841 210 3907 ἄλλοις
254 3847 586 3918 γιγνομένην
791 3849 1193 3916 συστέλλεσθαι,
1226 3850 1360 3902 ἀλλά
1412 3850 1497 3902 διὰ
1551 3850 1613 3903 τὸ

72 3931 152 3983 τῶν
179 3935 472 4008 δεχομένων
502 3938 721 4010 μέτρον,
753 3939 1083 3993 ἀτονούντων
1110 3943 1209 4012 τὴν
1243 3941 1485 4013 είσδοχὴν
1514 3942 1612 4013 τὴν

71 4020 216 4076 Θείαν·
254 4029 423 4094 οὕτως
459 4031 516 4082 ἐν
543 4030 620 4100 τῷ
651 4032 834 4103 οἰκείῳ
861 4033 974 4103 ναῷ
1015 4033 1314 4106 ἀχώριστον
1341 4035 1608 4102 λέγοντες,

74 4114 145 4165 καὶ
181 4117 328 4172 οἱονεὶ
371 4120 484 4191 (59)
514 4121 573 4173 τὸ
617 4121 890 4192 πλήρωμα
933 4123 1032 4192 τῆς
1061 4123 1310 4194 θεότητος
1339 4127 1610 4177 κατοικεῖν

75 4205 559 4278 καθομολιογοῦντες,
613 4214 705 4265 καὶ
748 4217 885 4276 τοῖς-κ
921 4217 1082 4267 πᾶσιν
1140 4216 1298 4268 αὐτὸν
1359 4220 1609 4288 παρεῖναι

79 4298 168 4347 κατ’
191 4302 364 4356 οὐσίαν
395 4303 632 4373 λέγομεν
655 4347 669 4370 ,
703 4306 795 4358 καὶ
831 4306 929 4375 οὐχ
957 4307 1175 4377 ὁμοίως.
1210 4308 1283 4360 Οὐ
1321 4307 1429 4379 γὰρ
1461 4308 1609 4378 δέχε-

77 4400 142 4439 ται
170 4392 308 4464 σῶμα
345 4397 554 4468 ρυποῦν
595 4397 820 4460 ἀκτῖνας
849 4397 1100 4469 θεότητος
1119 4417 1130 4428 ·
1167 4400 1260 4452 καὶ
1289 4399 1523 4470 μάνθανε
1550 4399 1610 4451 τὸ

79 4476 227 4551 λεχθὲν
273 4489 697 4559 παραδείγματι.
741 4491 816 4542 Οὐ
853 4488 962 4560 γὰρ
1006 4490 1070 4544 ἂν
1114 4491 1469 4562 ὑποσταλείην
1513 4491 1607 4542 τοῦ

133 4638 302 4698 “lsai.
337 4661 482 4708 txvi,
513 4645 568 4699 9.
646 4647 690 4677 "
719 4643 877 4698 Joan.
919 4662 956 4707 I,
990 4645 1077 4698 18.

133 4783 225 4856 (50)
256 4787 690 4856 Προσάγοντες.
717 4785 956 4856 Claroui.
985 4784 1019 4835 Ξ).
1051 4783 1404 4856 προάγοντες.

137 4854 227 4923 (51)
277 4857 343 4910 Τὸ
389 4852 622 4926 σχῆμα.
653 4857 796 4910 Idem
826 4855 946 4909 cod.
983 4864 1035 4908 et
1063 4853 1194 4923 Reg.
1232 4853 1252 4905 1
1285 4863 1337 4907 et
1363 4855 1418 4926 2,
1456 4861 1508 4906 et

89 4919 348 5012 Stephanus
387 4919 475 5012 ~ad
504 4919 717 4982 calcem
746 4927 807 4979 τὸ
841 4926 1048 4998 χρῆμα,
1084 4919 1292 4977 εἴωθε
1329 4925 1487 4977 iidem
1517 4925 1616 4994 τῆς

93 5003 723 5138 ’ίῖἐξῗῖὲἓῗτέὶιμένωη
780 5065 974 5138 Regi
1029 5065 1164 5138 ore,
1200 5071 1258 5138 ςιι
1287 5063 1524 5138 gramm.
1555 5065 1611 5127 ει,

89 5133 140 5256 ag
164 5133 312 5260 miirg.
342 5133 708 5210 δοσταμένων.
767 5133 1068 5190 δὶείειὶοιη
1115 5133 1252 5188 Rob.
1302 5134 1612 5205 Stephanus

90 5215 114 5254 ἃ
166 5222 216 5260 tta
238 5226 364 5262 cem.

422 5280 564 5346 τοὺς
610 5277 863 5348 ἀγῶνας.
898 5275 1057 5331 Deest
1105 5271 1196 5328 οὖν
1251 5291 1360 5330 non
1408 5276 1615 5330 incom—

93 5347 216 5396 mode
245 5351 291 5396 in
325 5349 451 5396 Rea-
488 5351 543 5396 3-

107 5349 216 5398 node
245 5351 291 5402 in
324 5349 453 5417 Reg.
488 5351 543 5403 5.

118 5415 238 5490 ,(51)
269 5423 527 5489 Ἕμϐηθι.
582 5421 659 5475 lta
688 5419 757 5474 R.
783 5418 1123 5490 Stephanus
1170 5426 1224 5490 et
1253 5433 1389 5490 mss.
1421 5415 1615 5490 Poste-

97 5486 229 5561 ἷὶυἷεε
275 5486 536 5548 vditiones
597 5489 845 5561 ἕμϐληθι.
897 5486 1104 5561 Ibidem,
1137 5489 1266 5542 edit.
1320 5486 1615 5561 ‘Ergbftob;

96 5550 283 5634 ἔῗτῶνεις.
311 5561 430 5634 Reg.
468 5565 490 5617 1
528 5576 582 5618 et
607 5550 661 5625 2',
695 5550 768 5616 ιη’
787 5560 840 5614 in
874 5569 1045 5634 testu.
1077 5560 1346 5634 Observat
1388 5555 1614 5634 Sylbur-

98 5626 191 5691 Slus
232 5626 605 5688 accuratiorem
659 5646 877 5686 versum
931 5633 1196 5691 futurum,
1247 5629 1293 5682 si
1345 5626 1620 5682 scribatur

102 5689 294 5774 133530:
321 5706 501 5758 λοιπὸν
528 5706 609 5768 εἰς
631 5701 845 5774 ἀγῶνάς
873 5718 962 5774 μοι
987 5704 1015 5755 6
1037 5689 1210 5774 λόγος.

154 5761 245 5838 (53)"
273 5776 393 5828 Κατ’
422 5761 847 5830 οὺσίᾰνέστίν.
873 5761 1001 5828 llazc
1037 5761 1200 5828 vciba
1220 5771 1472 5840 leguntur
1495 5774 1618 5836 post

1714 3286 1952 3340 humana
1981 3287 2245 3358 attingere
2279 3293 2479 3356 potest,
2511 3283 2642 3338 illud
2672 3284 3007 3354 investigans
3029 3283 3112 3353 pie
3142 3283 3303 3337 vobis-

1713 3379 2073 3449 quaastionem
2127 3379 2354 3432 solvam.
2393 3375 2700 3443 Quomodo,
2737 3376 2934 3444 inquit,
2968 3373 3202 3430 Verbum
3241 3383 3300 3429 et

1713 3471 1770 3524 in
1815 3470 2038 3540 proprio
2071 3470 2274 3539 templo
2311 3477 2397 3522 est
2434 3466 2735 3522 secundum
2785 3466 3098 3530 essentiam,
3133 3473 3186 3520 et
3238 3465 3297 3518 in

1681 3565 1878 3627 ,rebus
1930 3563 2203 3617 universis
2238 3561 2520 3615 similiter?
2572 3559 2638 3612 Et
2671 3558 2803 3628 quid
2838 3557 3110 3627 prmcipuc
3149 3564 3302 3610 tem-

1714 3655 1860 3724 plum
1897 3667 2009 3724 praz
2040 3653 2295 3708 omnibus
2325 3651 2585 3705 habebit?
2617 3650 2918 3705 Audiamus
2954 3647 3301 3719 Scripturam-

1713 3748 1982 3802 dicentem
2023 3767 2035 3800 :
2073 3746 2176 3812 Qui
2199 3756 2275 3799 est
2323 3744 2377 3796 in
2406 3745 2526 3798 sinu
2572 3741 2754 3796 Patris
2771 3743 2838 3808 ³³,
2868 3742 3169 3797 secundum
3203 3757 3297 3796 es-

1714 3840 1946 3897 sentiam
1988 3839 2243 3895 omnibus
2271 3837 2437 3892 etiam
2480 3834 2635 3890 adest
2678 3835 2817 3888 citra
2844 3833 3192 3896 divisionem,
3215 3840 3300 3887 at-

1713 3951 1822 4006 que
1882 3933 2034 3988 illum
2092 3933 2167 3986 ita
2224 3934 2278 3986 in
2324 3929 2488 3984 Patre
2537 3939 2645 3982 non
2687 3942 2810 3982 esse
2843 3925 3100 3990 dicimus,
3138 3933 3196 3980 ut
3241 3925 3305 3980 in

1714 4027 1835 4081 aliis
1881 4027 2078 4092 rebus;
2131 4041 2242 4080 non
2291 4022 2437 4094 quod
2502 4021 2651 4076 illius
2715 4020 3024 4076 substantia
3073 4019 3129 4074 in
3176 4018 3300 4074 aliis

1714 4123 1877 4175 rebus
1926 4119 2308 4182 contrahatur,
2345 4115 2442 4173 sed
2474 4123 2698 4186 propter
2731 4112 3149 4186 suscipientium
3181 4126 3306 4165 nio-

1712 4214 1922 4275 dulum,
1955 4228 2076 4282 quae
2099 4212 2339 4265 divinam
2373 4211 2718 4279 prtesentiam
2749 4223 2859 4263 non
2896 4207 3189 4264 sustinent.
3219 4205 3299 4262 lta

1712 4305 1844 4358 dum
1877 4305 2008 4358 illud
2037 4304 2090 4357 in
2122 4304 2344 4373 proprio
2379 4301 2578 4370 templo
2623 4300 2984 4369 inseparabile
3037 4298 3298 4362 dicimus,

1713 4413 1776 4451 ac
1807 4396 1970 4451 veluti
2014 4395 2410 4465 plenitudinem
2441 4392 2742 4447 divinitatis
2777 4391 2848 4444 ibi
2880 4391 3128 4445 habitare
3161 4404 3299 4444 cou-

1714 4491 1959 4554 litemur,
1992 4489 2154 4544 etiam
2192 4489 2314 4542 aliis
2344 4487 2506 4542 rebus
2538 4484 2730 4541 adesse
2762 4483 3060 4540 secundum
3109 4497 3301 4540 essen-

1649 4788 1692 4842 D
1720 4785 1919 4856 ὀμοίως
1953 4787 2006 4839 in
2039 4783 2170 4854 Reg.
2208 4785 2241 4838 ’5
2270 4790 2323 4838 et
2348 4784 2516 4856 Quis].
2542 4785 2595 4839 2.

1794 4856 1904 4926 (56)
1952 4852 2345 4926 amovimus-ar.
2373 4853 2438 4926 ιι.
2460 4852 2776 4926 Stephanus
2800 4857 2868 4910 ad
2899 4857 3104 4912 calcem
3129 4857 3296 4912 ἁκού-

1724 4922 1906 4998 σωμεν
2025 4922 2228 4998 λοιπόν.
2267 4922 2346 4978 Ita
2373 4922 2615 4991 Coiﬁ],
2658 4925 2793 4998 Reg,
2829 4927 2854 4981 1
2904 4935 2957 4982 et
2996 4927 3052 4982 2.
3102 4927 3304 4987 Deerat

1719 4997 1901 5049 λοιπόν
1934 4997 1987 5049 in
2014 4996 2194 5051 editis.

1755 5067 1913 5148 λῇ).
1935 5067 2041 5148 [fat
2078 5067 2201 5134 τοῖς
2235 5063 2442 5120 πᾶσιν.
2477 5066 2934 5136 Conjunctionem
2981 5068 3300 5141 suppedita-

1716 5135 2329 5280 Ηλᾶῗιῖέιὲτιομένην.
2381 5207 2548 5262 Coisl.
2593 5207 2629 5260 ξ).
2687 5209 3045 5280 γιγνομένοις.
3090 5210 3295 5266 Ibidem

1719 5277 1967 5349 nonnulli
2011 5278 2231 5331 codices
2267 5278 2333 5331 ad
2378 5292 2550 5348 marg.
2584 5277 2971 5344 συντελεῖσθαι,
3003 5287 3168 5349 atque
3220 5282 3297 5335 ita

1720 5347 1784 5400 R.
1818 5347 2130 5417 Stephanus
2155 5349 2218 5401 ad
2250 5349 2475 5403 calcem.
2509 5347 2518 5348 “
3078 5347 3094 5349 “

1793 5420 1902 5488 (59)
1937 5419 2045 5472 Καὶ
2094 5419 2294 5472 οἱονεί.
2347 5418 2507 5472 Deest
2538 5419 2856 5486 conjunctio
2911 5421 2964 5472 in
3024 5417 3194 5471 Coisl.
3240 5416 3296 5470 2.

1719 5487 1932 5541 Habent
1961 5488 2092 5541 Rea.
2131 5489 2154 5541 1
2193 5496 2248 5541 et
2277 5489 2332 5541 2.
2361 5489 2456 5541 καὶ
2479 5483 2590 5541 οἷον
2617 5491 2720 5541 ein.
2770 5488 2972 5541 Ibidem
3000 5486 3133 5540 editi
3165 5487 3296 5541 ὁμο-

1719 5486 1932 5543 llabent
1961 5488 2092 5558 Reg.
2131 5489 2154 5541 1
2193 5496 2248 5542 et
2277 5489 2332 5552 ‘2,
2361 5489 2456 5541 καὶ
2479 5486 2590 5541 οἷον
2617 5491 2720 5559 εἴη.
2770 5488 2972 5544 Ibidem
3000 5486 3133 5540 editi
3165 5487 3299 5556 ὁμο-

1718 5558 2036 5641 λκογοῡντες.Δ
2062 5559 2193 5629 Reg.
2339 5569 2393 5614 et
2417 5558 2474 5620 2,
2512 5569 2584 5641 ‘et
2613 5559 2780 5640 Coisl.
2829 5560 2885 5641 1,
2932 5564 2994 5641 ut
3031 5556 3100 5641 in.r
3120 5564 3295 5641 testu.

1719 5624 1887 5682 Paulo
1921 5637 2043 5700 post
2091 5624 2200 5684 trés
2237 5629 2397 5683 iidem
2429 5627 2645 5682 codices
2675 5629 2829 5699 σῶμα
2859 5626 3046 5700 ρυπόν.
3077 5624 3300 5698 Legitur

1723 5701 1925 5768 ρυποῦν
1957 5702 2022 5755 ad
2059 5699 2358 5772 marginem
2387 5698 2440 5753 in
2476 5697 2684 5769 Regiis.
