3638 6490
5 327 111 382 lii!
723 326 1196 397 QUIESTIONES
1228 327 1318 384 ΕΤ
1361 327 1883 385 RESPONSIONES
1921 328 2012 382 AD
2051 327 2538 386 ORTHODOXOS.
3138 331 3304 418 1⁸342.

27 501 1053 529 m

1058 507 3258 533 Μ

1295 670 2001 764 ADMONITIO

776 861 845 922 In
878 862 1283 936 Quaastiones
1315 873 1376 925 et
1412 864 1893 942 Responsiones
1924 865 2002 926 ad
2049 865 2477 928 Orthodoxos.

55 1181 534 1254 Iustinumhujus
561 1183 728 1251 operis
761 1192 1024 1254 auctorem
1054 1200 1158 1237 non
1187 1201 1298 1238 esse
1329 1185 1460 1238 adeo
1490 1185 1625 1240 inter
1647 1202 1822 1238 omnes
1849 1185 2000 1238 hodie
2023 1196 2279 1249 convenit,
2315 1197 2370 1240 ut
2403 1187 2456 1240 id
2497 1186 2722 1254 probare
2751 1204 2854 1241 non
2882 1187 3036 1240 modo
3064 1205 3271 1248 necesse

6 1273 82 1305 non
116 1255 207 1315 sit,
253 1252 353 1326 sed
389 1254 558 1326 etiam
595 1256 840 1326 otiosum,
874 1252 1180 1307 Mirandum
1216 1257 1390 1324 potius
1423 1257 1659 1325 aﬂictum
1695 1257 1774 1308 illi
1814 1273 1926 1309 esse.
1984 1256 2242 1324 ejusmodi
2287 1252 2679 1310 monumentum
2729 1261 2779 1311 in
2808 1275 2910 1326 quo
2957 1257 3193 1315 Irenteus
3215 1273 3268 1318 et

5 1327 232 1396 Origenes
267 1324 600 1396 laudantur,
639 1324 922 1396 Ματρὶς]ιωὶ
955 1339 1333 1388 memorantur,
1370 1343 1432 1378 ac
1465 1324 1674 1396 scripta:
1709 1325 1773 1380 de
1813 1328 1932 1379 vitis
1969 1327 2263 1394 priscorum
2298 1329 2736 1382 anachoretarum
2768 1324 3007 1382 historice
3040 1331 3269 1388 laudan-

5 1392 96 1446 tur.
126 1394 369 1445 Frustra
422 1392 705 1457 Labba'us,
740 1414 755 1442 ε
792 1393 992 1462 Script.
1019 1397 1203 1452 eccles.
1239 1413 1290 1466 p.
1327 1397 1454 1462 669,
1489 1417 1506 1447 ι
1555 1392 1649 1452 hoc
1683 1412 1810 1464 opus
1848 1392 2018 1464 primo
2053 1413 2117 1448 ex
2146 1397 2348 1450 Justini
2380 1399 2545 1452 verbis
2579 1400 2945 1464 compositum,
2978 1399 3166 1455 deinde
3198 1404 3266 1457 ab

5 1467 89 1538 alio
119 1474 346 1538 auctum
378 1466 844 1538 et‘ampli/icatum
878 1476 1048 1538 putat.
1088 1466 1268 1538 Neque
1302 1469 1439 1520 enim
1471 1468 1693 1536 fortuita
1724 1467 1886 1520 videri
1915 1466 2060 1520 debet
2091 1467 2350 1534 ejusmodi
2385 1469 2749 1534 Quaestionum
2772 1470 3028 1533 collectio,
3063 1472 3153 1524 sed
3182 1474 3266 1527 in--

5 1536 242 1611 iamiam
288 1534 502 1611 redolet
539 1535 692 1611 unius
725 1537 1018 1611 scriptoris,
1051 1534 1201 1606 cujus
1235 1534 1491 1611 principia
1529 1541 1664 1592 inter
1691 1555 1746 1592 se
1775 1554 1910 1590 nexa
1939 1549 1986 1590 et
2017 1541 2326 1611 continuata
2355 1550 2476 1591 sunt
2496 1555 2512 1589 :
2536 1541 2700 1611 itaut
2728 1539 2987 1593 interdum
3009 1540 3078 1594 ad
3105 1559 3264 1611 supe-

5 1614 144 1679 riores
182 1604 582 1679 Responsiones
608 1607 852 1679 lectorem
882 1604 1140 1679 dimittat,
1181 1604 1316 1662 velut
1348 1604 1412 1660 in
1433 1611 1712 1663 centesima
1747 1619 1940 1677 quarta
1965 1609 2038 1679 ad
2070 1611 2461 1679 nonagesimum
2495 1610 2794 1678 septimam.

60 1676 278 1749 Nemini
303 1691 375 1728 ex
409 1676 644 1749 antiquis
669 1679 905 1745 cognitus
932 1677 1134 1731 videtur
1161 1679 1242 1731 hic
1270 1679 1398 1731 liber
1428 1680 1614 1748 fuisse,
1638 1696 1699 1733 ne
1730 1676 2054 1749 ipsiquidem
2081 1676 2288 1744 Photio,
2314 1681 2404 1749 qui
2432 1676 2559 1732 dum
2587 1680 2800 1733 Justino
2837 1680 3078 1734 attribuit
3115 1703 3132 1731 α
3166 1683 3269 1736 du-

5 1748 483 1820 biorumadversus
516 1748 760 1813 pietatem
782 1749 1214 1820 compendiarias
1243 1749 1549 1809 solutiones,
1589 1770 1606 1802 ι
1641 1767 1740 1802 non
1769 1748 1904 1802 illud
1935 1764 2066 1820 opus
2107 1748 2334 1810 indicat.
2356 1750 2493 1819 quod
2524 1766 2660 1802 nunc
2702 1751 2757 1802 in
2801 1750 3043 1820 manibus
3078 1763 3175 1812 est.
3208 1765 3268 1807 ut

5 1817 220 1937 ποιητιιὶξί
251 1817 670 1882 existimarunt,
701 1819 790 1870 sed
819 1819 968 1872 aliud
1016 1821 1160 1888 infra
1201 1822 1520 1889 appositum,
1545 1822 1598 1874 in
1626 1837 1726 1890 quo
1764 1819 2144 1890 quwstionibus
2175 1817 2448 1891 gentilium
2490 1822 2696 1874 nomine
2722 1817 3018 1890 propositis
3048 1823 3268 1878 breviter

5 1903 162 1937 resaau
204 1898 350 1937 elur-

5 1898 350 1940 respondetur.

61 1908 68 1934 ἱ
103 1906 120 1936 ι’
337 1931 350 1940 .

61 1903 427 2026 ὅέζίὲξιῖανείῐε
455 1967 504 2011 et
543 1956 840 2030 expeditum
890 1967 966 2030 est
1003 1959 1139 2013 hunc
1169 1960 1363 2013 librum
1401 1961 1618 2015 Iustino
1658 1957 1984 2028 abjudicare,
2017 1970 2125 2013 tam
2155 1961 2365 2030 difficile
2396 1969 2445 2013 et
2473 1961 2701 2028 spissum
2733 1960 2822 2012 cui
2854 1960 3162 2016 tribuendus
3199 1963 3268 2017 sit

5 2032 252 2102 conicere,
289 2046 412 2102 non,
449 2029 605 2082 modo
645 2038 892 2083 statuere.
931 2028 1248 2102 scriptorem
1281 2033 1471 2086 vixisse
1502 2038 1682 2101 quinto
1712 2030 1928 2090 sceculo,
1956 2031 2119 2102 idque
2163 2028 2235 2084 in'
2267 2033 2446 2100 Syria,
2481 2049 2583 2102 non
2623 2030 2858 2084 obscuris
2890 2034 3026 2084 notis
3068 2033 3261 2102 dijudi-

7 2112 150 2155 catur.
182 2101 563 2167 Antiquiorem.
595 2117 700 2152 non
729 2117 838 2153 esse
861 2101 1083 2167 probant
1111 2103 1220 2156 htec
1253 2101 1406 2156 uerba
1436 2099 1732 2166 ex'Qua'st.
1754 2102 1775 2153 1
1795 2102 1888 2153 It):
1915 2119 1932 2150 ‹
1951 2099 2096 2153 Unde
2111 2099 2518 2170 autem,inquit,
2549 2101 2830 2168 locupletes
2853 2103 2951 2154 viri
2982 2112 3030 2154 et
3059 2099 3269 2171 femina:

8 2172 262 2233 facultates
299 2187 441 2222 suas
484 2173 808 2238 conferentes
856 2173 907 2223 in
954 2172 1172 2226 desertis
1213 2173 1342 2226 locis
1385 2174 1744 2226 Anachoretas
1774 2171 2147 2239 qittesiverunt,
2171 2183 2326 2241 atque
2365 2173 2639 2239 penuriam
2667 2188 2847 2224 eorum
2880 2173 3265 2240 suppleverunt,

7 2245 116 2293 sicut
145 2241 198 2291 id
223 2256 292 2293 ex
311 2243 624 2306 priscorum
655 2252 960 2295 sanctorum
987 2243 1217 2296 virorum
1241 2245 1478 2298 historiis
1509 2242 1900 2303 intelleximus;
1930 2243 1975 2294 si
2011 2260 2112 2296 non
2144 2242 2400 2296 Dominus
2419 2241 2662 2296 Christus
2687 2242 3089 2310 promissionem
3112 2261 3266 2298 suam

11 2312 63 2363 ad
90 2313 279 2364 exitum
313 2312 617 2377 perduxit?
661 2329 678 2362 ι

68 2381 234 2444 Neque
264 2383 439 2455 etiam
472 2381 654 2435 eodem
689 2381 880 2455 scrculo
917 2382 1100 2455 quinto
1138 2385 1394 2437 recentior
1436 2393 1534 2439 est.
1588 2385 1732 2438 Nam
1776 2401 1841 2439 ex
1871 2402 1952 2448 eo,
1992 2384 2132 2453 quod
2156 2381 2420 2444 Christus,
2453 2398 2605 2455 quem
2623 2392 2825 2455 __natum
2853 2401 2966 2436 esse
2994 2384 3186 2455 statuit
3211 2384 3268 2438 in
3313 2415 3318 2418 -

13 2464 152 2525 sexto
181 2452 372 2505 mundi
407 2469 673 2525 annorum
705 2453 1027 2515 millenario,
1061 2454 1113 2505 id
1153 2465 1230 2508 est
1270 2457 1552 2508 secundum
1598 2455 1750 2509 LXX
1779 2457 2086 2525 interpretes
2117 2456 2259 2506 circa
2289 2452 2483 2507 annum
2507 2452 2667 2515 5500,
2701 2471 2717 2502 ι
2755 2455 3051 2525 novissimis
3084 2453 3265 2508 diebus

17 2534 52 2575 et
79 2523 155 2574 ubi
206 2525 343 2576 venit
394 2523 674 2595 plenitudo
711 2533 999 2595 temporum
1035 2545 1052 2574 ι
1084 2534 1241 2578 natus
1285 2527 1516 2586 dicatur,
1544 2527 1757 2595 conjicit
1808 2523 2062 2578 mundum
2093 2524 2236 2577 ultra
2277 2540 2368 2577 sex
2405 2540 2663 2577 annorum
2691 2524 2862 2576 millia
2884 2531 3268 2595 nonperdura-

18 2604 183 2648 turum.
215 2595 431 2658 Quaest.
472 2594 559 2646 7|.
589 2593 972 2664 Quodﬁquidem
1021 2605 1326 2664 argumento
1357 2607 1434 2649 est
1466 2597 1601 2649 hunc
1630 2593 1937 2664 scriptorem
1987 2607 2124 2655 ante,
2149 2597 2360 2659 vixisse,
2393 2611 2551 2664 quant
2581 2596 2814 2647 inanitas
2848 2594 3108 2663 ejusmodi
3133 2611 3262 2648 con-

15 2666 312 2732 jecturarum
345 2666 470 2731 ipso
511 2675 693 2717 eventu
723 2663 1040 2730 deprehensa
1069 2663 1220 2718 esset.

74 2734 168 2788 Cur
197 2736 400 2808 Syrum
433 2751 551 2788 esse
595 2746 860 2808 auctorem
900 2735 1057 2808 hujus
1109 2737 1293 2804 scripti
1333 2737 1636 2805 conjiciam,
1685 2737 1767 2791 his
1806 2739 1972 2808 signis
2027 2735 2447 2808 adducor;_tum
2479 2732 2618 2808 quod
2658 2733 2949 2808 Scriptum
2988 2733 3150 2808 435
3179 2735 3262 2808 in-

21 2807 422 2879 terpretationem
472 2805 615 2873 apud
658 2805 824 2879 Syros
868 2807 1123 2879 usitatam
1149 2824 1522 2876 nonnunquam
1566 2820 1837 2879 sequatur,
1857 2805 1943 2861 'ut
1964 2809 2020 2860 in
2045 2805 2352 2879 (ηιιινξιηὲθἲ
2379 2815 2532 2875 atque
2551 2806 2708 2879 etiam
2732 2805 3042 2858 nominatim
3066 2806 3185 2858 citet
3210 2805 3264 2858 in

23 2875 193 2939 Qua’st.
221 2877 331 2936 63;
379 2886 494 2927 tum
526 2877 665 2944 quod
698 2876 904 2929 initium
929 2875 1031 2928 diei
1063 2879 1264 2940 Qua’st.
1289 2875 1384 2938 65,7
1411 2895 1513 2931 non
1543 2895 1576 2930 a
1605 2875 1779 2932 media
1809 2890 1978 2940 nocte,
2014 2877 2103 2931 sed
2139 2876 2203 2929 ab
2238 2877 2382 2930 horis
2413 2877 2688 2929 matutinis
2714 2885 2944 2944 repetat;
2974 2891 3125 2946 quem
3149 2891 3264 2927 mo-

23 2948 257 3018 reinapud
293 2947 468 3017 Syros
501 2948 724 3013 viguisse
760 2947 1097 3018 perspicimus
1125 2963 1189 3000 ex
1220 2947 1445 3001 Joannis
1475 2947 1747 3018 Chrysost.
1777 2950 1960 3004 homil.
1993 2949 2046 3010 5,
2085 2950 2137 3001 in
2163 2946 2359 3001 Cenes.

79 3016 148 3068 Er
167 3018 243 3069 his
275 3015 608 3086 conjecturis
641 3019 750 3069 alia
778 3017 1004 3084 suspicio
1033 3019 1164 3070 oriri
1213 3021 1402 3085 possit,
1445 3037 1512 3072 an
1538 3015 1639 3072 non
1671 3020 1807 3087 forte
1832 3019 2212 3078 Theodoretus,
2242 3033 2488 3086 magnum
2521 3016 2654 3068 illud
2683 3015 2854 3086 Syria!
2881 3017 3075 3080 lumen,
3109 3015 3265 3084 hujus

27 3089 163 3152 opt-ris
186 3105 376 3156 parens
409 3088 806 3159 existimandus
830 3088 918 3146 sit,
945 3089 1292 3159 utnonnulli,
1329 3100 1453 3144 teste
1490 3091 1696 3144 erudito
1737 3091 1931 3159 Uupin,
1965 3091 2363 3144 existimarunt.
2399 3089 2692 3159 Atrmagna
2724 3089 2857 3140 inter
2885 3087 3266 3159 Theodoretum

25 3167 61 3207 et
89 3159 206 3230 hunc
233 3161 556 3225 scriptorem
587 3158 964 3230 discrepantia.
1001 3157 1138 3210 Huic
1161 3163 1442 3229 quwstioni
1469 3177 1562 3213 cur
1587 3160 1797 3230 Moyses
1819 3156 2179 3229 alienigenam
2214 3175 2428 3230 uxorem
2453 3157 2684 3230 duxerit,
2722 3157 2996 3230 respondet
3029 3156 3268 3211 Theodo-

26 3239 139 3280 retus
169 3229 374 3302 Qua’st.
409 3230 468 3286 4,
507 3230 560 3281 in
589 3228 758 3302 Exod.
799 3247 816 3278 ‹
859 3238 1036 3302 typum
1068 3230 1216 3282 illum
1249 3232 1413 3298 fuisse
1435 3228 1895 3302 Clu-istiliomini,
1928 3228 2016 3302 qui
2048 3248 2164 3284 cum
2192 3246 2256 3283 ex
2287 3228 2494 3282 ludatis
2541 3229 2827 3302 secundum
2861 3245 3071 3302 carnem
3098 3241 3266 3302 natus

30 3309 152 3356 esset.
185 3300 485 3353 Ecclesium
516 3301 744 3367 gentium
772 3300 1052 3365 appellavit
1079 3315 1323 3367 sponsam
1349 3319 1522 3356 suam.
1566 3322 1583 3353 ι
1624 3300 1824 3356 Noster
1852 3298 1970 3355 vero
2001 3305 2206 3368 Qua'st.
2242 3302 2332 3361 90,
2366 3299 2700 3352 metuendum
2738 3298 2912 3368 Moysi
2945 3316 3046 3352 non
3080 3300 3264 3367 fuisse,

31 3385 76 3442 ne
98 3369 151 3419 ab
181 3387 342 3423 uxore
382 3373 454 3422 ad
494 3371 710 3422 deorum
747 3373 942 3442 cultum
973 3370 1338 3442 abduceretur,
1366 3389 1481 3442 qua?
1509 3374 1842 3440 potissimum
1888 3390 2052 3426 causa
2090 3373 2332 3433 exstitit,
2380 3387 2474 3423 cur
2520 3369 2662 3442 filios
2693 3387 2816 3422 suos
2846 3371 3170 3442 patriarcha:
3199 3368 3265 3420 ab

33 3439 91 3488 his
112 3443 463 3512 matrimoniis
496 3442 836 3494 deterrerent.
876 3439 1014 3492 lluic
1040 3444 1340 3510 quastioni.
1377 3439 1513 3495 unde
1544 3443 1920 3512 .Egyptiorum
1951 3445 2306 3496 incantatores
2342 3457 2532 3504 aquam
2572 3440 2878 3504 hauserint,
2926 3443 2973 3493 si
3022 3441 3269 3512 universa

34 3523 119 3560 erat
147 3530 173 3560 ιι
206 3511 388 3579 Moyse
415 3513 472 3563 in
505 3513 1117 3583 sanguinemconversa,
1146 3513 1417 3580 respondet
1446 3513 1800 3566 Theodoretus
1832 3531 2025 3583 aquant
2049 3514 2214 3566 maris
2246 3529 2350 3564 non
2388 3512 2552 3578 fuisse
2589 3527 2896 3583 conversam
2939 3512 2994 3563 in
3041 3511 3265 3583 sangui-

36 3595 155 3640 nem;
180 3595 355 3635 noster
387 3599 512 3634 vero
549 3582 750 3646 Qua'st.
781 3582 872 3652 96,
907 3598 1085 3652 omnes
1112 3599 1299 3647 aquas,
1328 3600 1444 3650 qua)
1470 3595 1590 3635 sunt
1615 3601 1772 3652 super
1807 3581 2037 3644 terram,
2079 3586 2130 3635 in
2163 3583 2467 3652 sanguinem
2509 3597 2686 3633 versas
2734 3582 2928 3649 fuisse;
2963 3581 3050 3634 sed
3084 3582 3268 3652 incan-

38 3659 198 3705 tutores
221 3655 362 3707 circa
385 3654 591 3721 ﬂumen
625 3663 804 3719 puteos
829 3651 1044 3719 fodisse,
1076 3655 1214 3704 unde
1243 3670 1436 3720 aquam
1460 3651 1753 3710 haurirent.
1795 3654 1898 3709 Sed
1920 3655 2016 3708 hoc
2039 3669 2167 3721 opus
2209 3651 2536 3705 Thecdoreto
2577 3652 2690 3703 sine
2731 3667 2941 3704 summa
2988 3651 3266 3720 iniquitate

39 3722 175 3792 efﬁngi
197 3741 294 3776 non
325 3740 505 3791 posse,
539 3738 604 3774 ex
633 3723 735 3780 his,
767 3738 882 3791 quia
912 3738 1032 3773 mox
1061 3723 1324 3787 dicentur,
1355 3727 1687 3792 perspicuum
1711 3727 1830 3780 erit.

92 3790 258 3845 Lucem
284 3789 426 3846 enim
450 3789 798 3868 a/I'ert‘aliud
830 3794 1125 3868 argumenti
1153 3810 1334 3868 genus,
1355 3789 1503 3868 quod
1531 3796 1768 3868 equidem
1812 3813 1914 3848 non
1959 3793 2212 3868 libenter,
2247 3800 2425 3868 utpote
2470 3791 2589 3868 huic
2621 3790 2897 3868 scriptori'
2921 3807 3022 3843 non
3049 3789 3267 3868 honori-

43 3862 185 3925 ﬁcum,
215 3867 300 3917 sed
339 3859 532 3916 multis
564 3863 737 3922 rebus,
769 3879 900 3930 quas
924 3859 1237 3932 deprehendi
1269 3865 1323 3916 in
1353 3859 1450 3918 hoc
1478 3859 1697 3932 scripto,
1734 3875 1948 3918 coactus
1992 3863 2216 3917 eruditis
2243 3863 2310 3914 ad
2347 3862 2762 3914 examinandum
2809 3877 3123 3929 proponam.
3157 3859 3264 3912 Ni-

43 3935 198 3984 mirum
230 3935 279 3987 in
304 3936 387 3987 Itis
421 3933 822 3998 Qua-stionibus
849 3935 1101 3986 nonnulla
1128 3934 1475 4003 Pelagianam
1500 3936 1741 3990 ha'resim
1770 3937 2072 3994 clamitant,
2107 3935 2276 4002 iisque
2295 3935 2539 4003 temporis
2573 3933 2712 3984 notis
2743 3933 2956 4001 signata
2988 3940 3132 3996 sunt,
3162 3945 3264 4001 quo

43 4005 313 4074 conspirans
337 4007 581 4057 omnium
609 4006 660 4056 in
696 4004 912 4072 antiqua
936 4003 1040 4071 ﬁde
1073 4002 1382 4062 consensus.
1413 4007 1636 4074 defectio
1665 4023 1777 4059 esse
1811 4007 1973 4058 tritici
2005 4005 2311 4071 Pelagianis
2342 4002 2632 4074 videbatur.

99 4072 221 4126 Illud
249 4074 551 4144 Scriptura:
583 4090 600 4127 :
639 4094 656 4124 ι
696 4074 827 4138 Quis
858 4075 1084 4128 mundus
1117 4093 1146 4126 a
1165 4075 1354 4130 sorde?
1375 4072 1544 4130 Nemo
1572 4092 1813 4144 prorsus,
1837 4078 1996 4130 etiam
2029 4080 2072 4128 si
2099 4076 2175 4128 vel
2199 4092 2304 4127 una
2330 4074 2440 4124 dies
2466 4073 2532 4125 sit
2565 4073 2670 4124 vita
2695 4072 2808 4140 ejus
2833 4088 2991 4144 super
3009 4080 3259 4136 terram,s

47 4155 164 4210 negat
189 4143 478 4216 congruere
512 4144 738 4216 infanti,
760 4146 939 4216 cquia
967 4147 1198 4216 vitapro
1235 4147 1352 4197 vitcc
1383 4143 1626 4200 instituto
1649 4149 1792 4199 dicta
1816 4158 1915 4207 est,
1942 4147 2136 4216 infanti
2171 4156 2343 4198 autem
2368 4153 2538 4216 utnec
2571 4145 2689 4216 vita:
2720 4143 3021 4216 institutum
3045 4151 3144 4204 est,
3183 4144 3268 4194 ita

48 4227 116 4265 nec
141 4216 252 4268 vita.
285 4213 314 4267 ἰ
355 4215 676 4269 Testimouii
703 4213 1051 4282 Pelagianam
1074 4215 1315 4269 ha'resim
1346 4219 1621 4271 evertentis
1655 4233 1761 4269 tam
1795 4219 1942 4285 longe
1963 4213 2127 4285 petita
2160 4227 2366 4285 tamque
2397 4213 2628 4266 absurda
2659 4214 3023 4285 interpretatio
3048 4228 3267 4285 magnos

49 4297 225 4339 conatus
247 4287 493 4340 declarat
523 4285 767 4338 eludendi
793 4286 1044 4354 quidquid
1074 4302 1190 4338 cum
1218 4287 1312 4338 hoc
1334 4305 1510 4341 errore
1538 4289 1824 4341 consistere
1854 4283 2206 4355 nou-poterat.
2233 4283 2516 4339 sententia:
2535 4300 2648 4355 sua:
2672 4283 3009 4355 declarandte
3030 4284 3267 4336 occasio—

49 4368 134 4404 nem
161 4357 268 4409 huic
297 4355 720 4428 scriptoridedit
747 4355 856 4408 ha'c
885 4353 1128 4428 qttcestio,
1162 4373 1280 4426 qua?
1301 4369 1378 4410 est
1410 4360 1729 4428 octogesima
1761 4369 1945 4412 octava
1975 4353 1992 4410 ὲ
2021 4375 2037 4406 ι
2079 4358 2136 4411 St
2169 4355 2436 4428 Christus,
2477 4354 2564 4422 qui
2591 4355 2796 4428 genitus
2827 4353 2928 4421 fuit
2950 4393 2965 4417 ,
2995 4365 3266 4428 peccatum

52 4438 135 4476 nun
157 4428 288 4493 fecit,
329 4422 599 4496 quomodo
632 4442 816 4498 rursus
846 4442 1021 4479 terum
1055 4422 1331 4496 Scriptura
1355 4430 1502 4490 dicit,
1530 4422 1648 4498 qum
1678 4446 1781 4481 non
1812 4431 1922 4481 sine
1947 4427 2303 4498 jurejurando
2330 4426 2572 4498 clamat:
2603 4422 2876 4498 Neminem
2899 4427 3129 4498 genitum
3154 4440 3266 4479 esse

51 4497 117 4558 qui
140 4514 225 4550 non
262 4494 578 4565 peccaverit.
622 4516 639 4546 ι
668 4496 1078 4568 Accommodata
1102 4494 1181 4550 est
1205 4494 1562 4568 Ita'ciqucestio
1587 4499 1655 4552 ad
1686 4494 1956 4568 ingenium
1973 4494 2416 4568 Pelagianorum,
2444 4494 2532 4568 qui
2565 4509 2629 4568 ex
2663 4494 2924 4568 catholica
2944 4494 3019 4568 de
3057 4504 3265 4568 natura:

52 4563 336 4637 corruptione
355 4570 609 4622 doctrina
638 4566 952 4634 colligebant
977 4568 1078 4635 ipsi
1102 4569 1261 4620 etiam
1303 4563 1513 4624 Christo
1543 4563 1930 4637 corrupiionem
1957 4587 1987 4620 a
2017 4563 2291 4620 catholicis
2323 4565 2515 4634 affingi.
2563 4563 2708 4617 Unde
2729 4565 2797 4637 Ain
2830 4564 3006 4618 libello
3027 4565 3265 4637 adape-

55 4636 253 4690 stnlicam
283 4640 464 4694 sedem
489 4639 652 4690 misso
681 4637 926 4690 dicebant
959 4653 975 4689 :
1014 4657 1031 4688 ‹
1066 4639 1170 4691 Sed
1199 4649 1248 4691 et
1293 4641 1424 4692 illud
1455 4635 1712 4694 similiter
1743 4655 2116 4700 exsecramur,
2163 4637 2488 4690 Sulcato-rem
2543 4635 2848 4688 necessitate
2885 4636 3061 4687 carnis
3097 4635 3262 4704 fuisse

56 4710 302 4780 mentitum,
338 4720 388 4764 et
419 4708 565 4780 quod
594 4708 1259 4780 propterjmpedimentum
1289 4714 1464 4764 carnis
1494 4728 1595 4764 non
1617 4710 2052 4780 omniapotuerit
2086 4709 2255 4780 facere
2277 4722 2391 4780 qua:
2421 4705 2644 4780 volebat,
2675 4723 2692 4780 ξ
2731 4706 2868 4780 apud
2902 4706 3259 4780 Augustinum

56 4778 250 4850 '9171.X;
281 4775 524 4850 Append.
555 4775 606 4846 p.
636 4778 762 4850 “’2.
794 4777 1095 4850 Theodorus
1128 4777 1526 4850 Mopsuestenus
1562 4782 1702 4850 apud
1747 4779 1902 4834 Phot.
1937 4779 2052 4832 cod.
2089 4775 2201 4832 ⁷117
2223 4817 2236 4837 ,
2281 4777 2428 4850 hanc,
2447 4775 2719 4828 catholicis
2753 4775 3130 4850 blasphemiam
3173 4775 3261 4845 af-

57 4844 170 4913 fingit
199 4865 216 4902 :
248 4870 263 4899 ι
305 4844 386 4905 Ne
419 4844 597 4920 ipsum
637 4847 846 4920 quidem
869 4849 1138 4903 Christum
1167 4844 1228 4904 etv
1248 4849 1416 4904 Deum
1445 4844 1706 4914 nostrum,
1733 4860 1788 4903 ut
1815 4853 1902 4919 qui
1931 4860 2178 4903 naturam
2199 4847 2538 4916 peccatricem
2574 4847 2944 4916 assumpsisset
2963 4887 2978 4910 ,
3007 4844 3260 4915 purunt'a

57 4929 224 4978 parato
251 4923 435 4978 fuisse.
473 4941 491 4973 ι

114 4935 174 4969 tm
199 4937 224 4969 ο

114 4921 436 5061 .Vibil'iiitigsjis
467 4941 738 5059 premebat
763 4988 1104 5061 Pelagianos,
1129 5009 1288 5061 quam
1316 4992 1608 5061 baptismus
1638 5012 1657 5042 ι
1691 4995 1744 5046 in
1781 4992 2138 5046 remissionem
2163 4996 2498 5061 peccatorum
2541 5005 2558 5037 ι
2591 4985 2910 5061 ipsisAetiam
2943 4987 3257 5061 infantibus,

61 5061 246 5131 omnium
278 5056 916 5127 catholicorutnjudicio,
952 5056 1300 5116 necessarius.
1331 5056 1661 5118 Fatebantur
1710 5065 1969 5131 baptisma
2011 5081 2029 5111 ‹
2068 5060 2254 5113 iisdem
2289 5058 2607 5131 sacramenti
2631 5056 2797 5111 verbis
2827 5058 2882 5110 in
2922 5056 3254 5131 infantibus,

59 5129 204 5187 quibus
232 5134 386 5186 etiam
412 5136 470 5187 in
497 5132 792 5200 majoribus
821 5148 931 5184 esse
962 5133 1368 5196 celebrandum;
1399 5154 1416 5186 ι
1454 5136 1542 5189 sed
1577 5143 1749 5187 tamen
1777 5127 2050 5200 peccatum
2076 5131 2208 5184 Atla:
2247 5131 2301 5182 in
2344 5127 2642 5200 infantibus
2666 5144 2950 5200 agnoscere
2975 5127 3218 5182 nolebant
3239 5143 3257 5180 :

60 5201 232 5274 propria
250 5204 353 5257 illis
383 5206 558 5257 inesse
584 5199 801 5274 peccata
832 5203 1074 5255 nonnulli
1107 5203 1371 5267 dicebant,
1406 5216 1462 5257 ut
1498 5199 1815 5274 perspicitur
1841 5218 1906 5255 ex
1953 5203 2042 5255 lib.
2077 5217 2113 5255 I.
2161 5201 2237 5274 De
2271 5208 2473 5268 peccat.
2501 5199 2738 5274 meritis.
2765 5199 2921 5274 ιιι-17
2963 5209 3012 5251 εί
3051 5200 3150 5274 55,
3199 5206 3258 5274 εει

63 5269 246 5324 alienum
271 5275 564 5340 faterentur
589 5267 786 5326 adduci
811 5289 915 5324 non
946 5285 1206 5341 poterant.
1239 5275 1376 5327 Mira
1399 5287 1474 5330 est
1497 5267 1696 5329 astutia
1719 5274 1990 5341 scriptoris
2014 5273 2180 5325 nostri
2207 5272 2258 5323 in
2274 5267 2338 5322 ea
2370 5286 2424 5322 re
2441 5267 2774 5341 explicanda.
2801 5267 2938 5320 Huic
2960 5268 3254 5341 quwstioni,

62 5351 148 5399 quis
163 5352 227 5393 est
255 5337 689 5414 quinquagesima
717 5352 866 5395 sexta
900 5358 918 5394 :
946 5337 976 5394 ⁷‹
1015 5344 1075 5397 Si
1105 5347 1380 5399 morientes
1412 5347 1642 5414 infantes
1677 5362 1767 5399 nec
1797 5337 2007 5419 laudem
2045 5341 2619 5419 nec_repreltensionent
2649 5339 2836 5419 habent
2873 5354 2941 5419 ex
2980 5337 3254 5419 operibus,

65 5415 217 5486 εσίιύοά
236 5408 328 5467 erit
357 5408 645 5469 discrimen
669 5415 724 5486 in
748 5415 1132 5486 resurrectione
1162 5418 1300 5470 inter
1329 5434 1414 5471 eos
1439 5408 1528 5486 qui
1558 5417 1621 5468 ab
1649 5417 1771 5468 aliis
1803 5415 2056 5483 baptizati
2086 5412 2230 5486 nihil
2250 5424 2462 5486 egerunt
2484 5448 2497 5468 ,
2520 5419 2583 5486 _et
2623 5425 2707 5461 eos
2739 5411 2826 5477 qui
2867 5408 3122 5486 baptizati
3145 5422 3258 5486 non

66 5473 254 5554 fuerunt,
283 5503 343 5539 ac
372 5487 624 5539 similiter
647 5483 776 5535 nihil
799 5495 1047 5552 egerunt;
1087 5506 1104 5537 ι
1136 5489 1211 5540 sic
1234 5473 1505 5554 respondet
1540 5501 1556 5539 .'
1589 5505 1606 5535 ε
1649 5486 1764 5539 Iloc
1796 5473 2075 5539 discrimen
2109 5494 2184 5535 est
2215 5473 2350 5554 infer
2385 5481 2680 5548 baptizatos
2708 5473 2760 5529 et
2791 5473 3214 5554 ncnbaptizatos
3235 5515 3250 5533 .

65 5551 432 5627 QFOdbaptizati
465 5554 791 5610 obvenientia
814 5546 904 5620 per
933 5546 1249 5624 baptismum
1282 5546 1418 5611 bona
1453 5568 1857 5625 consequantur,
1882 5573 1984 5610 non
2015 5550 2272 5627 baptizari
2286 5568 2386 5627 non
2417 5546 2818 5627 consequantur.
2845 5567 2862 5598 ι
2891 5546 3014 5600 llaec
3031 5561 3250 5627 respon-

68 5617 125 5668 sio
151 5617 327 5677 videtur
351 5627 580 5680 hominis
603 5640 714 5677 esse
744 5617 959 5694 regnum
983 5617 1234 5685 caelorum
1268 5629 1552 5699 baptizatis
1582 5617 1898 5697 infantibus,
1926 5617 2091 5682 etiam
2110 5640 2212 5679 non
2243 5621 2524 5690 baptizatis
2555 5619 2715 5672 vitam
2745 5626 2994 5671 cateruam
3024 5617 3254 5688 largien-

151 5779 304 5853 Ἴως.
339 5785 473 5858 App.
511 5801 634 5858 pag.
667 5787 735 5840 9'7
758 5795 810 5843 el
845 5787 962 5844 112.
