3638 6486
360 379 492 436 ιεδι

1129 372 1492 430 ᾹΡΡΕΝυΙΧ.
1527 404 1596 414 -
1639 371 1815 426 PARS
1854 370 1892 428 l.

2098 367 2305 423 lSTlNl
2345 366 2577 424 OPERA
2619 367 2891 424 SPURIA.

3489 369 3603 424 iiii

357 496 481 552 ﬁdei
513 510 578 550 ac
620 496 744 550 vitae
789 494 1118 565 nequitiam;
1144 493 1258 563 jam
1296 505 1428 546 vero
1473 489 1520 544 si
1559 505 1672 544 non
1717 503 1892 542 omnes

2103 505 2178 540 ων
2227 485 2402 539 ἀνεῖλε
2453 485 2526 556 (4)
2573 484 2673 554 τήν
2721 483 2972 555 λατρείαν
3026 483 3265 547 πίστεώς
3317 481 3386 552 (5)
3429 501 3482 535 τε
3532 489 3604 536 tu".

357 590 451 660 qui
475 589 792 660 religionem
816 589 956 643 hanc
979 594 1360 656 susceperunt,
1385 583 1629 640 eamdem
1653 581 1719 636 de
1743 582 1938 636 iisdem

358 683 527 737 rebus
551 683 862 752 opinionem
901 688 1122 734 servant
1143 686 1196 733 et
1224 685 1428 739 tenent,
1465 675 1560 730 sed
1592 674 1683 727 alii
1717 673 1940 744 quidem

362 783 533 837 recte.
565 775 656 827 alii
705 782 884 828 autem
933 790 1040 827 non
1086 781 1236 826 recte
1270 771 1545 835 sentiunt,
1595 783 1939 838 nequaquam

363 866 418 920 id
461 865 573 920 Deo
615 865 934 918 vertendum
988 863 1052 917 ad
1098 862 1388 932 potestatis
1436 860 1747 930 penuriam,
1795 859 1942 928 quod

363 973 484 1027 quae
517 958 593 1011 illi
625 957 994 1019 crediderunt,
1027 971 1090 1008 ea
1127 957 1206 1009 vel
1249 956 1319 1010 ob
1355 955 1633 1024 propriam
1664 952 1944 1022 negligen-

363 1047 518 1108 tiam.
551 1047 634 1100 vel
675 1047 746 1100 ob
785 1046 946 1098 aliam
985 1045 1416 1099 imbecillitatem
1453 1059 1561 1098 non
1598 1049 1744 1097 recte
1783 1043 1945 1096 intel-

363 1136 554 1205 ligant,
596 1135 689 1190 sed
721 1150 912 1190 eorum
952 1133 1304 1204 negligentia:
1325 1133 1696 1188 tribuendum.
1730 1131 1944 1186 Dictum

363 1236 447 1283 est
480 1238 657 1282 autem
709 1229 764 1282 in
799 1244 884 1292 ea,
927 1244 1048 1298 qua:
1085 1229 1400 1282 introducta
1439 1235 1542 1291 est,
1575 1227 1838 1296 religione
1879 1225 1946 1280 de

361 1322 798 1378 Orthodoxorum
832 1323 1128 1392 paucitate,
1162 1339 1308 1377 nunc
1333 1323 1550 1392 quidem
1580 1343 1592 1376 :
1635 1321 1797 1376 Multi
1826 1331 1946 1376 sunt

362 1420 551 1482 vocati,
585 1420 743 1488 pauci
769 1435 886 1473 vero
925 1419 1080 1474 electi
1110 1421 1174 1473 ¹⁰.
1207 1419 1359 1474 Alias
1393 1426 1578 1474 autem
1606 1438 1619 1474 :
1653 1418 1809 1486 Quod
1850 1436 1948 1473 an-

359 1522 516 1582 gusta
544 1522 621 1565 est
647 1522 697 1565 et
741 1523 892 1566 arcta
927 1513 1030 1575 via,
1062 1529 1179 1583 qua:
1207 1511 1354 1566 ducit
1385 1511 1453 1565 ad
1497 1514 1679 1577 vitam,
1709 1520 1757 1563 et
1792 1511 1949 1578 pauci

359 1611 504 1664 sunt,
532 1603 623 1672 qui
651 1603 922 1656 inveniunt
950 1602 1102 1655 illam
1134 1603 1201 1658 “.
1235 1603 1500 1656 Similiter
1531 1611 1584 1656 et
1625 1602 1691 1657 de
1723 1602 1947 1656 lmresi-

360 1693 485 1754 bus,
515 1708 654 1761 quas
692 1693 953 1748 Dominus
987 1692 1041 1744 in
1074 1693 1191 1746 suis
1224 1693 1503 1762 parabolis
1549 1694 1760 1746 zizania
1791 1699 1950 1747 vocat

361 1792 416 1840 et
440 1786 606 1854 pisces
635 1795 813 1855 putres
843 1786 908 1838 ¹¹.
943 1784 1000 1838 Si
1032 1786 1197 1855 igitur
1235 1786 1370 1838 nihil
1418 1785 1542 1840 falsi
1577 1787 1632 1839 in
1684 1786 1948 1856 religione

2043 582 2318 652 ποιήσεως
2341 597 2354 609 ⁸
2403 582 2450 632 εἰ
2499 578 2574 649 μὴ
2602 580 2802 641 πάντες
2844 579 2891 631 οἱ
2932 577 3222 647 δεξάμενοι
3256 575 3353 647 τὴν
3381 577 3602 650 λατρείαι

2040 672 2138 742 τὴν
2162 671 2330 742 αὐτὴν
2359 671 2516 736 δόξαν
2544 671 2672 742 περὶ
2692 669 2797 722 τῶν
2831 669 3011 721 αὐτῶν
3038 668 3382 739 πραγμάτων
3407 669 3605 739 τηροῦσι

2043 765 2136 818 καὶ
2170 764 2406 835 ἔχουσιν,
2439 763 2553 816 ἀλλ’
2592 765 2639 815 οἱ
2677 762 2774 832 μὲν
2803 761 2998 833 ὀρθῶς,
3035 761 3186 815 ἄλλοι
3218 761 3275 814 δὲ
3306 761 3401 813 οὑκ
3434 760 3602 831 ὀρϐὡς,

2043 857 2201 910 τοῦτο
2235 857 2336 908 οὐκ
2382 856 2495 908 ἔστι
2531 855 2906 928 παρηγόρημα
2941 855 3014 927 (6)
3051 853 3150 907 τοῦ
3181 851 3321 906 Θεοῦ
3364 854 3451 906 ἐπὶ
3481 870 3606 904 πτω-

2045 949 2166 1020 χείᾳ
2196 949 2481 1019 δυνάμεως
2514 948 2575 1000 τὸ
2607 948 2849 1010 ἐκείνους
2894 950 2958 1000 ἐκ
2995 948 3093 1016 τῆς
3129 944 3338 1008 οἰκείας
3379 942 3607 1014 ἀμελείας

2045 1044 2078 1114 ἢ
2113 1043 2310 1115 ἑτέρας
2355 1041 2640 1105 ἀσθενείας
2683 1042 2858 1113 ὀρθῶς
2907 1042 2979 1112 μὴ
3026 1043 3169 1092 νοεῖν
3211 1039 3280 1091 τὰ
3326 1040 3414 1090 ὑπ’
3451 1039 3609 1091 αὐτῶν

2048 1137 2434 1204 πιστευόμενα,
2481 1133 2617 1188 ἀλλὰ
2661 1135 2761 1203 τῆς
2807 1133 3028 1186 ἐκείνων
3072 1131 3351 1202 ἀμελείας.
3404 1131 3608 1202 Εἴρηται

2045 1229 2101 1282 δὲ
2126 1229 2182 1280 ἐν
2204 1231 2269 1298 τῇ
2309 1227 2639 1300 εἰσαγομένῃ
2663 1226 2884 1297 λατρεία
2915 1225 3044 1298 περὶ
3073 1225 3174 1295 τῆς
3207 1225 3316 1277 τῶν
3342 1223 3607 1294 ὀρθοὰέξων

2048 1319 2376 1389 ὀλιγότητος,
2405 1318 2533 1370 ποτὲ
2571 1318 2690 1388 μὲν,
2721 1319 2941 1371 Πολλοὶ
2965 1317 3083 1385 μέν
3115 1319 3236 1370 εἱσι
3261 1317 3486 1383 κλητοὶ,
3506 1318 3608 1368 ἐλί-

2047 1429 2139 1480 γοι
2171 1411 2239 1464 δὲ
2271 1413 2545 1465 ἐκλεκτοί
2567 1428 2579 1440 ·
2620 1412 2749 1463 ποτὲ
2781 1410 2857 1473 δὲ,
2893 1413 3013 1462 Ὅτι
3042 1409 3236 1477 στενὴ
3266 1411 3360 1463 καὶ
3400 1414 3600 1477 τεθλιμ-

2043 1504 2195 1573 μένη
2223 1506 2260 1572 ἡ
2287 1503 2427 1570 ὁδὸς
2455 1507 2492 1571 ἠ
2521 1503 2841 1573 ἀπάγουσα
2871 1505 2959 1568 εὶς
2987 1501 3105 1570 τὴν
3125 1502 3302 1569 ζωὴν,
3330 1502 3421 1555 καὶ
3444 1502 3603 1568 ὀλίγοι

2048 1597 2207 1649 εἰσὶν
2256 1599 2308 1649 ol
2344 1599 2732 1664 εὑρίσκοντες
2774 1595 2984 1659 αὐτήν.
3048 1594 3328 1658 Ὡσαύτως
3367 1593 3455 1646 καὶ
3502 1592 3603 1661 περὶ

2048 1689 2156 1743 τῶν
2186 1689 2475 1760 αἱρέσεων,
2502 1687 2569 1753 ἃς
2605 1691 2634 1741 ὁ
2671 1689 2874 1760 Κύριος
2907 1689 2964 1740 ὲν
3002 1690 3128 1750 ταῖς
3171 1685 3367 1740 ἑαυτοῦ
3397 1686 3604 1756 παραϐο-

2049 1782 2167 1846 λαῖς
2206 1781 2422 1842 ζιζάνια
2455 1781 2550 1833 καὶ
2590 1780 2864 1847 σαπροὺς
2907 1779 3062 1833 καλεῖ
3103 1780 3334 1847 ἰχθύας.
3370 1779 3430 1830 El
3458 1778 3602 1828 τοίνυν

363 1878 696 1942 Christiana,
730 1888 790 1932 ut
818 1893 1004 1932 rerum
1034 1886 1266 1932 testatur
1297 1879 1520 1942 veritas,
1563 1894 1684 1948 qua:
1708 1895 1772 1933 ex
1808 1895 1892 1948 pra

2098 1875 2221 1947 ηδὲν
2255 1873 2592 1944 ἐψευσμένον
2632 1873 2779 1925 ἐστὶν
2826 1874 2882 1924 ἐν
2911 1875 2976 1942 τῇ
3012 1871 3122 1924 τῶν
3157 1870 3491 1942 Χριστιανῶν
3526 1869 3600 1921 λα-

365 1969 689 2026 cedentihus
737 1971 895 2026 fidem
951 1970 1080 2024 facit
1122 1971 1470 2036 futurorum,
1523 1971 1658 2024 nihil
1699 1970 1948 2040 profecto

363 2064 616 2118 relictum
664 2070 748 2118 est
785 2077 987 2125 causze,
1036 2078 1136 2116 cur
1177 2062 1288 2117 Deo
1328 2062 1615 2133 aﬂingatur
1663 2064 1949 2133 potestatis

366 2156 613 2226 penuria,
655 2165 750 2208 aut
788 2156 998 2209 inutilis
1037 2155 1256 2209 dicatur
1303 2155 1484 2208 cultus
1524 2156 1692 2208 cultui
1743 2155 1950 2210 substi-

365 2258 538 2313 tutus,
571 2249 664 2319 qui
713 2264 860 2302 nunc
911 2249 1132 2318 quidem
1177 2247 1494 2302 Iudaeorum
1540 2255 1594 2302 et
1633 2247 1948 2302 Graecorum

365 2343 614 2399 instituta
646 2341 829 2407 solvit,
853 2352 1043 2411 postea
1072 2349 1252 2396 autem
1287 2349 1341 2396 et
1378 2341 1615 2398 hzereses
1647 2342 1840 2397 solvet.

437 2608 717 2676 QUIEST.
753 2609 818 2665 ll.
865 2609 924 2664 Si
964 2626 1054 2666 res
1097 2609 1336 2675 futuras,
1385 2619 1443 2664 ut
1484 2610 1714 2667 bellicos
1757 2610 1952 2665 trium-

366 2703 529 2773 phos,
550 2702 792 2757 hostium
826 2703 1102 2769 incursus,
1129 2711 1182 2758 et
1208 2703 1425 2756 urbium
1450 2719 1546 2773 per
1566 2719 1683 2767 eos,
1706 2707 1794 2774 ι]ιὶ
1832 2706 1952 2760 illas

367 2796 780 2866 impugnarunt,
812 2797 1151 2860 eversiones,
1180 2797 1553 2867 praedixerunt
1590 2797 1870 2867 praphetae
1900 2803 1955 2849 et

367 2889 620 2959 apostoli,
655 2890 1031 2959 praedixerunt
1065 2899 1118 2945 et
1162 2893 1513 2946 oraculorum
1553 2891 1698 2962 apud
1733 2889 1953 2945 Graecos

365 2995 663 3051 responsa,
715 2982 858 3035 unde
911 2981 1169 3052 cognosci
1215 2983 1376 3055 442
1418 2993 1593 3054 potest
1638 2993 1954 3039 exterarum

367 3074 607 3128 oraculis
639 3083 827 3129 nostra
866 3091 989 3130 esse
1023 3078 1426 3146 praestantiora,
1463 3093 1588 3131 cum
1625 3093 1690 3131 ex
1722 3085 1955 3148 utraque

367 3175 523 3237 parte
546 3167 856 3221 futurorum
883 3167 1024 3223 facta
1051 3171 1122 3224 sit
1147 3169 1452 3239 pra'dictio.

438 3255 639 3312 RESP.
685 3257 942 3326 Ejusdem
1001 3258 1094 3314 Dei
1149 3267 1278 3314 sunt
1333 3259 1447 3312 haec
1500 3259 1705 3322 omnia,
1749 3268 1802 3313 et
1853 3274 1949 3329 per

363 3347 532 3403 verba
563 3346 846 3416 prmdictio
876 3356 931 3401 et
964 3364 1148 3404 rerum
1192 3355 1444 3410 eventus,
1494 3349 1586 3418 qui
1637 3349 1856 3417 quidem
1896 3355 1950 3404 et

363 3455 464 3512 per
493 3439 795 3510 prophetas
838 3447 891 3494 et
931 3441 1213 3510 apostolos
1264 3441 1516 3510 przedixit
1547 3457 1672 3511 quae
1702 3441 1952 3498 facturus

364 3541 507 3596 erat,
561 3540 615 3586 et
664 3531 916 3586 similiter
967 3547 1064 3602 per
1112 3547 1230 3596 eos,
1272 3531 1367 3602 qui
1428 3548 1458 3586 a
1511 3549 1638 3587 vera
1690 3536 1952 3606 religione

367 3625 532 3680 alieni
567 3632 716 3689 sunt,
747 3625 865 3694 ipse
890 3625 1338 3696 praesignilicavit
1382 3642 1503 3696 quae
1534 3627 1782 3682 facturus
1812 3637 1949 3686 erat.

365 3716 838 3784 Quemadmodum
870 3717 1016 3772 enim
1047 3733 1144 3788 per
1173 3726 1350 3772 vatem
1373 3718 1592 3774 Balaam
1623 3718 1807 3776 lsraeli
1830 3721 1953 3791 qui-

365 3809 487 3864 dem
515 3807 817 3871 benedixit,
851 3806 1008 3861 illius
1042 3817 1222 3862 autem
1268 3807 1457 3864 hostes
1485 3818 1806 3865 exsecratus
1845 3819 1951 3876 est,

366 3916 431 3955 ac
464 3910 758 3970 utrumque
780 3916 876 3970 per
900 3899 1214 3955 futurorum
1254 3901 1662 3970 praedictionem
1689 3903 1951 3973 perfecit:

367 3993 444 4046 ita
477 4000 532 4046 et
557 4008 655 4061 per
681 3992 1004 4046 vaticinium
1029 3993 1144 4062 regi
1173 3992 1467 4064 Babylonis
1510 3993 1954 4050 Nabuchodono—

368 4099 464 4139 sor
514 4083 977 4154 expugnationem
1037 4083 1427 4157 Hierosolyma:
1489 4087 1952 4156 praesigniﬁcavit,

367 4176 829 4247 quemadmodum
871 4177 947 4230 ait
992 4177 1257 4246 propheta
1301 4176 1587 4233 Ezechiel:
1631 4177 1701 4232 Et
1738 4180 1952 4234 insistet

366 4284 460 4323 rex
495 4267 781 4338 Babylonis
824 4270 880 4322 in
929 4270 1066 4323 viam
1111 4273 1383 4340 antiquam
1419 4269 1475 4324 in
1513 4273 1683 4336 capite
1725 4271 1955 4326 duarum

366 4363 595 4430 uiarum,
631 4370 682 4416 et
712 4372 920 4433 quwrat
957 4363 1291 4427 vaticinium,
1339 4371 1389 4416 et
1422 4364 1693 4416 concutiat
1730 4365 1952 4435 virgam,

366 4464 417 4510 et
447 4457 732 4526 interroget
760 4456 1054 4525 sculptilia,
1103 4465 1151 4510 et
1185 4456 1485 4526 speculetur
1515 4473 1546 4509 a
1586 4455 1787 4510 der-tris
1819 4459 1952 4512 suis.

2050 1968 2227 2040 τρεὶᾳ,
2258 1967 2334 2030 ὡς
2367 1969 2401 2038 ή
2447 1966 2555 2018 τῶν
2597 1966 2938 2037 πραγμάτων
2981 1967 3260 2036 μαρτυρεῖ
3300 1962 3528 2033 ἀλήθεια,

2051 2060 2158 2114 τῶν
2183 2060 2562 2132 προλαϐόντων
2586 2058 2992 2128 πεπιστευμένα
3016 2056 3250 2110 ποιοῦσα
3270 2056 3335 2108 τὰ
3359 2055 3599 2124 μέλλοντι,

2051 2151 2303 2223 οὐδαμῶς
2336 2151 2445 2223 ἄρα
2477 2151 2860 2204 ὑπολέλειπται
2907 2150 3184 2222 πρόφασις
3216 2148 3310 2201 τοῦ
3339 2147 3600 2201 διαὸἀλλειν

2052 2244 2143 2296 τὸν
2175 2243 2308 2296 Θεὸν
2338 2243 2432 2296 ἐπὶ
2462 2242 2705 2314 πτωχείᾳ
2733 2242 3038 2312 δυνάμεως,
3073 2242 3106 2312 ἦ
3140 2239 3238 2294 τοῦ
3269 2240 3506 2310 ἀνωφελῆ

2052 2355 2169 2407 γειν
2211 2338 2309 2409 τὴν
2343 2339 2463 2392 ἀντὶ
2494 2338 2748 2410 λατρείας
2796 2336 3053 2409 λατρείαν
3101 2336 3488 2404 εἰσαγομένην⁸
3528 2333 3601 2400 τίτί

2053 2429 2148 2482 νῦν
2183 2431 2282 2500 μὲν
2330 2430 2554 2501 λυτικὴν
2585 2425 2752 2483 οὖσαν
2798 2426 3136 2498 Ἰουδαϊσμοῦ
3167 2444 3227 2480 τε
3277 2423 3603 2493 stabilivi-

2057 2521 2218 2593 σμοῦ,
2259 2522 2485 2595 ὕστερον
2514 2523 2570 2575 δὲ
2601 2523 2693 2576 καὶ
2720 2521 2828 2574 τῶν
2856 2522 3144 2593 αἱρέσεων.

2137 2617 2487 2668 ἘΡΩΤΗΣΙΣ
2521 2615 2593 2667 B'.
2631 2616 2694 2668 Ei
2721 2613 2788 2668 τὰ
2826 2615 3089 2686 μέλλοντα
3115 2612 3380 2682 γίνεσθαι,
3414 2604 3514 2664 οἷον
3538 2626 3604 2659 πο-

2054 2709 2237 2779 λέμων
2268 2709 2528 2780 τρόπαια,
2564 2706 2774 2778 ἐχθρῶν
2808 2706 3006 2777 ἔφοδοι,
3042 2709 3139 2761 καὶ
3171 2706 3378 2759 πόλεων
3422 2702 3601 2772 ἀναιρέ-

2057 2821 2170 2867 σεις
2201 2803 2287 2856 διὰ
2313 2804 2422 2856 τῶν
2450 2803 2842 2875 ἐπιτιθεμένων
2874 2803 3088 2866 αὑταῖς,
3127 2801 3480 2873 προειρήκασι
3503 2813 3604 2866 πρ)-

2059 2897 2227 2968 φῆται
2258 2896 2353 2948 καὶ
2387 2896 2693 2959 ἀπόστολοι,
2741 2897 3001 2966 προεῖπον
3037 2894 3093 2946 δὲ
3128 2893 3226 2948 καὶ
3259 2895 3386 2962 παρ’
3416 2891 3601 2958 Ἕλλησι

2057 2989 2320 3065 χρησμῶν
2344 2989 2490 3057 λόγοι
2517 2990 2612 3059 (7),
2640 2989 2802 3042 πόθεν
2824 2991 2872 3041 οἱ
2899 2988 3104 3041 τούτων
3139 2989 3416 3058 κρείττους
3443 2984 3602 3057 γνωρί-

2058 3083 2239 3148 ζονται
2287 3081 2395 3134 τῶν
2430 3079 2649 3146 ἔξωθεν,
2683 3079 2813 3150 παρ’
2857 3079 3120 3150 ἑκατέρου
3168 3079 3368 3150 μέρους
3397 3079 3488 3146 τῆς
3517 3076 3598 3129 τῶν

2059 3175 2334 3246 ἐσομένων
2357 3174 2724 3244 γεγενημένης
2754 3174 3114 3242 προρρήσεως
3141 3188 3154 3235 ;

2139 3267 2541 3322 ἈΠΟΚΡΙΣ1Σ.
2578 3265 2683 3317 Τοῦ
2724 3263 2890 3317 αὐτοῦ
2925 3263 3060 3317 Θεοῦ
3095 3266 3213 3317 ἐστι
3249 3265 3418 3317 πάντα
3441 3262 3595 3320 ταῦτα,

2053 3359 2148 3414 καὶ
2183 3360 2216 3429 ἡ
2247 3359 2549 3429 πρόρρησις
2577 3356 2685 3408 τῶν
2721 3354 2917 3424 λόγων,
2954 3356 3049 3408 καὶ
3075 3359 3109 3426 ἡ
3159 3356 3382 3418 ἔκϐασις
3412 3353 3506 3406 τῶν
3533 3352 3598 3422 ἕρ-

2053 3469 2184 3522 γων,
2217 3451 2312 3504 τοῦ
2346 3450 2441 3503 καὶ
2472 3449 2558 3502 διὰ
2603 3449 2711 3502 τῶν
2753 3451 3046 3522 προφητῶν
3091 3468 3156 3503 τε
3197 3452 3291 3504 καὶ
3329 3448 3596 3503 ἀποστόλων

2053 3544 2501 3618 προμηνύσαντος
2528 3545 2563 3598 ἃ
2588 3546 2781 3617 ἔμελλε
2810 3549 2985 3599 ποιεῖν
3009 3563 3020 3574 ·
3057 3544 3321 3608 ὡσαύτως
3345 3545 3395 3596 δὲ
3425 3543 3507 3595 καὶ
3532 3541 3595 3593 διὰ

2053 3638 2161 3691 τῶν
2217 3636 2414 3702 ἔξωθεν
2459 3638 2560 3707 τῆς
2609 3638 2911 3700 εὐσεϐείας,
2967 3637 3132 3701 αὐτὸς
3185 3632 3594 3709 προεμήνυσενᾶ

2057 3728 2251 3800 ἔμελλε
2286 3732 2482 3782 ποιεῖν.
2513 3730 2726 3800 Ὠσπερ
2757 3732 2865 3801 γὰρ
2891 3728 2978 3781 διὰ
3011 3729 3105 3781 τοῦ
3141 3731 3382 3799 μάντεως
3409 3726 3593 3795 Βαλαὰμ

2053 3822 2144 3874 τὸν
2167 3821 2266 3892 μὲν
2289 3820 2504 3893 Ἰσραὴλ
2527 3821 2810 3892 εὐλόγησε,
2826 3822 2950 3884 τοὺς
2973 3822 3028 3874 δὲ
3061 3823 3292 3892 ἐχθροὺς
3322 3821 3472 3874 αὑτοῦ
3493 3835 3592 3870 κατ-

2055 3911 2320 3982 ηράσατο,
2351 3911 2608 3982 ἑκάτερον
2648 3911 2704 3963 δὲ
2734 3913 2962 3982 ποιήσας
2995 3910 3082 3964 διὰ
3115 3913 3216 3982 τῆς
3254 3910 3591 3982 προμηνύσεως

2053 4003 2162 4057 τῶν
2216 4003 2527 4074 ἐσομένων·
2577 4003 2837 4068 ὡσαύτως
2884 4004 2940 4056 δὲ
2991 4005 3086 4058 καὶ
3130 4004 3222 4057 διὰ
3271 4003 3505 4076 μαντείας
3536 3997 3590 4067 τῷ

2055 4094 2520 4166 Ναϐουχοδονόσορ
2562 4094 2771 4165 βασιλεῖ
2807 4095 3148 4161 Βαϐυλῶνος,
3177 4096 3278 4167 τὴν
3318 4097 3494 4150 ᾰλωσιν
3518 4093 3587 4161 τῆς

2067 4185 2282 4259 Ἰσραήλ
2320 4187 2690 4257 προεμήνυσε,
2725 4187 2869 4241 καθά
2902 4205 3066 4258 φησιν
3091 4191 3120 4241 ὁ
3163 4190 3436 4260 προφήτης
3463 4183 3588 4246 Ἰεζε-

2055 4279 2200 4350 κιὴλ,
2236 4279 2346 4334 Καὶ
2380 4278 2669 4345 στήσεται
2684 4279 2985 4345 βασιλεὺς
3010 4279 3368 4344 Βαϐυλῶνος
3391 4278 3478 4331 ἐπὶ
3506 4275 3587 4340 τήν

2055 4371 2311 4440 ἀρχαίαν
2357 4370 2518 4435 ὁδὸν,
2560 4371 2654 4423 ἐπ’
2701 4370 2894 4440 ἀρχῆς
2937 4371 3056 4425 τῶν
3095 4374 3158 4437 ,ϐ’
3207 4374 3304 4445 (8),
3346 4373 3440 4427 τοῦ
3470 4387 3584 4441 μαν-

2056 4463 2384 4517 τεύσασθαι
2413 4464 2726 4531 μαντείαν,
2761 4464 2857 4517 καὶ
2903 4463 3008 4518 τοῦ
3038 4466 3371 4535 ἀναϐρὰσαι
3388 4464 3580 4534 ῥάϐδον,

369 4545 438 4600 Et
462 4547 662 4616 (actum
684 4557 760 4601 est
781 4565 941 4617 super
967 4547 1291 4613 Jerusalem,
1324 4558 1377 4604 et
1405 4564 1526 4619 qua:
1559 4552 1892 4618 sequuntur’

2098 4555 2152 4608 al
2182 4553 2548 4624 ἐπερωτῆσαι
2589 4557 2659 4608 ἐν
2699 4556 2822 4622 τοῖς
2857 4558 3168 4628 γλυπτοῖς,
3216 4561 3310 4613 καὶ
3351 4572 3584 4612 κατασκο-

370 4643 464 4699 Sic
486 4646 649 4699 etiam
679 4651 734 4698 et
766 4660 861 4714 per
885 4653 1035 4699 vates
1055 4642 1367 4698 Graecorum
1402 4659 1740 4714 quaecunque
1764 4658 1951 4697 revera

370 4737 436 4790 ad
469 4737 676 4791 exitum
709 4737 974 4804 perducta
1009 4745 1160 4800 sunt,
1200 4753 1262 4792 ea
1321 4739 1436 4806 ipse
1483 4737 1946 4807 praemonstravit.

370 4827 672 4881 Plurimum
705 4836 886 4880 autem
920 4829 1312 4898 prophetarum
1339 4839 1390 4883 et
1411 4837 1596 4884 vatum
1627 4829 1944 4882 discrimen.

373 4916 614 4973 Primum
643 4919 862 4992 quidem
895 4921 1038 4990 quod
1071 4921 1122 4978 in
1154 4922 1312 4991 cujus
1342 4920 1436 4976 Dei
1467 4923 1688 4975 nomine
1715 4921 1948 4990 prophe-

443 5079 486 5111 ¹⁰
511 5078 701 5132 Matth.
731 5097 821 5147 xx,
850 5080 932 5134 16.
1015 5084 1054 5114 ¹¹
1084 5083 1273 5139 Matth.
1306 5101 1401 5151 vn,
1433 5085 1520 5139 14.

439 5261 516 5332 (4)
570 5260 806 5316 Ἀνεῖλε.
842 5261 959 5336 Non
996 5264 1167 5318 miror
1199 5265 1358 5332 paulo
1380 5272 1526 5336 ante
1562 5283 1804 5336 praesens
1844 5283 1944 5336 pro

367 5333 553 5409 ῖυιιξτο
601 5334 879 5409 υξιιτρίιτί-
916 5350 1110 5409 nempe
1340 5335 1439 5409 τὴν
1478 5333 1789 5409 angam,
1846 5333 1945 5408 ιηιο

369 5405 600 5476 ποιήσει.
638 5403 695 5457 ld
723 5405 869 5476 enim
904 5403 1162 5458 usitatum
1195 5416 1279 5460 est
1301 5403 1443 5476 apud
1475 5403 1667 5463 sacros
1690 5425 1741 5463 et
1771 5403 1948 5464 eccle-

369 5475 624 5528 siasticos
653 5475 969 5544 scriptores.
997 5479 1177 5541 Quare
1219 5475 1503 5544 legendum
1541 5480 1774 5533 ἀναιοεῖ.
1813 5479 1949 5532 Illud

370 5544 545 5596 ἀνεῖλε
578 5545 794 5598 videtur
820 5546 1030 5600 facinus
1059 5562 1182 5602 esse
1207 5546 1557 5600 librariorum
1591 5544 1735 5603 hunc
1771 5552 1950 5603 locum

371 5614 594 5685 minime
625 5616 1065 5685 intelligentium.

395 5750 406 5761 .
445 5682 519 5750 (5)
560 5682 838 5761 ῌίστεωςῖ.
872 5686 1022 5761 Legit
1051 5686 1372 5761 Sylburgius
1405 5686 1788 5761 miniata-to;
1835 5687 1950 5761 Ma-

372 5749 466 5827 litn
494 5751 586 5827 μα)
619 5757 880 5827 πονηρίαν
912 5749 1145 5820 πίστεώς
1178 5773 1239 5808 τε
1255 5749 1358 5808 Vit-sti
1402 5759 1674 5827 ποιήσεως
1715 5767 1808 5812 aut
1851 5760 1952 5812 ali-

375 5820 507 5886 quid
537 5821 730 5874 simile.

1602 5087 1646 5116 "
1677 5085 1868 5141 Matth.
1903 5102 2025 5150 xm,
2067 5087 2137 5140 50
2177 5094 2230 5142 et
2274 5088 2363 5143 48.

2059 4646 2369 4711 θεήσασθαι
2410 4648 2477 4700 ἐκ
2511 4647 2726 4712 δεξιῶν
2761 4649 2946 4703 αὐτοῦ
2967 4667 2978 4679 ·
3007 4649 3108 4704 καὶ
3129 4651 3364 4720 ἐγένετο
3395 4650 3479 4704 ἐπὶ
3507 4649 3578 4701 Ἶε·

2050 4739 2397 4808 ρουσαλὴμ,
2432 4741 2527 4792 καὶ
2572 4743 2641 4794 τὰ
2688 4740 2835 4810 ἑξῆς.
2873 4741 3060 4806 Οὕτως
3095 4745 3191 4797 καὶ
3229 4744 3314 4797 διὰ
3353 4743 3449 4797 τῶν
3486 4739 3578 4808 παρ’

2059 4829 2281 4898 Ἕλλησι
2315 4831 2560 4900 μάντεων
2601 4831 2701 4884 ὅσα
2740 4832 2829 4885 διὰ
2886 4832 2995 4886 τῶν
3044 4834 3222 4908 ἔργων
3273 4835 3366 4906 τήν
3409 4832 3577 4885 ἔκϐασιν

2057 4921 2292 4988 ἐδέξατο,
2329 4923 2491 4988 αὐτὸς
2535 4925 2899 4996 προεμήνυσε.
2935 4927 3178 4997 Διαφορὰ
3205 4928 3260 4980 δὲ
3292 4929 3389 4980 τῶν
3415 4941 3572 4997 «poet,-

2467 5090 2511 5119 ¹³
2542 5086 2742 5142 Ezech.
2775 5103 2892 5151 χιι,
2921 5087 3012 5141 21.

2126 5266 2202 5395 (ϐ’)
2235 5269 2653 5336 Παρηγόρημα.
2687 5267 2866 5321 Mallet
2899 5267 3227 5338 Sylburgius
3254 5265 3565 5340 κατηγόρημα-

2152 5339 2200 5394 7l
2242 5337 2534 5395 Χρησιλῶν
2559 5341 2744 5395 λόγοι.
2779 5340 2922 5392 Idem
2953 5340 3255 5395 composite
3282 5338 3431 5394 scribi
3455 5346 3565 5395 005se

2152 5339 2200 5403 7)
2242 5337 2534 5406 Χρησμῶν
2559 5341 2744 5406 λόγοι.
2779 5340 2922 5392 Idem
2943 5337 3255 5408 composite
3282 5337 3431 5394 scribi
3455 5346 3568 5406 posse

2055 5409 2333 5480 existimat
2364 5409 2749 5480 χρησμολόγοι.
2780 5409 2847 5463 At
2879 5413 3163 5478 sequentia
3193 5411 3248 5464 id
3273 5425 3373 5463 non
3405 5409 3562 5480 patiun—

2059 5489 2168 5532 tur.
2196 5477 2330 5550 Nam
2365 5474 2796 5550 soliititelligittlr
2824 5474 2972 5547 λόγοι
3005 5491 3127 5550 post
3153 5483 3201 5533 οἰ
3236 5474 3438 5533 τούτων.
3464 5474 3565 5529 Infra

2059 5549 2542 5631 ριγλῃΊσ’ρριήλιξρξξΣ
2563 5547 2928 5631 Ἰερουσαλήμ.

2133 5619 2208 5687 (8)
2253 5617 2481 5684 11313.82
2516 5617 2730 5673 Addunt
2776 5617 2908 5673 ὁδῶν
2956 5620 3150 5687 Bihlia,
3193 5628 3247 5674 et
3274 5635 3388 5674 mox
3417 5617 3565 5671 habent

2058 5690 2152 5762 ua).
2179 5691 2394 5757 ἐγένετο
2429 5695 2695 5762 μαντεῖον.
2744 5690 2818 5744 Ita
2857 5691 3240 5762 emendaverat
3285 5690 3563 5762 Sylburgius.

2061 5761 2154 5831 sed
2186 5763 2360 5813 satius
2392 5761 2561 5831 multo
2593 5762 2810 5814 videtur
2834 5762 2950 5814 lucc
2992 5760 3286 5831 Scriptura:
3317 5760 3564 5815 testimonia

2061 5830 2134 5882 ita
2166 5831 2427 5898 scribere,
2461 5830 2596 5886 utin
2629 5833 2908 5887 codicibus
2938 5849 3071 5889 mss.
3105 5842 3312 5903 reperta
3338 5840 3462 5885 sunt.
