3638 6482
399 376 538 433 £9.35

1148 364 1512 423 APPENDIX.
1543 393 1614 404 —-
1642 359 1822 415 ΡΠὶὸ
1861 358 1901 414 ι.
1944 359 2002 415 S.
2043 356 2309 415 JUSTlNl
2349 355 2582 412 OPERA
2622 350 2896 411 SPURIA.

3509 353 3608 410 1156

391 497 563 551 vitate
613 494 850 548 haereses
899 505 1085 546 secum
1133 498 1188 544 et
1225 504 1350 542 cum
1392 486 1623 540 veritate
1670 487 1976 552 pugnantes

2122 476 2174 529 αἱ
2193 477 2267 528 ,οὐ
2300 475 2537 545 πονηρίᾳ
2568 471 2793 544 γνώμης
2818 471 2920 533 τὰς
2946 468 3196 542 αἱρέσεις
3234 472 3614 542 συστησαμένοις

391 585 784 642 conﬂantibus.
812 582 972 637 Nunc
999 590 1182 637 autem
1207 582 1335 636 dum
1368 595 1428 635 se
1454 578 1684 632 invicem
1716 573 1978 629 condem-

392 689 526 733 nant
556 680 748 734 aliena:
780 677 1066 734 sententiae
1109 675 1356 737 nomine,
1403 670 1754 726 manilestum
1789 674 1872 722 est
1911 682 1978 721 ex

392 773 580 843 gloria:
635 771 819 827 studio
863 779 956 824 aut
1015 767 1223 822 mutuis
1285 762 1777 819 hazresiarcharum
1835 758 1978 812 odiis

2082 566 2394 638 μαχομένας
2421 564 2642 627 ἑαυταῖς
2673 581 2732 615 τε
2777 563 2872 616 καὶ
2898 565 2965 633 τῇ
3000 561 3252 632 ἀληθείᾳ.
3285 561 3392 614 Νῦν
3418 562 3472 614 δὲ
3511 565 3614 618 καθὲ

2078 659 2500 732 κατακρίνουσιν
2530 656 2790 728 ἀλλήλους
2817 657 2911 709 ἐπὶ
2938 654 3017 726 τῷ
3053 655 3319 726 ἀλλοτρίῳ
3344 656 3432 708 τοῦ
3465 661 3617 727 φρονή-

2082 770 2270 824 ματος,
2303 751 2453 821 δῆλοί
2499 753 2658 812 εἰσιν,
2692 751 2774 802 ὅτι
2805 751 2870 803 ὲκ
2899 748 3205 818 φιλοδοξίας
3244 747 3276 818 ἢ
3318 749 3616 812 ἀντιπαθείας

2077 845 2186 898 τῶν
2232 845 2601 916 αἱρεσιαρχῶν
2654 846 2822 897 πᾶσαι
2871 845 2927 896 αἱ
2970 841 3218 913 αἱρέσεις
3264 840 3360 903 τὰς
3413 843 3618 912 ἀφορμὰς

2081 937 2348 1006 ἐσχήκασι
2377 936 2476 1006 τῆς
2520 935 2832 996 συστάσεως
2856 931 3039 986 αὐτῶν
3059 947 3072 959 ⁸
3100 930 3167 982 δι’
3200 930 3267 999 ἦν
3298 931 3465 983 αἰτίαν
3508 932 3621 985 λύκοι

2082 1025 2266 1097 βαρεῖς
2304 1026 2410 1079 ὑπὸ
2431 1025 2524 1078 τοῦ
2553 1024 2852 1078 ἀποστόλου
2875 1022 3276 1093 ὠνομάσθησαν
3308 1023 3353 1073 οἱ
3385 1022 3486 1074 τῶν
3510 1024 3622 1092 αἱρέ-

2082 1135 2218 1171 σεων
2259 1118 2511 1190 ἁρχηγοί.
2549 1119 2670 1170 Ὅτι
2703 1116 2758 1169 δὲ
2789 1116 3050 1170 ἀδύνατόν
3091 1117 3211 1168 ἐστι
3259 1113 3331 1184 μὴ
3363 1117 3530 1184 τυχεῖν
3553 1117 3622 1184 τῆς

2081 1211 2351 1282 εὑρέσεως
2380 1209 2458 1281 τῷ
2494 1213 2554 1263 ὲν
2603 1209 2699 1283 ὅλῃ
2741 1209 2938 1280 καρδίᾳ
2981 1225 3042 1260 τε
3085 1207 3178 1260 καὶ
3216 1206 3433 1276 δυνάμει
3469 1207 3621 1276 ἐπιζη-

2078 1305 2259 1358 τοῦντι
2281 1306 2379 1376 τὴν
2410 1303 2688 1375 ἀλήθειαν,
2723 1304 2988 1374 μαρτυρεί
3013 1303 3042 1352 ὁ
3071 1299 3281 1371 Κύριος
3311 1299 3505 1368 λέγων·
3533 1299 3622 1364 Πᾶς

2081 1400 2115 1452 ό
2139 1397 2319 1452 αἰτῶν
2359 1397 2672 1467 λαμϐάνει,
2717 1395 2815 1449 καὶ
2861 1399 2894 1448 ό
2926 1391 3117 1460 ζητῶν
3157 1392 3420 1461 εὑρήσει,
3459 1394 3540 1445 καὶ
3567 1393 3622 1458 τῷ

2082 1495 2372 1562 seponeret:
2386 1491 2791 1561 ἀνοιγήσεται.

2165 1585 2514 1638 ἘΡΩΤΗΣΙΣ
2539 1585 2614 1636 E'.
2645 1585 2706 1636 Ei
2732 1586 2789 1636 ὲν
2817 1586 2936 1647 ταῖς
2962 1581 3290 1653 ἐκκλησίαις
3318 1578 3421 1633 τῶν
3461 1579 3621 1648 αἱρετι-

396 864 636 919 haareses
669 878 860 918 omnes
893 859 1230 916 consistendi
1275 871 1472 912 causas
1518 856 1813 921 habuisse;
1843 868 1979 922 qua-

393 964 617 1027 pr0pter
657 956 766 1024 lupi
816 969 1008 1024 graves
1065 953 1132 1006 ab
1180 950 1444 1021 Apostolo
1481 949 1662 1002 vocati
1696 955 1824 1002 sunt
1869 947 1980 1000 hze-

393 1063 574 1102 resum
603 1046 791 1100 duces.
837 1042 980 1099 Fieri
1031 1051 1211 1097 autent
1253 1057 1361 1095 non
1404 1055 1566 1110 posse
1601 1046 1662 1092 ut
1692 1037 1977 1091 veritatem

393 1155 504 1193 non
550 1140 811 1198 inveniat,
854 1137 944 1206 qui
989 1152 1108 1191 eam
1159 1143 1275 1188 toto
1325 1132 1492 1188 corde
1519 1139 1572 1185 et
1606 1131 1735 1186 totis
1769 1130 1979 1184 viribus

394 1232 607 1301 qumrit,
655 1230 812 1283 testis
854 1238 939 1282 est
983 1226 1248 1281 Dominus
1280 1226 1508 1279 dicens:
1542 1222 1729 1276 Omnis
1773 1220 1861 1290 qui
1887 1233 1978 1286 pe-

394 1326 456 1378 tit
489 1323 700 1391 accipit,
745 1331 794 1377 et
839 1321 928 1392 qui
977 1320 1167 1391 quierit
1210 1319 1438 1384 invenit,
1465 1326 1513 1371 et
1567 1315 1806 1384 pulsanti
1853 1329 1978 1382 ape-

394 1417 564 1470 rietur
590 1415 655 1470 “.

465 1585 745 1655 QUEST.
773 1585 839 1642 ν.
867 1587 922 1641 Si
958 1586 1009 1638 in
1043 1585 1296 1640 ecclesiis
1330 1583 1714 1640 haereticorum
1749 1583 1981 1640 virtutes

391 1682 654 1744 eduntur,
711 1681 861 1735 velut
909 1680 1230 1732 morborum
1293 1679 1630 1744 saltationes,
1685 1678 1980 1747 spirituum

2122 1677 2192 1729 ὦν
2217 1677 2475 1746 δυνάμεις
2518 1675 2865 1748 ὲνεργοῦνται
2898 1674 3031 1745 (16),
3078 1670 3192 1727 οἷον
3237 1671 3538 1742 νοσημάτων
3564 1670 3621 1721 ίὰα

395 1770 736 1841 impurorum
763 1768 1139 1838 expulsiones,
1161 1768 1441 1822 fructuum
1469 1775 1631 1822 terra:
1657 1776 1977 1836 proventus,

2122 1789 2216 1835 εις,
2262 1771 2356 1824 κοιλ¹
2401 1770 2726 1840 πνευμάτων
2767 1770 2996 1840 διωγμοὶ
3045 1766 3396 1838 ἀκαθάρτων,
3443 1764 3621 1834 καρπῶν

395 1863 500 1917 olei
531 1861 930 1932 scaturigines.
969 1859 1244 1930 quomodo
1279 1875 1346 1915 ex
1383 1859 1470 1914 his
1499 1873 1723 1914 necesse
1756 1875 1863 1913 non
1897 1865 1981 1914 est

2122 1867 2185 1936 ἧς
2217 1865 2380 1936 φορὰ,
2425 1864 2518 1918 καὶ
2551 1863 2732 1917 ελαίου
2780 1860 3124 1924 ἁναϐλύσεις,
3155 1859 3275 1922 πῶς
3321 1859 3418 1911 οὐκ
3457 1857 3621 1923 ἀνάγκη

392 1953 519 2008 illos
546 1953 598 2006 in
634 1967 821 2007 errore
851 1954 1164 2005 conlirmari
1187 1951 1210 2003 ?

2122 1976 2148 2011 ιι
2171 1957 2373 2010 τούτων
2401 1958 2458 2008 ὲν
2487 1959 2554 2027 τῇ
2588 1955 2760 2026 πλάνῃ
2791 1954 3140 2026 βεϐαιοῦσθαι
3168 1954 3407 2016 ἐκείνους
3430 1969 3444 2017 ;

466 2044 666 2099 RESP.
699 2043 1171 2110 Quemadmodum
1205 2041 1349 2114 quod
1379 2043 1545 2098 solem
1573 2045 1706 2098 oriri
1730 2045 1860 2114 facit
1891 2063 1983 2100 su-

2167 2049 2568 2102 ‘AIIUKPIEIE.
2609 2048 2818 2119 Ὥσπερ
2850 2048 2910 2101 τὸ
2933 2046 3302 2102 ἀνατέλλειν
3350 2043 3452 2098 τὸν
3487 2044 3621 2110 ἣλιοι·

392 2155 487 2210 per
503 2138 664 2192 bonos
687 2147 735 2192 et
765 2137 956 2196 malos,
981 2147 1028 2190 et
1061 2137 1197 2206 pluit
1221 2136 1564 2206 superjustos
1589 2147 1638 2191 et
1659 2137 1886 2206 injustas
1915 2140 1978 2203 ’⁵,

2122 2141 2182 2194 πὶ
2225 2141 2530 2209 πονηροὺς
2562 2141 2658 2194 καὶ
2701 2139 2983 2212 ἀγαθοὺς,
3019 2141 3120 2193 καὶ
3166 2138 3414 2208 βρέχειν
3457 2136 3536 2189 ἐπὶ
3563 2136 3621 2188 διο-

394 2244 741 2300 nequaquam
769 2227 1118 2282 conﬁrmatio
1148 2235 1233 2283 est
1263 2229 1537 2282 malorum
1569 2236 1622 2283 et
1653 2229 1983 2298 injustorum

395 2324 452 2378 in
496 2323 700 2376 malitia
736 2329 789 2376 et
824 2321 1119 2390 injustitia,
1167 2320 1263 2376 sed
1300 2321 1628 2393 praeparatio
1667 2323 1801 2392 iusti
1849 2338 1982 2393 sup-

395 2415 546 2486 plicii
584 2431 596 2466 :
631 2416 706 2468 ita
737 2429 837 2468 nec
884 2414 1269 2469 haereticorum
1316 2415 1371 2468 in
1403 2429 1592 2470 errore
1639 2414 1982 2470 confirmatio

393 2515 481 2564 est
529 2509 676 2578 quod
729 2509 1028 2562 nonnullas
1078 2507 1221 2577 apud
1270 2522 1366 2562 eos
1414 2509 1648 2562 virtutes
1700 2515 1979 2578 operatur.

394 2600 531 2654 Nam
569 2603 616 2655 si
655 2610 1036 2673 argumentum
1064 2608 1118 2656 et
1157 2601 1375 2670 signum
1408 2601 1628 2670 pietatis
1668 2608 1814 2656 esset
1852 2616 1978 2671 ope-

395 2695 512 2748 rari
541 2695 795 2759 virtutes,
831 2709 1178 2764 nequaquam
1212 2693 1480 2748 Dominus
1514 2693 1780 2763 reprobos
1811 2703 1865 2747 et
1899 2695 1984 2747 in-

397 2787 614 2859 dignos,
652 2787 748 2858 qui
802 2801 988 2842 secum
1020 2787 1152 2850 sint,
1187 2786 1600 2855 pronuntiasset
1630 2801 1726 2840 eos
1775 2786 1867 2855 qui
1899 2786 1984 2841 di-

397 2886 564 2935 cent:
605 2878 850 2944 Domine,
885 2895 1052 2932 nonne
1085 2879 1141 2931 in
1176 2879 1382 2932 nomine
1410 2887 1498 2932 tuo
1535 2877 1979 2948 propltetavimus,

397 2985 448 3028 et
471 2975 525 3028 in.
556 2983 642 3028 tuo
674 2974 882 3028 nomine
906 2974 1170 3027 diemonia
1199 2973 1471 3041 ejecimus,
1506 2980 1555 3026 et
1577 2973 1632 3025 in
1655 2973 1864 3025 nomine
1895 2983 1983 3025 tuo

400 3066 619 3120 virtutes
650 3065 845 3118 multas
877 3064 1095 3134 fecimus
1120 3065 1144 3118 ?
1175 3063 1368 3117 dicens
1393 3062 1474 3117 eis
1509 3079 1524 3117 :
1554 3060 1841 3132 Nunquam
1867 3063 1984 3115 novi

399 3175 490 3213 vos
523 3176 542 3214 :
589 3157 844 3212 discedite
877 3174 911 3212 α
956 3173 1035 3212 me
1082 3157 1174 3227 qui
1219 3157 1510 3226 operamini
1545 3156 1877 3225 iniquitatem
1917 3156 1982 3213 ".

398 3249 594 3306 Nonne
619 3266 745 3305 cum
774 3251 891 3321 ipse
915 3249 1172 3314 edixerit,
1211 3264 1310 3303 nos
1339 3248 1566 3312 docens,
1599 3257 1659 3302 ut
1692 3263 1984 3318 pascamus

401 3352 456 3397 et
495 3348 685 3412 potum
727 3341 920 3395 demus
948 3340 996 3394 ei
1033 3339 1126 3408 qui
1170 3338 1346 3393 esurit
1390 3346 1444 3394 et
1480 3339 1617 3400 sitit,
1658 3340 1830 3394 multo
1869 3339 1987 3410 ipse

401 3434 578 3504 magis
611 3434 810 3488 similia
848 3433 980 3487 facit
1012 3432 1100 3488 his
1131 3447 1252 3502 quae
1285 3446 1387 3487 nos
1421 3431 1628 3496 docuit,
1655 3447 1986 3486 coacervans

400 3526 582 3596 ignem
613 3526 670 3580 in
706 3527 886 3596 capita
917 3541 1130 3590 eorum,
1176 3525 1271 3595 qui
1314 3539 1426 3578 non
1460 3523 1625 3594 digne
1663 3523 1982 3579 donatorem

399 3616 528 3670 tidei
550 3616 946 3687 cognoverint?

471 3797 758 3867 QUIEST.
786 3797 875 3852 Vl.
911 3796 967 3852 Si
1002 3798 1054 3851 in
1112 3796 1181 3852 iis
1230 3797 1323 3868 qui
1368 3795 1556 3851 dolent
1604 3803 1659 3851 et
1709 3795 1982 3860 laztantur,

400 3893 684 3964 perpessio
730 3891 1061 3953 ostenditur,
1101 3901 1264 3960 atque
1314 3890 1447 3945 illud
1483 3891 1702 3961 quidem
1736 3898 1989 3961 peccato-

400 4001 514 4049 res,
545 3985 650 4038 hoc
670 3985 850 4054 justos
879 3984 932 4038 in
957 3984 1167 4053 judicio
1200 3989 1422 4050 manet,
1449 3983 1721 4053 quomodo
1755 3998 1877 4037 vera
1909 3983 1989 4037 lo-

400 4081 612 4151 quitur,
648 4078 743 4148 qui
779 4085 984 4132 statum
1031 4076 1407 4147 perpessionis
1435 4083 1709 4145 expertem
1739 4075 1988 4130 homines

400 4178 526 4243 post
565 4169 1029 4225 resurrectionem
1059 4167 1358 4236 adepturos
1388 4165 1564 4220 dicit?

472 4262 670 4318 RESP.
697 4261 1078 4333 Perpessionis
1109 4271 1366 4331 expertes
1407 4268 1817 4316 resurrecturus
1851 4259 1989 4315 dici-

399 4373 546 4421 mus,
587 4355 716 4426 quia
750 4355 819 4410 ab
859 4355 947 4419 iis,
977 4371 1099 4424 qua:
1139 4355 1441 4409 secundum
1475 4361 1727 4408 naturam
1772 4369 1985 4416 sumus,

401 4447 759 4502 mutationem
794 4461 906 4499 non
938 4444 1295 4515 accipiemus,
1321 4461 1498 4514 neque
1531 4445 1585 4498 in
1614 4445 1863 4516 opposita
1899 4461 1988 4500 se-

2083 2237 2293 2302 καιόυς
2325 2235 2422 2287 καὶ
2453 2234 2719 2300 ἀδίκους,
2755 2235 2856 2288 οὐκ
2880 2233 2996 2287 ἔστι
3026 2232 3379 2303 βεϐαιωτικὸν
3422 2230 3621 2299 πονηῴν

2085 2328 2177 2380 καὶ
2218 2328 2418 2380 ἀδίκων
2462 2328 2519 2379 ὲν
2559 2329 2624 2398 τῇ
2675 2325 2915 2398 πονηρίᾳ.
2959 2325 3053 2378 καὶ
3080 2325 3293 2396 ἀδικίᾳ,
3319 2324 3448 2379 ἀλλὰ
3488 2339 3621 2392 παρα-

2087 2419 2444 2474 σκευαστικὸν
2493 2422 2571 2482 είς
2613 2419 2826 2472 δικαίαν
2868 2417 3158 2489 τιμωρίαν,
3208 2415 3378 2478 οὕτως
3418 2414 3508 2468 οὒκ
3539 2415 3621 2464 ἔστι

2087 2510 2439 2580 βεϐαιωτικὸν
2483 2510 2589 2562 τῶν
2615 2507 2908 2580 αἱρετικῶν
2935 2508 2992 2560 ὲν
3031 2510 3096 2578 τῇ
3127 2506 3304 2578 πλάνῃ
3330 2505 3385 2560 τὸ
3425 2505 3616 2576 ἐνεργείι

2084 2602 2236 2664 τινὰς
2263 2604 2320 2654 ἐν
2353 2603 2536 2664 αὐτοῖς
2582 2601 2856 2671 δυνάμεις.
2905 2600 2967 2652 Εἰ
3012 2599 3123 2670 γάρ
3165 2595 3235 2669 ἦν
3268 2597 3522 2663 ἀπόδειξις
3557 2603 3618 2650 καὶ

2087 2695 2311 2763 σημεῖον
2353 2692 2637 2755 εὐσεϐείας
2676 2691 2734 2745 τὸ
2775 2693 3022 2762 ἐνεργεῖν
3065 2690 3345 2762 δυνάμεις,
3391 2692 3484 2744 οὐκ
3524 2691 3616 2743 ivi

2085 2786 2290 2856 Κύριος
2310 2785 2600 2855 ἀδοκίμους
2627 2801 2684 2837 τε
2709 2784 2802 2836 καὶ
2829 2783 3082 2850 ἀναξίους
3109 2783 3214 2854 τῆς
3239 2783 3374 2856 πρὸς
3398 2783 3540 2836 αὐτὸν
3563 2783 3616 2832 οἱ·

2085 2878 2358 2943 κειὼσεως
2401 2878 2762 2946 ἀποφαίνεται
2810 2878 2918 2949 (l7)
2951 2877 3076 2940 τοὺς
3105 2877 3393 2948 εἰρηκότας
3415 2894 3428 2906 ·
3468 2876 3614 2942 [rem

2085 2973 2156 3024 οὐ
2188 2970 2268 3036 τῷ
2301 2968 2391 3035 σῷ
2426 2971 2671 3039 ὀνόματι
2704 2970 3267 3039 προεφητεύσαμεν,
3317 2969 3408 3021 καί
3454 2966 3520 3032 τῷ
3557 2965 3615 3030 (ᾧ

2086 3062 2328 3132 ὀνόματι
2354 3063 2628 3131 δαιμόνια
2647 3061 3033 3130 ἐξεϐάλομεν,
3067 3061 3169 3114 καὶ
3198 3060 3279 3125 τῷ
3304 3061 3390 3126 σῷ
3426 3060 3615 3129 ὀνόματι

2086 3155 2368 3224 δυνάμεις
2394 3155 2630 3221 πολλὰς
2655 3149 3062 3222 ἐποιήσαμέν;
3087 3153 3269 3222 λέγων
3294 3153 3424 3225 πρὸς
3449 3153 3612 3211 tritas:

2091 3247 2387 3301 Οὐδέποτε
2426 3247 2618 3317 ἔγνων
2641 3243 2827 3315 ὑμᾶς·
2871 3245 3236 3315 ἀποχωρεῖτε
3288 3245 3384 3298 ἀπ’
3432 3243 3554 3312 ἐμεῦ
3580 3243 3614 3293 ιι

2085 3341 2456 3410 ἐργαζόμενοι
2501 3339 2616 3408 τὴν
2654 3340 2928 3409 ἀνομίαν.
2968 3340 3084 3392 Οὐκ
3108 3335 3264 3392 εἷπον
3297 3337 3422 3410 (18),
3455 3337 3613 3398 διδάξας

2087 3435 2254 3504 ὑμᾶς,
2287 3432 2555 3503 ψωμίζειν
2593 3433 2686 3486 καὶ
2735 3431 2975 3496 ποτίζειν
3020 3433 3113 3485 τὸν
3157 3433 3422 3485 πεινῶντα
3451 3432 3525 3484 καὶ
3560 3431 3612 3481 6-.-

2085 3524 2294 3595 ψῶντα,
2324 3524 2454 3577 πολὺ
2486 3524 2686 3594 μᾶλλον
2713 3523 2875 3587 αὐτὸς
2897 3525 2962 3576 τά
2986 3525 3151 3593 ὅμοια
3177 3517 3253 3576 ὧν
3279 3522 3494 3587 ἐδίδαξεν
3510 3524 3612 3590 ἡμᾶς

2088 3621 2252 3680 ποιεῖ,
2292 3617 2546 3689 σωρεύων
2591 3617 2703 3688 πῦρ
2747 3617 2841 3670 ἐπὶ
2872 3617 2972 3680 τὰς
3005 3617 3256 3685 κεφαλὰς
3281 3615 3467 3680 αὐτῶν,
3495 3614 3611 3676 ἀξίως

2089 3709 2179 3763 τὸν
2204 3708 2401 3780 δοτῆρα
2427 3709 2527 3778 τῆς
2557 3709 2791 3771 πίστεως
2817 3709 2916 3761 οὐκ
2941 3709 3263 3776 ἐγνωκότων
3286 3725 3299 3773 ;

2171 3801 2521 3854 ἘΡΩΤΗΣΙΣ
2555 3803 2642 3868 ς’.
2680 3801 2742 3853 Εἰ
2775 3801 2833 3852 ὲν
2858 3803 2971 3863 τοῖς
2997 3799 3227 3868 ἀλγοῦσι
3274 3801 3364 3853 καὶ
3391 3797 3609 3868 ἡδομένοις

2088 3895 2148 3948 τὸ
2190 3893 2489 3966 παθητικὸν
2519 3893 2906 3956 διαδείκνυται,
2935 3892 3127 3946 τούτου
3170 3893 3280 3963 (19)
3313 3893 3366 3945 δὲ
3395 3893 3439 3945 οἱ
3476 3892 3604 3958 ἀμαρ-

2087 3987 2266 4050 τωλοὶ,
2297 3986 2547 4040 κάκείνου
2571 3987 2619 4040 οἱ
2645 3985 2842 4038 δίκαιοι
2862 3986 2919 4038 ὲν
2949 3987 3015 4055 τῇ
3046 3984 3252 4057 κρίσει,
3277 3983 3389 4046 πῶς
3415 3978 3604 4048 ἀληθεύει

2087 4083 2115 4133 ὁ
2143 4080 2318 4147 λέγων
2345 4078 2610 4133 ἀπάθειαν
2649 4081 2759 4141 τοῖς
2789 4077 3099 4150 ἀνθρώποις
3131 4077 3270 4148 μετὰ
3297 4076 3387 4146 τὴν
3426 4072 3605 4127 ἀνάπτειν

2091 4189 2175 4225 σιν
2201 4170 2522 4241 κομίζεσθαι
2546 4188 2560 4236 ;

2173 4265 2575 4317 ἈΠΟΚΡΙΣΙΣ.
2640 4261 2894 4326 Ἀπαθεϊς
2944 4261 3182 4333 λέγομεν
3233 4254 3599 4331 ἀναστήσεσθαι.

2087 4359 2168 4410 ὅτι
2221 4358 2315 4425 ἀφ’
2348 4349 2423 4409 ὧν
2463 4356 2630 4426 ἐσμεν
2664 4355 2803 4407 κατὰ
2836 4353 3018 4421 φύσιν,
3059 4353 3272 4426 τροπὴν
3296 4355 3352 4406 οὐ
3382 4345 3599 4421 δεχόμεθα

2089 4446 2212 4501 οὔτε
2241 4449 2320 4510 εἰς
2351 4447 2419 4499 τά
2445 4447 2817 4522 ἀντικείμενα,
2847 4445 2989 4499 κατά
3020 4445 3080 4498 τὸ
3114 4445 3175 4498 ὃν
3219 4445 3311 4498 καὶ
3339 4443 3406 4515 μὴ
3432 4440 3499 4504 ὃν,
3518 4435 3599 4488 οὔτε

401 4540 641 4595 cundum
676 4539 730 4593 id
764 4537 911 4608 quod
941 4544 1026 4593 est
1056 4547 1111 4591 et
1147 4538 1292 4607 quod
1321 4536 1486 4609 444
1517 4552 1628 4591 non
1653 4545 1758 4601 est,
1801 4553 1982 4607 neque

2122 4543 2166 4603 ἰς
2192 4540 2258 4594 τὰ
2296 4540 2534 4602 ἐναντία,
2570 4539 2710 4593 κατά
2741 4539 2800 4591 τὸ
2829 4537 3030 4609 μᾶλλον
3076 4537 3173 4591 καὶ
3214 4531 3369 4608 ἦττον
3389 4553 3402 4566 ·
3443 4527 3528 4586 οἷον
3559 4529 3599 4577 ἐκ

401 4632 458 4686 in
500 4631 781 4687 contraria
815 4630 1120 4685 secundum
1160 4631 1336 4700 magis
1385 4637 1438 4683 et
1485 4629 1704 4698 minus;
1749 4631 1980 4698 exempli

401 4725 576 4795 gratia
618 4737 649 4779 e
689 4723 888 4794 gaudio
920 4738 1028 4778 non
1065 4731 1344 4778 vertemur
1377 4722 1432 4776 in
1467 4723 1769 4787 tristitiam,
1805 4738 1982 4793 neque

402 4813 759 4885 gaudebimus
798 4815 854 4868 in
887 4815 1078 4869 eodem
1129 4815 1294 4880 bono,
1352 4829 1497 4869 nunc
1529 4814 1748 4884 quidem
1783 4815 1979 4885 magis,

512 4973 555 5004 "
588 4969 781 5026 Matth.
814 4987 914 5037 vit,
937 4973 988 5027 8.
1089 4971 1130 5002 ’⁵
1165 4969 1354 5024 Matth.
1392 4987 1444 5032 v,
1483 4971 1572 5024 45.

479 5109 592 5183 (16)
607 5109 921 5183 *Δυνάμεις
970 5108 1368 5183 ἑνςεργοῦνται.
1411 5107 1876 5183 ln__responsion_e
1919 5107 1984 5183 ad

404 5178 549 5238 hanc
573 5178 963 5247 'Quaastionetn
1018 5178 1241 5233 factum
1271 5179 1612 5232 conceditur.
1641 5179 1708 5230 At
1740 5178 1984 5247 veritatis

407 5246 791 5324 argumentum
845 5266 974 5324 esse
1020 5250 1135 5304 haac
1188 5250 1453 5324 miracula
1503 5257 1753 5324 negatur.
1787 5246 1984 5324 ln_quo

406 5319 624 5394 quidem
672 5320 1071 5394 observandum
1117 5327 1200 5394 est
1251 5320 1788 5394 hunescriptorem,
1821 5319 1866 5373 si
1916 5319 1984 5374 de

409 5391 574 5449 sectis
601 5395 669 5449 ab
693 5391 936 5446 Ecclesia
966 5391 1232 5444 catholica
1259 5391 1462 5444 avulsis
1490 5391 1752 5458 loquitur,
1777 5405 1982 5459 easque

410 5464 610 5519 fatetur
637 5463 918 5518 miraculis
946 5477 1054 5516 non
1087 5477 1292 5516 carere.
1326 5461 1630 5529 Pelagiana:
1657 5474 1857 5523 causre,
1890 5459 1979 5513 cui

387 5535 659 5596 addictus
690 5545 825 5592 erat.
852 5534 1157 5593 consulere,
1185 5541 1239 5587 et
1263 5533 1544 5596 miracula,
1568 5547 1687 5598 quae
1717 5535 1767 5582 in
1793 5530 1981 5582 Eccle—

381 5603 392 5618 "
412 5606 509 5658 siis.
538 5605 651 5659 ﬁeri
682 5606 950 5665 solebant,
984 5605 1037 5657 in
1065 5605 1212 5672 ipsas
1240 5610 1418 5672 set-tas
1449 5602 1767 5672 transferre,
1800 5611 1855 5653 ut
1884 5599 1987 5672 Pe-

411 5673 654 5744 lagianos
696 5675 859 5729 ferire
900 5691 1006 5728 non
1038 5671 1268 5744 pussint.
1305 5671 1489 5744 ltaque
1522 5672 1668 5744 nulla
1705 5671 1982 5744 iitlesejus

413 5743 724 5797 testimonio
770 5745 1015 5802 debetur.
1038 5741 1090 5797 ἐἰ
1121 5745 1187 5796 de
1216 5743 1378 5796 sectis
1411 5742 1679 5794 haereticis
1723 5741 1978 5809 loquitur.

415 5811 484 5862 At
512 5827 635 5864 eum
666 5815 732 5866 de
762 5815 896 5880 ipsis
925 5814 1210 5867 catholicis
1243 5812 1503 5865 Ecclesiis
1549 5812 1694 5879 loqui
1736 5819 1883 5879 patet
1913 5829 1982 5866 ex

417 5879 622 5944 Quaest.
661 5879 976 5946 centesima,
1015 5885 1070 5937 in
1112 5898 1218 5954 qua
1259 5881 1535 5936 Ecclesias
1574 5881 1975 5949 haereticorum,

2089 4633 2186 4703 τῆς
2213 4634 2388 4704 χαρᾶς
2413 4632 2473 4684 οὐ
2502 4629 2815 4703 τρεπόμεθα
2857 4633 2937 4693 εἰς
2969 4630 3067 4701 τὴν
3112 4629 3312 4700 λύπην,
3339 4627 3447 4682 οὔτε
3471 4622 3598 4695 χαίρε-

2094 4741 2191 4793 μεν
2235 4725 2328 4777 ἐπὶ
2354 4723 2446 4777 τοῦ
2474 4725 2638 4778 αὐτοῖ
2659 4721 2888 4792 ἀγαθοῦ.
2919 4722 3048 4775 ποτὲ
3077 4723 3178 4793 μὲν
3213 4721 3420 4793 μᾶλλον,
3445 4713 3543 4769 ποτέ
3562 4709 3596 4759 δὲ

2088 4810 2271 4885 ἦττον,
2318 4817 2418 4869 κᾶν
2470 4818 2564 4870 ἐπὶ.
2599 4813 2840 4887 μείζονος
2884 4812 3090 4882 ἀγαθοῦ
3141 4814 3341 4885 μᾶλλον
3380 4811 3592 4882 χαίρομεν,

1681 4972 1725 5002 ⁸⁵
1766 4969 1957 5024 Matth.
1995 4986 2090 5036 vn,
2123 4969 2212 5023 22.

2098 5109 2152 5163 in
2181 5109 2380 5179 quibus
2410 5108 2672 5179 miracula
2701 5124 2808 5163 non
2839 5106 3184 5167 desinebant,
3216 5121 3308 5159 eas
3334 5118 3443 5179 esse
3467 5097 3590 5179 decla-

2092 5170 2255 5234 rat'a
2310 5179 2508 5249 quibus
2556 5178 2829 5248 Pelagiani
2884 5180 3291 5232 abscesserant.
3336 5173 3454 5227 Vide
3499 5170 3588 5222 hanc

2091 5250 2296 5316 Quaest.
2330 5251 2432 5304 100
2462 5258 2515 5304 et
2541 5258 2742 5303 notam.

2163 5322 2277 5390 (l7)
2330 5322 2752 5387 Ἀποφαίνεται.
2785 5317 3191 5388 Congruentius
3214 5314 3522 5384 ἀποφαίνοιτο
3536 5304 3586 5358 vel

2090 5392 2435 5459 ἀπεφαίνετο.
2469 5391 2626 5446 Sun.

2161 5448 2270 5530 (ιιι)
2312 5463 2516 5515 Εἶπον.
2563 5461 2689 5530 [ιρις.
2735 5458 2902 5511 εἰπών
2953 5467 3006 5512 et
3053 5472 3180 5512 mox
3209 5457 3313 5530 τῷν
3341 5448 3588 5530 ἀξίως-,θίξ-

2091 5516 2336 5586 nalOI'ent
2366 5533 2482 5585 fidei
2512 5516 2676 5586 Deum
2709 5531 2778 5583 ob
2807 5531 3196 5583 revelationem
3222 5516 3587 5581 doctrinaaintel-

2090 5603 2290 5672 ligehat
2322 5601 2590 5672 Pelagius,
2624 5602 2764 5670 Aug.
2799 5600 2871 5652 De
2894 5610 3030 5668 grat.
3067 5602 3204 5664 cltr.,
3233 5597 3374 5672 ηηιι
3405 5605 3450 5672 et
3475 5592 3540 5672 ἐξ,

2160 5674 2271 5743 (19)
2318 5663 2586 5726 Τούτου(
2617 5663 2796 5725 Monet
2846 5663 3170 5741 Sviburgius
3194 5663 3198 5664 ί
3225 5663 3585 5743 subaudiendum

2085 5729 2577 5866 ἓνξιλῇῲονταιλεί
2608 5743 2787 5799 simile
2812 5729 2963 5812 quid,
2993 5729 3201 5796 etvmox
3223 5737 3478 5811 legendum
3503 5729 3587 5785 τῡὶς

2122 5833 2148 5866 ν
2190 5830 2422 5866 οωπους.

2122 5830 2180 5868 νυ
2188 5830 2422 5886 ρωπους.
