3638 6468
351 382 488 439 1259

1118 374 1477 433 APPENDIX.
1513 404 1583 415 —
1621 348 1804 427 PARS
1843 374 1885 427 1.
1932 372 1987 426 S.
2023 364 2288 428 JUSTlNl
2322 372 2549 429 Ol’ERA
2592 371 2861 429 SPURIA.

3481 370 3586 427 lSiii)

348 502 525 556 simus
572 508 664 554 aut
697 496 1080 557 fornicatores.
1131 494 1476 549 Coronamur
1507 492 1671 563 igitur
1704 500 1798 544 aut
1831 506 1933 559 pu-
1963 543 1965 550 λ

2122 508 2128 533 ι
2169 490 2201 559 ἢ
2239 486 2582 558 κολαζόμεθα
2607 488 2693 540 διὰ
2719 488 2777 539 τὸ
2805 488 2888 555 ἐφ’
2910 486 3043 556 ⁴ἡμῖν
3065 502 3077 514 ·
3112 485 3180 553 ἐφ
3216 482 3253 537 ὃ.
3286 483 3398 554 γὰρ
3429 482 3584 554 ήπρο-

348 594 533 647 nimur
572 598 795 662 propter
829 589 880 644 id
915 587 1057 659 quod
1092 587 1146 641 in
1177 586 1335 641 nobis
1371 587 1532 640 situm
1566 593 1683 645 est;
1721 583 1785 636 ad
1810 596 1932 650 qua:

347 684 494 737 enim
540 698 642 737 nos
688 681 837 734 ducit
884 680 1113 731 liberum
1164 673 1449 727 arbitrium
1484 678 1755 729 nostrum.
1801 682 1927 737 pro—

350 782 472 843 pter
499 789 562 829 ea
584 785 916 827 coronamur
949 775 1042 821 aut
1074 767 1353 837 punimur.
1387 762 1520 816 Nam
1554 759 1749 829 agendi
1782 758 1931 813 dedit

354 868 517 922 nobis
553 866 700 919 Deus
737 862 1047 921 facultates,
1096 858 1190 913 sed
1235 872 1330 911 eas
1376 852 1635 910 submisit
1676 850 1932 921 potestati

354 960 511 1016 liberi
535 956 766 1019 arbitrii,
797 953 1145 1021 acjudicium
1180 947 1341 1020 445
1367 952 1585 1001 exercet
1609 944 1663 997 in
1701 943 1934 996 liberum

357 1052 668 1115 arbitrium,
700 1046 843 1117 quod
887 1046 1087 1099 liberas
1120 1042 1173 1095 in
1209 1040 1370 1095 nobis
1405 1037 1696 1092 facultates
1736 1035 1935 1104 guber-

357 1153 472 1209 nat,
510 1158 620 1197 non
652 1141 706 1195 in
737 1143 1010 1192 naturam.
1048 1131 1378 1201 Accepimus
1416 1135 1598 1182 autem
1633 1142 1662 1179 a
1697 1125 1811 1179 Deo
1858 1124 1931 1177 fa-

358 1235 535 1291 ciendi
572 1242 626 1290 et
653 1247 761 1288 non
794 1226 1027 1283 faciendi
1063 1225 1401 1287 facultatem,
1448 1218 1681 1275 faciendi
1721 1217 1937 1288 quidem

354 1331 525 1400 justa,
570 1341 680 1379 non
721 1319 956 1376 faciendi
1004 1326 1183 1372 autem
1229 1315 1457 1384 iujusta.
1495 1310 1727 1377 Quando
1776 1308 1943 1379 igitur

357 1424 437 1478 sic
470 1420 682 1490 agimus
719 1422 773 1468 et
813 1428 922 1466 non
960 1412 1195 1481 agimus,
1222 1407 1419 1463 merito
1444 1417 1814 1463 coronamur;
1846 1398 1941 1454 sed

359 1515 404 1567 si
437 1520 730 1579 utrumque
770 1505 825 1559 in
858 1503 1108 1572 opposita
1150 1498 1560 1562 transferimus,
1598 1493 1795 1548 merito
1842 1506 1943 1560 pu-

359 1607 565 1659 nimur.

429 1712 709 1782 QUEST.
737 1710 806 1765 Χ.
836 1709 892 1763 Si
925 1719 1210 1775 corporea,
1235 1716 1355 1771 qua:
1382 1715 1409 1753 a
1437 1697 1613 1769 poetis
1640 1694 1707 1749 de
1734 1691 1945 1748 Grreco-

360 1823 480 1861 rum
514 1806 620 1859 diis
651 1814 705 1859 et
739 1818 768 1856 a
812 1798 1092 1871 prophetis
1133 1795 1199 1849 de
1250 1793 1358 1847 Deo
1390 1792 1534 1845 dicta
1568 1796 1717 1852 sunt,
1747 1801 1946 1841 secun-

2037 581 2250 652 αἰρεσις
2278 580 2435 650 ἡμῶν
2461 580 2581 648 ἄγει
2608 581 2775 650 ἡμᾶς,
2808 578 2894 632 διὰ
2926 578 3099 631 ταῦτα
3132 578 3165 648 ἧ
3212 574 3587 645 στεφανούμεθα

2034 672 2066 751 ἢ
2106 669 2465 741 κολαζόμεθα.
2516 669 2625 722 Καὶ
2660 670 2769 737 γὰρ
2808 669 2944 740 πρὸς
2983 668 3044 720 τὸ
3087 667 3359 737 πράττειν
3399 664 3589 717 δέδωκεν

2035 765 2167 834 ἡμῖν
2189 765 2217 815 6
2243 762 2377 825 Θεὸς
2404 762 2682 830 δυνάμεις,
2710 758 2845 813 ἀλλὰ
2868 757 3069 821 ταύτας
3096 756 3343 822 ὑπέταξε
3384 758 3446 825 τῇ
3468 755 3587 819 ἐξόν.

2038 856 2129 926 σίᾳ
2153 856 2252 925 τῆς
2282 854 2677 925 προαιρέσεως,
2703 851 2794 904 καὶ
2826 849 2963 922 πρὸς
2988 850 3087 920 τὴν
3111 849 3437 920 προαιρεσιν
3460 847 3593 917 ἔχειό

2036 947 2168 1010 Θεὸς
2205 948 2304 1018 τὴν
2334 945 2508 1015 δίκην,
2546 942 2940 1015 κυϐερνητικὴν
2972 942 3079 994 τῶν
3112 943 3174 994 ὲν
3200 942 3336 1011 ἡμῖν
3368 956 3593 1010 προαιρε·

2037 1040 2203 1092 τικῶν
2235 1038 2539 1108 δυνάμεων,
2575 1036 2668 1089 καὶ
2708 1036 2767 1089 οὑ
2803 1035 2939 1107 πρὸς
2966 1034 3065 1105 τὴν
3098 1033 3287 1103 φύσιν.
3337 1032 3596 1102 Ἐλάὃομεν

2038 1133 2094 1186 δὲ
2125 1131 2279 1202 παρὰ
2308 1129 2399 1183 τοῦ
2432 1128 2565 1182 Θεοῦ
2590 1128 2682 1181 τοῦ
2712 1128 2971 1199 πράττειν
2994 1128 3091 1179 καὶ
3124 1124 3221 1179 τοῦ
3261 1122 3337 1194 μὴ
3370 1123 3597 1194 πράττειν

2040 1224 2136 1295 τὴν
2168 1223 2398 1291 δύναμιν
2424 1238 2437 1250 ⁸
2487 1220 2745 1291 πράττειν
2781 1220 2876 1288 μὲν
2909 1218 2977 1271 τὰ
3018 1216 3230 1279 δίκαια,
3277 1216 3337 1269 οὑ
3372 1216 3596 1285 πράττειν

2047 1316 2103 1368 δὲ
2138 1314 2203 1367 τὰ
2248 1313 2427 1367 ἄδικα.
2477 1313 2641 1365 Ὅταν
2682 1306 2775 1363 οὖν
2815 1308 2986 1371 οὕτως
3038 1308 3373 1379 πράττωμεν
3419 1306 3506 1357 καὶ
3541 1306 3598 1374 μὴ

2042 1406 2393 1478 πράττωμεν,
2428 1402 2650 1464 δικαίως
2683 1398 3097 1469 στεφανούμεθα
3124 1415 3137 1427 ’
3172 1396 3535 1468 μετατιθέντες
3555 1395 3598 1445 δὲ

2043 1498 2103 1552 τὸ
2138 1498 2398 1569 πράττειν
2431 1498 2525 1551 καὶ
2551 1497 2609 1551 τὸ
2640 1493 2712 1565 μὴ
2746 1494 3007 1565 πράττειν
3040 1492 3122 1553 εἰς
3147 1489 3209 1543 τὸ
3237 1487 3595 1556 ἀντικείμενον,

2044 1588 2266 1650 δικαίως
2301 1585 2654 1658 κολαζόμεθα.

2129 1700 2479 1754 ἘΡΩΤΗΣΙΣ
2512 1701 2568 1752 I'.
2594 1699 2656 1751 Εἰ
2703 1696 2770 1749 τὰ
2804 1694 3094 1765 σωματικὰ
3124 1690 3255 1763 περὶ
3283 1690 3388 1743 τῶν
3415 1690 3469 1742 ἑν
3500 1688 3597 1741 Ἔλ-

2044 1793 2171 1864 λησι
2215 1792 2352 1844 θεῶν
2396 1791 2549 1862 παρὰ
2595 1788 2704 1842 τῶν
2755 1786 3013 1857 ποιητῶν,
3042 1786 3138 1838 καὶ
3191 1785 3323 1855 περὶ
3362 1781 3452 1835 τοῦ
3492 1780 3595 1834 Θεοῦ

360 1900 491 1954 dum
541 1864 855 1967 allegoriam
902 1864 1067 1943 alium
1110 1886 1311 1940 habent
1364 1896 1618 1937 sensum:
1670 1876 1944 1948 quomodo

2122 1886 2197 1958 ρὰ
2228 1884 2335 1938 τῶν
2362 1882 2655 1955 προφητῶν
2689 1878 2971 1951 εἰρημένα,
2998 1879 3123 1930 κατ’
3151 1874 3479 1946 ἀλληγορεαν
3509 1874 3596 1925 ἐτέ-

344 2006 473 2045 non
508 1988 746 2043 fabulam
779 1992 1011 2052 utraque
1044 1994 1165 2035 esse
1198 1973 1547 2032 ostenditur?

377 2184 633 2243 "RESP.
675 2186 807 2253 Quae
844 2198 940 2254 per
981 2178 1297 2250 allegoriam
1346 2192 1375 2229 a
1422 2173 1704 2245 prophetis
1737 2172 1802 2226 de
1831 2170 1941 2226 Deo

362 2284 508 2337 dicta
558 2286 706 2342 sunt,
739 2291 804 2331 ea
838 2289 933 2344 per
963 2269 1381 2324 translationem
1427 2266 1573 2318 dicta
1607 2273 1735 2319 sunt
1769 2263 1837 2316 ab
1876 2261 1944 2314 iis

358 2379 708 2444 quaenatura
742 2382 801 2422 se
837 2365 1059 2422 habent,
1090 2360 1159 2413 ad
1207 2358 1260 2413 id
1304 2355 1451 2427 quod
1485 2370 1593 2409 non
1626 2362 1823 2407 natura
1864 2353 1945 2405 sic

364 2480 423 2520 se
449 2464 631 2525 habet,
663 2458 813 2514 velut
841 2454 973 2509 illud
1002 2472 1015 2507 :
1046 2450 1315 2506 Odoratus
1338 2457 1415 2502 est
1451 2445 1705 2501 Dominus
1734 2445 1787 2497 in
1813 2444 1940 2496 odo-

366 2572 475 2610 rem
522 2551 803 2608 suavitatis
840 2550 902 2602 ν’.
953 2547 1026 2600 De
1059 2541 1375 2598 hominibus
1414 2539 1656 2609 quidem,
1691 2535 1946 2589 odoratus

364 2654 464 2712 est,
500 2641 799 2699 secundum
832 2644 1120 2700 naturam;
1149 2632 1215 2687 de
1241 2631 1352 2685 Deo
1379 2637 1561 2683 autem
1596 2641 1691 2696 per
1716 2625 1949 2679 abusum

367 2753 431 2792 ac
480 2751 589 2789 non
637 2730 943 2788 secundum
989 2733 1244 2780 naturam
1293 2719 1514 2775 dicitur.
1576 2717 1707 2783 Quae
1757 2729 1885 2769 vero
1916 2727 1947 2765 a

368 2828 543 2902 poetis
579 2824 826 2880 fabulose
857 2820 926 2875 de
969 2816 1075 2871 diis
1107 2814 1391 2877 dit-untur,
1421 2825 1531 2865 non
1565 2808 1826 2863 dicuntur
1856 2818 1953 2874 per

368 2892 779 2978 translationem
821 2912 888 2967 ab
933 2910 1001 2965 iis
1031 2921 1152 2978 quze
1183 2912 1382 2959 natura
1424 2902 1506 2956 sic
1539 2900 1765 2960 habent,
1796 2895 1862 2949 ad
1898 2892 1952 2946 id

367 3013 515 3086 quod
550 3026 659 3065 non
692 3008 771 3063 sic
806 3014 1001 3059 natura
1047 3015 1105 3053 se
1140 2998 1326 3051 habet.
1369 2993 1488 3047 Non
1518 2991 1662 3045 enim
1696 2987 1955 3041 absorbet

372 3108 535 3159 homo
569 3099 845 3155 hominem
881 3090 1183 3152 secundum
1232 3094 1507 3144 naturam,
1542 3088 1601 3135 ut
1634 3096 1728 3151 per
1773 3087 1956 3133 trans-

372 3198 631 3250 lationem
666 3187 1032 3256 intelligamus
1070 3180 1237 3235 etiam
1280 3193 1308 3230 a
1351 3176 1588 3229 Saturno
1636 3172 1952 3241 absorptum
1985 3216 2029 3274 C

373 3289 545 3343 fuisse
567 3282 777 3337 Jovem.
807 3277 933 3331 Hac
960 3282 1140 3329 autem
1166 3270 1317 3325 Iovis
1343 3266 1587 3336 absorpti
1617 3264 1797 3319 fabula
1825 3261 1962 3316 nihil

373 3377 520 3433 aliud
559 3373 721 3429 habet
751 3376 951 3441 praeter
980 3363 1349 3420 mendacium.

443 3485 724 3559 QUASST.
764 3482 855 3537 XI.
903 3482 958 3535 Si
998 3480 1049 3534 id
1089 3476 1232 3547 quod
1278 3474 1523 3528 continet
1556 3469 1735 3538 majus
1759 3474 1846 3521 est
1870 3480 1958 3521 se-

373 3586 615 3640 cundum
671 3575 1035 3635 substantiam
1088 3585 1152 3624 eo
1199 3566 1345 3638 quod
1392 3563 1738 3625 continetur,
1775 3561 1959 3614 minus

373 3693 505 3734 vero
538 3674 828 3746 dignitate,
862 3668 1009 3725 velut
1040 3664 1241 3721 etelum
1273 3668 1326 3716 et
1359 3667 1506 3715 terra
1535 3654 1745 3727 angelis
1775 3662 1828 3709 et
1861 3654 1961 3708 ho-

374 3745 639 3827 minibus,
673 3760 869 3816 domus
918 3752 1309 3815 incolentibus,
1352 3762 1552 3816 corpus
1586 3745 1799 3810 anima;
1827 3757 1960 3797 eon-

374 3859 518 3913 tinet
550 3862 732 3909 autem
781 3850 927 3905 Deus
961 3844 1147 3902 omnia
1188 3838 1507 3913 :unomodo
1553 3836 1818 3906 dignitate
1850 3850 1962 3889 non

378 3950 559 4004 minor
581 3955 667 4000 est
697 3938 990 3999 universo?

451 4056 650 4112 RESP.
692 4053 855 4107 Ratio
888 4052 1005 4104 hasc
1058 4061 1168 4101 non
1207 4051 1293 4100 est
1340 4041 1632 4113 generalis,
1660 4053 1830 4110 quare
1859 4050 1961 4091 nec

378 4160 531 4209 recte
561 4166 621 4206 se
649 4147 816 4203 habet
850 4138 1225 4209 interrogatio.
1270 4134 1514 4200 Quorum
1549 4132 1694 4186 enim
1737 4136 1961 4184 contra-

377 4249 520 4303 rium
554 4259 649 4314 per
678 4242 869 4297 eadem
904 4232 1137 4292 inveniri
1172 4234 1373 4301 potest,
1408 4241 1470 4281 ea
1503 4232 1562 4277 ut
1594 4223 1962 4279 necessariam

318 4368 342 4375 τ-
374 4312 825 4393 consecutionem
858 4342 967 4382 non
1002 4322 1242 4382 habent,
1278 4320 1351 4371 ita
1388 4330 1492 4371 nec
1528 4315 1686 4369 [idem
1733 4312 1960 4367 faciunt.

379 4429 521 4484 Sunt
544 4426 687 4482 enim
723 4420 985 4478 nonnulla
1018 4430 1139 4484 quae
1168 4412 1543 4479 continentur,
1570 4415 1625 4461 et
1656 4403 1964 4461 substantia

377 4537 444 4575 ac
474 4519 738 4589 dignitate
765 4514 834 4568 iis
862 4526 983 4581 qua:
1018 4508 1109 4562 illa
1144 4503 1448 4564 continent,
1484 4506 1611 4554 sunt
1641 4498 1876 4559 minora,
1905 4502 1965 4547 ut

379 4628 549 4682 grana
582 4609 781 4680 pomis.
830 4604 1101 4658 Praeterea
1146 4611 1267 4667 qua:
1299 4592 1560 4648 dicuntur
1600 4586 1963 4651 continentia,

381 4680 692 4757 substantia
712 4695 996 4749 continent
1018 4705 1080 4744 ea
1105 4701 1227 4757 quae
1250 4684 1635 4738 continentur:
1664 4680 1817 4735 solus
1838 4691 1968 4731 vero

380 4792 529 4846 Deus
550 4790 841 4842 .voluntate
864 4781 1110 4837 continet
1135 4778 1472 4831 universum.
1508 4772 1585 4825 Ac
1609 4780 1807 4826 caetera
1839 4768 1963 4838 qui—

383 4884 508 4938 dem
541 4877 877 4934 continentia
915 4873 1160 4941 indigent
1191 4880 1245 4926 et
1278 4871 1394 4941 ipsa
1427 4866 1535 4919 alio
1560 4866 1706 4933 quod
1738 4879 1802 4917 ea
1833 4876 1965 4915 con-

384 4977 590 5035 tineat;
627 4970 767 5024 Deus
798 4982 927 5023 vero
959 4981 1067 5020 non
1112 4964 1319 5034 indiget
1352 4962 1457 5015 alio
1481 4974 1510 5010 a
1536 4972 1645 5026 quo
1683 4955 1965 5009 continea-

385 5086 498 5126 tur.
543 5068 720 5138 Atque
761 5066 885 5120 aliis
921 5063 1165 5134 quidem,
1200 5077 1324 5132 qua:
1358 5059 1732 5116 continentur,
1760 5066 1881 5106 esse
1915 5057 1969 5103 et

384 5176 737 5236 perseverare
768 5158 992 5212 minime
1036 5156 1218 5210 evenit
1257 5154 1327 5207 ab
1371 5153 1438 5206 iis
1468 5165 1498 5202 a
1542 5147 1744 5218 quibus
1790 5141 1968 5196 couti-

388 5265 619 5320 neutur;
665 5253 921 5306 universo
972 5257 1265 5316 utrumque
1303 5259 1333 5298 a
1383 5242 1495 5296 Deo
1544 5243 1855 5309 przestatur.
1903 5231 1969 5285 Et

362 5416 363 5419 η
387 5365 509 5420 quae
539 5347 796 5402 dicuntur
820 5339 1177 5405 continentia,
1203 5345 1423 5407 propter
1447 5348 1509 5388 ea
1534 5346 1653 5402 qua:
1680 5328 1968 5383 continen-

469 5529 509 5559 "
534 5526 670 5580 Gen.
705 5540 828 5587 vm,
861 5522 951 5578 2t.

464 5728 577 5852 ω,ιῖ
639 5718 939 5795 Ἆγτέλων.
970 5723 1133 5777 Deest
1159 5720 1251 5773 καὶ
1294 5713 1627 5788 ἀνθρώπων,
1665 5718 1723 5765 ut
1747 5709 1965 5779 Langus

477 5790 548 5852 ὃν
575 5799 799 5852 bumius
831 5792 1354 5848 animadverterunt.

396 5806 450 5856 οι
477 5790 799 5869 Sylbutgiiis
831 5792 1354 5848 animadverterunt.

2050 1996 2145 2050 ραν
2196 1976 2310 2047 ἔχει
2354 1975 2451 2045 τὴν
2487 1973 2690 2044 νόησιν,
2738 1970 2854 2034 πῶς
2890 1971 2949 2023 οὑ
2991 1968 3165 2040 μῦθος
3204 1968 3484 2037 ἀμφότερα
3516 1965 3597 2017 ad-

2045 2085 2236 2123 κνυται
2258 2084 2272 2132 ;

2130 2179 2535 2235 'AHOKPIEIZ.
2579 2176 2659 2230 Τὰ
2701 2172 3077 2246 ἀλληγορικῶς
3107 2171 3262 2243 παρὰ
3300 2170 3405 2222 τῶν
3430 2186 3599 2240 προρη-

2045 2275 2153 2329 τῶν
2187 2275 2315 2346 περὶ
2344 2272 2437 2325 τοῦ
2478 2270 2613 2323 Θεοῦ
2665 2268 2923 2338 λεχθέντα
2962 2266 3081 2318 κατ’
3111 2263 3395 2334 ἀναφορὰν
3441 2260 3599 2330 ἐλέχθη

2045 2371 2110 2422 ὲκ
2136 2368 2243 2421 τῶν
2270 2365 2428 2436 φύσει
2454 2366 2533 2427 εἰς
2552 2347 2612 2415 τὸ
2633 2362 2693 2414 οὑ
2724 2359 2902 2430 quiau-
2938 2353 3048 2411 οἷον
3073 2358 3152 2420 ὡς
3174 2357 3259 2409 τό’
3303 2352 3599 2422 Ὠσςςράιθη

2047 2462 2263 2528 Κύριος
2312 2456 2512 2528 ὀσμὴν
2553 2453 2820 2518 εὐωδίας.
2872 2451 2995 2503 Ἐπὶ
3038 2449 3139 2523 μὲν
3184 2448 3296 2500 τῶν
3341 2442 3603 2514 ἀνθρώπων

2046 2550 2369 2621 ὼσεεράνθη
2421 2546 2561 2602 κατὰ
2614 2546 2807 2616 φύσιν,
2838 2543 2930 2595 ἐπὶ
2962 2542 3019 2594 δὲ
3054 2539 3151 2593 τοῦ
3184 2537 3324 2593 Θεοῦ
3369 2552 3605 2603 καταχρη-

2052 2642 2271 2707 στικῶς,
2307 2641 2401 2694 καὶ
2433 2641 2491 2692 οὑ
2533 2638 2711 2708 φύσει.
2759 2635 2841 2689 Τὰ
2865 2635 2921 2688 δὲ
2948 2632 3098 2703 παρὰ
3126 2630 3238 2684 τῶν
3275 2628 3503 2700 ποιητῶν
3530 2644 3604 2695 μυ-

2053 2733 2219 2796 θικῶς
2258 2732 2386 2803 περὶ
2413 2730 2519 2783 τῶν
2555 2729 2691 2782 θεῶν
2721 2727 2989 2797 λεγόμενα
3019 2725 3080 2777 οὑ
3114 2723 3333 2791 λέγεται
3369 2721 3483 2774 κατ⁴
3504 2720 3603 2771 ἀνα-

2054 2826 2226 2898 φορὰν
2266 2827 2329 2878 ἐκ
2360 2824 2468 2877 τῶν
2503 2823 2660 2893 φύσει
2691 2821 2771 2885 εἱς
2803 2820 2863 2873 τὸ
2891 2819 2965 2889 μὴ
2999 2817 3183 2886 φύσει.
3228 2817 3303 2869 Οὐ
3337 2813 3442 2884 γὰρ
3472 2827 3605 2863 κατα-

2055 2920 2198 2973 πίνει
2225 2917 2509 2989 ἄνθρωπος
2552 2915 2834 2985 ἄνθρωπον
2868 2910 3009 2965 κατὰ
3038 2910 3225 2978 φύσιν,
3256 2908 3346 2961 ἴνα
3373 2906 3485 2958 κατ’
3506 2904 3604 2955 ἁνα-

2055 3012 2226 3083 φορὰν
2278 3012 2557 3081 νοήσωμεν
2617 3007 2710 3059 καὶ
2765 3005 2856 3058 τὸν
2906 3004 3114 3074 Κρόνον
3162 2998 3493 3054 καταπιόντα
3537 2992 3603 3045 τὸν

2056 3103 2174 3157 Δία.
2216 3103 2370 3155 Ἔστι
2395 3100 2450 3152 δὲ
2471 3101 2499 3152 6
2526 3097 2653 3169 περὶ
2679 3095 2774 3149 τοῦ
2803 3093 3180 3163 καταποθῆναι
3206 3091 3299 3143 τὸν
3324 3090 3422 3142 Δία
3448 3084 3600 3158 μῦθος,

2065 3192 2203 3264 πλὴν
2230 3190 2324 3244 τοῦ
2352 3189 2599 3260 ψεύδους,
2626 3188 2725 3241 οὑκ
2757 3186 2893 3255 ἔχων
2919 3183 3047 3237 ἄλλο
3077 3200 3150 3234 τι.

2143 3470 2491 3528 ἘΡΩἸἩΣῙΣ
2525 3470 2623 3522 IA'.
2665 3469 2729 3521 El
2780 3467 2844 3519 τὸ
2886 3463 3139 3536 περιέχον
3172 3460 3357 3533 μεῖζον
3397 3461 3485 3532 μὲν
3520 3461 3606 3513 ἔστι

2058 3568 2152 3622 τοῦ
2195 3563 2585 3637 περιεχομένου
2629 3560 2748 3614 κατ’
2766 3557 2987 3621 οὐσίαν,
3020 3552 3185 3627 ἦττον
3228 3554 3286 3607 δὲ
3328 3553 3604 3617 κατ’ἀξίαν

2058 3656 2168 3714 οἷον
2200 3658 2426 3728 οὐρανὸς
2467 3656 2559 3708 καὶ
2588 3654 2659 3723 γῆ
2694 3651 2938 3721 ἀγγέλων
2971 3648 3084 3718 (24)
3106 3686 3121 3711 ,
3152 3642 3305 3709 οἶκος
3333 3644 3604 3699 οἰκούντων.

2063 3752 2221 3822 σῶμά
2255 3767 2306 3802 τι
2342 3748 2451 3819 (25)
2475 3745 2672 3816 ψυχῆς
2707 3742 2949 3813 περιέχει
2980 3740 3037 3793 δὲ
3060 3739 3122 3791 τὸ
3152 3740 3262 3791 πᾶν
3293 3738 3322 3789 6
3345 3736 3483 3798 Θεός·
3517 3730 3604 3791 πῶς

2062 3845 2159 3896 οὑκ
2191 3842 2335 3895 ἔστιν
2364 3840 2541 3910 ἥττων
2576 3835 2668 3889 τοῦ
2693 3834 2893 3896 παντὸς
2922 3832 3001 3901 τῷ
3030 3831 3177 3901 λόγῳ
3200 3830 3301 3899 τῆς
3325 3827 3550 3891 ἀναξίαςς

2148 4034 2552 4093 ἈΠΟΚΡΙΣΙΣ.
2600 4033 2657 4086 ’0
2696 4030 2853 4098 λόγος
2894 4022 3049 4089 οὗτος
3099 4026 3202 4079 οὑκ
3245 4025 3357 4078 ἐστι
3396 4020 3598 4077 καθόλου

2063 4128 2147 4183 διὸ
2166 4127 2288 4180 οὑτε
2314 4125 2479 4194 ὑγιῶς
2508 4120 2786 4193 ἠρωτήθη.
2815 4111 2914 4170 Ὧν
2939 4116 3048 4187 γὰρ
3074 4115 3136 4168 τὸ
3155 4114 3390 4168 ἐναντίον
3418 4110 3495 4163 διὰ
3519 4107 3601 4160 τῶν

2065 4219 2241 4273 αὑτῶν
2275 4216 2541 4286 ἐνδέχεται
2577 4210 2895 4281 εὑρεθῆναι,
2923 4206 3095 4260 ταῦτα
3128 4205 3205 4270 ὡς
3245 4207 3320 4276 μὴ
3357 4203 3523 4273 ἔχοντα
3556 4195 3601 4248 τὸ

2065 4312 2381 4379 ἀναγκαῖον,
2405 4306 2523 4360 οὑδὲ
2555 4304 2615 4357 τὸ
2642 4301 2832 4356 πιστὸν
2859 4300 2991 4369 ἔχει.
3025 4299 3185 4351 Ἔστι
3218 4297 3328 4368 γάρ
3350 4311 3457 4346 τινα
3486 4307 3600 4359 περι·

2066 4404 2299 4474 εχόμενα
2321 4400 2524 4469 ἥσσονα
2553 4396 2682 4449 ὄντα
2712 4392 2818 4447 τῶν
2854 4391 3239 4463 περιεχόντων,
3264 4387 3353 4441 καὶ
3376 4388 3433 4455 τῇ
3458 4379 3595 4447 οὐσίᾳ,

2194 4495 2259 4562 τῇ
2283 4490 2429 4561 ἀξίᾳ,
2457 4488 2531 4550 ὡς
2564 4487 2632 4539 τὰ
2664 4484 2897 4555 γίγαρτα
2926 4482 3034 4534 τῶν
3058 4480 3313 4551 ὀπωρῶν.
3347 4478 3452 4529 Ἔτι
3477 4473 3522 4524 δὲ
3549 4469 3598 4519 τὰ

2000 4604 2042 4659 ι)
2070 4584 2326 4655 λεχθέντα
2358 4577 2681 4653 περιεκτικὰ
2712 4576 2789 4646 τῷ
2816 4571 2954 4628 εἶναι
2986 4572 3235 4646 περιέχει
3264 4570 3332 4622 τὰ
3365 4564 3596 4638 περιέχον-

2072 4650 2315 4743 τρί’(εδγ
2357 4650 2513 4741 μόνος
2561 4670 2619 4722 δὲ
2650 4672 2677 4722 6
2715 4667 2846 4729 Θεὸς
2890 4664 3135 4735 περιέχει
3180 4665 3249 4733 τῇ
3295 4659 3515 4732 βουλήσει
3554 4650 3597 4701 τὸ

2072 4769 2199 4821 πᾶν.
2236 4764 2344 4818 Καὶ
2368 4762 2437 4815 τὰ
2467 4762 2561 4832 μὲν
2597 4759 2730 4814 ἄλλα
2758 4756 3080 4828 περιέχοντα
3108 4752 3367 4826 χρῄζουσι
3394 4748 3472 4803 καὶ
3491 4742 3595 4797 αὐτὰ

2068 4858 2162 4911 τοῦ
2197 4854 2555 4928 περιέχοντος·
2592 4854 2621 4905 6
2650 4852 2707 4906 δὲ
2740 4850 2872 4911 Θεὸς
2909 4849 2971 4900 οὑ
3022 4848 3215 4919 χρῄζει
3251 4845 3339 4898 τοῦ
3372 4840 3594 4911 περιέχον·

2071 4968 2161 5013 τος
2186 4924 2364 5001 αὐτόν,
2393 4946 2502 4998 Καὶ
2526 4947 2636 5006 τοῖς
2666 4943 2764 5013 μὲν
2790 4939 2968 5004 ἄλλοις
3000 4937 3401 5010 περιεχομένοις
3420 4934 3469 4985 τὸ
3491 4924 3591 4980 εἶναι

2076 5044 2168 5095 καὶ
2194 5041 2254 5095 τὸ
2284 5038 2557 5111 διαμένειν
2584 5036 2685 5088 οὑκ
2712 5033 2856 5086 ἔστιν
2876 5033 2941 5084 ὲκ
2972 5030 3082 5083 τῶν
3107 5028 3447 5102 περιεχόντων
3470 5018 3589 5074 αὐτὼ

2073 5134 2153 5204 τῷ
2184 5134 2240 5187 δὲ
2272 5109 2432 5184 παντὶ
2465 5129 2748 5198 ἀμφότερα
2780 5125 3014 5197 ὑπάρχει
3038 5125 3103 5176 ὲκ
3135 5122 3231 5175 τοῦ
3263 5120 3401 5174 Θεοῦ.
3432 5114 3521 5169 Καὶ
3545 5109 3590 5161 τὰ

2078 5203 2173 5298 μεν
2204 5223 2462 5295 λεχθέντα
2503 5218 2828 5292 περιεκτικὰ
2857 5218 2944 5271 διὰ
2974 5216 3042 5270 τὰ
3076 5215 3420 5289 περιεχόμενα
3459 5203 3593 5272 ὑπάρ-

2075 5296 2276 5391 χουσιν·
2313 5316 2342 5367 6
2367 5315 2423 5369 δὲ
2453 5314 2585 5377 Θεὸς
2618 5314 2677 5367 οὑ
2709 5311 2798 5365 διὰ
2827 5310 2887 5363 τὸ
2918 5312 3026 5364 πᾶν
3052 5309 3305 5381 ὑπάρχει.
3337 5303 3417 5358 Διὸ
3440 5296 3592 5371 μείζων

2148 5701 2262 5773 (‘25)
2302 5698 2475 5773 Σῷμά
2503 5713 2577 5773 τι..
2611 5695 2740 5764 Leg.
2773 5691 2929 5773 σῶμά
2964 5708 3045 5773 τε..

2307 5753 2780 5835 Τι’ίπεριέχονῖα.
2815 5753 2949 5832 Heg.
2976 5762 3044 5814 τὰ
3078 5753 3437 5830 περιεχόμενα.
