3630 6510
19 340 31 394 l
45 337 154 394 269

773 334 1240 404 ουιεετιοΝεε
1274 335 1361 390 ET
1402 333 1928 391 B'ESPONSIONES
1965 333 2056 388 AD
2091 333 2206 390 om

1149 335 1240 392 ES
1274 335 1361 390 ET
1402 333 1928 391 B'ESPONSIONES
1965 333 2056 388 AD
2091 331 2582 390 OliTHODOXOS.

3186 339 3326 393 1270

19 471 184 510 rente
224 455 266 523 ἠ
296 453 518 524 ἀγάπη
537 452 653 508 τῶν
681 453 946 531 πολλῶζ.
975 455 1086 508 Καὶ
1109 454 1269 508 πάλιν
1290 470 1304 483 ⁸
1334 454 1432 505 Ἐν

1893 466 2054 506 rsum
2083 469 2095 504 :
2134 448 2200 502 In
2231 450 2531 504 novissimis
2560 447 2878 520 temporibus
2918 448 3192 509 discedent,
3213 459 3326 522 qui-

19 566 136 613 οοις
171 546 428 614 καιροῖς
472 546 836 616 ἀφίστανται
868 564 1027 612 τινες
1057 546 1168 616 τῆς
1200 547 1493 612 πίστεως,
1537 546 1634 598 καὶ

19 639 416 706 προσέχουσι
444 639 746 708 πνεύμασι
778 637 1034 704 πλάνοις
1081 639 1178 692 καὶ
1216 639 1637 705 διδασκαλίαις

19 727 384 798 ἀνθρώπων.
419 731 533 784 Καὶ
559 730 717 784 πάλιν
738 747 751 761 ·
785 729 916 784 Ἀπὸ
927 729 1045 798 μὲν
1064 728 1171 798 τῆς
1193 730 1478 798 ἀληθείας
1491 730 1637 784 ἁπο-

19 821 404 890 στρέφονται
427 839 445 854 ν
491 821 644 891 πρὸς
680 821 748 874 δὲ
779 822 919 888 τοὺς
945 823 1176 891 μύθους
1221 821 1635 890 ἐκτραπήσον-

19 930 131 966 ται.
173 913 296 966 Καὶ
348 915 523 969 πάλιν
547 932 561 945 ·
612 915 1085 970 Είσελεύσονται
1130 917 1217 981 εἰς
1260 913 1417 984 ὑμᾶς
1461 915 1636 968 λύκοι

19 1005 251 1074 βαρεῖς,
276 1005 376 1076 μὴ
414 1007 751 1076 φειδόμενοι
774 1008 879 1062 τοῦ
909 1010 1208 1076 ποιμνίου,
1228 1009 1332 1062 τοῦ
1347 1007 1637 1074 ἀποσπᾷν

19 1097 161 1165 τοὺς
185 1101 488 1167 μαθητὰς
514 1101 706 1154 ὀπίσω
739 1099 956 1154 αὐτῶν.
995 1101 1115 1154 ’Ὀτι
1144 1101 1200 1154 δὲ
1231 1101 1335 1165 ἓως
1376 1100 1476 1168 τῆς
1509 1119 1634 1154 συν-

19 1193 235 1255 τελείας
267 1193 374 1246 τοῦ
409 1194 608 1257 αἰῶνος
631 1195 733 1248 ούκ
764 1193 1004 1247 ἐκλείπει
1028 1195 1056 1246 6
1081 1196 1246 1258 σῖτος,
1280 1193 1429 1265 δηλοῖ
1465 1195 1493 1246 6
1524 1193 1636 1246 Κύ-

23 1301 134 1358 ριος
161 1284 353 1353 λέγων
380 1303 395 1316 ·
434 1286 538 1359 Διὰ
564 1284 632 1339 δὲ
655 1285 800 1354 τοὺς
829 1286 1154 1352 ἐκλεκτοὺς
1183 1286 1292 1352 οὓς
1315 1284 1632 1350 ἐξελέξατο

21 1379 55 1432 ὀ
77 1375 288 1445 Πατὴρ
317 1377 856 1445 κολοϐωθήσονται
888 1383 944 1433 αἱ
973 1378 1184 1449 ἡμέραι
1213 1378 1454 1432 ἐκεῖναι.
1496 1379 1633 1432 Ἀλλ’

22 1472 70 1522 el
104 1470 204 1540 μὲν
243 1469 462 1542 συνέϐη
488 1489 540 1523 τι
572 1470 651 1542 τῷ
682 1471 814 1542 σίτῳ
841 1471 902 1524 τὸ
933 1470 1008 1542 μὴ
1043 1471 1329 1546 εἰρημένον
1368 1472 1495 1542 περὶ
1536 1471 1636 1524 αύ-

21 1562 112 1615 τοῦ
145 1562 472 1634 αὐξομένου
508 1580 566 1616 τε
590 1565 683 1618 κα.)⁸
715 1563 1078 1629 ἐκλείποντος,
1108 1563 1267 1635 δῆλον
1308 1564 1390 1617 ὅτι
1419 1563 1630 1635 διέψευ-

25 1671 145 1708 σται
173 1655 203 1707 6
235 1656 379 1725 περὶ
427 1655 592 1709 αὑτοῦ
621 1654 809 1726 λόγος’
845 1657 895 1709 εί
917 1655 973 1709 δὲ
995 1656 1054 1722 ἐξ
1106 1655 1283 1731 ἀρχῆς
1311 1655 1404 1709 τοῦ
1429 1657 1632 1729 κηρύγ-

31 1762 198 1814 ματος
265 1746 381 1810 Eo);
413 1747 516 1818 τῆς
542 1747 848 1810 συντελείας
863 1746 954 1801 τοῦ
973 1747 1167 1810 αἰῶνος
1191 1747 1368 1800 πάντα
1392 1747 1461 1801 τὰ
1497 1765 1634 1819 συμ-

1741 542 1865 595 dum
1898 562 1929 598 a
1958 543 2083 614 ﬁde,
2128 553 2176 597 et
2205 542 2474 598 attendent
2519 542 2791 612 spiritibus
2822 543 3016 596 erroris
3042 555 3090 598 et
3126 543 3326 600 doctri-

1742 634 1822 689 nis
1877 634 2168 689 hominum,
2207 636 2274 690 ’³.
2339 634 2404 688 Ει
2459 635 2658 690 iterum
2699 653 2712 687 :
2754 635 2798 688 Α
2851 635 3069 689 reritate
3113 635 3324 706 quidem

1739 737 2070 790 avertentur;
2103 726 2171 780 ad
2199 725 2415 795 fabulas
2436 735 2614 779 autem
2645 735 3014 780 convertentur
3033 725 3100 780 “.
3137 725 3267 780 Item
3306 745 3320 781 :

1741 818 2031 873 Intrabunt
2060 796 2232 874 in.vos
2268 819 2378 889 lupi
2410 836 2627 890 rapaces
2653 860 2667 885 ,
2699 837 2802 874 non
2837 828 3109 889 parcentes
3148 819 3292 892 gregi
3303 858 3320 882 ,

1739 922 1796 966 ut
1831 912 2097 967 abducant
2131 911 2421 982 discipulos
2448 922 2566 980 post
2607 931 2662 968 se
2695 915 2765 969 ".
2797 911 3064 968 Futurum
3102 921 3282 967 autem
3303 952 3319 975 ,

1740 1015 1798 1060 ut
1834 1023 2008 1077 usque
2048 1008 2113 1062 ad
2152 1008 2683 1063 consummationem
2718 1007 2904 1062 saeculi
2939 1007 3181 1061 triticum
3213 1021 3324 1060 non

1738 1095 1992 1167 deﬁciat,
2017 1099 2281 1154 Dominus
2315 1099 2559 1154 declarat
2599 1097 2789 1156 dicens
2821 1119 2834 1155 :
2869 1099 3094 1170 Propter
3132 1097 3323 1152 electos

1737 1198 1937 1255 autem,
1971 1206 2099 1260 quos
2122 1190 2275 1261 elegit
2303 1189 2486 1262 Pater,
2520 1189 2969 1246 abbreviabuntur
2997 1189 3108 1244 dies
3139 1187 3223 1242 illi
3252 1187 3320 1242 ”.

1737 1281 1893 1348 Qltnd
1925 1282 1972 1338 si
1997 1282 2128 1353 quid
2158 1283 2339 1337 evenit
2372 1285 2577 1348 tritico,
2611 1283 2759 1354 quod
2780 1283 2848 1339 de
2867 1300 2936 1339 eo
2957 1295 3242 1343 crescente
3269 1295 3324 1344 et

1737 1371 2026 1428 deﬁciente
2072 1374 2280 1430 dictum
2325 1390 2433 1428 non
2479 1375 2588 1440 sit,
2623 1375 2796 1446 liquet
2846 1375 3045 1432 falsum
3094 1394 3217 1433 esse
3270 1379 3323 1432 id

1735 1465 1882 1537 quod
1911 1465 1980 1520 de
2011 1467 2105 1521 illo
2131 1467 2337 1521 dictum
2369 1476 2476 1523 est.
2511 1465 2609 1520 Sin
2651 1475 2832 1522 autem
2865 1482 2987 1538 qua:
3019 1468 3093 1522 illi
3122 1469 3189 1522 ab
3220 1469 3324 1523 ini-

1737 1558 1815 1611 tio
1842 1555 2249 1626 praedicationis
2277 1573 2453 1628 usque
2484 1555 2552 1622 ad
2579 1557 3111 1614 consummationem
3139 1561 3323 1614 sazculi

1734 1655 1999 1703 eventura
2054 1655 2243 1712 erant,
2288 1663 2352 1704 ea
2393 1664 2490 1718 per
2537 1649 2922 1719 praedictiones
2964 1649 3105 1705 edita
3160 1660 3322 1718 sunt,

1737 1737 2089 1795 manifestum
2137 1748 2222 1796 est
2271 1740 2496 1796 minime
2538 1741 2737 1796 falsum
2767 1757 2891 1797 esse
2938 1743 3084 1812 quod
3124 1744 3192 1799 de
3229 1745 3324 1800 illo

27 1839 308 1910 δησάμενοι
340 1839 502 1911 αὐτῷ
530 1839 620 1894 διά
637 1840 744 1894 τῶν
774 1841 1131 1913 προρρήσεων
1152 1839 1460 1909 δέδοται,φο

1891 1849 1942 1886 m
1971 1840 2079 1890 est.
2116 1832 2291 1888 Porro
2337 1834 2385 1890 si
2416 1842 2547 1889 sunt
2582 1834 2794 1890 zizania
2821 1876 2836 1898 ,
2879 1851 3108 1892 necesse
3143 1845 3227 1894 est
3268 1848 3322 1894 ct

29 1931 292 2004 ὑπάρχει,
331 1933 422 1986 ὅτι
453 1932 1029 2004 ούδαμῶςδιέψευσται
1057 1935 1086 1986 6
1120 1934 1248 2004 περὶ
1269 1933 1434 1988 αὐτοῦ
1450 1934 1624 2004 λόγος.

43 2023 177 2075 Ἀλλ’
213 2025 264 2076 εἰ
297 2024 408 2094 μὲν
441 2023 556 2077 ἔστι
588 2025 656 2078 τά
694 2023 928 2089 ζιζάνια,
962 2024 1176 2097 ἀνάγκη
1224 2021 1362 2079 εἶναι
1407 2026 1500 2079 καὶ
1540 2026 1630 2080 τὸν

35 2119 208 2169 σῖτον·
244 2119 314 2170 ὲκ
348 2117 466 2189 γὰρ
497 2118 596 2190 τῆς
630 2118 876 2190 ἀλλήλων
909 2118 1265 2190 παραθέσεως
1285 2120 1314 2172 6
1354 2120 1454 2191 μὲν
1487 2123 1631 2183 σῖτος

32 2208 363 2278 γνωρίζεται
395 2210 536 2281 ὅπερ
554 2210 728 2263 ἐστίν’
765 2211 1026 2276 ὡσαύτως
1058 2212 1152 2266 καὶ
1180 2212 1247 2266 τὰ
1265 2211 1477 2277 ζιζάνια
1497 2229 1509 2242 ·
1541 2214 1632 2266 καὶ

1707 1926 1980 2002 triticum
2011 1941 2171 1993 esse;
2217 1942 2343 1981 nant
2372 1943 2436 1982 es
2469 1927 2699 1983 alterius
2736 1943 2864 1982 cum
2893 1929 3067 1983 altero
3099 1944 3323 2001 compa-

1734 2019 1944 2074 ratione
1976 2018 2219 2072 triticum
2261 2017 2394 2089 quid
2441 2018 2511 2074 sit
2555 2021 2944 2091 cognoscitur,
2977 2020 3233 2076 similiter
3267 2031 3322 2078 et

1733 2109 1981 2176 zizania;
2013 2117 2068 2164 et
2090 2110 2137 2166 si
2171 2111 2406 2167 alterum
2435 2127 2544 2166 non
2579 2112 2673 2178 sit,
2700 2128 2801 2168 nec
2828 2112 2958 2183 quid
2991 2114 3063 2168 sit
3087 2114 3320 2170 aitcrum

1733 2202 2104 2272 cognoscitur.

36 2298 261 2373 θατέρου
308 2301 391 2374 μὴ
425 2301 607 2366 ὄντος,
656 2303 858 2357 οὐδὲτὸ
900 2304 1086 2376 ἕτερον
1136 2305 1461 2376 γνωρίζεται
1495 2307 1631 2379 ὅπερ
1735 2330 1745 2338 ν

37 2391 200 2445 ἐστίν.

114 2485 482 2540 ἘΡΩΤΗΣΙΣ
507 2489 598 2540 ΚΓ
597 2497 631 2542 '.
669 2491 731 2544 Ei
761 2490 868 2563 πρὸ
891 2491 990 2562 μὲν
1020 2491 1114 2544 τοῦ
1149 2491 1350 2556 πάθους
1376 2493 1404 2546 6
1429 2491 1632 2564 Κύριος

40 2573 238 2646 ηὔχετο
276 2577 616 2649 ἀγιασθῆναι
663 2581 769 2634 ὑπὸ
806 2582 900 2635 τοῦ
947 2583 1162 2653 Πατρὸς
1197 2583 1321 2646 τοὺς
1357 2583 1630 2655 μαθητὰς,

46 2669 177 2737 μετά
193 2667 250 2721 δὲ
281 2669 463 2724 ταῦτα
485 2673 512 2723 6
545 2672 754 2738 ,Ἰούδας
775 2673 1023 2727 ἀπώλετο
1039 2691 1050 2705 ⁸
1090 2674 1207 2738 πῶς
1231 2677 1263 2746 ἡ
1290 2676 1429 2746 ὑπὲρ
1455 2676 1632 2730 αὐτῶν

44 2761 473 2832 προσενεχθεῖσα
529 2765 662 2837 εὐχὴ
725 2766 972 2836 φαίνεται
1026 2767 1358 2839 δεδεγμένη;
1409 2768 1532 2833 Πῶς
1575 2769 1631 2822 δὲ

42 2851 306 2907 δείκνυται
354 2855 561 2926 ἀληθὲς
615 2861 709 2913 καὶ
757 2861 848 2913 τό·
908 2860 1049 2915 Οἶδα
1081 2860 1171 2914 ὅτι
1219 2859 1472 2915 πάντοτὲ
1511 2879 1632 2931 μου

47 2947 277 3014 ἀκούεις
297 2965 316 3011 ;
913 3019 916 3022 .

125 3041 534 3097 'AIIOKPISIS.
587 3045 650 3098 Ἦ
680 3046 778 3117 μὲν
814 3045 907 3100 τοῦ
964 3046 1132 3103 Ἰούδα
1171 3045 1416 3102 ἀπώλεια
1446 3045 1631 3102 ἔκτοτε

49 3134 354 3205 γεγένηται,
391 3137 453 3204 ἐξ
481 3140 607 3192 ὅτου
628 3139 807 3194 λαϐὼν
844 3143 872 3195 6
893 3141 1130 3212 Χριστὸς
1169 3141 1232 3195 τὸ
1267 3142 1503 3214 ψωμίον,
1537 3144 1631 3197 καὶ

55 3222 236 3292 βάψας,
270 3228 426 3300 αὐτῷ
447 3229 646 3284 δέδωκε
663 3249 676 3261 ·
703 3234 795 3286 καὶ
825 3231 1004 3286 λαϐὼν
1026 3234 1088 3286 τὸ
1107 3233 1322 3304 ψωμίον
1345 3237 1374 3287 ὀ
1407 3235 1627 3300 Ἰούδας,

54 3317 288 3387 εἰσῆλθεν
313 3323 396 3384 εἰς
426 3323 590 3375 αὑτὸν
635 3325 664 3376 6
685 3326 948 3389 Σατανᾶς,
977 3327 1071 3380 κάκ
1109 3325 1342 3391 ἐξελθὼν
1382 3327 1630 3399 ἀπέρρη-

54 3408 134 3473 ξεν
161 3413 355 3466 ἑαυτὸν
401 3415 512 3468 τῶν
557 3416 760 3470 λοιπῶν
806 3418 1084 3489 μαθητῶν.
1135 3421 1199 3473 Ἡ
1233 3420 1298 3490 δὴ
1333 3421 1474 3491 ὑπὲρ
1522 3421 1632 3473 τῶν

59 3502 303 3575 μαθητῶν
350 3508 487 3578 εὐχὴ
532 3510 670 3580 μετά
709 3510 800 3564 τὸν
844 3513 1122 3583 χωρισμὸν
1164 3512 1258 3566 τοῦ
1308 3513 1476 3567 Ἰούδα
1511 3513 1631 3583 ἐγέ-

55 3610 191 3647 νετο·
238 3600 334 3652 καὶ
365 3600 528 3654 τοῦτο
557 3601 830 3656 δείκνυται
861 3602 920 3670 ἐξ
965 3604 1140 3674 αὐτῆς
1167 3605 1267 3675 τῆς
1299 3605 1465 3675 εὐχῆς
1485 3643 1500 3668 ν
1541 3605 1630 3658 ὅτε

59 3684 338 3757 εὐξάμενος
371 3693 400 3743 6
434 3692 638 3763 Κύριος
669 3693 884 3762 ἔλεγεν·
924 3694 1044 3762 Οὓς
1075 3695 1342 3763 δέδωκάς
1359 3714 1460 3766 μοι
1483 3697 1630 3766 ἐφύ-

56 3776 219 3841 λαξα,
245 3782 346 3834 καί
370 3783 578 3849 οὐδεὶς
599 3784 668 3848 ἐξ
693 3784 891 3840 αὐτῶν
909 3786 1182 3841 ἀπώλετο
1199 3827 1214 3852 ,
1249 3790 1299 3841 εί
1319 3788 1404 3856 μὴ
1440 3791 1473 3842 ό
1501 3787 1632 3854 υίὸς

64 3863 162 3931 τῆς
188 3868 511 3937 ἀπωλείας,
536 3873 634 3926 ἵνα
661 3875 697 3942 ἡ
725 3874 936 3943 Γραφὴ
971 3875 1281 3945 πληρωθῇ.
1312 3876 1505 3944 Γέγονε
1533 3879 1631 3948 μὲν

60 3952 142 4006 οὖν
161 3960 371 4029 πρῶτον
406 3964 440 4033 ἡ
477 3963 573 4016 τοῦ
612 3964 779 4018 Ἰούδα
800 3964 1065 4030 ἀπώλεια,
1097 3967 1323 4039 ὕστερον
1349 3967 1404 4021 δὲ
1437 3969 1632 4041 ήὺπὲρ

64 4046 159 4100 τῶν
183 4052 439 4123 μαθητῶν
471 4056 625 4128 εὐχὴ,
662 4056 850 4111 ἔπειτα
872 4057 931 4111 δὲ
961 4059 1022 4112 τὸ
1051 4058 1222 4124 πάθος
1235 4060 1330 4114 τοῦ
1356 4060 1626 4133 Σωτῆρος.

141 4141 488 4199 ἘΡΩΤΗΣΙΣ
514 4149 639 4200 KA'.
672 4149 737 4202 Et
761 4148 896 4213 Θεός
931 4151 1512 4224 ὲστιδημιουργὺςκαὶ
1536 4154 1632 4206 Δε-

71 4233 254 4305 σπότης
280 4236 380 4308 τῆς
399 4237 653 4305 κτίσεως,
676 4240 790 4305 πῶς
813 4242 883 4295 τά
923 4242 1279 4297 Ἀπολλωνίου
1325 4244 1632 4317 τελέσματα

67 4324 117 4376 ὲν
165 4331 269 4392 τοῖς
333 4332 525 4404 μέρεσι
585 4333 689 4404 τῆς
740 4335 970 4400 κτίσεως
1009 4335 1299 4403 δύνανταις
1357 4339 1468 4392 Καὶ
1523 4339 1630 4411 γάρ

68 4412 316 4490 Θαλάττης
342 4423 552 4495 ὁρμὰς,
593 4427 686 4479 καὶ⁵
723 4426 943 4498 ἀνέμων
987 4428 1178 4499 φορὰς,
1214 4430 1309 4482 καὶ
1352 4429 1502 4500 μυῶν
1535 4431 1630 4484 καὶ

1804 2475 2084 2543 ρυίΕετ.
2121 2475 2306 2533 XXIII.
2334 2477 2390 2534 Si
2413 2487 2540 2533 ante
2565 2479 2874 2549 passionem
2904 2477 3168 2536 Dominus
3197 2497 3320 2552 pre-

1733 2577 1890 2624 catus
1919 2579 2005 2625 est
2041 2577 2098 2623 ut
2127 2570 2607 2628 sanctiﬁcarentur
2627 2586 2659 2624 a
2683 2569 2843 2627 Patre
2865 2571 3140 2642 discipuli,
3168 2583 3320 2644 post-

1733 2676 1796 2716 ea
1836 2671 2019 2718 autem
2060 2661 2233 2718 ludas
2270 2664 2461 2733 periit.
2509 2663 2788 2734 quomodo
2829 2664 3010 2719 oblata
3056 2681 3153 2735 pro
3209 2666 3319 2722 illis

1737 2754 1978 2824 precatio
2012 2762 2237 2825 accepta
2272 2755 2542 2810 videbitur
2577 2755 2784 2812 fuisse?
2813 2755 3102 2822 Quomodo
3135 2769 3317 2813 autem

1735 2864 1924 2904 verum
1958 2849 2268 2904 ostenditur
2291 2856 2345 2905 et
2376 2848 2510 2902 illud
2539 2867 2550 2902 :
2588 2848 2711 2904 Scio
2740 2851 2866 2919 quia
2896 2849 3049 2904 audis
3075 2867 3154 2905 me
3181 2867 3318 2906 sem-

1733 2958 1825 3011 per
1854 2937 1929 2990 περ

1805 3033 2006 3092 BESP.
2057 3034 2212 3090 Juda:
2254 3033 2489 3105 perditio
2514 3035 2626 3104 jam
2658 3041 2773 3088 tum
2801 3036 3032 3106 contigit
3057 3075 3071 3099 ,
3107 3051 3174 3090 ex
3207 3052 3318 3104 quo

1735 3137 2021 3200 acceptum
2053 3137 2108 3184 et
2149 3128 2443 3182 intinctum
2493 3143 2690 3197 panem
2740 3115 2997 3184 Christus
3042 3128 3092 3183 ei
3130 3126 3316 3193 dedit;

1709 3237 1897 3292 ~quem
1929 3236 2053 3277 cum
2084 3222 2174 3277 ille
2201 3221 2527 3293 accepisset,
2561 3221 2790 3276 intravit
2821 3222 2876 3276 in
2905 3237 3029 3276 eum
3059 3219 3317 3284 Satanas,

1731 3322 1786 3370 et
1814 3329 2073 3385 egressus
2111 3314 2332 3384 abrupit
2371 3329 2430 3371 se
2458 3313 2528 3366 ah
2569 3313 2693 3368 aliis
2721 3313 3026 3384 discipulis.
3067 3311 3320 3368 Precatio

1733 3415 1917 3463 autem
1947 3421 2048 3478 pro
2072 3406 2358 3476 discipulis
2381 3413 2504 3475 post
2533 3404 2842 3462 discessum
2863 3403 3016 3460 Iudae
3036 3406 3177 3460 facta
3197 3413 3282 3460 est
3302 3423 3318 3468 ;

1733 3498 1900 3569 idque
1943 3513 2010 3553 ex
2060 3498 2179 3568 ipsa
2222 3497 2536 3552 ostenditur
2584 3497 2933 3566 precatione,
2979 3512 3104 3551 cum
3151 3511 3320 3550 orans

1733 3589 2002 3646 Dominus
2033 3589 2172 3644 dixit
2203 3609 2215 3644 :
2248 3589 2391 3654 Quos
2416 3587 2609 3642 dedisti
2642 3589 2774 3641 mihi
2795 3587 3074 3652 eustodivi,
3097 3597 3146 3641 et
3169 3604 3320 3642 nemo

1732 3699 1797 3738 ex
1818 3683 1928 3737 illis
1949 3683 2140 3750 periit,
2175 3682 2282 3734 nisi
2303 3679 2450 3750 ﬁlius
2479 3678 2792 3750 perditionis
2815 3688 2872 3731 ut
2910 3677 3189 3742 Scriptura
3217 3678 3319 3732 im-

1733 3776 1946 3846 pleatur
1985 3776 2055 3830 ".
2100 3771 2290 3842 Itaque
2332 3773 2570 3841 primum
2596 3767 2750 3825 Iudae
2777 3769 3011 3838 perditio
3055 3769 3317 3838 contigit,

1734 3847 2194 3940 deinde'prccatio
2217 3881 2316 3937 pro
2343 3863 2651 3935 discipulis,
2673 3877 2736 3918 ac
2760 3861 2997 3934 denique
3017 3858 3320 3918 Salvatoris

1734 3975 1940 4034 passm.

1804 4143 2086 4212 QUEST.
2135 4141 2325 4198 XXIV.
2360 4138 2419 4195 Si
2453 4139 2598 4196 Deus
2623 4138 2876 4194 conditor
2909 4144 2994 4197 est
3032 4144 3084 4192 et
3132 4133 3320 4191 Domi-

1734 4254 1840 4294 nus
1889 4244 2188 4300 creaturae,
2239 4233 2519 4305 quomodo
2568 4231 2843 4303 Apollonii
2902 4230 3216 4286 ell'ectiones
3262 4230 3318 4286 in

1734 4336 1918 4400 partes
1939 4335 2208 4386 creatura:
2239 4327 2410 4381 robur
2440 4324 2735 4380 obtinent?
2765 4322 2900 4377 Nam
2932 4321 3103 4376 maris
3145 4321 3318 4390 impe-

1732 4429 1855 4486 tus,
1888 4432 2175 4478 ventorum
2205 4419 2344 4483 vim,
2379 4425 2434 4473 et
2467 4416 2701 4471 murium
2748 4431 2813 4471 ac
2859 4415 3099 4470 ferarum
3131 4413 3321 4467 incur-

70 4503 252 4578 θηρίων
278 4513 601 4587 ἐπιδρομὰς,
635 4516 711 4581 ὡς
731 4517 968 4589 ὁρῶμενς
1007 4519 1295 4576 κωλύουσι.
1329 4522 1440 4575 Kal.
1478 4539 1503 4575 ε

1884 4532 1945 4579 :s,
1978 4524 2048 4576 ut.
2065 4513 2336 4576 videmus,
2367 4511 2647 4566 cohibent.
2683 4510 2750 4564 Et
2770 4511 2816 4566 si
2845 4509 2991 4565 edita
3019 4524 3049 4562 a
3089 4508 3317 4566 Domino

70 4594 163 4686 ὑπὸ
179 4601 266 4655 τοῦ
302 4605 510 4679 Κυρίου
543 4607 642 4678 μὲν
685 4609 950 4681 γινόμενα
987 4609 1242 4682 θαύματα
1281 4613 1340 4666 ὲν
1377 4613 1515 4686 μόνῃ
1561 4615 1629 4684 τῇ

69 4685 293 4764 διηγήσει
317 4699 565 4770 φέρεται,
599 4699 668 4754 τά
698 4701 754 4754 δὲ
773 4703 904 4771 παρ’
938 4701 1147 4755 ἐκείνου
1180 4702 1408 4758 πλεῖστα
1429 4685 1520 4758 καὶ
1540 4706 1628 4759 ἐπ’

74 4780 230 4837 αὐτῶν
260 4787 364 4842 τῶν
396 4791 738 4862 πραγμάτων
771 4793 1124 4864 δεικνύμενα,
1185 4793 1302 4859 πῶς
1331 4796 1430 4848 οὑκ
1445 4795 1628 4868 ἀπατᾷ

74 4874 182 4938 τοὺς
215 4880 478 4949 ὁρῶνταςς
501 4887 612 4939 Καὶ
635 4887 683 4938 εἰ
710 4886 807 4956 μὲν
832 4886 973 4940 κατὰ
993 4885 1143 4941 θείαν
1166 4886 1325 4942 τοῦτο
1352 4887 1629 4962 συγχώρη-

78 4978 148 5016 σιν
172 4968 370 5038 γέγονε,
401 4975 520 5039 πῶς
549 4977 743 5048 ὁδηγὺς
775 4980 855 5042 είς
902 4979 1250 5050 Ἑλληνισμὸν
1292 4981 1354 5034 οὐ
1401 4981 1628 5050 γέγονεν

77 5054 330 5135 ἡτοιαύτη
359 5065 736 5139 συγχώρησις;
761 5070 824 5122 Et
854 5069 910 5122 δὲ
959 5069 1032 5142 μὴ
1057 5069 1217 5125 τοῦτο
1237 5111 1251 5136 ,
1294 5070 1412 5136 πῶς
1438 5073 1499 5126 ού
1535 5071 1628 5125 δυ-

76 5145 218 5216 νάμει
245 5156 349 5208 τῶν
387 5159 659 5230 δαιμόνων
703 5162 887 5216 ἐκεῖνα
923 5164 1282 5236 γεγένηνται;
1330 5165 1502 5218 Πάλιν
1548 5164 1627 5228 δὲ,

78 5237 233 5313 εἴπερ,
259 5245 329 5312 ὡς
355 5251 540 5324 ἀγαθῷ
560 5253 638 5324 τῷ
659 5255 967 5326 γιγνομένῳ
995 5257 1273 5328 ἡδόμενος,
1299 5259 1490 5328 ἐκείνῳ
1508 5275 1630 5312 συν-

81 5329 286 5405 ἠργητε.
324 5341 408 5398 διὰ
450 5345 503 5398 τί
552 5346 628 5416 μὴ
665 5347 768 5404 διὰ,
792 5348 1087 5419 προφητῶν
1121 5349 1154 5420 ἦ
1192 5348 1505 5403 ἀποστόλων
1560 5350 1631 5404 τὰ

81 5425 277 5482 τοιαῦτα
300 5436 654 5507 γεγένηνται;
685 5439 748 5490 Εἰ
781 5439 837 5492 δὲ
877 5439 952 5511 μὴ
987 5440 1256 5511 ἠρέσκετο
1303 5440 1379 5503 ὡς
1418 5439 1626 5509 φαύλῳν

79 5516 204 5584 τινος
222 5523 396 5583 ἕνεκεν
423 5531 484 5584 τὸ
511 5531 716 5602 φαῦλον
743 5531 776 5604 ἢ
807 5533 969 5597 εὐθὺς
991 5534 1091 5586 οὐκ
1108 5532 1401 5598 ἐκώλυσεν,
1430 5534 1463 5606 ἢ
1492 5533 1629 5605 μετά

143 5695 182 5726 ⁸⁸
205 5698 378 5779 I‘Tim.
438 5727 512 5779 iV,
549 5713 596 5767 ι.

87 5773 202 5834 xvu,
229 5773 306 5828 12.

1737 4595 2000 4662 miracula
2021 4607 2073 4660 in
2095 4604 2258 4677 450
2281 4605 2396 4659 sola
2419 4602 2672 4660 feruntur
2686 4603 3000 4658 narratione
3021 4617 3174 4672 mna:
3189 4617 3320 4659 vero

1735 4699 1804 4754 ab
1828 4698 2120 4770 Apollonio
2144 4738 2160 4763 ,
2191 4699 2451 4769 pleraque
2479 4698 2532 4752 in
2552 4697 2687 4768 ipsis
2720 4696 2885 4752 rebus
2910 4697 3278 4752 ostenduntur
3301 4741 3316 4765 ,

1735 4789 2010 4860 quomodo
2057 4805 2164 4844 non
2207 4788 2489 4860 decipiunt
2523 4788 2872 4859 spectantes?
2914 4788 2992 4844 Ac
3015 4788 3062 4844 si
3096 4787 3201 4843 hoc
3234 4789 3320 4844 di-

1733 4883 1863 4937 vino
1888 4882 2160 4954 permissu
2200 4881 2463 4952 contigit,
2499 4881 2774 4951 quomodo
2813 4895 2924 4935 non
2961 4881 3073 4936 dux
3114 4880 3214 4935 fuit
3248 4880 3319 4934 ad

1733 4975 2046 5030 Graecorum
2087 4973 2540 5043 superstitionem
2573 4973 2842 5042 ejusmodi
2865 4974 3198 5044 permissio?
3219 4971 3316 5028 Sin

1732 5071 1946 5135 minus,
2005 5068 2280 5139 quomodo
2338 5082 2449 5120 non
2513 5066 2821 5121 daemonum
2881 5075 3152 5138 potestate
3202 5068 3318 5123 han:

1734 5161 1877 5215 facta
1913 5161 2084 5216 sunt?
2119 5159 2332 5215 Rursus
2358 5169 2562 5226 autem,
2597 5158 2644 5213 si
2677 5174 2741 5214 ea
2774 5175 2832 5214 re
2867 5158 3031 5224 Deus,
3067 5168 3126 5214 ut
3148 5161 3316 5224 bona,

1733 5255 2036 5309 delectatus
2067 5252 2288 5322 adjutor
2311 5251 2413 5305 fuit
2435 5251 2582 5305 illius
2603 5249 2928 5317 obiciendae,
2956 5267 3054 5306 cur
3082 5266 3192 5305 non
3222 5268 3320 5322 per

1734 5347 2028 5419 prophetas
2050 5355 2104 5403 et
2132 5347 2410 5418 apostolos
2451 5345 2653 5401 similia
2697 5344 2842 5399 edita
2879 5343 3051 5398 sunt?
3093 5341 3188 5396 Sin
3218 5359 3286 5398 au

1735 5451 1866 5508 tem,
1899 5450 1957 5495 ut
1979 5440 2142 5505 mala,
2166 5439 2448 5509 displicuit
2471 5481 2486 5506 ,
2511 5453 2682 5509 quare
2709 5437 2912 5490 malum
2938 5443 3033 5490 aut
3061 5452 3169 5490 nou
3207 5445 3291 5492 sta

1739 5532 1833 5586 tim
1863 5531 2134 5596 cohibuit,
2172 5537 2265 5584 aut
2301 5544 2410 5594 non
2457 5528 2619 5601 paulo
2651 5534 2776 5599 post
2825 5526 3094 5593 abolevit,
3131 5528 3228 5583 sed
3264 5535 3321 5581 ut

702 5713 750 5748 ³⁵
780 5711 824 5767 ll
856 5712 994 5770 Tim.
1043 5730 1116 5779 ιν,
1155 5714 1238 5769 ll.
1321 5714 1366 5745 "
1398 5712 1522 5768 Act.
1576 5727 1670 5780 xx,
1698 5711 1790 5768 ‘29.
1874 5712 1917 5742 ’δ
1945 5707 2135 5766 Matth.
2182 5723 2328 5776 xxiv,
2374 5705 2463 5765 22,.
2547 5706 2590 5739 ³⁷
2619 5703 2777 5762 loan.
2828 5702 2995 5768 ItJZ.
3077 5702 3125 5738 ’⁸
3155 5703 3312 5762 Joan.
