3638 6482
321 362 448 417 1271

1052 351 1415 411 ΔΡΡΕΝΒΙΧ.
1449 380 1521 393 —-
1554 350 1733 406 PARS
1770 351 1814 405 1.

2064 349 2221 405 ΞἸῚΝΙ
2262 348 2489 405 OPEBA
2529 348 2803 409 SPURIA.

3466 353 3589 408 ηπ

320 480 496 547 vigeat
545 490 718 545 usque
765 475 821 529 in.
864 473 1127 529 saeculum
1160 471 1371 527 dierum
1406 478 1673 523 creatura“:
1704 482 1843 537 pem

2064 469 2186 540 auxi)
2218 470 2277 521 οὔ
2309 468 2639 533 κατέλυσεν,
2684 467 2798 521 ἀλλ’
2833 466 2939 531 ἕως
2984 465 3186 530 αἰῶνος
3222 465 3333 521 τῶν
3375 468 3588 538 ἡμερῶν

320 570 435 625 sit?

388 658 589 715 RESPZ
622 642 1001 728 Apollonius,
1030 664 1087 711 ut
1120 654 1328 710 natura:
1356 653 1555 707 virium
1600 652 1809 723 peritus
1852 660 1906 706 et
1950 666 1971 685 κ

324 764 671 817 mutuarum,
706 768 827 821 quze
858 752 966 807 illis
1000 750 1218 814 insunt,
1252 746 1679 803 consensionum
1712 753 1765 800 et
1791 745 1905 800 dis-

324 844 664 907 sensionum,
703 842 805 896 hac
838 841 1067 896 scientia
1100 837 1416 894 eﬂectiones
1448 837 1639 901 edidit,
1682 852 1793 890 non
1821 836 1908 890 di—

323 935 447 988 vina
475 940 761 1006 potestate.
794 933 1140 1004 Quapropter
1163 932 1219 985 in
1244 930 1499 985 omnibus
1524 927 1908 984 etl‘ectionibus

329 1043 465 1096 opus
496 1027 683 1081 habuit
714 1027 905 1080 idonea
933 1026 1176 1092 materia,
1201 1042 1319 1095 qua:
1342 1026 1406 1079 ad
1433 1025 1768 1079 eﬂ'ectionem
1800 1023 1897 1078 ad-
1946 1068 1951 1071 Α

328 1117 653 1187 implendam
688 1118 989 1187 adjuvaret.
1026 1115 1221 1171 Noster
1263 1126 1443 1170 autem
1471 1124 1711 1169 servator
1737 1114 1896 1169 Chri-

328 1215 466 1269 stus,
501 1224 622 1261 cum
654 1207 835 1261 divina
869 1223 967 1261 sua
992 1215 1259 1276 potestate
1284 1206 1543 1260 miracula
1568 1205 1771 1269 ederet,
1795 1204 1899 1258 mi-

328 1298 475 1351 nime
503 1313 640 1366 opus
684 1298 872 1351 habuit
913 1298 1160 1361 materia,
1205 1298 1451 1368 sedcjus
1477 1302 1805 1367 prmceptum
1844 1303 1898 1350 et

328 1387 731 1455 praadictionem
765 1403 852 1440 res
884 1387 1253 1457 sequebantur
1276 1396 1331 1441 et
1370 1396 1690 1457 sequuntur.
1722 1385 1898 1455 Atque

322 1472 499 1526 estas
528 1475 747 1542 quidem
775 1475 847 1529 ab
866 1475 1526 1544 Apollonio'ell'ectiones,
1558 1479 1687 1547 quia
1724 1479 1907 1534 scien-

322 1564 396 1618 tia
427 1572 638 1620 natura:
679 1566 882 1621 virium
923 1566 992 1621 ad
1034 1581 1364 1637 corporeum
1392 1550 1695 1622 hominum
1745 1584 1906 1623 usum

322 1657 645 1723 edebantur,
685 1674 793 1713 non
821 1659 1062 1715 abolevit
1087 1658 1386 1726 Dominus,
1410 1660 1507 1714 sed
1540 1660 1645 1729 ipsi
1670 1659 1903 1715 dtemoni

323 1751 596 1821 Apollonii
641 1759 837 1807 statua:
874 1752 1174 1817 insidenti,
1215 1753 1311 1823 qui
1350 1752 1780 1809 divinationibus
1808 1754 1905 1811 ho-

323 1844 498 1899 mines
526 1845 858 1910 seducebat,
900 1853 961 1899 ut
1005 1844 1389 1917 Apollonium,
1424 1854 1683 1915 tanquam
1730 1843 1903 1900 Deum

324 1937 566 1992 colerent
596 1948 647 1993 et
680 1945 1096 2003 venerarentur,
1139 1954 1202 1992 os
1236 1937 1503 2001 occlusit,
1537 1936 1906 1992 divinationes

324 2027 442 2095 ejus
468 2042 847 2097 compescens.
883 2026 1058 2081 Simul
1093 2034 1274 2081 autem
1304 2042 1428 2081 cum
1456 2026 1551 2080 illo
1581 2036 1901 2081 ca:terorum

322 2118 482 2172 etiam
524 2118 853 2184 dwmonum,
891 2120 982 2189 qui
1010 2120 1115 2174 sub
1137 2118 1365 2174 deorum
1394 2120 1615 2174 nomine
1643 2138 1673 2173 ιι
1696 2119 1905 2175 Graecis

319 2210 680 2278 colebantur,
727 2211 955 2267 sustulit
994 2212 1329 2281 potentiam,
1369 2221 1430 2264 ut
1461 2227 1526 2267 ex
1570 2211 1733 2267 rebus
1768 2212 1905 2281 ipsis

320 2305 671 2374 perspicitur.
722 2304 906 2371 Quare
940 2321 1065 2359 cum
1114 2306 1169 2359 in
1217 2305 1305 2361 bis
1358 2306 1661 2361 habeamus
1706 2306 1904 2359 divinae

316 2395 523 2451 Christi
558 2398 819 2466 potentiae
864 2406 1223 2469 argumenta,
1268 2396 1425 2452 nefas
1467 2397 1651 2453 dicere
1692 2394 1900 2451 Christi

316 2490 583 2544 miracula
608 2491 660 2544 in
691 2491 835 2544 nuda
868 2490 1045 2561 posita
1076 2504 1200 2544 esse
1234 2488 1573 2543 narratione.

2006 562 2107 632 τῆς
2130 562 2360 625 κτίσεως
2390 565 2613 633 κρατεῖν
2640 559 3015 632 συνεχώρησεν
3036 560 3078 624 ςι

2092 659 2500 713 ’ΔΠΟΚΡΙΣΙΣ
2552 659 2609 711 '0
2637 658 2735 728 μὲν
2768 655 3157 719 Ἀπολλώνιος,
3190 654 3267 717 ὡς
3307 655 3450 726 ἀνὴρ
3483 656 3593 707 ὲπιο

2010 753 2234 823 στήμων
2288 749 2397 802 τῶν
2437 747 2684 817 φυσικῶν
2721 747 3002 817 δυνάμεων
3031 744 3266 799 καὶτῶν
3312 745 3375 796 ἐν
3409 744 3593 806 αὑταῖς

2010 841 2367 915 συμπαθειῶν
2400 858 2458 894 τε
2506 841 2600 893 καὶ
2643 837 3040 901 ἀπιπαθειῶν,
3080 836 3227 891 κατά
3262 835 3465 907 ταύτην
3500 836 3595 904 τὴν

2009 935 2321 1005 ἐπιστήμην
2344 934 2413 986 τά
2436 932 2746 1002 τελέσματα
2775 931 3035 992 ἐποιεῖτο,
3058 928 3119 980 οὐ
3152 928 3295 981 κατὰ
3326 927 3425 996 τὴν
3447 926 3595 979 θείαν

2009 1025 2325 1080 αύθεντίανο
2356 1024 2435 1076 διδ
2458 1025 2516 1075 ὲν
2553 1023 2725 1077 ἅπασι
2760 1024 2873 1084 τοῖς
2913 1020 3355 1091 ἀποτελέσμασιν
3404 1018 3597 1088 ἐδεήθη

2009 1117 2109 1187 τῆς
2127 1116 2234 1169 τῶν
2266 1114 2589 1185 ἐπιτηδείων
2624 1113 2763 1167 ὑλῶν
2792 1111 3193 1183 παραλήψεως,
3231 1109 3599 1181 συνεργούσης

2009 1208 2157 1280 αύτῷ
2190 1208 2326 1279 πρὸς
2374 1208 2473 1278 τὴν
2514 1207 2607 1260 τοῦ
2644 1204 2967 1276 τελουμένου
3021 1204 3392 1275 ἐκπλήρωσιν.
3447 1203 3511 1255 '0
3548 1202 3601 1253 δὲ

2006 1299 2373 1370 σωτὴρήμῶν
2404 1298 2657 1370 Χριστὸς,
2694 1298 2835 1352 κατά
2864 1297 2963 1369 τὴν
3004 1296 3161 1350 Θείαν
3194 1294 3361 1349 αὑτοῦ
3408 1294 3600 1347 αὐθεν-

2008 1392 2132 1445 τίαν
2165 1390 2334 1443 ποιῶν
2365 1392 2434 1444 τὰ
2464 1390 2740 1462 θαύματα,
2772 1389 3026 1461 οὐδαμῶς
3050 1389 3248 1461 ἐδεήθη
3283 1389 3435 1460 ῦλης,
3468 1388 3602 1441 ἀλλά

2008 1486 2121 1546 τοῖς
2151 1482 2540 1554 προστάγμασι
2565 1500 2624 1535 τε
2651 1484 2745 1537 καλ⁸
2770 1484 3141 1556 προρρήσεσιν
3182 1481 3346 1537 αὑτοῦ
3378 1480 3603 1550 ἠκολούο

2010 1575 2207 1629 θεικαὶ
2226 1575 2577 1629 ἀκολουθοῦσι
2604 1576 2671 1630 τά
2705 1577 3030 1648 πράγματα.
3084 1577 3197 1629 Καὶ
3238 1575 3307 1627 τὰ
3355 1575 3453 1643 μὲν
3499 1574 3599 1624 ύπδ

2007 1660 2101 1715 τοῦ
2159 1662 2515 1717 Ἀπολλωνίου
2550 1664 2816 1733 γεγονότα
2849 1664 3161 1735 τελέσματα
3185 1704 3198 1725 ,
3226 1663 3415 1734 ἐπειδὴ
3464 1664 3599 1713 κατὰ

2008 1754 2106 1825 τὴν
2150 1756 2462 1829 ἐπιστήμην
2497 1757 2788 1830 γεγένηται
2830 1758 2937 1812 τῶν
2981 1756 3231 1827 φυσικῶν
3284 1756 3595 1825 δυνάμεων,

2009 1845 2149 1917 πρὸς
2182 1847 2279 1917 τὴν
2309 1847 2626 1920 σωματικὴν
2662 1848 2924 1919 ἐργασίαν
2959 1846 3301 1920 ἀνθρώπων,
3335 1845 3433 1897 ούκ
3479 1846 3595 1895 ἀνέ-

2010 1937 2206 2007 τρεψεν
2249 1939 2279 1990 ὁ
2320 1938 2554 2009 Κύριος·
2594 1938 2757 1993 αὑτὸν
2792 1938 2849 1991 δὲ
2884 1938 2977 1991 τὸν
3014 1938 3248 2008 δαίμονα
3300 1935 3393 1987 τὸν
3429 1936 3488 1987 ἐι
3526 1934 3595 2003 τῷ

2010 2028 2220 2081 ἐκείνου
2263 2028 2545 2098 ἀγάλματι
2578 2028 2860 2100 ίδρυμένον
2882 2069 2896 2093 ,
2925 2028 3019 2081 τὸν
3056 2029 3115 2080 ὲν
3157 2029 3280 2089 ταῖς
3325 2024 3596 2096 μαντείαις

2010 2120 2370 2191 ἀπατήσαντα
2410 2122 2537 2187 τοὺς
2590 2120 2909 2193 ἀνθρώπους
2933 2160 2948 2184 ,
2993 2120 3071 2184 ὡς
3119 2119 3256 2172 Θεὸν
3287 2118 3479 2181 ,σέϐειν
3512 2119 3598 2168 καὶ

2010 2215 2176 2284 τιμᾷν
2204 2214 2295 2266 τὸν
2331 2212 2707 2277 Ἀπολλώνιον,
2747 2214 3017 2286 ὲφίμωσε,
3054 2214 3417 2284 καταργήσας
3436 2210 3595 2264 αὑτοῦ

2009 2306 2106 2369 τὰς
2142 2306 2429 2376 μαντείας·
2474 2308 2571 2361 σὺν
2591 2307 2741 2378 αὐτῷ
2775 2307 2830 2362 δὲ
2848 2307 2943 2361 καὶ
2973 2307 3082 2361 τῶν
3111 2306 3318 2359 λοιπῶν
3334 2304 3591 2374 δαιμόνιοι

2007 2397 2114 2450 τῶν
2144 2400 2202 2452 ὲν
2234 2398 2311 2468 τῷ
2340 2398 2477 2451 Θεῶν
2504 2399 2727 2469 ὀνόματι
2763 2400 2865 2452 ὑπὸ
2895 2398 3003 2452 τῶν
3048 2399 3322 2468 Ἐλλήνων
3356 2396 3595 2465 τιμωμέ-

2006 2507 2111 2542 νων
2142 2488 2357 2543 καθεῖλε
2390 2490 2488 2561 τήν
2514 2490 2851 2553 δυναστείαν,
2883 2490 3069 2554 καθὼς
3100 2492 3295 2562 ὁρᾶται
3326 2488 3395 2541 τὰ
3417 2486 3591 2556 πρᾶγ-

323 2595 485 2647 ματα.
558 2584 810 2653 Ἔχοντες
842 2584 898 2637 δὲ
931 2588 989 2638 ὲν
1018 2584 1228 2649 τούτοις
1247 2584 1346 2655 τῆς
1372 2583 1465 2636 τοῦ
1507 2583 1746 2655 Χριστοῦ
1789 2583 1937 2648 θείας
1998 2583 2280 2657 δυνάμεως
2314 2583 2383 2638 τά
2413 2585 2799 2657 γνωρίσματα,
2820 2585 2879 2638 ού
2909 2585 3018 2656 χρὴ
3053 2585 3240 2653 λέγειν
3261 2584 3327 2636 τὰ
3357 2582 3448 2634 τοῦ
3471 2583 3593 2650 Χρι-

317 2671 447 2725 στοῦ
479 2671 733 2745 θαύματα
765 2677 823 2728 ἐν
850 2676 977 2749 ψιλῇ
1008 2678 1218 2731 κεῖσθαι
1249 2677 1523 2748 διηγήσει.

385 2763 667 2830 ρυᾹΞΒΤ.
703 2767 871 2825 XXV.
918 2769 974 2824 Si
1014 2770 1255 2825 eruditus
1285 2780 1363 2825 est
1404 2769 1613 2841 Moyses
1660 2770 1714 2823 in
1753 2770 1898 2823 omni

315 2857 575 2925 sapientia
602 2855 1004 2928 Egyptiorum,
1037 2872 1085 2915 et
1115 2869 1230 2914 erat
1264 2870 1447 2929 potens
1489 2860 1544 2914 in
1572 2859 1816 2929 operibus
1846 2869 1899 2913 et

317 2948 485 3002 rcrbis
516 2952 584 3013 ³³,
629 2957 690 3002 ιιι
720 2950 795 3002 ait
829 2950 1015 3003 divina
1048 2951 1365 3021 Scriptura,
1411 2950 1687 3021 quomodo
1717 2958 1897 3006 astro—

316 3040 556 3093 nomiam
578 3080 593 3105 ,
628 3042 987 3111 geometriam
1020 3050 1075 3097 et
1117 3043 1504 3113 astrologiam,
1540 3054 1594 3098 et
1627 3059 1749 3114 qua:
1788 3044 1895 3099 ista

316 3138 768 3199 consequuntur,
801 3130 944 3185 idem
970 3132 1166 3187 beatus
1206 3134 1471 3204 propheta
1514 3151 1623 3190 non
1665 3134 1901 3191 didicit?

319 3216 473 3272 Tunc
506 3219 653 3273 enim
686 3219 1069 3291 ngyptiorum
1104 3225 1373 3294 sapientia
1398 3226 1498 3281 has
1531 3228 1739 3283 erroris
1763 3228 1898 3283 edo-

316 3309 475 3364 cebat
525 3309 874 3381 disciplinas.
918 3313 1031 3368 Cur
1080 3316 1249 3386 igitur
1305 3318 1457 3371 illum
1511 3317 1798 3390 Scriptura
1831 3320 1901 3376 ob

316 3400 587 3470 ejusmodi
617 3417 783 3474 opera
811 3415 865 3459 ct
894 3405 1202 3462 doctrinam
1240 3408 1588 3463 admiratur?

388 3582 591 3641 RESP.
646 3583 878 3640 Miratur
920 3588 1242 3657 prophetam
1289 3589 1472 3644 divina
1510 3588 1794 3663 Scriptura
1829 3594 1900 3648 ob

316 3678 622 3732 doctrinam
653 3688 707 3734 et
736 3695 927 3749 opera,
956 3695 1067 3735 non
1092 3682 1162 3737 ob
1185 3681 1492 3737 doctrinam
1523 3694 1576 3740 ct
1606 3701 1771 3756 opera
1802 3703 1899 3757 per

315 3769 527 3840 seipsa;
568 3771 683 3826 harc
712 3772 857 3826 enim
893 3786 991 3842 per
1029 3789 1087 3828 se
1132 3774 1251 3843 ipsa
1284 3775 1509 3847 indigna
1552 3786 1743 3845 erant,
1776 3796 1899 3849 qua:

316 3861 639 3930 prophetam
675 3862 935 3919 laudibus
987 3874 1271 3920 ornarent.
1326 3864 1432 3922 Sed
1485 3868 1616 3937 quia
1663 3877 1897 3940 utroque

316 3954 653 4023 conspicuus
692 3963 811 4009 erat
836 3954 1115 4027 «Egyptiis
1144 3960 1433 4028 propheta,
1470 3961 1776 4016 litterarum
1806 3963 1899 4018 do-

316 4042 495 4097 ctrina
528 4051 581 4097 ct
604 4045 729 4099 vita:
754 4047 1003 4100 smculari
1038 4048 1352 4117 splendore,
1387 4064 1451 4103 ac
1479 4051 1699 4121 utrique
1722 4052 1895 4122 pieta-

315 4142 425 4187 tem
457 4134 511 4188 in
550 4134 720 4190 Deum
752 4137 1024 4206 praetulit;
1061 4148 1349 4209 propterea
1394 4142 1547 4196 illum
1594 4142 1899 4199 admiratur

316 4223 604 4296 Scriptura
640 4226 848 4282 divina.
890 4225 1240 4286 Astrouomia
1278 4238 1459 4287 autem
1506 4240 1561 4287 et
1600 4235 1895 4305 astrologia

312 4325 367 4370 et
399 4319 694 4387 geometria
729 4326 860 4373 tunc
890 4319 1033 4390 apud
1064 4321 1353 4394 Egyptios
1375 4324 1510 4381 viles
1532 4334 1585 4381 et
1610 4326 1896 4396 pedestres

312 4422 377 4461 ac
416 4408 679 4480 'vulgares
723 4409 1031 4481 disciplina:
1076 4414 1442 4469 habebantur.
1492 4418 1561 4469 At
1611 4417 1665 4471 in
1718 4418 1894 4488 pretio

2086 2766 2439 2819 ἘΡΩΤΗΣΙΣ
2458 2767 2586 2819 KE'.
2612 2766 2672 2817 Et
2693 2762 3017 2830 ἐπαιδεύθη
3049 2761 3314 2829 Μωῐνσῆς
3334 2762 3405 2814 ἐν
3430 2762 3593 2827 πάι-ῃ

2001 2859 2191 2928 σοφίᾳ
2224 2859 2581 2927 Αἰγυπτίων,
2612 2855 2708 2910 καὶ
2736 2852 2816 2925 ἦν
2854 2853 3119 2919 δυνατὸς
3159 2854 3231 2906 ἐν
3271 2854 3468 2922 ἔργτιις
3504 2856 3589 2905 καὶ

1998 2951 2223 3020 λόγοις,
2259 2948 2441 3012 καθώς
2476 2965 2639 3019 φησιν
2670 2949 2704 3017 ή
2739 2946 2857 3001 Θεία
2890 2945 3086 3015 Γραφὴ
3111 2983 3127 3008 ,
3182 2946 3303 3008 πῶς
3338 2947 3591 3017 ἀστρονο-

2005 3042 2137 3114 μίαν
2164 3043 2259 3098 καὶ
2292 3039 2639 3113 γεωμετρίαν
2667 3040 2766 3093 καὶ
2793 3036 3155 3110 ἀστρολογίαν
3182 3077 3196 3101 ,
3245 3038 3342 3091 καὶ
3376 3038 3441 3090 τὰ
3474 3037 3584 3089 τού-

2000 3153 2112 3202 τοις
2138 3135 2381 3207 ἑπόμενα
2409 3134 2470 3187 οὐ
2506 3131 2770 3205 μετῆλθεν
2795 3130 2947 3201 (55)ὁ
2981 3130 3146 3193 αὐτὸς
3166 3130 3437 3199 μακάριος
3470 3146 3590 3200 προ-

2004 3232 2219 3303 φήτης;
2255 3229 2375 3282 Τῶν
2408 3226 2517 3298 γὰρ
2563 3224 2880 3294 Αἰγυπτίων
2927 3223 3052 3277 τότε
3094 3226 3129 3294 ή
3179 3223 3343 3293 σοφία
3391 3222 3461 3275 τὰ
3500 3223 3587 3289 τῆς

2004 3321 2211 3391 πλάνης
2260 3319 2476 3390 ὑπῆρχε
2519 3316 2846 3371 διδάσκουσα
2876 3314 3211 3384 διδάγματα.
3264 3314 3366 3367 Διά
3411 3314 3463 3365 τί
3506 3310 3588 3366 οὖν

2004 3412 2096 3463 ἐπὶ
2126 3409 2385 3474 τοιούτοις
2413 3409 2592 3479 λόγοις
2616 3408 2648 3478 ἢ
2676 3406 2863 3480 ἔργοις
2884 3404 3108 3474 ὑπὸτῆς
3130 3405 3361 3478 Γραφῆς
3391 3405 3587 3474 θαυμά-

2003 3505 2154 3568 ζεται
2175 3520 2190 3567 ;

2086 3594 2495 3649 ἈΠΟΚΡ1Σ1Σ.
2509 3592 2792 3664 Θαυμάζει
2813 3592 2901 3647 τὸν
2916 3594 3211 3664 προφήτην
3228 3594 3262 3663 ἡ
3277 3593 3396 3647 θεία
3407 3590 3582 3663 Γραιὲἡ

2000 3686 2093 3739 ἐπὶ
2124 3688 2191 3756 τῇ
2225 3685 2449 3755 δυνάμει
2485 3684 2594 3755 (36)
2629 3683 2739 3736 τῶν
2772 3683 2945 3751 λόγων
2970 3684 3069 3736 καὶ
3102 3682 3213 3735 τῶν
3246 3684 3423 3754 ἔργων
3446 3722 3461 3745 ,
3496 3685 3582 3750 οὐχ

2001 3776 2186 3829 ἕνεκεν
2216 3776 2322 3829 τῶν
2344 3776 2520 3844 λόγων
2553 3775 2781 3829 καὶτῶν
2814 3774 2992 3846 ἔργων
3031 3774 3155 3827 καθ’
3203 3776 3365 3828 αὑτά·
3399 3774 3578 3837 ἀνάξια

2000 3868 2108 3941 γὰρ
2135 3865 2203 3940 ἦν
2237 3869 2423 3922 ἐκεῖνα
2456 3867 2577 3922 καθ’
2612 3866 2755 3921 αὐτὰ
2787 3867 2921 3937 πρὸς
2941 3866 3011 3920 τὰ
3044 3867 3301 3939 ἐγκώμια
3330 3867 3421 3921 τοῦ
3457 3886 3578 3940 προ-

2000 3962 2203 4031 φήτου·
2247 3960 2361 4013 ἀλλ’
2410 3959 2596 4030 ἐπειδὴ
2643 3958 2710 4010 δι’
2761 3957 3028 4029 ἑκατέρας
3086 3959 3187 4028 μὲν
3235 3959 3577 4029 περίδλεπτος

2001 4054 2215 4124 ὑπῆρχε
2243 4054 2355 4115 τοῖς
2383 4048 2699 4118 Αἰγυπτίοις
2726 4052 2756 4102 ὁ
2785 4050 3072 4120 προφήτης
3102 4049 3202 4119 τῆς
3222 4066 3283 4102 τε
3314 4050 3408 4102 τοῦ
3430 4048 3573 4116 λόγου

2001 4146 2250 4209 παιδείας
2296 4145 2517 4215 καὶτῆς
2561 4144 2656 4196 τοῦ
2692 4143 2806 4213 βίου
2858 4144 3135 4215 κοσμικῆς
3182 4144 3569 4216 λαμπροεττρος,

1998 4238 2327 4310 ἀμφοτέρων
2356 4237 2413 4290 δὲ
2446 4236 2543 4307 τὴν
2570 4238 2650 4299 είς
2677 4236 2808 4289 Θεὸν
2839 4236 3123 4290 εύσέῦειαν
3167 4238 3409 4307 τιμήσας
3452 4236 3567 4305 (57).

1997 4330 2086 4384 διά
2111 4329 2268 4384 τοῦτο
2300 4330 2461 4383 αὐτὸν
2495 4327 2805 4399 ἐθαύμασεν
2838 4329 2871 4399 ή
2908 4326 3031 4381 θεία
3050 4329 3269 4400 Γραφή.
3314 4331 3569 4399 Ἀστρονο-

2002 4422 2103 4493 μία
2132 4422 2209 4487 δὲ,
2242 4422 2338 4475 καὶ
2375 4420 2723 4491 ἀστρολογία,
2758 4419 2855 4473 καὶ
2888 4420 3228 4490 γεωμετρία,
3264 4421 3395 4490 παρ’
3422 4422 3566 4487 Alya-

309 4508 468 4554 erant
502 4501 748 4557 scientiae
790 4503 1215 4577 hieroglyphicze
1240 4507 1400 4563 dicta:
1421 4549 1436 4573 ,
1470 4525 1591 4580 qua),
1620 4525 1727 4564 non
1767 4527 1840 4581 qu

2064 4514 2175 4576 πίοις
2205 4512 2326 4565 τότε
2354 4510 2545 4581 χυδαῖά
2574 4527 2658 4575 τε,
2691 4510 2787 4563 καὶ
2820 4508 2984 4573 πεζὰ,
3014 4510 3112 4562 καὶ
3141 4510 3378 4579 ἀγοραῖα
3411 4508 3565 4579 μαθήο

312 4592 582 4655 buslibet,
638 4594 734 4650 sed
794 4597 1013 4653 selectis
1064 4598 1381 4656 hominibus
1423 4602 1785 4658 tradebantur
1836 4603 1893 4657 in

313 4683 511 4754 adytis.
548 4685 752 4740 llarum
788 4689 1054 4757 propheta
1086 4692 1190 4745 etsi
1233 4694 1606 4762 cognitionem
1655 4697 1888 4761 habuit,

312 4784 366 4829 at
384 4792 726 4847 nequaquam
756 4794 939 4843 usum,
963 4787 1149 4849 utpote
1168 4784 1505 4838 contrarium
1540 4786 1891 4842 llebra-orum

311 4869 406 4924 Dei
435 4869 649 4924 colendi
676 4871 892 4937 rationi,
925 4872 995 4926 ob
1011 4886 1175 4941 quam
1207 4889 1423 4929 omnem
1457 4876 1510 4929 in
1542 4876 1782 4949 Egypto
1804 4896 1891 4935 re-

308 4961 453 5031 giam
483 4968 809 5032 potestatem
835 4970 1169 5035 aspernatus
1198 4966 1388 5021 maluit
1427 4968 1587 5040 aﬂligi
1618 4984 1744 5025 cum
1789 4986 1888 5041 po-

307 5053 435 5123 pulo
462 5054 576 5110 Dei.

347 5407 391 5437 "
412 5405 534 5461 Act.
582 5420 685 5470 vn,
716 5403 810 5459 22.

382 5561 495 5641 (55)
532 5563 613 5615 Οὐ
647 5560 975 5641 μετῇτῑθεν..
1038 5560 1156 5615 Non
1209 5561 1555 5641 incommodae
1606 5562 1889 5641 tolleretur

313 5631 526 5697 negatio
557 5648 662 5700 qua
695 5635 930 5695 sublata,
964 5632 1011 5687 is
1039 5640 1186 5687 esset
1225 5648 1463 5688 sensus:
1499 5631 1784 5699 Quomodo
1813 5634 1885 5686 fa-

311 5702 907 5771 ccrepotuithloyscs.
941 5703 1104 5756 uthis
1140 5719 1199 5757 se
1222 5702 1531 5770 disciplinis
1567 5702 1759 5757 daret?

381 5768 492 5836 (36)
512 5768 775 5838 Δυνάμεί
809 5772 883 5826 Ita
907 5772 1143 5827 Clarum.
1166 5781 1217 5829 et
1243 5772 1308 5826 Β.
1336 5768 1646 5841 Stephanus
1678 5773 1744 5826 ad
1770 5772 1882 5828 ca!-

2004 4622 2149 4676 ματα
2180 4604 2476 4673 λελόγιστο.
2506 4603 2679 4674 Τίμια
2705 4602 2764 4655 δὲ
2790 4598 2859 4674 ἦν
2888 4603 3011 4656 τότε
3042 4604 3178 4674 παρ’
3198 4603 3385 4665 aurai;
3412 4601 3564 4671 μαθή-

2002 4715 2147 4768 ματα
2176 4698 2243 4752 τά
2270 4697 2622 4769 ἱερογλυφικά
2650 4697 2981 4769 καλούμενα,
3013 4696 3084 4749 τὰ
3119 4700 3178 4749 ὲν
3226 4702 3338 4761 tot;
3372 4696 3559 4754 ἀδύτοις

1998 4792 2059 4843 ού
2092 4792 2202 4853 τοῖς
2228 4790 2502 4860 τυχοῦσιν,
2535 4790 2673 4844 ἀλλά
2702 4791 2813 4853 τοῖς
2846 4790 3122 4862 ὲγκρίτοις
3153 4789 3555 4861 παραδιδόμνν

1998 4877 2073 4936 ὧν
2104 4886 2133 4937 ὁ
2164 4884 2449 4955 προφήτης
2482 4887 2529 4937 εί
2567 4884 2661 4937 καὶ
2688 4883 2785 4955 τὴν
2805 4883 3011 4954 εἴδησιν
3041 4883 3225 4953 ἔσχεν,
3256 4884 3373 4937 ἀλλ’
3399 4882 3556 4935 οὐκέτι

2001 4976 2094 5029 καὶ
2127 4976 2224 5048 τὴν
2258 4976 2474 5047 χρῆσιν,
2510 4977 2585 5041 ὡς
2619 4975 3001 5046 ἀντικειμένην
3032 4979 3099 5047 τῇ
3130 4974 3279 5030 κατά
3315 4976 3439 5029 Θεὸν
3476 4992 3552 5025 πο·

1997 5067 2170 5139 λιτεία
2196 5068 2305 5121 τῶν
2365 5068 2659 5140 Ἐϐραίων,
2700 5070 2769 5123 δι’
2818 5067 2884 5139 ἥν
2927 5070 3353 5140 καταφρονήσας
3393 5068 3479 5138 τῆς
3506 5068 3551 5117 ἐν

1999 5161 2257 5231 Αἰγύπτῳ
2277 5162 2457 5232 πάσης
2490 5162 2774 5232 βασιλικῆς
2804 5161 3147 5225 δυναστείας,
3177 5162 3350 5216 εἵλετο
3376 5175 3549 5228 συγιιιιο

1998 5254 2309 5325 κουχείσθαι
2337 5254 2413 5326 τῷ
2442 5254 2556 5326 λαῷ
2586 5254 2678 5308 τοῦ
2706 5252 2859 5309 Θεοῦ.

1992 5564 2308 5639 cernLEditi
2337 5566 2623 5639 δυναστείᾳ

1993 5708 2008 5761 Ι
2067 5637 2179 5718 (5'?)
2211 5637 2486 5706 Τιμιξσας.
2518 5636 2826 5711 ιρὶεριιιιιιιιι
2855 5640 3206 5707 προτιμήσας
3226 5646 3426 5695 mouut
3460 5636 3485 5688 S

2016 5722 2239 5778 iui-gms.
