3638 6524
8 393 130 447 1281

756 388 1223 459 QUIESTIONES
1260 388 1349 445 ET
1384 386 1919 446 RESPONSIONES
1956 388 2047 443 AD
2080 387 2576 447 ORTHODOXOS.

3188 398 3328 457 1282

81 501 473 556 ἘΡΩΤΗΣῘΣ
527 496 649 560 AA’.
688 505 773 563 El.
791 503 977 568 καθώς
1022 503 1171 568 τινές
1213 519 1394 573 φασιν,
1422 508 1606 560 ὁκατα

1814 502 2093 571 ΟΗᾹΞΞΤ.
2127 503 2372 564 XXXIV.
2429 505 2512 571 Si,
2548 516 2608 562 ut
2655 508 2906 563 nonnulli
2928 507 3147 576 dicunt,
3185 514 3332 569 dilu-

5 596 246 666 κλυσμδς
278 597 347 649 ὲν
380 598 572 651 παντὶ
603 599 756 667 τόπῳ
786 598 888 668 τῆς
917 596 1024 667 γῆς
1045 597 1107 650 οὐ
1136 596 1383 665 γέγονεν,
1406 596 1520 650 ἀλλ’
1574 598 1633 649 ὲν

5 684 119 758 ᾢοί
144 686 275 741 τότε
319 687 631 760 ἄνθρωποι
678 687 877 759 ᾧκουν,
926 687 1045 751 πῶς
1072 687 1272 758 ἀληθὲς
1305 689 1389 741 ὅτι
1443 686 1631 759 ὑψώθη

5 784 62 835 τὸ
87 781 236 851 ὕδωρ
260 780 482 835 ἐπάνω
525 782 742 835 πάντων
772 780 882 835 τῶν
923 779 1146 853 ὑψηλῶν
1176 779 1348 852 ὁρέων
1379 778 1636 834 δεκατέσ-

8 889 174 944 σαρας
202 873 478 942 πήχειςς

82 965 537 1021 ’ΔΠΟΚΡΙΣΙΣ
582 967 657 1020 Ob
709 966 857 1021 δοκεῖ
910 964 1109 1038 ἀληθὲς
1162 958 1302 1018 εῖναι
1356 963 1421 1018 τὸ
1470 963 1545 1037 μὴ
1574 964 1633 1019 ὲν

7 1058 163 1110 παντὶ
202 1057 289 1127 τῷ
327 1058 553 1130 κόσμῳ
584 1060 679 1113 τὸν
719 1058 1107 1129 κατακλυσμὸν
1136 1056 1439 1127 γεγονέναι·
1472 1058 1522 1111 εί
1558 1057 1632 1129 μή

6 1170 54 1203 τι
82 1150 191 1221 ἄρα
220 1150 560 1224 κοιλότεροι
589 1147 731 1223 ἦσαν
758 1153 806 1205 οἱ
843 1150 999 1204 τόποι
1027 1149 1157 1204 ἔνθα
1187 1150 1216 1202 ὁ
1245 1147 1635 1219 κατακλυσμὸς

8 1244 243 1311 ἐγένετο,
281 1243 412 1296 τῶν
446 1243 662 1297 λοιπῶν
683 1243 864 1296 τόπων
897 1242 996 1313 τῆς
1026 1242 1149 1311 γῆς.

84 1335 483 1389 ἘΡΩἹἨΣΙΣ
504 1334 629 1388 AE'.
644 1335 706 1387 Et
737 1334 846 1388 τῶν
861 1332 1071 1403 ἀλόγων
1099 1332 1356 1387 ἁπάντων
1380 1332 1637 1405 δημιουρ-

6 1429 94 1496 γός
126 1429 286 1479 ἐστιν
317 1429 352 1479 ὁ
384 1427 559 1491 Θεὸς,
583 1426 672 1481 διὰ
698 1426 752 1480 τί
778 1426 841 1480 τὸ
866 1425 1115 1496 διχηλοῦν
1137 1424 1308 1498 ὁπλὴν
1336 1426 1431 1479 καὶ
1461 1442 1637 1497 μηρυ-

8 1518 199 1590 κισμδν
234 1519 351 1590 μὲν
380 1518 545 1589 ἕχον,
577 1518 817 1591 καθαρὸν
862 1512 1000 1571 εἶναι
1027 1518 1377 1589 damma-ro;
1407 1518 1503 1570 καὶ
1525 1517 1634 1571 πά-

7 1612 82 1663 λιν
106 1610 196 1663 διὰ
249 1610 309 1662 τί
365 1609 444 1663 τὸ
507 1610 852 1681 μηρυκισμὸν
906 1610 1006 1681 μὲν
1033 1608 1155 1679 ἔχον
1198 1604 1312 1663 οἷον
1364 1609 1633 1681 κάμηλος,

8 1702 171 1774 ὁπλὴν
199 1702 262 1755 δὲ
301 1703 389 1774 μὴ
419 1702 704 1775 διχηλοῦν,
735 1703 793 1756 ὲν
844 1703 958 1765 τοῖς
993 1700 1181 1765 καλοῖς
1212 1700 1320 1772 (47)
1350 1701 1632 1767 τέτακται,

10 1796 97 1848 καὶ
143 1795 210 1847 τὸ
260 1793 549 1866 διχηλοῦν
581 1795 677 1866 μὲν
722 1792 822 1865 τὴν
847 1793 1050 1864 ὁπλὴν,
1106 1792 1450 1865 μηρυκισμὺν
1474 1794 1530 1846 δὲ
1558 1792 1633 1864 μὴ

1734 598 1881 652 vium
1918 598 1972 651 in
2007 598 2154 652 omni
2178 608 2340 654 terra:
2376 601 2498 654 loco
2550 617 2661 656 non
2698 600 2821 669 fuit,
2847 600 2943 656 sed
2995 601 3052 656 in
3086 603 3179 666 iis,
3208 622 3328 675 quae

1733 696 1869 744 tunc
1928 689 2180 746 homines
2240 693 2599 760 incolebant,
2673 694 2951 764 quomodo
2998 710 3192 749 verum
3244 706 3326 752 est

1734 796 1932 852 aquam
1967 792 2213 839 evectam
2268 785 2442 841 fuisse
2483 801 2651 856 supra
2714 787 3020 843 altissimos
3077 802 3327 859 quosque

1734 884 1951 929 montes
1984 876 2299 946 quindecim
2325 878 2564 934 cubitis?

1806 964 2007 1022 RESP.
2040 966 2240 1022 Verum
2262 985 2385 1025 esse
2421 986 2531 1024 non
2563 970 2784 1026 videtur
2811 986 2922 1025 non
2956 970 3011 1025 in
3034 971 3183 1027 omni
3204 971 3327 1026 loco

1734 1056 1998 1113 diluvium
2054 1060 2367 1125 exstitisse,
2419 1062 2528 1116 nisi
2579 1062 2719 1117 forte
2772 1063 3069 1117 decliviora
3121 1063 3327 1119 fuerint

1736 1149 1893 1218 loca,
1925 1152 1981 1205 in
2031 1153 2234 1223 quibus
2297 1153 2564 1209 diluvium
2611 1156 2853 1223 exstitit,
2905 1157 3121 1211 caeteris
3166 1165 3327 1211 terra:

1736 1244 1893 1301 locis.

1799 1335 2080 1403 QUIEST.
2129 1338 2351 1394 XXXV.
2407 1338 2467 1395 Si
2525 1343 2769 1397 omnium
2832 1340 3063 1396 rationis
3130 1355 3327 1411 exper-

1736 1428 1874 1482 tium
1901 1429 2153 1485 conditor
2177 1438 2261 1487 est
2295 1430 2441 1487 Deus
2461 1470 2475 1498 ,
2511 1444 2682 1503 quare
2716 1432 2863 1502 quod
2899 1432 3121 1487 billdam
3152 1448 3327 1501 ungu-

1737 1520 1844 1575 lam
1873 1522 2038 1577 habet
2072 1538 2136 1576 ac
2159 1523 2423 1586 ruminat,
2464 1522 2517 1577 id
2550 1523 2816 1577 mundum
2847 1538 2968 1579 esse
2996 1524 3323 1594 pronuntia—

1737 1614 1852 1680 vit;
1884 1629 1948 1669 ac
1991 1631 2187 1671 rursus
2236 1631 2406 1685 quare
2440 1615 2492 1670 id
2538 1614 2685 1686 quod
2717 1616 2961 1670 ruminat
2987 1613 3229 1685 quidem,
3265 1624 3325 1669 ut

1738 1709 2002 1771 cametus,
2037 1706 2135 1762 sed
2164 1707 2386 1761 biﬁdam
2415 1709 2676 1777 ungulam
2713 1723 2823 1763 non
2860 1706 3045 1772 habet,
3079 1706 3134 1760 in
3164 1705 3324 1760 malis

1739 1809 2082 1863 numeratur.
2116 1808 2170 1854 et
2201 1802 2345 1872 quod
2382 1800 2641 1869 ungulam
2673 1798 2890 1869 quidem
2940 1798 3162 1852 biﬁdam
3221 1797 3325 1851 ba-

13 1886 145 1957 ἕχον,
171 1880 293 1940 οἷον
325 1890 558 1959 χοῖρος,
610 1888 669 1941 ὲν
718 1890 833 1949 τοῖς
863 1885 937 1957 μὴ
984 1885 1242 1957 καθαροῖς
1286 1886 1592 1954 λελόγισται

1795 1899 1849 1957 et,
1887 1893 1982 1947 sed
2013 1907 2123 1946 non
2157 1892 2420 1956 ruminat,
2454 1901 2513 1946 ut
2534 1905 2772 1962 porcus,
2809 1892 2863 1945 in
2916 1889 3215 1944 immundis
3241 1904 3329 1943 re-

15 1979 116 2030 Καί
144 1980 205 2031 ὲν
236 1981 369 2041 τοῖς
408 1977 601 2049 ἰχθύσι
632 1977 689 2030 δὲ
715 1977 786 2031 τὰ
813 1977 1156 2043 ἀλεπίδωτα;
1184 1979 1293 2031 Καὶ
1318 1977 1388 2030 τά
1416 1977 1638 2031 πετεινὰ

13 2070 90 2124 διὰ
114 2071 169 2123 τί
197 2070 544 2142 διῄρηνται,
577 2069 756 2123 καίτοι
807 2068 971 2121 τινῶν
1005 2068 1284 2141 καθαρῶν,
1337 2069 1478 2139 εἴγε
1509 2087 1640 2139 συγ-

17 2162 327 2235 χωροῦνται
350 2203 369 2228 ,
430 2162 615 2217 ταύτά
661 2163 775 2225 τοῖς
826 2160 1161 2234 ἀκαθάρτοις
1206 2161 1497 2216 ἐσθιόντων
1544 2163 1639 2216 καλ⁵

18 2256 377 2326 πραττόντων
402 2272 421 2321 ;

24 2316 35 2415 ξ
59 2316 69 2326 ”
92 2316 530 2401 ’ΔΠόΚΡίέΙΣ
551 2346 714 2400 Φύσει
751 2347 849 2417 μὲν
870 2344 1090 2417 καθαρά
1124 2345 1358 2418 ὑπάρχει
1375 2346 1550 2401 πάντα
1569 2347 1640 2401 τά

22 2438 146 2505 ζῶα,
168 2440 272 2493 καὶ
302 2439 467 2493 κα.λά
495 2440 600 2493 ὑπὸ
622 2438 714 2492 τοῦ
740 2437 874 2492 Θεοῦ
906 2437 966 2503 ἐξ
984 2438 1160 2510 ἀρχῆς
1184 2439 1465 2508 γεγονότα,
1495 2438 1639 2494 κατὰ

24 2531 79 2584 τὸ
136 2532 492 2604 είρημένον·
557 2532 670 2586 Καὶ
737 2530 900 2585 εἶδεν
967 2535 1000 2585 ό
1068 2531 1214 2598 Θεὸς
1275 2532 1472 2585 πάντα
1520 2530 1639 2584 ὅσα

24 2620 294 2689 ἐποίησε,
325 2625 440 2677 καὶ
477 2623 606 2677 ἰδοὺ
658 2623 815 2677 καλὰ
842 2623 1003 2688 λίαν,
1058 2623 1151 2675 καὶ
1178 2623 1277 2693 τῆς
1303 2624 1454 2686 θείας
1479 2640 1637 2676 τετυ-

30 2715 225 2785 ῃκότα
256 2717 557 2785 εὐλογίας,
585 2715 872 2788 λεγούσηςο
903 2715 1255 2780 Αὺξάνεσθε
1278 2718 1375 2771 καὶ
1410 2717 1639 2783 πληθύ-

30 2813 216 2862 νεσθε.
258 2809 417 2862 Ἀλλ’
453 2809 643 2881 ἐπειδὴ
673 2808 924 2862 ἐϐούλετο
944 2810 973 2861 ό
996 2808 1149 2874 Θεὸς,
1179 2808 1368 2879 ὥσπερ
1397 2810 1454 2862 ὲν
1480 2810 1635 2873 πᾶσι,

34 2904 131 2964 τοῖς
154 2901 520 2973 ἑσθιομένοις
546 2902 651 2954 ὑπὸ
699 2902 792 2955 τὸν
842 2899 1005 2969 ζυγὸν
1059 2900 1160 2971 τῆς
1206 2899 1299 2953 τοῦ
1327 2902 1491 2972 νόμου
1518 2901 1639 2954 δου-

35 2993 170 3057 λείας
226 2995 585 3066 ποιήσασθαι
635 2994 764 3058 τοὺς
832 2992 1139 3059 Ἰουδαίους,
1189 2991 1278 3045 διὰ
1330 2992 1489 3045 τοῦτο
1528 2992 1638 3047 τῶν

41 3085 198 3151 ζώων,
229 3089 331 3141 καὶ
361 3087 665 3151 πετεινῶν,
693 3087 786 3139 καὶ
841 3085 1061 3155 ἰχθύων,
1090 3084 1214 3139 τινὰ
1266 3084 1363 3155 μὲν
1384 3083 1637 3155 ὠνόμασε

39 3178 263 3250 καθαρὰ,
317 3172 404 3233 ὧν
457 3180 558 3233 καὶ
608 3179 709 3249 τὴν
740 3177 955 3248 σφαγὴν
1000 3178 1093 3231 καλ⁸
1148 3177 1248 3248 τὴν
1296 3177 1500 3249 βρῶσιν
1521 3180 1636 3241 τοῖς

50 3269 319 3335 Ἰουδαίοις
346 3272 652 3344 ἐπέτρεψε·
682 3269 805 3323 τινὰ
826 3269 882 3322 δὲ
906 3270 1190 3342 ἀκάθαρτα
1226 3270 1529 3341 ὠνόμασεν,
1558 3264 1633 3325 ὧν

42 3360 125 3430 τὴν
154 3361 364 3433 βρῶσιν
395 3365 605 3426 αὐτοὺς
658 3364 913 3434 ἀπεῖργε.
966 3361 1200 3432 Καθαρά
1227 3358 1320 3415 οὖν
1345 3361 1521 3415 ταῦτα
1543 3364 1635 3415 καλ⁵

45 3453 313 3527 ἀκάθαρτα
344 3458 631 3525 λέγονταιο
659 3455 874 3527 καθαρά
903 3456 1020 3526 μὲν,
1050 3455 1138 3508 διὰ
1160 3454 1259 3526 τὴν
1288 3455 1468 3524 φύσιψ
1500 3455 1637 3509 ἀκά-

48 3545 200 3619 θαρτα
223 3551 305 3613 δὲ,
337 3552 433 3605 διὰ
468 3551 560 3604 τὸν
586 3550 770 3621 νόμον.
806 3549 1015 3612 Ἀλλως
1038 3549 1095 3602 δὲ
1124 3548 1285 3602 πάλιν
1309 3548 1526 3621 καθαρά
1543 3551 1637 3602 καὶ

52 3641 313 3714 ἱκάθαρτα
351 3644 638 3712 λέγονται,
668 3642 755 3696 διὰ
785 3641 991 3712 ταύτην
1033 3641 1132 3713 τὴν
1173 3641 1370 3693 αἰτίαν.
1420 3641 1636 3713 Ἐπειδὴ

54 3733 99 3783 ὲν
123 3737 183 3805 τῇ
212 3737 489 3807 Αἰγύπτῳ
512 3735 633 3787 τότε
661 3735 841 3788 πάντα
890 3733 959 3786 τά
1006 3732 1121 3798 ζῶα
1163 3733 1302 3805 πλὴν
1333 3733 1427 3786 τοῦ
1454 3734 1636 3806 χοίρου

54 3823 436 3882 ὲθεοποιοῦντοο
496 3826 586 3880 διὰ
612 3825 771 3879 τοῦτο
826 3825 934 3878 τῶν
978 3824 1133 3890 ζώων
1160 3825 1228 3879 τά
1257 3826 1357 3896 μὲν
1398 3826 1634 3898 καθαρὰ,

60 3916 114 3967 τὰ
156 3917 211 3971 δὲ
243 3921 546 3991 ἀκάθαρτα
573 3919 847 3989 ὠνόμασε·
892 3918 987 3970 καὶ
1014 3917 1082 3969 τὰ
1131 3918 1231 3988 μὲν
1262 3917 1479 3989 καθαρά
1506 3918 1636 3971 ἐπέρ

59 4010 231 4079 τρέψεν
262 4014 458 4076 αὐτοῖς
489 4011 663 4076 θύειν,
705 4011 773 4064 τά
796 4011 852 4063 δὲ
887 4009 963 4082 μὴ
997 4009 1199 4064 ἐσθίειν
1226 4010 1301 4073 ὡς
1330 4011 1636 4083 ἀκάθαρτα,

62 4098 114 4151 ἰι’
140 4103 406 4176 ἐκατέρου
447 4104 559 4174 (48)
585 4103 846 4157 δεικνύων
877 4101 1015 4155 αὐτὰ
1050 4101 1245 4166 ἀνάξια
1269 4101 1398 4156 ὄντα
1425 4102 1525 4173 τῆς
1544 4102 1638 4156 τού

62 4191 174 4245 Θεοῦ
204 4195 588 4269 προσηγορίας
617 4212 677 4248 τε
708 4196 800 4248 καὶ
832 4195 1027 4265 τιμῆς,
1072 4196 1165 4248 καὶ
1191 4196 1281 4251 διὰ
1303 4196 1396 4251 τοῦ
1418 4195 1639 4251 θύεσθαι

67 4286 143 4337 καὶ
168 4288 474 4343 ἐσθίεσθαι·
535 4289 631 4341 καὶ
673 4286 834 4342 πάλιν
888 4287 975 4342 διά
1026 4287 1122 4341 τοῦ
1173 4289 1457 4344 καλεῖσθαι
1500 4288 1639 4342 αὐτὰ

67 4378 346 4453 ἀκάθαρτα.
1524 4376 1531 4388 ’

140 4472 487 4529 ἘΡΩΤΗΣΙΣ
544 4474 684 4541 Λςν.
721 4474 785 4527 Et
828 4473 892 4526 τὸ
938 4474 1092 4529 Θεῖον
1140 4477 1353 4548 τροπῆς
1397 4476 1643 4530 ἀνεπίδε-

1739 1984 2038 2039 censctur?
2085 1982 2267 2053 Atque
2320 1982 2376 2037 in
2428 1982 2675 2053 piscibus
2727 1996 2827 2035 cur
2872 1977 3155 2035 immunda
3203 1994 3328 2049 quae

1739 2076 1983 2145 squamis
1998 2075 2212 2129 carent?
2233 2073 2377 2128 Aves
2398 2074 2560 2129 etiam
2593 2088 2693 2127 cur
2718 2071 2993 2125 distinctae
3024 2071 3103 2125 ³⁵2
3127 2071 3326 2126 Munda

1737 2167 1938 2237 quippe
1965 2166 2252 2229 nonnulla,
2308 2165 2355 2220 si
2389 2164 2470 2219 eis
2498 2162 2860 2227 concedatur,
2885 2162 3077 2217 eadem
3121 2176 3188 2217 ac
3218 2162 3326 2217 im-

1738 2257 1941 2312 munda
1965 2257 2262 2312 comedunt
2284 2267 2339 2311 et
2366 2255 2617 2311 faciunt?

1807 2349 2007 2405 RESP.
2061 2348 2268 2404 Natura
2299 2348 2504 2403 munda
2538 2355 2669 2402 sunt
2698 2344 2996 2398 animantia
3027 2343 3234 2406 omnia,
3270 2350 3326 2399 et

1736 2444 1879 2499 bona
1903 2458 1933 2496 a
1966 2442 2076 2498 Deo
2097 2442 2351 2511 primitus
2375 2440 2539 2505 facta,
2578 2437 2882 2494 secundum
2915 2436 3048 2491 illud
3079 2436 3324 2491 dictum:

1738 2535 1809 2589 Et
1851 2535 1981 2589 vidit
2023 2534 2165 2588 Deus
2211 2534 2389 2587 omnia
2436 2547 2762 2603 quascunque
2791 2530 3007 2599 fecerat,
3063 2538 3115 2583 et
3175 2537 3325 2583 erant

1738 2626 1888 2682 valde
1918 2626 2076 2690 bona,
2128 2632 2182 2679 et
2243 2625 2485 2679 divinam
2544 2638 2806 2692 accepere
2866 2620 3326 2688 benedictionem,

1736 2720 1850 2776 Deo
1881 2720 2134 2775 dicente:
2171 2718 2404 2773 Crescite
2437 2726 2488 2771 et
2522 2716 2958 2784 multiplicamini
2982 2715 3047 2770 ³⁸.
3075 2713 3180 2771 Sed
3198 2713 3329 2783 quia

1735 2812 1952 2867 volebat
1986 2810 2151 2873 Deus,
2188 2816 2247 2864 ut
2279 2811 2332 2864 in
2394 2809 2654 2864 omnibus
2711 2807 2903 2868 rebus,
2962 2806 3037 2860 ita
3076 2806 3131 2859 in
3164 2805 3327 2870 cibis,

1734 2904 1867 2975 iugo
1887 2904 2170 2960 servitutis
2213 2902 2349 2971 legis
2397 2900 2617 2956 Iudaeos
2669 2899 2974 2968 subjicere,
3035 2906 3327 2968 prOpterea

1738 2996 2058 3051 animalium
2121 3002 2177 3050 et
2230 2994 2415 3048 avium
2473 3000 2528 3049 et
2584 2992 2817 3061 piscium
2868 2989 2973 3042 alia
3036 2988 3330 3060 appellavit

1738 3088 1967 3153 munda,
1993 3103 2115 3159 qua:
2142 3094 2197 3141 et
2227 3085 2512 3140 immolare
2544 3092 2598 3137 et
2626 3082 2787 3137 edere
2807 3079 3010 3135 Iudaeis
3040 3078 3328 3150 permisit;

1740 3182 1849 3235 alia
1897 3196 2030 3235 vero
2087 3177 2391 3241 immunda,
2426 3190 2659 3246 quorum
2693 3191 2792 3230 esu
2846 3175 2971 3229 illos
3013 3174 3326 3244 prohibuit.

1740 3272 1942 3328 Munda
1994 3272 2160 3343 igitur
2195 3270 2310 3325 hanc
2364 3276 2419 3324 et
2470 3268 2749 3322 immunda
2784 3265 3075 3333 dicuntur;
3127 3267 3331 3321 munda

1741 3368 1960 3437 quidem
1992 3371 2214 3436 propter
2246 3371 2525 3427 naturam,
2582 3360 2861 3415 immunda
2923 3375 3055 3414 vero
3108 3368 3332 3430 propter

1742 3461 1936 3531 legem.
1962 3458 2178 3513 Rursus
2200 3465 2382 3511 autem
2420 3454 2625 3509 munda
2657 3461 2711 3509 et
2756 3452 3036 3508 immunda
3070 3450 3334 3517 dicuntur

1740 3552 1811 3608 ob
1844 3552 1987 3605 hanc
2020 3565 2264 3605 causam.
2302 3547 2535 3613 Quando
2585 3545 2805 3615 quidem
2843 3545 2897 3599 in
2919 3543 3158 3615 {Egypto
3200 3552 3333 3598 tunc

1740 3643 1905 3715 455
1938 3642 2197 3697 animalia
2249 3641 2461 3717 omnia,
2506 3646 2705 3709 praeter
2735 3651 2988 3706 porcum,
3043 3635 3333 3691 divinitate

1741 3737 2135 3801 donabantur,
2195 3740 2484 3803 pr0pterea
2554 3730 2872 3784 animalium
2940 3728 3047 3781 alia
3110 3726 3331 3797 quidem

1742 3828 1970 3891 munda,
2002 3826 2108 3880 alia
2138 3839 2270 3880 vero
2334 3822 2618 3876 immunda
2663 3819 2986 3889 appellavit,
3029 3834 3095 3873 ac
3127 3819 3333 3873 munda

1746 3920 1967 3992 quidem
2005 3917 2252 3989 permisit
2276 3914 2386 3971 illis
2416 3921 2477 3969 ut
2515 3913 2884 3977 immolarent,
2920 3911 3202 3966 immunda
3230 3927 3330 3964 au-

1744 4021 1851 4067 tem
1884 4011 2047 4067 edere
2074 4009 2269 4073 vetuit,
2306 4008 2361 4062 in
2395 4014 2634 4076 utroque
2668 4004 2873 4059 docens
2918 4018 2981 4058 ea
3018 4001 3112 4058 Dei
3146 4004 3333 4073 appel-

1745 4106 1951 4163 latione
1970 4114 2025 4161 et
2044 4104 2252 4159 honore
2280 4100 2501 4171 indigna
2543 4114 2689 4162 esse,
2723 4107 2777 4152 et
2806 4097 2952 4168 quod
2984 4097 3336 4165 immolaren-

1745 4206 1838 4253 tur
1868 4206 1923 4254 et
1951 4197 2266 4261 ederentur,
2297 4198 2350 4247 et
2379 4206 2576 4246 rursus
2599 4187 2748 4260 quod
2771 4187 3057 4243 immunda
3095 4189 3336 4261 appella-

1746 4301 1959 4348 rentur.

1820 4471 2102 4540 QUEST.
2131 4467 2372 4523 XXXVI.
2407 4466 2463 4520 Si
2487 4469 2541 4522 in
2575 4464 2744 4520 Deum
2767 4479 2876 4517 non
2909 4461 3055 4517 cadit
3082 4464 3333 4527 mutatio,

69 4580 193 4627 κτον,
226 4568 311 4621 διὸ
341 4569 398 4622 τί
421 4568 550 4639 περὶ
582 4566 682 4637 τῆς
715 4566 947 4638 χρίσεως
977 4567 1072 4621 τοῦ
1101 4567 1275 4623 Σαοὺλ
1304 4570 1451 4637 λέγει
1482 4586 1606 4641 μετα

1796 4581 1930 4621 uare
1962 4564 2242 4618 unctionis
2277 4560 2460 4616 Saulis
2489 4558 2627 4613 dicit
2654 4572 2713 4611 se
2746 4555 3067 4625 paenitentia
3092 4553 3253 4619 duci,
3282 4563 3337 4609 et

77 4654 347 4724 μελεῖσθαι,
386 4660 483 4714 καὶ
519 4660 647 4730 περὶ
672 4658 773 4728 τῆς
804 4659 1192 4732 καταστροφῆς
1213 4662 1313 4733 τῆς
1344 4659 1533 4715 Νινευῒ
1559 4661 1643 4715 ὅτι

77 4752 418 4824 μετενόησενᾜ

144 4841 539 4899 ἈΠΟΚΡΙΣῘΣ.
601 4844 658 4896 ’0
705 4842 984 4914 Δεσπότης
1043 4844 1177 4907 Θεὸς
1227 4845 1321 4900 καὶ
1385 4844 1529 4900 κατά
1582 4846 1646 4900 τὸ

80 4928 334 5005 ὑπάρχειν,
373 4937 471 4989 καὶ
502 4935 642 4989 κατά
682 4935 743 4987 τὸ
771 4934 1035 5005 πράττειν
1062 4935 1162 4999 τάς
1190 4936 1508 5008 πρεπούσας
1540 4938 1643 4990 αύ-

80 5022 143 5092 τῷ
172 5029 410 5098 πράξεις,
435 5027 706 5100 ἄτρεπτός
737 5030 853 5080 ἐστι
874 5065 889 5081 .
942 5026 1195 5100 Προνοῶν
1225 5028 1281 5081 δὲ
1308 5029 1417 5082 τῶν
1444 5045 1646 5101 τρεπο-

86 5115 232 5183 μένων
250 5124 389 5195 «pb;
418 5121 482 5175 τὸ
517 5121 793 5182 λυσιτελὲς
822 5124 937 5183 τοῖς
970 5122 1062 5174 ὑπ’
1095 5121 1260 5174 αὐτοῦ
1312 5120 1648 5193 προνοουμέ-

86 5223 193 5277 νοις,
219 5216 409 5287 τρέπει
466 5214 536 5267 τά
588 5215 906 5287 πράγματα·
942 5215 1023 5268 διὸ
1064 5213 1160 5265 καὶ
1193 5214 1329 5285 πρδς
1369 5215 1431 5267 τὸ
1458 5230 1648 5281 συγγι-

87 5301 299 5377 νώσκειν,
340 5310 439 5364 καὶ
476 5308 618 5380 πρὸς
655 5307 717 5360 τὸ
782 5308 855 5379 μὴ
911 5303 1308 5376 συγγινώσκειν
1361 5305 1650 5377 ἀτρέπτως

90 5395 196 5465 ἱχει.
226 5401 597 5474 Συγγινώσκει
645 5398 755 5470 γὰρ
789 5400 1078 5470 ἀτρέπτως
1111 5401 1225 5462 τοῖς
1274 5396 1546 5469 διορθοῦσι
1578 5396 1648 5451 τά

92 5486 262 5547 ἑαυτῶν
286 5495 609 5565 πταίσματα
627 5508 641 5522 ·
669 5494 783 5554 τοῖς
815 5490 871 5543 δὲ
898 5487 1244 5559 ἀδιορθώτως
1290 5489 1473 5560 ἔχουσι
1508 5490 1650 5559 πρὸς

151 5671 186 5703 ³⁸
205 5673 324 5733 Lev.
354 5694 417 5734 tl.

526 5675 571 5707 "
608 5674 747 5731 Gen.
780 5690 920 5743 xvii,
950 5677 1050 5741 21,
1081 5673 1173 5728 ες.

97 5827 507 5951 κιξιζηωλοῖς.
540 5829 716 5886 Probe
741 5810 1130 5899 vidit'Langus
1176 5823 1470 5896 legendum
1523 5834 1649 5879 esse

169 5915 203 5950 .0
226 5919 262 5951 ε.

169 5915 262 5964 ιοις.

1749 4662 1977 4717 Ninives
2002 4657 2311 4715 evertenda:
2335 4653 2628 4710 consilium
2658 4649 2930 4705 mutavit?

1823 4838 2027 4899 RESP.
2072 4838 2340 4894 Dominus
2378 4834 2523 4889 Deus
2557 4840 2611 4886 et
2652 4831 2707 4885 in
2756 4845 2822 4886 eo
2867 4827 3013 4900 quod
3047 4834 3165 4890 cst,
3198 4833 3253 4882 et
3282 4826 3337 4881 in

1752 4950 1839 4999 eo,
1870 4933 2016 5004 quod
2064 4930 2171 4987 sibi
2212 4923 2597 4983 convenientia
2636 4923 2787 4992 agit,
2833 4918 3195 4974 immutabilis
3223 4925 3335 4982 est;

1753 5027 2051 5099 providens
2084 5030 2265 5078 autem
2311 5020 2400 5083 iis,
2433 5034 2556 5088 qum
2582 5014 2874 5070 mutationi
2902 5012 3141 5067 obnoxia
3176 5017 3335 5072 sunt,

1756 5121 1822 5174 ad
1855 5119 2143 5173 utilitatem
2176 5128 2368 5170 eorum
2391 5151 2405 5177 ,
2443 5111 2645 5182 quibus
2671 5109 2956 5179 providet,
2991 5119 3080 5159 res
3104 5115 3339 5156 conver-

1757 5210 1848 5272 tit;
1879 5223 2051 5278 quare
2087 5218 2139 5261 et
2168 5202 2508 5275 ignoscendo
2541 5209 2595 5255 et
2626 5215 2735 5254 non
2768 5193 3101 5269 ignoscendo
3141 5191 3343 5278 immu-A-

1755 5276 1941 5357 tabilis
1972 5306 2080 5354 est.
2115 5296 2356 5367 Ignoscit
2393 5291 2614 5363 quidem
2661 5286 3077 5344 immutabiliter
3110 5281 3209 5342 iis,
3246 5276 3338 5347 qui

1757 5408 1888 5451 suos
1919 5392 2164 5462 ipsorum
2198 5389 2388 5460 lapsus
2415 5384 2745 5448 emendant;
2780 5381 2846 5434 iis
2871 5386 3074 5435 autem,
3106 5371 3198 5441 qui
3218 5369 3343 5462 sine

1756 5460 2146 5542 emendatione
2179 5482 2236 5536 in
2280 5480 2443 5535 malis
2494 5478 2880 5547 perseverant,
2924 5460 3344 5522 immutabiliter

1830 5819 1947 5891 (48)
1976 5819 2054 5891 Δις
2082 5813 2389 5891 ἑκατέρου.
2417 5808 2862 5891 Prmpositionem
2885 5805 3192 5891 addendam
3219 5818 3339 5861 esse

1760 5876 1889 5948 vidit
1923 5876 1985 5944 lt.
2023 5876 2355 5955 Stephanus,
2390 5876 2616 5951 eamque
2649 5878 2856 5934 addiJil
2884 5876 3231 5951 Sylburgius.
