3638 6490
318 382 339 437 1
350 378 455 435 283

1138 376 1501 436 APPENDI‘X.
1543 368 1817 437 arms
1852 379 1890 436 ι.
1916 380 1983 436 s.
2026 376 2290 437 JUSTINI
2332 381 2560 437 omam
2600 381 2872 469 Spuma.

3450 383 3561 440 ιεει

312 510 421 550 non
449 492 703 565 ignoscit.
724 489 865 548 Illud
895 493 1081 567 igitur,
1113 494 1417 562 pauitantia
1452 495 1615 548 ducor
1649 493 1716 559 ⁸⁷,
1747 495 1882 550 illius

2062 514 2068 549 :
2102 494 2265 559 κακά,
2299 495 2585 567 ἀτρέπτως
2612 496 2672 547 οὐ
2705 492 3086 563 συγγινώσκει.
3120 492 3198 547 Τὸ
3229 488 3320 548 οὖν
3344 512 3563 565 μεταμε-

310 586 366 640 ln
394 600 504 639 non
532 584 869 655 ignoscendo
916 584 1413 641 immutabilitatem
1462 586 1724 641 declarat.
1762 584 1899 642 Illud

310 682 519 737 autem,
554 672 837 727 consilium
862 675 1086 725 mutavit
1114 672 1375 727 Dominus
1407 673 1473 737 ⁸⁸,
1495 674 1644 730 illius
1667 678 1722 730 in
1753 676 1902 747 igno-

312 769 522 825 scendo
562 768 1067 824 immutabilitatem
1119 769 1485 823 demonstrat.
1534 767 1899 826 immutabilis

311 862 458 915 enim
484 867 569 915 est
602 859 777 923 Deus,
822 875 887 913 ac
922 874 1137 930 semper
1182 860 1238 913 in
1272 860 1340 914 iis
1364 900 1378 924 ,
1412 876 1533 930 quin
1564 861 1666 931 ipsi
1699 878 1901 918 conve-

313 948 494 1012 niunt,
522 947 749 1017 agendis
775 954 1089 1017 permanet;
1124 948 1484 1003 mutationem
1518 960 1696 1005 autem
1724 952 1789 1006 ad
1812 967 1897 1020 ea,

313 1054 435 1108 qua:
465 1038 645 1109 ipsum
674 1054 790 1093 non
823 1038 1038 1104 decent,
1074 1037 1355 1107 facienda,
1391 1056 1673 1113 nunquam
1721 1044 1900 1099 susei-

314 1129 415 1200 pit.

381 1218 663 1287 QUJES’I‘.
696 1219 963 1273 XXXVII.
995 1220 1055 1275 Si
1079 1218 1309 1279 Joannis
1343 1224 1620 1293 baptisma
1650 1240 1762 1280 non
1796 1225 1900 1281 fuit

308 1312 611 1366 secundum
637 1312 845 1381 legem,
885 1321 949 1366 ut
986 1312 1243 1384 profecto
1282 1331 1393 1371 non
1434 1316 1573 1384 fuit,
1621 1319 1899 1389 quomodo

309 1416 418 1456 non
449 1409 646 1471 prater
675 1403 847 1473 legem
880 1403 1008 1468 fuit,
1040 1413 1095 1459 et
1122 1406 1397 1476 quomodo
1420 1409 1487 1463 ab
1520 1409 1629 1471 his,
1655 1411 1746 1481 qui
1781 1412 1899 1482 lege

307 1493 559 1548 obstricti
608 1502 799 1558 erant,
848 1503 1172 1567 susceptum
1211 1497 1349 1552 fuit?
1391 1500 1682 1565 Quomodo
1716 1511 1896 1559 autem

306 1598 418 1637 non
449 1584 585 1655 legis
617 1590 1065 1655 transgressores
1085 1588 1263 1653 fuere,
1295 1592 1390 1659 qui
1420 1605 1547 1644 cum
1579 1600 1764 1646 essent
1796 1593 1898 1647 sub

310 1676 457 1746 lege,
514 1676 648 1730 illud
701 1686 892 1730 contra
926 1678 1101 1748 legem
1164 1679 1439 1749 baptisma
1496 1685 1899 1754 susceperunt?

306 1766 466 1834 Quod
491 1767 539 1823 si
579 1768 685 1823 sub
712 1769 832 1839 lege
862 1777 984 1823 erat
1012 1772 1204 1841 gratiae
1237 1772 1509 1843 baptisma
1532 1814 1547 1838 ,
1581 1790 1683 1831 nec
1714 1785 1894 1831 tamen

1994 584 2275 653 μέλημαι,
2299 585 2360 637 τὸ
2378 584 2650 657 ἄτρεπτον
2684 583 2851 639 αὐτοῦ
2889 584 3148 655 ἐμφαίνει
3174 585 3239 637 τὸ
3263 586 3405 639 κατὰ
3421 588 3479 639 τὸ
3504 590 3563 657 μὴ

1999 674 2411 744 συγγινώσκειν.
2475 677 2550 730 T6
2616 678 2694 739 δὲ,
2753 678 3130 745 μετενόησεν
3170 679 3205 730 ὀ
3262 679 3492 745 Κύριοζ,
3518 680 3567 730 τὸ

1995 768 2265 840 ἄτρεπτον
2281 770 2443 823 αὐτοῦ
2470 770 2621 840 δηλοῖ
2636 770 2697 823 τὸ
2722 768 2864 823 κατὰ
2885 771 2945 822 τὸ
2974 768 3568 841 συγγινώσκειν.’Δτρε-

1998 879 2131 925 πτος
2160 863 2269 934 γάρ
2319 865 2465 915 ἐστιν
2518 866 2547 916 6
2579 863 2729 925 Θεὸς,
2762 864 2855 915 καὶ
2896 864 2984 915 ἀεὶ
3016 865 3075 915 ὲν
3107 866 3224 925 τοῖς
3270 862 3422 933 αὐτῷ
3454 864 3571 932 πρὲ-

1998 970 2157 1007 πουσι
2182 951 2326 1008 ποιεῖ
2359 956 2634 1025 διαμένειν
2665 954 2774 1025 (49)
2800 972 2813 983 ·
2842 954 3052 1026 τροπὴν
3102 955 3148 1008 δ’
3198 956 3279 1018 εἰς
3301 956 3367 1007 τὸ
3415 956 3569 1006 ποιεῖν

1996 1045 2066 1098 τά
2103 1045 2179 1117 μὴ
2208 1047 2487 1117 πρέποντα
2507 1047 2681 1117 αὐτῷ,
2704 1048 2765 1100 οὐ
2794 1047 3009 1117 δέχεταί
3034 1043 3191 1100 ποτε.

2079 1226 2431 1279 ἘΡΩΤΗΣΙΣ
2480 1226 2602 1280 ΛΖ’.
2665 1227 2729 1279 Εἰ
2774 1226 2837 1279 τὸ
2877 1228 3129 1281 Ἰωάννου
3169 1227 3456 1297 βάπτισμα
3511 1230 3573 1297 μὴ

1998 1316 2139 1385 κατὰ
2170 1318 2331 1387 νόμον
2350 1313 2437 1388 ἦν,
2464 1316 2652 1388 ὥσπερ
2676 1312 2768 1370 οῦν
2792 1318 2915 1371 οὔτε
2944 1313 3033 1389 ἦν,
3069 1318 3190 1381 πῶς
3220 1319 3323 1371 οὐκ
3345 1314 3416 1389 ἦν
3443 1320 3575 1391 παρὰ

1996 1411 2089 1463 τὸν
2141 1410 2324 1482 νόμον,
2361 1412 2454 1464 καὶ
2482 1410 2601 1473 πῶς
2627 1412 2731 1463 ὑπὸ
2756 1411 2865 1464 τῶν
2896 1412 3141 1481 ἐννόμων
3181 1412 3415 1481 ὲδέχθης
3466 1413 3574 1476 Πῶς

1996 1502 2052 1554 δὲ
2085 1503 2145 1555 οὐ
2170 1504 2477 1574 παράνομοι
2500 1504 2550 1555 οἱ
2586 1503 2690 1556 ὑπὸ
2712 1503 2803 1555 τὸν
2834 1503 2998 1575 νόμον
3022 1505 3197 1568 ὄντες,
3234 1507 3329 1557 καὶ
3354 1505 3419 1557 τὸ
3446 1507 3575 1577 παρὰ

1996 1594 2088 1645 τὸν
2139 1595 2304 1664 νόμον
2338 1595 2619 1666 δεξάμενοι
2656 1595 2977 1667 βάπτισμα;
3018 1598 3083 1649 Εἰ
3119 1598 3178 1649 δὲ
3228 1599 3339 1651 ὑπὸ
3388 1600 3573 1651 τδννό-

2001 1702 2099 1755 μον
2134 1686 2396 1756 ἐτύγχανε
2443 1686 2506 1739 τὸ
2536 1687 2638 1757 τῆς
2679 1688 2899 1757 χάριτος
2934 1688 3243 1761 βάπτισμα,
3279 1691 3419 1761 μήτε
3454 1692 3574 1742 κατὰ

1998 1778 2185 1847 νόμον,
2229 1780 2368 1849 μήτε
2399 1780 2540 1853 ὑπὲρ
2566 1781 2747 1850 νόμον,
2800 1782 2936 1850 μήτε
2970 1782 3123 1850 παρὰ
3164 1782 3331 1853 νόμον
3377 1782 3574 1851 λεγόμε-

308 1859 613 1913 secundum
646 1862 847 1931 legem,
881 1876 984 1916 nec
1017 1878 1183 1932 supra
1212 1862 1384 1934 legem
1408 1907 1422 1931 ,
1460 1882 1561 1921 nec
1594 1876 1792 1937 praeter
1820 1872 1882 1924 le-

2062 1889 2109 1934 ν,
2146 1870 2287 1925 κατὰ
2319 1871 2371 1924 τί
2396 1873 2677 1943 γινόμενον
2706 1871 3098 1943 εῦρεθήσεταις

308 1966 429 2021 gem
452 1950 625 2007 fuisse
656 1952 888 2019 dicitur;
925 1968 1054 2023 quo'
1069 1955 1289 2010 tandem
1319 1957 1484 2012 modo
1516 1961 1793 2015 exstitisse
1819 1977 1895 2015 re~

307 2042 588 2112 perietur?

378 2133 577 2189 RESP.
615 2134 895 2205 Baptisma
926 2135 1156 2193 Joannis
1194 2140 1523 2209 prommium
1559 2149 1681 2197 erat
1716 2141 1896 2198 Evan-

308 2228 434 2298 gelii
475 2230 706 2298 gratiae;
744 2246 915 2299 quare
960 2232 1127 2286 etiam
1166 2248 1335 2303 supra
1381 2234 1555 2305 legem
1602 2252 1714 2291 non
1752 2246 1891 2293 erat.

309 2319 493 2389 Neque
523 2318 667 2374 enim
702 2321 901 2375 licebat
927 2323 1017 2386 iis,
1065 2324 1158 2393 qui
1204 2333 1398 2379 contra
1428 2326 1601 2395 legem
1633 2343 1894 2398 peccave-

309 2416 466 2471 rant,
515 2410 571 2463 in
606 2410 707 2464 hoc
738 2411 1069 2482 baptismate
1097 2429 1196 2483 per
1236 2415 1615 2485 penitentiam
1646 2428 1701 2474 et
1735 2420 1894 2476 fidem

305 2500 513 2557 Christi
538 2502 823 2572 percipere
852 2504 1262 2560 remissionem.

384 2696 668 2764 QUES‘I‘.
736 2699 1028 2758 XXXVIII.
1096 2702 1179 2757 Si'
1213 2705 1549 2776 persuadere
1603 2708 1893 2780 discipulis

303 2790 544 2846 Joannes
574 2792 641 2846 de
676 2790 921 2857 Christo,
954 2794 1133 2864 ipsum
1164 2812 1287 2851 esse
1316 2797 1621 2866 Christum,
1651 2803 1889 2867 volebat,

306 2900 434 2939 cum
472 2886 597 2939 illos
629 2886 696 2940 ad
729 2887 907 2955 ipsum
936 2888 1087 2942 misit
1132 2888 1211 2958 (id
1252 2892 1397 2945 enim
1443 2894 1693 2948 nonnulli
1738 2896 1894 2951 dixe-

305 2974 660 3047 runt),quare
686 2993 795 3030 non
827 2980 1114 3049 conceptis
1137 2982 1321 3036 verbis
1359 2983 1413 3037 id
1435 2984 1516 3039 eis
1555 2985 1888 3051 declaravit,

305 3061 401 3115 δρᾶ
430 3062 917 3133 interrogationem
950 3081 1046 3135 per
1068 3081 1165 3122 eos
1198 3067 1416 3124 Christo
1446 3073 1713 3141 protulit?
1734 3074 1892 3141 Quod

303 3153 349 3206 si
383 3170 756 3225 nequaquam,
792 3170 858 3210 eo
879 3157 1024 3225 quod
1052 3158 1289 3227 injectus
1316 3172 1461 3217 esset
1494 3163 1549 3217 in
1576 3174 1853 3221 carcerem
1871 3208 1887 3230 ,

2078 2139 2483 2193 ’AIIOKPIXIZ.
2523 2138 2596 2191 Τὸ
2643 2138 2926 2209 βάπτισμα
2974 2138 3253 2204 Ἰωάννου,
3309 2142 3574 2214 προοίμιον

1991 2227 2060 2305 ἦν
2098 2232 2191 2285 τοῦ
2226 2230 2559 2301 Εὐαγγελίου
2596 2230 2698 2300 τῆς
2744 2232 2994 2303 χάριτος·
3030 2233 3113 2285 διὸ
3162 2235 3256 2287 καὶ
3313 2234 3454 2306 ὑπὲρ
3501 2233 3577 2286 τὸν

1994 2318 2156 2389 νόμον
2184 2315 2252 2390 ἦν
2289 2320 2421 2390 (50).
2459 2321 2592 2373 Οὐδὲ
2614 2321 2686 2389 γά
2696 2338 2726 2391 ρ
2750 2320 3024 2391 ἐνεδέχετο
3058 2322 3189 2385 τοῦς
3216 2322 3359 2376 κατὰ
3387 2324 3476 2376 τὸν
3515 2323 3575 2374 νό-

1997 2430 2098 2485 μον
2136 2414 2245 2485 (51)
2279 2415 2723 2485 ἁμαρτήσαντας,
2761 2418 2818 2468 ὲν
2848 2414 3029 2485 τούτῳ
3061 2416 3152 2469 διὰ
3212 2417 3502 2487 μετανοίας
3528 2433 3577 2467 τε

1994 2506 2090 2560 καὶ
2139 2507 2376 2571 πίστεως
2430 2507 2523 2561 τοῦ
2574 2507 2811 2580 Χριστοῦ
2857 2508 3120 2575 δέξασθαι
3157 2510 3260 2580 τὴν
3309 2508 3577 2581 συγχώρη-

1998 2614 2107 2654 σιν.

2079 2689 2429 2744 ἘΡΩΤΗΣΙΣ
2467 2692 2595 2744 AH'.
2636 2692 2700 2745 Ei
2743 2691 3125 2747 πιστώσασθαι
3167 2695 3300 2757 τοὺς
3350 2694 3578 2766 μαθητάς

1992 2782 2021 2833 6
2061 2781 2315 2851 Ἰωάννης
2350 2782 2595 2853 περὶτοῦ
2627 2783 2887 2853 Χριστοῦ,
2922 2785 3007 2837 ὅτι
3043 2786 3213 2849 αὑτός
3245 2788 3418 2849 ἐστιν,
3450 2784 3579 2838 ἐϐούς

1993 2871 2133 2935 λετο,
2161 2874 2249 2925 ὅτε
2278 2874 2595 2927 ἀπέστειλεν
2634 2877 2831 2939 αὐτοὺς
2860 2877 3003 2948 πρὸς
3033 2878 3204 2931 αὑτὸν
3249 2882 3267 2945 (
3299 2878 3459 2931 τοῦτο
3485 2880 3579 2948 γάρ

1993 2979 2137 3027 τινες
2166 2967 2417 3037 εἰρήκασι
2443 2965 2484 3035 ),
2519 2966 2606 3019 διά
2642 2967 2696 3019 τί
2729 2967 2802 3039 μὴ
2831 2968 2974 3020 κατά
3004 2969 3289 3037 ἀπόφασιν
3315 2966 3469 3022 εἶπεν
3491 2971 3576 3022 αὖ·

1993 3058 2127 3118 τοῖς,
2163 3056 2297 3109 άλλά
2332 3057 2527 3110 πεῦσιν
2557 3058 2622 3111 δι’
2655 3058 2835 3111 αὐτῶν
2867 3059 2947 3130 τῷ
2963 3060 3193 3131 Χριστῷ
3212 3064 3572 3133 προσήγαγενς

1995 3148 2058 3201 Εἰ
2087 3148 2144 3201 δὲ
2171 3150 2334 3213 αὐτὸς
2362 3150 2448 3203 διὰ
2473 3149 2535 3202 τὸ
2580 3152 2645 3221 τῇ
2675 3152 2861 3222 εἱρκτῇ
2891 3153 3088 3206 ἑαυτὸν
3121 3154 3495 3225 ἐμϐεϐὶῆσθαι
3520 3158 3574 3207 ἐκ

304 3244 474 3299 variis
504 3244 865 3314 opinionibus
894 3246 1166 3303 adductus
1192 3258 1304 3314 est,
1339 3260 1397 3305 ut
1438 3252 1639 3311 dubius
1682 3258 1750 3313 de
1796 3258 1882 3313 ille

2062 3259 2098 3294 »ν
2120 3242 2426 3312 νοουμένων
2453 3242 2711 3307 ποικίλως
2745 3246 2825 3307 εἰς
2858 3245 2961 3314 τὴν
2992 3248 3122 3317 περὶ
3156 3246 3333 3300 αὑτοῦ
3358 3247 3575 3317 ἀμφιϐο-

301 3345 357 3391 et
383 3336 630 3390 incertus
663 3334 800 3391 foret
834 3337 984 3406 (nam
1018 3347 1072 3393 et
1105 3339 1158 3393 id
1195 3341 1289 3395 alii
1318 3341 1606 3417 dixerunt)
1629 3363 1729 3403 cur
1761 3364 1887 3403 eum

300 3426 385 3480 sic
415 3426 719 3496 interrogat
764 3427 922 3495 quasi
956 3427 1195 3483 nondum
1238 3419 1390 3484 illum
1420 3435 1638 3490 venisse
1681 3438 1891 3496 sciret?

301 3515 439 3571 Illud
470 3518 615 3573 enim
648 3536 660 3572 :
697 3517 776 3571 Tu
804 3535 859 3573 es
895 3520 984 3588 qui
1015 3530 1263 3575 venturus
1291 3540 1367 3589 es,
1399 3541 1467 3578 an
1511 3528 1677 3581 alium
1707 3547 1890 3601 exspe-

299 3618 507 3663 ctamus
550 3610 640 3663 ⁸⁸2
689 3610 831 3665 hanc
880 3612 949 3666 de
984 3610 1209 3668 Christo
1254 3616 1571 3686 opinionem
1618 3622 1884 3688 exhibet,

299 3700 457 3771 quasi
490 3700 539 3755 is
566 3700 810 3756 nondum
830 3702 1165 3769 advenisset,
1198 3706 1296 3761 sed
1311 3716 1573 3765 venturus
1602 3723 1891 3784 exspecta-

299 3799 473 3847 retur.
522 3791 581 3847 Id
632 3794 779 3848 enim
828 3794 875 3849 si
920 3798 1247 3865 persuasum
1284 3798 1483 3855 Joanni
1512 3802 1739 3869 fuisset,
1774 3823 1885 3863 non

302 3886 379 3938 ita
410 3884 809 3953 interrogasset
842 3904 855 3939 :
894 3885 974 3939 Tu
1020 3904 1075 3942 es
1105 3888 1373 3958 Christus,
1394 3909 1463 3946 an
1506 3894 1646 3948 alius
1694 3898 1886 3967 aliquis

302 3973 369 4025 ab
399 3976 504 4028 eo?

373 4063 537 4136 556
548 4063 1025 4133 RESPQuoniam
1043 4070 1247 4128 diversi
1264 4090 1511 4132 rumores
1525 4076 1591 4133 de
1605 4078 1887 4137 miraculis

301 4171 331 4209 a
352 4155 483 4213 Jesu
514 4158 678 4214 factis
699 4160 1126 4231 spargebantur,
1151 4164 1274 4219 aliis
1290 4165 1622 4232 dicentibus,
1642 4168 1789 4227 Elias
1803 4180 1887 4228 est

299 4253 392 4320 qui
418 4251 531 4306 haec
565 4250 716 4316 facit,
743 4253 887 4322 aliis,
922 4252 1214 4323 Jeremias,
1245 4259 1389 4323 aliis,
1418 4262 1617 4333 aliquis
1641 4264 1783 4320 alius
1816 4280 1885 4319 ex

300 4343 585 4413 prophetis
615 4344 696 4411 “;
726 4344 829 4401 hos
859 4362 1112 4404 rumores
1148 4352 1378 4408 audiens
1404 4352 1645 4411 Joannes
1677 4356 1732 4411 in
1760 4373 1885 4413 car-

299 4449 448 4498 cere,
482 4436 653 4490 mittit
682 4437 989 4509 discipulos
1020 4457 1150 4498 suos
1178 4445 1518 4500 sciscitatum
1540 4488 1555 4511 ,
1588 4455 1774 4504 utrum
1803 4452 1882 4513 is,

299 4527 395 4595 qui
434 4528 573 4583 mira
618 4528 889 4596 faciebat,
926 4533 1045 4603 ipse
1080 4543 1228 4589 esset
1256 4536 1342 4590 cui
1376 4539 1752 4595 testimonium
1783 4538 1886 4595 tri-

298 4614 518 4683 buerat,
540 4633 611 4671 an
642 4619 783 4675 alius
811 4622 1010 4690 aliquis
1041 4625 1184 4692 apud
1214 4626 1408 4696 vulgus
1431 4628 1694 4697 jactatus.
1726 4629 1887 4689 Jesus

301 4717 508 4768 autem.
535 4724 661 4763 cum
695 4720 885 4766 nosset
914 4714 1208 4769 consilium
1244 4715 1494 4784 Joannis,
1522 4726 1886 4792 praesentibus

300 4798 447 4853 illius
478 4799 763 4871 discipulis
812 4806 983 4858 multa
1036 4806 1163 4861 fecit
1212 4810 1507 4877 miracula,
1548 4817 1884 4883 persuadens

298 4887 382 4942 eis
405 4895 458 4942 et
488 4904 584 4958 per
612 4906 707 4944 eos
744 4890 940 4947 Joanni
970 4934 984 4958 ,
1018 4911 1142 4951 eum
1192 4913 1252 4953 se
1288 4916 1413 4956 esse
1434 4942 1448 4966 ,
1482 4905 1575 4973 qui
1608 4906 1883 4961 celebrata

298 4978 466 5033 etiam
497 4981 601 5035 sub
632 4982 865 5037 aliorum
899 4988 1120 5042 nomine
1150 4990 1415 5047 miracula
1448 4994 1682 5065 fecerat,
1713 4997 1883 5055 Joan-

298 5072 386 5127 nis
417 5070 734 5128 testimonio
768 5076 1044 5133 laudatus.

368 5276 413 5307 "
442 5274 461 5329 I
494 5272 628 5348 Reg.
663 5294 752 5341 xv,
779 5278 864 5332 19..

514 5432 683 5513 119(ξῖ
699 5433 1019 5513 διαμένειν.
1051 5437 1181 5513 Leg.
1217 5446 1389 5513 ποιεῖν
1416 5442 1677 5513 διαμένει.

369 5430 482 5571 (19)
514 5432 683 5487 Ποιεῖ
699 5433 1019 5504 διαμένειν.
1051 5437 1181 5507 Leg.
1217 5446 1389 5494 ποιεῖν
1416 5442 1677 5513 διαμένει.

327 5568 342 5587 9
370 5501 460 5587 (50
525 5504 691 5572 ’Υπὲρ
724 5506 829 5587 ⁴ςὸν
873 5509 1060 5576 νόμον
1114 5511 1212 5581 ἦν.
1273 5510 1583 5587 [ιρεριιόυιη
1636 5515 1735 5587 οῦκ
1784 5510 1871 5587 ἦν.

298 5568 501 5650 ξερηιιιο
529 5568 694 5643 supra
730 5576 898 5645 legem
940 5568 1051 5650 non
1098 5568 1238 5641 οὖσαι,
1279 5568 1408 5650 quia
1460 5583 1611 5637 solus
1668 5568 1874 5639 Christi

300 5639 612 5719 baptismus'
636 5639 993 5719 peccatagsub
1020 5650 1137 5719 lege
1167 5639 1460 5705 commissa
1492 5652 1764 5719 expiabat.
1816 5653 1875 5708 In

298 5705 463 5791 ᾕρει).
506 5712 571 5791 ad
600 5705 797 5791 quaest.
826 5715 951 5791 1114,
1005 5705 1355 5786 pet-calorum
1400 5705 1652 5776 remissio
1709 5705 1875 5791 supra

300 5775 472 5840 legem
506 5775 707 5833 dicitur
738 5775 1038 5840 exstitisse.

373 5844 484 5915 (51)
514 5849 672 5902 Καινὰ
702 5853 809 5901 τὼ·
849 5855 1053 5923 νόμον.
1092 5856 1306 5911 Mallem
1358 5858 1497 5911 κατὰ
1547 5862 1640 5914 τοῦ
1684 5862 1871 5933 νόμου.

974 5281 1018 5313 ³⁸
1046 5280 1170 5336 Jon.
1199 5299 1281 5349 Ill,
1320 5287 1407 5341 10.
1487 5290 1532 5321 ³⁹
1564 5289 1698 5344 an.
1728 5306 1828 5356 vn,
1864 5291 1948 5347 l9.

1994 3331 2113 3384 λίαν
2161 3334 2399 3403 κατέστη
2461 3333 2574 3403 (52)
2627 3335 2744 3403 (καὶ
2799 3335 2909 3407 γάρ
2948 3336 3111 3391 τοῦτο
3149 3340 3445 3409 εἰρήκασιν
3477 3340 3572 3408 (55)

1993 3425 2213 3497 ἕτεροι),
2242 3424 2329 3479 διὰ
2366 3425 2417 3477 τί
2454 3425 2530 3489 ώς
2568 3426 2794 3497 μηδέπω
2848 3429 3013 3481 αὑτὸν
3057 3430 3292 3486 ἐλθόντα
3339 3432 3570 3500 ἐγνωκὼς

1992 3520 2204 3589 ἐρωτᾷς
2236 3519 2309 3571 Τὸ
2337 3518 2444 3589 γάρ
2472 3519 2555 3572 Σὺ
2580 3515 2640 3572 εἷ
2659 3523 2691 3572 o'
2717 3520 3059 3589 ἐρχόμενος,
3076 3522 3335 3591 ῆὲτερον
3347 3523 3573 3593 προσδο-

1998 3610 2317 3677 κιῖ›μεν;ὠς
2340 3610 2567 3680 μηδέπω
2598 3612 2698 3681 μὲν
2725 3611 2817 3663 τὸν
2837 3613 3074 3683 Χριστὸν
3117 3616 3567 3685 παραγενόμενον,

1992 3700 2246 3771 εὔχεσθαι
2266 3702 2321 3754 δὲ
2352 3703 2512 3755 αὐτὸν
2542 3703 2655 3773 (54)
2685 3702 3163 3774 προσδοκώμενον,
3198 3706 3301 3776 τὴν
3337 3707 3567 3758 ὑπόνοιαν

1990 3792 2193 3846 δίδωσι.
2221 3794 2596 3865 Πεπεισμένος
2640 3794 2751 3866 γάρ
2779 3795 2959 3858 τοῦτο,
2982 3798 3086 3849 οὐκ
3116 3797 3184 3849 ἂν
3210 3798 3527 3869 ἐπηρώτησε
3553 3814 3563 3827 ·

1994 3884 2077 3938 Σὺ
2106 3882 2213 3939 εἷό
2251 3886 2528 3955 Χριστὸς,
2551 3888 2589 3955 ἢ
2616 3888 2817 3955 ἕτερός
2839 3906 2929 3953 τις
2955 3890 3097 3957 παρ’
3134 3890 3379 3945 ἐκεῖνον
3406 3908 3424 3955 ;

2077 4067 2475 4122 ἈΠΟΚΡ1Σ1Σ.
2534 4069 2750 4142 Ἐπειδὴ
2798 4070 3046 4142 διάφοροι
3098 4070 3285 4143 φῆμαι
3344 4072 3469 4143 περὶ
3505 4062 3565 4121 ὧν

1988 4157 2284 4228 ἐποιήσατο
2311 4159 2607 4229 θαυμάτων
2646 4161 2675 4213 6
2718 4154 2929 4231 Ἰησοῦς
2979 4162 3284 4234 διέτρεχον,
3328 4162 3433 4216 τῶν
3482 4164 3564 4232 μὲν

1991 4250 2276 4319 λεγόντων,
2316 4252 2500 4316 Ἠλίας
2532 4253 2683 4306 ἐστίν
2705 4255 2733 4307 6
2753 4253 2923 4307 ταῦτα
2955 4254 3127 4307 ποιῶν
3159 4272 3173 4285 ·
3213 4256 3327 4309 τῶν
3366 4256 3440 4320 δὲ,
3487 4256 3564 4307 ἰε-

1993 4341 2223 4413 ρεμίας·
2257 4343 2366 4397 τῶν
2402 4344 2480 4409 δὲ,
2517 4344 2709 4408 ’Λλλος
2739 4362 2823 4409 τις
2855 4346 2963 4399 τῶν
2997 4349 3333 4419 προφητῶν·
3386 4348 3562 4407 ταύτας

1988 4435 2302 4506 τάς,φήμας
2334 4435 2546 4489 ἁκούων
2577 4440 2606 4490 6
2648 4438 2900 4509 Ἰωάννης
2928 4441 2987 4492 ὲν
3015 4443 3083 4510 τῇ
3116 4441 3337 4512 εἱρκτῇ,
3377 4440 3559 4510 πέμπει

1989 4529 2115 4591 τοὺς
2152 4527 2399 4600 μαθητάς
2453 4530 2620 4582 αὑτοῦ
2678 4530 2894 4601 μαθεῖν,
2924 4534 2972 4584 εὶ
3004 4534 3033 4585 6
3057 4532 3130 4585 τά
3172 4537 3380 4603 σημεῖα
3414 4531 3558 4585 ποιῶν

1916 4601 1965 4659 υ
1991 4618 2152 4681 αὑτός
2178 4620 2324 4673 ἐστιν
2349 4623 2378 4674 6
2416 4622 2506 4674 ὑπ’
2536 4621 2702 4675 αὑτοῦ
2737 4623 3130 4695 μαρτυρηθεὶς,
3184 4601 3441 4697 ῆγέτερός
3471 4639 3555 4685 τις.

1988 4713 2015 4764 ὁ
2040 4711 2188 4782 παρὰ
2222 4712 2329 4765 τῶν
2360 4714 2569 4767 πολλῶν
2620 4714 3036 4786 θρυλλούμενος.
3084 4717 3258 4781 Γνοὺς
3308 4718 3364 4770 δὲ
3397 4721 3423 4771 6
3469 4717 3555 4783 ’1η-

1989 4800 2117 4865 σοῦς
2157 4802 2253 4855 τοῦ
2300 4804 2545 4857 Ἰωάννου
2588 4806 2679 4859 τὸν
2712 4808 2932 4870 σκοπὸν,
2979 4806 3072 4859 ἐπὶ
3124 4808 3229 4878 τῆς
3281 4805 3555 4880 παρουσίας

1984 4892 2092 4945 τῶν
2125 4893 2382 4965 μαθητῶν
2419 4896 2664 4949 Ἰωάννου
2705 4898 2926 4968 ἐποίησε
2968 4898 3141 4951 πολλὰ
3164 4900 3437 4971 θαύματα,
3464 4896 3555 4949 xei-

1984 4983 2092 5036 θων
2121 4984 2318 5047 αὐτοὺς
2352 4986 2444 5039 καὶ
2470 4986 2559 5039 τὸν
2604 4988 2855 5059 Ἰωάννην
2884 4988 2950 5041 δι’
2978 4989 3186 5053 αὐτῶν,
3224 4991 3301 5053 ώς
3323 4986 3550 5054 αὐτὸςεῆ

1987 5080 2014 5131 6
2044 5077 2362 5149 πεποιηκὼς
2398 5078 2492 5131 καὶ
2519 5078 2587 5132 τὰ
2622 5081 2707 5132 ἐπ’
2733 5082 2956 5151 ὀνόματι
2992 5083 3202 5154 ἐτέρων
3235 5080 3552 5155 φημιζόμενι

1988 5172 2262 5241 θαύματα,
2292 5175 2320 5226 6
2347 5173 2439 5225 ὑπ’
2467 5176 2633 5228 αὑτοῦ
2672 5176 3062 5246 μαρτυρηθείς.

2054 5293 2098 5323 ⁵ο
2129 5291 2321 5349 Matth.
2347 5310 2460 5359 ινι,
2494 5294 2582 5351 14.

1985 5446 2090 5525 Sed
2113 5448 2341 5525 videtur
2369 5450 2498 5506 huic
2524 5452 2778 5525 scriptori
2812 5454 3016 5525 usitata
3046 5453 3166 5509 haec
3195 5454 3446 5525 loquendi
3475 5466 3544 5525 ra-

1984 5521 2080 5575 tio.
2109 5520 2199 5573 Sic
2222 5524 2366 5575 enim
2398 5537 2562 5590 supra
2596 5520 2651 5575 in
2680 5521 2846 5592 Resp.
2876 5523 2944 5575 ad
2975 5522 3187 5589 Quaest.
3220 5520 3284 5580 51
3316 5525 3447 5579 κατὰ
3468 5522 3547 5582 τὰς

1984 5591 2158 5665 ἁγίαςΔ
2180 5592 2423 5665 Γραφάς,
2458 5600 2641 5665 contra
2672 5591 2886 5647 sanctas
2910 5593 3267 5665 δαίμων-ας.

2196 5662 2495 5736 Κατέστη.
2534 5662 2662 5736 Ιέιιε.
2696 5665 2757 5716 οὐ
2790 5664 3050 5736 κατέστη.

2076 5733 2167 5801 55)
2198 5732 2512 5801 Εὶρήκασι.
2552 5732 2817 5787 Nimirum
2849 5732 3119 5789 Joannem
3157 5738 3450 5793 dubitasse.

2054 5804 2167 5875 (54)
2199 5806 2498 5873 Εὕχεσθαι
2526 5803 2593 5856 δὲ
2616 5804 2819 5859 αὐτόν.
2849 5804 2977 5876 Leg.
3013 5807 3275 5877 ἔρχεσθαι
3302 5810 3359 5864 δὲ
3384 5803 3536 5861 αὐτόν.
