3638 6494
50 397 167 451 1289

728 381 1193 454 QUIESTIONES
1226 382 1313 437 ET
1350 380 1879 439 RESPONSIONES
1918 381 2010 434 AD
2043 379 2537 443 ORTHODOXOS.

3145 392 3283 449 £290

48 512 403 582 ξαζόντωντὴν
430 512 592 579 ἁγίαν
618 509 710 561 καὶ
731 507 993 578 ὁμότιμον
1020 504 1248 576 Τριάδα,
1288 504 1380 556 ἐπὶ
1406 503 1482 573 τῷ
1512 521 1586 573 με¹

1796 503 1913 571 pari
1946 501 2158 555 honore
2189 502 2412 572 dignam
2450 501 2796 568 Trinitatem,
2832 506 2991 574 cujus
3022 508 3278 579 baptizati

47 607 169 673 γέθει
192 604 294 657 τῶν
318 602 478 655 θείων
507 600 742 673 δωρεῶν,
766 595 833 671 ἧς
858 596 934 667 τῷ
965 596 1187 666 όνόματι
1214 595 1601 667 βαπτισθέντες

47 694 431 764 ὲδικαιώθησαν,
474 692 729 754 λαϐόντες
761 690 861 759 τῆς
906 688 1014 741 τῶν
1058 688 1324 759 οὐρανίων
1350 687 1445 739 καὶ
1470 689 1601 739 αἰω-

48 789 149 840 νίων
178 784 392 853 ἀγαθῶν
426 784 715 855 μετουσίας
736 782 834 852 τὴν
859 780 1064 832 ἐλπίδα.
1112 782 1209 832 Ὃν
1242 778 1349 849 γάρ
1374 778 1602 831 ἐθεάσα-

46 898 92 931 το
116 880 140 929 6
175 878 458 951 προφήτης
509 874 751 944 ἄνθρακα
785 874 896 936 τοῖς
924 870 1250 942 ἀκαθάρτοις
1298 868 1459 923 αὐτοῦ
1488 870 1601 940 χεί-

44 975 135 1025 λεσι
172 968 614 1042 προσαγόμενον,
678 970 754 1030 είς
796 966 1062 1036 κάθαρσιν
1106 965 1345 1036 ἀνομιῶν
1402 983 1462 1018 τε
1504 966 1600 1017 καὶ

44 1060 314 1133 ἁμαρτιῶν,
351 1062 579 1132 μήνυμα
607 1056 719 1130 εἶχε
747 1059 843 1128 τῆς
882 1057 1214 1127 Δεσποτικῆς
1252 1056 1453 1130 σαρκὸς
1495 1072 1598 1109 κα-

43 1151 336 1225 θαριζούσης
364 1152 426 1204 τὸ
454 1150 692 1213 συνειδὸς
717 1150 824 1202 τῶν
852 1148 1137 1200 ἐσθιόντων
1164 1148 1333 1219 αὐτὴν
1362 1148 1469 1201 άπὸ
1495 1149 1599 1202 πά-

41 1263 121 1315 σης
142 1242 409 1306 ἀσεϐείας.
437 1242 539 1297 Διὰ
564 1243 620 1296 δὲ
643 1241 743 1312 τῆς
784 1241 923 1294 κατά
966 1239 1054 1292 τὸν
1102 1242 1387 1311 προφήτην
1441 1240 1599 1305 Ἰεζε-

41 1337 139 1407 κιήλ
162 1336 425 1399 ὀπτασίας
464 1336 535 1388 τὰ
572 1335 832 1405 μέλλοντα
873 1332 1061 1403 ἐδήλου
1106 1330 1479 1403 συμϐήσεσθαι
1520 1331 1599 1401 τῷ

38 1426 478 1498 Ναϐουχοδονόσορ
510 1426 717 1497 βασιλεῖ
741 1424 1075 1488 Βαϐυλῶνος,
1122 1424 1475 1494 ψυχαγωγίαν
1513 1422 1598 1476 δν-

36 1535 86 1569 τα
108 1517 204 1569 τῶν
230 1518 287 1569 ὲν
311 1518 378 1587 τῇ
407 1516 755 1588 αἰχμαλωσίᾳ
783 1518 839 1569 ἐν
866 1515 1146 1568 Βαϐυλῶνι
1173 1516 1340 1568 ὄντων
1382 1516 1597 1586 Ἰσραη-

35 1610 182 1662 λιτῶν.
217 1608 517 1662 Ἐθεάσατο
542 1609 598 1662 δὲ
636 1611 664 1661 6
690 1611 973 1681 προφήτης
997 1609 1436 1680 τετραπρόσωπα
1458 1608 1593 1674 ζῶα,

34 1697 317 1770 ὁμοιώματα
345 1700 544 1770 ἔχοντα
571 1698 858 1770 ἀνθρώπου
887 1717 947 1752 τε
987 1700 1082 1753 καὶ
1117 1700 1358 1763 λέοντος,
1394 1700 1593 1771 μόσχου

34 1808 77 1842 τε
98 1790 177 1842 καὶ
202 1790 383 1844 ἀετοῦ.
424 1791 588 1859 Λέγει
629 1791 684 1844 δὲ
722 1792 813 1844 καὶ
845 1794 872 1844 6
906 1793 1191 1864 προφήτης
1231 1792 1429 1863 Δανιὴλ
1468 1795 1595 1865 περὶ

1707 594 1762 647 in
1784 594 2005 647 nomine
2025 593 2314 662 justilicati
2363 593 2601 659 fuerunt,
2626 611 2721 665 spe
2750 606 2975 666 accepta
3027 615 3085 653 se
3117 603 3275 657 caele-

1707 687 1874 740 stium
1907 694 1960 741 et
1988 694 2316 739 azternorum
2372 686 2639 741 bonorum
2694 690 2990 759 participes
3043 691 3275 748 futuros.

1704 777 1876 844 Quem
1903 780 2048 833 enim
2086 778 2219 831 vidit
2242 777 2502 847 propheta
2525 778 2815 833 carbonem
2848 781 3009 835 labiis
3031 782 3147 836 suis
3170 798 3277 837 non

1703 869 2146 939 purisadmotum
2161 868 2227 921 ad
2251 870 2698 939 expurgationcm
2726 870 2893 941 458
2928 872 3277 941 iniquitatum

1702 970 1756 1018 et
1779 971 2147 1031 peccatorum,
2172 963 2221 1017 is
2251 963 2512 1017 indicium
2561 962 2794 1017 habebat
2834 963 3131 1020 Dominicaa
3158 982 3282 1021 car-

1702 1055 1812 1118 nis,
1846 1069 1966 1125 quae
2006 1055 2371 1110 conscientias
2431 1056 2830 1111 comedentium
2888 1066 3155 1129 expurgat
3212 1060 3283 1116 ab

1700 1147 1849 1202 omni
1892 1147 2197 1217 iniquitate.
2231 1147 2334 1200 Per
2356 1147 2592 1201 oblatam
2625 1156 2805 1201 autem
2838 1148 3108 1204 Ezechieli
3153 1164 3282 1220 pro—

1701 1240 1876 1309 phetze
1904 1240 2170 1295 visionem
2203 1255 2266 1293 ea
2300 1240 2707 1303 indicabantur,
2749 1255 2870 1309 qua:
2909 1240 3280 1297 Nabuchodo--

1700 1345 1869 1386 nosor
1890 1331 2004 1401 regi
2036 1330 2331 1402 Babylonis
2351 1340 2611 1386 eventura
2641 1341 2797 1387 erant
2829 1334 2883 1387 in
2916 1335 3170 1389 solatium
3200 1334 3281 1390 ls-

1701 1422 2038 1488 raelitarum,
2074 1424 2163 1492 qui
2188 1423 2459 1493 Babylone
2489 1424 2686 1493 captivi
2717 1435 2891 1481 erant.
2929 1425 3077 1481 Vidit
3100 1440 3278 1484 autem

1700 1515 1962 1585 propheta
1991 1515 2334 1586 quadruplici
2384 1516 2522 1571 facie
2552 1518 2821 1572 instructa
2868 1523 3143 1589 animalia,
3200 1529 3279 1580 si-

1699 1607 2064 1662 militudinem
2121 1606 2381 1662 habentia
2430 1608 2668 1665 hominis
2718 1620 2772 1665 et
2804 1612 2999 1677 leonis,
3034 1616 3189 1670 vituli
3228 1626 3280 1671 et

1699 1700 1914 1770 aquila}.
1945 1698 2213 1754 Memorat
2246 1708 2424 1754 autem
2453 1708 2506 1754 et
2536 1700 2603 1755 de
2623 1699 3129 1760 Nabuchodonosor
3153 1724 3282 1777 pro-

1701 1792 1861 1862 pheta
1896 1790 2087 1846 Daniel
2109 1807 2321 1862 ungues
2354 1792 2474 1861 ejus
2495 1793 2733 1848 crevisse
2767 1801 2826 1848 ut
2856 1795 3073 1865 aquilae,
3099 1800 3282 1855 crines

32 1878 104 1930 τοῦ
149 1879 623 1952 Ναϐουχοδονόσορ
643 1922 656 1946 ,
688 1880 769 1935 ὅτι
819 1882 1134 1955 ηὐξήθησαν
1164 1883 1271 1954 (64)
1300 1886 1347 1936 οἱ
1408 1885 1586 1956 ὄνυχες

1801 1884 1994 1949 leonis,
2045 1883 2269 1938 herbam
2317 1894 2537 1955 pastum
2580 1900 2703 1940 esse
2737 1898 2797 1940 ut
2827 1888 3082 1954 vitulum,
3110 1897 3163 1945 et
3186 1908 3285 1947 cor

34 1974 165 2025 τισῦτοῦ
186 1972 259 2038 ὼς
287 1974 478 2039 ἀετοῦ,
510 1975 603 2027 καὶ
633 1978 689 2029 αί
717 1976 899 2047 τρίχες
926 1976 1092 2029 αὑτοῦ
1122 1977 1197 2042 ὡς
1224 1977 1437 2043 λέοντος
1456 2021 1470 2041 ,
1500 1983 1597 2033 καὶ

32 2062 189 2134 χόρτον
226 2062 523 2135 ὲψώμισαν
566 2067 729 2119 αὐτὸν
781 2068 856 2130 ὡς
900 2066 992 2120 τὸν
1033 2068 1253 2139 μόσχον,
1281 2070 1375 2122 καὶ
1400 2071 1597 2142 καρδία

32 2154 280 2224 ἀνθρώπου
311 2156 474 2227 ἐδόθη
506 2156 675 2226 αὐτῷ.
717 2158 812 2210 Ἐκ
838 2157 1042 2227 ταύτης
1085 2158 1143 2211 δὲ
1190 2159 1291 2229 τῆς
1331 2160 1596 2224 ὀπτασίας

30 2247 354 2317 ψυχαγωγίαν
411 2249 535 2302 τινὰ
593 2250 834 2321 ἐντίθησι
887 2252 1000 2313 τοῖς
1068 2251 1453 2323 Ἰσραηλίταις,
1498 2252 1594 2306 τοῦ

32 2339 138 2408 πρὸς
158 2339 250 2411 τήν
280 2339 401 2411 (65)
429 2340 700 2409 κραταίαν
736 2358 796 2393 τε
839 2343 935 2395 καὶ
972 2342 1197 2413 ἰσχυράν
1240 2345 1445 2416 σφόδρα
1486 2344 1596 2397 τῶν

32 2430 355 2483 Βαϐυλωνίων
387 2431 711 2485 δυναστείαν
754 2432 1237 2504 ἀποϐλεψαμένους
1264 2437 1361 2489 καὶ
1388 2438 1445 2488 ὲν
1472 2437 1599 2489 ἀπο-

29 2522 191 2588 γιώσει
208 2522 569 2587 καθεστῶτας
590 2523 684 2576 τοῦ
730 2523 799 2595 μὴ
831 2523 1087 2579 δύνασθαι
1112 2526 1191 2580 ἔτι
1214 2529 1279 2580 ὲκ
1304 2527 1401 2598 τῆς
1426 2528 1599 2582 τοιαύ-

31 2629 105 2682 της
139 2614 523 2685 αἰχμαλωσίας
570 2618 755 2685 τυχεῖν
796 2614 1127 2687 ἐλευθερίας.
1185 2618 1302 2671 Ἵνα
1356 2614 1448 2672 οὖν
1490 2618 1598 2672 ἀπὸ

30 2704 196 2774 ταύτης
220 2706 319 2776 τῆς
348 2704 720 2774 ἀπογνώσεως
757 2709 1068 2779 μεταστήσῃ
1096 2708 1221 2771 τοὺς
1262 2708 1598 2779 Ἰσραηλίτας

30 2794 201 2858 ὁΘεὸς,
232 2798 331 2849 καὶ
363 2798 770 2869 παρασκευάσῃ
806 2798 1003 2861 αὐτοὺς
1031 2798 1167 2871 πρὸς
1195 2800 1290 2870 τήν
1317 2799 1481 2853 αὐτοῦ
1509 2799 1599 2852 δυ-

32 2886 246 2939 ναστείαν
274 2886 642 2950 ἀποϐλέπειν,
670 2886 910 2939 δείκνυσι
938 2886 1015 2957 τῷ
1034 2890 1287 2960 προφήτῃ
1316 2889 1524 2960 ἡμέρου
1538 2905 1598 2940 τε

30 2980 104 3029 καὶ
127 2980 407 3054 ἀνημέρου
434 2978 576 3043 ζώου
604 2978 701 3049 τὴν
733 2976 1002 3044 σύζευξιν,
1033 2982 1127 3033 καὶ
1157 2979 1482 3052 βαρυσώμου
1503 2984 1598 3036 καὶ

31 3071 241 3123 πετεινοῦ
270 3072 374 3143 τὴν
406 3070 708 3141 σύμπηξιν.
745 3070 987 3142 Ἥμερον
1023 3071 1119 3141 μὲν
1150 3072 1257 3143 γάρ
1286 3071 1424 3136 ζῶον
1451 3076 1480 3128 6
1508 3073 1600 3129 άν-

32 3160 233 3231 θρωπος,
280 3165 569 3236 ἀνήμερον
614 3163 670 3215 δὲ
710 3164 739 3216 6
790 3162 966 3216 λέων’
1016 3165 1111 3216 καὶ
1142 3164 1469 3237 βαρύσωμον
1501 3168 1599 3238 μὲν

30 3250 138 3316 ζῶον
160 3256 188 3306 6
216 3256 443 3327 μόσχος,
477 3255 722 3308 πετεινὸν
747 3255 803 3310 δὲ
831 3258 925 3310 καὶ
950 3253 1150 3323 κοῦφον
1178 3252 1316 3318 ζῶον
1355 3259 1383 3309 6
1419 3237 1594 3323 ἀετός.
1623 3237 1671 3299 C

38 3345 106 3396 Ἐν
129 3346 353 3411 ἐκείνοις
387 3347 488 3418 μὲν
512 3342 607 3400 οὖν
634 3346 785 3418 δηλοῖ
809 3347 907 3420 τὴν
935 3348 1033 3419 τῆς
1075 3347 1350 3417 βασιλείας
1378 3348 1440 3413 ἐξ
1466 3351 1599 3421 ἀνη-

29 3440 166 3511 μέρου
193 3442 271 3505 είς
295 3439 624 3513 ἡμερότητα
654 3440 1007 3510 μετάστασιν,
1056 3440 1116 3492 ὲν
1154 3439 1364 3504 τούτοις
1409 3440 1466 3494 δὲ
1497 3443 1596 3514 τῆς

1699 1974 1938 2030 hominis
1976 1975 2026 2028 ei
2081 1974 2268 2027 datum
2300 1990 2443 2030 esse.
2488 1975 2603 2029 Hac
2626 1986 2805 2032 autem
2836 1980 3047 2036 visione
3075 1984 3281 2054 aliquid

1699 2064 1882 2121 solatii
1936 2063 2113 2132 injicit
2152 2063 2435 2130 lsraelitis,
2488 2066 2583 2135 qui
2635 2076 2909 2136 potentem
2962 2086 3026 2126 ac
3086 2073 3280 2130 fortem

1697 2157 1855 2211 valde
1879 2154 2305 2226 Babyloniorum
2340 2156 2680 2211 dominatum
2715 2158 3090 2229 intuebantur,
3112 2182 3282 2237 seque

1697 2266 1765 2305 ex
1808 2250 1905 2302 tali
1946 2250 2258 2321 captivitate
2306 2250 2530 2304 liberari
2568 2265 2733 2321 posse
2776 2253 3163 2325 desperabant.
3211 2258 3282 2314 Ut

1696 2358 1829 2413 ergo
1851 2343 1920 2397 ab
1970 2344 2073 2397 hac
2124 2343 2508 2413 desperatione
2537 2342 2817 2401 lsraelitas
2860 2358 3078 2405 revocet
3111 2350 3276 2416 Deus,

1704 2449 1911 2504 eosque
1936 2434 2171 2489 adducat
2193 2444 2252 2488 ut
2275 2434 2345 2489 ad
2398 2436 2572 2503 ipsius
2612 2438 2911 2506 potentiam
2943 2442 3276 2511 respiciant,

1697 2524 1977 2595 prOphetae
2010 2524 2254 2579 ostendit
2283 2524 2423 2579 lenis
2446 2534 2502 2580 et
2536 2524 2636 2581 feri
2655 2528 2908 2584 animalis
2931 2531 3280 2599 conjunctio-

1696 2632 1843 2681 nem,
1880 2633 2082 2687 corpus
2134 2633 2298 2688 grave
2323 2619 2565 2688 gerentis
2586 2626 2640 2674 et
2665 2621 2909 2675 volatilis
2926 2634 3280 2693 coagmenta-

1696 2711 1921 2765 tionem.
1949 2710 2097 2765 Lene
2129 2710 2276 2765 enim
2327 2711 2529 2766 animal
2582 2711 2769 2777 homo,
2822 2711 3000 2769 ferum
3054 2716 3170 2782 leo;
3224 2727 3281 2772 et

1698 2804 1849 2873 gravi
1883 2819 2114 2873 corpore
2145 2804 2346 2857 animal
2369 2805 2828 2868 vitulus,volatile
2852 2815 2905 2860 et
2929 2807 3042 2863 leve
3071 2810 3276 2879 aquila.

1695 2894 1901 2949 Partim
1938 2897 2103 2965 igitur
2140 2898 2482 2953 demonstrat
2511 2898 2738 2953 immitis
2764 2900 2913 2970 regni
2947 2900 3003 2954 in
3027 2917 3281 2956 mansue-

1696 2988 1965 3053 tudinem,
1991 2990 2192 3059 partim
2227 2990 2413 3060 gravis
2437 2990 2718 3045 servitutis
2741 2991 2796 3044 in
2825 2992 3131 3047 libertatem
3162 3010 3295 3048 ωηο·

1699 3080 1984 3137 tationem.
2026 3080 2168 3153 Iugo
2210 3082 2356 3137 enim
2407 3082 2688 3150 subjectus
2736 3084 2966 3149 vitulus,
3026 3085 3193 3141 libera
3245 3103 3278 3142 a

1698 3171 1832 3243 jugo
1865 3174 2067 3244 aquila.
2106 3172 2359 3229 Ostendit
2388 3185 2566 3229 autem
2602 3176 2880 3246 propheta:
2909 3177 3072 3231 etiam
3099 3187 3277 3233 rotam

1703 3264 1760 3317 in
1815 3272 1961 3330 rota,
2024 3281 2121 3335 per
2194 3265 2311 3321 haec
2367 3267 2615 3321 indicans
2690 3266 3003 3322 Judaeorum
3082 3268 3282 3323 abdu-

1696 3359 1935 3414 ctionem
1964 3358 2020 3412 in
2072 3358 2444 3427 captivitatem
2503 3367 2558 3414 et
2601 3359 3004 3416 restitutionem
3062 3361 3119 3415 in
3181 3377 3281 3432 pa-

1700 3448 1881 3501 triam.

28 3534 291 3606 βαρύτητος
338 3535 448 3605 τῆς
502 3535 746 3599 δουλείας
774 3537 855 3599 εἰς
897 3534 995 3606 τήν
1042 3534 1353 3607 ἐλευθερίαν
1411 3536 1731 3606 μεταϐολήν.
1771 3538 2071 3609 ’Υπόζυγος
2120 3542 2230 3613 γὰρ
2295 3544 2324 3594 6
2355 3543 2586 3612 μόσχος,
2639 3544 2806 3611 ζυγοῦ
2847 3545 2904 3598 δὲ
2943 3543 3281 3616 ἐλεύθεροςὸ

27 3630 165 3694 ἀετός.
216 3632 479 3684 Δείκνυσι
524 3630 583 3683 δὲ
629 3630 705 3701 τῷ
746 3632 997 3702 προφήτῃ
1049 3632 1144 3683 καὶ
1192 3631 1386 3701 τροχὸν
1434 3632 1493 3683 ὲν
1518 3631 1597 3703 τῷ
1628 3634 1831 3707 τροχῷ,
1865 3636 2082 3707 μηνύων
2108 3636 2173 3689 δι’
2230 3636 2411 3689 αὐτῶν
2467 3636 2565 3707 τὴν
2592 3638 2699 3691 τῶν
2757 3639 3025 3693 Ἰουδαίων
3057 3641 3282 3709 ἀπαγω-

26 3722 105 3793 γὴν
126 3728 199 3789 είς
224 3724 614 3796 αιχμαλωσιαν
640 3726 735 3778 και
763 3724 1067 3796 ἀπαγωγὴν
1091 3723 1201 3795 (66)
1231 3725 1308 3788 εις
1334 3724 1403 3779 τὰ
1428 3723 1552 3779 ἴδιαι

90 3820 436 3873 ἙΡΩΤΗΣΙΣ
463 3820 601 3873 ME'.
632 3819 730 3872 Διὰ
755 3820 808 3871 τί
849 3819 943 3871 ἐπὶ
984 3818 1079 3872 τοῦ
1126 3816 1385 3891 Ἰεζεκιὴλ
1424 3837 1594 3874 κατα-

24 3912 249 3984 κέχρηται
276 3915 307 3968 6
340 3914 489 3975 θεῖος
516 3913 746 3984 ὁρισμὸς
772 3912 849 3983 τῷ
875 3913 970 3966 τοῦ
998 3912 1285 3985 ἀνθρώπου
1302 3912 1409 3984 (67)
1426 3931 1594 3984 προσ-

28 4005 232 4073 ρήματι,
281 4009 428 4077 ὅπερ
459 4007 555 4059 ἐπὶ
580 4004 689 4058 τῶν
716 4004 891 4060 ἄλλων
939 4004 1235 4076 προφητῶν
1270 4006 1371 4059 οὐκ
1408 4008 1593 4079 ἐποίη-

28 4111 97 4157 σε;
120 4098 221 4151 Καὶ
239 4099 289 4152 εί
310 4097 416 4168 τήν
440 4097 787 4167 παγκόσμιον
814 4095 1109 4150 ἀνάστασιν
1135 4097 1228 4150 ἐπὶ
1256 4097 1366 4151 τῶν
1414 4094 1592 4168 ξηρῶν

24 4183 190 4241 ὀστέων
219 4194 247 4244 6
274 4190 448 4252 αὐτὸς
499 4190 787 4260 προφήτης
829 4187 1105 4253 τεθέαται,
1153 4189 1246 4241 καὶ
1287 4192 1335 4244 εί
1374 4188 1453 4259 τῷ
1480 4188 1592 4241 ὄντι

26 4279 296 4356 ἀνέστησαν
322 4284 394 4337 τὰ
420 4282 589 4334 ὀστέα
615 4280 893 4351 ἄνθρωποι
922 4280 1200 4351 γενόμενοι
1244 4281 1460 4345 τέλειοι,
1487 4299 1589 4334 καο

27 4369 157 4445 θὼςὴ
184 4378 275 4430 τοῦ
308 4375 479 4429 αὑτοῦ
510 4374 793 4444 προφήτου
824 4372 1061 4426 διδάσκει
1093 4372 1306 4443 βίϐλος;

89 4466 485 4521 ἈΠΟΚΡΙΣΙΣ.
531 4464 749 4535 Ἐπειδὴ
796 4462 990 4534 ἔμελλε
1029 4462 1119 4517 διὰ
1165 4463 1257 4517 τοῦ
1308 4467 1588 4537 προφήτου

1776 3814 2059 3882 QUASST.
2094 3815 2255 3872 XLV.
2305 3816 2486 3883 Quare
2518 3819 2573 3873 in
2608 3818 2894 3875 Ezechiele
2931 3823 3108 3879 utitur
3132 3826 3277 3881 divi-

1701 3922 1835 3963 num
1871 3908 2155 3962 oraculum
2181 3908 2275 3962 ﬁlii
2301 3909 2539 3964 hominis
2570 3912 2954 3979 appellatione,
2992 3916 3137 3984 quod
3161 3918 3279 3987 qui-

1699 4000 1824 4054 dem
1846 4000 1899 4052 in
1920 3998 2043 4054 aliis
2059 3999 2337 4069 prophetis
2361 4015 2472 4054 non
2490 3999 2618 4054 fecit
2638 4002 2681 4032 ⁸⁵
2695 4002 2717 4054 ?
2731 4000 2998 4059 Praeterea
3025 4022 3094 4060 an
3123 4023 3281 4078 gene-

1698 4095 1871 4150 ralem
1922 4094 2090 4148 totius
2120 4094 2308 4148 mundi
2341 4096 2799 4151 resurrectionem
2840 4097 2897 4152 in
2930 4099 3100 4155 aridis
3130 4102 3276 4156 ossi-

1698 4189 1805 4243 bus
1834 4187 1977 4242 idem
1996 4186 2262 4256 propheta
2280 4186 2458 4251 vidit?
2479 4189 2563 4241 An
2589 4203 2781 4243 revera
2810 4204 2937 4243 ossa
2958 4206 3277 4247 resurrexe-

1696 4287 1846 4342 runt,
1877 4278 2105 4349 perfecti
2132 4278 2381 4333 homines
2406 4279 2573 4343 facta,
2605 4287 2667 4333 ut
2692 4279 2851 4334 docet
2878 4281 3125 4348 ejusdem
3155 4296 3278 4352 pro-

1695 4371 1872 4440 pheta:
1892 4368 2074 4423 liber?

1765 4459 1967 4515 RESP.
2000 4458 2137 4526 Quia
2163 4459 2426 4529 propheta
2456 4458 2707 4514 Ezechiel
2751 4475 2848 4529 per
2878 4461 3144 4517 visionem
3176 4462 3274 4527 de-

32 4556 259 4630 Ἰεζεκιήλ
294 4559 421 4612 κατ’
462 4552 1181 4626 ὀπτασίαν’προγράφεσθαι
1223 4555 1331 4609 τῶν
1382 4556 1586 4627 νεκρῶν

1767 4561 1944 4609 cturus
2001 4559 2121 4607 erat
2168 4559 2507 4606 mortuorum
2567 4552 3049 4618 ι’(ιευιι-οοῑὶοιιοιιι,
3105 4570 3273 4624 quam

24 4648 371 4716 ἡάνάστασις,
406 4649 674 4722 μέλλουσα
701 4647 946 4718 γίνεσθαι
989 4648 1082 4700 ἐπὶ
1129 4650 1471 4719 πραγμάτων
1503 4648 1590 4703 διά

23 4740 96 4793 τοῦ
122 4742 241 4797 Υἱοῦ
273 4742 373 4796 τοῦ
408 4740 699 4812 ἀνθρώπου
751 4738 892 4793 κατὰ
932 4740 994 4793 τὸ
1028 4739 1346 4811 εἰρημένον·
1390 4742 1591 4810 Ἔρχε-

24 4844 96 4883 ται
122 4833 330 4903 ἡμέρα,
350 4832 453 4886 καὶ
491 4832 610 4885 νῦν
646 4831 840 4893 ἐστιν,
872 4830 989 4884 ὅτε
1030 4830 1253 4896 πάντες
1279 4836 1331 4886 οἱ
1359 4832 1430 4884 ἐν
1468 4832 1591 4898 τοῖς

22 4926 301 4992 μνημείοις
336 4924 703 4977 ἀκούσονται
742 4918 853 4987 τῆς
892 4919 1093 4988 φωνῆς
1135 4920 1239 4975 τοῦ
1291 4921 1425 4975 Υὶοῦ
1456 4921 1589 4993 (68)

24 5016 107 5068 τοῦ
134 5017 449 5085 ἀνθρώπου
473 5055 488 5078 ,
522 5014 620 5068 καὶ
646 5017 701 5068 οἱ
738 5015 1106 5080 ἀκούσαντες
1151 5012 1448 5080 (domat.
1491 5014 1591 5068 Διά

25 5108 154 5164 τοῦτο
181 5112 433 5165 καλεῖται
461 5107 540 5178 τῷ
568 5107 662 5160 τοῦ
706 5106 837 5159 Υἱοῦ
870 5104 1154 5178 ἀνθρώπου
1187 5106 1429 5177 ὀνόματι.
1474 5109 1591 5160 Κα-

78 5288 331 5345 “Ezech.
364 5301 581 5349 xxxvn,
615 5285 669 5347 5,
704 5284 758 5337 4.
834 5283 878 5314 ⁸⁸
950 5282 1107 5337 Joan.
1147 5299 1199 5344 v,
1226 5284 1317 5338 25.

84 5408 180 5480 (64)

26 5475 196 5548 θησαν.

84 5550 181 5619 (65)
218 5550 329 5604 Τοῦ
357 5548 510 5616 πρὸς
536 5546 673 5619 τήν.
704 5543 1013 5619 Legeltdum
1044 5543 1169 5604 τοὺς
1196 5544 1333 5619 πρδς
1365 5541 1578 5619 ripa..."

26 5613 499 5691 ἀποϐλεψαμένους.
534 5617 590 5691 In
615 5634 727 5691 quo
753 5616 894 5691 inest
924 5628 1085 5691 casus
1114 5616 1365 5691 mutatio,
1423 5613 1584 5681 cujus

27 5684 245 5744 exempla
274 5684 383 5744 non
414 5689 580 5743 semel
614 5684 667 5740 in
700 5685 914 5739 Justino
937 5684 1366 5737 observavimus.

86 5752 184 5828 (66)
209 5758 567 5833 Ὰεξαῖξωγήν.
591 5755 913 5833 Sylburgius
936 5752 1221 5833 legendum
1254 5754 1585 5833 putat_ér:av-

261 5406 655 5475 Ηὺξήθησαν.
716 5403 953 5474 Uterque
1024 5402 1145 5457 cod.
1202 5419 1308 5459 ms.
1386 5402 1585 5472 ηύξύν-

29 5824 245 5904 αγωγήν.
281 5824 389 5885 Sed
437 5824 703 5883 Servanda
748 5827 961 5879 videtur
1011 5824 1267 5893 ejusdem
1303 5824 1459 5880 vocis
1498 5839 1595 5878 re-.

288 5926 560 5984 ΡΑτιιοι..
608 5922 725 5981 Gn.
772 5919 881 5980 Vl.

1399 5284 1442 5314 ⁸⁷
1476 5281 1590 5337 Jos.
1617 5298 1674 5345 ι,

1698 4644 1871 4699 Filius
1893 4643 2321 4712 hominisreipsa
2348 4643 2693 4711 perfecturus
2722 4652 2806 4699 est
2834 4644 3135 4699 secundum
3158 4647 3274 4701 hinc

1696 4737 1860 4791 verba
1887 4754 1900 4789 :
1944 4734 2093 4789 Venit
2118 4736 2318 4801 hora,et
2340 4751 2478 4788 nunc
2509 4745 2610 4799 est,
2637 4736 2848 4804 quando
2882 4736 2941 4802 ii,
2972 4738 3061 4806 qui
3086 4738 3138 4791 in
3159 4755 3274 4793 mo-

1698 4828 1957 4883 numentis
1986 4835 2130 4890 sunt,
2164 4826 2377 4879 audient
2425 4843 2597 4880 vocem
2640 4826 2774 4881 Filii
2812 4829 3060 4892 hominis,
3088 4845 3137 4885 et
3183 4835 3274 4904 qui

1698 4919 1984 4985 audierint,
2014 4919 2180 4972 vivent
2202 4918 2276 4985 5“;
2308 4926 2596 4989 propterea
2630 4932 2854 4975 vocatur
2899 4922 2996 4976 ﬁlii
3032 4924 3272 4980 hominis

1697 5011 2081 5081 appellatione.
2111 5010 2577 5077 Quemadmodum
2618 5012 2779 5069 Jesus
2812 5013 2978 5078 Nave,
3008 5032 3131 5070 cum
3168 5018 3271 5071 soli

1697 5113 1751 5159 et
1788 5104 1929 5157 lunae
1963 5112 2213 5172 potenter
2259 5104 2627 5175 imperaturus
2662 5114 2809 5161 esset
2852 5116 2913 5160 ut
2969 5108 3267 5171 starent",

1708 5279 1797 5334 12.

1685 5400 1898 5480 petitio,
1960 5407 2018 5453 ut
2062 5401 2394 5471 respondeat
2452 5402 2540 5455 his
2595 5402 2779 5457 verbis
2833 5400 3023 5471 τροχὸν
3076 5403 3135 5454 ὲν
3187 5401 3265 5472 τῷ

1687 5487 2120 5618 ,τοῦ
2147 5540 2480 5609 ἀνθρώπου.
2533 5539 2806 5618 Scriptum
2845 5539 3021 5592 fuerat
3054 5534 3131 5603 τῷ
3168 5540 3263 5594 τοῦ

1686 5610 2419 5683 Υἱούᾲάνθρῲπουηιιερεῑθι
2447 5625 2512 5664 ex
2544 5610 2923 5683 responsione.

1760 5680 1867 5751 (68)
1902 5678 2008 5737 Τοῦ
2046 5682 2199 5751 riga.
2232 5678 2357 5734 Haec
2380 5682 2593 5751 desu_nt_
2622 5682 2676 5732 in
2721 5686 2953 5751 utroque
2978 5678 3261 5751 codams.

1684 5747 1936 5822 etiapud
1998 5751 2064 5806 R.
2102 5750 2455 5822 Stephanum.
2492 5747 2598 5803 Sed
2641 5764 2671 5803 a
2737 5747 3026 5818 Sylburgio
3079 5749 3265 5806 addita

1687 5818 1856 5877 fuere.

2872 5908 2937 5969 Μ
