3638 6470
376 360 515 418 1295

445 472 725 542 ΩΙΜΞΞΤ.
758 473 819 526 L.
850 473 987 540 Quia
1017 474 1147 528 olim
1176 474 1395 541 quidem
1424 472 1598 545 pueri,
1633 486 1781 525 nunc
1808 485 1941 526 vero
1977 481 2025 538 Α

373 578 427 625 et
473 583 574 622 nos
627 564 756 621 dum
805 565 1037 638 hymnos
1075 573 1392 631 cantamus,
1439 581 1573 621 voce
1626 563 1843 619 Osanna
1897 574 1953 617 et

374 662 616 718 Alleluia
644 662 885 729 utimur,
914 676 1035 731 qua:
1062 660 1258 713 harum
1285 671 1370 715 est
1399 657 1812 728 interpretatio?

444 776 643 833 RESP.
676 775 1054 846 Interpretatio
1080 775 1228 829 verbi
1258 773 1493 827 Alleluia
1516 813 1530 836 ,
1564 778 1649 827 est
1668 811 1684 837 ,
1715 771 1953 825 Laudate

372 883 494 923 cunt
520 880 679 924 cantu
703 868 756 923 id
776 868 915 940 quod
942 880 1055 931 est;
1088 868 1239 923 verbi
1268 876 1448 922 autem
1482 866 1722 931 Osanna,
1748 867 1947 937 magni-

377 962 501 1015 tudo
534 978 799 1031 suprema.

446 1072 726 1140 QUEST.
778 1072 866 1128 LI.
939 1071 995 1126 Si
1044 1071 1406 1126 immutabilis
1464 1070 1636 1138 Deus,
1680 1068 1957 1139 quomodo

376 1167 731 1238 blaSphemiis
778 1165 1053 1236 appetitus
1082 1171 1135 1218 et
1168 1164 1425 1219 laudibus
1452 1163 1764 1218 celebratus
1812 1176 1957 1215 mer-

375 1262 561 1315 cedem
614 1260 864 1330 utrisque
911 1258 1127 1312 actione
1156 1264 1517 1326 utrorumque
1548 1270 1690 1325 saepe
1734 1254 1954 1325 dignam

375 1348 663 1420 rependit?

444 1461 643 1517 RESP.
676 1461 905 1516 Bianens
938 1460 1082 1515 Deus
1113 1462 1167 1514 in
1201 1460 1424 1530 pr0prio
1454 1474 1617 1514 sensu
1648 1469 1705 1514 et
1740 1456 1956 1528 justitia

372 1554 819 1618 immutabiliter,
853 1552 1151 1623 unicuique
1178 1568 1277 1621 pro
1304 1552 1515 1607 meritis
1546 1551 1753 1615 reddit;
1781 1565 1957 1619 neque

372 1646 427 1701 id
474 1654 657 1701 tamen
706 1653 952 1699 mutatus
986 1645 1151 1708 facit,
1183 1646 1341 1715 quasi
1371 1644 1677 1710 invenerit,
1710 1642 1804 1697 sed
1833 1657 1957 1697 cum

362 1753 592 1808 semper
619 1737 892 1801 habuerit,
922 1738 1121 1791 retinet
1145 1737 1231 1791 his
1262 1737 1318 1791 in
1345 1736 1513 1791 rebus
1544 1734 1960 1789 immutabilita-

1114 355 1472 412 APPENDIX.
1506 388 1567 399 α-
1596 354 1774 410 PARS
1813 356 1853 409 Ι.
1898 354 1955 410 S.
1997 351 2258 409 JUSTINI
2297 350 2525 407 OPERA
2568 349 2836 407 SPURIA.
2882 324 2925 355 ’γ

3501 347 3621 403 i296

2133 469 2486 521 ἘΡΩΤΗΣΙΣ
2519 469 2600 520 N'.
2646 464 2865 536 Ἐπειδὴ
2889 463 3059 517 πάλαι
3098 464 3199 534 μὲν
3229 463 3274 514 οἱ
3306 461 3512 524 παῖδες,
3546 459 3625 511 νῦν

2054 560 2108 613 δὲ
2143 561 2302 630 ἡμεῖς
2346 558 2641 629 ὑμνοῦντες
2672 559 2739 627 τῇ
2786 555 3049 609 Ὡσαννὰ
3090 555 3264 623 φωνῇ,
3311 552 3405 604 καὶ
3441 553 3510 619 τῇ
3544 550 3626 601 τοῦ

2067 652 2416 720 Ἅλληλούῑα
2431 649 2769 722 κεχρήμεθα,
2788 648 2871 711 τίς
2889 650 3034 699 ἐστιν
3058 647 3093 715 ἡ
3120 644 3323 697 τούτων
3346 640 3629 711 ἑρμηνείας

2095 811 2103 822 ,
2138 764 2541 816 ἈΠΟΚΡ1Σ1Σ.
2572 762 2864 833 Ἐρμηνεία
2882 760 2997 813 ἐστὶ
3028 759 3124 811 τοῦ
3159 759 3259 828 μὲν
3299 758 3634 823 Ἁλληλίῑύῑα

2056 856 2114 910 τὺ
2153 854 2479 924 Tne-licata
2492 855 2641 924 μετὰ
2659 852 2885 923 μέλους
2912 851 2977 903 τὸ
3005 850 3103 905 ὄν·
3139 849 3235 902 τοῦ
3265 850 3321 902 δὲ
3363 850 3636 909 Ὡσαννὰ,

2051 950 2439 1019 μεγαλοσύνη
2470 946 2884 1015 ὑπερκειμένη.

2139 1059 2494 1114 ἘΡΩΤΗΣΙΣ
2540 1060 2669 1111 NA’.
2738 1059 2801 1115 Εἰ
2867 1059 3138 1129 ἄτρεπτον
3187 1055 3249 1108 τὸ
3302 1056 3488 1117 Θεῖον,
3537 1054 3638 1116 πῶς

2059 1152 2551 1225 βλασφημούμενον
2614 1151 2708 1204 καὶ
2766 1149 3194 1220 εὐφημούμενον
3258 1147 3357 1210 τὰς
3414 1144 3638 1216 ἀμοιϐὰς

2058 1245 2388 1316 ἀμφοτέροις
2434 1246 2533 1315 τῆς
2574 1243 2848 1315 ἑκατέρων
2894 1242 3151 1313 πράξεως
3195 1239 3452 1302 πολλάκις
3496 1237 3638 1302 ἀξίας

2058 1339 2339 1391 ἀπέδωκεν
2361 1356 2375 1403 ;

2138 1448 2545 1501 ἈΠΟΚΡΙΣΙΣ.
2578 1445 2772 1500 Μένων
2796 1448 2824 1499 6
2847 1445 2981 1510 Θεὸς
3010 1448 3069 1498 ὲν
3099 1448 3167 1515 τῇ
3193 1444 3370 1513 οἰκεία
3402 1442 3636 1510 αἰσθήσει

2060 1557 2117 1591 τε
2152 1540 2245 1592 καὶ
2273 1538 2588 1611 δικαιοσύνῃ
2622 1539 2906 1610 ἀτρέπτως
2931 1579 2945 1603 ,
2987 1538 3208 1608 ἑκάστῳ
3244 1537 3308 1589 τὰ
3349 1536 3469 1588 κατ’
3499 1535 3634 1598 ἀξίαν

2060 1633 2414 1687 ἀποδίδωσιν·
2462 1633 2521 1685 ού
2572 1631 2676 1703 μὴν
2722 1630 2863 1685 κατὰ
2906 1631 3269 1701 παρατροπὴν
3311 1628 3466 1681 τοῦτο
3516 1630 3638 1678 ποιεῖ

2062 1724 2270 1795 εὑρὼν,
2307 1724 2424 1777 ἀλλ’
2453 1725 2541 1777 ἀεὶ
2571 1722 2849 1795 ἐσχηκὼς,
2897 1724 3012 1793 ἔχει
3060 1722 3121 1775 τὸ
3161 1724 3221 1773 ἐν
3262 1720 3470 1783 τούτοις
3498 1723 3633 1789 5:9:—

374 1838 505 1893 tcm,
534 1844 764 1900 eamque
795 1830 1038 1884 retinens
1067 1828 1257 1884 eodem
1289 1828 1481 1884 ordine
1526 1830 1690 1884 habet
1717 1830 1872 1899 blasp

2134 1835 2228 1870 ον’
2258 1818 2351 1870 καὶ
2375 1816 2513 1887 ἔχων
2542 1818 2599 1869 ὲν
2627 1817 2715 1889 ἴσῃ
2739 1816 2888 1883 τάξει
2920 1817 3033 1887 ἔχει
3056 1816 3184 1887 περί
3212 1832 3271 1866 τε
3304 1814 3634 1883 βλασφήμοις

374 1938 495 1978 mos
523 1932 577 1978 et
597 1939 693 1980 eos
714 1923 807 1993 qui
836 1924 1268 1993 percalluerunt,
1297 1930 1390 1977 aut
1416 1923 1698 1993 injustitice
1722 1922 1957 1979 crimine

373 2016 621 2071 obstricti
653 2026 803 2081 sunt,
835 2032 956 2087 qua:
988 2016 1211 2086 quidem
1241 2018 1417 2072 aliena
1449 2025 1575 2071 sunt
1606 2016 1851 2086 peCeata.

445 2126 725 2194 QUIEST.
760 2126 868 2182 LII.
903 2127 957 2182 Si
990 2129 1214 2199 pietatis
1242 2130 1427 2184 studio
1456 2137 1639 2184 motus
1674 2129 1805 2183 Saul
1834 2145 1961 2185 ven-

372 2222 644 2292 triloquas
688 2222 941 2290 sustulit,
990 2223 1122 2293 quid
1154 2239 1281 2278 eum
1310 2224 1526 2294 impulit
1574 2232 1632 2278 ut
1678 2239 1707 2276 a
1755 2224 1961 2278 ventri-

373 2314 536 2385 loqua
570 2322 839 2386 quaereret
881 2316 1338 2386 praedictionem?
1385 2316 1468 2370 An
1505 2316 1668 2371 etiam
1714 2302 1806 2369 illa
1861 2314 1959 2369 Sac

374 2408 605 2463 inuelem
636 2424 827 2464 revera
860 2408 1084 2462 eduxit?
1116 2408 1173 2462 ld
1213 2408 1361 2462 enim
1407 2418 1599 2462 narrat
1639 2407 1958 2478 Scriptura,

373 2515 540 2570 quam
582 2501 803 2571 quidem
833 2515 962 2554 vera
992 2499 1175 2555 dicere
1194 2540 1208 2564 ,
1240 2500 1338 2556 sed
1367 2508 1550 2554 tamen
1580 2515 1695 2553 rem
1740 2500 1962 2568 impiam

372 2609 499 2649 esse
527 2592 882 2649 manifestum
913 2601 1019 2649 est.

446 2706 643 2763 RESP.
699 2708 803 2773 Qui
850 2708 1038 2762 divino
1087 2707 1269 2762 studio
1311 2706 1517 2777 aliquid
1547 2706 1714 2772 facit,
1760 2707 1806 2762 is
1839 2722 1965 2760 cum

376 2798 487 2856 Deo
517 2816 624 2855 non
656 2808 882 2870 pugnat.
913 2800 1194 2870 Concepta
1245 2808 1429 2855 autem
1474 2798 1605 2853 Saul
1653 2800 1720 2854 de
1764 2798 1967 2854 Davide

378 2895 713 2963 suspicione,
745 2909 975 2964 regnum
1024 2909 1184 2948 suum
1239 2894 1293 2947 in
1344 2894 1497 2947 illum
1526 2909 1557 2946 a
1586 2892 1699 2947 Deo
1727 2892 1967 2946 transla~

379 2995 493 3039 tum
524 2985 615 3048 iri,
646 2986 903 3041 omnibus
932 2986 1112 3041 modis
1142 2985 1491 3039 machinatus
1531 2984 1689 3056 461
1740 2991 1823 3039 est
1865 2999 1963 3037 ne-

380 3094 499 3133 cem
532 3077 749 3142 Davidi,
800 3093 868 3133 ne
896 3079 1104 3132 exitum
1130 3080 1185 3132 in
1214 3095 1279 3134 eo
1308 3079 1599 3133 sortiretur
1623 3077 1808 3131 divina
1849 3094 1969 3133 sen-

382 3170 572 3225 tentia.
607 3171 842 3225 Sustulit
882 3180 1061 3225 autem
1088 3172 1488 3241 ventriloquas,
1530 3185 1760 3239 sperans
1796 3168 1967 3225 Deum

2064 1910 2306 1973 καὶτοὺς
2341 1911 2445 1963 ὑπὸ
2472 1909 2827 1981 ἀναισθησίας
2877 1908 3286 1979 κατεχομένους
3331 1906 3364 1975 ἧ
3417 1905 3631 1965 ἀδικίας,

2063 2005 2207 2074 ἀπερ
2238 2003 2353 2056 ἐστὶ
2382 2003 2449 2056 τά
2474 2002 2731 2074 ἀλλότρια
2759 2002 2889 2073 (74).

2148 2128 2498 2181 ἘΡΩΤΗΣΙΣ
2543 2128 2666 2179 ΝΒ’.
2712 2127 2774 2178 El
2820 2125 3039 2179 εὐσεϐεῖ
3079 2124 3226 2194 ζήλῳ
3265 2122 3575 2191 κινούμενος
3612 2121 3635 2171 ὁ

2064 2220 2239 2274 Σαοὺλ
2267 2221 2365 2285 τάς
2400 2219 2878 2291 ἐγγαστριμύθους
2912 2218 3113 2279 ἀνεῖλε,
3147 2216 3235 2268 διὰ
3271 2216 3323 2268 τί
3360 2213 3633 2284 συνηλάθη.

2063 2313 2205 2367 ὥστε
2239 2314 2391 2384 ποιρά
2433 2311 2873 2383 ἐγγαστριμύθου
2914 2309 3149 2380 ζητῆσαι
3191 2309 3528 2379 πρόρρησιν;
3557 2308 3636 2358 καὶ

2064 2408 2110 2457 εί
2156 2404 2234 2473 τῷ
2284 2404 2398 2457 ὄντι
2442 2405 2626 2475 ἐκείνη
2670 2404 2762 2459 τὸν
2807 2402 3067 2473 Σαμουὴλ
3109 2402 3425 2471 ἀνήγαγεν,
3468 2398 3635 2467 ἐπειδὴ

2063 2497 2220 2550 τοῦτό
2244 2514 2405 2567 φησιν
2435 2499 2468 2569 ἡ
2502 2498 2727 2568 Γραφή;
2758 2498 2852 2551 καὶ
2875 2498 2960 2549 ὅτι
2990 2494 3251 2566 ἀληθεύει
3282 2495 3380 2563 μὲν
3413 2492 3570 2561 αὕτη,
3590 2492 3638 2541 τὸ

2062 2586 2117 2639 δὲ
2148 2589 2380 2659 πρᾶγμα
2406 2588 2602 2652 ἀσεϐὲς
2621 2628 2636 2653 ,
2666 2587 2843 2658 δῆλον.

2148 2711 2549 2764 ἈΠΟΚΡΙΣ1Σ.
2595 2710 2654 2763 '0
2696 2710 2842 2782 ζήλῳ
2884 2710 3020 2781 θείῳ
3060 2708 3232 2763 ποιῶν
3275 2726 3361 2771 τι,
3399 2702 3551 2768 65:6;
3588 2706 3638 2756 οὐ

2066 2802 2354 2873 θεομαχεῖ·
2392 2804 2651 2856 ὑπόνοιαν
2678 2802 2732 2854 δὲ
2763 2806 2791 2856 6
2820 2802 2997 2855 Σαοὺλ
3040 2799 3295 2871 ἐσχηκὼς
3328 2802 3407 2862 είς
3432 2800 3521 2850 τὸν
3561 2800 3638 2847 Δαο

2066 2894 2151 2946 ϐὶδ
2169 2934 2183 2957 ,
2209 2894 2284 2957 ὡς
2311 2896 2389 2957 είς
2417 2895 2577 2947 αὐτὸν
2610 2895 2908 2966 μετέθηκεν
2935 2897 2965 2946 6
2993 2892 3129 2956 Θεὸς
3160 2892 3257 2963 τὴν
3299 2890 3463 2943 αὑτοῦ
3508 2889 3635 2959 βασε-

2065 2985 2213 3038 λείαν
2238 3026 2252 3050 ,
2284 2987 2561 3050 παντελῶς
2596 2989 2910 3058 ἐμηχανᾶτο
2942 2988 3189 3056 ἀναιρεῖν
3220 2985 3311 3036 τὸν
3347 2982 3537 3043 Δαδὶδ,
3570 2983 3633 3031 ἵνα

2067 3080 2145 3141 είς
2178 3078 2449 3151 ἔργονμὴ
2476 3080 2609 3151 ἐκϐῇ
2658 3081 2745 3134 ἐπ’
2776 3081 2941 3133 αὐτὸν
2980 3081 3014 3149 ἡ
3058 3078 3182 3130 θεία
3214 3078 3411 3147 ψῆφος.
3456 3076 3638 3127 Ἀνεῖιε

2065 3170 2121 3224 δὲ
2141 3170 2237 3235 τάς
2258 3173 2521 3242 ὲγγαστρι
2530 3172 2747 3242 μύθους,
2772 3170 2951 3242 τούτῳ
2979 3171 3365 3242 προσδοκήσας
3382 3169 3631 3233 διαλλάξαι

380 3263 486 3319 sibi
520 3264 623 3318 hoc
668 3263 811 3319 facto
861 3265 1274 3319 reconciliatum
1308 3265 1407 3327 iri,
1447 3273 1500 3319 et
1525 3264 1804 3333 propriam
1835 3279 1872 3318 St

2134 3282 2160 3317 ν
2195 3264 2357 3329 Θεὸν,
2389 3263 2528 3317 ὥστε
2561 3263 2890 3335 ἀναστρέψαι
2923 3265 3021 3335 τὴν
3048 3263 3528 3334 ἀποδοκιμάσασαν
3559 3264 3632 3316 αε-

381 3356 610 3411 teutiam
637 3396 651 3421 ,
692 3371 813 3427 qua:
845 3357 997 3411 illum
1025 3371 1193 3428 regno
1216 3356 1491 3426 dejecerat
1516 3396 1530 3419 ,
1561 3355 1964 3423 rescissurum;

382 3448 439 3501 in
471 3463 580 3518 quo
603 3449 823 3519 quidem
846 3465 955 3504 non
981 3450 1313 3519 impietatem
1346 3448 1815 3518 ventriloquarum
1839 3448 1965 3504 ode-

381 3549 487 3607 rat,
539 3542 635 3597 sed
683 3558 911 3613 regnum
948 3543 1189 3596 amabat.
1224 3539 1290 3594 Et
1320 3542 1449 3611 quia
1493 3542 1643 3597 illius
1674 3542 1967 3597 consilium

382 3648 494 3689 non
524 3635 792 3705 probabat
822 3635 967 3691 Deus
988 3675 1004 3700 ,
1038 3636 1333 3705 dereliquit
1377 3636 1530 3690 illum
1566 3649 1631 3689 ca
1661 3637 1965 3705 requirere,

379 3743 503 3798 qua:
551 3743 659 3782 non
709 3730 854 3782 bono
897 3734 1080 3783 animo
1140 3728 1461 3783 sustulerat.
1522 3726 1732 3782 Caetera
1784 3737 1966 3783 autem

378 3821 563 3875 omnia
588 3836 617 3875 a
640 3822 986 3891 ventriloqua
1015 3821 1158 3875 facta
1185 3828 1313 3877 sunt
1334 3821 1601 3877 dazmonis
1624 3822 1962 3891 operatione,

380 3915 475 3983 qui
524 3915 817 3984 praestigiis
866 3915 1068 3969 delusit
1115 3916 1306 3971 oculos
1343 3916 1685 3970 cernentium
1737 3914 1967 3970 Samue-

384 4011 509 4073 lem,
533 4010 625 4080 qui
651 4010 873 4064 Samuel
904 4024 1011 4063 non
1044 4019 1183 4064 erat.
1215 4008 1432 4064 Veritas
1461 4017 1645 4063 autem
1673 4011 1967 4065 verborum

384 4114 415 4151 ιι
448 4098 557 4154 Deo
582 4100 815 4161 exstitit.
850 4100 942 4170 qui
968 4099 1117 4155 dedit
1143 4099 1377 4155 daemoni
1408 4101 1464 4154 in
1495 4101 1669 4171 ﬁgura
1697 4100 1968 4157 Samuelis

384 4207 650 4262 apparere
673 4194 1053 4263 ventriloquae,
1069 4206 1133 4247 ac
1156 4194 1204 4247 ei
1229 4208 1343 4247 rem
1370 4192 1611 4249 futuram
1636 4201 1965 4249 monstrare.

384 4283 451 4337 Et
472 4285 601 4355 quia
625 4284 933 4341 Samuelem
965 4302 1075 4340 non
1104 4285 1279 4339 audiit
1313 4284 1469 4350 Saul,
1501 4300 1627 4339 cum
1656 4286 1706 4341 ei
1737 4301 1967 4355 regnum

386 4378 629 4433 ablatum
661 4379 729 4432 iri
758 4379 986 4443 diceret,
1024 4378 1121 4434 sed
1149 4384 1351 4448 etpost
1381 4377 1628 4432 divinum
1658 4378 1965 4443 decretum,

385 4472 531 4542 quod
578 4488 703 4527 eum
749 4488 919 4544 regno
958 4472 1302 4543 depellebat,
1356 4470 1535 4524 adhuc
1582 4470 1690 4525 sibi
1735 4486 1966 4542 regnum

386 4564 736 4631 vindicabat;
784 4572 1077 4634 propterea
1146 4564 1432 4636 indignum
1492 4566 1649 4621 illum
1700 4562 1967 4634 judicavit

386 4656 565 4721 Deus,
613 4658 700 4711 cui
732 4672 830 4728 per
856 4658 1109 4713 homines
1144 4658 1246 4713 sibi
1282 4657 1533 4714 addictos
1570 4656 1968 4729 praenuntiaret

385 4766 476 4806 res
521 4751 598 4804 illi
651 4761 945 4806 eventuras
970 4790 986 4814 ,
1028 4752 1489 4821 quemadmodum
1529 4762 1584 4807 et
1620 4751 1812 4805 Achab
1851 4749 1966 4821 regi

388 4844 609 4898 lsraelis
640 4844 899 4913 fecit,qui
929 4852 1181 4914 negatam
1203 4847 1451 4899 veritatis
1479 4844 1759 4916 prophetis
1784 4842 1966 4907 ﬁdem,

390 4936 546 4992 l‘alsis
588 4937 869 5008 prophetis
908 4937 1187 5004 adhibuit;
1234 4938 1378 4992 unde
1425 4938 1573 4992 misit
1616 4938 1666 4992 ei
1713 4937 1969 5008 spiritum

386 5031 712 5089 mendacem
733 5072 748 5097 ,
780 5030 1239 5101 quemadmodum
1281 5031 1359 5086 ait
1392 5031 1531 5087 liber
1568 5028 1882 5102 Regnorum
1898 5029 1966 5096 ⁸⁸,

464 5303 509 5335 ⁵⁸
541 5299 609 5354 lll
643 5299 772 5372 Reg.
804 5316 956 5363 xm,
986 5298 1057 5352 20
1096 5306 1151 5351 et
1184 5313 1338 5367 seqq.

395 5488 570 5541 nerati
617 5492 745 5542 sunt
768 5526 783 5549 ,
817 5490 1230 5554 congruentem.
1262 5481 1449 5554 Itaque
1488 5475 1786 5554 secundam
1820 5472 1969 5554 illam

393 5561 729 5613 creationem
761 5543 847 5611 his
882 5543 1083 5617 verbis,
1117 5543 1393 5626 Formavit
1429 5543 1972 5626 pratereaoDoininas

395 5630 557 5690 Deus.
582 5629 650 5683 de
672 5627 1023 5696 generatione
1046 5614 1114 5678 ex
1140 5614 1479 5696 principibus
1512 5616 1729 5688 generis
1761 5614 1968 5696 intelli-

396 5700 494 5767 git.
525 5684 617 5753 Sic
640 5684 806 5753 etiam
847 5696 1101 5767 pelliceas
1132 5684 1350 5767 tunicas
1379 5684 1547 5767 Deum
1578 5702 1687 5741 non
1718 5684 1971 5767 artiﬁcis,

399 5755 493 5821 sed
515 5769 782 5822 creatoris
804 5755 955 5821 m'ore
978 5765 1179 5836 fecisse
1201 5763 1383 5836 docet,
1405 5761 1497 5836 ita_
1512 5766 1695 5811 tamen
1721 5766 1781 5836 ut
1799 5755 1975 5836 pelles

401 5836 628 5893 minime
665 5845 798 5891 tunc
828 5853 860 5892 e
912 5834 1086 5890 nihilo
1116 5834 1328 5891 eductae
1359 5831 1601 5895 fuerint,
1647 5826 1743 5885 sed
1775 5842 1843 5882 ex
1882 5826 1972 5892 iis,

2066 3358 2159 3410 τὸν
2182 3358 2281 3427 τῆς
2307 3357 2583 3428 βασιλείας
2609 3358 2815 3411 οἰκείαν
2842 3358 3045 3429 ψῆφον,
3069 3358 3132 3409 οὺ
3154 3357 3253 3428 τὴν
3273 3358 3523 3411 ἀσέϐειαν
3548 3359 3633 3409 τῶν

2066 3450 2520 3521 ἐγγαστριμύθων
2570 3450 2777 3521 μισῶν,
2820 3450 2956 3502 ἀλλά
2998 3450 3102 3521 τὴν
3148 3449 3424 3520 βασιλείαν
3462 3450 3627 3519 φιλῶν.

2067 3545 2179 3598 Καὶ
2213 3544 2397 3615 ἐπειδὴ
2432 3546 2493 3597 οὐ
2525 3543 2932 3615 προσεδέξατοὸ
2953 3543 3091 3607 Θεὸς
3118 3545 3212 3597 τὸν
3249 3544 3447 3597 σκοπὸν
3469 3544 3629 3599 uinci.

2067 3635 2153 3689 διὰ
2200 3635 2360 3689 τοῦτο
2412 3637 2573 3689 αὐτὸν
2616 3635 2974 3705 ἐγκατέλιπεν
3034 3636 3386 3707 ὲπιδεηθῆναι
3433 3630 3507 3689 ὧν
3552 3637 3632 3687 οὐκ

2067 3726 2257 3799 ἀγαθῷ
2287 3728 2473 3798 σκοπῷ
2511 3730 2805 3800 ἐποιήσατο
2831 3728 2929 3797 τὴν
2957 3728 3261 3799 ἀναίρεσιν.
3307 3728 3387 3779 Τὰ
3433 3729 3488 3781 δὲ
3519 3727 3627 3780 ἄλλα

2069 3821 2247 3875 πάντα
2291 3821 2394 3873 ὑπὸ
2434 3822 2533 3891 τῆς
2582 3820 3022 3892 ἐγγαστριμύθου
3076 3822 3335 3890 γεγονότα
3382 3821 3518 3873 κατά
3551 3821 3630 3887 τὴν

2067 3916 2349 3987 ἐνέργειαν
2376 3914 2469 3968 τοῦ
2514 3915 2765 3986 δαίμονος
2797 3914 2893 3967 τοῦ
2942 3915 3047 3978 τὰς
3089 3915 3244 3985 ὄψεις
3285 3917 3627 3984 φαντάσαντςςς

2066 4011 2175 4063 τῶν
2210 4008 2462 4082 ὁρώντων
2494 4009 2587 4061 τὸν
2631 4010 2731 4061 οὐκ
2766 4007 2894 4060 ὄντα
2924 4007 3203 4079 Σαμουήλ.
3246 4008 3307 4059 Ἢ
3339 4008 3395 4060 δὲ
3432 4007 3625 4075 ἀλήθεια

2067 4104 2175 4157 τῶν
2204 4104 2463 4175 ῥημάτων
2491 4102 2711 4171 γέγονεν
2739 4102 2805 4153 ἐκ
2832 4099 2925 4153 τοῦ
2960 4100 3097 4153 Θεοῦ
3130 4099 3225 4152 τοῦ
3253 4100 3532 4161 δεδωκότος
3566 4098 3627 4166 τῷ

2067 4197 2280 4268 δαίμονι
2309 4196 2369 4249 ὲν
2402 4196 2640 4267 σχήματι
2687 4194 2779 4247 τοῦ
2818 4194 3076 4265 Σαμουὴλ
3114 4194 3344 4265 ὀφθῆναι
3385 4198 3447 4265 τῇ
3485 4196 3625 4260 ἐγγαω

2070 4291 2367 4362 στριμύθῳ,
2401 4290 2494 4343 καὶ
2516 4287 2685 4353 δεῖξαι
2712 4288 2805 4341 τοῦ
2831 4288 3118 4359 μέλλοντος
3147 4288 3243 4359 τὴν
3267 4288 3509 4359 δήλωσιν.
3533 4285 3623 4340 Καὶ

2068 4384 2252 4455 ἐπειδὴ
2285 4384 2380 4436 τοῦ
2424 4382 2677 4455 Σαμουὴλ
2708 4383 2809 4435 οὐκ
2834 4382 3069 4453 ήκουσεν
3110 4383 3141 4433 6
3183 4382 3350 4434 Σαοὺλ
3377 4380 3466 4433 τοῦ
3498 4383 3619 4447 εἰρξ-

2069 4476 2225 4539 κότος
2259 4476 2409 4546 αὐτῷ
2444 4475 2548 4545 τῆς
2589 4474 2865 4545 βασιλείας
2900 4474 2997 4545 τὴν
3039 4474 3361 4545 ἀφαίρεσιν,
3389 4472 3515 4525 ἀλλά
3547 4470 3619 4521 καί

2074 4568 2211 4641 μετά
2236 4569 2335 4639 τὴν
2359 4567 2509 4621 θείαν
2536 4566 2714 4637 ψῆφον
2743 4565 3227 4635 ἀποδοκιμάσασαν
3250 4565 3410 4617 αὐτὸν
3430 4563 3520 4631 τῆς
3542 4561 3619 4629 βας

2076 4660 2300 4723 σιλείας,
2332 4658 2411 4712 ἔτι
2434 4660 2771 4712 ἀντεποιεῖτο
2807 4657 2913 4727 τῆς.
2938 4658 3237 4728 βασιλείας,
3262 4656 3326 4708 δι’
3345 4652 3615 4710 ἀύτῶνιῖὸι

2075 4750 2291 4814 ἀνάξιον
2330 4748 2495 4801 αὐτὸν
2528 4747 2739 4822 ἔκρινεν
2768 4749 2797 4799 6
2828 4746 2961 4809 Θεὸς
2988 4748 3085 4798 τοῦ
3119 4747 3206 4799 διὰ
3229 4746 3333 4798 τῶν
3361 4744 3617 4810 αῃκειμέσ

2076 4859 2180 4895 νων
2206 4840 2355 4911 αὑτῴ
2384 4840 2730 4913 προμηνῦσαι
2779 4837 2929 4908 αὐτῷ
2970 4837 3039 4890 τὰ
3086 4838 3353 4909 ἐσόμενα,
3401 4836 3613 4901 καθάπερ

2076 4935 2343 5007 πεποίηκε
2389 4935 2481 4987 καὶ
2520 4935 2611 4985 ἐπὶ
2638 4932 2732 4985 τὸν
2766 4929 2969 5001 Ἀχαάὀ
3008 4930 3231 5001 βασιλέα
3260 4930 3347 4982 τοῦ
3398 4925 3610 4997 Ἰσραὴλ,

2077 5027 2167 5081 τὸν
2195 5028 2573 5098 ἀπιστήσαντα
2612 5028 2722 5087 τοῖς
2755 5025 2853 5094 τῆς
2887 5022 3147 5094 ἀληθείας
3192 5023 3506 5094 προφήταις,
3535 5028 3610 5069 και

2078 5484 2201 5541 qua:
2240 5483 2365 5523 eum
2396 5464 2728 5522 animalibus
2764 5469 2961 5515 creatae
2990 5460 3059 5513 ab
3105 5460 3260 5514 initio
3290 5458 3500 5517 fuerant,
3528 5448 3605 5501 de—

2080 5551 2475 5682 suzggim'itnep
2502 5607 2631 5682 earl
2667 5610 2755 5682 td_
2783 5602 3091 5669 ἀλλότρια.
3140 5600 3336 5682 Aliena

2081 5667 2196 5738 haec
2231 5667 2456 5754 peccata
2484 5681 2638 5754 dicit,
2664 5676 2795 5746 quia
2824 5667 3188 5742 nequaquam,
3209 5681 3266 5725 ut
3290 5667 3604 5735 blasphemia.

2082 5756 2137 5810 in
2174 5749 2342 5807 Deum
2373 5752 2580 5805 directe
2613 5749 2882 5802 feruntur.
3352 5808 3360 5810 Α
3396 5805 3403 5810 _
3510 5800 3527 5809 ,

2153 5805 2269 5896 (τι)
2295 5805 2375 5876 Δι’
2403 5820 2615 5875 αὐτῶν.
2646 5817 2838 5875 Melius
2868 5814 3041 5870 multo
3061 5812 3324 5885 legeretur
3344 5805 3415 5861 διὰ
3449 5805 3602 5857 τοῦτο.
