3630 6510
24 382 137 448 1301

737 386 1203 456 ρυᾹΞΒΤΙΟΝΕΒ
1239 384 1323 445 ΕΤ
1360 385 1611 442 RES‘POl‘

1819 384 1873 440 IS
1910 383 2000 439 AD
2033 382 2520 441 ORTHODOXOS.

3130 350 3269 443 ισοξ

23 513 138 565 κλου
169 511 282 582 (87)
312 511 388 573 εἰς
430 509 546 578 τὴν.
582 548 593 559 .
630 548 642 560 .
683 548 693 559 .
730 548 740 561 .
777 549 787 560 .
820 550 833 561 .
869 550 881 561 .
908 494 1174 582 ὑπάρχειν
1212 510 1337 573 τοὺς
1366 510 1579 579 φωστῆ-
1608 560 1611 568 γ

1840 506 2126 576 ab.altero
2156 506 2488 560 continetur.
2523 502 2620 557 Sin
2651 503 2754 557 hoc
2779 518 2969 558 verum
3006 512 3111 568 est,
3149 511 3264 559 toto

23 621 131 675 ρας,
156 603 251 656 xui
278 602 482 671 φαίνειν
510 601 616 668 ἀεὶ,
644 601 760 665 πῶς
786 597 880 654 οὖν
905 602 1374 674 ἀποκρύπτονται;

87 868 484 923 ἈΠΟΚΡΙΣ1Σ.
517 870 580 923 Et
610 868 1054 941 ὁμολογουμένως
1096 870 1266 925 πολλά
1303 871 1449 925 ἐστιν
1479 870 1591 925 ἐτε-

24 981 83 1032 ρα
107 961 173 1014 τά
202 965 259 1014 ἐν
284 962 358 1031 τῷ
386 961 535 1032 αὐτῷ
566 962 660 1015 xui
693 962 791 1032 ἴσῳ
824 963 1068 1034 ἐπιπέδῳ
1097 963 1223 1017 ὄντα
1242 1004 1256 1029 ,
1292 965 1385 1017 xui
1414 963 1499 1017 διὰ
1527 963 1589 1017 τὸ

25 1057 184 1124 μῆκος
212 1053 309 1106 τοῦ
341 1053 708 1124 διαστήματος
738 1055 1099 1127 κεκρυμμένα
1126 1055 1254 1108 ὄντα
1277 1057 1374 1127 τῆς
1393 1056 1586 1125 ὅψεως,

24 1143 121 1197 οἷον
148 1144 214 1197 τὰ
247 1145 407 1198 πλοῖα
425 1144 492 1197 τὰ
521 1146 579 1198 ἐν
603 1148 669 1217 τῇ
696 1145 939 1221 Θαλάσσῃ
966 1146 1068 1200 ὑπὸ
1097 1147 1338 1218 ἀλλήλων
1369 1147 1441 1219 μὴ
1461 1148 1592 1220 ὁρώ-

28 1252 185 1306 μενα,
218 1235 316 1289 τοῦ
359 1236 593 1301 πλάτους
631 1241 703 1309 τῇ
731 1239 847 1292 τῶν
874 1239 1080 1294 ὑδάτων
1109 1240 1405 1311 ἐπιφανείᾳ
1437 1258 1593 1312 περι-

24 1329 280 1397 ορίζοντος
323 1327 419 1399 τὴν
449 1328 570 1398 ὃψιν
619 1332 928 1402 περαιτέρω
963 1330 1037 1402 μὴ
1083 1330 1461 1398 ἀποτείνεσθαι
1496 1330 1591 1385 τοῦ

26 1418 278 1489 ὁρίζοντος
303 1460 317 1481 ,
362 1420 414 1471 τί
462 1421 773 1492 θαυμαστὸν
812 1424 860 1475 εί
890 1424 984 1476 xui
1020 1424 1111 1477 ἐπὶ
1154 1423 1263 1477 τῶν
1293 1425 1593 1497 φωστήρων

28 1509 218 1574 γίνεται
244 1510 277 1578 ἡ
314 1509 608 1580 ὲπίκρυψις
636 1511 727 1565 διὰ
752 1512 850 1583 τὴν
880 1512 1047 1583 αὐτὴν
1078 1513 1291 1579 αἱτίαν;
1318 1506 1394 1585 ᾞ
1423 1514 1479 1566 δὲ
1507 1513 1594 1566 διά

24 1598 113 1667 τὴν
134 1597 396 1669 ἀνθολκὴν
429 1601 662 1673 οὐρανοῦ
690 1604 785 1656 καὶ
811 1603 935 1673 γῆς,
965 1603 1213 1657 ἵστασθαι
1245 1603 1339 1657 τὸν
1367 1605 1597 1676 οὐρανὸν

30 1693 109 1743 καὶ
136 1691 235 1760 τὴν
268 1684 512 1762 γῆν,ὲπὶ
547 1692 647 1763 μὲν
684 1693 778 1747 τοῦ
826 1696 1043 1769 πρώτου
1088 1695 1319 1767 οὐρανοῦ
1362 1694 1455 1748 καὶ
1496 1684 1597 1764 τῆς

24 1781 119 1851 γῆς
149 1781 264 1835 ἐστι
290 1783 450 1837 τοῦτο
478 1785 716 1850 εἰκάσαι,
739 1785 827 1839 διὰ
850 1787 911 1838 τὸ
936 1788 1051 1857 ἅμα
1077 1787 1403 1858 γεγενῆσθαι
1432 1787 1590 1843 αὑτά.

1687 597 1814 652 coeli
1843 598 1976 653 orbe
2005 597 2072 651 ad
2102 596 2345 653 universi
2375 596 2542 666 hujus
2570 594 3036 651 collustrationem
3066 593 3262 651 minis-

1688 698 1885 757 trante,
1917 697 1978 745 ut
2025 696 2244 749 exstent
2283 687 2601 752 luminaria,
2634 702 2959 758 semperque
3007 686 3265 754 luceant;

1686 783 1963 854 quomodo
1991 783 2082 838 illa
2114 781 2357 837 latitant?

1758 872 1960 929 RESP.
1992 872 2050 928 Si
2088 874 2227 929 citra
2280 871 2711 928 controversiam
2770 870 2943 924 multa
2990 868 3097 924 alia
3143 874 3269 924 sunt

1689 984 1811 1039 qua:
1863 968 1919 1022 in
1963 968 2153 1024 eadem
2200 975 2255 1022 ct
2303 982 2461 1038 requa
2488 967 2714 1037 planitie
2742 973 2965 1037 propter
2995 965 3269 1020 intervalli

1690 1059 2106 1131 longitudinem,
2134 1060 2420 1115 oculorum
2449 1058 2714 1129 eﬂ'ugiunt
2759 1058 3010 1113 obtutum
3032 1100 3047 1124 ,
3100 1056 3270 1111 veluti

1690 1150 1907 1220 navigia
1964 1150 2021 1204 in
2070 1149 2229 1213 mari,
2288 1164 2522 1219 quorum
2577 1149 2807 1202 alterum
2851 1147 2920 1204 ab
2958 1147 3132 1202 altero
3162 1161 3273 1201 non

1692 1244 1958 1309 cernitur,
1990 1243 2281 1297 latitudine
2329 1258 2427 1313 per
2461 1257 2706 1297 summas
2743 1255 2914 1312 aquas
2960 1240 3119 1311 quasi
3165 1238 3276 1292 circ

1694 1335 1820 1389 culo
1847 1335 2086 1403 quodam
2115 1335 2296 1390 visum
2321 1334 2813 1389 circumscribente
2835 1348 2945 1401 quo
2972 1331 3157 1386 minus
3183 1329 3273 1384 ul-

1696 1432 1782 1481 tra
1806 1426 2352 1481 circumscribentem
2386 1423 2702 1479 intendatur
2722 1468 2737 1492 ,
2768 1425 2898 1494 quid
2934 1423 3131 1477 mirum
3151 1421 3275 1476 fue-

1696 1521 1788 1583 rit,
1820 1521 1863 1574 si
1893 1518 2186 1574 occultatio
2216 1518 2493 1573 stellarum
2516 1532 2614 1586 per
2631 1515 2878 1570 eamdem
2904 1530 3127 1569 causam
3151 1510 3279 1567 ﬁat?

1697 1606 1979 1671 Quatenus
2010 1620 2143 1661 vero
2170 1604 2288 1674 pari
2316 1605 2440 1659 coeli
2498 1614 2552 1658 et
2599 1614 2759 1658 terrae
2787 1605 2843 1657 in
2886 1603 3103 1659 diversa
3127 1602 3274 1668 nisu,

1694 1697 1893 1751 caalum
1911 1704 1965 1752 et
1985 1705 2129 1752 terra
2154 1697 2430 1759 consistit,
2449 1696 2518 1750 de
2542 1694 2720 1765 primo
2749 1695 2891 1749 coelo
2918 1703 2972 1749 et
3001 1705 3145 1750 terra
3172 1694 3278 1748 hoc

1698 1788 2009 1859 conjectare
2049 1789 2196 1853 licet,
2239 1804 2306 1843 eo
2348 1788 2495 1859 quod
2524 1804 2633 1842 una
2669 1787 2890 1843 condita
2916 1788 3044 1842 sint.
3072 1786 3149 1840 De
3186 1785 3283 1839 ﬁr-

32 1876 140 1926 Ἐπὶ
150 1875 203 1926 δὲ
217 1875 312 1927 τοῦ
328 1893 413 1929 στε
423 1876 700 1947 ρεώματος
713 1880 805 1933 xui
815 1879 915 1948 τῆς
938 1880 1039 1949 γῆς
1051 1880 1109 1931 οὐ
1117 1880 1230 1933 κέτι
1247 1878 1469 1934 δυνατὸν
1484 1878 1601 1932 τοῦ-

1819 1886 1976 1933 nento
2001 1886 2181 1934 autem
2211 1886 2264 1934 et
2290 1888 2434 1934 terra
2462 1878 2604 1934 idem
2643 1878 2872 1948 intelligi
2925 1893 3035 1931 non
3079 1883 3278 1947 potest.

30 1983 80 2017 το
94 1966 592 2038 νοηθῆναι.’⁸ἰστατο
607 1969 716 2042 γάρ
734 1972 767 2042 ἡ
785 1971 855 2042 γῆ
883 1967 988 2042 πρῦ
1005 1970 1096 2024 τοῦ
1113 1970 1489 2043 στερεώματος
1500 1968 1598 2040 τὴν

37 2060 242 2111 ἅπασαν
260 2060 603 2130 βαστάζουσα
621 2062 793 2134 ὑγράν
816 2064 875 2115 οὑ
885 2063 1003 2117 σίαν
1033 2064 1202 2135 χωρὶς
1227 2062 1490 2133 ἁνθολκῆς
1505 2061 1598 2114 τοῦ

33 2148 411 2222 στερεώματος·
430 2152 650 2225 ὕστερον
668 2154 775 2227 γὰρ
786 2154 884 2224 τῆς
901 2154 1004 2225 γῆς
1018 2155 1206 2224 γέγονε
1219 2154 1277 2208 τὸ
1294 2155 1597 2226 στερέωμα.

92 2242 436 2296 urorum
461 2244 535 2296 Ξο.
565 2246 628 2298 Et
676 2245 907 2318 διαφορὰ
952 2246 1093 2300 κατά
1116 2246 1218 2310 τὰς
1243 2247 1454 2319 μορφὰς
1478 2248 1604 2319 χρή-

34 2352 177 2404 σιμος
224 2337 360 2406 ἡμῖν
414 2336 650 2408 ὑπάρχει
684 2338 917 2391 ἐνταῦθα
948 2337 1038 2392 διὰ
1088 2338 1186 2404 τὰς
1224 2339 1317 2393 τοῦ
1353 2338 1601 2411 σώματος

37 2426 226 2495 χρείας,
253 2426 351 2479 xui
379 2425 446 2480 τά
484 2427 916 2501 ἐπιτηδεύματα,
946 2431 1041 2483 xui
1068 2430 1136 2484 τὰ
1164 2431 1598 2503 συναλλάγματα,

34 2516 294 2581 ἀνενδεοῦς
324 2518 382 2570 ἐν
407 2521 472 2589 τῇ
503 2519 798 2574 ἀναστάσει
827 2522 1190 2592 ἀνισταμένου
1206 2521 1301 2575 τοῦ
1329 2521 1599 2594 σώματος,

38 2610 78 2661 εἰ
124 2608 215 2678 μὲν
258 2612 326 2679 τῇ
361 2610 500 2681 αὐτῇ
544 2611 653 2666 τῶν
691 2611 914 2684 μορφῶν
965 2613 1197 2686 διαφορᾷ
1244 2613 1598 2685 ἀνιστάμεθα,

38 2699 142 2762 πῶς
170 2702 266 2754 οὐκ
304 2700 605 2774 εὔχρηστος
655 2704 764 2775 (88)
803 2705 971 2775 αὖτη;
1014 2708 1063 2759 εί
1106 2706 1163 2758 δὲ
1207 2709 1265 2760 ὲν
1299 2706 1603 2778 ὁμοιώματι

40 2793 104 2861 τῷ
125 2793 288 2864 αὐτῷ,
319 2794 401 2859 τίς
450 2797 483 2865 ή
511 2795 702 2849 τούτου
749 2797 1058 2864 ἀπόδειξις;
1087 2798 1211 2862 Πῶς
1234 2799 1288 2852 δὲ
1316 2801 1408 2852 καὶ
1434 2802 1465 2871 ἡ
1510 2798 1603 2851 τοῦ

40 2882 271 2955 Λαζάρου
328 2887 422 2939 καὶ
464 2886 556 2939 τοῦ
602 2886 856 2941 πλουσίου
894 2890 1199 2961 παραϐολὴ,
1240 2890 1347 2943 τῶν
1384 2891 1606 2963 μορφῶν

38 2974 91 3024 οὐ
114 2973 347 3027 δείκνυσι
378 2976 436 3028 τὸ
466 2975 755 3049 διάφορον;
789 2978 1013 3043 Πάντως
1042 2979 1149 3055 γάρ
1180 2983 1243 3034 ἐκ
1285 2981 1489 3052 ταύτης
1513 2980 1607 3051 δῆ-

44 3063 136 3116 λον.
164 3066 224 3118 Εἰ
256 3066 317 3119 δέ
355 3066 565 3136 λέγοιέν
614 3086 757 3133 τινες
795 3071 871 3135 ώς
911 3070 1111 3141 γνῶσίς
1145 3089 1229 3136 τις
1276 3073 1430 3143 ἐδόθη
1459 3072 1606 3143 αὐτῷ

44 3156 162 3226 πρὸς
196 3158 297 3229 τὴν
344 3157 436 3211 τοῦ
479 3160 729 3233 Λαζάρου
763 3162 856 3215 xui
893 3163 986 3216 τοῦ
1012 3163 1261 3235 Ἀϐραὰμ
1288 3165 1599 3233 ἐπίγνωσιν,

47 3247 189 3299 πόθεν
222 3247 380 3301 τοῦτο
412 3253 822 3322 παραστήσουσι
845 3253 938 3306 xui
964 3254 1056 3306 ἐπὶ
1081 3253 1182 3306 τοῦ
1203 3254 1430 3326 Κυρίου,
1445 3254 1605 3325 ήνίκα

50 3338 251 3409 σώματά
306 3340 413 3393 τῶν
452 3342 623 3410 ἁγίων
660 3345 769 3397 τῶν
808 3345 1222 3417 κεκοιμημένων
1268 3346 1487 3417 ἀνέστη,
1516 3347 1611 3399 xui

49 3430 456 3503 ἐνεφανίσθησαν
490 3433 735 3500 πολλοῖς
774 3436 997 3501 Πάντως
1034 3439 1101 3509 τῇ
1138 3437 1247 3510 ίδίᾳ.
1291 3440 1469 3509 μορφῇ
1500 3441 1611 3503 τοῖς

50 3522 325 3591 γνωρίμοις
356 3524 584 3587 ἕκαστος
605 3525 998 3595 εὐεπίγνωστος
1021 3530 1258 3598 γέγονεν.

110 3617 510 3679 ἈΠΟΚΡΙΣΙΣ
547 3619 746 3674 Πολλαὶ
795 3620 893 3692 μέν
946 3625 1083 3676 εἰσιν
1122 3624 1179 3677 αἱ
1239 3623 1407 3677 αἰτίαι
1450 3624 1513 3678 δι’
1546 3624 1613 3687 ἀς

52 3707 142 3779 χρὴ
166 3709 290 3770 τοὺς
323 3708 708 3779 ἀνισταμένους
735 3711 792 3763 ἐν
830 3715 895 3784 τῇ
921 3712 1096 3785 οἰκεία
1127 3713 1444 3769 ἀνίστασθαι
1479 3734 1614 3788 μορ-

55 3802 135 3869 φῇ.
164 3800 385 3872 Πρῶτον
419 3801 546 3871 μὲν,
587 3804 726 3875 πρὸς
762 3803 861 3875 τὴν
902 3804 1122 3873 ἔνδειξιν
1159 3807 1258 3879 τῆς
1292 3806 1531 3880 μεγάλης
1555 3824 1613 3861 τε

58 3891 136 3943 καὶ
165 3892 309 3957 θείας
334 3892 589 3961 γνώσεως
613 3894 705 3947 τοῦ
730 3894 864 3949 Θεοῦ
884 3936 897 3960 ,
924 3896 1017 3955 τοῦ
1048 3897 1300 3952 δύνασθαι
1333 3902 1390 3952 ἐν
1428 3898 1614 3952 τοσού-

57 3998 124 4052 τῳ
158 3984 507 4057 ἀναριθμήτῳ
553 3985 744 4057 πλήθει
791 3986 900 4041 τῶν
951 3989 1353 4061 ἀνισταμένων,
1402 3992 1615 4064 ἑκάστῳ

58 4075 387 4148 ἀποσωθῆναι
413 4077 511 4148 τὴν
543 4078 751 4132 οἰκείαν
784 4080 1017 4152 μορφήν.
1053 4083 1281 4135 Ἔπειτα
1315 4083 1391 4149 δὲ,
1428 4085 1515 4139 ἵνα
1542 4084 1616 4157 μὴ

61 4168 266 4239 νομισθῇ
290 4169 638 4242 δημιουργῶν
660 4173 877 4234 καινοὺς
901 4172 1236 4245 ἀνθρώπους,
1270 4176 1364 4229 xui
1400 4176 1473 4249 μὴ
1494 4178 1618 4242 τοὺς

62 4257 367 4328 τεθνηκότας
394 4260 643 4325 ἀνιστῶν,
688 4261 776 4314 διὰ
821 4263 976 4317 τοῦτο
1003 4264 1231 4321 ἕκαστον
1262 4269 1370 4323 τῶν
1397 4271 1619 4325 ἀνιστα-

66 4349 218 4415 μένων
239 4353 335 4424 τὴν
376 4353 579 4407 οἰκείαν
611 4352 754 4423 ἔχειν
785 4357 997 4428 μορφήν
1037 4358 1166 4430 (89).
1217 4362 1619 4434 Ἀγνοουμένων

62 4442 157 4514 γὰρ
179 4445 281 4497 τῶν
314 4444 536 4517 μορφῶν
566 4444 661 4498 τοῦ
706 4464 765 4498 τε
798 4447 1153 4518 ἀδικήσαντος
1182 4454 1278 4505 xui
1304 4454 1397 4506 τοῦ
1432 4455 1620 4528 ἀδικη-

1697 1968 1958 2024 Gonstitit
1972 1984 2208 2040 namque
2232 1979 2375 2024 terra
2400 1976 2526 2023 ante
2544 1969 2972 2034 ﬁrmamentum,
3000 1967 3281 2022 humidam

1698 2060 2064 2115 substantiam
2077 2077 2315 2129 omnem,
2330 2062 2446 2117 sine
2458 2060 2686 2118 adverso
2700 2061 3025 2117 ﬁrmamenti
3037 2062 3184 2126 nisu,
3201 2076 3287 2115 su-

1700 2152 1912 2209 stinens
1929 2171 1942 2218 ;
1962 2159 2084 2223 post
2100 2161 2305 2208 terram
2325 2153 2470 2209 enim
2494 2160 2740 2208 creatum
2753 2161 2837 2208 est
2856 2152 3283 2207 firmamentum.

1775 2243 2059 2311 QUAEST.
2093 2245 2203 2300 LX.
2230 2245 2287 2300 Si
2303 2245 2601 2300 formarum
2634 2245 2933 2300 discrimen
2960 2246 3094 2300 utile
3122 2243 3286 2299 nobis

1702 2338 1758 2392 in
1786 2338 1890 2393 hac
1918 2339 2031 2394 vita
2061 2347 2146 2395 est
2169 2339 2240 2394 ob
2272 2337 2521 2409 corporis
2560 2337 2917 2409 indigentiam
2943 2346 2996 2392 et
3020 2336 3200 2393 studia
3232 2342 3288 2391 et

1704 2431 2035 2485 commercia
2056 2470 2071 2495 ,
2103 2446 2228 2485 cum
2285 2431 2340 2483 in
2371 2430 2777 2486 resurrectione
2807 2438 3182 2485 surrecturum
3216 2425 3289 2481 sit

1699 2536 1905 2594 corpus
1939 2514 2240 2594 indigentia
2270 2522 2421 2577 omni
2446 2522 2703 2587 liberum,
2729 2520 3087 2593 quomodo,si
3118 2520 3172 2575 in
3193 2534 3289 2575 eo-

1700 2615 1829 2670 dem
1866 2614 2166 2670 formarum
2198 2613 2519 2669 discrimine
2556 2613 2920 2685 resurgimus,
2952 2628 3063 2669 non
3092 2609 3291 2666 inutile

1700 2704 1840 2761 illud
1863 2705 2109 2761 futurum
2136 2704 2255 2760 est?
2282 2703 2439 2770 Quod
2475 2704 2525 2759 si
2555 2703 2609 2758 in
2638 2702 2885 2774 ejusdem
2914 2700 3104 2757 formae
3128 2701 3287 2757 simi-

1706 2799 1936 2855 litudine
1956 2842 1971 2864 ,
2004 2797 2219 2868 ecquod
2250 2797 2419 2867 hujus
2443 2797 2523 2853 rei
2547 2794 2974 2867 argumentum?
3001 2792 3291 2860 Quomodo

1706 2900 1886 2948 autem
1947 2890 2141 2946 Lazari
2197 2898 2252 2946 et
2308 2891 2496 2945 divitis
2530 2889 2793 2961 parabola
2846 2886 3144 2943 formarum
3176 2900 3289 2940 non

1704 2983 1950 3040 ostendit
2012 2983 2363 3038 discrimen?
2405 2981 2643 3037 Omnino
2700 2980 2848 3035 enim
2922 2979 3029 3033 hoc
3079 2994 3148 3034 ex
3199 2978 3291 3032 illa

1706 3084 1949 3134 constat.
1983 3075 2141 3142 Quod
2174 3079 2221 3130 si
2244 3074 2338 3146 qui
2364 3074 2553 3131 dicant
2572 3073 2852 3128 notionem
2884 3071 3176 3142 quamdam
3207 3068 3293 3123 di-

1708 3171 1805 3225 viti
1832 3172 2014 3226 datam
2060 3186 2204 3235 esse,
2234 3180 2294 3224 ut
2320 3168 2586 3223 Lazarum
2621 3176 2675 3222 et
2704 3166 2979 3223 Abraham
3027 3179 3292 3235 agnosce—

1709 3270 1825 3330 ret,
1852 3261 1996 3317 unde
2026 3261 2171 3317 istud
2208 3261 2373 3316 ctiam
2406 3261 2474 3316 de
2507 3259 2740 3314 Domino
2782 3258 3113 3330 probabunt,
3164 3272 3291 3311 cum

1708 3369 1939 3426 corpora
1979 3361 2319 3420 sanctorum,
2348 3353 2444 3423 qui
2474 3352 2829 3419 dortnierant,
2860 3363 3212 3406 resurrcxere
3238 3358 3294 3403 et

1708 3462 2013 3519 apparuere
2039 3448 2269 3501 multis?
2301 3446 2539 3502 Omnino
2566 3445 2788 3515 propria
2835 3443 3067 3513 quisque
3118 3441 3291 3495 forma

1712 3539 1875 3594 facile
1897 3553 1926 3592 a
1956 3538 2104 3591 notis
2139 3537 2255 3591 suis
2285 3536 2505 3605 agnitus
2534 3534 2657 3589 fuit.

1782 3628 1982 3683 RESP.
2014 3627 2273 3684 Pluribus
2301 3628 2370 3681 dc
2399 3627 2584 3681 causis
2610 3632 2826 3696 oportet
2850 3633 2908 3678 ut
2942 3628 3295 3693 resurgentes

1714 3723 1772 3777 in
1818 3719 2041 3792 propria
2091 3718 2269 3773 forma
2314 3725 2624 3788 resurgant.
2674 3716 2917 3769 Primum
2974 3713 3198 3785 quidem
3232 3721 3294 3767 ut

1713 3830 1910 3884 magna
1931 3822 1985 3869 ct
2008 3813 2192 3867 divina
2216 3811 2311 3866 Dei
2340 3810 2567 3866 scientia
2587 3825 2654 3864 ex
2682 3824 2747 3864 eo
2768 3807 3113 3871 ostendatur,
3142 3806 3294 3876 quod

1714 3907 1891 3979 possit
1933 3906 1989 3961 in
2022 3913 2174 3961 tanta
2205 3904 2610 3974 resurgentium
2639 3901 3009 3965 multitudine,
3041 3915 3164 3970 quae
3191 3915 3296 3954 nu-

1716 4000 1918 4055 merari
1946 4014 2057 4054 non
2084 4004 2288 4069 potest,
2311 3995 2585 4067 propriam
2610 3994 2810 4064 cuique
2835 3993 3068 4048 formam
3107 4007 3295 4048 serva-

1717 4106 1797 4148 re.
1823 4090 2030 4146 Deinde
2057 4105 2188 4146 vero
2219 4104 2289 4143 ne
2309 4087 2654 4143 existimetur
2683 4100 2855 4141 novos
2894 4085 3143 4139 homines
3162 4099 3296 4138 con-

1716 4181 1866 4247 dere,
1900 4198 2010 4237 non
2037 4188 2289 4235 mortuos
2326 4178 2591 4242 excitare,
2623 4186 2910 4248 propterea
2957 4189 3188 4230 necesse
3210 4180 3296 4229 est

1721 4285 1781 4329 ut
1827 4273 2237 4343 resurgentium
2299 4270 2684 4341 unusquisque
2742 4268 3021 4340 propriam
3096 4267 3298 4321 habeat

1721 4365 1977 4421 formam.
2004 4362 2144 4416 Nam
2185 4362 2234 4417 si
2273 4362 2473 4433 ignota:
2523 4362 2633 4417 sint
2654 4369 2707 4416 et
2739 4361 2887 4415 illius
2914 4358 3006 4430 qui
3037 4357 3296 4427 injuriam

1722 4453 1870 4517 fecit,
1896 4462 1951 4507 et
1987 4454 2156 4516 illius,
2181 4453 2273 4523 qui
2310 4468 2511 4522 passus
2538 4460 2642 4518 est,
2665 4450 2883 4515 formae,
2918 4448 3057 4520 perit
3104 4446 3297 4517 iudicii

64 4533 243 4601 Θὲντος,
289 4538 584 4595 ἀπόλλυται
620 4543 721 4613 τῆς
765 4544 996 4615 κρίσεως
1040 4541 1102 4595 τὸ
1125 4543 1349 4602 δίκαιον.
1383 4548 1503 4600 Ἔτι
1535 4548 1611 4614 δὲ,

1819 4546 1973 4601 uitas.
2004 4544 2295 4609 Praeterea,
2317 4545 2364 4599 si
2395 4544 2692 4599 formarum
2718 4541 3048 4605 ditl‘erentia,
3069 4538 3301 4595 sublatis

64 4628 104 4677 εί
128 4626 377 4683 λυθεισῶν
403 4632 509 4687 τῶν
536 4636 732 4706 χρειῶν
774 4636 842 4690 δι’
868 4636 934 4700 ἃς
974 4637 1245 4705 ἀναγκαία
1285 4639 1474 4708 γέγονε
1509 4640 1617 4694 τῶν

69 4722 269 4789 μορφῶν
294 4725 326 4793 ἡ
361 4723 612 4797 διαφορὰ,
636 4729 862 4801 περιττὴ
892 4729 985 4781 xui
1008 4730 1280 4803 ἄχρηστος
1308 4732 1616 4804 εὑρίσκεται

67 4810 209 4883 αὕτη,
236 4818 459 4887 περιττὴ
494 4820 589 4871 xui
620 4818 890 4892 ἄχρηστός
913 4822 1025 4873 ἐστι
1059 4822 1152 4874 xui
1178 4822 1287 4874 τῶν
1313 4822 1617 4893 ὀνομασιῶν

67 4903 94 4970 ἡ
121 4903 359 4979 διαφορά.
391 4908 516 4973 Πῶς
547 4905 639 4964 οὗν
666 4913 694 4964 ὁ
727 4911 980 4975 πλούσιος
1010 4913 1101 4966 τὸν
1132 4912 1384 4984 Ἀϐραὰμ
1411 4915 1505 4967 xui
1528 4914 1617 4969 τὸν

66 4993 291 5069 Λάζαρον
311 5000 371 5065 ἐξ
397 5001 658 5073 ὀνόματος
688 5004 864 5068 καλεῖ,
900 5007 965 5058 ἐκ
991 5006 1089 5078 τῆς
1118 5007 1257 5061 κατά
1285 5008 1385 5079 τὴν
1424 5010 1621 5079 ὀνομα-

71 5083 176 5138 σίαν
204 5089 460 5164 διαφορᾶς
492 5094 566 5165 μὴ
591 5094 1005 5168 γνωριζομένων
1036 5097 1143 5151 τῶν
1170 5099 1503 5169 προσώπων;
1548 5101 1621 5154 Τὸ

70 5175 118 5230 δὲ
144 5180 275 5234 κατὰ
298 5181 388 5235 τὸν
424 5182 667 5256 Λάζαρον
697 5188 793 5239 xui
821 5188 913 5241 τὸν
944 5188 1196 5243 πλούσιον
1239 5189 1502 5263 διήγημα,
1529 5190 1619 5244 οὖ-

70 5284 119 5320 τε
149 5272 414 5346 παραϐολή
454 5276 632 5341 ἐστιν,
668 5276 790 5332 οὔτε
838 5281 1062 5352 ἱστορία.
1100 5283 1285 5353 Εῐγεή
1325 5283 1422 5354 μὲν
1447 5301 1623 5355 παρα-

73 5358 183 5431 ϐολὴ
224 5363 336 5416 ἐστι
382 5364 538 5435 λόγος
573 5368 862 5441 ὁμοιότητα
901 5373 1169 5444 περιέχων
1208 5373 1303 5427 τοῦ
1341 5375 1622 5443 γεγονότος

74 5453 372 5525 πράγματος
407 5458 544 5531 πρὸς
574 5460 635 5514 τὸ
666 5462 942 5535 ἐσόμενονο
976 5466 1187 5538 ἱστορία
1219 5466 1298 5532 δὲ,
1324 5468 1480 5536 λόγος
1509 5468 1624 5540 διή-

140 5622 527 5720 (8])“1ξιξζιλου.
547 5702 562 5720 ‘
593 5633 684 5689 Sic
736 5634 1012 5720 lacunam‘
1035 5637 1212 5707 explet
1259 5638 1578 5720 Sylburgius
1605 5660 1618 5695 :

79 5690 269 5782 iis!
288 5699 379 5752 τοῦ
407 5702 603 5782 παντὸς
630 5690 1623 5782 καταυγασινῂλειτξυργοῧπος,σπρδς

79 5759 398 5892 τδᾶτὲἇρέειν
428 5773 553 5836 τοὺς
582 5759 873 5847 ξρωστῆρας
906 5778 999 5830 xui

224 5833 243 5892 l
322 5840 637 5892 ὐγοηστορ.
691 5844 998 5892 [uertendum
1049 5850 1316 5892 ﬁvn'nmrnr
1366 5870 1375 5892 ι

141 5827 637 5910 (εεγὲῡχρησὶοξ.
690 5827 1003 5918 ιέὲοὲἧιιιίὴί
1042 5827 1623 5922 ἔξρᾖξττῖὸυερπγα-

1719 4637 2053 4709 indigentiis,
2077 4644 2299 4707 propter
2329 4651 2468 4706 quas
2494 4635 2803 4691 necessaria
2832 4634 2954 4698 fuit,
2973 4646 3303 4704 supervaca-

1719 4746 1822 4786 nea
1832 4742 1886 4786 et
1904 4730 2113 4785 inutilis
2128 4729 2401 4784 invenitur
2421 4749 2432 4783 :
2450 4742 2854 4799 supervacanea
2870 4733 2923 4781 et
2946 4726 3157 4780 inutilis
3172 4738 3305 4795 quo-

1723 4833 1831 4887 que
1861 4816 1968 4872 erit
1988 4817 2273 4871 nominum
2303 4816 2631 4873 dilierentia.
2664 4816 2952 4883 Quomodo
2985 4830 3116 4887 ergo
3147 4814 3300 4870 dives

1719 4909 1995 4969 Abraham
2009 4918 2061 4964 et
2074 4908 2340 4964 Lazarqu
2365 4910 2586 4965 nomine
2601 4910 2854 4980 appellat,
2870 4911 2916 4965 si
2935 4925 3001 4964 ex
3018 4906 3301 4964 nominum

1723 5000 2029 5056 differentia
2053 5018 2163 5057 non
2175 5002 2573 5073 dignoscuntur
2596 5003 2846 5059 homines
2859 5001 3002 5057 llllla
3033 5011 3214 5055 autem
3235 4998 3305 5054 de

1723 5092 1933 5147 Lazaro
1961 5099 2016 5147 et
2044 5093 2213 5148 divite
2242 5094 2484 5148 narratio
2514 5109 2613 5149 nec
2642 5094 2903 5163 parabola
2935 5099 3021 5147 est
3050 5106 3152 5146 nec
3191 5089 3306 5144 his-

1721 5187 1887 5243 toria.
1920 5187 2053 5241 Nam
2079 5186 2335 5257 parabola
2364 5187 2543 5242 oratio
2572 5194 2656 5241 est
2684 5202 2798 5241 rem
2830 5184 3070 5239 futuram
3095 5181 3199 5237 sub
3226 5180 3304 5235 rei

1726 5278 1883 5334 facta:
1913 5279 2270 5335 similitudine
2298 5278 2593 5344 exhibens;
2621 5277 2855 5332 historia
2901 5284 3085 5330 autem
3124 5272 3306 5329 oratio

1724 5379 1810 5428 est
1836 5371 2216 5427 narrationem
2254 5370 2463 5426 habens
2496 5369 2574 5425 rei
2598 5369 2713 5439 jam
2756 5368 2934 5426 factae.
2960 5367 3097 5421 Nam
3130 5380 3308 5433 neque

1726 5473 1854 5523 ante
1885 5463 2350 5521 resurrectionem
2406 5462 2530 5517 vita:
2558 5459 2723 5535 ἥδε,
2776 5465 3043 5515 anteactae
3093 5471 3307 5512 merces

1724 5639 1802 5710 vit
1855 5637 2199 5710 Sylburgius.
2238 5634 2331 5691 Sic
2382 5637 2546 5692 etiam
2604 5633 2952 5693 emendatum
3000 5629 3059 5687 in
3116 5626 3308 5686 codice

1724 5709 2167 5763 Claromontano.

1819 5780 1905 5851 89)
1943 5781 2141 5851 Ἔχειζ
2166 5775 2427 5847 μορφήν.
2459 5775 2907 5839 Subaudiendum
2938 5775 3043 5847 χρή
3070 5788 3135 5828 cx
3170 5785 3305 5842 prae-

1725 5848 2065 5908 cedentibus.
2105 5848 2453 5905 δηιιυιιςιυε,
3280 5888 3283 5891 λ
