3630 6520
0 326 129 383 305

749 321 1217 391 QUIESTIONES
1254 322 1342 378 ET
1379 323 1902 386 RESPONSIONES
1933 325 2024 380 AD
2060 324 2551 382 OBTHODOXOS.

3163 329 3294 388 1506

0 444 68 516 ἦν
119 447 375 518 σκηνὴν
415 443 710 514 ἀποτελεῖ),
753 445 817 514 τῇ
855 442 1095 514 ποικιλίᾳ
1136 437 1228 518 οὖν
1273 441 1380 495 τῶν
1417 461 1433 496 ι

1885 446 2130 500 increata
2159 453 2357 499 natura
2385 460 2495 499 non
2527 443 2706 500 differt
2736 451 2935 500 natura
2965 446 3034 502 ab
3053 445 3295 503 lncreata

1 509 66 588 αἱ
89 538 173 606 τῇ
218 509 471 608 έιαξρορᾷ
501 534 607 587 τῶν
637 509 838 605 χρειῶν
876 509 1134 585 δεικνύων
1156 509 1272 603 ⁸(92)
1306 533 1504 596 αὐτοὺς
1535 528 1612 586 εἴ·

0 646 58 683 ιι
120 627 479 702 γεννητούς.
531 627 596 681 Ἦ
626 626 734 699 γὰρ
782 624 1076 698 ἁγέννητος
1111 625 1273 697 φύσις
1329 623 1466 699 πρὸς
1510 625 1610 698 τὴν

1718 543 1933 592 natura.
1970 537 2125 604 Quod
2153 544 2334 592 autem
2361 545 2586 609 prepter
2617 554 2776 595 usum
2807 539 2914 595 tale
2929 547 3015 595 est
3038 548 3131 595 aut
3161 539 3294 608 tale,

1717 629 1952 685 alienum
1983 637 2067 685 est
2088 629 2156 684 ab
2181 630 2420 684 increata
2446 637 2662 685 natura.

0 725 324 796 γέννητον
353 725 510 796 φύσιν
533 721 674 778 κατὰ
702 721 862 793 φύσιν
888 721 987 776 οὐκ
1015 721 1126 792 ἔχει
1159 722 1438 796 διαφοράν.
1476 721 1550 778 Τὸ
1574 723 1633 776 δὲ
1658 725 1751 779 καὶ
1776 724 1966 796 χρείας
1991 725 2155 780 ’ἑνεκα
2184 725 2386 780 τοιόνδε
2427 726 2460 797 ἢ
2487 726 2688 780 τοιόνδε
2735 723 3011 798 ἀλλότριόν
3065 725 3182 776 ἐστι
3202 724 3302 795 τῆς

0 820 326 890 γεννήτου
349 819 579 890 φύσεως.

39 911 450 965 ἘΡΩΤΗΣΙΣ
475 911 591 966 ΞΔ’.
621 911 685 964 Εἰ
722 911 913 983 ὥσπερ
943 912 971 964 6
1015 913 1200 975 Ἰωνᾶς
1241 914 1300 966 ἐν
1330 914 1397 983 τῇ
1443 909 1618 982 κοιλίᾳ

0 999 65 1053 οὗ
98 1003 347 1073 κήτους
378 1004 440 1056 τὸ
465 1005 761 1076 τριήμερον
779 1043 794 1067 ,
821 1001 994 1067 οὕτως
1024 1003 1120 1058 καὶ
1146 1005 1176 1058 6
1205 1001 1441 1077 Χριστὸς
1466 1003 1524 1056 ὲν
1547 1005 1614 1074 τῇ

0 1092 195 1164 ,αρδίᾳ
231 1093 354 1164 τῆς
375 1095 497 1166 γῆς,
535 1093 653 1156 πῶς
679 1095 741 1148 ού
765 1093 984 1164 δοκήσει
1015 1092 1109 1147 τοῦ
1144 1095 1350 1166 Κυρίου
1381 1095 1410 1146 6
1455 1093 1618 1148 θάνα-

0 1204 64 1249 ος
96 1187 399 1255 γέγονεν;
429 1187 616 1253 Ἰωνᾶς
653 1186 763 1258 γὰρ
794 1187 868 1259 μὴ
906 1186 1104 1252 θανὼν,
1139 1187 1400 1259 ἐνομίσθη
1425 1187 1617 1242 τεθνά-

5 1296 90 1330 αι.
132 1279 210 1331 Ei
239 1277 312 1330 δὲ
346 1278 468 1333 κατ’
501 1277 759 1349 ἀλήθειαν
792 1281 821 1333 ό
841 1277 1047 1350 Κύριος
1077 1278 1172 1332 τοῦ
1199 1279 1430 1334 θανάτου
1458 1281 1614 1349 ἐγεύ-

0 1384 140 1429 ἀτο,
184 1367 333 1432 πῶς
363 1368 424 1422 τὸ
447 1369 589 1423 κατὰ
613 1368 705 1423 τὸν
741 1369 927 1424 ’Ῑωνᾶν
960 1371 1264 1443 ὑπόδειγμα
1301 1374 1363 1428 οὐ
1402 1372 1613 1442 διέψευ-

0 1475 102 1512 παῑ
122 1472 139 1520 ;

61 1549 510 1604 ’AHUKPIEIE.
542 1552 616 1606 Οὐ
659 1551 873 1624 θανάτῳ
914 1553 1006 1606 τὸν
1051 1552 1280 1610 θάνατον
1324 1558 1610 1630 συμπαρέ-

0 1642 176 1705 ἱαλεν,
225 1642 380 1696 ἀλλὰ
419 1642 518 1714 τὴν
556 1646 858 1716 τριήμερόν
883 1647 940 1699 ὲν
967 1646 1047 1717 τῷ
1091 1647 1249 1718 τάφῳ
1286 1649 1608 1720 παραμονὴν

0 1733 74 1786 τοῦ
122 1735 408 1805 Σωτῆρος
457 1738 523 1806 τῇ
566 1738 854 1810 τριημέρῳ
899 1740 958 1792 ἐν
985 1738 1078 1810 ’τῷ
1103 1742 1260 1813 κήτει
1313 1740 1607 1814 παραμονῇ

0 1825 74 1878 τοῦ
116 1825 325 1879 Ἰωνᾶ.
358 1826 565 1892 Ἀλλως
592 1845 653 1882 τε
671 1830 721 1882 εί
751 1829 894 1884 κατὰ
911 1828 980 1883 τὰ
1000 1831 1161 1902 ὅμοια
1178 1827 1246 1903 ἦν
1269 1831 1340 1886 τὰ
1355 1831 1496 1886 κατὰ
1517 1832 1610 1886 τὸν

0 1918 198 1970 Ἰωνᾶν
232 1921 363 1982 τοῖς
391 1919 534 1974 κατὰ
560 1920 650 1974 τὸν
678 1922 926 1994 Σωτῆρα,
957 1922 1142 1978 οὐκέτι
1166 1922 1400 1994 ἠδύνατο
1425 1924 1610 1980 ἐκεῖνα

0 2011 200 2064 ;ούτων
255 2007 409 2066 εἶναι
450 2011 620 2079 τύπος
665 2014 697 2084 ἢ
739 2012 923 2068 εἰκών.
955 2016 1076 2088 Χρὴ
1102 2009 1196 2069 οὖν
1221 2015 1322 2088 τὴν
1347 2016 1608 2088 ἀλήθειαν

0 2106 152 2158 τλέον
182 2123 244 2158 τι
277 2105 380 2159 τοῦ
419 2105 590 2160 τύπου
618 2105 784 2178 ἔχειν,
815 2107 956 2162 κατὰ
980 2106 1042 2161 τὸ
1069 2108 1382 2181 εἰρημένον·
1411 2107 1610 2163 ΙΙλέον

0 2197 169 2253 Ἰωνᾶ.
213 2192 368 2253 ὦδε.
413 2199 751 2271 ’Υπόδειγμα
791 2200 848 2254 δὲ
895 2201 1124 2271 ἀψευδὲς
1152 2203 1352 2257 νοεῖται
1379 2201 1440 2255 τὸ
1467 2202 1610 2256 κατὰ

0 2288 79 2341 τὸν
121 2291 334 2342 Ἰωνᾶν
362 2288 457 2344 τοῦ
486 2290 628 2344 κατά
655 2289 748 2344 τὸν
777 2291 1005 2363 Σωτῆρα
1031 2289 1222 2344 τοῦτον
1249 2291 1340 2345 τὸν
1366 2291 1568 2364 τρόπον
1589 2309 1604 2322 ο

0 2383 92 2446 ὃτι,
125 2381 347 2454 ὥσπερ
375 2385 404 2436 6
440 2383 627 2446 Ἰωνᾶς
666 2386 888 2455 σημεῖον
931 2383 1167 2448 πίστεως
1195 2379 1307 2456 εἶχε
1334 2384 1428 2438 τοῦ
1455 2385 1608 2456 παρὰ

0 2472 84 2525 τοῦ
123 2471 276 2525 Θεοῦ
311 2473 686 2545 ἀποσταλῆναι
716 2473 879 2527 αὐτὸν
914 2476 1135 2549 κήρυκα
1172 2476 1274 2546 τῆς
1301 2493 1608 2548 καταστρο-

0 2564 96 2635 si};
122 2563 244 2617 τῶν
264 2565 569 2620 Νινευῖτῶν
594 2565 692 2637 τὴν
719 2567 1017 2639 τριήμερόν
1045 2569 1109 2621 ὲκ
1136 2567 1229 2621 τοῦ
1255 2569 1453 2640 κήτους
1478 2569 1607 2622 ἀνα-

0 2657 208 2730 γωγὴν,
237 2658 424 2724 οὕτως
452 2659 548 2714 καὶ
575 2661 603 2713 6
631 2659 824 2732 Σωτὴρ
854 2663 1079 2731 σημεῖον
1106 2661 1341 2725 πίστεως
1369 2656 1482 2732 εἶχε
1509 2661 1606 2715 τοῦ

0 2749 147 2821 παρὰ
175 2750 282 2803 τοῦ
315 2750 452 2804 Θεοῦ
481 2751 854 2822 ἀποσταλῆναι
884 2753 1048 2806 αὑτὸν
1075 2752 1294 2824 κήρυκα
1321 2754 1420 2825 τῆς
1451 2754 1606 2824 βασι-

2 2839 149 2904 λείας
204 2841 328 2897 τῶν
379 2843 650 2918 οὐρανῶν,
704 2843 804 2916 τὴν
856 2845 1158 2917 τριήμερον
1197 2848 1261 2899 ἐκ
1295 2845 1390 2900 τοῦ
1431 2847 1605 2916 τάφου

2 2947 250 2986 αναστασ
259 2951 334 2986 ιν.

82 3024 452 3080 ἘΡΩΤΗΣΙΣ
489 3025 608 3080 ΞΕ’.
670 3028 886 3100 Ἐπειδή
926 3046 1074 3093 τινες
1113 3029 1213 3102 τὴν
1262 3029 1356 3083 τοῦ
1394 3031 1605 3104 Κυρίου

8 3118 315 3188 παράδοσιν
343 3123 410 3193 τῇ
437 3120 660 3193 τετράδι
687 3120 912 3192 λέγουσι
951 3122 1258 3192 γεγονέναι,
1290 3124 1354 3177 ἐκ
1377 3125 1476 3195 τῆς
1505 3142 1604 3178 πο-

11 3209 230 3282 σότητος
277 3212 442 3266 τοῦτο
473 3213 584 3267 τῶν
623 3214 744 3269 τότε
793 3215 1152 3287 πραχθέντων
1193 3216 1600 3288 στοχαζόμενοι,

9 3302 84 3364 τίς
108 3305 140 3376 ἡ
168 3305 461 3372 ἀπόδειξις
497 3307 600 3378 τῆς
641 3307 857 3380 ἡμέρας
899 3309 957 3361 ὲν
1049 3309 1081 3378 ὴ
1112 3307 1412 3379 παράδοσις
1437 3309 1602 3378 γέγοο

11 3408 91 3444 νεν
112 3409 126 3456 ;

87 3485 503 3540 ἈΠΟΚΡΙΣ1Σ.
549 3486 850 3552 Ἀπόδειξις
875 3486 970 3540 τοῦ
1001 3487 1076 3560 μὴ
1109 3491 1176 3559 τῇ
1201 3489 1438 3560 τετράδι,
1466 3488 1601 3543 ἀλλὰ

13 3581 71 3649 τῇ
99 3580 338 3651 πέμπτῃ
372 3580 768 3651 παραδεδόσθαι
796 3581 890 3636 τὸν
914 3582 1178 3653 Χριστὸν,
1222 3582 1366 3653 α’ύτη
1413 3582 1563 3635 ἐστίν
1583 3600 1595 3613 ο

24 3668 103 3720 Ἐν
144 3673 214 3742 τῇ
261 3671 426 3724 νυκτὶ
521 3671 815 3743 παρεδόθη,
845 3675 903 3747 ὲν
936 3673 1110 3747 ταύτῃ
1140 3674 1246 3728 ὑπὸ
1270 3673 1381 3728 τῶν
1407 3674 1598 3746 ἀρχιε-

19 3761 140 3830 ρέων
175 3763 274 3817 καὶ
323 3763 715 3836 πρεσϐυτέρων
763 3765 960 3836 ἐκρίθη
1010 3767 1106 3820 καὶ
1165 3766 1599 3838 κατεκρίθη·τῷ

16 3854 147 3924 πρωϊ
187 3855 248 3910 δὲ
283 3855 535 3926 ἐχομένῳ
559 3857 660 3928 τῆς
689 3857 884 3922 νυκτὸς
909 3858 1114 3931 ταύτης
1145 3859 1468 3932 παρέδωκαν
1494 3860 1598 3914 αύ-

16 3947 94 4000 τδν
118 3948 195 4020 τῷ
222 3951 466 4021 Πιλάτῳ.
511 3950 600 4003 Ἐν
717 3948 774 4002 δὲ
801 3951 988 4021 ἡμέρᾳ
1029 3951 1339 4022 παρέλαϐεν
1381 3952 1544 4006 αὐτὸν
1570 3955 1598 4007 ὁ

19 4038 254 4106 Πιλᾶτος,
287 4043 346 4095 ὲν
375 4043 550 4114 ταύτῃ
577 4042 740 4097 αὑτὸν
768 4044 862 4098 καὶ
891 4044 1236 4117 ὲσταύρωσε·
1268 4046 1597 4120 παραλαϐὼν

17 4128 66 4183 δὲ
90 4133 249 4186 αὑτὸν
276 4134 357 4206 τῷ
384 4134 527 4207 πρωῒ
550 4135 652 4206 τῆς
678 4136 1064 4207 Παρασκευῆς,
1091 4141 1158 4210 τῇ
1189 4139 1324 4212 ἕκτη
1349 4137 1470 4211 ὥρᾳ
1497 4138 1598 4210 τῆς

21 4223 175 4295 αὐτῆς
217 4228 583 4299 Παρασκευῆς
630 4227 1001 4301 ἐσταύρωσεν.
1053 4231 1128 4283 Ού
1171 4231 1276 4303 χρὴ
1326 4227 1420 4285 οὖν
1473 4234 1596 4295 ταῖς

22 4318 293 4384 γραφικῶς
334 4319 672 4402 ᾠρισμὲναις
699 4319 876 4392 ὥραις
921 4322 1273 4394 προστιθέναι
1301 4323 1445 4378 κατά
1471 4340 1594 4377 στου

27 4409 219 4478 χασμὸν
257 4412 322 4465 τὸ
358 4411 678 4466 ἀσύστατον,
727 4412 866 4485 Φησὶ
904 4413 1014 4485 γὰρ
1050 4413 1331 4480 Ματθαῖος
1356 4417 1385 4468 6
1412 4416 1624 4485 Εὐαγ-,

1628 3147 1676 3210 C

1791 907 2072 977 QUIEST.
2105 908 2290 966 LXIV.
2323 907 2380 964 Si
2409 909 2864 980 quemadmodum
2886 906 3053 965 Jonas
3079 909 3136 962 in
3163 923 3297 964 ven-

1721 1010 1806 1056 tre
1836 1002 1940 1056 ceti
1965 1016 2064 1071 per
2087 999 2354 1063 triduum,
2389 999 2465 1053 ita
2494 1007 2549 1053 et
2568 999 2823 1054 Christus
2849 999 3084 1054 incorde
3107 1009 3296 1065 terrai,

1717 1093 1998 1166 quomodo
2058 1109 2169 1146 non
2233 1093 2419 1162 specie
2471 1099 2684 1146 tantum
2747 1098 2979 1146 mortem
3031 1089 3296 1147 Dominus

1719 1187 1853 1242 obiit
1878 1187 1902 1240 ἲ
1932 1183 2068 1241 Nam
2101 1185 2291 1250 Jonas,
2333 1201 2458 1239 cum
2487 1192 2739 1240 mortuus
2770 1201 2882 1239 non
2930 1190 3098 1250 esset,
3148 1201 3297 1239 mor-

1718 1281 1846 1327 tuus
1903 1287 2028 1327 esse
2069 1272 2419 1326 existimatus
2450 1278 2554 1326 est.
2587 1271 2743 1337 Quod
2794 1273 2840 1324 si
2873 1287 3000 1327 vere
3030 1270 3294 1345 Dominus

1718 1371 1950 1420 mortem
1977 1364 2250 1436 gustavit,
2283 1363 2557 1435 quomodo
2581 1380 2689 1419 non
2719 1364 2917 1420 falsum
2945 1364 3097 1420 Iona).
3117 1381 3296 1420 exem-

1717 1458 1906 1529 plum?

1790 1549 1954 1622 465
1970 1547 2169 1605 RESP.
2184 1548 2304 1602 Non
2328 1555 2557 1604 mortem
2578 1563 2702 1602 cum
2725 1556 2899 1604 morte
2915 1547 3164 1611 contulit,
3193 1544 3291 1602 sed

1715 1641 2024 1696 triduanum
2057 1642 2114 1696 in
2160 1641 2412 1712 sepulcro
2441 1639 2881 1711 permansionem
2913 1639 3126 1693 Domini
3165 1655 3290 1694 cum

1716 1736 1973 1790 triduana
2018 1736 2072 1790 in
2119 1743 2243 1789 celo
2290 1733 2679 1804 permansione
2719 1731 2890 1786 Jonae.
2934 1731 3204 1787 Praeterea
3244 1729 3292 1786 si

1711 1828 1921 1884 similes
1968 1825 2203 1883 fuissent
2245 1842 2336 1881 res
2385 1825 2539 1881 Jona:
2582 1825 2747 1880 rebus
2794 1824 3130 1889 Salvatoris,
3179 1838 3290 1878 non

1709 1915 2021 1989 potuissent
2060 1917 2165 1970 illa:
2207 1916 2437 1970 istarum
2483 1916 2656 1986 ﬁgura
2700 1931 2844 1971 esse.
2884 1915 3111 1986 Oportet
3159 1931 3292 1986 ergo

1710 2011 1996 2066 veritatem
2031 2009 2266 2079 amplius
2300 2007 2508 2079 aliquid
2546 2009 2776 2075 habere,
2813 2024 2976 2079 quam
3023 2009 3251 2080 ﬁguram
3273 2049 3290 2074 ,

1710 2103 2017 2160 secundum
2068 2103 2200 2157 illud
2251 2103 2459 2157 dictum
2508 2122 2520 2157 :
2568 2101 2751 2171 Major
2791 2117 2949 2171 quam
2999 2099 3170 2154 Jonas
3214 2109 3293 2156 est

1709 2196 1793 2250 hic
1815 2196 1880 2252 “.
1907 2194 2104 2250 Ionam
2133 2206 2314 2251 autem
2343 2195 2647 2251 Salvatoris
2681 2196 2970 2267 imaginem
2999 2211 3106 2249 non
3139 2210 3292 2249 men-

1709 2286 1900 2342 dacem
1932 2285 2102 2343 fuisse
2145 2287 2250 2341 hoc
2289 2287 2452 2341 modo
2483 2287 2838 2358 intelligitur,
2870 2287 2998 2358 quia
3029 2285 3292 2357 quemad-

1709 2379 1934 2435 modum
1975 2378 2141 2435 Jonas
2188 2379 2403 2451 signum
2455 2379 2684 2444 habuit,
2737 2396 2834 2436 cur
2871 2380 3074 2436 missus
3112 2395 3143 2433 a
3179 2377 3290 2434 Deo

1707 2473 2014 2528 eversionis
2045 2471 2412 2527 Ninivitarum
2443 2487 2624 2544 praeco
2652 2472 2988 2536 crederetur,
3021 2471 3226 2526 exitum
3259 2487 3292 2526 e

1709 2574 1830 2619 ceto
1861 2572 1984 2635 post
2026 2564 2306 2631 triduum;
2339 2565 2412 2619 ita
2447 2572 2500 2619 et
2532 2562 2785 2618 Salvator
2811 2564 3026 2635 signum
3061 2563 3251 2617 habuit
3273 2602 3287 2624 ,

1709 2671 1810 2709 cur
1839 2659 2044 2712 missus
2069 2672 2100 2710 a
2126 2656 2238 2712 Deo
2261 2657 2417 2727 regni
2449 2657 2714 2712 coelorum
2749 2671 2927 2726 przeco
2947 2655 3286 2718 crederetur,

1708 2749 2181 2805 resurrectionem
2214 2764 2279 2805 ex
2306 2749 2563 2819 sepulcro
2593 2757 2718 2818 post
2747 2748 3012 2804 triduum.

1778 3009 2061 3078 QUJEST.
2102 3010 2265 3068 LXV.
2315 3011 2586 3079 Quoniam
2642 3013 2894 3069 nonnulli
2937 3013 3287 3069 traditionem

1708 3103 1924 3159 Domini
1965 3103 2054 3159 die
2081 3112 2280 3174 quarto
2325 3105 2517 3159 dicunt
2551 3106 2831 3175 evenisse,
2880 3122 2947 3161 ex
2989 3122 3188 3177 magno
3233 3107 3288 3161 id

1707 3213 1891 3254 rerum
1921 3207 2052 3253 tunc
2079 3206 2356 3270 gestarum
2389 3214 2619 3253 numero
2659 3200 3046 3270 conjicientes,
3077 3201 3288 3271 ecquod

1709 3299 2094 3362 argumentum
2126 3299 2213 3347 est
2245 3291 2378 3357 dici,
2412 3307 2519 3362 qua
2548 3291 2693 3346 facta
2716 3292 2982 3347 traditio?

1777 3473 1977 3528 RESP.
2017 3473 2136 3530 Non
2171 3486 2390 3546 quarto,
2422 3475 2516 3531 sed
2543 3477 2734 3548 quinto
2763 3477 2850 3531 die
2871 3477 3133 3531 traditum
3164 3492 3289 3532 esse

1704 3567 1994 3623 Dominum
2035 3569 2116 3623 sic
2149 3569 2582 3624 demonstratur.
2615 3571 2674 3624 ln
2701 3561 2814 3640 'qua
2850 3576 3010 3623 nocte
3049 3569 3287 3625 traditus

1702 3669 1814 3725 est,
1852 3659 1906 3713 in
1944 3673 2007 3713 ea
2038 3674 2068 3712 a
2112 3659 2458 3730 principibus
2499 3661 2847 3715 sacerdotum
2880 3667 2934 3714 et
2969 3661 3288 3715 senioribus

1697 3749 1979 3820 judicatus
2022 3757 2076 3806 et
2106 3750 2508 3806 condemnatus
2545 3759 2663 3818 est;
2701 3765 2859 3805 mane
2887 3759 3069 3806 autem
3091 3793 3104 3817 ,
3137 3749 3285 3820 quod

1702 3844 1844 3898 hanc
1873 3850 2091 3899 noctem
2127 3844 2485 3899 subsecutum
2527 3850 2639 3909 cst,
2672 3842 3014 3897 tradiderunt
3043 3857 3165 3897 cum
3194 3840 3288 3899 Pi-

1702 3936 1833 3992 lato.
1867 3935 1983 4002 Qua
2014 3943 2197 3991 autem
2225 3936 2314 3991 die
2340 3936 2493 3990 illum
2523 3935 2735 4006 accepit
2761 3934 2989 4000 Pilatus,
3016 3935 3203 3990 eadem
3229 3942 3286 3991 et

1699 4029 2006 4097 cruciﬁxit;
2042 4045 2166 4083 cum
2199 4037 2381 4084 autem
2409 4029 2564 4083 illum
2601 4028 2878 4098 acceperit
2907 4043 3068 4082 mane
3113 4026 3284 4081 Para-

1700 4139 1924 4189 sceves,
1962 4133 2114 4178 sexta
2148 4123 2283 4177 hora
2320 4123 2566 4192 ejusdem
2606 4120 2941 4178 Parasceves
2984 4121 3278 4176 crucifixit.

1696 4213 1816 4269 Non
1848 4224 2062 4288 oportet
2083 4231 2215 4287 ergo
2242 4216 2391 4270 horis
2412 4231 2442 4268 a
2477 4215 2761 4286 Scriptura
2785 4214 3028 4270 deﬁnitis
3050 4214 3280 4268 dillicul-

1698 4314 1840 4362 tates
1871 4308 2222 4378 conjiciendo
2255 4305 2528 4378 afﬁngerc,
2569 4323 2691 4378 quae
2720 4306 2966 4376 expediri
3000 4322 3109 4360 non
3151 4321 3282 4376 pos-

1697 4401 1826 4457 sint.
1862 4400 1954 4454 Sic
1984 4401 2128 4456 enim
2157 4401 2233 4454 ait
2265 4401 2552 4455 Matthaeus
2575 4399 2923 4466 Evangelista
2951 4418 2965 4452 :
3001 4397 3160 4451 Mane
3182 4415 3282 4451 au-

24 4495 257 4571 γελιστὴς
283 4500 457 4566 οὕτως
472 4519 486 4535 ’
513 4504 744 4574 Πρωΐας
769 4501 837 4556 δὲ
857 4502 1204 4573 γενομένης,
1228 4505 1457 4573 συμϐού

1846 4493 1987 4558 acto,
2015 4494 2296 4547 consilium
2323 4494 2556 4546 inierunt
2589 4509 2768 4546 omnes
2805 4491 3065 4560 principes
3103 4505 3279 4542 sacer-

26 4587 225 4646 ἔλαϐον
269 4593 491 4661 πάντες
522 4597 578 4650 οὶ
625 4594 924 4664 ἀρχιερεῖς
964 4595 1060 4649 καὶ
1109 4597 1164 4649 oi
1208 4597 1598 4664 πρεσϐύτεροι

29 4681 122 4736 τοῦ
159 4687 312 4741 λαοῦ
354 4687 506 4742 κατὰ
532 4687 640 4742 τοῦ
683 4687 906 4755 Ἰησοῦ,
951 4686 1111 4754 ὅπως
1166 4686 1597 4742 θανατώσωσιν

29 4773 219 4828 αὐτόν’
249 4778 350 4831 καὶ
376 4777 676 4845 δήσαντες
702 4777 910 4843 αὐτὸν,
928 4777 1262 4849 ἀπήγαγον,
1301 4780 1400 4833 καὶ
1441 4796 1592 4849 παρ-

28 4861 234 4921 έδωκαν
306 4871 494 4925 αὑτὸν
550 4870 782 4935 Ποντίῳ
853 4870 1090 4936 Πιλάτῳ
1145 4873 1228 4941 τῷ
1316 4873 1585 4943 ἡγεμόνι.

41 4953 288 5028 Ὡσαύτως
323 4965 380 5018 δὲ
409 4964 502 5018 καὶ
542 4963 794 5035 Ἰωάννης
848 4966 878 5018 6
929 4965 1340 5037 Εὑαγγελιστής
1391 4983 1586 5038 φησιν’

36 5048 253 5120 Ἀτουσι
278 5055 385 5110 τὸν
398 5056 634 5125 Ἰησοῦν
668 5057 788 5111 ἀπὸ
817 5057 924 5111 τοῦ
951 5057 1186 5127 Καῖάφα
1210 5061 1296 5126 εὶς
1327 5059 1391 5112 τὸ
1422 5073 1590 5127 πραι-

34 5142 241 5210 τώριον·
267 5145 347 5222 ἦν
386 5151 455 5204 δὲ
481 5151 650 5219 πρωΐ·
700 5151 795 5204 καὶ
837 5149 999 5204 πάλιν
1021 5167 1034 5181 ”
1080 5151 1134 5203 '0
1165 5150 1424 5220 Πιλᾶτος
1451 5149 1586 5217 οὖν,

32 5233 274 5308 ἀκούσας
317 5243 546 5297 τούτων
591 5239 709 5294 τῶν
771 5242 989 5311 λόγων,
1041 5240 1271 5312 ἤγαγεν
1327 5242 1444 5308 ἔξω
1479 5244 1587 5298 τὸν

46 5325 270 5396 Ἰησοῦν,
291 5334 389 5388 καὶ
419 5331 702 5388 ἐκάθισεν
725 5333 823 5386 ἐπὶ
854 5333 960 5387 τοῦ
983 5332 1260 5403 ,βήματος
1284 5335 1371 5400 είς
1397 5334 1586 5387 τόπον

1695 4587 1880 4640 datum
1903 4626 1918 4651 ,
1949 4595 1999 4640 et
2027 4587 2258 4641 seniores
2286 4586 2507 4655 populi,
2542 4583 2792 4640 adversus
2821 4582 3005 4637 Iesum
3027 4623 3041 4648 ,
3075 4591 3130 4635 ut
3158 4597 3278 4635 eum

1695 4683 1855 4736 morti
1888 4681 2176 4744 traderent,
2207 4689 2257 4734 et
2291 4681 2520 4734 vinctum
2549 4695 2666 4733 eum
2698 4677 3054 4740 abduxerunt,
3085 4685 3133 4729 et
3165 4683 3280 4727 tra-

1693 4771 1942 4827 diderunt
1976 4761 2185 4826 Pontio.
2204 4772 2387 4827 Pilato
2422 4770 2642 4841 ρι’ωεὶάὶ
2679 4771 2745 4825 ⁸⁷.
2785 4767 3052 4822 Similiter
3094 4773 3277 4820 autem

1691 4875 1748 4921 ct
1775 4865 2018 4922 Joannes
2044 4865 2397 4937 Evangelista
2427 4865 2567 4920 dixit
2598 4885 2611 4920 :
2643 4863 2856 4917 Ducunt
2879 4861 3063 4916 Jesum
3093 4877 3126 4912 a
3151 4849 3290 4913 (ἰαὶ-⁵

1694 4959 1800 5028 pha
1833 4961 1890 5013 in
1917 4960 2259 5029 praztorium;
2281 4968 2395 5012 erat
2427 4968 2602 5011 autem
2637 4972 2789 5010 mane
2818 4955 2898 5020 “;
2930 4961 2984 5008 et
3013 4966 3272 5005 rursum:

1695 5050 1910 5106 Pilatus
1941 5068 2063 5122 ergo
2093 5067 2210 5105 cum
2248 5050 2484 5105 audisset
2513 5049 2650 5104 hunc
2679 5061 2992 5110 sermonem,
3023 5041 3274 5112 produxit

1691 5145 1840 5214 foras
1871 5142 2055 5198 Jesum
2079 5184 2094 5209 ,
2128 5144 2363 5213 seditque
2384 5157 2480 5212 pro
2512 5139 2792 5204 tribunali,
2814 5139 2868 5192 in
2887 5138 2999 5190 loco
3026 5134 3116 5205 qui
3145 5131 3276 5184 dici-

1691 5248 1780 5291 tur
1809 5237 2220 5303 Lithostrotus,
2265 5235 2529 5291 Hebraice
2567 5245 2746 5288 autem
2793 5227 3099 5286 Gabbatha.
3137 5223 3272 5278 Erat

1690 5342 1868 5386 autem
1899 5331 2194 5387 Parasceve
2239 5330 2493 5396 Pascitur,
2536 5331 2668 5384 hora
2718 5328 2881 5397 ferme
2921 5330 3070 5378 sexta
3094 5320 3162 5376 “.
3215 5317 3271 5372 Si

157 5509 197 5544 ⁸⁵
217 5515 402 5572 Matth.
435 5533 532 5582 xn,
556 5519 643 5572 41.
720 5515 762 5546 ⁸⁷
795 5514 983 5569 Matth.
1026 5529 1198 5579 xxv",
1231 5517 1281 5569 1.
1360 5516 1404 5547 ⁸⁸
1445 5514 1580 5568 Joan

1066 5529 1198 5579 xm,
1231 5517 1281 5569 1.
1360 5516 1404 5547 ⁸⁸
1445 5514 1604 5568 Joan.
1632 5529 1790 5576 xvnl,
1831 5513 1924 5567 28.
1988 5515 2032 5546 "
2061 5513 2220 5570 Joan.
2264 5534 2378 5582 xu,
2415 5518 2499 5573 15.

102 5696 193 5775 ςεδε)
221 5702 645 5776 Δεικνύων.)’θ1
684 5704 969 5774 legendum
994 5702 1226 5758 δεικνύει
1272 5700 1355 5756 vel
1389 5702 1535 5757 subai

1861 5707 1996 5773 ἐστί,
2031 5707 2307 5763 existimat
2345 5705 2688 5776 Sylburgius.
2728 5698 2835 5755 Sed
2876 5695 3008 5753 illud
3045 5693 3269 5750 verbum

46 5764 242 5825 refertur
269 5775 332 5829 ad
364 5773 667 5844 superiora.
