3638 6502
333 374 467 430 1507

1112 360 1478 418 APPENDIX.
1502 391 1571 402 ——
1600 356 1779 411 PARS
1817 355 1857 412 l.
1900 354 1927 409 Ε

2084 347 2265 407 STlNl
2304 343 2535 403 OPERA
2572 338 2839 397 SPURIA.

3432 331 3550 385 i308

328 506 459 561 ergo
490 495 649 543 nocte
677 485 948 557 proditus,
980 490 1034 537 et
1058 480 1359 552 judicatus,
1395 484 1447 533 et
1471 481 1641 530 morte
1671 474 1898 529 damna:

2083 469 2326 537 χεόμενον
2360 462 2791 527 Λιθόστρωτον,
2834 450 3124 521 Ἐϐραῖστὶ
3178 447 3247 501 δὲ
3294 450 3339 500 Γ
3342 446 3557 499 αϐὅαθὰ.

332 595 423 638 tus
455 591 539 637 est
563 598 590 635 a
622 578 997 651 pontiﬁcibus,
1029 591 1188 630 tuane
1216 580 1393 625 autem
1428 568 1665 623 traditus
1691 565 1897 629 Pilato,

330 683 397 727 et.
420 672 563 725 hora
612 677 765 725 sexta
803 668 1119 723 Parasceva:
1154 661 1479 725 cruciﬁxus,
1531 664 1739 711 certum
1786 664 1899 720 est,

333 764 527 833 quinto
559 762 647 817 die
674 758 1036 815 hebdomadis
1066 755 1331 810 traditum
1362 766 1487 806 eum
1510 762 1651 804 esse.

2005 558 2119 615 Ἦν
2144 558 2213 612 δὲ
2230 552 2593 625 Παρασκευὴ
2619 551 2726 604 τοῦ
2741 548 2976 617 Πάσχα,
3000 545 3123 614 ὥρα
3151 543 3220 596 δὲ
3252 543 3386 594 ὡσεὶ
3414 540 3559 603 ἕκτη.

2010 652 2074 703 Et
2116 647 2295 701 τοίνυν
2343 647 2410 716 τῇ
2450 641 2605 695 νυκτὶ
2655 639 2752 711 μὲν
2794 634 3091 708 παρεδόθη,
3126 632 3222 686 καὶ
3251 628 3432 700 ἐκρίθη
3472 629 3563 680 ὑπὸ

2011 742 2120 795 τῶν
2149 739 2476 812 ἀρχιερέων,
2504 734 2599 788 καὶ
2619 729 2940 802 κατεκρίθη,
2970 728 3030 780 τὸ
3060 725 3207 797 πρωῒ
3233 723 3291 776 δὲ
3318 720 3565 792 παρεδόθη

331 814 685 929 τιῦὝ-ίῐιλᾰιτω,
726 814 831 909 ίκαί
857 857 923 926 τῇ
963 853 1099 923 ἕκτῃ
1134 850 1253 921 ὥρα
1294 848 1393 917 τῆς
1431 841 1795 915 Παρασκευῆς
1835 836 2179 909 ἐσταυρώθη,
2209 833 2366 905 δῆλον
2406 833 2489 885 ὅτι
2520 831 2586 900 τῇ
2626 828 2852 897 πέμπτῃ
2879 824 3004 895 [(95)
3035 824 3069 894 ἡ
3099 819 3394 891 παράδοσις
3427 814 3570 885 γεγέ-

332 968 685 1109 W21(EalllulilS'l'.
720 1037 904 1092 LXVI.
931 1035 1071 1103 Quia
1105 1041 1368 1105 perpetuo
1402 1030 1666 1086 Dominus
1701 1028 1897 1081 Filium

2095 1013 2451 1070 ἘΡΩΤΗΣῙΣ
2479 1011 2615 1077 Ξς’;
2655 1006 2871 1078 Ἐπειδὴ
2915 1002 3211 1073 συνεχῶςρ
3238 999 3436 1070 Κύριος
3460 1000 3573 1052 Υἰέν

334 1152 392 1190 se
422 1133 657 1189 hominis
679 1146 774 1199 per
796 1128 1086 1183 articulum
1112 1126 1498 1190 masculinum,
1528 1138 1634 1177 non
1656 1136 1785 1176 vero
1808 1134 1904 1189 per

2083 1107 2103 1161 3
2127 1104 2437 1177 ἀνθρώπου,
2469 1102 2564 1155 καὶ
2588 1099 2709 1168 οὐχὶ
2724 1099 2821 1168 τῆς
2845 1095 3158 1168 ἀνθρώπου,
3186 1091 3373 1145 ἑαυτὸν
3397 1092 3575 1160 ὀνομα-

335 1225 654 1280 femininum
680 1222 947 1292 appellat,
982 1227 1145 1289 atque
1180 1217 1306 1273 inde
1334 1223 1607 1270 conantur
1634 1211 1901 1268 increduli

333 1318 712 1373 demonstrare
738 1329 806 1369 ex
833 1312 1107 1383 conjugali
1133 1310 1328 1381 copula
1361 1308 1706 1362 Dominicum
1736 1304 1898 1360 exsti-

337 1411 470 1465 tisse
497 1418 745 1480 partum:
777 1406 1027 1460 Hominis
1058 1404 1226 1468 enim,
1261 1402 1537 1472 inquiunt,
1573 1414 1670 1469 per
1706 1397 1909 1451 articu-

337 1502 450 1555 lum
482 1501 845 1556 masculinum
879 1513 1100 1561 nomen,
1136 1512 1245 1550 non
1271 1494 1485 1550 feminze
1521 1501 1626 1558 est,
1661 1491 1755 1545 sed
1792 1503 1909 1543 ma-

338 1596 452 1661 ris;
483 1594 682 1663 quibus
716 1592 882 1662 igitur
904 1589 1207 1643 rationibus
1234 1594 1450 1641 utentes
1484 1583 1752 1655 ejusmodi
1774 1598 1908 1638 conv

340 1685 541 1739 vicium
572 1684 779 1739 frustra
810 1681 984 1752 ingeri
1021 1678 1356 1750 arguemus?

412 1774 611 1830 RESP.
655 1774 712 1828 Si
757 1790 822 1828 ex
852 1772 1123 1841 conjugali
1159 1769 1353 1839 copula
1395 1767 1710 1822 Dominicus
1737 1764 1906 1820 exsti—
1940 1754 1978 1808 Β

340 1865 497 1919 tisset
521 1871 732 1933 partus,
764 1877 873 1914 non
900 1861 1106 1914 diceret
1136 1857 1419 1927 Scriptura
1454 1876 1466 1911 :
1504 1856 1570 1909 Ut
1598 1855 1910 1926 putabatur,

347 1956 489 2025 (ilius
528 1952 721 2020 Joseplt
758 1951 829 2004 ⁷ο.
861 1948 997 2002 lllud
1033 1948 1211 2010 enim,
1248 1958 1306 2000 ut
1340 1946 1661 2015 putabatur,
1706 1945 1772 1999 de
1809 1945 1912 2008 iis,

345 2047 437 2117 qui
470 2061 532 2099 ex
556 2041 829 2112 conjugali
858 2041 1052 2109 copula
1082 2046 1407 2099 nascuntur,
1438 2038 1545 2091 dici
1580 2053 1687 2091 non
1715 2044 1912 2107 potest.

342 2138 411 2192 At
438 2152 532 2206 per
558 2150 718 2189 unam
747 2147 958 2193 vocem,
986 2145 1215 2199 eamque
1240 2145 1340 2185 nec
1365 2130 1514 2183 claro
1546 2144 1643 2183 nec
1667 2130 1917 2184 absoluto

343 2244 506 2283 sensu
546 2228 823 2297 praeditam
858 2226 982 2281 illas
1016 2241 1237 2290 omnes,
1263 2241 1383 2294 qua:
1410 2224 1699 2278 manifeste
1731 2224 1916 2278 decla-

344 2328 468 2373 rant
495 2320 774 2375 Christum
824 2334 890 2372 ex
934 2315 1139 2387 Spiritu
1182 2325 1374 2371 sancto
1414 2324 1466 2371 et
1500 2315 1669 2369 Maria
1707 2317 1919 2387 virgine

343 2411 507 2484 466
532 2411 771 2482 genitum
798 2425 949 2472 esse,
983 2416 1229 2464 evertere
1260 2409 1421 2478 longe
1458 2406 1917 2462 absurdissimum

344 2512 448 2559 est.
465 2504 546 2557 Ad
561 2503 906 2557 evertendam
926 2508 1104 2555 autem
1127 2502 1343 2555 inanem
1365 2515 1551 2554 eorum
1570 2507 1919 2569 argumenta-

343 2598 548 2653 tionem
580 2598 664 2651 his
688 2598 893 2650 utimur
910 2594 1238 2649 rationibus.
1261 2593 1316 2646 Si
1345 2592 1471 2663 quia
1490 2606 1597 2646 non
1616 2592 1751 2645 dixit
1769 2588 1923 2644 Chri-

347 2701 468 2749 stus
497 2692 662 2744 filium
695 2707 753 2745 se
779 2706 902 2745 esse
948 2689 1188 2744 hominis
1226 2703 1323 2757 per
1364 2686 1653 2740 articulum
1704 2683 1922 2738 femini-

347 2800 512 2849 num,
547 2783 754 2838 idcirco
795 2799 906 2837 non
952 2789 1038 2836 est
1074 2780 1218 2834 filius
1262 2779 1502 2833 hominis
1549 2776 1762 2832 femina:
1795 2794 1807 2830 :
1840 2777 1922 2831 sic

348 2878 514 2931 etiam
542 2875 785 2945 profecto
808 2875 934 2944 quia
966 2888 1075 2927 non
1096 2872 1242 2939 dixit
1265 2870 1433 2925 filium
1457 2885 1516 2925 se
1543 2885 1666 2925 esse
1688 2868 1923 2937 alicujus

353 2966 625 3029 hominis,
657 2982 766 3020 non
806 2976 887 3018 est
918 2963 1063 3017 filius
1104 2962 1338 3032 alicujus
1375 2961 1634 3017 hominis.
1682 2962 1837 3028 Quod
1873 2960 1923 3016 si

350 3057 601 3111 Christus
631 3057 861 3125 alicujus
888 3054 1127 3108 hominis
1152 3053 1295 3107 filius
1335 3069 1443 3107 non
1467 3062 1583 3119 est,
1607 3054 1925 3110 necessario
1949 3094 1995 3153 ϐ

353 3164 422 3203 ne
460 3147 694 3201 hominis
726 3146 945 3216 quidem
976 3144 1121 3199 filius
1151 3154 1254 3197 cst.
1300 3143 1501 3198 Deinde
1543 3160 1673 3198 vero
1703 3144 1747 3198 si
1777 3144 1921 3201 filius

356 3238 440 3294 Eli
475 3248 700 3294 vocatus
732 3247 816 3293 est
848 3236 1047 3306 Joseph
1090 3236 1209 3291 sine
1251 3236 1523 3307 conjugali
1567 3236 1761 3306 copula
1784 3279 1799 3303 ,
1829 3254 1925 3292 vo-

356 3332 500 3387 lente
534 3331 644 3386 Deo
669 3330 964 3402 Joscphum
996 3334 1111 3397 hoe
1140 3332 1302 3387 modo
1338 3331 1506 3385 lilium
1548 3329 1632 3384 Eli
1675 3331 1889 3386 tradere
1909 3375 1923 3399 ,

356 3421 487 3492 quid
518 3423 740 3477 absurdi
783 3432 867 3479 est
908 3425 1160 3480 similiter
1196 3432 1251 3479 et
1289 3422 1527 3493 Josepho
1576 3422 1746 3476 filium
1776 3422 1930 3476 dari?

359 3515 512 3570 llauc
550 3514 697 3570 enim
730 3516 799 3570 ob
829 3531 1051 3572 causam
1078 3515 1263 3570 divina
1295 3516 1467 3586 gratia
1494 3515 1722 3584 provido
1750 3516 1932 3571 consi-

358 3611 434 3665 lio
462 3609 686 3679 perfecit
711 3649 726 3673 ,
757 3616 817 3663 ut
857 3608 1025 3681 Virgo
1052 3608 1488 3680 desponderetur
1518 3610 1638 3664 viro
1665 3609 1805 3664 duos
1837 3625 1932 3679 pa—

359 3709 473 3758 tres
500 3702 744 3765 habenti,
773 3702 1004 3757 alterum
1036 3701 1336 3757 secundum
1371 3708 1625 3755 naturam
1649 3717 1716 3755 ex
1742 3700 1936 3769 conju—

358 3796 465 3867 gali
496 3794 715 3866 copula,
745 3797 975 3850 alterum
1003 3796 1301 3851 secundum
1334 3797 1507 3865 legem
1526 3796 1642 3849 sine
1659 3795 1933 3864 conjugali

362 3888 589 3957 copula;
620 3888 676 3941 in
709 3888 859 3945 illius
889 3890 1241 3955 generatione
1268 3889 1569 3958 depingeus
1600 3889 1652 3942 in
1691 3896 1939 3943 anteces-

365 3994 486 4034 sum
510 3979 714 4035 Christi
744 3981 1148 4049 generationem
1169 4021 1185 4045 ,
1231 3984 1323 4052 qui
1353 3983 1568 4051 genitus
1610 3982 1830 4052 quidem
1870 3997 1938 4035 ex

370 4070 580 4141 Spiritu
617 4080 810 4125 sancto
838 4071 1012 4129 Filius
1048 4072 1189 4140 Deo,
1226 4076 1441 4145 genitus
1475 4082 1655 4129 autem
1690 4090 1755 4128 ex
1785 4072 1940 4127 Jose-

369 4164 459 4233 phi
490 4180 658 4218 uxore
700 4163 845 4221 filius
876 4164 1133 4235 Josepho.
1177 4168 1447 4235 Spiritus,
1480 4166 1691 4236 inquit,
1723 4174 1938 4220 sanctus

367 4257 691 4326 superveniet
725 4260 779 4310 in
807 4268 873 4321 te,
898 4268 947 4311 et
971 4260 1135 4312 virtus
1160 4260 1425 4313 Altissimi
1446 4258 1778 4313 obumbrubit
1810 4258 1939 4319 tibi;

369 4348 586 4418 ideoque
613 4358 662 4401 et
690 4349 828 4418 quod
858 4359 1104 4403 nascetur
1132 4366 1195 4405 ea:
1234 4360 1281 4405 te
1310 4360 1555 4404 sanctum
1596 4350 1822 4403 Domino
1854 4367 1942 4403 vo-

368 4416 578 4494 cabitur
610 4416 784 4495 Filius
812 4440 904 4495 Dei
929 4442 996 4497 τί.
1034 4441 1139 4497 Sed
1162 4443 1206 4497 si
1241 4442 1295 4497 id
1320 4443 1463 4513 quod
1496 4444 1736 4513 genitum
1767 4452 1938 4497 estex
1972 4449 2015 4503 1)
2038 4433 2139 4470 ’ται
2185 4416 2215 4469 έ

371 4547 541 4585 uxore
572 4530 675 4595 Eli,
708 4531 849 4585 filius
876 4539 960 4587 est
991 4531 1071 4585 Eli
1099 4531 1399 4587 secundum
1424 4533 1595 4602 legem
1628 4531 1744 4595 Dei,
1771 4530 1945 4584 multo
2044 4524 2175 4564 0'0"

373 4627 544 4696 magis
576 4625 628 4680 id
661 4627 806 4695 quod
839 4626 1081 4697 genitum
1110 4644 1174 4681 ex
1202 4626 1612 4698 Josephiuxore
1641 4626 1943 4681 secundum

376 4719 471 4773 Dei
504 4719 903 4790 beneplacitum
946 4719 1091 4776 filius
1123 4728 1208 4776 est
1248 4720 1448 4791 Joseph
1501 4720 1709 4790 absque
1749 4718 1943 4788 copula

375 4812 673 4883 conjugali.

448 5052 727 5119 QUAEST.
743 5052 949 5107 LXVII.
969 5052 1419 5123 Quandoquidem
1436 5052 1609 5108 Isaias
1628 5051 1697 5107 de
1718 5051 1942 5108 Christo

376 5147 609 5201 Domino
651 5147 959 5201 vaticinans
1019 5147 1095 5200 ait
1144 5166 1158 5202 :
1208 5146 1608 5201 Geuerationem
1662 5145 1778 5214 ejus
1827 5146 1944 5215 quis

2012 1201 2115 1266 ζει,
2145 1198 2241 1252 καὶ⁹
2267 1196 2354 1249 διὰ
2378 1192 2534 1247 τοῦτο
2561 1190 2856 1263 πειρῶνται
2880 1190 2927 1240 οἱ
2956 1186 3177 1242 ἄπιστοι
3204 1182 3487 1246 δεικνύναι,
3510 1182 3574 1244 ὡς

2013 1294 2078 1345 ὲκ
2118 1289 2362 1360 γαμικῆς
2407 1284 2702 1353 συναφείας
2749 1285 2777 1335 ὁ
2805 1277 3126 1342 δεσποτικὸς
3173 1276 3365 1345 γέγονε
3406 1274 3572 1335 τόκος·

2014 1382 2074 1434 τὸ
2104 1380 2213 1451 γὰρ
2240 1378 2345 1431 τοῦ
2365 1374 2699 1444 ἀνθρώπου,
2731 1370 2913 1439 φασὶν,
2939 1370 3001 1422 οὐ
3029 1367 3251 1438 θηλείας
3280 1365 3441 1426 ἐστὶν,
3458 1364 3576 1416 ἀλλὰ

2015 1472 2242 1547 ἄρρενος
2282 1469 2343 1521 τὸ
2378 1468 2549 1537 ὄνομα
2568 1483 2580 1495 ο
2610 1465 2749 1517 τίσιν
2790 1459 2883 1515 οὖν
2909 1460 3090 1529 λόγοις
3118 1457 3468 1529 χρησάμενοι,
3494 1455 3576 1524 τὴν

2012 1562 2268 1632 τοιαύτην
2293 1557 2563 1629 λοιδορίαν
2594 1554 2771 1627 μάτην
2797 1552 3102 1623 λεγομένην
3130 1549 3452 1618 ἐλέγξομεν;

2091 1752 2491 1806 ἈΠΟΚΡΙΣῙΣ.
2538 1750 2603 1803 Ei
2632 1750 2695 1801 ὲκ
2733 1748 2979 1819 γαμικῆς
3021 1745 3323 1813 συναφείας
3349 1746 3377 1795 ὁ
3402 1746 3581 1795 Δεσπο-

2014 1845 2164 1909 τικὸς
2190 1845 2348 1909 τόκος
2377 1845 2613 1913 ἐγένετο,
2645 1844 2745 1896 οὐκ
2793 1841 2859 1894 ἂν
2902 1836 3055 1892 εἶπεν
3085 1840 3118 1908 ἡ
3149 1838 3190 1889 Γ
3198 1837 3344 1908 ραφὴ
3371 1837 3452 1903 τός
3493 1836 3575 1900 Ὠς

2016 1937 2333 2005 ἐνομίζετο,
2368 1934 2498 2002 υίὸς
2520 1935 2628 1989 τοῦ
2662 1932 2891 2002 Ἰωσήφ.
2926 1931 3000 1983 Τὸ
3016 1930 3149 2001 γὰρ,
3180 1931 3260 1994 ὡς
3283 1927 3573 1995 ἐνομίζετο,

2017 2032 2110 2084 ἐπὶ
2150 2031 2259 2083 τῶν
2300 2032 2364 2082 ἐκ
2390 2028 2636 2098 γαμικῆς
2670 2025 2966 2095 συναφείας
2992 2022 3340 2091 τικτομένων
3379 2018 3577 2090 ῥηθῆναι

2017 2121 2197 2193 χώραν
2223 2122 2323 2173 οὐκ
2348 2120 2479 2190 ἔχει.
2513 2119 2586 2171 Τὸ
2612 2117 2668 2170 δὲ
2696 2117 2783 2170 διὰ
2814 2117 2942 2187 μιᾶς
2969 2111 3221 2181 ἀσαφοῦς
3247 2127 3308 2162 τε
3346 2110 3435 2163 καὶ
3462 2108 3579 2160 ἐλλι-

2019 2214 2152 2277 ποῦς
2182 2214 2365 2283 φωνῆς
2395 2213 2577 2273 πάσας
2608 2211 2707 2275 τὰς
2739 2208 2923 2277 φωνὰς
2950 2208 3167 2269 ὲκείνας
3202 2204 3309 2268 τὰς
3332 2203 3579 2274 προδήλως

2019 2303 2496 2374 καταγγελλούσας
2547 2302 2638 2355 τὸν
2684 2299 2917 2372 Χριστὸν
2959 2300 3023 2351 ὲκ
3078 2295 3399 2366 Πνεύματος
3447 2293 3579 2361 ἀγίοιι

2019 2398 2113 2452 καὶ
2139 2396 2359 2469 Μαρίας
2387 2394 2488 2465 τῆς
2518 2392 2792 2463 παρθένου
2838 2389 3245 2460 γεγεννημένον
3284 2386 3580 2455 ἀνατρέπειν

2019 2490 2126 2543 τῶν
2163 2488 2529 2542 ἀτοπωτάτων
2572 2485 2710 2538 ἐστί.
2759 2484 2907 2555 Πρὸς
2958 2482 3246 2553 ἀναίρεσιν
3285 2481 3340 2534 δὲ
3372 2481 3467 2549 τῆς
3498 2498 3581 2549 ua?

2019 2582 2177 2645 ταίας
2210 2581 2390 2634 αὐτῶν
2432 2579 2831 2649 ἐπιχειρήσεως
2866 2574 3191 2645 κεχρήμεθα
3229 2574 3407 2641 λόγοις
3434 2572 3581 2624 sowi-

2020 2692 2155 2737 τοις.
2204 2676 2267 2726 Εἰ
2305 2671 2392 2725 διὰ
2431 2671 2493 2723 τὸ
2518 2671 2592 2741 μὴ
2637 2671 2810 2721 εἰπεῖν
2857 2667 3053 2721 ἑαυτὸν
3100 2666 3195 2718 τὸν
3231 2665 3459 2735 Χριστὸν
3488 2664 3582 2713 υἱὸν

2021 2766 2124 2835 τῆς
2166 2762 2476 2835 ἀνθρώπου,
2513 2762 2612 2814 ούκ
2651 2760 2764 2812 ἔστι
2796 2758 2885 2812 διὰ
2925 2758 3086 2811 τοῦτο
3115 2758 3235 2819 υίὸς
3266 2757 3366 2825 τῆς
3406 2753 3582 2825 ἀνθρώ-

2028 2877 2133 2913 που
2157 2858 2399 2929 δηλονότι
2425 2874 2437 2886 ·
2474 2855 2581 2926 ἄρα
2611 2854 2704 2907 καὶ
2736 2853 2822 2906 διὰ
2850 2852 2913 2904 τὸ
2955 2852 3029 2923 μὴ
3060 2853 3237 2903 εἰπεῖν
3280 2850 3463 2901 ἑαυτὸν
3488 2848 3581 2898 υἱὸν

2022 2968 2168 3013 τινος
2206 2946 2515 3019 ἀνθρώπου,
2551 2948 2653 2999 οὐκ
2699 2945 2845 2997 ἔστιν
2876 2944 2993 3007 υἱός
3021 2960 3172 3006 τινος
3203 2940 3500 3011 ἀνθρώπου.
3534 2940 3583 2990 Ei

2026 3041 2083 3095 at
2138 3043 2212 3113 μή
2279 3056 2424 3100 τινος
2472 3036 2765 3109 ἀνθρώπου
2824 3036 2970 3088 ἐστὶν
3023 3037 3053 3088 ὁ
3106 3033 3345 3105 Χριστὸς
3396 3028 3582 3093 υἱὸς,ἑέ

2026 3135 2281 3205 ἀνάγκης
2310 3132 2429 3184 οὐδὲ
2460 3128 2745 3199 ἀνθρώπου
2780 3128 2929 3179 ἐστὶν
2975 3127 3112 3189 υἱός.
3148 3128 3272 3178 Ἔτι
3298 3126 3375 3190 δὲ,
3408 3125 3451 3177 εί
3479 3122 3582 3175 καθ-

2039 3229 2229 3299 ώσπερ
2282 3227 2395 3289 υίὸς
2437 3222 2531 3276 τοῦ
2583 3223 2729 3276 Ἠλεὶ
2760 3220 3143 3292 ἐχρηματίσθη
3174 3222 3203 3272 ὁ
3249 3216 3441 3287 Ἰωσὴφ
3467 3213 3582 3266 κατὰ

2026 3322 2117 3375 τὸν
2146 3321 2309 3390 νόμον
2340 3317 2509 3388 χωρὶς
2540 3315 2781 3385 γαμικῆς
2806 3311 3127 3382 συναφείας,
3159 3310 3256 3363 τοῦ
3277 3309 3408 3362 Θεοῦ
3439 3308 3582 3373 τούτῳ

2027 3412 2106 3483 τῷ
2145 3411 2331 3482 τρόπῳ
2381 3407 2729 3477 βουληθέντος
2773 3404 2961 3458 δοῦναι
3014 3404 3107 3456 τὸν
3144 3403 3345 3473 Ἰωσὴφ
3392 3401 3497 3452 υἱὸν
3524 3397 3585 3466 τῷ

2044 3502 2209 3564 Ἠλεὶ,
2259 3500 2311 3552 τί
2365 3499 2563 3552 ἄτοπον
2600 3494 2660 3547 τὸ
2710 3492 2884 3557 οὕτως
2933 3491 3118 3545 δοῦναι
3166 3491 3265 3543 καὶ
3310 3490 3419 3540 υἱὸν
3446 3486 3580 3555 χωρὶς

2031 3591 2271 3661 γαμικῆς
2302 3584 2593 3653 συναφείας
2623 3582 2702 3652 τῷ
2745 3580 2982 3651 Ἰωσήφ;
3018 3576 3225 3630 Τούτου
3283 3574 3387 3645 γὰρ
3430 3574 3583 3624 ἕνεκεν

2034 3681 2493 3753 προῳκονόμησεν
2518 3678 2551 3747 ἡ
2576 3674 2695 3728 θεία
2733 3671 2893 3743 χάρις
2913 3671 3013 3741 τὴν
3039 3668 3323 3740 Παρθένον
3350 3679 3578 3735 μνηστευ·

2035 3751 2192 3841 θῆναι
2235 3770 2388 3840 ἀνδρὶ
2440 3767 2533 3821 δύο
2586 3765 2831 3836 πατέρας
2879 3760 3179 3833 ἔσχηκότιο
3207 3760 3304 3811 ἕνα
3352 3757 3440 3827 μὲν
3468 3751 3581 3807 κατὰ

2037 3862 2195 3931 φύσιν
2245 3863 2307 3914 ἐκ
2351 3859 2596 3930 γαμικῆς
2646 3853 2961 3923 συναφείας,
3014 3854 3211 3922 ἕτερον
3257 3850 3312 3903 δὲ
3356 3847 3485 3901 κατὰ
3511 3844 3581 3895 τὸν

2038 3958 2199 4027 νόμον
2224 3954 2393 4026 χωρὶς
2417 3952 2663 4022 γαμικῆς
2699 3948 3021 4018 συναφείας·
3056 3947 3117 3998 ὲν
3141 3947 3211 4015 τῇ
3254 3942 3452 3995 ἐκείνου
3482 3954 3578 4004 γενέ

2039 4050 2189 4120 νήσει
2236 4043 2712 4118 προζωγραφοῦσα
2758 4040 2855 4093 τοῦ
2912 4036 3153 4110 Χριστοῦ
3207 4035 3305 4106 τὴν
3348 4034 3575 4115 γέννησιν,

2039 4118 2133 4195 τοῦ
2163 4139 2513 4209 γεννηθέντος
2562 4137 2659 4207 μὲν
2722 4136 2786 4186 ὲκ
2841 4132 3161 4200 Πνεύματος
3192 4128 3347 4194 ἁγίου
3394 4118 3581 4185 uio-371}

2041 4233 2191 4303 Θεῷ·
2223 4230 2573 4300 γεννηθέντος
2621 4226 2678 4279 δὲ
2734 4227 2799 4278 ἐκ
2851 4222 2953 4293 τῆς
2983 4216 3245 4289 γῦναικὸς
3272 4216 3363 4268 τοῦ
3400 4210 3575 4278 Ἰωσὴφ,

2043 4324 2160 4378 υἱοῦ
2199 4323 2278 4392 τῷ
2317 4323 2532 4392 Ἰωσήφ.
2570 4318 2835 4386 Πνεῦμα,
2870 4315 3055 4385 φησὶν,
3090 4310 3265 4379 ἄτιον
3295 4306 3574 4360 ἐπελεύσε-

2218 4416 2283 4468 πὶ
2327 4413 2422 4478 (γὲ,
2476 4411 2575 4465 καὶ
2633 4392 2887 4477 δύναμις
2951 4405 3241 4472 Ὑψίστου
3284 4394 3573 4452 ἐπισκιάσει

2227 4508 2317 4561 διὸ
2369 4506 2467 4559 καὶ
2508 4505 2572 4558 τὸ
2622 4500 2997 4573 γεννώμενον
3045 4497 3115 4548 ἐκ
3165 4493 3283 4547 σοῦ
3326 4490 3477 4559 ἅγιον
3519 4481 3575 4544 τῷ

2040 4600 2239 4668 Κυρίῳ
2278 4596 2647 4665 κληθήσεται
2689 4594 2823 4660 Υἱὸς
2862 4589 3030 4644 Θεοῦ.
3079 4586 3222 4640 Ἀλλ’
3254 4586 3302 4637 εί
3329 4583 3390 4634 τὸ
3412 4574 3574 4668 Ten-'17

2045 4665 2206 4762 μενον
2234 4692 2299 4743 ἐκ
2329 4690 2427 4760 τῆς
2447 4688 2707 4757 γυναικὸς
2732 4685 2827 4738 τοῦ
2870 4681 3020 4735 Ἠλεὶ
3051 4679 3171 4741 υἱός
3204 4678 3318 4729 ἐστι
3337 4672 3423 4726 τοῦ
3459 4665 3573 4721 Ἠλεὶ

2043 4781 2184 4836 κατά
2232 4782 2324 4834 τὸν
2350 4772 2351 4775 ¹
2380 4780 2543 4851 νόμον
2574 4780 2672 4833 τοῦ
2704 4778 2862 4838 Θεοῦ,
2895 4774 3030 4828 πολὺ
3063 4771 3266 4845 μᾶλλον
3302 4771 3362 4821 ὲκ
3391 4767 3474 4834 τῆς
3500 4779 3572 4827 τυ-

2047 4874 2232 4937 ναικδς
2258 4873 2352 4925 τοῦ
2391 4871 2587 4942 Ἰωσὴφ
2618 4868 2762 4924 κατά
2784 4867 2883 4939 τὴν
2909 4866 3062 4919 θείαν
3086 4862 3334 4915 εὐδοκίαν
3364 4857 3461 4917 υἱός
3486 4855 3571 4904 ἐστι

2049 4957 2142 5011 τοῦ
2190 4959 2387 5028 Ἰωσὴφ
2416 4958 2586 5029 χωρὶς
2616 4955 2859 5027 γαμικῆς
2887 4952 3206 5021 συναφείας.

2135 5050 2482 5103 ἘΡΩΤΗΣΙΣ
2507 5048 2623 5101 ΞΖ’.
2650 5045 2867 5116 Ἐπειδὴ
2894 5047 2921 5097 ὁ
2952 5044 3182 5106 Ἡσαΐας
3209 5042 3289 5104 είς
3313 5039 3397 5091 τὸν
3415 5029 3571 5087 Aeni-

2051 5160 2152 5215 την
2202 5143 2406 5214 Κύριον
2458 5140 2567 5212 (94)
2619 5138 2976 5211 προφητεύων
3033 5134 3200 5207 φησί’
3255 5132 3368 5198 Thr

373 5240 651 5297 enarrabit
692 5240 780 5293 7’?
820 5239 1010 5294 Utrum
1044 5239 1111 5296 de
1152 5241 1243 5294 vix
1285 5239 1578 5295 enarrabili
1622 5253 1691 5291 an
1737 5238 1805 5293 de
1835 5214 1927 5293 nor

2083 5214 2242 5293 ιῦτοῦ
2269 5236 2360 5302 τίς
2377 5232 2755 5303 διηγήσεταω
2794 5231 2888 5283 ἐπὶ
2913 5228 3277 5298 δυσδιηγήτου
3299 5223 3397 5295 ἀρα
3414 5220 3441 5288 ἢ
3456 5214 3568 5276 ἀδίη·

454 5428 501 5457 ⁷⁰
538 5424 671 5479 Luc.
716 5439 801 5489 ιιι,
828 5424 919 5478 2'5.
1024 5425 1067 5455 '“
1096 5423 1230 5478 Luc.
1261 5428 1300 5486 ι,
1326 5422 1413 5475 55.
1491 5420 1663 5475 "lsa.
1699 5436 1818 5484 Lm,
1857 5420 1913 5473 8.

461 5586 572 5655 (9'5)
614 5586 692 5655 Τῇ
724 5584 981 5653 πέμπτῃ.
1014 5583 1295 5655 Christum
1325 5579 1668 5655 I'e_ria_quinta
1690 5577 1927 5655 tradituri

2083 5569 2348 5655 egelidum
2378 5565 2597 5655 videtur
2613 5564 2692 5655 1Q
2718 5562 2885 5655 ﬁpm'l'.

461 5613 572 5655 μυ)
616 5613 689 5655 lu
724 5613 981 5653 ϋιεμκιή.
1014 5613 1291 5637 υιιιιδιυιιι
1326 5613 1455 5633 unm
1481 5613 1668 5647 ιμιιιιιιι
1698 5613 1927 5630 ιιαυιυι...

388 5656 561 5710 fuisse
594 5657 903 5718 contendit,
945 5654 1071 5723 quia
1106 5668 1229 5723 cum
1263 5650 1385 5721 Syri
1420 5648 1858 5723 diem__incipiant
1891 5662 1920 5697 a

2864 5628 3177 5701 Legendum
3210 5640 3327 5681 esse
3348 5613 3563 5681 Δεςπότην

391 5726 543 5779 horis
575 5702 1011 5787 inattttinis,'nr;x
1048 5740 1166 5793 quae
1198 5702 1530 5793 Darasceves
1552 5702 1957 5793 dieui'praeces-
2056 5702 2291 5784 Χρὶστὸν
2323 5702 2543 5763 monuit
2567 5702 2908 5776 Sylburgius.

394 5795 485 5857 sit,
521 5811 646 5863 pars
680 5796 826 5849 feria
845 5794 1046 5865 quinta,
1068 5788 1376 5849 existimari
1405 5789 1611 5843 debuit.
1640 5788 1808 5841 Paulo
1833 5791 1956 5838 aute
