3630 6502
316 335 449 392 1511

1055 337 1424 394 APPENDIX.
1455 369 1531 384 -—
1565 340 1746 396 PARS
1783 343 1826 399 Ι.
1870 343 1927 399 S.
1964 342 2228 400 JUSTINI
2263 342 2500 401 OPERA
2539 341 2832 400 εΡυιιιΑξ

3437 347 3556 402 ιδιι

310 456 398 511 vis
425 462 636 510 naturae
663 455 719 509 in
747 470 917 511 causa
955 463 1061 521 est,
1091 471 1192 510 cur
1220 458 1270 512 ei
1303 457 1466 512 detur
1493 459 1548 512 in
1579 467 1778 530 septen:

1993 462 2102 517 τῶν
2133 462 2308 536 ἔργων
2335 464 2433 534 τῆς
2478 461 2714 532 φύσεως,
2745 460 2880 515 ἀλλὰ
2905 463 2937 533 ἡ
2965 461 3192 535 δύναμις
3223 461 3332 533 τῆς
3368 462 3560 532 etiam

314 562 544 602 numero
585 548 806 616 propria
836 562 1004 617 opera
1048 549 1373 604 naturaliter
1413 550 1692 619 perﬁcere.
1725 550 1891 609 Simi-

312 640 438 696 liter
465 649 643 695 autem
686 641 866 711 quoad
899 641 1038 697 alios
1077 643 1347 697 mensium
1375 653 1429 698 et
1469 659 1739 699 annorum
1786 663 1890 702 nu-

311 749 515 797 meros,
547 735 603 788 in
631 735 834 804 quibus
859 751 998 805 opus
1045 745 1257 791 naturae
1302 737 1631 808 adimpletur
1659 740 1714 794 in
1765 741 1888 797 aliis

310 825 640 880 animalibus
667 835 720 881 et
745 827 969 897 plantis,
997 828 1082 883 vis
1119 836 1329 884 naturae
1354 845 1521 886 causa
1551 840 1637 887 est
1662 833 1888 902 aequalis

307 922 572 989 temporis
609 922 694 976 vel
737 923 1000 994 longioris
1039 931 1133 978 aut
1171 925 1461 981 brevioris.
1509 924 1890 981 Venerabilior

309 1016 492 1064 autem
520 1019 605 1065 est
629 1011 684 1064 in
714 1011 900 1066 divina
933 1011 1220 1084 Scriptura
1246 1031 1512 1072 numerus
1540 1016 1888 1086 septenarius

305 1109 506 1170 praeter
521 1109 770 1167 czcteros,
790 1105 919 1173 quia
937 1121 1002 1159 eo
1019 1107 1335 1164 continetur
1354 1124 1514 1164 omne
1531 1117 1746 1180 tempus
1771 1116 1884 1165 tum

306 1195 496 1248 mundi
538 1196 857 1264 creationis,
890 1207 1003 1252 tum
1046 1200 1254 1270 requiei
1291 1200 1602 1270 Creatoris;
1634 1205 1887 1260 senarius

305 1286 526 1354 quidem
557 1289 854 1346 creationis
874 1333 889 1358 ,
922 1292 1104 1346 unitas
1133 1302 1336 1358 autem,
1364 1296 1588 1365 requiei.
1623 1295 1693 1350 Ut
1723 1297 1889 1368 igitur

306 1388 619 1434 servaretur
666 1384 932 1437 memoria
976 1385 1272 1442 creationis
1309 1387 1496 1442 mundi
1522 1387 1684 1444 inter
1713 1390 1890 1445 homi-

304 1485 425 1536 nes,
452 1482 744 1544 propterea
776 1478 1036 1548 praecepit
1065 1479 1250 1534 divina
1283 1480 1587 1552 Scriptura,
1615 1491 1674 1538 ut
1710 1496 1888 1556 septe-

305 1563 494 1619 narius
519 1581 786 1622 numerus
821 1569 1172 1638 praestantior
1199 1571 1325 1627 aliis
1355 1571 1672 1631 haberetur.

373 1832 656 1899 QJAZST.
688 1836 851 1894 LXX.
891 1837 948 1893 Si
983 1841 1220 1910 gaudere
1266 1852 1320 1899 et
1353 1844 1575 1916 gloriari
1617 1847 1685 1904 de
1730 1848 1891 1904 donis
1921 1844 1964 1899 Β

306 1926 556 1992 vetitum,
586 1936 646 1982 ut
674 1945 762 1986 res
786 1932 1058 2001 superbia:
1083 1933 1323 1990 effectrix
1343 1981 1356 2003 ,
1390 1937 1671 1996 humilitas
1705 1950 1886 1996 autem

307 2023 359 2068 et
393 2018 658 2073 modestia
705 2019 813 2083 his,
843 2021 936 2091 qui
983 2023 1098 2078 haec
1133 2040 1415 2097 accepere,
1449 2043 1478 2081 a
1506 2028 1690 2084 divina
1740 2029 1887 2087 Scri-

307 2115 468 2174 ptura
500 2111 942 2170 commendatur:
969 2129 1039 2168 an
1069 2131 1179 2170 non
1209 2118 1424 2174 inutilia
1448 2119 1556 2176 illis
1586 2123 1699 2178 luec
1720 2124 1884 2190 dona,

303 2213 426 2268 qua:
453 2199 506 2252 iu
542 2203 797 2270 praesenti
823 2219 1044 2262 sensum
1076 2207 1186 2264 illis
1217 2211 1426 2282 proprii
1464 2213 1593 2268 boui
1623 2223 1887 2284 praestare

302 2305 413 2346 non
443 2302 677 2364 possunt
697 2296 720 2349 ?

371 2475 573 2533 RESP.
608 2476 859 2537 Gaudere
887 2482 954 2539 de
990 2483 1151 2540 bonis
1181 2500 1306 2540 cum
1357 2489 1668 2558 arrogantia
1718 2499 1883 2554 vetat,

299 2569 430 2638 quia
461 2585 524 2625 ea
556 2587 644 2626 res
673 2574 973 2644 legitimam
1004 2577 1249 2631 laetitiam
1294 2579 1462 2646 tollit;
1509 2573 1747 2651 gaudere
1787 2599 1886 2636 aii-

206 2706 210 2710 .
299 2669 408 2716 tem
436 2661 504 2716 de
533 2663 692 2720 donis
723 2681 847 2721 cum
896 2669 1165 2724 modestia
1196 2686 1305 2726 non
1355 2673 1516 2727 modo
1563 2690 1672 2729 non
1713 2684 1882 2742 vetat,

299 2754 394 2809 sed
447 2765 638 2811 contra
682 2759 748 2813 ad
805 2759 1078 2830 ejusmodi
1131 2763 1389 2834 gaudium
1440 2767 1696 2822 hortatur
1737 2785 1885 2824 nunc

297 2850 515 2919 quidem
552 2850 824 2916 Salvator,
860 2854 1089 2913 dicens:
1128 2858 1362 2914 Gaudete
1406 2863 1530 2931 quia
1559 2863 1775 2916 nomina
1805 2880 1886 2918 re-

297 2951 412 2996 stra
437 2943 637 3012 scripta
667 2956 788 2999 sunt
816 2947 872 2998 in
903 2947 1045 3000 caelis
1067 2949 1148 3015 τις
1178 2966 1325 3004 nunc
1354 2959 1532 3006 autem
1565 2952 1883 3022 Apostolus,

298 3035 393 3104 qui
439 3035 556 3090 ait:
599 3036 845 3104 Fratres,
879 3041 1102 3110 gaudete
1146 3043 1201 3095 in
1239 3043 1462 3099 Domino
1508 3063 1728 3115 semper.
1773 3044 1886 3100 Ite-

299 3143 418 3180 rum
462 3129 622 3182 dico:
652 3131 907 3186 Gaudete.
946 3132 1214 3189 Modestia
1265 3148 1438 3191 vestra
1489 3151 1614 3194 nota
1661 3142 1731 3194 sit
1771 3158 1884 3195 om-

1991 542 2138 611 αἰτία
2177 557 2276 627 τῆς
2325 555 2632 625 ἑϐδομάδος,
2679 555 2801 608 καθ’
2831 554 2985 626 ῆνοῦ
3027 553 3136 626 (99)
3194 554 3470 625 layE-ﬁvat
3506 562 3558 627 τῇ

1991 648 2150 719 φύσει
2171 648 2238 702 τὰ
2259 651 2432 702 οἰκεῖα
2461 648 2598 720 ἔργα
2620 647 2921 703 ἐκτελέσαι.
2957 648 3230 711 Ὡσαύτως
3251 648 3312 702 δὲ
3338 649 3563 719 καὶπερὶ

1989 739 2096 792 τῶν
2126 739 2300 794 ἄλλων
2327 738 2577 811 ἀριθμῶν
2625 738 2808 809 μηνῶν
2851 755 2911 790 τε
2948 740 3043 792 καὶ
3082 739 3379 802 ἐνιαυτῶν,
3407 739 3473 790 δι’
3503 733 3562 792 ὧν

1989 831 2357 902 ὲκπληροῦται
2385 830 2447 883 τὸ
2492 830 2652 902 ἔργον
2691 830 2794 900 τῆς
2838 829 3051 900 φύσεως
3095 831 3153 884 ἐν
3202 833 3325 894 τοῖς
3375 831 3563 895 iamsi;

1989 920 2150 986 ζώοις
2169 940 2226 976 τε
2249 924 2342 977 καὶ
2362 926 2566 992 φυτοῖς,
2585 925 2617 994 ἠ
2639 921 2865 993 δύναμις
2885 922 2985 993 τῆς
3005 921 3225 992 φύσεώς
3251 923 3408 975 ἐστιν
3437 925 3564 977 αἰτία

1988 1012 2084 1066 τοῦ
2113 1014 2232 1066 ἴσου
2257 1013 2471 1084 χρόνου,
2508 1013 2603 1066 καὶ
2630 1012 2723 1066 τοῦ
2747 1013 2992 1077 πλείονος
3017 1014 3111 1067 καὶ
3140 1014 3240 1067 τοῦ
3269 1014 3564 1077 ἐλάττονος.

1989 1105 2423 1176 Αίδεσιμώτερος
2464 1104 2521 1158 δὲ
2547 1106 2605 1158 ὲν
2635 1107 2700 1176 τῇ
2730 1105 2848 1177 θεία
2874 1106 3060 1178 Γραφῇ
3102 1106 3130 1158 ὁ
3168 1105 3316 1158 ἑπτὰ
3348 1106 3567 1176 ἀριθμὸς

1990 1195 2142 1269 παρά
2165 1198 2292 1260 τοὺς
2317 1197 2533 1261 λοιποὺς
2563 1197 2848 1270 ἀριθμοὺς,
2872 1199 2958 1251 ὅτι
2983 1199 3040 1251 ὲν
3073 1198 3229 1268 αὐτῷ
3257 1200 3286 1251 ὁ
3318 1199 3434 1261 πᾶς
3456 1201 3564 1268 7,71-

1988 1306 2080 1353 νος
2103 1289 2204 1359 τῆς
2233 1306 2292 1341 τε
2319 1287 2413 1341 τοῦ
2447 1289 2652 1360 κόσμου
2683 1291 2950 1362 ποιήσεως
2977 1291 3071 1343 καὶ
3097 1290 3198 1360 τῆς
3224 1290 3324 1343 τοῦ
3356 1306 3566 1359 πεποιη-

1988 1377 2144 1441 κότος
2177 1377 2338 1432 αὐτὸν
2375 1378 2798 1442 καταπαύσεως·
2833 1379 2959 1445 ἑξὰς
2993 1381 3091 1450 μὲν
3126 1380 3234 1450 τῆς
3276 1379 3562 1448 ποιήσεως·

1993 1467 2160 1540 μονὰς
2177 1469 2233 1522 δὲ
2257 1469 2358 1539 τῆς
2379 1469 2792 1534 καταπαύσεως.
2824 1473 2940 1524 Ἵνα
2969 1467 3062 1525 οὖν
3086 1470 3348 1542 φυλαχθῇ
3382 1473 3417 1541 ἡ
3459 1472 3567 1541 μνή-

1993 1576 2067 1632 μη
2100 1561 2201 1632 τῆς
2223 1559 2319 1614 τοῦ
2361 1560 2566 1632 κόσμου
2601 1563 2872 1634 ποιήσεως
2900 1563 2957 1616 ἐν
2989 1565 3103 1626 τοῖς
3124 1561 3466 1632 ἀνθρώποις,
3497 1561 3564 1613 liti

1987 1651 2145 1706 τοῦτο
2163 1651 2486 1723 τιμιώτερον
2513 1653 2622 1706 τῶν
2644 1653 2817 1708 ἄλλων
2845 1655 3118 1726 εὑρίσκειν
3136 1653 3301 1718 ἔταξε
3330 1654 3427 1706 τὸν
3448 1656 3566 1706 ἑπτὰ

1990 1743 2220 1817 ἀριθμὸν
2243 1745 2300 1796 ὲν
2323 1747 2388 1814 τῇ
2419 1743 2538 1816 θείᾳ
2566 1745 2780 1816 Γραφῇ.

2078 1837 2426 1889 ἘΡΩΤΗΣΙΣ
2455 1840 2529 1890 0’.
2561 1837 2624 1889 El
2649 1836 2710 1889 τὸ
2734 1836 2943 1908 χαίρειν
2962 1837 3057 1891 καὶ
3080 1838 3329 1908 γαυριᾷν
3355 1837 3449 1888 ἐπὶ
3475 1841 3566 1899 τοῖς

1991 1928 2318 2000 χαρίσμασιν
2361 1929 2762 2000 ἀπηγόρευται,
2804 1930 2881 1993 ὡς
2925 1914 3352 2001 ὑπερηφανείας
3383 1945 3564 1998 ποιητι-

1989 2022 2108 2085 κὸν,
2139 2021 2603 2094 ταπεινοφροσύνη
2641 2022 2697 2076 δὲ
2725 2024 2819 2077 καὶ
2845 2022 3117 2076 ἐπιείκεια
3152 2026 3277 2086 τοῖς
3311 2021 3483 2074 ταῦτα
3506 2023 3564 2074 εὶ-

1989 2115 2215 2188 ληφόσιν
2256 2118 2360 2171 ὑπὸ
2403 2118 2501 2188 τῆς
2547 2116 2698 2181 θείας
2748 2117 2974 2189 Γραφῆς
3022 2116 3438 2183 παραδέδοται,

1986 2209 2086 2262 οὐκ
2114 2209 2364 2280 ἀνωφελῆ
2398 2211 2581 2272 αὐτοῖς
2618 2210 2687 2262 τὰ
2711 2209 3030 2280 δωρήματα,
3065 2208 3334 2279 αἴσθησιν
3367 2209 3458 2260 ἐπὶ
3490 2206 3568 2260 τοῦ

1987 2303 2253 2374 παρόντος
2292 2302 2520 2366 ἐκείνοις
2546 2301 2640 2355 τοῦ
2689 2301 2890 2355 οἰκείου
2923 2300 3090 2354 καλοῦ
3141 2303 3464 2373 παρασχεῖν
3509 2302 3570 2371 μὴ

1986 2396 2259 2467 δυνάμενα
2275 2412 2289 2460 ;
3628 2405 3630 2468 ξ

2073 2489 2562 2543 ἈΠΟΚΡῘΣῙΣ.Τδ
2594 2488 2806 2561 χαίρειν
2833 2489 2927 2542 ἐπὶ
2956 2491 3069 2551 τοῖς
3099 2486 3425 2559 χαρίσματι
3455 2487 3574 2557 μεεᾶ

1986 2584 2085 2654 τῆς
2129 2583 2534 2655 ὕπερηφανείας
2568 2581 2932 2654 ἀπαγορεύει,
2971 2581 3048 2646 ὡς
3093 2581 3456 2651 ἀναιρετικὸν
3494 2580 3570 2632 τοί
3628 2605 3630 2614 ι

1986 2677 2196 2748 χαίρειν
2235 2676 2448 2740 καλῶς’
2495 2675 2558 2729 τὸ
2603 2677 2815 2750 χαίρειν
2860 2676 2916 2729 δὲ
2965 2677 3060 2728 ἐπὶ
3107 2678 3228 2739 τοῖς
3284 2675 3572 2746 χαρίσματι
3628 2737 3630 2748 Ι

1991 2769 2127 2841 μετὰ
2154 2769 2253 2839 τῆς
2282 2769 2580 2832 ἐπιεικείας
2619 2769 2680 2822 οὑ
2714 2769 2873 2840 μόνον
2908 2769 3010 2821 οὐκ
3058 2767 3380 2838 ἀποτρέπει
3401 2808 3417 2831 ,
3628 2805 3630 2816 .

1985 2862 2293 2915 τούναντίον
2322 2863 2414 2914 ἐπὶ
2446 2861 2545 2932 τὴν
2596 2860 2849 2934 τοιαύτην
2897 2860 3072 2932 χαρὰν
3119 2862 3223 2913 καὶ
3275 2861 3576 2930 ἐπιτρέπει,
3628 2881 3630 2934 ς

1987 2954 2117 3007 ποτὲ
2159 2954 2256 3024 μὲν
2298 2952 2472 3022 λέγων
2505 2955 2534 3005 ὁ
2564 2953 2772 3025 Σωτήρ·
2804 2955 3048 3022 Χαίρετε
3090 2952 3164 3005 δὲ
3200 2951 3299 3006 ὅτι
3355 2955 3433 3006 τὰ
3462 2953 3575 3005 dre"-

1981 3061 2139 3116 ματα
2161 3021 2340 3115 ’ὑμῶν
2366 3021 2592 3115 ἐῃοάφη
2633 3021 2874 3112 ἐνητοῖς
2914 3021 3245 3112 νοίερανοῖςο
3290 3045 3428 3097 ποτὲ
3471 3045 3579 3097 δὲὸ

2001 3135 2319 3202 ’Ἀπόστολός
2349 3156 2531 3211 φησιν·
2563 3138 2850 3208 Ἀδελφοί,
2873 3138 3105 3207 χαίρετε
3132 3138 3205 3190 ἐν
3222 3139 3433 3206 Κυρίῳ
3451 3137 3578 3189 ,τώ-ο
3628 3141 3630 3146 ’

299 3218 452 3273 nibus
486 3221 783 3276 hominibus
805 3225 880 3290 ⁷⁶;
914 3224 1205 3282 iteratione
1234 3230 1384 3283 verbi
1421 3230 1674 3296 Gaudete,
1707 3232 1778 3286 int

1986 3248 2137 3284 tore"
2178 3203 2371 3284 milia;
2388 3203 2500 3298 ἐρῶ
2518 3247 2530 3260 ⁸
2559 3203 2812 3300 χαίρετε.
2954 3203 3222 3296 ἐπιεικὲς
3253 3203 3435 3298 {vim}
3457 3247 3578 3298 τινω-

294 3316 501 3370 tionem
530 3317 713 3386 gaudii
755 3317 1064 3374 declarans.
1103 3319 1290 3392 Neque
1321 3324 1485 3393 igitur
1516 3326 1701 3380 laetitia
1742 3327 1887 3381 tollit

1986 3322 2187 3389 σθήτω
2208 3322 2396 3377 πᾶσιν
2421 3322 2754 3394 ἀνθρώποις
2773 3339 2786 3354 '
2808 3321 2887 3394 τῷ
2912 3322 3312 3392 διπλασιασμῷ
3337 3321 3438 3375 τοῦ
3468 3323 3577 3376 Xal-

297 3407 657 3474 modestiam,
702 3425 879 3480 neque
930 3412 1199 3469 modestia
1248 3431 1470 3472 sensum
1517 3418 1742 3483 laetitiae,

1980 3432 2136 3483 ρετε,
2168 3416 2266 3484 τὴν
2308 3415 2554 3468 ἐπίτασιν
2581 3415 2682 3485 τῆς
2707 3417 2884 3487 χαρᾶς
2918 3414 3223 3486 ἐμφαίνων.
3261 3413 3406 3468 Οὔτε
3438 3411 3578 3482 οὖνὴ

300 3498 532 3554 alterum
563 3501 632 3556 ab
661 3503 836 3558 altero
863 3505 1196 3562 custoditur.

383 3765 668 3833 QUA'JST.
721 3771 908 3829 LXXI.
980 3775 1436 3850 Quandoquidem
1502 3784 1753 3838 nonnulli
1817 3785 1884 3842 de

299 3861 488 3915 mundi
539 3862 830 3921 duratione
879 3869 1227 3938 conjiciendo
1277 3874 1569 3941 dixerunt,
1621 3891 1744 3931 eum
1789 3893 1884 3934 sex

299 3957 511 4006 tantum
541 3969 812 4011 annorum
843 3960 1087 4018 millibus
1118 3963 1467 4030 duraturum,
1501 3978 1684 4022 utrum
1718 3971 1770 4024 id
1800 3987 1887 4026 ve-

302 4063 422 4102 rum
451 4065 572 4105 esse
604 4054 868 4122 exemplis
902 4055 1210 4112 manifestis
1243 4057 1668 4127 demonstretur,
1699 4069 1885 4116 utrum

299 4157 366 4196 ex
403 4143 589 4198 divina
641 4144 960 4217 Scriptura,
1016 4160 1178 4220 atque
1229 4159 1414 4206 utrum
1463 4153 1735 4208 incertum
1782 4155 1882 4220 sit,

298 4235 634 4294 ediscamus.

368 4331 536 4405 468
559 4332 755 4390 RESP.
785 4333 888 4401 Qui
920 4335 1112 4391 dicunt
1139 4352 1236 4392 sex
1259 4352 1528 4393 annorum
1558 4341 1732 4395 millia
1755 4349 1886 4397 tem-

299 4441 403 4497 pus
424 4443 549 4483 esse
576 4430 867 4498 praesentis
893 4428 1084 4484 mundi
1113 4430 1551 4496 constitutionis,
1575 4447 1672 4487 eos
1693 4448 1883 4488 verum

300 4518 506 4587 dicere,
543 4519 670 4575 licet
698 4535 765 4575 ex
796 4519 984 4575 multis
1026 4518 1329 4591 Scriptum
1371 4521 1534 4578 dictis
1581 4523 1881 4592 conjicere,

303 4625 425 4680 qua:
452 4627 599 4666 nunc
626 4612 796 4668 dicit:
831 4611 1151 4667 Norissimis
1189 4612 1373 4668 diebus
1409 4615 1528 4669 istis
1561 4615 1768 4669 locutus
1802 4625 1884 4670 est

304 4703 452 4757 nobis
493 4706 546 4758 in
590 4703 736 4760 Filio
760 4707 834 4774 7‘;
871 4721 1058 4761 nunc:
1101 4704 1167 4759 In
1212 4723 1341 4776 quos
1386 4708 1517 4776 ﬁnes
1565 4707 1881 4762 saeculorum

300 4808 637 4863 pervenerunt
661 4800 736 4866 ’7;
763 4814 909 4853 nunc
933 4818 946 4854 τ
976 4798 1268 4870 Postquam
1292 4802 1429 4853 venit
1455 4799 1727 4868 plenitudo
1751 4811 1882 4854 tem-

299 4889 444 4956 poris
466 4889 530 4942 ⁷⁸.
569 4889 693 4944 llaec
719 4899 900 4946 autem
929 4892 1113 4945 omnia
1144 4893 1200 4946 in
1230 4900 1384 4948 sexto
1413 4892 1722 4948 millenario
1752 4901 1880 4948 sunt

303 4983 675 5052 pronuntiata.

374 5073 654 5142 QUIEST.
687 5074 894 5131 LXXII.
929 5075 985 5131 Si
1022 5085 1157 5132 tunc
1190 5077 1394 5133 invidia
1425 5093 1616 5134 carere
1641 5077 1881 5150 quisque

300 5167 592 5238 reperitur,
619 5183 743 5222 cum
779 5168 1044 5238 quidquid
1071 5171 1175 5226 scit
1204 5177 1297 5223 aut
1326 5177 1503 5240 potest
1532 5171 1879 5234 benefacere,

298 5261 353 5316 id
378 5261 631 5333 proximo
654 5262 992 5332 gratiﬁcatur
1008 5306 1021 5330 ,
1047 5263 1322 5333 quomodo
1342 5279 1450 5318 non
1475 5263 1694 5319 invidus
1714 5263 1878 5327 Deus,

297 5356 390 5426 qui
436 5370 560 5410 cum
606 5370 799 5410 omnes
843 5363 1029 5426 posset
1079 5355 1260 5412 facere
1286 5356 1438 5421 deos,
1486 5358 1688 5412 bonum
1736 5359 1879 5412 enim

375 5559 422 5591 "‘
461 5558 596 5615 Luc.
631 5577 685 5629 χ,
710 5559 802 5615 20.
885 5561 930 5594 ⁷⁵
963 5557 1163 5631 Philip.
1199 5577 1272 5627 IV,
1306 5561 1360 5615 4.

377 5724 489 5794 (99)
522 5725 660 5778 Καθ’
686 5721 768 5791 ἢν
794 5726 883 5778 οὺ.
926 5722 1022 5779 Vel
1066 5723 1352 5795 legendum
1403 5721 1515 5790 οὖν,
1563 5725 1704 5852 quod
1742 5741 1883 5795 saepe

377 5811 450 5850 em
479 5797 622 5851 valet
653 5812 716 5851 ac
753 5797 994 5852 videlicet
1017 5836 1031 5852 .
1074 5797 1160 5851 vel
1194 5797 1308 5852 hazc.
1340 5799 1560 5852 recidcn
1603 5814 1630 5852 a
1661 5797 1876 5852 vocula.

305 5796 450 5852 idem
479 5797 622 5851 valet
653 5812 716 5851 ac
753 5797 994 5857 videlicet
1017 5836 1031 5863 ,
1074 5797 1160 5851 vel
1194 5797 1308 5853 hazc.
1340 5796 1630 5852 recidenda
1661 5797 1876 5854 vocula.

1986 3508 2130 3580 χαρά
2172 3509 2384 3594 όδναιρεῖ
2409 3509 2507 3579 τὴν
2549 3509 2870 3570 ἐπιείκειαν,
2900 3508 3023 3561 οὔτε
3055 3511 3088 3580 ὴ
3121 3508 3411 3561 ἐπιείκεια
3443 3509 3576 3560 ἀναι-

1989 3605 2075 3675 ρεῖ
2100 3601 2199 3674 τὴν
2243 3602 2492 3675 αἴσθησιν
2522 3602 2621 3673 τῆς
2649 3603 2846 3674 χαρᾶς,
2875 3599 3011 3654 ἀλλὰ
3042 3601 3107 3654 δι’
3140 3601 3425 3671 ἑκατέρας
3464 3601 3574 3652 ἑκα-

1985 3694 2122 3768 τέρα
2150 3695 2494 3765 φυλάττεται.

2069 3787 2419 3839 ἘΡΩΤΗΣΙΣ
2447 3787 2568 3840 ΟΑ¹.
2614 3786 2842 3858 Ἐπειδή-
2875 3802 3018 3848 τινες
3052 3783 3186 3855 περὶ
3213 3784 3327 3854 τῆς
3360 3782 3460 3836 τοῦ
3498 3783 3573 3834 κὸ-

1990 3895 2124 3949 σμου
2148 3877 2458 3943 συστάσεως
2478 3878 2686 3948 ἔφασαν
2705 3878 3109 3949 στοχαζόμενοι,
3130 3878 3211 3940 ὡς
3240 3876 3570 3946 ἑξακισχίλια

1990 3969 2127 4040 μόνα
2163 3969 2255 4042 ἔτη
2291 3972 2637 4041 συστήσεται,
2667 3972 2714 4024 εί
2747 3970 2942 4042 ἀληθὲς
2968 3969 3127 4022 τοῦτο
3157 3970 3227 4022 δι’
3255 3969 3568 4037 ὑποδειγμά-

1985 4080 2093 4116 των
2122 4063 2368 4136 ἐναργῶν
2409 4063 2699 4127 δείκνυται,
2733 4065 2783 4116 εί
2813 4063 2868 4115 δὲ
2897 4065 2959 4116 ἐκ
2988 4062 3088 4133 τῆς
3137 4060 3298 4125 Θείας
3346 4061 3565 4134 Γραφῇ,

1987 4157 2080 4210 καὶ
2103 4158 2151 4210 εί
2178 4157 2390 4229 ἄδηλον,
2427 4157 2708 4229 μάθωμεν.

2069 4337 2470 4392 ἈΠΟΚΡΙΣΙΣ.
2491 4337 2706 4389 Ἔνεστι
2733 4334 2818 4388 διὰ
2847 4332 3056 4386 πολλῶν
3071 4332 3372 4404 γραφικῶν
3391 4329 3565 4401 φωνῶν

1985 4430 2366 4502 τεκμήρασθαι
2418 4428 2704 4502 ἀληθεύειν
2743 4429 2872 4492 τοὺς
2923 4426 3182 4495 λέγοντας
3238 4423 3561 4494 ἐξακιτχίλια

1989 4523 2082 4595 ἐτη
2113 4519 2251 4577 εἶναι
2291 4523 2382 4576 τὸν
2426 4523 2616 4594 χρόνον
2643 4521 2747 4590 τῆς
2793 4519 3073 4590 παρούσης
3110 4516 3208 4569 τοῦ
3242 4517 3454 4588 κόσμου
3485 4531 3562 4566 συ-

1993 4617 2252 4682 στάσεως,
2283 4617 2415 4668 ποτὲ
2443 4615 2540 4686 μὲν
2568 4614 2818 4684 λέγουσα·
2860 4611 2978 4664 Ἐπ’
3006 4609 3290 4678 ἐσχάτων
3312 4606 3560 4676 tein-mtt—

1983 4706 2110 4776 ρῶν
2124 4707 2349 4761 τούτων
2359 4705 2668 4774 ἐλάλησεν
2683 4705 2911 4775 furii-er
2934 4701 3042 4768 Υἱῷ
3058 4719 3072 4732 ·
3089 4701 3225 4754 ποτὲ
3253 4700 3337 4754 δέ·
3363 4697 3560 4765 Ειςοῦς

1990 4801 2061 4854 τὰ
2097 4800 2239 4868 τέλη
2281 4799 2400 4852 τῶν
2438 4799 2666 4853 αἰώνων
2705 4797 3075 4864 κατήντησε·
3120 4793 3257 4847 ποτὲ
3304 4793 3393 4846 δέ·
3441 4793 3558 4842 Ὅτε

1988 4888 2137 4962 ἦλθε
2163 4891 2230 4945 τὸ
2258 4890 2547 4961 πλήρωμα
2589 4892 2696 4946 τοῦ
2723 4894 2963 4962 χρόνου.
2995 4892 3177 4944 Πᾶσαι
3216 4891 3273 4943 δὲ
3302 4890 3362 4942 αί
3395 4886 3556 4942 τοιαῦ-

1988 5002 2076 5038 ται
2107 4985 2279 5054 φωναὶ
2307 4985 2364 5037 ἐν
2386 4987 2450 5055 τῇ
2477 4985 2610 5057 ἕκτῃ
2638 4983 2949 5056 ἐρρήθησαν
2979 4983 3198 5055 χιλιάδι.

2072 5077 2420 5130 ἘΡΩΤΗΣΙΣ
2451 5077 2568 5130 OB".
2601 5078 2662 5130 El
2694 5076 2813 5129 τότε
2847 5076 3078 5146 ἄφθονος
3123 5075 3406 5129 δείκνυται
3444 5076 3550 5127 ’ἐκα-

1993 5187 2135 5233 στος,
2165 5171 2253 5223 ὅτε
2296 5171 2434 5242 ὅπερ
2462 5170 2776 5233 ἐπίσταται,
2807 5171 2855 5222 εί
2887 5171 2980 5222 καὶ
3019 5168 3250 5222 δυνατὸν
3291 5169 3371 5238 (ί)
3415 5165 3551 5220 καλὸν

1990 5266 2185 5325 ποιεῖν,
2213 5265 2325 5327 τοῖς
2367 5264 2592 5334 πλησίον
2633 5262 2949 5333 χαρίζεται,
2983 5260 3102 5324 πῶς
3128 5260 3192 5313 οὐ
3247 5257 3496 5330 φθονερὸς
3530 5257 3550 5306 ί

1987 5356 2154 5420 Θεὸς,
2213 5356 2423 5419 πάντας
2473 5353 2767 5425 δυνάμενος
2827 5353 3055 5423 ποιῆσαι
3108 5351 3304 5420 θεοὺς,
3351 5351 3441 5404 καὶ
3492 5347 3548 5418 μὴ

1443 5562 1490 5593 ⁷⁸
1515 5559 1678 5616 llcbr.
1709 5579 1747 5626 ι,
1777 5560 1830 5615 2.
1892 5522 1954 5595 ’⁷⁷
1978 5558 1993 5613 1
2016 5557 2145 5616 Cor.
2169 5576 2224 5626 χ,
2263 5559 2350 5615 ll.
2454 5559 2500 5592 ⁷⁸
2531 5557 2652 5613 Gal.
2693 5575 2768 5624 ιν,
2803 5557 2858 5612 4.

2062 5726 2136 5804 (ll
2177 5725 2370 5804 ξὶᾲκαὶ
2407 5723 2685 5804 δυνατόνί
2716 5719 2842 5804 Ιίρε.
2864 5717 2899 5804 ἢ
2925 5718 3018 5771 καὶ
3039 5717 3293 5804 deata‘t.’
3307 5716 3397 5773 Sic
3423 5714 3544 5772 enim

1990 5787 2155 5863 infra,
2190 5797 2224 5851 lit
2253 5796 2503 5850 δύνανται
2535 5795 2708 5874 ποιεῖν
2740 5787 3126 5861 ἢὶπίστανται
3158 5787 3323 5842 καλά.
