3630 6514
10 365 142 420 315

747 367 1214 436 ΟΠᾹΣΞΤῘΟΝΕΒ
1251 367 1341 424 ΕΤ
1377 367 1593 424 RESPC

1764 368 1904 424 lNES
1935 367 2028 422 AD
2059 366 2551 425 OR'I‘IIODOXOS.

3161 373 3302 429 15H

0 484 312 551 ποιήσας,
347 485 468 539 ἐπεὶ
512 483 674 539 καλὸν
719 487 748 539 6
806 486 970 551 Θεός;
1015 487 1080 540 Εί
1120 487 1176 540 δὲ
1219 487 1281 540 οὐ
1326 486 1583 557 φθονερὸς

1764 495 1811 541 ει
1851 485 2019 553 Deus,
2058 500 2168 540 non
2201 483 2364 540 fecit?
2401 482 2561 548 Quod
2590 482 2638 538 si
2682 496 2794 536 non
2831 480 3082 549 invidus,
3114 492 3170 538 at
3203 501 3302 555 po-

0 575 138 629 ιλλὰ
224 578 502 642 ἀδύνατος
554 577 652 642 ὢν,
706 579 865 633 τοῦτο
927 582 1027 634 οὐκ
1081 581 1306 651 ἐποίησε
1357 581 1532 634 δυοῖν.
1561 622 1574 633 .
1603 621 1618 638 .

0 669 242 740 ινὰγκη
286 671 385 743 (2).

73 760 523 816 ἈΠΟΚΡΙΣΙΣ.
559 765 684 828 Τοῖς
729 763 1106 836 χαριζομένοις
1135 767 1247 828 τοῖς
1294 763 1541 836 πλησίον,
1582 763 1621 818 ἃ.

0 851 290 906 ἱὺνανται
323 858 492 908 ποιεῖν
519 855 551 927 ἣ
585 857 902 909 ἐπίστανται
943 856 1104 910 καλά.
1139 857 1214 910 Τὸ
1249 856 1360 928 γὰρ
1392 855 1619 928 πλησίον

0 944 135 996 Ξεοῦ
185 947 267 998 οὐ
321 947 509 1018 χρῄζει
550 949 684 1002 Θεοῦ
713 949 791 1013 εἰς
846 949 1124 1020 παροχήν·
1176 948 1289 1019 ἔχει
1335 949 1446 1020 γὰρ
1480 948 1619 1020 πρὸς

0 1036 169 1090 ιὺτδν
209 1040 284 1091 ὲν
319 1039 488 1093 ἆπασι
519 1039 580 1093 τὸ
611 1041 743 1094 ἴσον.
770 1042 890 1094 Ἔτι
915 1041 971 1094 δὲ
1000 1043 1048 1094 εἰ
1080 1041 1235 1107 θεοὺς
1265 1043 1424 1113 μόνον
1444 1043 1616 1098 ἐποίει

0 1129 223 1193 ἰθεὸς,
261 1132 362 1184 τὸν
404 1132 605 1203 κόσμον
636 1134 736 1186 οὐκ
778 1133 844 1186 ἂν
888 1134 1082 1187 ἐποίει.
1127 1136 1464 1204 Ἀναγκαίως
1507 1135 1616 1206 γὰρ

0 1221 202 1292 [ρῂζει
236 1223 273 1274 ὁ
309 1223 511 1294 κόσμος
535 1224 644 1277 τῶν
673 1225 854 1296 μερῶν
895 1225 1001 1278 τῶν
1030 1226 1153 1280 καθ’
1187 1227 1487 1298 ὑπέρϐασιν
1521 1227 1618 1281 καὶ

0 1315 297 1368 ὶπόϐασιν
344 1315 543 1381 θέσεως
588 1318 661 1388 (5)
691 1317 933 1388 ἀλλήλων
975 1318 1357 1388 διαφερόντων.
1399 1322 1520 1374 Ἔτι
1557 1321 1615 1374 δὲ

0 1409 34 1459 Li
65 1408 192 1461 τῶν
227 1410 519 1464 ἀδυνάτων
545 1410 751 1479 γίνεται
786 1411 958 1474 οὐδὲν,
989 1411 1248 1466 ἀδύνατον
1275 1413 1332 1466 δὲ
1364 1414 1614 1482 γενέσθαι

0 1500 129 1552 θεὸν
165 1500 466 1570 (ἄκτιστος
493 1502 602 1572 γὰρ
644 1503 738 1554 καὶ
777 1503 1037 1575 ἀποίητος
1067 1506 1095 1557 6
1124 1503 1312 1575 Θεός)’
1359 1505 1475 1569 πῶς
1511 1507 1612 1559 οὐκ

0 1593 144 1646 ἱστιν
188 1593 407 1663 ἄλογον
447 1596 568 1648 τότε
610 1594 786 1665 λέγειν
819 1597 911 1649 τὸν
941 1597 1072 1649 Θεὸν
1123 1597 1354 1666 ἄφθονον
1384 1596 1490 1669 (4),
1530 1599 1610 1652 ὄτι

0 1687 59 1739 τὰ
93 1687 178 1758 μὴ
217 1687 556 1758 ἐνδεχόμενα
586 1693 757 1754 arctat;
789 1691 908 1742 Ἔτι
943 1690 1000 1743 δὲ
1030 1689 1193 1743 καλόν
1225 1692 1370 1744 ἐστιν
1400 1692 1429 1744 6
1455 1691 1608 1756 Θεὸς,

0 1780 70 1830 Ξτι
101 1779 386 1844 ἄκτιστός
416 1781 529 1834 ἐστι
560 1781 652 1833 καὶ
682 1781 905 1852 κτίστης
924 1798 937 1812 ο
969 1782 1120 1834 οὐδὲν
1151 1782 1208 1834 δὲ
1240 1782 1348 1835 τῶν
1378 1783 1609 1836 κτιστῶν

1721 579 1894 634 tentia
1925 579 2225 635 destitutus
2254 580 2309 633 id
2343 594 2453 633 non
2500 576 2661 644 fecit;
2691 591 2762 630 ex
2799 574 3016 630 duobus
3042 577 3188 632 enim
3216 579 3302 631 al-

1720 678 1990 726 terutrum
2020 671 2172 726 dictu
2199 671 2594 727 necessarium.

1788 762 1986 819 RESP.
2018 763 2155 840 Non.
2183 763 2382 819 similis
2423 771 2508 819 est
2542 762 2687 818 Deus
2716 761 3037 818 hominibus
3075 776 3138 816 ea
3173 777 3304 832 pro-

1717 858 1866 913 ximo
1893 856 2349 929 gratiﬁcantibus,
2375 871 2498 926 quae
2530 861 2762 926 possunt
2795 862 2891 908 aut
2922 855 3106 910 sciunt
3137 854 3303 910 bene-

1718 950 1920 1006 facere.
1962 949 2097 1004 Nam
2130 949 2277 1020 quod
2323 951 2631 1020 proximum
2668 947 2762 1004 Dei
2795 955 2908 1012 est,
2942 963 3052 1002 non
3095 947 3303 1017 indiget

1717 1042 1829 1100 Deo
1861 1044 1930 1098 ad
1969 1043 2293 1099 beneﬁcium
2332 1041 2752 1112 accipiendum;
2790 1041 2956 1096 habet
2983 1041 3132 1095 enim
3173 1056 3301 1095 cum

1715 1153 1782 1194 eo
1813 1138 1870 1192 in
1914 1139 2171 1193 omnibus
2209 1137 2598 1207 aaqualitatem.
2638 1133 2844 1190 Deinde
2891 1149 3022 1189 vero
3067 1135 3114 1189 si
3166 1134 3300 1188 deos

1715 1239 1926 1285 tantum
1971 1231 2192 1286 fecisset
2236 1230 2401 1293 Deus,
2448 1230 2715 1284 mundum
2749 1243 2858 1283 non
2892 1227 3133 1283 fecisset.
3169 1227 3299 1282 0m—

1716 1325 1847 1378 nino
1868 1325 2013 1378 enim
2044 1323 2250 1394 indiget
2278 1323 2518 1379 mundus
2545 1322 2815 1393 partibus,
2844 1337 2967 1391 qua:
2989 1322 3186 1376 altiore
3213 1321 3298 1374 vel

1713 1415 1974 1470 inferiore
2004 1415 2174 1485 gradu
2206 1429 2235 1468 a
2261 1431 2320 1470 se
2347 1415 2582 1470 invicem
2616 1423 3002 1469 secernantur.
3027 1412 3296 1469 Praeterea

1714 1508 1761 1562 si
1796 1507 2138 1577 impossibile
2167 1507 2307 1560 nihil
2351 1506 2440 1570 ﬁt,
2485 1506 2830 1576 impossibile
2877 1514 3061 1560 autem
3107 1512 3192 1560 est
3235 1513 3298 1560 ut

1712 1599 1806 1654 ﬁat
1837 1599 1979 1655 Deus
2016 1599 2317 1669 (increatus
2345 1597 2491 1654 enim
2524 1605 2578 1654 et
2615 1597 2854 1653 infectus
2889 1597 3076 1668 Dens),
3110 1615 3294 1655 nonne

1711 1707 1742 1746 a
1768 1693 1980 1746 ratione
2023 1691 2261 1745 alienum
2297 1698 2384 1745 est
2415 1689 2585 1745 Deum
2633 1690 2878 1744 invidum
2919 1690 3123 1770 dicere,
3162 1691 3293 1761 quia

1711 1782 2078 1853 impossibilia
2114 1800 2225 1837 non
2257 1783 2419 1838 fecit?
2454 1781 2700 1852 Denique
2745 1782 2951 1837 bonum
3000 1791 3086 1837 est
3124 1781 3293 1847 Dens,

0 1872 119 1922 κατ’
171 1872 384 1924 οὐσίαν
443 1872 663 1926 δύναται
718 1873 972 1942 γενέσθαι
1027 1875 1309 1941 ἄκτιστον,
1365 1876 1593 1928 τουτέστ

1764 1878 1839 1931 iia
1867 1879 2147 1932 increatus
2167 1887 2252 1933 est
2276 1886 2331 1932 et
2353 1884 2601 1942 creator;
2627 1877 2763 1930 nihil
2790 1887 2974 1932 autem
3003 1891 3068 1931 ex
3093 1876 3296 1931 creatis

0 1963 148 2024 Θεὸς.
188 1964 392 2016 Ἔοικε
430 1964 485 2016 δὲ
515 1963 653 2036 αὕτη
684 1968 716 2035 ὴ
751 1966 1016 2037 ἐρώτησις
1059 1966 1137 2038 τῷ
1175 1967 1384 2036 λέγοντι
1425 1967 1602 2038 λόγῳ*

0 2055 182 2118 Καλός
217 2057 379 2109 ἐστιν
409 2059 436 2110 6
464 2057 739 2128 ὀφθαλμὸς
769 2059 863 2111 καὶ
893 2059 1217 2132 τιμιώτερος
1259 2059 1368 2114 τῶν
1395 2061 1569 2114 ποδῶν
1589 2079 1602 2092 ·

0 2147 108 2199 ἀλλ’
143 2150 197 2200 εί
229 2147 473 2217 ἄφθονός
503 2151 650 2203 ἐστιν
669 2153 697 2203 6
725 2151 879 2217 Θεὸς,
902 2151 991 2206 διὰ
1016 2153 1068 2206 τί
1097 2154 1197 2206 οὐκ
1227 2153 1452 2226 ἐποίησε
1479 2156 1606 2220 τοὺς

0 2239 170 2304 πόδας
222 2239 585 2311 ὁφθαλμούς;
629 2243 862 2312 Συνάγει
903 2243 1012 2316 γὰρ
1049 2245 1143 2298 καὶ
1186 2245 1213 2298 6
1254 2245 1410 2314 λόγος
1451 2240 1606 2312 οὗτος

0 2334 92 2402 τὴν
140 2333 334 2404 αὐτὴν
380 2333 571 2403 ἄλογον
621 2336 884 2400 ἀτοπίαν,
928 2336 990 2390 τὸ
1033 2338 1067 2410 ἢ
1114 2337 1202 2392 διὰ
1241 2338 1434 2408 φθόνον
1469 2339 1502 2410 ἢ
1538 2339 1606 2394 δι’

1 2425 323 2496 ἀδυναμίαν
363 2427 438 2499 μὴ
476 2430 832 2500 πεποιηκέναι
877 2429 970 2484 τὸν
1013 2429 1146 2486 Θεὸν
1194 2431 1358 2497 πόδας
1410 2432 1609 2503 ὀφθαλ-

5 2534 160 2584 μους.

85 2694 454 2747 ἘΡΩΤΗΣΙΣ
486 2695 603 2749 Ol".
631 2697 695 2750 EE
721 2697 844 2751 τότε
863 2699 924 2752 τὸ
944 2699 1108 2753 καλὸν
1141 2701 1390 2770 φαίνεται
1418 2703 1601 2771 καλὸν,

7 2785 91 2838 ὅτε
121 2788 487 2859 συγκρίνεται
516 2789 595 2859 τῷ
629 2790 804 2862 κακῷ,
834 2792 996 2846 καλὸν
1036 2794 1093 2847 δὲ
1121 2795 1150 2847 6
1185 2797 1408 2866 κόσμος,
1446 2797 1606 2868 δῆλον

10 2879 86 2930 ὅτι
117 2881 296 2934 κακὸν
327 2882 355 2933 6
389 2881 462 2954 μὴ
491 2885 714 2954 κόσμος,
737 2887 980 2939 τουτέστι
1014 2887 1076 2939 τὸ
1104 2889 1210 2959 πρὸ
1237 2889 1465 2961 κόσμου.
1495 2892 1607 2946 Καὶ

12 2973 57 3024 εὶ
95 2975 193 3043 μὲν
229 2975 524 3049 ἀμφότερα
566 2979 631 3030 ὲκ
661 2978 817 3044 Θεοῦ,
848 2981 1093 3032 τουτέστι
1137 2981 1198 3034 τὸ
1243 2983 1350 3054 πρὸ
1398 2984 1602 3055 κόσμου

15 3067 100 3117 καὶ
127 3068 156 3118 6
185 3068 432 3138 κόσμος,
470 3070 589 3134 πῶς
621 3071 718 3141 οὐχ
763 3071 1000 3144 ἑκάτερα
1039 3073 1100 3138 ἐξ
1131 3073 1319 3137 αὑτοῦ,
1358 3077 1605 3135 τουτέστι

12 3158 69 3210 τὸ
101 3161 267 3214 καλὸν
300 3164 395 3215 καὶ
439 3163 500 3215 τὸ
533 3162 764 3232 φαῦλον;
811 3165 875 3217 Et
915 3164 973 3218 δὲ
1013 3164 1239 3237 θάτερον
1277 3166 1375 3237 μὲν
1417 3167 1478 3232 ἐξ
1506 3171 1604 3223 αὐ-

1707 1980 1885 2040 potest
1929 1971 2170 2026 essentia
2208 1970 2322 2024 ﬁeri
2376 1970 2716 2034 increatum,
2768 1969 2824 2023 id
2865 1978 2951 2023 est
2988 1968 3153 2024 Deus.
3200 1967 3298 2022 Vi-

1707 2063 1867 2118 detur
1895 2071 2079 2118 autem
2115 2064 2230 2119 haec
2271 2062 2632 2133 interrogatio
2661 2062 2864 2117 similis
2891 2076 3015 2117 esse
3043 2060 3173 2115 huic
3208 2077 3295 2115 ra-

1707 2156 2050 2210 tiocinationi
2075 2176 2089 2211 :
2121 2155 2427 2211 Praeclarus
2464 2164 2549 2210 est
2574 2155 2770 2210 oculus
2798 2164 2852 2210 et
2882 2153 3174 2224 pretiosior
3199 2169 3296 2223 pe-

1705 2246 1896 2315 dibus;
1942 2249 2039 2304 sed
2083 2249 2128 2304 si
2169 2248 2312 2304 Deus
2359 2246 2578 2302 invidus
2611 2261 2722 2301 non
2753 2253 2874 2311 est,
2917 2262 3090 2316 quare
3126 2246 3296 2316 pedes

1705 2356 1815 2394 non
1847 2340 1974 2395 fecit
2005 2340 2229 2395 oculos?
2267 2338 2404 2393 Nam
2435 2348 2489 2394 et
2519 2321 2634 2393 lianc
2665 2337 3016 2394 ratiocinatio
3045 2337 3294 2393 eamdem

1707 2448 1738 2487 a
1765 2435 1978 2488 ratione
1993 2433 2226 2488 alienam
2249 2432 2645 2489 absurditatem
2665 2431 2770 2487 sibi
2801 2432 3048 2496 ascribit,
3073 2447 3291 2502 nempe,

1703 2529 1792 2583 vel
1840 2528 1911 2582 ob
1952 2527 2216 2582 invidiam
2250 2526 2332 2582 vel
2379 2526 2450 2580 ob
2483 2525 2743 2595 potentia:
2793 2527 3081 2596 penuriam
3125 2525 3294 2596 pedes

1704 2620 1855 2676 Deus
1881 2621 2072 2676 oculos
2098 2635 2210 2675 non
2245 2619 2395 2674 fecit.

1777 2711 2058 2779 QUES'I‘.
2107 2711 2342 2767 LXXIII.
2389 2711 2446 2766 Si
2491 2711 2693 2768 bonum
2739 2720 2871 2766 tunc
2917 2721 3143 2783 apparet
3189 2714 3292 2768 bo-

1705 2822 1856 2870 num,
1891 2806 2114 2878 quando
2161 2806 2440 2862 confertur
2479 2821 2604 2861 cum
2655 2807 2820 2872 malo,
2861 2807 3066 2862 bonum
3105 2816 3291 2862 autem

1705 2899 1977 2967 mundus,
2020 2899 2194 2969 liquet
2225 2904 2428 2953 malum
2460 2915 2583 2955 esse
2611 2915 2724 2954 non
2771 2900 3059 2964 mundum,
3114 2901 3170 2955 id
3207 2911 3294 2956 est

1705 2993 1762 3048 id
1807 2992 1956 3064 quod
2017 3001 2147 3048 ante
2201 2991 2488 3047 mundum.
2549 2991 2708 3059 Quod
2774 2992 2822 3048 si
2877 3001 3172 3062 utrumque
3224 3007 3292 3048 ex

1710 3087 1838 3152 Deo,
1870 3088 1922 3141 id
1955 3095 2042 3142 est
2066 3085 2214 3157 quod
2250 3094 2377 3142 ante
2430 3085 2698 3140 mundum
2738 3094 2794 3141 et
2847 3084 3121 3152 mundus,
3151 3100 3292 3156 quo-

1704 3179 1868 3235 modo
1896 3195 2006 3234 non
2052 3187 2349 3249 utrumque
2393 3195 2460 3234 ex
2495 3194 2580 3246 eo,
2624 3177 2679 3233 id
2712 3189 2798 3234 est
2839 3179 3043 3234 bonum
3085 3186 3138 3233 et
3173 3193 3291 3233 ma-

16 3251 123 3313 τοῦ,
153 3253 346 3325 ἕτερον
374 3254 431 3306 δὲ
458 3256 558 3308 οὐκ
591 3254 650 3322 ἐξ
678 3254 865 3320 αὐτοῦ,
899 3256 1017 3321 πῶς
1043 3257 1144 3310 οὐκ
1174 3257 1320 3311 ἔστιν
1358 3261 1593 3332 αὐτόμα-

1764 3273 1850 3326 m?
1884 3271 2039 3338 Quod
2080 3271 2125 3328 si
2169 3271 2398 3326 alterum
2426 3286 2495 3325 ex
2522 3286 2610 3335 eo,
2646 3270 2880 3325 alterum
2914 3285 3043 3325 vero
3084 3283 3292 3340 nequa-

15 3360 99 3395 τον
137 3345 235 3398 καὶ
273 3347 352 3417 μὴ
386 3346 480 3398 ὑπ’
514 3347 677 3399 αὑτὸν
703 3347 766 3400 τὸ
797 3347 872 3420 μὴ
903 3347 965 3413 ἐξ
993 3349 1195 3415 αὑτοῦ;
1228 3349 1355 3416 Πῶς
1393 3351 1451 3404 δὲ
1478 3353 1603 3423 ἀλη-

21 3435 156 3490 θεύει
184 3438 214 3488 6
241 3438 442 3507 λέγων,
471 3439 554 3492 ὅτι
585 3439 680 3505 Ἐξ
707 3441 892 3495 αὐτοῦ
916 3440 990 3494 τὰ
1017 3441 1246 3506 «Cirta;
1273 3444 1332 3496 ὲν
1355 3443 1464 3517 γὰρ
1489 3449 1602 3511 τοῖς

20 3531 143 3582 πᾶσι
176 3533 275 3584 καὶ
303 3531 374 3585 τὰ
417 3530 606 3604 πρώην
636 3533 738 3585 οὐκ
780 3531 931 3597 ὄντα,
963 3535 1057 3588 καὶ
1085 3535 1154 3589 τὰ
1182 3535 1276 3589 νῦν
1304 3537 1465 3601 ὄντα,
1503 3554 1602 3592 πεο

25 3620 275 3691 ριέχεται.

99 3799 500 3858 ἈΠΟΚΡΙΣΙΣ.
545 3804 620 3858 Τὸ
657 3803 828 3859 κακὸν
871 3804 1024 3859 οὐδὲν
1053 3805 1240 3879 ἕτερόν
1283 3809 1400 3863 ἐστι
1447 3813 1602 3884 παρὰ

23 3887 108 3958 τὴν
138 3892 412 3965 ἐκτροπὴν
439 3896 534 3949 τοῦ
563 3892 762 3948 καλοῦ⁶
793 3893 874 3947 διὸ
907 3893 1131 3968 ὕστερόν
1162 3900 1277 3952 ἐστι
1307 3900 1402 3955 τοῦ
1432 3901 1599 3956 καλοῦ

26 3979 79 4031 τὸ
105 3983 300 4037 κακόνο
333 3984 578 4056 ὲκτροπὴ
611 3985 722 4058 γάρ
753 3987 870 4040 ἐστι
899 3987 990 4041 τοῦ
1021 3990 1210 4045 καλοῦ.
1254 3993 1412 4049 Ἀλλὰ
1441 3995 1599 4049 τοῦτο

25 4071 166 4144 δῆλον
197 4078 280 4132 ὅτι
311 4079 412 4134 οὐκ
443 4082 506 4134 ὲκ
526 4081 626 4151 τῆς
655 4082 993 4154 συγκρίσεως
1021 4084 1115 4138 τοῦ
1140 4087 1314 4141 κακοῦ
1345 4089 1404 4141 τὸ
1436 4089 1598 4142 καλὸν

30 4167 258 4229 φαίνεται
301 4171 489 4235 καλὸν,
523 4172 638 4226 ἀλλ’
677 4176 742 4228 ἐκ
781 4176 883 4247 τῆς
925 4177 1134 4242 οἰκείας
1164 4179 1396 4248 φύσεως.
1429 4181 1503 4234 Τὸ
1543 4181 1598 4234 δὲ

31 4257 122 4343 τρὸ
153 4258 243 4314 τοῦ
281 4264 492 4334 κόσμου
535 4265 611 4336 μὴ
638 4266 698 4320 ὃν
725 4268 904 4342 πάντη
939 4271 1014 4342 μὴ
1050 4266 1118 4341 ἦν
1149 4272 1247 4343 (5),
1277 4271 1401 4326 οὔτε
1437 4273 1602 4328 καλὸν

29 4340 87 4414 ἦν
114 4349 230 4405 οὒτε
259 4357 432 4409 κακόν
451 4372 464 4386 ·
495 4357 576 4409 διὸ
607 4357 684 4429 τῷ
727 4359 872 4413 οὕτω
893 4340 901 4342 ν
919 4340 1012 4432 μὴ-
1039 4340 1332 4418 ὄντι-οὐδὲν
1376 4366 1600 4437 συγκρί-

32 4453 180 4492 νεται.
209 4445 330 4500 Ἔτι
359 4445 414 4499 δὲ
442 4445 503 4500 τὸ
534 4449 712 4522 πάντη
750 4450 824 4522 μὴ
855 4451 914 4504 ὃν
941 4451 1066 4507 οὔτε
1096 4455 1161 4508 ἐκ
1180 4455 1275 4509 τοῦ
1296 4455 1453 4520 Θεοῦ,
1473 4455 1598 4510 οὔτε

34 4529 85 4594 ἐξ
107 4534 278 4601 ἄλλου,
309 4537 434 4592 οὔτε
475 4541 778 4613 αὐτόματόν
807 4545 942 4598 ὲστι.
979 4546 1096 4616 Πρὸ
1141 4548 1236 4602 τοῦ
1264 4548 1471 4620 κόσμου
1501 4545 1599 4603 οὖν

1703 3379 1898 3436 quam,
1945 3365 2222 3436 quomodo
2266 3379 2377 3419 non
2427 3363 2653 3419 fortuito
2699 3371 2785 3418 est
2829 3377 2895 3417 ac
2941 3376 3289 3432 nequaquam

1704 3459 1809 3515 sub
1837 3474 1900 3514 eo
1937 3458 1992 3513 id
2021 3457 2167 3528 quod
2209 3473 2278 3512 ex
2308 3458 2429 3528 ipso
2458 3471 2568 3511 non
2609 3458 2731 3512 est?
2771 3455 3058 3522 Quomodo
3104 3465 3288 3510 autem

1701 3568 1892 3608 verum
1922 3551 2055 3606 dicit
2084 3551 2176 3620 qui
2209 3551 2321 3604 ait:
2356 3549 2443 3603 Ex
2468 3550 2582 3619 ipso
2619 3549 2799 3602 omnia
2820 3547 2899 3601 7’?
2925 3547 2980 3601 In
3030 3549 3290 3604 omnibus

1701 3644 1847 3698 enim
1873 3651 1927 3697 et
1953 3659 2075 3714 quae
2096 3651 2223 3697 ante
2249 3657 2359 3697 non
2387 3650 2571 3708 erant,
2597 3649 2651 3696 et
2679 3655 2800 3712 qua:
2827 3655 2972 3694 nunc
2999 3647 3129 3695 sunt
3161 3656 3288 3696 con-

1701 3736 1966 3790 tinentur.

1773 3826 1972 3884 BESP.
2007 3827 2207 3884 Malum
2254 3826 2391 3882 nihil
2432 3825 2582 3880 aliud
2624 3831 2710 3881 est
2755 3839 2920 3895 quam
2969 3825 3288 3895 depravatio

1701 3921 1831 3976 boni
1865 3940 1878 3976 :
1919 3935 2091 3992 quare
2123 3922 2267 3976 bono
2297 3919 2574 3991 posterius
2605 3927 2689 3973 est
2727 3918 2964 3984 malum,
3009 3923 3094 3973 est
3137 3918 3284 3973 enim

1701 4013 1832 4069 boni
1874 4013 2211 4085 depravatio.
2251 4013 2321 4067 At
2368 4011 2504 4067 illud
2540 4010 2891 4066 manifestum
2923 4019 3008 4066 est
3053 4025 3164 4064 non
3213 4026 3284 4064 ex

1701 4107 1830 4161 mali
1861 4105 2270 4177 comparatione
2300 4106 2506 4160 bonum
2535 4118 2798 4174 apparere
2824 4102 3051 4167 bonum,
3085 4103 3182 4158 sed
3216 4118 3282 4157 ex

1700 4199 1923 4269 pr0pria
1972 4207 2190 4252 natura.
2242 4196 2399 4263 Quod
2451 4203 2635 4250 autem
2686 4202 2814 4250 ante
2862 4194 3123 4248 mundum
3170 4209 3282 4246 non

1700 4299 1841 4357 erat,
1869 4291 1922 4346 id
1953 4305 2079 4346 cum
2107 4291 2332 4345 omnino
2368 4305 2478 4346 non
2507 4298 2676 4354 esset,
2723 4303 2900 4358 neque
2928 4289 3132 4342 bonum
3163 4294 3282 4341 erat

1700 4398 1876 4453 neque
1915 4382 2154 4450 malum;
2191 4397 2361 4454 quare
2399 4395 2524 4436 cum
2573 4397 2658 4448 eo,
2700 4380 2847 4451 quod
2883 4395 2995 4434 non
3034 4395 3158 4435 esse
3205 4378 3282 4432 ita

1701 4482 1940 4539 constat,
1974 4474 2113 4529 nihil
2157 4482 2526 4546 comparatur.
2575 4472 2782 4527 Deinde
2809 4487 2939 4527 vero
2969 4470 3113 4542 quod
3157 4485 3280 4524 om-

1702 4568 1832 4622 nino
1863 4583 1976 4622 non
2023 4575 2131 4631 est,
2173 4583 2352 4638 neque
2388 4583 2454 4622 ex
2489 4566 2601 4622 Deo
2634 4573 2756 4631 est,
2799 4581 2978 4635 neque
3025 4581 3093 4620 ex
3145 4563 3279 4628 alio,

34 4621 166 4727 οῦδὲν
199 4628 386 4701 ἕτερον
429 4631 567 4704 πλὴν
604 4633 740 4686 Θεοῦ
770 4630 870 4706 ἦν·
901 4636 1080 4691 τοίνυν
1122 4639 1222 4710 τῆς
1256 4641 1592 4713 συγκρίσεως

1764 4677 1877 4732 rque
1932 4661 2179 4715 fortuito.
2223 4621 2364 4715 Abte
2413 4659 2677 4714 mundum
2721 4621 3092 4731 igitur-469
3141 4657 3280 4711 nihil

33 4715 124 4769 τῶν
147 4720 310 4776 ὄντων
339 4723 503 4797 οὔσης
535 4726 669 4797 πρὸς
699 4727 766 4781 τὰ
793 4727 939 4792 ὄντα,
970 4731 1070 4783 οὐκ
1105 4732 1213 4802 ἄρα
1247 4732 1598 4802 συγκρίνεται

35 4805 268 4882 ὁκόσμος
296 4817 374 4888 τῷ
409 4817 484 4890 μὴ
517 4820 730 4890 κόσμῳ,
758 4821 877 4874 οὐδὲ
905 4823 962 4875 ὲν
993 4822 1070 4894 τῷ
1111 4823 1304 4895 κόσμῳ
1344 4826 1589 4897 περιέχε-

36 4914 111 4950 ται
133 4903 190 4956 τὸ
218 4907 290 4979 μὴ
321 4910 542 4981 κόσμος.
585 4913 658 4966 Τὸ
693 4914 802 4986 γὰρ
836 4913 911 4986 μὴ
943 4916 1146 4986 κόσμος
1174 4916 1326 4971 οὐδέν
1355 4921 1470 4972 ἐστι
1489 4937 1501 4950 ·
1535 4921 1596 4974 τὸ

38 4988 83 5042 δὲ
109 5002 481 5072 περιεχόμενόν
513 5005 630 5058 ἐστὶ
658 5005 735 5063 τί.
771 5007 881 5060 Καὶ
908 5007 994 5060 ὅτε
1023 5006 1254 5079 λέγομεν
1283 5011 1346 5064 ἐκ
1374 5009 1467 5064 τοῦ
1517 5013 1592 5084 μὴ

99 5235 139 5267 ⁷³
161 5237 310 5299 Rom.
337 5261 416 5310 x1,
446 5248 538 5303 36.

106 5441 173 5515 (ἓ)
200 5450 368 5506 Δυοῖν
394 5452 646 5521 ἀνάγκη.
679 5452 816 5508 Cum
865 5455 1057 5524 paucis
1085 5454 1408 5523 supplendis
1457 5471 1584 5512 sen—

1699 4754 1846 4808 aliud
1863 4761 1980 4809 erat
1997 4747 2194 4823 praeter
2225 4751 2424 4820 Deum;
2453 4760 2505 4808 et
2521 4767 2644 4807 cum
2673 4767 2738 4807 ea
2767 4765 2887 4822 qua:
2908 4759 3036 4806 sunt
3068 4765 3192 4806 cum
3210 4751 3280 4807 iis

1698 4861 1820 4917 qua:
1839 4853 1968 4901 sunt
1985 4852 2394 4914 comparentur,
2413 4859 2756 4915 nequaquam
2777 4842 3026 4915 profecto
3057 4859 3278 4914 compa-

1697 4945 1851 4991 ratur
1881 4936 2120 4991 mundus
2165 4951 2290 4991 cum
2326 4951 2434 4992 non
2469 4935 2698 5000 mundo,
2729 4951 2830 4991 nec
2859 4935 3065 4990 mundo
3105 4936 3280 4990 conti-

1699 5037 1861 5084 netur
1887 5044 1996 5085 non
2043 5029 2306 5088 mundus.
2332 5028 2468 5084 Nam
2501 5044 2611 5084 non
2643 5029 2882 5086 mundus
2912 5029 3081 5097 nihil;
3130 5028 3280 5099 quod

1763 5458 1838 5528 (3)
1883 5459 2211 5533 ’Υπόᾷαοῂιν
2255 5460 2497 5533 θέσεως.
2544 5461 2681 5518 Rob.
2731 5461 3045 5533 Stephanus
3079 5469 3133 5517 et
3181 5477 3278 5518 co-

49 5521 506 5605 El'lfllfommodum
539 5521 1117 5605 habeamus—necesse
1142 5521 1250 5605 non
1281 5535 1364 5581 est
1396 5528 1587 5597 longas
1689 5521 1841 5605 dices
1872 5545 2008 5605 mss.
2035 5530 2245 5605 Θυσίας.
2277 5521 2600 5605 Emendavit
2635 5521 2981 5605 Sylbur‘gius.

49 5582 267 5665 Elui-lases
306 5595 579 5664 persequi.
611 5593 702 5648 Sic
743 5582 874 5665 ergo
905 5596 1122 5650 videtur
1171 5597 1365 5651 lacuna
1400 5582 1587 5653 emcn—

1766 5598 1840 5670 (4)
1881 5601 2189 5672 ’Λφθονοικ
2224 5599 2378 5669 Legit
2405 5602 2626 5674 Langus
2671 5598 2933 5676 ξρθονερὸν
2959 5605 3062 5668 ὅτι,
3096 5619 3274 5674 neque

49 5645 150 5749 ἓῗὲ
173 5645 325 5749 9338.85
343 5645 699 5749 E'ébifv'ﬁé
745 5645 1586 5749 δάὲἓρὸᾶἶῖξὶειέῗᾶθξγὲἧέ

1881 5645 2080 5749 sensus
2110 5645 2366 5749 constare
2401 5645 2593 5749 possit:

171 5728 556 5856 igeipicnda
583 5728 901 5806 responsio;
926 5739 1038 5809 Οὐχ
1056 5728 1239 5809 ὅμοιος
1254 5728 1480 5804 τοῖέάνδ
1490 5737 1586 5812 ρώ-

72 5824 84 5836 '
127 5827 147 5854 δ
258 5819 279 5854 Ξ
313 5822 354 5856 ς.

72 5819 147 5854 ms
171 5819 196 5848 ο
219 5819 354 5868 σεος.

1692 5807 1836 5868 Editi
1867 5811 2042 5885 πάντη

1764 5741 1842 5824 (5)
1886 5741 2088 5810 Πάντη
2129 5742 2221 5865 ,ιιὶέ
2263 5735 2360 5808 ἦν.
2401 5735 2509 5801 ’δίε
2553 5745 3017 5803 Claromoutanus
3072 5744 3268 5802 codex.

1764 5813 1836 5867 litt
1867 5811 2042 5885 πάντη
2083 5813 2156 5885 μὴ
2224 5831 2251 5866 ν
2279 5809 2369 5885 ἦν.

2224 5831 2251 5866 ν

2279 5809 2369 5886 ἦν.
