3638 6496
354 384 493 439 1515

1089 375 1458 433 APPENDIX-
1494 407 1564 417 —
1594 373 1775 429 PARS
1813 373 1852 426 Ι.
1896 373 1955 428 S.
1991 372 2255 429 JUSTlNl
2293 373 2519 429 OPERA
2562 371 2833 428 SPURIA.

3473 368 3595 427 1516

349 516 479 555 vero
508 496 842 561 continetur,
868 492 1073 563 aliquid
1101 499 1205 548 est.
1234 492 1300 547 Et
1331 508 1456 546 cum
1486 492 1721 546 dicimus
1754 504 1818 543 ex
1858 502 1924 542 eo

2105 505 2177 551 τος
2201 488 2292 541 τὸν
2340 489 2471 541 Θεὸν
2520 487 2875 557 πεποιηκέναι
2921 486 2987 539 τὰ
3024 484 3155 537 ὄντα
3206 483 3313 553 (6),
3358 486 3418 537 οὐ
3460 485 3595 539 θέσιν

351 591 497 661 quod
522 604 631 642 non
648 595 733 641 est
755 585 923 641 Deum
951 584 1146 639 fecisse
1161 600 1282 654 qua:
1301 593 1449 647 sunt,
1471 597 1815 654 nequaquam
1840 580 1917 642 id,

354 682 498 753 quod
531 695 638 733 non
668 688 768 743 est,
792 694 913 732 esse
927 678 1241 739 statuimus,
1258 676 1353 730 sed
1372 676 1597 729 omnino
1616 676 1917 728 abolemus.

422 770 704 840 QUEST.
756 768 987 824 LXXIV.
1039 767 1096 821 Si
1129 768 1257 839 quia
1284 778 1579 837 superatus
1624 774 1708 821 est
1750 765 1927 837 genti-

353 868 549 921 lismus
578 881 607 918 a
632 862 1082 924 Christianismo,
1115 875 1265 929 spem
1299 858 1668 913 restitutionis
1695 872 1805 912 non
1825 858 1929 911 ha-

352 964 445 1017 bet
468 1007 482 1028 ,
506 960 776 1031 quomodo
804 965 1062 1029 superata
1092 956 1395 1024 antiquitus
1418 968 1446 1005 a
1472 952 1783 1023 gentilismo
1801 964 1926 1004 vera

353 1054 545 1124 religio
579 1066 725 1105 nunc
755 1051 810 1103 in
855 1050 1131 1119 integrum
1180 1046 1431 1101 restituta
1479 1043 1601 1097 est?
1635 1041 1769 1094 Nam
1802 1049 1929 1095 ante

353 1162 596 1202 errorem
645 1144 885 1214 viguisse
913 1142 1201 1196 veritatem
1233 1146 1509 1194 testantur
1548 1135 1747 1189 divina
1776 1133 1932 1188 Scri-

356 1248 561 1308 pturte,
595 1252 714 1305 qua:
742 1234 1012 1287 Adamum
1051 1239 1105 1285 et
1136 1232 1339 1284 multos
1364 1230 1622 1298 deinceps
1654 1234 1778 1297 post
1801 1240 1926 1281 eum

352 1328 632 1381 declarant
659 1341 767 1377 non
792 1322 1112 1384 simulacra,
1139 1319 1233 1375 sed
1258 1318 1424 1374 Deum
1454 1318 1712 1379 coluisse,
1736 1331 1932 1385 quam-

355 1422 437 1474 vis
466 1402 855 1472 nonnullorum
888 1430 953 1469 ex
1000 1414 1081 1468 eis
1117 1412 1356 1467 nefanda
1395 1411 1743 1482 reperiantur
1788 1410 1931 1464 faci-

355 1525 511 1563 nora.
1444 1490 1454 1500 ’

418 1598 619 1654 RESP.
654 1598 711 1653 Si
740 1598 1029 1670 praesentis
1060 1613 1246 1653 rerum
1268 1602 1445 1652 status
1477 1595 1600 1649 tlnis
1620 1601 1704 1649 est
1734 1590 1933 1661 impio-

352 1708 475 1747 rum
510 1708 605 1763 per
639 1693 818 1762 ignem
848 1690 1143 1759 judicium,
1175 1699 1337 1759 prout
1371 1695 1648 1743 testantur
1679 1684 1929 1754 Scriptu-

353 1797 429 1837 ra
467 1782 855 1851 prophetarum
887 1789 941 1834 et
975 1781 1349 1851 apostolorum
1371 1818 1385 1842 ,
1432 1786 1595 1847 atque
1636 1776 1798 1831 etiam
1822 1816 1836 1839 ,
1873 1784 1933 1829 ut

2031 581 2126 634 τοῦ
2172 580 2322 647 ὄντος
2352 581 2600 652 διδόαμεν
2646 580 2723 651 τῷ
2770 579 2846 650 μὴ
2876 579 3020 641 δντι,
3060 578 3197 632 ἀλλά
3237 580 3334 649 τὴν
3376 581 3594 651 παντελῆ

2031 674 2312 744 ἀναίρεσιν
2338 673 2434 727 τοῦ
2467 674 2541 745 μὴ
2571 674 2740 737 ὄντος.

2115 762 2463 816 ἘΡΩΤΗΣΙΣ
2512 763 2627 815 UA'.
2654 764 2716 815 Εἰ
2742 762 2829 816 διὰ
2855 764 2916 816 τὸ
2954 762 3275 833 νενικῆσθαι
3303 762 3391 815 τὸν
3422 763 3597 831 Ἐλλη-

2028 857 2220 927 νισμὸν
2248 856 2353 909 ὑπὸ
2380 855 2474 909 τοῦ
2503 856 2927 929 Χριστιανισμοῦ
2955 856 3147 909 ἐλπίδα
3171 856 3272 908 οὐκ
3298 855 3407 924 ἔχει
3435 856 3463 907 6
3503 856 3602 906 Ἑλ.

2029 950 2288 1020 ληνισμδς
2319 949 2688 1021 ἀνακλήσεως,
2727 949 2845 1013 πῶς
2876 949 3046 1003 πάλαι
3089 950 3196 1003 ὑπὸ
3245 949 3341 1001 τοῦ
3378 949 3601 1018 Ἐλληνι-

2032 1041 2171 1112 σμοῦ
2220 1041 2503 1112 νικηθετσα
2540 1043 2575 1113 ἡ
2631 1040 2831 1112 ἀληθὴς
2861 1041 3164 1104 θεοσέϐεια,
3205 1041 3324 1094 νυνὶ
3353 1041 3448 1113 τήν
3478 1041 3601 1092 ἀνάο

2029 1134 2220 1204 κλησιν
2242 1134 2517 1201 δέδεκται;
2542 1136 2663 1189 Ὀτι
2687 1134 2793 1206 γὰρ
2826 1136 2929 1206 πρὸ
2959 1134 3065 1205 τῆς
3094 1134 3305 1205 πλάνης
3325 1134 3601 1205 ἐπεκράτει

2030 1228 2064 1298 ἡ
2095 1227 2341 1299 ἀλήθεια,
2376 1228 2742 1301 μαρτυροῦσιν
2779 1230 2837 1281 al
2867 1228 3006 1281 θεῖαι
3051 1228 3402 1301 Γραφαὶ,τδν
3443 1227 3603 1296 ’Δδὶιμ

2030 1320 2123 1371 καὶ
2154 1319 2383 1383 πολλοὺς
2409 1320 2607 1390 ἐφεξῆς
2631 1321 2746 1391 μετ’
2774 1320 2932 1374 αὐτὸν
2954 1320 3215 1391 δηλοῦσαι
3231 1320 3332 1372 οὐκ
3355 1317 3598 1382 εἰδώλοις,

2030 1411 2165 1465 ἀλλά
2190 1412 2266 1483 τῷ
2287 1413 2405 1485 Θεῷ
2427 1413 2846 1485 λατρεύσαντας,
2880 1413 2983 1468 κάν
3012 1430 3159 1475 τινες
3196 1412 3378 1466 αὐτῶν
3407 1414 3461 1464 ὲν
3486 1411 3600 1463 ἀτὸ⁴

2030 1520 2155 1567 ποις
2185 1504 2559 1576 ἐξητάσθησαν
2595 1504 2875 1575 πράξεσιν.

2112 1596 2513 1650 ἈΠΟΚΡΙΣΙΣ.
2549 1599 2612 1650 Ei
2661 1598 2761 1669 τῆς
2810 1599 3091 1671 παρούσης
3126 1597 3511 1659 καταστάσεως
3545 1597 3599 1648 τὸ

2028 1690 2178 1753 τέλος
2210 1692 2355 1743 ἐστὶν
2380 1692 2412 1761 ή
2434 1690 2521 1743 διά
2543 1691 2634 1744 τοῦ
2664 1692 2835 1765 πυρὸς
2862 1691 3043 1761 κρίσις
3072 1691 3185 1743 τῶν
3206 1690 3439 1753 ἀσεϐῶν,
3470 1689 3595 1743 καθά

2035 1799 2195 1851 φασιν
2222 1784 2277 1834 αί
2310 1783 2525 1853 Γραφαὶ
2559 1783 2852 1855 προφητῶν
2892 1800 2953 1835 τε
3004 1783 3099 1835 καὶ
3149 1782 3482 1843 ἀποστόλων,
3527 1783 3595 1833 ἔτι

354 1875 433 1928 ait
464 1876 657 1929 beatus
687 1874 940 1929 Clemens
963 1873 1016 1926 in
1042 1872 1273 1943 epistola
1304 1871 1373 1925 ad
1404 1869 1724 1933 Corinthios,
1753 1867 1924 1938 Sibyl-

2115 1876 2332 1944 καὶτῆς
2366 1868 2646 1946 Σιϐύλλης,
2680 1875 2861 1939 καθώς
2891 1893 3051 1946 φησιν
3089 1877 3117 1928 6
3176 1876 3442 1946 μακάριος
3471 1875 3596 1944 Κλή-

356 1968 459 2033 1ιε;
506 1967 652 2037 quod
703 1966 749 2021 si
800 1967 979 2036 ipsum
1022 1966 1289 2035 judicium
1324 1965 1381 2017 fit
1412 1980 1509 2033 per
1534 1961 1720 2018 Jesum
1768 1960 1930 2015 Chri-

356 2065 523 2120 stum,
551 2060 642 2128 qui
671 2058 971 2113 cruciﬁxus
1002 2066 1088 2112 est
1119 2073 1149 2110 a
1180 2055 1381 2110 Judzeis
1411 2070 1475 2109 ac
1507 2070 1736 2124 regnum
1765 2052 1930 2106 Chri-

356 2149 660 2203 stianorum
696 2150 909 2203 obtinet
939 2149 1357 2218 sempiternum,
1392 2148 1536 2217 quod
1562 2148 1612 2201 ei
1637 2146 1821 2199 datum
1847 2156 1933 2199 est

355 2242 658 2295 secundum
691 2240 967 2293 Danielem
1005 2239 1325 2309 prophetam
1353 2257 1367 2305 ;
1404 2245 1691 2309 propterea
1725 2236 1930 2290 nullam

355 2332 519 2387 habet
546 2348 696 2403 spem
720 2334 1094 2389 restitutionis
1116 2331 1483 2402 gentilismns.
1530 2330 1737 2383 Deinde
1763 2344 1893 2384 vero
1912 2368 1929 2393 ,

354 2424 400 2479 si
428 2439 591 2493 quem
613 2424 802 2479 habuit
824 2424 1168 2479 dominatum
1198 2422 1434 2492 populus
1469 2421 1586 2483 Dei,
1616 2436 1741 2474 eum
1778 2422 1932 2476 solu-

354 2521 469 2566 tum
501 2514 725 2568 minime
754 2516 1136 2584 recuperavit:
1171 2530 1239 2567 an
1279 2529 1388 2568 non
1423 2514 1627 2568 frustra
1655 2528 1801 2567 nunc
1830 2529 1934 2568 ex-

354 2613 568 2674 spectat
641 2608 991 2676 gentilismus
1048 2607 1455 2661 restitutionem
1506 2607 1754 2676 pristina:
1818 2619 1935 2660 suae

353 2700 675 2768 potestatis?
706 2697 880 2764 Quam
916 2708 1096 2753 autem
1130 2699 1200 2753 ob
1231 2714 1453 2753 causam
1490 2706 1772 2768 exspectat
1801 2714 1932 2767 gen-

352 2791 597 2846 tilismus
628 2792 848 2861 pristini
882 2793 967 2847 sui
998 2792 1310 2846 dominatus
1333 2792 1769 2846 restitutionem?
1800 2791 1937 2845 Om-

355 2883 486 2936 nino
517 2894 574 2937 ut
600 2884 941 2939 cruciatibus
980 2890 1143 2953 cogat
1185 2882 1533 2936 Christianos
1575 2883 1860 2937 discedere
1901 2898 1933 2936 a

356 2973 479 3027 Filii
514 2974 606 3029 Dei
633 2976 785 3029 cultu
805 2984 859 3029 et
879 2976 1002 3037 fide,
1028 2982 1083 3029 et
1098 2975 1270 3028 cultui
1296 2976 1601 3029 daemonum
1634 2976 1935 3031 adbazrere.

356 3062 464 3120 Sed
494 3066 775 3120 cruciatus
796 3109 811 3133 ,
855 3067 1058 3136 quibus
1087 3067 1249 3121 etiam
1288 3077 1444 3123 antea
1478 3084 1612 3122 usus
1647 3076 1733 3123 est
1758 3068 1935 3138 genti-

356 3158 574 3221 lismus,
608 3173 840 3229 sperans
870 3175 929 3215 se
972 3175 1163 3214 eorum
1203 3159 1469 3215 beneficio
1508 3160 1933 3229 i-nsuperabilem

356 3248 497 3313 fore,
537 3250 908 3321 gentilismnm
938 3251 1158 3321 quidem
1195 3252 1571 3316 aboleverunt,
1608 3251 1934 3307 Christiani—

354 3355 535 3398 smum
562 3354 741 3397 autem
776 3343 987 3399 firmius
1017 3345 1387 3399 stabilierunt.

2037 1985 2143 2039 μης
2176 1968 2251 2037 (7)
2293 1969 2350 2020 ἐν
2380 1970 2445 2039 τῇ
2481 1968 2631 2036 πρὸς
2682 1970 3028 2035 Κορινθίους
3077 1968 3370 2037 ἐπιστολῇο
3411 1967 3593 2033 γίνεται

2031 2060 2087 2113 δὲ
2120 2060 2259 2130 αῦτη
2289 2061 2321 2132 ή
2356 2061 2537 2133 κρίσις
2562 2060 2651 2112 διὰ
2683 2058 2855 2130 Ἰησοῦ
2890 2058 3127 2132 Χριστοῦ
3160 2057 3256 2110 τοῦ
3290 2058 3599 2129 σταυρωθέν-

2030 2168 2123 2214 τος
2170 2150 2275 2203 ὑπὸ
2320 2150 2428 2202 τῶν
2473 2150 2756 2215 Ἰουδαίων,
2806 2146 2899 2201 τοῦ
2951 2147 3185 2211 αἰωνίως
3246 2146 3598 2217 βασιλεύοντος

2031 2242 2138 2293 τῶν
2188 2241 2528 2313 Χριστιανῶν
2575 2240 2849 2311 βασιλείαν
2898 2240 3279 2310 ἀτελεύτητον,
3325 2240 3421 2311 τὴν
3474 2241 3598 2293 κατὰ

2032 2334 2123 2387 τὸν
2156 2336 2440 2406 προφήτην
2472 2332 2667 2404 Δανιὴλ
2697 2332 2940 2386 δοθεῖσαν
2987 2332 3169 2403 αὐτῷ’
3208 2331 3299 2385 διὰ
3342 2332 3495 2385 τοῦτο
3522 2333 3601 2383 οὖα

2031 2426 2225 2495 δεμίαν
2267 2426 2617 2497 ἀνακλήσεως
2656 2424 2766 2495 ἔχει
2805 2428 2834 2479 6
2894 2425 3245 2496 Ἑλληνισμὸς
3275 2424 3375 2495 τὴν
3406 2424 3596 2476 ἐλπίδα.

2037 2517 2246 2581 ’Ἄλλως
2272 2535 2332 2570 τε
2363 2520 2411 2571 εί
2446 2517 2568 2571 καθ’
2598 2519 2664 2589 ἢν
2694 2518 2914 2588 ἐκράτει
2952 2516 3279 2571 δυναστείαν
3316 2518 3344 2569 6
3384 2516 3601 2585 Ἐλληνι-

2037 2610 2171 2681 σμὸς
2198 2610 2271 2681 (8)
2294 2611 2384 2663 τὸν
2415 2611 2540 2664 λαὸν
2567 2611 2659 2664 τοῦ
2676 2611 2831 2675 Θεοῦ,
2867 2610 3122 2681 λυθείσης
3141 2609 3346 2680 ταύτης
3373 2610 3601 2679 οὐδαμῶς

2036 2702 2195 2757 πάλιν
2229 2703 2397 2774 αὐτὴν
2450 2702 2697 2768 ἀνέλαϐε,
2734 2702 2853 2765 πῶς
2875 2702 2935 2755 οὑ
2985 2702 3164 2773 μάτην
3204 2701 3300 2754 νῦν
3347 2704 3600 2773 προσδοκᾷ

2034 2796 2133 2868 τὴν
2166 2797 2459 2867 ἀνάκλησιν
2486 2797 2585 2867 τῆς
2616 2797 2842 2859 παλαιᾶς
2886 2796 3054 2849 αὑτοῦ
3084 2796 3430 2859 δυναστείας;
3461 2798 3603 2857 Τίνος

2034 2888 2092 2942 δὲ
2120 2888 2305 2943 ἕνεκεν
2339 2889 2652 2960 προσδοκᾷὸ
2680 2888 3029 2959 Ἑλληνισμὸς
3057 2889 3159 2957 τῆς
3191 2889 3423 2951 παλαιᾶς
3450 2887 3601 2940 αὑτοῦ

2036 2977 2354 3042 δυναστείας
2374 2978 2471 3049 τὴν
2488 2977 2782 3050 ἀνάκλησιν
2803 2994 2817 3041 ;
2836 2977 3065 3040 Πάντως
3081 2978 3169 3029 ἴνα
3189 2977 3436 3047 βασάνοις
3458 2979 3605 3044 ἀναγ-

2039 3070 2179 3145 κάσῃ
2205 3073 2331 3135 τοὺς
2360 3074 2731 3146 Χριστιανοὺς,
2763 3070 3092 3140 ἀφίστασθαι
3113 3072 3213 3141 μὲν
3242 3071 3343 3139 τῆς
3373 3070 3463 3123 τοῦ
3486 3069 3601 3122 Tini

2036 3163 2130 3216 τοῦ
2172 3163 2308 3217 Θεοῦ
2347 3164 2599 3235 λατρείας
2642 3181 2701 3216 τε
2736 3164 2830 3216 καὶ
2872 3164 3128 3228 πίστεως,
3168 3164 3526 3234 προσέχοντας
3553 3162 3599 3212 δὲ

2035 3256 2265 3311 ἕπεσθαι
2291 3261 2358 3329 τῇ
2387 3257 2647 3331 θρησκείᾳ
2669 3257 2776 3309 τῶν
2802 3256 3091 3327 δαιμόνων.
3142 3257 3279 3308 Ἀλλ’
3311 3259 3365 3310 αἱ
3398 3256 3601 3325 βάσανοι

2038 3342 2218 3412 αῦται,
2241 3344 2328 3412 αἷς
2358 3350 2450 3402 καὶ
2479 3348 2668 3420 πρώην
2696 3348 2769 3419 (9)
2803 3348 3149 3419 χρησάμενος
3179 3351 3208 3403 6
3249 3349 3595 3420 Ἑλληνισμὸς.

353 3438 731 3509 προσδοκήσας
770 3436 835 3490 δι’
878 3437 1056 3490 αὐτῶν
1089 3436 1283 3491 ἄλυτον
1312 3436 1600 3507 φυλάττειν
1642 3438 1864 3502 ἑαυτὸν,
1910 3439 2003 3493 τὸν
2035 3443 2135 3512 μὲν
2184 3441 2531 3514 Ἐλληνισμδν
2566 3443 2938 3505 κατέπαυσαν,
2973 3442 3067 3495 τὸν
3094 3441 3151 3494 δὲ
3195 3442 3599 3513 Χριστιανισμὶν

353 3530 589 3602 ἔστησαν
618 3531 857 3599 παγιώτε
865 3549 976 3603 ρον.

425 3623 707 3691 ΟΗΑΞΞΤ.
746 3623 957 3679 LXXV.
1004 3622 1061 3678 Si
1093 3640 1271 3695 usque
1309 3624 1376 3679 ad
1416 3639 1711 3695 corporum
1748 3638 1939 3679 resur-

354 3715 652 3770 rectionem
686 3717 889 3777 anima,
921 3722 1158 3785 peractae
1184 3715 1305 3768 vitae
1332 3715 1553 3784 praemia
1602 3729 1713 3768 non
1758 3714 1940 3784 perci-

354 3807 470 3876 pit,
497 3822 630 3860 num
660 3807 750 3859 illa
788 3807 979 3870 alicui,
1024 3815 1316 3877 postquam
1350 3823 1380 3859 a
1402 3821 1635 3876 corpore
1665 3806 1933 3869 secessit,

356 3898 578 3952 subdita
604 3905 690 3953 est
710 3898 1025 3968 quaestioni,
1060 3898 1128 3952 ad
1157 3898 1331 3969 ipsam
1365 3913 1539 3968 usque
1570 3896 1939 3953 resurrectio-

354 4003 479 4043 nem
494 3990 517 4042 ?

426 4075 629 4134 RESP.
670 4078 791 4135 Non
823 4096 987 4150 quem
1016 4090 1220 4139 statum
1245 4082 1338 4139 hic
1361 4084 1563 4139 habent
1586 4082 1783 4138 anima:
1811 4097 1941 4137 cum

418 4258 494 4335 (6)
526 4258 804 4335 [dor-ta.
828 4260 1070 4332 Uterque
1097 4264 1271 4319 codex
1308 4265 1482 4335 prima
1511 4280 1678 4319 manu
1710 4265 1790 4320 sic
1828 4265 1929 4318 ba-

352 4329 808 4405 buit._Set_lgquod
837 4329 1003 4402 supra
1033 4334 1232 4389 lineam
1262 4329 1327 4389 in'
1364 4335 1558 4405 Regio,
1610 4336 1678 4389 ad
1721 4337 1925 4405 margi-

353 4417 474 4476 nem
508 4401 1016 4476 in‘Claromontano
1037 4408 1342 4476 appositum
1364 4401 1483 4469 fuit,
1512 4422 1706 4476 nempe
1730 4401 1926 4469 πάντα,

352 4470 405 4523 id
439 4472 611 4547 magis
641 4470 1438 4547 arrisitRoberto'Stephano;
1474 4476 1621 4547 quod
1641 4470 1831 4530 'tamen
1861 4478 1933 4531 ab

351 4555 417 4595 eo
446 4542 565 4596 sine
590 4543 800 4598 ratione
824 4545 1027 4598 factum
1056 4542 1291 4601 videtur.

423 4611 733 4691 Καθῶς
759 4630 949 4682 φησιν
974 4618 1006 4668 ό
1026 4615 1313 4691 μακάριος
1335 4615 1762 4691 ’Κλήμης-.-ΝΜ
1782 4632 1921 4691 Διιι-υτ

352 4680 548 4736 habilis
580 4680 896 4751 conjectura
924 4694 1011 4739 est
1027 4680 1348 4757 doctissimi
1378 4680 1657 4750 Cofclerii,
1702 4680 1923 4757 qui'legi

350 4765 515 4828 posse
548 4757 882 4828 suspicatur,
912 4757 1004 4828 ml.
1034 4756 1108 4819 ὣς
1138 4774 1301 4828 φησιν
1334 4772 1431 4825 pro
1489 4757 1670 4821 καθώς
1724 4756 1921 4827 φησιν,

352 4820 793 4897 qu_as_i__Clemens
834 4826 1013 4897 futuri
1039 4842 1132 4895 per
1151 4820 1349 4897 ignem"
1373 4827 1589 4897 judicii,
1632 4820 1750 4882 non'
1790 4820 1925 4883 'vero

354 4891 845 4979 Sibyllipinoralc‘uli
894 4891 1053 4979 testis
1081 4891 1298 4979 citetur.
1346 4891 1586 4979 Nimium
1618 4899 1927 4979 ‘perspicue

352 4961 468 5039 [nec
500 4963 566 5015 ad
594 4961 854 5039 Sibyllam
879 4965 1211 5039 referuntur,
1234 4982 1397 5039 quam
1418 4977 1479 5022 ut
1507 4961 1656 5039 eludi
1691 4961 1925 5039 possint.

350 5030 553 5104 Neutra
581 5030 757 5088 tamen
783 5035 839 5087 in
862 5035 1091 5104 epistola
1130 5030 1205 5092 S.’
1252 5030 1551 5093 Clementis
1595 5030 1798 5092 citatur
1841 5038 1930 5093 Si-

351 5102 638 5179 bylla,s_ed
659 5120 803 5179 cum_
833 5102 1121 5179 neutragad
1178 5122 1277 5161 nos
1332 5107 1546 5179 integra
1593 5115 1923 5179 pervenerit,

350 5172 480 5253 quid
504 5174 726 5253 iniriam,
747 5174 805 5253 .si
834 5190 897 5228 ea
925 5172 1511 5253 desideremus__hodie,
1541 5172 1674 5253 quae
1710 5181 1925 5253 antiqui

350 5244 626 5319 citarunt?
655 5244 974 5319 sed_ta_tnen
996 5262 1122 5319 cum
1148 5246 1399 5319 Sibyllini
1427 5244 1618 5305 versus
1644 5250 1711 5304 de
1733 5244 1921 5306 futu'ro

352 5327 449 5382 per
478 5313 655 5382 ignem
692 5314 901 5383 judicio
942 5313 1262 5372 referantur
1300 5320 1354 5373 in
1408 5319 1504 5373 lib.
1541 5335 1576 5375 v
1628 5319 1919 5377 Constitut.

350 5384 601 5454 apostol.,
627 5386 771 5453 quod
803 5401 941 5454 opus
973 5388 1077 5441 sub
1106 5389 1327 5444 nomine
1358 5388 1417 5444 S.
1454 5390 1753 5447 Clementis
1782 5392 1924 5448 fere-

352 5451 787 5531 batur;_conj_ici
834 5451 1315 5531 possetnoslrum
1360 5461 1531 5531 hunc
1572 5462 1924 5531 scriptorem,

352 5524 615 5602 mem-cria
657 5524 1308 5602 eludente,_existimasse
1357 5530 1461 5602 hoc
1510 5524 1731 5601 Sibyllfe
1771 5524 1927 5589 testi;

353 5597 881 5674 moniumuquodin
915 5597 1201 5652 Constitut.
1236 5610 1407 5674 (ipost.
1448 5597 1675 5674 legerat,
1723 5604 1778 5657 in
1811 5606 1926 5674 epi-

354 5661 493 5739 stola
524 5663 590 5741 ad
615 5661 915 5741 corinthios
946 5680 1197 5741 exstare.
1332 5661 1531 5741 minus“
1554 5661 1765 5741 placeat
1810 5661 1926 5729 haec

353 5738 663 5794 conjectura
683 5778 698 5801 ,
720 5738 849 5789 illud
879 5739 1070 5792 saltem
1095 5754 1219 5792 cum
1249 5738 1585 5795 doctissimis
1616 5743 1747 5798 viris
1776 5761 1928 5799 asse-

354 5809 545 5852 verare
577 5816 685 5856 non
726 5806 1009 5875 dubitabo,
1041 5818 1291 5864 nostrum
1333 5812 1659 5883 scriptorem
1698 5815 1925 5871 minime

2120 3623 2747 3677 ἘΡΩΤΗΣΙΣΟΕ’.Εἰὲ
2824 3662 2837 3675 .
2917 3662 2930 3674 .
3012 3662 3026 3675 .
3112 3662 3126 3675 .
3206 3626 3467 3694 σωμάτων
3501 3624 3595 3693 (1οὶ

2037 3718 2309 3791 ὲγέρσεως
2353 3719 2387 3787 ή
2437 3716 2582 3787 ψυχὴ
2658 3758 2673 3771 .
2754 3757 2767 3769 .
2847 3756 2860 3769 .
2943 3756 2957 3767 .
3040 3758 3055 3771 .
3138 3756 3153 3769 .
3228 3716 3327 3778 τάς
3385 3716 3594 3787 ἀμοιϐάς

2035 3811 2097 3864 οὐ
2130 3811 2435 3880 κομίζεται,
2514 3848 2527 3861 .
2607 3848 2621 3861 .
2700 3850 2713 3862 .
2796 3849 2808 3860 .
2880 3812 2910 3860 9
2985 3848 3000 3861 .
3075 3808 3417 3879 τῇὲξετάσει
3453 3809 3593 3879 μέχρι

2034 3901 2136 3971 τῆς
2164 3902 2508 3964 ἀναστάσεως
2526 3916 2542 3967 ;

2120 4079 2523 4133 ’AHOKPIEIX.
2563 4079 2675 4149 Οὐχ
2720 4080 2788 4151 ἢν
2814 4078 3030 4150 ἔχουσιν
3070 4083 3128 4134 αἱ
3171 4083 3343 4153 ψυχαὶ
3383 4081 3589 4135 ἐνταῦθα

2034 4276 2161 4317 cum
2194 4262 2278 4317 eis
2301 4260 2504 4324 facere,
2536 4261 2629 4329 qui
2658 4260 2779 4330 ejus
2806 4260 3125 4316 testimonio
3148 4270 3402 4323 utuntur.
3422 4271 3476 4315 ut
3501 4266 3589 4331 epi-

2034 4333 2230 4387 stolam
2273 4330 2330 4385 S.
2363 4332 2659 4386 Clementis
2700 4332 2996 4386 secundam
3048 4333 3277 4387 minime
3320 4330 3584 4401 genuinam

2034 4418 2156 4456 esse
2194 4402 2447 4469 probent,
2475 4401 2571 4455 sed
2622 4401 2861 4456 hominis
2908 4402 3104 4466 fetum,
3158 4403 3251 4457 cui
3296 4405 3410 4457 noti
3454 4414 3583 4457 erant

2037 4471 2290 4542 Sibyllini
2318 4472 2385 4525 de
2415 4479 2660 4525 extremo
2688 4469 2897 4540 judicio
2940 4488 3158 4539 versus,
3202 4474 3376 4526 multo
3421 4488 3581 4526 recen-

1962 4528 2004 4582 D
2036 4528 2206 4596 tiores
2236 4542 2293 4596 S.
2346 4542 2645 4596 Clemente.
2688 4528 2765 4597 Ut
2799 4543 3045 4596 omittam
3091 4528 3579 4612 pseudo-Iustinum

2027 4613 2086 4666 in
2126 4613 2381 4680 ambiguo
2413 4612 2703 4681 reliquisse
2730 4620 2912 4665 utram
2959 4612 3017 4666 S.
3061 4615 3366 4682 Clementis
3406 4615 3581 4682 epistuo

2027 4683 2133 4735 lam
2157 4683 2435 4735 citaverit:
2464 4686 2588 4750 quis
2617 4683 2829 4750 ignorat
2879 4683 3051 4735 multa
3095 4681 3319 4753 Sibyllis
3367 4685 3577 4737 oracula.

2068 4753 2365 4821 rppheticis
2397 4753 2689 4807 sententiis
2737 4762 3133 4818 consentanea,
3185 4754 3407 4807 attribui
3446 4754 3575 4807 solita

2054 4815 2224 4886 uis-se,
2257 4830 2548 4890 antequam
2598 4821 2879 4893 prodirent
2910 4815 3163 4877 carmina
3197 4824 3289 4877 illa
3324 4824 3573 4893 Sibyllina,

2029 4908 2266 4962 quorum
2315 4894 2510 4946 artifex
2554 4909 2664 4946 non
2714 4891 2927 4947 videtur
2982 4893 3201 4948 facinus
3250 4891 3573 4962 suscepturus

2031 4963 2225 5027 fuisse,
2254 4971 2350 5015 aut
2377 4963 2570 5017 saltem
2603 4972 2819 5031 optatos
2845 4961 3056 5019 fraudis
3090 4966 3275 5018 exitus
3296 4961 3571 5018 habiturus.

2033 5032 2137 5105 nisi
2164 5032 2276 5101 jam
2308 5039 2434 5105 tum,
2454 5034 2653 5105 animis
2687 5032 2981 5105 insedisset
3012 5034 3312 5105 anticipata
3342 5035 3407 5089 de
3434 5033 3572 5101 Sibyl~

2033 5102 2162 5157 linis
2196 5102 2644 5173 przedictionibns
2675 5104 2883 5172 opinio.

2102 5175 2179 5246 (8)
2221 5174 2273 5225 Ὁ
2320 5173 2734 5246 Ἑλληνισμός.
2761 5174 3453 5246 γςιαζσιηᾲριμρετερίευθιη
3494 5177 3568 5229 ha-

2026 5244 2281 5298 bebimus
2306 5244 2652 5317 sententiam,
2685 5243 2890 5317 sigillud
2924 5245 2952 5297 6
2998 5243 3350 5317 Ἑλληνισμός
3388 5248 3566 5317 rejicia:

2026 5329 2164 5435 renus
2176 5322 2300 5382 post
2330 5312 2557 5367 verbum
2581 5314 2875 5385 προσδοκᾷ,
2903 5330 2967 5369 ac
2996 5312 3266 5385 legamus
3286 5320 3313 5370 6
3340 5312 3459 5381 λαὸς

2077 5400 2189 5435 sou.

2077 5400 2189 5437 εου.

2101 5453 2181 5547 (9)
2214 5448 2315 5547 0'19
2341 5451 2441 5505 καὶ
2489 5451 2713 5521 πρώην.
2764 5453 2919 5527 Legit
2974 5456 3299 5528 Sylburgius
3364 5453 3438 5521 οἷς
3491 5453 3561 5506 καὶ

2027 5550 2222 5726 πρᾷῧῖ
2245 5530 2558 5671 inmittor.
2588 5602 2681 5657 Sic
2722 5614 2894 5659 totum
2938 5606 3089 5661 hunc
3146 5610 3321 5663 locum
3361 5604 3560 5662 restituit

2031 5672 2103 5726 Sv
2130 5674 2355 5726 burcius
2391 5692 2402 5724 :
2435 5673 2495 5724 Εἰ
2528 5675 2633 5726 ἓως
2661 5675 2761 5726 τῆς
2789 5676 2896 5726 τῶν
2944 5679 3214 5726 σωμάτων
3252 5678 3495 5726 ὲγέοσεως
3532 5675 3557 5726 ἡ

2031 5672 2355 5755 ξγιιξυιοείυε
2385 5692 2402 5755 ξ
2435 5673 2495 5724 Εἰ
2528 5675 2640 5755 ἓως.
2655 5675 2761 5755 τῇς
2789 5676 2896 5755 τῶν
2944 5679 3236 5755 σωμάτωνΔ
3252 5678 3495 5755 εγέρσεως
3526 5675 3558 5755 ,ἡ

2028 5744 2175 5813 ψυχὴ
2207 5744 2301 5800 τοῦ
2335 5744 2585 5812 σώματος
2616 5744 2911 5812 ἁλλαγεῖσα
2940 5744 3041 5810 τὰς
3072 5748 3301 5819 ἀμοιϐὰς
3330 5744 3387 5800 0'5
3428 5745 3557 5815 κομί.

2036 5822 2207 5889 ζεται,
2249 5821 2353 5897 ἄρα
2384 5823 2440 5875 ὲν
2468 5822 2546 5893 τῷ
2578 5822 2780 5893 μεταξὺ
2810 5826 3097 5881 ὑπόκειται
3129 5832 3217 5901 τῇ,
3249 5836 3350 5884 etc.
