3630 6506
317 369 457 428 1519

1049 366 1416 425 APPENDIX.
1457 397 1527 410 -—-
1557 365 1740 420 PARS
1777 365 1820 422 ι.
1859 365 1917 420 S.
1957 363 2221 452 JIJSTINI
2261 365 2491 421 OPEBA
2530 362 2803 422 SPURIA.

3451 365 3552 416 Ili.-

314 487 566 560 corporis
593 489 789 543 anima:
813 503 904 543 res
933 487 1037 544 sub
1060 501 1285 542 sensum
1324 484 1581 540 cadentes
1612 481 1894 546 sentiunt,

2093 499 2107 533 θ
2134 478 2404 550 αἰσθητῶν
2432 479 2768 550 λαμϐάνουσι
2795 476 2893 550 τὴν
2925 479 3201 552 αἴσθησιν,
3234 479 3378 532 ἀλλά
3400 480 3522 552 ιῦτῇ
3537 487 3564 551 ἡ

314 582 412 638 sed
442 582 561 652 ipsa
591 580 774 635 anima
805 595 1030 636 sensum
1067 586 1291 650 prmstat
1319 593 1416 632 sua
1457 575 1748 647 praesentia
1768 613 1784 641 ,
1814 582 1897 627 at-

313 691 421 745 que
446 673 610 728 efflcit
641 681 701 728 ut
731 672 931 727 animal
956 671 1229 727 sentiendi
1261 670 1365 725 vim
1393 671 1619 735 habeat;
1646 676 1701 722 et
1724 683 1898 738 quan-

313 775 432 821 tum
461 766 682 836 quidem
717 765 783 819 ad
810 765 1010 818 animal
1031 765 1243 827 attinet,
1268 760 1539 819 sentiendi
1567 761 1678 814 vim
1703 760 1896 826 habet,

313 867 580 930 quantum
604 859 667 913 ad
700 859 960 920 animam,
993 853 1362 926 cognoscendi
1391 853 1647 907 facultate
1669 851 1896 923 praedita

313 959 433 1014 est;
469 964 571 1003 nec
605 962 847 1017 unquam
889 947 1128 1002 moritur
1153 946 1358 999 anima.
1393 942 1539 998 Mors
1588 943 1733 998 enim
1777 942 1898 995 ani-

313 1041 478 1095 malis
507 1049 618 1104 cst,
654 1056 763 1093 non
802 1039 1018 1093 animae.
1067 1037 1403 1107 Adjumento
1448 1037 1617 1108 igitur
1647 1037 1898 1107 corporis

313 1133 522 1204 indiget
542 1133 710 1195 adea,
747 1147 870 1202 qua:
907 1133 1009 1186 sub
1039 1146 1263 1186 sensum
1291 1129 1515 1193 cadunt,
1548 1130 1897 1200 percipienda

314 1227 515 1280 animal
539 1233 594 1281 et
632 1226 885 1280 animalis
911 1225 1177 1288 conditio,
1206 1239 1317 1279 non
1342 1239 1474 1279 vero
1505 1224 1709 1280 anima.
1735 1223 1898 1278 Aliud

313 1319 460 1372 enim
485 1326 569 1374 est
598 1319 821 1382 animal,
857 1318 1004 1373 aliud
1037 1319 1249 1384 anima;
1276 1323 1330 1372 et
1353 1317 1500 1371 aliud
1525 1315 1671 1387 quod
1703 1331 1901 1371 secun-

311 1411 442 1468 dum
466 1411 978 1483 participationem,
1014 1412 1163 1470 aliud
1194 1411 1340 1482 quod
1372 1411 1673 1465 secundum
1708 1424 1902 1465 essen-

312 1503 474 1556 tiam.

386 1593 669 1660 QUASST.
704 1591 990 1648 LXXVIII.
1037 1591 1095 1647 Si
1134 1593 1439 1649 secundum
1476 1609 1574 1648 cor
1604 1609 1765 1649 suum
1797 1591 1900 1646 Da-

315 1687 495 1741 videm
532 1701 656 1742 esse
703 1685 845 1740 Deus
877 1684 1292 1755 pronuntiavit:
1333 1699 1433 1738 cur
1456 1693 1644 1755 postea
1678 1685 1899 1739 adulte-

315 1780 462 1833 rium
499 1787 554 1834 et
585 1780 788 1833 caadem
827 1779 969 1834 idem
1002 1779 1267 1848 propheta
1306 1779 1580 1847 patravit?
1614 1777 1677 1830 Et
1704 1779 1750 1832 si
1785 1777 1901 1832 haec

1997 571 2166 644 ψυχὴ,
2201 572 2454 642 αἴσθησιν
2491 572 2807 644 παρέχουσα
2850 575 2916 642 τῇ
2973 572 3144 642 αὐτῆς
3180 571 3473 643 παροινία,
3503 579 3564 624 zi-

2001 666 2254 739 σθητικὸν
2292 666 2354 719 τὸ
2385 665 2521 731 ζῶον
2571 668 2744 719 ποιεῖ·
2783 665 2878 720 καὶ
2923 667 2998 732 ῶς
3053 666 3152 736 μὲν
3183 667 3327 739 πρὸς
3373 664 3434 718 τι
3463 666 3566 730 ζῑὴε

1999 760 2147 812 ἐστιν
2184 757 2521 828 αἰσθητικὸν,
2557 757 2632 823 ῶς
2665 758 2721 811 δὲ
2767 759 2902 829 πρὸς
2938 759 3138 830 ἑαυτήν
3178 759 3337 812 ἐστιν
3366 759 3570 829 «£397.:-

2000 850 2230 923 κή(14)·
2263 852 2358 906 καὶ
2391 851 2646 905 οὐδέποτε
2679 852 2890 920 γίνεται
2911 852 3081 925 νεκρὰ
3106 855 3140 925 ἡ
3173 853 3350 924 ψυχή.
3387 854 3572 924 Νέκξὶ;’

2001 961 2086 1008 σις
2127 944 2222 998 τοῦ
2257 944 2500 1016 ἐμψύχου
2548 944 2656 1017 γὰρ
2700 945 2956 1017 ὑπάρχει,
3009 947 3104 1000 καὶ
3151 947 3213 999 οὐ
3249 947 3360 1016 τῆς
3401 947 3570 1016 ψυχῆς.

2001 1036 2302 1108 Συνεργίας
2344 1033 2438 1091 οὖν
2484 1037 2663 1091 δέεται
2698 1036 2794 1090 τοῦ
2840 1037 3091 1108 σώματος
3121 1040 3264 1110 πρὸς
3297 1039 3401 1108 τὴν
3432 1042 3572 1091 κατέ.

1999 1126 2159 1198 ληψιν
2185 1129 2293 1182 τῶν
2322 1129 2595 1201 αἰσθητῶν
2622 1130 2682 1183 τὸ
2713 1128 2957 1202 ἔμψυχον
2988 1132 3083 1183 καὶ
3113 1134 3147 1202 ή
3183 1132 3453 1201 ὲμψυχίει,
3483 1133 3578 1198 cli:

2002 1220 2035 1290 ἡ
2066 1219 2211 1292 ψυχή
2232 1219 2388 1293 (M‘),
2411 1222 2506 1275 καί
2533 1221 2660 1277 ἄλλο
2675 1222 2736 1275 τὸ
2763 1221 2905 1276 κατά
2930 1223 3245 1294 μετουσίαν,
3267 1225 3370 1275 καί
3391 1223 3510 1276 i319
3535 1224 3580 1276 τὸ

2003 1314 2122 1365 κατ’
2139 1312 2348 1367 οὐσίαν.

2079 1595 2433 1651 ἘΡΩΤΙῙΣΙΣ
2459 1598 2585 1650 OH'.
2623 1597 2686 1651 Εἰ
2719 1597 2862 1651 κατά
2890 1599 2990 1671 τὴν
3020 1599 3221 1652 ἑαυτοῦ
3258 1599 3492 1671 καρδίαν
3524 1597 3578 1652 εἷ·

2002 1709 2089 1746 ναι
2117 1691 2208 1744 τὸν
2251 1691 2416 1744 Δαϐὶδ
2458 1693 2487 1743 ὁ
2527 1691 2659 1756 Θεὸς
2705 1692 3041 1764 ἀπεφήνατο,
3091 1692 3213 1755 πῶς
3248 1693 3397 1763 μετά
3435 1694 3578 1745 ταῦτε

2006 1784 2253 1857 μοιχείαν
2281 1785 2374 1838 καὶ
2401 1784 2559 1853 φόνον
2590 1787 2618 1838 ὁ
2636 1785 2798 1848 αὐτὸς
2826 1787 3112 1858 προφήτης
3142 1786 3478 1856 είργάαατος
3497 1789 3580 1838 Κ;’;

315 1885 346 1923 a
376 1869 486 1925 Deo
509 1878 569 1924 ut
599 1871 740 1923 mala
762 1870 886 1925 odio
909 1846 1182 1924 habentur
1205 1913 1219 1936 ,
1242 1869 1401 1942 5,71
1429 1885 1528 1923 cur
1557 1886 1623 1924 ex
1655 1870 1899 1924 adultera

2093 1876 2266 1931 ταῦτα
2296 1877 2400 1930 ὑπὸ
2431 1877 2566 1931 Θεοῦ
2600 1878 2676 1942 ὡς
2724 1877 2904 1948 φαῦλα
2941 1879 3278 1950 μεμίσηνται
3302 1919 3317 1942 ,
3349 1880 3439 1931 διὰ
3466 1881 3510 1930 τί
3534 1883 3579 1931 ἐκ

316 1979 486 2033 genus
500 1963 775 2032 propheta:
791 1961 932 2017 Deus
948 1962 1048 2016 ded
1058 1963 1366 2032 uxit,atque
1382 1973 1439 2016 ut
1456 1961 1720 2017 Dominus
1742 1961 1903 2016 Chri-

315 2062 436 2109 stus
454 2071 520 2109 cx
541 2054 731 2109 eadem
751 2069 848 2124 per
865 2053 1234 2124 genealogiam
1251 2061 1656 2116 recenseretur,
1688 2051 1905 2108 eﬂ‘ecit?

315 2149 444 2206 Haec
483 2159 666 2206 autem
717 2167 842 2207 cum
884 2153 971 2230 ita,
1001 2167 1061 2206 se
1089 2152 1370 2213 habeant,
1401 2150 1681 2222 quomodo
1710 2166 1900 2204 verum

315 2244 452 2299 dicit
482 2245 770 2316 Scriptura
797 2261 919 2316 quae
949 2245 1084 2300 dicit
1109 2265 1122 2300 :
1157 2244 1294 2298 Filii
1319 2244 1687 2299 adulterorum
1710 2244 1903 2313 imper-

315 2337 441 2407 fecti
465 2337 550 2394 δτι

386 2429 588 2485 RESP.
629 2429 698 2484 At
728 2429 872 2486 enim
900 2430 992 2500 qui
1020 2445 1120 2500 per
1140 2429 1521 2500 paenitentiam
1555 2428 1779 2500 propria
1811 2427 1905 2483 tle-

315 2523 446 2578 licta
480 2521 796 2576 emendavit
840 2520 1008 2574 David
1035 2563 1050 2587 ,
1097 2521 1262 2575 etiam
1297 2521 1368 2575 ob
1401 2536 1521 2575 eam
1566 2535 1680 2574 rem
1713 2534 1907 2575 secun-

317 2613 449 2668 dum
489 2629 586 2668 cor
617 2613 712 2668 Dei
764 2613 1018 2668 inventus
1058 2621 1143 2667 est
1167 2653 1182 2675 ,
1228 2612 1324 2683 qui
1376 2627 1484 2666 non
1518 2612 1635 2668 vult
1673 2620 1904 2667 mortem

317 2706 627 2778 peccatoris
656 2745 670 2770 ,
723 2705 818 2762 sed
869 2714 928 2758 ut
972 2712 1332 2760 convertatur
1367 2710 1423 2758 et
1474 2704 1621 2757 vivat
1652 2701 1719 2759 ⁸³.
1749 2702 1829 2756 Ac
1854 2702 1904 2757 ei

314 2799 560 2871 quidem,
600 2815 760 2869 quem
791 2815 888 2870 per
918 2798 1245 2853 adulterium
1269 2813 1335 2851 ex
1354 2795 1497 2851 Uria:
1517 2811 1686 2850 uxore
1711 2810 1904 2850 susce—

317 2901 509 2963 perat,
544 2902 776 2947 mortem
809 2891 1008 2946 inflixit
1039 2890 1183 2946 Deus
1204 2931 1218 2955 ,
1251 2891 1379 2962 quia
1411 2889 1903 2960 ﬁliiadulterorum

317 2983 630 3052 imperfecti.
660 2982 765 3048 Qui
811 2991 993 3036 autem
1040 2989 1164 3051 post
1201 2981 1354 3035 illum
1393 2981 1563 3052 geniti
1603 2979 1790 3042 fuere,
1836 2980 1906 3036 iis

319 3083 553 3131 mortem
583 3090 693 3130 non
719 3075 916 3130 inflixit
949 3074 1116 3138 Deus,
1140 3075 1268 3144 quia
1297 3074 1447 3128 illam
1479 3073 1679 3139 David,
1714 3074 1904 3130 occiso

319 3166 453 3222 Uria
474 3207 489 3232 ,
535 3183 764 3223 uxorem
804 3168 1218 3238 perhumaniter
1247 3175 1650 3238 assumpserat.
1684 3168 1904 3222 llabens

321 3267 505 3314 autem
534 3259 802 3314 honorem
834 3260 1174 3330 pmnitentia:
1204 3260 1367 3324 Deus,
1407 3261 1463 3315 in
1505 3260 1632 3316 filiis
1666 3275 1735 3315 ex
1761 3259 1909 3314 Uriae

321 3367 494 3408 uxore
521 3351 722 3424 genitis
751 3367 922 3424 genus
955 3351 1174 3409 Davidis
1207 3353 1512 3417 constituit,
1544 3360 1599 3408 et
1626 3351 1907 3407 Christum

319 3460 386 3500 ex
434 3444 529 3498 illa
577 3444 649 3499 ob
692 3443 946 3500 eamdem
995 3460 1221 3500 causam
1271 3445 1540 3518 originem
1585 3443 1786 3500 ducere
1813 3459 1910 3501 vo-

321 3537 443 3593 luit.

393 3629 674 3700 QUAEST.
706 3629 945 3687 LXXIX.
992 3631 1051 3687 Si
1082 3631 1330 3686 omnium
1373 3647 1566 3702 regum
1609 3630 1830 3686 Israelis
1856 3638 1911 3685 et

319 3722 475 3782 Judze
503 3725 906 3782 calidissimum
935 3725 1157 3797 pietatis
1183 3725 1426 3781 studium
1453 3723 1634 3780 Josias
1663 3723 1912 3779 declara-

322 3819 424 3882 vit,
465 3817 561 3888 qui
591 3816 882 3871 columnas
913 3817 1341 3871 simulacrorum
1379 3815 1674 3878 contrivit,
1704 3824 1910 3870 etcum

323 3910 438 3965 aris
473 3909 899 3964 simulacrorum
935 3923 1065 3963 ossa
1094 3906 1396 3963 infidelium
1419 3907 1477 3960 in
1506 3907 1722 3961 cineres
1751 3904 1911 3961 rede~

322 4002 421 4072 git,
447 4001 542 4070 qui
572 4001 726 4054 lucos
755 3999 964 4055 erroris
995 3999 1242 4055 funditus
1265 3998 1487 4063 excidit,
1522 4007 1578 4053 et
1611 4012 1707 4053 eos
1731 3997 1824 4068 qui
1853 3997 1911 4052 in

323 4092 562 4149 excelsis
607 4092 903 4147 adolebant
936 4102 989 4147 et
1019 4091 1444 4155 sacrificabant,
1500 4089 1571 4144 ab
1609 4090 1715 4144 hoc
1759 4089 1912 4143 cultu

325 4183 580 4248 abduxit,
611 4191 666 4238 et
702 4182 890 4237 divino
929 4181 1100 4236 cultui
1127 4181 1296 4237 decus
1336 4188 1390 4236 et
1426 4181 1691 4236 honorem
1726 4179 1914 4234 conci-

326 4275 505 4342 liavit,
538 4273 879 4347 perfecitque
904 4285 963 4329 ut
985 4274 1278 4347 splendide
1308 4273 1444 4344 legis
1472 4273 1592 4328 dies
1625 4271 1818 4337 festos,
1851 4278 1913 4326 ut

325 4375 563 4424 testatur
593 4365 880 4436 Scriptura
910 4364 957 4397 ⁸⁸
977 4406 992 4429 ,
1024 4365 1257 4435 populus
1289 4363 1591 4419 celebraret
1617 4379 1632 4429 ;
1671 4373 1796 4414 cum
1824 4366 1911 4412 ta-

327 4475 454 4514 men
500 4457 801 4514 infidelium
858 4457 1039 4528 gladio
1083 4458 1254 4511 vitam
1314 4455 1582 4511 violenter
1629 4453 1910 4519 amiserit,

2001 1970 2103 2040 τῆς
2133 1969 2439 2041 μοιχαλίδος
2486 1970 2546 2022 τὸ
2578 1969 2736 2038 γένος
2767 1973 2795 2024 ὁ
2824 1970 2958 2035 Θεὸς
2994 1971 3086 2024 τοῦ
3122 1973 3420 2043 προφήτου
3463 1976 3578 2024 επιπσέ-

2004 2079 2193 2134 στησε,
2221 2062 2316 2116 καὶ
2346 2063 2440 2116 τὸν
2471 2063 2752 2134 Δεσπότην
2786 2065 3022 2135 Χριστὸν
3055 2064 3114 2130 ἐξ
3149 2065 3332 2134 αὐτῆς
3366 2066 3580 2132 γενεαὶς-
3624 2057 3625 2126 Ϊ

2004 2155 2218 2224 γεῖσθαι
2263 2149 2530 2226 ἐποίησε;
2588 2155 2792 2208 Τούτου
2845 2155 2900 2208 δὲ
2953 2155 3168 2226 ἔχοντος
3229 2156 3434 2219 οὕτως,
3493 2157 3580 2219 2:3;
3624 2205 3625 2208 η

2005 2250 2039 2320 ή
2069 2247 2262 2319 Γραφὴ
2291 2247 2549 2318 ἀληθεύει
2593 2246 2852 2316 λέγουσα,
2884 2249 2967 2302 ὅτι
3011 2248 3200 2303 Τέκνα
3225 2249 3462 2319 μοιχῶν
3488 2250 3584 2301 ἀτέ-

2004 2343 2195 2394 λεστα
2215 2357 2232 2402 ,-

2091 2432 2498 2485 ‘AIIOKPIEIE.
2536 2431 2647 2486 Καὶ
2673 2431 2782 2504 γὰρ
2807 2433 2835 2484 ὁ
2863 2432 2950 2486 διὰ
2994 2432 3289 2503 μετανοίας
3327 2433 3398 2486 τὰ
3441 2433 3587 2484 οἰκεῖς

2009 2523 2303 2596 σφάλματα
2347 2523 2784 2594 διορθωσάμενος
2817 2523 2984 2578 Δαϐὶδ
3015 2525 3110 2576 καὶ
3146 2522 3289 2594 μετὰ
3328 2521 3488 2574 τοῦτα
3519 2524 3586 2574 ει.

2011 2617 2142 2689 ρὲθη
2171 2617 2248 2680 ὡς
2274 2615 2417 2670 κατά
2447 2617 2678 2688 καρδίαν
2705 2615 2872 2682 Θεοῦ,
2907 2615 3001 2670 τοῦ
3040 2616 3116 2688 μὴ
3151 2615 3490 2686 βουλομένου
3524 2615 3587 2667 οὓς

2009 2709 2238 2764 θάνατον
2272 2710 2379 2764 τῶν
2416 2709 2779 2783 ἁμαρτωλῶν,
2809 2710 2888 2774 ὡς
2921 2712 2984 2762 τὸ
3018 2709 3356 2779 ἐπιστρέψαι
3391 2709 3484 2761 καὶ
3626 2697 3627 2750 l

2011 2803 2198 2859 αὐτόν.
2257 2804 2368 2856 Καὶ
2407 2803 2467 2856 ὃν
2515 2803 2612 2874 μὲν
2655 2801 2917 2874 μοιχικῶς
2947 2802 3244 2872 ἐγέννησεν
3289 2802 3360 2852 ἐκ
3397 2801 3492 2869 τῆς
3521 2800 3592 2850 τοὶ

2009 2897 2231 2970 Οὐρίου,
2248 2897 2436 2950 τοῦτον
2459 2895 2796 2950 ἐθανάτωσεν
2829 2895 2858 2946 ὁ
2885 2895 3038 2957 Θεὸς,
3059 2894 3148 2947 διά
3167 2894 3230 2946 τὸ
3261 2890 3406 2946 εἶναι
3434 2892 3593 2944 τέιιέ
3626 2913 3627 2924 π

2003 2984 2234 3058 μοιχῶν
2260 2985 2557 3040 ἀτέλεστα
2575 3002 2588 3016 ·
2615 2985 2740 3049 τούς
2769 2985 2827 3038 δέ
2864 2983 3000 3055 μετά
3020 2983 3214 3037 τοῦτον
3248 2983 3594 3055 γεννηθέντας

2009 3078 2113 3132 οὐκ
2160 3077 2493 3144 ἐθανάτωσε,
2527 3077 2614 3131 διὰ
2661 3077 2722 3130 τὸ
2769 3073 2955 3130 λαϐεῖν
3004 3075 3166 3129 αὐτὸν
3215 3075 3429 3146 ταύτην
3478 3077 3595 3144 μετὰ

1935 3203 1976 3261 C
2011 3170 2109 3243 τὴν
2161 3170 2442 3242 ἀναίρεσιν
2503 3169 2598 3222 τοῦ
2663 3169 2862 3241 Οὐρίου
2918 3170 2998 3232 εἰς
3045 3170 3284 3236 γυναῖκα
3334 3167 3590 3227 ἐπιεικῶς.

2014 3263 2201 3335 Τιμῶν
2242 3264 2300 3317 δέ
2345 3263 2444 3334 τὴν
2480 3263 2767 3334 μετάνοιαν
2796 3263 2824 3314 ὁ
2856 3261 3009 3326 Θεὸς,
3045 3262 3103 3314 ἐν
3137 3263 3253 3324 τοῖς
3282 3260 3351 3313 ἐκ
3380 3261 3479 3330 τῆς
3522 3260 3591 3310 τοῖ
3628 3271 3630 3274 ·

2012 3356 2208 3428 υύρίου
2239 3354 2547 3426 γεννηθεῖσι
2583 3356 2946 3425 συνεστήσατο
2968 3351 3061 3407 τοῦ
3091 3352 3263 3406 Δαϐὶδ
3291 3353 3355 3405 τὸ
3402 3353 3555 3420 γένος
3577 3353 3592 3400 -Ξ

2017 3447 2153 3514 Θεὸς
2198 3449 2311 3522 (IS)
2347 3450 2442 3504 aceti.
2469 3449 2560 3502 τὸν
2593 3447 2829 3520 Χριστὸν
2858 3446 2945 3500 διὰ
2975 3447 3075 3521 τὴν
3120 3447 3298 3518 αὐτὴν
3344 3447 3524 3499 αίτίαν

2011 3540 2184 3612 αὐτῆς
2213 3543 2555 3612 κατάγεσθαι
2583 3544 2858 3615 ἐποίησεν.

2096 3635 2602 3702 ἘΡΩΤΗΣΙΣΔΟΘἎ
2623 3637 2686 3689 El
2715 3636 2933 3689 πάντων
2961 3634 3070 3688 τῶν
3097 3633 3377 3705 βασιλέων
3408 3633 3594 3703 Ἰσραὴλ

2012 3726 2107 3779 καὶ
2153 3726 2324 3781 Ἰούδα
2357 3727 2448 3781 τὸν
2479 3727 2607 3799 περὶ
2641 3727 2927 3782 εὐσέϐειαν
2961 3726 3122 3798 ζῆλον
3163 3729 3192 3781 ὁ
3247 3727 3468 3788 Ἰωσίας
3496 3725 3594 3794 959-

2016 3817 2246 3890 μότατον
2277 3817 2610 3886 ἐπεδείξατο,
2634 3818 2732 3881 τὰς
2757 3818 2957 3891 στήλας
2977 3817 3084 3871 τῶν
3120 3815 3366 3870 εἰδώλων
3404 3815 3591 3885 συντρὲ

2012 3909 2142 3980 ψας,
2178 3909 2273 3962 καὶ
2307 3911 2404 3964 σὺν
2436 3913 2548 3975 τοῖς
2579 3910 2875 3974 είδωλικοτς
2906 3909 3324 3982 θυσιαστηρίοις
3359 3909 3470 3962 τῶν
3502 3908 3592 3960 Ἕλ-

2011 3997 2187 4069 λήνων
2219 3997 2288 4052 τά
2325 3999 2489 4054 ὀστέα
2515 3999 2823 4072 τεφρώσας,
2854 4000 2952 4054 καὶ
2984 3999 3052 4053 τὰ
3087 3999 3228 4070 ἄλση
3266 4001 3373 4071 τῆς
3418 4000 3595 4067 πλάνης

2012 4089 2182 4161 ἄρδην
2213 4091 2471 4161 ἐκκόψας,
2504 4091 2598 4144 καὶ
2641 4092 2765 4155 τοὺς
2799 4093 2858 4144 ἐν
2891 4093 3003 4155 τοῖς
3039 4091 3271 4160 ridiclei;
3308 4092 3593 4162 θυμιῶντας

2013 4180 2107 4234 καὶ
2137 4180 2382 4246 θύοντας,
2411 4182 2504 4236 τοῦ
2539 4183 2710 4237 ταῦτα
2744 4183 2982 4237 ἐκτελεῖν
3009 4185 3362 4255 ἀποστήσας,
3400 4186 3499 4238 καί
3525 4185 3593 4254 τῂϊ

2015 4272 2166 4326 θείαν
2215 4273 2506 4345 ἀνυψὼσας
2562 4276 2854 4348 λατρείαν,
2901 4279 2995 4330 καὶ
3041 4276 3323 4349 λαμπρῶς
3382 4278 3484 4342 τὰς
3528 4275 3590 4328 ssi

2015 4365 2180 4436 νόμου
2207 4367 2420 4435 ἑορτάς,
2457 4367 2534 4432 ῶς
2582 4371 2907 4442 μαρτυρεῖή
2943 4369 3160 4440 Γραφὴ,
3189 4370 3287 4422 τὸν
3334 4370 3469 4422 λαὸν
3506 4373 3592 4422 ἐπε-

2013 4458 2228 4511 τελέσαι
2266 4461 2526 4531 ποιήσας·
2565 4460 2656 4513 καὶ
2680 4459 2824 4530 ξίφει
2861 4461 2958 4532 μὲν
2995 4459 3306 4531 Ἑλληνικῷ
3343 4461 3446 4531 τὴν
3480 4459 3591 4528 ζωὴν

327 4552 558 4621 ejusque
589 4550 686 4605 ﬁlii
725 4551 927 4622 captivi
961 4548 1299 4621 Babylonem
1333 4547 1557 4604 abducti
1593 4546 1818 4612 fuerint,
1853 4554 1899 4602 el

2093 4553 2219 4615 εῖνος
2252 4551 2440 4623 βιαίως
2482 4551 2736 4617 ἀπέθετο,
2773 4554 2822 4605 οἱ
2849 4552 2905 4605 δὲ
2935 4551 3123 4605 τούτου
3177 4553 3377 4615 παῖδες
3427 4551 3594 4620 αἰχμά-

331 4643 389 4696 in
415 4643 632 4712 longam
670 4642 987 4696 servitutem
1025 4640 1337 4695 infidelibus
1369 4637 1590 4694 traditi:
1636 4637 1912 4709 quomodo

331 4735 402 4790 ob
423 4735 539 4788 hare
569 4750 677 4790 non
710 4750 837 4790 vere
869 4733 1111 4789 dixerint
1141 4733 1409 4798 inﬁdeles,
1446 4740 1737 4803 propterea
1763 4729 1911 4800 quod

328 4843 518 4882 eorum
581 4842 740 4882 sacra
793 4827 1061 4893 violavit,
1117 4827 1326 4881 idcirco
1374 4835 1483 4880 tam
1521 4825 1782 4879 acerbum
1832 4822 1912 4877 illi

329 4926 584 4974 eventum
618 4918 916 4989 obtigisse?
941 4916 1172 4973 Ubinam
1202 4925 1386 4971 autem
1419 4915 1757 4985 reperiemus
1785 4929 1911 4968 eum

332 5020 414 5067 tot
465 5019 612 5067 recte
672 5011 942 5065 factorum
993 5009 1298 5066 mercedem
1356 5007 1671 5079 accepisse?
1701 5007 1811 5060 Aut
1840 5005 1910 5061 ad

328 5119 492 5177 quam
516 5113 862 5174 posterorum
888 5104 1180 5158 utilitatem
1212 5103 1572 5170 calamitates,
1603 5117 1724 5174 quae
1747 5102 1913 5158 Josia:

328 5204 458 5270 post
503 5203 581 5251 tot
629 5211 694 5252 ac
741 5205 891 5250 tanta
941 5203 1088 5250 recte
1135 5195 1282 5250 facta
1322 5205 1654 5260 evenerunt,
1710 5194 1912 5250 litteris

330 5293 600 5346 mandata:
629 5292 791 5346 sunt?

2013 4645 2173 4698 λωτοι
2204 4646 2283 4709 είς
2317 4645 2611 4701 Βαϐυλῶνα
2650 4645 2994 4717 ἀπήχθησαν,
3039 4646 3135 4699 καὶ
3180 4646 3329 4717 πρὸς
3379 4644 3590 4698 δουλείαν

2014 4736 2338 4807 ἐξεδόθησαν
2401 4737 2750 4810 πολυχρόνιον
2813 4738 3034 4808 Ἕλλησι
3060 4755 3072 4768 ·
3139 4737 3265 4802 πῶς
3340 4740 3437 4790 ἐπὶ
3500 4738 3590 4790 τού-

2013 4844 2127 4891 τοις
2159 4830 2259 4882 οὐκ
2301 4828 2367 4882 ἀν
2410 4829 2614 4882 εἴποιεν
2645 4830 2999 4900 ἀληθεύοντες
3031 4830 3329 4902 Ἕλληνες,
3377 4832 3458 4885 ὅτι
3501 4832 3587 4885 dv’)’

2015 4909 2090 4970 ὧν
2123 4919 2202 4979 είς
2229 4916 2298 4970 τὰ
2325 4916 2642 4988 σεϐάσματα
2671 4919 2850 4972 αὐτῶν
2891 4919 3354 4991 ἐπλημμέλησεν,
3389 4925 3423 4992 ἡ
3449 4925 3587 4984 οὗτος

2020 5009 2169 5081 αὐτῷ
2201 5010 2372 5080 πικρά
2421 5011 2751 5082 συνήντησεν
2779 5010 3036 5076 ἕκϐασις;
3074 5011 3187 5064 Ποῦ
3222 5013 3284 5066 δὲ
3317 5018 3415 5067 καὶ
3459 5016 3586 5083 εὑρή-

2018 5120 2182 5174 σομεν
2211 5103 2373 5156 αὐτὸν
2409 5104 2642 5173 ἀμοιϐὰς
2669 5104 2938 5158 τοσούτων
2974 5103 3434 5174 κατορθωμάτων
3468 5105 3586 5169 δεξά-

2019 5211 2215 5266 μενον;
2247 5195 2357 5248 Καὶ
2387 5194 2524 5266 πρὸς
2554 5197 2707 5248 ποῖον
2737 5195 2846 5248 τῶν
2889 5195 3078 5250 ἔπειτα
3124 5196 3333 5265 δςςελος
3376 5200 3430 5250 αἱ
3479 5191 3584 5266 μετά

2013 5287 2282 5342 τοσούτων
2310 5287 2754 5359 κατορθωμάτων
2789 5288 3018 5359 μέγεθος
3049 5293 3164 5352 τοῖς
3200 5291 3340 5362 περὶ
3376 5292 3464 5344 τὸν
3500 5291 3583 5340 Ἰω-

2019 5381 2138 5434 σίαν
2183 5379 2580 5449 συναντήσασαι
2621 5382 2897 5452 συμφοραὶ
2948 5385 3133 5453 γραφῇ
3185 5385 3584 5455 παρεδόθησαη

402 5517 446 5551 ⁸⁸
481 5517 612 5589 Sap.
643 5535 728 5582 nt,
759 5519 846 5574 16.
923 5519 969 5552 ⁸³
1002 5518 1200 5574 Ezech.
1237 5534 1433 5584 xxxiii,
1469 5519 1556 5574 il.
1635 5518 1681 5550 "
1711 5519 1755 5572 ll
1788 5518 1897 5572 Par

2093 5535 2236 5574 Lntv
2269 5536 2368 5590 per
2395 5527 2591 5576 totum.

401 5651 875 5722 (14)Ἀίσθητική.
910 5651 1058 5708 Idem
1117 5653 1318 5708 vulnus
1355 5668 1383 5705 a
1416 5652 1657 5708 librariis
1702 5650 1909 5706 factum

332 5722 494 5793 modo
524 5723 782 5788 vidimus,
817 5726 962 5793 quod
1007 5723 1226 5793 quidem
1281 5725 1397 5793 pari
1447 5724 1660 5778 ratione
1701 5738 1900 5778 sanan-

331 5791 489 5866 dum,
515 5793 778 5866 nimirum
802 5791 1142 5866 restituendo
1169 5791 1474 5866 ἐννοητική.

406 5862 541 5932 (η’)
574 5863 718 5933 οὐχι
751 5865 790 5933 τὶ
818 5864 1010 5936 ψυχή.
1042 5862 1354 5939 chenduiu
1507 5867 1625 5937 οὐχὶ
1657 5867 1690 5938 ή
1721 5864 1899 5936 eum-

2016 5653 2144 5736 ἀλλο
2177 5655 2276 5738 μεν
2299 5656 2407 5738 γαρ
2439 5657 2501 5710 τὸ
2529 5655 2794 5738 ἔμψυχον,
2824 5656 2953 5738 ἄλλο
2978 5657 3035 5711 δὲ
3063 5659 3112 5738 ,ή-
3132 5657 3322 5738 ψυχὴ,⁵
3358 5661 3444 5712 καὶ
3478 5656 3582 5712 ἄλλο

2009 5725 2070 5778 τὸ
2115 5725 2278 5788 κατὰ,
2329 5725 2476 5795 cte.,
2533 5725 2725 5799 sicque
2781 5727 2980 5799 legisse
3028 5725 3578 5801 videtur'iiilerpm.

2011 5794 2170 5852 Ευιτ.
2215 5796 2461 5852 Pnnoc.
2829 5801 2831 5804 ⁴

2079 5865 2190 5938 (15)
2228 5865 2284 5920 '0
2313 5869 2476 5934 Θεός.
2510 5867 2636 5924 Haec
2671 5885 2897 5940 prorsus
2933 5868 3182 5927 delenda.
