3630 6520
412 373 433 428 Ι
445 373 549 428 525

406 583 503 656 qui
553 583 609 638 in
644 583 926 639 Christum
952 580 1221 644 credunt,
1252 580 1306 635 in
1336 579 1423 634 his
1452 579 1633 633 omnis
1663 578 1988 632 daemonum

407 677 625 733 sublata
662 675 946 742 seductio;
989 674 1082 744 qui
1114 683 1296 729 autem
1331 671 1572 728 nondum
1605 670 1662 725 in
1707 669 1986 728 Christum

407 769 681 834 credunt,
723 769 779 823 in
815 767 904 822 his
940 765 1217 821 daemones
1260 761 1636 820 seductionem
1664 771 1987 834 operantur.

405 861 485 916 Ac
511 859 837 931 praestigize,
871 858 1073 930 quibus
1120 855 1450 926 ventriloqui
1499 843 1760 923 utuntur,
1810 863 1869 910 ut
1908 855 1989 910 Io-

406 961 652 1025 quantur
685 961 740 1010 et
773 959 938 1024 agant
980 949 1338 1006 divinationis
1377 961 1542 1018 Opera
1583 954 1637 1003 et
1683 961 1986 1018 responsa,

406 1063 523 1102 non
556 1053 685 1103 sunt
709 1060 838 1102 vera
868 1058 1123 1116 corpora,
1157 1041 1253 1098 sed
1283 1041 1523 1097 illudunt
1550 1040 1825 1097 daemones
1854 1053 1986 1095 ocu-

406 1136 476 1192 lis
507 1135 895 1208 spectantium,
932 1142 990 1188 ut
1013 1147 1136 1204 qua:
1170 1147 1278 1188 non
1312 1140 1442 1188 sunt
1474 1145 1736 1202 corpora,
1766 1143 1832 1186 ea
1864 1136 1986 1184 tan-

405 1244 567 1302 quam
595 1242 828 1299 corpora
857 1226 1099 1282 videant.

473 1317 753 1389 QUAEST.
789 1317 1053 1375 LXXXII.
1096 1316 1154 1372 Si
1186 1315 1386 1372 nullibi
1418 1316 1644 1371 nomina
1673 1313 1983 1369 dieiuonum

405 1412 690 1485 Scriptura
725 1412 1041 1468 hominibus
1076 1408 1428 1475 monstravit,
1461 1407 1741 1480 quomodo
1772 1405 1944 1461 Judaei
1967 1445 1982 1469 ,

401 1514 648 1576 tempore
685 1503 925 1564 Domini,
957 1517 1158 1557 nomen
1183 1485 1502 1564 Beelzebul,
1535 1507 1595 1554 ut
1625 1505 1847 1561 notum,
1882 1511 1983 1568 ap-

393 1601 714 1672 pellabant,
748 1612 874 1652 cum
906 1596 963 1650 in
996 1609 1062 1652 eo
1090 1595 1340 1650 dicerent
1366 1592 1641 1648 daemones
1680 1605 1712 1646 a
1752 1590 1984 1646 Domino

400 1693 562 1764 ejici?
593 1689 878 1758 Quomodo
905 1696 1087 1742 autem
1108 1695 1161 1743 et
1193 1688 1307 1758 ipse
1343 1685 1629 1751 Dominus,
1663 1685 1818 1755 quasi
1851 1692 1982 1739 nota

397 1794 545 1840 esset
583 1780 870 1850 discipulis
927 1778 1222 1850 appellatio
1264 1776 1564 1842 daemonis,
1621 1775 1883 1831 dicebat:
1921 1774 1982 1831 Si

1155 364 1514 422 APPENDIX.
1556 395 1625 405 —
1663 361 1846 422 PARS
1885 359 1926 417 I.
1971 361 2030 417 S.
2071 360 2340 420 JUSTINI
2378 360 2607 419 OI’EBA
2647 361 2941 420 SPURIA.‘
3503 370 3586 427 135;

407 493 680 551 sublatam
712 506 836 548 esse
882 496 1098 547 omnem
1143 489 1454 547 daemonum
1493 493 1855 558 potestatem;
1897 500 1954 540 se

2138 483 2248 539 51cm
2294 485 2636 570 κατήργηται
2687 485 2838 537 πᾶσα
2895 483 3001 536 τῶν
3046 481 3313 554 δαιμόνων
3363 485 3394 555 ή
3441 486 3567 558 πλάνη
3581 512 3590 521 ο

2091 577 2203 630 ἀλλ’
2233 571 2313 641 οἷς
2345 577 2441 649 μὲν
2464 577 2493 630 6
2522 575 2756 648 Χριστὸς
2785 575 3163 638 πεπίστευται,
3199 577 3258 628 ὲν
3287 576 3483 640 zeum;
3499 583 3591 634 πίῃ

2089 668 2196 722 τῶν
2223 669 2492 741 δαιμόνων
2513 671 2547 740 ἡ
2588 666 2762 739 πλάνη
2793 667 3155 740 κατήργηταιο
3185 661 3269 729 οἷς
3294 667 3352 720 δὲ
3379 669 3407 719 6
3431 670 3594 740 ligasti;
3616 707 3617 718 η

2088 760 2168 814 ἔτι
2195 762 2522 826 ἀπιστεῖται,
2564 762 2622 814 ὲν
2650 761 2834 824 αὐτοῖς
2861 758 3172 832 ἐνεργοῦσιν
3203 757 3255 811 οἱ
3297 759 3594 831 δαίμονεςτῄ

2089 851 2317 923 πλάνην.
2362 854 2470 906 Καὶ
2508 852 2576 906 τά
2624 851 2983 925 φαντάσματα
3031 846 3112 916 οἷς
3141 855 3188 905 οἱ
3240 852 3617 924 ἐγγαστρίμιίκιη

2087 945 2379 1018 κέχρηνται
2415 944 2553 1018 πρὸς
2583 945 2644 999 τὸ
2671 944 2848 1000 λαλεῖν
2879 946 2973 999 καὶ
3005 945 3266 1018 πράττειν
3297 943 3370 998 τὰ
3394 946 3484 1011 τῆς
3512 966 3617 1017 μανι

2085 1037 2234 1103 τείας
2273 1037 2427 1108 λόγια
2476 1038 2571 1092 καὶ
2615 1037 2904 1111 ἔργα,ιοῦκ
2948 1039 3094 1092 ἐστιν
3138 1037 3374 1110 ἀληθινὰ

2085 1128 2221 1183 ἀλλὰ
2247 1129 2605 1199 φαντάζουσιν
2631 1131 2680 1182 oi
2723 1129 2976 1200 δαίμονες
3015 1128 3114 1193 τὰς
3156 1127 3314 1200 ὄψεις
3345 1128 3446 1182 τῶν

2086 1239 2212 1285 των,
2246 1221 2323 1285 ὡς
2353 1221 2582 1293 σώματα
2609 1222 2742 1294 ὁρᾷν
2768 1221 2836 1276 τὰ
2873 1221 2948 1294 μὴ
2987 1219 3237 1293 σώματα.

2169 1315 2518 1370 ἘΡΩΤΗΣΙΣ
2547 1315 2670 1368 HB'.
2709 1315 2774 1368 Εί
2808 1313 3046 1386 οὐδαμοῦ
3073 1315 3316 1386 ὀνόματα
3343 1314 3597 1388 δαιμόνιος

2084 1408 2275 1481 Γραφὴ
2321 1411 2434 1473 τοῖς
2473 1407 2782 1480 ἀνθρώποις
2824 1407 3014 1473 ἔδειξε,
3043 1409 3159 1472 πῶς
3204 1410 3258 1461 οἱ
3308 1409 3524 1462 Ἰουδαῖοι
3542 1413 3600 1462 if:

2082 1500 2178 1555 τοῦ
2206 1501 2412 1574 Κυρίου
2456 1501 2517 1554 τὸ
2543 1500 2638 1554 τοῦ
2673 1499 3000 1566 Βεελξεόοὶιλ
3040 1501 3116 1565 ὼς
3159 1500 3491 1572 ἐγνωσμένον

2087 1593 2256 1665 μαζον
2292 1593 2483 1665 ὄνομα,
2514 1593 2571 1647 ὲν
2601 1593 2777 1664 τούτῳ
2805 1594 3102 1664 φάσκοντες
3133 1593 3304 1647 αὑτὸν
3331 1595 3454 1654 τοὺς
3471 1593 3598 1662 talpa

2083 1703 2180 1749 νας
2208 1685 2526 1750 ὲκὸάλλειν;
2555 1684 2679 1749 Πῶς
2707 1685 2763 1739 δὲ
2799 1686 2893 1740 καὶ
2927 1686 3086 1750 αὐτὸς
3107 1688 3136 1738 6
3163 1687 3443 1758 Δεσπότης
3463 1687 3521 1749 ὡς
3542 1705 3594 1756 τι·

2084 1777 2351 1833 νώσκουσι
2406 1781 2518 1844 τοῖς
2571 1779 2840 1850 μαθηταῖς
2887 1778 2985 1851 τὴν
3035 1778 3130 1832 τοῦ
3180 1779 3436 1850 δαίμονος
3469 1781 3598 1847 adigit

400 1876 683 1932 Dominum
705 1873 891 1926 domus
922 1870 1200 1925 Beelzebul
1212 1870 1607 1939 appellaverunt
1626 1867 1706 1921 8’?
1721 1865 1954 1933 Quaenam

2138 1887 2286 1940 ,eyev,
2335 1873 2403 1926 El
2447 1870 2554 1925 τὸν
2588 1871 3023 1939 οἰκοδεσπότην
3060 1871 3426 1932 Βεελζεεοὺλ
3456 1872 3596 1927 ἑκά-τεο

398 1975 580 2022 autem
605 1964 769 2035 hujus
797 1961 1038 2017 nominis
1073 1960 1493 2030 interpretatio?

466 2058 666 2114 RESP.
716 2055 1197 2124 Quemadmodum
1240 2055 1516 2110 daemones
1565 2067 1687 2108 esse
1731 2052 1800 2106 ab
1846 2050 1982 2122 ipsis

396 2151 739 2208 daemonibus
787 2149 1043 2204 homines
1077 2145 1421 2213 didicerunt,
1461 2147 1533 2201 ita
1567 2151 1621 2198 et
1653 2157 1843 2198 eorum
1878 2156 1980 2197 no-

396 2243 544 2299 mina
576 2243 644 2298 ab
673 2240 812 2312 ipsis
839 2239 1018 2295 edocti
1055 2245 1204 2293 sunt.
1241 2237 1402 2292 Prius
1431 2236 1578 2292 enim
1607 2235 1858 2289 homines
1886 2233 1980 2288 im-

396 2337 673 2392 molarunt
717 2331 1040 2397 daemoniis,
1078 2345 1142 2385 ac
1177 2337 1366 2400 postea
1419 2328 1556 2384 dixit
1601 2327 1788 2383 divina
1826 2325 1978 2381 Scri-

394 2438 553 2500 plura
593 2446 606 2483 :
643 2425 1054 2480 Immolaverunt
1082 2420 1361 2476 dazmoniis
1383 2460 1398 2485 ,
1447 2426 1498 2474 et
1530 2435 1635 2473 non
1666 2417 1775 2472 Deo
1809 2418 1875 2472 9°.
1914 2415 1979 2468 Et

393 2517 856 2590 quemadmodum
884 2513 1203 2585 Scriptura,
1235 2511 1491 2582 quamvis
1522 2509 1731 2565 dixisse
1757 2523 1865 2564 non
1895 2507 1978 2561 vi-

393 2613 591 2668 deatur
624 2612 898 2668 daemones
932 2623 1055 2665 esse
1078 2646 1094 2673 ,
1125 2603 1260 2661 dicit
1288 2615 1469 2660 tamen
1502 2620 1515 2658 :
1562 2601 1978 2656 [inmolaverunt

392 2705 672 2761 ammoniis
705 2713 882 2758 etnon
915 2700 1059 2763 Deo;
1091 2698 1166 2752 ita
1206 2705 1260 2752 et
1289 2696 1356 2752 de
1388 2710 1577 2751 eorum
1618 2695 1978 2765 appellatione

392 2780 517 2855 cum
553 2797 689 2852 nihil
722 2784 943 2858 dixerit,
955 2790 1180 2870 profert
1203 2791 1424 2845 nomina
1458 2789 1788 2848 daemonum,
1823 2787 1976 2843 Beel-

393 2892 554 2948 zebul
581 2900 634 2948 et
659 2887 859 2945 Beliar.
897 2886 1054 2955 Quis,
1077 2883 1279 2955 inquit,
1316 2898 1599 2937 consensus
1629 2879 1840 2935 Christo
1858 2897 1975 2934 cum

391 2988 576 3043 Βελίαν
604 2986 690 3039 9*?
721 2983 932 3050 Quibus
965 2981 1110 3037 enim
1147 2978 1446 3032 utebantur
1472 2976 1840 3031 incantatorcs
1870 2991 1974 3031 no-

392 3081 635 3138 minibus
665 3077 729 3133 ad
758 3075 1037 3147 proposita
1072 3071 1174 3128 sibi
1197 3086 1386 3142 opera,
1419 3085 1481 3125 ea
1522 3071 1589 3124 ab
1609 3070 1741 3141 ipsis
1776 3069 1975 3124 daemo-

393 3170 558 3227 nibus
580 3165 894 3223 neccssario
914 3161 1252 3218 ediscebant.
1279 3159 1412 3214 Nam
1434 3176 1532 3230 pro
1561 3161 1773 3221 colendi
1807 3161 1966 3216 modo

391 3260 555 3334 5.73
572 3273 762 3316 eorum
793 3272 1010 3327 quoque
1028 3255 1264 3310 nominis
1282 3255 1698 3326 appellationem
1722 3253 1964 3324 profere-

396 3351 550 3406 bant.
584 3349 764 3404 Allata
810 3355 992 3401 autem
1037 3346 1106 3401 ab
1157 3345 1390 3417 Origene
1450 3346 1642 3400 horum
1689 3346 1970 3400 nominum

393 3440 774 3513 interpretatio
834 3439 889 3494 in
937 3435 1381 3508 Interpretatione
1437 3436 1828 3492 Ilebraicarum
1882 3437 1968 3491 di-

391 3535 644 3590 ctionum.

460 3713 743 3781 QUASS'I‘.
780 3711 1068 3768 LXXXIII.
1108 3711 1166 3766 Si
1197 3711 1513 3782 expertibus
1550 3711 1782 3767 rationis
1813 3712 1967 3766 victi-

391 3807 496 3862 mis
531 3823 640 3862 non
674 3806 1052 3862 delectabatur
1081 3803 1261 3870 Deus,
1297 3812 1353 3858 ut
1384 3804 1631 3858 nonnulli
1676 3804 1966 3867 dixerunt,

393 3911 559 3970 atque
603 3906 660 3952 ut
696 3914 880 3952 rerum
937 3897 1289 3968 praesentium
1336 3904 1514 3952 status
1561 3897 1833 3965 declarat,
1869 3914 1971 3954 cur

389 3996 516 4042 ante
549 3986 719 4056 legem
745 3987 1004 4057 praecepit
1043 3984 1158 4041 Noe
1193 3992 1253 4040 ut
1288 3984 1656 4051 sacrificaret,
1691 4002 1813 4042 cum
1840 4005 1971 4058 pra:-

391 4074 581 4132 sertim
618 4075 860 4130 nondum
912 4085 1041 4131 tunc
1087 4075 1399 4131 simulacris
1438 4077 1671 4133 victinue
1715 4079 1970 4135 offerren-

390 4167 513 4222 tur?
540 4166 695 4234 Quod
728 4168 773 4223 si
799 4167 884 4224 his
916 4167 1312 4234 delectabatur,
1343 4182 1443 4223 cur
1471 4183 1659 4224 earum
1692 4186 1826 4228 usus
1847 4181 1970 4243 post

389 4261 561 4332 legem
595 4259 793 4317 desiit?

461 4350 660 4407 RESP.
694 4351 865 4410 Nemo
887 4369 953 4410 ex
981 4354 1072 4420 iis,
1106 4354 1200 4426 qui
1233 4354 1467 4411 rationis
1499 4355 1746 4426 expertia
1780 4356 1970 4411 immo-

386 4444 608 4511 larunt,
645 4431 925 4506 victimam
964 4445 1075 4504 Deo
1109 4455 1240 4503 ante
1274 4447 1445 4519 legem
1491 4449 1677 4503 divina
1721 4448 1968 4515 iussione

2082 1978 2238 2029 car;
2267 1963 2365 2027 Τίς
2395 1963 2451 2017 δὲ
2480 1965 2512 2034 ὴ
2543 1964 2805 2036 ἑρμηνεία
2831 1962 2928 2017 τοῦ
2955 1963 3194 2017 τοιούτου
3225 1965 3506 2036 όνόματοςς

2165 2056 2564 2109 ἈΠΟΚΡΙΣΙΣ.
2594 2057 2804 2129 Ὥσπερ
2825 2056 2887 2110 τὸ
2909 2051 3046 2110 εἶναι
3072 2056 3348 2127 δαίμονας
3377 2057 3593 2110 ilia-$71.1:

2081 2147 2187 2202 τῶν
2212 2148 2479 2220 δαιμόνων
2514 2147 2812 2220 ἐμάνθανον
2844 2151 2892 2202 οἱ
2920 2148 3216 2220 ἄνθρωποι,
3242 2148 3418 2212 οὕτως
3445 2152 3518 2202 καὶ
3539 2151 3596 2210 ’.ἐς

2080 2239 2375 2311 ὀνομασίας
2421 2240 2600 2294 αὐτῶν
2640 2243 2771 2312 παρ’
2804 2242 2984 2295 αὐτῶν
3017 2242 3400 2313 ἐδιδάχθησαν.
3443 2243 3597 2314 Ilpﬁmv

2080 2333 2187 2405 γὰρ
2234 2332 2432 2386 ἔθυσαν
2471 2333 2520 2385 οἱ
2550 2333 2823 2406 ἄνθρωποι
2865 2338 2975 2398 τοῖς
3008 2333 3253 2404 δαίμοσι,
3303 2336 3396 2388 καὶ
3441 2336 3598 2406 ὕστερον

2081 2421 2231 2478 εἶπεν
2269 2427 2302 2496 ἡ
2348 2424 2468 2478 θεία
2516 2425 2702 2497 Γραφὴ
2735 2426 2815 2489 τὸ,
2867 2429 3138 2482 Ἔθυσαν
3173 2428 3507 2499 δαιμονίοις,
3539 2434 3596 2481 καὶ

2079 2519 2152 2571 οὐ
2187 2517 2327 2584 Θεῷ.
2363 2519 2471 2571 Καὶ
2499 2519 2748 2591 καθάπερ
2789 2522 2916 2592 περὶ
2943 2520 3038 2574 τοῦ
3069 2517 3209 2575 εἶναι
3244 2525 3377 2587 τοὺς
3406 2524 3598 2592 Gaium;

2078 2610 2229 2664 οὐδὲν
2275 2612 2524 2681 φαίνεται
2566 2614 2600 2684 ἡ
2627 2613 2816 2684 Γραφὴ
2863 2616 3155 2687 εἰρηκυία,
3195 2616 3359 2686 ὅμως
3400 2617 3450 2670 ἂ
3487 2617 3598 2682 λέγει.

2082 2706 2353 2759 Ἕθυσαν
2393 2705 2518 2772 τοῖς
2561 2705 2909 2776 δαιμονίοις,
2936 2708 3034 2761 καὶ
3063 2711 3136 2762 οὐ
3179 2708 3345 2775 Θεῷο
3375 2708 3524 2771 οὕτως
3544 2713 3601 2759 κεῖ

2079 2797 2208 2868 περὶ
2232 2797 2334 2867 τῆς
2360 2798 2658 2869 ὀνομασίας
2686 2798 2864 2853 αὐτῶν
2893 2799 3057 2872 μηδὲι⁸
3105 2803 3392 2873 είρηκυῖα,
3419 2801 3539 2868 λέγε
3561 2802 3602 2851 2'2

2077 2890 2318 2962 ὀνόματα
2362 2892 2472 2946 τῶν
2517 2893 2807 2963 δαιμόνων,
2837 2893 2931 2946 τοῦ
2968 2911 3028 2946 τε
3072 2894 3406 2960 Βεελζεϐοὺλ
3442 2897 3518 2946 καὶ
3543 2895 3598 2944 πῖ

2077 2982 2294 3056 Βελίαρ.
2341 2986 2514 3051 Ποία,
2570 2987 2724 3056 φησὶ,
2779 2986 3178 3056 συμφώνησις
3227 2985 3461 3055 Χριστῷ
3501 2987 3602 3054 πρὶς

2076 3078 2327 3146 Βελίαρ;
2355 3073 2438 3142 οἷς
2465 3078 2574 3150 γὰρ
2597 3080 2897 3151 ἐκέχρηντο
2923 3081 2971 3132 οἱ
2995 3079 3238 3132 ὲπαοιδοὶ
3272 3081 3488 3150 ὀνόμασι
3513 3081 3600 3149 rari;

2076 3169 2144 3222 τὰ
2173 3169 2506 3242 προκείμενα
2549 3171 2734 3236 αὐτοῖς
2767 3171 2924 3242 ἔργα,
2957 3169 3131 3224 ταῦτα
3179 3172 3492 3240 ἀναγκαίως
3518 3187 3602 3240 περ

2073 3260 2250 3314 αὐτῶν
2292 3261 2608 3333 ἐμάνθανον.
2661 3263 2820 3316 Κατὰ
2863 3263 2970 3336 γὰρ
2999 3264 3091 3317 τὸν
3131 3265 3343 3335 τρόπον
3378 3265 3470 3333 τῆς
3492 3266 3600 3337 θερε-

2075 3352 2234 3419 πείας
2266 3353 2398 3425 (17),
2432 3355 2606 3420 οὕτως
2643 3355 2736 3411 καὶ
2763 3356 2860 3427 τὴν
2888 3358 3264 3430 προσηγορίαν
3298 3359 3397 3429 τῆς
3422 3359 3601 3427 κλήσεις

2073 3446 2252 3502 αὐτῶν
2301 3447 2602 3521 ὠνόμαζον.
2636 3450 2867 3522 Εἴρηται
2912 3450 2969 3504 δὲ
3008 3452 3086 3523 τῷ
3147 3454 3418 3524 Ὤριγένει
3457 3455 3598 3506 τοῦτο.

2073 3539 2180 3594 τῶν
2226 3540 2505 3613 ὀνομάτων
2550 3543 2898 3616 ἠέρμηνεία,
2947 3544 3005 3598 ὲν
3055 3547 3120 3617 τῇ
3178 3546 3486 3617 Ἐρμηνείᾳ
3528 3546 3598 3598 ria-

2085 3632 2409 3702 Ἐιῖοαϊκῶν
2443 3635 2773 3705 ὀνομάτων.

2173 3724 2523 3780 ΕΡΩΤΗΣΙΣ.
2556 3727 2678 3780 HI".
2711 3727 2774 3781 Εἰ
2801 3730 2921 3793 ταῖς
2947 3727 3054 3783 τῶν
3084 3729 3307 3798 ἀλόγων
3346 3731 3537 3790 θυσίαις
3563 3729 3596 3778 ti

2071 3814 2226 3872 Θεῖον
2253 3819 2350 3890 οὐχ
2375 3819 2557 3890 ἥδετο,
2604 3819 2790 3885 καθώς
2835 3839 2980 3886 τινες
3024 3821 3257 3892 ἔφασαν,
3294 3824 3387 3877 καὶ
3415 3825 3444 3894 ἡ
3468 3822 3541 3875 νῦν

2070 3907 2308 3962 διδάσκει
2335 3911 2689 3975 κατάστασις,
2707 3911 2796 3965 διὰ
2823 3911 2876 3964 τί
2901 3911 3006 3975 πρὸ
3032 3911 3125 3966 τοῦ
3156 3913 3328 3983 νόμον
3351 3913 3424 3983 τῷ
3447 3913 3542 3965 Νῶε
3564 3913 3598 3960 τὸ

2071 4001 2218 4055 θύειν
2243 4002 2599 4074 προσέταττε,
2631 4004 2725 4056 καὶ
2755 4003 2986 4074 μάλιστα
3030 4005 3120 4057 ὅτε
3159 4004 3438 4058 εἰδωλικαὶ
3470 4004 3596 4056 Basia:

2070 4094 2282 4148 οὐδέπω
2310 4093 2583 4163 ὲγίνοντο;
2623 4096 2685 4149 Ei
2729 4096 2784 4150 δὲ
2820 4097 2980 4168 ἥδετο
3023 4096 3276 4163 ταύταις,
3324 4098 3410 4152 διὰ
3437 4098 3482 4151 τί
3505 4101 3596 4168 μετὰ

2071 4185 2161 4239 τὸν
2187 4187 2348 4258 νόμον
2375 4188 2407 4239 ᾖ
2434 4186 2637 4241 τούτων
2665 4188 2859 4260 χρῆσις
2884 4187 3192 4254 ὲπαύσατο;

2157 4364 2559 4418 ἈΠΟΚΡΙΣΙΣ.
2590 4365 2780 4430 Οὐδεὶς
2808 4364 2918 4421 τῶν
2941 4365 3222 4422 θυσάντων
3262 4369 3332 4422 τὰ
3361 4368 3510 4437 ἄλογα
3535 4364 3594 4417 Θν-

2073 4456 2192 4511 σίαν
2218 4456 2296 4528 τῷ
2321 4457 2440 4528 Θεῷ
2469 4457 2574 4530 πρὸ
2601 4457 2693 4512 τοῦ
2723 4459 2889 4529 νόμου
2919 4459 3058 4513 κατὰ
3085 4460 3186 4532 τὴν
3220 4460 3374 4514 θείαν
3412 4460 3591 4522 arma

385 4537 618 4602 obtulit,
670 4539 924 4609 quamvis
966 4554 1098 4596 eam
1131 4540 1385 4596 videatur
1427 4540 1571 4598 Deus
1617 4542 1954 4612 suscepisse.

2138 4568 2251 4614 υσε,
2283 4549 2387 4604 κᾶν
2415 4550 2663 4620 φαίνεται
2695 4548 2804 4620 (18)
2830 4553 2858 4604 6
2884 4550 3016 4616 Θεὸς
3042 4552 3252 4625 ταύτην
3280 4553 3593 4626 προσδεξάμε-

387 4629 538 4684 illius
568 4631 962 4700 approbatione
1009 4631 1397 4690 demonstrans
1438 4642 1653 4704 gratum
1697 4634 1800 4690 sibi
1842 4649 1954 4690 esse

2138 4661 2173 4708 ς,
2202 4645 2266 4714 τῇ
2293 4644 2495 4715 ταύτης
2523 4643 2757 4715 ἀποδοχῇ
2785 4643 3044 4698 δεικνύων
3071 4646 3161 4698 τὸν
3189 4646 3426 4701 θύσαντα
3453 4645 3586 4713 εὐάρε,

386 4721 811 4780 sacriﬁcantem.
850 4722 1009 4790 Quod
1055 4732 1236 4779 autem
1284 4725 1538 4795 prtecepit
1583 4724 1860 4789 Abrahae,
1907 4735 1954 4778 ul

2138 4751 2190 4788 ον
2219 4733 2386 4805 αὐτῷ.
2425 4735 2492 4786 "A
2515 4733 2572 4786 δὲ
2602 4733 2902 4804 προσέταξε
2926 4733 3003 4806 τῷ
3043 4735 3301 4808 Ἀϐραὰμ
3327 4736 3493 4789 λαὸεῖν
3515 4733 3590 4798 ζῶα

385 4812 549 4867 trima
577 4815 835 4869 animalia
870 4824 1131 4878 sumeret,
1161 4831 1226 4870 ac
1248 4816 1502 4873 similiter
1529 4815 1774 4878 arietem,
1802 4832 1962 4886 quem

383 4904 508 4958 loco
533 4902 687 4960 Isaac
718 4905 939 4970 obtulit,
963 4904 1326 4970 sacriﬁcaret,
1362 4920 1475 4960 non
1514 4904 1585 4959 eo'
1611 4904 1810 4959 factum
1842 4911 1960 4966 est,

382 4999 529 5072 quod
561 5000 793 5055 Abrahae
813 4999 1054 5056 victimis
1103 5000 1505 5062 delectaretur,
1553 4999 1646 5054 sed
1692 5000 1747 5054 in
1798 5016 1958 5054 usum

382 5091 692 5147 futurorum
721 5091 1103 5163 praenuntium.
1140 5091 1252 5148 Noe
1283 5099 1463 5147 autem
1500 5107 1766 5164 nusquam
1797 5108 1957 5163 appa-

381 5195 466 5244 ret
488 5185 666 5243 Deum.
685 5185 1031 5257 praecepisse,
1058 5192 1120 5240 ut
1151 5185 1254 5241 sibi
1294 5185 1570 5242 victimam
1612 5185 1840 5242 rationis
1869 5203 1957 5241 cx-

379 5288 587 5353 perteu.
616 5278 858 5360 ollerret.

451 5370 729 5439 QUEST.
756 5369 1038 5426 LXXXIV.
1075 5369 1132 5426 Si
1158 5371 1364 5444 gratiae,
1398 5387 1519 5442 qua:
1541 5372 1596 5427 in
1618 5371 1733 5426 Elia
1756 5369 1953 5433 fuerat,

2063 4825 2419 4899 τριετίξοντα,
2441 4825 2702 4889 ὡσαύτως
2721 4825 2890 4880 δὲκαὶ
2916 4827 3068 4900 κριὸν
3091 4828 3146 4881 ὃν
3171 4829 3315 4901 ὑπὲρ
3336 4830 3422 4882 τοῦ
3456 4827 3587 4880 'Isa‘zr

2065 4917 2405 4988 προσήνεγκε
2446 4915 2627 4979 θῦσαι,
2657 4916 2757 4986 οὐχ
2784 4916 2861 4980 ὡς
2901 4920 3022 4980 ταῖς
3049 4915 3244 4970 τούτου
3287 4917 3484 4978 θυσίαις
3506 4914 3588 4982 ἡδό-

2069 5025 2248 5078 μενος,
2287 5006 2419 5060 ἀλλὰ
2447 5005 2828 5078 χρείαςένεκα
2857 5009 3273 5079 προμηνυτικῆς
3311 5007 3415 5061 τῶν
3439 5004 3584 5074 senui-

2063 5116 2188 5154 νων.
2221 5099 2310 5170 Τῷ
2337 5099 2392 5151 δὲ
2419 5098 2541 5152 Νῶε
2573 5097 2808 5170 οὐδαμοῦ
2838 5098 3088 5167 φαίνεται
3116 5101 3144 5153 6
3171 5098 3309 5162 Θεὸς
3338 5094 3584 5170 προστάξις

2063 5195 2434 5267 προσαγαγεῖν
2462 5191 2610 5265 αὐτῷ
2634 5193 2732 5266 τὴν
2756 5193 2864 5248 τῶν
2892 5192 3099 5262 ἀλόγων
3127 5192 3347 5248 θυσίαν.

2051 5365 2056 5367 ’
2115 5375 2118 5378 ’
2147 5371 2495 5425 ἘΡΩΤΙΙΣΙΣ
2519 5371 2639 5424 HA’.
2671 5371 2734 5425 El
2760 5369 2981 5425 διπλοῦν
3009 5369 3086 5441 τῷ
3116 5371 3175 5422 ἐν
3215 5371 3373 5442 Ἠλίᾳ
3401 5368 3491 5439 (I9)
3515 5365 3581 5433 1i-

483 5486 530 5520 ”
551 5486 742 5541 Matth.
778 5503 834 5551 Χ,
867 5485 959 5541 25.
1037 5485 1083 5516 ⁹⁰
1119 5483 1277 5541 Deut.
1308 5501 1482 5551 xxxn,
1519 5486 1605 5542 I7.
1674 5487 1716 5519 ⁹¹
1746 5487 1789 5541 II
1829 5487 1954 5542 Cor.

2147 5487 2174 5504 ιο

2144 5507 2197 5542 ἱ).

451 5639 560 5711 (I7)
593 5641 704 5708 Τῆς
737 5643 1072 5712 θεραπείας.
1107 5640 1302 5697 Posset
1329 5642 1406 5698 sic
1437 5641 1592 5712 reddi
1622 5660 1635 5696 :
1676 5641 1783 5696 Pro
1805 5644 1955 5698 rario

376 5712 601 5773 curandi
624 5713 799 5767 modo.
832 5713 909 5766 Ita
932 5713 1208 5769 Gelenius.
1234 5713 1440 5768 Aliter:
1486 5711 1552 5766 Ut
1587 5714 1809 5768 curandi
1842 5731 1953 5768 mo-

377 5789 520 5836 dum.
557 5785 632 5835 ita
657 5793 703 5835 et
734 5786 946 5838 nomina
974 5801 1071 5837 sua
1093 5783 1456 5838 declarabant.

447 5851 558 5914 (ibi
592 5853 718 5908 Κᾶν
744 5855 1027 5924 φαίνεται.
1061 5854 1252 5913 Melius
1286 5857 1456 5912 multo
1490 5855 1765 5928 φαίνηται.

2131 5642 2239 5715 (19)
2277 5642 2362 5709 Τῷ
2379 5645 2454 5715 γὲν
2493 5645 2677 5711 Ἠλίᾳ.
2714 5643 2813 5698 Vel
2866 5641 3186 5715 imprudens
3217 5643 3300 5698 vel
3329 5643 3440 5698 sine
3457 5650 3580 5715 causa

2063 5709 2335 5794 Robertus
2368 5709 2698 5795 Stephanus,
2735 5731 2832 5786 pro
2865 5731 2930 5770 eo
2947 5709 3106 5838 "quod
3133 5715 3348 5785 legebat
3380 5715 3428 5766 in
3443 5709 3578 5790 ,Βιςιιέ

2063 5788 2248 5838 codice
2274 5794 2456 5838 posuit
2496 5784 2558 5837 τὸ
2608 5788 2666 5838 ὲν
2733 5783 2909 5838 Ἠλία.
2998 5784 3118 5838 nfra
3169 5787 3234 5838 τὸ
3291 5784 3492 5838 διπλουν
3517 5793 3578 5829 τω

2059 5786 2248 5856 codice
2274 5783 2558 5854 posuit'rb
2608 5788 2666 5838 ὲν
2733 5783 2909 5856 Ἦλίᾳ.
2973 5783 3118 5841 Infra
3169 5783 3234 5840 τὸ
3291 5783 3492 5840 διπλοῦν
3517 5793 3578 5829 τω

2058 5855 2387 5927 Πνεύματος,
2419 5872 2525 5910 non
2564 5871 2692 5914 vero
2725 5855 2965 5925 Πνεῦμα.
3239 5858 3264 5864 “
