3638 6484
34 401 141 457 1325

34 532 169 589 ρισμα
204 513 381 566 λαϐεῖν
434 512 725 575 Ἐλισσαῖος
766 511 1033 582 ἠκούσθη,
1079 512 1196 576 πῶς
1238 511 1361 565 οὔτε
1405 512 1551 565 ἀπλᾶ
1579 520 1625 576 Α

33 609 125 663 οὔτε
148 607 297 661 διπλᾶ
337 606 589 677 θαύματα
628 606 918 677 ἐποίησεν;
970 602 1082 662 οἷον
1125 608 1279 661 ὑετὸν
1306 607 1545 678 ἐπέχειν,

33 702 103 753 καὶ
124 697 252 769 λιμῷ
294 696 499 760 πιέζειν
526 697 623 769 τὴν
657 698 779 768 γῆν,
826 697 999 768 πυρὸς
1033 697 1175 751 κατὰ
1209 697 1407 751 θυσιῶν
1436 697 1546 768 (20)

33 790 236 863 οὐρανίου
265 789 453 861 φορὰν,
482 789 671 861 ἱερέων
712 789 1053 859 ἀνομούντων
1083 788 1317 859 σφαγὰς,
1349 805 1548 867 ⁴πεντη-

34 883 299 953 κοντάρχων
342 880 450 953 (21)
499 882 675 937 ὁλο....
725 882 818 936 καὶ
861 881 930 935 τά
970 882 1163 947 λοιπά;
1214 882 1405 946 Πόθεν,
1456 878 1549 936 οὖν

38 974 293 1034 Ἐλισσαῖος
332 970 671 1042 δειχθήσεται
708 971 807 1042 τὴν
850 971 1045 1024 ἐαυτοῦ
1082 971 1297 1043 αἴτησιν
1325 973 1420 1025 καὶ
1453 970 1549 1043 τὴν

33 1065 97 1117 τοῦ
132 1062 272 1116 Ἠλία
303 1063 591 1134 ὑπόσχεσιν
620 1062 1020 1134 κομισάμενοςς

90 1238 464 1291 ἈΠΟΚΡΙΣΙΣ.
501 1238 615 1291 Οὐκ
634 1236 872 1309 ᾐτήσατο
911 1236 1210 1300 Ἐλισσαῖος
1247 1236 1307 1290 τὸ
1330 1234 1549 1289 διπλοῦν

33 1329 95 1381 τοῦ
136 1328 431 1400 πνεύματος
460 1328 596 1401 πρὸς
624 1330 842 1400 ποίησιν
870 1329 977 1381 τῶν
1007 1328 1185 1382 αὐτῶν
1223 1326 1426 1381 διπλῶν
1462 1327 1552 1399 ἕρ-

34 1437 127 1488 των,
167 1420 294 1473 ἀλλά
327 1419 464 1492 πρὸς
514 1419 573 1473 τὺ
616 1420 819 1491 ἰσχύειν
861 1420 1046 1482 ἁπλῶς
1082 1418 1322 1472 ἐκτελεῖν
1354 1419 1455 1471 ὅσα
1483 1414 1551 1489 ἦν

33 1512 149 1581 χρεία
177 1510 266 1565 τοῦ
292 1510 539 1580 γενέσθαι
574 1512 665 1565 ὑπ’
691 1511 857 1566 αὐτοῦ
891 1511 1027 1583 μετὰ
1056 1509 1299 1581 μείζονος
1334 1528 1553 1583 περιουο

33 1605 118 1665 πίας
145 1603 437 1674 δυνάμεως.
478 1604 589 1673 Τῆς
632 1603 689 1656 δέ
724 1604 991 1675 αἰτήσεως
1030 1602 1113 1655 ὅτι
1154 1601 1253 1655 οὐκ
1290 1601 1548 1672 ἀπέτυχε,

34 1691 323 1763 μαρτυροῦσι
350 1692 417 1745 τὰ
440 1692 507 1745 δι’
530 1691 693 1745 αὑτοῦ
729 1692 989 1760 γεγονότα
1017 1690 1266 1762 θαύματα
1287 1709 1300 1722 ·
1336 1684 1412 1744 ὧν
1433 1690 1553 1746 τινὰ

33 1785 95 1853 μὲν
120 1784 291 1847 διπλᾶ,
338 1785 458 1839 τινὰ
485 1784 541 1837 δὲ
577 1782 727 1837 ἁπλᾶ
753 1783 1049 1850 ἐξετέλεσε.
1085 1783 1156 1836 Τὸ
1199 1784 1307 1855 γὰρ
1343 1784 1552 1855 ἐγεῖραι

33 1875 91 1929 δύο
115 1877 350 1947 νεκροὺς,
375 1876 472 1932 ἕνα
510 1877 608 1949 μὲν
641 1876 841 1941 ζῶντος
871 1874 1058 1939 αὑτοῦ,
1091 1876 1186 1929 ἕνα
1217 1875 1273 1929 δὲ
1301 1875 1553 1949 τελευτή·
1585 1870 1625 1924 Β

33 1986 194 2034 ιαντος,
218 1969 277 2023 τὸ
310 1968 532 2023 διπλοῦν
555 1969 740 2039 ἐδήλου
770 1968 868 2038 τῆς
892 1969 949 2021 ἐν
977 1971 1085 2031 τοῖς
1110 1969 1313 2032 λοιποῖς
1338 1967 1551 2039 θαύμα-

33 2077 101 2121 av,
132 2063 176 2114 εί
208 2061 480 2127 ἐϐούλετο,
517 2061 835 2134 περιουσίας
866 2059 963 2131 τῆς
995 2062 1053 2112 ἐν
1094 2060 1245 2131 αὐτῷ
1269 2060 1417 2125 θείας
1460 2061 1552 2115 τοῦ

33 2156 295 2227 [Ινεύματος
324 2157 564 2227 χάριτος.
599 2156 706 2208 Καὶ
733 2156 826 2207 ἐπὶ
853 2154 950 2223 μὲν
988 2153 1080 2206 τοῦ
1122 2152 1275 2207 Ἠλία
1300 2154 1435 2224 πρὸς
1457 2154 1555 2226 τὴν

33 2248 171 2319 (ρείαν
217 2248 430 2318 ἐγίνετο
479 2247 571 2301 τοῦ
616 2246 799 2301 ἐλαίου
829 2250 862 2319 ἠ
895 2247 1154 2311 ἐπίδοσις,
1214 2247 1308 2299 ἐπὶ
1358 2248 1415 2301 δὲ
1460 2247 1554 2302 τοῦ

34 2341 295 2395 Ἐλισσαίου
331 2341 427 2395 καὶ
462 2340 605 2411 ὑπὲρ
642 2339 738 2411 τὴν
763 2338 967 2412 χρείαν.
999 2339 1109 2393 Καὶ
1148 2341 1177 2393 6
1217 2339 1316 2411 μὲν
1372 2339 1555 2404 Ἠλίας

33 2434 105 2505 ιιῦρ
127 2437 431 2505 κατήγαγεν
452 2435 517 2485 ἐκ
536 2431 629 2487 τοῦ
652 2432 881 2504 ούρανοῦ
910 2432 1046 2504 πρὸς
1079 2432 1178 2503 τὴν
1209 2432 1420 2503 ἄμυναν
1449 2432 1555 2486 τῶν

33 2524 210 2597 ἐχθρῶν,
239 2528 267 2579 6
287 2526 345 2579 δὲ
393 2525 691 2589 Ἐλισσαῖος
722 2526 921 2589 ἵππους
948 2524 1041 2578 καὶ
1082 2524 1356 2589 ἀναϐάτας
1387 2524 1556 2596 πυρὸς

33 2621 290 2689 ωτὴγαγεν
313 2620 379 2672 ἐκ
400 2616 493 2672 τοῦ
517 2617 745 2689 οὐρανοῦ
767 2618 904 2690 πρὸς
935 2617 1184 2689 βοήθειαν
1209 2617 1286 2689 τῷ
1318 2617 1552 2690 Ἰσραήλ.

84 2711 414 2764 ἙΡΩΤΗΣΙΣ
446 2711 572 2763 ΠΕ’.
611 2711 674 2763 Εἰ
710 2710 830 2763 τότε
872 2709 989 2762 ἐστὶ
1030 2708 1207 2763 τελεία
1242 2709 1553 2776 ἀνάστασις,

110 2801 351 2865 ότὲλειος
383 2801 664 2855 ἀνίσταται
696 2800 1005 2872 ἄνθρωπος,
1032 2800 1147 2863 πῶς
1166 2800 1311 2869 λέγει
1336 2801 1474 2871 μετὰ
1498 2799 1556 2855 τὸ

33 2893 293 2947 ἰεσποτικδν
339 2893 513 2956 πάθος
553 2894 586 2963 ἡ
616 2892 829 2964 Γραφὴ,
867 2893 950 2946 ὅτι
985 2891 1154 2946 πολλά
1185 2890 1409 2962 σώματα
1450 2891 1556 2945 τῶν

33 3002 209 3056 tamur;
218 2984 395 3055 μένων
444 2984 614 3053 ἁγίων
647 2982 853 3054 ἠγέρθη
874 2998 888 3047 ;
911 2981 1043 3053 ὅπερ
1060 2982 1155 3035 οὐκ
1171 2976 1321 3035 εἶπεν
1336 2982 1428 3035 ἐπὶ
1448 2980 1557 3036 τῶν

33 3075 158 3130 ἱλλων
184 3070 257 3130 ὧν
293 3076 323 3129 6
355 3074 562 3147 Κύριος
595 3075 816 3146 ἤγειρεν
840 3090 855 3105 ’
884 3068 995 3128 οἷον
1020 3073 1113 3125 ἐπὶ
1150 3072 1422 3145 Λαζάρου,
1462 3073 1557 3127 καὶ

33 3170 91 3219 ἐπὶ
114 3168 194 3222 τοῦ
226 3167 345 3223 υἱοῦ
373 3168 475 3237 τῆς
510 3166 706 3237 χήρας,
734 3166 766 3235 ἢ
804 3166 931 3237 περὶ
961 3166 1061 3235 τῆς
1091 3163 1355 3237 θυγατρὸς
1404 3163 1557 3218 Ἰαεί-

33 3273 111 3317 σου,
139 3257 245 3310 ἀλλ’
270 3255 557 3319 ἀπολύτως
577 3256 658 3309 ὅτι
687 3255 834 3309 τόνδε
867 3254 899 3325 ἢ
930 3255 1085 3325 τήνδε
1122 3254 1401 3327 ἀνέστησε.
1432 3254 1556 3318 Πῶς

33 3343 187 3402 ιῦνέπὶ
218 3348 426 3403 τούτων
464 3347 627 3418 μόνον
667 3346 935 3417 σωμάτων
963 3345 1313 3409 ἀναστάσεως
1345 3347 1555 3418 μέμνη-

33 3459 103 3503 ται,
133 3443 218 3495 καὶ
250 3442 447 3512 ἐπάγει
472 3441 555 3494 ὅτι
585 3438 1011 3510 ἐνεφανίσθησαν
1042 3438 1294 3504 πολλοῖς;
1323 3439 1459 3510 ὅπερ
1482 3437 1557 3510 τῷ

33 3532 217 3604 πλείστῳ
259 3534 419 3605 μέρει
462 3529 767 3602 φαντασίας
816 3529 1071 3583 ὑπόνοιαν
1109 3528 1310 3582 δίδωσι.
1350 3530 1462 3583 Καὶ
1508 3530 1557 3583 εἰ

33 3622 77 3692 τῷ
106 3625 203 3678 όντι
232 3626 418 3695 ἀψυχα
449 3623 559 3695 (22)
586 3621 889 3692 ἀνέστησαν
930 3620 1178 3692 σώματα,
1223 3622 1316 3675 καὶ
1353 3622 1401 3674 εί
1433 3622 1559 3673 ἐπε-

34 3714 203 3783 Ξίωςαν,
227 3718 262 3790 ἧ
293 3716 498 3779 εὐθέως
519 3713 895 3786 ἐτελεύτησαν,
929 3714 960 3785 ἢ
990 3715 1238 3785 μένουσιν
1271 3715 1326 3766 ἐν
1360 3713 1559 3767 ἀθανα-

33 3809 106 3879 ria,
138 3810 225 3864 καὶ
270 3811 417 3871 ὅποι,
454 3808 549 3862 καὶ
595 3808 647 3860 τί
671 3810 784 3870 τοῖς
813 3807 931 3877 μετ’
964 3807 1202 3869 ἐκείνους
1233 3806 1297 3859 ἐκ
1328 3804 1436 3858 τῶν
1470 3806 1556 3859 ἐπ’

33 3900 166 3965 ιίιτοῖς
191 3901 494 3971 γεγονότων
519 3899 581 3954 τὸ
607 3900 797 3969 ὄφελος
832 3899 1033 3963 δίδωσι,
1067 3898 1295 3964 δίδαξον.

84 3993 468 4048 ’ΔΠΟΚΡΙΣΙΣ
495 3992 559 4045 Ei
586 3991 795 4045 τελείαν
830 3991 1122 4045 ἀνάστασιν
1144 3990 1344 4063 ταύτην
1366 3989 1559 4044 καλοῦ-

34 4100 96 4136 ιεν
131 4084 231 4139 τῶν
274 4082 655 4154 ἀνισταμένων
687 4080 1008 4154 ἀνθρώπων,
1042 4084 1149 4137 τῶν
1181 4081 1367 4153 ψυχῶν
1398 4083 1561 4135 εἰσοι-

33 4176 279 4247 ιιζομένων
316 4176 479 4231 πάλιν
511 4177 592 4240 είς
636 4174 703 4229 τὰ
738 4173 963 4245 σώματα
1007 4174 1117 4228 τῶν
1166 4174 1557 4244 ἀνισταμένων,

33 4268 143 4339 ῖῆλον
178 4270 258 4325 ὅτι
297 4271 502 4332 πάντες
525 4267 579 4321 οἵ
608 4285 668 4321 τε
702 4266 1048 4332 ἀναστάντες,
1082 4267 1135 4320 οἵ
1174 4283 1234 4319 τε
1278 4265 1560 4338 μέλλοντες

33 4362 437 4419 ίνίστασθαιὺπδ
469 4362 564 4415 τοῦ
597 4361 803 4432 Κυρίου
850 4361 1045 4415 τέλειοι
1083 4360 1384 4431 ἀνέστησαν
1426 4360 1557 4433 (25).

33 4453 271 4511 Ἀδῇνατον
316 4455 429 4527 γὰρ
457 4453 709 4523 γενέσθαι
733 4452 943 4525 νεκρῶν
973 4451 1285 4517 ἀνάστασιν,
1325 4454 1424 4525 τῆς
1454 4452 1557 4523 ‘i’u'

1583 3221 1625 3279 C

675 393 1141 462 QUIESTIONES
1174 393 1260 447 ET
1292 389 1814 449 RESPONSNLVES
1846 388 1940 443 AD
1975 383 2456 443 ORTIIODOXOS

3083 383 3220 438 1526

1652 508 1856 563 donum
1904 506 2242 577 duplicatum
2291 503 2519 558 Elisazus
2563 500 2903 572 impetravit,
2950 499 3223 570 quomodo

1650 592 1827 670 ueqtre
1855 597 2161 667 simplicia,
2205 610 2385 664 neque
2431 593 2667 663 duplicia
2709 592 2880 646 edidit
2923 592 3222 657 miracula,

1650 692 1812 762 quale
1834 699 1918 746 est
1947 689 2187 760 pluviam
2219 687 2466 742 inhibere
2491 726 2506 752 ,
2542 685 2683 741 fame
2714 693 2916 740 terram
2949 699 3223 754 premere,

1650 784 1891 839 cmlestis
1930 781 2073 852 ignis
2115 779 2172 834 in
2204 778 2456 834 victimas
2485 777 2709 848 lapsus,
2742 775 3085 832 sacerdotum
3115 774 3220 829 ini-

1650 887 1884 944 quorum
1915 870 2114 935 cmdes,
2146 868 2604 941 quinquagenarii
2635 865 2877 939 praefecti
2906 867 3048 937 ignis
3070 866 3227 921 holo-

1650 970 1902 1017 caustum
1932 960 2063 1015 facti
2094 966 2149 1016 et
2171 959 2404 1030 reliqua.
2448 957 2603 1014 Unde
2638 956 2809 1029 igitur
2842 955 3095 1013 Elisaeum
3138 955 3230 1012 de-

1652 1051 2048 1108 monstrabitur
2072 1059 2125 1106 et
2146 1052 2422 1121 propriam
2447 1048 2761 1122 petitionem
2781 1046 2975 1105 etEliaa
2999 1049 3231 1118 promis-

1652 1142 1863 1198 sionem
1896 1140 2243 1213 reportasse?

1725 1234 1924 1291 RESP.
1972 1234 2093 1291 Non
2139 1233 2296 1305 petiit
2337 1231 2566 1290 Elisazus
2617 1232 2952 1303 duplicatum
2998 1232 3227 1304 spiritus

1652 1330 1856 1386 donum
1876 1368 1891 1394 ,
1942 1338 2001 1383 ut
2026 1327 2218 1384 eadem
2259 1341 2426 1398 opera
2452 1327 2538 1383 bis
2566 1326 2788 1393 ederet,
2820 1324 2915 1383 sed
2946 1334 3005 1380 ut
3039 1335 3229 1397 posset

1654 1422 1978 1492 simpliciter
2019 1419 2281 1491 perficere
2323 1434 2662 1491 quaacunque
2709 1434 2848 1490 Opus
2894 1426 3013 1475 erat
3053 1419 3123 1473 ab
3162 1434 3230 1473 eo

1656 1515 1774 1570 ﬁeri
1805 1530 1930 1570 cum
1960 1513 2213 1569 uberiore
2246 1514 2536 1582 potestatis
2571 1515 2790 1569 virtute.
2826 1511 3098 1567 Petitione
3131 1529 3231 1567 au-
3276 1498 3285 1505 ’

1654 1615 1763 1663 tem
1800 1607 1952 1661 illum
1981 1607 2207 1663 minime
2233 1607 2503 1663 excidisse
2522 1647 2536 1673 ,
2569 1614 2843 1662 testantur
2870 1606 2939 1661 ab
2977 1622 3043 1662 eo
3070 1605 3231 1661 editae

1655 1715 1746 1755 res
1776 1699 2111 1755 admirandae
2131 1742 2147 1767 ,
2173 1715 2312 1770 quas
2347 1700 2547 1771 partim
2575 1700 2873 1769 simplices,
2908 1700 3106 1769 partim
3136 1700 3225 1754 du.

1656 1792 1828 1862 plices
1852 1793 2126 1863 praestitit.
2160 1791 2295 1847 Nam
2322 1793 2467 1863 quod
2490 1793 2628 1848 duos
2641 1793 2899 1847 excitavit
2920 1790 3228 1858 defunctos,

1656 1885 1885 1940 alterum
1912 1885 2093 1939 adhuc
2127 1886 2306 1949 vivus,
2338 1885 2569 1939 alterum
2595 1884 2709 1953 jam
2739 1893 2984 1941 mortuus
3014 1904 3028 1940 :
3060 1886 3235 1956 dupli-

1654 1987 1831 2031 catam
1881 1977 1936 2031 id
1974 1978 2085 2031 vim
2128 1978 2183 2031 in
2230 1976 2459 2047 reliquis
2492 1976 2808 2055 miraculis,
2842 1976 2889 2031 si
2930 1992 2993 2031 ea
3028 1978 3104 2031 uti
3136 1994 3232 2031 vo-

1654 2066 1871 2131 luisset,
1903 2065 2260 2121 exuberantis
2294 2066 2350 2120 in
2376 2082 2442 2121 eo
2464 2065 2662 2120 divina:
2690 2081 2789 2135 per
2825 2064 3087 2136 Spiritum
3114 2084 3234 2139 gra-

1655 2158 1781 2224 tiae,
1828 2158 2147 2214 declaravit.
2188 2158 2367 2228 Atque
2405 2158 2534 2212 Elia;
2576 2158 2794 2228 quidem
2845 2166 3119 2230 tempore,
3161 2159 3231 2214 ad

1655 2250 2031 2307 necessarium
2062 2267 2246 2317 usum,
2279 2250 2459 2305 Elisaei
2491 2266 2642 2313 vero,
2682 2265 2849 2321 supra
2883 2266 3042 2304 usum
3065 2291 3080 2317 ,
3122 2252 3229 2307 olei

1658 2341 1760 2397 fuit
1791 2343 2214 2399 incrementum.
2260 2342 2327 2397 Et
2360 2342 2508 2399 Elias
2550 2343 2730 2413 ignem
2765 2342 2832 2399 ad
2866 2341 3052 2399 hostes
3091 2344 3231 2398 ulci-

1658 2434 1921 2500 scendos,
1952 2433 2181 2490 Elisaeus
2212 2441 2393 2489 autem
2424 2449 2595 2505 equos
2619 2440 2673 2489 et
2701 2435 2914 2504 equites
2946 2435 3133 2507 igneos
3161 2436 3230 2492 ad

1657 2522 1875 2580 lsraelis
1899 2525 2163 2579 auxilium
2186 2523 2252 2580 de
2272 2525 2413 2580 omlo
2436 2523 2681 2580 deduxit.

1730 2702 2009 2771 QUEST.
2070 2702 2330 2760 LXXXV.
2357 2702 2415 2758 Si
2452 2712 2585 2761 tunc
2614 2704 2853 2775 perfecta
2897 2706 3232 2762 resurrectio

1657 2802 1772 2864 est,
1804 2812 1927 2852 cum
1974 2796 2252 2867 perfectus
2285 2798 2522 2869 resurgit
2556 2798 2753 2865 homo,
2792 2799 3067 2869 quomodo
3098 2799 3233 2855 dicit

1661 2887 1945 2959 Scriptura
1978 2896 2101 2958 post
2126 2888 2464 2944 Dominieam
2485 2888 2803 2946 Passionem
2825 2892 2994 2945 multa
3018 2901 3236 2949 sancto-

1662 2996 1781 3034 rum
1830 2980 2216 3035 dormientium
2266 2996 2499 3051 corpora
2539 2981 2711 3038 fuisse
2756 2984 3033 3049 excitata,
3082 2985 3232 3057 quod

1659 3070 1881 3142 quidem
1907 3088 2017 3127 non
2049 3073 2187 3127 dixit
2215 3074 2281 3129 de
2313 3074 2457 3138 aliis,
2493 3092 2631 3145 quos
2660 3075 2921 3132 Dominus
2951 3079 3233 3147 excitavit,
3304 3068 3319 3087 ⁸

1661 3163 1811 3217 velut
1840 3163 1907 3219 de
1935 3162 2143 3219 Lazaro
2172 3172 2226 3219 et
2257 3163 2367 3219 tilio
2393 3165 2568 3221 vidua:
2599 3174 2652 3221 et
2679 3162 2813 3220 Jairi
2846 3167 2955 3221 ﬁlia
2975 3208 2990 3233 ,
3021 3169 3118 3224 sed
3146 3170 3238 3225 ab-

1659 3256 1837 3311 solute
1872 3256 2019 3312 hunc
2057 3265 2151 3312 aut
2193 3257 2339 3311 illam
2375 3258 2543 3313 fuisse
2584 3258 2902 3315 excitatum.
2948 3260 3236 3327 Quomodo

1657 3362 1788 3417 ergo
1820 3348 1875 3402 in
1910 3347 1992 3402 his
2027 3354 2237 3403 tantum
2267 3364 2561 3420 corporum
2594 3352 3018 3408 resurrectionis
3050 3353 3240 3407 memi-

1658 3437 1773 3501 nit,
1819 3436 2078 3507 additque
2132 3440 2456 3509 apparuisse
2510 3441 2731 3506 multis,
2790 3441 2936 3512 quod
2985 3443 3238 3499 maxima:

1656 3528 1796 3597 parti
1814 3527 2182 3597 suspicionem
2201 3528 2598 3598 phantasmatis
2617 3531 2838 3600 praebet.
2856 3527 3033 3602 Atque
3048 3542 3234 3588 utrum

1658 3633 1849 3675 revera
1884 3619 2125 3674 animata
2147 3622 2550 3677 resurrexerint
2573 3622 2739 3695 474.
2776 3639 3026 3695 corpora,
3051 3632 3237 3682 utrum

1668 3713 2073 3783 supervixerint
2104 3722 2198 3767 aut
2229 3714 2415 3768 statim
2443 3714 2698 3779 obierint,
2735 3730 2804 3770 an
2832 3716 2888 3771 in
2915 3717 3239 3772 immortali-

1659 3814 1770 3862 tate
1800 3812 2077 3869 maneant,
2108 3813 2162 3860 et
2190 3806 2306 3870 ubi,
2332 3813 2386 3860 et
2407 3822 2528 3876 quae
2548 3821 2613 3861 ex
2637 3806 2744 3873 his,
2767 3823 2886 3879 quae
2916 3808 3022 3865 illis
3045 3824 3234 3865 evene-

1587 3964 1591 3968 _
1658 3906 1810 3963 runt,
1842 3897 1908 3952 ad
1935 3904 2184 3968 posteros
2206 3897 2520 3966 pervenerit
2546 3899 2776 3965 utilitas,
2800 3900 2989 3957 edoce.

1733 3989 1932 4044 RESP.
1968 3988 2023 4044 Si
2057 3990 2357 4061 perfectam
2394 3991 2544 4045 illam
2580 3990 2815 4046 dicimus
2845 3991 3127 4049 hominum
3154 4010 3237 4051 re-

1658 4084 1999 4155 surgentium
2028 4084 2504 4148 resurrectionem,
2531 4098 2655 4139 cum
2687 4085 2879 4139 animae
2900 4101 3118 4142 rursum
3145 4088 3234 4143 iu-

1654 4178 2025 4233 troducuntur
2066 4177 2123 4231 in
2160 4191 2391 4247 corpora
2434 4177 2869 4245 resurgentium,
2906 4177 3079 4248 liquet
3110 4196 3235 4249 per-

1660 4270 1835 4325 fectos
1862 4269 2235 4325 resurrexisse
2278 4283 2496 4333 omnes,
2535 4268 2630 4339 qui
2674 4268 2743 4323 ad
2790 4269 2957 4324 vitam
2995 4275 3235 4328 revocati

1660 4370 1789 4419 sunt
1821 4379 1851 4418 a
1882 4361 2137 4427 Domino,
2180 4361 2437 4431 idemque
2464 4360 2755 4416 dicendum
2788 4361 2855 4416 de
2891 4360 2959 4416 iis
2983 4404 2997 4429 ,
3022 4365 3114 4433 qui
3148 4381 3235 4420 re-

1658 4457 2025 4511 vocabuntur.
2052 4454 2196 4510 Fieri
2228 4455 2376 4510 cnim
2409 4470 2520 4509 non
2552 4460 2732 4523 potest
2762 4462 3102 4510 mortuorum
3153 4473 3235 4515 rc-

34 4546 95 4615 ίῆς
123 4549 188 4621 μὴ
219 4546 655 4617 είσοικιξομένης
682 4547 764 4609 είς
786 4545 846 4598 τὸ
871 4546 1069 4599 οἰκεῖον
1104 4545 1279 4616 σῶμα.
1314 4545 1435 4599 Κᾶν
1464 4542 1554 4599 οῦν

1693 4550 1952 4612 urrectio,
1980 4544 2090 4603 nisi
2119 4548 2303 4602 anima
2325 4546 2709 4602 introducatur
2730 4547 2786 4602 in
2810 4549 3091 4618 proprium
3117 4565 3236 4606 cor-

34 4638 120 4709 ;ῑπῃ
146 4641 177 4712 ἡ
201 4639 323 4695 θεία
363 4636 580 4710 Γραφὴ,
617 4638 700 4691 ὅτι
734 4638 762 4692 6
802 4638 947 4692 δεῖνα
979 4637 1177 4709 ἀνέστη
1217 4639 1281 4691 ἐκ
1330 4637 1438 4692 τῶν
1469 4654 1556 4691 νε-

33 4731 152 4801 ιρῶν,
180 4734 212 4807 ἦ
244 4734 331 4788 ὅτι
361 4731 593 4803 σώματα
617 4730 914 4802 ἀνέστησαν
940 4730 1005 4783 ἐκ
1041 4729 1150 4782 τῶν
1182 4729 1412 4801 νεκρῶν,
1450 4730 1555 4802 χρὴ

33 4824 133 4891 ῖμᾶς
172 4826 234 4880 δι’
266 4824 540 4898 ἑκατέρας
572 4824 753 4895 φωνῆς
778 4823 876 4895 τὴν
905 4823 1114 4877 τελείαν
1152 4825 1290 4876 νοεῖν
1324 4823 1558 4879 ἀνάστα-

33 4933 98 4977 ῖιν,
119 4918 208 4989 τὴν
238 4919 383 4973 κατὰ
414 4918 669 4971 ἀπόδοσιν
697 4916 877 4988 ψυχῆς
907 4915 984 4986 τῷ
1010 4915 1220 4988 σώματι
1243 4918 1552 4990 γινομένην

33 5011 89 5063 iii
123 5013 365 5084 καθάπερ
394 5012 524 5065 ὅταν
557 5010 684 5081 εἴπῃ
729 5010 762 5081 ἠ
798 5008 918 5062 θεία
960 5007 1172 5080 Γραφήο
1230 5010 1282 5063 Ὁ
1325 5010 1558 5081 ἐγείρας

33 5103 98 5155 ’ὸν
114 5106 324 5175 Κύριον
349 5103 521 5175 ἡμῶν
548 5101 781 5171 Ἰησοῦν
803 5100 1060 5170 Χριστὸν
1079 5101 1147 5154 ἐκ
1173 5102 1290 5155 τῶν
1329 5102 1557 5175 νεκρῶν

33 5191 322 5264 ,ἱνοποιήσει
352 5196 460 5262 τὰς
482 5193 688 5263 ψυχὰς
715 5190 813 5246 καί
848 5191 920 5247 τὰ
946 5191 1188 5261 σώματα
1218 5193 1405 5263 ἡμῶν,
1430 5193 1553 5248 οὔτε

96 5310 136 5343 ⁹¹
164 5310 324 5367 Rom.
356 5323 478 5375 vm,
505 5307 593 5363 Η.

69 5424 162 5498 (20)
192 5430 355 5483 Κατὰ
382 5425 630 5498 θυσιῶν.
687 5425 755 5481 Il.
791 5426 871 5481 St.
908 5426 1000 5479 καὶ
1028 5424 1260 5498 θυσιῶν,
1283 5423 1552 5479 Emenda—

34 5494 72 5546 ‘it
109 5494 459 5569 S'ylburgius,
528 5497 623 5566 qui
668 5498 755 5569 ita,
794 5497 1053 5569 scribere
1097 5496 1309 5569 maluit,
1351 5510 1553 5565 quam,

33 5565 192 5632 [unda
220 5565 509 5625 Schildero
534 5565 761 5637 preponi
788 5569 884 5631 ait,
912 5568 1003 5620 ἐπὶ
1034 5565 1249 5619 θυσιῶν.

73 5636 757 5707 (21)Πεντηκοντάρχων.
804 5638 1126 5708 Sylburgius
1160 5638 1419 5708 lacunam
1459 5651 1556 5708 εις-

34 5704 102 5760 ιιοι
141 5704 383 5781 Ιεεεηάὰ
422 5704 789 5764 ὁλοκαύτωσιν
812 5704 860 5773 ,’
885 5708 970 5763 vel
1016 5704 1321 5777 ίὸλόκληρον
1386 5704 1555 5759 ἐκπύ-

33 5790 171 5835 δωσιν.
1006 5806 1007 5809 ‘

74 5849 168 5919 (ἔτι)
197 5855 457 5927 Ἀψυχα.
494 5851 687 5909 Melius
712 5850 945 5924 ἔμψυχα,
996 5848 1256 5916 animata,
1281 5845 1555 5922 utconje-

1660 4658 1784 4715 pus.
1817 4639 1922 4696 Ubi
1955 4641 2121 4712 igitur
2146 4640 2281 4696 dicit
2312 4637 2597 4710 Scriptura
2632 4638 2783 4693 illum
2816 4640 3116 4709 hominem,
3150 4646 3235 4701 vel

1660 4740 1893 4807 Corpora
1922 4734 2294 4790 resurrexisse
2327 4748 2357 4787 a
2386 4732 2643 4798 mortuis,
2668 4740 2884 4803 Oportet
2912 4742 2971 4788 ut
3000 4742 3234 4808 utraque

1658 4847 1794 4887 voce
1820 4828 2118 4902 perfectam
2150 4828 2521 4899 intelligamus
2551 4828 3036 4893 resurrectionem,
3069 4845 3235 4900 quam

1660 4919 1839 4974 anima
1873 4907 2093 4989 corpdri
2143 4918 2401 4973 restituta
2441 4916 2638 4982 efﬁcit;
2680 4925 2733 4972 et
2771 4919 3234 4987 quemadmodum

1661 5005 1845 5064 divina
1874 5008 2157 5079 Scriptura
2179 5025 2301 5063 cum
2318 5001 2488 5063 dicit':
2516 5006 2621 5075 Qui
2646 5008 2923 5062 suscitavit
2950 5010 3237 5067 Dominum

1661 5112 1900 5157 nostrum
1926 5100 2111 5156 Iesum
2140 5099 2409 5156 Christum
2436 5118 2468 5153 a
2507 5101 2763 5165 mortuis,
2793 5101 3075 5171 viviﬁcabit
3117 5104 3235 5157 ani-

1657 5209 1775 5251 mas
1795 5206 1844 5251 et
1872 5212 2094 5266 corpora
2123 5206 2308 5251 nostra
2337 5196 2385 5229 ⁹²
2403 5235 2417 5260 ,
2446 5208 2547 5250 nec
2570 5193 2945 5263 imperfectam
2974 5196 3107 5251 dicit
3146 5211 3235 5252 re-

1651 5427 1726 5481 cit
1747 5426 1989 5498 Langus.

1649 5507 1671 5563 ly
1720 5499 1828 5571 (25)
1867 5496 2086 5571 Τέλειοι
2124 5501 2492 5570 ἀνέστησαν.
2532 5501 2747 5571 Langus
2777 5499 2958 5560 addit,
2988 5498 3081 5571 καὶ
3106 5496 3234 5549 ἀνα-

1653 5567 1946 5641 στήσεσθαι
1970 5571 2245 5640 μέλλουσι,
2298 5567 2441 5641 quod
2478 5567 2696 5641 quidem
2726 5570 2971 5641 libenter
2998 5567 3228 5641 adopta-

1652 5638 1768 5693 rem
1791 5638 2124 5707 (accuratior
2144 5644 2287 5695 enim
2315 5638 2511 5698 _esset—
2542 5638 2974 5709 sententia),nisi
3023 5638 3226 5709 scirem

1652 5712 1914 5783 nonnulla
1968 5712 2240 5765 interdum
2271 5714 2549 5783 _antiquos
2584 5708 2880 5780 scriptorcs
2914 5708 3227 5767 sultiutelii-

1651 5782 1825 5851 genda
1860 5782 2182 5852 relinquere.
2271 5781 2287 5786 “
