3638 6486
47 349 174 408 1329

734 344 1196 416 ΟυΑΞδτΙΟΝΕε
1230 343 1318 402 ΕΤ
1358 341 1573 400 BESPO

1763 339 1880 396 *iES
1919 340 2015 395 AD
2047 335 2536 398 ORTHODOXOS.

3149 335 3291 394 £330

46 464 290 540 μαθητῶν
321 464 415 521 τοῦ
451 464 662 539 Ἰησοῦ,
695 465 764 519 τὰ
801 466 888 519 ἐπ’
920 464 1148 536 ὀνόματι
1179 465 1274 520 τοῦ
1307 461 1486 535 Ἰησοῦ
1517 480 1573 532 γε

1763 459 1934 515 smine
1956 457 2088 516 Jesu
2121 459 2366 530 accepit,
2397 472 2521 512 cum
2567 455 2615 512 is
2647 453 2948 526 discipulos
2981 469 3112 511 suos
3140 455 3286 512 able-

45 560 242 628 γονότα.
279 558 412 613 Τότε
445 558 558 632 γὰρ
594 558 824 630 ἡκουσεν
866 556 895 609 6
931 554 1179 627 Ἡρώδης
1209 553 1272 610 τὸ
1303 555 1474 626 ὄνομα
1508 553 1603 609 τοῦ

42 651 222 724 Ἰησοῦ,
259 653 352 707 ὅτε
403 652 720 708 ἀπέστειλεν
751 653 780 706 6
810 650 1020 725 Ἰησοῦς
1055 651 1183 714 τοὺς
1217 649 1466 723 μαθητὰς
1503 649 1604 703 αὑ-

43 743 123 800 τοῦ
142 746 219 810 είς
250 744 354 810 τὰς
383 743 579 817 κώμας
623 745 715 800 καὶ
747 743 930 810 πόλεις
967 742 1261 817 κηρύττειν
1294 741 1393 815 τὴν
1442 741 1606 813 μετά-

43 855 194 904 νοιαν,
227 837 326 891 καὶ
360 837 684 911 θεραπεύειν
713 837 814 903 τὰς
845 837 1056 902 νόσους,
1107 836 1254 891 καθά
1285 851 1417 907 φησι
1448 835 1605 907 Μάρ-

42 947 123 993 κος
177 931 206 984 6
250 930 665 1003 εὐαγγελιστής.
688 930 798 984 Καὶ
830 929 940 1002 γὰρ
971 927 1134 994 αὐτὸς
1159 930 1189 984 6
1221 927 1475 1001 Ἰωάννης
1498 927 1604 1000 πρὸ

41 1023 125 1092 τῆς
167 1022 442 1094 ἐγέρσεως
489 1022 584 1078 τοῦ
635 1021 750 1077 υἱοῦ
790 1022 892 1094 τῆς
933 1023 1108 1096 χήρας
1139 1021 1241 1075 οὐκ
1262 1016 1332 1093 ἦν
1363 1019 1604 1084 ἀκούσας

40 1112 197 1166 πάντα
224 1112 331 1166 ὅσα
361 1112 616 1186 εποίησεν
639 1114 669 1166 6
708 1113 915 1185 Ἰησοῦς
946 1115 1006 1166 ὲν
1040 1114 1106 1184 τῇ
1139 1111 1396 1183 Γαλιλαίᾳ
1419 1129 1479 1166 τε
1507 1111 1602 1166 καὶ

38 1208 90 1277 τῇ
133 1205 491 1278 Ἰερουσαλὴμ
513 1244 528 1268 ,
565 1204 742 1260 καίτοι
793 1204 1004 1260 πολλῶν
1033 1205 1203 1259 ὄντων
1234 1204 1344 1260 τῶν
1371 1204 1472 1277 ἤδη
1504 1221 1600 1274 7s-

35 1299 336 1369 γενημὲνων
366 1298 472 1353 ὑπὸ
491 1299 584 1354 τοῦ
618 1299 873 1370 Σωτῆρος
904 1298 1218 1371 θαυμάτων,
1255 1298 1348 1352 καὶ
1378 1299 1483 1371 πρὸ
1506 1297 1598 1353 τοῦ

36 1392 278 1463 βληθῆναι
303 1391 394 1446 τὸν
417 1391 672 1462 Ἰωάννην
697 1394 778 1456 είς
805 1390 1071 1463 φυλακὴν,
1091 1393 1184 1446 καὶ
1213 1390 1352 1462 μετὰ
1375 1391 1437 1444 τὸ
1465 1391 1596 1464 βλη-

34 1484 172 1552 θῆναι
193 1483 360 1538 αὑτὸν
377 1485 457 1547 είς
468 1483 734 1554 φυλακήν.
762 1485 894 1538 Τότε
915 1484 1022 1557 γάρ
1038 1483 1323 1538 ἀπέστειλε
1339 1484 1464 1550 τοὺς
1488 1502 1595 1556 μα-

32 1575 182 1645 θητὰς
210 1574 382 1630 αὐτοῦ
409 1577 438 1630 6
469 1575 722 1647 Ἰωάννης
758 1576 894 1650 πρὸς
913 1577 1004 1630 τὸν
1036 1576 1244 1648 Ἰησοῦν
1281 1575 1470 1648 μαθεῖν
1489 1616 1506 1641 ,
1529 1579 1597 1632 El

30 1666 192 1734 αὐτὸς
202 1663 305 1722 eid
319 1665 814 1737 προσδοκώμενος
833 1666 1065 1732 ἐλθεῖν;
1081 1666 1222 1722 καθά
1237 1684 1368 1739 φησι
1384 1667 1595 1732 Λουκᾶς

33 1757 568 1831 μὲνόεωγγελιστὴς
597 1759 690 1814 τοῦ
706 1759 838 1831 (27).
874 1799 888 1814 .
927 1799 943 1816 .
978 1759 1368 1832 εὐαγγελιστὴς
1397 1761 1592 1814 ὲκεῑνο.

1706 548 1854 622 gavit
1883 549 1938 605 in
1975 549 2126 606 vicos
2156 556 2211 605 et
2237 548 2456 619 oppida,
2481 546 2547 602 ad
2579 545 2954 617 paenitentiam
2985 544 3288 615 praedican-

1704 639 1831 696 dam
1865 646 1920 695 et
1949 640 2171 696 morbos
2193 637 2501 703 curandos,
2532 637 2675 692 sicut
2707 637 2784 692 ait
2805 633 3020 693 Marcus
3051 651 3285 708 evange-

1709 733 1937 790 lista’a‘.
1963 731 2106 799 Quin
2119 739 2173 787 et
2204 731 2320 804 ipse
2347 729 2608 794 Joannes,
2632 737 2759 784 ante
2789 728 3174 785 resuscitatum
3207 728 3288 783 vi-

1703 826 1825 884 duae
1856 825 2056 892 tilium,
2092 841 2203 880 non
2247 823 2497 880 audierat
2537 821 2722 878 omnia
2755 836 3096 893 quaacunque
3124 815 3288 878 Jcsus

1703 919 1761 975 in
1794 919 2019 974 Galilaea
2061 928 2115 975 et
2155 915 2552 988 Hierosolymis
2598 918 2800 970 fecerat
2835 933 2848 970 :
2883 913 3133 984 quamvis
3171 911 3284 983 jam

1701 1011 1874 1066 multa
1907 1021 2094 1068 essent
2139 1026 2171 1066 a
2217 1009 2503 1065 Salvatore
2543 1008 2690 1064 edita
2729 1008 3022 1073 miracula,
3061 1015 3188 1062 ante
3233 1012 3287 1062 et

1701 1113 1826 1175 post
1879 1104 2189 1173 conjectum
2235 1103 2290 1157 in
2339 1101 2648 1158 custodiam
2698 1099 2988 1158 Joannem.
3032 1099 3108 1155 Eo
3136 1097 3282 1155 enim

1701 1204 1946 1269 tempore
1975 1196 2280 1267 discipulos
2329 1211 2461 1251 suos
2504 1194 2744 1250 Joannes
2795 1193 2864 1249 ad
2907 1193 3093 1250 Jesum
3135 1193 3286 1248 misit

1699 1297 2078 1361 percontatum
2121 1306 2134 1340 :
2176 1288 2320 1344 Tune
2371 1289 2460 1342 ille
2507 1305 2562 1342 es
2602 1289 2754 1358 cujus
2802 1286 3054 1341 adventus
3099 1295 3178 1340 est
3229 1285 3284 1338 in

1697 1382 2126 1450 exspectatione?
2177 1388 2338 1453 prout
2395 1381 2530 1434 dicit
2589 1380 2924 1451 evangelista
2988 1377 3164 1434 Lucas
3212 1377 3277 1431 ”.

1698 1477 2042 1546 Quapropter
2085 1473 2190 1529 hoc
2234 1488 2408 1539 unus,
2449 1471 2583 1528 illud
2616 1473 2756 1528 alius
2800 1455 2969 1528 refert
3010 1469 3285 1542 evangeli-

1698 1578 1929 1624 starusn.
2330 1575 2340 1590 ‘

85 1856 440 1910 ’EPDTHXI'E
468 1857 601 1911 HH’.
636 1856 700 1911 Εἰ
734 1853 918 1921 καθὼς
950 1857 984 1928 ἡ
1013 1855 1132 1910 Θεία
1164 1854 1404 1910 διδάσκει
1448 1856 1573 1929 Γρα-

1767 1836 2047 1905 ΟΗᾹΞΞΤ.
2091 1837 2423 1893 LXXXVIII.
2470 1837 2525 1893 Si
2550 1879 2564 1902 ,
2616 1847 2676 1892 ut
2706 1837 2892 1894 divina
2933 1836 3103 1892 tradit
3133 1835 3284 1892 Sari--

29 1947 107 2019 φὴ,
135 1948 226 2003 καὶ
248 1950 421 2020 ἡμεῖς
453 1948 917 2020 πεπιστεύκαμεν,
950 1948 1225 2022 ἁμαρτίαν
1253 1948 1534 2019 γεννηθεὶς
1564 1950 1593 2003 6

28 2041 238 2112 Χριστὸς
283 2043 393 2097 οὐκ
423 2042 682 2115 ἐποίησε,
714 2042 830 2107 πῶς
861 2042 1023 2096 πάλιν
1049 2041 1302 2113 ἀληθεύει
1337 2045 1370 2115 η
1399 2041 1592 2116 Γραφὴ

31 2132 129 2203 μεθ’
165 2133 338 2206 ὅρκου
395 2133 600 2206 βοῶσα,
637 2133 956 2202 ὅτιοὺδεὶς
1011 2135 1321 2205 γεννηθεὶς
1383 2135 1451 2200 ὃς
1478 2137 1592 2205 οὐχ

28 2225 289 2294 ἥμαρτεν,
327 2225 477 2282 οὐδὲ
498 2225 783 2296 πεφυκὼς
813 2226 882 2294 ὃς
915 2229 1025 2282 οὐκ
1065 2227 1377 2298 nuda-nae;
1407 2229 1513 2281 πᾶν
1537 2227 1594 2283 δὲ

29 2318 103 2372 καὶ
128 2317 326 2392 βρέφος
376 2319 490 2390 (28)
519 2320 578 2374 τὸ
611 2319 910 2391 σύγχρονον
951 2317 1027 2390 τῷ
1067 2318 1212 2390 τόκῳ
1251 2319 1400 2384 τέλος
1436 2319 1592 2387 δεξά-

31 2425 184 2476 μενον,
219 2410 252 2482 ῆ
295 2409 477 2484 βραχὺ
512 2409 676 2482 μέρος
708 2411 856 2482 ζωῆς
888 2409 1286 2482 κομισάμενον,
1317 2411 1594 2483 ἁμαρτίαν

29 2502 103 2554 καὶ
153 2502 424 2575 ἀνομίαν,
485 2501 523 2575 ἦ
583 2503 680 2600 τά.
705 2502 908 2559 τούτων
936 2503 1154 2560 ἐναντία
1203 2506 1423 2578 ποιῆσαι
1465 2505 1595 2578 ἠδύ-

31 2610 133 2649 νατο
147 2612 162 2661 ;

95 2772 486 2828 ΑΠΟΚΡῙΣῙΣ.
537 2773 632 2842 T6,
679 2775 891 2845 Οὐδεὶς
934 2777 1244 2846 γεννηθεὶς
1275 2777 1341 2845 ὃς
1372 2779 1486 2848 οὐχ
1523 2778 1594 2848 ἦ·

29 2879 236 2931 μαρτεν,
257 2865 410 2920 οὐδὲ
423 2866 706 2936 πεφυκὼς
721 2867 788 2934 ὃς
803 2871 914 2924 οὐκ
933 2871 1262 2939 ἡνόμησεν,
1279 2871 1339 2923 οὐ
1355 2871 1594 2925 δείκνυσι

29 2945 191 3015 ψευδὲς
213 2951 274 3004 τὸ
291 2950 428 3021 περὶ
447 2950 544 3004 τοῦ
570 2953 808 3025 Χριστοῦ
831 2955 1140 3026 εἰρημένον,
1159 2956 1239 3022 τὸ,
1271 2956 1594 3026 Ἀμαρτίαν

29 3040 116 3092 οὐκ
143 3041 421 3110 ἐποίησε.
452 3033 589 3116 Περὶ
640 3044 748 3116 γὰρ
777 3043 870 3098 τοῦ
906 3046 965 3110 ἐξ
991 3046 1183 3118 ἀνδρὸς
1217 3047 1312 3102 καὶ
1337 3047 1595 3118 γυναικὸς

1695 1941 1872 2005 ptura,
1905 1938 1960 1988 et
1991 1945 2098 1987 nos
2127 1930 2426 1995 credimus,
2463 1930 2750 1995 Christus,
2785 1929 2877 2000 qui
2910 1929 3126 2001 genitus
3174 1937 3282 1995 est,

1693 2034 1976 2096 peccatum
2000 2039 2111 2079 non
2137 2023 2286 2089 fecit,
2305 2022 2580 2094 quomodo
2596 2039 2625 2078 e
2642 2021 2862 2078 diverso
2884 2023 3165 2077 veritatem
3187 2021 3288 2076 οῦν

1694 2119 1871 2174 tinent
1900 2117 2096 2173 littera:
2122 2132 2314 2182 sacrae,
2341 2115 2705 2187 jurejurando
2737 2115 2956 2186 adjecto
2975 2113 3288 2170 vociferan-

1699 2220 1801 2275 tes,
1837 2226 1941 2264 non
1969 2226 2081 2265 esse
2109 2210 2342 2280 genitum
2370 2223 2684 2279 quemquam
2715 2207 2806 2278 qui
2838 2224 2940 2261 non
2972 2204 3281 2275 peccaverit,

1695 2318 1857 2374 neque
1898 2311 2080 2356 natum
2127 2303 2216 2372 qui
2252 2302 2587 2373 iniquitatem
2633 2301 2688 2355 in
2733 2316 2788 2354 se
2832 2316 2934 2354 non
2967 2297 3288 2351 admiserit?

1696 2392 1981 2461 Quomodo
2008 2401 2062 2449 et
2095 2392 2301 2457 infans,
2326 2393 2454 2462 quia
2486 2391 2749 2462 aequalem
2783 2389 2961 2460 partui
2997 2387 3155 2442 Iinem
3191 2401 3287 2441 ae-

1695 2487 1861 2557 cepit,
1892 2494 1987 2541 aut
2019 2487 2239 2543 brevem
2275 2487 2399 2542 vita:
2444 2493 2656 2557 partem
2691 2482 2922 2554 adeptus
2951 2488 3056 2546 est,
3089 2493 3286 2552 pecca-

1696 2588 1900 2637 tumet
1945 2579 2330 2651 iniquitatem,
2367 2585 2460 2635 aut
2494 2592 2621 2652 quae
2669 2576 2756 2656 his
2808 2572 3087 2632 contraria
3132 2582 3282 2638 sunt,

1697 2669 2120 2741 facempotuit?
2403 2672 2405 2674 ’

1769 2744 1968 2822 ΒΕΞΡ.
2004 2765 2129 2821 Ilaec
2154 2765 2318 2822 verba
2345 2784 2360 2822 :
2403 2763 2574 2820 Nemo
2604 2763 2810 2837 genitus
2837 2761 2928 2833 qui
2971 2778 3073 2817 non
3099 2775 3284 2831 pecca-

1696 2855 1848 2921 verit,
1881 2869 2043 2924 neque
2075 2863 2232 2909 natus
2274 2855 2364 2926 qui
2411 2871 2513 2909 non
2545 2853 2719 2924 inique
2748 2851 2908 2924 egerit
2947 2851 2988 2916 ⁸,
3018 2866 3128 2906 non
3159 2849 3284 2904 falsi

1699 2946 1880 3016 arguit
1927 2946 1981 3001 id
2012 2945 2160 3017 quod
2208 2947 2276 3003 de
2329 2944 2554 3002 Christo
2586 2945 2769 3000 dictus
2814 2952 2901 3002 est
2937 2960 2950 2996 :
3001 2943 3286 2998 Peccatum

1700 3054 1804 3093 non
1839 3037 1960 3108 fecit
1993 3041 2034 3093 ³.
2064 3037 2200 3092 Nam
2233 3039 2300 3094 de
2331 3053 2419 3103 eo,
2453 3037 2548 3108 qui
2584 3052 2652 3092 ex
2683 3038 2802 3092 viro
2833 3045 2888 3092 et
2928 3035 3154 3090 muliere
3192 3050 3284 3105 ge-

31 3133 358 3204 γεννηθέντος
391 3134 609 3208 εἴρηται
630 3138 658 3189 6
683 3137 840 3206 λόγος
871 3132 1046 3202 οὗτος.
1085 3138 1144 3194 Ὀ
1171 3140 1227 3194 δὲ
1265 3140 1498 3213 Χριστὸς
1527 3143 1573 3194 ὲ)

1763 3135 1850 3183 tus
1899 3135 2018 3193 est,
2066 3129 2213 3183 dicta
2261 3127 2378 3182 hac
2426 3128 2614 3183 verba.
2667 3125 2919 3182 Christus
2972 3132 3154 3181 autem
3215 3139 3279 3179 ex

31 3191 515 3292 ilvetiiia'rog-dqioti
546 3227 640 3280 καὶ
663 3191 766 3298 τῆς
797 3191 958 3296 άγίας
985 3191 1247 3304 ἐγεννήθη

1763 3220 1909 3275 ιίτίιιι
1943 3229 2137 3276 sancto
2174 3229 2229 3276 et
2276 3227 2469 3276 saneta
2513 3220 2730 3292 genitus
2764 3217 3007 3292 Virgine.
3045 3217 3139 3273 Sic
3186 3233 3285 3273 au-

31 3312 217 3370 Νοείται
249 3317 307 3371 δὲ
347 3317 379 3370 6
420 3317 578 3387 λόγος
601 3319 795 3384 οὕτως’
836 3322 1028 3386 Οὐδεὶς
1059 3323 1316 3393 πεφυκὼς
1343 3327 1594 3398 ἁμαρτά-

31 3408 190 3481 νειν,ἢ
238 3411 491 3482 ἀνομεῖν,
548 3412 608 3476 ὃς
648 3414 746 3484 οὐχ
795 3414 1062 3488 ἥμαρτεν,
1106 3416 1138 3487 ἢ
1196 3417 1297 3471 οὐκ
1324 3418 1589 3490 ⁴ηνόμησε.

32 3498 215 3570 Πὲφυκε
246 3503 304 3558 δὲ
340 3504 678 3576 ἁμαρτάνειν
705 3509 734 3560 6
763 3507 902 3561 κατὰ
931 3509 1029 3582 τὴν
1056 3508 1376 3582 αὐθαίρετον
1403 3513 1596 3584 προαί-

33 3608 155 3660 ρεσιν
178 3596 330 3664 ἄγων
353 3597 550 3651 ἑαυτὸν
573 3599 653 3662 είς
699 3599 761 3654 τὸ
801 3601 1061 3672 πράττειν
1092 3601 1128 3656 ἃ
1175 3601 1443 3672 βούλεται,
1484 3604 1595 3658 εἴτε

33 3684 202 3752 ἀγαθὰ,
228 3688 344 3742 εἴτε
375 3687 578 3758 φαῦλα.
615 3689 688 3744 T6
726 3692 782 3746 δὲ
809 3692 1029 3765 βρέφος,
1088 3695 1186 3749 ἅτε
1234 3693 1388 3750 οῦπω
1412 3695 1470 3750 ὃν
1495 3696 1594 3769 τῆς

34 3778 257 3851 τοιαύτης
305 3780 614 3852 δυνάμεως,
649 3783 806 3856 δῆλον
844 3786 928 3838 ὅτι
970 3787 1091 3840 οὐδὲ
1128 3787 1374 3857 πέφυκεν
1411 3789 1593 3862 ἀμαρ-

35 3869 200 3925 τάνειν.
249 3874 366 3927 Καὶ
411 3875 501 3928 τόο
542 3875 638 3942 Τίς
666 3874 779 3946 (29)
811 3877 921 3947 γὰρ
953 3879 1213 3947 καθαρὸς
1258 3879 1373 3953 (50)
1424 3883 1596 3936 ἔσται

33 3959 128 4013 ἀπὸ
158 3965 390 4031 ρύπου;
429 3966 594 4019 Ἀλλ’
628 3966 848 4034 οὐδεὶς,
900 3967 1009 4022 ἐὰν
1041 3970 1140 4023 καὶ
1190 3971 1300 4039 μία
1339 3970 1531 4040 ἡμέρα
1561 3975 1594 4026 ό

32 4051 143 4119 βίος
182 4057 374 4110 αὐτοῦ
425 4056 524 4111 ἐπὶ
564 4057 676 4125 τῆς
714 4057 852 4128 τῆς,
895 4061 1070 4116 οὐδενὶ
1115 4062 1301 4134 τρόπῳ
1333 4061 1590 4134 ἁρμό[ζει

35 4143 94 4214 τῷ
107 4146 337 4222 βρέφει]⁶
368 4149 430 4202 τὸ
459 4149 570 4220 γὰρ
598 4151 712 4221 βίος
733 4153 855 4205 ἀντὶ
877 4154 980 4223 τῆς
1013 4153 1288 4218 πολιτείας
1309 4153 1554 4228 ὲ[λέχθη]
1575 4173 1588 4186 ·

35 4235 94 4306 τῷ
115 4239 167 4291 δὲ
197 4239 393 4314 βρέφει
426 4240 616 4315 ὥσπερ
637 4243 735 4298 οὑκ
766 4243 882 4298 ἐστι
908 4246 1151 4301 πολιτεία
1173 4286 1190 4311 ,
1217 4248 1339 4302 οὐδὲ
1373 4247 1505 4319 βίος.

87 4417 431 4476 ἘΡΩΤΗΣΙΣ
455 4423 585 4480 119'.
615 4425 677 4478 Ei
701 4426 762 4481 τὸ
813 4426 1025 4493 σκεῦος,
1066 4428 1204 4500 ὅπερ
1228 4431 1256 4484 6
1298 4430 1504 4503 Πέτρος
1534 4434 1596 4486 ὲν-

1694 3321 1804 3367 tem
1836 3313 2157 3384 intelligitur
2187 3311 2319 3368 illud
2353 3312 2560 3368 dictum
2589 3332 2601 3367 :
2628 3310 2798 3368 Nemo
2830 3311 3029 3368 habilis
3063 3310 3131 3366 ad
3165 3326 3285 3380 pec-

1695 3404 1933 3459 candum
1967 3415 2059 3460 aut
2092 3406 2278 3476 inique
2317 3404 2587 3478 agendum
2607 3445 2622 3471 ,
2653 3405 2746 3478 qui
2779 3421 2889 3460 non
2919 3403 3160 3476 peccarit
3189 3410 3283 3458 aut

1696 3495 1884 3566 inique
1919 3497 2111 3568 egerit.
2144 3497 2354 3552 Habilis
2380 3505 2562 3554 autem
2597 3497 2664 3552 ad
2690 3495 3028 3569 peccandum
3057 3506 3161 3562 est,
3185 3496 3280 3567 qui

1697 3603 1802 3660 pro
1830 3589 2003 3647 libero
2031 3591 2260 3646 arbitrio
2292 3591 2400 3646 dux
2437 3592 2542 3647 sibi
2575 3592 2692 3662 ipse
2719 3601 2804 3647 est
2837 3593 2904 3647 ad
2936 3605 3000 3647 ea
3025 3605 3146 3662 qum
3165 3590 3283 3645 vult

1697 3681 1980 3751 facienda,
2028 3685 2142 3741 sive
2197 3685 2336 3740 bona
2360 3725 2376 3747 ,
2413 3684 2530 3740 sive
2567 3687 2730 3740 mala.
2765 3683 3036 3740 Infantem
3071 3691 3275 3748 autem,

1697 3783 1887 3846 utpote
1925 3777 2168 3830 nondum
2215 3778 2267 3832 vi
2315 3777 2586 3848 ejusmodi
2640 3777 2929 3849 praeditum
2952 3817 2968 3842 ,
3004 3791 3180 3846 neque
3209 3777 3278 3831 ad

1695 3869 2035 3939 peccandum
2071 3869 2304 3925 habilem
2335 3885 2456 3926 esse
2490 3871 2545 3925 in
2589 3879 2840 3942 promptu
2873 3878 2978 3926 est.
3007 3869 3184 3940 Atque
3213 3871 3281 3924 il-

1697 3961 1792 4017 Ind
1823 3977 1838 4016 :
1879 3961 2012 4029 Quis
2061 3964 2199 4018 enim
2230 3964 2457 4020 mundus
2488 3966 2588 4020 erit
2617 3983 2650 4019 a
2693 3963 2891 4020 sorde?
2917 3961 3088 4018 Nemo
3118 3973 3288 4029 certe,

1695 4059 1914 4113 etiamsi
1961 4057 2040 4114 vel
2085 4075 2193 4114 una
2225 4059 2334 4114 dies
2381 4059 2451 4113 sit
2489 4060 2597 4113 vita
2627 4058 2787 4114 illius
2826 4073 2983 4127 super
3013 4068 3208 4113 terram
3235 4057 3277 4120 ³,

1695 4153 1849 4208 nullo
1888 4151 2049 4207 modo
2096 4153 2354 4208 convenit
2400 4149 2616 4207 infanti.
2645 4150 2774 4205 Vita
2822 4151 2969 4206 enim
3013 4164 3112 4220 pro
3157 4149 3279 4203 vitae

1694 4245 1949 4301 instituto
1980 4247 2156 4316 posita
2203 4256 2306 4302 est.
2344 4244 2529 4300 Infans
2561 4251 2741 4300 autem
2773 4252 2834 4299 ut
2872 4244 2995 4298 vita:
3023 4241 3278 4298 instituto

1693 4345 1866 4400 caret,
1900 4338 1974 4391 ita
2005 4347 2059 4392 et
2091 4338 2220 4393 vita.

1765 4430 2046 4497 QU/ES'I‘.
2086 4429 2370 4485 LXXXIX.
2408 4427 2464 4484 Si
2498 4445 2590 4485 vas
2624 4433 2778 4501 illud,
2821 4427 2965 4499 quod
2995 4426 3190 4481 Petrus
3217 4425 3274 4481 in

33 4512 84 4579 τῇ
109 4514 339 4589 ὀπτασίᾳ
366 4518 643 4581 τεθέαται,
688 4514 799 4590 εἶχε
831 4519 900 4574 τὰ
941 4519 1160 4592 καθαρὰ
1193 4522 1414 4577 πετεινὰ
1450 4523 1564 4594 (51)

1763 4524 1908 4580 sione
1931 4523 2088 4588 vidit,
2115 4523 2316 4578 munda
2338 4523 2521 4577 omnia
2553 4531 2608 4576 et
2631 4519 2910 4575 immunda
2932 4518 3272 4583 continebat,

35 4641 84 4656 ..
119 4607 296 4673 καθὼς
367 4612 500 4682 ἡμῖν
552 4614 586 4682 ἡ
635 4612 824 4684 Γραφὴ
871 4613 1209 4685 παραδίδωσι
1236 4653 1252 4669 .
1289 4654 1304 4669 .
1345 4654 1360 4669 .
1391 4615 1588 4671 πάντα

34 4698 160 4771 φωνὴ
208 4703 585 4775 περιληπτικὴ
629 4705 954 4777 ἀμφοτέρων
1008 4706 1118 4760 τῶν
1178 4706 1585 4779 προλεχθέντων

35 4788 187 4856 καθὼς
211 4793 483 4866 ἕστηκεν
513 4790 632 4849 εἶτα
664 4795 823 4850 θῦσαι
846 4797 941 4850 καὶ⁵
985 4800 1180 4868 φαγεῖν
1219 4800 1296 4852 ἐκ.
1323 4797 1430 4851 τῶν
1475 4797 1584 4852 63t-

1693 4615 2153 4687 quemadmodum
2184 4615 2344 4670 nobis
2375 4611 2656 4683 Scriptura
2691 4612 2856 4666 tradit
2892 4627 2906 4664 :
2939 4611 3071 4666 illud
3102 4610 3272 4675 enim,

1693 4708 1893 4773 omnia,
1931 4723 2034 4761 vox
2061 4713 2167 4769 est,
2191 4722 2311 4776 qua:
2339 4713 2501 4775 prout
2536 4704 2711 4776 posita
2741 4713 2846 4772 est,
2876 4713 3128 4774 utraque,
3154 4718 3274 4773 quin

1689 4799 1959 4866 diximus,
1995 4801 2408 4871 complectitur;
2447 4797 2842 4871 476.1Icinde
2886 4798 3051 4854 etiam
3098 4797 3146 4856 si
3181 4811 3280 4854 oc-

85 4945 141 4977 ”'
171 4947 339 5006 Marc.
374 4965 463 5015 ni,
498 4950 584 5006 i5.
661 4952 706 4984 ⁸³
737 4949 870 5005 Luc.
909 4966 1006 5016 νυ,
1045 4951 1134 5008 i9.
1212 4952 1231 4983 ί
1269 4949 1338 5005 ΠΙ
1369 4949 1504 5022 30-3-
1529 4968 1573 5006 "l

1764 4991 1780 5008 .
1855 4952 2013 5009 ’=lsa.
2043 4969 2165 5020 Llll,
2200 4954 2262 5009 5..
2333 4955 2354 4986 ³
2384 4953 2506 5010 Job.
2544 4971 2656 5023 xw,

90 5104 189 5182 (Ξῖ)
218 5107 672 5182 Εὐαγγε.ζιστῇς
693 5109 822 5182 τοῦ.
852 5107 951 5182 5ἰοΔ
973 5109 1224 5165 lacunam
1257 5111 1436 5180 explet
1463 5110 1574 5182 Syl-

37 5173 232 5254 hurgins
266 5197 279 5231 :
311 5173 530 5254 usus;
558 5173 710 5254 9&6
737 5179 1127 5254 εὐαγγελιστὴς
1149 5173 1584 5254 τοῦτοξΜάρκος

35 5243 79 5296 δὲ
99 5247 124 5297 6
147 5247 532 5320 εὺαηελιστὴς
554 5243 764 5320 ἐκεῖνος
782 5243 1036 5305 δεὶιἐιιηι
1062 5243 1163 5306 hoc
1191 5253 1312 5308 loco
1343 5243 1467 5307 non'
1486 5243 1587 5307 Lu-

37 5329 130 5391 eas,
160 5317 247 5372 sed
271 5317 502 5391 Marcus
547 5333 670 5372 cum
718 5319 969 5391 Matthzeo
1017 5323 1362 5388 concilietur,
1397 5324 1592 5391 legem»

37 5383 144 5464 dum
173 5389 353 5464 potius
383 5389 799 5464 videtur,_xaeo't
832 5409 970 5464 φησι
995 5394 1228 5457 Λουκᾶς.
1272 5396 1329 5448 Ὀ
1349 5383 1586 5464 ⁷μὲνοῦν

39 5456 394 5576 ἷῦαγγελιστὴς
420 5460 602 5524 τοῦτο,
624 5460 808 5534 ἔτερος
825 5456 882 5516 δὲ
912 5465 1105 5517 ἐκεῖνο.
1138 5456 1214 5519 Ita
1245 5456 1587 5522 intellexerat

75 5543 246 5576 annus-

75 5543 247 5596 angus.

94 5596 199 5678 (28)
220 5601 350 5656 Πᾶν
371 5601 440 5655 δὲ
475 5601 571 5678 καὶ
597 5602 844 5678 ,βρέφοςί
881 5600 1058 5678 Probe
1090 5605 1226 5659 vidit
1263 5605 1586 5678 Sylburgius

39 5662 292 5743 legendum
323 5689 447 5727 esse
476 5662 676 5743 πῶςδὲ
699 5662 1033 5743 καῖ’βρέφοςο

226 5743 332 5814 καὶ
357 5744 445 5796 τό*
478 5743 587 5808 τίς.
623 5742 696 5797 Ita
727 5737 1009 5814 Regfediti
1044 5745 1137 5798 καὶ
1163 5745 1225 5799 τὸ
1252 5746 1372 5814 τῆς.

99 5809 198 5882 (50)
231 5813 323 5879 Τίς
351 5814 460 5884 γὰρ
489 5815 761 5884 καθαρός.
794 5809 995 5870 Locum
1022 5815 1269 5871 mutilum
1301 5809 1459 5874 facile
1488 5833 1583 5873 ex-

1692 5114 1858 5196 plent_
1887 5115 2336 5198 duoLSeripturm
2363 5119 2569 5198 'verba,
2615 5136 2818 5198 nempe
2860 5123 2967 5195 γὰρ
3011 5121 3268 5198 καθαρρς.

1689 5201 1813 5263 qua-
1847 5187 1899 5241 in
1933 5187 2096 5263 editis
2137 5187 2395 5263 deerant,
2423 5189 2590 5263 lineis
2623 5187 2822 5249 inclusi
2859 5187 2980 5263 qua:
3021 5194 3105 5263 ad
3133 5187 3270 5263 alias

1692 5256 1918 5338 lacunas
1947 5260 2481 5338 egplcndasaddidi.
2501 5263 2620 5338 Alia
2651 5256 2998 5338 lacuna-post
3025 5261 3270 5338 πολιτεία

1691 5328 1941 5396 apposita
1976 5328 2077 5384 fuit
2126 5346 2157 5384 a
2211 5331 2612 5398 lihrariis;-sed
2642 5348 2769 5388 cum
2820 5328 2955 5388 nihil
3006 5332 3150 5387 desit
3199 5331 3268 5386 ad

1690 5399 1980 5475 sententia
2009 5402 2240 5467 seriem,
2271 5419 2381 5458 non
2407 5403 2624 5458 videtur
2662 5403 2845 5475 magni
2874 5402 3132 5475 facienda
3153 5401 3270 5475 haec

1689 5469 2042 5546 librariorum
2077 5477 2402 5539 auctoritas,
2433 5475 2528 5546 qui
2566 5469 2792 5532 lacunas
2832 5489 2975 5543 saepe
3007 5472 3100 5526 ubi
3129 5472 3270 5527 nihil

1688 5539 1861 5616 dee§t,
1893 5558 2036 5616 saepe
2067 5547 2158 5601 ubi
2195 5539 2466 5616 perpauca
2487 5546 2706 5616 desunt.
2742 5539 2929 5616 longas
2961 5551 3263 5616 apponunt.

1761 5612 1886 5684 (5|),
1912 5614 1987 5667 Τὰ
2028 5612 2255 5684 καθαρὰ
2293 5612 2547 5669 uergini.
2597 5615 2908 5684 Legendum
2952 5612 3166 5668 videtur
3196 5612 3268 5684 τὰ

1689 5681 1909 5759 καθαρᾴ
1932 5685 2108 5759 πάντα
2150 5681 2244 5743 καὶ
2283 5685 2584 5757 ἀκάθαρτα.
2614 5681 2810 5742 Postea
2857 5685 3144 5759 legendum
3175 5683 3268 5738 καὶ

1687 5754 1795 5828 γὰρ
1829 5754 2088 5827 ήζπάντα.
