3638 6474
411 329 536 391 1531

1151 337 1512 396 APPENDIX.
1554 369 1624 380 -—
1660 335 1845 394 PARS
1881 337 1922 393 1.
1965 339 2022 394 S.
2062 341 2332 398 JUSTINI
2370 343 2602 400 OPERA
2643 343 2914 402 SPURIA.

3483 340 3579 397 135!

402 455 588 508 cidere
641 462 693 508 et
744 456 1029 513 comedere
1073 457 1140 513 de
1189 459 1311 523 his,
1357 473 1478 528 qua:
1527 456 1965 512 ostendebantur.

2098 462 2320 532 (θέντων
2345 465 2373 516 6
2405 463 2568 526 αὐτὸς
2594 459 2932 523 Ἀπόστολος,
2963 457 3411 534 ἀπροσδιορίστως
3431 459 3582 512 κελευό-

333 594 354 610 ,
401 545 545 601 idem
580 549 860 616 apostolus
891 550 1011 604 sine
1040 545 1395 606 distinctione
1425 550 1616 620 jussus
1651 549 1928 605 recusavit
1960 568 1974 605 :

406 636 776 708 Nequaquam,
809 640 1050 708 Domine,
1076 643 1360 714 inquiens,
1396 658 1663 713 nunquam
1707 658 1979 697 commune

407 738 502 782 aut
548 731 877 785 immundum
923 734 1124 788 comedi
1171 736 1221 798 ’⁵,
1271 735 1544 805 quomodo
1591 750 1656 790 ex
1709 735 1979 803 ejusmodi

403 822 588 879 verbis
636 839 746 879 non
780 834 1002 895 apparet
1047 827 1229 880 omnia
1277 826 1506 882 rationis
1537 827 1780 897 expertia
1820 827 1889 882 ab
1913 843 1978 883 eo

401 915 581 983 rejici,
618 923 678 970 ut
710 917 1019 982 immunda,
1059 933 1291 988 eumque
1322 920 1414 989 qui
1440 919 1782 983 hortabatur,
1818 927 1878 974 ut
1911 919 1980 977 de

403 1007 492 1063 his
534 1007 736 1074 ederet,
772 1017 834 1064 ut
863 1011 930 1067 de
962 1010 1245 1067 immundo
1279 1012 1402 1068 cibo
1451 1021 1673 1083 gustare
1695 1012 1976 1083 jubentem

404 1101 749 1171 reprehendi.

474 1215 674 1274 RESP.
705 1217 783 1273 Ex
816 1217 960 1277 Petri
1011 1219 1369 1291 responsione
1415 1220 1685 1278 discimus
1729 1237 1975 1292 quaenam

403 1306 461 1361 in
494 1308 724 1368 sindone
753 1319 938 1367 essent
977 1313 1256 1380 animalia,
1286 1312 1546 1368 nimirum
1591 1314 1707 1369 sola
1741 1313 1978 1369 immun-

400 1398 470 1459 da
516 1415 740 1472 :neque
770 1405 1085 1460 necessario
1130 1420 1234 1460 vox
1284 1407 1464 1463 omnia
1511 1405 1892 1479 complectitur
1923 1414 1978 1462 et

399 1491 624 1548 munda.
656 1494 895 1552 Possunt
935 1497 1079 1552 enim
1114 1497 1299 1552 omnia
1343 1497 1715 1569 quadrupedia
1747 1507 1800 1554 et
1826 1498 1979 1555 vola-

397 1583 516 1637 tilia
551 1584 659 1640 dici
691 1601 754 1643 ea
785 1587 949 1642 etiam
971 1605 1092 1660 quae
1115 1589 1392 1644 immunda
1417 1599 1566 1648 sunt.
1597 1589 1730 1645 Illud
1763 1598 1972 1647 autem:

404 1673 749 1748 Nequaquam
769 1718 784 1745 ,
833 1679 1054 1736 Domine
1087 1698 1107 1736 :
1132 1699 1400 1752 nunquam
1433 1699 1704 1737 commune
1753 1692 1845 1736 aut
1875 1683 1978 1737 im-

401 1769 657 1824 mundum
705 1772 927 1838 comedi,
982 1774 1051 1828 ad
1098 1783 1381 1845 aspectum
1434 1776 1698 1843 omnium,
1750 1792 1873 1848 qua:
1923 1778 1974 1834 ei

402 1871 704 1918 monstrata
743 1865 796 1918 in
844 1865 1073 1922 sindone
1123 1865 1364 1933 fuerunt,
1403 1884 1512 1922 non
1546 1869 1614 1926 de
1642 1869 1972 1941 quibusdam

399 1955 698 2024 respondit.
733 1955 839 2014 Vas
883 1958 1048 2028 igitur
1075 1961 1256 2017 omnia
1291 1961 1532 2018 volatilia
1573 1971 1628 2018 et
1665 1963 1976 2035 quadrupe-

399 2043 488 2102 dia
531 2049 817 2121 complecti
865 2050 1094 2118 dicitur,
1127 2059 1187 2106 ut
1222 2052 1277 2108 id
1325 2055 1469 2124 quod
1516 2055 1855 2118 immundum
1890 2063 1976 2116 est

398 2149 796 2206 assumeretur,
842 2143 1001 2214 quasi
1052 2145 1260 2201 dictum
1305 2155 1475 2213 esset,
1526 2148 1582 2203 in
1628 2165 1738 2220 quo
1789 2150 1973 2205 omnia

397 2240 553 2286 erant
585 2232 869 2290 immunda
897 2237 1138 2294 volatilia
1172 2246 1226 2294 et
1263 2240 1449 2294 omnia
1483 2241 1881 2312 quadrupedia.
1907 2241 1974 2300 Et

392 2323 852 2392 quemadmodum
882 2343 1007 2382 cum
1045 2327 1331 2401 Scriptura
1365 2332 1550 2386 divina
1573 2333 1705 2388 dicit
1736 2352 1748 2388 :
1786 2333 1972 2392 Omnis

392 2416 493 2472 viri
525 2428 682 2488 caput
714 2421 960 2478 Christus
1001 2423 1079 2479 e'st
1101 2425 1156 2492 ';
1191 2442 1320 2491 vox,
1367 2429 1560 2494 omnis,
1593 2429 1974 2499 non‘comple—

392 2512 559 2566 ctitur
590 2513 801 2577 ﬁdelem
835 2525 888 2573 et
927 2518 1202 2576 inﬁdelem
1236 2521 1435 2586 virum,
1469 2522 1564 2577 sed
1608 2521 1818 2578 ﬁdelem
1851 2531 1972 2580 tan-

391 2610 547 2671 tum;
583 2606 666 2662 vir
697 2607 843 2663 enim
880 2609 1055 2667 ﬁdelis
1090 2627 1292 2682 corpus
1327 2621 1412 2669 est
1458 2613 1692 2678 Christi,
1728 2622 1784 2669 et
1811 2614 1971 2670 Chri-

391 2702 511 2754 stus
547 2697 720 2755 ﬁdelis
757 2701 860 2756 viri
896 2703 1098 2757 dicitur
1129 2712 1294 2775 caput
1323 2721 1335 2756 :
1373 2705 1446 2760 ita
1476 2721 1577 2760 nec
1605 2723 1729 2770 vox,
1767 2708 1966 2772 omnia,

388 2788 769 2857 complectitur
803 2791 1008 2847 munda
1054 2801 1109 2850 et
1157 2795 1473 2859 immunda,
1526 2812 1623 2866 per
1660 2812 1781 2866 qua:
1833 2812 1971 2868 prte-

389 2888 693 2936 monstrata
734 2890 820 2940 est
859 2882 1024 2939 Petro
1055 2887 1358 2957 assumptio
1404 2887 1806 2942 immundarum
1837 2904 1970 2959 gen-

388 2972 548 3035 tium,
580 2989 812 3044 quarum
845 2975 1012 3036 corda
1048 2993 1145 3053 per
1174 2978 1331 3042 ﬁdem
1369 2979 1573 3040 Christi
1609 2979 1752 3036 Deus
1775 2996 1971 3057 expur-

391 3065 559 3134 gavit.

461 3263 741 3331 QUALST.
783 3268 891 3325 XC.
937 3269 993 3326 Si
1025 3272 1111 3341 pia
1141 3273 1353 3328 ratione
1384 3276 1613 3344 permoti
1639 3277 1966 3347 patriarchae

386 3366 444 3412 et
479 3358 584 3414 sibi
633 3361 767 3430 ipsis
796 3370 852 3419 et
899 3363 1088 3420 liberis
1123 3365 1240 3420 suis
1273 3381 1472 3420 uxores
1513 3382 1580 3422 ex
1624 3373 1840 3439 propria
1873 3385 1968 3424 co-

387 3451 642 3520 gnatione
686 3465 1040 3522 acceperunt,
1091 3444 1368 3526 quomodo
1415 3471 1524 3512 non
1575 3468 1768 3529 praeter
1816 3465 1964 3533 pium

389 3543 797 3613 progenitor-um
840 3548 1180 3617 propositum
1222 3546 1425 3620 Ioseph
1466 3557 1519 3605 et
1567 3551 1780 3624 Moyses
1824 3554 1967 3610 fece-

388 3644 545 3700 runt,
599 3635 689 3692 hic
733 3635 1082 3709 Egyptiam,
1131 3639 1235 3698 iste
1276 3638 1684 3701 Madianitidem
1738 3660 1965 3701 uxorem

385 3733 672 3788 ducendo?

460 3846 662 3904 RESP.
713 3849 771 3904 Si
823 3849 984 3904 veriti
1033 3851 1397 3921 patriarchm,
1431 3869 1500 3909 ne
1548 3853 1644 3908 ﬁlii
1678 3869 1708 3908 a
1761 3855 1965 3925 pietate

385 3949 771 4009 avocarentur,
804 3944 1030 4000 minime
1059 3946 1141 4001 eis
1174 3947 1564 4016 permiserunt,
1604 3959 1664 4001 ut
1691 3963 1758 4003 ex
1789 3947 1965 4018 genti-

384 4032 490 4087 bus
524 4047 722 4089 uxores
752 4033 1049 4101 ducerent,
1079 4035 1294 4107 Moyses
1327 4045 1508 4092 autem
1541 4046 1596 4093 et
1624 4037 1824 4106 Joseph
1859 4039 1962 4092 hoc

386 4132 535 4178 metu
563 4125 878 4194 superiores
905 4133 1091 4181 erant:
1127 4127 1262 4181 nihil
1299 4136 1490 4183 contra
1521 4136 1737 4200 patrum
1771 4144 1965 4200 propo-

385 4218 550 4271 situm
590 4215 767 4273 fecere
797 4217 1011 4290 Moyses
1044 4225 1098 4274 et
1129 4217 1330 4290 Joseph
1361 4221 1592 4291 gentiles
1625 4236 1823 4277 uxores
1854 4221 1962 4277 du-

384 4308 582 4363 cendo.
613 4307 748 4362 Nam
786 4309 908 4364 illos
943 4324 1050 4364 non
1098 4308 1262 4363 modo
1296 4325 1496 4364 uxores
1541 4325 1572 4364 a
1606 4311 1806 4381 pietate
1853 4328 1963 4368 non

383 4411 718 4466 averterunt,
755 4402 852 4456 sed
883 4405 1046 4458 etiam
1069 4419 1198 4460 suas
1226 4403 1329 4475 ipsi
1360 4418 1558 4460 uxores
1590 4405 1656 4462 ad
1684 4408 1962 4478 propriam

383 4497 787 4553 transtulerunt
816 4499 1094 4569 pietatem.

455 4695 735 4767 QUEST.
777 4697 917 4754 XCI.
965 4696 1023 4752 Si
1055 4697 1228 4752 Adam
1273 4704 1400 4753 ante
1440 4697 1700 4754 delictum
1744 4715 1846 4755 nec
1877 4715 1967 4754 ra-

382 4786 532 4843 tione
558 4789 772 4857 praediti
805 4788 1154 4859 cujusquam,
1179 4803 1282 4843 nec
1311 4789 1521 4845 ratione
1544 4791 1785 4848 carentis
1817 4807 1967 4847 mor-

382 4887 492 4933 tem
531 4881 776 4948 viderat,
811 4881 1090 4952 quomodo
1141 4896 1305 4952 quam
1354 4897 1462 4936 non
1516 4883 1746 4949 viderat,
1800 4887 1966 4942 minis

385 4971 749 5036 intentatam,
803 4972 964 5042 quasi
1025 4971 1292 5037 vidisset,
1351 4973 1625 5043 pertimuit
1692 4977 1968 5030 mortem?

384 5063 672 5131 Quomodo
703 5065 941 5134 ignotam
971 5064 1020 5119 ei
1045 5064 1213 5130 Deus,
1247 5072 1308 5120 ut
1341 5075 1546 5132 notam,
1580 5067 1820 5142 minatus
1847 5069 1968 5123 est?

454 5175 654 5231 RESP.
705 5176 763 5231 Si
796 5179 1007 5233 ratione
1051 5175 1342 5248 praeditum
1387 5176 1623 5235 dicimus
1667 5193 1814 5244 eum,
1867 5176 1962 5248 qui

455 5337 474 5366 ⁵
502 5337 622 5390 Act.
662 5351 714 5397 κ,
741 5334 829 5388 14.
896 5331 1109 5390 ’lCor.
1144 5350 1224 5398 x1,
1262 5335 1315 5388 '5.

462 5489 572 5559 (52)
617 5488 1004 5546 Κελεύσαντι.
1050 5485 1146 5542 Vel
1191 5487 1324 5542 illud
1367 5486 1590 5559 verbum
1648 5499 1961 5559 expungen-

389 5555 669 5641 dumrnvel
709 5559 963 5630 superius
1004 5559 1379 5628 ὲπιτρέψαντι.
1424 5556 1760 5611 Alterutrum
1814 5555 1960 5610 enim

393 5628 716 5768 fflizgihi‘rtdt
765 5700 837 5752 τὰ
881 5699 1227 5768 τετράποδα.
1269 5696 1455 5768 Forte
1480 5695 1617 5768 nihil
1656 5695 1744 5749 hic
1788 5694 1959 5768 deest.

397 5764 530 5821 Nam
558 5764 730 5841 supra
775 5764 1263 5825 omnia'animalia
1310 5767 1396 5824 his
1430 5767 1642 5824 duobus
1672 5766 1962 5838 generibus

2083 569 2264 623 μενος,
2315 555 2693 626 παρῃτήσατο,
2731 549 3048 620 Μηδαμῶς,
3103 553 3302 618 Κιῗτκίε,
3333 550 3495 619 λέγων,
3522 552 3584 607 ὄπ

2079 643 2364 699 οὐδέποτε
2384 645 2588 700 κοινὸν
2601 645 2639 713 ἣ
2655 643 2989 713 ἀκάθαρτον
3005 645 3234 713 ἔφαγον
3251 661 3265 673 ”
3291 643 3394 706 πῶς
3417 643 3490 698 διὰ
3511 645 3584 698 τῶν

2078 734 2222 789 τοιού
2229 753 2335 790 των
2353 735 2612 806 ῥημάτων
2624 735 2686 788 οὐ
2701 734 2974 789 δείκνυται
2989 734 3170 789 πάντα
3189 733 3286 804 μὲν
3301 733 3585 805 ἀπαγορεύων

2079 827 2147 882 τὰ
2175 827 2345 896 ἄλογα
2369 827 2447 891 ὡς
2471 826 2753 900 ἀκάθαρτα
2772 867 2788 894 ,
2821 825 3172 898 μεμφόμενος
3198 825 3253 879 δὲ
3279 824 3352 896 τῷ
3381 826 3466 896 τὴν
3487 825 3585 895 βρῶ-

2080 939 2163 976 σιν
2211 921 2319 977 ἀπὸ
2372 921 2473 993 τῆς
2517 921 2576 988 ἐξ
2620 919 2799 974 αὐτῶν
2825 918 3180 990 ἐπιτρέψαντι
3204 956 3220 981 ,
3249 918 3322 982 ὡς
3345 917 3587 988 ἀκαθάρτου

2079 1014 2279 1079 ὲδωδῖης
2306 1014 2616 1069 κελεύσαντι
2654 1014 2764 1084 (52)
2791 1011 3197 1083 ἀπογεύεσθαι;

2156 1217 2563 1273 ἈΠΟΚΡΙΣΙΣ.
2604 1216 2740 1270 Ἀπὸ
2793 1215 2892 1287 τῆς
2938 1213 3038 1268 τοῦ
3075 1213 3286 1284 Πέτρου
3315 1211 3588 1283 ἀποκρίσεως

2083 1311 2424 1384 μανθάνομεν
2455 1309 2574 1363 τίνα
2601 1304 2670 1381 ἦν
2697 1308 2763 1362 τά
2788 1307 2976 1362 ἐνόντα
3023 1307 3083 1360 ὲν
3109 1308 3177 1377 τῇ
3209 1304 3412 1368 σινδόνι,
3447 1305 3586 1357 mari-

2079 1421 2166 1459 στι
2192 1404 2261 1458 τὰ
2302 1403 2583 1474 ἀκάθαρτα
2629 1401 2796 1473 μόναο
2827 1402 2920 1454 καὶ
2965 1399 3070 1452 οὐκ
3119 1397 3179 1464 ἐξ
3211 1397 3439 1468 ἀνάγκης
3471 1395 3586 1468 ilco-3

2077 1499 2274 1554 πάντα
2310 1498 2460 1570 φωνὴ
2503 1496 2744 1568 περιέχει
2774 1494 2866 1549 καὶ
2906 1493 2979 1547 τὰ
3015 1491 3270 1558 καθαράίο
3303 1491 3494 1545 δυνατὸν
3513 1491 3588 1558 γὰρ

2078 1593 2256 1648 πάντα
2305 1590 2375 1644 τά
2423 1588 2723 1661 τετράποδα
2778 1586 2871 1640 καὶ
2916 1585 2989 1639 τὰ
3034 1585 3261 1638 πετεινά
3299 1585 3387 1654 τῆς
3414 1584 3496 1653 γῆς
3525 1581 3587 1633 λέ-

2077 1684 2269 1754 γεσθαι
2312 1682 2406 1737 καὶ
2451 1681 2521 1735 τά
2573 1679 2876 1751 ἀκάθαρτα.
2913 1677 2992 1730 Τὸ
3021 1677 3102 1741 δὲ,
3133 1673 3585 1745 Οὐδαμῶςβίρω,

2077 1777 2365 1836 οὐδέποτε
2413 1773 2620 1830 κοινὸν
2650 1775 2788 1828 οὔτε
2837 1771 3182 1841 ἀκάθαρτον
3216 1771 3459 1839 epam,
3493 1765 3589 1834 πρις

2076 1873 2174 1946 τὴν
2219 1870 2348 1926 θέαν
2394 1868 2610 1923 πάντων
2655 1867 2761 1920 τῶν
2793 1867 2852 1920 ὲν
2874 1868 2941 1936 τῇ
2977 1863 3178 1918 σινδόνι
3220 1859 3502 1931 δειχθέντων
3522 1857 3590 1908 αὖ·

2073 1967 2153 2039 τῷ
2178 1963 2531 2036 ἀπεκρίνατο,
2563 1961 2658 2016 καὶ
2680 1959 2739 2014 οὑ
2764 1960 2890 2032 περὶ
2922 1957 3107 2012 τινῶν.
3141 1957 3219 2008 Τὸ
3245 1951 3336 2008 οὖν
3367 1951 3520 2014 σκεῦος
3549 1953 3588 2002 ὲν

2072 2050 2118 2127 ᾧ
2139 2052 2208 2129 ἦν
2242 2054 2420 2111 πάντα
2468 2052 2537 2107 τὰ
2585 2051 2805 2104 πετεινὰ
2827 2049 2922 2104 καὶ
2949 2048 3020 2103 τὰ
3043 2046 3351 2117 τετράποδα
3389 2045 3483 2114 (33)
3505 2084 3516 2095 .
3541 2082 3550 2095 .
3575 2079 3586 2093 .

2075 2149 2214 2205 κατά
2241 2146 2551 2220 παράληψιν
2577 2145 2786 2217 εἴρηται
2802 2141 2895 2196 τοῦ
2911 2140 3254 2213 ἀκαθάρτου,
3272 2138 3384 2192 ἀντὶ
3402 2136 3479 2190 τοῦ
3494 2136 3587 2206 (δυ,

2075 2223 2132 2298 έν
2155 2237 2198 2312 ᾧ
2217 2240 2285 2315 ἦν
2311 2242 2489 2296 πάντα
2505 2239 2570 2294 τὰ
2584 2238 2864 2308 ἀκάθαρτα
2889 2233 3116 2288 πετεινὰ
3140 2233 3240 2288 καὶ
3275 2232 3438 2285 πάντα
3457 2228 3509 2280 τὰ
3528 2245 3589 2288 τε·

2072 2354 2103 2388 τ
2113 2335 2322 2407 ράποδα
2355 2333 2454 2404 τῆς
2483 2333 2604 2404 γῆς.
2633 2331 2744 2384 Καὶ
2781 2328 2971 2400 ὥσπερ
2997 2328 3128 2380 ὅταν
3151 2325 3290 2396 λέγῃ
3314 2325 3347 2394 ἡ
3371 2323 3471 2376 θεία
3491 2321 3592 2389 Γρα·

2074 2427 2170 2498 φὴν
2211 2425 2444 2492 Παντὸς
2477 2421 2698 2491 ἀνδρὸς
2738 2423 2774 2489 ἠ
3093 2421 3128 2472 ό
3167 2416 3418 2485 Χριστός
3451 2413 3590 2467 ἐστίν.

2073 2519 2106 2588 ἠ
2135 2517 2229 2571 τοῦ
2264 2516 2490 2582 παντὸς
2521 2513 2672 2586 φωνὴ
2693 2514 2753 2566 οὐ
2787 2511 3038 2584 περιέχει
3076 2509 3274 2562 πιστόν
3306 2524 3362 2561 τε
3395 2508 3475 2558 καὶ
3502 2505 3594 2557 ἄπει

2074 2629 2196 2664 στον
2237 2609 2427 2682 ἄνδρα,
2457 2608 2592 2662 ἀλλά
2621 2606 2808 2661 πιστὸν
2836 2605 2995 2676 μόνον
3015 2622 3028 2634 ’
3073 2605 3102 2656 6
3158 2601 3269 2672 γὰρ
3298 2600 3467 2661 πιστὸς
3493 2600 3593 2665 ἀνήρ

2072 2706 2187 2758 ἐστι
2242 2705 2399 2774 σῶμα
2447 2700 2539 2759 τοῦ
2593 2697 2849 2773 Χριστοῦ,
2878 2697 2974 2751 καὶ
2999 2699 3028 2750 6
3070 2695 3308 2766 Χριστὸς
3332 2691 3417 2744 τοῦ
3451 2686 3601 2740 πιστοῦ

2069 2795 2262 2868 ἀνδρὸς
2312 2795 2531 2864 λέγεται
2583 2791 2789 2862 κεφαλή
2819 2792 2833 2809 ³
2874 2789 3049 2852 οὕτως
3100 2786 3226 2839 οὐδὲ
3278 2782 3422 2855 ἢτοῦ
3449 2779 3601 2833 πάντα

2071 2889 2222 2960 φωνὴ
2274 2889 2593 2960 περιεκτική
2622 2888 2735 2939 ἐστι
2784 2880 3043 2954 καθαρῶν
3067 2897 3130 2932 τε
3156 2879 3251 2931 καὶ
3297 2874 3591 2945 ἀκαθάρτων,

2068 2981 2206 3042 ἀλλά
2247 2981 2355 3034 τῶν
2382 2980 2706 3052 ἀκαθάρτων
2738 2976 2915 3049 μόνων
2935 3017 2950 3041 ,
2980 2973 3047 3028 δι’
3077 2966 3155 3026 ὧν
3202 2966 3521 3060 προεμηνύθη

2068 3074 2259 3146 Πέτρῳ
2287 3074 2321 3144 ή
2359 3071 2670 3146 παράληψις
2720 3069 2825 3130 τῶν
2862 3065 3195 3137 ἀκαθάρτων
3246 3061 3436 3122 ἐθνῶν,
3469 3051 3528 3110 ὧν
3548 3058 3591 3122 τῇ

2070 3167 2251 3225 πίστει
2285 3166 2378 3221 τοῦ
2418 3166 2651 3240 Χριστοῦ
2698 3167 2726 3218 6
2765 3162 2897 3226 Θεὸς
2952 3158 3254 3230 έκαθάρισε
3280 3155 3375 3218 τὰς
3400 3151 3589 3222 καρδίας-

2144 3280 2498 3333 ἘΡΩΤΗΣΙΣ
2539 3284 2608 3346 ις.
2640 3278 2702 3331 Εἰ
2728 3273 2943 3329 εὐσεϐεῖ
2969 3271 3220 3345 λογισμῷ
3243 3273 3291 3328 οἱ
3325 3264 3592 3336 πατριάρχαι

2073 3371 2378 3445 κινούμενοι
2406 3373 2616 3434 ἑαυτοῖς
2644 3371 2733 3423 καὶ
2755 3371 2867 3450 τοῖς
2892 3366 3053 3419 παισὶ
3083 3365 3185 3428 τὰς
3204 3363 3437 3434 γαμετὰς
3456 3362 3508 3412 ὲκ

2070 3467 2274 3530 οἰκείας
2314 3465 2631 3534 συγγενείας
2677 3447 2964 3531 εἰλήφασι,
2996 3457 3114 3521 πῶς
3150 3457 3212 3510 οὐ
3240 3453 3386 3525 παρά
3423 3451 3500 3503 τὸν
3531 3447 3592 3498 εὑ-

2071 3559 2204 3631 σεϐἦ
2232 3559 2340 3620 τῶν
2381 3557 2660 3629 προγόνων
2687 3553 2890 3608 σκοπὸν
2923 3550 3130 3622 Ἰωσὴφ
3160 3549 3257 3603 καὶ
3297 3543 3508 3611 Minoi;
3524 3539 3593 3590 ὄιε-

2070 3651 2365 3725 πράξαντο,
2394 3652 2422 3703 6
2455 3650 2553 3720 μὲν
2576 3645 2944 3716 Αίγυπτίαν,ὁ
2963 3643 3021 3706 δὲ
3045 3638 3398 3706 Μαδιανίτιδα
3410 3636 3592 3705 γυναῖκα

2069 3745 2388 3816 γημάμενος
2408 3759 2422 3807 ;

2139 3855 2542 3910 ἈΠΟΚΡΙΣΙΣ.
2562 3853 2625 3907 Εἰ
2641 3851 2741 3923 μὲν
2751 3849 2954 3923 πατριὰ
2964 3866 3091 3923 ρχαι
3104 3847 3254 3920 ᾳόϐῳ
3264 3845 3356 3900 τοῦ
3372 3843 3439 3919 μὴ
3453 3842 3589 3910 impr

2070 3947 2369 4018 πῆναιτοὺς
2385 3948 2532 4010 υἱοὺς
2543 3944 2720 3999 αὐτῶν
2730 3943 2831 4014 τῆς
2843 3943 3128 4006 εὐσεϐείας
3143 3944 3246 3996 οὐκ
3256 3941 3521 4011 ἐπέτρεπον
3530 3935 3588 3988 αὖε

2066 4041 2194 4102 τοὺς
2211 4041 2274 4094 ὲκ
2290 4038 2398 4092 τῶν
2423 4038 2648 4092 ἐθνικῶν
2664 4037 2848 4092 λαϐεῖν
2863 4037 3134 4106 γαμετὰς,
3148 4038 3177 4089 6
3195 4034 3250 4088 δὲ
3264 4031 3483 4101 Minuci};
3494 4027 3587 4082 καὶὸ

2066 4129 2266 4202 Ἰωσὴφ
2278 4128 2372 4183 τοῦ
2387 4128 2627 4188 τοιούτου
2646 4128 2810 4198 φόϐου
2826 4123 2968 4199 ἦσαν
2984 4125 3272 4198 ἀνώτεροι⁵
3287 4124 3429 4177 οὐδὲν
3441 4117 3516 4172 οὖν
3527 4134 3588 4168 κι-

2065 4221 2139 4282 τά
2167 4221 2476 4296 παράϐασιν
2505 4221 2598 4280 τοῦ
2631 4218 2834 4274 σκοποῦ
2867 4219 2976 4271 τῶν
3009 4218 3265 4289 πατέρων
3292 4211 3586 4283 πεποιηκότες

2067 4297 2350 4385 φαίνονται
2365 4314 2465 4366 ὅτε
2479 4311 2719 4382 Μωῡσῆς
2743 4311 2838 4364 καὶ
2861 4313 2888 4363 6
2912 4309 3138 4379 Ἰωσὴφ,
3160 4308 3403 4369 λαϐόντες
3425 4301 3584 4358 ἐθνικὰς

2065 4406 2330 4478 γαμετάς.
2375 4406 2450 4458 υὺ
2481 4403 2587 4476 γὰρ
2629 4403 2790 4474 μόνον
2824 4402 2979 4459 αὐτοὶ
3013 4402 3118 4453 οὐκ
3145 4401 3496 4471 ἐξετράπησαν
3519 4389 3582 4455 τῆς

2068 4500 2348 4562 εὐσεϐείας
2397 4497 2501 4552 ὑπὸ
2531 4495 2636 4550 τῶν
2679 4494 2887 4548 ἑαυτῶν
2918 4492 3198 4562 γυναικῶν
3221 4532 3235 4556 ,
3271 4490 3396 4544 ἀλλά
3423 4486 3499 4539 καὶ
3519 4482 3582 4538 τὰς

1992 4562 2038 4617 D
2071 4594 2277 4652 ἑαυτῶν
2304 4595 2564 4662 γυναῖκας
2579 4592 2658 4653 είς
2683 4588 2780 4659 τὴν
2799 4585 3006 4641 ἑαυτῶν
3029 4586 3326 4662 μετέφερον
3347 4577 3579 4636 εὐσέϐειαν.

2136 4686 2487 4741 ἘΡΩΤΠΣΙΣ
2517 4687 2634 4752 1.,Α’,
2681 4683 2743 4736 Εἰ
2771 4681 2878 4753 πρὸ
2909 4681 3009 4751 τῆς
3033 4679 3389 4752 παραϐάσεως
3415 4676 3441 4727 6
3458 4667 3580 4731 Ἀδὰμ

2062 4779 2278 4852 λογικοῦ
2311 4782 2346 4851 ἦ
2392 4779 2588 4847 ἀλόγου
2611 4777 2672 4830 οὐ
2711 4775 2965 4832 τεθέαται
3005 4773 3270 4835 θάνατον,
3305 4768 3414 4830 πῶς
3447 4765 3495 4817 ὃν
3513 4759 3580 4812 οὐκ

2062 4871 2202 4929 εἶδεν
2221 4917 2235 4940 ,
2268 4873 2345 4936 ὡς
2377 4868 2657 4942 ἑωρακὼς,
2688 4865 3052 4937 ἀπειληθέντα
3091 4865 3349 4918 ἐδειλίασε
3375 4861 3576 4913 Binum;

2063 4967 2187 5030 Πῶς
2222 4966 2277 5019 δὲ
2326 4963 2548 5028 τοῦτον,
2579 4959 2941 5031 ἀγνοούμενον
2977 4958 3131 5030 αὐτῷ
3150 4999 3164 5024 ,
3199 4958 3273 5022 ὡς
3303 4947 3576 5022 ἐγωσμὲθσδ

2064 5059 2360 5131 ἠπείλησεν
2387 5061 2415 5112 6
2442 5057 2576 5120 Θεός
2597 5073 2611 5124 ;

2144 5171 2549 5228 ’ΔΠΟΚΡ1Σ1Σ.
2611 5172 2673 5225 Εἰ
2724 5168 2940 5238 λογικὸν
2986 5170 3195 5223 ἐκεῖνον
3241 5161 3483 5231 καλοῦμεν
3514 5149 3573 5204 τὸν

2063 5480 2571 5552 comprehenderat.
2605 5479 2661 5536 Si
2692 5479 2822 5552 quid
2853 5489 3037 5536 tamen
3063 5480 3225 5546 desit,
3258 5477 3400 5534 facile
3416 5468 3571 5548 expleti

2065 5561 2244 5628 potest
2293 5568 2359 5607 ex
2401 5553 2627 5608 Actibus
2663 5553 3037 5628 apostolorum
3059 5593 3074 5615 ,
3101 5554 3192 5628 ubi
3223 5560 3401 5628 praeter
3422 5552 3570 5628 τετραο

2065 5621 2584 5697 itoéarecensentur
2610 5621 2770 5697 etiam
2805 5623 2877 5697 τά
2903 5621 3069 5697 θηρία
3097 5625 3189 5697 καὶ
3216 5621 3279 5697 ea;
3304 5621 3491 5697 ἑρπετῴ

2136 5695 2250 5764 (54)
2293 5693 2436 5746 Ἁντὶ
2466 5694 2590 5747 τοῦ.
2616 5692 2839 5747 Frustra
2866 5688 3236 5764 bicv‘apposita
3265 5688 3454 5748 lacuna,
3475 5688 3568 5734 Cm“

2068 5766 2261 5836 plenus
2291 5765 2361 5821 sit
2395 5779 2592 5821 sensus
2620 5778 2683 5818 ac
2717 5764 2939 5818 minime
2977 5763 3307 5820 decurtatus.
