3630 6510
0 365 83 420 53
691 357 1156 430 QUESTIONES
1187 356 1276 413 ET
1313 351 1833 414 RESPONSIONES
1865 353 1956 408 AD
1993 349 2455 410 ORTHODOXOS

3099 346 3237 405 13M

0 493 151 530 δντα
187 478 270 531 ὲν
299 473 472 547 ἑαυτῷ
492 473 600 528 τῶν
628 470 733 527 ὑπὸ
753 472 862 527 τῶν
882 469 1016 542 (35),
1052 510 1066 524 .
1101 508 1115 524 .
1152 469 1539 542 σημαινομένωε

1740 469 1830 523 bet
1877 467 1931 521 in
1986 466 2280 536 semetipso
2343 478 2524 520 rerum
2573 461 2758 518 verbis
2808 461 3235 534 signiﬁcatarum

0 587 29 632 ς
66 570 348 635 ἐννοίας,
374 568 534 639 δῆλον
560 567 640 620 ὅτι
661 564 753 619 καὶ
780 567 809 618 ὁ
839 562 1029 634 Ἀδὰμ,
1057 561 1274 631 λογικὸς
1298 559 1394 626 ὣν,
1419 555 1564 629 εἶχεν

23 658 257 731 ἑαυτῷ
288 659 378 714 τοῦ
405 659 632 714 Θανάτου
665 656 761 727 τὴν
786 655 1011 709 ἔννοιαν.
1030 654 1140 708 Καὶ
1158 651 1336 718 καθώς
1356 670 1460 724 περ
1489 652 1562 724 μὴ

0 752 246 824 κρακὼς
291 753 390 825 μὲν
412 755 440 806 ὁ
463 752 637 824 Ἀδὰμ
661 750 875 822 λογικὸν
909 750 1002 804 ἐπὶ
1029 753 1094 822 τῇ
1129 748 1322 804 ἑαυτοῦ
1354 747 1566 819 γυμνώο

0 862 14 895 ι
46 845 506 914 αἱσχυνόμενον,
541 843 689 915 ὅμως
714 843 772 897 δὲ
798 841 1104 913 γυμνωθεὶς
1131 841 1392 914 ᾐσχύνθη,
1410 843 1567 910 ἐσχη-

0 953 49 998 ›ς
83 938 155 988 ὲν
190 936 388 1008 ἐαυτῷ
409 936 508 1006 τῆς
528 935 788 1008 αἰσχύνης
809 936 870 989 τὸ
890 935 1061 1008 ὄνομα
1089 935 1184 990 καὶ
1209 935 1305 1006 τὴν
1333 935 1559 997 ἔννοιαν,

0 1044 119 1089 τως
156 1022 329 1098 εἶχεν
363 1029 420 1081 ὲν
448 1027 626 1099 ἐαυτῷ
679 1028 773 1081 κα)⁴
816 1026 910 1080 τοῦ
943 1026 1172 1080 θανάτου
1196 1027 1294 1098 τὴν
1321 1024 1559 1087 έννοιαν,

0 1136 39 1169 ,ν
82 1119 160 1172 τὸ
220 1122 469 1192 πρᾶγμα
515 1122 573 1174 ὲν
606 1118 751 1190 ἄλλῳ
783 1120 949 1191 μήπω
981 1113 1049 1186 ἦν
1090 1116 1439 1188 θεασάμενος.
1473 1117 1563 1169 Διὸ

0 1209 204 1278 λόγως
235 1211 508 1264 ὲδειλίασε
526 1210 617 1266 τὸν
659 1210 881 1266 θάνατον
901 1251 915 1276 ,
945 1209 1100 1274 εἰδὼς
1133 1209 1293 1264 αὑτὸν
1333 1208 1439 1262 ἀπὸ
1467 1209 1563 1280 τῆς

0 1303 172 1366 νοξας
211 1303 393 1359 αὑτοῦ
419 1303 791 1375 ἀντικείμενον
818 1303 946 1357 ὄντα
972 1303 1068 1374 τῆς
1097 1299 1261 1373 ζωῆς.

21 1478 418 1534 ἘΡΩΤΗΣῙΣ
447 1479 560 1548 ιβ’.
610 1477 826 1549 Ἐπειδὴ
857 1479 891 1548 ή
936 1475 1129 1548 Γραφὴ
1177 1474 1324 1544 λέγει
1362 1473 1565 1547 κρίμα-ι

0 1616 3 1625 ,
37 1574 150 1626 καὶ
211 1571 588 1645 δικαιώματα,
617 1573 712 1626 καὶ
751 1571 1026 1642 μαρτύρια
1059 1569 1154 1623 καὶ
1190 1569 1375 1640 νόμον,
1415 1567 1564 1620 ὲντο-

0 1683 38 1728 ις
75 1665 185 1717 καὶ
212 1665 641 1736 προστάγματα,
676 1663 723 1716 εί
745 1660 920 1715 ταύτά
959 1660 1098 1714 εἰσιν
1145 1658 1431 1731 ἀμφότερα
1469 1657 1562 1712 ἀλ-

0 1757 158 1826 ιλοις,
207 1757 250 1828 ἦ
292 1756 550 1828 ἑκάτερον
577 1755 688 1828 ἔχει.
708 1753 866 1824 λόγον
913 1749 1208 1817 ἰδιάζοντα,
1225 1749 1452 1817 δίδαξον.

25 1934 466 1992 ἈΠΟΚΡΙΣῘΣ
496 1935 755 2009 Κρίματα
792 1932 892 2005 μὲν
921 1931 1075 2002 λέγει
1093 1931 1221 1995 τοὺς
1236 1929 1426 1999 λόγους
1439 1930 1565 1992 τοὺς

0 2028 383 2093 αστείλαντας
397 2027 504 2082 τῶν
521 2027 581 2080 ού
597 2024 883 2098 πρακτέων
907 2022 978 2078 τὰ
1001 2021 1270 2095 πρακτέα,
1288 2021 1381 2075 καὶ
1398 2020 1563 2091 τιμὴν

0 2125 48 2174 ὲν
95 2122 228 2194 τὴν-
276 2121 373 2175 ἐπὶ
423 2122 488 2192 τῇ
541 2120 776 2191 ὑπακοῇ,
824 2115 1043 2188 ἀτιμίαν
1105 2114 1162 2168 δὲ
1207 2113 1305 2185 τὴν
1360 2112 1454 2166 ἐπὶ
1493 2114 1562 2183 τῇ

0 2216 217 2285 ιρακοῇ
247 2213 584 2285 ὡρισμέναςο
618 2209 964 2281 δικαιώματα
1005 2207 1061 2262 δὲ
1088 2206 1238 2276 λέγει
1278 2205 1389 2258 τῶν
1442 2221 1562 2276 κρι-

0 2307 142 2359 Ξιτων
179 2306 297 2376 τὴν
329 2304 617 2376 ὀρθότητα,
654 2301 1063 2373 ἀπονεμητικὴν
1090 2300 1198 2352 τῶν
1251 2297 1370 2352 κατ’
1405 2296 1564 2362 ἀξίαν

0 2397 195 2468 ιὰστῳ.
231 2397 424 2468 Νόμον
453 2397 509 2450 δὲ
535 2395 683 2464 λέγει
711 2394 810 2466 τὴν
835 2393 1111 2464 ἔγγραφον
1135 2389 1426 2461 περίληψιν
1459 2389 1563 2442 πά-

0 2506 52 2559 q;
92 2489 202 2559 τῆς
254 2488 559 2558 Ἰουδαϊκῆς
583 2486 839 2559 λατρείας
862 2502 922 2539 τε
956 2486 1051 2539 καὶ
1094 2484 1390 2548 πολιτείας·
1421 2501 1562 2556 μαρ-

0 2581 145 2651 ⁴»ρίαν
180 2581 244 2633 δὲ
277 2579 438 2634 καλεί
463 2580 561 2653 τὴν
591 2579 682 2632 ἐπὶ
706 2581 819 2643 τοῖς
847 2577 1256 2651 πεπραγμένοις
1303 2576 1407 2630 ὑπὸ
1453 2575 1574 2631 τῶν

0 2673 281 2744 εξαμένων
321 2673 413 2726 τὸν
451 2672 560 2744 (56)
639 2712 652 2726 .
731 2710 747 2727 .
825 2712 840 2726 .
915 2671 980 2724 δι’
1016 2670 1264 2741 εὐλογίας
1296 2671 1391 2724 καὶ
1428 2687 1563 2724 κατ-

2 2784 93 2838 ρας
150 2765 522 2839 ἀμοιϐὴν,ἥν
600 2807 613 2819 .
696 2805 710 2821 .
792 2805 804 2818 .
885 2803 899 2818 .
980 2804 994 2818 .
1078 2804 1090 2816 .
1174 2804 1186 2816 .
1259 2801 1275 2816 .
1349 2763 1564 2816 ὁΜωιίἰ⁴

0 2859 59 2929 ῆς
85 2858 602 2930 διαμαρτυρόμενος
630 2856 780 2926 έλεγε
812 2859 925 2921 τοῖς
957 2854 1246 2919 Ἰουδαίοις,
1297 2853 1564 2925 συμϐήσε-

0 2949 86 3004 θαι
135 2951 334 3013 αὐτοῖς
368 2948 770 3020 πειθομένοιςῆ
809 2946 1142 3002 ἀπειθοῦσιν.
1204 2944 1454 3008 Ἐντολὰς
1504 2943 1562 2997 δὲ

0 3040 58 3093 αὶ
91 3041 500 3112 προστάγματα
523 3039 671 3109 λέγει
699 3040 792 3093 τὸν
821 3040 964 3094 κατὰ
1024 3079 1038 3092 .
1119 3078 1132 3091 .
1214 3077 1228 3091 .
1311 3077 1324 3088 .
1386 3036 1561 3104 λόγων

0 3129 250 3200 νομάζων
284 3131 415 3193 τοὺς
464 3129 652 3199 λόγους
694 3128 1024 3192 ὲνταλτικῶς
1065 3128 1101 3199 ἢ
1150 3124 1560 3198 προστακτικῶς

0 3221 436 3293 .εχθέντας,κατὰ
451 3221 547 3294 τὴν
574 3223 814 3294 ἔμφασιν
848 3222 948 3293 τῆς
973 3221 1121 3285 θείας
1152 3218 1438 3281 αύθεντίας
1464 3216 1558 3272 τοῦ

3 3315 135 3368 αὔτα
166 3315 556 3386 ἑντειλαμένου
604 3315 638 3386 ἢ
682 3314 1111 3387 προστάξαντος.

53 3407 414 3467 ἘΡΩΤΗΣΙΣ
439 3407 551 3474 ιιιη.
591 3407 667 3467 Εἰ,
695 3406 775 3468 τὰ,
792 3406 937 3466 νῶτα
959 3405 1054 3462 τοῦ
1081 3404 1312 3479 ούρανοῦ
1357 3405 1562 3481 πεφόρε

0 3514 135 3556 εωται
160 3497 347 3566 ὕδασι,
379 3497 558 3562 actori);
583 3515 747 3569 φησιν
776 3501 809 3569 ἡ
837 3498 1049 3570 Γραφὴ,
1077 3499 1214 3571 ὅπερ
1238 3498 1384 3561 τινὲς
1426 3498 1573 3568 ἔφα--

0 3607 74 3650 παν
95 3592 384 3661 γεγονέναι
415 3591 502 3644 διὰ
527 3591 627 3663 τὴν
651 3589 874 3664 πυρώδη
901 3590 1008 3644 τῶν
1035 3590 1338 3662 φωστήρων
1353 3590 1560 3655 οὐσίαν,

0 3682 113 3736 ἴητε
132 3687 250 3747 τοῖς
283 3685 654 3754 ἐπικειμένοις
676 3684 766 3737 τὸν
807 3683 1033 3756 οὐρανὸν
1066 3683 1412 3754 πιαινόμενον
1449 3683 1561 3754 (5⁸7)

0 3774 152 3840 ἱδασι,
195 3781 268 3853 τῇ
326 3777 663 3850 ὑποκειμένῃ
714 3775 823 3830 τῶν
868 3777 1169 3848 φωστήρων
1195 3775 1354 3845 φλογὶ
1383 3776 1562 3847 μένειν

0 3870 298 3940 ἱχείρωτον,
345 3871 462 3934 πῶς
490 3873 539 3924 οί
563 3869 737 3925 ταῦτα
786 3870 1034 3940 λέγοντες
1071 3869 1413 3945 ἀληθεύουσι,
1453 3869 1562 3928 τῶν

0 3964 284 4034 φωστήρων
331 3963 432 4016 οὐκ
477 3964 535 4016 ὲν
558 3961 635 4033 τῷ
667 3961 903 4034 οὐρανῷ,
933 3961 1048 4015 ἀλλ’
1080 3961 1186 4016 ὑπὸ
1220 3961 1313 4015 τὸν
1339 3961 1564 4033 οὐρανὸν

0 4054 314 4123 κινουμένων
337 4070 352 4117 ;
374 4054 438 4106 Εἰ
469 4053 524 4106 δὲ
548 4051 772 4116 τούτους
800 4053 857 4105 ἐν
880 4051 958 4123 τῷ
983 4051 1197 4126 ούρανῷ
1223 4051 1454 4122 λέγομεν
1483 4047 1561 4105 εἷ-

0 4155 92 4202 ναι,
132 4141 251 4206 πῶς
277 4143 379 4214 τὴν
409 4143 691 4214 κινητικὴν
719 4141 996 4213 ἐνέργειαν
1020 4141 1224 4211 έχουσι,
1267 4140 1362 4200 τοῦ
1406 4141 1564 4213 ούρα-

0 4229 97 4286 νὶου
148 4232 400 4305 σώματος
447 4234 509 4287 τὸ
555 4233 807 4305 ἀκίνητον
851 4232 1096 4310 έχοντος;
1136 4234 1201 4286 Et
1242 4233 1314 4295 δὲ,
1348 4234 1444 4290 σὺν
1484 4233 1563 4306 τῷ

0 4321 51 4371 οὗ
61 4323 193 4394 ρανῷ
211 4325 282 4378 τὰ
308 4325 483 4398 ἄστρα
509 4324 775 4397 λαμϐάνει
795 4324 892 4396 τὴν
915 4325 1149 4396 κίνησιν,
1177 4325 1293 4389 πῶς
1316 4326 1416 4385 οὐκ
1439 4324 1564 4395 ἀλη-

5 4410 130 4466 θεύει
155 4417 183 4468 ὁ
223 4419 460 4489 σφαῖραν
486 4417 578 4470 τὸν
614 4417 841 4490 οὐρανὸν
881 4415 1302 4488 προσαγορεύων
1348 4414 1516 4488 μῦθος
1544 4431 1575 4480 ;,

1665 559 1952 628 notiones,
2002 558 2173 629 liquet
2225 556 2528 620 Adamum,
2580 554 2674 624 qui
2720 554 2930 609 ratione
2978 555 3236 625 praeditus

1664 661 1815 718 erat,
1845 650 2102 706 habuisse
2151 650 2209 704 in
2256 649 2550 719 semetipso
2599 647 2790 703 mortis
2833 645 3129 701 notionem.
3170 645 3237 700 Et

1665 738 2118 810 quemadmodum
2148 736 2317 792 Adam
2350 738 2452 793 etsi
2494 737 2765 791 neminem
2795 735 3004 791 ratione
3041 733 3238 805 praedi-

1667 843 1780 887 tum
1812 832 2043 895 viderat,
2074 831 2163 886 cui
2195 845 2292 886 sua
2323 829 2546 885 nuditas
2573 827 2767 900 pudori
2803 834 2969 891 esset,
3007 827 3120 897 ipse
3154 833 3238 880 ta-

1664 939 1785 979 men
1835 924 2074 979 nudatus
2117 923 2324 993 pudore
2353 920 2594 979 sutlusus
2627 928 2742 985 est,
2773 935 2896 975 cum
2929 918 3152 973 haberet
3180 917 3236 972 in

1665 1017 1845 1087 seipse
1872 1015 2100 1085 pudoris
2145 1030 2343 1069 nomen
2380 1021 2433 1070 et
2476 1013 2752 1069 notionem
2786 1029 2799 1064 :
2837 1013 2917 1068 sic
2939 1013 3102 1068 etiam
3135 1011 3234 1064 ba-

1665 1109 1781 1164 buit
1801 1107 1965 1180 477
1998 1108 2052 1162 in
2075 1108 2257 1178 seipso
2285 1106 2478 1162 mortis
2513 1107 2813 1169 notionem,
2843 1105 3091 1175 quamvis
3121 1118 3233 1158 rem

1664 1203 1719 1255 in
1773 1202 1881 1255 alio
1930 1201 2169 1256 nondum
2219 1200 2464 1256 vidisset.
2511 1199 2691 1266 Quare
2738 1200 2935 1256 merito
2984 1199 3234 1254 extimuit

1663 1301 1912 1356 mortem,
1959 1306 2082 1346 cum
2116 1305 2234 1344 eam
2272 1292 2398 1346 vitae
2440 1291 2772 1346 contrariam
2807 1306 2930 1347 esse
2958 1305 3025 1345 ex
3057 1289 3232 1360 ipsius

1665 1383 1883 1438 notione
1913 1384 2098 1439 sciret.

1733 1473 2013 1542 QU/EST.
2031 1474 2188 1531 XCII.
2212 1474 2662 1546 Quandoquidem
2688 1473 2971 1543 Scriptura
3001 1472 3236 1544 appellat

1658 1569 1866 1639 judicia
1895 1575 1948 1622 et
1997 1567 2436 1638 iustificationes,
2471 1575 2524 1621 et
2566 1567 2892 1640 testimonia
2937 1571 2993 1621 et
3040 1564 3234 1636 legem,

1662 1667 1718 1716 et
1757 1659 2012 1715 mandata
2045 1667 2098 1714 et
2140 1669 2445 1730 praecepta;
2473 1667 2656 1713 utrum
2683 1659 2844 1714 ambo
2875 1659 3065 1714 eadem
3097 1658 3240 1713 inter

1663 1767 1743 1815 se,
1799 1766 1868 1806 an
1943 1753 2231 1822 propriam
2305 1760 2596 1822 utrumque
2683 1751 2950 1806 rationem
3017 1749 3236 1814 habeat,

1597 1833 1640 1888 Β
1669 1843 1857 1899 edoce.

1735 1935 2174 1993 RESPJudicia
2207 1944 2366 1994 vocat
2399 1950 2706 2003 sermones,
2767 1934 2860 2006 qui
2907 1932 3155 1989 facienda
3208 1948 3238 1986 a

1662 2029 1935 2103 fugiendis
1967 2039 2282 2096 secernunt,
2321 2045 2386 2086 ac
2413 2028 2694 2101 praemium
2727 2025 3053 2082 obedientiae
3102 2040 3239 2080 con-

1661 2123 1924 2191 stituunt;
1951 2123 2371 2194 justiﬁcationes
2393 2120 2872 2191 dicitjudiciorum
2905 2119 3238 2189 aequitatem,

1661 2232 1781 2288 quae
1801 2232 1901 2288 pro
1930 2217 2139 2272 meritis
2180 2229 2626 2286 unumquemque
2676 2221 3007 2268 remunerat.
3041 2209 3236 2281 Legem

1660 2310 1794 2366 dicit
1822 2309 2083 2381 scriptam
2111 2308 2288 2364 omnis
2308 2305 2522 2363 Iudaici
2555 2305 2738 2360 cultus
2766 2313 2819 2360 et
2850 2303 3084 2360 instituti
3097 2317 3241 2357 com-

1661 2402 2115 2473 prehensionem;
2144 2400 2543 2464 testimonium,
2596 2398 2933 2468 propositam
2978 2389 3086 2460 his,
3145 2395 3237 2463 qui

1661 2494 1834 2566 legem
1865 2498 2247 2564 susceperunt,
2279 2505 2378 2562 pro
2396 2491 2676 2545 actionum
2709 2489 2918 2544 meritis
2967 2505 3033 2544 ex
3073 2487 3237 2542 bene-

1660 2584 1899 2641 dictione
1929 2593 2022 2640 aut
2043 2601 2109 2640 ex
2134 2583 2519 2639 maledictione
2539 2583 2868 2646 mercedem,
2901 2595 3065 2652 quam
3098 2579 3240 2652 Moy-

1662 2693 1752 2735 ses
1779 2678 1978 2734 cozlum
2008 2687 2063 2734 et
2104 2685 2309 2734 terram
2342 2683 2702 2743 contestatus,
2729 2673 2933 2730 Judzeis
2972 2674 3078 2744 ipsi
3108 2673 3238 2728 obeo

1662 2769 1944 2826 dientibus
1973 2777 2068 2824 aut
2101 2785 2212 2826 non
2240 2770 2622 2826 obedientibus
2647 2775 2964 2824 eventuram
2998 2765 3236 2820 dicebat.

1661 2859 1938 2932 Praecepta
1969 2869 2024 2918 et
2049 2861 2305 2917 mandata
2340 2868 2518 2929 vocat,
2537 2876 2633 2918 eos
2656 2860 2790 2932 legis
2823 2873 3127 2924 sermones,
3145 2858 3238 2928 qui

1663 2954 2028 3026 praecipiendo
2061 2963 2115 3011 et
2157 2955 2470 3010 mandando
2502 2954 2948 3026 pronuntiantur,
2976 2966 3085 3006 non
3119 2952 3258 3007 sine»

1662 3047 2062 3118 signiﬁcatione
2090 3047 2289 3104 divinae
2317 3047 2465 3104 illius
2491 3047 2802 3120 potestatis,
2835 3047 2931 3117 qui
2959 3045 3074 3100 haec
3100 3058 3235 3115 prte-

1661 3141 1805 3212 cepit
1836 3147 1891 3196 et
1918 3141 2218 3198 mandavit.

1734 3403 2014 3474 QUIEST.
2044 3406 2304 3462 XClIl.Si
2327 3415 2477 3479 terga
2505 3409 2628 3462 οωιὶ
2649 3407 2807 3478 aquis
2836 3415 2963 3462 sunt
2995 3414 3242 3478 gravata,

1663 3500 1808 3554 sicut
1834 3501 1910 3553 ait
1935 3497 2219 3571 Scriptura
2241 3539 2256 3564 ,
2283 3501 2430 3571 quod
2462 3500 2683 3570 quidem
2717 3499 2922 3554 factum
2950 3515 3071 3555 esse
3096 3513 3240 3553 non.-

1661 3590 1799 3646 nulli
1852 3591 2129 3654 dixerunt,
2171 3601 2394 3662 propter
2447 3592 2658 3661 igneam
2708 3590 3057 3645 luminarium
3109 3589 3254 3643 sub—.

1663 3686 1942 3749 stantiam,
1977 3693 2037 3739 ut
2072 3686 2272 3740 coelum
2308 3683 2524 3753 injectis
2555 3683 2660 3738 sibi
2687 3682 2973 3754 irrigatum
3002 3679 3186 3751 aquis,
3207 3693 3264 3736 at

1663 3777 1911 3847 subjecta
1938 3777 2294 3834 luminarium
2329 3774 2545 3828 ﬂamma
2583 3780 2928 3844 permaneret
2975 3771 3240 3826 invictum

1663 3877 1717 3926 et
1745 3870 2052 3940 integrum:
2089 3866 2364 3939 quomodo
2409 3867 2503 3937 qui
2533 3866 2636 3922 ista
2687 3865 2941 3935 allegant,
3000 3877 3128 3919 vera
3157 3862 3241 3919 lo-.

1663 3969 2078 4032 quuntur,cum
2112 3960 2282 4015 stella:
2314 3974 2422 4014 non
2477 3957 2534 4012 in
2588 3957 2748 4021 caelo,
2803 3955 2898 4012 sed
2953 3955 3055 4013 sub
3097 3954 3253 4010 coelo,

1665 4068 1888 4110 cursum
1929 4068 2090 4108 suum
2110 4057 2331 4111 teneant
2356 4051 2380 4105 ?
2406 4047 2503 4106 Sin
2547 4050 2670 4106 illas
2692 4049 2749 4104 in
2771 4049 2912 4104 caelo
2940 4061 3062 4103 esse
3098 4045 3245 4103 dica-.

1665 4160 1808 4209 mus,
1827 4143 2100 4216 quomodo
2125 4143 2236 4197 vim
2264 4150 2324 4199 et
2347 4152 2526 4196 actum
2542 4140 2800 4197 motionis
2830 4139 3096 4203 obtinent,
3113 4151 3257 4197 cum,

1663 4239 1788 4292 caeli
1809 4253 2010 4306 corpus
2033 4235 2311 4292 immobile
2340 4235 2443 4290 sit?
2471 4233 2626 4299 Quod
2681 4233 2727 4288 si
2777 4247 2884 4286 una
2923 4247 3048 4287 cum
3099 4230 3251 4284 melo.

1665 4345 1828 4388 suum
1870 4334 2079 4382 motum
2141 4325 2454 4397 perﬁciunt,
2499 4322 2776 4394 quomodo
2805 4337 2936 4378 vera
2979 4336 3091 4376 non
3128 4331 3234 4382 est.

1666 4437 1788 4494 qua:
1838 4421 2037 4482 cmlum
2081 4419 2301 4490 globum
2338 4417 2586 4475 nominat
2612 4415 2831 4470 fabula?
2874 4413 2970 4469 Sin
2997 4414 3102 4468 hoc
3131 4429 3240 4469 non

4 4503 146 4593 erat
170 4508 332 4563 τοῦτο
363 4510 460 4581 μὲν
488 4509 847 4581 ἀπρεπὲς,ητὸ
873 4509 929 4561 δὲ
960 4508 1253 4580 προλεχθὲν
1289 4507 1418 4580 περὶ
1453 4507 1539 4560 τῶι

1739 4517 1920 4578 adrat,
1952 4513 2020 4569 de
2059 4513 2234 4568 stellis
2265 4519 2446 4566 autem
2469 4509 2546 4574 id,
2575 4509 2734 4580 quod,
2770 4509 2976 4563 dictum
3023 4515 3128 4570 est,
3158 4507 3241 4560 in-

9 4598 287 4670 φωστήρων
325 4600 514 4672 νοῆσαι
538 4599 848 4663 ἀκόλουθον,
880 4599 996 4662 πῶς
1024 4601 1124 4654 οὐκ
1155 4598 1426 4671 ἄχρηστρς
1457 4597 1564 4651 τῶν

8 4685 105 4740 ἀνω
129 4690 335 4747 ύδάτων
363 4695 397 4763 ή
428 4692 686 4756 σύστασις
717 4709 732 4757 ;
760 4691 844 4754 τίς
871 4692 926 4744 δὲ
960 4693 1053 4745 καὶ
1081 4692 1219 4764 αὐτὴ
1239 4673 1297 4745 έν
1334 4694 1564 4762 τῇσυν-

12 4782 172 4856 τελείςι
191 4787 498 4858 γενήσεται,
527 4786 638 4840 ἄνω
667 4786 764 4858 μὲν
787 4785 893 4842 τῶν
925 4785 1149 4839 δικαίων
1168 4825 1183 4850 ,
1207 4771 1355 4839 κάτω
1378 4785 1433 4838 δὲ
1457 4784 1567 4838 τῶν

16 4875 330 4948 ἁμαρτωλῶν
385 4879 486 4944 τὰς
523 4879 634 4934 τῶν
675 4879 975 4956 μελλόντων
1014 4878 1125 4950 (58)
1178 4877 1410 4953 ἀμοιβὰς
1447 4877 1574 4937 τότε,

21 4969 295 5036 μελλόντων
323 4973 639 5044 κομίζεσθαι
660 4989 674 5038 ;

86 5061 472 5122 ἈΠΟΚΡΙΣΙΣ.
508 5065 626 5121 Κᾶν
656 5063 760 5117 ὑπὸ
811 5063 903 5122 τὸν
940 5062 1180 5134 οὐρανόν.
1201 5063 1341 5114 εἰσιν
1373 5062 1424 5114 οἱ
1456 5079 1569 5131 φω-

24 5152 212 5224 στῆρες,
243 5157 356 5211 ἀλλ’
387 5159 421 5228 ἡ
465 5155 606 5228 φορὰ
632 5155 734 5226 τῆς
785 5156 895 5215 τῶν
938 5155 1200 5228 πυρωδῶν
1231 5155 1420 5219 ούσίας
1459 5154 1567 5225 (59)

41 5362 49 5374 .
86 5309 187 5452 (35;
217 5313 349 5368 Ὑπό
377 5313 513 5369 τῶν.
549 5313 712 5370 Deest
738 5311 914 5379 λόγων
947 5319 1042 5366 aut
1069 5312 1354 5437 ἑὲμᾴτων.

67 5381 166 5452 ,(56
223 5385 564 5452 Δεξαμένων
615 5385 742 5438 τόν.
794 5381 870 5436 Ita
900 5381 1032 5452 Reg.
1155 5393 1213 5436 ιιι
1263 5382 1352 5446 δεξ

66 5380 187 5463 ν(56)
220 5385 564 5463 Αεξαμένωτς
615 5385 760 5463 τόν...
794 5381 1034 5463 lta_Reg.
1069 5380 1213 5463 Editi
1262 5380 1570 5463 ᾷεξαμένων

28 5450 130 5517 τήν-
159 5450 474 5532 addendum
505 5455 688 5526 νόμον.
715 5453 836 5507 Mox
871 5450 1074 5523 legfﬁv
1104 5453 1197 5506 τὸν
1222 5450 1446 5525 οὑρανδν
1475 5450 1570 5532 και

31 5516 112 5588 ﬁt?
143 5539 239 5588 γην
264 5528 292 5579 ό
325 5527 564 5588 Μωῡσῆς
595 5525 1150 5588 διαμαρτυρούμενος.
1183 5523 1314 5578 Plus
1365 5529 1570 5588 negotii

35 5537 112 5587 την
143 5539 239 5592 γην
264 5537 292 5579 ο
325 5537 564 5588 Μωῠσς
595 5537 1150 5596 οιαμαρτυρουμενος.
1183 5537 1314 5578 l’lus
1365 5537 1570 5590 negout

35 5584 240 5677 lacessit.
253 5611 485 5677 sequens
499 5545 735 5677 ilacﬁuna.
770 5595 930 5677 Forte
983 5593 1267 5677 legendum
1297 5592 1404 5677 “nov
1431 5590 1571 5677 κατὰ

189 5657 371 5735 λόγωι.
402 5667 556 5738 Legit
585 5664 938 5738 Sylburgius,
965 5657 1060 5718 τὸν
1103 5665 1246 5717 κατὰ
1277 5663 1570 5735 πρόσταξιν

100 5801 196 5861 157)
213 5809 608 5877 ιΙιαινόμενον.
639 5807 897 5878 Displicet
923 5821 988 5862 ea
1007 5821 1110 5861 vox
1134 5802 1449 5874 Sylburgio,
1474 5803 1568 5866 qui

1667 4612 1906 4682 telligere
1953 4615 2382 4665 consentaneum
2410 4613 2529 4662 est:
2561 4605 2835 4674 quomodo
2879 4619 2988 4658 non
3031 4603 3244 4659 inutilis

1668 4717 1905 4774 superna
1927 4701 2016 4755 illa
2035 4701 2118 4756 vis
2131 4699 2433 4770 aquarum?-
2453 4698 2592 4765 Quid
2615 4713 2746 4753 vero
2760 4696 2851 4751 illa
2875 4696 3038 4751 etiam
3056 4695 3241 4750 futura

1667 4804 1753 4853 est
1776 4797 1829 4849 in
1853 4791 2350 4855 consummatione,
2376 4805 2500 4845 cum
2525 4789 2681 4859 justi,
2709 4788 2764 4842 in
2789 4787 3024 4857 superis,
3050 4802 3244 4857 pecca-

1668 4896 1819 4944 tores
1847 4892 2050 4951 autem,
2079 4883 2134 4937 in
2160 4882 2372 4947 inferis,
2410 4882 2681 4937 factorum
2713 4878 3014 4950 percipient
3044 4893 3248 4934 merce-

1671 4980 1818 5036 dem.

1743 5068 1941 5125 RESP.
1975 5068 2215 5125 Tametsi
2244 5068 2537 5124 luminaria
2580 5067 2684 5123 sub
2713 5066 2852 5122 coelo
2887 5071 3035 5125 sunt,
3071 5063 3245 5133 impe-

1672 5171 1765 5218 tus
1795 5170 1976 5215 tamen
2007 5159 2344 5230 agitationis,
2367 5174 2488 5230 qua:
2529 5156 2718 5228 igneas
2744 5155 3082 5212 substantias
3106 5154 3233 5216 ciet,

1673 5316 1857 5370 mallet
1888 5316 2206 5386 ἰαινόμενον,
2242 5317 2294 5371 id
2322 5324 2404 5372 est
2433 5316 2795 5386 διαχεόμενον.

1745 5387 1856 5457 (58)
1884 5385 2007 5457 Τῷν
2027 5380 2398 5455 μελλόντων.
2426 5380 2578 5456 Legit
2603 5380 2927 5457 Sylburgius
2958 5380 3246 5452 πρακτέων

1671 5455 1763 5512 vel
1786 5456 2157 5527 πραχθέντων.
2223 5457 2457 5527 Propius
2485 5455 2551 5510 ad
2593 5455 2936 5527 Seriptu‘ram
2959 5457 3246 5527 contextus

1673 5521 2021 5588 accedemus,
2057 5529 2103 5582 si
2146 5521 2414 5598 μενόντων
2478 5521 2740 5598 legamus:
2798 5523 3056 5598 Actiones
3088 5521 3246 5598 bona:

1672 5607 1729 5652 et
1767 5599 1924 5652 mala:
1953 5591 2295 5666 permanent,
2320 5591 2617 5668 nosque'in
2663 5596 2887 5650 alteram
2923 5593 3087 5647 vitam
3146 5591 3251 5646 mi-

1674 5679 1892 5740 grantes
1916 5669 2270 5740 comitantur.

1746 5740 1852 5795 ’59l
1880 5738 2122 5802 Οὐσίας.
2153 5738 2296 5799 Idm)
2327 5738 2540 5792 οὐσιῶν.
