3630 6516
4 391 96 444 37
757 389 1219 461 QUESTIONES
1249 388 1340 447 ET
1379 388 1590 447 nesse

1763 382 1899 444 NES
1932 384 2026 442 AD
2060 382 2551 442 ORTHODOXOS.
3112 380 3255 441 i358

4 508 212 582 5(43)
261 528 332 581 φε
408 553 422 568 ,
460 509 517 565 ’⁸.
600 550 616 566 .
695 551 710 575 _.
790 553 804 565 .
885 555 899 567 .
950 512 1064 566 ὅσοι
1088 511 1380 585 ἀγέννητόν
1408 528 1468 565 τε
1494 509 1588 564 καὶ

1763 521 1903 577 nque
1949 503 2251 576 ingenitum
2294 501 2429 558 illud
2463 512 2519 559 et
2570 506 2833 556 aeternum
2898 498 3064 555 stulte
3110 497 3258 556 dixe-

3 601 182 662 διον,
243 645 263 657 .
345 646 359 660 .
440 643 455 658 .
530 645 545 658 .
625 646 638 659 .
715 622 888 677 φρονα
918 604 1107 659 τοῦτον
1140 603 1439 676 εἰρηκότες.

1763 606 1836 654 nt.

34 694 442 749 ἘΡΩΤΗΣΙΣ
468 697 584 764 ιιεο.
626 697 694 750 Εἰ
725 696 813 751 διὰ
839 697 938 768 τὴν
973 695 1247 768 ἡμετέραν
1271 694 1461 768 χρείαν
1489 684 1587 747 καὶ

3 785 268 854 ιρέλειαν
302 787 334 857 ἡ
373 786 680 858 παραγωγὴ
705 787 805 859 τῆς
832 787 1063 851 κτίσεως
1108 786 1322 856 γέγονε,
1373 786 1465 840 καὶ
1494 782 1583 839 διὰ

3 895 53 947 κν
90 878 406 949 ἡμετέραν
429 876 627 948 ὁμοίως
658 877 844 949 χρείαν
876 878 946 931 τὰ
977 880 1075 950 μὲν
1106 878 1405 950 φθείρεται,
1439 876 1585 932 τὰδὲ

3 966 314 1038 ρθαρσίαν
352 968 411 1021 ἐν
437 969 504 1039 τῇ
551 967 830 1040 συντελείᾳ
882 967 1210 1021 ὲνδύσονται·
1246 962 1356 1022 οἷον
1415 969 1584 1040 κτήνη

3 1060 63 1113 ὲν
96 1059 214 1113 καὶ
258 1059 484 1113 πετεινὰ
514 1062 609 1115 καὶ
636 1060 800 1132 θηρία
827 1060 1127 1132 φθείρεται,
1156 1062 1384 1135 οὐρανὸς
1409 1062 1468 1115 δὲ
1491 1060 1587 1115 καὶ

21 1153 105 1221 γῆ
132 1153 370 1225 φθορᾶς
402 1153 821 1208 ἀπαλλάττεται’
859 1156 952 1209 καὶ
976 1154 1044 1208 τά
1085 1154 1185 1225 μὲν
1219 1153 1587 1227 φθείρεταιὼς

4 1244 289 1309 νενδεοῦς
314 1246 475 1317 ἡμῶν
504 1246 860 1318 ἀνισταμένου
882 1246 977 1300 τοῦ
1005 1246 1277 1318 σώματος’
1304 1248 1361 1300 ὲν
1377 1245 1589 1319 ἀφθαρ-

3 1338 54 1408 {qi
88 1338 157 1391 δὲ
191 1339 282 1392 τὰ
307 1340 623 1411 δηλωθέντα
643 1340 888 1412 διαμενεῖ
916 1343 1172 1412 στοιχεῖα,
1192 1341 1300 1395 τῶν
1320 1339 1588 1412 πραχθέν-

4 1449 75 1483 »ν
106 1432 270 1502 ἡμῖν
309 1432 612 1504 μελλόντων
642 1434 801 1505 ἡμῶν
826 1435 884 1488 ὲν
917 1434 1101 1497 αὐτοῖς
1135 1432 1458 1504 κομίζεσθαι
1488 1433 1587 1505 τὴν

3 1520 292 1576 ντίδοσιν⁸
331 1524 439 1596 ἀὴρ
470 1525 566 1577 καὶ
599 1523 855 1589 θάλαττα,
904 1523 1023 1588 πῶς
1064 1524 1163 1578 οὐκ
1208 1523 1474 1595 ἀχρηστα,
1538 1526 1588 1578 εί

3 1613 93 1667 5τε
127 1614 307 1687 μένει
336 1617 609 1690 ἄφθαρτα,
643 1618 764 1673 οὔτε
805 1621 883 1682 τίς
906 1619 1199 1683 ἀναπνοὰς,
1235 1618 1360 1671 οὔτε
1389 1619 1469 1683 εἰς
1491 1620 1590 1689 ὲμ-

4 1707 208 1777 τορίας,
248 1707 379 1763 οὔτε
419 1709 790 1781 ίχθυοφαγίας,
836 1710 869 1782 ἦ
904 1710 1094 1781 ἑτέρας
1138 1709 1284 1773 τινὸς
1339 1708 1591 1780 βοηθείας

3 1796 29 1863 Ξ
86 1798 302 1852 αὐτῶν
353 1800 661 1874 χρῃζόντων
711 1801 869 1872 ἡμῶν
899 1799 988 1855 διὰ
1018 1800 1080 1854 τὸ
1117 1799 1381 1865 ἀνενδεὲς,
1408 1797 1591 1864 καθὼς

4 1905 139 1958 mu,
170 1889 286 1943 τοῦ
317 1892 569 1961 σώματος
585 1909 601 1958 ;

1754 686 2035 755 ουαετ.
2066 685 2245 757 XCV.
2277 684 2334 740 Si
2381 694 2601 756 propter
2646 699 2807 742 usum
2867 690 2923 741 et
2965 683 3255 740 utilitatem

1684 790 1953 844 nostram,
1979 787 2250 835 creatura:
2281 777 2613 833 introductio
2643 776 2786 832 facta
2814 782 2897 831 est
2917 818 2933 844 ,
2957 782 3011 830 et
3037 782 3258 845 propter

1684 887 1845 927 usum
1872 871 2059 927 itidem
2086 878 2342 927 nostrum
2373 869 2619 940 quaedam
2655 869 2988 933 interibunt,
3012 876 3066 924 et
3109 882 3259 939 quae-

1684 965 1809 1022 dam
1832 965 1888 1020 in
1914 965 2384 1022 consummatione
2404 963 2972 1035 incorruptibilitatem
2997 961 3221 1016 iuduent
3239 1001 3256 1027 ,

1685 1058 1851 1115 veluti
1878 1057 2117 1130 pecudes
2150 1057 2370 1129 quidem
2396 1065 2451 1114 et
2471 1056 2727 1113 volucres
2749 1062 2803 1111 et
2827 1054 2955 1109 ferte
2984 1054 3256 1120 occident,

1686 1152 1886 1209 caelum
1928 1166 2058 1207 vero
2084 1159 2139 1207 et
2167 1158 2315 1206 terra
2346 1149 2808 1221 corruptibilitate
2841 1147 3256 1214 liberabuntur;

1687 1250 1852 1313 atque
1875 1240 1968 1297 illa
2005 1239 2225 1311 quidem
2256 1239 2619 1310 disperibunt,
2650 1244 2937 1310 propterea
2969 1237 3112 1308 quod
3135 1251 3262 1291 cor-

1687 1349 1823 1406 pora
1857 1341 2051 1389 nostra
2088 1332 2231 1388 citra
2259 1331 2617 1402 indigentiam
2664 1345 2880 1386 omnem
2928 1336 3258 1399 resurgent;

1688 1428 1747 1485 in
1782 1426 2300 1497 incorruptibilitate
2325 1432 2509 1480 autem
2545 1424 2806 1495 praedicta
2834 1424 3100 1480 elementa
3132 1437 3262 1493 per-

1687 1522 2011 1584 manebunt,
2044 1534 2112 1575 eo
2162 1519 2310 1589 quod
2360 1519 2415 1574 in
2447 1520 2528 1575 eis
2558 1517 3055 1573 remunerationem
3088 1514 3265 1570 facto~

1689 1630 1813 1671 rum
1844 1610 2182 1683 reportaturi
2198 1624 2429 1665 sumus:
2460 1608 2735 1680 quomodo
2765 1623 2860 1663 aer
2886 1614 2940 1662 et
2966 1622 3117 1663 mare
3140 1606 3265 1660 inu-

1688 1706 1807 1761 tilia
1836 1719 1946 1759 non
1976 1708 2160 1768 erunt,
2215 1702 2261 1758 si
2313 1709 2429 1756 tum
2470 1699 2771 1756 manebunt
2797 1698 3262 1770 incorruptibilia:

1692 1814 1818 1855 cum
1879 1808 2057 1865 neque
2116 1793 2185 1847 ad
2236 1792 2654 1865 respirationes,
2713 1806 2892 1862 neque
2949 1791 3019 1845 ad
3070 1789 3269 1845 merci»

1618 1886 1661 1942 Β
1690 1888 1876 1945 monia
1936 1884 2294 1957 expedienda,
2343 1899 2522 1956 neque
2567 1883 2637 1939 ad
2687 1892 2970 1954 capturam
3018 1891 3074 1937 et
3113 1894 3266 1937 esum

8 1980 255 2047 iscium,
310 1991 405 2037 aut
435 1985 517 2051 ad
564 1986 802 2056 aliquam
854 2000 968 2042 rem
1020 1985 1181 2041 aliam
1242 2000 1380 2057 opus
1433 1983 1514 2040 eis
1562 1982 1800 2039 habituri
1843 1982 2035 2051 simus,
2082 1980 2232 2054 quia,
2287 1986 2346 2035 ut
2391 1978 2540 2045 dixi,
2570 1994 2773 2051 corpus
2818 1978 2922 2035 erit
2976 1985 3130 2033 extra
3185 1979 3269 2033 in-

4 2076 140 2147 .igen
149 2075 233 2128 tia
242 2090 329 2135 ω.

56 2168 493 2221 ‘AHOKPIXIE.
523 2168 587 2220 El
610 2165 752 2219 κατὰ
779 2165 872 2220 τὸν
899 2164 1191 2219 ἀπόστολον
1210 2163 1420 2218 Παῦλον
1452 2181 1592 2237 παρ-

3 2278 102 2329 εγει
154 2261 227 2313 τὸ
282 2260 470 2331 σχῆμα
512 2258 605 2313 τοῦ
663 2258 869 2329 κόσμου
912 2257 1101 2311 τούτου
1142 2259 1171 2310 ό
1199 2257 1369 2323 Θεὸς,
1431 2257 1590 2328 δῆλον

4 2372 60 2407 ιτι
93 2352 161 2419 ἐξ
194 2354 457 2426 ἀνάγκης
486 2354 583 2406 κα)¹
606 2352 677 2406 τὰ
703 2352 838 2407 ἄλλα
862 2352 1040 2405 πάντα
1076 2350 1146 2405 τὰ
1176 2351 1270 2405 τοῦ
1313 2352 1591 2422 σχήματος

4 2448 175 2502 ὲνεκεν
198 2448 309 2501 τοῦ
339 2448 542 2518 κόσμου
572 2442 1366 2517 γεγονότα,συμπαραχθήσεται
1385 2442 1465 2515 τῷ
1494 2442 1588 2497 τοῦ

3 2541 198 2611 ιὸσμου
240 2540 505 2611 σχήματιο
534 2537 911 2609 είσαχθήσεται
939 2536 995 2589 δὲ
1024 2535 1208 2598 καινὸς
1242 2535 1471 2607 οὐρανὸς
1496 2535 1591 2589 καὶ

3 2632 79 2701 τῆ,
132 2634 194 2685 ἐν
244 2626 335 2696 οἷς
370 2630 619 2703 μέλλουσι
651 2628 886 2683 δίδοσθαι
914 2628 1139 2690 δικαίοις
1170 2643 1229 2680 τε
1260 2628 1353 2680 καὶ
1385 2626 1589 2691 ἀδίκοις

3 2723 94 2777 τῶν
125 2723 432 2795 πρακτέων
460 2723 516 2777 αί
553 2720 795 2793 ἀμοιϐαί.
848 2720 937 2791 Τῷ
969 2719 1026 2773 δὲ
1060 2720 1181 2790 ἀέρι
1222 2720 1271 2773 εί
1316 2721 1411 2774 καὶ
1453 2720 1590 2793 πρὸς

3 2817 281 2888 ἀναπνοὴν
308 2816 432 2869 τότε
453 2816 514 2869 οὐ
549 2813 841 2889 χρῄζομεν,
873 2810 1009 2867 ἀλλά
1055 2810 1194 2883 πρὸς
1231 2810 1330 2883 τὴν
1375 2811 1589 2885 κίνησίν

3 2928 50 2963 ιε
90 2912 191 2964 καὶ
214 2909 455 2982 τοπικὴν
485 2910 816 2982 μετάστασιν
872 2906 1181 2977 ἀναγκαίως
1207 2905 1358 2977 αὑτῷ
1386 2906 1587 2979 χρησό-

4 3005 159 3075 μεθα.
199 3004 702 3074 Ἀρπαγησόμεθα
728 3002 859 3073 γὰρ,
891 3002 1074 3072 φησὶν,
1100 3001 1169 3055 ἐν
1195 2999 1476 3071 νεφέλαις
1502 3002 1589 3067 είς

3 3095 352 3164 ἀπάντησιν
378 3096 483 3151 τοῦ
512 3097 731 3165 Κυρίου
760 3098 846 3163 είς
883 3094 1048 3164 ἀέρα.

78 3189 443 3241 ἘΡΩΤΗΣΙΣ
473 3194 587 3256 ιιςι.
622 3189 685 3243 Et
736 3189 809 3262 μὴ
840 3188 947 3261 (44)
981 3189 1122 3243 κατά
1153 3187 1379 3260 γνώμην
1410 3187 1592 3253 καλοῖς

1768 2162 1968 2222 RESP.
2002 2163 2256 2235 Si,juxta
2280 2164 2586 2235 apostolum
2611 2162 2864 2226 Paulum,
2884 2162 3072 2234 ﬁgurae
3103 2161 3268 2231 hujus

1693 2259 1885 2314 mundi
1944 2258 2105 2315 ﬁnem
2163 2260 2405 2329 imponet
2440 2258 2584 2314 Deus
2607 2259 2682 2325 ¹⁸,
2722 2258 2893 2327 liquet
2944 2256 3050 2309 alia
3100 2257 3264 2311 etiam

1693 2351 1898 2416 omnia,
1927 2366 2049 2421 quae
2076 2358 2301 2422 propter
2324 2351 2511 2405 mundi
2544 2350 2772 2422 ﬁguram
2808 2349 2953 2403 facta
2985 2356 3133 2412 sunt,
3168 2364 3267 2402 ne-

1693 2444 1936 2501 cessario
1961 2458 2085 2497 cum
2131 2444 2321 2499 mundi
2362 2447 2532 2516 ligura
2581 2444 2946 2515 praeteritura.
2972 2440 3267 2496 luducetur

1694 2546 1874 2592 autem
1915 2553 2114 2592 novum
2139 2539 2338 2593 caelum
2362 2545 2417 2594 et
2453 2549 2619 2604 terra,
2652 2538 2709 2593 in
2758 2537 2961 2609 quibus
2999 2536 3165 2605 justis
3214 2545 3269 2590 et

1692 2629 1912 2701 injuslis
1960 2632 2281 2688 meritorum
2334 2632 2555 2703 praemia
2585 2633 2913 2689 tribuentur.
2938 2631 3104 2703 479
3134 2630 3270 2684 Aere

1693 2738 1860 2794 porro
1886 2725 1987 2780 etsi
2018 2732 2148 2781 tunc
2176 2726 2245 2781 ad
2276 2724 2693 2796 respirationem
2726 2742 2838 2780 non
2878 2724 3267 2796 indigebimus,

1694 2816 1762 2870 ad
1805 2826 2013 2872 motum
2042 2827 2224 2874 tamen
2261 2827 2316 2875 et
2368 2819 2474 2874 loci
2518 2820 2900 2884 mutationem,
2956 2818 3271 2873 necessario

1693 2919 1930 2965 utemur.
1962 2909 2249 2981 Rapiemur
2271 2928 2514 2982 namque,
2552 2912 2753 2984 inquit,
2773 2910 3081 2977 innubibus
3111 2912 3165 2965 in
3190 2926 3269 2965 oc-

1698 3018 1916 3057 cursum
1948 3000 2173 3059 Domini
2202 3005 2255 3059 in
2283 3005 2489 3059 aera".

1768 3179 2047 3249 QUA'IST.
2088 3182 2271 3241 πίονι.
2300 3183 2354 3240 Si
2380 3185 2469 3251 iis,
2506 3183 2599 3257 qui
2629 3200 2738 3239 non
2767 3200 2835 3240 ex
2856 3184 3022 3239 animi
3050 3192 3271 3239 senten-

8 3280 153 3350 παρά
184 3279 329 3333 Θεοῦ
375 3281 403 3333 ό
449 3280 758 3345 ἔπαινος...
803 3298 913 3348 ται,
944 3281 993 3335 oi
1037 3280 1189 3350 παρά
1233 3279 1467 3353 Ἡρώδου
1494 3279 1590 3351 τὴν

1763 3298 1769 3330 ι
1817 3277 1950 3333 boni
1984 3285 2135 3343 sunt,
2172 3278 2294 3335 laus
2336 3292 2367 3332 a
2397 3276 2507 3334 Deo
2548 3292 2658 3332 non
2704 3277 2968 3342 debetur;
3008 3275 3269 3342 infantes,

9 3372 107 3425 διὰ.
142 3414 155 3428 .
200 3372 463 3437 λαϐόντες
509 3374 812 3444 ἀναίρεσιν,
848 3374 943 3427 καὶ
985 3373 1054 3427 τὰ
1092 3373 1187 3425 ἐπὶ
1212 3372 1388 3426 τοῦ...
1432 3372 1590 3445 ἡνίκα

1763 3369 1789 3423 :i
1835 3370 1905 3425 ab
1942 3368 2157 3425 Herode
2191 3379 2412 3441 propter
2448 3369 2740 3425 Dominum
2788 3368 2959 3423 occisi
3012 3375 3162 3431 sunt,
3218 3374 3272 3422 et

12 3465 97 3516 ἐπὶ
154 3465 253 3518 τοῦ
313 3467 543 3538 κτήνους
617 3466 944 3537 καθήμενος.
983 3506 996 3519 .
1059 3464 1433 3536 κατελάμϐανε
1501 3463 1590 3517 τὸν

1763 3463 1871 3527 teri,
1896 3462 1988 3533 qui
2008 3460 2307 3517 Salvatoris
2338 3469 2601 3533 tempore,
2617 3476 2739 3516 cum
2757 3460 3007 3531 jumento
3024 3460 3271 3515 insidens

16 3556 175 3626 ὕμνον
201 3557 480 3627 φθεγξά...
503 3576 560 3612 ον
579 3558 759 3629 ἔχουσι
784 3558 1008 3623 δικαίως
1032 3556 1474 3630 χρεωστούμενον
1496 3556 1588 3609 ἐ...

1763 3558 1893 3613 'bem
1920 3557 2318 3628 ingrederetur,
2340 3557 2599 3629 hymnum
2649 3556 3013 3611 decantarunt
3031 3594 3046 3617 ,
3075 3569 3269 3623 quam-

16 3650 248 3702 κάκεῖνοι
283 3649 384 3722 τὴν
418 3649 630 3719 σφαγὴν
662 3650 728 3719 ἣν
757 3648 907 3720 παρά
934 3647 1159 3719 γνώμην
1189 3646 1465 3710 ἐδέξαντοσ
1498 3648 1590 3700 καὶ¹

1763 3664 1831 3703 im
1877 3649 2080 3703 habent
2120 3648 2316 3703 merito
2352 3648 2591 3703 debitam
2617 3646 2853 3710 laudem,
2887 3647 2932 3701 si
2971 3645 3189 3716 quidem
3211 3645 3269 3699 bi

17 3741 179 3795 ταῦτα
213 3744 278 3796 οὐ
308 3741 503 3815 γνώμῃ
535 3740 729 3811 οἰκείᾳ,
760 3738 894 3793 ἀλλὰ
923 3739 1105 3810 χάριτι
1157 3738 1279 3810 θείᾳ
1298 3739 1356 3791 ὲν
1399 3738 1585 3810 Ἱερου·

1763 3750 1889 3798 :eter
1917 3742 2083 3797 animi
2107 3741 2433 3797 sententiam
2450 3740 2645 3806 occisi,
2681 3739 2775 3794 isti
2797 3756 2904 3794 non
2926 3739 3144 3810 propria
3172 3754 3268 3792 vo-

23 3835 193 3905 σαλὴμ
212 3837 305 3889 τὸν
338 3835 503 3905 ὕμνον
525 3836 727 3887 ἐκεῖνον
754 3831 1101 3902 ἐφθέγξαντο.

96 3926 503 3980 ἈΠΟΚΡΙΣΙΣ.
537 3925 601 3978 Et
647 3924 893 3995 χάρισμα
924 3921 1059 3976 Θεοῦ
1084 3922 1211 3975 ἐστι
1229 3920 1289 3975 τὸ
1307 3920 1448 3992 ὑπὲρ
1462 3921 1597 3991 Χρι-

28 4019 141 4072 στοῦ
172 4020 404 4090 πάσχειν
435 4018 619 4089 (ἡμῖν,
653 4018 837 4089 φησὶν,
864 4017 1153 4087 ἐχαρίσθη
1189 4017 1261 4070 οὐ
1296 4016 1491 4085 μόνον
1526 4012 1593 4068 τὸ

23 4118 98 4175 εἰς
118 4112 306 4166 αὐτὸν
328 4112 652 4173 πιστεύειν,
677 4110 838 4165 ἀλλὰ
864 4110 963 4163 καὶ
984 4094 1217 4176 τδῦπὲρ
1235 4107 1421 4163 αὑτοῦ
1487 4105 1598 4160 πά.

28 4204 546 4275 σχειν),ἐπασχονδὲ
569 4202 665 4255 καὶ
694 4203 762 4255 τὰ
791 4201 965 4273 βρέφη
993 4202 1133 4273 ὑπὲρ
1159 4201 1415 4273 Χριστοῦ·
1447 4201 1596 4263 θείας

27 4292 123 4362 ἄρα
138 4294 445 4363 ἠξιώθησαν
469 4294 709 4365 χάριτος.
741 4294 837 4357 Τίς
866 4290 956 4346 οῦν
976 4296 1076 4347 οὐκ
1101 4295 1401 4347 ἐπαινέσειε
1426 4291 1598 4346 ταῦτα

31 4382 237 4450 δικαίως
260 4390 329 4458 τῇ
357 4385 497 4438 δόσει
534 4386 634 4455 τῆς
680 4385 828 4449 θείας
862 4386 1083 4457 χάριτος
1111 4385 1459 4439 ὲπαινεθέντα
1490 4383 1596 4439 ὑπὸ

1690 3837 1923 3898 luntate,
1980 3834 2075 3889 sed
2113 3833 2299 3889 divina
2342 3833 2517 3903 gratia
2560 3832 2820 3905 hymnum
2867 3832 3272 3887 decantarunt?

1763 3923 1963 3980 RESP.
2008 3924 2063 3979 Si
2087 3925 2289 3980 donum
2321 3922 2417 3979 Dei
2460 3932 2543 3981 est
2596 3940 2696 3995 pro
2749 3922 2970 3979 Christo
2995 3923 3107 3993 pati
3137 3920 3271 3991 (No-

1695 4014 1796 4080 bis,
1823 4015 2021 4085 inquit,
2053 4014 2306 4070 donatum
2335 4023 2415 4069 est
2447 4030 2551 4069 non
2579 4014 2749 4068 solum
2773 4014 2827 4067 in
2852 4012 3020 4069 Deum
3039 4015 3267 4080 credere,

1693 4107 1782 4163 sed
1813 4110 1973 4163 etiam
1999 4123 2092 4177 pro
2113 4124 2172 4162 eo
2197 4108 2409 4181 pati"),
2443 4108 2592 4180 passi
2623 4115 2802 4163 autem
2835 4107 2998 4164 etiam
3034 4108 3271 4162 infantes

1694 4216 1794 4271 pro
1841 4200 2084 4265 Christo,
2114 4201 2298 4256 divina
2337 4200 2585 4272 profecto
2626 4200 2835 4271 dignati
2882 4200 3103 4255 fuerunt
3145 4215 3270 4271 gra-

1694 4296 1790 4352 tia.
1824 4295 1960 4362 Quis
1988 4296 2154 4367 igitur
2180 4296 2306 4351 illos
2339 4312 2449 4351 non
2480 4296 2677 4351 merito
2715 4295 3040 4358 laudaverit,
3073 4295 3270 4349 divinat

1694 4389 1883 4460 gratia:
1904 4388 2194 4459 largitione
2216 4388 2468 4445 laudatos
2502 4404 2531 4443 a
2558 4387 2692 4455 Deo,
2716 4387 2810 4459 qui
2840 4388 2926 4443 bis
2957 4389 3146 4453 etiam,
3175 4390 3269 4459 qui

34 4475 111 4527 τοῦ
157 4478 313 4540 Θεοῦ,
371 4476 465 4530 τοῦ
524 4479 616 4531 καὶ
663 4480 774 4541 τοῖς
826 4477 977 4549 παρά
1018 4476 1242 4547 γνώμην
1287 4478 1471 4541 καλοῖς
1500 4478 1590 4531 τὸν

1763 4498 1817 4537 ie
1847 4481 2015 4536 libera
2043 4481 2313 4537 electione
2340 4481 2469 4536 boni
2496 4489 2646 4545 sunt,
2673 4480 2889 4535 laudem
2921 4480 3146 4551 largiter
3168 4480 3267 4533 tri-

33 4566 234 4623 ἔπαινον
275 4570 722 4641 δαψιλευομένὸω
774 4570 853 4625 ἔτι
886 4570 941 4623 δὲ
965 4573 1032 4635 εί,
1077 4571 1213 4642 πρὸς
1253 4571 1343 4623 τὸν
1371 4571 1590 4625 ἔπαινον

31 4660 127 4712 τῶν
168 4662 254 4716 διὰ
299 4665 396 4735 τὴν
444 4663 721 4716 εὐσέϐειαν
769 4662 1116 4733 θλιϐομένων,
1169 4664 1590 4718 ἀνταποδίδωσιν

36 4752 59 4801 ὁ
82 4751 202 4816 Θεὸς
222 4755 394 4825 θλίψιν
415 4758 527 4819 τοῖς
555 4754 822 4824 θλίψασιν,
852 4756 1065 4825 ἀνάγκη
1088 4755 1192 4825 ἄρα
1208 4756 1299 4808 καὶ
1318 4756 1386 4808 τά
1412 4755 1588 4826 βρέφη

35 4844 93 4895 τὰ
123 4847 477 4919 ἀναιρούμενα
505 4849 608 4901 ὑπὸ
653 4847 913 4919 Ἡρώδου,
948 4849 1283 4902 ἐπαινεῖσθαι
1310 4849 1483 4920 τούτῳ
1508 4848 1587 4920 τῷ

40 4935 224 5009 ἐπαξίῳ
252 4939 328 5010 τῷ
355 4939 444 4994 διὰ
464 4940 561 5011 τὴν
581 4940 859 5011 ἐκδίκησιν
916 4942 1023 4995 τῶν
1049 4940 1298 5011 θλίψεων.
1326 4943 1584 5009 Δίκαιον,

1694 4574 1851 4630 buit?
1879 4572 2085 4629 Deinde
2125 4589 2279 4637 vero,
2312 4574 2359 4629 si
2392 4574 2459 4629 ad
2498 4574 2714 4629 laudem
2755 4588 2968 4637 eorum,
3009 4573 3103 4644 qui
3145 4588 3268 4641 pro-

1695 4673 1815 4734 pter
1852 4664 2113 4735 pietatem
2160 4663 2519 4729 tribulantur,
2560 4665 2810 4735 rependit
2851 4663 2992 4721 Deus
3032 4664 3268 4718 tribula-

1695 4759 1897 4815 tionem
1924 4759 2030 4824 his,
2068 4759 2159 4830 qui
2201 4775 2298 4815 eos
2339 4759 2705 4827 tribularunt,
2750 4774 2976 4814 necesse
3007 4766 3091 4814 est
3130 4764 3189 4811 ut
3217 4764 3270 4812 et

1693 4852 1864 4908 occisi
1895 4852 1963 4908 ab
1994 4852 2209 4909 llcrode
2251 4852 2409 4923 pueri
2457 4851 2750 4907 laudentur
2786 4851 2889 4906 hac
2926 4849 3105 4914 laude,
3148 4865 3270 4920 quae

1693 4959 1792 5016 per
1830 4943 2092 5002 ultionem
2132 4944 2547 5001 tribulationum
2580 4944 2862 5001 tribuitur.
2899 4942 3116 4999 Juslum
3166 4951 3266 5007 est,

104 5118 145 5149 "
174 5116 195 5172 l
220 5122 343 5177 Cor.
378 5138 476 5187 vu,
512 5122 602 5177 51.
690 5120 733 5153 ’⁸
764 5119 784 5174 l
813 5121 1011 5178 Thess.
1051 5135 1126 5191 tv,
1158 5120 1249 5178 i7.
1325 5120 1367 5152 ¹⁷
1393 5118 1590 5194 Philip.

1763 5122 1793 5175 ι.

107 5295 211 5422 (432I
232 5300 340 5356 Τοῦ
370 5299 649 5370 οὐρανοῦ.
704 5297 1020 5368 Explebitur
1046 5298 1243 5352 lacuna
1270 5298 1315 5352 si
1346 5298 1590 5369 legamus

111 5374 155 5419 st
215 5385 289 5422 aee
319 5373 480 5422 verba
503 5411 518 5422 .
579 5370 878 5422 φερομένου
933 5369 1201 5422 δόγματος
1248 5368 1441 5422 νοῶσιν
1474 5370 1587 5422 ὅσοι

49 5374 155 5445 post
180 5369 289 5445 hac
319 5369 480 5427 verba
503 5411 533 5445 ,_
579 5370 885 5445 φερομένου
933 5369 1201 5445 δόγματος
1248 5369 1441 5445 νοῷσιν
1465 5370 1587 5445 ’ὅσοι

49 5437 307 5510 ᾁγέδξνητόν
350 5459 408 5496 τε
453 5442 547 5495 καὶ
594 5437 762 5495 ἀΐδιον
793 5439 981 5493 τοῦτον
1014 5437 1262 5510 ἀφρόνως
1293 5439 1590 5510 εἰρηκότες.

55 5579 509 5657 μαῖοςλάποδειχθῇ
662 5579 1044 5657 ἐξελεγχθῶσιν
1060 5579 1187 5657 ’ὅσοι
1217 5579 1508 5657 ἀγέννητον
1534 5596 1595 5633 τε

53 5649 303 5785 ξῗὲτάΐὲἐον
334 5649 441 5709 eici.
464 5649 555 5708 τὸν
583 5652 814 5725 οὐρανὸν
846 5649 987 5705 κατά
1027 5651 1117 5705 τὸν
1149 5652 1357 5722 ἄφρονα
1405 5649 1593 5704 τοῦτον

147 5737 189 5787 εκ
248 5739 318 5787 ες.

116 5764 420 5866 infami.
458 5793 548 5852 Sic
578 5802 727 5853 totus
757 5794 972 5851 videtur
1004 5794 1159 5850 locus
1178 5803 1339 5856 13055e
1357 5790 1583 5852 sanari:

52 5457 158 5518 αγεχ
220 5457 307 5495 τον
350 5459 408 5496 τε
453 5457 547 5495 και
596 5457 762 5495 αιοιον
793 5457 981 5493 τουτον
1014 5458 1087 5508 αφ
1127 5457 1262 5502 ονως
1293 5457 1590 5510 ειρηκοτες.

52 5457 527 5585 Legllrgylburgius
555 5510 854 5585 φερομένου
888 5513 1019 5585 ⁸κατ’
1060 5457 1435 5585 ’ξριστοτελην
1464 5510 1590 5585 δόγ-

1694 5302 1758 5387 E.‘
1790 5303 1903 5388 τρῖς
1931 5301 2006 5374 μὴ
2034 5299 2176 5388 κατέι
2201 5298 2425 5388 West"
2456 5298 2655 5388 eam?
2670 5296 2822 5388 ποιρὲ
2840 5294 3028 5388 ἓεζλῗδ
3050 5295 3267 5388 ἕῗέίὲῗλὲ

1695 5316 1758 5356 ιιι
1790 5316 1903 5365 τοις
1931 5316 2006 5374 μη
2034 5316 2176 5356 κατα
2201 5316 2425 5423 γνώμην
2456 5316 2641 5363 καλοις
2670 5316 2822 5388 παρα
2846 5316 2979 5351 σεου
3000 5316 3028 5350 ο
3050 5316 3266 5357 επαινος

1694 5373 1757 5425 οὐ
1811 5372 2081 5437 δέδοται,,
2106 5372 2155 5425 oi
2213 5374 2314 5425 παῖ
2345 5387 2403 5433 ες
2457 5371 2507 5423 oi
2553 5368 2705 5439 παρὰ
2775 5366 2994 5439 Ηρώδου
3049 5364 3147 5436 τὴν
3176 5365 3266 5419 διὰ

1699 5389 1757 5425 ου
1811 5387 2155 5437 σεσοται,,οι
2213 5387 2403 5433 παιοες
2457 5387 2507 5423 0t
2553 5387 2629 5423 πα
2670 5387 2705 5423 α
2765 5387 2994 5439 Πρωοου
3049 5387 3147 5436 την
3176 5387 3265 5419 at:

1699 5441 1883 5512 ξίφους
1913 5444 2019 5508 (vel
2053 5442 2141 5497 διὰ
2172 5442 2264 5496 τὸν
2297 5441 2520 5512 Κύριον)
2552 5387 2805 5512 λαὲόντες
2846 5438 3142 5512 ἀναίρεσιν,
3169 5439 3265 5489 καὶ

1727 5461 1748 5501 χι
1820 5461 1883 5506 υς
1913 5461 2019 5508 (vet
2053 5461 2141 5497 οια
2172 5461 2264 5496 τον
2297 5461 2520 5512 nuptm)
2554 5461 2805 5501 Λαοοντες
2846 5461 3142 5508 αναιρεσιν,
3169 5461 3263 5489 και

1727 5461 1930 5587 πῗοτοῦ
1978 5512 2193 5587 ΚυρίουΔ
2216 5512 2379 5587 ἡνίκα
2418 5512 2512 5587 ἐπὶ
2541 5510 2634 5587 τρῦ
2686 5510 2927 5587 κτήνους
2948 5506 3263 5587 ,καθήμενος

1693 5583 1793 5655 τὴν
1822 5584 1976 5637 πόλιν
1998 5575 2396 5655 κατελάμϐανε,
2441 5582 2534 5636 τὸν
2563 5581 2730 5655 ὕμνον
2762 5575 3113 5655 ᾠθεγξάμενα
3136 5575 3263 5655 βρέ-

1693 5647 1790 5726 φη,
1823 5655 1941 5708 τίνα
1972 5654 2154 5782 ἕξουσι
2200 5647 2425 5717 δικαίως
2455 5647 2894 5734 χρεωστούμενον
2922 5647 3261 5713 ἔπαινοιεί,

1692 5727 1777 5784 vel
1801 5727 1940 5784 ἐπεί.
2029 5742 2096 5783 ox
2128 5724 2420 5783 delendum
2451 5725 2665 5780 Videtur
2691 5722 2776 5793 ἥν.

1714 5743 1777 5784 ⁷01
1801 5743 1940 5784 επει.
1976 5743 2096 5783 MOI
2128 5743 2420 5783 αειοηαυω
2451 5743 2665 5780 γιαοιυι·
2691 5743 2776 5784 ην.
