3638 6504
36 350 119 406 5-5!

35 552 97 658 ἰγν
122 556 332 626 ψυχὴν
358 562 458 614 καὶ
487 562 550 616 τὸ
575 564 745 635 σῶμα
772 568 841 621 ἐν
874 569 1089 641 γεέννῃ
1116 574 1411 634 ἀπολέσαι
1442 578 1546 634 δυ-

67 740 460 801 ἈΠΟΚΡΙΣΙΣ
511 750 625 804 Οὐκ
678 752 887 824 εἴρηται
941 756 1039 827 μὲν
1094 757 1171 830 τῷ
1229 760 1419 833 Κυρίῳ
1468 764 1552 829 rb,

34 833 50 880 ὶ
69 834 429 902 φοϐούμενος
449 839 522 893 οὐ
546 843 908 898 τετελείωται
930 845 999 898 ἐν
1022 845 1095 915 τῇ
1122 846 1319 917 ἀγάπῃ
1338 866 1351 879 ·
1388 852 1436 903 εί
1462 854 1555 905 καὶ

40 923 256 993 εἰρηκὼς
298 926 463 982 τοῦτο
511 930 653 985 κατὰ
704 933 908 1005 Κύριον
961 935 1150 1008 είρηκε
1179 956 1191 969 ·
1233 939 1297 992 rb
1339 941 1416 1006 δὲ,
1444 946 1554 998 Φο-

34 1012 165 1104 uade
198 1015 448 1084 μᾶλλον
488 1023 596 1075 τὸν
648 1022 987 1095 δυνάμενον
1038 1032 1137 1085 καὶ
1190 1034 1404 1104 ψυχὴν
1452 1038 1550 1092 καὶ

33 1103 135 1174 uiua
155 1106 458 1165 ἀπολέσαι
480 1114 551 1167 ἐν
576 1116 808 1187 γεέννῃ,
854 1121 952 1175 οὐκ
985 1123 1198 1195 είρηται
1230 1128 1367 1199 πρὸς
1397 1130 1550 1183 ἀναί-

253 1200 472 1294 τελείας
510 1207 750 1279 ἀγάπης,
799 1210 855 1264 Ὁ
882 1211 991 1284 γάρ
1010 1214 1090 1283 τῷ
1144 1217 1350 1287 μείζονι
1400 1222 1549 1294 φόϐῳ

33 1287 215 1381 ιῦΘεοῦ
240 1291 336 1345 rbv
366 1293 624 1351 ἐλάττονα
657 1300 863 1357 ἐκλύων
886 1304 994 1358 τῶν
1028 1307 1329 1379 ἀνθρώπων
1363 1287 1545 1381 φόϐον,

34 1380 41 1447 ᾗ
66 1380 244 1454 ἀγάπῃ
271 1384 372 1437 τοῦ
402 1386 537 1440 Θεοῦ
564 1388 725 1446 τοῦτο
758 1398 934 1472 ποιεῖ’
971 1397 1113 1452 ὥστε
1139 1396 1277 1454 εἶναι
1305 1380 1397 1455 τὸν
1431 1404 1547 1473 μεί-

34 1489 91 1522 ινα
122 1473 285 1539 φόϐον
335 1477 432 1531 τοῦ
486 1479 647 1549 Θεοῦ,
691 1483 876 1540 ἕνεκεν
924 1488 1018 1542 τοῦ
1048 1491 1123 1562 μὴ
1156 1493 1408 1549 ἐκπεσεῖν
1437 1496 1546 1551 τῶν

34 1563 352 1632 ἀπιγμένων.
396 1568 558 1623 Ὅσον
583 1571 692 1645 γὰρ
719 1575 898 1646 τίμιόν
956 1580 1074 1634 ἐστι
1114 1583 1176 1636 rb
1222 1590 1547 1657 πιστευόμε-

34 1671 71 1717 ν,
97 1658 352 1714 τοσοῦτον
387 1662 668 1729 ἀγαπᾶται
691 1685 704 1698 ο
743 1671 837 1724 καὶ
867 1673 991 1726 ὅσον
1024 1674 1324 1744 ἀγαπᾶται,
1352 1680 1541 1733 τοσοῦ-

34 1763 55 1795 ν
80 1748 357 1818 ὸάγαπῶν
396 1754 496 1827 τὴν
522 1756 794 1814 ἔκπτωσιν
836 1763 1001 1818 αὑτοῦ
1048 1766 1314 1835 φοϐεῖται,
1341 1770 1444 1834 ἕως
1476 1770 1542 1825 ἂν

34 1840 75 1890 ὲν
102 1840 174 1910 τῷ
200 1842 353 1917 ὑπὲρ
396 1847 494 1901 τοῦ
544 1850 909 1924 ἀγαπωμένου
952 1856 1139 1926 ἀγῶνι.
1188 1860 1455 1927 Λυθέντος
1486 1862 1541 1917 δὲ

34 1926 55 1979 ὖ
83 1930 311 2023 ἀγῶνος,
350 1936 449 1990 σὺν
478 1940 670 2012 ἐκείνῳ
698 1942 879 1998 λύεται
926 1948 1020 2000 καὶ¹
1049 1951 1078 2002 6
1110 1950 1273 2019 φόϐος
1302 1952 1401 2023 τῆς
1432 1926 1542 2006 τῶν

34 2020 334 2089 νικωμένων
372 2025 701 2094 ἐκπτώσεως
724 2071 736 2083 .
770 2032 931 2087 Ὥστε
958 2036 1061 2101 ἕως
1094 2039 1215 2092 τότε
1248 2020 1543 2111 ἀναγκαῖός

34 2128 100 2163 τιν
127 2115 153 2165 6
180 2113 277 2167 τοῦ
310 2115 453 2170 Θεοῦ
479 2120 640 2188 φόϐος
667 2139 680 2152 ·
716 2125 836 2178 οὐδὲ
858 2126 976 2204 γὰρ
1004 2129 1080 2193 ὡς
1100 2131 1161 2184 rb
1189 2137 1365 2204 μισεῖν
1386 2136 1541 2190 ἀναι-

34 2206 160 2257 τικόν
190 2208 312 2261 ἐστι
336 2210 443 2283 τῆς
471 2213 691 2285 ἀγάπης
723 2217 1001 2287 (ἀδύνατον
1031 2222 1139 2296 γὰρ
1183 2226 1244 2279 rb
1267 2226 1357 2280 rbv
1381 2228 1541 2283 αὐτὸν

34 2296 300 2371 ὶὰγαπᾷν
349 2303 448 2356 καὶ
495 2306 718 2378 μισεῖν),
746 2308 920 2375 οὕτως
964 2313 1059 2367 καὶ
1114 2316 1175 2368 τὸ
1223 2318 1537 2386 φοϐεῖσθαι·

34 2392 215 2462 Ξέχεται
247 2395 368 2469 γάρ
400 2398 492 2451 rbv
518 2400 681 2455 αὑτὸν
706 2404 801 2457 καὶ
855 2404 1075 2478 ἀγαπᾷν
1109 2408 1201 2462 καὶ
1238 2410 1537 2479 φοϐεῖσθαι.

45 2484 388 2540 ἘΡΩΤΗΣΙΣ
406 2488 520 2556 [ιϐ’.
554 2492 617 2545 Ei
649 2492 748 2557 τὰς
772 2494 880 2549 τῶν
910 2495 1118 2566 ἀλόγων
1145 2498 1333 2564 θυσίας
1361 2502 1389 2554 6
1412 2502 1542 2567 Θεὸς

51 2576 115 2647 τῷ
137 2578 291 2651 νόμῳ
338 2582 643 2653 προσέταξε
691 2585 956 2661 γίνεσθαι,
1005 2588 1146 2645 ὥστε
1192 2592 1420 2659 ταύταις
1442 2596 1541 2668 τὴν

40 2669 81 2738 pl.
128 2672 293 2727 αὐτὸν
336 2675 470 2739 τοὺς
511 2677 834 2749 ἀνθρώπους
887 2682 1055 2752 τιμὴν
1116 2684 1539 2752 ἐπιδείκνυσθαι,

33 2757 71 2821 7:;
110 2759 191 2814 διὰ
238 2763 304 2815 rb
370 2763 520 2818 θύειν
561 2766 881 2839 ἀνθρώπους
932 2771 1193 2845 ’Έλληνες
1239 2775 1541 2832 δείκνυνται

34 2851 123 2904 τῶν
173 2856 567 2930 ἀσεϐέστεροι;
614 2861 753 2933 ὅπερ
807 2864 1109 2934 φάσκουσιν
1156 2867 1262 2922 ὑπὸ
1294 2870 1404 2924 τῶν
1437 2889 1541 2925 πα-

34 2944 111 2997 ηιιῖιν
130 2950 417 3017 γεγονέναι
468 2953 627 3024 χάριν
657 2955 753 3012 τοῦ
792 2956 1040 3023 πλείονος
1086 2962 1254 3033 τιμῆς
1283 2962 1378 3016 τοῦ
1410 2967 1540 3037 παρ’

38 3040 129 3100 τοῖς
160 3039 271 3113 (48)
327 3042 689 3115 νομιζομένου
743 3047 866 3102 θεοῦ
928 3051 1174 3121 μείζονος
1235 3053 1539 3124 ἀξιοῦσθαι,

34 3128 219 3223 ξὼντων
273 3135 448 3189 αὐτὸν
494 3140 561 3211 τῇ
618 3137 728 3193 τῶν
776 3140 1011 3211 λογικῶν
1039 3144 1219 3219 θυσία.
1258 3147 1408 3220 Ὄσῳ
1434 3150 1542 3223 γάρ

98 3224 288 3335 ἀλόγου
336 3228 401 3283 rb
450 3228 668 3335 λογικὸν
693 3232 1059 3335 πιμιώτερον,
1098 3238 1340 3311 τοσούτῳ
1369 3243 1463 3295 καὶ
1507 3220 1609 3335 ἧς

36 3313 133 3369 ὐτου
165 3318 326 3375 θυσία
361 3323 665 3395 σεμνοτέρα
690 3324 923 3398 ἐκείνης.
950 3329 1059 3382 Καὶ
1083 3328 1244 3385 τοῦτο
1268 3332 1541 3388 δείκνυται

1573 1911 1615 1965 Β

53 3410 145 3465 τῶν
195 3413 349 3469 κατὰ
384 3415 481 3469 τὸν
518 3416 725 3486 Ἰεφθάε
776 3420 1145 3493 σαφέστερον·
1187 3423 1246 3487 ὃς
1274 3426 1373 3496 τὴν
1404 3427 1541 3480 ἰδίαν

37 3504 217 3576 γατέρα
256 3507 643 3579 προσκομίσας
676 3508 886 3578 θυσίαν,
904 3512 963 3566 ἐν
1001 3515 1067 3585 τῇ
1097 3514 1234 3586 πρὸς
1259 3516 1540 3589 Ἐϐραίους

36 3598 197 3671 ειπολῇ
247 3600 355 3653 ὑπὸ
376 3599 474 3655 τοῦ
528 3602 847 3658 Ἀποστόλου
880 3607 939 3659 ὲν
972 3606 1049 3678 τῷ
1093 3608 1379 3679 καταλόγῳ
1425 3610 1533 3663 τῶν

36 3688 180 3743 σεῧῶν
232 3691 665 3763 μνημονεύεται.

44 3778 434 3838 ἈΠΟΚΡΙΣ1Σ.
516 3826 531 3838 .
610 3827 625 3840 .
702 3791 922 3843 σκοπεῖν
973 3789 1084 3862 (49)
1127 3790 1227 3864 τὴν
1271 3790 1414 3846 κατὰ
1446 3792 1539 3847 τὸν

36 3889 110 3940 μον
158 3876 278 3947 Θεῷ
328 3880 786 3952 προσφερομένην
820 3881 1030 3947 θυσίαν,
1062 3882 1283 3937 ὅτιτῶν
1326 3883 1536 3953 ἀλόγων

36 3965 98 4017 τὶν
145 3971 380 4042 αἵματα,
433 3970 572 4026 ἀλλά
632 3973 695 4026 rb
725 3974 843 4038 πῶς
869 3976 1231 4048 προσεδέξατο
1262 3977 1462 4050 ταύτην
1506 3980 1535 4033 ό

40 4057 84 4120 ὸς
111 4063 531 4135 προσαγομένην
589 4064 754 4137 αὐτῷ.
803 4068 866 4120 Εἰ
902 4067 1003 4138 μὲν
1042 4068 1150 4140 γὰρ
1180 4069 1240 4122 rb
1267 4063 1403 4141 αἷμα
1429 4070 1537 4125 τῶν

38 4150 151 4219 ὁγων
202 4154 361 4219 ζώων
428 4156 492 4209 τὸ
546 4158 992 4229 προσφερόμενον
1048 4160 1221 4225 οὕτως
1275 4162 1530 4234 προσεδέ-

38 4260 96 4297 το.
167 4289 180 4301 .
264 4290 279 4302 .
359 4247 461 4320 τὴν
494 4250 692 4309 ἑαυτοῦ
741 4250 919 4323 ψυχὴν
955 4252 1062 4323 (50)
1104 4256 1476 4326 προσήνεγκεν
1502 4257 1532 4309 6

38 4336 121 4392 ὗτο.
196 4383 212 4396 .
290 4383 305 4396 .
341 4342 503 4413 δῆλον
540 4343 623 4396 ὅτι
659 4344 690 4415 ἡ
725 4344 826 4414 μὲν
867 4344 1027 4399 θυσία
1071 4347 1170 4419 τὴν
1200 4347 1340 4418 πρώ.
1420 4389 1435 4401 .
1513 4388 1527 4403 .

37 4429 65 4481 6
86 4434 171 4503 τῆς
204 4436 460 4500 εὐδοκίας
490 4437 584 4490 τοῦ
612 4437 818 4508 ταύτην
848 4438 1021 4502 οῦτως
1068 4439 1527 4512 προσδεξαμένου,

38 4523 57 4573 ηὶ
80 4526 250 4592 ὀΘεὸς
276 4528 378 4600 τὴν
415 4527 638 4601 πρώτην
665 4532 851 4602 τιμήν.
879 4531 998 4584 Ὅτι
1014 4531 1069 4588 δὲ
1100 4531 1175 4593 ώς
1202 4533 1300 4603 τὴν
1332 4532 1526 4588 ἑαυτοῦ

38 4616 140 4687 χὴν,
166 4620 340 4685 οὕτως
370 4620 678 4693 προσέφερε
706 4620 784 4692 τῷ
811 4620 930 4693 Θεῷ
959 4623 987 4675 6
1015 4622 1076 4675 rb
1105 4618 1243 4694 αἷμα
1269 4624 1378 4679 τῶν
1407 4625 1530 4679 ἀλόα-
1561 4627 1605 4683 D

38 4724 71 4757 ιν
93 4713 478 4783 προσενέγκας,
514 4716 779 4785 μαρτυρεῖ
804 4715 838 4786 ή
889 4713 1010 4768 θεία
1041 4714 1230 4788 Γραφὴ
1258 4716 1490 4786 λέγουσα
1509 4735 1523 4748 ·

40 4802 109 4853 ντὶ
148 4803 261 4872 τῆς
303 4803 536 4874 ψυχῆς,
596 4805 752 4876 φησὶ,
798 4804 919 4859 τῶν
953 4808 1439 4876 προσφερόντων,
1461 4809 1525 4863 τὸ

40 4911 94 4955 μη
116 4896 227 4949 τῶν
252 4896 481 4952 θυσιῶν
507 4895 705 4951 αὐτῶν
726 4897 1122 4967 προσφέρεται
1145 4901 1231 4966 εις
1258 4901 1329 4954 τὰ
1355 4901 1529 4970 Ἅγια

40 4989 284 5058 ινάγίων.
318 4990 413 5062 Μὴ
450 4985 544 5043 οῦν
590 4990 698 5043 ἀπὸ
724 4990 826 5060 τῆς
866 4990 1080 5060 φύσεως
1120 4992 1213 5045 τοῦ
1252 5011 1527 5065 προσαγο-

42 5096 132 5146 vso,
176 5082 286 5135 ἀλλ’
332 5083 445 5136 ἀπὸ
488 5082 590 5152 τῆς
627 5082 920 5143 διαθέσεως
966 5085 1060 5137 τοῦ
1090 5086 1526 5158 προσδεχομένου

40 5173 159 5227 ιιτέον
177 5176 272 5247 τῆς
305 5176 499 5239 θυσίας
518 5175 617 5247 τὴν
645 5176 816 5241 τάξιν,
834 5178 926 5231 καὶ
949 5176 1044 5231 τοῦ
1077 5177 1212 5231 Θεοῦ
1233 5179 1333 5252 τὴν
1361 5180 1527 5252 τιμὴν

40 5258 153 5318 ὕδιά
182 5267 241 5320 rb
273 5266 552 5337 φείδεσθαι
585 5267 679 5320 τοῦ
722 5268 910 5336 γένους
940 5268 1048 5322 τῶν
1095 5267 1417 5340 ἀνθρώπων,
1453 5269 1527 5340 μὴ

40 5353 297 5426 νληθέντος
335 5359 615 5413 ἀναλῶσαι
660 5358 787 5422 τοὺς
839 5358 1159 5431 ἀνθρώπους
1214 5362 1293 5423 είς
1336 5360 1526 5414 θυσίαν

40 5446 79 5497 ,θ’
103 5451 303 5523 ἡμέραν
331 5450 800 5531 προσαγομένους,
845 5452 938 5506 καὶ
977 5451 1236 5521 ἀφανίσαι
1264 5451 1325 5506 rb
1350 5452 1526 5521 γένος,

45 5564 79 5593 ⁸³
107 5566 284 5625 Matth.
316 5586 373 5634 χ,
398 5569 491 5624 28.
569 5571 615 5601 “
645 5569 810 5627 Hebr.
834 5586 914 5635 xi,
950 5569 1039 5625 52.
1113 5572 1162 5607 ’⁸
1192 5569 1321 5626 Lev.
1350 5585 1484 5634 xvn,
1520 5569 1609 5625 11.

48 5682 430 5807 ((ῗὲᾆὲΐέςῖὲ
458 5688 681 5755 αὐτοῖς.
725 5688 851 5760 Leg.
892 5687 983 5742 τὸν
1010 5688 1359 5760 νομιζόμενον
1389 5686 1545 5753 Θεόν,

60 5775 157 5812 me
187 5775 451 5827 petgovog.

51 5826 137 5887 (49)
161 5832 429 5886 Σκοπεῖν.
459 5830 590 5893 ιεςι.
623 5829 683 5883 ού
711 5830 791 5884 δεῖ
812 5831 1067 5897 σκοπεῖν.

715 366 1181 433 QUESTIONES
1214 373 1300 429 ΕΤ
1339 374 1862 444 RI‘BPONSIONES
1900 391 1990 446 AD
2027 393 2520 457 ORTHODOXOS.

38 460 141 523 ὖτδς
168 461 549 533 διδάσκειτοὺς
575 471 843 544 μαθητὰς,
876 477 1187 543 Φθϐεἷσθε,
1210 481 1404 551 λέγων,
1447 488 1555 541 τὸν
1580 531 1623 588 Α
1655 493 1792 549 disci

38 552 97 588 ιη-
122 556 332 588 .I.....:...
360 562 456 588 ...Α
488 562 549 588 ..λ
580 564 744 588 _..-.-_-_
782 568 839 588 ι--
953 569 970 588 ι
1135 574 1147 588 .
1254 579 1270 588 .
1291 576 1303 588 ,
1453 578 1477 588 ,ι

3087 406 3226 458 ιδιει

1800 500 1959 568 pulos
1989 502 2152 559 docet
2195 522 2207 556 :
2245 505 2467 562 Metuile
2506 509 2659 563 illum
2700 512 2791 580 qui
2820 520 2981 581 poles!
3010 524 3060 567 et
3100 515 3229 567 ani-

1660 603 1802 640 mam
1831 600 1880 643 et
1905 608 2096 661 corpus
2127 597 2340 665 perdere
2370 602 2423 652 in
2445 601 2771 670 gehenna”?

1727 767 1925 827 IlESP.
1960 772 2079 829 Non
2111 792 2141 831 a
2172 776 2403 833 Domino
2442 780 2649 836 dictum
2692 792 2776 839 est
2806 784 2937 838 illud
2972 802 2988 840 :
3026 785 3129 851 Qui
3159 786 3227 839 ti-

1653 872 1780 926 met,
1814 881 1917 919 non
1941 875 2017 920 est
2046 869 2307 939 perfectus
2346 872 2402 925 iu
2446 874 2741 938 clmritale;
2775 884 2829 929 et
2864 875 2909 929 si
2943 875 2989 929 is
3025 876 3116 944 qui
3147 874 3222 929 di-

1651 956 1752 1019 xit,
1778 955 1846 1012 de
1873 960 2141 1014 sententia
2178 960 2392 1016 Domini
2426 964 2586 1021 dixit.
2612 965 2728 1021 lloc
2751 974 2931 1020 autem
2960 984 2975 1021 :
3008 965 3226 1025 Metuit:

1648 1050 1824 1117 potius
1848 1050 1999 1105 illum
2019 1054 2109 1123 qui
2136 1064 2305 1122 potest
2326 1065 2376 1110 et
2398 1058 2631 1112 animam
2651 1068 2702 1114 et
2723 1074 2912 1127 corpus
2933 1056 3146 1127 perdere
3170 1058 3222 1111 in

1648 1141 1901 1213 gehenua,
1920 1158 2031 1199 non
2046 1143 2114 1199 ad
2130 1146 2423 1201 tollendam
2456 1149 2781 1205 charitatem
2809 1148 3109 1220 perfectam
3139 1153 3226 1204 est

1648 1234 1876 1291 dictum.
1903 1235 2039 1291 Nam
2071 1238 2165 1308 qui
2189 1240 2397 1309 majore
2418 1240 2510 1296 Dei
2526 1244 2741 1308 timore,
2756 1244 3023 1298 minorem
3043 1242 3224 1296 homi-

1649 1343 1780 1381 num
1811 1328 2059 1384 timorem
2078 1331 2278 1397 abolet,
2317 1333 2586 1391 charitate
2629 1336 2724 1391 Dei
2757 1336 2809 1391 id
2850 1335 3018 1402 facit;
3055 1335 3129 1389 ita
3162 1342 3222 1389 ut

1647 1416 1823 1487 major
1839 1415 1936 1472 Dei
1965 1419 2129 1472 timor
2152 1421 2245 1484 sit,
2271 1422 2398 1490 quia
2415 1422 2670 1479 timemus
2686 1439 2751 1477 ne
2770 1422 2932 1478 rebus
2954 1419 3225 1476 charissi-

1646 1509 1752 1563 mis
1762 1508 2099 1565 excidamus.
2123 1509 2243 1577 Quo
2258 1513 2401 1567 enim
2419 1514 2712 1584 pretiosius
2728 1522 2812 1570 est
2824 1515 2876 1569 id
2891 1512 3036 1585 quod
3055 1511 3226 1567 credi—

1644 1616 1790 1665 mus,
1826 1616 1893 1658 eo
1932 1600 2106 1672 magis
2146 1614 2382 1669 amatur,
2423 1614 2477 1660 et
2514 1620 2626 1677 quo
2667 1606 2841 1677 magis
2888 1610 3127 1669 amatur,
3155 1617 3225 1658 eo

1643 1693 1816 1765 magis
1846 1694 1998 1751 timet
2042 1698 2091 1754 is
2130 1697 2221 1768 qui
2260 1704 2429 1761 amat,
2475 1712 2542 1751 ne
2584 1697 2679 1751 illo
2707 1696 2944 1761 excidat,
2978 1691 3224 1765 qtundiu

1642 1785 1719 1841 illi
1751 1800 1850 1856 pro
1878 1802 1965 1851 eo,
1991 1788 2139 1859 quod
2177 1796 2345 1853 amat,
2378 1787 2769 1843 decertandum
2805 1794 2910 1845 est.
2942 1785 3013 1840 At
3039 1793 3224 1840 certa-

1643 1879 1792 1934 mine
1831 1880 2034 1945 soluto,
2083 1880 2248 1935 simul
2281 1881 2517 1936 solvitur
2554 1888 2609 1934 et
2640 1880 2826 1944 timor,
2862 1893 2933 1932 ne
2960 1893 3049 1942 eo,
3077 1875 3224 1947 quod

1643 1986 1914 2037 amamus,
1946 1972 2287 2027 excidamus.
2318 1972 2590 2039 Quocirca
2622 1971 2689 2025 ad
2723 1970 2777 2025 id
2806 1985 2981 2040 usque
3006 1976 3223 2039 tempus

1643 2064 1807 2120 timor
1848 2062 1943 2119 Dei
1983 2063 2325 2119 necessarius
2358 2070 2476 2130 est;
2523 2078 2633 2116 non
2672 2061 2820 2118 enim
2857 2059 3000 2115 sicut
3036 2058 3221 2114 odium

1642 2155 1821 2210 abolet
1846 2155 2168 2210 charitatem
2187 2154 2327 2227 (ﬁeri
2353 2156 2499 2209 enim
2524 2171 2633 2209 non
2656 2170 2707 2224 pi
2732 2161 2858 2219 test,
2877 2162 2939 2207 ut
2967 2152 3222 2209 eumdem

1640 2255 1695 2305 et
1714 2263 1958 2303 amemus
1982 2254 2037 2302 et
2066 2247 2387 2318 oderimus),
2417 2248 2497 2302 sic
2527 2248 2693 2303 etiam
2717 2256 2773 2303 et
2803 2248 2990 2301 timor.
3018 2244 3225 2300 Possu-

1640 2354 1766 2395 mus
1788 2338 1933 2395 enim
1961 2340 2211 2396 eumdem
2241 2355 2429 2396 amare
2453 2348 2507 2396 et
2529 2349 2796 2397 metuere.

1712 2496 1994 2564 QUAEST.
2043 2496 2228 2554 XCIX.
2270 2497 2327 2554 Si
2373 2499 2693 2553 animalium
2754 2498 2984 2553 rationis
3029 2512 3225 2567 exper-

1642 2590 1777 2644 tium
1816 2590 2083 2645 sacriﬁcia
2119 2591 2262 2647 Deus
2312 2591 2367 2644 in
2402 2592 2519 2662 lege
2552 2590 2666 2646 ﬁeri
2708 2592 2991 2662 prmcepit,
3033 2598 3093 2644 ut
3134 2589 3223 2645 his

1641 2682 1891 2737 homines
1914 2698 2073 2738 suum
2103 2684 2255 2738 illum
2287 2684 2501 2738 colendi
2538 2684 2779 2738 studium
2812 2684 3219 2754 signiﬁcarent:

1641 2776 1917 2846 quomodo
1967 2774 2142 2830 Graeci
2179 2776 2253 2831 oh
2310 2775 2622 2831 immolatos
2664 2775 2913 2829 homines
2967 2774 3223 2829 maximae

1641 2877 1950 2940 arguuntur
1994 2870 2292 2941 impietatis
2327 2888 2340 2924 :
2378 2869 2522 2939 quod
2571 2868 2793 2937 quidem
2836 2868 3092 2938 antiquos
3141 2867 3223 2921 ie-

1641 2959 1786 3016 cisse
1814 2959 2023 3024 dicunt,
2057 2968 2115 3013 ut
2144 2960 2267 3030 plus
2300 2959 2525 3014 honoris
2549 2966 2772 3028 Opinato
2807 2957 2950 3028 apud
2981 2972 3075 3013 eos
3108 2957 3223 3012 Deo

1642 3052 1931 3118 haberent,
1984 3051 2113 3107 dum
2169 3053 2321 3106 illum
2369 3053 2584 3107 ratione
2625 3051 2895 3106 utentium
2946 3048 3221 3106 sacriﬁcio

1641 3145 1849 3200 colunt.
1879 3144 2095 3210 Quanto
2131 3144 2274 3199 enim
2314 3143 2367 3198 id
2396 3141 2543 3213 quod
2573 3142 2786 3197 ratione
2820 3142 3105 3212 praeditum
3136 3147 3224 3197 est

1644 3235 1875 3292 rationis
1909 3244 2133 3306 experte
2156 3242 2397 3307 priestat,
2435 3243 2596 3301 tanto
2632 3234 2798 3304 hujus
2843 3234 3062 3289 victima
3093 3248 3221 3304 pre-

1644 3328 1860 3392 tiosior,
1895 3343 2057 3399 quam
2090 3328 2260 3383 illius.
2298 3325 2474 3398 Atque
2498 3326 2554 3381 id
2586 3327 2788 3381 clarius
2814 3324 3224 3381 demonstratur

1640 3435 1705 3476 ex
1742 3420 1849 3484 his,
1883 3436 2003 3491 qua:
2044 3419 2252 3491 Jephue
2292 3430 2611 3484 evenerunt,
2654 3420 2747 3490 qui
2793 3435 2917 3473 eum
2947 3418 3221 3489 propriam

1641 3512 1805 3565 ﬁliam
1848 3501 2108 3567 obtulerit
2136 3513 2438 3576 victimam,
2488 3512 2543 3566 in
2577 3511 2824 3581 Epistola
2855 3511 2921 3566 ad
2959 3510 3218 3567 llehrazos

1638 3603 1706 3658 ab
1736 3603 1999 3674 Apostolo
2018 3604 2064 3633 “
2088 3603 2234 3660 inter
2266 3604 2385 3674 pios
2414 3611 2752 3660 recensetur.

1706 3781 2001 3839 RESPJn
2036 3786 2219 3840 oblata
2263 3785 2374 3841 Deo
2412 3786 2717 3842 secundum
2771 3787 2946 3857 legem
2995 3787 3222 3842 victima

1636 3892 1747 3933 non
1783 3877 1918 3932 illud
1949 3879 2410 3934 considerandum
2444 3887 2550 3944 est,
2588 3879 2911 3949 sanguinem
2936 3895 3059 3935 esse
3097 3880 3219 3934 ani-

1635 3968 1862 4023 malium
1893 3970 2125 4026 rationis
2156 3976 2487 4041 expertium,
2523 3971 2620 4027 sed
2656 3972 2931 4042 quomodo
2959 3988 3078 4027 eam
3111 3974 3216 4029 sibi

1634 4061 1875 4117 oblatam
1905 4062 2049 4119 Deus
2088 4065 2414 4135 susceperit.
2445 4064 2582 4119 Nam
2616 4065 2663 4119 si
2710 4065 2953 4119 oblatum
2993 4066 3217 4136 sangui—

1633 4170 1758 4209 nem
1807 4156 2127 4211 animalium
2183 4159 2414 4213 rationis
2457 4160 2766 4229 expertium
2827 4161 2903 4213 ita
2947 4162 3212 4231 suscepit,

1630 4246 1791 4317 quasi
1836 4247 1883 4302 is
1918 4249 2011 4317 qui
2045 4240 2343 4312 oﬁ‘eiebat,
2372 4265 2529 4305 suam
2564 4251 2740 4320 ipsius
2784 4252 3023 4305 animam
3061 4252 3217 4307 olior-

1629 4346 1748 4406 ret,
1798 4340 1969 4409 liquet
2022 4351 2077 4395 et
2130 4341 2366 4395 victima:
2413 4358 2478 4395 ex
2536 4343 2889 4411 suscipientis
2936 4343 3219 4402 voluntate

1630 4434 1967 4505 prmeipuum
2011 4432 2245 4503 pretium
2305 4434 2611 4490 accessisse
2637 4443 2691 4489 et
2738 4433 2848 4488 Deo
2877 4436 3214 4504 praecipuum

1629 4525 1912 4579 honorem.
1930 4523 2090 4596 481
2118 4524 2273 4591 Quod
2297 4532 2480 4578 autem
2511 4524 2581 4588 is,
2613 4525 2711 4595 qui
2740 4524 3065 4593 sanguinem
3093 4526 3213 4579 ani-

1631 4616 1855 4670 malium
1882 4615 2113 4670 rationis
2144 4615 2448 4685 expertium
2490 4615 2601 4671 Deo
2641 4610 2925 4679 ollerebat,
2962 4616 3113 4669 illum
3154 4623 3213 4671 ut

1633 4718 1791 4761 suam
1832 4705 2006 4776 ipsius
2056 4707 2292 4760 animam
2340 4706 2642 4773 oﬁ'erehat,
2688 4707 2738 4761 id
2785 4714 3018 4762 testatur
3064 4705 3207 4761 Scri-

1632 4810 1830 4872 ptut‘a,
1866 4803 1995 4857 dum
2036 4802 2113 4856 ait
2154 4820 2167 4856 :
2219 4801 2326 4856 Pro
2367 4803 2550 4856 anima
2586 4819 2789 4867 eorum,
2830 4803 2920 4872 qui
2961 4804 3209 4871 offerunt,

1629 4897 1847 4966 sanguis
1882 4896 2101 4950 illarum
2142 4897 2471 4950 victimarum
2507 4898 2727 4966 o/fertur
2757 4898 2813 4950 in
2860 4895 3057 4951 Sancta
3085 4915 3212 4951 sau-

1630 5001 1836 5046 ctorum
1857 4992 1924 5046 ’⁸.
1972 4990 2092 5046 Non
2122 4994 2287 5062 igitur
2316 5008 2383 5047 ex
2422 4992 2501 5047 rei
2542 4995 2736 5047 oblata:
2773 5000 2989 5057 natura,
3026 4994 3119 5047 sed
3143 5009 3233 5046 ex.

1631 5082 1990 5151 suscipientis
2020 5082 2255 5137 consilio
2278 5093 2331 5136 et
2365 5083 2602 5138 victimae
2631 5082 2873 5154 dignitas
2901 5092 2955 5137 et
2990 5082 3083 5137 Dci
3113 5083 3210 5136 ho-

1631 5188 1732 5227 nor
1756 5173 2164 5239 diiudicandus,
2198 5174 2291 5244 qui
2317 5176 2446 5243 quia
2481 5176 2766 5230 hominum
2796 5175 2982 5245 generi
3017 5188 3207 5244 parce‘

1630 5266 1744 5329 bat,
1773 5268 2024 5324 homines
2061 5268 2309 5338 quotidie
2352 5270 2407 5323 in
2450 5269 2785 5325 sacriﬁcium
2831 5269 3045 5323 oblatos
3073 5281 3207 5319 con-

1632 5374 1873 5426 sumere,
1916 5366 1970 5414 et
2012 5375 2184 5429 genus
2223 5359 2442 5415 abolere
2492 5360 2689 5425 noluit,
2744 5359 2840 5413 sed
2889 5356 3204 5411 hominibus

1634 5450 1853 5521 quidem
1899 5459 1958 5507 ut
1998 5460 2304 5508 crescerent
2348 5460 2404 5507 et
2437 5458 2838 5521 permanerent,
2883 5464 3069 5504 eorum
3104 5462 3203 5501 an-

1700 5686 1809 5756 (50)
1846 5686 1965 5754 Τὴν
1992 5686 2205 5741 ἑαυτοῦ
2230 5683 2458 5756 ψυχήν.
2495 5681 2621 5752 Leg.
2668 5681 2743 5756 ᾡς
2797 5682 2843 5734 εί
2870 5678 2972 5756 τῂν
3006 5675 3202 5756 ἑαυτοῦ

1627 5749 1805 5825 ψυχή
1833 5749 2205 5827 προσήνεγκεν
2230 5749 2258 5809 ὅ
2288 5749 2446 5807 τοῦτο
2483 5749 2824 5821 προσφέρων*
2870 5749 3022 5822 δῆλον
3053 5750 3133 5802 ὃτι
3165 5749 3201 5820 ἠ

1634 5775 1917 5880 μὲντθυσία
1939 5827 2035 5880 τὴν
2074 5826 2295 5880 πρώτην
2322 5823 2474 5880 τάξιν
2509 5822 2713 5876 ἔλαϐεν.

1632 5822 1737 5898 μὲν
1760 5822 1917 5882 θυσία
1939 5822 2035 5899 τῆν
2074 5822 2295 5896 πρώτην
2322 5823 2474 5889 τάξιν
2509 5822 2713 5876 ἔλαϐεν.
