3630 6520
3 370 94 427 45

732 378 1198 449 QUESTION’ES
1230 379 1317 435 ET
1350 379 1873 439 RESPONSIONES
1909 380 2001 436 AD
2034 380 2531 444 ORTHODOXOS.

3111 393 3248 448 1546

26 490 481 548 'AHOKPIEIX.
509 496 572 549 Εί
595 495 692 568 μὲν
719 496 807 551 διὰ
829 495 939 550 τῶν
971 494 1260 569 αἱρετικῶν
1291 494 1459 561 (timo

1813 495 1950 553 ESP.
2002 495 2060 553 Si
2103 514 2199 570 per
2242 499 2530 559 haereticos
2560 502 2715 560 vivos
2755 511 2849 559 aut
2878 514 3122 563 mortuos
3159 508 3246 561 di-

3 581 378 640 τοθανόντων
410 588 443 657 ἡ
476 586 595 641 θεία
643 587 802 661 χάρις
850 589 1074 662 ἐνήργει
1123 588 1192 643 τὰ
1241 589 1572 661 χαρίσματα,

3 691 103 743 χεν
136 675 223 729 ἂν
255 678 328 731 τὸ
354 678 634 751 γινόμενον
680 680 899 751 εὔλογον
948 680 1211 754 ἀπορίαν*
1266 684 1315 735 εἰ
1343 682 1400 735 δὲ
1425 682 1473 735 oi
1505 679 1575 735 τά

6 768 69 819 ἰα
98 766 391 840 θαύματα
419 772 477 825 ἐν
502 774 622 837 ταῖς
666 773 1012 845 Ἐκκλησίαις
1046 772 1411 847 ἐνεργοῦντες,
1430 772 1573 843 ἇγιοί

3 877 90 912 σιν
152 860 490 929 ἀπόστολοι,
522 866 797 939 προφῆται
838 884 899 920 τε
944 867 1040 922 καὶ
1072 866 1368 941 μάρτυρες,
1396 866 1463 921 δι’
1496 860 1572 922 ὧν

4 952 60 1013 ῖς
129 951 331 1018 θείοις
374 955 554 1027 ἐργοις
587 956 699 1030 (54)
753 957 1176 1032 διαμαρτύρεται
1216 958 1296 1031 τῷ
1326 959 1512 1031 κόσμῳ
1542 959 1573 1013 ό

3 1043 106 1107 tog,
148 1046 403 1102 ἐκείνων
434 1044 574 1104 εἶναι
606 1049 706 1116 τάς
744 1050 1089 1123 Ἐκκλησίας,
1112 1051 1179 1107 δι’
1201 1046 1276 1108 ὧν
1321 1051 1572 1123 θαύματα

4 1136 310 1204 τελεῖται,
332 1141 577 1196 τουτέστι
600 1143 709 1197 τῶν
738 1144 1054 1217 ὀρθοδόξων.

27 1228 424 1285 ΈΡΩΤΗΣΙΣ
449 1234 570 1287 PA’.
600 1235 665 1287 Ei
702 1235 899 1309 μελέτῃ
925 1234 1137 1304 λογικὸς
1154 1236 1299 1299 ἅπας
1324 1236 1419 1307 τὴν
1439 1236 1572 1305 γνῶ-

4 1338 31 1371 ν
57 1320 379 1391 κομίζεται
399 1340 414 1355 ·
444 1324 698 1393 γνώσεως
725 1326 782 1380 δὲ
808 1326 989 1397 νόμος,
1014 1327 1122 1381 τῶν
1154 1328 1410 1399 μειζόνων
1436 1344 1570 1401 προ-

3 1428 186 1466 ισσειν
243 1413 364 1487 (55)
398 1416 467 1470 τὰ
515 1419 751 1490 ἧσσονα’
801 1419 938 1492 ὅπερ
993 1418 1276 1493 κρατῆσαν
1320 1419 1413 1473 ἐπὶ
1460 1419 1568 1473 τῶν

3 1502 263 1558 ουδαίων
301 1506 629 1582 σαφέστερον
656 1509 949 1573 δείκνυται,
986 1510 1248 1584 πρότερον
1274 1510 1343 1565 τά
1370 1510 1463 1565 τοῦ
1491 1512 1570 1565 νό-

4 1612 82 1662 io,
114 1591 236 1651 εἷθ’
281 1596 459 1663 οὕτως
490 1601 559 1654 τὰ
604 1602 911 1672 Εὑαγγέλια
946 1604 1359 1676 παρειληφότων
1392 1605 1566 1678 μαθή-

1 1706 103 1742 ιτα
122 1706 141 1721 ο
178 1689 319 1755 πῶς
352 1692 513 1763 ἡμεῖς
543 1694 642 1747 οὐκ
664 1693 1040 1761 ἀνακολούθως
1073 1696 1435 1769 μανθάνομεν,
1460 1696 1566 1772 πρὸ

1 1780 59 1832 ὗν
95 1782 369 1854 ἡσσόνων
395 1784 463 1839 τὰ
496 1784 716 1871 μείςονα
744 1785 1149 1858 διδασκόμενοι;
1209 1788 1370 1857 Λέγω
1399 1786 1464 1860 δὴ
1494 1786 1565 1841 τὰ

1676 590 1803 643 vina
1831 589 2005 660 gratia
2051 599 2373 662 operaretur
2413 594 2701 661 miracula,
2748 596 2972 654 haberet
3006 600 3057 655 id
3101 602 3249 670 quod

1675 680 1861 736 evenit
1906 682 2201 754 legitimam
2244 684 2485 742 baerendi
2523 703 2780 757 causam;
2814 690 2910 746 sed
2953 692 2999 747 si
3048 694 3140 763 qui
3165 694 3249 749 di-

1674 772 1801 828 vina
1835 772 2099 829 miracula
2132 775 2190 831 in
2235 777 2487 834 ecclesiis
2516 780 2707 846 edunt,
2745 782 2923 837 sancti
2956 792 3084 839 sunt
3113 800 3248 856 apo-

1673 862 1799 918 stoli
1850 870 1904 919 et
1953 864 2231 935 propheta
2273 873 2327 922 et
2382 877 2687 943 martyres,
2734 872 2939 929 divinis
2984 878 3248 947 operibus

1672 950 1819 1007 Deus
1857 954 2064 1011 mundo
2103 956 2427 1014 testiﬁcatur
2456 974 2646 1016 eorum
2686 978 2810 1019 esse
2839 967 3122 1035 ecclesias,
3151 984 3248 1040 per

1672 1059 1814 1115 quos
1856 1046 2119 1103 miracula
2147 1048 2407 1115 eduntur,
2439 1051 2494 1106 id
2534 1060 2640 1119 est,
2683 1054 3136 1114 orthodoxoruni.

1742 1226 2025 1294 QUIEST.
2086 1227 2173 1285 Cl.
2236 1227 2294 1285 Si
2348 1230 2663 1289 meditando
2720 1236 2934 1293 ratione
2982 1240 3245 1310 praeditus

1670 1320 1907 1391 quisque
1936 1320 2302 1390 cognitionem
2326 1323 2640 1394 assequitur
2671 1344 2684 1380 :
2709 1334 2763 1381 et
2793 1329 3125 1399 cognitionis
3156 1334 3244 1388 lex

1668 1414 1777 1473 est,
1825 1408 2125 1478 majoribus
2171 1411 2499 1480 praemittere
2532 1413 2768 1480 minora,
2823 1419 2969 1488 quod
3021 1422 3242 1491 quidem

1667 1499 1813 1571 apud
1843 1499 2062 1556 Iudaeos
2094 1512 2438 1572 usurpatum,
2483 1505 2828 1563 manifestius
2870 1522 3116 1582 apparet,
3145 1515 3239 1586 qui

1666 1590 1802 1661 legis
1847 1590 2023 1660 prius,
2068 1588 2327 1661 deinceps
2373 1598 2556 1647 autem
2598 1591 2870 1664 Evangelii
2915 1611 3242 1670 acceperunt

1666 1682 1984 1751 disciplinas
2031 1700 2045 1737 :
2096 1682 2369 1752 quomodo
2398 1698 2499 1738 nos
2537 1699 2646 1738 non
2678 1698 3009 1756 praepostero
3046 1694 3241 1749 ordine

1667 1772 1931 1829 discimus
1960 1772 2052 1844 qui
2086 1772 2293 1843 majora
2326 1774 2479 1845 prius
2504 1790 2667 1844 quam
2695 1777 2909 1834 minora
2940 1781 3243 1839 docemur?

1 1873 44 1926 »ὖ
77 1873 269 1945 νόμου
303 1874 541 1946 ἥσσονα,
564 1857 635 1930 τά
675 1876 731 1930 δὲ
776 1878 884 1932 τῶν
934 1856 1266 1947 εθαγγελίων
1302 1856 1434 1950 ίμείζ

1831 1875 2010 1922 autem
2034 1881 2097 1921 ea
2136 1882 2256 1936 qua:
2279 1867 2412 1937 legis
2444 1877 2591 1935 sunt,
2625 1871 2835 1927 minora
2861 1890 2879 1940 ;
2918 1891 3039 1947 qua:
3062 1876 3240 1933 Evan-

2 1967 98 2031 ιᾶς
127 1965 254 2042 γὰρ
284 1968 443 2040 ἡμῶν
466 1987 525 2023 τε
554 1971 649 2025 καὶ
674 1970 773 2041 τῆς
795 1971 974 2026 αὐτῶν
1003 1970 1236 2042 φύσεως,
1278 1973 1403 2043 μίαν
1426 1966 1565 2026 εἷναι

1 2061 46 2114 ti.
78 2062 190 2132 τὴν
226 2061 392 2129 τάξιν
419 2062 589 2136 ἐχρῆν
630 2063 728 2134 τῆς
781 2062 1098 2135 μαθήσεως’
1132 2064 1317 2136 ἐπειδὴ
1346 2065 1438 2118 καὶ
1469 2063 1564 2119 ἐὰν

1 2152 29 2224 ὴ
60 2152 125 2204 ἐν
157 2156 293 2217 τοῖς
326 2152 613 2227 μαθήμασι
670 2153 852 2228 φθάσῃ
889 2154 957 2208 τά
987 2155 1226 2226 χείρονα,
1258 2154 1328 2210 τὰ
1353 2156 1562 2228 ἀμείνω

1 2242 101 2296 υλύ
108 2261 240 2297 εται
250 2284 266 2297 .

31 2354 459 2409 ἈΠΟΚΡΙΣΙΣ.
496 2355 561 2409 Εἰ
586 2354 685 2427 τὴν
722 2356 969 2429 ἀνάγκην
1008 2358 1074 2429 ἣν
1120 2356 1234 2429 ἔχει
1278 2357 1461 2413 ἐκεῖνα
1492 2358 1562 2414 τὰ

2 2444 297 2515 αθήματα,
327 2438 405 2499 ὧν
428 2447 477 2499 εί
506 2447 583 2519 μὴ
612 2451 935 2519 προηγεῖται
962 2449 1073 2503 τῶν
1126 2448 1366 2520 ἡσσόνων
1396 2453 1429 2523 ή
1461 2453 1564 2523 μά-

1 2552 137 2605 ησις,
173 2536 252 2592 τὰ
288 2537 500 2608 ἀμείνω
528 2537 816 2606 κωλύεται,
836 2536 1042 2612 ταύτην
1070 2536 1184 2612 εἶχε
1212 2541 1283 2596 τὰ
1320 2542 1561 2618 ἡμέτερα

2 2627 105 2699 αθή
115 2646 297 2698 ματα,
328 2630 424 2684 καὶ
446 2630 823 2695 ἀνακολούθως
857 2632 1050 2703 μαθεῖν
1081 2632 1192 2705 (56)
1218 2633 1287 2687 τὰ
1316 2636 1561 2708 ἡμέτερα

2 2720 295 2792 αθήματα.
341 2724 482 2778 Ἀλλ’
504 2725 693 2797 ἐπειδὴ
739 2724 963 2779 δυνατὸν
994 2726 1065 2780 τὰ
1101 2727 1343 2799 ἡμέτερα
1384 2729 1559 2799 μαθή-

2 2830 106 2866 ατα
146 2816 248 2868 καὶ
305 2816 682 2881 ἀνακολούθως
732 2816 958 2888 μαθεῖν,
992 2816 1151 2889 δῆλον
1180 2818 1263 2873 ὅτι
1315 2818 1559 2891 ἀπήλλα-

2 2920 83 2957 ται
112 2905 185 2959 τὰ
209 2906 465 2981 ήμέτερα
502 2908 799 2981 μαθήματα
822 2908 1035 2982 ἐκείνης
1063 2911 1161 2982 τῆς
1187 2912 1453 2985 ἀνάγκης.
1484 2914 1557 2970 To

2 2996 211 3069 νὰγκης
241 2999 302 3051 δὲ
332 2999 770 3071 ἀπηλλαγμένον,
807 2999 882 3064 ὡς
913 2999 979 3054 ἂν
1023 3001 1260 3074 γίνηται,
1301 3004 1557 3079 ἀδιάϐλη-

1 3088 49 3139 όν
69 3092 222 3143 ἐστιν
252 3092 348 3145 ἐπὶ
370 3095 435 3164 τῇ
460 3092 836 3165 ἀνακολουθίᾳ.
863 3094 973 3147 Καὶ
1000 3094 1170 3149 ταῦτα
1201 3095 1299 3169 μὲν
1326 3096 1400 3160 ὡς
1418 3094 1555 3170 πρὸς

1664 1958 1813 2029 gelii,
1847 1958 2076 2029 majora.
2115 1958 2251 2013 Cum
2297 1960 2443 2014 enim
2474 1977 2583 2016 una
2626 1964 2699 2019 sit
2743 1981 2932 2022 eorum
2959 1976 3013 2023 et
3050 1978 3238 2026 nostra

1664 2059 1885 2117 natura,
1927 2068 2092 2107 unam
2144 2068 2364 2124 quoque
2408 2057 2767 2114 conveniebat
2804 2075 2929 2115 esse
2974 2060 3239 2118 doctrina:

1662 2144 1958 2211 rationem;
1996 2145 2297 2215 praesertim
2341 2160 2466 2200 eum
2498 2147 2552 2202 in
2584 2148 2913 2221 disciplinis,
2958 2151 3066 2207 nisi
3100 2153 3240 2210 infc-

1662 2232 1810 2288 riora
1834 2235 2239 2304 praecesserint,
2270 2237 2649 2306 praestantiora
2676 2239 3102 2311 praepediantur.

1728 2344 1928 2403 RESP.
1974 2345 2032 2401 Si
2063 2348 2389 2413 necessitas,
2419 2365 2541 2421 qua:
2581 2350 2690 2405 illis
2726 2351 2869 2409 inest
2911 2352 3235 2422 disciplinis,

1660 2438 1717 2495 in
1748 2440 1953 2511 quibus
1977 2442 2083 2497 nisi
2117 2443 2390 2512 praecedat
2414 2444 2690 2499 minorum
2725 2444 3000 2511 doctrina,
3026 2449 3236 2518 majora

1659 2530 2053 2603 impediuntur,
2076 2534 2284 2589 nostris
2320 2549 2541 2607 quoque
2576 2535 2781 2591 inesset
2804 2536 3070 2591 institutis
3094 2581 3108 2604 ,
3136 2554 3237 2593 uo—

1658 2632 1773 2679 stra
1800 2625 1967 2680 etiam
1995 2624 2249 2679 instituta
2277 2625 2469 2680 ordine
2500 2633 2866 2696 praespostero
2906 2628 3078 2684 edisci
3120 2646 3233 2685 non

1657 2724 1902 2785 possent.
1932 2714 2039 2771 Sed
2064 2715 2190 2787 quia
2214 2717 2463 2771 instituta
2488 2726 2679 2773 nostra
2708 2719 2875 2775 etiam
2901 2730 3235 2791 praepostero

1655 2808 1847 2865 ordine
1877 2808 2049 2865 edisci
2078 2818 2342 2880 possunt;
2376 2810 2703 2882 perspicitur
2722 2826 2785 2865 ea
2808 2812 2979 2867 libera
3012 2829 3133 2868 esse
3165 2814 3234 2869 ab

1654 2899 1748 2957 illa
1787 2902 2135 2957 necessitate.
2167 2900 2321 2968 Quod
2362 2908 2545 2957 autem
2577 2917 2607 2956 a
2636 2905 2965 2961 necessitate
3001 2906 3231 2961 liberum

1654 3002 1760 3060 est,
1789 2993 1845 3049 id
1874 3009 2204 3065 quocunque
2237 2996 2327 3048 iiat
2350 2993 2535 3061 modo,
2568 2996 2866 3067 vituperari
2902 3014 3011 3052 non
3053 3007 3231 3070 potest

1654 3087 1726 3142 ob
1769 3095 2162 3157 praaposterum
2220 3086 2487 3142 ordinem.
2532 3085 2710 3158 Atque
2755 3088 2869 3143 haec
2910 3090 3131 3159 quidem
3162 3093 3229 3145 ad

0 3178 57 3250 ήν
92 3181 252 3235 λύσιν
292 3182 389 3237 τοῦ
416 3187 558 3257 ἐντῇ
584 3188 851 3259 ἐρωτήσει
884 3186 1249 3258 σοφίσματος·
1295 3188 1433 3261 πρὸς

1795 3178 1980 3233 indum
2015 3178 2334 3249 quaestionis
2370 3177 2683 3249 sOphisma;
2719 3178 2820 3250 ipsi
2866 3188 3228 3253 autemquaz-

0 3270 59 3340 ήν
82 3272 138 3324 δὲ
166 3273 271 3345 τὴν
310 3272 580 3347 ἐρώτησιν
608 3274 784 3341 οὕτως
829 3277 1260 3350 ἀποκρινόμεθα,
1305 3278 1388 3331 ὅτι
1435 3277 1558 3334 οὐδὲ

0 3366 120 3431 ipsi;
156 3364 546 3431 ἀνακολούθως
573 3367 941 3438 διδασκόμεθα
960 3384 974 3399 ·
1006 3369 1121 3423 ἀλλ’
1147 3370 1223 3433 ὠς
1254 3368 1555 3440 ἐμάνθανον

0 3453 16 3504 ί
56 3454 371 3519 ἀπόστολοι,
424 3456 640 3529 πρῶτον
673 3458 774 3530 μὲν
798 3459 866 3513 τά
893 3456 988 3513 τοῦ
1017 3460 1205 3532 νόμον,
1249 3460 1474 3535 ὕστερον
1496 3459 1555 3514 δέ

2 3543 33 3596 ὰ
59 3545 395 3617 Εὐαγγέλια,
428 3548 599 3615 οὕτως
622 3550 718 3606 καὶ
751 3552 896 3623 ἡμᾶς
916 3552 1174 3620 ἐδίδαξαν.
1202 3554 1553 3629 Μαρτυροῦσι

0 3634 210 3690 ὲτοῦτο
240 3639 300 3691 αἱ
353 3638 533 3693 αὐτῶν
589 3641 785 3710 φωναὶ,
834 3645 892 3696 ἐν
938 3638 1029 3707 αἶς
1079 3645 1443 3716 κατήγγειλαν
1489 3644 1553 3699 τὸ

0 3727 314 3797 εὐαγγέλιον.
350 3733 633 3804 Πανταχοῦ
661 3734 768 3809 γὰρ
790 3736 855 3789 ἐκ
880 3736 974 3789 τοῦ
1000 3736 1167 3807 νόμου
1199 3736 1292 3791 τὸν
1315 3736 1553 3808 Χριστὸν

0 3820 324 3893 ιηρύξαντες,
360 3827 424 3879 ἐκ
446 3824 554 3879 τῶν
580 3824 812 3899 πρώτων
852 3827 921 3882 τά
966 3827 1187 3900 ὕστερα,
1226 3828 1323 3882 καὶ
1349 3830 1416 3883 ἐκ
1440 3828 1552 3885 τῶν

0 3914 206 3981 ισσόνων
240 3918 313 3972 τὰ
345 3916 570 3989 μείζονα
603 3920 734 3992 (57).
784 3918 855 3977 Τὸ
894 3921 1025 3994 γὰρ,
1051 3919 1372 3991 Προφήτην
1407 3919 1551 3991 ὑμῖν

0 4003 301 4076 iram-viast
348 4012 563 4079 Κύριος
587 4014 620 4067 ό
649 4013 794 4080 Θεὸς
836 4012 1006 4083 ἡμῶν
1030 4014 1099 4067 ἐκ
1123 4012 1241 4067 τῶν
1262 4011 1542 4082 ἀδελφῶν

0 4097 130 4165 ἱμῶν
154 4104 288 4155 κατ’
313 4102 420 4172 ἐμέ
438 4121 451 4134 ·
483 4105 577 4158 καὶ
616 4104 706 4158 τό·
738 4101 924 4161 Εἶπεν
948 4108 981 4160 ό
1013 4107 1229 4175 Κύριος
1249 4104 1330 4171 τῷ
1352 4104 1548 4173 Κυρίῳ

0 4206 112 4244 ιου’
163 4192 365 4250 Κάθου
411 4195 479 4248 ἐκ
530 4195 744 4262 δεξιῶν
784 4214 926 4267 μου,
980 4197 1091 4265 ἕως
1146 4197 1223 4252 ἂν
1269 4194 1351 4252 θῶ
1401 4196 1545 4263 τοὺς

0 4280 211 4352 ἓχθρούς
242 4301 364 4341 σου
390 4288 725 4342 ὑποπόδιον
755 4287 877 4343 τῶν
908 4287 1108 4343 ποδῶν
1134 4305 1279 4343 σου*
1311 4288 1426 4354 καὶ,
1455 4289 1539 4343 ὃτι

0 4375 89 4427 ῑίὺκ
111 4376 540 4447 ἐγκατέλειψας
565 4379 680 4448 τὴν
709 4379 922 4451 ψυχήν
939 4397 1059 4450 μου
1083 4382 1170 4447 εἰς
1192 4379 1366 4448 ᾅδην,
1400 4380 1542 4435 οὐδὲ

0 4462 15 4527 i
39 4465 183 4534 σάρξ
202 4487 324 4539 μου
361 4470 482 4525 εἶδε
507 4470 863 4541 διαφθοράν·
910 4472 1083 4542 φωναί
1111 4474 1217 4525 εἱσι
1246 4471 1340 4525 τοῦ
1374 4473 1539 4543 νόμον

1658 3271 1822 3327 stioni
1861 3271 1942 3328 sic
1972 3271 2390 3343 respondemus.
2411 3270 2489 3327 Ne
2516 3287 2619 3327 nos
2647 3273 2863 3342 quidem
2896 3285 3229 3345 praepostero

1655 3363 1850 3419 ordine
1911 3362 2245 3427 edocemur,
2306 3362 2399 3418 sed
2459 3370 2520 3417 ut
2581 3362 2892 3419 didicerunt
2956 3368 3227 3436 apostoli,

1655 3458 1835 3530 primo
1877 3456 2099 3527 quidem
2143 3469 2230 3520 ea,
2263 3471 2385 3527 qua:
2412 3456 2549 3527 legis
2578 3465 2729 3522 sunt,
2758 3456 2957 3514 deinde
2978 3458 3226 3533 Evange-

1652 3549 1749 3614 lia,
1778 3550 1855 3605 ita
1878 3557 1933 3606 et
1961 3563 2064 3605 nos
2101 3547 2458 3603 edocuerunt.
2490 3547 2549 3603 ld
2596 3558 2776 3602 autem
2820 3557 3095 3605 testantur
3134 3566 3222 3606 eo-

1651 3658 1775 3698 rum
1803 3656 1989 3708 voees,
2022 3642 2223 3711 quibus
2255 3640 2608 3711 Evangelium
2638 3642 3059 3699 annuntiarunt.
3097 3642 3219 3700 Ubi.

1650 3751 1758 3806 que
1780 3736 1929 3791 enim
1954 3750 2020 3790 ex
2045 3734 2161 3804 lege
2190 3732 2474 3788 Christum
2503 3733 2821 3801 praedicant,
2852 3750 2919 3790 ex
2949 3736 3222 3803 prioribus

1654 3828 1985 3898 posteriora,
2021 3842 2088 3882 ex
2112 3826 2415 3881 minoribus
2445 3824 2675 3895 majora.
2702 3826 2838 3881 lllud
2866 3828 3010 3882 enim
3045 3847 3058 3883 :
3086 3828 3221 3885 Pro-

1646 3920 1855 3988 phetam
1888 3918 2166 3975 suscitabit
2188 3918 2331 3973 vobis
2368 3917 2627 3974 Dominus
2665 3918 2807 3973 Deus
2836 3929 3000 3975 vester
3019 3936 3083 3975 ex
3108 3921 3222 3991 fra-

1648 4012 1819 4067 tribus
1852 4013 2059 4078 vestris,
2090 4012 2225 4066 sicut
2272 4028 2354 4067 me
2379 4012 2469 4076 ²⁶;
2525 4011 2653 4067 item
2704 4030 2717 4066 :
2768 4010 2919 4067 Dixit
2960 4012 3220 4070 Dominus

1646 4102 1874 4160 Domino
1920 4122 2033 4160 meo
2075 4119 2095 4159 .'
2136 4104 2269 4160 Sede
2316 4122 2349 4159 α
2394 4104 2596 4158 dextris
2628 4104 2777 4168 meis,
2821 4105 2983 4160 donec
3026 4122 3219 4175 ponam

1644 4196 1886 4251 inimicos
1916 4205 2033 4251 tuos
2066 4195 2355 4251 scabellum
2392 4195 2580 4265 pedum
2611 4205 2823 4250 tuorum
2852 4198 2929 4264 '7;
2960 4205 3015 4251 et
3051 4216 3063 4251 :
3094 4196 3217 4252 Non

1642 4284 1971 4357 dereliquisti
1999 4288 2230 4342 animum
2260 4304 2430 4342 meam
2468 4290 2523 4342 in
2552 4288 2781 4358 inferno,
2816 4305 2908 4343 nec
2936 4306 3062 4342 caro
3101 4307 3217 4344 mea

1643 4378 1769 4432 vidit
1806 4379 2193 4448 corruptionem
2237 4379 2316 4446 ³⁸,
2365 4394 2529 4434 voces
2576 4388 2705 4434 sunt
2749 4380 2884 4450 legis
2934 4379 3215 4437 Christum

1642 4470 2097 4540 praenuntiantes,
2141 4470 2342 4541 quibus
2397 4470 2564 4525 etiam
2614 4486 2749 4526 usus
2790 4478 2875 4526 est
2919 4470 3217 4541 Apostolus

0 4563 500 4633 προκαταγγείλασαι
533 4565 592 4618 ἐν
630 4565 825 4629 αὐταῖς
850 4564 943 4619 τὸν
970 4564 1202 4637 Χριστόν
1221 4581 1234 4595 ο
1276 4558 1365 4629 αἷς
1392 4583 1433 4619 κ‹

1810 4560 2014 4617 ,Ιιιάαξίε
2059 4562 2411 4633 Evangelium
2462 4562 2799 4633 praedicaret.
2849 4562 2915 4618 Et
2948 4574 3214 4635 quantum

0 4647 257 4719 ίπόστολος
297 4655 661 4727 χρησάμενος,
686 4660 799 4721 τοῖς
840 4656 1111 4719 Ἰουδαίοις
1136 4656 1196 4711 τὸ
1224 4655 1539 4725 εὐαγγέλιον

0 4738 215 4811 ἐκήρυξε.
248 4749 360 4801 Καὶ
395 4747 470 4813 ὡς
505 4749 604 4820 μὲν
638 4748 777 4820 πρὸς
817 4747 918 4821 τὴν
953 4748 1207 4821 μάθησιν,
1237 4749 1389 4802 οὐδὲν
1429 4747 1538 4803 διέ-

0 4842 137 4902 Itan
158 4837 224 4919 τὰ
247 4839 539 4909 εὐαγγέλια
564 4839 659 4894 τοῦ
683 4841 848 4913 νόμον
870 4856 881 4870 °
912 4840 988 4904 ὡς
1012 4840 1069 4894 δὲ
1094 4840 1230 4912 πρὸς
1252 4839 1350 4911 τὴν
1375 4840 1543 4909 ἐπαγ·

1643 4656 1863 4727 quidem
1891 4656 1960 4712 ad
1985 4656 2232 4713 discendi
2278 4656 2520 4721 modum,
2552 4657 2690 4712 nihil
2716 4673 2747 4712 a
2791 4658 2909 4729 lege
2955 4657 3214 4714 diderunt

1644 4747 1936 4819 Evangelia
1960 4765 1975 4814 ;
2004 4756 2268 4821 quantum
2295 4754 2481 4803 autem
2514 4748 2582 4803 ad
2606 4749 2875 4818 promissa
2905 4756 2959 4804 et
2987 4758 3215 4819 praesta-

1642 4839 1847 4897 tionem
1877 4840 2158 4897 diﬂ'erunt.
2205 4838 2348 4907 Quid
2379 4842 2525 4898 enim
2566 4851 2650 4897 est
2692 4841 2823 4896 lex?
2857 4840 3210 4913 Evangelium

1638 4932 2087 5001 praenuntiatum.
2119 4931 2262 5000 Quid
2289 4939 2471 4990 autem
2500 4932 2892 5006 Evangelium?
2923 4933 3008 4990 lex
3035 4932 3212 4989 adim-

1637 5026 1829 5099 picta};

0 4922 147 4987 γελὶαν
170 4932 261 4991 καὶ
284 4931 558 4999 ἀπόδοσιν,
579 4932 850 5005 διέστηκε.
884 4931 949 4986 Τί
972 4932 1082 5004 γάρ
1117 4933 1265 4986 ἐστιν
1284 4934 1313 4986 ὁ
1340 4931 1535 5003 νόμος;

0 5010 291 5086 Εὑαγγέλιον
316 5021 888 5095 προκατηγγελμένον.
909 5022 973 5077 Τί
998 5023 1055 5078 δὲ
1080 5022 1533 5097 τὸβΕὑαγγὲλιονς

0 5104 126 5177 νόμος
149 5113 593 5189 πεπληρωμένος.

47 5285 87 5317 "
107 5286 252 5349 Deut.
288 5310 443 5365 xvm,
470 5296 559 5353 15.
636 5296 683 5331 ⁸⁷
713 5296 864 5356 Psal.
893 5312 1009 5367 eis,
1044 5297 1115 5353 1.-
1180 5295 1389 5354 “Psal.
1424 5312 1515 5366 xv,
1538 5296 1633 5356 i0.

51 5442 146 5532 (54)
185 5453 270 5532 ρι’
302 5446 391 5510 ὧν
443 5455 622 5522 θείοις
674 5453 886 5532 ἔργοις.
929 5451 1171 5532 Roberto
1216 5451 1484 5532 Stephano

1618 5449 2022 5532 τάςεξξνεη-
2120 5519 2157 5532 _

0 5514 268 5603 gilgtualiae
304 5533 506 5603 secutae
554 5514 718 5603 sunt'
746 5514 1036 5603 editiones,
1073 5526 1255 5603 minus
1312 5514 1521 5603 attente
1832 5520 2102 5603 51908???“
2120 5519 2413 5603 Deest'ot'ax
2440 5514 2514 5603 ἦν,
2538 5526 2631 5603 aut
2661 5517 2863 5603 aliquid
2889 5517 3089 5600 simile-

0 5585 203 5674 fgdigem
250 5609 384 5651 mss.
441 5597 665 5674 legenti,
710 5585 1079 5674 praetermissa
1109 5594 1227 5674 llaec
1256 5595 1524 5674 praeposi-
1640 5662 1656 5674 _
1858 5592 1935 5674 Τᾲ
1964 5590 2219 5674 μείζονα.
2274 5590 2376 5674 llic
2412 5585 2709 5674 ‘e'xistimat
2742 5585 3071 5674 Syl‘burgius
3100 5588 3200 5671 ad-

0 5656 198 5742 [iO-osed
230 5674 462 5742 utraque
491 5656 949 5722 "vocu'la'videtur
978 5666 1086 5742 liuc
1112 5656 1407 5742 irrepsisse
1436 5666 1521 5720 in-
1624 5656 2228 5742 deiidum-ots'crécmaav.
2249 5668 2343 5742 aut
2378 5661 2525 5742 aliud
2560 5662 2756 5742 simile.
2783 5656 2851 5742 {At
2882 5656 2989 5714 non
3018 5660 3201 5742 inusi-

1 5726 507 5816 Culrpiili'brariorum,
530 5752 740 5816 ex_quo_
767 5737 1041 5816 sententia.
1065 5726 1415 5806 perve'rtitur.
1626 5741 1755 5816 tata:
1796 5726 2233 5816 hui-(ifmziplot‘l
2284 5732 2365 5816 live
2398 5732 2653 5816 loquendi
2704 5732 2966 5787 rationes.
3017 5729 3108 5787 Sic
3141 5730 3196 5784 in

50 5795 142 5869 (55)
165 5795 664 5885 Προτάσσειόι.-Βῖ
706 5805 788 5866 St.
828 5814 883 5865 et
922 5795 1141 5864 codices
1180 5821 1315 5864 mss.
1357 5822 1483 5878 προς

1308 5847 1315 5863 ,
1357 5822 1528 5878 προσ·
1628 5804 1832 5872 Quaest.
1875 5804 1978 5859 100
2007 5822 2019 5859 :
2048 5795 2310 5874 αἱρετικοὶ
2333 5795 2741 5875 λατρεύσαντες.
