3638 6500
48 388 177 444 1519

766 384 1231 453 QUAL'STIONES
1265 384 1351 439 ET
1385 381 1908 442 RESPONSIONES
1939 382 2029 437 AD
2063 382 2547 444 ORTHODOXOS.

3124 391 3258 446 1550

44 506 190 572 Λέγει
215 502 317 575 γὰρ
343 502 372 555 6
409 502 512 574 μὲν
540 503 806 575 μακάριος
836 502 1049 566 Παῦλος
1078 504 1106 555 6
1139 499 1435 564 ἀπόστολος
1471 518 1512 553 π

1724 496 1996 567 tpostolus
2045 498 2113 554 de
2160 498 2341 569 seipso
2386 500 2451 564 δ’,
2486 497 2769 553 secundum
2814 500 3109 569 justitiam,
3141 519 3258 572 qua:

42 596 239 661 ἑαυτοῦ,
280 597 360 649 ὃτι
407 596 563 648 κατὰ
589 594 702 664 τὴν
737 593 1128 661 δικαιοσύνην
1149 592 1263 660 τὴν
1300 593 1367 645 ἐκ
1404 592 1591 660 νόμου

41 689 339 759 γενόμενος
376 686 704 757 ἄμεμπτος.
770 687 828 740 '0
866 686 923 739 δὲ
987 684 1252 757 μακάριος
1308 686 1522 747 Λουκᾶς
1564 685 1593 738 6

38 777 405 847 εὐαγγελιστὴς
435 777 566 847 περὶ
592 776 683 829 τοῦ
724 776 990 847 Ζαχαρίου
1020 775 1129 847 (65)
1160 774 1252 829 καὶ
1276 776 1374 846 τῆς
1402 791 1591 843 γυναι-

38 875 123 937 κὸς
146 872 298 926 αὐτοῦ
339 871 656 935 Ἐλισὰϐετ,
696 872 779 925 ὅτι
826 871 991 941 ἦσαν
1032 871 1248 926 δίκαιοι
1275 870 1592 939 ἀμφότεροι

34 966 292 1019 ἐναντίον
327 964 435 1019 τοῦ
489 965 657 1028 Θεοῦ,
696 966 1077 1034 πορευόμενοι
1116 965 1186 1018 ἐν
1216 963 1438 1029 πάσαις
1463 960 1592 1027 ταῖς

31 1055 287 1121 ἐντολαῖς
313 1056 411 1109 καὶ
437 1055 790 1125 δικαιώμασι
813 1056 921 1110 τοῦ
938 1056 1178 1124 Κυρίου,
1196 1055 1501 1125 ἄμεμπτοι.
1524 1052 1589 1105 Τί

28 1148 77 1202 δέ
104 1151 213 1201 ἐστι
238 1148 385 1202 πᾶσα
410 1150 444 1219 ή
472 1148 614 1203 κατὰ
653 1149 743 1203 τὸν
780 1149 943 1221 νόμον
975 1148 1320 1219 δικαιοσύνη;
1356 1147 1428 1202 Τὸ
1449 1149 1585 1217 ἁγα-

28 1243 125 1311 πᾷν
165 1240 251 1295 τὸν
290 1240 424 1295 Θεὸν
478 1240 578 1312 μὲν
624 1241 760 1313 ὑπὲρ
801 1241 1011 1305 ἑαυτὸν,
1058 1240 1150 1295 τὸν
1180 1238 1402 1311 πλησίον
1429 1239 1486 1293 δὲ
1512 1239 1588 1303 ὡς

25 1331 219 1384 ἑαυτόνσ
262 1331 399 1403 ὅπερ
430 1331 532 1385 οὐκ
573 1331 718 1386 ἔστιν
757 1332 1013 1388 ἀδύνατον
1047 1330 1351 1403 ἀνθρώποις
1397 1330 1587 1403 βουλη-

25 1424 169 1477 θεῖσι.
227 1424 298 1477 Τὸ
346 1419 463 1490 οὖν,
523 1423 626 1490 Ἐξ
664 1424 852 1495 ἔργων
881 1425 1068 1493 νόμου
1089 1423 1175 1493 μὴ
1203 1422 1583 1492 δικαιωθῆναι

25 1515 211 1569 πᾶσαν
240 1514 458 1584 σάρκα,
500 1514 562 1568 οὐ
593 1513 681 1569 διὰ
723 1514 785 1567 τὸ
820 1514 893 1586 μὴ
935 1513 1193 1567 δύνασθαι
1233 1512 1302 1567 τὰ
1352 1513 1584 1567 ἀδύνατα

25 1608 171 1675 λέγει,
204 1605 338 1661 ἀλλὰ
370 1607 462 1662 διά
492 1605 553 1660 τὸ
585 1607 659 1679 μὴ
691 1605 972 1678 βούλεσθαι
1008 1604 1076 1659 τὰ
1097 1605 1315 1659 δυνατά.
1350 1605 1429 1676 Τῇ
1475 1603 1583 1676 γὰρ

25 1699 251 1770 βουλήσει
290 1699 428 1772 πρὸς
480 1697 548 1754 τὰ
602 1698 801 1753 δυνατὰ
853 1696 1185 1769 κεχρήμεθα,
1229 1696 1290 1749 οὐ
1331 1695 1468 1767 πρὸς
1513 1696 1582 1749 τά

25 1792 254 1846 ὶδύνατα.
312 1792 440 1856 Τοῖς
490 1791 600 1863 γὰρ
646 1792 891 1855 δυνατοῖς
943 1790 1036 1845 καὶ
1083 1790 1168 1860 ἐφ’
1200 1790 1331 1861 ἡμῖν
1362 1784 1511 1843 οὖσιν
1551 1790 1580 1842 6

25 1888 218 1950 ἔπαινος
235 1886 271 1958 ἢ
295 1887 323 1939 6
352 1885 522 1956 ψόγος
546 1885 752 1954 γίνεται
774 1884 1147 1957 πραχθεῖσινῆ
1170 1884 1243 1955 μὴ
1270 1882 1575 1954 πραχθεῖσι.

26 1978 107 2031 Γοῦ
145 1980 199 2032 δὲ
245 1977 379 2051 (66),
421 1977 511 2031 διὰ
560 1977 621 2030 τὸ
662 1977 738 2049 μὴ
767 1975 1058 2049 αἱρεῖσθαι,
1091 1976 1185 2030 καὶ
1210 1976 1273 2029 οὐ
1302 1975 1387 2029 διὰ
1415 1975 1476 2030 τὸ
1504 1976 1579 2048 μὴ

25 2069 248 2123 εὐνασθαι
274 2069 663 2142 ἁμαρτάνομεν
687 2068 983 2141 ἄνθρωποι,
1012 2067 1127 2122 ἐστι
1153 2067 1310 2122 τοῦτο
1336 2070 1577 2140 σημεῖον,

25 2160 60 2211 τὸ
86 2160 155 2231 μὴ
179 2160 385 2224 πάντας
414 2160 735 2233 ἀνθρώπους
766 2160 899 2213 πᾶσι
931 2161 1041 2224 τοῖς
1069 2159 1166 2231 τῆς
1194 2159 1466 2231 ἁμαρτίας
1497 2160 1577 2213 εί-

1692 600 1770 645 est
1814 607 1879 646 ex
1925 592 2054 662 lege,
2094 591 2269 661 factus
2311 592 2799 663 irrepreltensibilis.
2836 591 3034 648 Beatus
3076 603 3254 650 autem

1692 681 1868 739 Lucas
1911 685 2241 754 evangelista
2283 684 2328 716 ³³
2372 684 2439 740 de
2479 683 2744 738 Zacharia
2779 690 2832 739 et
2874 684 3105 755 conjuge
3137 686 3257 754 ejus

1690 774 1930 831 Elisabet
1992 795 2007 832 :
2044 774 2214 829 Erant
2237 777 2377 846 justi
2402 776 2555 830 ambo
2581 793 2759 830 coram
2789 776 3034 841 Domino,
3071 776 3258 829 ambu-

1692 866 1861 921 [antes
1891 868 1945 920 in
1988 866 2226 921 omnibus
2268 866 2534 921 mandatis
2564 877 2614 922 et
2643 867 3116 938 justiﬁcationibus
3145 868 3254 922 Do-

1689 956 1821 1009 mini
1848 956 1961 1011 sine
1989 958 2220 1028 querela.
2253 957 2393 1024 Quid
2426 968 2605 1014 autem
2646 967 2730 1015 est
2764 960 3018 1014 universa
3053 976 3248 1016 secun-

1689 1046 1817 1101 dum
1870 1048 2040 1119 legem
2071 1049 2317 1119 justitia?
2348 1048 2579 1121 Diligere
2612 1049 2781 1106 Deum
2816 1066 2981 1122 supra
3012 1052 3253 1122 seipsum

1687 1140 1851 1213 485.
1900 1150 1954 1196 et
2006 1142 2312 1213 proximum
2355 1143 2499 1199 sicut
2532 1143 2771 1215 seipsum
2809 1162 2823 1199 :
2859 1145 3002 1215 quod
3034 1146 3252 1217 quidem

1686 1232 2026 1302 impossibile
2078 1250 2189 1289 non
2229 1241 2313 1290 est
2361 1235 2673 1291 hominibus
2733 1236 3063 1293 volentibus.
3112 1236 3251 1291 lllud

1686 1321 1853 1393 igitur
1891 1340 1905 1376 :
1942 1321 2026 1375 Ea:
2067 1322 2307 1392 operibus
2339 1322 2464 1394 legis
2513 1340 2616 1378 non
2654 1323 3038 1393 justi/imbitur
3080 1323 3251 1377 omni:

1684 1430 1809 1468 caro
1839 1413 1905 1479 ",
1933 1429 2046 1469 non
2078 1415 2200 1469 ideo
2227 1415 2380 1480 dicit,
2417 1416 2561 1495 quod
2596 1415 2953 1485 impossibilia
2984 1430 3092 1469 non
3124 1430 3253 1483 pos-

1684 1508 1879 1571 simus,
1914 1506 2009 1563 sed
2042 1508 2188 1578 quod
2219 1508 2502 1579 possibilia
2530 1523 2639 1562 non
2676 1509 2925 1563 velimus.
2958 1506 3250 1563 Voluntate

1683 1613 1916 1670 namque
1947 1599 2014 1654 ad
2045 1601 2325 1671 possibilia
2367 1601 2595 1665 utimur,
2630 1616 2741 1655 non
2770 1601 2837 1655 ad
2864 1600 3246 1670 impossibilm.

1684 1690 1754 1747 Iis
1787 1693 1931 1748 enim
1966 1693 2129 1749 factis
2168 1701 2262 1748 aut
2295 1710 2403 1749 non
2438 1693 2618 1760 factis,
2654 1711 2772 1764 quae
2806 1694 3085 1764 possibilia
3120 1703 3250 1747 sunt

1683 1792 1736 1840 et
1770 1800 1935 1855 penes
1968 1800 2069 1841 nos
2103 1785 2226 1851 sita,
2263 1785 2550 1841 laudamur
2578 1795 2670 1841 aut
2709 1787 3099 1856 vituperamur.
3140 1785 3249 1838 llo-

1682 1878 1855 1935 mines
1896 1888 2076 1934 autem
2122 1894 2373 1950 peccare,
2422 1881 2548 1951 quia
2598 1896 2708 1935 non
2761 1882 2971 1946 volunt,
3022 1880 3248 1935 minime

1679 1988 1828 2038 vero,
1864 1973 1991 2044 quia
2021 1989 2130 2029 non
2161 1983 2411 2044 possunt,
2448 1973 2581 2028 illud
2616 1982 2937 2046 argumento
2968 1981 3074 2038 est,
3100 1975 3246 2045 quod

1679 2080 1788 2120 non
1821 2080 2012 2120 omnes
2060 2066 2311 2122 homines
2353 2066 2408 2120 in
2452 2068 2635 2122 omnia
2683 2067 2888 2138 peccati
2926 2083 3123 2138 genera
3167 2067 3249 2120 la-

1679 2159 1897 2223 bantur,
1922 2158 2017 2214 sed
2046 2159 2267 2229 quidam
2299 2160 2358 2215 in
2393 2160 2517 2228 hoc,
2550 2161 2642 2215 alii
2666 2162 2720 2215 in
2755 2159 2907 2225 illud,
2932 2161 3153 2232 quidam
3188 2161 3243 2215 in

25 2252 136 2304 ἰεσιν
162 2254 445 2323 ἐμπεσεῖν,
481 2253 616 2308 ἀλλὰ
630 2253 803 2323 ,τινὰς
849 2251 948 2323 μὲν
983 2251 1155 2323 τούτῳ
1189 2252 1266 2324 τῷ
1309 2254 1437 2307 εἴδει
1478 2272 1512 2307 τ

1724 2251 1853 2317 iura,
1879 2249 1969 2304 alii
2000 2252 2056 2305 in
2088 2251 2369 2321 pauciora’,
2398 2252 2617 2324 quidam
2655 2252 2708 2305 in
2738 2252 2909 2317 nulla,
2946 2259 3004 2304 ut
3026 2252 3084 2319 ii,
3106 2266 3244 2322 quos

25 2344 261 2414 ιμαρτίας
305 2347 589 2416 ἐμπεσεῖν,
642 2345 794 2409 τινὰς
828 2345 883 2398 δὲ
911 2345 1123 2416 ἐκείνῳ·
1164 2346 1257 2399 καὶ
1292 2345 1443 2409 τινάς
1479 2363 1512 2417 μ

1724 2357 1783 2395 im
1830 2342 2089 2407 diximus,
2127 2343 2280 2413 justi.
2328 2343 2482 2410 Quod
2526 2345 2742 2415 quidem
2784 2344 3099 2399 hominibus
3131 2360 3241 2398 non

25 2436 215 2501 τλείοσι,
239 2437 393 2501 τινὰς
424 2437 483 2491 δὲ
512 2436 776 2501 ἐλάττοσι,
801 2435 952 2500 τινὰς
972 2436 1028 2489 δὲ
1059 2436 1254 2505 οὐδενὶ,
1289 2435 1428 2491 κατὰ
1450 2454 1509 2490 το

1724 2434 1936 2499 reniret,
1976 2442 2037 2489 ut
2086 2436 2179 2490 alii
2230 2445 2437 2491 certum
2487 2437 2760 2507 quoddam
2809 2437 3016 2506 peccati
3069 2452 3241 2507 genus

25 2531 415 2601 τροειρημένους
432 2531 692 2595 δικαίους.
723 2532 899 2603 Ὅπερ
930 2531 1031 2584 οὐκ
1051 2530 1118 2585 ἂν
1148 2530 1342 2601 συνέϐη
1374 2530 1512 2603 ἀνθρι

1724 2526 2033 2594 immittam,
2075 2528 2167 2582 alii
2222 2528 2447 2583 omnino
2490 2544 2601 2583 non
2637 2534 2894 2597 peccent;
2943 2527 2989 2581 si
3036 2525 3241 2581 idcirco

25 2639 127 2685 τοις,
154 2622 214 2676 τὸ
238 2624 347 2677 τινὶ
380 2625 481 2695 μὲν
510 2624 637 2678 εῖδει
664 2623 763 2694 τῆς
794 2624 1068 2696 ἁμαρτίας
1091 2625 1443 2696 ἁμαρτάνειν,
1470 2641 1512 2676 τι

1724 2618 1920 2675 )mines
1962 2628 2270 2690 peccarent,
2306 2620 2452 2691 quod
2504 2629 2698 2674 natura
2745 2634 2855 2674 non
2897 2618 3093 2690 possit,
3128 2632 3242 2673 non

26 2714 51 2765 ἑὲ
91 2715 340 2769 οπὲποτε
385 2715 742 2788 ἁμαρτάνειν,
782 2718 830 2770 ει
872 2715 1144 2787 ἀδυναμίᾳ
1187 2714 1424 2784 φύσεως,
1476 2732 1512 2767 κ

1724 2719 1852 2767 item
1895 2713 2041 2781 quod
2072 2713 2305 2768 liberum
2339 2713 2627 2769 arbitrium
2656 2712 2812 2767 nolit.

26 2807 85 2859 ιύκ
113 2809 335 2881 ἀὸουλίᾳ
365 2809 739 2879 προαιρέσεως
770 2809 1077 2880 ἡμάρτανον
1104 2807 1152 2859 οἱ
1177 2806 1471 2878 ἄνθρωποι.

72 2898 415 2951 ἘΡΩΤΗΣΙΣ
471 2899 590 2951 PA’.
629 2898 692 2951 Εἰ
724 2898 815 2951 ἐπὶ
847 2896 954 2951 τῶν
991 2896 1347 2967 ἐγκλημάτων
1388 2896 1512 2969 χώρι

1737 2890 2012 2959 ρυᾹΞΞΤ.
2048 2892 2180 2949 ClV’.
2223 2893 2278 2949 Si
2314 2896 2369 2949 in
2403 2894 2731 2949 criminibus
2760 2894 2939 2947 locum
2972 2892 3240 2964 pmniten-

26 2990 271 3053 ιετανοίας
302 2992 420 3053 τοῖς
444 2990 821 3061 ἡμαρτηκόσιν
842 2990 870 3042 6
892 2990 1053 3061 νόμος
1083 2988 1144 3041 οὑ
1173 2987 1403 3055 δίδωσιν,
1430 2987 1512 3042 ἁλί

1724 3001 1753 3039 e
1788 2988 2139 3057 peccantibus
2188 2988 2274 3043 lex
2322 2990 2432 3042 non
2479 2988 2759 3057 relinquit,
2804 2987 2900 3042 sed
2936 2986 3237 3057 periculum

25 3083 218 3135 εἰνδυνον
254 3083 440 3146 αὐτοῖς
476 3083 672 3152 ἐπάγει
712 3082 1103 3153 ἀπαραίτητον,
1156 3079 1276 3144 πῶς
1323 3079 1512 3151 μοιχείε

1724 3078 1801 3134 sis
1833 3079 1996 3135 infert
2034 3095 2145 3135 non
2176 3081 2469 3137 evitabile:
2505 3079 2787 3150 quomodo
2836 3080 3095 3149 propheta
3132 3077 3239 3132 Da-

25 3175 78 3225 ιειὶ
103 3177 260 3241 φόνον
291 3176 319 3228 6
352 3175 643 3247 προφήτης
674 3174 837 3228 Δαόὶδ
876 3173 1267 3247 ἐργασάμενος,
1300 3172 1360 3225 οὐ
1414 3189 1512 3244 παε

1724 3170 1776 3236 ι1,
1810 3179 1935 3243 post
1972 3172 2296 3228 adulterium
2335 3180 2389 3227 et
2434 3172 2657 3237 caedem,
2694 3188 2805 3227 non
2839 3181 3036 3243 praeter
3062 3173 3237 3242 legem

26 3266 74 3319 ὒν
100 3270 260 3338 νόμον
308 3266 643 3339 συγγνώμης
673 3266 931 3337 ἡξίωται;
972 3266 1081 3322 Καὶ
1120 3268 1168 3321 εί
1214 3268 1310 3339 μὲν
1360 3267 1512 3337 ἀγαθέ

1724 3262 1818 3317 :nia
1871 3263 2107 3321 donatus
2146 3275 2229 3321 est
2256 3265 2279 3318 ἲ
2308 3266 2385 3319 Ae
2418 3266 2466 3321 si
2506 3265 2709 3319 bonum
2761 3273 2842 3320 est
2886 3266 3065 3331 venia,
3102 3280 3239 3334 quo-

26 3355 357 3429 ισυγγνώμη,
390 3358 480 3412 διὰ
513 3357 567 3412 τί
598 3358 657 3412 τὸ
689 3358 1069 3428 ἀσύγγνωστον
1099 3358 1179 3425 τῷ
1218 3360 1367 3431 νόμῳ
1412 3377 1512 3415 συνη

1724 3356 1825 3412 edo
1857 3358 1961 3429 legi
1993 3357 2309 3427 adjunctum
2338 3368 2423 3415 est
2465 3366 2527 3412 ut
2560 3374 2670 3413 non
2719 3358 2996 3429 ignoscat?
3018 3358 3075 3413 Si
3109 3372 3237 3412 vero

26 3448 233 3514 “ευκται;
268 3453 317 3503 εἰ
351 3450 412 3503 δὲ
453 3450 676 3519 φαῦλον,
722 3451 860 3523 ὅπερ
901 3451 1002 3505 οὐκ
1029 3446 1203 3522 οἶμαι,
1241 3453 1358 3517 πῶς
1394 3455 1423 3506 6
1456 3454 1512 3507 τᾶ

1724 3448 1885 3513 alum,
1911 3448 2058 3519 quod
2090 3449 2308 3519 quidem
2331 3464 2440 3505 non
2468 3457 2623 3520 puto,
2662 3449 2933 3519 quomodo
2968 3451 3234 3505 bonorum

26 3538 193 3604 ιγαθῶν
222 3542 461 3614 χορηγὸς
490 3543 551 3596 τὸ
579 3542 782 3612 φαῦλον
819 3542 897 3614 τῷ
928 3545 1180 3616 προφήτῃ
1208 3546 1512 3617 κεχάρισται

1724 3538 1887 3610 rgiter
1909 3538 2191 3608 Propheta:
2224 3540 2427 3594 mahnn
2462 3541 2778 3595 concessit?

68 3631 467 3686 ‘AIIOKPIEIE.
518 3635 581 3686 Εἰ
614 3636 706 3688 ἐπὶ
734 3634 842 3688 τῶν
871 3635 1227 3707 ἐγκλημάτων
1254 3636 1434 3709 χώραν
1466 3657 1512 3709 με

1734 3628 1930 3685 RESP.
1969 3628 2025 3683 Si
2072 3631 2128 3685 in
2173 3631 2496 3687 criminibus
2538 3632 2717 3686 locum
2769 3631 3102 3701 pmnitentire
3149 3632 3236 3687 lcx

26 3721 186 3784 ανοίας
218 3722 294 3793 τῷ
336 3723 685 3793 ἡμαρτηκότι
727 3724 757 3776 6
797 3724 956 3795 νόμος
999 3724 1060 3778 οὐ
1108 3725 1312 3790 δίδωσι,
1346 3725 1464 3790 πῶς
1502 3728 1512 3779 ἐ

1724 3721 1911 3775 :ccanti
1970 3736 2078 3775 non
2134 3722 2430 3792 relinquit,
2485 3722 2759 3793 quomodo
2814 3723 2867 3775 in
2931 3722 3234 3792 interroga-

27 3807 51 3874 ᾖ
72 3809 423 3882 ἐννενηκοστῇ
447 3810 647 3884 ἑϐδόμῃ
670 3812 932 3883 ἐρωτήσει
953 3814 1313 3885 προτέτακται
1336 3816 1433 3887 τῆς
1465 3835 1512 3888 χι

1724 3828 1809 3868 me
1829 3813 1895 3869 97
1930 3813 2017 3868 lex
2047 3815 2234 3885 gratite
2268 3814 2572 3884 praefertur,
2600 3824 2658 3869 ut
2692 3817 2759 3871 ad
2789 3816 3110 3872 dimittenda
3137 3816 3231 3872 de»

26 3902 176 3963 meo
206 3902 393 3973 νόμος,
426 3902 569 3956 ὥστε
611 3921 693 3968 τις
740 3904 1078 3977 ἑτοιμότερος
1123 3907 1216 3960 καὶ
1260 3906 1512 3979 φιλανθριι

1724 3904 2032 3976 tquentibus
2064 3919 2288 3975 peccata
2322 3908 2625 3978 promptior
2657 3916 2709 3962 et
2743 3908 3056 3973 humanior,
3092 3925 3232 3980 quos

25 3990 197 4061 πότερος
236 3995 316 4056 εἰς
344 3994 542 4062 ἄφεσιν
570 3993 683 4065 (67)
722 3995 1132 4066 ἁμαρτημάτων
1165 3999 1277 4060 τοῖς
1311 3997 1558 4071 ἁμαρτά-

26 4097 171 4147 currv,
203 4084 298 4148 οὓς
320 4084 448 4137 καθ’
483 4084 719 4156 ἑκάστην
752 4086 962 4157 ἡμέραν
993 4086 1082 4141 διὰ
1114 4088 1206 4142 τοῦ
1248 4089 1555 4161 βαπτίσμα-

26 4172 72 4234 ὁς
96 4192 148 4226 τε
168 4176 261 4228 καὶ
284 4176 388 4246 τῆς
412 4176 523 4231 τῶν
550 4177 759 4245 ἀλόγων
786 4178 994 4244 θυσίας,
1019 4180 1118 4251 τῆς
1141 4179 1399 4251 μέμψεως
1422 4182 1557 4236 ἁπο-

28 4264 109 4316 ύει·
142 4267 238 4320 νῦν
279 4268 337 4321 δὲ
380 4270 441 4322 ὲν
471 4271 538 4340 τῇ
574 4271 910 4344 προκειμένῃ
961 4273 1225 4345 ἐρωτήσει
1271 4274 1423 4343 ῥανὶς
1459 4275 1557 4346 οὐχ

32 4357 352 4414 πολέλειπται
410 4360 489 4431 τῷ
529 4361 678 4432 νόμῳ
736 4363 1161 4435 φιλανθρωπίας,
1226 4364 1359 4420 ἀλλὰ
1407 4366 1558 4420 συνέ-

1658 3998 1902 4069 quotidie
1948 3998 2273 4069 baptismate
2318 4006 2373 4054 et
2405 3999 2723 4055 animaiium
2771 4002 2998 4057 rationis
3030 4018 3229 4073 exper-

1657 4090 1792 4145 tium
1820 4090 2089 4146 sacriﬁcio
2113 4091 2345 4147 exsolvit
2377 4093 2635 4159 crimine;
2672 4107 2817 4147 nunc
2846 4101 3024 4147 autem
3058 4093 3110 4151 in
3141 4109 3225 4157 ea,

1659 4197 1781 4251 quae
1824 4182 2176 4252 proponitur,
2224 4182 2669 4252 interrogatione,
2712 4199 2779 4237 ne
2812 4190 2961 4252 gutta
3009 4183 3227 4252 quidem

1661 4272 2019 4343 humanitatis
2044 4274 2374 4344 relinquitur
2410 4275 2533 4345 legi,
2573 4273 2668 4329 sed
2697 4274 2747 4327 ei
2779 4274 3095 4344 adjungitur
3118 4290 3226 4328 non

1660 4364 1975 4435 ignoscendi
2037 4365 2396 4429 consuetudo,
2446 4365 2746 4434 perieulum
2806 4363 3047 4417 inferens
3102 4379 3227 4433 pec-

27 4466 191 4506 ευκται
224 4454 379 4525 αὐτῷ
406 4454 469 4507 τὸ
512 4453 915 4524 ἀσύγγνωστον,
955 4456 1196 4511 κίνδυνον
1237 4459 1439 4526 ἐπάγον
1478 4476 1512 4512 τι

1727 4459 1805 4509 nti
1838 4471 1947 4510 non
1979 4455 2267 4511 evitabile?
2298 4456 2475 4525 Atque
2504 4455 2620 4509 haec
2646 4453 2865 4524 quidem
2901 4454 2954 4507 in
2987 4453 3225 4523 ambigui

26 4544 313 4613 ημαρτηκότι
360 4543 767 4616 ἁπαραίτητον;
797 4547 905 4599 Καὶ
938 4547 1075 4619 πρὸς
1101 4548 1198 4619 μὲν
1228 4547 1287 4601 τὸ
1328 4549 1402 4620 μὴ
1433 4550 1512 4602 άνε

1724 4546 1848 4601 Lium
1874 4553 1928 4600 et
1953 4545 2440 4616 interrogationum
2468 4547 2881 4616 repugnantiam
2905 4547 3050 4601 dicta
3076 4548 3223 4613 sint;

25 4634 309 4704 πεήμαντον
352 4635 588 4690 καὶτῶν
633 4638 952 4710 ἐρωτήσεων
998 4639 1092 4711 τὴν
1128 4639 1439 4693 ἐναντίωσιν
1486 4658 1510 4693 ε

1724 4637 1762 4693 si
1782 4643 1964 4693 autem
1982 4637 2396 4710 interrogationi
2421 4639 2501 4694 sic
2527 4640 2921 4709 respondemus
2950 4658 2963 4693 :
2999 4638 3225 4694 Etiamsi

28 4723 155 4791 ἡσθω
186 4726 380 4781 ταῦτα*
413 4727 553 4800 πρὸς
584 4727 641 4781 δὲ
673 4728 769 4800 τὴν
806 4728 1073 4800 ἐρώτησιν
1097 4729 1512 4799 ἀποκρινούμεθ<

1724 4747 1743 4785 ι
1771 4730 2056 4801 ignoscere
2084 4732 2324 4798 nesciat;
2361 4739 2416 4785 at
2450 4731 2623 4803 gratia
2671 4732 3045 4802 paenitentiam
3093 4747 3223 4801 pec—

26 4832 61 4867 τι
81 4820 121 4871 εἰ
146 4820 237 4873 καὶ
264 4823 293 4874 6
320 4820 489 4891 νόμος
522 4820 583 4874 τὸ
621 4821 1003 4891 άσύγγνωστον
1035 4822 1170 4894 ἔχει,
1210 4822 1346 4878 ἁλλὰ
1387 4824 1479 4877 καὶ

1724 4824 1804 4880 nti
1842 4824 2115 4881 concedit.
2144 4824 2282 4879 Illud
2312 4826 2493 4880 enim:
2527 4825 2719 4881 Manus
2758 4836 2943 4881 vestra:
2974 4827 3225 4896 sanguine

26 4908 129 4977 apt;
164 4914 459 4984 μετάνοιαν
486 4913 684 4968 δέδωκε
720 4914 796 4986 τῷ
827 4917 1192 4987 ἡμαρτηκότι.
1226 4916 1299 4970 Τὸ
1327 4916 1455 4989 γὰρ,
1487 4923 1512 4971 Α

1724 4932 1819 4972 ma:
1869 4926 2012 4984 sunt,
2055 4918 2145 4973 sed
2196 4918 2449 4972 lavamini
2500 4926 2548 4973 et
2601 4917 2782 4972 mundi
2826 4928 3008 4973 estote.
3060 4924 3225 4987 Atque

25 5000 162 5070 ξεξρες
188 5004 358 5076 ὑμῶν
374 5006 625 5076 αἵματος
649 5006 917 5076 πλήρεις·
943 5008 1105 5063 ἀλλὰ
1130 5009 1439 5064 λούσασθε
1458 5028 1512 5063 xc

1724 5010 1868 5065 ’amsi
1894 5019 2108 5080 peccata
2138 5020 2309 5066 vestra
2335 5019 2391 5065 ut
2424 5013 2693 5066 coccinum
2734 5010 2952 5081 fuerint,
2978 5020 3032 5064 ut
3058 5011 3224 5064 nivem

54 5155 89 5187 ³¹
116 5156 311 5230 Philip.
352 5176 440 5227 ιιι,
474 5159 529 5215 6.
604 5161 649 5194 ³³
678 5160 813 5218 Luc.
849 5179 888 5229 ι,
923 5161 979 5218 6.
1056 5163 1101 5196 ³⁵
1134 5162 1293 5220 Rom.
1326 5179 1409 5233 ιιι,
1442 5164 1532 5220 20.
1642 5190 1645 5191 ν

1661 5321 1793 5394 nino
1822 5332 2014 5394 contra
2041 5320 2213 5394 legem
2266 5321 2633 5391 peccaverint,
2684 5319 2776 5394 sed
2806 5316 2973 5388 quod,
3001 5314 3098 5394 ubi.
3122 5313 3216 5394 ali-

1659 5392 1791 5461 quid
1838 5386 2232 5462 ignoscendum
2266 5386 2668 5462 'peccaverant,
2714 5391 2768 5444 id
2801 5386 3132 5459 prmscriptis
3165 5386 3216 5436 in

1649 5463 1765 5533 lege
1796 5463 2082 5533 sacriﬁciis
2112 5463 2467 5531 cxpiaverint.

1724 5524 1832 5603 (66)
1873 5535 1980 5589 Τοῦ
2014 5532 2099 5588 δέ.
2136 5524 2449 5603 Supplendo
2479 5533 2581 5593 ὅτι,
2608 5529 2754 5599 quod
2782 5526 2991 5582 incuria
3015 5524 3216 5580 excidit

54 5311 527 5391 (65)_Zaxqplov.
587 5317 703 5391 [loc
751 5319 1029 5375 Zachariae
1076 5319 1314 5391 ejusque
1364 5320 1554 5377 uxoris

30 5386 219 5465 remplo
251 5390 555 5465 utebantur
586 5388 884 5465 Pelagiani,
942 5400 1001 5444 ut
1049 5386 1349 5465 probarent
1396 5407 1553 5465 posse

26 5458 228 5532 pminem
257 5460 314 5532 in
343 5458 451 5532 liae
496 5460 605 5532 vita
630 5458 757 5532 esse
784 5462 896 5515 sine
948 5458 1179 5531 peccato,
1207 5463 1350 5531 apud
1378 5458 1543 5532 Aug.,

26 5518 65 5575 )e
86 5528 479 5602 grat,_(.'hristi,
510 5546 566 5602 n_.
592 5530 679 5602 53.
714 5529 819 5586 Sed
849 5518 1034 5587 secum
1058 5518 1264 5602 pugnat
1294 5532 1382 5586 hic
1413 5518 1549 5586 seri;

26 5602 121 5671 ἰω-Γ,
148 5598 240 5671 qui
272 5615 424 5671 nunc
460 5615 491 5653 a
533 5598 836 5671 Pelagianis
859 5618 969 5657 non
995 5598 1211 5657 videtur
1228 5602 1544 5657 discedere:
1650 5598 2025 5666 librariorum,
2058 5598 2382 5658 sententiam
2404 5598 2760 5656 restituiinus.

26 5670 47 5712 ,ι
75 5666 120 5719 in
148 5662 310 5745 Resp.
348 5670 417 5724 ad
455 5662 824 5745 Quarstfly.
860 5673 1058 5745 (solum
1113 5673 1393 5745 Christum
1429 5674 1548 5728 sine
1664 5744 1671 5745 ί
1724 5673 1832 5745 (67)
1858 5677 1961 5741 Εἰς
1982 5662 2219 5744 ἄφεσιν.
2252 5672 2591 5745 ιδιιιιειιιιξὶῑίοὲ
2619 5685 2739 5745 quae
2767 5668 2951 5745 deerat
2980 5665 3120 5735 apud
3146 5662 3211 5718 R.

25 5748 195 5793 eccato
227 5741 423 5817 fuisse
449 5741 712 5817 declarat,
747 5742 1068 5817 Zachariam
1100 5753 1279 5817 autem
1315 5742 1550 5817 ejusque
1654 5740 1989 5817 Stephanum
2020 5740 2069 5802 et
2105 5744 2159 5799 in
2191 5761 2324 5801 mss.
2357 5740 2537 5798 addita
2561 5740 2868 5810 Sylburgio.

25 5818 197 5866 liorem
224 5813 278 5867 in
311 5827 378 5868 eo
410 5811 720 5882 inculpatos
750 5814 940 5881 fuisse,
966 5829 1073 5871 non
1103 5814 1246 5885 quod
1274 5814 1410 5868 nihil
1440 5828 1557 5871 0111·-
1751 5811 1768 5817 ’
1927 5822 1937 5827 ’
