3638 6484
428 349 562 405 ιδδι

1170 343 1538 401 APPENDIX.
1570 376 1637 385 —
1676 340 1860 398 PARS
1894 344 1937 400 l.
1979 343 2039 399 S.
2072 342 2342 402 JUSTINI
2381 344 2614 401 OPERA
2653 344 2933 405 SPURIA.
3494 353 3576 411 15ὂῖ

424 462 681 519 dealbabo
711 461 755 493 ³⁸
782 478 797 528 ;
830 460 956 515 item
990 460 1125 516 illud
1185 480 1200 516 :
1238 459 1379 514 Nolo
1418 467 1641 513 mortem
1669 460 1987 528 'pcccatoris,

2100 460 2339 529 καθαροὶ
2370 458 2637 531 γένεσθε.
2666 462 2801 525 Καὶ,
2826 461 2934 517 ἐὰν
2955 455 3111 516 ὦσιν
3130 460 3191 515 at
3216 461 3458 532 ἁμαρτίαι
3479 468 3579 537 ὑμῶν

422 554 517 611 sed
553 564 610 607 ut
648 560 981 607 convertatur
1020 560 1070 607 ct
1120 552 1255 609 vivat
1305 551 1375 618 ³⁸,
1426 566 1590 606 voces
1633 556 1764 605 sunt
1803 549 2002 606 divina:

424 648 615 718 gratia:
662 653 977 717 peccatores
1008 647 1255 702 vocantis
1289 644 1359 700 ad
1392 644 1717 702 beneﬁcium
1753 644 1913 717 legis,
1942 652 2003 700 ut

424 754 524 809 per
570 737 947 809 pmnitentiam
992 752 1205 801 eorum,
1258 751 1381 808 quae
1416 737 1569 807 prius
1614 745 1999 806 peccaverunt,

426 830 641 886 veniam
691 836 1119 900 consequantur.
1161 829 1309 884 Bona
1355 829 1574 899 quidem
1618 828 1780 884 venia
1828 836 1885 885 et
1919 829 2004 886 di-

423 923 563 977 vina:
602 922 791 993 gratia:
831 924 1057 986 donum,
1101 936 1203 977 nec
1243 930 1425 976 tamen
1466 920 1769 976 secundum
1822 921 1996 990 legem

423 1025 529 1078 est,
553 1033 653 1072 nec
686 1024 876 1071 contra
905 1017 1098 1087 legem,
1125 1013 1221 1069 sed
1246 1028 1409 1083 supra
1434 1014 1605 1083 legem
1636 1021 1691 1069 et
1724 1027 1823 1083 pro
1846 1012 1993 1083 lege:

424 1123 590 1179 supra
624 1109 795 1179 legem
828 1108 1070 1178 quidem,
1095 1106 1222 1176 quia
1256 1107 1468 1176 gratia;
1507 1120 1609 1176 pro
1641 1106 1758 1175 lege
1787 1112 1992 1169 autem,

422 1201 551 1271 quia
582 1217 677 1271 per
707 1199 1085 1270 pmnitentiam
1114 1208 1430 1268 peccatores
1464 1196 1689 1253 adducit
1723 1196 1791 1252 ad
1826 1196 1992 1251 bene-

422 1293 606 1347 ﬁcium
640 1293 795 1364 legis,
829 1292 974 1347 sicut
1000 1299 1055 1347 et
1089 1290 1369 1347 Davidem.

2096 551 2176 618 ὡς
2202 552 2534 621 φοινικοῦν,
2563 552 2644 618 ὡς
2670 554 2846 623 χιόνα
2870 554 3167 609 λευκανῶ
3204 556 3295 608 καὶ
3321 556 3390 621 τὸ,
3416 561 3585 625 Οὑβού·

2096 647 2276 714 donat
2305 643 2410 697 τὸν
2435 644 2696 700 θάνατον
2721 646 2827 701 τοῦ
2850 646 3206 716 ἀμαρτωλοῦ
3220 649 3301 716 ὡς
3326 649 3381 702 τὸ
3394 650 3582 722 ἐπιστίέ-

2096 736 2207 802 ψαι
2252 734 2350 789 καὶ
2396 732 2509 804 ζῆν
2552 735 2759 801 αὐτὸν,
2803 736 2978 805 φωναί
3022 739 3129 791 εἱσι
3162 738 3261 809 τῆς
3289 739 3419 805 Θείας
3440 743 3583 815 χάριτος

2099 825 2453 899 ἁμαρτωλοὺς
2480 826 2737 883 καλοῦσαι
2786 830 2864 893 εἰς
2907 829 3205 884 εὐπάθειαν
3250 832 3339 884 τοῦ
3364 834 3511 905 νόμον,
3538 838 3587 891 διὰ

2101 918 2391 990 μετανοίας
2416 919 2702 992 εἰληφότας
2730 920 2836 975 τῶν
2864 922 3371 994 προημαρτημένων
3396 928 3475 997 τὴν
3508 946 3571 998 συγ

2095 1011 2341 1084 γνώμην.
2384 1014 2587 1085 Ἀγαθὴ
2619 1014 2715 1085 μὲν
2754 1010 2846 1068 οὖν
2874 1016 3023 1069 ἐστιν
3057 1016 3091 1087 ἡ
3125 1017 3406 1090 συγγνώμη
3430 1022 3501 1073 καὶ
3534 1041 3591 1094 της

2096 1104 2245 1169 Θείας
2274 1105 2494 1179 χάριτος
2520 1107 2710 1180 δῶρον·
2744 1108 2843 1162 οὐκ
2867 1108 2985 1162 ἔστι
3011 1109 3069 1162 δὲ
3107 1110 3227 1163 οὐδὲ
3276 1112 3403 1165 κατὰ
3440 1112 3510 1166 τὸν
3544 1119 3591 1169 νό-

2097 1214 2216 1267 μον,
2244 1198 2366 1251 οὐδὲ
2396 1200 2538 1254 κατά
2566 1200 2658 1253 τοῦ
2688 1201 2875 1273 νόμου,
2905 1202 3021 1256 ἀλλ’
3064 1202 3207 1275 ὑπὲρ
3245 1204 3333 1258 τὸν
3368 1206 3512 1276 νόμον,
3540 1212 3592 1263 καὶ

2092 1289 2231 1362 ὑπὲρ
2254 1289 2348 1344 τοῦ
2381 1291 2566 1361 νόμου’
2601 1292 2738 1365 ὑπὲρ
2768 1294 2858 1347 τὸν
2885 1295 3049 1365 νόμον
3079 1293 3200 1365 μὲν,
3233 1295 3314 1348 ὅτι
3337 1296 3484 1368 χάρις,
3506 1298 3591 1369 ὑπὲρ

419 1388 513 1442 τοῦ
573 1388 737 1459 νόμου
789 1387 864 1454 δὲ,
919 1389 1001 1442 ὅτι
1044 1386 1133 1441 διὰ
1176 1385 1463 1464 μετανοίας
1507 1384 1631 1455 ἄγει
1687 1384 1813 1449 τοὺς
1842 1384 2198 1457 ἁμαρτωλοὺς
2240 1389 2322 1452 εἰς
2371 1387 2665 1441 εὐπάθειαν
2729 1387 2821 1442 τοῦ
2874 1388 3077 1461 νόμου,
3128 1389 3383 1462 ’καθάπερ
3425 1392 3498 1447 καὶ
3541 1394 3592 1447 τὸν

420 1482 601 1537 Δαῦίδ.

490 1602 652 1670 QUAE
665 1603 771 1659 ST.
793 1603 902 1660 CV.
926 1603 983 1659 Si
1012 1605 1266 1660 omnibus
1288 1604 1602 1661 hominibus
1623 1604 1995 1660 necessarium

419 1706 506 1752 est
550 1697 882 1767 precationis
925 1698 1186 1751 auxilium
1238 1705 1458 1768 propter
1509 1705 1720 1753 natura:
1764 1697 1995 1751 inﬁrmi-

2184 1601 2534 1654 ἘΡΩἹἫΣΙΣ
2570 1601 2689 1655 PE’.
2736 1602 2796 1655 Εἰ
2834 1603 2973 1655 πᾶσι
3019 1602 3118 1673 μὲν
3160 1602 3443 1675 ἀνθρώποις
3466 1605 3532 1659 διὰ
3559 1606 3592 1663 τὸ

2101 1691 2324 1756 ἀσθενὲς
2350 1693 2447 1763 τῆς
2476 1692 2687 1762 φύσεως
2713 1693 2985 1762 ἀναγκαία
3014 1696 3049 1765 ή
3072 1694 3162 1748 διὰ
3192 1696 3291 1766 τῆς
3318 1696 3458 1767 εὐχῆς
3476 1698 3592 1768 ὑπάρ-

421 1800 609 1855 tatem,
661 1791 776 1845 haec
822 1798 1003 1874 autem
1043 1805 1387 1861 nequaquam
1428 1792 1572 1847 inest
1617 1792 1838 1847 Christo
1886 1791 1987 1846 Do-

2100 1801 2181 1855 χει
2212 1784 2452 1855 βοήθεια,
2488 1783 2657 1841 ταῦτα
2684 1784 2743 1838 δὲ
2769 1785 2828 1838 ού
2866 1786 3131 1858 πρόσεστι
3172 1786 3255 1858 τῷ
3281 1788 3489 1860 Δεσπότη
3506 1790 3592 1860 X9:-

419 1884 591 1950 mino,
637 1892 825 1955 utpote
869 1883 1100 1938 Domino
1142 1891 1197 1938 et
1241 1884 1492 1938 idoneam
1518 1884 1587 1939 ad
1621 1885 1802 1938 omnia
1837 1893 1991 1955 pote-

420 1985 614 2034 statem
646 1978 866 2032 habenti
892 2020 905 2043 ,
940 1992 1039 2031 cur
1071 1978 1333 2047 apostolis
1369 1976 1713 2048 frequentius
1743 1993 1809 2033 ex
1843 1976 1994 2033 Scri-

420 2079 580 2141 ptura
610 2071 891 2126 Christum
916 2070 1182 2126 discimus
1209 2070 1438 2126 orasse?

485 2247 649 2322 585
696 2245 895 2303 RESP.
942 2246 1685 2314 Quemadmodum‘esurivit
1732 2245 1995 2304 Dominus

416 2348 470 2398 et
506 2342 695 2405 sitivit,
722 2347 775 2395 et
803 2339 1091 2402 laboravit,
1126 2347 1181 2395 et
1215 2340 1548 2411 lacrymatus
1588 2347 1707 2404 est,
1738 2347 1803 2394 et
1831 2339 1996 2394 suda-

416 2435 527 2503 vit;
564 2433 813 2505 quamvis
842 2448 1029 2504 posset
1073 2434 1209 2489 nihil
1259 2434 1475 2498 horum,
1515 2449 1615 2504 pro
1660 2434 1996 2489 exuberante

414 2527 676 2599 potentia,
708 2528 1004 2590 sustinere,
1045 2527 1141 2582 sed
1195 2535 1253 2581 ut
1299 2535 1679 2597 argumentum
1729 2541 1842 2581 sua:
1894 2526 1995 2580 hu-

413 2635 592 2676 mana:
638 2628 846 2675 natura:
902 2619 1197 2689 praeberet,
1248 2634 1347 2674 sua
1403 2628 1597 2690 sponte
1648 2618 1995 2673 inﬁrmitates

414 2722 626 2769 natura:
657 2713 918 2769 sustinuit
943 2728 957 2764 :
982 2713 1056 2766 ita
1091 2721 1147 2766 et
1174 2714 1349 2770 oravit
1374 2713 1618 2768 eamdem
1650 2713 1720 2767 ob
1748 2727 1990 2767 causam.

412 2803 548 2859 Nam
596 2805 663 2869 si,
714 2822 837 2860 cum
885 2806 1165 2861 voluntate
1216 2820 1314 2860 sua
1354 2805 1755 2860 imbecillitates
1789 2812 1997 2858 natura:

417 2913 531 2952 suae
575 2898 923 2960 sustinuerit,
974 2896 1195 2966 quidam
1244 2897 1428 2951 dicere
1474 2896 1697 2960 audent,
1729 2910 1840 2950 non
1873 2910 1996 2950 esse

418 2989 571 3043 illum
607 2990 851 3059 ejusdem
884 3004 948 3043 ac
997 3004 1099 3044 nos
1133 2997 1367 3044 naturae:
1398 2989 1672 3059 quomodo
1711 3004 1820 3044 non
1860 2988 1993 3044 illud

418 3082 597 3151 ipsum
629 3081 873 3136 dicerent
902 3081 1154 3136 uberiore
1182 3096 1306 3135 eum
1342 3086 1682 3152 argumento,
1710 3080 1755 3135 si
1784 3080 1833 3136 ei
1862 3096 1995 3135 con-

2097 1877 2208 1949 στῷ
2235 1873 2323 1931 οἷα
2353 1879 2600 1953 Δεσπότῃ
2623 1878 2717 1933 καὶ
2743 1880 3020 1952 ἀρκοῦσαν
3047 1882 3188 1954 πρὸς
3215 1883 3382 1937 πάντα
3406 1885 3592 1954 κεκτημέ‹

2095 1988 2170 2042 νῳ
2192 1971 2291 2042 τὴν
2323 1970 2572 2042 δύναμιν,
2613 1972 2700 2026 διὰ
2743 1973 2795 2025 τί
2839 1972 2949 2027 τῶν
2991 1975 3313 2028 ἀποστόλων
3363 1978 3592 2046 summa

2095 2064 2201 2118 ὑπὸ
2229 2065 2331 2135 τῆς
2358 2066 2581 2138 Γραφῆς
2617 2066 2707 2119 τὸν
2738 2067 2975 2138 Χριστὸν
3004 2068 3348 2139 μανθάνομεν
3380 2071 3592 2142 epeos-41¢

2098 2173 2258 2229 μενον
2274 2174 2289 2223 ;

2177 2250 2584 2304 ’AHOKPIEIZ.
2630 2250 2837 2324 Ὥσπερ
2873 2252 3141 2316 πεινάσας
3170 2254 3200 2306 ό
3234 2254 3434 2325 Κύριος,
3457 2256 3592 2308 uiis

2093 2342 2314 2414 φήσας,
2359 2343 2456 2398 καὶ
2493 2344 2796 2409 κοπιάσας,
2846 2344 3131 2417 δακρύσας
3174 2363 3235 2398 τε
3285 2348 3370 2401 καὶ
3407 2348 3592 2419 ίδρὼςκιςγ

2096 2434 2269 2488 καίτοι
2286 2435 2582 2505 δυνάμενος
2606 2435 2691 2489 διὰ
2720 2439 3043 2509 περιουσίας
3071 2439 3135 2492 δυ
3148 2439 3352 2511 ιάμεως
3369 2439 3461 2509 (68)
3487 2437 3592 2510 μηὸὲι

2094 2526 2297 2580 τούτων
2329 2526 2639 2597 ὑπομένειν,
2670 2528 2759 2581 διὰ
2783 2528 2840 2581 δὲ
2873 2529 2934 2582 τὸ
2968 2531 3237 2600 παρέχειν
3262 2530 3507 2602 γνώρισμα
3537 2530 3592 2598 τῆς

2096 2620 2442 2692 ἀνθρωπίνης
2488 2620 2651 2674 αὐτοῦ
2706 2621 2921 2691 φύσεως
2972 2623 3245 2687 ἑκουσίως
3298 2622 3517 2693 ὑπέμεινε
3561 2620 3592 2674 τί

2092 2711 2190 2781 τῆς
2220 2710 2434 2779 φύσεως
2463 2711 2682 2781 ἀσθενῆ,
2715 2710 2885 2776 οὕτως
2918 2714 3015 2765 καὶ
3050 2712 3113 2766 τὸ
3142 2712 3394 2778 εὔξασθαι
3433 2712 3504 2767 διὰ
3537 2712 3592 2780 rip

2094 2802 2265 2872 αὐτὴν
2301 2801 2498 2855 αἰτίαν.
2537 2803 2597 2856 El
2636 2802 2744 2875 γάρ
2778 2802 3043 2868 ἑκουσίως
3077 2805 3517 2876 ὑπομεμενηκότος
3536 2803 3592 2856 atl-

2094 2892 2189 2945 τοῦ
2230 2892 2301 2945 τὰ
2327 2892 2677 2964 ἀσθενήματα
2712 2894 2809 2965 τῆς
2836 2893 3033 2948 ἑαυτοῦ
3070 2895 3308 2965 φύσεως,
3337 2894 3533 2967 τολμῶσί
3554 2912 3592 2945 τιο

2094 3002 2183 3048 νες
2209 2983 2387 3053 λέγειν
2418 2984 2491 3056 μὴ
2522 2983 2790 3059 ὑπάρχειν
2814 2986 2981 3039 αὑτὸν
3010 2987 3111 3058 τῆς
3144 2988 3406 3060 ἡμετέρας
3430 2986 3591 3056 φύσεως

2096 3078 2213 3141 πῶς
2241 3078 2341 3131 οὐκ
2370 3078 2435 3131 ἂν
2463 3078 2646 3148 ελεγον
2676 3078 2807 3132 αὐτὸ
2841 3078 3002 3133 τοῦτο
3048 3081 3189 3151 μετά
3229 3082 3325 3151 τῆς
3360 3079 3592 3151 περιουσία

418 3173 633 3243 tigisset
687 3188 1029 3242 nequaquam
1078 3173 1288 3242 precari
1336 3171 1505 3228 Deum
1556 3180 1610 3228 et
1641 3172 1898 3228 Patrem?
1928 3174 1987 3229 Et

2100 3170 2195 3241 τῆς
2220 3170 2569 3235 ἀποδείξεως,
2600 3172 2647 3223 εί
2682 3170 2879 3242 συνέϐη
2912 3170 3063 3242 αὐτῷ
3110 3172 3368 3244 μηδαμῶς
3394 3171 3523 3225 αὑτὸν
3542 3168 3592 3221 εὖ

417 3266 543 3335 quia
574 3264 641 3320 de
670 3266 931 3335 apostolis
958 3266 1107 3318 nulla
1136 3264 1345 3319 exstitit
1374 3264 1642 3319 dubitatio
1677 3273 1858 3320 utrum
1891 3266 1991 3321 ho-

415 3359 591 3413 mines
621 3365 824 3423 essent,
856 3358 924 3413 de
959 3355 1239 3411 Salvatore
1269 3362 1448 3411 autem
1472 3355 1527 3411 id
1559 3365 1849 3413 venturum
1874 3369 1993 3416 erat

415 3446 471 3501 in
502 3448 759 3512 dubium;
796 3457 1082 3518 propterea
1114 3446 1264 3499 illum
1290 3444 1652 3516 frequentius,
1689 3464 1853 3520 quam
1886 3466 1991 3506 ete-

413 3549 563 3596 teros
600 3541 869 3603 homines,
913 3540 1077 3595 etiam
1127 3548 1408 3609 precatum
1442 3555 1565 3595 esse
1596 3541 1876 3613 Scriptura
1907 3544 1991 3599 di-

412 3634 538 3687 vina
569 3633 830 3689 narravit.
866 3632 1001 3687 Nam
1049 3633 1096 3688 si
1144 3633 1395 3703 superior
1433 3633 1842 3691 inﬁrmitatibus
1870 3651 1990 3692 car-

412 3728 499 3781 nis
532 3742 629 3796 per
660 3726 1122 3782 resurrectionem
1164 3724 1373 3789 factus,
1412 3733 1469 3780 ut
1499 3725 1736 3797 pontifex
1768 3727 1991 3784 confes-

414 3818 589 3873 sionis
632 3827 859 3883 nostrae,
914 3818 1202 3874 intercedit
1239 3835 1338 3890 pro
1390 3820 1548 3876 nobis
1594 3821 1736 3890 apud
1787 3819 1990 3879 Deum:

412 3910 687 3982 quomodo
709 3926 817 3965 non
848 3913 1043 3982 magis,
1072 3911 1250 3966 adhuc
1278 3910 1559 3982 fragilitati
1590 3914 1773 3968 carnis
1809 3914 1993 3983 subje-

412 4009 556 4065 ctus,
594 4003 774 4058 valido
808 4018 945 4074 opus
993 4004 1187 4060 habuit
1224 4012 1280 4059 et
1318 4005 1624 4061 vehementi
1672 4006 1911 4062 clamore
1937 4016 1991 4063 et

411 4091 691 4162 lacrymis,
727 4108 850 4148 eum
886 4093 1085 4165 quibus
1130 4109 1323 4165 preces
1355 4096 1553 4151 obtulit
1586 4096 1658 4163 ei,
1686 4097 1777 4169 qui
1811 4099 1990 4168 ipsum

413 4198 444 4236 a
472 4192 648 4238 morte
676 4186 854 4256 potuit
886 4202 1106 4244 servare
1132 4194 1154 4247 ?
1984 4184 1993 4192 ’

482 4380 763 4449 ΟΗᾹΞΞΤ.
819 4383 951 4441 CVI.
1008 4384 1066 4441 Si
1117 4384 1398 4441 hominum
1446 4397 1773 4445 cunctorum
1822 4408 1988 4448 uuam

409 4491 563 4544 caro,
598 4486 652 4533 et
705 4494 869 4534 unam
923 4481 1101 4535 anima
1155 4481 1316 4539 habet
1362 4484 1677 4552 essentiam,
1715 4488 1989 4556 quomodo

412 4563 503 4618 hic
553 4565 774 4634 quidem
827 4568 1004 4633 tardi,
1061 4569 1156 4625 ille
1191 4580 1371 4626 autem
1416 4574 1559 4628 acuti
1619 4583 1704 4629 est
1753 4577 1990 4649 ingenii?

412 4656 566 4723 Quod
587 4658 631 4712 si
660 4660 876 4715 animus
898 4659 1168 4729 ejusmodi
1197 4663 1517 4722 diﬂ'ereutize
1544 4682 1731 4734 causa,
1763 4686 1987 4730 necesse

411 4749 519 4805 erit
550 4751 885 4817 existimare,
913 4754 1122 4809 variam
1155 4772 1277 4814 esse
1310 4761 1615 4817 animorum
1664 4767 1980 4831 essentiam,

413 4856 514 4911 pro
544 4841 883 4912 ingeniorum
916 4847 1207 4917 varietate;
1243 4851 1328 4906 sin
1362 4868 1512 4918 caro,
1546 4856 1732 4911 eadem
1779 4858 1833 4912 in
1864 4874 1983 4913 eam

413 4933 703 5003 quadrabit
738 4938 894 4992 ratio.
941 4936 1010 4991 At
1045 4939 1089 4994 si
1123 4956 1189 4996 ex
1219 4942 1414 5014 chymo
1448 4946 1564 5017 (seu
1598 4946 1825 5003 decocto
1858 4965 1984 5005 suc-

414 5025 502 5095 eo)
534 5027 825 5095 quopiam,
869 5028 1037 5084 veluti
1084 5033 1236 5088 arido
1275 5044 1367 5089 aut
1410 5038 1639 5108 liquido,
1674 5040 1759 5095 vel
1808 5042 1986 5097 calido

415 5124 512 5172 aut
545 5116 742 5189 frigido
788 5120 1124 5178 exuberante
1167 5126 1251 5180 vel
1295 5127 1611 5197 deﬁciente,
1643 5131 1872 5188 alterum
1906 5136 1986 5189 al—

415 5218 536 5267 tero
567 5220 653 5267 est
687 5213 985 5282 potentius,
1013 5214 1156 5271 sicut
1186 5217 1497 5290 insipientia
1530 5231 1624 5277 aut
1657 5223 1980 5293 prudentia:

415 5304 688 5360 undenam
708 5344 723 5371 ,
750 5313 804 5361 et
835 5309 1129 5376 quomodo,
1157 5310 1424 5376 ejusmodi
1453 5314 1726 5381 quoddam
1757 5316 1985 5373 invaluit

451 5482 497 5517 ³⁸
525 5483 631 5543 lsa.
667 5502 707 5552 ι,
741 5486 829 5544 15.
905 5488 951 5520 ³⁸
974 5487 1170 5546 Ezech.
1206 5507 1405 5555 χχχιιι,
1435 5493 1523 5550 Η.

489 5663 595 5741 (68_)
620 5664 1092 5741 Διά-περιουσίας
1139 5666 1602 5741 τῆςῄδυνάμεως.
1649 5668 1828 5725 Mallet
1856 5668 1980 5741 Syl-

416 5732 643 5802 burgius
672 5734 760 5786 διὰ
792 5732 1107 5806 περιουσίαν
1138 5732 1444 5811 δυ’νάμεωςῖ
1465 5732 1573 5811 Sed
1599 5741 1734 5794 nihil
1759 5732 1979 5797 necesse

2096 3261 2287 3328 ξασθαι
2313 3262 2389 3333 τῷ
2410 3262 2530 3333 Θεῷ
2558 3262 2652 3317 καὶ
2673 3263 2849 3334 Πατρί
2870 3279 2884 3327 ;
2913 3264 3010 3318 καὶ
3042 3264 3234 3335 ἐπειδὴ
3265 3265 3493 3336 περὶτῶν
3514 3263 3592 3315 ἀπο

2096 3351 2296 3406 στόλων
2320 3353 2543 3424 οὐδεμία
2567 3354 2788 3423 γέγονεν
2810 3354 3113 3425 ἀμφιϐολία
3141 3358 3191 3409 εί
3218 3356 3471 3428 ἄνθρωποι
3489 3350 3591 3423 ἦσαν

2093 3449 2224 3521 περὶ
2269 3449 2326 3501 δὲ
2368 3447 2461 3503 τοῦ
2510 3450 2758 3521 Σωτῆρος
2806 3448 3005 3519 ἔμελλε
3052 3449 3302 3519 γίνεσθαι
3342 3444 3591 3519 ἀμφιϐολίι.⁴

2090 3540 2180 3595 διὰ
2208 3541 2365 3595 τοῦτο
2392 3541 2713 3612 συχνότερον
2742 3540 2910 3595 αὑτοῦ
2938 3545 3052 3605 τοῖς
3088 3541 3298 3605 λοιποῖς
3324 3540 3421 3611 (69)
3450 3534 3592 3605 ἀνθρώ

2094 3648 2216 3696 ποις
2245 3632 2337 3686 καὶ
2363 3634 2424 3687 τὸ
2453 3632 2710 3700 εὗξασθαι
2742 3633 2907 3687 αὐτὸν
2938 3635 3299 3706 κατήγγειλεν
3330 3632 3483 3705 ήθεία
3507 3630 3592 3698 Γριο

2094 3725 2190 3796 φή-
2216 3726 2280 3778 El
2309 3725 2418 3797 γὰρ
2445 3725 2553 3781 τῶν
2583 3726 2681 3798 τῆς
2720 3726 2926 3799 σαρκὸς
2959 3727 3258 3783 ἀσθενειῶν
3281 3726 3513 3797 ἅνώτερος
3538 3719 3592 3774 ea

2092 3816 2192 3885 τῆς
2221 3817 2569 3883 ἀναστάσεως
2595 3820 2905 3890 γενόμενος,
2933 3820 3011 3883 ὡς
3041 3820 3334 3892 ἀρχιερεὺς
3355 3816 3443 3886 τῆς
3466 3812 3592 3885 apale

2091 3910 2217 3978 γίας
2245 3910 2419 3981 ἡμῶν,
2441 3910 2756 3981 ἐντυγχάνει
2784 3910 2863 3982 τῷ
2889 3910 3009 3982 Θεῷ
3037 3911 3180 3983 ὑπὲρ
3210 3910 3380 3982 ἡμῶν,
3408 3907 3502 3969 πῶς
3518 3899 3592 3971 σῖνίίί

2097 4004 2297 4074 μᾶλλον
2326 4003 2404 4058 ἔτι
2430 4004 2786 4075 ὑποκειμένου
2818 4005 2987 4059 αὑτοῦ
3022 4008 3089 4077 τῇ
3124 4006 3375 4077 ἀσθενείᾳ
3404 4005 3484 4074 τῆς
3512 4015 3592 4066 ηρ

2093 4095 2209 4161 κὸς.
2226 4096 2393 4150 ὲδεῖτο
2415 4096 2654 4169 μεγάλης
2670 4099 2917 4170 κραυγῆς
2940 4097 3038 4152 καὶ
3065 4101 3296 4172 ἰσχυρᾶς
3310 4099 3396 4153 καὶ
3416 4091 3592 4163 δακρύω

2094 4188 2213 4260 μεθ’
2251 4183 2325 4245 ὧν
2368 4189 2464 4261 τὴν
2503 4190 2685 4262 δέησιν
2730 4189 3043 4263 προσέφερε
3079 4191 3158 4262 τῷ
3192 4189 3455 4261 δυναμένῳ
3480 4182 3592 4254 ῥύπος

2093 4278 2217 4333 σθαι
2244 4279 2405 4334 αὐτὸν
2432 4282 2497 4335 ἐκ
2523 4280 2786 4346 θανάτους

2174 4392 2523 4447 ἘΡΩΤΗΣΙΣ
2550 4394 2685 4461 ΡΕΓ.
2732 4393 2796 4447 Εἰ
2826 4395 3044 4449 πάντων
3079 4394 3187 4448 τῶν
3217 4392 3491 4465 ἀνθρώπων
3514 4385 3592 4457 μῖίι

2093 4485 2205 4557 ἔχει
2236 4488 2269 4558 ἡ
2306 4486 2459 4559 σὰρξ,
2490 4488 2585 4540 καὶ
2617 4487 2801 4559 μίανὴ
2831 4488 2975 4559 ψυχὴ
3004 4487 3215 4551 οὐσίαν,
3247 4487 3361 4550 πῶς
3390 4487 3415 4537 ὁ
3440 4478 3592 4553 μὲ’λά9“

2090 4579 2205 4649 τὸς,
2236 4579 2264 4631 ὁ
2287 4578 2342 4633 δὲ
2372 4579 2501 4651 περὶ
2523 4580 2621 4651 τὴν
2651 4580 2839 4652 νόησίν
2858 4582 3012 4633 ἐστιν
3036 4578 3292 4651 ὀξύτερος
3313 4596 3325 4642 ;
3353 4575 3455 4631 ἀλλ’
3474 4574 3508 4625 εἰ
3532 4568 3592 4637 μὲι

2090 4674 2124 4744 ἡ
2161 4671 2308 4744 ψυχὴ
2348 4673 2445 4744 τῆς
2483 4672 2741 4745 τοιαύτης
2781 4673 2901 4724 ἐστὶ
2941 4672 3210 4744 διαφορᾶς
3253 4670 3412 4733 αἰτία,
3448 4665 3592 4728 CMT“

2089 4764 2199 4819 τῶν
2235 4765 2421 4837 ψυχῶν
2466 4766 2710 4820 ὑπονοεῖν
2748 4765 2850 4836 τὴν
2887 4765 3074 4819 ούσίαν
3116 4767 3365 4835 διάφορον
3403 4756 3515 4814 κατᾶ
3534 4750 3592 4816 τῆη

2090 4857 2351 4930 διαφορὰν
2375 4858 2474 4929 τῆς
2501 4858 2737 4929 νοήσεως
2756 4874 2768 4887 ·
2804 4860 2855 4911 εί
2885 4858 2942 4912 δὲ
2970 4860 3003 4930 ἡ
3033 4860 3192 4931 σὰρξ,
3212 4862 3238 4913 ὁ
3264 4857 3414 4918 αὐτὸς
3429 4840 3592 4931 καὶπξιίί

2042 5006 2043 5009 η
2091 4928 2264 5020 αὐτῆς
2299 4928 2455 5018 λόγος
2498 4928 2813 5022 ἁρμόσειεν.
2843 4950 2908 5003 Εἰ
2935 4928 3001 5003 δὲῖ
3038 4928 3118 5004 ἐκ*
3149 4968 3291 5015 τινος
3326 4932 3493 5019 ripa-3,
3522 4928 3592 4987 οἷσι

2092 5039 2155 5111 gn
2167 5039 2260 5112 ροῦ
2288 5040 2320 5112 ἢ
2348 5040 2537 5112 ὑΥΡ⁰ὖ’
2564 5040 2595 5112 ἢ
2627 5039 2828 5112 θερμοῦ
2858 5040 2890 5113 ἢ
2918 5040 3130 5113 ψυχροῦ
3161 5027 3515 5106 πλεονασμοῦἦ
3538 5023 3592 5073 ἒλ·

2092 5132 2341 5203 λείψεως,
2371 5133 2463 5188 τοῦ
2493 5133 2721 5207 θατέρου
2749 5134 2809 5188 τὸ
2837 5136 3025 5209 ἕτερον
3053 5133 3480 5209 ἐπικρατέστεροι
3498 5119 3592 5209 τέτιῗ

2091 5244 2201 5291 ται,
2243 5222 2355 5281 οἷον
2383 5206 2663 5299 ἀφροσύνη
2709 5228 2743 5298 ἢ
2787 5206 3076 5300 φρόνησις,
3120 5206 3300 5287 πόθεν,
3328 5222 3359 5292 ἦ
3391 5222 3508 5275 ὅπως

2090 5319 2213 5389 γονέ
2241 5337 2324 5384 τις
2363 5320 2619 5391 τοιαύτης
2661 5320 2945 5394 ποιότητος
2980 5322 3016 5393 ἡ
3043 5318 3373 5391 ἐπικράτεια,
3409 5311 3438 5381 ἡ
3468 5316 3592 5371 π³9²⁴

2089 5672 2542 5755 omnipotentem,
2566 5672 2702 5755 haec.
2721 5671 3071 5755 incommoda
3094 5672 3262 5755 vitare
3287 5662 3591 5755 pptyiSSj-M

2159 5739 2268 5815 (69)
2290 5743 2484 5815 Αὑτοῦ
2516 5744 2640 5810 τοῖς
2665 5745 2920 5811 λοιποῖς.
2945 5744 3092 5802 Idem
3123 5745 3244 5815 legit
3273 5739 3436 5796 αὐτῶν
3458 5744 3502 5781 τε
3520 5739 3592 5776 x1:

417 5812 503 5855 eet
554 5812 796 5859 mutare:
869 5818 1064 5863 senSus
1120 5810 1395 5866 enim'est
1452 5810 1751 5878 Christum,
1789 5820 1977 5883 utpote

2100 5813 2193 5867 τῶν
2224 5810 2424 5869 λοιπῶν
2456 5814 2775 5885 ἀνθρώπων.
