3638 6504
102 382 241 438 I557
833 374 1297 452 QUASTIONES
1329 383 1417 439 ET
1457 384 1979 443 RESPONSIONES
2012 386 2100 442 AD
2136 386 2626 449 ORTHODOXOS.
3227 401 3365 456 i358

99 500 289 571 μένης,
308 499 427 551 ἀλλ’
454 497 795 568 ἐγνωσμένης
815 501 1061 554 ἑκουσίου
1093 501 1389 571 θεομαχίας
1415 504 1632 575 τιμωρίι

1814 514 1913 558 aue
1941 513 1994 561 et
2019 507 2336 563 voluntaria:
2365 524 2491 563 cum
2521 506 2631 562 Deo
2653 524 2866 579 pugna,
2888 525 3009 580 qua:
3037 512 3361 583 supplicium

97 591 490 662 ὲφελκομένης.
522 593 582 644 El
606 592 703 662 μὲν
728 592 833 665 γὰρ
859 593 1030 666 ταύτῃ
1058 594 1123 664 τῆ
1148 596 1323 648 ὲλπίδι
1343 596 1632 668 ὲσταύρωσι

1812 613 1900 650 non
1930 596 2136 667 elfugit.
2168 598 2303 652 Nam
2337 601 2383 654 si
2415 600 2516 653 hac
2558 616 2655 671 spe
2679 600 2831 655 ducti
2868 601 3147 658 Christum
3175 605 3361 660 cruci-

94 685 180 736 τδν
203 684 448 755 Χριστὸν
460 686 511 737 οἱ
540 684 795 749 Ἰουδαῖοι,
826 686 919 739 τοῦ
950 687 1023 757 μὴ
1040 689 1310 758 κρατῆσαι
1328 688 1632 760 τὴνδιδασκι

1812 687 2025 741 ixerunt
2056 687 2249 756 Judaei,
2280 690 2395 745 fore
2437 697 2494 743 ut
2542 691 2690 745 illius
2732 691 2981 746 doctrina
3012 708 3122 748 non
3154 709 3364 765 praeva-

93 776 210 830 λίαν
244 777 441 839 αὐτοῦ,
467 777 559 831 καὶ
587 777 676 831 τοῦ
704 778 778 849 μὴ
810 778 1036 849 λυθῆναι
1066 779 1157 833 τὸν
1201 781 1632 852 Ἰουδαῖσμὸν,πὲ

1812 788 1944 847 eret,
1972 797 2147 852 neque
2177 783 2488 838 aboleretur
2511 783 2863 840 Judaismus:
2905 802 2973 841 an
3008 802 3119 842 non
3155 788 3363 843 utrius-

90 868 184 918 οὐκ
215 867 372 920 ἔστιν
405 869 731 939 ἀμφοτέρων
765 869 1033 939 ἀποτυχία
1060 870 1253 941 λυτικὴ
1279 873 1379 941 τῆς
1420 873 1632 926 Ἰουδαίιι

1812 889 1891 943 lue
1918 875 2031 943 spei
2063 876 2373 931 contrarius
2399 878 2581 932 exitus
2611 877 2747 931 nihil
2776 878 2879 932 loci
2921 879 3179 949 relinquit
3206 880 3362 935 invo-

91 956 226 1008 κατά
253 958 499 1029 Χριστοῦ
536 957 792 1011 ἀκουσίου
833 959 1087 1026 ἀγνοίας;
1119 960 1193 1012 Τὸ
1229 960 1285 1013 δέ
1305 978 1318 992 ·
1351 962 1435 1015 Σὺ
1458 960 1679 1030 Πάτερ,

88 1046 234 1115 ἄφες
263 1048 478 1115 αὐτοῖς
500 1066 512 1079 ο
548 1051 618 1102 οὐ
645 1048 753 1119 τὰρ
781 1049 981 1104 οἴδασι
1007 1052 1063 1104 τί
1096 1052 1357 1119 ποιοῦσι,
1386 1054 1524 1106 κατὰ
1547 1053 1679 1106 ταύ-

88 1157 182 1209 την
234 1139 463 1211 εἴρηται
516 1141 613 1212 τὴν
662 1142 904 1206 ἔννοιαν,
952 1143 1072 1196 ’Ότι
1112 1144 1363 1211 γνόντες,
1414 1146 1496 1198 ὅτι
1555 1148 1676 1199 κατ’

87 1232 310 1299 ἄγνοιάν
366 1251 435 1303 με
487 1234 860 1306 ἐσταύρωσαν,
890 1235 985 1288 καὶ
1022 1235 1301 1300 αἰτοῦντες
1338 1235 1448 1307 (85)
1487 1236 1678 1308 λύτρον

87 1323 187 1375 τῶν
222 1323 622 1394 πλημμελειῶν
665 1325 867 1389 αὐτῶν,
902 1327 1206 1397 παράσχοις
1237 1327 1439 1390 αὐτοῖς.
1468 1327 1542 1379 Οὐ
1567 1326 1674 1399 γὰρ

84 1415 279 1467 δίδοται
316 1415 514 1484 ἄφεσις
543 1415 618 1486 τῷ
645 1416 915 1487 νομίζοντι
942 1418 1042 1489 τὴν
1069 1418 1262 1471 ἑαυτοῦ
1292 1418 1567 1490 ἁμαρτίαν
1601 1420 1673 1491 μὴ

85 1503 215 1560 εἶναι
252 1507 561 1580 ἁμαρτίαν,
592 1508 727 1562 ἀλλὰ
755 1509 1122 1581 δικαιοσύνην.
1151 1510 1263 1563 Καὶ
1295 1511 1357 1563 τὸ
1385 1512 1672 1583 εἰρημένον

84 1599 155 1668 τῷ
191 1599 422 1670 Παύλῳ,
468 1600 549 1665 τὸ,
580 1600 867 1669 Μαρτιφῶ
904 1602 1132 1669 αὐτοῖς,
1176 1601 1265 1655 ὅτι
1308 1601 1488 1671 ζῆλον
1525 1604 1671 1658 Θεοῦ

81 1693 373 1759 ἔχουσιν,
422 1693 561 1747 ἀλλ’
608 1695 680 1747 οὐ
723 1696 851 1746 κατ’
897 1695 1245 1763 ἐπίγνωσιν,
1290 1698 1669 1767 πεφεισμένως

81 1782 292 1853 εἴρηται
324 1786 391 1854 τῇ
419 1782 514 1836 τοῦ
545 1783 701 1852 λόγου
736 1784 1157 1853 συγκαταϐαίισει.
1212 1786 1502 1855 Ἀσθενὴς
1543 1789 1666 1855 τοῖς

1786 966 2036 1020 luntariae
2083 965 2393 1021 Judaeorum
2434 968 2641 1024 Christi
2693 969 3065 1040 ignorationi?
3096 973 3231 1028 Illud
3262 989 3361 1028 au-

1783 1063 1890 1111 tem
1926 1073 1939 1108 :
1975 1057 2053 1111 Tu
2078 1057 2262 1124 Pater,
2295 1060 2502 1114 dimitte
2530 1061 2663 1127 illis,
2703 1078 2807 1115 non
2852 1063 2991 1116 enim
3029 1064 3202 1118 sciunt
3233 1064 3358 1134 quid

1780 1148 1984 1217 faciunt
2026 1150 2092 1216 ",
2142 1152 2197 1205 in
2248 1152 2388 1206 hanc
2438 1151 2643 1207 dictum
2683 1162 2765 1208 est
2811 1156 3139 1211 sententiam
3173 1176 3187 1212 :
3217 1156 3354 1224 Quia

1779 1251 2075 1309 agnoscent
2118 1257 2213 1311 per
2240 1244 2600 1315 ignorantiam
2637 1244 2833 1301 fecisse
2878 1262 2938 1302 se
2971 1256 3030 1302 ut
3059 1263 3145 1304 me
3176 1244 3357 1305 cruci-

1778 1332 2028 1403 ﬁgerent,
2060 1342 2352 1406 petentque
2379 1335 2684 1391 facinorum
2710 1354 2935 1393 suorum
2959 1342 3353 1411 expiationem,

1776 1421 1918 1477 hanc
1957 1423 2063 1478 illis
2094 1426 2350 1480 concede.
2399 1425 2516 1481 Non
2562 1428 2705 1483 enim
2758 1428 2922 1484 datur
2959 1432 3213 1488 remissio
3239 1436 3353 1489 exi-

1774 1514 2023 1569 stimanti
2095 1532 2254 1570 suum
2310 1518 2482 1587 ipsius
2563 1528 2845 1589 peccatum
2901 1538 3009 1578 non
3063 1534 3349 1594 peccatum

1773 1621 1926 1671 esse,
1964 1607 2058 1662 sed
2104 1607 2398 1677 justitiam.
2433 1608 2568 1665 illud
2612 1620 2791 1666 autem
2838 1611 2996 1668 Pauli
3041 1616 3350 1671 :Testimo-

1772 1701 1917 1752 nium
1946 1701 2020 1754 eis
2052 1701 2292 1769 perhibeo
2313 1741 2327 1763 ,
2360 1702 2498 1771 quod
2542 1703 2713 1757 zelum
2743 1704 2840 1759 Dei
2882 1706 3091 1773 habent,
3120 1712 3209 1763 sed
3242 1727 3346 1764 non

1770 1790 2054 1845 secundum
2086 1794 2357 1848 scientiam
2383 1796 2451 1860 η’,
2481 1797 2754 1865 parcendo
2781 1798 2987 1852 dictum
3004 1808 3089 1856 est
3111 1803 3343 1871 quadam

80 1875 370 1929 ἀσθενέσι
411 1878 751 1946 γενόμενος,
793 1877 879 1930 ἵνα
914 1878 1055 1931 κατά
1093 1877 1154 1931 τὺ
1183 1879 1470 1950 εἰρημένον
1512 1880 1632 1934 σώσ-

1812 1883 2265 1940 :commodatione
2323 1886 2614 1941 sermonis.
2676 1886 2917 1956 Inﬁrmis
2974 1889 3148 1959 factus
3192 1893 3345 1960 iii/ir-

80 1971 197 2033 τοὺς
226 1969 506 2033 ἀσθενεῖς.

155 2064 521 2116 ἘΡΩΤΗΣΙΣ
568 2064 686 2118 ΡΘν.
736 2062 800 2115 Ei
841 2062 901 2115 τὸ
953 2062 1053 2132 τῆς
1102 2061 1451 2125 ἀναστάσεως
1495 2061 1670 2133 δῶρον

80 2158 206 2210 πᾶσι
230 2160 351 2219 τοῖς
384 2155 637 2209 θανοῦσιν
660 2156 687 2208 ὁ
713 2156 843 2218 Θεὸς
873 2155 1070 2208 διδόναι
1102 2155 1390 2225 ὑπέσχετο,
1419 2156 1513 2208 καὶ
1536 2156 1670 2209 πάν-

80 2265 164 2310 τες
198 2250 265 2301 ἐκ
296 2247 414 2300 τῶν
440 2248 626 2315 τάφων
654 2246 983 2310 ἀναστάντες
1010 2245 1088 2316 τῷ
1117 2248 1276 2317 κριτῇ
1304 2245 1668 2316 παρίστασθαι

83 2339 353 2408 μέλλουσι,
388 2338 509 2402 πῶς
542 2338 960 2410 πληρωθήσεται
985 2338 1046 2390 τὸ
1098 2337 1299 2409 κρίνειν
1321 2338 1546 2409 νεκροὺς
1575 2340 1669 2391 καὶ

80 2431 281 2494 ζῶντας
319 2431 416 2484 τὸν
463 2431 703 2502 Κύριον;
742 2430 867 2494 Πῶς
905 2430 960 2483 δὲ
996 2430 1180 2501 νεκροὶ⁵
1220 2429 1475 2502 κριθῆναι
1510 2430 1667 2501 δυνή-

82 2540 276 2589 σονται,
307 2518 386 2578 ὧν
414 2524 484 2577 τά
520 2525 617 2595 μὲν
646 2522 874 2594 σώματα
901 2524 957 2576 ὲν
996 2524 1270 2594 μνήμασιν
1305 2523 1580 2595 ἔρριπται,
1608 2525 1664 2575 αἱ

78 2616 129 2670 δὲ
154 2617 325 2688 ψυχαὶ
352 2616 466 2669 τῶν
504 2617 771 2687 σωμάτων
804 2616 1212 2688 κεχωρισμέναι
1242 2617 1419 2681 είσίν;

149 2707 563 2763 ’ΔΠΟΚΡΙΣ1Σ.
584 2710 664 2762 Oi)
693 2707 933 2774 πάντες,
966 2709 1117 2779 φησὶ,
1150 2709 1652 2777 κοιμηθησόμεθα.

79 2800 257 2871 Κρινεῖ
277 2796 376 2853 οὖν
412 2800 624 2864 ζῶντας
659 2801 756 2871 μὲν
786 2800 912 2863 τοὺς
942 2800 1061 2852 τότε
1092 2797 1323 2865 ζῶντας,
1357 2802 1581 2873 νεκροὺς
1605 2803 1661 2855 δὲ

78 2893 193 2955 τοὺς
222 2892 633 2962 ἀνισταμένους
669 2894 734 2946 ὲκ
761 2892 871 2944 τῶν
903 2891 1130 2964 νεκρῶν.
1164 2894 1452 2962 Ἔρχεται,
1476 2894 1657 2964 φησὶν,

78 2981 204 3050 ὥρα,
250 2985 355 3038 καὶ
400 2984 521 3037 νῦν
560 2984 751 3050 ἐστιν,
786 2983 883 3037 ὅτε
912 2982 1134 3049 πάντες
1172 2986 1227 3037 οὶ
1264 2985 1333 3037 ἐν
1360 2984 1483 3051 τοῖς
1507 2985 1659 3055 μνή-

74 3093 250 3147 μασιν
276 3078 653 3130 ἀκούσονται
678 3074 787 3143 τῆς
819 3075 1021 3144 φωνῆς
1048 3074 1155 3129 τοῦ
1194 3076 1327 3129 Υίοῦ
1352 3076 1456 3130 τοῦ
1489 3078 1655 3142 Θεοῦ,

80 3170 165 3221 καὶ
197 3170 559 3238 ἐξέρχονται
596 3170 649 3220 οἱ
690 3168 757 3220 τὰ
785 3168 975 3235 ἀγαθὰ
1012 3166 1377 3234 ποιήσαντες
1401 3171 1488 3235 εὶς
1516 3170 1657 3223 ἀνά-

75 3273 281 3312 στασιν
315 3256 471 3325 ζωῆς
487 3275 501 3287 υ
531 3260 585 3311 οἱ
614 3257 682 3311 δὲ
706 3257 778 3311 τὰ
803 3257 1007 3326 φαῦλα
1043 3256 1378 3325 πράξαντες
1400 3261 1488 3324 εἰς
1514 3246 1675 3313 ἀνά-ἔ

78 3366 286 3403 στασιν
314 3351 597 3418 κρίσεως.
654 3350 853 3421 Ἐχρῆν
901 3346 993 3403 οὖν
1038 3349 1180 3403 κατά
1219 3349 1281 3402 τὸ
1326 3351 1516 3404 πιστὸν
1560 3353 1653 3406 τοῦ

77 3441 216 3510 λόγου
261 3444 496 3515 θεωρεῖν
544 3443 605 3495 τὸ
653 3442 873 3496 δυνατὸν
907 3442 1000 3496 τοῦ
1048 3442 1397 3515 πράγματος,
1441 3446 1536 3498 καὶ
1579 3446 1652 3517 μὴ

76 3536 286 3607 ἀπορεῖν
320 3536 426 3607 τὴν
451 3534 645 3603 ἄλογον
676 3536 928 3606 ἀπορίαν.

150 3628 515 3680 ἘΡΩΤΗΣΙΣ
546 3628 650 3679 Pl'.
691 3628 752 3680 Et
786 3630 898 3690 τοῖς
927 3628 1404 3698 καταλιμπάνουσι
1440 3630 1651 3701 πατέρα

78 3721 103 3788 ἦ
149 3722 360 3793 μητέρα
417 3721 453 3791 ἢ
492 3721 663 3773 τέκνα
712 3720 805 3773 καὶ
852 3719 918 3773 τὰ
960 3720 1087 3790 ἑξῆς
1121 3721 1649 3775 ἑκατονταπλασίονα

76 3812 426 3881 ἐπηγγείλατο
451 3812 655 3866 διδόναι
681 3814 709 3864 ό
736 3811 959 3882 Κύριος,
983 3808 1093 3883 ἆρα
1117 3814 1210 3866 καὶ
1234 3816 1497 3881 γυναῖκας
1522 3815 1649 3867 ἑκα-

74 3903 151 3954 τὸν
178 3906 225 3956 οἱ
270 3904 511 3957 τοιοῦτοι
559 3902 979 3974 ἀντιλήψονταις
1033 3905 1157 3968 Πῶς
1202 3905 1280 3969 δὲ,
1332 3905 1539 3959 πολλῶν
1579 3905 1647 3959 τὰ

76 3997 322 4067 εἰρημένα
354 3996 446 4049 διὰ
478 3995 578 4066 τὴν
607 3994 826 4066 ἐντολὴν
855 3995 1281 4060 καταλιπόντων,
1314 3999 1371 4050 ἐν
1405 3997 1645 4068 πτωχείᾳ

76 4091 151 4141 καί
185 4090 444 4161 μονότητι
472 4088 568 4141 καὶ
613 4089 818 4159 ἐρημίᾳ
854 4089 1312 4161 τελευτησάντων,
1343 4092 1403 4143 οὐ
1432 4090 1641 4160 διέψευ-

78 4184 239 4253 σταιή
275 4183 508 4252 τοιαύτη
545 4181 877 4251 ὑπόσχεσις;

143 4273 550 4327 ἈΠΟΚΡΙΣΙΣ.
596 4272 802 4343 Ὥσπερ
855 4273 1094 4344 πατέρας
1137 4273 1231 4325 καὶ
1270 4273 1510 4344 μητέρας
1550 4274 1642 4325 καὶ

74 4363 311 4434 ἀδελφοὺς
356 4366 456 4418 καλ⁹
489 4363 725 4433 ἀδελφὰς
762 4364 930 4432 λέγει,
963 4366 1090 4427 τοὺς
1136 4367 1257 4417 κατ’
1301 4363 1639 4435 οἰκειωτικὴν

74 4453 286 4511 διάθεσιν
335 4455 929 4528 προσλαμϐανομένους
957 4458 1047 4509 τὸν
1091 4456 1345 4527 Χριστὸν,
1384 4455 1637 4508 καταλεί-

1776 1985 1889 2023 mus
1910 1970 2539 2043 “,ut,quemadmodum
2559 1976 2674 2047 ipse
2687 1979 2782 2042 ait,
2814 1980 3060 2036 inﬁrmos
3085 1983 3341 2040 salvaret.

1843 2061 2123 2128 QUIEST.
2144 2066 2279 2120 CIX.
2316 2067 2372 2121 Si
2405 2070 2826 2126 resurrectionis
2848 2072 3051 2128 donum
3087 2077 3345 2133 omnibus

1770 2157 2004 2211 mortuis
2034 2156 2176 2213 Deus
2199 2158 2453 2214 daturum
2481 2177 2540 2217 se
2566 2165 2818 2233 promisit
2842 2209 2858 2233 ,
2890 2181 2954 2220 ac
2977 2182 3169 2223 omnes
3204 2183 3235 2224 e
3262 2184 3346 2223 se-

1771 2247 1962 2316 pulcro
2004 2258 2352 2319 resurgentes
2402 2267 2589 2307 coram
2636 2253 2828 2310 Judice
2858 2258 3126 2327 prodituri
3165 2268 3339 2316 sunt:

1769 2340 2041 2409 quomodo
2064 2340 2378 2410 implebitur
2406 2343 2562 2408 illud,
2591 2343 2881 2400 Dominum
2909 2347 3160 2417 judicare
3188 2351 3343 2407 vivos

1768 2440 1821 2487 et
1852 2435 2132 2490 mortuos?
2160 2434 2444 2501 Quomodo
2471 2448 2650 2493 autem
2680 2441 2884 2494 mortui
2912 2441 3151 2511 judicari
3187 2452 3342 2515 pote.

1768 2532 1915 2590 runt,
1942 2542 2173 2596 quorum
2204 2543 2437 2599 corpora
2468 2530 2520 2584 in
2537 2533 2908 2589 monumentis
2938 2535 3205 2605 projecta,
3227 2540 3343 2593 ani-

1766 2633 1867 2672 mae
1895 2634 2024 2673 vero
2054 2622 2421 2690 acorporibus
2448 2610 2782 2694 segregatas?

1837 2710 2035 2767 RESP.
2069 2711 2191 2765 Non
2221 2730 2421 2778 omnes,
2451 2714 2651 2785 inquit,
2678 2714 2997 2770 dormiemus
3022 2719 3091 2774 “.
3114 2717 3339 2775 Judica-

1761 2803 1840 2857 bit
1865 2819 1996 2873 ergo
2020 2804 2172 2861 vivos
2211 2806 2452 2875 quidem,
2490 2807 2583 2877 qui
2636 2814 2767 2861 tunc
2808 2808 3041 2876 vivent,
3090 2819 3339 2869 mortuos

1762 2906 1964 2963 autem,
1998 2896 2091 2967 qui
2114 2904 2399 2968 resurgent
2424 2913 2455 2953 e
2483 2898 2736 2954 mortuis.
2776 2898 2942 2965 Venit,
2974 2902 3071 2967 ait,
3103 2902 3256 2970 liora,
3286 2914 3337 2958 et

1761 3003 1901 3041 nunc
1934 2997 2032 3053 est,
2063 2987 2273 3058 quando
2317 3006 2494 3044 omnes
2542 2990 2632 3061 qui
2667 2992 2722 3043 in
2777 2994 3130 3049 monumentis
3186 3006 3332 3062 sunt,

1761 3075 1975 3128 audient
1997 3092 2169 3130 vocem
2198 3074 2330 3131 Filii
2362 3077 2479 3146 Dei,
2501 3088 2548 3132 et
2569 3078 2784 3132 exibunt
2805 3082 2894 3151 qui
2923 3081 3057 3136 bona
3076 3084 3331 3153 fecerunt,

1759 3166 1814 3219 in
1850 3169 2278 3222 resurrectionem
2311 3170 2433 3223 vitae
2454 3209 2469 3234 ,
2513 3170 2603 3239 qui
2632 3186 2749 3223 vero
2782 3170 2949 3237 mala,
2991 3174 3048 3227 in
3096 3192 3333 3230 resurre-

1756 3261 1980 3315 ctionem
2001 3262 2275 3331 judicii".
2308 3262 2513 3317 Horum
2545 3262 2713 3334 igitur
2758 3263 2861 3319 lide
2904 3271 2958 3320 et
3002 3268 3331 3323 auctoritate

1757 3354 2046 3408 verborum
2078 3356 2408 3411 credendum
2440 3363 2557 3411 crat
2597 3372 2711 3411 rem
2736 3356 2852 3412 ﬁeri
2897 3373 3082 3428 posse,
3109 3375 3209 3416 nec
3235 3360 3327 3416 du-

1757 3443 1949 3499 bitatio
1969 3454 2166 3516 praeter
2190 3448 2455 3502 rationem
2483 3446 2843 3504 instituenda.

1824 3622 2102 3688 QUzEST.
2134 3622 2247 3679 CX.
2289 3623 2346 3677 Si
2378 3622 2813 3693 relinquentibus
2842 3629 3052 3694 patrem
3080 3634 3174 3679 aut
3209 3640 3328 3679 ma-

1751 3727 1888 3773 trem
1913 3727 2005 3771 aut
2030 3719 2169 3773 ﬁlios
2208 3725 2262 3771 et
2287 3732 2409 3787 qua:
2438 3726 2764 3785 sequuntur,
2797 3715 3113 3785 centuplum
3151 3730 3213 3769 se
3227 3715 3326 3769 da-

1749 3816 1931 3861 turum
1959 3806 2222 3862 Dominus
2246 3806 2500 3877 promisit
2520 3806 2565 3837 ’⁸⁸
2591 3848 2605 3872 ,
2639 3820 2770 3859 num
2799 3813 2854 3860 et
2881 3820 3079 3860 uxores
3103 3813 3323 3860 centum

1751 3901 1941 3954 talibus
1996 3896 2328 3954 reddentur?
2377 3896 2661 3964 Quomodo
2716 3905 2930 3961 autem,
2972 3913 3098 3952 cum
3138 3899 3322 3963 multi,

1748 3992 1849 4057 iis,
1882 4006 2003 4061 qua:
2033 3989 2433 4051 recensuimus,
2468 3995 2691 4058 propter
2719 3994 3048 4058 praeceptum
3091 3988 3319 4056 relictis,

1747 4085 1803 4139 in
1853 4090 2170 4154 paupertate
2193 4089 2247 4135 et
2279 4081 2514 4135 orbitate
2543 4091 2595 4135 et
2620 4080 2914 4135 solitudine
2943 4081 3144 4136 mortui
3175 4082 3318 4151 sint,

1745 4192 1854 4232 non
1885 4176 2032 4230 exitu
2069 4181 2218 4228 caret
2267 4174 2388 4227 talis
2438 4172 2731 4242 promissio
2754 4172 2782 4225 ἲ
3210 4223 3221 4235 ,

1815 4262 2492 4329 RESP.Quemadmodum
2518 4268 2703 4331 patres
2733 4270 2787 4316 et
2812 4269 3018 4317 matres
3041 4269 3094 4316 et
3116 4261 3316 4317 fratres

1742 4366 1797 4412 et
1814 4372 2031 4413 sorores
2055 4362 2211 4411 vocat
2232 4370 2349 4418 eos,
2382 4353 2477 4423 qui
2506 4351 2731 4417 allectus
2782 4354 3111 4422 cognatione
3155 4353 3317 4409 Chri-

1742 4459 1885 4506 stum
1919 4454 2228 4510 assumunt,
2265 4460 2329 4499 ac
2364 4451 2571 4515 patrem
2611 4452 2663 4497 et
2689 4452 2915 4498 matrem
2941 4452 2996 4499 et
3024 4444 3217 4500 fratres
3259 4453 3314 4500 et

73 4549 250 4616 ψαντας
281 4551 395 4622 (84)
430 4549 646 4622 πατέρα
685 4566 744 4601 τε
773 4550 865 4602 καί
899 4548 1130 4621 μητέρα,
1161 4546 1421 4616 ἀδελφούς
1451 4564 1510 4600 τε
1543 4546 1632 4600 καὶ

1812 4556 1963 4595 rores
1996 4541 2366 4609 reliquerunt;
2398 4538 2473 4591 ita
2514 4544 2567 4591 et
2596 4551 2821 4591 uxorem
2852 4535 2986 4590 dicit
3013 4552 3155 4601 eam,
3185 4553 3309 4607 qua:

73 4642 281 4712 ἀδελφάς
302 4662 316 4674 ⁸
352 4643 534 4706 οὔτως
566 4643 661 4696 καὶ
691 4646 920 4711 γυναῖκα
945 4642 1091 4710 λέγει
1122 4640 1220 4712 τὴν
1248 4642 1305 4693 ὲν
1336 4639 1511 4710 καιρῷ
1537 4640 1637 4710 τῆς

72 4731 143 4783 διὰ
164 4732 401 4803 Χριστὸν
436 4731 876 4801 ἐγκαταλείψεως
911 4731 1313 4803 προνοουμένην
1342 4728 1434 4782 τοῦ
1468 4746 1635 4782 κατα-

71 4822 324 4893 λείῷαντος
372 4827 475 4896 τὴν
508 4824 670 4893 φύσει
712 4827 964 4893 γυναῖκα.
1007 4825 1069 4877 'H
1101 4823 1158 4876 δὲ
1201 4822 1495 4893 Ἐκκλησία
1537 4822 1632 4874 τοῦ

72 4918 313 4971 Asan/nou
345 4916 612 4989 Χριστοῦ,
642 4916 756 4986 ήὲξ
784 4916 958 4988 ἀρχῆς
989 4914 1083 4967 τοῦ
1117 4914 1503 4993 Χριστιανικοῦ
1534 4933 1634 4986 κη-

73 5009 322 5080 ρύγματος
373 5011 480 5063 ὑπὸ
513 5010 620 5061 τῶν
654 5009 793 5079 αὐτῇ
834 5008 1222 5079 ἀντικειμένων
1268 5007 1531 5079 Ἑλλήνων
1568 5025 1627 5060 τε

72 5101 150 5154 καὶ
188 5102 456 5157 Ἰουδαίων
484 5100 789 5171 διωκομένη
840 5101 933 5153 καὶ
962 5099 1327 5171 ἁρπαζομένη
1356 5098 1625 5170 πολυχρο-

70 5190 195 5259 νίως,
228 5196 392 5249 πόθεν
424 5195 485 5246 ἐν
510 5211 570 5247 τε
603 5196 713 5257 τοῖς
744 5196 1136 5265 πνευματικοῖς
1176 5194 1271 5245 καὶ
1298 5194 1356 5246 ἐν
1387 5194 1499 5256 τοῖς
1526 5191 1623 5245 ἁν-

127 5345 167 5378 "
187 5348 313 5404 Luc.
350 5363 509 5414 χχιιι,
537 5346 626 5401 54.
701 5344 929 5400 “Rom.
967 5362 1022 5411 χ,
1051 5344 1109 5398 2.
1182 5342 1417 5401 "lCor.
1456 5361 1532 5410 ιιι,
1567 5341 1632 5397 22

1827 5340 1958 5398 Cor.
1982 5357 2076 5408 xv,
2112 5340 2202 5397 51.

1740 4635 1908 4696 illius,
1934 4647 1962 4685 a
1994 4647 2101 4702 quo
2131 4630 2322 4684 relicta
2351 4628 2639 4700 mest,
2664 4634 2887 4697 prapter
2907 4625 3188 4682 Christum
3212 4644 3311 4682 na-

1735 4727 1930 4781 turalis
1986 4739 2143 4788 uxor,
2176 4736 2363 4776 curam
2408 4720 2566 4790 gerit.
2602 4717 2818 4774 Domini
2872 4727 3051 4774 autem
3098 4717 3310 4776 Christi

1735 4816 2001 4881 Ecclesia,
2035 4830 2156 4886 quae
2186 4814 2253 4867 ab
2275 4813 2431 4867 initio
2449 4810 2775 4867 Christiana:
2803 4810 3209 4881 praedicationis
3240 4815 3309 4868 ab

1734 4909 2064 4965 aduersariis
2111 4908 2228 4963 suis
2256 4905 2459 4960 Graecis
2490 4911 2545 4959 et
2564 4902 2768 4959 Iudaeis
2798 4904 2892 4959 diu
2924 4910 3120 4959 vexata
3147 4912 3201 4959 et
3223 4904 3309 4959 di-

1735 5011 1888 5073 repta
1920 5002 2042 5068 fuit,
2067 5000 2213 5055 unde
2244 4999 2301 5054 in
2329 4998 2489 5072 donis
2537 4996 2916 5067 spiritualibus
2938 5005 2994 5052 et
3030 4997 3094 5053 in‘
3114 4997 3309 5052 huma-

1733 5096 1820 5151 nis
1853 5103 2061 5150 tantum
2111 5091 2416 5163 accepisset
2453 5089 2875 5155 incrementum,
2909 5097 3175 5160 quantum
3224 5091 3311 5143 vi-

1731 5189 1945 5253 demus,
1964 5187 2071 5243 nisi
2099 5186 2285 5242 divina
2310 5192 2365 5243 et
2390 5185 2514 5241 viva
2540 5182 2842 5240 Salvatoris
2868 5199 2996 5250 vox,
3019 5198 3143 5254 quae
3164 5183 3306 5237 mul—

2280 5341 2323 5373 ⁸⁷
2347 5338 2506 5396 Joan.
2541 5355 2597 5408 γ,
2618 5338 2717 5396 25.
2760 5339 2816 5373 ⁸⁵
2836 5338 3028 5392 Matth.
3050 5353 3166 5400 xu,
3208 5336 3299 5390 28.

1712 5498 1924 5570 πατέρα
1963 5499 2167 5575 τεᾼκαὶ
2220 5496 2451 5570 μητέρα.
2507 5492 2963 5575 Quemadmodum
3018 5501 3197 5575 patres
3218 5502 3297 5575 _et

1714 5564 1909 5623 matres
1948 5578 1998 5624 et
2031 5564 2233 5645 fratres
2254 5564 2307 5622 et
2334 5564 2540 5645 sorores
2560 5574 2859 5645 _vocat_eos,
2891 5581 2923 5645 α
2949 5564 3147 5645 quibus
3169 5564 3295 5645 aie-

1716 5650 1831 5694 ctus
1861 5630 2168 5712 cognatione
2219 5638 2513 5714 assumitur
2552 5638 2619 5699 is,
2650 5637 2739 5705 qui
2776 5630 2988 5714 propter
3017 5630 3295 5714 (iurisiuris

1713 5702 1982 5780 patrem'et
1999 5719 2242 5780 matrem,
2259 5709 2451 5780 fratres
2470 5716 2525 5780 et
2546 5702 2750 5780 sorores
2768 5702 3013 5775 reliquit;
3037 5702 3138 5774 ita,
3156 5702 3294 5779 etc.]

1715 5775 1785 5823 '—
1810 5781 1892 5838 Ex
1912 5779 2180 5837 Addendis
2204 5775 2657 5835 etEmendandis.

129 5500 228 5582 (83)
264 5505 604 5582 Αίτοῦγτες.
637 5501 704 5557 R.
762 5499 1072 5582 _Stephanus
1123 5500 1343 5571 scripsit
1397 5497 1607 5553 αἰτοῦσι

73 5568 114 5622 in
144 5581 281 5628 textu
311 5584 365 5630 et
394 5574 464 5627 ad
492 5568 701 5627 calcem
731 5568 1026 5633 αἰτοῦντες.

131 5642 250 5715 (84)
299 5644 817 5715 Καταλείψξαιττας,
871 5640 1326 5715 Conjunctionem
1366 5639 1424 5715 δέ
1486 5638 1611 5694 addi

72 5723 207 5776 pusse
234 5710 531 5771 existimat
573 5710 916 5783 Sylburgius,
967 5711 1064 5766 sed
1115 5711 1205 5783 hic
1260 5710 1481 5783 minime
1512 5726 1612 5783 ne-

72 5785 297 5855 cessaria.
320 5816 390 5826 -—
414 5781 723 5855 Corruptus
758 5781 910 5855 locus
936 5782 1127 5855 sanari
1177 5789 1368 5855 potest
1386 5781 1614 5855 legendo

75 5850 627 5927 πρῡσλαμϐανομένους
669 5855 757 5908 τὸν
798 5852 884 5907 διὰ
933 5850 1191 5923 Χριστὸν⁷
1216 5850 1615 5920 καταλείψαντα
