3638 6476
324 394 349 447 1
359 392 463 447 559

1098 355 1456 440 Αρὶδεινοιχ.
1496 410 1566 421 -
1600 377 1777 434 rans
1814 375 1856 432 ι.
1894 375 1929 430 s

2086 371 2253 428 STINI
2288 371 2519 428 OPEBA
2559 368 2688 428 SPU
2698 368 2836 426 RIA.

3444 366 3544 423 £560

320 512 623 583 trplicatam
651 502 1148 563 remunerationem
1195 498 1468 570 promisit,
1505 497 1679 567 ipsam
1710 508 1894 549 remu-
1922 536 1929 555 ι

2086 487 2234 551 imor;
2267 486 2376 557 (85)
2402 485 2674 557 τοσαύτην
2705 486 2771 556 ἥν
2811 484 3031 555 ὁρῶμεν
3074 480 3323 535 ἐπίδοσιν
3354 479 3546 546 ὲδέξατη,

324 605 667 662 nerationem
716 601 772 655 in
824 613 887 654 ea
930 593 1246 652 effecisset?
1278 590 1429 645 Unde
1478 596 1658 642 autem
1704 585 1902 641 divites

324 700 579 757 homines
601 707 651 754 et
684 695 942 751 mulieres
966 692 1107 745 bona
1140 703 1239 744 sua
1275 685 1563 740 afferentes
1610 683 1665 736 in
1715 680 1902 734 deser-

326 801 484 857 tum,
522 790 881 845 anachoretas
940 782 1053 837 illic
1098 780 1354 850 degentes
1405 774 1762 847 quaesierunt,
1804 785 1901 826 eo-

326 898 563 954 rumque
600 889 892 951 egestatem
945 874 1320 945 expleverunt,
1352 868 1404 923 id
1444 866 1591 938 quod
1641 864 1904 919 discimus

328 995 393 1033 ex
440 976 671 1031 historia
728 972 1035 1044 priscorum
1100 964 1383 1019 hominum
1436 967 1773 1022 sanctorum,
1796 956 1902 1010 nisi

327 1071 455 1141 quia
484 1067 747 1123 Dominus
767 1063 1016 1119 Christus
1041 1077 1136 1133 per
1162 1074 1257 1115 eos
1281 1056 1558 1128 proprium
1575 1052 1903 1123 promissum

326 1162 397 1215 ad
425 1162 628 1216 exitum
659 1154 951 1227 perduxit?

395 1420 680 1491 QUEST.
709 1418 845 1475 CXI.
880 1418 936 1473 Si
971 1416 1038 1471 ad
1074 1414 1425 1471 asserendam
1473 1422 1766 1479 corporum
1818 1420 1905 1461 re-

326 1517 752 1576 surrectionem,
806 1511 1033 1566 seminis
1081 1507 1352 1579 exemplo,
1416 1504 1472 1558 in
1525 1501 1770 1572 EpiStoln
1838 1498 1906 1552 ad

329 1607 665 1671 Corinthios,
704 1614 764 1657 ut
808 1610 934 1673 apto
978 1609 1033 1655 et
1083 1598 1401 1664 commodo,
1444 1610 1579 1650 usus
1636 1601 1718 1647 est
1770 1592 1910 1661 Apo-

332 1704 545 1767 stolus,
607 1697 882 1769 quomodo
923 1697 1017 1766 qui
1075 1694 1349 1749 frustatim
1407 1691 1777 1750 dissecantur,
1815 1692 1908 1739 aut

331 1793 752 1852 comburuntur,
785 1793 1106 1857 resurgent,
1140 1798 1263 1838 cum
1315 1782 1524 1837 semina
1554 1787 1678 1850 post
1712 1777 1909 1834 sectio-

2007 582 2081 654 μὴ
2113 581 2214 651 τῆς
2249 580 2397 644 θείας
2424 596 2485 633 τε
2514 579 2609 632 καὶ
2640 578 2819 649 ζώσης
2844 577 2938 631 τοῦ
2975 576 3233 647 Σωτῆρος
3276 576 3446 645 φωνῆς
3480 576 3549 646 τῆς

2003 674 2145 727 κατά
2173 671 2657 741 πολυπλασιασμὸν
2684 669 2792 740 (86)
2822 668 3227 738 ὑποσχομένης,
3259 668 3352 720 καί
3370 667 3461 739 τὴν
3484 670 3549 722 ἀνι

2005 766 2211 818 τίδοσιν
2236 762 2609 836 ἐνεργησάσης
2650 763 2708 814 ὲν
2735 762 2901 832 αὑτῇ;
2930 759 3107 814 Πόθεν
3139 760 3198 814 δὲ
3228 760 3462 813 πλούσιοι
3486 762 3550 813 ἀν-

2003 856 2127 927 δρες
2156 872 2215 908 τε
2250 856 2342 909 καὶ
2370 858 2647 923 γυναῖκες,
2680 855 2779 919 τὰς
2808 854 3017 907 ἑαυτῶν
3044 852 3314 926 ὑπάρξεις
3342 854 3552 924 ἐπιφερό-

2009 965 2178 1019 μενοι,
2217 950 2274 1001 ὲν
2301 950 2365 1018 τῇ
2398 948 2591 1020 ἐρήμῳ
2621 948 2747 1011 τοὺς
2786 948 2967 1000 ἐκεῖσε
2998 945 3363 1017 ἀναχωρητάς
3398 945 3552 1017 ἐζήτη-

2007 1057 2128 1104 σαν,
2167 1040 2265 1093 καὶ
2307 1039 2514 1093 τούτων
2553 1038 2623 1092 τά
2653 1039 3010 1110 ὑστερήματα
3057 1028 3402 1109 ὲπλήρωσαιῖ,
3445 1040 3552 1092 καθὰ

2006 1132 2249 1203 ἔγνωμεν
2275 1133 2337 1185 ὲκ
2358 1132 2460 1201 τῆς
2487 1131 2728 1202 ίστορίας
2748 1130 2858 1184 τῶν
2886 1131 3061 1199 ἁγίων
3089 1128 3338 1201 ἀρχαίων
3364 1130 3551 1201 ἀνδρῶν.

2010 1224 2143 1296 μηδὲ
2170 1224 2263 1278 τοῦ
2291 1224 2564 1277 Δεσπότου
2592 1223 2832 1296 Χριστοῦ
2860 1224 2925 1277 δι’
2956 1222 3140 1277 αὑτῶν
3169 1222 3272 1294 τὴν
3304 1222 3432 1276 ίδίαν
3454 1225 3552 1277 ὑπὸ·

2009 1334 2191 1387 σχεσιν
2220 1317 2517 1385 ἀγαγόντος
2546 1318 2625 1381 si;
2653 1317 2827 1388 πέρας
2850 1333 2864 1382 ;

2092 1411 2442 1464 ἘΡΩΤΗΣΙΣ
2478 1409 2624 1463 ΡΙΑ’.
2658 1410 2720 1462 El
2758 1410 2894 1480 πρὸς
2924 1408 3195 1464 σύστασιν
3224 1408 3326 1481 τῆς
3355 1408 3455 1461 τῶν
3477 1424 3553 1459 σω-

2012 1504 2195 1576 μάτων
2221 1502 2569 1566 ἀναστάσεως
2592 1503 2669 1565 ὼς
2694 1502 2893 1574 καιρίῳ
2920 1502 3002 1572 τῷ
3030 1500 3175 1555 κατά
3201 1500 3273 1554 τὰ
3310 1500 3554 1572 σπέρματι

2010 1596 2366 1667 ὑποδείγματι
2415 1595 2443 1647 6
2498 1594 2818 1657 Ἀπόστολος
2867 1597 2923 1648 ὲν
2973 1598 3040 1666 τῇ
3098 1596 3243 1668 πρὸς
3282 1595 3554 1668 Κορινθίους

2009 1690 2298 1761 ἐχρήσατο,
2329 1688 2447 1751 πῶς
2475 1688 2525 1740 οἱ
2557 1686 2874 1758 τεμνόμενοι
2901 1686 2934 1757 ἢ
2962 1688 3246 1758 καιόμενοι
3273 1689 3555 1759 ἀναστήσον-

2009 1801 2119 1846 ται,
2145 1781 2254 1835 τῶν
2287 1780 2617 1853 σπερμάτων
2649 1778 2783 1850 μετὰ
2809 1780 2984 1851 τομὴν
3013 1779 3046 1851 ἥ
3074 1780 3270 1833 καῦσιν
3294 1782 3355 1834 οὑ
3381 1780 3555 1853 βλαστα-

329 1902 455 1940 nem
514 1891 606 1936 aut
657 1880 932 1936 ustionem
996 1891 1102 1931 non
1156 1875 1482 1947 germinent,
1546 1870 1642 1927 sed
1691 1871 1913 1925 omnino

2086 1894 2234 1940 ντων,
2260 1873 2397 1929 ἀλλά
2420 1876 2500 1937 είς
2529 1872 2590 1926 τδ
2619 1872 2877 1936 παντελὲς
2902 1872 3317 1946 φθειρομένωνς

330 1980 601 2034 intereant
620 1977 644 2029 ’ἲ

394 2069 594 2126 RESP.
624 2068 760 2125 Cum
776 2076 972 2123 natura
996 2067 1069 2121 ita
1095 2062 1338 2136 perficiat
1363 2075 1485 2132 quae
1514 2075 1581 2114 ex
1608 2055 1910 2112 seminibus

330 2172 655 2224 nascuntur,
679 2170 741 2216 ut
776 2160 1036 2216 demensa
1068 2157 1323 2212 facultate
1349 2170 1378 2207 a
1419 2152 1529 2207 Deo
1559 2150 1790 2213 donata,
1814 2163 1913 2201 ne-

330 2271 487 2313 cesse
517 2262 602 2310 cst
631 2262 689 2308 ut
721 2260 848 2323 apta
881 2252 993 2307 sint
1024 2248 1235 2305 semina
1276 2246 1342 2301 ad
1375 2260 1438 2299 ea
1471 2239 1911 2309 eﬂicienda,quze

330 2366 396 2405 ex
426 2349 560 2420 ipsis
591 2353 917 2403 nascuntur.
952 2343 1135 2410 Quare
1160 2342 1204 2397 si
1230 2346 1461 2395 urantur
1491 2344 1585 2391 aut
1621 2334 1913 2390 concidan-

330 2456 440 2509 tur,
466 2442 682 2497 inutilia
711 2440 849 2494 fiunt
886 2446 1095 2494 naturae
1120 2434 1188 2489 ad
1207 2432 1545 2489 ell‘ectionem
1573 2439 1912 2495 eorum,qu:e

332 2554 398 2592 ex
436 2536 572 2608 ipsis
611 2542 937 2589 nascuntur.
972 2531 1116 2586 Deus
1154 2535 1338 2582 autem
1371 2540 1479 2578 non
1510 2523 1673 2576 habet
1697 2520 1912 2574 demen-

334 2646 450 2687 sam
490 2636 843 2699 potestatem;
875 2632 1212 2696 quapropter
1241 2618 1377 2675 nihil
1412 2616 1462 2672 ei
1520 2630 1629 2669 non
1655 2613 1910 2667 idoneum

331 2732 417 2778 est
446 2722 512 2775 ad
539 2736 601 2777 ea
631 2736 753 2792 quae
778 2720 895 2775 vult
917 2715 1196 2775 efﬁcienda
1224 2713 1430 2775 omnia,
1451 2724 1552 2765 nec
1581 2705 1912 2763 dissectime

332 2824 428 2870 aut
454 2814 740 2869 adustione
769 2827 1060 2884 corporum
1091 2807 1438 2881 prohibetur,
1478 2801 1775 2874 quominus
1818 2812 1912 2852 eo-

333 2924 455 2962 rum
484 2906 681 2963 alliciat
710 2907 1195 2961 resurrectionem.
1223 2901 1345 2956 Non
1373 2900 1519 2955 enim
1550 2899 1667 2969 lege
1683 2905 1737 2952 et
1760 2912 1913 2950 men—

335 3017 466 3059 sura
493 3011 703 3055 naturaz
735 3010 996 3071 Operatur
1022 2997 1186 3060 Deus,
1228 2994 1324 3050 sed
1375 3008 1591 3049 summa
1642 2997 1913 3061 potestate

337 3093 654 3160 voluntatis,
710 3108 873 3163 quam
924 3091 1074 3145 nulla
1126 3088 1415 3143 difﬁcultas
1473 3093 1723 3141 moratur
1763 3084 1817 3137 in
1847 3083 1913 3138 iis

337 3203 458 3259 quae
484 3187 601 3241 vult
634 3185 952 3240 elliciendis.
986 3182 1129 3239 Usus
1163 3194 1246 3238 est
1281 3190 1462 3236 autem
1510 3177 1808 3249 Apostolus
1834 3192 1915 3231 se-

2094 2054 2495 2108 ἈΠΟΚΡΙΣ1Σ.
2526 2050 2639 2123 Τῆς
2663 2051 2876 2122 φύσεως
2904 2050 3080 2125 οὑσης
3100 2051 3203 2124 τῆς
3232 2052 3557 2123 ἐργαζομένης

2011 2146 2079 2200 τά
2102 2148 2165 2200 ἐκ
2194 2147 2302 2199 τῶν
2339 2146 2667 2216 σπερμάτων
2705 2146 3026 2217 γιγνόμενα,
3073 2146 3153 2209 ὡς
3204 2146 3466 2218 ἔμμετρον
3487 2145 3557 2197 λα.

2014 2240 2216 2310 ϐούσης
2259 2240 2411 2309 παρά
2446 2238 2540 2291 τοῦ
2582 2238 2915 2310 δημιουργοῦ
2955 2239 3059 2310 τὴν
3091 2239 3345 2309 δύναμιν,
3386 2238 3557 2307 ἀνάγκη

2013 2332 2290 2402 ἐπιτήδεια
2333 2327 2470 2383 εἶναι
2514 2330 2581 2383 τὰ
2626 2331 2915 2402 σπέρματα
2966 2331 3105 2403 πρὸς
3149 2332 3371 2401 ποίησιν
3400 2330 3492 2382 τῶν
3518 2329 3560 2392 ἐξ

2013 2423 2191 2476 αὑτῶν
2232 2422 2589 2493 γιγνομένων.
2635 2421 2724 2474 Διὸ
2765 2422 2861 2475 ἐὰν
2894 2422 3068 2493 καῇῆ
3113 2422 3300 2493 τμηθῇ
3338 2422 3404 2475 τὰ
3425 2422 3558 2491 σπέρ-

2018 2531 2183 2586 ματα,
2214 2514 2463 2586 ἄχρηστα
2489 2514 2733 2582 γίγνεται
2765 2516 2830 2582 τῇ
2874 2512 3038 2581 φύσει
3068 2512 3209 2582 πρὸς
3240 2513 3443 2581 ποίησιν
3480 2511 3561 2563 τῶν

2014 2605 2072 2674 ἐξ
2097 2604 2274 2659 αὑτῶν
2296 2605 2652 2677 γιγνομὲνων.
2701 2605 2756 2658 Ὀ
2796 2604 2852 2657 δὲ
2879 2604 3016 2667 θεὸς
3042 2603 3145 2656 οὑκ
3189 2603 3452 2673 ἔμμετρον
3476 2603 3561 2670 ἔχει

2012 2700 2113 2771 τὴν
2143 2699 2399 2771 δύναμιν⁸
2431 2698 2521 2752 διὰ
2546 2697 2704 2752 τοῦτο
2728 2697 2880 2750 οὐδὲν
2921 2696 3074 2767 αὑτῷ
3103 2695 3218 2766 (87)
3249 2698 3392 2748 ἐστιν
3410 2695 3561 2747 ἀνεπι-

2011 2793 2225 2865 τήδειον
2258 2793 2394 2863 πρὸς
2426 2791 2641 2861 ποίησιν
2671 2790 2885 2842 πάντων
2916 2781 2995 2841 ὧν
3027 2787 3300 2859 βούλεται,
3342 2786 3452 2839 οὑδὲ
3479 2801 3555 2838 κω-

2013 2886 2198 2941 λύεται
2236 2885 2341 2938 ὑπδ
2376 2886 2475 2957 τῆς
2512 2884 2684 2955 τομῆς
2710 2883 2804 2935 καὶ
2852 2881 3109 2944 καύσεως
3156 2878 3269 2932 τῶν
3316 2878 3561 2948 σωμάτων,

2012 2979 2109 3034 τοῦ
2147 2978 2477 3051 ποιήσασθαι
2512 2977 2689 3031 αὐτῶν
2719 2976 2818 3047 τὴν
2851 2976 3177 3029 ἀνάστασιν.
3211 2973 3285 3026 Οὑ
3321 2972 3421 3042 γὰρ
3448 2971 3565 3037 νόμῳ

2016 3076 2110 3129 καὶ
2142 3074 2324 3145 μέτρῳ
2357 3072 2571 3141 φύσεως
2612 3070 2899 3143 ἐργάζεται
2945 3071 2973 3121 6
3003 3068 3158 3133 Θεὸς,
3209 3066 3323 3120 ἀλλ’
3354 3062 3566 3131 αὐθεντίι

2019 3167 2214 3239 βουλῆς
2240 3167 2337 3236 τῆς
2367 3168 2424 3219 ὲν
2459 3163 2645 3235 μηδενὶ
2678 3160 3069 3233 ἀπορουμένης
3104 3158 3245 3230 πρὸς
3291 3157 3488 3227 ποίησιν
3510 3147 3565 3205 ὢν

337 3277 549 3331 minum
603 3276 874 3345 exemplo,
914 3274 1219 3329 astruendae
1272 3287 1442 3328 causa
1496 3269 1914 3326 resurrectionis

2086 3259 2262 3313 ύλεται
2289 3261 2480 3311 ποιεῖν.
2526 3256 2826 3327 Ἐχρήσατο
2854 3253 2910 3306 δὲ
2939 3254 2969 3306 6
3007 3251 3330 3314 Ἀπόστολος
3364 3248 3434 3319 τῷ
3457 3246 3565 3300 κατὰ

337 3378 702 3433 mortuorum,
736 3378 794 3423 ut
824 3384 892 3423 ex
934 3367 1227 3422 collatione
1262 3366 1423 3422 fidem
1467 3364 1629 3420 faciat
1676 3378 1919 3418 resurre-

338 3463 542 3517 ctionis
566 3462 864 3529 doctrinae;
890 3461 1013 3530 quia
1040 3458 1498 3530 quemadmodum
1523 3456 1746 3511 minime
1766 3454 1919 3509 dubi-

337 3565 538 3621 tamus,
565 3557 695 3627 quin
725 3571 911 3611 semen
942 3553 1370 3625 germinaturum
1396 3556 1485 3617 sit,
1516 3548 1917 3623 quamvisillud

339 3651 394 3705 in
428 3658 573 3705 terra
622 3658 898 3705 mortuum
950 3665 1071 3705 esse
1116 3657 1170 3705 et
1206 3654 1455 3702 naturam
1508 3646 1733 3702 seminis
1784 3645 1921 3697 ami-

340 3744 483 3800 sisse
551 3744 854 3810 videamus,
908 3743 983 3797 ita
1049 3758 1157 3797 non
1231 3741 1493 3796 debemus
1573 3746 1918 3793 mortuorum

340 3837 808 3892 resurrectionem
892 3836 1163 3890 increduli
1240 3834 1488 3903 rejicere.
1548 3831 1686 3886 Nam
1750 3831 1916 3893 Deus,

338 3932 433 4002 qui
496 3928 645 3984 dedit
692 3937 943 3993 naturae,
996 3936 1055 3981 ut
1113 3927 1322 3983 semine
1376 3931 1633 3995 operetur
1676 3939 1918 3994 germen,

342 4023 515 4078 multo
581 4022 757 4091 magis
810 4021 929 4092 ipse
985 4027 1167 4090 potest
1213 4033 1244 4071 a
1300 4026 1476 4072 morte
1536 4018 1775 4070 excitare
1827 4016 1920 4069 de-

347 4114 590 4170 functos.

414 4292 696 4361 QUEST.
726 4290 889 4348 CXII.
933 4291 989 4345 Si
1041 4306 1270 4363 regnum
1319 4287 1540 4344 lsraelis
1590 4285 1816 4356 gloriam
1871 4293 1924 4339 et

343 4389 572 4444 delicias
624 4396 679 4442 et
717 4384 1095 4441 remissionem
1146 4391 1421 4438 terrenam
1472 4379 1924 4434 existimaverunt

345 4482 601 4554 apostoli,
637 4489 697 4535 ut
720 4479 967 4534 nonnulli
1003 4477 1222 4532 dixere:
1255 4490 1356 4528 cur
1384 4467 1655 4528 Dominus
1676 4487 1736 4526 ea
1768 4472 1835 4525 de
1867 4485 1926 4524 re

2018 3352 2086 3406 τὰ
2115 3352 2406 3423 σπέρματα
2437 3349 2793 3419 ὑποδείγματι
2836 3349 2916 3409 είς
2947 3345 3212 3399 πίστωσιν
3248 3343 3349 3412 τῆς
3375 3341 3470 3393 τῶν
3500 3357 3565 3390 νε-

2019 3442 2168 3516 κρῶν
2210 3441 2579 3507 ἀναστάσεως,
2630 3442 2716 3493 ἵνα
2766 3439 2907 3491 κατὰ
2939 3435 3234 3503 ἀναλογίαν
3277 3431 3563 3499 πιστώσηται

2017 3536 2120 3607 τῆς
2148 3534 2499 3597 ἀναστάσεως
2543 3532 2633 3585 τὸν
2660 3531 2841 3600 λόγον·
2874 3530 2957 3582 ὅτι
2986 3528 3179 3598 ὥσπερ
3221 3526 3320 3579 οὑκ
3346 3520 3564 3578 ἀπιστῶ-

2024 3646 2122 3700 μεν
2150 3629 2247 3698 τὴν
2287 3626 2578 3697 βλάστησιν
2604 3623 2698 3676 τοῦ
2734 3622 3070 3692 σπέρματος,
3100 3620 3335 3690 ὁρῶντες
3356 3620 3409 3671 ὲν
3432 3619 3485 3687 τῇ
3512 3617 3564 3682 τῇ

2021 3718 2382 3781 ἀποθανόντος
2392 3718 2486 3770 καὶ
2499 3714 2934 3785 ἀποϐεϐληκότος
2954 3712 3064 3784 (88)
3079 3711 3174 3765 τοῦ
3194 3712 3295 3765 σπέ
3305 3729 3333 3783 ρ
3339 3726 3483 3781 ματος
3490 3710 3564 3774 τὴν

2023 3814 2184 3883 φύσιν
2202 3829 2214 3843 ·
2238 3812 2410 3874 οὑτως
2432 3811 2533 3862 οὑκ
2562 3806 2847 3875 ὀφείλομεν
2871 3806 3126 3857 άπιστεῖν
3147 3804 3259 3855 τῶν
3282 3800 3470 3870 νεκρῶν
3489 3798 3563 3866 τὴν

2022 3906 2334 3959 ἀνάστασιν.
2383 3903 2440 3955 'O
2468 3899 2577 3972 γὰρ
2604 3897 2736 3959 Θεὸς
2767 3898 2795 3948 ὁ
2828 3893 3078 3956 δεδωκὼς
3125 3897 3193 3965 τῇ
3243 3894 3395 3964 φύσει
3424 3891 3475 3943 τὺ
3499 3891 3561 3943 δεὰ

2021 3998 2116 4052 τοῦ
2156 3996 2469 4069 σπέρματος
2496 3987 2831 4064 ἐργάσασθαι
2875 3987 2975 4060 τὴν
3010 3988 3273 4060 βλάστην,
3316 3987 3437 4041 πολὺ
3462 3984 3561 4056 μᾶλ-

2023 4090 2113 4142 λον
2156 4087 2319 4149 αὑτὸς
2363 4084 2585 4139 δύναται
2618 4082 2682 4135 ὲκ
2722 4079 2816 4133 τοῦ
2846 4077 3082 4133 θανάτου
3112 4080 3323 4151 ἐγεῖραι
3364 4078 3473 4141 τοὺς
3499 4092 3561 4127 νει

2026 4180 2209 4252 κρούς.

2107 4270 2456 4327 ἘΡΩΤΗΣΙΣ
2488 4269 2627 4323 PlB'.
2673 4266 2737 4320 El
2785 4265 2883 4337 τὴν
2934 4263 3219 4335 βασιλείαν
3262 4264 3353 4318 τοῦ
3391 4257 3561 4333 Ἰσραὴλ

2024 4366 2181 4433 δόξαν
2222 4366 2318 4417 καὶ
2360 4362 2572 4434 τρυφὴν
2618 4360 2712 4413 καὶ
2742 4357 2927 4411 ἄνεσιν
2969 4357 3217 4426 ἐπίγειον
3254 4352 3559 4410 οίάπὸττώοι

2028 4459 2431 4529 ὑπελάμϐανον,
2481 4453 2625 4507 καθά
2673 4468 2815 4514 τινες
2841 4450 3076 4519 ἔφασαν,
3117 4450 3209 4506 διὰ
3250 4451 3304 4504 τί
3342 4452 3369 4502 6
3401 4448 3557 4517 Κύριος

346 4574 547 4630 abillis
577 4574 946 4643 interrogatus
998 4586 1104 4625 non
1155 4567 1319 4625 modo
1357 4582 1452 4622 eos
1479 4581 1587 4620 non
1614 4564 1921 4633 castigavit,

2086 4550 2157 4620 ιρι
2182 4548 2384 4617 ταύτης
2414 4545 2551 4617 πρὸς
2594 4545 2773 4597 αὑτῶν
2816 4541 3194 4614 ἐρωτώμενος,
3229 4542 3289 4596 οὑ
3332 4543 3470 4612 μόνον
3489 4537 3556 4588 σύ-

348 4666 443 4723 sed
468 4669 636 4723 etiam
665 4683 853 4722 eorum
884 4664 1141 4718 astrinxit
1168 4659 1559 4733 ignorantiam,
1586 4656 1713 4710 dum
1741 4655 1821 4710 eis
1847 4653 1929 4708 di-

347 4761 428 4814 xit
456 4778 470 4815 :
506 4758 630 4813 Non
683 4770 760 4813 est
794 4769 1022 4813 vestrum
1052 4770 1205 4809 nosse
1253 4762 1489 4821 tempora
1520 4753 1595 4804 vel
1638 4756 1924 4812 momenta,

347 4868 465 4923 qua:
518 4850 678 4905 Pater
709 4852 881 4919 posuit
913 4850 968 4901 in
991 4864 1090 4902 sua
1132 4855 1390 4917 potestate
1406 4845 1450 4881 ‘9
1476 4843 1499 4896 ?
1531 4841 1655 4897 Haec
1685 4841 1803 4913 ipsa
1840 4856 1929 4895 re-

348 4944 577 5014 sponsio
604 4956 794 4999 eorum
823 4940 1110 4996 conﬁrmat
1135 4936 1642 5007 interrogationem.

421 5119 623 5176 RESP.
651 5119 716 5174 Et
746 5119 852 5174 hoc
900 5119 1077 5189 ipsum
1125 5132 1193 5172 ex
1242 5117 1321 5171 eis
1350 5128 1519 5170 unum
1552 5122 1657 5178 est,
1708 5126 1829 5183 qua:
1857 5110 1925 5165 ab

349 5216 614 5286 apostolis
642 5219 769 5266 ante
806 5208 1100 5264 adventum
1154 5206 1393 5279 Spiritus
1445 5204 1623 5261 sancti
1666 5202 1926 5273 cognosci

425 5371 471 5403 “
492 5371 616 5425 Aet.
634 5384 673 5435 ι,
714 5369 765 5422 7.

420 5525 552 5598 (85)
598 5527 699 5598 Ἐν
736 5524 860 5598 τοῖς
896 5520 1246 5598 ἀνθρώποις.
1286 5517 1556 5575 Observat
1610 5512 1933 5584 Sylburgius

354 5595 641 5666 legendum
680 5595 1070 5667 ἀνθρωπικοῖς.

429 5651 539 5735 (86)
571 5667 732 5720 Κατὰ
758 5651 1325 5731 σίολυπλάσιασμόν.
1359 5658 1487 5729 Leg.
1534 5656 1628 5710 καὶ
1656 5652 1745 5706 τὸν
1774 5651 1933 5705 πολυ-

355 5734 718 5805 πλασιασμόν.

433 5804 545 5869 (8⁵1)
580 5792 768 5869 Ᾱύτῷ.
804 5801 897 5856 Sic
928 5802 1239 5859 emendavit
1294 5796 1639 5871 Sylburgius.
1686 5792 1756 5849 Β.
1811 5792 1930 5847 Ste-

360 5876 573 5946 phanus
605 5885 658 5930 et
693 5888 823 5929 mss.
854 5874 1049 5928 αὐτῶν.

2028 4644 2152 4705 τοὺς
2184 4640 2243 4694 οὑ
2270 4636 2636 4710 διωρθώσατο,
2667 4634 2802 4689 ἀλλὰ
2825 4635 2922 4687 καὶ
2950 4633 3285 4704 ἐπέσφιγξεν
3311 4632 3467 4687 αὑτῶν
3484 4628 3555 4695 τὴν

2028 4735 2271 4803 ἄγνοιαν,
2299 4732 2478 4802 φήσας
2507 4727 2643 4800 πρὸς
2671 4724 2868 4787 αὑτούς
2886 4741 2900 4754 ⁸
2938 4726 3064 4793 Οὐχ
3107 4725 3275 4793 ὑμῶν
3296 4726 3414 4777 ἐστι

2022 4843 2121 4881 ναι
2145 4824 2403 4895 χρόνους
2430 4821 2468 4889 ἢ
2505 4818 2767 4888 καιροὺς,
2795 4816 2908 4883 οὓς
2948 4819 2980 4870 ό
3010 4817 3218 4885 Πατὴρ
3250 4817 3405 4871 ἔθετο
3427 4813 3485 4866 ἐν
3504 4807 3555 4874 τῇ

2030 4920 2149 4987 ίδίᾳ
2172 4917 2458 4983 ἐξουσίᾳ;
2483 4914 2629 4984 Αὑτη
2663 4912 2719 4965 δὲ
2750 4912 2783 4983 ἡ
2810 4910 3107 4983 ἀπόκρισις
3137 4906 3440 4980 βεϐαιοίτῇ
3462 4902 3557 4955 irai-

2030 5030 2138 5067 νων
2172 5015 2195 5065 ὲ
2202 5010 2455 5084 ρώτησιν.

2118 5102 2521 5160 ἈΠΟΚΡΙΣ1Σ.
2557 5100 2666 5155 Καὶ
2693 5097 2851 5152 τοῦτο
2876 5097 2939 5150 ἒν
2969 5099 3086 5150 ἐστι
3108 5096 3219 5150 τῶν
3245 5094 3347 5168 πρὸ
3368 5092 3453 5161 τῆς

2036 5201 2335 5271 φοιτήσεως
2364 5196 2457 5249 τοῦ
2487 5196 2645 5263 ἁγίου
2680 5189 3003 5261 Πνεύματος
3036 5188 3115 5262 μὴ
3145 5187 3433 5258 δυναμένων
3457 5196 3553 5248 γνω-

2115 5507 2229 5579 (88)
2287 5505 2798 5571 Ἀποόεϐληκότος.
2847 5501 3017 5567 Multa
3050 5496 3318 5579 ejusmodi
3360 5484 3549 5579 dictauit“!

2040 5562 2143 5634 hoc
2176 5562 2454 5645 scriptore
2483 5562 2811 5635 occurrunt,
2836 5562 3193 5645 necnecesse
3222 5562 3548 5645 estquidqtlffll

2039 5623 2668 5706 ERdeEéETiArI-é’i‘ﬁ’
2691 5623 3218 5713 'rags."'a‘d";,‘..as,
3244 5623 3369 5713 με,
3399 5623 3549 5713 ipsi

2038 5722 2384 5805 μὴ’πριήσας
2404 5716 2665 5801 πλείονας
2684 5708 2960 5802 νκόσμους,
2987 5752 3000 5765 .
3110 5709 3298 5779 ἀτελὴς
3327 5708 3383 5758 ἐκ
3407 5708 3547 5752 recte"

2038 5786 2252 5861 ὲδέίχθη
2269 5786 2313 5859 ”ὴ
2344 5786 2613 5857 τελειότης
2640 5786 2821 5838 αὑτοῦ.
