3638 6480
114 380 237 439 1561

806 380 1275 453 ΩΗΕΒΤΙΟΝΕΞ
1306 381 1395 438 ET
1434 382 1665 440 RESPOl

1842 382 1957 440 1E8
1987 382 2079 439 AD
2123 382 2613 443 ORTHODGXOS.

3196 386 3338 445 ιω

114 503 295 573 σθῆναι
341 501 450 555 ὑπὸ
497 500 607 555 τῶν
658 502 988 567 ἀποστόλων,
1042 502 1186 556 κατά
1228 502 1291 558 τὸ
1336 504 1624 577 εἰρημένον
1647 522 1661 535 ·

1844 521 1878 559 n
1912 511 2224 575 potuerunt,
2249 520 2348 575 pro
2376 519 2443 561 eo
2474 511 2637 574 atque
2662 504 2868 560 dictum
2895 512 2978 561 est
3006 526 3018 561 :
3046 504 3217 561 Multa
3238 509 3335 559 lur-

112 597 309 649 Πολλὰ
331 595 451 664 ἔχω
480 594 683 664 λέγειν
706 595 866 665 ὑμῖν,
895 596 1033 650 ἀλλ’
1061 598 1135 651 οὐ
1159 594 1421 652 δύνασθε
1439 598 1673 661 ,ϐαστά-

111 686 218 747 ζειν
249 685 379 754 ἄρτι
400 702 415 717 ·
449 685 595 740 ὅταν
616 685 684 740 δὲ
708 688 855 755 ἔλθῃ
881 686 948 741 τὸ
971 687 1214 757 Πνεῦμα
1238 687 1347 756 τῆς
1368 690 1672 756 ἀληθείας,

109 778 292 832 ἐκεῖνο
318 777 607 848 ὁδηγήσει
636 778 792 848 ὑμᾶς
818 780 969 848 πρὸς
995 779 1204 835 πᾶσαν
1228 779 1341 848 τὴν
1366 780 1669 847 ἀλήθειαν.

110 869 380 933 Μαθόντες
429 870 485 923 δὲ
534 870 637 924 ὑπὸ
679 871 773 924 τοῦ
818 871 1135 942 Πνεύματος
1162 872 1245 940 τὸ,
1291 874 1408 941 Τὴν
1442 874 1674 927 κοιλίαν

107 962 197 1014 καὶ
229 960 302 1014 τὰ
332 961 619 1031 ,βρώματα
645 966 679 1017 ὁ
707 963 850 1031 Θεὸς
875 965 1183 1035 καταργεῖδ
1223 965 1287 1019 ὲκ
1313 966 1415 1036 τῆς
1458 966 1674 1019 Ἰουδαῖ-

108 1053 201 1121 κῆς
243 1054 566 1125 ὑπολήψεως
606 1056 685 1118 εἰς
724 1056 823 1128 τὴν
866 1056 1073 1111 ἔννοιαν
1119 1057 1524 1129 μετηνέχθησαν
1572 1058 1673 1127 τὴν

107 1144 415 1215 πρέπουσαν
450 1148 516 1217 τῇ
549 1148 878 1200 καταστάσει
913 1147 1021 1201 τῶν
1064 1148 1434 1218 ἀνισταμένων
1474 1150 1537 1202 ὲκ
1563 1149 1672 1201 τῶν

104 1236 325 1306 νεκρῶν,
356 1237 416 1291 ὲν
505 1237 629 1292 οὔτε
677 1240 897 1311 βρῶσις,
931 1239 1055 1294 οὔτε
1093 1240 1269 1303 πόσις,
1313 1239 1435 1293 οὔτε
1473 1239 1669 1311 γάμος,

104 1326 229 1379 ἀλλὰ
258 1328 538 1397 ἰσάγγελοι
586 1329 795 1382 ἔσονται
833 1332 882 1383 οἱ
910 1329 1008 1400 τῆς
1046 1329 1393 1394 ἀναστάσεως
1434 1330 1558 1383 υἱοί.
1598 1330 1673 1384 Τὸ

102 1415 205 1481 οὖν,
239 1422 368 1486 Οὐχ
414 1418 585 1488 ὑμῶν
621 1422 751 1474 ἐστι
792 1420 1011 1490 γνῶναι
1042 1422 1300 1490 χρόνους
1339 1420 1377 1489 ἢ
1406 1420 1668 1489 καιροὺς,

101 1510 201 1575 οῦς
236 1514 269 1564 ὁ
308 1510 521 1580 Πατὴρ
547 1513 713 1566 ἔθετο
749 1514 820 1566 ἐν
846 1511 918 1581 τῇ
962 1512 1081 1578 ἰδίᾳ
1125 1512 1395 1578 ἐξουσίᾳ,
1434 1512 1535 1564 οὐκ
1559 1511 1669 1581 ἔχει

103 1605 279 1674 σχῆμα
313 1604 669 1674 βεϐαιωτικὸν
700 1607 1087 1680 ἐρωτησάντων
1117 1606 1176 1661 ὲν
1203 1608 1268 1676 τῇ
1302 1606 1420 1659 κατ’
1451 1604 1670 1674 ἄγνοιαν

101 1697 380 1768 ὑπολήψει,
408 1696 547 1752 ἀλλά
573 1698 904 1770 άπορητικὸν
928 1698 1276 1769 ἀμφοτέρων,
1316 1697 1415 1767 τῆς
1440 1714 1501 1750 τε
1529 1696 1669 1750 κατά

97 1791 180 1843 τὸν
205 1790 398 1861 χρόνον
424 1791 521 1843 καὶ
554 1790 655 1861 τῆς
682 1790 821 1844 κατὰ
847 1790 938 1844 τὸν
971 1792 1172 1862 τρόπον
1213 1791 1532 1862 ὑπολήψεως
1554 1792 1664 1845 τῶν

1776 598 1866 650 beo
1896 614 2011 667 qute
2042 595 2183 651 vobis
2206 595 2413 659 dicant;
2437 595 2526 650 sed
2547 612 2650 649 non
2678 596 2892 665 potestis
2912 606 3121 663 portare
3149 597 3333 654 modo:

1774 702 1892 739 cum
1913 695 2088 740 autem
2112 688 2306 741 venerit
2329 685 2421 739 ille
2442 684 2674 754 Spiritus
2706 686 2961 779 ueritatis,
2991 686 3143 741 ducet
3165 703 3252 741 vos
3275 688 3335 741 in

1773 795 1975 832 omnem
2000 779 2270 832 veritatem
2286 778 2355 834 '°.
2390 776 2493 832 Ubi
2521 792 2651 832 vero
2683 776 2724 831 a’
2749 776 2953 848 Spiritu
2987 787 3177 833 sancto
3199 777 3331 832 edo-

1771 869 1848 924 cti
1878 877 2005 924 sunt
2029 868 2197 924 illud:
2231 866 2300 922 Et
2322 879 2545 924 ventrem
2576 879 2623 923 et
2650 886 2797 925 escas
2828 869 2964 925 Deus
2991 868 3215 925 abolebit
3234 870 3278 902 “
3310 888 3331 936 ;

1769 960 1936 1033 489
1981 977 2047 1017 ex
2100 961 2353 1032 Opinione
2394 960 2620 1017 Iudaica
2684 962 2751 1017 ad
2804 978 3022 1018 sensum
3080 964 3330 1019 translati

1771 1060 1920 1116 sunt,
1949 1053 2114 1107 statui
2142 1068 2330 1107 eorum
2357 1052 2449 1123 qui
2498 1068 2561 1107 ex
2585 1054 2814 1110 mortuis
2849 1063 3162 1123 resurgunt.
3197 1070 3333 1109 con-

1770 1147 2071 1201 venientem
2101 1164 2114 1199 :
2148 1147 2205 1200 in
2235 1161 2343 1216 quo
2365 1161 2551 1219 neque
2576 1162 2700 1201 esca
2735 1163 2910 1216 neque
2952 1149 3123 1217 potio,
3154 1162 3331 1216 neque

1770 1241 2173 1295 matrimonium
2200 1249 2317 1308 est;
2344 1242 2439 1296 sed
2477 1243 2680 1313 angelis
2711 1241 2803 1297 Dei
2833 1241 3041 1297 similes
3069 1247 3230 1295 erunt
3248 1255 3330 1296 re-

1771 1331 2127 1386 surrectionis
2156 1330 2270 1386 lilii.
2311 1328 2426 1388 Hoc
2454 1348 2611 1404 ergo:
2645 1331 2767 1387 Non
2796 1340 3019 1386 vestrum
3053 1340 3150 1398 est,
3178 1346 3334 1385 nosse

1770 1430 2005 1490 tempora
2032 1423 2111 1477 vel
2139 1434 2422 1490 momenta,
2451 1442 2565 1495 quae
2610 1423 2771 1478 Pater
2799 1424 2973 1493 posuit
3013 1423 3067 1477 in
3096 1438 3192 1476 sua
3234 1437 3327 1490 po-

1770 1522 1956 1569 testate
1976 1515 2056 1580 ";
2083 1531 2191 1571 non
2218 1532 2283 1572 eo
2314 1524 2546 1588 spectat,
2572 1525 2631 1570 ut
2677 1516 3068 1571 confirmentur
3090 1513 3182 1584 qui
3210 1513 3330 1582 opi-

1769 1607 1931 1661 nione
1960 1605 2111 1661 ducti
2142 1624 2249 1663 non
2280 1609 2519 1663 scienter
2545 1616 2799 1677 suscepta
2839 1608 3325 1678 interrogaverant,

1771 1696 1866 1752 sed
1898 1705 1960 1751 ut
1984 1704 2215 1769 utraque
2244 1699 2695 1771 interrogautium
2719 1708 2772 1753 et
2795 1699 2863 1754 de
2895 1706 3136 1767 tempore
3164 1704 3220 1751 ct
3259 1695 3328 1751 de

1770 1788 1933 1843 modo
1960 1788 2144 1860 opinio
2175 1791 2229 1845 in
2251 1792 2531 1861 angustias
2558 1790 2903 1860 conjiciatur.
2932 1788 3178 1843 Declarat
3200 1801 3333 1841 vero

98 1883 509 1954 ἑρωτησάντων.
550 1882 709 1954 Δηλοῐ
737 1883 793 1936 δὲ
820 1884 914 1936 καὶ
953 1884 982 1936 ό
1009 1883 1302 1947 ἀπόστολος
1329 1882 1538 1946 Παῦλος
1574 1884 1665 1936 τὸν

1846 1879 2044 1936 Paulus
2072 1889 2248 1938 status
2294 1882 2441 1938 illius
2471 1883 2715 1947 modum,
2743 1898 2866 1936 cum
2896 1880 3067 1935 dicit:
3102 1877 3223 1933 Non
3252 1886 3332 1933 est

96 1976 284 2046 τρόπον
330 1975 552 2045 ἐκείνης
592 1976 690 2046 τῆς
735 1976 1136 2041 καταστάσεως,
1172 1978 1228 2028 ὲν
1266 1970 1348 2039 οἷς
1388 1975 1556 2044 λέγει,
1598 1976 1671 2031 Ἠ

92 2067 377 2129 βασιλεία
421 2067 529 2121 τοῦ
571 2068 717 2122 Θεοῦ
744 2070 855 2121 οὐκ
898 2068 1027 2121 ἐστι
1060 2066 1291 2134 ,βρῶσις
1326 2068 1423 2121 καὶ
1466 2068 1663 2133 πόσις,

97 2162 246 2215 ἀλλὰ
271 2161 632 2231 δικαιοσύνη
661 2164 757 2217 καὶ
802 2161 1006 2231 εἰρήνη
1046 2162 1142 2215 καὶ
1193 2160 1440 2230 χαρὰὲν
1480 2162 1667 2215 Hreu-

94 2270 221 2321 ματι
247 2254 424 2322 ἁγιῳ.

171 2347 529 2401 ἘΡΩΤΗΣΙΣ
557 2348 699 2401 PII".
734 2349 797 2401 Et
844 2347 1044 2401 τέλειον
1075 2349 1193 2402 τότε
1233 2346 1457 2419 νοοῦμεν
1487 2347 1549 2402 τὸ
1574 2348 1664 2402 τὲ-

97 2437 225 2493 λειον
240 2440 353 2512 (89)
379 2441 474 2493 ὅτε
505 2440 680 2494 πάντα
694 2442 954 2512 κέκτηται
981 2442 1178 2507 τέλεια,
1195 2442 1397 2496 τέλειον
1416 2443 1471 2495 δὲ
1482 2442 1667 2513 ἄκρως

94 2530 149 2585 τὸ
173 2531 294 2586 καθ’
317 2531 506 2587 ὁτιοῦν
534 2532 852 2605 προσθήκην
880 2534 913 2604 ἢ
956 2534 1181 2606 αὔξησιν
1233 2535 1307 2606 μὴ
1355 2534 1662 2605 δεχόμενον,

98 2623 204 2688 πῶς
233 2626 263 2678 ό
283 2622 449 2687 Θεὸς
473 2623 572 2693 μὲν
612 2624 975 2696 προῦπάρχων
1001 2626 1099 2695 τῆς
1136 2626 1364 2689 κτίσεως
1383 2666 1397 2687 ,
1443 2624 1667 2698 ὕστερον

96 2714 145 2767 δὲ
166 2716 262 2788 τὴν
288 2716 477 2770 κτίσιν
505 2716 891 2786 ποιησάμενος,
925 2716 1066 2770 οὕτω
1088 2717 1217 2780 Θεὸς
1240 2718 1301 2771 τὸ
1337 2718 1666 2789 δημιουργὸς

96 2806 254 2878 ὄνομά
289 2825 352 2860 τε
384 2807 484 2861 καὶ
511 2809 744 2880 πρᾶγμα
772 2809 1091 2880 προσέλαϐε,
1122 2810 1217 2863 καὶ
1236 2811 1299 2863 ἐκ
1322 2810 1416 2863 τοῦ
1444 2810 1573 2873 Θεὸς
1588 2813 1667 2875 εἰς

96 2898 150 2951 τὸ
173 2899 266 2954 καὶ
293 2900 636 2972 δημιουργὸς
664 2896 919 2973 εἶναιτὴν
948 2902 1171 2975 αὔξησίν
1210 2920 1271 2957 τε
1316 2904 1411 2957 καὶ
1451 2903 1548 2975 τὴν
1575 2904 1667 2973 γέ-

96 3009 229 3045 νεσιν
257 2993 515 3047 δέδεκται
538 3010 553 3058 ;

169 3086 584 3140 'AIIOKPIXIX.
620 3086 781 3139 Ἀλλο
822 3086 883 3139 τὸ
911 3087 1041 3141 αὐτὸ
1074 3081 1247 3149 εἶναι,
1290 3087 1384 3140 καὶ
1433 3086 1559 3142 ἀλλο
1607 3086 1668 3139 τὸ

96 3178 240 3232 ἄλλου
274 3174 444 3232 εἶναι.
481 3180 744 3248 Ἀσχετον
778 3179 875 3249 μὲν
908 3180 966 3233 τὸ
995 3180 1125 3233 αὐτὸ
1156 3177 1313 3244 εἶναι,
1349 3181 1595 3251 σχετικὸν
1609 3181 1665 3234 δὲ
1694 3209 1736 3267 C

95 3272 149 3324 τὸ
170 3272 329 3327 ἄλλου
352 3267 523 3325 εἶναι.
564 3270 776 3341 Ἐπειδὴ
797 3266 889 3324 οὗν
916 3272 975 3324 τὸ
1002 3272 1202 3325 τέλειον
1232 3272 1326 3326 τοῦ
1357 3272 1490 3325 Θεοῦ
1507 3274 1565 3326 ὲν
1588 3272 1668 3344 τῷ

96 3366 214 3417 αὐτὸ
245 3360 416 3426 εἶναι,
446 3362 537 3417 διὰ
566 3361 723 3415 τοῦτο
758 3363 856 3415 οὐκ
879 3363 1203 3428 αὖξειαῦτὸν
1230 3365 1292 3419 τὸ
1320 3365 1479 3419 ἄλλου
1502 3362 1661 3420 εἶναι.

98 3457 197 3508 Καὶ
224 3456 486 3529 καθάπερ
517 3456 581 3509 τὸ
602 3454 776 3526 ἀρχὴν
806 3451 941 3510 εἶναι
974 3457 1206 3528 ἀριθμοῦ
1244 3458 1394 3512 οὐδὲν
1431 3459 1671 3513 συντελεῖ

97 3548 164 3619 τῷ
188 3550 267 3602 ἑνὶ
298 3550 447 3621 πρὸς
469 3549 569 3620 τὴν
592 3550 756 3603 αὑτοῦ
788 3549 1101 3621 τελειότητα
1140 3549 1260 3621 (καὶ
1284 3552 1393 3621 γάρ
1427 3550 1499 3621 μὴ
1520 3550 1670 3613 ὄντος

98 3641 251 3694 αὑτοῦ
285 3642 473 3713 ἀρχῆς
503 3641 759 3713 ἀριθμοῦ,
794 3642 997 3695 τέλειον
1020 3638 1115 3714 ἧν·
1141 3642 1236 3695 καὶ
1269 3641 1552 3712 γινομένου
1575 3642 1671 3693 αὖ·

96 3733 178 3786 τοῦ
206 3734 384 3805 ἀρχῆς
424 3732 683 3804 ἀριθμοῦ,
710 3734 810 3787 οὐκ
839 3733 1084 3806 ηὐξήθη)
1104 3751 1119 3765 ο
1149 3732 1320 3797 οὕτως
1348 3733 1442 3787 καὶ
1488 3734 1516 3786 ό
1540 3731 1671 3795 Θεὸς

100 3826 196 3894 πρὸ
222 3828 322 3898 τῆς
351 3826 594 3888 κτίσεως
616 3821 684 3896 ἦν
711 3825 932 3891 τέλειος,
959 3828 1053 3880 καὶ
1087 3825 1225 3898 μετὰ
1250 3827 1349 3896 τὴν
1369 3825 1543 3879 κτίσιν
1571 3825 1671 3877 οὐκ

103 3918 318 3992 ηὐξήθη.
354 3919 527 3973 Οὐδὲν
556 3914 649 3971 οῦν
677 3918 785 3971 τῶν
825 3917 912 3972 διὰ
951 3920 1046 3989 τῆς
1086 3919 1316 3983 κτίσεως
1356 3918 1506 3983 αὔξει
1538 3918 1671 3973 Θεόν

100 4012 199 4079 (Σὺ
219 4013 350 4084 γάρ,
371 4011 563 4084 φησιν,
594 4014 626 4065 ὀ
651 4010 833 4078 αὐτὸς
860 4008 933 4083 εἶ)
955 4030 967 4042 ·
989 4012 1125 4065 ἀλλά
1142 4013 1240 4084 τὴν
1266 4012 1447 4083 σχέσιν
1465 4012 1532 4083 ἣν
1558 4010 1669 4081 ἔχει

102 4104 227 4173 πρὸς
252 4104 355 4175 τὴν
372 4103 557 4157 κτίσιν
588 4103 939 4174 πολυτρόπως
964 4104 1238 4175 (Σφόδρα,
1275 4105 1458 4175 φησὶν,
1486 4106 1669 4172 ὑπερ-

98 4194 333 4263 υψώθης
372 4195 534 4263 ὑπὲρ
585 4194 815 4262 πάντας
854 4196 994 4262 τοὺς
1034 4196 1274 4266 θεούς)·
1323 4197 1417 4251 καὶ
1453 4196 1561 4266 γὰρ
1595 4195 1671 4259 ὡς

101 4286 295 4360 Πατὴρ,
318 4288 416 4341 καὶ
446 4288 744 4359 Δεσπότης,
767 4289 861 4341 καὶ
887 4289 1077 4361 κριτὴς
1099 4330 1113 4353 ,
1155 4290 1248 4342 καὶ
1296 4289 1495 4361 ποιμὴν
1515 4328 1530 4353 ,
1575 4288 1670 4341 καὶ

99 4378 157 4431 τά
182 4381 397 4443 τούτοις
427 4381 615 4450 ὅμοια.
646 4380 756 4432 Καὶ
778 4380 1028 4453 καθάπερ
1068 4382 1095 4433 ό
1141 4381 1273 4444 Θεὸς
1321 4381 1394 4454 μὴ
1437 4382 1670 4452 ποιήσας

100 4471 336 4535 πλείονας
376 4471 620 4542 κόσμους
662 4470 793 4542 (90),
827 4471 889 4524 τὸ
919 4474 1013 4526 καὶ
1059 4473 1278 4526 δύναται
1324 4476 1530 4539 ποιεῖν,
1569 4474 1670 4526 οὐκ

1768 1991 1980 2044 regnum
2005 1973 2120 2039 Dei,
2144 1975 2287 2029 cibus
2308 1986 2357 2030 et
2378 1986 2554 2044 potus,
2572 1974 2663 2031 sed
2676 1975 2895 2045 justitia
2919 1983 2968 2030 et
2987 1988 3114 2038 pax,
3135 1987 3183 2029 et
3199 1988 3335 2044 gast-

1764 2064 1910 2119 dium
1935 2066 1989 2119 in
2006 2064 2206 2135 Spiritu
2230 2077 2411 2121 sancto
2423 2067 2490 2121 ⁸³.

1838 2327 2113 2395 QUEST.
2144 2327 2324 2384 CXlll.
2361 2327 2417 2384 Si
2457 2328 2757 2399 perfectum
2790 2343 2914 2385 esse
2954 2335 3071 2383 tum
3114 2328 3332 2387 demum

1768 2422 2115 2493 intelligimus
2149 2423 2201 2477 id
2235 2421 2380 2493 quod
2412 2420 2707 2492 perfectum
2740 2429 2844 2486 est,
2868 2436 2993 2476 cum
3027 2423 3207 2477 omnia
3229 2423 3325 2477 lia-

1768 2512 1859 2567 bet
1898 2515 2013 2569 suis
2063 2515 2310 2569 absoluta
2362 2515 2646 2578 numeris,
2694 2513 2999 2584 perfectum
3052 2522 3231 2572 autem
3278 2516 3331 2571 id

1766 2620 1977 2660 summe
2008 2613 2128 2671 est,
2168 2606 2315 2676 quod
2350 2607 2556 2661 nullam
2587 2623 2817 2678 prorsus
2846 2608 3217 2664 accessionem
3248 2610 3333 2663 rel

1769 2698 2168 2752 incrementum
2226 2698 2448 2768 recipit:
2501 2700 2773 2770 quomodo
2830 2698 3006 2764 Deus,
3057 2700 3151 2773 qui
3209 2709 3335 2754 ante

1768 2791 2099 2846 creationem
2137 2790 2260 2855 fuit,
2290 2802 2345 2847 et
2367 2800 2555 2862 postea
2591 2796 2923 2847 creationem
2954 2792 3220 2863 perfecit,
3260 2793 3335 2847 ita

1766 2883 1979 2954 Opiﬁcis
2000 2891 2053 2939 et
2081 2900 2277 2939 nomen
2308 2892 2363 2939 et
2392 2900 2504 2940 rem
2529 2884 2754 2953 recepit,
2778 2893 2974 2939 etcum
2998 2892 3145 2940 esset
3167 2883 3332 2947 Deus,

1768 2976 1947 3045 opifex
1980 2976 2157 3030 factus
2185 2986 2268 3031 est
2290 2984 2452 3046 atque
2481 2976 2583 3031 hoc
2607 2977 2765 3031 titulo
2795 2976 3027 3031 auctus?

1838 3067 2035 3124 RESP.
2064 3068 2222 3123 Aliud
2243 3068 2480 3123 estidem
2505 3084 2648 3135 esse,
2663 3076 2717 3122 et
2741 3068 2908 3133 aliud,
2944 3067 3169 3123 alterius
3190 3082 3331 3122 esse.

1768 3159 1944 3233 Atque
1974 3161 2116 3217 idem
2145 3163 2366 3233 quidem
2388 3177 2510 3217 esse
2541 3161 2861 3217 relationem
2904 3175 3013 3214 non
3060 3158 3336 3227 admittit;

1771 3255 1997 3309 alterius
2025 3262 2206 3310 autem
2224 3270 2369 3321 esse,
2396 3254 2714 3310 relationem
2740 3253 2997 3308 admittit.
3019 3251 3191 3308 Porro
3212 3268 3337 3307 cum

1771 3346 2036 3417 perfectio
2074 3345 2170 3401 Dei
2206 3347 2260 3401 in
2292 3362 2359 3401 eo
2389 3348 2481 3411 sit,
2515 3346 2662 3416 quod
2706 3346 2847 3400 idem
2894 3346 3004 3410 sit,
3049 3353 3337 3416 propterea

1772 3455 1880 3493 non
1916 3444 2078 3509 auget
2110 3454 2233 3493 eum
2270 3438 2325 3493 id
2369 3438 2515 3509 quod
2555 3437 2782 3492 alterius
2829 3446 2933 3492 est.
2975 3436 3038 3489 Et
3078 3437 3339 3507 quemad-

1771 3530 1993 3584 modum
2016 3531 2215 3583 unitati
2246 3531 2381 3584 nihil
2415 3529 2630 3585 confert
2659 3528 2725 3582 ad
2757 3528 3147 3598 perfectionem
3182 3528 3331 3598 ejus,

1770 3620 1917 3690 quod
1973 3619 2299 3690 principium
2334 3621 2407 3674 sit
2449 3625 2660 3675 numeri
2692 3620 2839 3692 (nam
2872 3618 3087 3675 etiamsi
3120 3619 3335 3673 numeri

1771 3716 2101 3788 principium
2148 3729 2259 3768 non
2304 3722 2485 3779 esset,
2539 3713 2779 3784 perfecta
2827 3722 3006 3765 tamen
3053 3718 3235 3773 esset;
3284 3716 3339 3763 et

1773 3809 2102 3883 principium
2126 3807 2337 3862 numeri
2356 3792 2531 3873 facta,
2556 3822 2668 3861 non
2690 3812 2849 3859 aucta
2876 3814 3053 3859 tamen
3085 3800 3218 3871 est),
3256 3799 3336 3854 sic

1774 3907 1919 3960 Deus
1959 3919 2178 3974 quoque
2215 3915 2343 3959 ante
2375 3902 2707 3957 creationem
2748 3898 3023 3971 perfectus
3080 3905 3238 3961 erat,
3281 3905 3337 3951 et

1772 4007 1895 4069 post
1925 3998 2253 4053 creationem
2287 4003 2482 4051 auctus
2514 4011 2622 4049 non
2657 4003 2761 4050 est.
2804 3992 2925 4047 Non
2976 3992 3140 4063 igitur
3169 3990 3336 4060 quid-

1772 4108 1934 4164 quam
1966 4107 2153 4147 eorum
2182 4106 2303 4161 qua:
2324 4106 2419 4159 per
2445 4092 2769 4144 creationem
2792 4094 2941 4149 sunt,
2976 4084 3144 4139 Deum
3171 4082 3337 4136 adau-

1772 4195 1860 4256 get
1890 4184 1994 4254 (Tu
2035 4183 2210 4248 enim,
2255 4181 2466 4251 inquit,
2505 4178 2641 4233 idem
2668 4196 2722 4233 es
2752 4178 2843 4248 5‘),
2882 4177 2976 4233 sed
3014 4177 3338 4232 relationem

1775 4290 1937 4345 quam
1984 4273 2051 4327 ad
2094 4281 2401 4328 creaturam
2448 4272 2655 4326 obtinet
2704 4268 3058 4323 multifariam
3097 4266 3335 4337 (Nimis,

1774 4367 1970 4436 inquit,
1997 4365 2263 4419 exaltatus
2297 4381 2351 4418 es
2388 4378 2541 4432 super
2569 4378 2745 4414 omnes
2789 4359 2912 4414 deos
2945 4358 3038 4430 ⁸⁸),
3074 4364 3335 4427 tanquam

1776 4458 1937 4513 Pater
1970 4458 2215 4523 scilicet,
2250 4464 2303 4512 et
2335 4455 2599 4509 Dominus
2621 4493 2636 4518 ,
2667 4461 2720 4508 et
2749 4451 2938 4521 judex,
2969 4459 3025 4507 et
3050 4458 3256 4522 pastor,
3283 4460 3340 4506 et

100 4564 279 4634 ἀτελὴς
326 4566 395 4617 ὲκ
434 4563 629 4616 τούτου
664 4563 873 4635 ἐδείχθη
914 4565 947 4635 ή
982 4564 1141 4617 αὑτοῦ
1183 4565 1455 4636 τελειότης
1494 4566 1573 4628 εἰς
1610 4563 1665 4617 τὸ

1842 4566 1893 4605 aa
1918 4558 2045 4605 sunt
2071 4549 2157 4604 his
2188 4548 2408 4603 similia.
2452 4545 2518 4599 Et
2560 4545 3024 4616 quemadmodum
3065 4547 3195 4614 quia
3229 4557 3339 4597 non

101 4656 224 4728 ὑπὲρ
264 4698 278 4712 .
326 4699 340 4711 .
390 4696 406 4711 .
452 4695 468 4710 .
508 4672 596 4709 ον’
620 4658 667 4709 εί
691 4657 747 4711 δὲ
778 4657 850 4729 μὴ
874 4660 1107 4729 ποιήσας
1146 4658 1392 4723 πλείονας
1434 4659 1671 4729 κόσμους

97 4750 120 4797 ὁ
147 4748 274 4813 Θεὸς
322 4751 431 4803 οὐκ
464 4748 741 4821 ὲμειώθη,
778 4750 886 4803 οὐδ’
924 4752 1031 4823 ἄρα
1072 4753 1301 4823 ποιήσας
1334 4752 1429 4805 ἕνα
1468 4751 1669 4819 κόσμον

99 4841 313 4915 ηὐξήθηο

178 5100 532 5153 ἘΡΩΤΠΣΙΣ
560 5102 704 5155 ΡΙΔ’.
725 5101 786 5154 Ei
806 5101 868 5152 τὸ
897 5078 1035 5156 εἶναι
1062 5104 1127 5172 τῇ
1154 5100 1380 5171 δυνάμει
1408 5100 1502 5154 τοῦ
1524 5096 1665 5154 εἶναι

104 5193 161 5260 τῇ
192 5193 444 5264 ἐνεργείᾳ
469 5193 808 5264 καθέστηκεν
844 5194 1082 5257 ἔλαττον,
1114 5193 1233 5257 πῶς
1262 5197 1290 5247 ό
1331 5193 1425 5247 τοῦ
1465 5194 1670 5264 κόσμου

106 5286 340 5357 ποιητὴς,
373 5284 485 5356 πρὸ
511 5285 613 5357 τῆς
643 5285 736 5339 τοῦ
775 5287 978 5358 κόσμου
1017 5288 1285 5358 ποιήσεως
1331 5287 1559 5359 ποιητὴς
1596 5285 1673 5339 ὢν

201 5440 244 5471 ⁸⁸
279 5439 445 5495 Joan.
478 5456 594 5506 xvr,
627 5440 714 5498 12.

112 5520 242 5573 xm,
280 5512 334 5566 9.

823 5442 867 5475 ⁸¹
901 5441 1076 5498 lCor.
1130 5458 1205 5508 vr,
1263 5442 1349 5498 15.

173 5684 407 5807 ρογτδ
448 5687 702 5769 τέλειον.
753 5686 860 5769 llic
923 5688 1169 5759 apposita
1224 5685 1669 5779 fuerat'lacuna,

113 5768 178 5805 seu
256 5772 489 5807 morsus
557 5764 866 5807 immerito.
934 5774 1060 5807 cum
1132 5771 1329 5807 sensus
1381 5760 1452 5807 sit
1512 5754 1669 5807 abso-

114 5754 196 5877 lse?
256 5772 489 5828 prorsus
557 5758 866 5824 immerito,
934 5754 1060 5813 cum
1132 5771 1329 5813 sensus
1381 5755 1452 5811 sit
1512 5754 1675 5810 abso-

132 5840 159 5876 u
186 5840 265 5877 us.

132 5840 265 5883 ιιιιη.

1460 5441 1647 5495 "Act.
1685 5454 1726 5505 ι,
1773 5439 1824 5495 7.
1916 5439 1963 5472 ⁸³
1996 5435 2153 5493 Rom.
2194 5451 2305 5499 xw,
2342 5436 2429 5491 l7.

1774 4644 1959 4713 plures
1981 4639 2226 4695 condidit
2250 4637 2483 4691 mundos
2513 4635 2688 4699 Deus,
2735 4633 2880 4706 quod
2909 4634 3127 4705 quidem
3161 4632 3345 4687 facere

1776 4742 1987 4806 potest,
2034 4748 2142 4786 non
2180 4730 2388 4785 idcirco
2416 4730 2565 4784 illius
2597 4742 2795 4783 manca
2833 4725 3095 4797 perfectio
3123 4726 3340 4797 quomia

1775 4844 1880 4881 nus
1928 4826 2395 4896 superexaltetur,
2438 4822 2513 4877 ita
2561 4836 2661 4875 nec
2703 4834 2813 4874 uno
2865 4820 3072 4873 mundo
3122 4815 3345 4871 condito

1774 4918 2036 4972 adauctus
2063 4925 2166 4979 est,
2203 4916 2250 4971 si
2284 4915 2509 4969 minime
2536 4913 2857 4969 imminutus
2879 4912 3004 4982 quia
3032 4911 3213 4981 plures
3234 4924 3343 4963 non

1773 5009 2042 5064 condidit.

1842 5098 2119 5168 QUIEST.
2150 5097 2337 5153 CXIV.
2359 5096 2415 5152 Si
2442 5102 2712 5169 potestate
2731 5112 2854 5152 esse
2877 5096 3059 5151 minus
3076 5102 3158 5150 est
3180 5108 3345 5163 quam

1772 5202 1900 5247 actu
1950 5205 2073 5245 esse
2102 5230 2118 5252 ,
2171 5189 2446 5261 quomodo
2494 5185 2685 5241 mundi
2728 5187 3013 5246 conditor.
3062 5199 3184 5240 cum
3220 5193 3345 5236 ante

1774 5284 2038 5339 mundum
2077 5282 2357 5337 conditum
2396 5288 2665 5351 potestate
2708 5279 2961 5335 conditor
3000 5277 3194 5343 fuerit,
3232 5292 3345 5331 non

2532 5433 2579 5467 “
2606 5434 2750 5490 Psal.
2798 5448 2871 5499 LI,
2920 5432 3012 5487 ‘28.
3122 5428 3168 5461 ⁵⁸
3196 5427 3343 5485 Psal.

1851 5682 2289 5754 {90)7K60y0vc.
2330 5680 2519 5754 Neque
2543 5680 2735 5754 etiam_
2766 5679 2857 5734 hic
2907 5679 3159 5754 lacunam
3205 5675 3359 5754 ferre,

1778 5747 1951 5824 potui.
1975 5747 2148 5824 Forte
2172 5747 2467 5824 legendum
2499 5750 2528 5803 ὸ
2561 5752 2655 5806 καὶ
2677 5749 2920 5807 δύναται.
2955 5747 3099 5804 Infra
3130 5750 3232 5822 leg.
3270 5750 3347 5811 si;

1780 5820 1840 5878 τὸ
1869 5825 1969 5878 (ms
1978 5820 2287 5895 ρυψωθῆναι
2317 5820 2497 5875 αὐτόν.
