3638 6474
314 378 453 435 1565

1064 374 1429 431 APPENDIX.
1469 406 1539 419 -
1573 371 1753 427 PARS
1791 370 1832 425 1.
1871 370 1931 426 S.
1963 368 2232 427 JUSTINI
2266 370 2496 427 OPEBA
2533 369 2803 429 SPURIA.

3417 370 3519 424 13M

312 499 435 547 actu
455 532 471 556 ,
504 506 612 547 non
642 478 771 546 huic
801 491 1146 547 incommodo
1172 489 1454 560 subjectus
1477 499 1580 553 est,
1610 493 1670 541 ut
1694 485 1868 540 minus

2056 486 2222 556 lapsi,
2259 486 2351 540 καὶ
2379 487 2480 539 οὑκ
2509 485 2786 557 ἐνεργείᾳ,
2830 482 2905 554 τῷ
2938 483 3043 553 τῆς
3086 478 3424 546 ἐλαττώσεως
3447 485 3518 554 οὺχ

310 587 376 641 de
395 602 461 641 eo
490 587 741 641 dicatur?

381 677 582 738 RESP.
626 678 870 746 Quorum
906 676 1168 748 operandi
1199 681 1441 745 potestas
1474 669 1709 727 naturali
1739 684 1875 740 qua-

288 772 436 827 i'dam
470 772 795 828 necessitate
821 778 1057 833 constat,
1092 784 1281 824 eorum
1309 772 1550 837 potestas
1579 764 1757 818 minor
1792 771 1876 817 est

307 879 472 935 quam
503 872 680 919 actus.
728 862 899 932 Cujus
942 870 1123 915 autem
1167 865 1411 929 potestas
1461 854 1725 926 operandi
1766 869 1875 908 non

307 956 547 1012 naturali
581 954 931 1017 necessitate,
962 952 1056 1008 sed
1081 952 1301 1022 propria
1331 950 1608 1004 voluntate
1635 955 1870 1010 constat,

309 1046 365 1100 in
392 1062 518 1101 eum
544 1047 727 1101 minus
752 1062 860 1100 non
887 1045 1052 1099 cadit.
1086 1042 1371 1114 Cogitasti,
1396 1040 1598 1111 inquit,
1622 1049 1670 1093 et
1694 1039 1874 1093 omnia

306 1136 404 1191 tibi
428 1137 643 1192 adsunt.
1271 1198 1278 1208 _

378 1228 656 1295 QUAEST.
686 1226 847 1284 CXV.
883 1226 943 1284 Si
978 1244 1121 1299 genu
1144 1226 1361 1283 ﬂectere
1390 1228 1445 1282 in
1474 1226 1729 1297 precibus
1753 1239 1870 1277 ma-

306 1323 391 1392 gis
426 1322 535 1377 Deo
565 1331 849 1393 precantes
882 1322 1262 1386 commendat,
1298 1336 1463 1391 quam
1502 1327 1711 1374 stantes
1744 1333 1864 1388 pre-

305 1414 452 1480 cari,
494 1424 559 1469 ac
599 1414 775 1485 magis
816 1414 1055 1469 divinam
1100 1413 1531 1469 miscricordiam
1575 1411 1867 1466 conciliat:

304 1521 405 1559 cur
436 1504 735 1561 Dominicis
762 1506 956 1561 diebus
993 1515 1049 1562 et
1079 1522 1108 1559 a
1137 1504 1349 1562 Pascha
1378 1520 1554 1575 usque
1588 1503 1655 1557 ad
1678 1502 1872 1557 Pente-

303 1606 525 1663 costen,
570 1614 712 1669 genu
760 1615 867 1654 non
924 1598 1150 1654 ﬂectunt
1199 1600 1293 1670 qui
1340 1597 1677 1668 precantur?
1715 1595 1871 1651 Unde

302 1701 483 1745 autem
509 1701 563 1747 et
586 1692 699 1747 huic
722 1693 777 1746 in
805 1692 1068 1748 ecclesias
1093 1692 1402 1763 ingressum
1437 1690 1624 1744 habuit
1646 1703 1872 1745 consue-

301 1783 468 1839 tudo?

369 1874 537 1946 490
563 1872 763 1930 RESP.
804 1875 941 1942 Quia
975 1874 1261 1945 utriusque
1292 1890 1392 1929 nos
1426 1888 1641 1942 semper
1676 1871 1865 1926 memi-
1900 1871 1940 1925 Β

299 1968 454 2024 nisse
483 1978 715 2038 oportet,
742 1976 795 2023 et
828 1968 1002 2023 nostri
1036 1969 1089 2022 in
1122 1973 1341 2037 peccata
1370 1967 1578 2035 lapsus,
1602 1972 1655 2019 et
1677 1965 1867 2034 gratia:

298 2055 508 2111 Christi
542 2057 737 2119 nostri,
774 2072 871 2125 per
902 2071 1066 2125 quam
1094 2071 1159 2110 ex
1192 2055 1433 2124 peccatis
1482 2055 1863 2121 surreximus;

298 2156 585 2221 pr0pterea
618 2161 853 2219 genuum
888 2147 943 2201 in
978 2163 1073 2202 sex
1103 2147 1297 2201 diebus
1346 2147 1505 2203 ﬂcxio
1536 2147 1751 2216 signum
1782 2154 1866 2201 est

296 2239 473 2295 nostri
506 2238 562 2293 in
597 2246 819 2309 peccata
852 2238 1072 2308 lapsus;
1097 2238 1240 2309 quod
1267 2249 1448 2294 autem
1475 2239 1562 2294 die
1581 2237 1865 2293 Dominico

293 2350 403 2389 non
438 2332 704 2389 ﬂectimus
737 2348 899 2403 genu,
937 2332 1151 2403 signum
1188 2340 1271 2388 est
1301 2333 1741 2395 resurrectionis,
1770 2346 1867 2402 per

291 2440 457 2496 quam
490 2424 696 2478 Christi
730 2424 906 2494 gratia
939 2430 993 2480 et
1034 2440 1062 2478 a
1109 2425 1350 2494 peccatis
1384 2425 1596 2479 liberati
1633 2440 1859 2490 sumus,

291 2526 347 2572 et
379 2532 408 2570 a
440 2517 624 2572 debita
658 2518 900 2586 peccatis
928 2529 1136 2581 morte,
1168 2531 1288 2586 quae
1314 2516 1594 2571 destructa
1639 2526 1744 2572 est.
1779 2517 1864 2571 Ab

290 2608 612 2680 apostolicis
642 2617 825 2664 autem
861 2609 1201 2679 temporibus
1235 2609 1451 2663 initium
1487 2609 1679 2664 habuit
1712 2608 1864 2678 ejus-

290 2704 438 2759 modi
471 2703 841 2770 consuetudo,
875 2704 1333 2774 quemadmodum
1384 2706 1461 2759 ait
1509 2706 1703 2762 beatus
1751 2706 1862 2762 Ire-

290 2810 442 2852 naeus
471 2803 679 2869 martyr
707 2803 761 2851 et
787 2798 1082 2866 episcopus
1116 2795 1499 2868 Lugdunensis
1534 2799 1589 2852 in
1624 2799 1763 2853 libro
1784 2799 1862 2853 De

291 2887 583 2955 Paschate,
619 2888 677 2943 in
720 2904 830 2960 quo
861 2898 915 2944 et
945 2887 1301 2945 Pentecostes
1348 2890 1625 2954 meminit,
1664 2891 1719 2944 in
1754 2906 1860 2960 qua

291 2996 398 3037 non
429 2980 698 3038 ﬂectimus
727 2998 898 3053 genu,
942 2981 1070 3055 quia
1103 2982 1347 3051 ejusdem
1385 2982 1645 3041 momenti
1679 2989 1763 3038 est
1796 2996 1861 3037 ac

361 3184 470 3268 (gl)
530 3154 1033 3268 Τεθαναςωμένου.
1086 3184 1171 3268 Ad
1221 3185 1519 3257 marginem
1568 3185 1931 3268 utriusquec

288 3256 497 3313 codicis
529 3271 634 3310 ms.
665 3256 864 3326 legitur
890 3256 1287 3326 τετραμμένου.

512 3326 614 3399 Ἑν.
633 3325 714 3399 τῷ
742 3327 880 3399 Περὶ.
939 3325 1042 3399 τοῦΔ
1067 3325 1296 3399 Πάσχα
1326 3326 1503 3399 λόγῳ.
1533 3325 1770 3399 ΑΕηίῑυίῑ
1801 3328 1859 3386 S.

285 3395 474 3457 Ireuaai
497 3395 760 3467 paciﬁcus
783 3395 999 3453 animus
1031 3397 1085 3467 in
1106 3395 1334 3451 fovenda
1360 3398 1502 3452 inter
1521 3396 1863 3457 Christianos

286 3483 439 3539 pace,
462 3466 595 3539 quae
625 3468 696 3521 ob
725 3467 1003 3539 diversum
1054 3466 1277 3522 Pascha:
1315 3467 1625 3539 celebrandi
1655 3484 1859 3525 morem

286 3536 427 3611 pene
465 3536 727 3611 dissiluit.
758 3536 863 3611 Sed
915 3554 1040 3593 cum
1072 3540 1125 3592 in
1153 3538 1429 3611 epistolis.
1459 3554 1676 3611 quasea
1714 3542 1781 3595 de
1804 3556 1862 3597 re

286 3609 529 3681 Scripsit,
591 3623 656 3664 ea
710 3609 953 3681 colligat,
1016 3625 1137 3679 qua:
1170 3611 1298 3681 alibi
1338 3610 1545 3681 aliter,
1597 3610 1858 3666 incolumi

282 3679 436 3751 pace,
469 3680 751 3735 observari
809 3681 1095 3751 solebant;
1150 3680 1195 3734 si
1242 3679 1420 3751 hujus
1452 3696 1668 3751 quoque
1700 3682 1860 3738 insti-

283 3751 408 3815 tuti,
441 3758 502 3805 ut
547 3758 781 3806 testatur
829 3758 1017 3806 noster
1073 3750 1591 3815 Pseudo—Justinus,
1622 3756 1856 3809 mentio-

283 3836 409 3875 nem
439 3820 569 3877 fecit
590 3860 605 3884 ,
635 3837 767 3875 num
799 3822 1036 3890 aliquam
1066 3822 1383 3877 varietatem
1426 3821 1542 3877 haec
1566 3823 1731 3877 etiam
1757 3841 1857 3879 ex-

283 3892 871 3963 pertamconsuetudo‘!
910 3892 1173 3948 Intererat
1218 3894 1363 3947 enim
1395 3891 1581 3947 Irenaai
1609 3908 1674 3947 ea
1717 3896 1859 3963 obji-

283 3977 409 4017 cere
437 3960 645 4016 Victori
676 3961 921 4018 Romano
951 3967 1230 4032 episcopo,
1260 3978 1491 4032 quorum
1534 3964 1684 4017 varia
1716 3960 1854 4033 erat,

283 4040 671 4102 perseverante
700 4033 1020 4096 concordia,
1073 4034 1419 4098 observatio;
1464 4034 1607 4102 quod
1636 4034 1854 4102 quidem

282 4104 486 4157 clarius
515 4104 621 4158 erit
654 4119 719 4158 ex
769 4105 903 4173 ipsis
927 4104 1109 4159 lremei
1138 4106 1320 4159 verbis
1345 4107 1486 4173 apud
1525 4103 1724 4159 Euseb.
1759 4108 1852 4161 lib.

278 4189 335 4248 γ,
367 4188 489 4248 εει)ζ
510 4174 585 4248 24
612 4193 624 4229 :
652 4176 726 4228 Οὐ
755 4174 866 4248 γᾴρ
901 4174 1057 4248 μόνον
1108 4176 1235 4248 περὶ
1264 4175 1363 4248 τῇς
1386 4176 1623 4248 μημέρας
1650 4175 1853 4248 ἐστὶννή

278 4245 719 4317 ἀμφισϐήτησις,
742 4244 879 4301 ἀλλὰ
911 4245 1005 4317 καὶ⁴
1049 4244 1193 4317 περι
1227 4244 1325 4298 τοῦ
1352 4244 1535 4309 εἴδους
1553 4244 1717 4297 αὑτοῦ
1753 4244 1853 4317 τῆς

278 4316 551 4389 νηστείας.
579 4318 642 4389 Oi
671 4316 767 4387 μὲν
804 4317 912 4389 γᾴρ
943 4316 1153 4389 οίονται
1198 4317 1328 4389 μίαν
1381 4317 1589 4389 ἡμέραν
1615 4316 1722 4369 δεῖν
1755 4316 1853 4389 ab:-

277 4388 406 4450 τοὺς
438 4388 745 4459 νηστεύειν,
768 4387 825 4440 oi
850 4387 908 4441 δὲ
963 4387 1075 4451 δύο,
1108 4388 1159 4459 οἱ
1194 4387 1249 4440 δὲ
1292 4389 1386 4441 καὶ
1417 4387 1688 4459 πλείοναςο
1720 4389 1769 4439 οἱ
1795 4388 1852 4440 δὲ

274 4457 682 4547 τεσσαράκοντα
704 4458 862 4547 ιὥρας
890 4458 1155 4547 ἡμερινὰς
1265 4459 1358 4545 καὶ
1375 4457 1694 4547 νυκτερινάς
1724 4475 1855 4527 συμ-

280 4528 535 4600 μετροῦσι
568 4528 665 4600 τὴν
694 4528 1151 4600 ἡμέραναῦτῶν.
1184 4530 1294 4582 Καὶ
1329 4528 1552 4600 τοιαύτη
1594 4529 1691 4599 μὲν
1731 4546 1850 4582 ποι-⁸

278 4598 426 4672 κιλία
451 4599 559 4672 τῶν
592 4598 992 4671 ἐπιτηρούντων
1042 4602 1120 4672 ού
1143 4600 1236 4653 νῦν
1260 4602 1343 4672 ἐφ’
1374 4598 1549 4672 ημῴν
1575 4598 1850 4672 γεγονυῖα,

278 4667 437 4759 seu.
460 4670 597 4759 ea?”
622 4667 882 4759 πράέέρογ
934 4672 1024 4724 ἐπὶ
1214 4667 1320 4757 πρὸ
1347 4667 1526 4759 mea
1697 4671 1855 4759 ,πσειά

274 4739 339 4791 τὸ
370 4740 615 4811 ἀκριϐὲς,
650 4739 724 4804 ὼς
756 4739 922 4806 είκὺς,
978 4739 1345 4811 κρατούντων,
1371 4739 1491 4811 ’τὴν
1542 4740 1661 4793 καθ’
1688 4739 1855 4794 ἁπλό-

274 4826 412 4879 τητα
438 4811 530 4883 καὶ
564 4811 868 4883 ἰδιωτισμὺν
894 4812 1175 4883 συνήθειαν
1206 4814 1285 4875 είς
1327 4813 1389 4865 τὸ
1428 4813 1719 4881 μετέπειτα
1755 4830 1853 4864 πε-

276 4881 603 4962 ποιηκότων.
636 4880 817 4962 lVeque
851 4880 1091 4962 en_im_’de
1113 4885 1197 4962 die
1237 4885 1349 4950 ipso
1371 4880 1853 4962 controversiaw-

277 4951 389 5003 lum
425 4961 525 5011 est.
557 4952 648 5006 sed
675 4951 836 5005 etiam
887 4952 951 5008 de
994 4954 1110 5021 ipsa
1142 4954 1316 5021 forma
1354 4953 1568 5023 jejunii.
1620 4951 1853 5019 Quidam

274 5024 415 5093 enim
439 5023 746 5076 existimant
775 5024 927 5076 unico
954 5024 1038 5076 die
1078 5025 1178 5078 sibi
1214 5040 1325 5077 esse
1347 5024 1719 5093 jejunandum,
1758 5025 1855 5076 alii

274 5092 501 5153 duobus,
530 5092 626 5147 alii
654 5094 893 5163 pluribus
919 5110 937 5146 :
974 5095 1071 5147 alii
1128 5110 1245 5147 vero
1291 5092 1648 5164 quadraginta
1684 5094 1850 5157 horis,

275 5164 549 5235 nocturnis
598 5173 647 5218 et
702 5164 929 5226 diurnis,
964 5165 1104 5218 diem
1145 5181 1301 5219 suum
1340 5167 1645 5221 metiuntur.
1682 5166 1853 5235 Atque

273 5233 385 5288 Ita'c
402 5234 765 5303 jejunantium
796 5237 1048 5299 varietas,
1078 5253 1180 5291 non
1204 5246 1387 5289 nostra
1414 5238 1642 5305 primum
1696 5233 1853 5291 wtate

274 5315 406 5362 nata
437 5314 537 5369 est,
562 5305 651 5361 sed
677 5305 842 5359 multo
865 5309 1010 5374 prius
1043 5308 1140 5361 sub
1166 5308 1232 5359 iis
1264 5308 1354 5376 qui
1398 5317 1521 5362 ante
1548 5324 1643 5361 nos
1677 5310 1850 5361 minus

272 5387 544 5443 accurate,
594 5388 651 5431 ut
696 5377 976 5432 verisimile
1008 5386 1109 5441 est,
1143 5377 1516 5447 gubernantes,
1566 5388 1740 5432 ortam
1786 5395 1851 5434 ea;

270 5448 615 5517 simplicitate
645 5459 696 5503 et
719 5448 984 5517 imperitia
1017 5448 1447 5503 consuetudinem
1485 5450 1539 5501 in
1583 5459 1849 5518 posterum

271 5518 613 5576 induxerunt.
640 5519 797 5575 Hunc
830 5519 1007 5574 locum
1032 5527 1086 5573 et
1111 5534 1209 5574 sua
1238 5528 1431 5589 sponte
1454 5528 1770 5590 corruptum
1795 5529 1849 5574 et

271 5590 439 5662 variis
470 5590 1010 5662 interpretationibus
1047 5598 1296 5662 vexatum
1332 5591 1621 5662 emendare
1656 5599 1708 5645 et
1754 5606 1849 5645 ex-

269 5658 474 5726 plicare
494 5658 766 5733 conabor.
798 5659 977 5733 Unum
1027 5660 1287 5733 est_quod
1319 5661 1530 5733 clarum
1559 5670 1615 5715 et
1638 5664 1848 5733 persipi-

270 5742 432 5784 cuum
461 5731 554 5791 sit,
576 5746 771 5800 nempe
797 5731 867 5787 de
891 5731 1104 5800 jejunio
1118 5731 1457 5787 Dominicam
1490 5731 1848 5787 resurrectio-

270 5813 394 5852 nem
426 5801 673 5873 proxime
704 5803 1056 5873 antecedente
1082 5800 1288 5873 aliquid
1306 5802 1376 5857 ab
1397 5803 1657 5871 apostolis
1678 5802 1846 5858 fuisse

271 5869 668 5941 praescriptum,
695 5871 839 5943 quod
862 5872 917 5927 in
946 5869 1196 5931 ecclesiis
1224 5869 1502 5929 nonnullis
1537 5874 1606 5929 ob
1630 5889 1838 5943 eorum,

1978 578 2277 631 ὑποπίπτει
2305 578 2528 648 ὀνόματι
2553 594 2568 641 ;

2059 671 2458 724 ἈΠΟΚΡΙΣΙΣ.
2478 664 2577 722 Ὧν
2604 670 2637 739 ἡ
2658 666 2883 738 δύναμις
2912 667 3018 737 τῆς
3049 666 3332 738 ἐνεργείας
3356 671 3519 738 φυσικῇ

1973 779 2080 816 τινι
2102 762 2317 833 ἀνάγκῃ
2365 762 2697 833 ὑφέστηκεν,
2747 760 2953 814 τούτων
2981 761 3015 828 ἡ
3046 759 3279 830 δύναμις
3326 758 3521 812 ἐλάττων

1973 853 2072 923 τῆς
2092 854 2371 924 ἐνεργείας
2402 852 2757 923 καθέστηκεν.
2784 847 2858 905 OB
2885 852 2942 904 δὲ
2964 852 2998 921 ή
3020 850 3254 921 δύναμις
3283 850 3375 920 τῆς
3404 852 3523 921 ἐνερ-

1973 938 2126 1005 γείας
2145 941 2205 992 οὐ
2226 944 2425 1010 φυσικῇ
2461 940 2694 1013 ἀνάγκῃ,
2728 939 2863 993 ἀλλά
2894 938 3006 1010 ἰδίᾳ
3035 938 3198 1009 βουλῇ
3234 940 3522 1007 ὑφέστηκεν,

1972 1026 2125 1093 οὗτος
2158 1032 2523 1104 ἀνυπόϐλητος
2548 1033 2625 1103 τῷ
2656 1033 2751 1102 τῆς
2780 1031 3132 1094 ἐλαττώσεως
3163 1031 3401 1101 ὀνόματι.
3427 1034 3525 1084 Διε-

1972 1123 2220 1190 νοήθης,
2251 1128 2403 1195 φησὶ,
2434 1127 2533 1179 καὶ
2561 1124 2753 1179 πάντα
2781 1140 2877 1179 σοι
2904 1124 3223 1192 πάρεστιν.

2057 1216 2402 1269 ἘΡΩΤΗΣΙΣ
2430 1218 2578 1272 ΡΙΕ’.
2628 1219 2690 1270 El
2737 1216 2800 1270 τὸ
2841 1217 3044 1270 κλίνειν
3087 1216 3149 1269 τὸ
3181 1216 3312 1285 γόνυ
3350 1218 3402 1268 ἐν
3431 1220 3525 1275 rei:

1975 1310 2303 1378 προσευχαῖς
2331 1306 2424 1360 τοῦ
2459 1308 2697 1371 ἑστῶτας
2719 1308 2976 1379 εὔχεσθαι
3021 1307 3225 1378 μᾶλλον
3269 1308 3383 1378 Θεῷ
3422 1310 3525 1371 τοὺς

1973 1398 2297 1468 εὐχομένους
2327 1400 2644 1471 παρίστησι,
2665 1401 2759 1453 καὶ
2785 1400 2966 1453 πλεῖον
2983 1399 3273 1469 ἐφέλκεται
3289 1400 3381 1471 τὴν
3401 1400 3525 1453 θείαν

1975 1491 2337 1561 συμπάθειαν,
2368 1492 2454 1545 διὰ
2487 1492 2537 1544 τί
2572 1494 2628 1544 ἐν
2663 1495 2782 1554 ταῖς
2817 1494 3110 1563 κυριακαίς
3156 1492 3418 1563 ἡμέραις,
3449 1494 3525 1545 καὶ

1972 1583 2081 1637 ἀπὸ
2104 1583 2197 1637 τοῦ
2239 1585 2429 1654 Πάσχα
2468 1584 2573 1647 ἕως
2609 1585 2705 1655 τῆς
2750 1585 3156 1654 Πεντηκοστῆς,
3181 1585 3315 1652 γόνυ
3347 1587 3403 1637 ού
3432 1586 3527 1637 κλί-

1971 1692 2151 1729 νουσιν
2183 1677 2232 1728 οἱ
2261 1676 2576 1746 εὐχόμενοι;
2616 1676 2775 1729 πόθεν
2803 1675 2858 1728 δὲ
2896 1677 2994 1729 καὶ
3020 1678 3053 1746 ἡ
3081 1676 3310 1746 τοιαύτη
3350 1680 3401 1729 ἐν
3427 1681 3525 1740 ταῖς

1972 1768 2288 1838 ἐκκλησίαις
2313 1767 2525 1839 εἰσῆλθε
2553 1767 2842 1839 συνήθεια;

2052 1884 2452 1937 ἈΠΟΚΡΙΣΙΣ.
2498 1882 2712 1955 Ἐπειδὴ
2739 1881 3066 1953 ἀμφοτέρων
3094 1882 3268 1952 ἐχρῆν
3298 1884 3435 1951 ἡμᾶς
3455 1883 3524 1934 ἀεὶ

1972 1974 2299 2046 μεμνῆσθαι,
2358 1975 2452 2029 καὶ
2514 1975 2616 2045 τῆς
2644 1976 2703 2029 ἐν
2757 1977 2878 2037 ταῖς
2938 1974 3245 2045 ἁμαρτίαις
3298 1973 3525 2036 πτώσεως

1967 2067 2143 2137 ἡμῶν,
2176 2067 2393 2137 καὶτῆς
2426 2064 2645 2138 χάριτος
2672 2065 2764 2119 τοῦ
2786 2064 3025 2136 Χριστοῦ
3054 2068 3087 2136 ή
3098 2064 3249 2135 μῶν,
3285 2064 3349 2117 δι’
3387 2060 3446 2136 ἦς
3470 2065 3524 2115 ἐκ

1966 2161 2066 2230 τῆς
2093 2157 2350 2222 πτώσεως
2376 2158 2699 2229 άνέστημεν,
2723 2158 2813 2212 διὰ
2842 2158 3002 2211 τοῦτο
3033 2161 3066 2228 ἡ
3093 2160 3151 2210 ἐν
3184 2161 3307 2221 ταῖς
3327 2156 3383 2221 ἓξ
3409 2158 3525 2227 ἡμέ-

1969 2268 2090 2322 ραις
2106 2250 2260 2321 ἡμῶν
2276 2251 2588 2319 γονυκλισία
2610 2250 2670 2304 σύ
2680 2251 2872 2322 μϐολόν
2889 2252 3011 2305 ἐστι
3030 2252 3132 2321 τῆς
3155 2252 3215 2302 ἐν
3231 2253 3349 2313 ταῖς
3368 2252 3524 2319 ἀμαρ-

1964 2342 2105 2404 τίαις
2124 2342 2382 2404 πτώσεως
2403 2343 2558 2413 ἡμῶν
2583 2360 2595 2372 ·
2632 2344 2692 2395 τὸ
2714 2344 2770 2396 δὲ
2798 2344 2857 2395 ἐν
2886 2346 2952 2414 τῇ
2984 2346 3227 2414 κυριακῇ
3249 2344 3322 2414 μὴ
3353 2344 3523 2395 κλίνειν

1965 2435 2094 2503 γόνυ
2126 2434 2392 2506 σύμϐολόν
2432 2438 2550 2489 ἐστι
2587 2436 2689 2506 τῆς
2721 2436 3109 2499 ἀναστάσεως,
3157 2438 3227 2489 δι’
3259 2434 3327 2509 ἦς
3357 2440 3417 2506 τῇ
3442 2436 3521 2488 τοῦ

1964 2528 2201 2600 Χριστοῦ
2250 2528 2465 2599 χάριτι,
2500 2527 2609 2581 τῶν
2640 2544 2698 2580 τε
2733 2528 3152 2599 ἁμαρτημάτων
3184 2528 3281 2580 καὶ
3326 2527 3414 2580 τοῦ
3450 2529 3523 2579 ἐπ’

1965 2619 2144 2673 αὐτῶν
2183 2619 2628 2689 τεθανατωμένου
2658 2619 2766 2690 (91)
2796 2619 3032 2672 θανάτου
3068 2618 3519 2690 ἠλευθερώθημεν.

1976 2713 2069 2766 Ἐκ
2096 2713 2205 2766 τῶν
2239 2712 2607 2766 ἀποστολικῶν
2632 2712 2687 2764 δὲ
2721 2711 2930 2783 χρόνων
2954 2714 2987 2782 ή
3024 2712 3256 2782 τοιαύτη
3294 2714 3523 2782 συνήθεια

1964 2801 2119 2855 ἔλαϐε
2147 2802 2244 2873 τὴν
2273 2801 2466 2873 ἀρχὴν,
2502 2801 2683 2865 καθώς
2711 2818 2873 2871 φησιν
2895 2803 2924 2853 ὁ
2957 2802 3232 2870 μακάριος
3264 2802 3523 2873 Εἰρηναῖος

1962 2894 1991 2945 ὁ
2015 2893 2344 2963 μάρτυςκαὶ
2373 2893 2668 2955 ἐπίσκοπος
2701 2892 3037 2961 Λουγδούνου
3072 2894 3133 2944 ὲν
3161 2892 3242 2963 τῷ
3269 2893 3403 2961 Περὶ
3430 2891 3522 2944 τοῦ

1962 2982 2180 3051 Πάσχα
2202 2983 2343 3054 λόγῳ
2373 2982 2503 3054 (9‘2),
2538 2987 2596 3038 ἐν
2627 2979 2669 3053 ᾧ
2704 2983 2976 3055 μέμνηται
3008 2987 3103 3039 καὶ
3122 2987 3373 3058 περὶτῆς
3403 2988 3523 3039 liss-

1964 3188 2056 3260 qui
2090 3196 2381 3258 praeerant,
2408 3186 2787 3258 negligentiam
2816 3185 3102 3260 observari
3120 3187 3373 3260 desierit.
3397 3187 3523 3243 Prae-

1964 3268 2114 3314 terea
2167 3269 2432 3329 repugnat
2486 3259 2708 3329 cumino
2769 3259 3165 3329 constansille
3200 3274 3264 3329 ex
3307 3261 3523 3328 quadra.

1966 3332 2114 3401 ginta
2148 3328 2301 3384 horis
2360 3328 2645 3401 nocturnis
2675 3336 2729 3382 et
2773 3328 2994 3401 diurnis
3040 3328 3178 3382 dies.
3220 3328 3324 3385 Sed
3366 3332 3407 3385 si
3438 3346 3521 3399 pro

1963 3398 2323 3471 quadraginta
2358 3400 2508 3453 horis
2539 3399 2779 3469 legamus
2805 3398 2999 3468 viginti
3032 3406 3308 3471 quatuor,
3340 3408 3390 3455 et
3410 3398 3522 3454 con-

1964 3470 2145 3526 textus
2188 3470 2457 3524 enitescet
2508 3478 2561 3525 et
2595 3483 2754 3538 quam
2810 3470 3274 3538 consuetudinem
3335 3486 3363 3523 a
3402 3487 3521 3524 nono

1962 3543 2128 3596 nullis
2162 3542 2352 3595 violari
2386 3537 2621 3595 moleste
2652 3540 2788 3593 ierat
2836 3537 3098 3599 Irenaeus.
3135 3540 3295 3596 facile
3319 3542 3520 3595 investi-

1962 3614 2233 3684 gabimus.
2266 3610 2391 3664 Erat
2418 3612 2473 3684 in
2505 3610 2729 3684 antiqua
2760 3609 3006 3684 Ecclesia
3031 3626 3151 3664 mos
3178 3614 3518 3681 apostolicus,

1962 3680 2023 3739 ut
2055 3682 2275 3737 Sabbati
2300 3682 2473 3736 sancti
2509 3681 2625 3735 dies
2659 3680 2776 3734 sine
2812 3680 2925 3732 ulle
2958 3695 3190 3749 prorsus
3218 3680 3348 3736 ’cibo
3375 3684 3519 3736 duce-

1961 3762 2133 3817 retur,
2176 3768 2276 3808 nec
2306 3752 2602 3821 quidquam
2659 3750 3044 3821 degustaretur
3095 3760 3223 3806 ante
3257 3752 3379 3821 galli
3406 3768 3519 3806 can-

1962 3835 2076 3879 tum
2112 3833 2233 3894 post
2266 3820 2495 3894 mediam
2530 3832 2764 3894 noctein.
2815 3820 3144 3894 Praecipitur
3186 3823 3241 3876 in
3263 3820 3520 3877 Constitu-

1962 3892 2190 3949 tionibus
2219 3893 2521 3962 apostolicis
2574 3893 2667 3947 lih.
2703 3908 2756 3953 ν,
2782 3906 2907 3961 cap.
2946 3892 3048 3946 l9:
3089 3903 3145 3944 ut
3178 3894 3390 3963 reliquis
3415 3894 3516 3946 die-

1961 3966 2053 4019 bus
2085 3975 2204 4018 ante
2236 3963 2576 4018 Parascevem
2606 3963 2737 4015 hora
2769 3979 2910 4015 nona
2932 3964 3011 4016 vel
3034 3979 3239 4030 uespere
3262 3965 3518 4033 unusquis-

1957 4052 2055 4105 que
2083 4034 2340 4096 comedat,
2367 4034 2444 4087 vel
2464 4044 2521 4087 ut
2544 4034 2757 4103 quisque
2785 4035 3010 4105 poterit;
3038 4044 3095 4086 at
3118 4034 3353 4089 Sabbato
3380 4050 3517 4103 usque

1959 4107 2028 4159 ad
2050 4106 2378 4176 gallicinium
2408 4114 2779 4176 permaneant,
2826 4104 3037 4176 péxpig
3075 4104 3517 4176 ἀλεκτοροφωνίας

1958 4173 2390 4249 παρατείνοντες.
2443 4174 2775 4249 Ἰξιιθρριιίιυε
2810 4173 3323 4249 Alexandrinus__in
3375 4177 3513 4249 epist.

1956 4247 1991 4300 2
2042 4244 2289 4301 l’aschali
2344 4246 2488 4314 apud
2553 4244 2967 4315 Hieronymum,
3004 4254 3137 4300 tom.
3195 4245 3362 4315 lV,p.
3395 4246 3511 4297 716:

1955 4317 2126 4370 Juxta
2155 4317 2472 4386 apostolicas
2497 4316 2803 4386 traditiones
2835 4315 3090 4384 ﬁniamus
3115 4317 3328 4386 jejunia
3352 4318 3516 4386 intem-

1914 4406 1917 4409 ‘
1953 4399 2099 4456 pesta
2131 4385 2278 4441 nocte
2305 4396 2483 4440 octavo
2511 4388 2709 4440 decimo
2730 4385 2814 4456 die
2837 4385 3135 4453 supradicti
3158 4389 3349 4441 mensis
3365 4385 3514 4438 Phar-

1956 4455 2123 4511 muthi
2146 4499 2160 4519 ,
2193 4468 2242 4512 et
2273 4459 2439 4511 altero
2462 4458 2565 4519 die,
2594 4457 2682 4527 qui
2713 4455 3006 4509 Dominica:
3036 4458 3427 4511 resurrectionis
3450 4463 3513 4510 est

1958 4532 2276 4598 symbolum,
2310 4528 2364 4580 id
2411 4540 2487 4582 est
2518 4546 2651 4581 nono
2685 4528 2888 4598 decimo
2937 4528 3175 4598 ejusdem
3234 4530 3418 4581 mensis
3445 4544 3513 4580 re-

1958 4596 2075 4653 rum
2133 4599 2341 4653 Pascha
2395 4599 2728 4652 celebremus.
2761 4596 3131 4670 Hieronymus
3164 4600 3218 4652 in
3257 4615 3374 4667 cap.
3404 4614 3509 4657 xxv,

1959 4669 2194 4726 Mattlnci
2255 4679 2488 4723 testatur
2521 4670 2857 4722 traditionem
2918 4669 3271 4738 apostolicam
3301 4685 3512 4737 perman-

1955 4742 2106 4805 sisse,
2139 4752 2195 4795 ut
2226 4743 2281 4794 in
2313 4741 2397 4793 die
2426 4741 2725 4810 vigiliarum
2771 4738 2999 4794 Pascha:
3032 4752 3155 4794 ante
3184 4741 3349 4794 noctis
3379 4740 3512 4790 dimi-

1955 4811 2101 4865 dium
2133 4812 2350 4881 populos
2377 4812 2637 4866 dimittere
2683 4826 2799 4881 non,
2840 4812 3019 4865 liceat.
3051 4810 3174 4866 Vid.
3208 4810 3437 4881 Method.
3467 4810 3510 4861 in

1957 4880 2171 4939 Conviu.
2202 4880 2352 4953 Virg.
2396 4881 2537 4953 apud
2569 4880 2862 4953 Combeﬁs.
2920 4898 2972 4953 ι).
3029 4882 3121 4945 85,
3155 4890 3210 4935 et
3232 4880 3508 4934 Palladium

1967 4954 2071 5008 Vit.
2104 4955 2163 5010 S.
2195 4951 2421 5008 Joannis
2454 4951 2817 5021 Chrysostomi
2860 4967 2925 5021 p.
2947 4952 3037 5014 84,
3075 4953 3169 5006 ubi
3194 4953 3379 5007 eadem
3414 4952 3510 5002 lau-

1955 5024 2119 5077 datur
2152 5024 2450 5095 apostolica
2503 5020 2874 5095 consuetudo.
2905 5020 3011 5077 Sed
3068 5032 3254 5076 tamen
3277 5020 3509 5095 quamvis

1954 5090 2278 5151 transmissa
2307 5095 2377 5147 al)
2426 5093 2689 5163 apostolis
2720 5092 2947 5163 fuisset,
2974 5109 3085 5147 non
3130 5090 3375 5148 eamdem
3409 5090 3509 5163 ubi-

1954 5182 2060 5236 que
2117 5161 2495 5236 auctorﬁitatem
2554 5164 2868 5236 obtinebat.
2909 5162 3070 5236 Nam,
3127 5171 3188 5217 ut
3222 5161 3504 5236 legimusin

1953 5232 2130 5291 can.i
2188 5237 2246 5294 S.
2304 5235 2544 5306 Dionysii
2579 5232 2956 5306 Alexandrini,
2987 5232 3503 5306 jejunium’Sah‘bato

1954 5316 2148 5379 sancto
2178 5309 2281 5363 sub
2305 5302 2678 5379 galli'cantum
2724 5302 3053 5379 solvendum
3080 5320 3215 5379 esse
3234 5302 3503 5379 censebant

1952 5377 2183 5433 Romani
2212 5373 2509 5434 Christiani
2539 5397 2553 5431 :
2587 5391 2696 5429 non
2751 5373 2985 5429 deerant
3017 5377 3287 5441 ecclesiae,
3310 5378 3360 5429 in
3400 5373 3501 5440 qui-

1951 5451 2054 5504 bus
2084 5450 2133 5503 id
2158 5464 2383 5520 vespere
2408 5446 2717 5521 iaciendum
2748 5444 3048 5521 videretur.
3089 5446 3376 5521 Dionysius
3393 5442 3500 5521 Ale-

1951 5515 2276 5583 xandrinus,
2307 5535 2370 5574 ea
2390 5518 2459 5574 de
2510 5533 2569 5572 re
2595 5515 2905 5579 consultus,
2937 5529 2993 5569 ut
3021 5515 3337 5587 negligentes
3354 5524 3399 5587 et
3431 5515 3499 5563 in-

1953 5601 2296 5659 temperantes
2326 5587 2672 5660 reprehendit
2716 5600 2812 5660 eos
2879 5588 2970 5657 qui
3019 5585 3244 5641 nimium
3274 5585 3496 5660 festinant

1949 5673 2000 5717 et
2039 5656 2161 5717 ante
2194 5656 2420 5716 mediam
2452 5670 2655 5714 noctem
2701 5656 2972 5726 jejunium
3025 5659 3257 5713 solvunt.
3295 5656 3401 5711 Non
3424 5656 3494 5703 vi-

1950 5736 2149 5790 dentur
2171 5733 2355 5788 lrenaai
2382 5731 2615 5802 querela:
2643 5728 2760 5802 alio
2776 5731 3075 5802 pertinere.
3110 5729 3231 5802 Non
3252 5730 3387 5802 enim
3415 5734 3494 5802 eos

1949 5806 2316 5875 vituperasset
2342 5794 2434 5872 qui
2466 5811 2639 5875 totum
2674 5794 2902 5875 sabbati
2938 5800 3295 5875 dienrjejuni
3326 5794 3489 5875 tradu-

1952 5870 2183 5945 cebant;
2238 5870 2373 5931 nihil
2404 5874 2547 5930 enim
2583 5870 2817 5942 amplius
2867 5873 3257 5944 praescribebat
3303 5873 3493 5939 aposto.
