3638 6508
103 414 233 467 I365

93 547 371 617 τηκοστῆς,
405 549 462 599 ἐν
561 548 622 600 οὺ
656 546 908 618 κλίνομεν
948 548 1098 617 γόνυ,
1135 549 1322 619 ἐπειδὴ
1355 550 1665 620 ίσοδυναμεῖ

93 642 150 707 τῇ
180 636 361 708 ἡμέρα
380 637 481 707 τῆς
512 638 814 710 Κυριακῆς,
849 638 992 692 κατά
1020 639 1118 710 τὴν
1152 638 1409 710 ῥηθεῖσαν
1434 640 1558 712 περὶ
1575 642 1666 692 αὑ-

90 729 180 797 τῆς
208 728 407 781 αἰτίαν.

163 820 512 874 ἘΡΩΤΗΣΙΣ
539 822 699 889 Ρῐςν.
728 822 791 875 Εἰ
811 822 1167 893 ἀνιστάμενος
1196 826 1223 877 6
1257 825 1531 896 Δεσπότης
1556 824 1663 878 ἀπὸ

88 911 170 963 τοῦ
202 913 487 982 μνήματος
515 913 586 966 τά
618 915 845 984 ἐντάφια
872 916 930 969 ἐν
956 915 1033 987 τῷ
1063 918 1219 986 τάφῳ
1250 917 1525 979 κατέλιπε,
1546 917 1663 982 πῶς

91 1002 216 1072 μετά
248 1001 344 1073 τὴν
366 1004 664 1057 ἀνάστασιν
689 1004 720 1076 ἢ
755 1006 960 1077 γυμνὸν
986 1007 1147 1062 αὑτὸν
1169 1008 1401 1076 ὀφθέντα
1426 1049 1440 1073 ,
1476 1008 1508 1079 ἤ
1545 1010 1660 1061 ἐτέ-

89 1094 250 1164 ρωθεν
281 1096 447 1147 αὑτὸν
473 1095 676 1166 ἐσθῆτα
704 1098 1069 1169 κομισάμενον
1100 1103 1133 1171 ἡ
1166 1101 1355 1172 Γραφὴ
1377 1101 1474 1171 ούχ
1524 1102 1662 1155 ἱστό-

94 1203 278 1257 ρησεν;
330 1188 393 1239 Εί
435 1188 492 1240 δὲ
536 1190 672 1259 μήτε
710 1189 974 1261 ἑτέρωθεν
1026 1192 1391 1262 ἀμφιάσματα
1440 1192 1657 1265 εἴληφε,

93 1280 218 1349 μήτε
246 1278 458 1349 γυμνὸς
484 1284 595 1345 τοῖς
620 1281 739 1334 τότε
781 1283 942 1335 αὐτὸν
986 1284 1184 1355 ὁρῶσιν
1234 1285 1511 1355 ἐφαίνετο,
1543 1287 1660 1351 πῶς

86 1370 288 1442 ἀληθὲς,
321 1372 405 1425 ὃτι
433 1371 732 1445 τά,ἱμάτια
762 1376 820 1428 ἐν
848 1375 926 1447 τῷ
955 1377 1110 1449 τάφῳ
1140 1379 1456 1447 κατέλιπεν;

152 1556 561 1610 ἈΠΟΚΡΙΣΙΣ.
594 1557 673 1611 Τά
710 1559 806 1629 μὲν
852 1559 1041 1630 ἱμάτια
1078 1560 1172 1613 τοῦ
1203 1562 1486 1633 Σωτῆρος,
1522 1564 1658 1635 μετά

77 1648 130 1699 τὸ
174 1648 561 1720 σταυρωθῆναι
598 1650 761 1703 αὑτὸν
788 1652 836 1703 οἱ
888 1652 1215 1723 στρατιῶται
1252 1654 1653 1725 διεμερίσαντο’

78 1740 137 1791 τὰ
159 1740 212 1792 δὲ
243 1739 367 1810 μετ’
392 1741 560 1794 αὐτοῦ
594 1743 966 1813 είσενεχθέντα
1002 1745 1081 1807 εἰς
1111 1746 1201 1799 τὸν
1243 1747 1409 1815 τάςρον
1453 1746 1584 1818 (95),
1628 1748 1655 1799 ἐ

81 1872 92 1883 .
127 1874 138 1885 .
175 1870 189 1883 .
224 1831 381 1885 εσίαν
404 1832 501 1886 τοῦ
532 1833 734 1898 ζῶντος
759 1835 1104 1907 ἀνεπιτήδεια
1133 1833 1220 1908 ἦν.
1255 1839 1334 1901 Τά
1367 1839 1423 1892 δὲ
1466 1840 1652 1911 ἱμάτια

806 407 1276 477 ΩΗΑΞΕΤΙΟΝΕΞ
1311 407 1398 462 ET
1437 404 1958 462 RESPONSIONES
2006 405 2098 459 AD
2136 404 2243 461 OR'

1191 409 1276 464 ES
1311 407 1398 462 ET
1437 404 1958 462 RESPONSIONES
2006 405 2098 459 AD
2136 403 2628 462 ORTHODOXOS.

3213 406 3351 462 1366

1694 530 1734 585 Α
1764 523 1882 578 dies
1922 522 2202 579 Dominica
2248 522 2552 579 secundum
2598 519 2820 577 allatam
2856 521 2924 576 de
2944 520 3061 577 liae
3094 522 3183 581 die
3216 537 3352 579 cau-

1767 632 1905 672 saln.

1835 815 2117 884 QUEST.
2151 813 2339 871 CXVI.
2380 814 2439 870 Si
2473 829 2771 886 resurgens
2819 815 3088 869 Dominus
3127 829 3191 868 ex
3228 829 3348 867 mo-

1764 919 2025 965 numento
2060 910 2261 965 linteos
2294 909 2350 963 in
2386 910 2644 979 sepulcro
2678 908 2941 979 reliquit,
2973 907 3250 978 quomodo
3286 908 3354 959 ilo

1763 1002 1873 1056 lum
1920 1009 2043 1072 post
2084 1003 2551 1057 resurrectionem
2588 1008 2685 1057 aut
2724 1002 2933 1056 nudum
2984 1002 3306 1071 apparuisse
3330 1041 3361 1066 ,-

1764 1101 1857 1146 aut
1902 1093 2126 1148 aliunde
2176 1095 2505 1150 vestimenta
2557 1096 2866 1165 sumpsisse
2914 1093 3195 1165 Scriptura
3239 1111 3350 1148 non

1761 1187 2077 1240 enarravit?
2108 1185 2265 1254 Quod
2302 1187 2350 1243 si
2378 1202 2481 1241 nec
2505 1186 2729 1241 aliunde
2759 1188 3055 1241 amiculum
3090 1187 3345 1256 sumpsit,

1762 1291 1862 1331 nec
1888 1276 2066 1333 nudus
2095 1278 2203 1346 bis,
2237 1280 2331 1350 qui
2362 1294 2488 1335 eum
2534 1288 2670 1335 tunc
2717 1281 3009 1347 viderunt,
3053 1280 3306 1351 apparuit
3329 1297 3365 1335 ει

1760 1372 2035 1441 quomodo
2066 1389 2257 1429 verum
2295 1382 2380 1430 est
2422 1377 2757 1432 vestimenta
2798 1376 2955 1430 illum
2992 1376 3047 1428 in
3093 1374 3373 1444 sepulcro-

1760 1463 2090 1532 reliquisse?

1832 1550 2029 1609 RESP.
2085 1553 2390 1613 Salvatoris
2441 1557 2667 1628 quidem
2718 1557 3048 1613 vestimenta
3105 1555 3364 1620 milites,

1759 1652 2051 1715 postquam
2089 1647 2243 1702 illum
2273 1649 2619 1715 erucilixere,
2658 1652 2846 1720 partiti
2883 1662 3048 1714 sunt;
3084 1666 3206 1721 qua;
3243 1664 3344 1703 au-

1758 1741 1866 1788 tem
1904 1750 2027 1789 cum
2064 1752 2129 1791 eo
2160 1738 2217 1792 in
2252 1740 2569 1809 sepulcrum
2606 1738 2756 1792 illata
2793 1750 2945 1808 sunt,
2974 1740 3041 1793 ad
3078 1757 3235 1795 usum
3258 1742 3342 1794 vi-

1758 1828 1935 1883 ventis
1966 1828 2161 1884 idonea
2184 1846 2294 1886 non
2320 1839 2494 1887 erant.
2527 1831 2660 1899 Quae
2681 1848 2812 1888 vero
2833 1840 2955 1903 post
2978 1833 3340 1888 resurrectio—

76 1920 107 1976 ἃ
129 1923 307 1996 ἐφόρει
335 1926 365 1979 6
394 1925 603 1997 Κύριος
628 1927 765 1998 μετά
785 1928 883 1999 τὴν
917 1900 1214 1985 ἀνάστασιν
1240 1971 1253 1995 ,
1290 1933 1321 2004 ἦ
1359 1900 1513 2005 ἐδημι

1910 1918 2175 1979 Dominus
2208 1924 2538 1979 vestimenta
2568 1927 2841 1997 gestavit,
2872 1941 2935 1981 ea
2973 1926 3058 1981 vel
3090 1926 3299 1980 creavit
3323 1964 3340 1988 ,

76 2030 244 2083 γησεν,
278 2016 312 2088 ἦ
348 2016 543 2071 ἐλαϐεν
578 2019 890 2090 ἀλλαχόθεν,
923 2020 998 2086 ὡς
1023 2021 1182 2076 ἔλαϐε
1216 2025 1307 2078 καὶ
1342 2024 1431 2077 τὸν
1471 2027 1646 2081 πῶλον

72 2107 141 2167 εἰς
162 2107 429 2179 κάθισμα.
466 2111 758 2182 Ἑκάτερον
778 2113 885 2185 γάρ
913 2114 1164 2185 ἠδύνατο,
1197 2117 1292 2169 καὶ
1313 2117 1373 2170 τὸ
1397 2117 1647 2191 δημιουρ⁴

73 2197 223 2267 ﬁsa:
252 2200 351 2253 καὶ
383 2201 447 2253 τὸ
478 2200 664 2256 λαϐεῖν
686 2203 999 2276 ἀλλαχόθεν.
1034 2207 1251 2260 Πολλῶν
1274 2208 1330 2261 δὲ
1356 2209 1523 2265 ὄντων
1537 2212 1646 2265 τῶν

74 2288 163 2343 ὑπὸ
188 2289 278 2343 τοῦ
307 2290 522 2363 Κυρίου
569 2291 901 2363 λεχθέντων,
958 2290 1031 2350 ὧν
1084 2298 1116 2368 ἡ
1151 2297 1270 2351 θεία
1317 2299 1506 2372 Γραφὴ
1548 2302 1647 2366 τὰς

76 2380 299 2452 ἱστορίας
336 2384 400 2435 οὐ
437 2386 716 2455 περιέχει,
749 2386 806 2453 ἐξ
840 2388 1084 2460 ἀνάγκης
1126 2391 1220 2443 καὶ
1262 2390 1331 2444 τά
1366 2393 1503 2464 μετά
1548 2393 1646 2465 τὴν

74 2470 351 2524 ἀνάστασιν
380 2473 662 2544 ἐνδύματα
696 2475 805 2547 (94)
844 2518 857 2530 .
899 2518 913 2533 .
958 2518 973 2533 .
1009 2497 1056 2532 ιν
1083 2479 1303 2549 εὔλογον
1330 2483 1390 2535 τὸ
1424 2486 1487 2536 ἐκ
1509 2485 1645 2539 πάν-

72 2580 161 2615 των
179 2563 283 2617 τῶν
300 2566 532 2637 ἀνιστορ
567 2606 581 2620 .
615 2608 628 2621 .
660 2608 673 2620 .
701 2609 713 2621 .
744 2570 1095 2643 ἀνιστορήτου
1118 2572 1299 2645 ζητεῖν
1321 2575 1417 2647 τὴν
1443 2577 1642 2644 αἰτίαν,

70 2654 119 2704 οὗ
149 2693 162 2707 .
198 2695 211 2707 .
252 2695 265 2709 .
290 2656 392 2709 τοῦ
436 2658 791 2732 ἀνιστορήτου
820 2664 1252 2729 κατασκευάζειν
1282 2668 1378 2739 τὴν
1412 2669 1645 2740 ἀπορίαν

72 2748 181 2816 περὶ
199 2747 294 2801 τοῦ
346 2749 651 2820 ἐνδύματος
680 2751 774 2804 τοῦ
804 2754 1011 2826 Κυρίου
1033 2760 1061 2819 ,⁸
1088 2755 1202 2809 ἀλλ’
1237 2760 1301 2811 ἐκ
1340 2760 1438 2831 τῆς
1484 2760 1643 2814 δυνά-

75 2854 198 2904 μεως
226 2840 397 2893 αὐτοῦ
447 2840 635 2895 λαϐεῖν
677 2842 775 2914 τὴν
812 2845 994 2899 πίστιν
1046 2848 1173 2918 περὶ
1217 2847 1311 2902 τοῦ
1349 2850 1644 2922 ἐνδύματος

74 2944 235 2983 αυτου.

141 3019 491 3074 ἘΡΩΤΗΣῙΣ
520 3023 664 3076 PIZ'.
702 3024 765 3077 Εί
802 3025 959 3096 σῶμα
993 3031 1312 3101 παχυμερὲς
1342 3030 1520 3104 θυρῶν
1554 3053 1645 3091 κο-

74 3099 385 3193 κλεισμένων
417 3116 810 3189 κεκωλυμένην
829 3118 941 3191 ἔχει
958 3120 1057 3193 τὴν
1082 3099 1334 3195 πάροδον,
1367 3099 1484 3191 πῶς
1507 3128 1643 3199 μετά

72 3202 153 3273 τὴν
177 3190 479 3259 ἀνάστασιν
514 3207 654 3279 πρὸς
677 3210 802 3273 τοὺς
830 3190 1079 3283 μαθητάς
1098 3190 1205 3269 τῶν
1236 3217 1413 3289 θυρῶν
1434 3190 1644 3275 κεκλει-
1670 3251 1711 3310 C

74 3295 259 3362 σμένων
289 3298 550 3368 εἰσῆλθεν
574 3302 602 3353 ὁ
634 3300 837 3373 Κύριος
864 3319 879 3367 ;
927 3304 1067 3357 Ἀλλ’
1089 3308 1137 3359 εἰ
1174 3309 1272 3379 μὲν
1304 3309 1523 3381 ἀληθὲς,
1557 3314 1638 3367 ὅτι

70 3385 117 3435 τθι
160 3389 566 3461 κεκλεισμένων
611 3392 719 3445 τῶν
769 3394 947 3467 θυρῶν
975 3397 1121 3451 ἔνδον
1162 3399 1434 3472 ὁρώμενον
1482 3406 1641 3477 σῶμα

72 3475 331 3549 ἐτύγχανε,
358 3481 483 3546 πῶς
514 3484 543 3535 ό
571 3482 715 3549 λίθος
759 3486 787 3537 ὁ
826 3486 904 3557 τῷ
940 3490 1253 3565 Δεσποτικῷ
1297 3475 1640 3568 ἐπικείμενος

73 3570 291 3640 μνήματι
314 3574 427 3626 ὑπὸ
461 3574 557 3627 τοῦ
586 3576 815 3644 ἀγγέλου
845 3580 1183 3656 ἀπεκυλίσθη
1212 3585 1299 3639 διά
1346 3588 1444 3659 τὴν
1472 3589 1637 3644 αὐτοῦ

69 3661 144 3713 τοῦ
174 3662 426 3734 σώματος
456 3666 715 3739 ἕγερσιν;
751 3670 886 3757 είδέ
918 3673 1167 3746 ἀληθεύει
1196 3678 1229 3748 ἡ
1278 3679 1467 3752 Γραφὴ
1512 3672 1639 3754 περῖ

68 3752 150 3821 τῆς
170 3754 272 3811 τῶν
291 3757 356 3810 Ou
363 3757 480 3830 ρῶν
506 3759 737 3827 λέγουσα
762 3752 1037 3829 κλείσεως,
1082 3768 1238 3839 δῆλον
1259 3771 1340 3823 ὅτι
1369 3773 1430 3824 οὐ
1452 3752 1633 3846 σῶμα,

68 3841 180 3899 ἀλλά
221 3850 447 3921 πνεῦμα
495 3852 761 3923 εἰσῆλθεν.
798 3856 861 3909 Ei
890 3856 945 3909 δὲ
974 3858 1037 3911 τὸ
1076 3859 1235 3932 σῶμα
1275 3863 1407 3917 ποτέ
1446 3841 1548 3935 μὲν
1567 3863 1635 3939 ἦν

72 3936 224 4008 σῶμα,
258 3943 397 3998 ποτε
430 3942 487 3996 δὲ
520 3945 736 4016 πνεῦμα
766 3948 995 4017 ἐγίνετο,
1020 3951 1135 4016 πῶς
1176 3954 1295 4025 οὐχὶ
1331 3958 1539 4029 τροπὴν
1568 3936 1636 4013 τά

67 4029 146 4099 τῆς
168 4032 255 4085 τοῦ
278 4035 537 4105 σώματος
563 4037 751 4102 οὐσίας
780 4039 992 4111 ἐδέχετο
1015 4060 1029 4109 ;

138 4124 540 4181 ἈΠΟΚΡΙΣΙΣ.
572 4130 780 4205 Ὥσπερ
812 4135 872 4186 οὐ
901 4136 1041 4190 κατά
1068 4139 1167 4210 τὴν
1187 4141 1251 4195 ἐκ
1272 4141 1365 4195 τοῦ
1386 4143 1635 4216 σώματος
1684 4194 1693 4203 .

66 4212 131 4310 είς
154 4217 207 4269 τὸ
224 4220 449 4291 πνεῦμα
479 4222 689 4294 τροπὴν
711 4228 1116 4301 περιεπάτησεν
1140 4235 1169 4286 6
1195 4233 1400 4307 Κύριος
1420 4212 1512 4290 ἐπὶ
1534 4239 1632 4310 τὴν

68 4302 338 4377 θάλασσαν,
360 4312 505 4367 ἀλλά
539 4317 606 4386 τῇ
638 4315 757 4388 θείᾳ
786 4320 949 4373 αὑτοῦ
970 4322 1195 4395 δυνάμει
1211 4302 1377 4399 βατὴν
1408 4302 1630 4402 ἐποίησε

67 4398 147 4467 τὴν
168 4403 243 4466 είς
274 4405 654 4479 περιπάτησιν
696 4409 896 4464 ἄϐατον
944 4413 1221 4471 θάλασσαν
1261 4398 1343 4472 ού
1370 4398 1630 4495 μόνον

69 4490 232 4547 ἑαυτοῦ
264 4495 506 4568 σώματι,
542 4498 678 4552 ἀλλά
705 4503 799 4554 καὶ
825 4503 903 4576 τῷ
933 4507 1026 4560 τοῦ
1068 4508 1275 4582 Πέτρου
1297 4552 1312 4577 ,
1356 4490 1529 4580 οὕτως
1559 4520 1626 4589 τῇ

1750 2009 1832 2063 vel
1854 2011 2075 2067 aliunde
2106 2016 2363 2083 sumpsit,
2388 2017 2856 2085 quemadmodum
2883 2025 2936 2072 et
2959 2017 3169 2087 pullum
3190 2032 3343 2072 sum-

1747 2102 1860 2170 psit
1910 2104 1999 2158 cui
2059 2105 2348 2161 insideret.
2409 2106 2718 2177 Utrumque
2769 2111 2916 2164 enim
2979 2117 3229 2179 poterat,
3286 2118 3343 2165 et

1747 2211 1938 2253 creare
1969 2209 2023 2254 et
2064 2200 2287 2255 aliunde
2322 2216 2562 2256 sumere.
2599 2200 2735 2255 Cum
2772 2209 2958 2257 autem
3014 2202 3183 2255 multa
3229 2203 3341 2256 sint

1748 2292 1815 2347 de
1849 2288 2081 2346 Domino
2114 2291 2281 2355 dicta,
2318 2308 2555 2363 quorum
2592 2292 2880 2346 historiam
2938 2293 3124 2347 divina
3186 2292 3340 2348 Scri-

1748 2389 1907 2451 ptura
1931 2398 2039 2435 non
2063 2383 2327 2445 continet,
2347 2385 2662 2439 necessario
2690 2395 2741 2439 et
2763 2384 2967 2440 Christi
3002 2386 3329 2441 vestimenta

1748 2491 1873 2529 cum
1910 2475 1962 2529 in
1994 2475 2097 2531 hoc
2130 2492 2357 2531 numero
2391 2478 2643 2547 ponenda
2675 2478 2785 2533 sint
2811 2519 2827 2544 ,
2853 2497 3069 2551 {equum
3100 2496 3209 2535 non
3240 2491 3323 2537 est

1747 2586 1813 2626 ex
1850 2577 1929 2624 tot
1961 2570 2149 2635 rebus,
2181 2585 2302 2641 quae
2333 2578 2572 2625 narratae
2596 2587 2704 2625 non
2741 2571 2985 2637 luerunt,
3017 2572 3082 2628 de
3104 2574 3204 2627 hac
3227 2590 3337 2627 una

1747 2679 1970 2718 causam
2004 2680 2251 2734 quaerere
2274 2680 2373 2718 cur
2407 2673 2629 2719 narrata
2665 2682 2775 2721 non
2808 2667 2973 2722 fuerit
3006 2686 3019 2723 :
3060 2685 3235 2737 neque
3268 2685 3336 2723 ex

1745 2770 1811 2809 eo
1840 2756 1986 2826 quod
2018 2765 2242 2810 narrata
2299 2755 2458 2828 491
2500 2773 2608 2811 non
2645 2758 2846 2825 luerit,
2902 2760 3174 2815 dubitatio
3205 2777 3338 2815 con-

1745 2847 1926 2902 ﬂanda
1958 2848 2026 2903 de
2059 2848 2277 2903 Domini
2312 2851 2683 2915 vestimentis,
2708 2852 2803 2906 sed
2834 2868 2898 2907 ex
2930 2852 3052 2923 ejus
3086 2855 3335 2922 potentia

1745 2942 1880 2997 lides
1906 2940 2118 2996 Domini
2147 2943 2597 2998 vestimentorum
2627 2945 2942 3013 repetenda.

1817 3032 2101 3100 QII/EST.
2166 3032 2374 3089 CXVII.
2441 3033 2496 3088 Si
2552 3049 2755 3105 corpus
2814 3050 3067 3091 crassum
3121 3036 3359 3091 foribus.

1745 3124 1949 3183 clausis
1976 3127 2312 3197 prohibitum
2338 3126 2500 3181 habet
2526 3126 2837 3197 ingressum
2857 3166 2873 3192 ,
2910 3128 3187 3198 quomodo
3208 3141 3333 3200 post

1745 3220 2207 3275 resurrectionem
2244 3220 2312 3275 ad
2346 3218 2653 3291 discipulos
2696 3221 2886 3290 januis
2931 3223 3137 3278 clausis
3183 3225 3353 3281 venit.

1744 3310 2051 3368 Dominus?
2083 3312 2237 3379 Quod
2270 3315 2313 3368 si
2342 3330 2531 3369 verum
2566 3324 2650 3369 est
2684 3316 2735 3370 id
2767 3317 2913 3385 quod
2939 3315 3153 3372 foribus
3179 3317 3331 3372 clau-

1744 3406 1821 3460 sis
1859 3406 2008 3462 intus
2049 3408 2225 3461 visum
2259 3417 2344 3463 est
2370 3446 2385 3472 ,
2424 3408 2592 3464 fuisse
2625 3425 2850 3480 corpus,
2884 3411 3160 3481 quomodo
3194 3413 3341 3482 lapis

1742 3494 2029 3554 Dominico
2061 3499 2353 3568 impositus
2390 3512 2746 3557 monumento
2784 3505 2855 3559 ab
2887 3506 3081 3575 angelo
3112 3507 3331 3563 revolu-

1741 3597 1832 3643 tus
1862 3599 1944 3646 est
1980 3600 2202 3661 prapter
2230 3592 2404 3661 ipsius
2431 3596 2681 3664 corporis
2702 3599 3207 3653 resurrectionem?
3230 3598 3327 3653 Sin

1741 3692 1922 3735 autem
1955 3698 2141 3736 verum
2172 3691 2255 3737 est
2276 3683 2424 3753 quod
2454 3685 2587 3739 dicit
2618 3684 2908 3757 Scriptura
2928 3688 3131 3758 januas
3156 3691 3328 3746 fuisse

1739 3772 1996 3837 clausas,
2033 3774 2390 3829 manifestum
2413 3784 2497 3830 est
2528 3792 2637 3830 non
2673 3791 2901 3847 corpus,
2939 3778 3035 3833 sed
3070 3780 3327 3850 Spiritum

1739 3862 2049 3933 ingressum
2076 3864 2267 3921 fuisse.
2308 3865 2414 3922 Sed
2449 3867 2495 3923 si
2526 3884 2731 3938 corpus
2763 3871 2901 3926 alias
2936 3888 3141 3943 corpus
3173 3882 3329 3935 erat,

1738 3955 1876 4008 alias
1909 3956 2137 4026 spiritus
2173 3959 2357 4023 ﬁebat,
2394 3960 2671 4029 quomodo
2698 3977 2807 4017 non
2834 3972 3041 4018 mutata
3076 3967 3325 4037 corporis

1737 4049 2019 4101 essentia?

1809 4137 2007 4195 RESP.
2044 4139 2519 4208 Quemadmodum
2552 4161 2661 4200 non
2696 4149 2947 4218 corporis
2978 4149 3032 4204 in
3065 4153 3325 4222 spiritum

1734 4234 2043 4289 mutatione
2072 4235 2373 4290 ambulavit
2408 4235 2672 4293 Dominus
2708 4255 2876 4310 super
2901 4256 3071 4308 mare,
3105 4244 3201 4299 sed
3230 4246 3319 4301 di-

1733 4322 1860 4375 vina
1894 4338 1990 4378 sua
2015 4334 2282 4396 potestate
2306 4327 2631 4398 impervium
2663 4333 2729 4385 ad
2758 4332 3143 4389 ambulandum
3169 4354 3319 4395 mare

1732 4414 1978 4483 pervium
2012 4416 2144 4473 fecit
2176 4434 2287 4473 non
2312 4434 2415 4474 suo
2448 4423 2650 4490 solum,
2691 4423 2788 4479 sed
2821 4427 2984 4479 etiam
3012 4424 3159 4481 Petri
3190 4446 3315 4485 cor-

1733 4506 1884 4575 pori:
1918 4506 1991 4560 ita
2013 4507 2197 4567 divina
2218 4525 2316 4564 sua
2341 4518 2612 4581 potestate
2631 4521 2686 4568 et
2718 4530 2750 4570 e
2778 4528 3135 4574 monumento
3157 4521 3310 4587 exiit,

68 4583 232 4639 ὲαυτοῦ
255 4587 375 4661 θείᾳ
402 4589 635 4661 δυνάμει
668 4593 764 4645 καὶ
793 4594 886 4648 τοῦ
937 4599 1219 4670 μνήματος
1264 4603 1455 4676 ἐξῆλθε
1477 4647 1491 4671 ,

1886 4601 2027 4672 lapis
2056 4614 2413 4660 monumento
2447 4606 2739 4677 impositus
2770 4620 2938 4676 esset,
2974 4621 3027 4668 et
3054 4614 3120 4667 ad
3144 4616 3312 4670 disci-

68 4674 185 4730 λίθου
217 4682 571 4755 ἐπικειμένου
599 4684 678 4756 τῷ
709 4689 973 4759 μνήματι,
1004 4692 1098 4744 καὶ
1126 4693 1262 4764 πρὸς
1286 4674 1414 4760 τους
1452 4698 1625 4769 μαθη-

67 4767 146 4859 fit;
163 4773 370 4843 εἰσῆλθε
398 4774 513 4827 τῶν
544 4774 725 4846 θυρῶν
745 4779 1165 4851 κεκλεισμένων.
1190 4785 1264 4836 Οὐ
1286 4784 1394 4857 γὰρ
1412 4786 1499 4838 διά
1527 4767 1623 4859 την

66 4858 204 4913 αὐτοῦ
229 4862 449 4936 ἔγερσιν
486 4866 582 4919 τοῦ
618 4866 767 4921 λίθου
795 4872 859 4923 ἐκ
887 4870 982 4924 τοῦ
1019 4874 1301 4947 μνήματος
1347 4858 1621 4951 ἐγένετο

67 4947 351 5023 ἀφαίρεσις,
412 4956 555 5010 ἀλλά
595 4958 685 5012 διά
717 4960 777 5013 τὸ
812 4961 1115 5036 δηλωθῆναι
1168 4969 1277 5031 τοῖς
1322 4969 1490 5040 ὁρῶσι

70 5101 422 5197 ξςειιιηὰἱιίο.
457 5111 629 5197 Multo
680 5117 862 5197 minus
913 5122 1498 5197 eo_s_reprehendisset
1524 5129 1617 5197 qui

71 5172 382 5259 duobus__aut
420 5185 702 5259 pluribus
734 5172 935 5259 diebus
960 5172 1497 5259 ίίοίιιῇῗἥλιξι-ιεῖᾶιῖ
1526 5172 1616 5253 Ἦί

70 5259 175 5337 ergo
201 5254 297 5306 soli
321 5255 375 5308 in
416 5254 568 5337 illius
595 5254 1072 5337 reprehensionem
1112 5262 1484 5337 incurrerunt,
1523 5271 1615 5337 qui

71 5327 575 5407 [tutt‘empectabant
600 5326 725 5407 galli
782 5336 1035 5407 cantum,
1088 5334 1185 5407 sed
1239 5334 1389 5390 horis
1425 5326 1613 5407 viginti

69 5397 320 5468 quatuora
349 5410 511 5450 cmna
562 5395 816 5468 hesterna
846 5400 1048 5468 elapsis
1078 5404 1259 5456 cibum
1301 5395 1608 5464 sumebant.

72 5452 245 5537 llorum
294 5452 878 5537 accurata‘diligentia
922 5452 1183 5528 inihoris
1208 5478 1491 5532 nocturnis

71 5525 255 5617 fliurpis
280 5535 643 5617 numerandis
664 5525 950 5593 conﬁrmat
983 5540 1036 5595 id
1070 5525 1219 5612 quod
1232 5525 1391 5617 disi—,—
1405 5525 1606 5617 2351';

69 5601 185 5661 junii
212 5602 375 5677 legem
434 5606 519 5661 sic
569 5607 955 5677 interpretatos
1003 5601 1147 5671 esse.
1179 5621 1237 5668 ut
1272 5601 1605 5673 diemsuum

74 5676 745 5759 talen-quadragintabori‘s,
780 5687 838 5731 ut
866 5689 970 5759 est_
999 5683 1052 5737 in
1089 5692 1261 5749 textu,
1299 5686 1393 5740 sed
1417 5689 1608 5759 viginti

73 5749 277 5823 citamur
303 5749 652 5823 metirentur.
671 5746 864 5823 l‘leque
883 5752 1026 5807 enim
1047 5746 1407 5810 nunteranlul‘
1434 5746 1605 5823 hunc,

74 5805 149 5860 ubi
184 5812 352 5871 fervor
381 5818 639 5886 praecepti
665 5805 862 5876 ﬁnibus
891 5805 1607 5886 iibn’cbéiicéiiii'JﬁisZHé

76 5888 326 5943 numerum
369 5888 863 5961 quadragenarium
897 5909 1021 5949 cum
1053 5911 1149 5962 eo,
1173 5912 1333 5967 quem
1363 5900 1604 5958 restitui-

1726 4696 1886 4765 pulos
1916 4697 2059 4751 venit
2081 4698 2270 4768 januis
2300 4699 2525 4757 clausis.
2558 4700 2677 4756 Non
2712 4705 2858 4759 enim
2891 4716 3113 4779 propter
3136 4710 3310 4780 ipsius

1726 4791 2186 4846 resurrectionem
2219 4793 2355 4863 lapis
2385 4809 2416 4849 e
2447 4806 2805 4853 monumento
2836 4801 3052 4857 ablatus
3072 4811 3175 4867 est,
3212 4808 3308 4860 sed

1726 4887 1785 4932 ut
1813 4880 2121 4938 videntibus
2139 4884 2520 4940 ostenderetur
2550 4892 2901 4947 resurrectio.
2937 4894 3070 4948 Nam
3101 4913 3224 4951 cum
3251 4898 3307 4951 in

1724 4982 2079 5039 momtmento
2108 4976 2256 5031 illius
2281 4977 2503 5047 quidem
2536 4987 2737 5047 vestes,
2772 4983 3101 5052 quibuscum
3132 4990 3308 5057 sepul-

1720 5141 1866 5204 mus,
1922 5126 2081 5204 facile
2144 5130 2431 5187 confundi.
2494 5132 2736 5204 Uterque
2782 5137 2928 5191 enim
2964 5139 3161 5195 litteris
3195 5158 3303 5197 non

1719 5198 1950 5277 multum
2016 5200 2460 5271 discrepantibus
2513 5206 2567 5259 in
2621 5198 2908 5263 codicibus
2944 5226 3077 5265 mss.
3113 5216 3296 5283 expri-

1718 5275 1908 5321 mitur.

1790 5338 1899 5410 (95)
1929 5339 2040 5417 Τὸν
2062 5340 2273 5417 τάφον.
2309 5341 2604 5417 Sequentia
2633 5349 2923 5417 explentur
2946 5349 3171 5417 legendo
3221 5352 3302 5414 είς

1718 5408 2043 5490 ὑπηρεσίανέ
2076 5408 2222 5490 lirl'ra
2251 5415 2335 5468 rel
2373 5408 2660 5490 legendum
2704 5408 2814 5470 τῶν
2846 5420 2951 5472 ὑπὸ
2971 5408 3063 5470 τοῦ
3094 5408 3298 5490 Κυρίού

1716 5480 1995 5601 γεγηνέναι
2024 5481 2342 5552 λεχθέντων,
2374 5480 2459 5540 vel
2506 5488 2636 5541 illud
2672 5489 2952 5556 γεγονέναι
2987 5480 3299 5544 subintellt-

1716 5565 1969 5601 tremum.

1749 5566 1969 5607 εθιιιιιιιιι.

1714 5565 2295 5697 εθῗίὸὶῖιῖὲνδὺματα.
2336 5624 2425 5680 Sic
2456 5635 2627 5681 totum
2657 5628 2799 5682 hunc
2824 5629 3003 5683 locum
3039 5632 3292 5697 emendo,

1711 5693 1806 5774 καὶ
1856 5692 2244 5774 τάμετάτὴν
2274 5698 2585 5774 ῌάνάστασιν
2644 5692 3294 5774 ἐνδύματαλὰνιστόρητα

1709 5763 1857 5845 ὄντα,
1900 5763 2016 5845 οὐκ,
2043 5763 2211 5845 ἒστινξ
2241 5764 2460 5845 εὔλογον
2489 5768 2548 5819 τὸ
2572 5769 2633 5845 ἐκ
2663 5763 2880 5845 πάντων
2925 5763 3292 5845 ἀνιστορῆτξυν

1711 5832 1892 5913 μόνουῇ
1927 5835 2117 5889 τούτου
2178 5832 2531 5909 ἀνιστορήτου
2581 5838 2762 5911 ζητεῖν
2818 5843 2916 5913 τὴν
2952 5832 3290 5908 αἰτίαῦ,ὀξιδ’

1708 5918 1769 5956 εκ
1804 5920 1917 5961 του.
2503 5932 2506 5936 λ
