3630 6546
312 366 444 422 1367

1085 360 1535 420 APPENDIX.-—-
1572 360 1754 423 PARS
1793 359 1835 418 Ι.
1877 360 1934 415 S.
1983 359 2250 417 JUSTINI
2300 360 2531 415 OPERA
2580 360 2860 418 SPURIA.

3434 362 3527 416 I368

309 498 400 545 tus
433 486 638 550 fuerat,
671 483 1031 548 viderentur,
1062 484 1182 555 ipse
1214 490 1397 537 autem
1432 496 1544 537 non
1576 480 1887 545 videretur,

2078 480 2307 533 ῑιστασιν.
2345 480 2419 534 Τὸ
2439 480 2548 553 γὰρ
2580 482 2637 534 ὲν
2671 480 2748 552 τῷ
2781 483 3024 553 μνήματι
3053 481 3119 533 τά
3161 481 3271 551 μὲν
3310 479 3397 532 τοῦ
3422 484 3533 536 Em.

309 585 528 651 signum
553 578 607 633 id
643 577 746 632 fuit
768 574 1284 631 manifestissimum
1320 573 1496 643 ipsius
1530 570 1892 626 resurrectio-

308 673 418 733 nis.
463 667 602 725 Illud
651 676 835 722 autem
882 664 1045 721 nobis
1097 661 1562 720 considerandum
1604 666 1725 725 est,
1770 674 1891 729 quae

305 761 553 830 ejusdem
575 764 706 815 sunt
727 755 1017 820 momenti,
1041 772 1106 811 ea
1124 763 1180 810 et
1202 769 1468 810 concessa
1490 744 1887 823 paritercredi,

302 862 357 909 et
386 858 583 923 negata
612 849 817 921 pariter
837 846 1015 918 rejici.
1035 844 1181 903 Idem
1207 853 1390 900 autem
1422 844 1567 898 valet
1582 857 1732 897 mare
1761 858 1886 913 per-

302 944 588 997 ambulare
622 942 679 996 in
712 956 942 1012 corpore
973 939 1260 1006 mutabili,
1312 952 1377 992 ac
1410 936 1622 1007 ingredi
1661 936 1729 991 ad
1763 952 1891 1007 apo-

302 1035 477 1089 stolos
528 1034 586 1088 in
629 1048 862 1103 corpore
901 1031 1233 1088 immutabili
1287 1028 1500 1085 foribus
1545 1030 1773 1085 clausis.
1825 1028 1891 1082 Et

301 1127 431 1195 quia
458 1142 580 1197 quae
610 1141 777 1197 supra
810 1132 1062 1181 naturam
1088 1126 1145 1180 in
1176 1128 1375 1179 natura
1408 1122 1544 1177 (iunt
1575 1122 1761 1178 divina
1791 1138 1889 1193 po—

303 1219 494 1281 tentia,
517 1234 581 1273 ea
604 1219 774 1288 petita
806 1233 875 1273 ex
905 1225 1103 1272 natura
1135 1217 1349 1273 ratione
1378 1217 1745 1273 demonstrari
1778 1232 1887 1270 non

304 1319 555 1380 possunt,
580 1319 870 1382 propterea
887 1312 1166 1368 exterritis
1193 1311 1483 1384 discipulis
1516 1311 1584 1366 ad
1613 1312 1887 1380 ejusmodi

304 1404 614 1473 ingressum
658 1404 911 1475 permisit
946 1413 1005 1459 ut
1048 1412 1457 1460 contrectarent
1504 1404 1756 1476 corporis
1803 1404 1889 1460 sui

301 1504 506 1569 partes,
536 1511 657 1566 quae
684 1512 860 1566 passm
893 1494 1135 1560 fuerant,
1172 1511 1238 1551 ac
1259 1496 1508 1550 viderent
1530 1511 1589 1551 se
1622 1512 1730 1551 non
1764 1512 1890 1551 cor-

302 1587 454 1658 poris
488 1588 793 1642 mulatione
820 1589 876 1643 in
908 1588 1163 1659 spiritum
1189 1588 1257 1644 ad
1280 1604 1375 1643 eos
1409 1588 1717 1658 ingressum
1742 1604 1885 1653 esse,

301 1678 397 1737 sed
429 1681 483 1734 in
518 1680 696 1736 solido
734 1696 967 1752 corpore
989 1722 1004 1744 ,
1039 1682 1227 1736 divina
1268 1697 1367 1738 sua
1391 1681 1595 1737 virtute
1640 1698 1736 1747 ea,
1770 1697 1889 1753 qua:

303 1786 470 1842 supra
496 1779 753 1826 naturam
779 1782 927 1838 sunt,
963 1780 1248 1842 operante.

373 2039 653 2107 QUZEST.
690 2040 924 2096 CXVIII.
969 2000 1039 2095 Si
1084 2040 1259 2105 Deus,
1307 2042 1436 2113 quia
1484 2042 1669 2097 omnia
1718 2040 1880 2104 fecit,

301 2148 425 2204 qua:
453 2140 666 2188 natura?
688 2134 898 2188 ambitu
925 2131 1309 2195 continentur,
1341 2132 1587 2188 universi
1620 2132 1881 2187 Dominus

298 2232 533 2293 exstitit,
562 2232 706 2287 unde
738 2239 792 2286 et
814 2230 984 2286 David
1021 2232 1274 2286 hortatur
1306 2233 1374 2295 ⁵⁸,
1410 2239 1468 2287 ιιι
1494 2236 1547 2285 in
1579 2231 1725 2286 omni
1760 2232 1885 2288 loco

300 2320 517 2380 Domini
564 2321 958 2378 dominationis
1006 2322 1398 2378 benedicamus
1454 2322 1777 2385 Dominum,
1830 2329 1885 2378 et

302 2414 600 2485 Apostolus
634 2412 894 2469 similiter
934 2413 1246 2484 praescribit
1269 2414 1312 2446 ⁸⁷
1335 2453 1349 2479 ,
1387 2420 1447 2468 ut
1490 2413 1544 2467 in
1580 2394 1729 2466 omni
1762 2413 1884 2467 loco

302 2515 527 2564 sanctas
559 2521 754 2561 manus
785 2505 853 2560 ad
888 2504 1056 2562 Deum
1091 2505 1389 2573 tollamus,
1433 2521 1603 2575 quare
1642 2512 1702 2558 ut
1744 2520 1883 2575 Opus

301 2598 616 2655 venerabile
640 2605 694 2652 et
725 2596 817 2652 Dei
843 2597 1029 2653 sedem
1063 2597 1332 2653 habentes
1360 2612 1481 2652 eam
1505 2605 1739 2667 partem,
1763 2612 1885 2666 qua:

300 2692 370 2749 ad
408 2691 579 2749 solem
610 2691 879 2747 orientem
904 2691 1083 2762 posita
1124 2698 1230 2754 est,
1270 2689 1337 2745 ad
1366 2704 1488 2744 eam
1515 2690 1846 2760 respicimus
1866 2731 1882 2755 ,

302 2798 428 2838 cum
448 2783 680 2854 hymnos
705 2792 757 2838 et
776 2797 968 2853 preces
981 2781 1092 2838 Deo
1111 2782 1420 2839 offerimus?
1440 2782 1674 2848 Quinam
1701 2790 1881 2838 autem

303 2874 446 2929 hanc
470 2876 632 2931 etiam
661 2876 1119 2932 consuetudinem
1148 2876 1494 2932 Christianos
1514 2877 1887 2932 edocuerunt?

373 2966 571 3022 RESP.
610 2966 842 3034 Quando
876 2968 1097 3038 quidem
1132 2985 1253 3039 qua:
1286 2969 1433 3039 apud
1475 2985 1577 3023 nos
1619 2975 1887 3038 praestan-

302 3062 441 3117 tiora
471 3067 619 3125 sunt,
646 3076 710 3117 ea
739 3061 793 3115 in
812 3062 1077 3118 honorem
1101 3063 1196 3118 Dei
1217 3063 1578 3124 destinamus,
1603 3064 1884 3119 hominum

1995 573 2234 644 φιασμοῦ
2267 573 2430 627 αὑτοῦ
2461 575 2593 645 όρᾷν
2620 574 3011 644 ἱμάτια,αύτὸν
3026 574 3081 627 δὲ
3111 575 3193 645 μὴ
3221 574 3535 645 όρᾷνβεῖτμι

1992 668 2088 738 τῆς
2131 666 2297 721 αὑτοῦ
2339 667 2733 739 ἐναργέστατον
2777 667 3000 735 γέγονεν
3040 665 3401 728 ἀναστάσεως
3457 669 3538 737 Χρὴ

1990 756 2046 809 δὲ
2081 758 2229 828 ἡμᾶς
2254 757 2524 828 ἐννοῆσαι,
2559 758 2640 810 ὅτι
2664 756 2733 810 τὰ
2779 757 3077 828 ίσοδύναμα
3112 757 3223 826 τὴν
3272 756 3433 825 αὐτὴν
3464 759 3540 827 Ep.

1992 850 2175 903 πίστιν
2222 851 2689 922 συγχωρουμένων
2718 850 2929 913 αὐτῶν,
2964 852 3059 904 καὶ
3090 851 3194 921 τὴν
3246 850 3415 919 αὐτὴν
3467 852 3543 919 ἔχει

1991 943 2174 996 πίστιν
2206 943 2611 1015 ἀναιρουμένων
2643 942 2838 997 αὐτῶν.
2878 942 3221 1014 ’ἰσοδυναμεί
3252 942 3310 993 δὲ
3342 942 3398 994 τὸ
3430 960 3548 1012 ξρι-

1991 1038 2182 1087 πατείν
2206 1036 2299 1088 ἐπὶ
2320 1036 2416 1105 τὴν
2440 1034 2715 1088 θάλασσαν
2744 1036 2802 1087 ὲν
2837 1035 3093 1108 ἀτρέπτῳ
3117 1036 3237 1107 (95)
3274 1034 3474 1106 σώματι
3494 1037 3547 1105 τῷ

1992 1127 2250 1181 εἰσελθεῖν
2284 1128 2419 1197 πρὸς
2446 1128 2572 1191 τοὺς
2599 1128 2935 1191 ἀποστόλους
2973 1130 3030 1180 ὲν
3063 1129 3339 1198 ἀτρέπτῳ
3380 1126 3549 1196 σώματι

1990 1221 2098 1273 τῶν
2129 1220 2309 1292 θυρῶν
2337 1220 2758 1292 κεκλεισμένων.
2789 1222 2900 1274 Καὶ
2927 1222 3010 1274 ὅτι
3029 1222 3096 1275 τὰ
3132 1222 3288 1293 ὑπὲρ
3334 1221 3478 1290 φύσιν
3510 1230 3549 1276 ὲν

1989 1317 2054 1385 τῇ
2088 1313 2246 1383 φύσει
2270 1314 2567 1384 γιγνόμενα
2587 1313 2727 1367 κατά
2754 1313 2852 1385 τὴν
2878 1314 3032 1367 θείαν
3059 1313 3302 1383 δύναμιν
3336 1314 3549 1365 artium

1990 1403 2132 1457 κατά
2164 1404 2256 1457 τὸν
2287 1404 2446 1472 λόγον
2481 1405 2584 1473 τῆς
2623 1403 2839 1475 φύσεως
2880 1405 3219 1476 ποιήσασθαι
3260 1405 3363 1475 τὴν
3412 1408 3549 1475 παρὲ-

1991 1510 2177 1546 στασιν
2197 1510 2210 1523 ·
2232 1492 2333 1556 διὸ,
2372 1493 2712 1565 πτοηθέντων
2732 1492 2839 1546 τῶν
2875 1492 3134 1564 μαθητῶν
3156 1497 3182 1547 ὲ
3196 1496 3260 1547 πὶ
3280 1498 3349 1565 τῇ
3369 1497 3550 1565 τοιαύτη

1989 1585 2197 1656 εἰσόδῳ,
2229 1585 2527 1656 ἐπέτρεψεν
2560 1586 2744 1648 αὐτοῖς
2786 1585 3042 1657 ψηλαφᾷν
3082 1587 3216 1649 τοὺς
3254 1587 3551 1648 πεπονθότες

1988 1678 2187 1741 τόπους
2219 1676 2313 1730 τοῦ
2341 1678 2594 1747 σώματος
2624 1678 2809 1741 αὐτοῦ,
2844 1680 2926 1733 ὅτι
2973 1681 3033 1732 οὐ
3065 1680 3215 1732 κατὰ
3254 1680 3459 1749 τροπὴν
3483 1680 3547 1731 rei

1994 1768 2246 1840 σώματος
2277 1773 2357 1834 εἰς
2389 1770 2605 1841 πνεῦμα
2634 1770 2888 1842 ἐποίησεν
2927 1773 3007 1836 είς
3051 1772 3261 1834 αὐτοὺς
3316 1771 3414 1839 τὴν
3446 1774 3549 1823 εἶεν,-

1918 1854 1961 1908 Β
1987 1860 2097 1924 δον,
2127 1860 2263 1914 ἀλλά
2292 1864 2349 1915 ἐν
2371 1866 2680 1934 παχυμερεῖ
2714 1864 2927 1935 σώματι
2975 1867 3041 1936 τῇ
3064 1864 3187 1935 θείᾳ
3232 1863 3405 1917 αὑτοῦ
3429 1865 3549 1916 Gavi.

1990 1971 2081 2025 μει
2112 1958 2367 2026 ποιητικῇ
2401 1956 2509 2009 τῶν
2534 1957 2676 2029 ὑπὲρ
2701 1958 2881 2027 φύσιν.

2072 2045 2424 2097 ἘΡΩἸῊΣΙΣ
2454 2046 2605 2098 PIH’.
2641 2047 2704 2099 ΕΞ
2735 2046 2910 2099 πάντα
2937 2049 2966 2100 ό
2993 2046 3125 2111 Θεὸς
3166 2043 3413 2113 ποιήσας
3444 2048 3550 2094 κατὰ

1987 2137 2183 2191 κύκλον
2211 2139 2309 2210 τῆς
2343 2139 2555 2206 φύσεως
2582 2139 2675 2193 τοῦ
2710 2141 2909 2204 παντὸς
2926 2141 3204 2211 Δεσπότης
3256 2138 3547 2206 καθέστηκε⁴

1985 2233 2065 2286 διὸ
2077 2235 2169 2287 καί
2196 2233 2360 2286 Δαόὶδ
2390 2235 2448 2287 ὲν
2477 2234 2637 2286 παντὶ
2650 2234 2798 2304 τόπῳ
2812 2234 2910 2305 τῆς
2922 2232 3017 2286 τοῦ
3039 2234 3253 2305 Κυρίου

1986 2327 2227 2394 εὐλογεῖν
2257 2328 2387 2398 ἡμῖν
2415 2327 2506 2381 τὸν
2536 2327 2740 2399 Κύριον
2769 2326 3111 2396 ὲγκελεύεται
3132 2344 3145 2356 ·
3176 2326 3392 2397 ὁμοίως
3416 2324 3465 2375 δὲ
3484 2324 3551 2374 καὶ

1986 2422 2014 2473 ό
2055 2420 2377 2484 Ἀπόστολος
2405 2421 2462 2473 ἐν
2492 2421 2651 2474 παντὶ
2680 2419 2829 2491 τόπῳ
2858 2418 3109 2491 ἐπαίρειν
3136 2420 3296 2489 ἡμᾶς
3330 2415 3458 2487 πῴς
3482 2415 3547 2465 τδτ

1987 2511 2120 2565 Θεὸν
2140 2514 2319 2577 ὁσίους
2339 2517 2527 2586 χεῖρας
2559 2512 2858 2567 ἐντέλλεται
2877 2530 2890 2542 ·
2924 2511 3014 2565 διά
3041 2511 3094 2564 τί
3140 2511 3223 2574 ὡς
3256 2508 3453 2580 σεμνὸν
3482 2509 3550 2578 ἑρ-

1988 2623 2082 2672 γον
2110 2623 2167 2659 τε
2193 2606 2285 2659 καὶ
2313 2608 2624 2678 οἰκητήριον
2645 2605 2785 2657 θεῖον
2813 2604 2872 2657 τὸ
2893 2602 3030 2674 πρὸς
3059 2606 3119 2656 τὸ
3146 2602 3385 2673 ἡλιακὸν
3414 2599 3548 2669 κλίμα

1987 2699 2318 2769 νομίζοντες,
2349 2700 2408 2751 ἐν
2436 2698 2584 2769 αὐτῷ
2615 2696 2947 2770 ἀφορῶντες,
2976 2698 3103 2759 τοὺς
3124 2696 3338 2767 ὕμνους
3366 2688 3454 2747 καὶ
3478 2692 3550 2753 1'1;

1990 2790 2299 2862 προσευχὰς
2329 2790 2405 2862 τῷ
2449 2790 2567 2861 Θεῷ
2620 2791 3046 2862 ἀναπέμπομενς
3087 2790 3249 2852 Τίνες
3297 2789 3353 2842 δὲ
3395 2788 3481 2841 καὶ
3511 2788 3547 2838 οἱ

1989 2884 2190 2955 ταύτην
2217 2884 2313 2954 τὴν
2344 2884 2628 2954 συνήθειαν
2653 2886 2762 2947 τοῖς
2792 2885 3138 2954 Χριπιανοῖς
3165 2882 3547 2947 ἐκδιδάξαντες

2075 2970 2477 3022 ἈΠΟΚΡΙΣΙΣ.
2523 2970 2741 3039 Ἐπειδὴ
2782 2969 2889 3021 τῶν
2934 2971 3061 3039 παρ’
3103 2969 3238 3037 ἡμῖν
3280 2966 3355 3019 τά
3384 2964 3545 3034 τιμιώ-

1989 3076 2122 3130 τερα
2152 3061 2229 3122 είς
2256 3058 2420 3129 τιμὴν
2450 3058 2544 3111 τοῦ
2593 3056 2728 3110 Θεοῦ
2777 3055 3139 3128 ἀφορίζομεν,
3190 3053 3341 3107 κατά
3384 3053 3438 3105 δὲ
3474 3052 3549 3119 τὴν

301 3166 484 3213 autem
508 3156 768 3229 Opinione
802 3164 1025 3227 praestat
1052 3159 1238 3215 oriens
1260 3159 1474 3214 caeteris
1502 3159 1690 3214 mundi
1717 3160 1887 3229 parti—

2078 3171 2096 3205 ν
2127 3150 2429 3223 ἀνθρώπων
2460 3150 2731 3221 ὑπόληψιν
2758 3149 3062 3221 τιμιωτέρα
3090 3148 3241 3201 ἐστὶν
3273 3148 3307 3216 ἡ
3350 3143 3546 3211 ἀνατολῄ

305 3254 436 3306 lms:
462 3254 753 3317 propterea
786 3247 1120 3317 precationis
1149 3256 1395 3318 tempore
1423 3249 1797 3304 convertimur
1819 3251 1887 3305 ad

302 3342 569 3393 orientem
609 3351 821 3393 omnes.
868 3336 1339 3403 Quemadmodum
1384 3338 1576 3393 dextra
1630 3353 1792 3393 manu
1832 3339 1889 3393 in

304 3432 529 3487 nomine
552 3429 761 3485 Christi
784 3431 1178 3499 consignamus
1203 3446 1318 3492 eos,
1342 3431 1436 3501 qui
1467 3431 1573 3485 hoc
1605 3430 1890 3502 signacqu

304 3524 570 3594 indigent,
602 3521 731 3593 quia
755 3522 1134 3577 honorabilior
1161 3522 1512 3579 existimatur
1538 3539 1703 3595 quam
1732 3524 1887 3588 laeva,

302 3616 555 3686 quamvis
572 3615 702 3678 situ,
725 3630 835 3670 non
866 3622 1062 3670 natura
1084 3614 1490 3688 rliﬂerat,&.92
1510 3616 1582 3670 ita
1599 3618 1806 3683 oriens,
1832 3627 1891 3673 ut

304 3724 433 3778 pars
462 3707 652 3762 mundi
682 3707 1050 3778 praestantior,
1074 3706 1139 3761 ad
1163 3706 1331 3762 Deum
1359 3706 1701 3764 adorandum
1728 3710 1893 3765 desti-

306 3811 489 3861 natus.
524 3801 635 3859 Nec
670 3801 1004 3875 prophetica:
1033 3812 1238 3867 autem,
1292 3818 1394 3858 nec
1423 3805 1738 3874 apostolica:
1766 3806 1889 3861 voci

308 3903 596 3965 repugnat,
631 3901 691 3948 ut
726 3893 795 3948 ad
838 3895 1106 3949 orientem
1139 3909 1452 3963 precemur.
1485 3880 1623 3950 Nam
1650 3897 1707 3950 in
1739 3900 1890 3953 omni

307 3988 427 4044 loco
452 3990 652 4054 praesto
674 3991 757 4039 est
776 3983 962 4039 oriens
986 3984 1367 4054 precantibus;
1406 3992 1461 4039 et
1489 3986 1618 4055 quia
1648 3987 1701 4041 in
1727 4003 1890 4057 quam

310 4076 501 4130 mundi
524 4082 735 4146 partem
764 4073 1065 4144 aspiciendi
1098 4073 1360 4131 facultate
1389 4077 1624 4141 utimur,
1670 4078 1739 4133 ad
1770 4096 1890 4135 eam

308 4168 600 4222 adoramus
622 4205 637 4231 ,
682 4164 799 4220 ﬁeri
827 4172 1007 4219 autem
1055 4181 1164 4220 non
1198 4175 1414 4236 potest,
1456 4174 1516 4220 ut
1550 4171 1887 4238 precationis

309 4276 552 4334 tempore
603 4262 671 4321 ad
719 4268 959 4333 quatuor
1008 4261 1197 4316 mundi
1256 4272 1441 4333 partes
1496 4264 1889 4335 respiciamus,

308 4365 595 4429 propterea
626 4354 695 4410 ad
726 4370 893 4409 unam
924 4356 1115 4410 mundi
1147 4364 1358 4426 partem
1383 4358 1743 4427 respicientes
1771 4359 1893 4415 ado-

310 4448 579 4502 rationem
604 4446 922 4517 perlicimus
941 4487 956 4509 ,
989 4464 1098 4502 non
1126 4448 1274 4518 quod
1299 4449 1412 4503 sola
1444 4450 1516 4503 sit
1550 4465 1690 4522 opus
1714 4450 1810 4506 Dei
1838 4459 1893 4508 et

1993 3244 2099 3298 τῶν
2130 3244 2303 3299 ἄλλων
2326 3244 2505 3316 μερῶν
2525 3245 2624 3314 τῆς
2644 3242 2897 3305 κτίσεως
2917 3242 3006 3295 διὰ
3035 3240 3193 3294 τοῦτο
3223 3242 3282 3292 ὲν
3312 3240 3389 3309 τῷ
3405 3236 3547 3306 καιρῷ

1991 3338 2091 3409 τῆς
2122 3338 2429 3409 προσευχῆς
2457 3335 2683 3406 νεύομεν
2714 3335 2849 3406 πρὸς
2885 3332 3148 3404 ἀνατολὴν
3178 3333 3403 3393 πάντες.
3427 3329 3545 3383 Κεθο

1991 3432 2134 3502 άπερ
2164 3433 2229 3501 τῇ
2261 3429 2410 3501 δεξιᾷ
2445 3429 2590 3501 χειρὶ
2630 3429 2685 3481 ὲν
2715 3428 2939 3497 ὀνόματι
2982 3426 3220 3498 Χριστοῦ
3262 3438 3547 3492 κατασφραο

1992 3523 2216 3594 γίζομεν
2237 3525 2362 3587 τοὺς
2385 3524 2482 3594 τῆς
2503 3522 2796 3593 σφραγῖδος
2815 3520 3019 3592 ταύτης
3032 3519 3325 3591 δεομένους
3344 3560 3359 3581 ,
3390 3513 3543 3583 ἐπειδή

1990 3616 2290 3687 τιμιωτέρα
2322 3614 2635 3685 νενόμισται
2672 3615 2770 3684 τῆς
2800 3614 3095 3685 ἀριστερᾶς
3119 3651 3134 3673 ,
3181 3613 3364 3665 καίτοι
3408 3609 3542 3665 Θέπι,

1993 3709 2086 3761 καί¹
2114 3708 2174 3761 οὑ
2206 3708 2365 3777 φύσει
2392 3707 2724 3779 διαφέρουσα
2749 3705 2955 3775 ταύτης
2986 3704 3253 3774 ὑπάρχει·
3288 3700 3455 3760 οὕτως
3476 3697 3545 3749 καὶ

1994 3800 2319 3872 ήάνατολὴ,
2363 3801 2439 3864 ὡς
2488 3798 2809 3871 τιμιώτερον
2860 3797 3025 3868 μέρος
3068 3796 3167 3860 τῆς
3204 3794 3451 3853 κτίσεως,
3487 3791 3543 3849 εἰς

1994 3894 2365 3967 προσκύνησιν
2395 3891 2529 3946 Θεοῦ
2558 3890 2884 3969 ἀφώρισται.
2909 3891 3021 3942 Οὐκ
3050 3886 3389 3940 ἐναντιοῦται
3422 3883 3469 3935 δὲ

1995 3988 2305 4058 προφητικῇ
2335 4003 2393 4038 τε
2424 3986 2517 4039 καὶ
2544 3983 2875 4054 ἀποστολικῇ
2895 3984 3044 4052 φωνῇ
3068 3980 3127 4033 τὸ
3156 3974 3297 4051 πρός
3326 3976 3418 4047 τὴν
3444 3975 3543 4025 ἀνι·

1992 4077 2151 4148 τολὴν
2196 4079 2369 4130 ποιεῖν
2415 4077 2561 4147 ἡμᾶς
2600 4076 2697 4137 τὰς
2724 4074 2908 4145 εὐχάς.
2952 4073 3037 4126 Ἐν
3069 4071 3230 4125 παντὶ
3280 4070 3388 4140 γὰρ
3427 4066 3543 4131 τόπῳ

1996 4172 2229 4240 ὑπάρχει
2265 4172 2298 4240 ἡ
2331 4168 2563 4239 ἀνατολὴ
2591 4171 2705 4231 τοῖς
2732 4166 3073 4237 εὐχομένοις⁵
3113 4163 3207 4216 καὶ
3255 4159 3438 4229 ἐπειδὴ
3478 4158 3539 4223 ii

1994 4264 2022 4316 ὃ
2055 4264 2218 4334 μέρος
2247 4262 2345 4333 τὴν
2375 4262 2577 4334 ὁρατὴν
2608 4260 2860 4330 αἴσθησιν
2893 4255 3230 4329 κεκτήμεθα,
3255 4252 3397 4308 κατά
3419 4248 3541 4301 τοῦτο

1993 4356 2053 4408 τὸ
2088 4356 2251 4428 μέρος
2270 4353 2702 4426 προσκυνοῦμεν,
2724 4350 2981 4405 ἀδύνατον
3008 4350 3065 4402 δὲ
3095 4351 3151 4401 ἐν
3177 4347 3258 4418 τῷ
3290 4344 3453 4414 καιρῷ
3469 4342 3539 4404 τῆς

1998 4450 2304 4521 προσευχῆς
2323 4451 2402 4513 εἷς
2431 4447 2499 4502 τὰ
2527 4448 2775 4519 τέσσαρα
2809 4446 2948 4518 μέρη
2968 4444 3069 4514 τῆς
3098 4441 3333 4503 κτίσεως

308 4540 420 4594 Deo
452 4538 519 4593 ad
551 4536 908 4593 habitandum
940 4537 1236 4601 destinata,
1268 4539 1362 4595 sed
1384 4539 1452 4593 ad
1481 4541 1659 4596 locum
1694 4543 1891 4597 adora-

2078 4562 2122 4596 ιν
2143 4561 2154 4572 ·
2192 4542 2280 4596 διὰ
2308 4542 2498 4606 τοῦτο,
2550 4544 2629 4605 εἰς
2658 4542 2717 4595 τὸ
2744 4541 2802 4594 ἒν
2835 4540 2999 4612 μέρος
3040 4538 3137 4607 τῆς
3182 4536 3411 4594 κτίσεως
3441 4530 3538 4594 ἀφ’

311 4634 512 4697 tionis,
543 4648 707 4703 quam
740 4631 850 4687 Deo
883 4632 1240 4697 exhibemus,
1278 4636 1563 4705 apposita.’
1592 4635 1639 4690 A
1688 4637 1890 4707 quibus

310 4736 492 4785 autem
535 4725 797 4797 precandi
830 4740 1071 4786 morem,
1111 4726 1180 4780 ab
1210 4727 1278 4782 iis
1302 4736 1356 4781 et
1385 4728 1586 4782 alicubi
1628 4729 1890 4798 precandi

312 4817 766 4873 consuetudinem
811 4817 1024 4889 accepit
1063 4815 1345 4881 Ecclesia,
1393 4818 1444 4872 id
1481 4825 1566 4873 est
1603 4834 1633 4872 a
1685 4821 1893 4876 sanctis

314 4909 601 4981 apostolis.

2001 4634 2202 4708 ρῶντες
2222 4675 2235 4697 ,
2284 4634 2545 4706 ποιοῦμεν
2584 4634 2683 4705 τὴν
2732 4631 3100 4706 προσκύνησιν
3122 4667 3136 4690 ,
3166 4627 3269 4695 οὐχ
3319 4625 3389 4685 ὡς
3419 4618 3539 4708 pth-tri

1997 4726 2159 4798 ἔργον
2188 4725 2281 4779 τοῦ
2313 4726 2469 4792 θεοῦ,
2500 4726 2608 4779 οὐδ’
2644 4726 2721 4788 ὡς
2748 4727 2826 4787 εἰς
2854 4721 3273 4792 κατοικητήριον
3310 4714 3399 4770 τοῦ
3436 4712 3535 4764 Θεεν

1997 4819 2155 4873 τοῦτο
2184 4820 2585 4893 ἀφωρισμένον,
2608 4818 2721 4873 ἀλλ’
2752 4821 2831 4882 εἰς
2857 4816 3018 4870 τόπον
3036 4812 3446 4886 προσκυνήσεως
3466 4816 3537 4869 της

2002 4916 2131 4984 παρ’
2179 4914 2334 4984 ἡμῶν
2389 4914 2804 4985 προσαγομένης
2845 4910 2964 4981 Θεῷ
3010 4906 3361 4977 τεταγμένον.
3406 4899 3467 4951 Τδ
3497 4893 3535 4945 δὲ

314 5006 455 5070 εθος,
497 5005 626 5074 παρ’
672 4994 747 5057 ὧν
809 5001 1032 5072 εἴληφεν
1077 5004 1109 5073 ὴ
1172 5002 1466 5074 Ἐκκλησία
1531 5005 1591 5058 τὸ
1649 5003 1923 5075 εὔχεσθαι,
1980 5007 2125 5077 παρὰ
2161 5007 2366 5061 τούτων
2409 5008 2687 5078 εἰληφέναι
2732 5007 2843 5077 (96)
2889 5005 2981 5057 καὶ
3022 5004 3082 5056 τὸ
3144 5000 3244 5053 ποῦ
3296 4990 3535 5068 εὖχεσθαιι

312 5100 470 5155 τοῦτο
495 5100 553 5153 δὲ
582 5099 732 5170 παρά
765 5100 873 5153 τῶν
906 5100 1076 5168 ἁγίων
1103 5100 1431 5157 ἀποστόλων.

386 5210 670 5281 ρυΑΞδΤ.
712 5211 902 5267 CXIX.
956 5211 1014 5266 Si
1056 5230 1237 5284 neque
1277 5216 1536 5270 arborum
1582 5214 1891 5278 fructibus.

314 5325 493 5379 neque
522 5307 669 5363 escis
702 5307 952 5363 carnium
992 5307 1243 5363 homines
1286 5315 1415 5363 ante
1460 5308 1728 5364 diluvium
1775 5319 1893 5364 ute-

424 5511 472 5545 "
493 5510 640 5567 Psal.
665 5527 764 5575 LII,
796 5509 889 5569 22.
957 5509 1004 5541 ⁵⁷
1033 5508 1055 5563 ι
1087 5508 1230 5564 Tim.
1266 5525 1329 5576 ιι,
1370 5509 1425 5566 8.

395 5714 505 5787 (95)
548 5716 972 5787 Ἐννάτρέπτῳ
1008 5715 1140 5787 Leg.
1172 5716 1431 5787 tps'xtqn
1468 5713 1640 5769 Paulo
1676 5720 1801 5770 ante
1832 5714 1908 5769 le-

326 5786 558 5857 gendum
594 5786 809 5841 videtur
840 5786 1099 5857 ἀπιστίαν
1134 5786 1563 5857 ἀναιρουμένων.

399 5854 509 5928 (96)
542 5857 883 5929 Εὶληφέναι.
921 5856 1050 5929 Leg.
1090 5854 1295 5929 εἴληφέ.
1341 5854 1515 5927 Supra
1547 5858 1647 5929 leg.
1672 5858 1737 5929 τῇ
1773 5854 1907 5928 ὁρα-

2084 5214 2437 5267 ἙΡΩἸἬΣῙΣ
2465 5212 2611 5266 ΡΙΘ¹.
2659 5213 2721 5265 Εἰ
2769 5213 2905 5281 μήτε
2947 5210 3074 5271 τοὺς
3106 5209 3170 5259 ἐκ
3205 5205 3315 5259 τῶν
3354 5203 3535 5271 δένδρων

2005 5311 2246 5380 καρποὺς
2277 5308 2412 5380 (97),
2444 5316 2579 5380 μήτε
2609 5309 2696 5377 τῆς
2725 5306 2832 5361 τῶν
2852 5303 3029 5377 κρεῶν
3057 5302 3257 5371 ἐδωδῆς
3284 5303 3336 5355 οἱ
3368 5292 3532 5372 πρὸτοῦ

2011 5713 2136 5784 τικῇ
2170 5711 2420 5783 αἰσθήσει
2453 5708 2789 5784 κεχρήμεθοξο
2910 5778 2925 5784 _
3066 5778 3102 5784 __
3269 5776 3279 5784 .

2082 5769 2193 5853 (9'7)
2225 5769 2698 5853 Καρπούςῗᾯίίηι
2726 5778 3022 5853 absurdum
3050 5778 3198 5853 dictu
3234 5776 3311 5853 sit
3340 5792 3405 5853 ne
3425 5769 3523 5853 arbo

2016 5846 2135 5910 ruin
2167 5846 2385 5920 Quidém
2432 5846 2646 5908 fructus
2690 5852 2870 5908 cibum
2924 5858 3048 5906 ante
3078 5848 3344 5905 diluvium
3391 5846 3529 5901 luisse.
