3638 6482
25 360 142 420 I369

692 357 784 424 QU
797 356 1168 415 ESTIONES
1199 358 1289 414 ET
1328 359 1850 418 RESPONSIONES
1878 361 1971 416 AD
2000 359 2129 418 0R1

1050 357 1168 415 \‘ES
1199 358 1289 414 ET
1328 359 1850 418 RESPONSIONES
1878 361 1971 416 AD
2000 358 2487 419 ORTHODOXOS.

3103 369 3244 427 i370

25 467 369 542 aanimi}
405 467 829 541 μετελάμϐανον,
859 469 1038 534 καθώς
1064 488 1210 536 τινες
1249 471 1462 527 τῶν’πσ

1808 489 1890 538 ur,
1921 481 1982 528 ut
2008 471 2232 528 Patrum
2269 477 2520 532 nonnulli
2553 475 2780 532 dixere:
2803 479 3080 546 quomodo
3109 480 3245 539 Abel

25 588 112 641 ρων
139 562 389 628 ἐδίδαξαν,
423 563 541 627 πῶς
565 565 594 617 6
613 563 780 618 Ἀὀελ
808 565 874 618 ἐκ
899 564 1008 618 τῶν
1041 565 1281 619 στεάτων
1308 565 1416 619 τῶν
1438 583 1564 637 προ-

25 664 170 715 5!!th
195 651 266 710 ὧν
294 657 601 728 ἐποίμαινε,
632 657 726 710 καὶ
751 658 780 710 6
799 656 940 710 Κάῖν
967 654 1028 721 ἐξ
1051 650 1128 711 ὧν
1148 657 1412 729 ἐγεώργει
1429 676 1563 730 καρ-

25 755 117 807 πῶν
143 752 231 822 τῆς
261 751 362 821 γῆς
389 749 590 820 ὁμοίως
618 748 921 820 προσέφερε
936 761 958 809 ’;
985 749 1078 802 καὶ
1107 748 1262 820 δῆλον
1282 788 1297 813 ,
1328 749 1404 812 ὡς
1432 749 1562 802 ἑκά-

25 863 151 916 τερος
174 842 366 906 αὐτῶν,
387 843 487 912 τῆς
505 841 709 904 οἰκείας
733 839 987 913 βρώσεως
1003 841 1286 913 προτιμῶν
1306 843 1366 894 τὸ
1387 841 1560 905 Θεῖον,

25 943 69 1007 τῇ
97 937 304 1007 τοιαύτῃ
335 934 493 1004 θυσία
523 933 810 1005 ἐκέχρητο.
835 934 898 987 Ei
930 933 986 987 δὲ
1003 934 1073 988 τὰ
1098 935 1350 1007 ἄχρηστα
1381 935 1564 998 αὐτοῖς

25 1031 79 1100 τῷ
104 1029 211 1100 Θεῷ
242 1027 664 1100 προσεκόμιζον,
696 1026 813 1090 πῶς
837 1028 904 1098 τῇ
935 1027 1157 1099 τοιαύτῃ
1189 1029 1475 1100 προσφορᾷ
1502 1027 1564 1080 τὸ

25 1126 89 1177 isi
111 1121 165 1174 ὂν
189 1121 282 1192 οὐχ
311 1117 562 1191 ῦϐριζον;
603 1118 862 1190 Ἀζήμιον
891 1118 1000 1192 γὰρ
1043 1119 1192 1192 αὐτῷ
1241 1121 1336 1174 καὶ
1373 1120 1565 1191 χλευα-

25 1215 180 1286 πικὴν
205 1214 361 1286 χάριν
379 1214 609 1274 ἕκαστος
657 1211 838 1264 αὐτῶν
881 1213 1215 1266 κατετίθετο.
1253 1213 1377 1276 Πῶς
1408 1210 1500 1267 οῦν
1529 1215 1563 1285 ἡ

25 1308 100 1379 μὲν
128 1305 214 1359 τοῦ
244 1305 383 1359 Κάῖν
412 1303 572 1358 θυσία
589 1303 912 1376 ἀπόϐλητος,
933 1304 1001 1358 τὰ
1029 1305 1086 1358 δέ
1109 1304 1204 1359 τοῦ
1237 1306 1400 1358 Ἀ6ελ
1417 1306 1564 1377 δῶρα

25 1398 238 1467 ιίδέσιμα
263 1396 514 1464 γέγονεν;

80 1487 469 1549 ἈΠΟΚΡΙΣ1Σ.
514 1487 570 1540 'O
603 1487 870 1558 μακάριος
909 1487 1302 1554 ’Ᾱπύστολος,-ὁ
1329 1488 1437 1542 τῶν
1468 1507 1558 1543 7:1-

25 1580 158 1650 τέρων
188 1579 369 1650 πατὴρ
409 1580 504 1632 καὶ
536 1579 817 1644 εὐσεϐείας
857 1579 1208 1648 διδάσκαλος,
1254 1583 1416 1652 φησί·
1469 1584 1566 1650 Τίς

25 1672 222 1736 avreus;
250 1670 579 1740 ἀμπελῶνα
607 1671 704 1725 καὶ
730 1672 799 1725 ἐκ
828 1672 932 1726 τοῦ
962 1673 1199 1742 καρποῦ
1239 1676 1427 1730 αὐτοῦ
1455 1679 1566 1730 οὐκ

25 1764 206 1825 ἐσθίεις
238 1764 336 1830 Τίς
363 1765 658 1833 ποιμαίνει
685 1765 964 1834 ποίμνιον
998 1765 1098 1818 καὶ
1125 1767 1194 1819 ἐκ
1237 1767 1344 1821 τοῦ
1385 1768 1566 1839 τάλα-

25 1854 247 1923 ιτοςίτ-ἦς
265 1828 526 1924 ποίμνῆς
544 1859 655 1910 οὐκ
679 1828 904 1920 ἐσθίει;
935 1858 1056 1911 ἀντὶ
1070 1859 1188 1922 τοῦ,
1210 1828 1405 1924 οὐδείςί
1424 1862 1564 1916 Ἀλλ’
1597 1828 1638 1882 Β

25 1951 50 2001 εί
75 1949 266 2019 μηδεὶς,
290 1948 450 2020 δῆλον
481 1950 610 2020 ἄρα,
640 1949 722 2001 ὅτι
753 1949 872 2002 οὐδὲ
908 1951 936 2004 6
961 1949 1126 2004 Ἀϐελ
1153 1952 1438 2022 ἐποίμαινε
1468 1953 1565 2025 τὴν

25 2043 240 2113 ποίμνην,
270 2043 358 2095 ἵνα
389 2042 462 2112 μὴ
491 2041 645 2114 ἐσθίῃ
675 2041 770 2094 τοῦ
791 2042 1064 2110 γάλακτος
1087 2044 1187 2114 τῆς
1217 2044 1450 2117 ποίμνης
1471 2047 1568 2099 αὑ-

25 2134 106 2199 τοῦ,
132 2132 252 2186 οὕτε
281 2136 309 2187 6
331 2133 469 2186 Κάῖν
502 2131 766 2205 ἐγεώργει
795 2135 894 2207 τὴν
921 2134 1044 2205 γῆν,
1071 2135 1155 2188 ἵνα
1190 2135 1264 2207 μὴ
1285 2135 1441 2209 ἐσθίῃ
1460 2137 1568 2191 τῶν

25 2223 210 2294 ιιρπῶν
242 2224 432 2294 αὐτῆς.
467 2225 588 2277 Ἔτι
615 2225 670 2277 δὲ
693 2264 708 2289 ,
749 2225 796 2277 εί
830 2225 1094 2297 ἄχρηστοι
1133 2221 1275 2297 ἦσαν
1311 2228 1390 2299 τῷ
1428 2228 1567 2283 Κάῖν

25 2317 52 2369 ll
66 2317 252 2386 καρποὶ
268 2316 368 2387 τῆς
382 2316 504 2387 γῆς,
535 2316 680 2380 τίνος
700 2316 884 2371 ἕνεκεν
912 2320 1024 2381 τοῖς
1053 2318 1260 2390 χείροσι
1289 2321 1386 2390 μὲν
1407 2319 1569 2391 ἐτίμα

25 2409 84 2460 riu
101 2409 240 2476 Θεὸν,
261 2411 375 2472 τοῖς
402 2408 674 2480 κρείττοσι
695 2407 752 2460 δὲ
781 2408 942 2462 αὐτὸν
962 2409 1056 2463 τοῦ
1079 2409 1214 2463 Θεοῦ
1235 2411 1568 2482 προετίμησε

25 2502 105 2570 ξδιὸ
141 2502 446 2572 ἀπὸὅλητος
485 2501 649 2555 αὑτοῦ
693 2502 915 2571 γέγονεν
965 2503 998 2574 ἠ
1038 2502 1260 2574 θυσία),
1311 2503 1385 2575 μὴ
1433 2504 1570 2576 Χρῄ·

25 2593 102 2657 ζων
127 2595 230 2666 (98)
262 2595 373 2648 τῶν
401 2595 632 2667 καρπῶν
661 2594 761 2665 τῆς
791 2594 926 2665 γῆςς
959 2596 1021 2648 EE
1049 2595 1105 2648 δὲ
1145 2597 1515 2667 προετίμησεν
1543 2599 1572 2650 6

25 2687 97 2755 μὲν
119 2686 277 2740 Ἅϐελ
311 2687 413 2758 τῆς
451 2687 586 2750 ἰδίας
617 2688 804 2758 χρείας
830 2687 922 2739 τὸν
963 2687 1094 2740 Θεὸν
1117 2726 1132 2751 ,
1164 2690 1194 2740 6
1219 2687 1276 2740 δὲ
1305 2688 1445 2741 Κάῖν
1472 2688 1570 2760 τὴν

25 2780 128 2831 ίόἱαν
155 2781 344 2851 χρείαν
373 2779 466 2832 τοῦ
495 2779 651 2846 Θεοῦ,
684 2781 839 2852 δῆλον
866 2780 997 2852 ἄρα,
1027 2780 1109 2833 ὃτι
1141 2779 1370 2843 ἕκαστος
1395 2781 1572 2836 αὐτῶν

25 2872 91 2940 τῆς
116 2874 172 2925 ἐκ
199 2873 310 2926 τῶν
341 2873 560 2927 οἰκείων
590 2874 769 2927 πόνων
799 2872 1000 2947 ἔχρῃζε
1029 2873 1344 2944 θεραπείας.
1418 2914 1423 2918 ι

80 2965 419 3018 ἘΡΩἹἩΣΙΣ
446 2967 575 3019 ΡΚ’.
608 2967 671 3018 Ei
703 2965 978 3036 βασιλείαν
1015 2964 1111 3018 τοῦ
1139 2964 1273 3019 Θεοῦ
1307 2965 1404 3037 τὴν
1441 2965 1574 3019 ἀνά-

25 3058 166 3110 πιπίν
193 3075 342 3122 τινες
383 3058 716 3128 ὑπειλήφασι
743 3097 757 3121 ,
810 3057 1006 3110 δίκαιοι
1036 3057 1092 3110 δέ
1137 3057 1232 3110 καὶ
1263 3056 1576 3129 ἁμαρτωλοὶ

1662 584 1730 623 ex
1759 567 1920 639 adipe
1947 567 2156 634 ovium,
2189 584 2329 639 quas
2364 570 2650 639 pascebat,
2681 578 2736 624 et
2767 569 2908 625 Cain
2934 587 3002 626 ex
3044 573 3242 630 fructi-

1661 660 1766 715 bus
1804 667 1994 724 terrae,
2022 675 2166 731 quos
2203 661 2452 726 colebat,
2483 677 2688 716 munus
2718 661 2975 718 similiter
3005 665 3248 721 obtulit?

1664 752 1859 822 Liquet
1887 759 2199 823 utrumque,
2230 753 2359 807 dum
2389 755 2611 823 proprio
2640 755 2767 809 cibo
2797 754 2969 810 Deum
3006 757 3245 828 priorem

1663 861 1727 900 ac
1758 845 2025 915 potiorem
2056 846 2239 906 habet,
2281 846 2555 917 ejusmodi
2583 847 2862 903 sacriﬁcio
2894 865 3054 904 usum
3096 865 3242 906 esse.

1663 935 1822 1002 Quod
1867 938 1912 993 si
1958 954 2079 1008 quae
2120 937 2338 992 inutilia
2385 939 2522 1008 ipsis
2575 947 2768 1003 erant,
2817 956 2881 996 ea
2929 941 3249 997 obtulerunt

1664 1027 1776 1085 Deo
1799 1069 1814 1094 ,
1849 1030 2124 1099 quomodo
2157 1030 2428 1099 ejusmodi
2477 1047 2706 1089 munere
2751 1033 2805 1089 id
2847 1037 2992 1106 quod
3031 1052 3250 1106 semper

1663 1130 1747 1177 est
1778 1136 1888 1174 non
1915 1123 2248 1179 contumelia
2279 1122 2616 1178 affecerunt?
2648 1123 2896 1182 lmmune
2921 1127 3066 1182 enim
3093 1130 3170 1183 illi
3196 1137 3253 1185 et

1663 1215 1954 1268 ridiculum
1985 1215 2189 1269 donum
2213 1223 2441 1287 uterque
2469 1217 2750 1274 oﬂ‘erebat.
2775 1219 3062 1285 Quomodo
3087 1223 3254 1293 igitur

1661 1303 1818 1360 Caini
1853 1304 2058 1374 rejecta
2088 1306 2343 1372 victima,
2377 1307 2565 1364 Abelis
2608 1325 2742 1364 vero
2783 1311 2927 1365 dona
2968 1313 3023 1366 in
3074 1315 3251 1383 pretio

1665 1397 1923 1453 fuerunt?

1737 1490 1936 1546 RESP.
1969 1491 2167 1548 Beatus
2191 1493 2488 1562 Apostolus
2512 1501 2729 1564 patrum
2757 1505 2911 1565 pater
2941 1505 2996 1551 et
3029 1497 3251 1567 pietatis

1665 1583 1858 1640 doctor
1891 1585 1968 1638 ait
2001 1604 2013 1639 :
2049 1585 2182 1651 Quis
2211 1585 2424 1655 plantat
2472 1589 2680 1642 vineam
2719 1599 2768 1642 et
2802 1589 2867 1642 de
2910 1589 3090 1656 fructu
3136 1588 3251 1657 ejus

1666 1692 1770 1730 non
1792 1676 1946 1731 edit?
1976 1676 2110 1756 Quis
2141 1679 2313 1746 pascit
2333 1694 2538 1749 gregem
2579 1689 2630 1733 et
2666 1680 2731 1734 de
2773 1679 2909 1734 laete
2941 1681 3113 1750 gregis
3147 1697 3253 1734 non

1666 1766 2062 1837 manducdtj"?
2097 1769 2153 1824 id
2184 1777 2313 1835 est,
2351 1785 2532 1827 nemo.
2585 1770 2742 1838 Quod
2776 1773 2822 1828 si
2857 1788 3039 1837 nemo,
3082 1773 3253 1841 liquet

1666 1858 1914 1930 profecto
1955 1875 2136 1929 neque
2167 1859 2394 1916 Abelem
2429 1861 2503 1934 ita
2534 1877 2753 1932 gregem
2801 1863 3021 1932 pavisse
3043 1903 3056 1927 ,
3092 1871 3152 1916 ut
3185 1861 3256 1917 de

1668 1951 1810 2005 lacte
1833 1951 2014 2022 gregis
2049 1951 2136 2006 sui
2165 1967 2275 2005 non
2318 1952 2539 2016 ederet,
2571 1968 2752 2022 neque
2791 1951 3024 2009 Cainum
3055 1954 3128 2007 ita
3160 1968 3257 2006 co-

1667 2043 1837 2099 luisse
1864 2051 2090 2107 terram,
2126 2051 2188 2098 ut
2217 2045 2285 2098 de
2325 2043 2576 2116 frugibus
2612 2045 2733 2115 ejus
2763 2061 2876 2099 non
2917 2055 3254 2102 vesceretur.

1666 2135 1937 2190 Prmterea
1968 2135 2015 2191 si
2050 2136 2274 2192 inutiles
2304 2147 2463 2191 erant
2495 2136 2669 2191 Caino
2701 2137 2889 2207 fruges
2922 2147 3104 2203 terrae,
3154 2154 3260 2194 cur

1667 2229 2032 2285 deterioribus
2056 2227 2225 2284 Deum
2256 2228 2507 2291 colebat,
2535 2228 2589 2282 in
2612 2228 2933 2284 melioribus
2958 2245 3088 2284 vero
3113 2231 3262 2296 seip-

1669 2341 1790 2379 sum
1826 2321 1936 2378 Dco
1971 2323 2236 2392 potiorem
2270 2321 2507 2376 habebat
2539 2322 2705 2392 (unde
2750 2331 2806 2377 et
2854 2323 3058 2392 rcjecta
3108 2323 3259 2379 illius

1669 2416 1940 2487 victima),
1973 2415 2020 2471 si
2056 2414 2307 2484 frugibus
2343 2424 2502 2468 terra:
2535 2431 2642 2469 non
2685 2415 3000 2486 indigebat?
3022 2415 3176 2481 Quod
3208 2416 3258 2470 si

1670 2512 1806 2568 Abel
1837 2511 2058 2582 proprio
2094 2527 2196 2565 usu
2233 2509 2402 2565 Deum
2439 2510 2704 2580 potiorem
2743 2510 2964 2574 habuit,
2989 2509 3123 2565 Cain
3159 2526 3260 2566 au-

1674 2611 1779 2658 tem
1807 2603 2086 2673 proprium
2132 2617 2292 2655 usum
2340 2599 2451 2654 Deo
2496 2601 2767 2670 praetulit,
2802 2602 2969 2671 liquet
3011 2603 3260 2672 profecto

1674 2703 1970 2765 utrumque
2003 2695 2222 2749 illorum
2253 2695 2586 2758 commodis,
2612 2709 2734 2765 quae
2761 2711 2826 2749 ex
2852 2696 3089 2766 propriis
3117 2696 3262 2752 labo-

1674 2787 1828 2844 ribus
1853 2788 2254 2859 percipiebant,
2279 2787 2606 2858 indiguisse.

1747 2989 2029 3059 QUIEST.
2062 2988 2226 3044 CXX.
2275 2987 2335 3044 Si
2378 3005 2608 3062 regnum
2650 2988 2745 3044 Dei
2794 2988 3260 3044 resurrectionem

1677 3099 1802 3140 esse
1831 3080 2082 3136 nonnulli
2111 3080 2533 3144 existimarunt,
2567 3080 2710 3134 hanc
2745 3089 2925 3134 autem
2961 3087 3013 3134 et
3041 3078 3174 3148 justi
3209 3088 3264 3133 et

25 3150 180 3220 tan-311;;
207 3150 507 3221 ἀξιωθῆναι
538 3149 904 3215 πιστεύονται,
936 3149 1052 3212 πῶς
1082 3151 1209 3213 τοὺς
1249 3149 1318 3202 τὰ
1360 3151 1462 3203 ἀπτ

1826 3181 1999 3229 atores
2022 3172 2271 3227 sortituri
2301 3170 2602 3226 creduntur
2621 3213 2637 3238 ,
2666 3171 2942 3242 quomodo
2969 3171 3062 3240 qui
3097 3170 3263 3224 vetita

25 3244 221 3313 ρευμένα
249 3245 589 3315 ποιήσαντας
614 3243 1094 3316 ἀποκληῳνόμους
1118 3244 1147 3296 6
1181 3242 1394 3306 Παῦλος
1435 3243 1573 3297 ἀπέ-

25 3354 166 3403 ;ms,
198 3341 402 3410 φήσας,
435 3337 520 3391 ὅτι
545 3337 685 3390 οὔτε
713 3337 941 3404 πόρνοι,
973 3336 1111 3389 οὔτε
1134 3334 1336 3404 μοιχοὶ
1355 3376 1369 3401 ,
1402 3335 1497 3389 καὶ
1523 3337 1573 3388 οἱ

25 3432 201 3502 ἑφεξῆς,
225 3433 564 3497 βασιλείαν
609 3429 718 3502 (99)
749 3430 898 3485 Θεοῦ
937 3428 1540 3498 κληρονομήσουσιν;

79 3525 467 3578 ἈΠΟΚΡΙΣΙΣ.
522 3522 805 3576 Βασιλείαν
837 3521 972 3576 Θεοῦ
1003 3517 1143 3574 οἶδεν
1172 3523 1204 3592 ἡ
1236 3521 1356 3574 θεία
1385 3523 1574 3594 Γραφὴ

25 3614 263 3685 Magaw
294 3617 358 3670 οὐ
389 3617 490 3688 τὴν
530 3615 824 3669 ἀνάστασιν
854 3614 1039 3678 ἁπλῶς
1061 3653 1076 3676 ,
1114 3614 1248 3667 ἀλλὰ
1293 3615 1392 3687 τὴν
1437 3615 1575 3685 μετὰ

25 3707 92 3778 τὴν
111 3709 401 3763 ἀνάστασιν
431 3709 897 3772 ἀποκατάστασιν,
929 3710 986 3761 ἐν
1017 3701 1051 3781 ᾖ
1085 3708 1295 3778 γίνεται
1347 3707 1571 3771 κολαζοο

25 3802 162 3867 μένων
186 3820 244 3856 τε
274 3804 371 3857 καὶ
399 3802 831 3874 δοξαζομένωνὴ
863 3803 1148 3874 διαίρεσις,
1174 3800 1268 3857 τοῦ
1297 3800 1435 3854 Θεοῦ
1469 3801 1576 3854 ὑπὸ

27 3893 200 3947 ’πάντων
228 3895 620 3966 ἀναμφιϐόλως
645 3893 1081 3967 ὁμολογουμένου
1107 3934 1122 3960 ,
1151 3894 1246 3948 τοῦ
1275 3893 1376 3966 τὴν
1418 3892 1574 3959 δόξαν

25 3983 62 4034 ἐν
85 3990 178 4050 τοῖς
204 3987 589 4058 δοξαζομένοις
617 3986 967 4060 ἐνεργοῦντος
1001 3989 1096 4041 καὶ
1137 3987 1235 4060 τὴν
1269 3987 1488 4041 κόλασιν
1516 3987 1574 4040 ἐν

25 4079 107 4139 τοῖς
130 4078 530 4150 κολαζομένοις.
576 4080 978 4144 Ἀκούσονται,
1012 4081 1181 4150 φησὶ,
1224 4078 1332 4148 τῆς
1371 4076 1574 4148 φωνῆς

26 4172 103 4223 ι’(ιῦ
137 4173 262 4228 Υίοῦ
291 4173 400 4227 τοῦ
433 4173 584 4226 Θεοῦ
612 4175 665 4226 οί
694 4173 763 4224 ἐν
791 4171 915 4238 τοῖς
937 4173 1274 4242 μνημείοις,
1307 4172 1404 4225 καὶ
1445 4170 1574 4236 ἐξε-

25 4265 308 4320 λεύσονται
332 4268 388 4320 οἱ
416 4265 492 4319 τὰ
517 4265 708 4334 ἀγαθὰ
731 4264 1097 4333 ποιήσαντες
1120 4268 1208 4332 εἱς
1231 4265 1575 4320 ἀνάστασιν

26 4353 166 4420 ζωῆςο
195 4361 246 4412 οἱ
272 4357 342 4410 δὲ
383 4355 458 4410 τὰ
482 4356 688 4425 φαῦλα
727 4355 1064 4424 πράξαντες
1101 4359 1188 4422 εὶς
1229 4354 1574 4412 ἀνάστασιν

26 4448 254 4515 κρίσεως.
309 4447 580 4520 Διῄρηται
608 4442 700 4500 οῦν
745 4448 778 4518 ἡ
833 4447 1132 4512 ἀνάστασις
1179 4451 1261 4512 εἰς
1289 4446 1435 4519 ζωὴν
1479 4448 1572 4501 καὶ

27 4537 168 4603 κρίσιν
204 4539 346 4593 κατὰ
385 4539 487 4602 τὰς
527 4537 788 4609 διαφορὰς
831 4538 1056 4594 δικαίων
1095 4557 1155 4593 τε
1201 4540 1295 4594 καὶ
1346 4539 1567 4593 ἀδίκων.
1607 4545 1649 4599 D

34 4629 130 4683 Ἐπὶ
153 4631 308 4686 πλέον
335 4632 446 4704 γὰρ
475 4634 509 4704 ἡ
531 4632 826 4696 ἀνάστασις
858 4633 960 4705 τῆς
991 4633 1266 4703 βασιλείας
1293 4633 1387 4687 τοῦ
1409 4634 1566 4689 Θεοῦ⁵

26 4721 48 4788 ἡ
79 4723 159 4791 μὲν
183 4725 292 4796 γὰρ
321 4725 625 4788 ἀνάστασις
651 4724 893 4789 δικαίους
921 4743 982 4779 τε
1012 4727 1104 4779 καὶ
1135 4725 1358 4790 ἀδίκους
1391 4725 1577 4798 περιέ-

28 4829 107 4881 χει,
133 4816 228 4886 ἡδὲ
257 4815 510 4887 βασιλεία
527 4815 623 4869 τοῦ
647 4815 783 4869 Θεοῦ
815 4816 1008 4888 μόνους
1039 4818 1164 4882 τοὺς
1203 4816 1446 4881 δικαίους
1477 4835 1576 4871 πε⁶

31 4907 188 4976 ριέχει.

89 5019 422 5075 ἘΡΩΊἨΣΙΣ
470 5021 626 5076 PKA'
701 5024 766 5077 Εἰ
815 5023 1253 5096 ἀναθεματισμὸν
1301 5023 1458 5096 μόνον
1487 5023 1580 5077 ἐπὶ

28 5109 108 5159 τῶν
135 5113 388 5186 ἀτοπωνή
409 5115 622 5168 Παλαιά
654 5131 713 5168 τε
743 5117 837 5168 καί¹
868 5117 980 5170 Νέα
1002 5116 1244 5188 Διαθήκη
1266 5116 1576 5177 ἐπίσταται,

31 5199 120 5262 πῶς
143 5205 168 5256 ὁ
196 5205 466 5276 μακάριος
493 5203 718 5275 Πέτρος,
759 5205 816 5256 ἐν
845 5205 922 5276 τῷ
965 5204 1126 5258 πάθει
1163 5203 1253 5258 τὸν
1295 5202 1573 5273 Δεσπότην

112 5377 152 5408 ⁸⁸
179 5377 196 5430 l
227 5379 353 5435 Cor.
389 5396 468 5443 ix,
501 5379 551 5435 7.
652 5378 696 5410 ³⁹
726 5378 746 5433 l
775 5378 902 5433 Cor.
939 5395 1017 5442 νι,
1041 5379 1097 5434 9.
1175 5379 1222 5410 ⁸⁸
1258 5378 1419 5434 Joan.
1450 5395 1506 5442 v,
1535 5375 1628 5431 25.

33 5549 95 5630 εἰς
117 5557 507 5630 emendandum
548 5556 802 5630 videtur:
851 5557 920 5630 Eii
949 5555 1247 5630 magia}!
1273 5556 1345 5627 μὴ
1382 5554 1475 5607 τοῦ
1505 5556 1571 5630 ἐκ

34 5624 118 5699 τῷν
156 5625 378 5699 δένδρων
405 5625 645 5699 καρποῦ,
681 5629 817 5698 μήτε
862 5624 981 5698 τῆς,
999 5624 1125 5699 Aetc.
1162 5626 1222 5699 Si
1250 5624 1408 5699 neque
1463 5624 1571 5699 ulla

35 5694 115 5743 nisi
155 5694 418 5758 arborum.
466 5694 693 5767 fructu.'
716 5694 877 5767 neque
904 5694 1038 5752 escis
1067 5694 1573 5767 carniumﬁomines

37 5772 132 5835 a_nte
175 5767 426 5824 diluvium
466 5765 801 5835 utebantur,
832 5775 937 5832 etc.
971 5797 1039 5813 ——
1083 5767 1165 5822 Ea:
1212 5765 1478 5821 Addendis
1526 5775 1574 5819 et

42 5828 380 5895 Emendandfs.
772 5828 783 5835 ⁷
843 5829 845 5832 ⁴
1589 5837 1592 5840 ’

1678 3267 2052 3331 committunt,
2073 3279 2169 3319 eos
2193 3263 2506 3319 exbzeredes
2529 3262 2772 3316 declarat
2788 3262 3015 3326 Paulus,
3038 3261 3261 3315 dicens:

1678 3355 1861 3426 Neque
1891 3354 2198 3424 fornicarii,
2224 3369 2387 3423 neque
2411 3351 2663 3417 adulteri,
2691 3360 2744 3404 et
2767 3352 2858 3422 qui
2891 3351 3150 3421 deinceps
3178 3366 3262 3408 ,τε

1675 3454 1994 3511 censentur,
2030 3461 2248 3516 regnum
2285 3444 2380 3497 Dei
2407 3443 2746 3512 possidebunt
2777 3443 2864 3495 5’?

1748 3540 1945 3596 RESP.
1982 3539 2230 3610 Regnum
2260 3538 2354 3593 Dei
2379 3539 2518 3593 solet
2547 3539 2729 3591 divina
2768 3535 3059 3606 Scriptura
3088 3536 3270 3605 appel-

1677 3635 1791 3690 lare
1824 3651 1932 3688 non
1967 3633 2429 3690 resurrectionem
2463 3630 2813 3700 simpliciter,
2844 3628 2939 3683 sed
2965 3643 3109 3693 eam,
3146 3643 3272 3697 quae

1674 3735 1799 3798 post
1833 3725 2293 3782 resurrectionem
2331 3722 2520 3776 futura
2569 3732 2690 3785 est,
2735 3721 3173 3781 restitutionem,
3212 3720 3267 3773 in

1675 3835 1782 3890 qua
1809 3817 2208 3889 puniendorum
2242 3823 2297 3869 et
2330 3813 2826 3885 gloriﬁcandorum
2861 3812 2920 3866 ﬁt
2947 3812 3268 3878 distinctio,

1673 3915 1930 3971 omnibus
1963 3913 2129 3968 Deum
2153 3911 2443 3966 manifeste
2469 3909 2884 3970 conﬁtentibus,
2911 3907 3006 3978 qui
3039 3906 3270 3977 gloriam

1675 4009 1729 4064 in
1755 4006 2134 4079 gloriﬁcandis
2175 4013 2435 4076 operatur
2484 4013 2540 4060 et
2585 4019 2806 4074 pugnam
2849 4003 2905 4056 in
2951 3999 3270 4072 puniendis.

1673 4103 1924 4167 Audient,
1958 4101 2159 4170 inquit,
2199 4116 2370 4154 vorem
2404 4097 2540 4152 Filii
2577 4098 2676 4151 Dei
2702 4099 2794 4169 qui
2827 4097 2880 4150 in
2917 4094 3273 4149 monumentis

1673 4205 1819 4260 sunt,
1857 4205 1906 4249 et
1935 4194 2156 4249 exibunt
2192 4194 2285 4264 qui
2319 4192 2459 4248 bona
2489 4201 2706 4263 egerunt
2747 4192 2800 4244 in
2833 4189 3272 4243 resurrectionem

1673 4289 1831 4354 vitaz,
1879 4287 1968 4358 qui
2016 4303 2134 4341 vero
2170 4286 2336 4350 mala,
2373 4286 2430 4338 in
2480 4285 2924 4339 resurrectionem
2959 4279 3155 4350 judicii
3201 4278 3270 4333 ⁸ο.

1674 4379 1861 4434 Divisa
1887 4385 1974 4434 est
2006 4379 2174 4449 igitur
2209 4377 2546 4432 resurrectio
2577 4376 2632 4429 in
2671 4375 2841 4428 vitam
2881 4381 2935 4427 et
2962 4368 3230 4441 judicium
3255 4408 3270 4432 ,

1677 4488 1774 4543 pro
1807 4454 2090 4543 justorum
2127 4480 2184 4525 et
2225 4471 2560 4540 injustorum
2592 4466 2934 4521 discrimine.
2969 4460 3130 4534 493
3165 4459 3271 4513 La-

1679 4573 1789 4625 tius
1810 4569 1961 4623 enim
1981 4576 2126 4638 patet
2143 4566 2500 4627 resurrectio,
2527 4578 2690 4634 quam
2729 4577 2956 4632 regnum
2992 4560 3106 4613 llei.
3131 4556 3267 4611 Nam

1677 4662 2010 4717 resurrectio
2031 4658 2214 4728 justos
2239 4666 2294 4713 et
2321 4657 2559 4727 injustos
2589 4654 2974 4726 complectitur
2994 4692 3008 4716 ,
3040 4667 3270 4724 regnum

1685 4762 1866 4808 autem
1897 4752 1990 4808 Dei
2020 4752 2166 4807 solos
2194 4752 2395 4821 justos.

1758 5011 2038 5080 QUIEST.
2081 5009 2269 5068 CXXI.
2324 5009 2382 5065 Si
2433 5007 2954 5064 anathemalismum
2998 5006 3059 5060 in
3107 5005 3268 5059 rebus

1685 5115 1900 5160 tantum
1944 5104 2195 5161 nefandis
2225 5113 2280 5159 et
2325 5103 2493 5158 Vetus
2530 5110 2583 5158 et
2606 5101 2814 5156 Novum
2858 5099 3272 5154 Testamentum

1681 5207 1944 5270 usurpant
1971 5239 1988 5265 ,
2023 5214 2125 5254 cur
2148 5200 2342 5254 beatus
2369 5196 2566 5252 Petrus
2596 5199 2652 5251 iu
2687 5193 2953 5250 Passione
2984 5191 3270 5246 Dominum

1749 5552 1859 5623 (98)
1892 5550 1988 5620 Μὴ
2029 5547 2288 5623 χρῄζων.
2328 5546 2555 5623 Frustra
2616 5542 2939 5623 Sylbufgius
2975 5534 3276 5623 legendum

1679 5607 2014 5679 existimavit
2029 5607 2439 5691 ’μὴ”χρῄζοντος
2463 5616 2562 5691 vel
2577 5607 2960 5685 μὴχρῄζόυσα.
2974 5607 3286 5666 Ρπεῐιιιιε-

1683 5695 1786 5756 sis,
1821 5708 1988 5763 quam
2018 5686 2273 5763 apposui,
2304 5689 2482 5763 |_o_cum
2510 5686 2772 5763 illustrat.

1761 5753 1871 5834 (799.)
1901 5753 2246 5816 Βασιλείαν.
2299 5757 2398 5834 ῥίς
2437 5753 2759 5834 .emendav“
2812 5753 3159 5830 Sylburgius.
3217 5766 3282 5826 κ’

1689 5825 2000 5908 Stephanus
2028 5840 2081 5888 et
2120 5845 2258 5886 mss.
2297 5825 2536 5899 βεϐαίαν.
