  <div class='ocr_page' id='page_1' title='image "/cluster/home/n/w/nwhite01/storage/ocr_20150623/6/hvd.32044019206606/694.png"; bbox 0 0 3638 6480; ppageno 0'>
   <div class='ocr_carea' id='block_1_1' title="bbox 23 355 2448 456">
    <p class='ocr_par' dir='ltr' id='par_1_1' title="bbox 23 355 2448 456">
     <span class='ocr_line' id='line_1_1' title="bbox 23 355 2448 456; baseline -0.017 0"><span class='ocrx_word' id='word_1_1' title='bbox 23 402 87 456; x_wconf 72' lang='lat' dir='ltr'><strong>E75</strong></span> <span class='ocrx_word' id='word_1_2' title='bbox 640 377 1108 454; x_wconf 63' lang='lat' dir='ltr'><strong>QUIESTIONES</strong></span> <span class='ocrx_word' id='word_1_3' title='bbox 1148 377 1234 432; x_wconf 83' lang='lat' dir='ltr'><strong>ET</strong></span> <span class='ocrx_word' id='word_1_4' title='bbox 1271 365 1792 430; x_wconf 79' lang='lat' dir='ltr'><strong>RESPONSIONES</strong></span> <span class='ocrx_word' id='word_1_5' title='bbox 1823 363 1916 419; x_wconf 81' lang='lat' dir='ltr'><strong>AD</strong></span> <span class='ocrx_word' id='word_1_6' title='bbox 1952 355 2448 418; x_wconf 76' lang='lat' dir='ltr'><strong>ORTHODOXOS.</strong></span> 
     </span>
    </p>
   </div>
   <div class='ocr_carea' id='block_1_2' title="bbox 3052 352 3194 412">
    <p class='ocr_par' dir='ltr' id='par_1_2' title="bbox 3052 352 3194 412">
     <span class='ocr_line' id='line_1_2' title="bbox 3052 352 3194 412; baseline 0.014 -2"><span class='ocrx_word' id='word_1_7' title='bbox 3052 352 3194 412; x_wconf 65' lang='grc'><strong>1574</strong></span> 
     </span>
    </p>
   </div>
   <div class='ocr_carea' id='block_1_3' title="bbox 23 469 1460 584">
    <p class='ocr_par' dir='ltr' id='par_1_3' title="bbox 23 491 1460 584">
     <span class='ocr_line' id='line_1_3' title="bbox 23 491 1460 584; baseline -0.016 -18"><span class='ocrx_word' id='word_1_8' title='bbox 23 513 168 584; x_wconf 76' lang='grc' dir='ltr'>τὸτῆς</span> <span class='ocrx_word' id='word_1_9' title='bbox 211 511 342 570; x_wconf 80' lang='grc' dir='ltr'>ιδίας</span> <span class='ocrx_word' id='word_1_10' title='bbox 386 504 672 576; x_wconf 56' lang='grc' dir='ltr'>ψωμικῆς</span> <span class='ocrx_word' id='word_1_11' title='bbox 711 500 875 555; x_wconf 88' lang='grc' dir='ltr'>αὐτοῦ</span> <span class='ocrx_word' id='word_1_12' title='bbox 924 495 1139 559; x_wconf 81' lang='grc' dir='ltr'><strong>κακίας.</strong></span> <span class='ocrx_word' id='word_1_13' title='bbox 1170 493 1290 565; x_wconf 85' lang='grc' dir='ltr'><strong>Χρὴ</strong></span> <span class='ocrx_word' id='word_1_14' title='bbox 1331 492 1387 546; x_wconf 83' lang='grc' dir='ltr'>δὲ</span> <span class='ocrx_word' id='word_1_15' title='bbox 1417 491 1460 543; x_wconf 71' lang='grc' dir='ltr'><strong>τὶ</strong></span> 
     </span>
    </p>
   </div>
   <div class='ocr_carea' id='block_1_4' title="bbox 1756 469 3193 584">
    <p class='ocr_par' dir='ltr' id='par_1_4' title="bbox 1766 469 3193 553">
     <span class='ocr_line' id='line_1_4' title="bbox 1766 469 3193 553; baseline -0.007 -17"><span class='ocrx_word' id='word_1_16' title='bbox 1766 481 2054 553; x_wconf 76' lang='lat' dir='ltr'><strong>pravitate.</strong></span> <span class='ocrx_word' id='word_1_17' title='bbox 2085 476 2314 548; x_wconf 79' lang='lat' dir='ltr'><strong>Oportet</strong></span> <span class='ocrx_word' id='word_1_18' title='bbox 2363 481 2545 530; x_wconf 88' lang='lat' dir='ltr'><strong>autem</strong></span> <span class='ocrx_word' id='word_1_19' title='bbox 2595 479 2656 527; x_wconf 90' lang='lat' dir='ltr'><strong>ut</strong></span> <span class='ocrx_word' id='word_1_20' title='bbox 2706 470 2800 544; x_wconf 94' lang='lat' dir='ltr'><strong>qui</strong></span> <span class='ocrx_word' id='word_1_21' title='bbox 2826 469 3067 527; x_wconf 85' lang='lat' dir='ltr'><strong>hominis</strong></span> <span class='ocrx_word' id='word_1_22' title='bbox 3093 471 3193 526; x_wconf 86' lang='lat' dir='ltr'><strong>bo-</strong></span> 
     </span>
    </p>
   </div>
   <div class='ocr_carea' id='block_1_5' title="bbox 23 581 1499 675">
    <p class='ocr_par' dir='ltr' id='par_1_5' title="bbox 23 581 1499 675">
     <span class='ocr_line' id='line_1_5' title="bbox 23 581 1499 675; baseline -0.017 -17"><span class='ocrx_word' id='word_1_23' title='bbox 23 581 244 675; x_wconf 74' lang='grc' dir='ltr'>ωλόμενον</span> <span class='ocrx_word' id='word_1_24' title='bbox 288 599 378 653; x_wconf 86' lang='grc' dir='ltr'><strong>τὸν</strong></span> <span class='ocrx_word' id='word_1_25' title='bbox 437 594 642 665; x_wconf 86' lang='grc' dir='ltr'>ἀγαθὸν</span> <span class='ocrx_word' id='word_1_26' title='bbox 695 591 977 663; x_wconf 84' lang='grc' dir='ltr'>ἄνθρωπον</span> <span class='ocrx_word' id='word_1_27' title='bbox 1022 586 1095 658; x_wconf 76' lang='grc'><strong>(4)</strong></span> <span class='ocrx_word' id='word_1_28' title='bbox 1146 581 1499 654; x_wconf 80' lang='grc' dir='ltr'><strong>καταμαθεῖν,</strong></span> 
     </span>
    </p>
   </div>
   <div class='ocr_carea' id='block_1_6' title="bbox 23 675 1503 758">
    <p class='ocr_par' dir='ltr' id='par_1_6' title="bbox 23 675 1503 758">
     <span class='ocr_line' id='line_1_6' title="bbox 23 675 1503 758; baseline -0.016 -9"><span class='ocrx_word' id='word_1_29' title='bbox 23 698 81 758; x_wconf 66' lang='grc' dir='ltr'>»ὸς</span> <span class='ocrx_word' id='word_1_30' title='bbox 111 694 163 748; x_wconf 88' lang='grc' dir='ltr'><strong>τὸ</strong></span> <span class='ocrx_word' id='word_1_31' title='bbox 195 691 344 754; x_wconf 87' lang='grc' dir='ltr'>τέλος</span> <span class='ocrx_word' id='word_1_32' title='bbox 391 685 721 743; x_wconf 84' lang='grc' dir='ltr'>ἀποϐλέπειν</span> <span class='ocrx_word' id='word_1_33' title='bbox 766 683 828 736; x_wconf 86' lang='grc' dir='ltr'><strong>τὸ</strong></span> <span class='ocrx_word' id='word_1_34' title='bbox 875 679 1013 754; x_wconf 81' lang='grc' dir='ltr'>μετὰ</span> <span class='ocrx_word' id='word_1_35' title='bbox 1058 677 1157 748; x_wconf 77' lang='grc' dir='ltr'><strong>τὴν</strong></span> <span class='ocrx_word' id='word_1_36' title='bbox 1208 675 1503 730; x_wconf 86' lang='grc' dir='ltr'>ἀποϐίωσιν</span> 
     </span>
    </p>
   </div>
   <div class='ocr_carea' id='block_1_7' title="bbox 23 768 1504 861">
    <p class='ocr_par' dir='ltr' id='par_1_7' title="bbox 23 768 1504 861">
     <span class='ocr_line' id='line_1_7' title="bbox 23 768 1504 861; baseline -0.016 -17"><span class='ocrx_word' id='word_1_37' title='bbox 23 790 277 861; x_wconf 56' lang='grc' dir='ltr'>τσκείμενον</span> <span class='ocrx_word' id='word_1_38' title='bbox 315 781 612 856; x_wconf 82' lang='grc' dir='ltr'><strong>ἀνθρώπῳ.</strong></span> <span class='ocrx_word' id='word_1_39' title='bbox 655 780 889 841; x_wconf 86' lang='grc' dir='ltr'>Ἐκεῖνος</span> <span class='ocrx_word' id='word_1_40' title='bbox 937 773 1045 846; x_wconf 85' lang='grc' dir='ltr'><strong>γάρ</strong></span> <span class='ocrx_word' id='word_1_41' title='bbox 1083 774 1183 844; x_wconf 84' lang='grc' dir='ltr'><strong>τῆς</strong></span> <span class='ocrx_word' id='word_1_42' title='bbox 1224 768 1504 841; x_wconf 81' lang='grc' dir='ltr'><strong>παρούσης</strong></span> 
     </span>
    </p>
   </div>
   <div class='ocr_carea' id='block_1_8' title="bbox 23 860 1505 954">
    <p class='ocr_par' dir='ltr' id='par_1_8' title="bbox 23 860 1505 954">
     <span class='ocr_line' id='line_1_8' title="bbox 23 860 1505 954; baseline -0.016 -18"><span class='ocrx_word' id='word_1_43' title='bbox 23 885 85 954; x_wconf 74' lang='grc' dir='ltr'><strong>›ῆς</strong></span> <span class='ocrx_word' id='word_1_44' title='bbox 108 860 237 934; x_wconf 77' lang='grc' dir='ltr'>ἐστιν</span> <span class='ocrx_word' id='word_1_45' title='bbox 262 880 290 932; x_wconf 84' lang='grc' dir='ltr'>ὁ</span> <span class='ocrx_word' id='word_1_46' title='bbox 316 876 552 948; x_wconf 89' lang='grc' dir='ltr'>καρπὸς,</span> <span class='ocrx_word' id='word_1_47' title='bbox 580 872 825 927; x_wconf 80' lang='grc' dir='ltr'><strong>τουτέστι</strong></span> <span class='ocrx_word' id='word_1_48' title='bbox 857 867 1190 941; x_wconf 85' lang='grc' dir='ltr'>μακαριότης</span> <span class='ocrx_word' id='word_1_49' title='bbox 1218 860 1505 931; x_wconf 80' lang='grc' dir='ltr'>ἀτελεύτη-</span> 
     </span>
    </p>
   </div>
   <div class='ocr_carea' id='block_1_9' title="bbox 24 954 1266 1040">
    <p class='ocr_par' dir='ltr' id='par_1_9' title="bbox 24 954 1266 1040">
     <span class='ocr_line' id='line_1_9' title="bbox 24 954 1266 1040; baseline -0.017 -14"><span class='ocrx_word' id='word_1_50' title='bbox 24 972 159 1036; x_wconf 74' lang='grc' dir='ltr'>ςάντὶ</span> <span class='ocrx_word' id='word_1_51' title='bbox 182 969 276 1040; x_wconf 79' lang='grc' dir='ltr'>τῆς</span> <span class='ocrx_word' id='word_1_52' title='bbox 303 962 671 1039; x_wconf 77' lang='grc' dir='ltr'>ὀλιγοχρονίου</span> <span class='ocrx_word' id='word_1_53' title='bbox 697 957 1073 1028; x_wconf 82' lang='grc' dir='ltr'>κακυνομένης</span> <span class='ocrx_word' id='word_1_54' title='bbox 1102 954 1266 1024; x_wconf 80' lang='grc' dir='ltr'>ζωῆς.</span> 
     </span>
    </p>
   </div>
   <div class='ocr_carea' id='block_1_10' title="bbox 41 1046 1502 1129">
    <p class='ocr_par' dir='ltr' id='par_1_10' title="bbox 41 1046 1502 1129">
     <span class='ocr_line' id='line_1_10' title="bbox 41 1046 1502 1129; baseline -0.017 -12"><span class='ocrx_word' id='word_1_55' title='bbox 41 1059 552 1129; x_wconf 55' lang='grc' dir='ltr'><strong>ἘΡΩΤΗΣΙΣῘΡΚΔἎ</strong></span> <span class='ocrx_word' id='word_1_56' title='bbox 581 1057 644 1108; x_wconf 83' lang='grc' dir='ltr'><strong>Εἰ</strong></span> <span class='ocrx_word' id='word_1_57' title='bbox 679 1055 778 1126; x_wconf 81' lang='grc' dir='ltr'>τῆς</span> <span class='ocrx_word' id='word_1_58' title='bbox 821 1051 1050 1105; x_wconf 79' lang='grc' dir='ltr'>ἑκάστου</span> <span class='ocrx_word' id='word_1_59' title='bbox 1088 1046 1327 1118; x_wconf 82' lang='grc' dir='ltr'>βιώσεως</span> <span class='ocrx_word' id='word_1_60' title='bbox 1368 1059 1502 1115; x_wconf 86' lang='grc' dir='ltr'>προ-</span> 
     </span>
    </p>
   </div>
   <div class='ocr_carea' id='block_1_11' title="bbox 24 1133 1504 1225">
    <p class='ocr_par' dir='ltr' id='par_1_11' title="bbox 24 1133 1504 1225">
     <span class='ocr_line' id='line_1_11' title="bbox 24 1133 1504 1225; baseline -0.014 -21"><span class='ocrx_word' id='word_1_61' title='bbox 24 1155 171 1225; x_wconf 73' lang='grc' dir='ltr'>ίὼστης</span> <span class='ocrx_word' id='word_1_62' title='bbox 193 1153 219 1205; x_wconf 81' lang='grc' dir='ltr'>ὁ</span> <span class='ocrx_word' id='word_1_63' title='bbox 246 1149 526 1219; x_wconf 82' lang='grc' dir='ltr'><strong>Δεσπότης</strong></span> <span class='ocrx_word' id='word_1_64' title='bbox 555 1145 880 1216; x_wconf 82' lang='grc' dir='ltr'>καθέστηκε,</span> <span class='ocrx_word' id='word_1_65' title='bbox 909 1139 997 1194; x_wconf 74' lang='grc' dir='ltr'>διὰ</span> <span class='ocrx_word' id='word_1_66' title='bbox 1020 1139 1072 1192; x_wconf 85' lang='grc' dir='ltr'><strong>τί</strong></span> <span class='ocrx_word' id='word_1_67' title='bbox 1109 1136 1186 1212; x_wconf 76' lang='grc' dir='ltr'>μὴ</span> <span class='ocrx_word' id='word_1_68' title='bbox 1217 1134 1325 1188; x_wconf 88' lang='grc' dir='ltr'><strong>τῶν</strong></span> <span class='ocrx_word' id='word_1_69' title='bbox 1352 1133 1504 1186; x_wconf 87' lang='grc' dir='ltr'>εὐσε-</span> 
     </span>
    </p>
   </div>
   <div class='ocr_carea' id='block_1_12' title="bbox 23 1225 1500 1314">
    <p class='ocr_par' dir='ltr' id='par_1_12' title="bbox 23 1225 1500 1314">
     <span class='ocr_line' id='line_1_12' title="bbox 23 1225 1500 1314; baseline -0.016 -15"><span class='ocrx_word' id='word_1_70' title='bbox 23 1249 58 1299; x_wconf 79' lang='lat' dir='ltr'><strong>iv</strong></span> <span class='ocrx_word' id='word_1_71' title='bbox 76 1245 159 1308; x_wconf 84' lang='grc' dir='ltr'><strong>τὰς</strong></span> <span class='ocrx_word' id='word_1_72' title='bbox 202 1240 377 1314; x_wconf 76' lang='grc' dir='ltr'>ψυχὰς</span> <span class='ocrx_word' id='word_1_73' title='bbox 423 1243 480 1293; x_wconf 84' lang='grc' dir='ltr'>ὲν</span> <span class='ocrx_word' id='word_1_74' title='bbox 531 1237 778 1309; x_wconf 87' lang='grc' dir='ltr'>σώμασιν</span> <span class='ocrx_word' id='word_1_75' title='bbox 828 1231 1134 1286; x_wconf 82' lang='grc' dir='ltr'>εὐσθενέσιν</span> <span class='ocrx_word' id='word_1_76' title='bbox 1181 1225 1500 1297; x_wconf 77' lang='grc' dir='ltr'>εἰσῴκισεν;</span> 
     </span>
    </p>
   </div>
   <div class='ocr_carea' id='block_1_13' title="bbox 46 1315 1503 1407">
    <p class='ocr_par' dir='ltr' id='par_1_13' title="bbox 46 1315 1503 1407">
     <span class='ocr_line' id='line_1_13' title="bbox 46 1315 1503 1407; baseline -0.015 -17"><span class='ocrx_word' id='word_1_77' title='bbox 46 1338 103 1402; x_wconf 79' lang='grc' dir='ltr'><strong>δὲ,</strong></span> <span class='ocrx_word' id='word_1_78' title='bbox 127 1331 462 1407; x_wconf 79' lang='grc' dir='ltr'>θησαυρίζων</span> <span class='ocrx_word' id='word_1_79' title='bbox 494 1331 676 1392; x_wconf 82' lang='grc' dir='ltr'>αὐτοῖς</span> <span class='ocrx_word' id='word_1_80' title='bbox 715 1326 813 1390; x_wconf 86' lang='grc' dir='ltr'><strong>τάς</strong></span> <span class='ocrx_word' id='word_1_81' title='bbox 851 1322 1085 1396; x_wconf 84' lang='grc' dir='ltr'>ἀμοιϐὰς</span> <span class='ocrx_word' id='word_1_82' title='bbox 1123 1323 1179 1374; x_wconf 82' lang='grc' dir='ltr'><strong>ὲν</strong></span> <span class='ocrx_word' id='word_1_83' title='bbox 1214 1321 1327 1382; x_wconf 87' lang='grc' dir='ltr'>τοῖς</span> <span class='ocrx_word' id='word_1_84' title='bbox 1374 1315 1503 1388; x_wconf 83' lang='grc' dir='ltr'>μέλ-</span> 
     </span>
    </p>
   </div>
   <div class='ocr_carea' id='block_1_14' title="bbox 23 1406 1506 1494">
    <p class='ocr_par' dir='ltr' id='par_1_14' title="bbox 23 1406 1506 1494">
     <span class='ocr_line' id='line_1_14' title="bbox 23 1406 1506 1494; baseline -0.018 -11"><span class='ocrx_word' id='word_1_85' title='bbox 23 1448 128 1492; x_wconf 76' lang='grc' dir='ltr'>υσιν,</span> <span class='ocrx_word' id='word_1_86' title='bbox 159 1430 210 1480; x_wconf 84' lang='grc' dir='ltr'>ὲν</span> <span class='ocrx_word' id='word_1_87' title='bbox 234 1428 346 1488; x_wconf 90' lang='grc' dir='ltr'>τοῖς</span> <span class='ocrx_word' id='word_1_88' title='bbox 379 1422 652 1494; x_wconf 77' lang='grc' dir='ltr'>παροῦσιν</span> <span class='ocrx_word' id='word_1_89' title='bbox 701 1420 896 1479; x_wconf 79' lang='grc' dir='ltr'>αὐτοὺς</span> <span class='ocrx_word' id='word_1_90' title='bbox 933 1411 1275 1484; x_wconf 82' lang='grc' dir='ltr'>συνεχώρησε</span> <span class='ocrx_word' id='word_1_91' title='bbox 1331 1406 1506 1461; x_wconf 78' lang='grc' dir='ltr'>θλίϐεσ-</span> 
     </span>
    </p>
   </div>
   <div class='ocr_carea' id='block_1_15' title="bbox 24 1499 1502 1587">
    <p class='ocr_par' dir='ltr' id='par_1_15' title="bbox 24 1499 1502 1587">
     <span class='ocr_line' id='line_1_15' title="bbox 24 1499 1502 1587; baseline -0.017 -13"><span class='ocrx_word' id='word_1_92' title='bbox 24 1540 84 1582; x_wconf 58' lang='grc' dir='ltr'>ιαι,</span> <span class='ocrx_word' id='word_1_93' title='bbox 121 1519 197 1573; x_wconf 84' lang='grc' dir='ltr'><strong>διά</strong></span> <span class='ocrx_word' id='word_1_94' title='bbox 241 1517 292 1570; x_wconf 87' lang='grc' dir='ltr'><strong>τί</strong></span> <span class='ocrx_word' id='word_1_95' title='bbox 338 1514 418 1587; x_wconf 84' lang='grc' dir='ltr'>μὴ</span> <span class='ocrx_word' id='word_1_96' title='bbox 469 1514 670 1575; x_wconf 81' lang='grc' dir='ltr'>πάντες</span> <span class='ocrx_word' id='word_1_97' title='bbox 713 1512 770 1563; x_wconf 83' lang='grc' dir='ltr'>ὲν</span> <span class='ocrx_word' id='word_1_98' title='bbox 803 1511 923 1570; x_wconf 91' lang='grc' dir='ltr'>ταῖς</span> <span class='ocrx_word' id='word_1_99' title='bbox 960 1504 1200 1574; x_wconf 68' lang='grc' dir='ltr'>θλίψεσιν</span> <span class='ocrx_word' id='word_1_100' title='bbox 1226 1500 1427 1571; x_wconf 83' lang='grc' dir='ltr'>ὁμοίως</span> <span class='ocrx_word' id='word_1_101' title='bbox 1453 1499 1502 1550; x_wconf 79' lang='grc' dir='ltr'>οἱ</span> 
     </span>
    </p>
   </div>
   <div class='ocr_carea' id='block_1_16' title="bbox 28 1589 1503 1682">
    <p class='ocr_par' dir='ltr' id='par_1_16' title="bbox 28 1589 1503 1682">
     <span class='ocr_line' id='line_1_16' title="bbox 28 1589 1503 1682; baseline -0.017 -16"><span class='ocrx_word' id='word_1_102' title='bbox 28 1614 164 1676; x_wconf 72' lang='grc' dir='ltr'>ςεϐεῖς</span> <span class='ocrx_word' id='word_1_103' title='bbox 186 1609 530 1682; x_wconf 77' lang='grc' dir='ltr'>ὲξητάζοντο,</span> <span class='ocrx_word' id='word_1_104' title='bbox 557 1604 698 1657; x_wconf 85' lang='grc' dir='ltr'>ὥστε</span> <span class='ocrx_word' id='word_1_105' title='bbox 725 1601 880 1674; x_wconf 81' lang='grc' dir='ltr'>δῆλον</span> <span class='ocrx_word' id='word_1_106' title='bbox 914 1601 976 1653; x_wconf 78' lang='grc' dir='ltr'>ὲκ</span> <span class='ocrx_word' id='word_1_107' title='bbox 1005 1596 1196 1650; x_wconf 81' lang='grc' dir='ltr'>τούτου</span> <span class='ocrx_word' id='word_1_108' title='bbox 1234 1592 1296 1646; x_wconf 89' lang='grc' dir='ltr'><strong>τὸ</strong></span> <span class='ocrx_word' id='word_1_109' title='bbox 1343 1589 1503 1645; x_wconf 87' lang='grc' dir='ltr'>καλὸν</span> 
     </span>
    </p>
   </div>
   <div class='ocr_carea' id='block_1_17' title="bbox 23 1682 1502 1761">
    <p class='ocr_par' dir='ltr' id='par_1_17' title="bbox 23 1682 1502 1761">
     <span class='ocr_line' id='line_1_17' title="bbox 23 1682 1502 1761; baseline -0.018 -1"><span class='ocrx_word' id='word_1_110' title='bbox 23 1709 45 1761; x_wconf 74' lang='grc' dir='ltr'>ιὶ</span> <span class='ocrx_word' id='word_1_111' title='bbox 79 1707 127 1759; x_wconf 85' lang='grc' dir='ltr'><strong>τὸ</strong></span> <span class='ocrx_word' id='word_1_112' title='bbox 166 1703 328 1757; x_wconf 84' lang='grc' dir='ltr'>δεινὸν</span> <span class='ocrx_word' id='word_1_113' title='bbox 369 1695 771 1754; x_wconf 81' lang='grc' dir='ltr'>διαδείκνυσθαι</span> <span class='ocrx_word' id='word_1_114' title='bbox 801 1711 815 1758; x_wconf 89' lang='lat'><strong>;</strong></span> <span class='ocrx_word' id='word_1_115' title='bbox 843 1694 906 1746; x_wconf 84' lang='grc' dir='ltr'>Εί</span> <span class='ocrx_word' id='word_1_116' title='bbox 949 1691 1006 1744; x_wconf 81' lang='grc' dir='ltr'>δὲ</span> <span class='ocrx_word' id='word_1_117' title='bbox 1041 1687 1324 1760; x_wconf 81' lang='grc' dir='ltr'>ἀμφότερα</span> <span class='ocrx_word' id='word_1_118' title='bbox 1372 1682 1502 1754; x_wconf 88' lang='grc' dir='ltr'>παρ’</span> 
     </span>
    </p>
   </div>
   <div class='ocr_carea' id='block_1_18' title="bbox 23 1773 1505 1866">
    <p class='ocr_par' dir='ltr' id='par_1_18' title="bbox 23 1773 1505 1866">
     <span class='ocr_line' id='line_1_18' title="bbox 23 1773 1505 1866; baseline -0.019 -16"><span class='ocrx_word' id='word_1_119' title='bbox 23 1797 242 1866; x_wconf 62' lang='grc' dir='ltr'>ιφστέροις</span> <span class='ocrx_word' id='word_1_120' title='bbox 282 1790 634 1862; x_wconf 84' lang='grc' dir='ltr'>εὑρίσκεται,</span> <span class='ocrx_word' id='word_1_121' title='bbox 682 1785 798 1848; x_wconf 90' lang='grc' dir='ltr'><strong>πῶς</strong></span> <span class='ocrx_word' id='word_1_122' title='bbox 823 1783 924 1836; x_wconf 89' lang='grc' dir='ltr'><strong>οὐκ</strong></span> <span class='ocrx_word' id='word_1_123' title='bbox 953 1778 1144 1850; x_wconf 79' lang='grc' dir='ltr'>ἄδηλος</span> <span class='ocrx_word' id='word_1_124' title='bbox 1169 1778 1196 1830; x_wconf 86' lang='grc' dir='ltr'>ὁ</span> <span class='ocrx_word' id='word_1_125' title='bbox 1222 1773 1284 1827; x_wconf 88' lang='grc' dir='ltr'>τὸ</span> <span class='ocrx_word' id='word_1_126' title='bbox 1322 1774 1505 1843; x_wconf 87' lang='grc' dir='ltr'>κρεῖτ-</span> 
     </span>
    </p>
   </div>
   <div class='ocr_carea' id='block_1_19' title="bbox 23 1846 1574 1956">
    <p class='ocr_par' dir='ltr' id='par_1_19' title="bbox 23 1846 1574 1956">
     <span class='ocr_line' id='line_1_19' title="bbox 23 1846 1574 1956; baseline -0.018 -16"><span class='ocrx_word' id='word_1_127' title='bbox 23 1846 316 1956; x_wconf 33' lang='grc' dir='ltr'>νιέλόμενοςς</span> <span class='ocrx_word' id='word_1_128' title='bbox 350 1846 486 1944; x_wconf 54' lang='grc' dir='ltr'>λιῶς</span> <span class='ocrx_word' id='word_1_129' title='bbox 521 1880 577 1932; x_wconf 82' lang='grc' dir='ltr'><strong>δὲ</strong></span> <span class='ocrx_word' id='word_1_130' title='bbox 603 1877 677 1940; x_wconf 86' lang='grc' dir='ltr'>ὡς</span> <span class='ocrx_word' id='word_1_131' title='bbox 722 1875 876 1945; x_wconf 78' lang='grc' dir='ltr'>ἔτυχε</span> <span class='ocrx_word' id='word_1_132' title='bbox 903 1871 972 1926; x_wconf 91' lang='grc' dir='ltr'><strong>τά</strong></span> <span class='ocrx_word' id='word_1_133' title='bbox 1000 1846 1176 1923; x_wconf 79' lang='grc' dir='ltr'>πάντα</span> <span class='ocrx_word' id='word_1_134' title='bbox 1201 1865 1497 1936; x_wconf 85' lang='grc' dir='ltr'>φερόμενα,</span> <span class='ocrx_word' id='word_1_135' title='bbox 1533 1846 1574 1904; x_wconf 76' lang='grc' dir='ltr'><strong>Β</strong></span> 
     </span>
    </p>
   </div>
   <div class='ocr_carea' id='block_1_20' title="bbox 23 1955 1502 2053">
    <p class='ocr_par' dir='ltr' id='par_1_20' title="bbox 23 1955 1502 2053">
     <span class='ocr_line' id='line_1_20' title="bbox 23 1955 1502 2053; baseline -0.018 -19"><span class='ocrx_word' id='word_1_136' title='bbox 23 1981 223 2053; x_wconf 64' lang='grc' dir='ltr'>προνόητα</span> <span class='ocrx_word' id='word_1_137' title='bbox 252 1978 322 2030; x_wconf 87' lang='grc' dir='ltr'><strong>τά</strong></span> <span class='ocrx_word' id='word_1_138' title='bbox 377 1977 437 2028; x_wconf 84' lang='grc' dir='ltr'>ὲν</span> <span class='ocrx_word' id='word_1_139' title='bbox 461 1972 542 2044; x_wconf 82' lang='grc' dir='ltr'>τῷ</span> <span class='ocrx_word' id='word_1_140' title='bbox 595 1972 784 2041; x_wconf 85' lang='grc' dir='ltr'>κόσμῳ</span> <span class='ocrx_word' id='word_1_141' title='bbox 825 1968 886 2022; x_wconf 91' lang='grc' dir='ltr'><strong>οὐ</strong></span> <span class='ocrx_word' id='word_1_142' title='bbox 929 1955 1502 2025; x_wconf 87' lang='grc' dir='ltr'>δείκνυσιν,ἐύσεϐοῦς</span> 
     </span>
    </p>
   </div>
   <div class='ocr_carea' id='block_1_21' title="bbox 23 2057 1158 2136">
    <p class='ocr_par' dir='ltr' id='par_1_21' title="bbox 23 2057 1158 2136">
     <span class='ocr_line' id='line_1_21' title="bbox 23 2057 1158 2136; baseline -0.018 -9"><span class='ocrx_word' id='word_1_143' title='bbox 23 2077 44 2127; x_wconf 61' lang='lat' dir='ltr'><strong>al</strong></span> <span class='ocrx_word' id='word_1_144' title='bbox 63 2071 262 2135; x_wconf 73' lang='grc' dir='ltr'>ἀσεϐοῦς</span> <span class='ocrx_word' id='word_1_145' title='bbox 295 2071 399 2123; x_wconf 87' lang='grc' dir='ltr'><strong>οὐκ</strong></span> <span class='ocrx_word' id='word_1_146' title='bbox 428 2066 600 2136; x_wconf 76' lang='grc' dir='ltr'>οὖσης</span> <span class='ocrx_word' id='word_1_147' title='bbox 629 2064 772 2125; x_wconf 90' lang='grc' dir='ltr'>τινὸς</span> <span class='ocrx_word' id='word_1_148' title='bbox 799 2057 1158 2128; x_wconf 88' lang='grc' dir='ltr'>διακρίσεως;</span> 
     </span>
    </p>
   </div>
   <div class='ocr_carea' id='block_1_22' title="bbox 35 2141 1503 2219">
    <p class='ocr_par' dir='ltr' id='par_1_22' title="bbox 35 2141 1503 2219">
     <span class='ocr_line' id='line_1_22' title="bbox 35 2141 1503 2219; baseline -0.019 1"><span class='ocrx_word' id='word_1_149' title='bbox 35 2162 398 2219; x_wconf 79' lang='grc' dir='ltr'><strong>ἈΠΟΚΡΙΣῘΣ.</strong></span> <span class='ocrx_word' id='word_1_150' title='bbox 435 2161 554 2213; x_wconf 86' lang='grc' dir='ltr'>Οὐκ</span> <span class='ocrx_word' id='word_1_151' title='bbox 603 2155 851 2208; x_wconf 75' lang='grc' dir='ltr'>ἐϐούλετο</span> <span class='ocrx_word' id='word_1_152' title='bbox 889 2155 918 2205; x_wconf 89' lang='grc' dir='ltr'>ὁ</span> <span class='ocrx_word' id='word_1_153' title='bbox 945 2149 1076 2212; x_wconf 83' lang='grc' dir='ltr'>Θεὸς</span> <span class='ocrx_word' id='word_1_154' title='bbox 1097 2149 1209 2210; x_wconf 91' lang='grc' dir='ltr'>τοῖς</span> <span class='ocrx_word' id='word_1_155' title='bbox 1234 2141 1503 2215; x_wconf 81' lang='grc' dir='ltr'>παροῦσιν</span> 
     </span>
    </p>
   </div>
   <div class='ocr_carea' id='block_1_23' title="bbox 23 2229 1503 2326">
    <p class='ocr_par' dir='ltr' id='par_1_23' title="bbox 23 2229 1503 2326">
     <span class='ocr_line' id='line_1_23' title="bbox 23 2229 1503 2326; baseline -0.016 -19"><span class='ocrx_word' id='word_1_156' title='bbox 23 2257 77 2325; x_wconf 67' lang='grc' dir='ltr'><strong>πὲρ</strong></span> <span class='ocrx_word' id='word_1_157' title='bbox 111 2252 298 2326; x_wconf 75' lang='grc' dir='ltr'>ἀρετῆς</span> <span class='ocrx_word' id='word_1_158' title='bbox 329 2250 568 2321; x_wconf 79' lang='grc' dir='ltr'>τιμῆσαι</span> <span class='ocrx_word' id='word_1_159' title='bbox 610 2247 738 2308; x_wconf 81' lang='grc' dir='ltr'>τοὺς</span> <span class='ocrx_word' id='word_1_160' title='bbox 781 2240 928 2312; x_wconf 86' lang='grc' dir='ltr'>αὐτῷ</span> <span class='ocrx_word' id='word_1_161' title='bbox 969 2235 1376 2308; x_wconf 82' lang='grc' dir='ltr'>ἀνακειμένους.</span> <span class='ocrx_word' id='word_1_162' title='bbox 1421 2229 1503 2284; x_wconf 87' lang='grc' dir='ltr'><strong>Τά</strong></span> 
     </span>
    </p>
   </div>
   <div class='ocr_carea' id='block_1_24' title="bbox 23 2327 1500 2419">
    <p class='ocr_par' dir='ltr' id='par_1_24' title="bbox 23 2327 1500 2419">
     <span class='ocr_line' id='line_1_24' title="bbox 23 2327 1500 2419; baseline -0.016 -18"><span class='ocrx_word' id='word_1_163' title='bbox 23 2367 54 2419; x_wconf 65' lang='lat' dir='ltr'><strong>np</strong></span> <span class='ocrx_word' id='word_1_164' title='bbox 74 2351 117 2400; x_wconf 77' lang='grc' dir='ltr'><strong>ὲν</strong></span> <span class='ocrx_word' id='word_1_165' title='bbox 143 2345 214 2417; x_wconf 83' lang='grc' dir='ltr'>τῷ</span> <span class='ocrx_word' id='word_1_166' title='bbox 233 2344 455 2413; x_wconf 82' lang='grc' dir='ltr'>Θανάτῳ</span> <span class='ocrx_word' id='word_1_167' title='bbox 480 2341 589 2394; x_wconf 89' lang='grc' dir='ltr'><strong>τῶν</strong></span> <span class='ocrx_word' id='word_1_168' title='bbox 621 2337 859 2392; x_wconf 88' lang='grc' dir='ltr'>εὐσεϐῶν</span> <span class='ocrx_word' id='word_1_169' title='bbox 887 2336 986 2388; x_wconf 90' lang='grc' dir='ltr'><strong>οὐκ</strong></span> <span class='ocrx_word' id='word_1_170' title='bbox 1015 2332 1129 2385; x_wconf 76' lang='grc' dir='ltr'>ἔστι</span> <span class='ocrx_word' id='word_1_171' title='bbox 1158 2329 1346 2403; x_wconf 90' lang='grc' dir='ltr'>μισθὸς</span> <span class='ocrx_word' id='word_1_172' title='bbox 1371 2327 1500 2399; x_wconf 87' lang='grc' dir='ltr'>ἀρε-</span> 
     </span>
    </p>
   </div>
   <div class='ocr_carea' id='block_1_25' title="bbox 24 2417 1503 2509">
    <p class='ocr_par' dir='ltr' id='par_1_25' title="bbox 24 2417 1503 2509">
     <span class='ocr_line' id='line_1_25' title="bbox 24 2417 1503 2509; baseline -0.014 -16"><span class='ocrx_word' id='word_1_173' title='bbox 24 2417 46 2509; x_wconf 60' lang='grc' dir='ltr'>,ξ</span> <span class='ocrx_word' id='word_1_174' title='bbox 63 2456 74 2469; x_wconf 83' lang='lat'><strong><em>°</em></strong></span> <span class='ocrx_word' id='word_1_175' title='bbox 97 2438 175 2490; x_wconf 72' lang='lat' dir='ltr'><strong>ml</strong></span> <span class='ocrx_word' id='word_1_176' title='bbox 195 2435 379 2499; x_wconf 83' lang='grc' dir='ltr'>καθώς</span> <span class='ocrx_word' id='word_1_177' title='bbox 402 2450 514 2504; x_wconf 86' lang='grc' dir='ltr'><strong>περ</strong></span> <span class='ocrx_word' id='word_1_178' title='bbox 540 2432 786 2500; x_wconf 88' lang='grc' dir='ltr'>λέγονται</span> <span class='ocrx_word' id='word_1_179' title='bbox 813 2429 862 2480; x_wconf 86' lang='grc' dir='ltr'><strong>οἱ</strong></span> <span class='ocrx_word' id='word_1_180' title='bbox 898 2423 1141 2486; x_wconf 86' lang='grc' dir='ltr'>εὐσεϐεῖς</span> <span class='ocrx_word' id='word_1_181' title='bbox 1174 2422 1249 2494; x_wconf 84' lang='grc' dir='ltr'><strong>μὴ</strong></span> <span class='ocrx_word' id='word_1_182' title='bbox 1273 2417 1411 2474; x_wconf 78' lang='grc' dir='ltr'>εἶναι</span> <span class='ocrx_word' id='word_1_183' title='bbox 1438 2419 1503 2472; x_wconf 83' lang='grc' dir='ltr'>ἐκ</span> 
     </span>
    </p>
   </div>
   <div class='ocr_carea' id='block_1_26' title="bbox 24 2511 1503 2601">
    <p class='ocr_par' dir='ltr' id='par_1_26' title="bbox 24 2511 1503 2601">
     <span class='ocr_line' id='line_1_26' title="bbox 24 2511 1503 2601; baseline -0.015 -17"><span class='ocrx_word' id='word_1_184' title='bbox 24 2531 259 2601; x_wconf 47' lang='grc' dir='ltr'>ὖήσμου,</span> <span class='ocrx_word' id='word_1_185' title='bbox 284 2527 466 2589; x_wconf 86' lang='grc' dir='ltr'>οῦτως</span> <span class='ocrx_word' id='word_1_186' title='bbox 503 2525 596 2578; x_wconf 71' lang='grc' dir='ltr'><strong>καὶ</strong></span> <span class='ocrx_word' id='word_1_187' title='bbox 639 2526 672 2594; x_wconf 85' lang='grc' dir='ltr'>ἡ</span> <span class='ocrx_word' id='word_1_188' title='bbox 709 2520 836 2585; x_wconf 79' lang='grc' dir='ltr'>δόξα</span> <span class='ocrx_word' id='word_1_189' title='bbox 880 2517 1058 2572; x_wconf 88' lang='grc' dir='ltr'>αὐτῶν</span> <span class='ocrx_word' id='word_1_190' title='bbox 1092 2515 1186 2569; x_wconf 76' lang='grc' dir='ltr'><strong>καὶ</strong></span> <span class='ocrx_word' id='word_1_191' title='bbox 1212 2515 1240 2566; x_wconf 88' lang='grc' dir='ltr'>ὁ</span> <span class='ocrx_word' id='word_1_192' title='bbox 1273 2511 1503 2574; x_wconf 88' lang='grc' dir='ltr'>πλοῦτος</span> 
     </span>
    </p>
   </div>
   <div class='ocr_carea' id='block_1_27' title="bbox 25 2605 1502 2693">
    <p class='ocr_par' dir='ltr' id='par_1_27' title="bbox 25 2605 1502 2693">
     <span class='ocr_line' id='line_1_27' title="bbox 25 2605 1502 2693; baseline -0.014 -17"><span class='ocrx_word' id='word_1_193' title='bbox 25 2641 49 2674; x_wconf 82' lang='grc' dir='ltr'><strong>κ</strong></span> <span class='ocrx_word' id='word_1_194' title='bbox 71 2624 162 2675; x_wconf 77' lang='grc' dir='ltr'>ἐστι</span> <span class='ocrx_word' id='word_1_195' title='bbox 183 2623 364 2693; x_wconf 83' lang='grc' dir='ltr'>γήϊνα.</span> <span class='ocrx_word' id='word_1_196' title='bbox 387 2619 582 2671; x_wconf 54' lang='grc' dir='ltr'>η”υταν</span> <span class='ocrx_word' id='word_1_197' title='bbox 609 2610 701 2668; x_wconf 76' lang='grc' dir='ltr'><strong>οὖν</strong></span> <span class='ocrx_word' id='word_1_198' title='bbox 730 2612 944 2685; x_wconf 86' lang='grc' dir='ltr'>ὁρῶμεν</span> <span class='ocrx_word' id='word_1_199' title='bbox 972 2607 1244 2682; x_wconf 83' lang='grc' dir='ltr'>προσόντα</span> <span class='ocrx_word' id='word_1_200' title='bbox 1270 2607 1383 2668; x_wconf 88' lang='grc' dir='ltr'>τοῖς</span> <span class='ocrx_word' id='word_1_201' title='bbox 1409 2605 1502 2656; x_wconf 87' lang='grc' dir='ltr'>εὐ-</span> 
     </span>
    </p>
   </div>
   <div class='ocr_carea' id='block_1_28' title="bbox 24 2694 1503 2784">
    <p class='ocr_par' dir='ltr' id='par_1_28' title="bbox 24 2694 1503 2784">
     <span class='ocr_line' id='line_1_28' title="bbox 24 2694 1503 2784; baseline -0.014 -17"><span class='ocrx_word' id='word_1_202' title='bbox 24 2717 138 2768; x_wconf 66' lang='grc' dir='ltr'>Εὲσιν</span> <span class='ocrx_word' id='word_1_203' title='bbox 162 2715 194 2768; x_wconf 75' lang='grc' dir='ltr'>ἃ.</span> <span class='ocrx_word' id='word_1_204' title='bbox 217 2713 482 2784; x_wconf 83' lang='grc' dir='ltr'>πρόσεστι</span> <span class='ocrx_word' id='word_1_205' title='bbox 516 2708 610 2762; x_wconf 75' lang='grc' dir='ltr'><strong>καὶ</strong></span> <span class='ocrx_word' id='word_1_206' title='bbox 641 2708 752 2769; x_wconf 87' lang='grc' dir='ltr'>τοῖς</span> <span class='ocrx_word' id='word_1_207' title='bbox 768 2702 1038 2765; x_wconf 89' lang='grc' dir='ltr'>ἀσεϐέσιν,</span> <span class='ocrx_word' id='word_1_208' title='bbox 1059 2694 1503 2767; x_wconf 83' lang='grc' dir='ltr'>ἀναλογισώμεθα</span> 
     </span>
    </p>
   </div>
   <div class='ocr_carea' id='block_1_29' title="bbox 24 2788 1503 2878">
    <p class='ocr_par' dir='ltr' id='par_1_29' title="bbox 24 2788 1503 2878">
     <span class='ocr_line' id='line_1_29' title="bbox 24 2788 1503 2878; baseline -0.013 -20"><span class='ocrx_word' id='word_1_209' title='bbox 24 2808 194 2860; x_wconf 56' lang='lat' dir='ltr'><strong>manu</strong></span> <span class='ocrx_word' id='word_1_210' title='bbox 224 2806 297 2878; x_wconf 83' lang='grc' dir='ltr'>μὴ</span> <span class='ocrx_word' id='word_1_211' title='bbox 326 2801 470 2858; x_wconf 85' lang='grc' dir='ltr'>εἶναι</span> <span class='ocrx_word' id='word_1_212' title='bbox 507 2801 632 2867; x_wconf 81' lang='grc' dir='ltr'>ἄξια</span> <span class='ocrx_word' id='word_1_213' title='bbox 663 2798 731 2851; x_wconf 87' lang='grc' dir='ltr'><strong>τά</strong></span> <span class='ocrx_word' id='word_1_214' title='bbox 765 2796 1004 2869; x_wconf 86' lang='grc' dir='ltr'>παρόντα</span> <span class='ocrx_word' id='word_1_215' title='bbox 1027 2793 1135 2847; x_wconf 90' lang='grc' dir='ltr'><strong>τῶν</strong></span> <span class='ocrx_word' id='word_1_216' title='bbox 1159 2792 1259 2863; x_wconf 78' lang='grc' dir='ltr'>τῆς</span> <span class='ocrx_word' id='word_1_217' title='bbox 1303 2788 1503 2860; x_wconf 78' lang='grc' dir='ltr'>ἀρετῆς</span> 
     </span>
    </p>
   </div>
   <div class='ocr_carea' id='block_1_30' title="bbox 23 2877 1502 2966">
    <p class='ocr_par' dir='ltr' id='par_1_30' title="bbox 23 2877 1502 2966">
     <span class='ocr_line' id='line_1_30' title="bbox 23 2877 1502 2966; baseline -0.014 -15"><span class='ocrx_word' id='word_1_218' title='bbox 23 2899 122 2953; x_wconf 64' lang='lat' dir='ltr'><strong>iam.</strong></span> <span class='ocrx_word' id='word_1_219' title='bbox 149 2877 250 2953; x_wconf 69' lang='lat' dir='ltr'><strong>Kal</strong></span> <span class='ocrx_word' id='word_1_220' title='bbox 284 2877 334 2952; x_wconf 84' lang='grc' dir='ltr'>εἰ</span> <span class='ocrx_word' id='word_1_221' title='bbox 364 2896 620 2966; x_wconf 80' lang='grc' dir='ltr'>φαίνεται</span> <span class='ocrx_word' id='word_1_222' title='bbox 671 2891 804 2954; x_wconf 86' lang='grc' dir='ltr'>Θεὸς</span> <span class='ocrx_word' id='word_1_223' title='bbox 849 2891 963 2952; x_wconf 89' lang='grc' dir='ltr'>τοῖς</span> <span class='ocrx_word' id='word_1_224' title='bbox 1016 2883 1324 2958; x_wconf 83' lang='grc' dir='ltr'>ἀνθρώποις</span> <span class='ocrx_word' id='word_1_225' title='bbox 1370 2877 1502 2932; x_wconf 85' lang='grc' dir='ltr'>ποτὲ</span> 
     </span>
    </p>
   </div>
   <div class='ocr_carea' id='block_1_31' title="bbox 23 2973 1502 3056">
    <p class='ocr_par' dir='ltr' id='par_1_31' title="bbox 23 2973 1502 3056">
     <span class='ocr_line' id='line_1_31' title="bbox 23 2973 1502 3056; baseline -0.011 -14"><span class='ocrx_word' id='word_1_226' title='bbox 23 2991 140 3054; x_wconf 72' lang='grc' dir='ltr'>σώσας</span> <span class='ocrx_word' id='word_1_227' title='bbox 161 2990 304 3053; x_wconf 80' lang='grc' dir='ltr'>τινὰς</span> <span class='ocrx_word' id='word_1_228' title='bbox 329 2988 444 3042; x_wconf 89' lang='grc' dir='ltr'><strong>τῶν</strong></span> <span class='ocrx_word' id='word_1_229' title='bbox 472 2985 623 3056; x_wconf 83' lang='grc' dir='ltr'>αὐτῷ</span> <span class='ocrx_word' id='word_1_230' title='bbox 646 2981 1039 3053; x_wconf 85' lang='grc' dir='ltr'>ἀνακειμένων,</span> <span class='ocrx_word' id='word_1_231' title='bbox 1065 2979 1141 3042; x_wconf 84' lang='grc' dir='ltr'>ὼς</span> <span class='ocrx_word' id='word_1_232' title='bbox 1161 2975 1260 3038; x_wconf 20' lang='grc' dir='ltr'>,τὸν</span> <span class='ocrx_word' id='word_1_233' title='bbox 1304 2973 1502 3044; x_wconf 80' lang='grc' dir='ltr'>Ἰωσὴφ</span> 
     </span>
    </p>
   </div>
   <div class='ocr_carea' id='block_1_32' title="bbox 23 3065 1504 3148">
    <p class='ocr_par' dir='ltr' id='par_1_32' title="bbox 23 3065 1504 3148">
     <span class='ocr_line' id='line_1_32' title="bbox 23 3065 1504 3148; baseline -0.01 -14"><span class='ocrx_word' id='word_1_234' title='bbox 23 3083 44 3134; x_wconf 69' lang='lat' dir='ltr'><strong>Li.</strong></span> <span class='ocrx_word' id='word_1_235' title='bbox 68 3083 138 3135; x_wconf 80' lang='grc' dir='ltr'><strong>τὸν</strong></span> <span class='ocrx_word' id='word_1_236' title='bbox 163 3081 322 3136; x_wconf 84' lang='grc' dir='ltr'>Δαϐίδ</span> <span class='ocrx_word' id='word_1_237' title='bbox 343 3097 357 3111; x_wconf 73' lang='grc'><strong><em>⁸</em></strong></span> <span class='ocrx_word' id='word_1_238' title='bbox 397 3078 518 3133; x_wconf 88' lang='grc' dir='ltr'>ἀλλ’</span> <span class='ocrx_word' id='word_1_239' title='bbox 552 3078 721 3148; x_wconf 84' lang='grc' dir='ltr'>ὅμως,</span> <span class='ocrx_word' id='word_1_240' title='bbox 753 3075 812 3128; x_wconf 90' lang='grc' dir='ltr'><strong>οὐ</strong></span> <span class='ocrx_word' id='word_1_241' title='bbox 835 3073 933 3137; x_wconf 88' lang='grc' dir='ltr'><strong>τάς</strong></span> <span class='ocrx_word' id='word_1_242' title='bbox 961 3069 1158 3143; x_wconf 90' lang='grc' dir='ltr'>ἀρετάς</span> <span class='ocrx_word' id='word_1_243' title='bbox 1179 3065 1358 3121; x_wconf 88' lang='grc' dir='ltr'>αὐτῶν</span> <span class='ocrx_word' id='word_1_244' title='bbox 1387 3065 1504 3119; x_wconf 84' lang='grc' dir='ltr'>τού-</span> 
     </span>
    </p>
   </div>
   <div class='ocr_carea' id='block_1_33' title="bbox 24 3157 1497 3244">
    <p class='ocr_par' dir='ltr' id='par_1_33' title="bbox 24 3157 1497 3244">
     <span class='ocr_line' id='line_1_33' title="bbox 24 3157 1497 3244; baseline -0.01 -19"><span class='ocrx_word' id='word_1_245' title='bbox 24 3192 60 3236; x_wconf 79' lang='grc' dir='ltr'><strong>ις</strong></span> <span class='ocrx_word' id='word_1_246' title='bbox 95 3173 438 3244; x_wconf 82' lang='grc' dir='ltr'>ἀμειϐόμενος</span> <span class='ocrx_word' id='word_1_247' title='bbox 458 3210 474 3235; x_wconf 94' lang='grc'><strong>,</strong></span> <span class='ocrx_word' id='word_1_248' title='bbox 513 3168 649 3223; x_wconf 87' lang='grc' dir='ltr'><strong>ἀλλά</strong></span> <span class='ocrx_word' id='word_1_249' title='bbox 689 3167 777 3221; x_wconf 90' lang='grc' dir='ltr'><strong>διά</strong></span> <span class='ocrx_word' id='word_1_250' title='bbox 799 3167 894 3239; x_wconf 79' lang='grc' dir='ltr'><strong>μὲν</strong></span> <span class='ocrx_word' id='word_1_251' title='bbox 917 3161 1010 3218; x_wconf 86' lang='grc' dir='ltr'><strong>τοῦ</strong></span> <span class='ocrx_word' id='word_1_252' title='bbox 1039 3161 1238 3233; x_wconf 73' lang='grc' dir='ltr'>Ἰωσὴφ</span> <span class='ocrx_word' id='word_1_253' title='bbox 1263 3160 1366 3232; x_wconf 81' lang='grc' dir='ltr'><strong>τῆς</strong></span> <span class='ocrx_word' id='word_1_254' title='bbox 1403 3157 1497 3211; x_wconf 90' lang='grc' dir='ltr'><strong>τοῦ</strong></span> 
     </span>
    </p>
   </div>
   <div class='ocr_carea' id='block_1_34' title="bbox 23 3249 1502 3337">
    <p class='ocr_par' dir='ltr' id='par_1_34' title="bbox 23 3249 1502 3337">
     <span class='ocr_line' id='line_1_34' title="bbox 23 3249 1502 3337; baseline -0.011 -18"><span class='ocrx_word' id='word_1_255' title='bbox 23 3264 310 3337; x_wconf 70' lang='grc' dir='ltr'>εραηλιτικοῦ</span> <span class='ocrx_word' id='word_1_256' title='bbox 338 3265 538 3335; x_wconf 81' lang='grc' dir='ltr'>γένους</span> <span class='ocrx_word' id='word_1_257' title='bbox 553 3259 834 3331; x_wconf 81' lang='grc' dir='ltr'>αὐξήσεως</span> <span class='ocrx_word' id='word_1_258' title='bbox 855 3254 1312 3329; x_wconf 83' lang='grc' dir='ltr'>προνοησάμενος,</span> <span class='ocrx_word' id='word_1_259' title='bbox 1343 3250 1430 3304; x_wconf 76' lang='grc' dir='ltr'><strong>διὰ</strong></span> <span class='ocrx_word' id='word_1_260' title='bbox 1445 3249 1502 3303; x_wconf 83' lang='grc' dir='ltr'>δὲ</span> 
     </span>
    </p>
   </div>
   <div class='ocr_carea' id='block_1_35' title="bbox 24 3346 1499 3430">
    <p class='ocr_par' dir='ltr' id='par_1_35' title="bbox 24 3346 1499 3430">
     <span class='ocr_line' id='line_1_35' title="bbox 24 3346 1499 3430; baseline -0.009 -21"><span class='ocrx_word' id='word_1_261' title='bbox 24 3357 188 3412; x_wconf 60' lang='lat' dir='ltr'><strong>Maiis</strong></span> <span class='ocrx_word' id='word_1_262' title='bbox 213 3359 309 3430; x_wconf 74' lang='grc' dir='ltr'><strong>τήν</strong></span> <span class='ocrx_word' id='word_1_263' title='bbox 329 3354 430 3409; x_wconf 86' lang='grc' dir='ltr'><strong>τοῦ</strong></span> <span class='ocrx_word' id='word_1_264' title='bbox 468 3353 786 3424; x_wconf 83' lang='grc' dir='ltr'>Πνεύματος</span> <span class='ocrx_word' id='word_1_265' title='bbox 810 3348 1083 3421; x_wconf 85' lang='grc' dir='ltr'>βασιλείαν</span> <span class='ocrx_word' id='word_1_266' title='bbox 1113 3346 1499 3416; x_wconf 80' lang='grc' dir='ltr'>συνεστήσατο.</span> 
     </span>
    </p>
   </div>
   <div class='ocr_carea' id='block_1_36' title="bbox 24 3436 1504 3520">
    <p class='ocr_par' dir='ltr' id='par_1_36' title="bbox 24 3436 1504 3520">
     <span class='ocr_line' id='line_1_36' title="bbox 24 3436 1504 3520; baseline -0.011 -16"><span class='ocrx_word' id='word_1_267' title='bbox 24 3450 231 3520; x_wconf 64' lang='grc' dir='ltr'>αφὲρουσι</span> <span class='ocrx_word' id='word_1_268' title='bbox 257 3450 300 3503; x_wconf 80' lang='grc' dir='ltr'>δ’</span> <span class='ocrx_word' id='word_1_269' title='bbox 329 3452 379 3502; x_wconf 76' lang='lat' dir='ltr'><strong>oi</strong></span> <span class='ocrx_word' id='word_1_270' title='bbox 407 3446 656 3508; x_wconf 88' lang='grc' dir='ltr'>εὐσεϐεῖς</span> <span class='ocrx_word' id='word_1_271' title='bbox 681 3445 787 3496; x_wconf 89' lang='grc' dir='ltr'><strong>τῶν</strong></span> <span class='ocrx_word' id='word_1_272' title='bbox 832 3441 1044 3496; x_wconf 90' lang='grc' dir='ltr'>ἀσεϐῶν</span> <span class='ocrx_word' id='word_1_273' title='bbox 1083 3441 1140 3492; x_wconf 80' lang='grc' dir='ltr'><strong>ὲν</strong></span> <span class='ocrx_word' id='word_1_274' title='bbox 1165 3441 1276 3502; x_wconf 84' lang='grc' dir='ltr'>τοῖς</span> <span class='ocrx_word' id='word_1_275' title='bbox 1300 3436 1504 3498; x_wconf 87' lang='grc' dir='ltr'>ὐλικοῖς</span> 
     </span>
    </p>
   </div>
   <div class='ocr_carea' id='block_1_37' title="bbox 31 3531 1505 3612">
    <p class='ocr_par' dir='ltr' id='par_1_37' title="bbox 31 3531 1505 3612">
     <span class='ocr_line' id='line_1_37' title="bbox 31 3531 1505 3612; baseline -0.009 -19"><span class='ocrx_word' id='word_1_276' title='bbox 31 3545 98 3593; x_wconf 70' lang='grc' dir='ltr'>καὶ</span> <span class='ocrx_word' id='word_1_277' title='bbox 111 3544 426 3612; x_wconf 82' lang='grc' dir='ltr'>σωματικοῖς</span> <span class='ocrx_word' id='word_1_278' title='bbox 441 3537 714 3608; x_wconf 83' lang='grc' dir='ltr'>οὐδαμῶς·</span> <span class='ocrx_word' id='word_1_279' title='bbox 734 3535 907 3589; x_wconf 87' lang='grc' dir='ltr'>πάντα</span> <span class='ocrx_word' id='word_1_280' title='bbox 919 3532 1026 3605; x_wconf 70' lang='grc' dir='ltr'>γὰρ</span> <span class='ocrx_word' id='word_1_281' title='bbox 1048 3532 1310 3604; x_wconf 83' lang='grc' dir='ltr'>πάρεστιν</span> <span class='ocrx_word' id='word_1_282' title='bbox 1327 3531 1505 3599; x_wconf 75' lang='grc' dir='ltr'>ἀμφο-</span> 
     </span>
    </p>
   </div>
   <div class='ocr_carea' id='block_1_38' title="bbox 23 3621 1506 3705">
    <p class='ocr_par' dir='ltr' id='par_1_38' title="bbox 23 3621 1506 3705">
     <span class='ocr_line' id='line_1_38' title="bbox 23 3621 1506 3705; baseline -0.007 -21"><span class='ocrx_word' id='word_1_283' title='bbox 23 3650 120 3703; x_wconf 79' lang='grc' dir='ltr'>ροις,</span> <span class='ocrx_word' id='word_1_284' title='bbox 144 3635 206 3688; x_wconf 90' lang='grc' dir='ltr'><strong>τά</strong></span> <span class='ocrx_word' id='word_1_285' title='bbox 226 3651 284 3686; x_wconf 87' lang='grc' dir='ltr'><strong>τε</strong></span> <span class='ocrx_word' id='word_1_286' title='bbox 299 3634 434 3705; x_wconf 74' lang='grc' dir='ltr'>ἡδέα</span> <span class='ocrx_word' id='word_1_287' title='bbox 471 3632 566 3685; x_wconf 71' lang='grc' dir='ltr'><strong>καὶ</strong></span> <span class='ocrx_word' id='word_1_288' title='bbox 588 3629 656 3683; x_wconf 86' lang='grc' dir='ltr'><strong>τά</strong></span> <span class='ocrx_word' id='word_1_289' title='bbox 671 3627 908 3699; x_wconf 75' lang='grc' dir='ltr'>λυπηράο</span> <span class='ocrx_word' id='word_1_290' title='bbox 932 3626 1246 3696; x_wconf 76' lang='grc' dir='ltr'>διαφέρουσι</span> <span class='ocrx_word' id='word_1_291' title='bbox 1273 3624 1331 3676; x_wconf 84' lang='grc' dir='ltr'>δὲ</span> <span class='ocrx_word' id='word_1_292' title='bbox 1351 3621 1506 3693; x_wconf 84' lang='grc' dir='ltr'>ἀλλή-</span> 
     </span>
    </p>
   </div>
   <div class='ocr_carea' id='block_1_39' title="bbox 23 3716 1503 3799">
    <p class='ocr_par' dir='ltr' id='par_1_39' title="bbox 23 3716 1503 3799">
     <span class='ocr_line' id='line_1_39' title="bbox 23 3716 1503 3799; baseline -0.006 -22"><span class='ocrx_word' id='word_1_293' title='bbox 23 3744 53 3778; x_wconf 74' lang='grc' dir='ltr'><strong>ιν</strong></span> <span class='ocrx_word' id='word_1_294' title='bbox 79 3727 484 3799; x_wconf 80' lang='grc' dir='ltr'>προηγουμένως</span> <span class='ocrx_word' id='word_1_295' title='bbox 515 3723 615 3796; x_wconf 81' lang='grc' dir='ltr'><strong>μὲν</strong></span> <span class='ocrx_word' id='word_1_296' title='bbox 643 3725 707 3793; x_wconf 83' lang='grc' dir='ltr'>τῇ</span> <span class='ocrx_word' id='word_1_297' title='bbox 736 3739 795 3774; x_wconf 89' lang='grc' dir='ltr'><strong>τε</strong></span> <span class='ocrx_word' id='word_1_298' title='bbox 841 3721 1012 3774; x_wconf 80' lang='grc' dir='ltr'>ἐλπίδι</span> <span class='ocrx_word' id='word_1_299' title='bbox 1056 3719 1164 3773; x_wconf 82' lang='grc' dir='ltr'><strong>τῶν</strong></span> <span class='ocrx_word' id='word_1_300' title='bbox 1203 3716 1503 3788; x_wconf 85' lang='grc' dir='ltr'>μελλόντων</span> 
     </span>
    </p>
   </div>
   <div class='ocr_carea' id='block_1_40' title="bbox 23 3807 1505 3893">
    <p class='ocr_par' dir='ltr' id='par_1_40' title="bbox 23 3807 1505 3893">
     <span class='ocr_line' id='line_1_40' title="bbox 23 3807 1505 3893; baseline -0.006 -24"><span class='ocrx_word' id='word_1_301' title='bbox 23 3819 44 3870; x_wconf 69' lang='lat' dir='ltr'><strong>Li</strong></span> <span class='ocrx_word' id='word_1_302' title='bbox 62 3823 150 3883; x_wconf 80' lang='grc' dir='ltr'>τοῖς</span> <span class='ocrx_word' id='word_1_303' title='bbox 168 3821 300 3893; x_wconf 80' lang='grc' dir='ltr'>ὑπὲρ</span> <span class='ocrx_word' id='word_1_304' title='bbox 323 3819 428 3890; x_wconf 82' lang='grc' dir='ltr'><strong>τῆς</strong></span> <span class='ocrx_word' id='word_1_305' title='bbox 445 3816 731 3879; x_wconf 87' lang='grc' dir='ltr'>εὐσεϐείας</span> <span class='ocrx_word' id='word_1_306' title='bbox 758 3813 1094 3886; x_wconf 84' lang='grc' dir='ltr'>παθήμασιν,</span> <span class='ocrx_word' id='word_1_307' title='bbox 1124 3811 1314 3867; x_wconf 77' lang='grc' dir='ltr'>ἔπειτα</span> <span class='ocrx_word' id='word_1_308' title='bbox 1336 3809 1394 3863; x_wconf 86' lang='grc' dir='ltr'>δὲ</span> <span class='ocrx_word' id='word_1_309' title='bbox 1410 3807 1505 3861; x_wconf 74' lang='grc' dir='ltr'>καὶ</span> 
     </span>
    </p>
   </div>
   <div class='ocr_carea' id='block_1_41' title="bbox 24 3899 1506 3983">
    <p class='ocr_par' dir='ltr' id='par_1_41' title="bbox 24 3899 1506 3983">
     <span class='ocr_line' id='line_1_41' title="bbox 24 3899 1506 3983; baseline -0.007 -21"><span class='ocrx_word' id='word_1_310' title='bbox 24 3913 59 3974; x_wconf 83' lang='grc' dir='ltr'><strong>ῖς</strong></span> <span class='ocrx_word' id='word_1_311' title='bbox 85 3913 232 3976; x_wconf 83' lang='grc' dir='ltr'>θείαις</span> <span class='ocrx_word' id='word_1_312' title='bbox 276 3908 664 3983; x_wconf 80' lang='grc' dir='ltr'>συμμαχίαις,</span> <span class='ocrx_word' id='word_1_313' title='bbox 712 3908 771 3960; x_wconf 80' lang='grc' dir='ltr'>ἐν</span> <span class='ocrx_word' id='word_1_314' title='bbox 811 3902 898 3970; x_wconf 75' lang='grc' dir='ltr'>αἷς</span> <span class='ocrx_word' id='word_1_315' title='bbox 946 3905 1208 3968; x_wconf 86' lang='grc' dir='ltr'>πολλάκις</span> <span class='ocrx_word' id='word_1_316' title='bbox 1255 3899 1506 3974; x_wconf 83' lang='grc' dir='ltr'>περιϐλέ-</span> 
     </span>
    </p>
   </div>
   <div class='ocr_carea' id='block_1_42' title="bbox 23 3992 1505 4078">
    <p class='ocr_par' dir='ltr' id='par_1_42' title="bbox 23 3992 1505 4078">
     <span class='ocr_line' id='line_1_42' title="bbox 23 3992 1505 4078; baseline -0.007 -23"><span class='ocrx_word' id='word_1_317' title='bbox 23 4020 97 4068; x_wconf 70' lang='lat' dir='ltr'><strong>tau;</strong></span> <span class='ocrx_word' id='word_1_318' title='bbox 119 4006 357 4078; x_wconf 77' lang='grc' dir='ltr'>ἐποίησεν</span> <span class='ocrx_word' id='word_1_319' title='bbox 385 4007 416 4058; x_wconf 84' lang='grc' dir='ltr'>ὁ</span> <span class='ocrx_word' id='word_1_320' title='bbox 451 4001 586 4065; x_wconf 86' lang='grc' dir='ltr'>Θεὸς</span> <span class='ocrx_word' id='word_1_321' title='bbox 612 4001 739 4064; x_wconf 83' lang='grc' dir='ltr'><strong>τούς</strong></span> <span class='ocrx_word' id='word_1_322' title='bbox 772 3999 931 4064; x_wconf 79' lang='grc' dir='ltr'>ἰδίους</span> <span class='ocrx_word' id='word_1_323' title='bbox 949 4039 964 4063; x_wconf 85' lang='grc'><strong>,</strong></span> <span class='ocrx_word' id='word_1_324' title='bbox 993 3997 1124 4052; x_wconf 81' lang='grc' dir='ltr'>ποτὲ</span> <span class='ocrx_word' id='word_1_325' title='bbox 1155 3995 1252 4067; x_wconf 85' lang='grc' dir='ltr'>μὲν</span> <span class='ocrx_word' id='word_1_326' title='bbox 1275 3993 1371 4066; x_wconf 79' lang='grc' dir='ltr'><strong>τήν</strong></span> <span class='ocrx_word' id='word_1_327' title='bbox 1397 3992 1505 4046; x_wconf 89' lang='grc' dir='ltr'><strong>τῶν</strong></span> 
     </span>
    </p>
   </div>
   <div class='ocr_carea' id='block_1_43' title="bbox 25 4088 1509 4163">
    <p class='ocr_par' dir='ltr' id='par_1_43' title="bbox 25 4088 1509 4163">
     <span class='ocr_line' id='line_1_43' title="bbox 25 4088 1509 4163; baseline -0.007 -15"><span class='ocrx_word' id='word_1_328' title='bbox 25 4100 220 4163; x_wconf 74' lang='grc' dir='ltr'>γυπτίων</span> <span class='ocrx_word' id='word_1_329' title='bbox 255 4095 583 4153; x_wconf 87' lang='grc' dir='ltr'>δυναστείαν</span> <span class='ocrx_word' id='word_1_330' title='bbox 612 4091 917 4157; x_wconf 85' lang='grc' dir='ltr'>καταλύων,</span> <span class='ocrx_word' id='word_1_331' title='bbox 949 4091 1079 4144; x_wconf 84' lang='grc' dir='ltr'>ποτὲ</span> <span class='ocrx_word' id='word_1_332' title='bbox 1103 4089 1161 4141; x_wconf 84' lang='grc' dir='ltr'>δὲ</span> <span class='ocrx_word' id='word_1_333' title='bbox 1180 4089 1308 4151; x_wconf 79' lang='grc' dir='ltr'>τοὺς</span> <span class='ocrx_word' id='word_1_334' title='bbox 1332 4088 1509 4140; x_wconf 87' lang='grc' dir='ltr'>Χανα-</span> 
     </span>
    </p>
   </div>
   <div class='ocr_carea' id='block_1_44' title="bbox 24 4180 1506 4263">
    <p class='ocr_par' dir='ltr' id='par_1_44' title="bbox 24 4180 1506 4263">
     <span class='ocr_line' id='line_1_44' title="bbox 24 4180 1506 4263; baseline -0.006 -23"><span class='ocrx_word' id='word_1_335' title='bbox 24 4189 108 4254; x_wconf 68' lang='lat' dir='ltr'><strong>los;</strong></span> <span class='ocrx_word' id='word_1_336' title='bbox 125 4195 224 4256; x_wconf 84' lang='grc' dir='ltr'>τοῖς</span> <span class='ocrx_word' id='word_1_337' title='bbox 258 4189 629 4263; x_wconf 81' lang='grc' dir='ltr'>Ἰσραηλίταις</span> <span class='ocrx_word' id='word_1_338' title='bbox 649 4185 988 4247; x_wconf 78' lang='grc' dir='ltr'>ὑποτάσσων,</span> <span class='ocrx_word' id='word_1_339' title='bbox 1009 4183 1138 4237; x_wconf 85' lang='grc' dir='ltr'>ποτὲ</span> <span class='ocrx_word' id='word_1_340' title='bbox 1164 4181 1221 4235; x_wconf 82' lang='grc' dir='ltr'>δὲ</span> <span class='ocrx_word' id='word_1_341' title='bbox 1242 4180 1350 4234; x_wconf 91' lang='grc' dir='ltr'><strong>τῶν</strong></span> <span class='ocrx_word' id='word_1_342' title='bbox 1383 4180 1506 4232; x_wconf 80' lang='grc' dir='ltr'><strong>Ἀσ-</strong></span> 
     </span>
    </p>
   </div>
   <div class='ocr_carea' id='block_1_45' title="bbox 27 4271 1505 4357">
    <p class='ocr_par' dir='ltr' id='par_1_45' title="bbox 27 4271 1505 4357">
     <span class='ocr_line' id='line_1_45' title="bbox 27 4271 1505 4357; baseline -0.005 -23"><span class='ocrx_word' id='word_1_343' title='bbox 27 4282 122 4351; x_wconf 74' lang='grc' dir='ltr'>ρίων</span> <span class='ocrx_word' id='word_1_344' title='bbox 144 4285 199 4337; x_wconf 80' lang='grc' dir='ltr'><strong>τὸ</strong></span> <span class='ocrx_word' id='word_1_345' title='bbox 225 4285 428 4357; x_wconf 79' lang='grc' dir='ltr'>θράσος</span> <span class='ocrx_word' id='word_1_346' title='bbox 462 4280 749 4351; x_wconf 78' lang='grc' dir='ltr'>κοιμίζων,</span> <span class='ocrx_word' id='word_1_347' title='bbox 778 4277 906 4331; x_wconf 78' lang='grc' dir='ltr'>ποτὲ</span> <span class='ocrx_word' id='word_1_348' title='bbox 931 4278 988 4331; x_wconf 81' lang='grc' dir='ltr'><strong>δὲ</strong></span> <span class='ocrx_word' id='word_1_349' title='bbox 1012 4275 1122 4328; x_wconf 90' lang='grc' dir='ltr'><strong>τῶν</strong></span> <span class='ocrx_word' id='word_1_350' title='bbox 1149 4271 1505 4328; x_wconf 84' lang='grc' dir='ltr'>Βαϐυλωνίων</span> 
     </span>
    </p>
   </div>
   <div class='ocr_carea' id='block_1_46' title="bbox 23 4365 1508 4449">
    <p class='ocr_par' dir='ltr' id='par_1_46' title="bbox 23 4365 1508 4449">
     <span class='ocr_line' id='line_1_46' title="bbox 23 4365 1508 4449; baseline -0.004 -24"><span class='ocrx_word' id='word_1_351' title='bbox 23 4373 192 4446; x_wconf 65' lang='grc' dir='ltr'>θαιρῶν</span> <span class='ocrx_word' id='word_1_352' title='bbox 221 4377 318 4448; x_wconf 72' lang='grc' dir='ltr'>τὴν</span> <span class='ocrx_word' id='word_1_353' title='bbox 351 4373 654 4449; x_wconf 83' lang='grc' dir='ltr'>βασιλείαν,</span> <span class='ocrx_word' id='word_1_354' title='bbox 690 4371 819 4424; x_wconf 83' lang='grc' dir='ltr'>ποτὲ</span> <span class='ocrx_word' id='word_1_355' title='bbox 857 4370 912 4423; x_wconf 83' lang='grc' dir='ltr'>δὲ</span> <span class='ocrx_word' id='word_1_356' title='bbox 942 4370 1138 4441; x_wconf 85' lang='grc' dir='ltr'>δρόμον</span> <span class='ocrx_word' id='word_1_357' title='bbox 1164 4385 1224 4422; x_wconf 90' lang='grc' dir='ltr'><strong>τε</strong></span> <span class='ocrx_word' id='word_1_358' title='bbox 1257 4368 1350 4422; x_wconf 69' lang='grc' dir='ltr'><strong>καὶ</strong></span> <span class='ocrx_word' id='word_1_359' title='bbox 1379 4365 1508 4419; x_wconf 89' lang='grc' dir='ltr'>στά-</span> 
     </span>
    </p>
   </div>
   <div class='ocr_carea' id='block_1_47' title="bbox 24 4459 1505 4542">
    <p class='ocr_par' dir='ltr' id='par_1_47' title="bbox 24 4459 1505 4542">
     <span class='ocr_line' id='line_1_47' title="bbox 24 4459 1505 4542; baseline -0.008 -19"><span class='ocrx_word' id='word_1_360' title='bbox 24 4471 178 4542; x_wconf 69' lang='grc' dir='ltr'>νπαρά</span> <span class='ocrx_word' id='word_1_361' title='bbox 221 4470 385 4540; x_wconf 78' lang='grc' dir='ltr'>φύσιν</span> <span class='ocrx_word' id='word_1_362' title='bbox 434 4467 796 4540; x_wconf 85' lang='grc' dir='ltr'>προστάσσων</span> <span class='ocrx_word' id='word_1_363' title='bbox 836 4463 913 4534; x_wconf 85' lang='grc' dir='ltr'>τῷ</span> <span class='ocrx_word' id='word_1_364' title='bbox 952 4462 1106 4534; x_wconf 79' lang='grc' dir='ltr'>ἡλίῳ.</span> <span class='ocrx_word' id='word_1_365' title='bbox 1162 4463 1250 4516; x_wconf 87' lang='grc' dir='ltr'>Ἐν</span> <span class='ocrx_word' id='word_1_366' title='bbox 1295 4459 1505 4523; x_wconf 76' lang='grc' dir='ltr'>τούτοις</span> 
     </span>
    </p>
   </div>
   <div class='ocr_carea' id='block_1_48' title="bbox 1604 562 3193 646">
    <p class='ocr_par' dir='ltr' id='par_1_48' title="bbox 1604 562 3193 646">
     <span class='ocr_line' id='line_1_48' title="bbox 1604 562 3193 646; baseline -0.01 -13"><span class='ocrx_word' id='word_1_367' title='bbox 1604 593 1734 633; x_wconf 92' lang='lat' dir='ltr'><strong>num</strong></span> <span class='ocrx_word' id='word_1_368' title='bbox 1764 587 2091 646; x_wconf 86' lang='lat' dir='ltr'><strong>pernoscere</strong></span> <span class='ocrx_word' id='word_1_369' title='bbox 2119 571 2254 634; x_wconf 87' lang='lat' dir='ltr'><strong>vult,</strong></span> <span class='ocrx_word' id='word_1_370' title='bbox 2305 570 2354 624; x_wconf 89' lang='lat' dir='ltr'><strong>is</strong></span> <span class='ocrx_word' id='word_1_371' title='bbox 2385 567 2650 638; x_wconf 80' lang='lat' dir='ltr'><strong>reSpiciat</strong></span> <span class='ocrx_word' id='word_1_372' title='bbox 2671 565 2737 622; x_wconf 88' lang='lat' dir='ltr'><strong>ad</strong></span> <span class='ocrx_word' id='word_1_373' title='bbox 2792 565 2978 629; x_wconf 84' lang='lat' dir='ltr'><strong>linem,</strong></span> <span class='ocrx_word' id='word_1_374' title='bbox 3023 562 3193 636; x_wconf 61' lang='grc'><strong>494</strong></span> 
     </span>
    </p>
   </div>
   <div class='ocr_carea' id='block_1_49' title="bbox 1602 656 3189 743">
    <p class='ocr_par' dir='ltr' id='par_1_49' title="bbox 1602 656 3189 743">
     <span class='ocr_line' id='line_1_49' title="bbox 1602 656 3189 743; baseline -0.01 -17"><span class='ocrx_word' id='word_1_375' title='bbox 1602 671 1696 743; x_wconf 85' lang='lat' dir='ltr'><strong>qui</strong></span> <span class='ocrx_word' id='word_1_376' title='bbox 1733 675 1857 740; x_wconf 91' lang='lat' dir='ltr'><strong>post</strong></span> <span class='ocrx_word' id='word_1_377' title='bbox 1905 673 2138 722; x_wconf 89' lang='lat' dir='ltr'><strong>mortem</strong></span> <span class='ocrx_word' id='word_1_378' title='bbox 2195 663 2402 719; x_wconf 87' lang='lat' dir='ltr'><strong>homini</strong></span> <span class='ocrx_word' id='word_1_379' title='bbox 2447 661 2724 732; x_wconf 88' lang='lat' dir='ltr'><strong>repositus</strong></span> <span class='ocrx_word' id='word_1_380' title='bbox 2783 665 2890 715; x_wconf 90' lang='lat' dir='ltr'><strong>est.</strong></span> <span class='ocrx_word' id='word_1_381' title='bbox 2943 656 2994 712; x_wconf 90' lang='lat' dir='ltr'><strong>ls</strong></span> <span class='ocrx_word' id='word_1_382' title='bbox 3039 656 3189 712; x_wconf 90' lang='lat' dir='ltr'><strong>enim</strong></span> 
     </span>
    </p>
   </div>
   <div class='ocr_carea' id='block_1_50' title="bbox 1601 751 3191 836">
    <p class='ocr_par' dir='ltr' id='par_1_50' title="bbox 1601 751 3191 836">
     <span class='ocr_line' id='line_1_50' title="bbox 1601 751 3191 836; baseline -0.009 -16"><span class='ocrx_word' id='word_1_383' title='bbox 1601 764 1885 836; x_wconf 85' lang='lat' dir='ltr'><strong>praesentis</strong></span> <span class='ocrx_word' id='word_1_384' title='bbox 1929 761 2054 816; x_wconf 60' lang='lat' dir='ltr'><strong>vitae</strong></span> <span class='ocrx_word' id='word_1_385' title='bbox 2115 760 2328 814; x_wconf 81' lang='lat' dir='ltr'><strong>fructus</strong></span> <span class='ocrx_word' id='word_1_386' title='bbox 2399 765 2526 821; x_wconf 90' lang='lat' dir='ltr'><strong>est,</strong></span> <span class='ocrx_word' id='word_1_387' title='bbox 2587 754 2849 810; x_wconf 84' lang='lat' dir='ltr'><strong>nimirum</strong></span> <span class='ocrx_word' id='word_1_388' title='bbox 2908 751 3191 807; x_wconf 72' lang='lat' dir='ltr'><strong>beatitudo</strong></span> 
     </span>
    </p>
   </div>
   <div class='ocr_carea' id='block_1_51' title="bbox 1603 846 3192 926">
    <p class='ocr_par' dir='ltr' id='par_1_51' title="bbox 1603 846 3192 926">
     <span class='ocr_line' id='line_1_51' title="bbox 1603 846 3192 926; baseline -0.009 -14"><span class='ocrx_word' id='word_1_389' title='bbox 1603 857 2065 926; x_wconf 83' lang='lat' dir='ltr'><strong>sempiterna&#39;pro</strong></span> <span class='ocrx_word' id='word_1_390' title='bbox 2095 865 2405 908; x_wconf 63' lang='lat' dir='ltr'><strong>aerumnosa</strong></span> <span class='ocrx_word' id='word_1_391' title='bbox 2437 848 2505 903; x_wconf 91' lang='lat' dir='ltr'><strong>ad</strong></span> <span class='ocrx_word' id='word_1_392' title='bbox 2551 846 2941 904; x_wconf 87' lang='lat' dir='ltr'><strong>brevissimum</strong></span> <span class='ocrx_word' id='word_1_393' title='bbox 2975 854 3192 914; x_wconf 85' lang='lat' dir='ltr'><strong>tempus</strong></span> 
     </span>
    </p>
   </div>
   <div class='ocr_carea' id='block_1_52' title="bbox 1603 951 1736 1005">
    <p class='ocr_par' dir='ltr' id='par_1_52' title="bbox 1603 951 1736 1005">
     <span class='ocr_line' id='line_1_52' title="bbox 1603 951 1736 1005; baseline -0.015 0"><span class='ocrx_word' id='word_1_394' title='bbox 1603 951 1736 1005; x_wconf 87' lang='lat' dir='ltr'><strong>vita.</strong></span> 
     </span>
    </p>
   </div>
   <div class='ocr_carea' id='block_1_53' title="bbox 1675 1029 3192 1110">
    <p class='ocr_par' dir='ltr' id='par_1_53' title="bbox 1675 1029 3192 1110">
     <span class='ocr_line' id='line_1_53' title="bbox 1675 1029 3192 1110; baseline -0.011 -11"><span class='ocrx_word' id='word_1_395' title='bbox 1675 1039 1961 1110; x_wconf 65' lang='grc' dir='ltr'><strong>ΩΗΑΞΞΤ.</strong></span> <span class='ocrx_word' id='word_1_396' title='bbox 1986 1037 2224 1096; x_wconf 79' lang='lat' dir='ltr'><strong>CXXIV.</strong></span> <span class='ocrx_word' id='word_1_397' title='bbox 2269 1035 2327 1091; x_wconf 92' lang='lat' dir='ltr'><strong>Si</strong></span> <span class='ocrx_word' id='word_1_398' title='bbox 2361 1034 2632 1106; x_wconf 87' lang='lat' dir='ltr'><strong>cujusque</strong></span> <span class='ocrx_word' id='word_1_399' title='bbox 2681 1031 2902 1086; x_wconf 83' lang='lat' dir='ltr'><strong>vivendi</strong></span> <span class='ocrx_word' id='word_1_400' title='bbox 2955 1029 3192 1084; x_wconf 79' lang='lat' dir='ltr'><strong>rationis</strong></span> 
     </span>
    </p>
   </div>
   <div class='ocr_carea' id='block_1_54' title="bbox 1601 1124 3190 1207">
    <p class='ocr_par' dir='ltr' id='par_1_54' title="bbox 1601 1124 3190 1207">
     <span class='ocr_line' id='line_1_54' title="bbox 1601 1124 3190 1207; baseline -0.011 -14"><span class='ocrx_word' id='word_1_401' title='bbox 1601 1137 1967 1207; x_wconf 67' lang='lat' dir='ltr'><strong>praecognitor</strong></span> <span class='ocrx_word' id='word_1_402' title='bbox 1998 1142 2083 1189; x_wconf 87' lang='lat' dir='ltr'><strong>est</strong></span> <span class='ocrx_word' id='word_1_403' title='bbox 2112 1132 2398 1194; x_wconf 88' lang='lat' dir='ltr'><strong>Dominus,</strong></span> <span class='ocrx_word' id='word_1_404' title='bbox 2429 1143 2528 1183; x_wconf 90' lang='lat' dir='ltr'><strong>cur</strong></span> <span class='ocrx_word' id='word_1_405' title='bbox 2558 1142 2666 1182; x_wconf 89' lang='lat' dir='ltr'><strong>non</strong></span> <span class='ocrx_word' id='word_1_406' title='bbox 2709 1125 2924 1180; x_wconf 88' lang='lat' dir='ltr'><strong>animas</strong></span> <span class='ocrx_word' id='word_1_407' title='bbox 2971 1124 3190 1194; x_wconf 89' lang='lat' dir='ltr'><strong>piorum</strong></span> 
     </span>
    </p>
   </div>
   <div class='ocr_carea' id='block_1_55' title="bbox 1603 1217 3193 1296">
    <p class='ocr_par' dir='ltr' id='par_1_55' title="bbox 1603 1217 3193 1296">
     <span class='ocr_line' id='line_1_55' title="bbox 1603 1217 3193 1296; baseline -0.008 -13"><span class='ocrx_word' id='word_1_408' title='bbox 1603 1230 1660 1284; x_wconf 90' lang='lat' dir='ltr'><strong>in</strong></span> <span class='ocrx_word' id='word_1_409' title='bbox 1692 1228 1884 1283; x_wconf 80' lang='lat' dir='ltr'><strong>validis</strong></span> <span class='ocrx_word' id='word_1_410' title='bbox 1914 1226 2238 1296; x_wconf 85' lang='lat' dir='ltr'><strong>corporibus</strong></span> <span class='ocrx_word' id='word_1_411' title='bbox 2261 1217 2764 1286; x_wconf 85' lang='lat' dir='ltr'><strong>constituit?Quod</strong></span> <span class='ocrx_word' id='word_1_412' title='bbox 2798 1218 2845 1273; x_wconf 88' lang='lat' dir='ltr'><strong>si</strong></span> <span class='ocrx_word' id='word_1_413' title='bbox 2874 1223 3193 1287; x_wconf 65' lang='lat' dir='ltr'><strong>praeparans</strong></span> 
     </span>
    </p>
   </div>
   <div class='ocr_carea' id='block_1_56' title="bbox 1602 1310 3194 1381">
    <p class='ocr_par' dir='ltr' id='par_1_56' title="bbox 1602 1310 3194 1381">
     <span class='ocr_line' id='line_1_56' title="bbox 1602 1310 3194 1381; baseline -0.009 -4"><span class='ocrx_word' id='word_1_414' title='bbox 1602 1322 1684 1378; x_wconf 91' lang='lat' dir='ltr'><strong>eis</strong></span> <span class='ocrx_word' id='word_1_415' title='bbox 1717 1319 1986 1375; x_wconf 81' lang='lat' dir='ltr'><strong>mercedis</strong></span> <span class='ocrx_word' id='word_1_416' title='bbox 2019 1319 2334 1373; x_wconf 83' lang='lat' dir='ltr'><strong>thesaurum</strong></span> <span class='ocrx_word' id='word_1_417' title='bbox 2364 1315 2420 1369; x_wconf 85' lang='lat' dir='ltr'><strong>in</strong></span> <span class='ocrx_word' id='word_1_418' title='bbox 2448 1313 2631 1367; x_wconf 86' lang='lat' dir='ltr'><strong>futura</strong></span> <span class='ocrx_word' id='word_1_419' title='bbox 2664 1310 2798 1374; x_wconf 90' lang='lat' dir='ltr'><strong>vita,</strong></span> <span class='ocrx_word' id='word_1_420' title='bbox 2835 1310 3105 1381; x_wconf 80' lang='lat' dir='ltr'><strong>permittit</strong></span> <span class='ocrx_word' id='word_1_421' title='bbox 3132 1317 3194 1363; x_wconf 92' lang='lat' dir='ltr'><strong>ut</strong></span> 
     </span>
    </p>
   </div>
   <div class='ocr_carea' id='block_1_57' title="bbox 1602 1399 3189 1484">
    <p class='ocr_par' dir='ltr' id='par_1_57' title="bbox 1602 1399 3189 1484">
     <span class='ocr_line' id='line_1_57' title="bbox 1602 1399 3189 1484; baseline -0.012 -15"><span class='ocrx_word' id='word_1_422' title='bbox 1602 1415 1659 1469; x_wconf 87' lang='lat' dir='ltr'><strong>in</strong></span> <span class='ocrx_word' id='word_1_423' title='bbox 1682 1412 1937 1484; x_wconf 69' lang='lat' dir='ltr'><strong>praesenti</strong></span> <span class='ocrx_word' id='word_1_424' title='bbox 1962 1409 2304 1480; x_wconf 84' lang='lat' dir='ltr'><strong>aﬂligantur,</strong></span> <span class='ocrx_word' id='word_1_425' title='bbox 2336 1421 2434 1460; x_wconf 92' lang='lat' dir='ltr'><strong>cur</strong></span> <span class='ocrx_word' id='word_1_426' title='bbox 2463 1419 2573 1458; x_wconf 92' lang='lat' dir='ltr'><strong>non</strong></span> <span class='ocrx_word' id='word_1_427' title='bbox 2638 1416 2831 1457; x_wconf 87' lang='lat' dir='ltr'><strong>omnes</strong></span> <span class='ocrx_word' id='word_1_428' title='bbox 2887 1400 2944 1454; x_wconf 91' lang='lat' dir='ltr'><strong>in</strong></span> <span class='ocrx_word' id='word_1_429' title='bbox 2993 1399 3189 1454; x_wconf 89' lang='lat' dir='ltr'><strong>iisdem</strong></span> 
     </span>
    </p>
   </div>
   <div class='ocr_carea' id='block_1_58' title="bbox 1602 1491 3194 1568">
    <p class='ocr_par' dir='ltr' id='par_1_58' title="bbox 1602 1491 3194 1568">
     <span class='ocr_line' id='line_1_58' title="bbox 1602 1491 3194 1568; baseline -0.013 -7"><span class='ocrx_word' id='word_1_430' title='bbox 1602 1504 1861 1561; x_wconf 68' lang='lat' dir='ltr'><strong>aerumnis</strong></span> <span class='ocrx_word' id='word_1_431' title='bbox 1890 1501 2142 1558; x_wconf 90' lang='lat' dir='ltr'><strong>similiter</strong></span> <span class='ocrx_word' id='word_1_432' title='bbox 2163 1498 2236 1568; x_wconf 91' lang='lat' dir='ltr'><strong>pii</strong></span> <span class='ocrx_word' id='word_1_433' title='bbox 2262 1496 2632 1567; x_wconf 86' lang='lat' dir='ltr'><strong>reperiuntur,</strong></span> <span class='ocrx_word' id='word_1_434' title='bbox 2658 1501 2710 1548; x_wconf 91' lang='lat' dir='ltr'><strong>et</strong></span> <span class='ocrx_word' id='word_1_435' title='bbox 2733 1508 2799 1547; x_wconf 82' lang='lat' dir='ltr'><strong>ex</strong></span> <span class='ocrx_word' id='word_1_436' title='bbox 2829 1507 2894 1546; x_wconf 88' lang='lat' dir='ltr'><strong>ea</strong></span> <span class='ocrx_word' id='word_1_437' title='bbox 2925 1507 2985 1546; x_wconf 90' lang='lat' dir='ltr'><strong>re</strong></span> <span class='ocrx_word' id='word_1_438' title='bbox 3013 1491 3194 1544; x_wconf 87' lang='lat' dir='ltr'><strong>mani-</strong></span> 
     </span>
    </p>
   </div>
   <div class='ocr_carea' id='block_1_59' title="bbox 1603 1577 3192 1662">
    <p class='ocr_par' dir='ltr' id='par_1_59' title="bbox 1603 1577 3192 1662">
     <span class='ocr_line' id='line_1_59' title="bbox 1603 1577 3192 1662; baseline -0.013 -10"><span class='ocrx_word' id='word_1_439' title='bbox 1603 1597 1802 1652; x_wconf 81' lang='lat' dir='ltr'><strong>festum</strong></span> <span class='ocrx_word' id='word_1_440' title='bbox 1828 1593 1920 1648; x_wconf 82' lang='lat' dir='ltr'><strong>ﬁat</strong></span> <span class='ocrx_word' id='word_1_441' title='bbox 1953 1592 2008 1647; x_wconf 92' lang='lat' dir='ltr'><strong>id</strong></span> <span class='ocrx_word' id='word_1_442' title='bbox 2036 1589 2182 1662; x_wconf 91' lang='lat' dir='ltr'><strong>quod</strong></span> <span class='ocrx_word' id='word_1_443' title='bbox 2203 1589 2435 1659; x_wconf 90' lang='lat' dir='ltr'><strong>probum</strong></span> <span class='ocrx_word' id='word_1_444' title='bbox 2467 1592 2550 1640; x_wconf 88' lang='lat' dir='ltr'><strong>cst</strong></span> <span class='ocrx_word' id='word_1_445' title='bbox 2583 1591 2638 1638; x_wconf 88' lang='lat' dir='ltr'><strong>et</strong></span> <span class='ocrx_word' id='word_1_446' title='bbox 2661 1582 2807 1654; x_wconf 85' lang='lat' dir='ltr'><strong>quod</strong></span> <span class='ocrx_word' id='word_1_447' title='bbox 2843 1577 3192 1652; x_wconf 84' lang='lat' dir='ltr'><strong>improbum?</strong></span> 
     </span>
    </p>
   </div>
   <div class='ocr_carea' id='block_1_60' title="bbox 1606 1677 3192 1755">
    <p class='ocr_par' dir='ltr' id='par_1_60' title="bbox 1606 1677 3192 1755">
     <span class='ocr_line' id='line_1_60' title="bbox 1606 1677 3192 1755; baseline -0.011 -11"><span class='ocrx_word' id='word_1_448' title='bbox 1606 1688 1714 1744; x_wconf 88' lang='lat' dir='ltr'><strong>Sed</strong></span> <span class='ocrx_word' id='word_1_449' title='bbox 1737 1688 1785 1743; x_wconf 92' lang='lat' dir='ltr'><strong>si</strong></span> <span class='ocrx_word' id='word_1_450' title='bbox 1814 1695 2046 1755; x_wconf 88' lang='lat' dir='ltr'><strong>utraque</strong></span> <span class='ocrx_word' id='word_1_451' title='bbox 2072 1681 2214 1753; x_wconf 90' lang='lat' dir='ltr'><strong>apud</strong></span> <span class='ocrx_word' id='word_1_452' title='bbox 2240 1689 2504 1750; x_wconf 88' lang='lat' dir='ltr'><strong>utrosque</strong></span> <span class='ocrx_word' id='word_1_453' title='bbox 2533 1677 2888 1732; x_wconf 88' lang='lat' dir='ltr'><strong>inveniuntur</strong></span> <span class='ocrx_word' id='word_1_454' title='bbox 2909 1716 2923 1741; x_wconf 93' lang='lat'><strong>,</strong></span> <span class='ocrx_word' id='word_1_455' title='bbox 2955 1688 3192 1744; x_wconf 86' lang='lat' dir='ltr'><strong>quomo-</strong></span> 
     </span>
    </p>
   </div>
   <div class='ocr_carea' id='block_1_61' title="bbox 1604 1764 3189 1844">
    <p class='ocr_par' dir='ltr' id='par_1_61' title="bbox 1604 1764 3189 1844">
     <span class='ocr_line' id='line_1_61' title="bbox 1604 1764 3189 1844; baseline -0.01 -8"><span class='ocrx_word' id='word_1_456' title='bbox 1604 1781 1676 1836; x_wconf 90' lang='lat' dir='ltr'><strong>do</strong></span> <span class='ocrx_word' id='word_1_457' title='bbox 1703 1793 1812 1834; x_wconf 91' lang='lat' dir='ltr'><strong>non</strong></span> <span class='ocrx_word' id='word_1_458' title='bbox 1835 1778 1970 1832; x_wconf 90' lang='lat' dir='ltr'><strong>latet</strong></span> <span class='ocrx_word' id='word_1_459' title='bbox 1994 1775 2042 1832; x_wconf 92' lang='lat' dir='ltr'><strong>is</strong></span> <span class='ocrx_word' id='word_1_460' title='bbox 2096 1774 2188 1844; x_wconf 89' lang='lat' dir='ltr'><strong>qui</strong></span> <span class='ocrx_word' id='word_1_461' title='bbox 2242 1771 2468 1827; x_wconf 85' lang='lat' dir='ltr'><strong>meliora</strong></span> <span class='ocrx_word' id='word_1_462' title='bbox 2519 1768 2710 1840; x_wconf 80' lang='lat' dir='ltr'><strong>eligit?</strong></span> <span class='ocrx_word' id='word_1_463' title='bbox 2761 1764 3049 1832; x_wconf 80' lang='lat' dir='ltr'><strong>Quomodo</strong></span> <span class='ocrx_word' id='word_1_464' title='bbox 3097 1779 3189 1820; x_wconf 87' lang='lat' dir='ltr'><strong>res</strong></span> 
     </span>
    </p>
   </div>
   <div class='ocr_carea' id='block_1_62' title="bbox 1601 1856 3188 1936">
    <p class='ocr_par' dir='ltr' id='par_1_62' title="bbox 1601 1856 3188 1936">
     <span class='ocr_line' id='line_1_62' title="bbox 1601 1856 3188 1936; baseline -0.011 -10"><span class='ocrx_word' id='word_1_465' title='bbox 1601 1886 1813 1936; x_wconf 88' lang='lat' dir='ltr'><strong>omnes,</strong></span> <span class='ocrx_word' id='word_1_466' title='bbox 1839 1876 1899 1923; x_wconf 86' lang='lat' dir='ltr'><strong>ut</strong></span> <span class='ocrx_word' id='word_1_467' title='bbox 1933 1883 2056 1924; x_wconf 83' lang='lat' dir='ltr'><strong>sors</strong></span> <span class='ocrx_word' id='word_1_468' title='bbox 2097 1865 2224 1929; x_wconf 79' lang='lat' dir='ltr'><strong>fert,</strong></span> <span class='ocrx_word' id='word_1_469' title='bbox 2276 1873 2469 1927; x_wconf 87' lang='lat' dir='ltr'><strong>euntes</strong></span> <span class='ocrx_word' id='word_1_470' title='bbox 2498 1859 2766 1915; x_wconf 90' lang='lat' dir='ltr'><strong>mundum</strong></span> <span class='ocrx_word' id='word_1_471' title='bbox 2829 1856 3188 1913; x_wconf 87' lang='lat' dir='ltr'><strong>Providentia</strong></span> 
     </span>
    </p>
   </div>
   <div class='ocr_carea' id='block_1_63' title="bbox 1600 1949 3191 2024">
    <p class='ocr_par' dir='ltr' id='par_1_63' title="bbox 1600 1949 3191 2024">
     <span class='ocr_line' id='line_1_63' title="bbox 1600 1949 3191 2024; baseline -0.011 -4"><span class='ocrx_word' id='word_1_472' title='bbox 1600 1963 1823 2021; x_wconf 91' lang='lat' dir='ltr'><strong>destitui</strong></span> <span class='ocrx_word' id='word_1_473' title='bbox 1853 1976 1963 2016; x_wconf 91' lang='lat' dir='ltr'><strong>non</strong></span> <span class='ocrx_word' id='word_1_474' title='bbox 1989 1960 2391 2021; x_wconf 80' lang='lat' dir='ltr'><strong>demonstrant,</strong></span> <span class='ocrx_word' id='word_1_475' title='bbox 2418 1954 2570 2010; x_wconf 89' lang='lat' dir='ltr'><strong>nullo</strong></span> <span class='ocrx_word' id='word_1_476' title='bbox 2599 1953 2742 2009; x_wconf 88' lang='lat' dir='ltr'><strong>inter</strong></span> <span class='ocrx_word' id='word_1_477' title='bbox 2767 1953 2888 2024; x_wconf 91' lang='lat' dir='ltr'><strong>pios</strong></span> <span class='ocrx_word' id='word_1_478' title='bbox 2911 1958 2966 2006; x_wconf 90' lang='lat' dir='ltr'><strong>et</strong></span> <span class='ocrx_word' id='word_1_479' title='bbox 2991 1949 3191 2021; x_wconf 89' lang='lat' dir='ltr'><strong>impios</strong></span> 
     </span>
    </p>
   </div>
   <div class='ocr_carea' id='block_1_64' title="bbox 1601 2048 2371 2112">
    <p class='ocr_par' dir='ltr' id='par_1_64' title="bbox 1601 2048 2371 2112">
     <span class='ocr_line' id='line_1_64' title="bbox 1601 2048 2371 2112; baseline -0.014 0"><span class='ocrx_word' id='word_1_480' title='bbox 1601 2053 1975 2112; x_wconf 89' lang='lat' dir='ltr'><strong>intercedente</strong></span> <span class='ocrx_word' id='word_1_481' title='bbox 2006 2048 2371 2106; x_wconf 88' lang='lat' dir='ltr'><strong>discrimine?</strong></span> 
     </span>
    </p>
   </div>
   <div class='ocr_carea' id='block_1_65' title="bbox 1670 2135 3190 2211">
    <p class='ocr_par' dir='ltr' id='par_1_65' title="bbox 1670 2135 3190 2211">
     <span class='ocr_line' id='line_1_65' title="bbox 1670 2135 3190 2211; baseline -0.009 -11"><span class='ocrx_word' id='word_1_482' title='bbox 1670 2145 1868 2201; x_wconf 79' lang='lat' dir='ltr'><strong>RESP.</strong></span> <span class='ocrx_word' id='word_1_483' title='bbox 1895 2143 2082 2199; x_wconf 85' lang='lat' dir='ltr'><strong>Noluit</strong></span> <span class='ocrx_word' id='word_1_484' title='bbox 2112 2140 2254 2197; x_wconf 87' lang='lat' dir='ltr'><strong>Deus</strong></span> <span class='ocrx_word' id='word_1_485' title='bbox 2310 2138 2676 2211; x_wconf 70' lang='lat' dir='ltr'><strong>praesentibus</strong></span> <span class='ocrx_word' id='word_1_486' title='bbox 2702 2149 2894 2190; x_wconf 87' lang='lat' dir='ltr'><strong>eorum</strong></span> <span class='ocrx_word' id='word_1_487' title='bbox 2930 2135 3190 2188; x_wconf 79' lang='lat' dir='ltr'><strong>virtutem</strong></span> 
     </span>
    </p>
   </div>
   <div class='ocr_carea' id='block_1_66' title="bbox 1603 2227 3194 2307">
    <p class='ocr_par' dir='ltr' id='par_1_66' title="bbox 1603 2227 3194 2307">
     <span class='ocr_line' id='line_1_66' title="bbox 1603 2227 3194 2307; baseline -0.012 -9"><span class='ocrx_word' id='word_1_488' title='bbox 1603 2255 1973 2302; x_wconf 85' lang='lat' dir='ltr'><strong>remunerare,</strong></span> <span class='ocrx_word' id='word_1_489' title='bbox 2009 2236 2102 2307; x_wconf 90' lang='lat' dir='ltr'><strong>qui</strong></span> <span class='ocrx_word' id='word_1_490' title='bbox 2128 2234 2232 2305; x_wconf 89' lang='lat' dir='ltr'><strong>ipsi</strong></span> <span class='ocrx_word' id='word_1_491' title='bbox 2257 2240 2386 2289; x_wconf 91' lang='lat' dir='ltr'><strong>sunt</strong></span> <span class='ocrx_word' id='word_1_492' title='bbox 2409 2231 2602 2287; x_wconf 81' lang='lat' dir='ltr'><strong>dediti.</strong></span> <span class='ocrx_word' id='word_1_493' title='bbox 2635 2227 2769 2283; x_wconf 85' lang='lat' dir='ltr'><strong>Nam</strong></span> <span class='ocrx_word' id='word_1_494' title='bbox 2801 2243 2922 2298; x_wconf 72' lang='lat' dir='ltr'><strong>qua:</strong></span> <span class='ocrx_word' id='word_1_495' title='bbox 2947 2227 3014 2281; x_wconf 87' lang='lat' dir='ltr'><strong>ad</strong></span> <span class='ocrx_word' id='word_1_496' title='bbox 3043 2241 3194 2280; x_wconf 90' lang='lat' dir='ltr'><strong>mor-</strong></span> 
     </span>
    </p>
   </div>
   <div class='ocr_carea' id='block_1_67' title="bbox 1602 2326 3194 2403">
    <p class='ocr_par' dir='ltr' id='par_1_67' title="bbox 1602 2326 3194 2403">
     <span class='ocr_line' id='line_1_67' title="bbox 1602 2326 3194 2403; baseline -0.01 -14"><span class='ocrx_word' id='word_1_497' title='bbox 1602 2335 1766 2389; x_wconf 84' lang='lat' dir='ltr'><strong>talem</strong></span> <span class='ocrx_word' id='word_1_498' title='bbox 1794 2333 2010 2403; x_wconf 88' lang='lat' dir='ltr'><strong>piurum</strong></span> <span class='ocrx_word' id='word_1_499' title='bbox 2037 2330 2204 2383; x_wconf 88' lang='lat' dir='ltr'><strong>vitam</strong></span> <span class='ocrx_word' id='word_1_500' title='bbox 2234 2326 2530 2398; x_wconf 80' lang='lat' dir='ltr'><strong>pertinent,</strong></span> <span class='ocrx_word' id='word_1_501' title='bbox 2566 2339 2629 2377; x_wconf 91' lang='lat' dir='ltr'><strong>ea</strong></span> <span class='ocrx_word' id='word_1_502' title='bbox 2653 2336 2763 2375; x_wconf 92' lang='lat' dir='ltr'><strong>non</strong></span> <span class='ocrx_word' id='word_1_503' title='bbox 2792 2327 2924 2376; x_wconf 87' lang='lat' dir='ltr'><strong>sunt</strong></span> <span class='ocrx_word' id='word_1_504' title='bbox 2979 2332 3194 2373; x_wconf 78' lang='lat' dir='ltr'><strong>merces</strong></span> 
     </span>
    </p>
   </div>
   <div class='ocr_carea' id='block_1_68' title="bbox 1600 2411 3193 2494">
    <p class='ocr_par' dir='ltr' id='par_1_68' title="bbox 1600 2411 3193 2494">
     <span class='ocr_line' id='line_1_68' title="bbox 1600 2411 3193 2494; baseline -0.011 -12"><span class='ocrx_word' id='word_1_505' title='bbox 1600 2426 1857 2490; x_wconf 86' lang='lat' dir='ltr'><strong>virtutis;</strong></span> <span class='ocrx_word' id='word_1_506' title='bbox 1882 2432 1937 2478; x_wconf 89' lang='lat' dir='ltr'><strong>at</strong></span> <span class='ocrx_word' id='word_1_507' title='bbox 1963 2419 2424 2494; x_wconf 89' lang='lat' dir='ltr'><strong>quemadmodum</strong></span> <span class='ocrx_word' id='word_1_508' title='bbox 2448 2417 2710 2473; x_wconf 85' lang='lat' dir='ltr'><strong>dicuntur</strong></span> <span class='ocrx_word' id='word_1_509' title='bbox 2732 2413 2806 2484; x_wconf 91' lang='lat' dir='ltr'><strong>pii</strong></span> <span class='ocrx_word' id='word_1_510' title='bbox 2827 2428 2942 2482; x_wconf 74' lang='lat' dir='ltr'><strong>non</strong></span> <span class='ocrx_word' id='word_1_511' title='bbox 2977 2427 3101 2466; x_wconf 88' lang='lat' dir='ltr'><strong>esse</strong></span> <span class='ocrx_word' id='word_1_512' title='bbox 3124 2411 3193 2464; x_wconf 88' lang='lat' dir='ltr'><strong>de</strong></span> 
     </span>
    </p>
   </div>
   <div class='ocr_carea' id='block_1_69' title="bbox 1603 2508 3192 2586">
    <p class='ocr_par' dir='ltr' id='par_1_69' title="bbox 1603 2508 3192 2586">
     <span class='ocr_line' id='line_1_69' title="bbox 1603 2508 3192 2586; baseline -0.013 -10"><span class='ocrx_word' id='word_1_513' title='bbox 1603 2519 1830 2582; x_wconf 88' lang='lat' dir='ltr'><strong>mundo,</strong></span> <span class='ocrx_word' id='word_1_514' title='bbox 1861 2518 1936 2572; x_wconf 88' lang='lat' dir='ltr'><strong>ita</strong></span> <span class='ocrx_word' id='word_1_515' title='bbox 1962 2524 2017 2571; x_wconf 90' lang='lat' dir='ltr'><strong>et</strong></span> <span class='ocrx_word' id='word_1_516' title='bbox 2047 2515 2218 2586; x_wconf 81' lang='lat' dir='ltr'><strong>gloria</strong></span> <span class='ocrx_word' id='word_1_517' title='bbox 2240 2527 2428 2568; x_wconf 91' lang='lat' dir='ltr'><strong>eorum</strong></span> <span class='ocrx_word' id='word_1_518' title='bbox 2465 2516 2521 2566; x_wconf 89' lang='lat' dir='ltr'><strong>et</strong></span> <span class='ocrx_word' id='word_1_519' title='bbox 2547 2508 2748 2564; x_wconf 68' lang='lat' dir='ltr'><strong>divitiae</strong></span> <span class='ocrx_word' id='word_1_520' title='bbox 2782 2522 2891 2561; x_wconf 86' lang='lat' dir='ltr'><strong>non</strong></span> <span class='ocrx_word' id='word_1_521' title='bbox 2924 2513 3054 2559; x_wconf 86' lang='lat' dir='ltr'><strong>sunt</strong></span> <span class='ocrx_word' id='word_1_522' title='bbox 3081 2511 3192 2558; x_wconf 78' lang='lat' dir='ltr'><strong>ter—</strong></span> 
     </span>
    </p>
   </div>
   <div class='ocr_carea' id='block_1_70' title="bbox 1602 2597 3194 2678">
    <p class='ocr_par' dir='ltr' id='par_1_70' title="bbox 1602 2597 3194 2678">
     <span class='ocr_line' id='line_1_70' title="bbox 1602 2597 3194 2678; baseline -0.013 -10"><span class='ocrx_word' id='word_1_523' title='bbox 1602 2627 1767 2668; x_wconf 78' lang='lat' dir='ltr'><strong>reme.</strong></span> <span class='ocrx_word' id='word_1_524' title='bbox 1787 2608 2018 2678; x_wconf 82' lang='lat' dir='ltr'><strong>Quando</strong></span> <span class='ocrx_word' id='word_1_525' title='bbox 2045 2607 2209 2678; x_wconf 79' lang='lat' dir='ltr'><strong>igitur</strong></span> <span class='ocrx_word' id='word_1_526' title='bbox 2226 2603 2530 2661; x_wconf 87' lang='lat' dir='ltr'><strong>viderimus</strong></span> <span class='ocrx_word' id='word_1_527' title='bbox 2553 2615 2618 2656; x_wconf 91' lang='lat' dir='ltr'><strong>ea</strong></span> <span class='ocrx_word' id='word_1_528' title='bbox 2658 2599 2763 2672; x_wconf 90' lang='lat' dir='ltr'><strong>piis</strong></span> <span class='ocrx_word' id='word_1_529' title='bbox 2823 2597 3040 2661; x_wconf 87' lang='lat' dir='ltr'><strong>adesse,</strong></span> <span class='ocrx_word' id='word_1_530' title='bbox 3071 2610 3194 2666; x_wconf 64' lang='lat' dir='ltr'><strong>qua;</strong></span> 
     </span>
    </p>
   </div>
   <div class='ocr_carea' id='block_1_71' title="bbox 1603 2690 3192 2770">
    <p class='ocr_par' dir='ltr' id='par_1_71' title="bbox 1603 2690 3192 2770">
     <span class='ocr_line' id='line_1_71' title="bbox 1603 2690 3192 2770; baseline -0.013 -11"><span class='ocrx_word' id='word_1_531' title='bbox 1603 2703 1804 2760; x_wconf 89' lang='lat' dir='ltr'><strong>adsunt</strong></span> <span class='ocrx_word' id='word_1_532' title='bbox 1831 2709 1887 2758; x_wconf 90' lang='lat' dir='ltr'><strong>et</strong></span> <span class='ocrx_word' id='word_1_533' title='bbox 1919 2699 2133 2770; x_wconf 89' lang='lat' dir='ltr'><strong>impiis,</strong></span> <span class='ocrx_word' id='word_1_534' title='bbox 2190 2697 2316 2752; x_wconf 90' lang='lat' dir='ltr'><strong>inde</strong></span> <span class='ocrx_word' id='word_1_535' title='bbox 2371 2696 2696 2764; x_wconf 81' lang='lat' dir='ltr'><strong>colligamus</strong></span> <span class='ocrx_word' id='word_1_536' title='bbox 2745 2690 3036 2764; x_wconf 72' lang='lat' dir='ltr'><strong>praesentia</strong></span> <span class='ocrx_word' id='word_1_537' title='bbox 3081 2701 3192 2740; x_wconf 92' lang='lat' dir='ltr'><strong>non</strong></span> 
     </span>
    </p>
   </div>
   <div class='ocr_carea' id='block_1_72' title="bbox 1602 2780 3194 2862">
    <p class='ocr_par' dir='ltr' id='par_1_72' title="bbox 1602 2780 3194 2862">
     <span class='ocr_line' id='line_1_72' title="bbox 1602 2780 3194 2862; baseline -0.014 -7"><span class='ocrx_word' id='word_1_538' title='bbox 1602 2813 1726 2854; x_wconf 90' lang='lat' dir='ltr'><strong>esse</strong></span> <span class='ocrx_word' id='word_1_539' title='bbox 1749 2795 1970 2851; x_wconf 89' lang='lat' dir='ltr'><strong>virtutis</strong></span> <span class='ocrx_word' id='word_1_540' title='bbox 1996 2793 2277 2848; x_wconf 85' lang='lat' dir='ltr'><strong>laboribus</strong></span> <span class='ocrx_word' id='word_1_541' title='bbox 2306 2791 2490 2862; x_wconf 83' lang='lat' dir='ltr'><strong>digna.</strong></span> <span class='ocrx_word' id='word_1_542' title='bbox 2513 2789 2692 2859; x_wconf 87' lang='lat' dir='ltr'><strong>Atque</strong></span> <span class='ocrx_word' id='word_1_543' title='bbox 2721 2787 2826 2842; x_wconf 90' lang='lat' dir='ltr'><strong>etsi</strong></span> <span class='ocrx_word' id='word_1_544' title='bbox 2853 2784 3068 2839; x_wconf 87' lang='lat' dir='ltr'><strong>videtur</strong></span> <span class='ocrx_word' id='word_1_545' title='bbox 3095 2780 3194 2834; x_wconf 91' lang='lat' dir='ltr'><strong>ho-</strong></span> 
     </span>
    </p>
   </div>
   <div class='ocr_carea' id='block_1_73' title="bbox 1604 2875 3192 2954">
    <p class='ocr_par' dir='ltr' id='par_1_73' title="bbox 1604 2875 3192 2954">
     <span class='ocr_line' id='line_1_73' title="bbox 1604 2875 3192 2954; baseline -0.013 -7"><span class='ocrx_word' id='word_1_546' title='bbox 1604 2890 1848 2947; x_wconf 90' lang='lat' dir='ltr'><strong>minibus</strong></span> <span class='ocrx_word' id='word_1_547' title='bbox 1874 2888 2020 2944; x_wconf 90' lang='lat' dir='ltr'><strong>Deus</strong></span> <span class='ocrx_word' id='word_1_548' title='bbox 2048 2885 2343 2942; x_wconf 86' lang='lat' dir='ltr'><strong>nonnullos</strong></span> <span class='ocrx_word' id='word_1_549' title='bbox 2373 2880 2669 2954; x_wconf 88' lang='lat' dir='ltr'><strong>aliquando</strong></span> <span class='ocrx_word' id='word_1_550' title='bbox 2689 2895 2754 2936; x_wconf 82' lang='lat' dir='ltr'><strong>ex</strong></span> <span class='ocrx_word' id='word_1_551' title='bbox 2812 2879 2919 2944; x_wconf 76' lang='lat' dir='ltr'><strong>liis,</strong></span> <span class='ocrx_word' id='word_1_552' title='bbox 2961 2877 3055 2947; x_wconf 88' lang='lat' dir='ltr'><strong>qui</strong></span> <span class='ocrx_word' id='word_1_553' title='bbox 3087 2875 3192 2944; x_wconf 91' lang='lat' dir='ltr'><strong>ipsi</strong></span> 
     </span>
    </p>
   </div>
   <div class='ocr_carea' id='block_1_74' title="bbox 1603 2967 3194 3048">
    <p class='ocr_par' dir='ltr' id='par_1_74' title="bbox 1603 2967 3194 3048">
     <span class='ocr_line' id='line_1_74' title="bbox 1603 2967 3194 3048; baseline -0.012 -9"><span class='ocrx_word' id='word_1_554' title='bbox 1603 2983 1774 3039; x_wconf 89' lang='lat' dir='ltr'><strong>dediti</strong></span> <span class='ocrx_word' id='word_1_555' title='bbox 1803 2988 1980 3048; x_wconf 87' lang='lat' dir='ltr'><strong>erant,</strong></span> <span class='ocrx_word' id='word_1_556' title='bbox 2012 2989 2070 3036; x_wconf 90' lang='lat' dir='ltr'><strong>ut</strong></span> <span class='ocrx_word' id='word_1_557' title='bbox 2097 2977 2398 3048; x_wconf 88' lang='lat' dir='ltr'><strong>Josephum</strong></span> <span class='ocrx_word' id='word_1_558' title='bbox 2444 2983 2500 3031; x_wconf 90' lang='lat' dir='ltr'><strong>et</strong></span> <span class='ocrx_word' id='word_1_559' title='bbox 2556 2973 2839 3035; x_wconf 90' lang='lat' dir='ltr'><strong>Davidem,</strong></span> <span class='ocrx_word' id='word_1_560' title='bbox 2887 2967 3194 3024; x_wconf 83' lang='lat' dir='ltr'><strong>honoribus</strong></span> 
     </span>
    </p>
   </div>
   <div class='ocr_carea' id='block_1_75' title="bbox 1605 3068 3196 3144">
    <p class='ocr_par' dir='ltr' id='par_1_75' title="bbox 1605 3068 3196 3144">
     <span class='ocr_line' id='line_1_75' title="bbox 1605 3068 3196 3144; baseline -0.013 -11"><span class='ocrx_word' id='word_1_561' title='bbox 1605 3077 1899 3144; x_wconf 73' lang='lat' dir='ltr'><strong>extulisse,</strong></span> <span class='ocrx_word' id='word_1_562' title='bbox 1927 3074 2044 3130; x_wconf 61' lang='lat' dir='ltr'><strong>hate</strong></span> <span class='ocrx_word' id='word_1_563' title='bbox 2072 3080 2258 3128; x_wconf 90' lang='lat' dir='ltr'><strong>tamen</strong></span> <span class='ocrx_word' id='word_1_564' title='bbox 2286 3068 2582 3124; x_wconf 89' lang='lat' dir='ltr'><strong>virtutibus</strong></span> <span class='ocrx_word' id='word_1_565' title='bbox 2613 3080 2804 3122; x_wconf 85' lang='lat' dir='ltr'><strong>eorum</strong></span> <span class='ocrx_word' id='word_1_566' title='bbox 2842 3079 2952 3118; x_wconf 90' lang='lat' dir='ltr'><strong>non</strong></span> <span class='ocrx_word' id='word_1_567' title='bbox 2997 3075 3196 3130; x_wconf 74' lang='lat' dir='ltr'><strong>reperi--</strong></span> 
     </span>
    </p>
   </div>
   <div class='ocr_carea' id='block_1_76' title="bbox 1607 3154 3197 3240">
    <p class='ocr_par' dir='ltr' id='par_1_76' title="bbox 1607 3154 3197 3240">
     <span class='ocr_line' id='line_1_76' title="bbox 1607 3154 3197 3240; baseline -0.011 -16"><span class='ocrx_word' id='word_1_568' title='bbox 1607 3169 1708 3234; x_wconf 86' lang='lat' dir='ltr'><strong>dit,</strong></span> <span class='ocrx_word' id='word_1_569' title='bbox 1741 3169 1835 3226; x_wconf 90' lang='lat' dir='ltr'><strong>sed</strong></span> <span class='ocrx_word' id='word_1_570' title='bbox 1861 3184 1958 3240; x_wconf 89' lang='lat' dir='ltr'><strong>per</strong></span> <span class='ocrx_word' id='word_1_571' title='bbox 1985 3165 2282 3236; x_wconf 83' lang='lat' dir='ltr'><strong>Josephum</strong></span> <span class='ocrx_word' id='word_1_572' title='bbox 2307 3162 2528 3233; x_wconf 89' lang='lat' dir='ltr'><strong>quidem</strong></span> <span class='ocrx_word' id='word_1_573' title='bbox 2557 3157 2846 3214; x_wconf 87' lang='lat' dir='ltr'><strong>lsraelitiei</strong></span> <span class='ocrx_word' id='word_1_574' title='bbox 2874 3155 3093 3228; x_wconf 74' lang='lat' dir='ltr'><strong>generis</strong></span> <span class='ocrx_word' id='word_1_575' title='bbox 3117 3154 3197 3207; x_wconf 87' lang='lat' dir='ltr'><strong>in—</strong></span> 
     </span>
    </p>
   </div>
   <div class='ocr_carea' id='block_1_77' title="bbox 1531 3235 3194 3330">
    <p class='ocr_par' dir='ltr' id='par_1_77' title="bbox 1531 3235 3194 3330">
     <span class='ocr_line' id='line_1_77' title="bbox 1531 3235 3194 3330; baseline -0.015 -11"><span class='ocrx_word' id='word_1_576' title='bbox 1531 3235 1575 3295; x_wconf 74' lang='lat' dir='ltr'>c</span> <span class='ocrx_word' id='word_1_577' title='bbox 1607 3235 1888 3318; x_wconf 79' lang='lat' dir='ltr'><strong>cremento</strong></span> <span class='ocrx_word' id='word_1_578' title='bbox 1939 3235 2214 3330; x_wconf 87' lang='lat' dir='ltr'><strong>providit,</strong></span> <span class='ocrx_word' id='word_1_579' title='bbox 2283 3269 2382 3324; x_wconf 90' lang='lat' dir='ltr'><strong>per</strong></span> <span class='ocrx_word' id='word_1_580' title='bbox 2435 3249 2694 3305; x_wconf 88' lang='lat' dir='ltr'><strong>Davidem</strong></span> <span class='ocrx_word' id='word_1_581' title='bbox 2739 3253 2921 3302; x_wconf 88' lang='lat' dir='ltr'><strong>autem</strong></span> <span class='ocrx_word' id='word_1_582' title='bbox 2962 3258 3194 3314; x_wconf 83' lang='lat' dir='ltr'><strong>regnum</strong></span> 
     </span>
    </p>
   </div>
   <div class='ocr_carea' id='block_1_78' title="bbox 1610 3336 3192 3426">
    <p class='ocr_par' dir='ltr' id='par_1_78' title="bbox 1610 3336 3192 3426">
     <span class='ocr_line' id='line_1_78' title="bbox 1610 3336 3192 3426; baseline -0.015 -15"><span class='ocrx_word' id='word_1_583' title='bbox 1610 3356 1848 3426; x_wconf 83' lang='lat' dir='ltr'><strong>Spiritus</strong></span> <span class='ocrx_word' id='word_1_584' title='bbox 1875 3351 2179 3410; x_wconf 89' lang='lat' dir='ltr'><strong>constituit.</strong></span> <span class='ocrx_word' id='word_1_585' title='bbox 2211 3348 2481 3404; x_wconf 86' lang='lat' dir='ltr'><strong>DilIerunt</strong></span> <span class='ocrx_word' id='word_1_586' title='bbox 2511 3352 2694 3399; x_wconf 90' lang='lat' dir='ltr'><strong>autem</strong></span> <span class='ocrx_word' id='word_1_587' title='bbox 2748 3342 2818 3397; x_wconf 89' lang='lat' dir='ltr'><strong>ab</strong></span> <span class='ocrx_word' id='word_1_588' title='bbox 2877 3338 3062 3410; x_wconf 89' lang='lat' dir='ltr'><strong>impiis</strong></span> <span class='ocrx_word' id='word_1_589' title='bbox 3119 3336 3192 3406; x_wconf 90' lang='lat' dir='ltr'><strong>pii</strong></span> 
     </span>
    </p>
   </div>
   <div class='ocr_carea' id='block_1_79' title="bbox 1606 3430 3196 3513">
    <p class='ocr_par' dir='ltr' id='par_1_79' title="bbox 1606 3430 3196 3513">
     <span class='ocr_line' id='line_1_79' title="bbox 1606 3430 3196 3513; baseline -0.014 -11"><span class='ocrx_word' id='word_1_590' title='bbox 1606 3445 1982 3502; x_wconf 87' lang='lat' dir='ltr'><strong>materialibus</strong></span> <span class='ocrx_word' id='word_1_591' title='bbox 2009 3451 2064 3500; x_wconf 89' lang='lat' dir='ltr'><strong>et</strong></span> <span class='ocrx_word' id='word_1_592' title='bbox 2084 3441 2366 3513; x_wconf 88' lang='lat' dir='ltr'><strong>corporeis</strong></span> <span class='ocrx_word' id='word_1_593' title='bbox 2394 3437 2564 3494; x_wconf 83' lang='lat' dir='ltr'><strong>rebus</strong></span> <span class='ocrx_word' id='word_1_594' title='bbox 2594 3447 2939 3504; x_wconf 87' lang='lat' dir='ltr'><strong>nequaquam</strong></span> <span class='ocrx_word' id='word_1_595' title='bbox 2963 3449 2978 3498; x_wconf 93' lang='lat'><strong>;</strong></span> <span class='ocrx_word' id='word_1_596' title='bbox 3009 3430 3196 3485; x_wconf 87' lang='lat' dir='ltr'><strong>omnia</strong></span> 
     </span>
    </p>
   </div>
   <div class='ocr_carea' id='block_1_80' title="bbox 1574 3519 3196 3605">
    <p class='ocr_par' dir='ltr' id='par_1_80' title="bbox 1574 3519 3196 3605">
     <span class='ocr_line' id='line_1_80' title="bbox 1574 3519 3196 3605; baseline -0.016 -8"><span class='ocrx_word' id='word_1_597' title='bbox 1574 3570 1578 3574; x_wconf 63' lang='grc' dir='ltr'><strong>π</strong></span> <span class='ocrx_word' id='word_1_598' title='bbox 1604 3542 1750 3596; x_wconf 89' lang='lat' dir='ltr'><strong>enim</strong></span> <span class='ocrx_word' id='word_1_599' title='bbox 1781 3537 1982 3595; x_wconf 86' lang='lat' dir='ltr'><strong>adsunt</strong></span> <span class='ocrx_word' id='word_1_600' title='bbox 2009 3537 2258 3605; x_wconf 88' lang='lat' dir='ltr'><strong>utrisque</strong></span> <span class='ocrx_word' id='word_1_601' title='bbox 2288 3542 2340 3588; x_wconf 85' lang='lat' dir='ltr'><strong>et</strong></span> <span class='ocrx_word' id='word_1_602' title='bbox 2363 3528 2611 3602; x_wconf 88' lang='lat' dir='ltr'><strong>jucunda</strong></span> <span class='ocrx_word' id='word_1_603' title='bbox 2639 3533 2693 3583; x_wconf 90' lang='lat' dir='ltr'><strong>et</strong></span> <span class='ocrx_word' id='word_1_604' title='bbox 2726 3525 2955 3579; x_wconf 89' lang='lat' dir='ltr'><strong>molesta</strong></span> <span class='ocrx_word' id='word_1_605' title='bbox 2991 3541 3004 3574; x_wconf 91' lang='lat'>:</span> <span class='ocrx_word' id='word_1_606' title='bbox 3038 3519 3196 3574; x_wconf 82' lang='lat' dir='ltr'><strong>dilTe-</strong></span> 
     </span>
    </p>
   </div>
   <div class='ocr_carea' id='block_1_81' title="bbox 1604 3612 3197 3696">
    <p class='ocr_par' dir='ltr' id='par_1_81' title="bbox 1604 3612 3197 3696">
     <span class='ocr_line' id='line_1_81' title="bbox 1604 3612 3197 3696; baseline -0.016 -8"><span class='ocrx_word' id='word_1_607' title='bbox 1604 3639 1735 3689; x_wconf 87' lang='lat' dir='ltr'><strong>runt</strong></span> <span class='ocrx_word' id='word_1_608' title='bbox 1763 3637 1942 3685; x_wconf 90' lang='lat' dir='ltr'><strong>autem</strong></span> <span class='ocrx_word' id='word_1_609' title='bbox 1967 3628 2110 3683; x_wconf 89' lang='lat' dir='ltr'><strong>inter</strong></span> <span class='ocrx_word' id='word_1_610' title='bbox 2131 3641 2210 3688; x_wconf 89' lang='lat' dir='ltr'><strong>se,</strong></span> <span class='ocrx_word' id='word_1_611' title='bbox 2246 3622 2520 3696; x_wconf 67' lang='lat' dir='ltr'><strong>praecipue</strong></span> <span class='ocrx_word' id='word_1_612' title='bbox 2567 3619 2785 3693; x_wconf 91' lang='lat' dir='ltr'><strong>quidem</strong></span> <span class='ocrx_word' id='word_1_613' title='bbox 2835 3630 2933 3685; x_wconf 89' lang='lat' dir='ltr'><strong>spe</strong></span> <span class='ocrx_word' id='word_1_614' title='bbox 2987 3612 3197 3666; x_wconf 81' lang='lat' dir='ltr'><strong>futuro-</strong></span> 
     </span>
    </p>
   </div>
   <div class='ocr_carea' id='block_1_82' title="bbox 1606 3705 3196 3792">
    <p class='ocr_par' dir='ltr' id='par_1_82' title="bbox 1606 3705 3196 3792">
     <span class='ocr_line' id='line_1_82' title="bbox 1606 3705 3196 3792; baseline -0.016 -11"><span class='ocrx_word' id='word_1_615' title='bbox 1606 3741 1727 3781; x_wconf 87' lang='lat' dir='ltr'><strong>rum</strong></span> <span class='ocrx_word' id='word_1_616' title='bbox 1762 3731 1816 3780; x_wconf 88' lang='lat' dir='ltr'><strong>et</strong></span> <span class='ocrx_word' id='word_1_617' title='bbox 1838 3721 2110 3792; x_wconf 90' lang='lat' dir='ltr'><strong>susceptis</strong></span> <span class='ocrx_word' id='word_1_618' title='bbox 2144 3735 2242 3790; x_wconf 90' lang='lat' dir='ltr'><strong>pro</strong></span> <span class='ocrx_word' id='word_1_619' title='bbox 2264 3717 2467 3788; x_wconf 89' lang='lat' dir='ltr'><strong>pietate</strong></span> <span class='ocrx_word' id='word_1_620' title='bbox 2494 3711 2802 3776; x_wconf 85' lang='lat' dir='ltr'><strong>molestiis;</strong></span> <span class='ocrx_word' id='word_1_621' title='bbox 2832 3705 3030 3763; x_wconf 88' lang='lat' dir='ltr'><strong>deinde</strong></span> <span class='ocrx_word' id='word_1_622' title='bbox 3065 3717 3196 3759; x_wconf 87' lang='lat' dir='ltr'><strong>vero</strong></span> 
     </span>
    </p>
   </div>
   <div class='ocr_carea' id='block_1_83' title="bbox 1603 3795 3198 3885">
    <p class='ocr_par' dir='ltr' id='par_1_83' title="bbox 1603 3795 3198 3885">
     <span class='ocr_line' id='line_1_83' title="bbox 1603 3795 3198 3885; baseline -0.016 -11"><span class='ocrx_word' id='word_1_623' title='bbox 1603 3827 1658 3875; x_wconf 91' lang='lat' dir='ltr'><strong>et</strong></span> <span class='ocrx_word' id='word_1_624' title='bbox 1688 3817 1888 3872; x_wconf 87' lang='lat' dir='ltr'><strong>divinis</strong></span> <span class='ocrx_word' id='word_1_625' title='bbox 1915 3812 2204 3885; x_wconf 84' lang='lat' dir='ltr'><strong>praesidiis,</strong></span> <span class='ocrx_word' id='word_1_626' title='bbox 2229 3810 2430 3881; x_wconf 87' lang='lat' dir='ltr'><strong>quibus</strong></span> <span class='ocrx_word' id='word_1_627' title='bbox 2461 3822 2591 3862; x_wconf 90' lang='lat' dir='ltr'><strong>suos</strong></span> <span class='ocrx_word' id='word_1_628' title='bbox 2616 3805 2762 3858; x_wconf 88' lang='lat' dir='ltr'><strong>Deus</strong></span> <span class='ocrx_word' id='word_1_629' title='bbox 2796 3815 2939 3872; x_wconf 72' lang='lat' dir='ltr'><strong>saepe</strong></span> <span class='ocrx_word' id='word_1_630' title='bbox 2975 3795 3198 3866; x_wconf 85' lang='lat' dir='ltr'><strong>conspi-</strong></span> 
     </span>
    </p>
   </div>
   <div class='ocr_carea' id='block_1_84' title="bbox 1603 3893 3194 3975">
    <p class='ocr_par' dir='ltr' id='par_1_84' title="bbox 1603 3893 3194 3975">
     <span class='ocr_line' id='line_1_84' title="bbox 1603 3893 3194 3975; baseline -0.014 -8"><span class='ocrx_word' id='word_1_631' title='bbox 1603 3925 1739 3966; x_wconf 92' lang='lat' dir='ltr'><strong>cuos</strong></span> <span class='ocrx_word' id='word_1_632' title='bbox 1761 3909 1959 3974; x_wconf 67' lang='lat' dir='ltr'><strong>elfecit,</strong></span> <span class='ocrx_word' id='word_1_633' title='bbox 1974 3921 2121 3962; x_wconf 88' lang='lat' dir='ltr'><strong>nunc</strong></span> <span class='ocrx_word' id='word_1_634' title='bbox 2135 3903 2518 3975; x_wconf 62' lang='lat' dir='ltr'><strong>[Egyptiorum</strong></span> <span class='ocrx_word' id='word_1_635' title='bbox 2541 3898 2842 3970; x_wconf 84' lang='lat' dir='ltr'><strong>potentiam</strong></span> <span class='ocrx_word' id='word_1_636' title='bbox 2859 3893 3194 3955; x_wconf 85' lang='lat' dir='ltr'><strong>dissolvens,</strong></span> 
     </span>
    </p>
   </div>
   <div class='ocr_carea' id='block_1_85' title="bbox 1604 3983 3198 4063">
    <p class='ocr_par' dir='ltr' id='par_1_85' title="bbox 1604 3983 3198 4063">
     <span class='ocr_line' id='line_1_85' title="bbox 1604 3983 3198 4063; baseline -0.013 -4"><span class='ocrx_word' id='word_1_637' title='bbox 1604 4019 1752 4059; x_wconf 90' lang='lat' dir='ltr'><strong>nunc</strong></span> <span class='ocrx_word' id='word_1_638' title='bbox 1780 4002 2120 4058; x_wconf 64' lang='lat' dir='ltr'><strong>Chananaaos</strong></span> <span class='ocrx_word' id='word_1_639' title='bbox 2148 3995 2412 4052; x_wconf 73' lang='lat' dir='ltr'><strong>lsraelitis</strong></span> <span class='ocrx_word' id='word_1_640' title='bbox 2428 3991 2748 4063; x_wconf 85' lang='lat' dir='ltr'><strong>subjiciens,</strong></span> <span class='ocrx_word' id='word_1_641' title='bbox 2768 4004 2916 4044; x_wconf 85' lang='lat' dir='ltr'><strong>nunc</strong></span> <span class='ocrx_word' id='word_1_642' title='bbox 2939 3983 3198 4057; x_wconf 81' lang='lat' dir='ltr'><strong>Assyrio-</strong></span> 
     </span>
    </p>
   </div>
   <div class='ocr_carea' id='block_1_86' title="bbox 1604 4079 3195 4158">
    <p class='ocr_par' dir='ltr' id='par_1_86' title="bbox 1604 4079 3195 4158">
     <span class='ocr_line' id='line_1_86' title="bbox 1604 4079 3195 4158; baseline -0.013 -8"><span class='ocrx_word' id='word_1_643' title='bbox 1604 4111 1726 4150; x_wconf 90' lang='lat' dir='ltr'><strong>rum</strong></span> <span class='ocrx_word' id='word_1_644' title='bbox 1755 4096 1991 4151; x_wconf 81' lang='lat' dir='ltr'><strong>ferocem</strong></span> <span class='ocrx_word' id='word_1_645' title='bbox 2023 4091 2268 4146; x_wconf 90' lang='lat' dir='ltr'><strong>animum</strong></span> <span class='ocrx_word' id='word_1_646' title='bbox 2299 4087 2541 4158; x_wconf 87' lang='lat' dir='ltr'><strong>sopicns,</strong></span> <span class='ocrx_word' id='word_1_647' title='bbox 2576 4098 2724 4138; x_wconf 91' lang='lat' dir='ltr'><strong>nunc</strong></span> <span class='ocrx_word' id='word_1_648' title='bbox 2770 4079 3195 4152; x_wconf 88' lang='lat' dir='ltr'><strong>Babyloniorum</strong></span> 
     </span>
    </p>
   </div>
   <div class='ocr_carea' id='block_1_87' title="bbox 1605 4175 3196 4257">
    <p class='ocr_par' dir='ltr' id='par_1_87' title="bbox 1605 4175 3196 4257">
     <span class='ocr_line' id='line_1_87' title="bbox 1605 4175 3196 4257; baseline -0.014 -11"><span class='ocrx_word' id='word_1_649' title='bbox 1605 4198 1855 4246; x_wconf 86' lang='lat' dir='ltr'><strong>evertens</strong></span> <span class='ocrx_word' id='word_1_650' title='bbox 1885 4186 2196 4257; x_wconf 90' lang='lat' dir='ltr'><strong>imperium,</strong></span> <span class='ocrx_word' id='word_1_651' title='bbox 2226 4197 2374 4237; x_wconf 91' lang='lat' dir='ltr'><strong>nunc</strong></span> <span class='ocrx_word' id='word_1_652' title='bbox 2402 4195 2623 4236; x_wconf 90' lang='lat' dir='ltr'><strong>cursum</strong></span> <span class='ocrx_word' id='word_1_653' title='bbox 2650 4187 2704 4233; x_wconf 90' lang='lat' dir='ltr'><strong>et</strong></span> <span class='ocrx_word' id='word_1_654' title='bbox 2732 4175 3023 4231; x_wconf 83' lang='lat' dir='ltr'><strong>stationem</strong></span> <span class='ocrx_word' id='word_1_655' title='bbox 3055 4185 3196 4242; x_wconf 67' lang='lat' dir='ltr'><strong>pra:-</strong></span> 
     </span>
    </p>
   </div>
   <div class='ocr_carea' id='block_1_88' title="bbox 1605 4264 3193 4346">
    <p class='ocr_par' dir='ltr' id='par_1_88' title="bbox 1605 4264 3193 4346">
     <span class='ocr_line' id='line_1_88' title="bbox 1605 4264 3193 4346; baseline -0.014 -8"><span class='ocrx_word' id='word_1_656' title='bbox 1605 4293 1686 4338; x_wconf 91' lang='lat' dir='ltr'><strong>ter</strong></span> <span class='ocrx_word' id='word_1_657' title='bbox 1717 4288 1970 4336; x_wconf 89' lang='lat' dir='ltr'><strong>naturam</strong></span> <span class='ocrx_word' id='word_1_658' title='bbox 2001 4278 2104 4334; x_wconf 86' lang='lat' dir='ltr'><strong>soli</strong></span> <span class='ocrx_word' id='word_1_659' title='bbox 2137 4277 2434 4346; x_wconf 86' lang='lat' dir='ltr'><strong>imperans.</strong></span> <span class='ocrx_word' id='word_1_660' title='bbox 2481 4273 2660 4341; x_wconf 84' lang='lat' dir='ltr'><strong>Atque</strong></span> <span class='ocrx_word' id='word_1_661' title='bbox 2713 4269 2768 4323; x_wconf 91' lang='lat' dir='ltr'><strong>in</strong></span> <span class='ocrx_word' id='word_1_662' title='bbox 2829 4267 2916 4322; x_wconf 87' lang='lat' dir='ltr'><strong>his</strong></span> <span class='ocrx_word' id='word_1_663' title='bbox 2969 4264 3193 4334; x_wconf 86' lang='lat' dir='ltr'><strong>quidem</strong></span> 
     </span>
    </p>
   </div>
   <div class='ocr_carea' id='block_1_89' title="bbox 1604 4357 3194 4444">
    <p class='ocr_par' dir='ltr' id='par_1_89' title="bbox 1604 4357 3194 4444">
     <span class='ocr_line' id='line_1_89' title="bbox 1604 4357 3194 4444; baseline -0.013 -16"><span class='ocrx_word' id='word_1_664' title='bbox 1604 4374 1700 4430; x_wconf 79' lang='lat' dir='ltr'><strong>Dei</strong></span> <span class='ocrx_word' id='word_1_665' title='bbox 1730 4371 2072 4444; x_wconf 84' lang='lat' dir='ltr'><strong>providentia</strong></span> <span class='ocrx_word' id='word_1_666' title='bbox 2097 4367 2430 4432; x_wconf 89' lang='lat' dir='ltr'><strong>ostenditur,</strong></span> <span class='ocrx_word' id='word_1_667' title='bbox 2461 4365 2518 4419; x_wconf 90' lang='lat' dir='ltr'><strong>in</strong></span> <span class='ocrx_word' id='word_1_668' title='bbox 2564 4362 2676 4418; x_wconf 91' lang='lat' dir='ltr'><strong>illis</strong></span> <span class='ocrx_word' id='word_1_669' title='bbox 2727 4367 2909 4415; x_wconf 88' lang='lat' dir='ltr'><strong>autem</strong></span> <span class='ocrx_word' id='word_1_670' title='bbox 2955 4357 3074 4427; x_wconf 92' lang='lat' dir='ltr'><strong>pios</strong></span> <span class='ocrx_word' id='word_1_671' title='bbox 3102 4369 3194 4408; x_wconf 85' lang='lat' dir='ltr'><strong>as-</strong></span> 
     </span>
    </p>
   </div>
   <div class='ocr_carea' id='block_1_90' title="bbox 1604 4449 3195 4530">
    <p class='ocr_par' dir='ltr' id='par_1_90' title="bbox 1604 4449 3195 4530">
     <span class='ocr_line' id='line_1_90' title="bbox 1604 4449 3195 4530; baseline -0.016 -6"><span class='ocrx_word' id='word_1_672' title='bbox 1604 4466 1831 4530; x_wconf 84' lang='lat' dir='ltr'><strong>suescit,</strong></span> <span class='ocrx_word' id='word_1_673' title='bbox 1864 4473 1922 4518; x_wconf 90' lang='lat' dir='ltr'><strong>ut</strong></span> <span class='ocrx_word' id='word_1_674' title='bbox 1950 4462 2114 4516; x_wconf 91' lang='lat' dir='ltr'><strong>aliam</strong></span> <span class='ocrx_word' id='word_1_675' title='bbox 2144 4461 2309 4514; x_wconf 88' lang='lat' dir='ltr'><strong>vitam</strong></span> <span class='ocrx_word' id='word_1_676' title='bbox 2334 4459 2688 4518; x_wconf 82' lang='lat' dir='ltr'><strong>intueantur,</strong></span> <span class='ocrx_word' id='word_1_677' title='bbox 2738 4453 2793 4507; x_wconf 93' lang='lat' dir='ltr'><strong>in</strong></span> <span class='ocrx_word' id='word_1_678' title='bbox 2840 4465 2947 4521; x_wconf 91' lang='lat' dir='ltr'><strong>qua</strong></span> <span class='ocrx_word' id='word_1_679' title='bbox 2995 4449 3056 4502; x_wconf 86' lang='lat' dir='ltr'><strong>tit</strong></span> <span class='ocrx_word' id='word_1_680' title='bbox 3095 4461 3195 4516; x_wconf 87' lang='lat' dir='ltr'><strong>per</strong></span> 
     </span>
    </p>
   </div>
   <div class='ocr_carea' id='block_1_91' title="bbox 24 4541 1461 4656">
    <p class='ocr_par' dir='ltr' id='par_1_91' title="bbox 24 4551 1461 4634">
     <span class='ocr_line' id='line_1_91' title="bbox 24 4551 1461 4634; baseline -0.008 -18"><span class='ocrx_word' id='word_1_681' title='bbox 24 4563 92 4631; x_wconf 63' lang='grc' dir='ltr'><strong>νή</strong></span> <span class='ocrx_word' id='word_1_682' title='bbox 115 4563 324 4634; x_wconf 80' lang='grc' dir='ltr'>πρόνοια</span> <span class='ocrx_word' id='word_1_683' title='bbox 353 4560 725 4616; x_wconf 85' lang='grc' dir='ltr'>διαδείκνυται</span> <span class='ocrx_word' id='word_1_684' title='bbox 757 4554 850 4609; x_wconf 88' lang='grc' dir='ltr'><strong>τοῦ</strong></span> <span class='ocrx_word' id='word_1_685' title='bbox 876 4554 1043 4618; x_wconf 86' lang='grc' dir='ltr'>Θεοῦ,</span> <span class='ocrx_word' id='word_1_686' title='bbox 1074 4556 1130 4607; x_wconf 81' lang='grc' dir='ltr'><strong>έν</strong></span> <span class='ocrx_word' id='word_1_687' title='bbox 1177 4553 1404 4616; x_wconf 83' lang='grc' dir='ltr'>ἐκείνοις</span> <span class='ocrx_word' id='word_1_688' title='bbox 1444 4551 1461 4604; x_wconf 76' lang='grc' dir='ltr'><strong>ξ</strong></span> 
     </span>
    </p>
   </div>
   <div class='ocr_carea' id='block_1_92' title="bbox 1756 4541 3193 4656">
    <p class='ocr_par' dir='ltr' id='par_1_92' title="bbox 1756 4541 3193 4627">
     <span class='ocr_line' id='line_1_92' title="bbox 1756 4541 3193 4627; baseline -0.013 -14"><span class='ocrx_word' id='word_1_689' title='bbox 1756 4574 1833 4612; x_wconf 81' lang='lat' dir='ltr'><strong>am</strong></span> <span class='ocrx_word' id='word_1_690' title='bbox 1863 4562 1917 4612; x_wconf 89' lang='lat' dir='ltr'><strong>et</strong></span> <span class='ocrx_word' id='word_1_691' title='bbox 1947 4553 2302 4627; x_wconf 85' lang='lat' dir='ltr'><strong>ignominiam</strong></span> <span class='ocrx_word' id='word_1_692' title='bbox 2325 4557 2600 4622; x_wconf 79' lang='lat' dir='ltr'><strong>justorum</strong></span> <span class='ocrx_word' id='word_1_693' title='bbox 2631 4556 2682 4604; x_wconf 90' lang='lat' dir='ltr'><strong>et</strong></span> <span class='ocrx_word' id='word_1_694' title='bbox 2709 4545 3039 4618; x_wconf 74' lang='lat' dir='ltr'><strong>iniustorum</strong></span> <span class='ocrx_word' id='word_1_695' title='bbox 3081 4541 3193 4596; x_wconf 88' lang='lat' dir='ltr'><strong>dis-</strong></span> 
     </span>
    </p>
   </div>
   <div class='ocr_carea' id='block_1_93' title="bbox 23 4645 1501 4721">
    <p class='ocr_par' dir='ltr' id='par_1_93' title="bbox 23 4645 1501 4721">
     <span class='ocr_line' id='line_1_93' title="bbox 23 4645 1501 4721; baseline -0.006 -16"><span class='ocrx_word' id='word_1_696' title='bbox 23 4655 316 4721; x_wconf 76' lang='grc' dir='ltr'>ιρασκευάξει</span> <span class='ocrx_word' id='word_1_697' title='bbox 340 4653 474 4716; x_wconf 80' lang='grc' dir='ltr'>τοὺς</span> <span class='ocrx_word' id='word_1_698' title='bbox 507 4648 752 4712; x_wconf 89' lang='grc' dir='ltr'>εὐσεϐεῖς</span> <span class='ocrx_word' id='word_1_699' title='bbox 784 4647 919 4718; x_wconf 88' lang='grc' dir='ltr'>πρὸς</span> <span class='ocrx_word' id='word_1_700' title='bbox 946 4646 1102 4701; x_wconf 84' lang='grc' dir='ltr'>ἀλλον</span> <span class='ocrx_word' id='word_1_701' title='bbox 1132 4645 1243 4716; x_wconf 83' lang='grc' dir='ltr'>βίον</span> <span class='ocrx_word' id='word_1_702' title='bbox 1272 4646 1501 4716; x_wconf 78' lang='grc' dir='ltr'>ἀφορᾷν,</span> 
     </span>
    </p>
   </div>
   <div class='ocr_carea' id='block_1_94' title="bbox 45 4737 1506 4814">
    <p class='ocr_par' dir='ltr' id='par_1_94' title="bbox 45 4737 1506 4814">
     <span class='ocr_line' id='line_1_94' title="bbox 45 4737 1506 4814; baseline -0.008 -14"><span class='ocrx_word' id='word_1_703' title='bbox 45 4739 78 4811; x_wconf 80' lang='grc' dir='ltr'><em>ᾧ</em></span> <span class='ocrx_word' id='word_1_704' title='bbox 105 4749 292 4814; x_wconf 80' lang='grc' dir='ltr'>γίνεται</span> <span class='ocrx_word' id='word_1_705' title='bbox 330 4744 479 4800; x_wconf 84' lang='grc' dir='ltr'><strong>κατά</strong></span> <span class='ocrx_word' id='word_1_706' title='bbox 529 4742 688 4808; x_wconf 81' lang='grc' dir='ltr'>δόξαν</span> <span class='ocrx_word' id='word_1_707' title='bbox 719 4758 778 4794; x_wconf 91' lang='grc' dir='ltr'><strong>τε</strong></span> <span class='ocrx_word' id='word_1_708' title='bbox 817 4740 912 4794; x_wconf 72' lang='grc' dir='ltr'>καὶ</span> <span class='ocrx_word' id='word_1_709' title='bbox 940 4737 1151 4805; x_wconf 79' lang='grc' dir='ltr'>ἀδοξίαν</span> <span class='ocrx_word' id='word_1_710' title='bbox 1192 4737 1414 4792; x_wconf 81' lang='grc' dir='ltr'>δικαίων</span> <span class='ocrx_word' id='word_1_711' title='bbox 1446 4753 1506 4789; x_wconf 87' lang='grc' dir='ltr'>τε</span> 
     </span>
    </p>
   </div>
   <div class='ocr_carea' id='block_1_95' title="bbox 24 4836 625 4912">
    <p class='ocr_par' dir='ltr' id='par_1_95' title="bbox 24 4836 625 4912">
     <span class='ocr_line' id='line_1_95' title="bbox 24 4836 625 4912; baseline -0.002 -25"><span class='ocrx_word' id='word_1_712' title='bbox 24 4836 43 4887; x_wconf 78' lang='lat' dir='ltr'><strong>.i</strong></span> <span class='ocrx_word' id='word_1_713' title='bbox 65 4839 234 4893; x_wconf 80' lang='grc' dir='ltr'>ἀδίκων</span> <span class='ocrx_word' id='word_1_714' title='bbox 263 4843 296 4912; x_wconf 84' lang='grc' dir='ltr'>ἡ</span> <span class='ocrx_word' id='word_1_715' title='bbox 328 4839 625 4910; x_wconf 84' lang='grc' dir='ltr'>διάκρισις.</span> 
     </span>
    </p>
   </div>
   <div class='ocr_carea' id='block_1_96' title="bbox 35 4918 1502 4983">
    <p class='ocr_par' dir='ltr' id='par_1_96' title="bbox 35 4918 1502 4983">
     <span class='ocr_line' id='line_1_96' title="bbox 35 4918 1502 4983; baseline -0.003 -7"><span class='ocrx_word' id='word_1_716' title='bbox 35 4926 346 4981; x_wconf 80' lang='grc' dir='ltr'><strong>ἘΡΩΤΗΣΙΣ</strong></span> <span class='ocrx_word' id='word_1_717' title='bbox 366 4927 547 4980; x_wconf 81' lang='grc' dir='ltr'><strong>ΡΚΕ’.</strong></span> <span class='ocrx_word' id='word_1_718' title='bbox 579 4924 643 4976; x_wconf 83' lang='grc' dir='ltr'><strong>Εἰ</strong></span> <span class='ocrx_word' id='word_1_719' title='bbox 661 4921 967 4976; x_wconf 81' lang='grc' dir='ltr'>ἀποδιδόναι</span> <span class='ocrx_word' id='word_1_720' title='bbox 984 4921 1152 4975; x_wconf 86' lang='grc' dir='ltr'>κακὸν</span> <span class='ocrx_word' id='word_1_721' title='bbox 1175 4921 1294 4974; x_wconf 74' lang='grc' dir='ltr'>ἀντὶ</span> <span class='ocrx_word' id='word_1_722' title='bbox 1309 4918 1502 4983; x_wconf 86' lang='grc' dir='ltr'>κακοῦ,</span> 
     </span>
    </p>
   </div>
   <div class='ocr_carea' id='block_1_97' title="bbox 23 5013 1507 5093">
    <p class='ocr_par' dir='ltr' id='par_1_97' title="bbox 23 5013 1507 5093">
     <span class='ocr_line' id='line_1_97' title="bbox 23 5013 1507 5093; baseline 0 -26"><span class='ocrx_word' id='word_1_723' title='bbox 23 5019 238 5093; x_wconf 58' lang='grc' dir='ltr'>λοιδορίαν</span> <span class='ocrx_word' id='word_1_724' title='bbox 263 5020 388 5075; x_wconf 78' lang='grc' dir='ltr'>ἀντὶ</span> <span class='ocrx_word' id='word_1_725' title='bbox 417 5015 688 5087; x_wconf 88' lang='grc' dir='ltr'>λοιδορίας</span> <span class='ocrx_word' id='word_1_726' title='bbox 715 5017 743 5069; x_wconf 85' lang='grc' dir='ltr'>ὁ</span> <span class='ocrx_word' id='word_1_727' title='bbox 775 5014 1068 5079; x_wconf 85' lang='grc' dir='ltr'>ἀπόστολος</span> <span class='ocrx_word' id='word_1_728' title='bbox 1110 5013 1321 5077; x_wconf 90' lang='grc' dir='ltr'>Παῦλος</span> <span class='ocrx_word' id='word_1_729' title='bbox 1364 5016 1507 5085; x_wconf 88' lang='grc' dir='ltr'>ἀπη-</span> 
     </span>
    </p>
   </div>
   <div class='ocr_carea' id='block_1_98' title="bbox 24 5102 1504 5179">
    <p class='ocr_par' dir='ltr' id='par_1_98' title="bbox 24 5102 1504 5179">
     <span class='ocr_line' id='line_1_98' title="bbox 24 5102 1504 5179; baseline 0 -20"><span class='ocrx_word' id='word_1_730' title='bbox 24 5125 166 5178; x_wconf 66' lang='lat' dir='ltr'><strong>pausa,</strong></span> <span class='ocrx_word' id='word_1_731' title='bbox 188 5113 301 5177; x_wconf 84' lang='grc' dir='ltr'><strong>πῶς</strong></span> <span class='ocrx_word' id='word_1_732' title='bbox 330 5110 500 5173; x_wconf 86' lang='grc' dir='ltr'>αὐτὸς</span> <span class='ocrx_word' id='word_1_733' title='bbox 527 5102 602 5161; x_wconf 82' lang='grc' dir='ltr'>ὧν</span> <span class='ocrx_word' id='word_1_734' title='bbox 631 5102 787 5160; x_wconf 81' lang='grc' dir='ltr'>εἶπεν</span> <span class='ocrx_word' id='word_1_735' title='bbox 819 5106 1036 5161; x_wconf 80' lang='grc' dir='ltr'>ἐναντία</span> <span class='ocrx_word' id='word_1_736' title='bbox 1079 5105 1283 5179; x_wconf 75' lang='grc' dir='ltr'>ἔπραξε</span> <span class='ocrx_word' id='word_1_737' title='bbox 1309 5145 1323 5170; x_wconf 94' lang='grc'><strong>,</strong></span> <span class='ocrx_word' id='word_1_738' title='bbox 1374 5107 1504 5160; x_wconf 77' lang='grc' dir='ltr'>ποτε</span> 
     </span>
    </p>
   </div>
   <div class='ocr_carea' id='block_1_99' title="bbox 24 5198 1505 5276">
    <p class='ocr_par' dir='ltr' id='par_1_99' title="bbox 24 5198 1505 5276">
     <span class='ocr_line' id='line_1_99' title="bbox 24 5198 1505 5276; baseline 0.001 -25"><span class='ocrx_word' id='word_1_739' title='bbox 24 5216 45 5248; x_wconf 79' lang='grc' dir='ltr'><strong>ν</strong></span> <span class='ocrx_word' id='word_1_740' title='bbox 67 5203 130 5272; x_wconf 84' lang='grc' dir='ltr'>τῷ</span> <span class='ocrx_word' id='word_1_741' title='bbox 149 5205 406 5276; x_wconf 84' lang='grc' dir='ltr'>ἀρχιερεῖ,</span> <span class='ocrx_word' id='word_1_742' title='bbox 441 5199 575 5254; x_wconf 84' lang='grc' dir='ltr'>ποτὲ</span> <span class='ocrx_word' id='word_1_743' title='bbox 601 5199 658 5252; x_wconf 87' lang='grc' dir='ltr'><strong>δὲ</strong></span> <span class='ocrx_word' id='word_1_744' title='bbox 699 5198 1030 5271; x_wconf 81' lang='grc' dir='ltr'>Ἀλεξάνδρῳ</span> <span class='ocrx_word' id='word_1_745' title='bbox 1053 5199 1128 5270; x_wconf 86' lang='grc' dir='ltr'>τῷ</span> <span class='ocrx_word' id='word_1_746' title='bbox 1156 5200 1346 5271; x_wconf 83' lang='grc' dir='ltr'>χαλκεῖ</span> <span class='ocrx_word' id='word_1_747' title='bbox 1369 5201 1505 5270; x_wconf 63' lang='grc' dir='ltr'>ἀραυ</span> 
     </span>
    </p>
   </div>
   <div class='ocr_carea' id='block_1_100' title="bbox 23 5305 190 5367">
    <p class='ocr_par' dir='ltr' id='par_1_100' title="bbox 23 5305 190 5367">
     <span class='ocr_line' id='line_1_100' title="bbox 23 5305 190 5367; baseline -0.012 -9"><span class='ocrx_word' id='word_1_748' title='bbox 23 5305 155 5358; x_wconf 45' lang='lat' dir='ltr'><strong>illm:</strong></span> <span class='ocrx_word' id='word_1_749' title='bbox 176 5317 190 5367; x_wconf 90' lang='lat'><strong>;</strong></span> 
     </span>
    </p>
   </div>
   <div class='ocr_carea' id='block_1_101' title="bbox 36 5382 1501 5458">
    <p class='ocr_par' dir='ltr' id='par_1_101' title="bbox 36 5382 1501 5458">
     <span class='ocr_line' id='line_1_101' title="bbox 36 5382 1501 5458; baseline 0.002 -23"><span class='ocrx_word' id='word_1_750' title='bbox 36 5382 404 5443; x_wconf 68' lang='lat' dir='ltr'><strong>&#39;AUOKPIXIX.</strong></span> <span class='ocrx_word' id='word_1_751' title='bbox 455 5390 520 5442; x_wconf 83' lang='lat' dir='ltr'><strong>Ei</strong></span> <span class='ocrx_word' id='word_1_752' title='bbox 576 5387 675 5458; x_wconf 80' lang='grc' dir='ltr'><strong>μὲν</strong></span> <span class='ocrx_word' id='word_1_753' title='bbox 719 5386 1048 5440; x_wconf 87' lang='grc' dir='ltr'>ἀντέτυπτεν</span> <span class='ocrx_word' id='word_1_754' title='bbox 1089 5386 1118 5438; x_wconf 88' lang='grc' dir='ltr'>ὁ</span> <span class='ocrx_word' id='word_1_755' title='bbox 1161 5385 1371 5447; x_wconf 87' lang='grc' dir='ltr'>Παῦλος</span> <span class='ocrx_word' id='word_1_756' title='bbox 1412 5383 1501 5438; x_wconf 89' lang='grc' dir='ltr'><strong>τὸν</strong></span> 
     </span>
    </p>
   </div>
   <div class='ocr_carea' id='block_1_102' title="bbox 27 5475 1502 5552">
    <p class='ocr_par' dir='ltr' id='par_1_102' title="bbox 27 5475 1502 5552">
     <span class='ocr_line' id='line_1_102' title="bbox 27 5475 1502 5552; baseline 0.001 -24"><span class='ocrx_word' id='word_1_757' title='bbox 27 5479 267 5547; x_wconf 82' lang='grc' dir='ltr'>πτήσαντα</span> <span class='ocrx_word' id='word_1_758' title='bbox 286 5482 452 5536; x_wconf 85' lang='grc' dir='ltr'>αὐτὸν</span> <span class='ocrx_word' id='word_1_759' title='bbox 472 5480 758 5552; x_wconf 84' lang='grc' dir='ltr'>ἀρχιερέα,</span> <span class='ocrx_word' id='word_1_760' title='bbox 787 5479 820 5551; x_wconf 82' lang='grc' dir='ltr'>ἢ</span> <span class='ocrx_word' id='word_1_761' title='bbox 845 5479 1191 5533; x_wconf 71' lang='grc' dir='ltr'>ἀπεκάκωσε</span> <span class='ocrx_word' id='word_1_762' title='bbox 1219 5479 1310 5532; x_wconf 90' lang='grc' dir='ltr'><strong>τὸν</strong></span> <span class='ocrx_word' id='word_1_763' title='bbox 1328 5475 1502 5531; x_wconf 84' lang='grc' dir='ltr'>κακώ-</span> 
     </span>
    </p>
   </div>
   <div class='ocr_carea' id='block_1_103' title="bbox 31 5649 481 5725">
    <p class='ocr_par' dir='ltr' id='par_1_103' title="bbox 31 5649 481 5725">
     <span class='ocr_line' id='line_1_103' title="bbox 31 5649 481 5725; baseline 0.009 -17"><span class='ocrx_word' id='word_1_764' title='bbox 31 5649 68 5691; x_wconf 74' lang='grc'><strong>⁶⁶</strong></span> <span class='ocrx_word' id='word_1_765' title='bbox 92 5651 233 5712; x_wconf 78' lang='lat' dir='ltr'><strong>Rom.</strong></span> <span class='ocrx_word' id='word_1_766' title='bbox 255 5674 356 5725; x_wconf 79' lang='lat' dir='ltr'><strong>xu,</strong></span> <span class='ocrx_word' id='word_1_767' title='bbox 384 5657 481 5712; x_wconf 74' lang='grc'><strong>17.</strong></span> 
     </span>
    </p>
   </div>
   <div class='ocr_carea' id='block_1_104' title="bbox 1611 4654 1840 4708">
    <p class='ocr_par' dir='ltr' id='par_1_104' title="bbox 1611 4654 1840 4708">
     <span class='ocr_line' id='line_1_104' title="bbox 1611 4654 1840 4708; baseline -0.017 0"><span class='ocrx_word' id='word_1_768' title='bbox 1611 4654 1840 4708; x_wconf 86' lang='lat' dir='ltr'><strong>crimen.</strong></span> 
     </span>
    </p>
   </div>
   <div class='ocr_carea' id='block_1_105' title="bbox 1682 4902 3196 4986">
    <p class='ocr_par' dir='ltr' id='par_1_105' title="bbox 1682 4902 3196 4986">
     <span class='ocr_line' id='line_1_105' title="bbox 1682 4902 3196 4986; baseline -0.012 -11"><span class='ocrx_word' id='word_1_769' title='bbox 1682 4914 1962 4986; x_wconf 63' lang='lat' dir='ltr'><strong>QUIEST.</strong></span> <span class='ocrx_word' id='word_1_770' title='bbox 1999 4913 2209 4973; x_wconf 81' lang='lat' dir='ltr'><strong>CXXV.</strong></span> <span class='ocrx_word' id='word_1_771' title='bbox 2248 4914 2307 4970; x_wconf 89' lang='lat' dir='ltr'><strong>Si</strong></span> <span class='ocrx_word' id='word_1_772' title='bbox 2364 4912 2570 4968; x_wconf 86' lang='lat' dir='ltr'><strong>malum</strong></span> <span class='ocrx_word' id='word_1_773' title='bbox 2621 4925 2722 4981; x_wconf 85' lang='lat' dir='ltr'><strong>pro</strong></span> <span class='ocrx_word' id='word_1_774' title='bbox 2768 4908 2950 4971; x_wconf 91' lang='lat' dir='ltr'><strong>malo,</strong></span> <span class='ocrx_word' id='word_1_775' title='bbox 3005 4902 3196 4960; x_wconf 86' lang='lat' dir='ltr'><strong>convi-</strong></span> 
     </span>
    </p>
   </div>
   <div class='ocr_carea' id='block_1_106' title="bbox 1612 4998 3197 5083">
    <p class='ocr_par' dir='ltr' id='par_1_106' title="bbox 1612 4998 3197 5083">
     <span class='ocr_line' id='line_1_106' title="bbox 1612 4998 3197 5083; baseline -0.011 -15"><span class='ocrx_word' id='word_1_776' title='bbox 1612 5014 1759 5068; x_wconf 90' lang='lat' dir='ltr'><strong>cium</strong></span> <span class='ocrx_word' id='word_1_777' title='bbox 1811 5027 1910 5083; x_wconf 93' lang='lat' dir='ltr'><strong>pro</strong></span> <span class='ocrx_word' id='word_1_778' title='bbox 1942 5010 2194 5066; x_wconf 92' lang='lat' dir='ltr'><strong>convicio</strong></span> <span class='ocrx_word' id='word_1_779' title='bbox 2243 5006 2472 5062; x_wconf 87' lang='lat' dir='ltr'><strong>reddere</strong></span> <span class='ocrx_word' id='word_1_780' title='bbox 2519 5002 2727 5056; x_wconf 88' lang='lat' dir='ltr'><strong>Paulus</strong></span> <span class='ocrx_word' id='word_1_781' title='bbox 2774 4998 3057 5071; x_wconf 88' lang='lat' dir='ltr'><strong>apostolus</strong></span> <span class='ocrx_word' id='word_1_782' title='bbox 3102 5012 3197 5052; x_wconf 75' lang='lat' dir='ltr'><strong>ve-</strong></span> 
     </span>
    </p>
   </div>
   <div class='ocr_carea' id='block_1_107' title="bbox 1611 5093 3197 5174">
    <p class='ocr_par' dir='ltr' id='par_1_107' title="bbox 1611 5093 3197 5174">
     <span class='ocr_line' id='line_1_107' title="bbox 1611 5093 3197 5174; baseline -0.011 -15"><span class='ocrx_word' id='word_1_783' title='bbox 1611 5105 1716 5159; x_wconf 90' lang='lat' dir='ltr'><strong>tuit</strong></span> <span class='ocrx_word' id='word_1_784' title='bbox 1747 5103 1830 5157; x_wconf 77' lang='lat' dir='ltr'><strong>“z</strong></span> <span class='ocrx_word' id='word_1_785' title='bbox 1885 5101 2160 5174; x_wconf 90' lang='lat' dir='ltr'><strong>quomodo</strong></span> <span class='ocrx_word' id='word_1_786' title='bbox 2210 5107 2402 5155; x_wconf 90' lang='lat' dir='ltr'><strong>contra</strong></span> <span class='ocrx_word' id='word_1_787' title='bbox 2453 5111 2617 5169; x_wconf 91' lang='lat' dir='ltr'><strong>quam</strong></span> <span class='ocrx_word' id='word_1_788' title='bbox 2677 5095 2796 5166; x_wconf 88' lang='lat' dir='ltr'><strong>ipse</strong></span> <span class='ocrx_word' id='word_1_789' title='bbox 2847 5093 3064 5149; x_wconf 89' lang='lat' dir='ltr'><strong>locutus</strong></span> <span class='ocrx_word' id='word_1_790' title='bbox 3111 5095 3197 5144; x_wconf 85' lang='lat' dir='ltr'><strong>est</strong></span> 
     </span>
    </p>
   </div>
   <div class='ocr_carea' id='block_1_108' title="bbox 1611 5185 3196 5267">
    <p class='ocr_par' dir='ltr' id='par_1_108' title="bbox 1611 5185 3196 5267">
     <span class='ocr_line' id='line_1_108' title="bbox 1611 5185 3196 5267; baseline -0.008 -15"><span class='ocrx_word' id='word_1_791' title='bbox 1611 5196 1763 5259; x_wconf 83' lang='lat' dir='ltr'><strong>fecit,</strong></span> <span class='ocrx_word' id='word_1_792' title='bbox 1808 5211 1958 5251; x_wconf 92' lang='lat' dir='ltr'><strong>nunc</strong></span> <span class='ocrx_word' id='word_1_793' title='bbox 2001 5193 2279 5267; x_wconf 81' lang='lat' dir='ltr'><strong>pontiﬁci,</strong></span> <span class='ocrx_word' id='word_1_794' title='bbox 2326 5207 2473 5246; x_wconf 89' lang='lat' dir='ltr'><strong>nunc</strong></span> <span class='ocrx_word' id='word_1_795' title='bbox 2528 5187 2842 5246; x_wconf 84' lang='lat' dir='ltr'><strong>Alexandro</strong></span> <span class='ocrx_word' id='word_1_796' title='bbox 2886 5185 3028 5241; x_wconf 88' lang='lat' dir='ltr'><strong>mala</strong></span> <span class='ocrx_word' id='word_1_797' title='bbox 3071 5199 3196 5255; x_wconf 89' lang='lat' dir='ltr'><strong>pre-</strong></span> 
     </span>
    </p>
   </div>
   <div class='ocr_carea' id='block_1_109' title="bbox 1610 5291 1805 5346">
    <p class='ocr_par' dir='ltr' id='par_1_109' title="bbox 1610 5291 1805 5346">
     <span class='ocr_line' id='line_1_109' title="bbox 1610 5291 1805 5346; baseline -0.015 0"><span class='ocrx_word' id='word_1_798' title='bbox 1610 5297 1768 5346; x_wconf 88' lang='lat' dir='ltr'><strong>catus</strong></span> <span class='ocrx_word' id='word_1_799' title='bbox 1782 5291 1805 5343; x_wconf 73' lang='grc' dir='ltr'><strong>’ἓ</strong></span> 
     </span>
    </p>
   </div>
   <div class='ocr_carea' id='block_1_110' title="bbox 1683 5363 3194 5452">
    <p class='ocr_par' dir='ltr' id='par_1_110' title="bbox 1683 5363 3194 5452">
     <span class='ocr_line' id='line_1_110' title="bbox 1683 5363 3194 5452; baseline -0.011 -16"><span class='ocrx_word' id='word_1_800' title='bbox 1683 5381 1880 5437; x_wconf 80' lang='lat' dir='ltr'><strong>RESP.</strong></span> <span class='ocrx_word' id='word_1_801' title='bbox 1937 5382 1993 5436; x_wconf 90' lang='lat' dir='ltr'><strong>Si</strong></span> <span class='ocrx_word' id='word_1_802' title='bbox 2037 5383 2462 5452; x_wconf 85' lang='lat' dir='ltr'><strong>repercussisset</strong></span> <span class='ocrx_word' id='word_1_803' title='bbox 2505 5375 2708 5431; x_wconf 84' lang='lat' dir='ltr'><strong>Paulus</strong></span> <span class='ocrx_word' id='word_1_804' title='bbox 2764 5371 3068 5443; x_wconf 80' lang='lat' dir='ltr'><strong>pontiﬁcem</strong></span> <span class='ocrx_word' id='word_1_805' title='bbox 3099 5363 3194 5436; x_wconf 91' lang='lat' dir='ltr'><strong>qui</strong></span> 
     </span>
    </p>
   </div>
   <div class='ocr_carea' id='block_1_111' title="bbox 1611 5458 3195 5547">
    <p class='ocr_par' dir='ltr' id='par_1_111' title="bbox 1611 5458 3195 5547">
     <span class='ocr_line' id='line_1_111' title="bbox 1611 5458 3195 5547; baseline -0.012 -15"><span class='ocrx_word' id='word_1_806' title='bbox 1611 5492 1736 5533; x_wconf 88' lang='lat' dir='ltr'><strong>eum</strong></span> <span class='ocrx_word' id='word_1_807' title='bbox 1762 5483 2146 5547; x_wconf 88' lang='lat' dir='ltr'><strong>percusserat,</strong></span> <span class='ocrx_word' id='word_1_808' title='bbox 2187 5480 2282 5528; x_wconf 89' lang='lat' dir='ltr'><strong>aut</strong></span> <span class='ocrx_word' id='word_1_809' title='bbox 2324 5472 2467 5527; x_wconf 88' lang='lat' dir='ltr'><strong>mala</strong></span> <span class='ocrx_word' id='word_1_810' title='bbox 2522 5467 2850 5525; x_wconf 89' lang='lat' dir='ltr'><strong>reddidisset</strong></span> <span class='ocrx_word' id='word_1_811' title='bbox 2881 5458 3195 5517; x_wconf 80' lang='lat' dir='ltr'><strong>Alexandro</strong></span> 
     </span>
    </p>
   </div>
   <div class='ocr_carea' id='block_1_112' title="bbox 34 5846 1810 5928">
    <p class='ocr_par' dir='ltr' id='par_1_112' title="bbox 34 5846 1810 5928">
     <span class='ocr_line' id='line_1_112' title="bbox 34 5846 1810 5928; baseline 0.003 -26"><span class='ocrx_word' id='word_1_812' title='bbox 34 5849 91 5921; x_wconf 64' lang='grc' dir='ltr'><strong>(ὁ)</strong></span> <span class='ocrx_word' id='word_1_813' title='bbox 120 5855 218 5911; x_wconf 77' lang='grc' dir='ltr'><strong>Τὸν</strong></span> <span class='ocrx_word' id='word_1_814' title='bbox 240 5857 464 5928; x_wconf 74' lang='grc' dir='ltr'>ἀγαθὸν</span> <span class='ocrx_word' id='word_1_815' title='bbox 488 5853 822 5924; x_wconf 77' lang='grc' dir='ltr'>ἄνθρωπον.</span> <span class='ocrx_word' id='word_1_816' title='bbox 868 5851 999 5923; x_wconf 78' lang='lat' dir='ltr'><strong>Leg.</strong></span> <span class='ocrx_word' id='word_1_817' title='bbox 1047 5849 1106 5904; x_wconf 84' lang='grc' dir='ltr'><strong>τὸ</strong></span> <span class='ocrx_word' id='word_1_818' title='bbox 1137 5848 1336 5923; x_wconf 83' lang='grc' dir='ltr'>ἀγαθὸν</span> <span class='ocrx_word' id='word_1_819' title='bbox 1370 5846 1463 5902; x_wconf 84' lang='grc' dir='ltr'><strong>τοῦ</strong></span> <span class='ocrx_word' id='word_1_820' title='bbox 1490 5846 1810 5921; x_wconf 56' lang='grc' dir='ltr'>ἀνθιρωπου.</span> 
     </span>
    </p>
   </div>
  </div>
