3630 6506
429 360 569 417 1375

428 573 619 619 contra
647 580 810 635 quam
858 565 1066 620 docuit.
1123 565 1230 622 Sed
1279 582 1342 622 ea
1397 569 1600 634 dicere,
1649 585 1770 639 qua:
1808 570 2006 640 cuique

427 665 690 711 eventura
721 668 878 712 erant
903 673 933 710 ιι
982 656 1112 719 Deo,
1142 659 1385 728 pontiﬁci
1437 659 1655 729 quidem
1690 679 1703 715 :
1743 660 2006 716 Percutict

431 757 482 802 te
504 748 666 811 Deus,
691 750 871 816 paries
895 748 1137 803 dealbate
1158 750 1203 780 “
1220 789 1235 813 ,
1272 750 1584 806 Alexandro
1617 762 1821 814 autem,
1870 752 2007 807 Red-

430 843 525 892 dat
552 840 633 893 illi
657 839 915 893 Dominus
942 841 1000 894 in
1028 840 1113 895 die
1146 842 1243 895 illa
1261 842 1327 905 “,
1350 857 1451 897 nec
1484 843 1601 897 dira
1633 844 1875 913 precatio
1896 854 2002 909 est,

431 946 534 985 nec
563 932 902 1005 convicium,
943 931 1039 986 sed
1082 932 1466 1003 praedictiones
1511 934 1718 988 homini
1746 935 2006 1005 Apostolo

431 998 663 1088 decorae,
703 1022 796 1092 qui
826 1022 1067 1092 seipsum
1099 1038 1212 1078 non
1241 1026 1545 1091 ulciscitur,
1573 1025 1668 1082 sed
1700 1027 1881 1081 locum
1914 1027 2006 1082 dat

430 1113 545 1169 irae.

500 1210 781 1297 ρυίεέτ.
810 1231 1046 1289 CXXVI.
1074 1231 1132 1288 Si
1158 1233 1277 1301 pios
1303 1242 1687 1289 remuneratur
1708 1234 1851 1292 Deus
1884 1236 2007 1293 vitae

430 1319 593 1391 hujus
625 1324 933 1393 splendore,
969 1336 1024 1379 ut
1052 1326 1328 1379 Abraham
1359 1334 1413 1380 et
1444 1325 1607 1397 495
1642 1327 1792 1381 Isaac
1827 1335 1880 1382 et
1914 1326 2007 1382 Ja-

430 1415 555 1477 cob,
580 1425 633 1469 et
655 1431 843 1470 eorum
873 1424 1119 1487 posteros
1149 1417 1384 1483 divitiis,
1422 1434 1712 1474 numerosa
1753 1420 1905 1489 prole
1952 1427 2007 1475 et

430 1502 647 1574 frugum
672 1507 949 1571 ubertate,
984 1509 1127 1562 unde
1160 1516 1214 1562 et
1242 1507 1444 1562 Graecis
1475 1508 1665 1563 eadem
1698 1510 2009 1578 praebeban-

432 1602 543 1662 tur,
607 1613 732 1652 cum
800 1600 1095 1654 simulacra
1155 1601 1355 1670 ubique
1419 1601 1704 1656 colerent?
1765 1601 2005 1668 Quomo-

430 1689 502 1744 do
552 1699 731 1746 autem
782 1691 1098 1746 Graecorum
1148 1691 1340 1762 religio
1389 1708 1498 1746 non
1546 1692 1789 1747 sanctior
1847 1710 1913 1749 ex
1941 1710 2005 1750 eo

430 1783 783 1848 ostenditur,
851 1785 996 1851 quod
1063 1786 1308 1854 quandiu
1381 1785 1474 1837 illa
1537 1785 1788 1840 civitates
1859 1785 2002 1841 deti-

430 1873 574 1937 nuit,
608 1874 771 1930 urbes
815 1884 869 1929 et
915 1874 1029 1945 agri
1079 1877 1132 1930 in
1165 1876 1445 1946 prosperis
1470 1877 1635 1933 rebus
1671 1887 1724 1933 et
1764 1878 1920 1948 c0pia
1949 1886 2002 1934 et

432 1964 677 2020 ubertate
716 1967 1117 2030 versabantur,
1159 1967 1325 2037 idque
1376 1981 1501 2021 cum
1548 1967 1751 2022 bellum
1804 1970 2002 2040 saepius

432 2057 807 2124 sustinerent;
840 2074 905 2111 ex
945 2074 1053 2128 quo
1083 2066 1265 2113 autem
1313 2059 1435 2123 illas
1461 2058 1772 2114 Christiana
1808 2061 2003 2130 praedi-

430 2149 576 2202 catio
596 2150 906 2219 occupavit,
936 2159 989 2204 et
1011 2150 1263 2205 domibus
1286 2158 1340 2205 et
1372 2152 1569 2206 incolis
1597 2160 1650 2206 et
1678 2154 1887 2223 reliqua
1919 2169 2004 2207 re—

429 2254 553 2294 rum
574 2240 730 2311 copia
756 2242 1029 2296 destitutae
1059 2241 1301 2305 fuerunt,
1337 2244 1533 2312 vixque
1567 2245 1827 2315 reliquias
1860 2254 2007 2299 stru-

429 2341 643 2387 ctorum
663 2335 791 2387 olim
824 2349 852 2387 a
894 2332 1097 2390 Graecis
1134 2334 1491 2389 aediﬁciorum
1529 2337 1832 2392 retinentes
1875 2338 2003 2391 olim

430 2423 597 2477 urbes
654 2422 820 2478 fuisse
866 2439 925 2477 se
979 2424 1378 2487 demonstrant,
1430 2440 1541 2479 non
1596 2426 1757 2479 aliam
1804 2427 2006 2481 veteris

432 2516 813 2586 prosperitatis
846 2531 909 2570 ac
940 2517 1176 2572 recentis
1212 2518 1528 2573 solitudinis
1571 2526 1768 2588 praeter
1802 2527 2008 2574 utrum-

432 2627 539 2680 que
569 2610 776 2664 cultum
806 2625 1051 2673 causam,
1094 2610 1426 2666 aﬁ‘erentes?

501 2808 700 2863 RESP.
727 2808 770 2862 A
804 2808 1035 2865 Domino
1066 2809 1199 2877 Deo,
1231 2811 1321 2881 qui
1361 2810 1525 2865 solem
1579 2829 1734 2867 suum
1767 2814 1899 2867 oriri
1923 2814 2010 2882 fa-

430 2903 500 2955 cit
534 2919 690 2970 super
718 2894 892 2956 'bonos
935 2911 985 2956 et
1043 2904 1236 2967 malos,
1277 2920 1338 2957 ac
1371 2903 1506 2973 pluit
1537 2921 1696 2975 super
1731 2906 1910 2976 justas
1959 2916 2008 2961 et

432 2994 654 3063 injustas
685 2995 751 3058 ⁸⁷,
789 2996 1038 3065 utrisque
1091 2996 1467 3065 suppeditatur
1495 2997 1549 3050 in
1581 2998 1685 3052 hac
1728 2999 1839 3053 vita
1891 3013 2011 3053 cor-

434 3101 633 3153 poreus
664 3086 920 3155 splendor
940 3087 1121 3156 (cuius
1147 3087 1290 3141 enim
1324 3090 1565 3158 potentia
1588 3091 1823 3146 mundus
1852 3105 2009 3145 crea-

430 3183 542 3238 tus,
573 3175 737 3243 hujus
769 3184 823 3230 et
867 3175 1207 3246 providentia
1242 3179 1622 3250 gubernatur),
1662 3182 1862 3235 nimiru

2193 3177 2317 3247 τικὴ
2340 3177 2678 3248 λαμπρότης.
2711 3173 2786 3231 Οὐ
2814 3178 2921 3249 γὰρ
2970 3181 3034 3247 τῇ
3062 3177 3300 3247 δυνάμει
3328 3182 3359 3231 ὁ
3386 3180 3559 3247 κόσμος
3577 3196 3622 3241 τε·

428 3265 587 3333 justi,
619 3266 749 3319 dum
782 3265 964 3321 vident
999 3282 1057 3321 se
1080 3267 1235 3338 plura
1256 3268 1476 3337 quidem
1512 3285 1609 3339 pro
1656 3272 1856 3341 pietate
1881 3289 2008 3342 per-

436 3356 569 3425 peti,
599 3357 837 3426 ;equales
898 3366 1077 3412 autem
1148 3359 1329 3429 impiis
1386 3376 1507 3416 esse
1540 3362 1595 3416 in
1644 3362 1752 3426 his,
1795 3379 1917 3433 quae
1944 3365 2012 3419 ad

434 3449 576 3503 hanc
608 3450 775 3503 vitam
808 3457 1079 3519 spectant,
1125 3452 1351 3505 alteram
1378 3454 1565 3517 vitam,
1599 3454 1654 3507 in
1687 3470 1792 3524 qua
1830 3454 1887 3509 ﬁt
1916 3456 2013 3508 ho-

433 3541 583 3594 noris
612 3548 665 3594 et
697 3555 869 3610 paenae
889 3540 1188 3605 distinctio,
1219 3552 1273 3597 et
1295 3542 1565 3611 justormn
1594 3561 1657 3600 ac
1684 3548 2013 3616 injustorum

431 3632 780 3695 divisionem,
813 3639 871 3686 ut
902 3632 1108 3687 dictum
1158 3643 1261 3701 est,
1307 3645 1643 3705 exspectent.
1692 3637 1885 3693 Adhuc
1916 3654 2015 3693 au-

432 3733 540 3778 tem
583 3724 800 3794 vigente
860 3722 1195 3789 Graecorum
1233 3727 1384 3780 cultu
1441 3729 1695 3784 interitus
1734 3730 2014 3786 exstitisse

436 3816 656 3870 urbium
687 3824 741 3871 et
763 3833 1018 3889 agrorum
1057 3826 1292 3874 testatur
1313 3820 1552 3876 solitudo
1576 3821 1925 3894 Assyriorum
1958 3832 2013 3879 et

432 3908 856 3981 Babyloniorum
915 3927 979 3967 ac
1024 3911 1247 3968 Ninives
1304 3921 1359 3968 et
1426 3916 1721 3971 multarum
1781 3918 2009 3971 aliarum

435 4006 697 4071 gentium.
728 4002 986 4069 Quaenam
1011 4011 1189 4059 autem
1215 4004 1431 4071 civitas,
1456 4007 1675 4077 vigente
1699 4008 1755 4062 in
1786 4009 2011 4064 urbibus

434 4101 490 4147 et
519 4094 573 4147 in
602 4094 748 4164 agris
770 4094 1084 4151 Christiana
1130 4099 1416 4169 religione,
1454 4099 1507 4153 in
1544 4101 1895 4157 solitudinem
1928 4119 2003 4157 re-

434 4184 593 4240 dacta
626 4184 807 4251 fuerit,
852 4189 1065 4244 ostendi
1096 4206 1204 4244 non
1265 4197 1464 4261 potest.
1504 4190 1576 4245 Ex
1637 4196 2011 4263 prosperitate

434 4283 619 4331 autem
653 4283 706 4332 et
734 4291 920 4332 rerum
951 4280 1107 4349 copia
1151 4287 1206 4335 et
1267 4279 1578 4351 frequentia
1604 4296 1667 4335 ac
1715 4283 2012 4342 solitudine

436 4369 656 4423 urbium
687 4376 741 4425 et
776 4384 1032 4441 agrorum
1055 4373 1359 4428 existimari
1383 4390 1492 4428 non
1516 4380 1695 4444 potest
1726 4376 2011 4431 meliorum

436 4463 721 4525 sanctitas,
748 4477 872 4518 cum
904 4463 1168 4520 Dominus
1198 4464 1340 4522 Deus
1372 4482 1459 4522 res
1506 4467 1774 4536 ejusmodi
1800 4468 1867 4522 ad
1896 4470 2006 4523 uti-

437 4553 643 4608 litatem
674 4556 930 4611 omnibus
978 4557 1294 4613 hominibus
1330 4558 1639 4629 suppeditet
1675 4569 1732 4615 et
1773 4560 2006 4618 auferat.

435 4643 778 4711 Dijudicatur
805 4656 985 4703 autem
1017 4650 1302 4705 meliorum
1360 4652 1625 4706 sanctitas
1652 4668 1720 4707 ex
1747 4654 2008 4722 praeclare

436 4734 618 4800 factis,
655 4754 777 4808 qua:
807 4739 975 4795 libere
998 4741 1066 4795 ab
1095 4741 1202 4795 illis
1232 4742 1492 4799 eduntur.
1527 4742 1700 4799 Porro
1742 4752 1801 4798 ut
1829 4744 2007 4799 homi-

436 4844 535 4883 nes
562 4828 846 4885 dzemoniis
875 4831 931 4885 in
960 4832 1290 4888 sacriﬁcium
1314 4834 1636 4890 oﬂ‘errentur
1661 4834 2009 4905 (lmmolave-

436 4928 581 4982 runt,
622 4922 819 4991 inquit,
854 4923 995 4991 ﬁlios
1032 4942 1158 4979 suos
1198 4936 1247 4979 et
1279 4926 1423 4995 ﬁlias
1456 4943 1582 4981 suas
1610 4926 1886 4982 dwmoniis
1922 4927 2008 5000 ⁸⁸)

438 5015 494 5063 et
541 5011 706 5067 rebus
758 5012 1017 5071 inanimis
1046 5016 1244 5086 dignus
1294 5016 1403 5072 Deo
1429 5018 1779 5073 exhiberetur
1805 5020 2009 5084 cultus,

437 5101 644 5159 Grecis
672 5105 1080 5163 dominantibus
1102 5107 1304 5163 factum
1329 5117 1436 5166 est.
1463 5111 1532 5164 At
1557 5111 1832 5181 prohibita
1863 5109 2013 5167 fuere

440 5195 678 5252 nefanda
725 5197 999 5267 ejusmodi
1044 5199 1358 5256 Graecorum
1418 5217 1596 5268 sacra,
1624 5204 1829 5274 primas
1853 5202 2015 5257 Chri-

439 5288 635 5343 stianis
666 5290 1010 5358 tenentibus;
1044 5307 1115 5348 ex
1159 5292 1429 5362 ejusmodi
1457 5309 1588 5363 ergo
1619 5296 1783 5350 rebus
1810 5293 2015 5364 dijudi-

440 5380 613 5435 canda
659 5380 1101 5437 Christianorum
1150 5384 1436 5451 sanctitas,
1490 5385 1717 5441 minime
1769 5401 1900 5441 vero
1946 5401 2011 5442 ex

1205 361 1564 418 A-PPENDIX.
1588 394 1657 404 —
1678 362 1862 419 PARS
1900 364 1938 423 ι.
1981 365 2038 420 s.
2078 350 2607 424 Jusrtm‘opsns
2633 362 2908 420 spuma.
3522 366 3597 423 Ira

426 489 459 527 ι
488 489 596 543 quo
630 473 770 527 mala
801 482 1122 544 acceperat,
1167 473 1351 532 dicere
1398 478 1587 532 liceret
1635 493 1759 533 eum
1809 477 1859 532 fe

2167 498 2275 534 ιντα
2308 480 2472 533 αὐτὸν
2512 477 2874 550 Ἀλέξανδρον,
2898 475 3025 547 ὲνῆν
3048 475 3255 543 λέγειν,
3272 474 3358 527 δτι
3378 475 3441 527 τὰ
3465 478 3600 532 ima

3596 29 3630 451 l

3618 771 3630 953 I

3620 953 3630 1135 Ι

3600 1342 3619 1369 ιι

3600 1509 3617 1557 ἐ

3600 1776 3619 1825 L

2106 565 2180 623 ὦν
2218 569 2452 636 ἐδίδαξεν
2482 570 2736 639 ἔπραττε.
2769 567 2841 620 Τὸ
2871 566 2927 619 δὲ
2948 566 3131 633 λέγειν
3172 564 3243 617 τὰ
3288 564 3493 633 Exim

2106 664 2263 717 λοντα
2289 662 2661 733 συμϐήσεσθαι
2688 660 2839 732 παρὰ
2859 658 2951 713 τοῦ
2998 657 3160 723 Θεοῦ,
3189 657 3271 727 τῷ
3305 658 3405 727 μὲν
3423 660 3603 727 ἀρεῖται

2114 756 2361 808 Τύπτειν
2388 769 2460 806 σε
2480 752 2688 823 μέλλει
2714 755 2747 806 ό
2780 752 2942 817 Θεὸς,
2970 750 3135 819 τοῖχε
3164 749 3548 815 κεκονιαμένε
3566 754 3607 821 2f

2105 847 2161 899 δὲ
2202 845 2530 916 Ἀλεξάνδρῳ
2558 844 2638 910 τὸ,
2678 842 2931 911 Ἀποδῴη
2954 842 3116 907 αὐτῷ
3144 844 3371 910 Κύριος
3398 842 3460 894 ἐν

2106 936 2181 1005 τῇ
2212 937 2434 1007 ἡμέρᾳ·
2472 938 2574 990 οὐκ
2613 936 2757 989 ἔστιν
2799 934 2920 989 οὐτε
2952 933 3192 1005 κατάρα,
3235 931 3369 985 οὔτε
3420 932 3611 1002 imissa,

2106 1027 2240 1081 ἀλλὰ
2297 1029 2628 1099 προρρήσεις
2684 1027 2992 1098 πρέπουσαι
3048 1026 3207 1096 ἀνδρὶ
3266 1026 3552 1095 tuastuas,

2105 1118 2405 1172 ἐκδικοῦντι
2438 1118 2650 1182 ἑαυτὸν,
2678 1118 2814 1172 ἀλλὰ
2843 1118 3038 1172 διδόντι
3069 1117 3240 1171 τόπον
3272 1119 3341 1187 τῇ
3373 1116 3517 1185 eam.

2189 1231 2534 1284 ἘΡΩΤΗΣΙΣ
2562 1233 2758 1298 PKG'.
2804 1232 2866 1284 Ei
2909 1232 3035 1294 τούς
3066 1229 3323 1291 εὐσεϐεῖς
3357 1230 3585 1297 ἀμείϐεται

2105 1322 2237 1385 Θεὸς
2280 1326 2345 1392 τῇ
2396 1323 2535 1376 κατὰ
2584 1321 2732 1375 τόνδε
2775 1322 2865 1375 τὸν
2916 1322 3027 1392 βίον
3065 1321 3446 1391 λαμπρότητι,
3489 1322 3619 1381 tigri-

2120 1413 2366 1485 Ἀϐραὰμ
2389 1417 2479 1468 καὶ
2523 1415 2707 1468 Ἰσαὰκ
2737 1417 2830 1469 καὶ
2869 1414 3063 1469 Ἰακὼϐ
3095 1416 3192 1467 καὶ
3230 1412 3370 1475 τοὺς
3401 1415 3455 1478 ἐξ
3490 1414 3617 1471 aii-sla,

2107 1506 2320 1577 πλούτῳ
2347 1508 2440 1559 καὶ
2467 1508 2719 1579 εὐπαιδίᾳ
2750 1508 2845 1561 καὶ
2866 1506 3093 1578 καρπῶν
3122 1504 3388 1576 εὐφορξᾳ,
3568 1509 3617 1557 ui.

2106 1594 2174 1646 τὰ
2205 1595 2365 1665 ὅμοια
2392 1595 2709 1666 παρείχοντο
2740 1596 3017 1667 Ἕλλησιν,
3047 1594 3215 1665 ἡνίκα
3250 1593 3327 1645 τὰ
3356 1593 3617 1647 εἰδωὶαταιι-

2105 1684 2270 1754 ταχοῦ
2304 1684 2665 1755 ἐθεράπευονς
2694 1684 2817 1748 Πῶς
2845 1685 2901 1738 δὲ
2928 1686 2956 1738 ὁ
2997 1681 3370 1753 Ἑλληνισμὸς
3400 1684 3455 1734 οὐ
3482 1682 3619 1733 iam.

2105 1794 2193 1829 ται
2227 1775 2532 1847 ὁσιώτερος,
2565 1778 2646 1829 ὅτι
2677 1776 2783 1840 ἕως
2813 1777 2911 1847 μὲν
2940 1777 3149 1838 ἐκεῖνος
3189 1779 3423 1843 κατεῖχε
3463 1775 3536 1836 τὰς
3561 1776 3619 1827 τί»

2104 1867 2235 1931 λεις,
2270 1870 2449 1921 πᾶσαν
2480 1869 2534 1921 αί
2565 1867 2749 1931 πόλεις
2775 1868 2870 1921 καὶ
2900 1869 2947 1919 oi
2974 1867 3135 1938 ἀγροὶ
3158 1867 3472 1937 εὐπραγίαν
3488 1870 3621 1918 2112’s

2105 1958 2290 2031 θηνίαν
2339 1960 2659 2031 ἐκέκτηντο,
2703 1959 2798 2013 καὶ
2841 1959 3014 2012 ταῦτα
3063 1959 3403 2029 συχνά-τερον

2107 2068 2290 2121 μεναι·
2346 2052 2437 2120 ἀφ’
2479 2044 2540 2104 οὐ
2585 2051 2641 2104 δὲ
2683 2051 2855 2114 αὐτὰς
2896 2051 2958 2102 τὸ
2986 2052 3393 2121 Χριστιανικδν
3439 2054 3619 2103 κατῧὰ

2104 2146 2383 2215 κήρυγμα,
2414 2143 2508 2197 καὶ
2534 2144 2717 2209 οτκων,
2760 2144 2855 2198 καὶ
2885 2143 3205 2207 οἰκούντων,
3246 2144 3353 2195 καὶ
3388 2143 3477 2213 τῆς
3498 2143 3621 2210 λινετξε

2105 2235 2359 2307 εὐθηνίας
2387 2236 2724 2306 κατέστησαν
2754 2235 2969 2306 ἔρημοι,
3004 2235 3100 2288 καὶ
3144 2236 3310 2305 μόλις
3361 2235 3432 2286 τὰ
3471 2235 3621 2301 λεέξιιι

2103 2326 2213 2379 τῶν
2242 2327 2405 2380 πάλαι
2437 2328 2541 2380 ὐπὸ
2585 2327 2693 2380 τῶν
2733 2328 2996 2398 Ἐλλήνων
3042 2329 3443 2398 γεγενημένων
3469 2330 3621 2395 1:22.15-

2105 2434 2212 2471 των
2242 2420 2591 2490 κατέχουσαι,
2638 2420 2700 2472 τὸ
2740 2420 2871 2473 ποτὲ
2918 2420 3098 2483 πόλεις
3134 2420 3475 2495 γεγενῆσθαι
3496 2421 3621 2471 δειΐρ-

2106 2526 2245 2573 ουσι,
2282 2512 2381 2582 τῆς
2423 2510 2656 2573 παλαιᾶς
2698 2510 2949 2582 εὐθηνίας
2995 2512 3089 2563 καὶ
3140 2512 3245 2580 τῆς
3300 2511 3430 2571 νέας
3470 2512 3621 2579 ἐπείτε

2107 2601 2373 2673 ἑκατέρας
2420 2602 2519 2666 τὰς
2561 2602 2856 2674 θρησκείας
2902 2601 3079 2666 αἰτίας
3123 2602 3461 2673 ἀμφοτέρων

2109 2709 2298 2766 ρουσαι
2323 2711 2337 2758 ;

2192 2809 2594 2862 'AIIOKPIEIX.
2640 2807 2799 2879 Παρὰ
2832 2806 2924 2860 τοῦ
2971 2808 3248 2860 Δεσπότου
3276 2807 3442 2869 Θεοῦ,
3468 2808 3551 2859 τοῦ
3568 2810 3621 2857 ri?

2113 2900 2289 2966 ἣλιον
2315 2901 2502 2954 αὐτοῦ
2532 2901 2974 2966 ἀνατέλλον-τος
3021 2900 3121 2953 ἐπὶ
3178 2901 3491 2969 πονηρούς
3512 2916 3621 2951 τεῇ

2109 2992 2369 3061 ἀγαθοὺς
2388 2992 2484 3046 καὶ
2508 2991 2841 3061 βρέχοντος
2868 2993 2966 3045 ἐπὶ
2995 2990 3277 3057 δικαίους
3307 2993 3410 3044 καὶ
3438 2991 3619 3052 differte.

2110 3084 2440 3155 ἀμφοτέροις
2467 3087 2780 3155 χορηγεῖται
2820 3086 2851 3155 ἡ
2881 3083 3023 3137 κατὰ
3046 3084 3138 3137 τὸν
3170 3084 3429 3155 παρόντα
3455 3086 3547 3152 βίον
3569 3102 3623 3135 9:-

2112 3270 2357 3340 γένηται,
2386 3269 2575 3322 τούτου
2601 3269 2694 3323 καὶ
2746 3272 2813 3340 τῇ
2846 3269 3072 3340 προνοίᾳ
3117 3268 3434 3321 διοικεῖται·
3481 3270 3547 3319 ἱνα
3576 3264 3623 3317 ἐν

2113 3362 2335 3424 ἑαυτοὺς
2361 3360 2597 3431 ὁρῶντες
2626 3361 2676 3413 οἱ
2702 3360 2899 3415 δίκαιοι
2940 3358 3351 3423 πλεονάζοντας
3384 3360 3477 3430 μὲν
3501 3362 3545 3411 ἐν

2113 3453 2253 3525 ὑπὲρ
2278 3454 2379 3523 τῆς
2408 3454 2689 3518 εὐσεϐείας
2723 3455 2926 3517 πόνοις,
2956 3454 3333 3523 ίσαζομένοιις
3360 3453 3419 3505 δὲ
3445 3456 3539 3513 rei;
3556 3452 3625 3501 ἐπ·

2112 3542 2230 3596 ϐέσι
2263 3546 2375 3607 τοίς
2400 3544 2692 3614 βιωτικοῖς,
2730 3545 2842 3616 βίον
2869 3546 3055 3616 ἕτερον
3082 3546 3547 3616 προσδοκήσαντες
3566 3546 3619 3603 αἱ.

2114 3637 2171 3688 ἐν
2198 3629 2241 3703 ᾧ
2266 3636 2473 3703 γίνεταί
2502 3654 2586 3699 τις
2609 3637 2843 3708 διαφορὰ
2891 3637 3054 3706 τιμῆς
3078 3654 3135 3688 τε
3167 3638 3267 3689 xui.
3307 3638 3569 3707 τιμωρίας,
3587 3637 3625 3683 $.-

2113 3728 2279 3780 καίων
2306 3745 2364 3780 τε
2393 3729 2485 3781 καὶ
2510 3730 2709 3781 ἀδίκων
2732 3729 2831 3800 τὴν
2852 3727 3138 3799 διανομὴν,
3179 3729 3443 3799 καθάπρ
3469 3730 3620 3797 εἴργει.

2115 3821 2234 3874 Ὅτι
2263 3820 2317 3873 δὲ
2346 3821 2674 3893 κρατοῦντος
2700 3821 2791 3874 τοῦ
2832 3821 3187 3891 Ἑλληνισμοῦ
3219 3823 3469 3889 ἐγίνοντο
3488 3823 3530 3871 οἱ
3550 3823 3622 3883 άξε-

2112 3914 2292 3986 νισμοὶ
2324 3914 2531 3967 πόλεών
2555 3932 2614 3967 τε
2643 3916 2738 3968 κα)⁵
2768 3914 2974 3985 ἀγρῶν,
3002 3918 3274 3985 μαρτυρεί
3303 3918 3339 3985 ἡ
3369 3915 3548 3985 ἐρημία
3565 3912 3619 3961 τίη

2111 4006 2465 4061 Βαϐυλωνίων
2487 4009 2580 4062 καὶ
2617 4008 2936 4079 Ἀσσυρίων,
2960 4008 3053 4061 καὶ
3077 4006 3179 4076 τῆς
3215 4008 3433 4070 Νινευῖ,
3463 4007 3537 4057 x1"-
3557 4006 3630 4079 έτίἼ

2116 4116 2222 4170 ρων
2253 4098 2462 4152 πολλῶν
2516 4098 2703 4152 ἐθνῶν.
2740 4099 2877 4152 Ποία
2903 4098 2958 4152 δὲ
3010 4096 3162 4160 πόλις
3213 4098 3329 4150 τῶν
3376 4097 3630 4179 ἀμφοτέςεξ

2112 4193 2317 4246 πόλεων
2374 4192 2701 4260 κρατοῦντος
2754 4189 2848 4243 τοῦ
2902 4189 3341 4260 Χριστιανισμοῦ
3399 4186 3630 4259 empse,

2111 4288 2210 4341 οὐκ
2234 4287 2348 4340 ἔστι
2402 4285 2589 4349 δεῖξαι.
2631 4284 2763 4337 Ἀπὸ
2791 4283 2847 4336 δὲ
2873 4282 2971 4352 τῆς
2995 4280 3263 4351 εὐθηνίας.
3301 4298 3365 4333 τε
3401 4281 3486 4333 καί
3521 4279 3630 4347 algeo!

2113 4378 2254 4453 ρίας,
2283 4376 2545 4449 οἰκήσεών
2565 4394 2624 4429 τε
2650 4377 2745 4429 καὶ
2768 4374 3022 4446 ἐρημίας,
3053 4372 3266 4426 πόλεών
3292 4391 3355 4426 τε
3380 4376 3469 4426 καὶ

2112 4472 2211 4524 οὐκ
2238 4470 2411 4522 ἔνεστι
2426 4467 2805 4541 τεκμήρασθαι
2824 4467 2933 4519 τῶν
2959 4466 3288 4536 κρειττόνων
3306 4468 3409 4536 τὴν
3427 4466 3630 4527 ὁσιότητα-

2113 4561 2207 4614 τοῦ
2235 4560 2505 4614 Δεσπότου
2560 4558 2694 4613 Θεοῦ
2728 4558 2836 4612 τῶν
2862 4558 3118 4611 τοιούτων
3166 4558 3309 4628 πρὸς
3343 4557 3406 4609 τὸ
3432 4554 3630 4607 λυσιτελὲς·

2117 4654 2249 4706 πᾶσι
2271 4656 2383 4716 τοῖς
2409 4651 2715 4725 ἀνθρώποις
2742 4651 2841 4722 τὴν
2871 4649 3118 4721 παροχὴν
3147 4648 3451 4710 ποιοῦντος,
3477 4648 3546 4698 καὶ
3565 4650 3619 4692 τιε

2116 4746 2422 4817 ἀφαίρεσιν.
2450 4745 2711 4819 Κρίνεται
2739 4743 2794 4797 δὲ
2821 4741 2931 4795 τῶν
2969 4741 3299 4813 κρειττόνων
3337 4743 3371 4810 ἡ
3397 4740 3569 4802 ὁσιότης
3588 4738 3619 4783 ἔτ

2114 4838 2223 4891 τῶν
2250 4838 2390 4891 κατὰ
2440 4838 2761 4909 προαίρεσιν
2808 4836 2898 4888 ὐπ’
2942 4834 3121 4887 αὐτῶν
3173 4832 3542 4904 πραττομένων
3562 4842 3617 4876 ευ

2116 4929 2243 4983 λῶν.
2276 4930 2349 4981 Τὸ
2375 4930 2431 4982 δὲ
2460 4914 2779 5000 ἀνθρώπους
2806 4928 3174 4999 προσαγαγεῖν
3202 4928 3321 4987 τοῖς
3346 4924 3560 4991 autem
3577 4932 3630 4997 ες.

2119 5019 2305 5073 θυσίαν
2336 5018 2648 5090 (Ἕθυσαγ,
2699 5018 2854 5090 φησι,
2884 5017 3025 5079 τοὺς
3047 5016 3219 5081 υἱοὺς
3239 5013 3439 5068 αὐτῶν
3456 5014 3534 5063 καὶ
3561 5024 3617 5065 τὲδῖ

2117 5111 2445 5181 θυγατέρας
2459 5109 2657 5164 αὐτῶν
2685 5109 2811 5176 τοῖς
2825 5106 3204 5177 δαιμονίοις),
3224 5106 3323 5159 καὶ
3349 5105 3407 5158 τὸ
3429 5107 3521 5163 τοῖς

2118 5220 2235 5272 χοις
2259 5203 2357 5273 τὴν
2382 5202 2505 5273 Θεῷ
2533 5203 2850 5273 πρέπουσαν
2889 5198 3218 5273 προσφέρειν
3240 5198 3409 5270 τιμὴν
3436 5194 3522 5248 τῶν
3553 5191 3615 5240 ’ἱσ-

2120 5294 2298 5364 λήνων
2353 5294 2696 5365 κρατούντων
2750 5294 2977 5363 ἐγίνετο.
3027 5292 3100 5345 Τὸ
3149 5290 3206 5345 δὲ
3256 5286 3532 5344 κωλύεσθαι
3561 5296 3613 5333 τίς

2118 5386 2371 5451 τοιαύτας
2409 5386 2723 5458 Ἑλληνικὰς
2774 5383 3153 5458 ἀνοσιουργίας
3202 5382 3319 5437 τῶν
3359 5372 3630 5475 Χριςῖτωίτἰ

546 5536 670 5593 Act.
694 5551 852 5603 xxiii,
880 5537 934 5593 3.
1008 5536 1054 5569 “
1084 5538 1122 5592 ll
1154 5537 1296 5593 Tim.
1339 5554 1413 5605 tv,
1442 5539 1528 5595 14.
1605 5540 1648 5571 ⁸⁷
1674 5539 1864 5597 Matth.
1898 5558 1951 5606 v,

1154 5537 1296 5593 Tim.
1339 5554 1413 5605 tv,
1442 5539 1528 5595 14.
1605 5540 1648 5571 ⁸⁷
1674 5539 1864 5597 Matth.
1898 5558 1951 5606 v,
1982 5542 2071 5597 45.
2149 5542 2194 5574 ⁸⁸
2233 5539 2359 5597 Psal
2387 5557 2473 5607 (ιν,
2499 5542 2585 5598 '57.

512 5691 587 5773 (52
622 5692 1178 5775 Hpoadozcﬁaartsc.
1205 5694 1513 5768 chendum
1560 5696 1945 5769 προσδοκῶν-ιω

2196 5698 2475 5769 legendum
2512 5700 2726 5756 videtur
2746 5699 2855 5755 τῶν
2897 5698 3240 5771 ἀμφοτέρων,
3276 5694 3471 5750 πόλεών
3498 5706 3537 5742 τε
3562 5676 3629 5733 ιιἷὲ

445 5760 653 5832 ἀγρῶν,
670 5760 1020 5837 κρατοῦντος.
