3638 6508
51 356 111 411 ΓΠ
661 349 1127 419 QUESTIONES
1156 350 1244 407 ΕΤ
1283 351 1806 409 RESPONSIONES
1832 354 1923 408 AD
1955 353 2446 414 ORTHODOXOS.

3065 365 3206 421 {378

51 467 292 524 ιατούντων
317 466 550 534 ἐγίνετο.
581 468 701 539 Χρὴ
732 463 825 521 οὖν
853 467 962 521 ἀπὺ
986 467 1096 519 τῶν
1125 467 1377 520 τοιούτων
1406 470 1530 540 Χρι-

1709 470 1998 540 osperitate
2050 482 2104 527 et
2164 476 2468 544 lrequentia
2539 478 2754 533 urbium
2819 489 2872 535 et
2929 497 3205 554 agrorum.

54 562 186 617 ιανῶν
207 557 496 629 γνωρίζειν
523 560 624 630 τὴν
651 561 925 629 ὁσιότητα,
949 559 1043 612 καὶ
1075 558 1149 628 μὴ
1178 559 1285 612 ἀπὸ
1312 560 1410 630 τῆς
1440 561 1532 612 ei»

50 655 148 723 vis;
171 669 224 703 τε
251 653 340 704 καὶ
367 654 660 722 οἰκήσεως,
684 650 887 705 πόλεών
913 669 971 704 τε
993 652 1087 705 καὶ
1104 651 1307 724 ἀγρῶν.
1334 653 1533 706 Τοσοῦ-

50 765 69 798 ν
92 746 137 798 δὲ
164 742 441 807 πλεονάζει
474 746 503 797 6
528 743 952 815 Χριστιανισμὸς
984 744 1173 814 καιρὸν
1199 744 1407 807 τούτοις
1435 745 1534 815 (6),

50 853 92 888 ον
115 835 425 905 κρατοῦντος
461 835 634 889 αὐτοῦ
679 835 897 888 ἔλαττον
924 836 1239 906 πολεμεῖται
1258 836 1287 888 6
1308 836 1533 907 κόσμος,

47 947 57 981 l
80 928 367 997 ἐπολεμεῖτο
389 930 770 1000 κρατήσαντος
797 928 889 981 τοῦ
927 928 1301 999 Ἑλληνισμοῦ.

63 1020 382 1073 ἘΡΩΤΗΣΙΣ
421 1021 599 1073 PKZ'.
645 1021 707 1074 Εἰ
757 1020 820 1072 τὸ
869 1020 1260 1091 ἀναιρούμενον
1310 1022 1413 1075 ὑπὸ
1443 1020 1535 1074 τοῦ

48 1112 293 1183 αιροῦντος
324 1112 651 1175 ἀπόλλυται,
706 1112 801 1166 καὶ
844 1113 905 1165 τὸ
952 1112 1212 1184 ἀναιροῦν
1241 1113 1536 1185 φαυλότητι

46 1208 149 1274 mi};
200 1204 478 1268 ἀπωλείας
529 1204 839 1276 ἐργάζεται·
888 1208 1115 1258 πλεῖστα
1142 1206 1198 1258 δὲ
1235 1206 1456 1260 τοιαῦτα
1479 1209 1537 1259 ἐν

46 1303 81 1361 ῖς
103 1298 347 1367 ἐμψύχοις
377 1298 605 1350 πάντων
628 1298 733 1350 τῶν
759 1297 969 1366 ἀλόγων
991 1298 1321 1369 εὑρίσκεται,
1356 1299 1448 1352 καὶ¹
1479 1301 1537 1351 ἐν

46 1398 136 1457 τοῖς
160 1394 269 1445 ἔστι
313 1392 620 1446 θεάσασθαι
666 1391 725 1443 ού
756 1390 916 1461 μόνον
951 1392 1069 1443 κατ’
1099 1390 1340 1462 ἀλλήλων
1360 1430 1373 1453 ,
1404 1390 1538 1443 ἀλλά

43 1487 66 1537 :i
85 1486 187 1536 κατ’
203 1483 515 1554 ἀνθρώπων
548 1482 617 1535 τά
642 1482 743 1551 τῆς
770 1481 1067 1551 ἐπιϐουλῆς
1093 1480 1532 1551 ἐπεκτεινόμεναο

43 1579 82 1639 ix;
108 1575 341 1645 ἀληθεύει
389 1576 419 1627 6
454 1574 657 1644 λέγων,
687 1576 769 1628 ὅτι
811 1577 839 1628 6
888 1575 1018 1638 Θεὸς
1072 1575 1248 1628 πάντα
1272 1576 1413 1630 καλά
1447 1578 1538 1631 καὶ

43 1687 83 1722 ιν
106 1668 227 1721 καλά
264 1668 565 1738 ἐποίησεν;
620 1669 684 1721 Εἰ
738 1667 793 1720 δὲ
824 1667 1097 1737 ἀληθεύει,
1132 1669 1309 1739 ἀγαθά
1355 1670 1410 1724 δὲ
1444 1672 1538 1725 καὶ

41 1762 130 1815 ulla
168 1764 221 1814 ἐν
348 1761 535 1813 κτίσει
567 1760 894 1831 ὑπάρχουσι⁸
934 1761 1049 1823 πῶς
1089 1762 1156 1815 τὰ
1207 1764 1305 1833 μὲν
1357 1764 1535 1832 ἀγαθά

41 1852 172 1916 πιθοῦ,
218 1852 286 1904 τὰ
339 1851 398 1904 δὲ
432 1851 621 1921 φαῦλα
653 1850 854 1920 φαύλου
878 1851 1209 1924 δημιουργοῦ
1247 1855 1307 1908 οὐ
1340 1856 1536 1927 γνωρί-

42 1964 150 2009 rm,
192 1944 283 1997 xui.
335 1944 435 1997 δύο
488 1944 727 1997 ἐναντίαι
785 1944 952 2014 ἀρχαὶ
1004 1944 1143 1998 κατὰ
1200 1947 1536 2016 Μανιχαίους

41 2040 265 2103 ίκνυνταις
301 2038 367 2097 Εἰ
402 2036 464 2090 δὲ
495 2038 532 2106 ὴ
568 2035 848 2106 ἀναίρεσις
875 2035 983 2088 τῶν
1016 2036 1417 2107 ἀναιρουμένων
1448 2040 1536 2090 ἐπ’

40 2131 137 2200 ναθῴ
161 2147 260 2183 τινι
282 2130 531 2197 γίνεται,
557 2127 737 2191 καθὼς
764 2127 923 2180 τοῦτο
958 2128 1086 2199 παρ’
1112 2128 1273 2191 ἐνίοις
1312 2129 1536 2199 ὑπείλη-

39 2240 108 2282 tat,
134 2222 239 2284 πῶς
263 2222 367 2274 ούκ
386 2217 458 2292 ἧν
500 2219 848 2289 ἀγαθὼτερον
876 2220 939 2273 τὸ
972 2221 1028 2272 ἐν
1060 2221 1200 2290 ἀρχῇ
1237 2223 1301 2273 ἐκ
1330 2221 1423 2273 τοῦ
1458 2223 1535 2292 μὴ

38 2332 104 2377 τος
130 2318 197 2379 εἰς
220 2315 280 2368 τὸ
318 2313 465 2367 εἶναι
503 2312 682 2366 αὐτῶν
713 2312 1014 2383 κωλυθῆναι
1037 2313 1137 2383 τὴν
1167 2313 1427 2383 πάροδον;

56 2408 430 2460 ’ΔΠΟΚΡΙΣΙΣ.
471 2407 534 2459 Ὀ
578 2408 643 2458 ἐκ
689 2405 788 2475 τῆς
825 2405 1182 2476 δημιουργίας
1222 2406 1329 2458 τῶν
1363 2405 1537 2476 ἐμψύ-

37 2518 75 2552 ιιν
116 2498 331 2567 λογικῶν
377 2515 442 2550 τε
480 2499 579 2551 καὶ
639 2497 847 2565 ἀλόγων
876 2498 1005 2567 περὶ
1060 2496 1153 2550 τοῦ
1205 2497 1534 2569 δημιουργοῦ

37 2590 228 2643 ιῶιουθον
287 2589 627 2659 ποιούμενος
658 2588 757 2659 τὴν
795 2587 1043 2659 ζήτησιν,
1081 2588 1221 2642 κατά
1252 2588 1348 2659 τὴν
1376 2590 1535 2658 φύσιν

35 2682 127 2733 ᾶτῶν
146 2682 339 2749 ὀφείλει
372 2680 716 2734 ἀποϐλέπειν
747 2680 845 2749 τὴν
879 2681 1021 2733 κατά
1043 2682 1133 2733 τὸν
1163 2681 1255 2734 τοῦ
1276 2682 1337 2752 δη
1347 2699 1535 2753 μιουρ-

35 2773 67 2826 νῦ
84 2776 183 2844 ὃρον
208 2774 449 2844 ἄγουσαν
480 2771 552 2825 τὰ
576 2771 743 2841 θνητά
775 2772 953 2828 πάντα
981 2772 1168 2844 ὥσπερ
1198 2775 1277 2836 είς
1301 2774 1533 2840 γένεσιν,

35 2864 123 2929 iam;
151 2868 236 2920 mi.
261 2869 343 2929 εἰς
363 2865 583 2936 φθορὰν
612 2865 750 2917 αύτά
781 2865 875 2918 καὶ
895 2864 1188 2919 ἀπώλειαν.
1221 2867 1282 2919 Ei
1309 2867 1363 2919 δὲ
1396 2866 1536 2919 κατά

33 2959 126 3011 ιῦτα
156 2962 244 3030 μὲν
274 2959 419 3024 ζώου
453 2959 605 3013 κατά
646 2959 804 3027 λόγον
837 2960 938 3012 οὑκ
982 2958 1097 3011 ἔστι
1143 2958 1393 3028 διαφορὰ,
1428 2958 1536 3010 τῶν

34 3052 330 3124 εάδιαφόρων
380 3046 466 3115 εἷς
504 3052 598 3105 καὶ
629 3055 657 3105 6
700 3052 860 3115 αὐτός
907 3051 982 3122 (7)
1016 3054 1133 3104 ἐστι
1185 3051 1532 3123 δημιουργός·

1639 560 1816 616 Tanto
1844 572 2023 619 autem
2054 576 2276 635 prastat
2306 567 2394 623 his
2416 569 2581 623 etiam
2620 569 2674 624 in
2702 573 2868 627 rebus
2896 574 3208 634 Christiana

1637 654 1848 724 religio,
1880 665 2087 725 quanto
2107 659 2197 712 illa
2225 659 2440 729 vigente
2468 660 2651 715 minus
2675 662 2832 719 bellis
2856 665 3095 736 agitatur
3116 685 3211 724 or—

1638 744 1742 811 bis,
1771 763 1935 818 quam
1962 749 2176 821 vigente
2200 752 2512 808 Graecorum
2541 754 2713 809 cultu.

1708 1015 1986 1083 QUEST.
2019 1017 2280 1073 CXXVII.
2314 1019 2369 1073 Si
2430 1021 2482 1075 id
2525 1021 2655 1091 quid
2680 1021 2954 1078 occiditur
2980 1024 3211 1081 ab'occi-

1637 1106 1799 1165 dente
1822 1110 2089 1181 perditur,
2129 1120 2182 1166 et
2208 1113 2351 1182 quod
2384 1115 2588 1168 occidit
2616 1116 2884 1185 pravitate
2911 1117 3208 1187 perniciem

1638 1200 1823 1265 infert,
1851 1202 2083 1273 plurima
2130 1214 2309 1259 autem
2339 1206 2609 1274 ejusmodi
2654 1208 2908 1263 animatis
2951 1210 3211 1265 eveniunt

1640 1295 1709 1349 ab
1758 1296 2090 1351 animalibus
2154 1298 2383 1353 rationis
2428 1300 2766 1369 expertibus,
2825 1317 2947 1371 qua;
2995 1318 3212 1373 semper

1637 1387 1825 1443 videre
1849 1397 1934 1443 est
1961 1404 2068 1443 non
2096 1391 2273 1445 solum
2328 1392 2433 1446 sibi
2483 1393 2738 1455 invicem,
2803 1396 2896 1449 sed
2926 1396 3089 1449 etiam
3118 1397 3213 1449 ho-

1637 1481 1881 1537 minibus
1910 1482 2138 1537 insidias
2164 1491 2405 1538 struere:
2429 1484 2700 1554 quomodo
2725 1501 2849 1539 vera
2878 1487 3090 1542 locutus
3116 1487 3209 1556 qui

1639 1578 1779 1632 dixit
1814 1577 1983 1633 Deum
2042 1577 2460 1656 fecisseomnia
2488 1580 2631 1633 bona
2677 1590 2729 1634 et
2760 1580 2915 1634 valde
2969 1582 3111 1635 bona
3126 1582 3215 1636 '9?

1640 1668 1797 1735 Quod
1819 1670 2040 1740 quidem
2068 1673 2113 1726 si
2142 1686 2330 1725 verum
2356 1679 2461 1735 est,
2493 1688 2556 1725 ac
2603 1672 2744 1726 bona
2769 1680 2823 1727 et
2850 1674 2990 1726 mala
3020 1674 3075 1727 in
3124 1689 3213 1728 re«

1641 1762 1744 1817 bus
1784 1762 1985 1817 creatis
2014 1771 2345 1827 occurrunt,
2395 1762 2668 1831 quomodo
2717 1763 2857 1817 bona
2890 1762 3040 1827 boni,
3067 1764 3210 1818 mala

1641 1861 1822 1909 autem
1855 1854 1982 1907 mali
2012 1855 2225 1925 epilicis
2255 1870 2365 1908 non
2419 1862 2813 1921 agnoscuntur,
2851 1870 2915 1907 ac
2943 1855 3052 1909 duo
3080 1872 3214 1909 con-

1638 1942 1805 1997 traria
1830 1944 2097 2014 principia
2123 1945 2423 2000 secundum
2451 1942 2781 2000 Manichaaos
2810 1947 3217 2001 ostenduntur?

1637 2035 1793 2101 Quod
1824 2037 1868 2090 si
1900 2038 2075 2093 caedes
2126 2053 2339 2101 eorum,
2367 2038 2459 2107 qui
2490 2037 2837 2103 Occiduntur,
2878 2038 2945 2092 ad
2972 2040 3212 2110 aliquam

1636 2129 1925 2183 utilitatem
1952 2131 2034 2194 tit,
2065 2130 2229 2202 496
2252 2138 2310 2183 ut
2339 2131 2588 2183 nonnulli
2632 2131 3055 2199 existimarunt,
3084 2148 3217 2201 quo-

1637 2219 1799 2275 modo
1829 2236 1936 2275 non
1961 2221 2156 2275 melius
2183 2221 2305 2285 fuit,
2329 2229 2389 2274 ιιι
2441 2220 2509 2274 ab
2560 2220 2717 2275 initio
2745 2235 2933 2276 eorum
2961 2220 3217 2291 prohibev

1636 2322 1790 2368 retur
1814 2313 2054 2368 creatio?

1708 2402 1905 2459 RESP.
1974 2405 2077 2471 Qui
2146 2422 2215 2460 ex
2285 2408 2561 2463 creatione
2619 2408 2934 2462 animalium
3002 2409 3216 2466 ratione

1638 2500 1905 2552 utentium
1956 2509 2010 2553 et
2065 2499 2294 2553 rationis
2324 2502 2627 2569 expertinm
2684 2509 3111 2555 consentaneam
3146 2501 3215 2556 de

1636 2587 1896 2643 Creatore
1920 2589 2154 2644 instituit
2210 2588 2642 2659 inquisitionem,
2678 2590 2725 2644 is
2763 2590 2926 2645 debet
2956 2600 3213 2649 naturam

1636 2697 1826 2737 eorum
1850 2682 2222 2745 considerare,
2256 2698 2375 2752 quae
2402 2698 2467 2736 ex
2523 2680 2617 2735 Dei
2676 2683 2793 2751 lege
2818 2684 3069 2737 mortalia
3096 2699 3216 2737 om-

1636 2775 1749 2837 nia,
1784 2781 1843 2828 ut
1872 2774 1937 2828 ad
1972 2774 2163 2837 vitam,
2214 2774 2289 2827 ita
2318 2772 2383 2827 ad
2414 2775 2819 2845 corruptionem
2848 2782 2901 2828 et
2932 2775 3212 2830 interitum

1639 2869 1907 2939 perducit.
1938 2867 2094 2934 Quod
2150 2868 2196 2921 si
2252 2867 2307 2920 in
2366 2867 2452 2922 his
2506 2868 2716 2921 nullum
2747 2877 2831 2921 est
2859 2867 3109 2921 animalis
3143 2869 3213 2921 ob

1638 2962 1903 3015 rationem
1939 2959 2259 3023 discrimen,
2289 2966 2343 3013 et
2375 2974 2495 3029 quae
2523 2974 2632 3011 non
2678 2958 2935 3012 diﬂernnt
2961 2958 3210 3013 eumdem

1639 3052 1841 3107 habent
1868 3050 2147 3122 epiticem,
2175 3066 2334 3120 quem
2361 3066 2425 3103 ex
2457 3050 2661 3104 mutuis
2687 3050 2904 3104 insidiis
2932 3049 3216 3120 perferunt

34 3145 109 3195 νῖσέ
132 3148 186 3197 ἐκ
213 3145 309 3213 τῆς
353 3143 611 3215 ἀλλήλων
667 3143 959 3213 ἐπιϐουλῆς
988 3143 1345 3214 ὑπομένουσιν
1380 3142 1530 3195 ἀπώ-

1709 3146 1941 3205 teritum,
1976 3142 2023 3197 is
2047 3151 2106 3195 ut
2134 3142 2216 3197 eis
2245 3142 2462 3197 eveniat
2486 3142 2671 3196 divina
2700 3140 3052 3197 Providentia
3089 3158 3216 3214 per-

31 3250 122 3297 ειαν,
153 3236 282 3288 κατά
314 3238 418 3308 τὴν
454 3236 609 3289 Θείαν
643 3235 898 3306 πρόνοιαν
938 3234 1353 3305 συγκεχώρηται
1388 3252 1529 3305 συμ-

31 3328 151 3379 πίνειν
180 3330 376 3391 αὐτοῖς·
432 3329 483 3380 εἰ
551 3326 660 3398 γὰρ
723 3327 1097 3397 ὑποκειμένων
1151 3326 1330 3380 αὐτῶν
1371 3330 1437 3396 τῇ
1471 3344 1530 3379 τε

32 3420 99 3467 itit
129 3420 273 3487 φύσιν
336 3421 436 3475 καὶ
482 3423 551 3491 τῇ
620 3420 760 3473 κατά
813 3419 1102 3490 ἐπιϐουλὴν
1140 3419 1315 3491 φθορᾷ
1346 3436 1405 3471 τε
1441 3420 1533 3472 καὶ

32 3512 205 3582 πωλεία,
236 3513 294 3565 ού
360 3511 759 3584 παρῃτήσαντό
819 3528 962 3574 τινες
1009 3510 1326 3580 θεοποιῆσαι
1369 3510 1530 3573 αὐτὰ,

32 3600 109 3671 ὖπῳ
139 3604 322 3671 μᾶλλον
357 3605 426 3657 ἂν
493 3602 889 3665 ἐθεοποιοῦντο,
952 3604 1000 3655 εί
1060 3602 1263 3673 βλάϐης
1320 3619 1379 3653 τε
1443 3604 1535 3655 καλ¹

32 3694 217 3759 πωλείας
262 3696 352 3749 διά
394 3696 606 3757 παντὸς
643 3695 1013 3765 μεμενήκασιν
1064 3695 1256 3758 ἐκτός;
1292 3695 1407 3746 Ἵνα
1441 3691 1534 3747 οὖν

32 3780 139 3850 ψ’ὦν
167 3789 496 3859 ὑπομένουσι
532 3786 906 3857 γνωρισθῶσιν
935 3786 1077 3857 ἆπερ
1108 3788 1235 3849 εἰσὶ,
1259 3786 1534 3839 τουτέστιν

32 3879 145 3942 λάξιν.
171 3882 264 3951 τῆς
291 3882 387 3934 τοῦ
424 3880 569 3934 Θεοῦ
601 3879 768 3949 τιμῆς
812 3896 870 3931 τε
901 3879 993 3932 καὶ
1029 3878 1417 3951 προσηγορίας,
1447 3878 1535 3932 διὰ

32 3969 114 4022 ιῦτο
138 3974 216 4025 καὶ
247 3973 406 4041 φύσει
468 3972 567 4025 καὶ
619 3970 876 4041 ἐπιϐουλῇ
914 3970 986 4041 (8)
1029 3971 1133 4023 ύπο
1167 4010 1181 4023 .
1221 4010 1234 4023 .
1269 4010 1284 4024 .
1323 4010 1337 4025 .
1376 4009 1392 4024 .
1423 3988 1532 4027 υσι.

33 4060 146 4127 έγονε
174 4064 225 4117 δὲ
250 4066 319 4117 τὰ
340 4065 519 4133 ἄλογα
552 4062 665 4126 ζῶα
694 4061 761 4114 τὰ
791 4062 888 4133 μὲν
910 4063 1001 4115 ἐπὶ
1034 4063 1305 4134 ὑπουργία
1330 4062 1536 4134 ἀνθρώ..

32 4158 166 4211 ου,τᾶ
194 4156 246 4208 δὲ
275 4160 356 4221 είς
408 4153 645 4226 τροφὴν,
689 4154 756 4206 τὰ
790 4155 847 4207 δὲ
903 4156 981 4218 είς
1044 4154 1309 4217 παιδείαν,
1345 4155 1417 4217 ὡς
1452 4156 1533 4218 τὸ,

32 4245 227 4314 Μόιιτας
270 4250 498 4317 θηρίων
552 4246 946 4300 ἐπαποστελῶ
1001 4246 1093 4299 ἐπ’
1136 4247 1358 4312 αὐτοὺς
1386 4247 1538 4315 μετὰ

32 4340 143 4404 ιιμοῦ
163 4342 472 4408 σιιρόντων
500 4340 601 4391 ἐπὶ
632 4336 761 4408 γῆς.
838 4338 973 4392 Ἀλλ’
1008 4341 1056 4391 εἰ
1102 4338 1305 4407 ἀγαθόν
1335 4340 1448 4392 ἐστι
1476 4339 1537 4391 τὸ

32 4430 236 4498 ρὲοετθαι
266 4435 355 4486 τὸν
386 4432 680 4501 ἄνθρωπον
724 4432 787 4484 ἐκ
818 4430 924 4483 τῶν
976 4431 1183 4500 ἀλόγων
1217 4432 1390 4495 ζώων,
1443 4433 1536 4485 καὶ

1635 3236 1895 3292 mittitur.
1932 3235 2067 3290 Nam
2103 3236 2172 3300 si,
2203 3235 2457 3307 quamvis
2514 3236 2853 3305 corruptioni
2883 3242 2936 3291 et
2970 3235 3215 3291 interitui

1636 3328 1937 3384 secundum
1996 3337 2249 3382 naturam
2299 3334 2351 3381 et
2403 3342 2469 3381 ex
2516 3327 2736 3382 insidiis
2791 3328 3027 3381 obnoxia
3081 3328 3215 3393 sint,

1637 3420 1860 3490 quidam
1896 3420 2005 3475 illis
2038 3419 2378 3474 divinitatem
2430 3418 2670 3474 tribuere
2697 3435 2806 3473 non
2863 3420 3213 3476 dubitarunt:

1635 3522 1842 3582 quanto
1873 3513 2046 3582 magis
2080 3512 2426 3573 tribuissent,
2481 3510 2525 3565 si
2576 3510 2643 3564 ab
2690 3512 2839 3565 omni
2888 3528 3103 3582 semper
3133 3513 3215 3565 in-

1635 3604 1924 3659 commodo
1952 3614 2005 3659 et
2039 3605 2262 3658 interitu
2322 3603 2491 3656 libera
2545 3601 2934 3658 exstitissent?
2963 3602 3131 3673 Igitur
3157 3613 3215 3656 ut

1636 3698 1704 3751 ab
1731 3696 1839 3759 his.
1866 3712 1985 3766 qua:
2019 3697 2322 3766 patiuntur,
2353 3695 2533 3763 qualia
2561 3694 2673 3748 sint
2712 3704 3103 3764 agnoscantur,
3161 3695 3213 3748 id

1635 3795 1718 3843 est
1747 3786 1968 3856 indigna
2001 3785 2092 3839 Dei
2130 3785 2336 3839 honore
2388 3791 2442 3837 et
2476 3783 2863 3852 appellatione,
2920 3792 3213 3853 propterea

1635 3887 1689 3932 et
1719 3886 1913 3931 natura
1948 3883 2001 3931 et
2037 3873 2253 3929 insidiis
2283 3874 2387 3926 alia
2417 3873 2486 3925 ab
2521 3872 2643 3926 aliis
2677 3872 2958 3927 interitum
2993 3874 3215 3943 patiun-

1636 3978 1745 4023 tur.
1780 3967 1945 4021 Facta
1999 3972 2127 4020 sunt
2187 3973 2366 4017 autem
2424 3962 2681 4015 animalia
2714 3964 2942 4018 rationis
2970 3966 3215 4034 expertia

1635 4061 1834 4132 partim
1871 4058 1925 4113 in
1955 4055 2322 4111 ministerium
2372 4052 2634 4115 hominis,
2670 4056 2869 4123 partim
2922 4055 2977 4110 in
3008 4056 3212 4123 cibum,

1637 4154 1742 4208 alia
1774 4154 1828 4207 in
1859 4150 2233 4221 disciplinam,
2293 4155 2351 4201 ut
2380 4146 2511 4200 illud
2548 4162 2560 4197 :
2592 4145 2780 4201 Dentes
2814 4147 3098 4201 bestiarum
3123 4149 3219 4202 im-

1637 4250 1848 4300 mittunt
1876 4245 1929 4297 iu
1956 4260 2042 4297 eos
2067 4257 2185 4294 cum
2208 4240 2384 4306 furore
2406 4238 2720 4291 trahentium
2750 4255 2905 4307 super
2927 4249 3122 4294 terram
3142 4242 3212 4297 ".

1639 4337 1743 4394 Sed
1779 4336 1825 4391 si
1852 4336 2055 4389 bonum
2096 4339 2177 4387 est
2222 4330 2454 4393 homini,
2492 4336 2550 4382 ut
2592 4330 2660 4383 ab
2689 4333 3018 4390 animalibus
3048 4336 3216 4390 ratio-

1636 4430 1723 4484 nis
1750 4426 2065 4496 expertibus
2102 4422 2377 4476 nutriatur
2408 4428 2463 4475 et
2516 4435 2705 4475 eorum
2754 4423 3060 4481 ministerio
3097 4434 3218 4481 uta-

32 4526 331 4593 mupyziseat
365 4527 461 4578 ὑπ’
502 4523 709 4586 αὐτῶν,
745 4523 838 4576 καὶ
860 4522 1207 4574 παιδεύεσθαι
1232 4522 1299 4575 δι’
1329 4523 1525 4586 αὐτῶν,

1709 4532 1725 4569 r
1776 4527 1827 4570 et
1857 4516 1927 4569 ab
1955 4517 2036 4569 eis
2067 4512 2379 4576 erudiatur,
2416 4510 2593 4567 bonus
2622 4518 2705 4566 est
2739 4513 2984 4583 profecto
3022 4530 3211 4572 eorum

31 4615 133 4685 γαθὴ
156 4617 253 4688 ἀρα
283 4621 316 4688 η
353 4619 436 4681 εἰς
468 4615 534 4667 τὸ
566 4611 704 4667 εἶναι
743 4614 923 4666 αὐτῶν
967 4613 1220 4684 πάροδος,
1257 4614 1350 4666 καὶ
1382 4614 1530 4666 ἀδιά-

32 4704 146 4774 into;
174 4710 259 4761 ἐπὶ
292 4709 597 4779 φαυλότητι
636 4704 866 4774 ’φύσεώς
894 4722 953 4758 τε
1000 4706 1093 4757 καὶ
1135 4706 1234 4775 τῆς
1266 4704 1323 4770 ἐξ
1352 4705 1529 4758 αὐτῶν

32 4798 160 4863 ρείας.
230 4802 291 4853 Et
348 4801 405 4853 δέ
451 4798 651 4860 τοῦτο,
702 4797 858 4867 δῆλον
914 4798 995 4850 ὅτι
1038 4797 1153 4859 ἐνὸς
1203 4796 1531 4868 δημιουργοῦ

32 4889 157 4952 γαθοῦ
190 4895 299 4946 ἐστι
333 4894 517 4946 πάντα
550 4891 618 4943 τὰ
640 4890 807 4959 ἄλογα
837 4888 950 4954 ζῶα
985 4889 1461 4961 δημιουργήματα.

62 4980 375 5037 ἘΡΩΤΗΣΙΣ
397 4984 584 5036 PKH'.
620 4983 681 5033 Εί
697 4980 794 5051 τὴν
817 4980 1201 5053 προλεχθεῖσαν
1229 4981 1535 5050 φαυλότητα

164 5074 256 5142 τῆς
286 5073 393 5127 τῶν
426 5071 734 5144 ἀνθρώπων
766 5072 1039 5143 σωτηρίας
1088 5072 1146 5125 ἐν
1176 5075 1289 5134 τοῖς
1323 5070 1533 5142 ἀνθρώ-

31 5166 140 5223 ηιςο
168 5164 349 5238 ἐχθρὸς
383 5163 808 5238 κατεργάζεται,
869 5162 1259 5235 μηχανώμενος
1290 5163 1376 5217 διὰ
1407 5162 1530 5215 τού-

31 5266 84 5302 ων
108 5258 209 5319 ταῖς
259 5258 581 5327 μελλούσαις
644 5257 840 5320 αὐτοὺς
885 5255 1206 5309 ύποόάλλειν
1256 5254 1527 5309 κολάσεσι’

53 5430 215 5487 “Gen.
239 5451 275 5498 ι,
303 5436 391 5489 51.
464 5435 515 5466 ⁷⁸
546 5432 703 5487 Deut.
777 5448 955 5499 xxxtt,
983 5432 1077 5487 ει.

161 5613 365 5679 Καιρὸν
416 5613 669 5677 τούτοις.
726 5610 1038 5681 Legendum
1089 5609 1180 5662 καὶ
1302 5604 1529 5667 τούτοις.

31 5676 281 5792 ξῖιιιιιηςὶιιὲ
341 5683 603 5755 proponit
630 5676 866 5753 καιροῖς
898 5680 1141 5743 τούτοις,
1202 5678 1282 5730 Itis
1334 5686 1531 5742 tempo—

32 5760 44 5794 ι
74 5763 136 5796 us.

61 5817 118 5885 l7)
133 5816 221 5887 Εἷς
236 5825 323 5879 xui
358 5822 631 5891 (εἰντιέςλῖ.
660 5823 968 5893 Stephanus
983 5829 1036 5876 ct
1058 5820 1272 5875 codices
1294 5836 1422 5874 mss.
1445 5814 1524 5881 οἷς

1632 4609 1689 4663 in
1718 4608 1883 4661 vitam
1906 4606 2207 4675 ingressus,
2239 4620 2415 4673 neque
2443 4602 2837 4674 vituperandus
2862 4605 3019 4674 quasi
3046 4620 3213 4677 prava

1634 4708 1780 4756 esset
1807 4713 1993 4754 eorum
2022 4705 2238 4762 natura,
2271 4711 2580 4766 pravusqne
2602 4711 2756 4750 usus.
2790 4694 2895 4750 Sed
2919 4697 2965 4752 si
2997 4698 3069 4753 ita
3107 4709 3213 4766 est,

1635 4793 1805 4862 liquet
1839 4790 2005 4844 unius
2038 4789 2166 4843 boni
2189 4788 2402 4859 Opilicis
2441 4801 2605 4858 opera
2639 4803 2761 4843 esse
2791 4789 2975 4843 omnia
3005 4791 3218 4845 anima-

1636 4885 1707 4938 lia
1737 4882 1968 4936 rationis
1995 4880 2261 4951 expertia.

1709 4972 1989 5041 QUEST.
2045 4970 2328 5028 CXXVI".
2390 4969 2446 5025 Si
2500 4970 2816 5042 prazdictam
2865 4974 3211 5044 pravitatem.

1635 5066 1840 5122 invidia
1899 5066 2151 5119 humanae
2200 5065 2416 5125 salutis.
2474 5063 2730 5118 inimicus
2785 5064 2841 5117 in
2901 5065 3215 5121 hominibus

1633 5165 1914 5229 cperatur,
1951 5157 2046 5226 qui
2100 5157 2202 5211 hac
2236 5164 2356 5210 arte
2388 5154 2756 5220 machinatur,
2795 5165 2853 5211 ut
2880 5172 2977 5212 eos
3010 5156 3213 5211 futuris

1636 5251 1894 5321 subjiciat
1923 5250 2229 5321 suppliciis.
2284 5248 2730 5304 rationisautem
2760 5249 3002 5319 expertia
3036 5263 3217 5317 neque

1637 5603 1730 5675 καὶ
1754 5601 1934 5675 αὐτός.
1992 5598 2162 5654 Recte
2191 5599 2500 5675 emendavit
2549 5597 2895 5675 Sylburgius.
2932 5600 3055 5657 Mox
3080 5617 3210 5673 par-

1632 5674 1800 5728 ticula
1832 5672 1908 5733 δέ,
1955 5681 2011 5723 nt
2035 5687 2176 5739 saepe
2210 5670 2367 5739 alias,
2393 5668 2693 5739 superﬂuit.

1713 5744 1788 5811 (κ’)
1820 5742 1927 5815 Καὶ
1960 5737 2269 5815 ἐπιϐουλῇ.
2308 5738 2456 5808 Legit
2489 5737 2814 5815 Sylbttrgins
2832 5742 2935 5797 ὑπὸ
2965 5742 3214 5813 ἀλλήλων

1634 5815 1835 5884 φθορὰν
1870 5814 2213 5883 ὑπομένουσι.
