3638 6480
469 335 609 391 1579

1213 330 1668 388 APPENDIX.—
1708 328 1889 385 PARS
1928 328 1971 385 1.
2013 330 2071 387 S.
2126 331 2394 389 JUSTINI
2434 330 2670 387 OPERA
2712 330 2988 389 SPURIA.

3567 338 3626 392 {5|

466 452 723 517 salutem,
751 462 928 519 neque
954 447 1222 519 supplicia
1268 449 1326 503 in
1359 448 1546 503 futuro
1576 461 1693 501 aevo
1722 453 1853 502 sunt
1894 446 1903 499 l

2188 448 2217 500 ὰ
2250 448 2421 516 ἄλογα
2454 447 2511 499 δὲ
2543 449 2681 519 μήτε
2713 449 2990 520 σωτηρίαν
3040 443 3184 518 μήτε
3246 446 3497 518 τιμωρίαν
3524 452 3570 502 ὲν
3589 470 3625 506 τι

467 552 614 606 tura,
645 558 711 598 ac
734 542 942 597 idcirco
982 541 1305 597 indomitam
1351 542 1554 596 habent
1578 538 2048 608 feritatem,qno-

465 637 632 692 modo
659 652 768 691 non
812 637 928 691 sola
962 638 1231 706 pravitate
1260 644 1486 699 natura:
1515 648 1685 705 prava
1730 632 2048 687 sectantur?

536 728 739 785 RESP.
767 726 851 783 Ob
879 743 1046 798 prave
1076 726 1222 781 facta
1250 728 1559 795 vituperare
1597 723 1826 779 rationis
1855 737 2048 793 exper-

466 823 603 877 tium
630 832 879 883 naturas,
931 836 1041 874 non
1092 828 1179 874 est
1224 818 1428 873 rationi
1458 824 1909 872 consentaneum.
1944 815 2047 868 Eo-

466 930 590 969 rum
644 916 815 978 enim,
864 914 957 984 qui
1013 913 1227 966 ratione
1284 919 1536 977 utuntur,
1595 917 1745 964 recte
1776 924 1935 980 agere
1965 918 2048 963 est

466 1018 562 1061 aut
617 1022 813 1078 prave,
877 1020 985 1058 non
1048 1003 1281 1057 rationis
1336 1000 1763 1072 expertium;et
1820 1001 1949 1069 quia
1978 1000 2048 1053 ob

466 1116 627 1155 usum
662 1098 1037 1168 supradictum
1074 1096 1219 1150 facta
1241 1101 1325 1150 est
1352 1094 1583 1149 rationis
1614 1094 1920 1163 expertium
1958 1108 2049 1145 na-

465 1202 621 1258 tura,
654 1192 780 1246 inde
827 1189 1182 1243 manifestum
1241 1195 1346 1254 est,
1377 1201 1501 1240 cum
1562 1187 1741 1241 bonus
1793 1185 1865 1240 sit
1894 1201 2045 1247 usus.

464 1284 664 1337 bonam
696 1295 820 1336 esse
850 1280 1013 1334 etiam
1048 1287 1323 1333 naturam.

535 1392 818 1463 QUIEST.
850 1390 1091 1448 CXXIX.
1121 1389 1180 1444 Si
1207 1388 1439 1458 simplex
1466 1394 1572 1451 est,
1617 1386 1763 1457 quod
1813 1401 1909 1457 per
1942 1384 2048 1440 sei-

462 1504 624 1559 psum
658 1494 763 1550 est,
795 1487 943 1541 velut
992 1485 1048 1539 in
1100 1485 1412 1539 litterarum
1443 1480 1731 1536 elementis
1754 1479 1793 1543 ι,
1825 1493 2041 1546 compo-

464 1583 631 1636 situm
664 1588 845 1634 autem
876 1577 1025 1649 quod
1053 1593 1179 1631 cum
1206 1578 1315 1630 alio
1347 1574 1707 1644 coniunctum
1738 1579 1844 1637 est,
1887 1571 2048 1641 quale

462 1684 549 1731 est
582 1675 651 1739 Π,
698 1686 876 1742 neque
922 1686 989 1725 ex
1022 1686 1090 1725 eo
1133 1668 1280 1740 quod
1329 1678 1625 1735 utrumque
1674 1662 1920 1732 ejusdem
1976 1660 2047 1715 si-t

463 1765 739 1827 essentia,
767 1763 1026 1818 nimirum
1082 1761 1124 1824 Ι,
1162 1758 1384 1829 etquod
1419 1773 1487 1812 ex
1538 1755 1717 1809 tribus
1758 1752 1779 1807 l
1823 1767 2047 1822 compo-

466 1860 633 1914 situm
660 1864 764 1921 est,
801 1856 1096 1926 impeditur
1141 1852 1438 1922 quominus
1483 1847 1849 1918 compositum
1886 1845 1953 1901 sit
1988 1843 2039 1897 id

406 2009 416 2021 ε
465 1954 612 2025 quod
649 1968 714 2006 ex
746 1959 981 2019 utroque
1020 1954 1272 2003 constat:
1320 1942 1595 2014 quomodo
1653 1940 1819 2003 Deus,
1853 1938 1947 2009 qui
1979 1953 2046 1991 ex

465 2047 680 2102 duabus
711 2042 984 2114 personis,
1016 2056 1139 2111 quae
1188 2035 1693 2094 consubstantiales
1727 2033 2045 2102 intelligun-

467 2149 579 2205 tur,
607 2137 769 2191 Patre
796 2135 1052 2189 nimirum
1076 2142 1130 2188 et
1156 2129 1316 2195 Filio,
1335 2138 1389 2184 et
1417 2144 1484 2184 ex
1507 2142 1615 2182 una
1648 2140 1902 2196 persona,
1929 2136 2048 2193 quzr

466 2232 643 2302 prima
670 2228 851 2298 specie
880 2224 1177 2296 singularis
1206 2222 1462 2277 essentia:
1503 2217 1874 2288 suspicionem
1910 2229 2048 2285 pra:-

470 2323 583 2385 bet,
611 2335 806 2389 nempe
864 2316 1075 2387 Spiritu
1126 2324 1340 2375 sancto,
1374 2310 1830 2382 compositionem
1862 2306 2047 2373 habet,

466 2413 867 2482 incompositus
893 2409 1127 2471 dicitur,
1182 2414 1345 2475 atque
1379 2419 1521 2458 unus
1547 2410 1772 2456 vocatur
1797 2407 1851 2452 et
1882 2398 2051 2452 incir-

466 2503 859 2572 cumscriptus,
887 2515 1012 2554 cum
1034 2498 1197 2571 497
1232 2504 1383 2551 tanta
1414 2495 1487 2549 sit
1523 2501 1577 2548 et
1607 2491 1735 2545 talis
1766 2490 1913 2544 illius
1950 2488 2040 2558 hy-

469 2602 775 2667 postasum,
797 2591 912 2645 sive
928 2602 1309 2660 personarum,
1337 2584 1624 2640 distinctio
1637 2593 1800 2653 atque
1818 2578 2051 2634 divisio?

537 2686 737 2741 RESP.
762 2685 806 2749 l,
839 2692 893 2739 et
925 2684 991 2745 Π,
1018 2681 1320 2737 secundum
1374 2677 1669 2734 essentiam
1709 2676 1776 2730 ab
1816 2675 2047 2729 invicem

465 2799 579 2837 non
599 2780 881 2836 dilIerunt.
910 2776 1115 2831 Littera
1161 2774 1306 2829 enim
1358 2785 1388 2824 a
1420 2770 1619 2833 littera,
1666 2776 1937 2837 quatenus
1960 2763 2047 2816 lit-

466 2885 605 2940 tera,
629 2874 764 2929 nihil
786 2870 986 2927 differt.
1014 2868 1204 2922 Diilert
1242 2863 1471 2919 autem!
1521 2878 1550 2916 a
1594 2862 1664 2926 Π,
1714 2868 1868 2914 certo
1912 2874 2049 2929 quo-

466 2968 591 3021 dam
622 2966 755 3029 situ,
782 2961 1084 3018 secundum
1119 2973 1281 3028 quem
1310 2954 1443 3010 illud
1472 2962 1557 3010 εει
1584 2952 1625 3017 1,
1657 2953 1762 3007 hoc
1788 2952 1853 3006 Π.
1882 2951 1959 3004 Ac
2002 2950 2048 3001 Π

466 3061 709 3131 quidem,
740 3065 1014 3127 quatenus
1057 3052 1238 3107 littera
1273 3058 1380 3113 est,
1410 3063 1577 3103 unum
1601 3054 1686 3103 est
1720 3065 1733 3101 :
1776 3053 2048 3115 quatenus

465 3168 594 3208 vero
616 3151 683 3213 Il,
715 3150 848 3205 trias
876 3154 959 3202 est
998 3152 1050 3200 et
1092 3141 1457 3213 compositum
1502 3146 1556 3193 et
1602 3139 1867 3209 genitum.
1912 3134 2047 3188 Nam

465 3261 564 3317 per
618 3252 799 3315 partes
832 3255 888 3296 et
929 3237 1191 3308 temporis
1229 3234 1517 3289 intervallo
1543 3233 1590 3285 Π
1621 3230 1823 3286 factum
1869 3236 1951 3283 est
1980 3228 2049 3281 ab

464 3353 555 3401 eo,
589 3336 682 3406 qui
734 3332 869 3388 illud
922 3329 1181 3386 conﬂavit
1224 3338 1279 3383 et
1311 3325 1461 3382 fecit.
1486 3323 1714 3395 Oportet
1756 3330 1959 3385 autem,
1994 3328 2051 3373 ut

465 3431 562 3501 qui
589 3445 655 3483 ex
686 3425 925 3483 naturali
953 3424 1133 3493 aliqua
1182 3418 1594 3492 comparatione
1636 3430 1761 3471 eum
1806 3413 2054 3468 conside-

465 3530 573 3585 rat,
600 3520 692 3591 qui
725 3534 889 3589 supra
914 3525 1168 3572 naturam
1197 3522 1301 3579 est,
1336 3526 1403 3566 ea
1452 3515 1665 3563 tantum
1704 3522 1769 3562 ex
1828 3519 2051 3575 compa-

464 3616 677 3669 ratione
700 3620 902 3673 sumat,
919 3625 1039 3680 quze
1063 3609 1141 3663 rei
1169 3623 1232 3662 ex
1263 3601 1675 3674 comparatione
1692 3597 2052 3654 considerata:

462 3709 822 3762 conveniunt.
863 3702 1110 3773 Exempli
1136 3700 1310 3772 gratia
1344 3712 1513 3752 unum
1541 3702 1595 3750 et
1615 3703 1724 3749 tres
1746 3693 1933 3747 insunt
1963 3692 2051 3745 lit-

463 3815 593 3858 term
608 3802 653 3853 Π
671 3800 858 3865 etDeo,
882 3796 977 3852 sed
1014 3797 1208 3849 littera:
1227 3793 1273 3849 Π
1291 3790 1473 3862 genite
1503 3798 1557 3844 et
1579 3787 1899 3858 composite,
1940 3784 2051 3840 Deo

464 3908 647 3950 autem
675 3895 915 3964 ingenite
954 3901 1008 3947 et
1042 3886 1428 3958 incomposite.
1460 3883 1594 3938 Nam
1638 3883 1731 3953 qui
1775 3881 2048 3936 neminem

465 3989 629 4042 habet
688 4002 718 4039 a
755 4000 862 4055 quo
898 3983 1075 4037 factus
1098 3988 1152 4036 et
1184 3977 1525 4048 compositus
1555 3974 1737 4038 fuerit,
1774 3970 2049 4042 ingenitus

464 4090 519 4135 et
552 4078 949 4147 incompositus
997 4082 1100 4129 est.
1146 4072 1330 4138 Quare
1368 4070 1421 4122 in
1455 4068 1564 4122 Deo
1597 4065 1833 4121 dicimus
1890 4068 2052 4117 teter-

463 4188 591 4228 nam
649 4168 1124 4229 coexsistentiain,
1185 4179 1295 4219 non
1350 4169 1531 4215 autem
1587 4167 1640 4213 et
1694 4152 2046 4225 compositio-

463 4280 627 4331 nem;
663 4264 717 4317 in
746 4262 929 4315 littera
971 4265 1153 4311 autem
1189 4257 1258 4318 Π,
1296 4251 1753 4322 compositionem
1801 4247 1871 4299 ob
1901 4245 2048 4299 illius

461 4373 560 4428 per
591 4364 775 4427 partes
802 4350 1232 4425 generationem.
1269 4345 1418 4400 Unus
1448 4346 1613 4415 igitur
1637 4338 2050 4406 Deus,Trinitas

462 4451 675 4505 unitate
704 4446 979 4507 essentiae,
1008 4443 1216 4511 absque
1253 4439 1400 4493 omni
1435 4438 1540 4492 hac
1569 4437 1625 4489 in
1682 4451 1741 4488 re
1780 4433 2048 4488 divisione

462 4552 516 4598 et
546 4540 920 4596 distinctione.
964 4533 1439 4603 Quemadmodum
1478 4544 1646 4584 unum
1673 4535 1757 4582 est
1786 4527 1965 4581 littera
2000 4526 2045 4577 Π

463 4638 676 4689 unitate
717 4634 917 4687 littera:
958 4632 1171 4698 absque
1217 4627 1325 4679 ulla
1375 4626 1478 4678 hac
1505 4623 1559 4677 in
1602 4637 1661 4676 re
1698 4620 1966 4675 divisione
1991 4626 2046 4671 ct
2082 4593 2123 4646 θ

463 4727 837 4781 distinctione.
871 4720 1185 4777 DilTerentia
1209 4727 1390 4772 autem
1408 4724 1492 4771 est
1520 4717 1574 4769 in
1603 4722 1795 4769 sancta
1823 4709 2045 4781 quidem

462 4818 730 4873 Trinitate
746 4815 1047 4873 secundum
1083 4814 1274 4868 modos
1301 4809 1634 4866 exsistentia:
1652 4804 2042 4878 hypostasnm;

463 4912 519 4965 in
546 4910 727 4965 littera
752 4917 932 4964 autem
967 4908 1036 4971 II,
1068 4907 1369 4961 secundum
1396 4910 1606 4957 certum
1632 4901 1825 4955 littera:
1855 4896 2042 4951 situm.

2078 3252 2118 3308 C

2154 543 2408 613 μέλλουσι
2441 543 2764 608 κολάζεσθαι
2785 543 2859 614 (9)
2891 540 3185 613 μέλλοντα,
3222 542 3318 593 καὶ
3337 540 3421 593 διὰ
3436 542 3570 597 τοῦτο
3583 547 3626 597 ἅτ

2149 634 2382 707 λέμητον
2415 636 2607 706 ἔχοντα
2642 676 2656 689 .
2697 676 2709 687 .
2745 677 2759 691 .
2796 636 2914 699 πῶς
2940 636 3003 688 οὑ
3039 635 3182 708 μόνῃ
3212 634 3492 704 φαυλότητι
3513 637 3626 704 τρύσει

2146 728 2215 780 τὰ
2240 728 2416 797 φαῦλα
2441 729 2820 800 μετέρχονται;

2236 822 2638 874 ἈΠΟΚΡΙΣΙΣ.
2684 822 2756 873 Τὸ
2787 821 2880 874 ἐπὶ
2913 819 3215 890 φαυλότητι
3254 819 3493 892 πράξεως
3514 824 3626 879 δια.εά

2148 911 2259 967 λειν
2292 912 2400 965 τῶν
2430 911 2639 982 ἀλόγων
2670 912 2769 976 τὰς
2803 913 2994 982 φύσεις
3026 913 3133 965 οὑκ
3166 911 3317 966 ἔστιν
3350 913 3566 983 εὔλογον.
3593 918 3626 971 Ti

2147 1005 2256 1076 γὰρ
2306 1004 2464 1073 λόγου
2520 1006 2851 1076 μετεχόντων
2884 1007 3003 1059 ἐστὶ
3062 1006 3127 1059 τὸ
3183 1007 3403 1073 ἀγαθῶς
3444 1009 3475 1078 ἦ
3516 1011 3626 1078 φαίη

2148 1100 2573 1175 διαπράξασθαι,
2604 1104 2725 1173 οὑχ).
2752 1102 2862 1155 τῶν
2894 1103 3057 1170 λόγου
3093 1103 3403 1174 ἁμετόχων·
3435 1107 3520 1158 καὶ
3542 1109 3626 1161 ἐπει

2148 1192 2236 1246 διὰ
2257 1194 2356 1265 τὴν
2414 1193 2800 1265 προλεχθεῖσαν
2840 1195 3030 1269 χρείαν
3063 1194 3264 1263 γέγονε
3312 1196 3421 1247 τῶν
3451 1196 3625 1264 ἀλόγων

2150 1284 2329 1355 φύσις,
2348 1285 2435 1338 διὰ
2467 1286 2626 1339 τοῦτο
2646 1287 2801 1359 δῆλον
2826 1288 2930 1351 ὅτι,
2966 1288 3187 1359 ἀγαθῆς
3208 1286 3377 1360 οὑσης
3404 1289 3495 1359 τῆς
3523 1292 3626 1360 χρεία

2147 1377 2348 1446 ἀγαθόν
2381 1381 2495 1431 ἐστι
2530 1380 2623 1432 xui
2652 1380 2684 1449 ἡ
2719 1378 2898 1449 φύσις.

2231 1472 2582 1524 ἘΡΩΤΗΣΙΣ
2615 1472 2787 1525 ΡΚΘ’.
2824 1474 2887 1526 El
2924 1472 3134 1526 ἁπλοῦν
3173 1472 3275 1543 μὲν
3310 1472 3372 1525 τὸ
3404 1474 3515 1526 καθ’
3545 1475 3626 1529 ἐστι

2146 1561 2221 1625 ὼς
2254 1563 2347 1615 ἐπὶ
2378 1563 2485 1617 τῶν
2518 1564 2659 1617 κατὰ
2688 1564 2757 1617 τὰ
2784 1566 3091 1637 γράμματα
3114 1565 3424 1634 στοιχείων,
3446 1560 3542 1618 οἷον

2151 1654 2406 1709 σύνθετον
2439 1655 2495 1709 δὲ
2527 1655 2588 1710 τὸ
2625 1658 2742 1727 μεθ’
2778 1658 2987 1729 ἐτέρου,
3023 1653 3141 1711 οἷον
3166 1660 3253 1722 πῖ,
3293 1659 3391 1711 xui
3415 1658 3488 1729 τῷ
3514 1661 3625 1727 vim?

2148 1747 2248 1817 τῆς
2275 1743 2414 1800 εἶναι
2477 1749 2664 1812 οὑσίας
2708 1750 3020 1822 ἀμφότερα,
3064 1750 3131 1803 τὸ
3162 1767 3227 1803 τε
3292 1750 3425 1803 ἰῶτα
3472 1750 3625 1803 καὶὼέ

2148 1840 2315 1913 τριῶν
2348 1840 2480 1893 ἰῶτα
2526 1842 2881 1913 συγκείμενον
2909 1845 3011 1896 οὑκ
3040 1844 3370 1915 ἀφαιρεῖται
3397 1843 3457 1895 τὸ
3482 1844 3531 1910 ἐξ
3552 1847 3626 1913 cia;

2148 1933 2309 2005 τέρου
2335 1935 2692 2005 συγκειμένου
2755 1936 3028 1989 σύνθετονσ
3074 1936 3197 2000 πῶς
3236 1939 3267 1990 ὁ
3299 1936 3434 2000 Θεὸς
3459 1938 3626 1993 umidi:

2150 2024 2501 2097 λέγεται,τὴν
2534 2030 2599 2080 ὲκ
2626 2027 2717 2080 δύο
2736 2029 3048 2100 προσώπων
3080 2030 3397 2099 ὁμοουσίων
3429 2030 3626 2099 mugitu

2153 2120 2367 2190 Πατρὸς
2398 2120 2541 2188 λέγω
2574 2123 2668 2174 xui
2698 2121 2850 2186 Υἱοῦ,
2883 2123 2977 2176 xui
3019 2122 3142 2186 ἑνὸς
3172 2122 3473 2196 προσώπου
3510 2123 3626 2185 lauit

2152 2228 2252 2282 σης
2283 2212 2473 2275 οὐσίας
2505 2215 2569 2266 ἐκ
2601 2213 2694 2266 τοῦ
2746 2213 3045 2285 προχείρου
3077 2216 3349 2269 ὑπόνοιαν
3378 2215 3626 2277 διδόντκΛ

2152 2304 2473 2376 Πνεύματός
2505 2323 2646 2377 φημι
2677 2305 2771 2359 τοῦ
2820 2309 3002 2374 ἁγίου,
3034 2308 3142 2379 τὴν
3178 2308 3437 2362 σύνθεσιν
3464 2308 3586 2378 ἔχων,
3606 2324 3626 2363 κ

2151 2392 2233 2463 εἷς
2265 2399 2508 2452 καλεῖται
2537 2400 2629 2453 xui
2654 2399 3091 2473 ἁπερίγραπτος,
3130 2401 3415 2472 τοσαύτης
3442 2403 3522 2455 καὶ
3545 2410 3625 2453 mal

2148 2506 2250 2560 της
2280 2489 2445 2561 οὔσης
2476 2492 2575 2562 τῆς
2635 2491 2745 2545 τῶν
2778 2492 3139 2546 ὑποστάσεων
3192 2493 3391 2559 αὑτοῦ,
3440 2492 3626 2551 εἶτον-ντί

2151 2582 2478 2654 προσώπων,
2512 2583 2835 2656 διακρίσεως
2870 2586 2963 2638 xui
2994 2585 3367 2658 διαιρέσεως;

2234 2855 2637 2908 ἈΠΟΚΡΙΣΙΣ.
2674 2856 2748 2909 Τὸ
2783 2855 2916 2909 ἰῶτα
2948 2856 3044 2910 καὶ
3068 2858 3135 2910 πῖ
3158 2857 3287 2911 κατ’
3306 2858 3483 2911 οὐσίαν
3498 2858 3626 2925 tua

2150 2947 2301 3001 οὐδὲν
2352 2947 2686 3019 διαφέρουσι.
2736 2949 2975 3023 Γραμμὴ
3013 2951 3127 3022 γὰρ
3179 2951 3424 3021 ὑπάρχει
3464 2952 3626 3020 ἑκάτερα

2150 3040 2389 3113 Γραμμὴ
2442 3040 2498 3094 δὲ
2555 3036 2916 3116 γραμμῆςνῇ
2966 3044 3243 3114 γραμμὴ,
3282 3045 3437 3098 οὐδὲν
3477 3044 3626 3112 διαεέε

2151 3133 2409 3206 Διαφέρει
2436 3133 2491 3187 δὲ
2527 3134 2588 3186 τὸ
2625 3134 2755 3187 ἰῶτα
2805 3134 2901 3187 τοῦ
2937 3138 2999 3187 πῖ
3028 3138 3095 3206 τῇ
3126 3135 3315 3207 τοιᾷδε
3338 3136 3493 3197 θέσει,
3523 3136 3625 3197 xzb‘l

2151 3224 2309 3277 τοῦτο
2356 3226 2452 3295 μὲν
2488 3225 2651 3289 ἰῶτα,
2685 3224 2846 3279 τοῦτο
2893 3227 2950 3279 δὲ
2984 3230 3047 3279 πῖ
3089 3228 3370 3299 ὑπάρχειο
3406 3230 3488 3282 xui
3530 3228 3576 3280 τὸ
3605 3230 3626 3297 μ

2154 3321 2235 3381 πῖ,
2361 3320 2593 3390 γραμμή
2643 3322 2811 3384 ἐστιν,
2847 3320 2905 3373 ἓν
2939 3322 3112 3383 ἐστιν,
3224 3321 3287 3373 δὲ
3324 3338 3395 3373 πιι
3422 3322 3539 3375 ἐστι.
3565 3322 3626 3389 τω

2154 3412 2291 3475 ἐστι,
2347 3411 2439 3464 xui
2489 3411 2740 3465 σύνθετον
2788 3413 2881 3465 xui
2926 3414 3179 3485 γενητόν.
3234 3414 3399 3468 Κατὰ
3432 3408 3626 3485 μέροςῇ

2154 3505 2246 3557 xui
2279 3507 2501 3576 χρονικῇ
2537 3506 2844 3577 παρατάσει
2864 3545 2879 3569 ,
2914 3506 2977 3559 τὸ
3004 3503 3147 3559 εἶναι
3182 3510 3250 3559 πῖ
3271 3507 3476 3577 ὑπέστη
3508 3507 3625 3563 om

2154 3593 2593 3665 ωμόεὸληκότος
2639 3596 2729 3649 καί
2766 3598 3132 3668 πεποιηκότος
3173 3598 3334 3650 αὑτό.
3371 3598 3481 3669 Χρὴ
3510 3593 3626 3661 οῐντ

2154 3688 2295 3742 κατά
2327 3706 2448 3742 τινα
2481 3690 2713 3761 φυσικὴν
2746 3689 3037 3759 ἀναλογίαν
3075 3691 3310 3763 θεωρεῖν
3347 3694 3450 3763 (10)
3476 3690 3550 3742 τὸν

2154 3780 2315 3850 φύσιν
2337 3782 2465 3835 ὄντα
2484 3826 2495 3847 ,
2531 3785 2711 3837 ἐκεῖνα
2749 3785 2884 3855 μόνα
2911 3784 3097 3837 λαϐεῖν
3133 3789 3201 3838 ὲκ
3231 3787 3337 3855 τῆς
3368 3778 3626 3851 ἁναλογίιςί

2152 3874 2492 3945 ἁρμόττοντα
2522 3876 2601 3947 τῷ
2629 3877 2731 3947 τῆς
2776 3876 3068 3946 ἀναλογίας
3112 3878 3491 3950 θεωρουμένῳ*
3522 3870 3626 3927 οἷονί

2152 3965 2211 4018 ἓν
2236 3970 2330 4021 καὶ
2359 3969 2420 4022 τδ
2450 3972 2600 4041 τρεῖς
2625 3970 2883 4042 πρόσεστι
2911 3970 2990 4042 τῷ
3014 3974 3079 4023 πῖ
3109 3971 3205 4024 καὶ
3234 3971 3315 4041 τῷ
3335 3969 3473 4039 θεῷ·
3503 3963 3626 4018 ουτ

2155 4061 2253 4131 μὲν
2289 4064 2353 4114 πῖ
2383 4064 2627 4135 γενητῶς
2663 4065 2756 4117 xui
2798 4065 3093 4128 συνθέτως,
3122 4063 3203 4134 τῷ
3225 4065 3282 4117 δὲ
3316 4063 3432 4132 Θεῷ
3458 4060 3626 4128 ἀγενήτεέ

2150 4170 2209 4205 τε
2244 4153 2336 4207 xui
2382 4155 2709 4220 ἀσυνθέτως.
2759 4157 2814 4211 '0
2844 4156 2954 4228 γὰρ
2996 4158 3071 4228 μὴ
3106 4156 3248 4227 έχων
3280 4157 3373 4210 τὸν
3406 4149 3626 4219 πεπαιηιδί

2152 4246 2245 4299 xui
2279 4248 2660 4303 συντεθεικότα
2701 4250 2827 4303 οὔτε
2868 4252 3099 4321 γενητός
3132 4254 3284 4304 ἐστιν
3310 4250 3431 4302 οὔτε
3461 4244 3626 4299 σύνθετα

2151 4339 2242 4391 Διὸ
2276 4341 2369 4393 ἐπὶ
2395 4342 2491 4412 μὲν
2513 4340 2608 4396 τοῦ
2628 4342 2765 4396 Θεοῦ
2787 4343 2888 4413 τὴν
2920 4343 3093 4396 ἀΐδιον
3115 4342 3354 4414 λέγομεν
3384 4334 3625 4407 συνύπιρξυ

2150 4432 2335 4485 οὑκέτι
2364 4432 2421 4485 δὲ
2454 4435 2546 4488 xui
2587 4434 2858 4501 σύνθεσιν,
2896 4436 2989 4489 ἐπὶ
3019 4435 3078 4489 δὲ
3111 4436 3208 4490 τοῦ
3264 4438 3329 4488 πῖ
3356 4435 3448 4505 τὴν
3481 4428 3626 4484 etiam

2150 4526 2237 4579 διὰ
2270 4527 2369 4599 τὴν
2402 4528 2541 4582 κατὰ
2578 4530 2740 4601 μέρος
2780 4528 2947 4582 αὑτοῦ
2978 4529 3214 4598 γένεσιν.
3252 4523 3348 4593 Εἷς
3381 4527 3536 4581 τοίνυν
3560 4514 3626 4572 ἐπί

2148 4620 2176 4671 ὁ
2205 4618 2357 4683 Θεὸς,
2393 4622 2426 4691 ἡ
2460 4621 2503 4672 Τ
2510 4619 2629 4690 ριὰς
2656 4622 2723 4690 τῇ
2762 4621 2954 4691 μονάδι
2995 4620 3096 4691 τῆς
3141 4620 3330 4684 οὑσίας
3356 4618 3506 4691 χωρζ
3535 4616 3626 4666 τὰτί

2148 4712 2289 4766 κατὰ
2319 4713 2480 4767 τοῦτο
2511 4714 2827 4786 διαιρέσεως
2859 4714 2953 4767 xui
2986 4713 3333 4785 διακρίσεως,
3367 4708 3588 4778 ὥσπερέν
3617 4716 3626 4754 1

2148 4809 2213 4858 πῖ
2242 4808 2307 4877 τῇ
2367 4807 2551 4877 μονάδι
2591 4806 2691 4877 τῆς
2724 4809 2991 4880 γραμμῆς
3038 4808 3209 4879 χωρὶς
3260 4809 3434 4875 πάσης
3460 4803 3541 4871 τῆς
3562 4810 3626 4851 καῖ

2147 4899 2309 4953 τοῦτο
2341 4899 2659 4974 διαιρέσεως
2692 4900 2785 4953 xui
2819 4901 3167 4973 διακρίσεως.
3213 4900 3447 4970 Διαφορὰ
3483 4896 3528 4947 δέ
3556 4896 3625 4944 ἐπι

461 5008 521 5062 ὲν
556 5008 655 5077 μὲν
686 5009 753 5078 τῇ
788 5005 919 5075 ἁγίᾳ
957 5001 1145 5074 Τριάδι
1178 5000 1320 5053 κατὰ
1367 4998 1492 5061 τοὺς
1529 4997 1766 5069 τρόπους
1810 4992 1912 5063 τῆς
1946 4993 2054 5046 τῶν
2088 4994 2435 5049 ὑποστάσεων
2471 4996 2775 5065 ὑπάρξεως,
2815 4999 2877 5050 ἐν
2922 4996 2976 5049 δὲ
3013 4995 3093 5067 τῷ
3126 5001 3189 5049 πῖ
3244 4996 3382 5051 κατὰ
3415 4994 3500 5065 τὴν
3547 4982 3626 5037 :73

378 5130 381 5133 λ
461 5103 610 5159 θέσιν
633 5102 742 5171 (li)
774 5100 874 5170 τῆς
902 5097 1187 5173 γραμμῆς.

531 5215 813 5285 ΟΗᾸΞΒΤ.
831 5213 1046 5269 CXXX.
1086 5210 1143 5266 Si
1168 5212 1297 5282 quia
1322 5209 1544 5273 etclam,
1574 5206 1877 5262 secundum
1902 5203 2044 5259 Grat-

460 5329 576 5379 cos,
611 5312 807 5383 globus
859 5316 943 5363 est
977 5315 1033 5363 et
1078 5314 1346 5370 movetur,
1379 5305 1436 5358 in
1481 5305 1602 5359 loco
1650 5316 1868 5372 quoque
1917 5308 2041 5355 est:

532 5468 608 5539 (9)
641 5466 1030 5539 Koddé'eqdat.
1086 5463 1216 5539 Leg.
1266 5460 1619 5539 κομίζεσθαι..
1650 5458 1775 5513 Mox
1815 5454 2045 5539 Sylbttr-

460 5525 581 5605 gitis
597 5525 735 5609 legit
754 5525 1096 5609 ἀπολέμητον
1132 5525 1322 5609 ἕξοντα
1337 5525 1455 5609 ’τῂν
1470 5530 1841 5609 κατάστασιν.
1865 5525 2044 5579 Malim

457 5604 556 5679 τὴν
580 5604 1021 5680 φαῦλότηταώιιι
1051 5604 1326 5680 quidpiam
1361 5604 1561 5680 simile.

534 5672 642 5746 (ιῦ)
675 5672 941 5747 Θεωρεῐν.
978 5672 1084 5731 Vel
1126 5674 1416 5747 legendum
1452 5672 1874 5747 Qewyﬁwuvel
1910 5672 2044 5747 θεω-

466 5750 577 5817 ρεῖν
608 5744 964 5819 πειρώμενον,
1000 5744 1502 5819 ἰόψιεόῥηιοςιυίι
1537 5744 1885 5815 Sylhurgius.
1925 5745 2041 5800 Mox

466 5815 751 5885 legendum
786 5815 1000 5875 videtur
1024 5815 1101 5889 τῷ
1133 5817 1196 5870 ὲκ
1226 5815 1344 5885 τῆς·

2231 5205 2583 5258 ἘΡΩΤΗΣΙΣ
2617 5206 2738 5258 PA'.
2785 5206 2851 5258 Εἰ
2884 5204 2971 5258 διὰ
3014 5204 3076 5257 τὸ
3123 5204 3243 5259 καθ’
3280 5203 3520 5271 ’Έλληνας
3545 5193 3626 5263 παῖ

2149 5314 2250 5367 ραν
2281 5292 2419 5351 εἶναι
2454 5297 2545 5350 τὸν
2595 5297 2824 5369 οὑρανὺν
2877 5297 2969 5350 xui
3014 5297 3279 5352 κινεῖσθαι
3324 5299 3380 5349 ὲν
3409 5284 3625 5360 Nai

2223 5460 2332 5530 (ll)
2360 5459 2524 5513 Κατὰ
2560 5456 2693 5530 τὴνΔ
2717 5456 2900 5511 ποιὰν
2954 5456 3148 5530 θέσιν.
3196 5453 3493 5530 Prmpositio
3519 5444 3625 5530 addit

2151 5549 2181 5586 a
2220 5516 2737 5602 Sylburgio._Paulo
2780 5535 2911 5583 ante
2942 5516 3543 5602 editionesreéentiorrs
3568 5516 3625 5567 δια

2150 5598 2406 5674 κρίσεως.
2426 5598 2510 5674 Β.
2545 5600 2945 5674 Stephannset
2967 5615 3102 5674 mss.
3134 5598 3382 5674 κρίσεως.

2225 5674 2333 5742 (η)
2368 5656 2472 5725 ἵεν
2519 5656 2697 5737 τόπῷ.
2753 5656 3279 5741 Subintelligendum
3339 5656 3487 5728 ἐστίν,
3515 5656 3626 5713 ntali

2154 5746 2391 5802 servavit
2429 5743 2779 5816 Sylburgius.
