3638 6508
48 343 119 400 581
671 333 1143 404 ΩυΑΞΞΤΙΟΝΕδ
1181 333 1267 389 ΕΤ
1310 333 1485 389 RlZSP

1061 333 1143 390 ES
1181 333 1267 389 ET
1310 331 1841 390 RlZSPONSlONES
1874 333 1965 389 AD
1999 333 2498 391 ORTHODOXOS.

3115 340 3256 396 1582

48 468 105 530 ὡς
129 464 206 519 διὰ
228 464 285 517 τὸ
318 463 392 527 th;
421 460 687 534 καμάραν
716 461 1019 531 πεπῆχθαι,
1048 459 1082 529 ἡ
1115 459 1192 522 ὼς
1222 458 1369 530 δὲριν
1410 475 1485 510 καί

1797 456 1940 511 nodo
1967 457 2015 513 si
2066 457 2295 522 cmlum,
2358 456 2668 513 secundum
2718 456 3088 530 Scripturam,
3138 470 3234 520 tan

47 564 89 631 ὴν
130 555 331 628 Γραφὴν
376 552 727 617 ἐκτετάσθαι,
783 554 812 605 6
860 550 1087 623 οὐρανὸς
1127 550 1229 602 οὐκ
1292 550 1349 601 ὲν
1404 548 1559 617 τόπῳ

48 652 159 713 πίν;
190 650 391 719 Ὠσπερ
424 647 540 719 γάρ
565 647 630 701 τὸ
664 645 977 717 κινούμενον
996 686 1011 709 ,
1045 642 1219 704 οὕτως
1241 640 1335 693 καὶ
1360 640 1421 692 τὸ
1456 656 1560 707 πη-

46 744 245 814 νύμενον,
278 743 334 793 ὲν
380 741 535 812 τόπῳ
570 741 787 810 ἀνάγκη
811 737 1145 809 νομίζεσθαι.
1183 738 1245 791 Εἰ
1284 737 1340 789 δὲ
1373 735 1556 800 τοῦτο,

122 838 206 905 τὴν
228 836 315 888 ἐπὶ
346 838 413 905 τῇ
437 837 759 907 περιγραφῇ
781 833 875 886 τοῦ
896 832 1126 903 οὐρανοῦ
1155 832 1282 902 παρ’
1312 830 1558 902 ἀλλήλων

45 930 301 998 ιτάγνωσιν
349 928 575 982 δικαίαν
611 929 709 998 οὐχ
758 927 989 997 ’ἑξομεν;
1044 926 1107 978 El
1155 925 1200 978 δ’
1250 925 1278 977 6
1329 924 1558 997 οὐρανὸς

46 1023 102 1075 π’
120 1019 449 1090 ἀμφοτέρους
484 1021 545 1072 ὲν
569 1019 742 1090 τόπῳ,
768 1017 861 1071 καὶ
894 1016 1177 1088 ἑκατέροις
1198 1017 1232 1087 ἡ
1262 1015 1357 1068 τοῦ
1391 1014 1556 1069 τόπου

45 1114 185 1183 οιότης
215 1111 303 1164 καὶ
337 1112 582 1182 ποσότης
610 1111 948 1182 καθέστηκεν
979 1110 1273 1179 ἄγνωστος,
1308 1109 1362 1162 τί
1396 1109 1557 1162 πλέον

45 1212 179 1280 lupo:
221 1204 467 1277 θατέρων
504 1204 884 1273 κατεγνῶσθαι
928 1202 1205 1274 δυνάμεθα
1229 1244 1243 1267 ,
1293 1202 1395 1272 τῆς
1428 1202 1557 1274 περὶ

44 1301 89 1353 ὧν
127 1297 566 1371 προλελεγμένων
607 1294 1002 1367 καταγνώσεως
1035 1297 1129 1349 καὶ
1171 1294 1392 1365 ἀγνοίας
1425 1296 1556 1349 ἐκα-

43 1390 153 1459 ίρους
174 1388 362 1458 ἐπίσης
394 1386 739 1460 κατεχούσης
758 1411 773 1461 ;

65 1591 441 1644 ’ΔΠΟΚΡΙΣΙΣ.
480 1591 545 1644 El
597 1592 694 1662 μὲν
747 1591 857 1663 γὰρ
902 1591 1087 1660 ἔλεγον
1133 1592 1183 1645 οἱ
1233 1590 1552 1664 Χριστιανοὶ

44 1702 72 1738 ιν
94 1685 297 1755 οὐρανὸν
335 1684 410 1754 μὴ
455 1680 600 1737 εἶναι
637 1686 696 1737 ὲν
728 1686 909 1756 τόπῳ,
942 1684 1191 1757 καθάπερ
1223 1685 1472 1754 λέγουσιν
1505 1687 1553 1738 οἱ

42 1780 248 1848 Ξλληνες,
284 1777 375 1849 ἴση
415 1777 486 1831 ἂν
522 1777 748 1848 ἔμελλεν
776 1774 915 1831 εἶναι
946 1782 979 1851 ἡ
1010 1780 1141 1853 παρ’
1174 1779 1420 1852 ἀλλήλων
1454 1798 1551 1833 κα-

41 1872 238 1938 ηνωσις,
276 1869 559 1939 λεγόντων
602 1872 699 1942 μὲν
731 1870 803 1942 μὴ
827 1867 966 1924 εἶναι
999 1872 1093 1925 τὸν
1115 1871 1341 1944 οὐρανὸν
1372 1875 1429 1926 ὲν
1461 1873 1549 1925 τό-

42 1983 81 2033 ip,
116 1967 303 2031 φωναῖς
347 1962 445 2016 καὶ
482 1967 845 2033 σημαντικαῖς
876 1962 971 2016 τοῦ
1009 1966 1067 2016 ἐν
1098 1965 1247 2035 τόπῳ
1286 1961 1426 2019 εἶναι
1458 1966 1548 2020 τὸν

42 2056 182 2127 ᾶρανὸν
213 2054 348 2127 πρὸς
389 2054 661 2127 ἀλλήλους
696 2056 1089 2127 χρησαμένωνο
1134 2058 1181 2109 εί
1217 2057 1273 2109 δὲ
1307 2057 1402 2109 τοῦ
1450 2058 1547 2127 μὲν

42 2153 190 2219 ραῖραν
213 2143 350 2202 εἶναι
382 2148 478 2201 τὸν
514 2148 770 2220 οὐρανὸν,
807 2149 899 2202 καὶ
938 2150 1245 2221 σφαιρικῶς
1281 2150 1545 2204 κινεῖσθαι

40 2240 214 2293 Ξυνάτου
242 2240 417 2303 ὄντος,
455 2239 554 2293 τοῦ
590 2240 646 2293 δὲ
668 2241 743 2304 ὡς
775 2240 1031 2313 καμάραν
1065 2236 1200 2295 εἶναι
1250 2243 1415 2297 αὑτὸν
1455 2245 1547 2298 δυ-

39 2332 128 2386 ιτοῦ
164 2331 550 2403 δεικνυμένου·
593 2331 820 2402 οὐδεμία
852 2332 959 2404 ἄρα
995 2334 1027 2403 ἡ
1069 2333 1180 2385 τῶν
1206 2335 1547 2406 Χριστιανῶν

39 2422 73 2472 τι.
110 2425 161 2492 τῇ
201 2423 392 2495 ἀγνοίᾳ
426 2422 796 2490 κατάγνωσις.
846 2423 981 2494 Περὶ
1019 2423 1077 2476 δὲ
1124 2423 1218 2477 τοῦ
1269 2426 1435 2478 τόπου
1482 2429 1547 2480 ὲκ

40 2514 83 2565 ira
106 2515 211 2569 καθ’
246 2518 399 2589 ἡμᾶς
437 2515 818 2588 στοχαζόμεθα
848 2518 976 2588 περὶ
1002 2517 1168 2571 αὑτοῦ
1190 2558 1204 2581 ,
1239 2519 1322 2571 ὅτι
1357 2520 1545 2592 ὥσπερ

40 2608 100 2676 αρ’
129 2609 283 2677 ἡμῖν,
344 2609 480 2661 ὅταν
527 2604 563 2680 ᾖ
614 2608 911 2679 περιφερές
950 2626 1005 2663 τι
1048 2610 1213 2680 σῶμα,
1252 2612 1454 2683 όμαλόν
1485 2631 1545 2666 τε

38 2701 71 2752 :l
91 2702 261 2765 κοῖλον,
297 2701 647 2773 πανταχόθεν
679 2702 1184 2775 ίσοπεριμέτρητον,
1216 2703 1311 2757 ἐὰν
1345 2723 1543 2776 πωμα-

38 2792 76 2861 ag
98 2796 173 2847 ἐπὶ
194 2794 258 2848 τὰ
280 2794 478 2857 ὕδατα,
501 2793 828 2864 βαστάζεται
851 2794 956 2847 ὑπὸ
986 2794 1095 2849 τῶν
1119 2796 1343 2850 ὑδάτων·
1371 2798 1545 2870 τούτῳ

38 2883 247 2957 ᾦτρόπῳ
293 2887 639 2958 βαστάζεται
676 2886 705 2937 6
749 2887 977 2958 οὐρανὸς
1020 2887 1125 2941 ὑπὸ
1154 2890 1265 2943 τῶν
1305 2891 1539 2945 ὑδάτων·

38 2977 57 3024 9
88 2978 347 3043 τανύσας,
399 2976 567 3047 φησι,
604 2975 711 3029 τὸν
740 2975 1002 3044 οἰιρανόν
1028 2978 1109 3043 ὡς
1135 2979 1427 3049 καμάραν.
1455 2984 1544 3055 Τῷ

37 3064 72 3133 ἧς
91 3065 339 3135 καμάρας
376 3066 618 3135 ὀνόματι
650 3065 711 3118 τὸ
739 3065 1034 3136 περιφερὲς
1052 3065 1289 3139 ἐδήλωσε
1320 3069 1415 3123 τοῦ
1447 3070 1545 3123 σώ-

38 3172 128 3218 m;
146 3156 230 3209 τοῦ
267 3157 534 3229 οὐρανοῦ.
564 3155 832 3221 Βαστάζει
860 3152 951 3210 οὖν
971 3157 1063 3210 τὸν
1094 3158 1191 3229 μὲν
1233 3162 1463 3234 οὐρανὸν
1486 3168 1554 3222 τά

1662 568 1835 623 quam
1857 567 2077 607 camera
2105 564 2477 623 compactum,
2502 561 2596 607 aut
2617 554 2764 610 sicut
2791 555 2949 626 pellis
2971 564 3259 614 extensum

1660 656 1767 709 est,
1828 661 1940 701 non
1991 647 2047 701 in
2099 647 2221 701 loco
2265 648 2385 704 est?
2411 646 2548 701 Nam
2594 662 2821 703 necesse
2849 657 3045 713 estut,
3075 668 3238 721 quem

1661 738 1959 795 admodum
1992 739 2047 794 id
2079 740 2225 810 quod
2268 748 2543 802 movetur,
2573 742 2649 795 ita
2673 749 2727 797 et
2761 742 2814 796 id
2833 745 2981 813 quod
3006 747 3261 817 compin-

1660 830 1831 902 gitur,
1860 832 1916 886 in
1939 832 2060 888 loco
2092 848 2216 888 esse
2248 833 2621 889 existimetur.
2649 834 2804 901 Quod
2830 836 2877 893 si
2910 836 3013 893 hoc
3041 838 3122 893 sic
3147 848 3254 907 est,

1661 922 1940 994 quomodo
2004 924 2161 979 alteri
2214 925 2285 979 ab
2332 925 2544 989 alteris,
2574 926 2644 980 ob
2682 926 3255 1001 circumscriptionem

1659 1014 1783 1069 (ςαξιὶ
1812 1028 1923 1069 non
1944 1014 2151 1085 justam
2179 1014 2555 1070 damnationis
2589 1017 3000 1086 reportabimus
3033 1033 3256 1076 senten-

1658 1105 1835 1160 tiam?
1861 1105 1959 1161 Sin
1993 1107 2194 1162 cmlum
2226 1116 2589 1177 utrorumque
2615 1107 2895 1177 opinione,
2923 1110 2980 1165 in
3009 1110 3129 1167 loco
3145 1120 3251 1178 est,

1659 1204 1715 1251 et
1740 1196 1993 1267 utrisque
2025 1197 2130 1252 loci
2163 1198 2405 1268 qualitas
2456 1208 2510 1254 et
2565 1201 2845 1268 quantitas
2898 1201 3085 1271 ignota
3112 1212 3197 1259 est
3233 1222 3249 1259 :

1660 1305 1898 1360 quanam
1928 1305 1987 1345 re
2017 1290 2174 1345 alteri
2206 1290 2411 1346 alteros
2441 1293 2618 1364 magis
2653 1292 3247 1363 damnarepossumus,

1659 1397 1785 1436 cum
1815 1380 1958 1452 apud
1987 1389 2253 1452 utrosque
2276 1398 2471 1438 eorum
2504 1400 2626 1454 quae
2652 1385 2797 1441 dicta
2838 1394 2968 1443 sunt
3000 1387 3247 1454 nomine,

1658 1490 1758 1544 par
1792 1474 1865 1530 sit
1887 1475 2279 1530 condemnatio
2304 1485 2359 1530 et
2386 1476 2731 1547 ignorantia?

1730 1588 1931 1645 RESP.
1964 1588 2023 1644 Si
2054 1589 2354 1647 Christiani
2388 1592 2658 1657 dicerent,
2682 1592 2880 1648 omium
2909 1593 2964 1648 in
2996 1593 3117 1648 loco
3133 1608 3245 1647 non

1658 1698 1808 1749 esse,
1843 1681 2008 1738 sicuti
2041 1680 2214 1737 Graeci
2239 1683 2467 1748 dicunt,
2496 1683 2613 1738 ﬁeri
2649 1692 2832 1753 posset
2859 1691 2918 1737 ut
2950 1684 3108 1737 alteri
3162 1685 3245 1739 al-

1661 1784 1809 1829 teros
1852 1790 1917 1830 ex
1967 1790 2125 1846 aequo
2178 1776 2534 1843 damnarent,
2569 1775 2818 1831 dicentes
2877 1775 3097 1846 quidem
3130 1791 3243 1830 non

1651 1884 1775 1923 esse
1804 1868 1860 1922 in
1891 1869 2013 1923 loco
2046 1871 2269 1931 cmlum,
2302 1869 2485 1925 verbis
2531 1877 2715 1924 autem
2771 1883 2892 1939 qua:
2943 1868 3142 1923 cmlum
3183 1867 3242 1923 in

1652 1960 1774 2015 loco
1802 1976 1927 2016 esse
1974 1961 2311 2031 significant,
2339 1960 2497 2015 alteri
2534 1961 2601 2015 ad
2629 1961 2833 2015 alteros
2863 1966 3098 2015 utentes.
3143 1957 3243 2014 Sin

1653 2059 1711 2105 ut
1744 2051 1942 2106 cmlum
1975 2053 2171 2121 globus
2200 2051 2291 2117 sit,
2317 2063 2370 2108 et
2400 2052 2454 2105 in
2479 2051 2626 2121 globi
2678 2051 2901 2106 modum
2933 2058 3239 2116 moveatur,

1650 2146 1765 2201 ﬁeri
1796 2160 1904 2199 non
1935 2153 2147 2215 potest;
2179 2154 2239 2199 ut
2265 2155 2445 2200 autem
2503 2145 2682 2201 instar
2722 2161 2954 2201 camera:
2988 2147 3082 2209 sit,
3120 2146 3239 2201 ﬁeri

1652 2253 1818 2308 posse
1867 2236 2305 2293 demonstratum
2330 2246 2451 2304 est;
2486 2238 2637 2292 nulla
2672 2238 2864 2309 utique
2894 2237 3240 2294 Christiano-

1650 2345 1772 2383 rum
1801 2330 1873 2385 ob
1901 2329 2305 2401 ignorationem
2335 2329 2742 2385 condemnatio.
2793 2328 2925 2385 Loci
2955 2338 3135 2385 autem
3167 2348 3238 2387 cx

1655 2422 1824 2477 rebus
1849 2424 2059 2478 nostris
2081 2423 2149 2479 de
2177 2439 2243 2478 eo
2268 2423 2500 2478 facimus
2534 2422 2931 2492 conjecturam,
2975 2424 3235 2494 quoniam

1648 2515 2106 2585 quemadmodum
2136 2514 2279 2585 apud
2317 2530 2441 2580 nos,
2472 2515 2517 2572 si
2548 2514 2768 2585 aliquod
2807 2516 2880 2571 sit
2933 2516 3234 2571 rotundum

1648 2620 1869 2675 corpus,
1896 2613 1952 2662 et
1984 2608 2114 2662 laeve
2142 2614 2198 2661 et
2228 2621 2555 2671 concavum,
2588 2615 2642 2661 et
2670 2608 2899 2677 aaqualis
2947 2609 3235 2678 undequa-

1648 2715 1757 2770 quc
1783 2700 2167 2769 dimensionis,
2194 2710 2359 2771 atque
2388 2698 2439 2754 id
2487 2701 2544 2755 in
2574 2715 2745 2772 aquas
2776 2700 3129 2765 immittatur,
3165 2704 3237 2756 ab

1649 2793 1807 2863 aquis
1863 2794 1999 2864 ipsis
2047 2802 2337 2865 portatur:
2369 2792 2439 2847 ad
2469 2793 2723 2849 eumdem
2756 2793 2981 2850 modum
3029 2796 3232 2849 coelum

1647 2891 1898 2953 portatur
1925 2886 1995 2941 ab
2018 2885 2176 2956 aquis
2200 2905 2213 2941 :
2254 2884 2577 2950 Extendens,
2610 2885 2810 2957 inquit,
2837 2887 3023 2941 calum
3049 2897 3105 2940 ut
3143 2906 3235 2941 ca-

1646 2992 1845 3030 meram
1865 2979 1929 3033 “.
1975 2976 2076 3034 Ubi
2110 2995 2336 3033 camerae
2364 2978 2609 3041 nomine,
2645 2979 3034 3034 rotunditatem
3064 2978 3235 3051 498

1645 3069 1895 3139 corporis
1923 3070 2166 3125 ccelestis
2192 3068 2544 3142 signiﬁcavit.
2582 3067 2810 3124 Portant
2844 3071 3009 3141 igitur
3030 3073 3232 3126 caelum

1642 3177 1836 3233 aqum,
1878 3179 2051 3234 aquas
2118 3174 2298 3219 autem
2346 3172 2517 3227 terra,
2566 3172 2767 3217 terram
2824 3178 2989 3233 porro
3027 3179 3233 3233 praece-

35 3245 139 3311 51:1,
156 3250 216 3302 τὰ
240 3251 294 3303 δὲ
310 3251 493 3303 ὕδατα
514 3251 545 3319 ἡ
566 3248 638 3319 γῆ
655 3290 668 3312 ,
697 3249 794 3314 τὴν
822 3249 877 3302 δὲ
892 3248 1017 3319 γῆν,
1054 3250 1114 3303 τὸ
1136 3252 1276 3306 θετον
1301 3257 1472 3325 πρόστ

1793 3296 1794 3306 χ
1854 3257 2099 3312 divinum
2130 3277 2143 3313 :
2198 3255 2554 3326 Suspendens,
2588 3256 2786 3328 inquit,
2817 3266 3013 3312 terram
3044 3258 3101 3312 in
3146 3258 3230 3311 ni-

35 3355 105 3405 μα·
139 3342 192 3393 '0
217 3342 539 3413 κρεμάσας
557 3344 687 3413 (15),
708 3345 861 3415 φησὶ,
879 3346 993 3414 τὴν
1016 3344 1131 3417 γῆν
1154 3347 1248 3400 ἐπ’
1269 3348 1539 3417 οὐδενός.

60 3433 377 3489 ἘΡΩΤΗΣΙΣ
409 3437 595 3489 PAA'.
629 3438 691 3490 Εἰ
712 3440 759 3490 oi
784 3438 1165 3508 εὐαγγελισταὶ
1186 3441 1464 3507 Ματθαῖός
1484 3462 1542 3497 τε

35 3526 66 3576 ti
88 3531 296 3592 Λουκᾶς,
337 3531 401 3583 τὸ
431 3530 587 3583 κατὰ
624 3530 801 3601 σάρκα
832 3534 1281 3603 γενεαλογοῦντες
1304 3537 1395 3590 τὸν
1429 3538 1543 3589 Κύ-

36 3633 98 3679 av,
121 3620 143 3668 ὁ
171 3620 262 3689 μὲν
282 3620 381 3691 τὴν
402 3620 561 3673 κατὰ
582 3618 762 3688 φύσιν,
783 3621 811 3672 6
835 3621 892 3674 δὲ
924 3620 1021 3692 τὴν
1055 3621 1193 3675 κατὰ
1215 3624 1391 3695 σάρκα
1429 3624 1541 3695 (14)

35 3712 285 3779 ῑνεαλογίαν
336 3712 683 3784 συνέγραψε,
734 3713 823 3767 διὰ
853 3714 915 3767 τὸ
957 3715 1128 3781 οὕτως
1156 3718 1224 3771 τά
1260 3717 1401 3771 κατὰ
1432 3720 1544 3773 τῶν

36 3802 223 3857 ουδιίων
256 3806 367 3877 (15)
403 3804 789 3871 συνίστασθαι,
823 3806 939 3871 πῶς
960 3809 988 3861 6
1025 3810 1293 3881 μακάριος
1329 3812 1543 3876 Λουκᾶς

35 3891 297 3948 »δείκνυται
324 3894 405 3965 τῷ
446 3895 723 3966 Ματθαίῳ
761 3898 1093 3967 μαχόμενος,
1129 3899 1377 3964 πλείονας
1416 3903 1542 3965 τοὺς

35 3984 105 4035 κτὰ
128 3988 274 4057 νόμον
306 3989 420 4041 τῶν
461 3986 610 4041 κατὰ
638 3986 785 4040 θέσιν
808 3988 918 4059 (16)
944 3990 1040 4044 τοῦ
1075 3992 1311 4063 Χριστοῦ
1346 3995 1539 4065 γεννή-

36 4092 141 4146 ›ρας,
175 4080 256 4134 διά
294 4081 390 4134 τοῦ
426 4080 639 4134 οἰκείου
672 4081 1005 4149 Εὐαγγελίου
1053 4083 1362 4155 ἐκθέμενος,
1412 4089 1538 4140 τοῦ-

35 4170 162 4221 ιντίον
217 4174 347 4243 παρ’
398 4170 574 4226 αὑτοῦ
630 4173 905 4243 γραφῆναι
952 4175 1299 4244 ὀφείλοντας;
1354 4179 1539 4252 ἐπειδὴ

35 4273 181 4323 mou;
217 4264 343 4327 τοὺς
386 4262 536 4317 κατὰ
589 4262 736 4317 θέσιν
763 4263 873 4317 τῶν
911 4266 1053 4321 κατὰ
1087 4268 1249 4338 φύσιν
1286 4272 1538 4342 πατέρων

36 4350 355 4419 ηλογίζεσθαι
429 4353 673 4425 ἀνάγκη.
752 4355 1055 4427 Ἐνδέχεται
1116 4358 1225 4431 γὰρ
1284 4362 1537 4429 γενέσθαι

35 4443 101 4495 ιτα
142 4447 291 4517 νόμον
345 4446 488 4519 (17),
530 4487 543 4498 .
590 4486 605 4499 .
648 4446 744 4499 τοῦ
793 4447 935 4501 κατὰ
975 4449 1137 4520 φύσιν
1184 4454 1391 4524 πατρὸς
1440 4455 1534 4509 τοῦ

36 4536 121 4587 tia;
156 4543 539 4612 γεννήσαντος.
584 4539 710 4604 Πῶς
749 4537 862 4606 οῦν,
912 4542 1162 4617 καθάπερ
1201 4545 1356 4616 ἔφην,
1385 4548 1535 4619 παρὰ

1645 3345 1833 3403 hilo".

1717 3438 2001 3507 QUIEST.
2028 3440 2264 3497 CXXXI.
2295 3440 2351 3496 Si
2374 3444 2726 3513 evangelista:
2743 3442 3035 3498 Mattheus
3056 3449 3111 3497 et
3128 3441 3234 3496 Lu-

1643 3545 1761 3595 cas,
1820 3531 2039 3601 generis
2094 3530 2331 3595 Domini,
2367 3534 2672 3587 secundum
2725 3547 2970 3596 carnem,
3029 3532 3227 3586 seriem

1644 3632 2015 3685 recensentes,
2048 3624 2187 3677 alter
2208 3633 2438 3687 naturze,
2473 3625 2616 3678 alter
2658 3625 2793 3694 legis
2852 3622 3226 3693 genealogiam

1644 3714 1949 3777 contexuit,
1997 3714 2141 3785 quod
2189 3715 2290 3769 hoc
2317 3716 2390 3769 ita
2419 3731 2603 3770 rerum
2644 3714 2999 3771 Iudaicarum
3022 3713 3230 3767 consti-

1644 3808 1783 3862 tutio
1818 3806 2017 3863 ferret:
2043 3807 2316 3877 quomodo
2333 3806 2513 3863 Lucas
2542 3824 2665 3861 cum
2699 3806 2955 3862 Matthzeo
2984 3821 3230 3877 pugnare

1642 3916 1753 3955 non
1781 3903 2073 3969 reperitur,
2104 3901 2232 3955 dum
2289 3902 2475 3972 plures
2522 3902 2827 3958 secundum
2862 3902 3031 3971 legem
3060 3916 3228 3970 quam

1642 3993 1945 4048 secundum
1978 4002 2232 4048 naturam
2259 3994 2465 4050 Christi
2495 3994 2876 4064 progenitores
2908 3993 2961 4047 in
2988 3992 3230 4061 Evange-

1642 4085 1715 4140 lio
1745 4100 1845 4141 suo
1891 4086 2137 4156 exponit,
2167 4102 2291 4141 cum
2318 4087 2596 4142 diversum
2633 4087 2701 4141 ab
2727 4101 2795 4142 eo
2824 4085 2989 4142 scribi
3022 4084 3230 4139 debue-

1641 4180 1747 4246 rit;
1776 4179 2219 4249 quandoquidem
2251 4178 2542 4249 pauciores
2574 4178 2864 4249 ad0ptivos
2912 4192 3076 4248 quam
3126 4193 3230 4232 na-

1642 4272 1847 4326 turales
1877 4280 2063 4342 patres
2106 4273 2161 4327 in
2196 4273 2512 4345 genealogia
2556 4273 2837 4328 numerari
2869 4286 3094 4328 necesse
3108 4271 3231 4326 est?

1640 4364 1791 4422 Licet
1835 4367 1981 4421 enim
2005 4383 2070 4421 ex
2093 4368 2209 4437 lege
2239 4376 2447 4437 patrem
2481 4366 2619 4428 ﬁeri,
2647 4367 2695 4421 si
2724 4366 3023 4422 defunctus
3049 4366 3118 4421 sit
3151 4365 3223 4430 is,

1638 4458 1731 4528 qui
1756 4460 2060 4513 secundum
2088 4466 2339 4513 naturam
2370 4460 2539 4514 ﬁlium
2562 4462 2770 4531 genuit.
2800 4459 3084 4526 Quomodo
3118 4460 3225 4530 igi-

1641 4558 1753 4615 tur,
1787 4551 2005 4616 utdixi,
2051 4551 2195 4622 apud
2224 4553 2591 4623 evangelistas
2645 4553 2781 4609 ordo
2829 4554 3083 4609 inversus
3111 4569 3220 4609 non

35 4629 82 4689 ιίς
118 4611 526 4701 εὐαγγείλισταῖς
559 4633 612 4703 ἡ.
647 4673 661 4687 .
693 4670 709 4687 .
742 4611 1143 4707 άντέστραπται
1198 4611 1329 4710 (1⁷83,
1371 4611 1472 4693 καὶ.

1783 4657 1847 4699 ac
1874 4644 2077 4709 Lucas,
2105 4660 2229 4699 cum
2265 4660 2428 4715 pares
2455 4645 2566 4700 imo
2596 4646 2884 4716 pauciores
2916 4647 3218 4702 secundum

36 4725 161 4785 mi;
180 4765 194 4787 ,
231 4724 403 4789 ῐσους,
457 4724 663 4797 μᾶλλον
698 4726 755 4780 δὲ
782 4727 1008 4796 ἥττονας
1034 4731 1159 4794 τοὺς
1196 4731 1336 4785 κατὰ
1370 4733 1532 4803 νόμον

35 4809 74 4864 ὒν
94 4816 216 4869 κατὰ
241 4818 406 4887 φύσιν
434 4817 671 4888 ὀφείλων
696 4820 822 4884 τοὺς
848 4818 943 4874 τοῦ
977 4822 1215 4895 Χριστοῦ
1246 4824 1532 4895 ὀνομάζειν

36 4989 175 5048 “lsa.
204 5012 290 5065 ιι,
332 4998 429 5053 22.
499 4998 548 5030 ⁷¹
585 4997 714 5053 Ibid.

48 5167 131 5239 U5)
166 5173 561 5251 Ῐοκρεμάᾳας.
584 5176 877 5251 Existimat
907 5178 1235 5251 Sylburgius
1256 5180 1387 5236 huic
1405 5181 1525 5235 loco

35 5245 273 5319 spondere
311 5248 461 5319 illud,
482 5248 678 5319 psalmi
721 5262 898 5302 cxxxv
926 5245 965 5304 ε’
996 5251 1079 5317 Τῷ
1116 5245 1524 5319 στερεώσαντι

36 5306 223 5432 ξέαεγῆν
252 5317 345 5386 ἐφ’
392 5306 653 5383 ὑδάτων,
709 5319 813 5384 Qui
862 5306 1102 5387 fundasti
1139 5306 1338 5375 terram
1372 5337 1526 5390 super

35 5394 141 5529 7:10;).
159 5458 311 5534 ζςατὰ
329 5455 551 5534 σξὰρκα.
579 5458 890 5534 Legendum
914 5462 1055 5534 κατὰ
1082 5461 1243 5532 νόμον
1268 5463 1351 5517 vel
1384 5460 1527 5515 κατὰ

159 5526 313 5649 idtque
366 5526 426 5583 in
476 5526 891 5601 interpretando
948 5526 1168 5604 Langus
1224 5534 1380 5604 sequi
1415 5548 1523 5588 non

117 5610 188 5649 av:
218 5636 232 5649 .

370 5668 493 5724 τῶν
539 5671 859 5745 Ἰουδαίων.
889 5671 1011 5745 Pro
1038 5674 1182 5728 κατὰ
1208 5674 1335 5736 τοὺς
1384 5672 1515 5745 Ἰουέ

35 5740 156 5815 35?“;-
188 5746 242 5791 ut
271 5740 326 5815 in
364 5757 515 5810 resp.
549 5741 617 5796 ad
647 5752 838 5813 quaest.
874 5744 963 5813 44,
996 5747 1057 5798 τὸ
1086 5746 1227 5799 κατὰ
1272 5744 1511 5814 Χριστοῦ

35 5814 147 5869 δην-ου
171 5814 478 5883 μυστήριον.

1644 4738 1838 4807 legem,
1864 4750 2030 4805 quam
2064 4734 2363 4789 secundum
2416 4742 2669 4789 naturam
2721 4735 2972 4791 debuerit
3002 4752 3225 4792 enume-

1640 4841 1765 4883 rare
1796 4826 2003 4883 Christi
2029 4827 2428 4899 progenitores,
2474 4826 2660 4897 plures
2683 4826 2972 4883 nominare
2998 4843 3222 4899 compe-

1840 5269 2033 5309 angus.

1704 5271 2246 5415 regor.
2286 5327 2461 5415 ‘Addit
2496 5327 2823 5415 Sylburgius
2841 5331 3092 5415 ’πατέριῃ
3125 5349 3214 5385 τε-

1631 5392 2017 5471 τελευτηκότος
2047 5395 2141 5449 τοῦ
2172 5398 2310 5451 κατὰ
2340 5399 2500 5468 φύσιν
2538 5392 2743 5471 πατρὸς
2773 5400 2868 5454 τοῦ
2900 5392 3061 5454 παῖδα
3079 5392 3214 5470 ⁷γεν-

1633 5464 1918 5534 νήσαντος.
1941 5464 2095 5519 Hanc
2127 5464 2409 5537 explendae
2437 5464 2942 5525 lacunae'rationem
2966 5472 3021 5524 in
3049 5464 3216 5528 inter-

1633 5538 1899 5604 pretando
1930 5545 2151 5592 secutus
2186 5554 2327 5595 sum.

1697 5605 1806 5676 (l8)
1856 5608 2330 5681 Ἀντέστραπται.
2382 5609 2695 5681 Ιλρεεῃᾶυίιιι
2744 5610 2974 5681 ήτάξις,
3010 5613 3113 5679 vel,
3151 5623 3210 5670 ut

1626 5676 1805 5745 placet
1882 5676 2207 5750 Sylburgio,
2264 5682 2297 5750 ἠ
2364 5676 2682 5747 γενεαλογία
2743 5676 2844 5735 οὐκ
2913 5676 3208 5756 ἀντεστρα-

1626 5764 1757 5801 πται

1633 5153 2014 5308 “4:32-1:33:
2058 5182 2247 5239 θέσιν.
2296 5185 2612 5259 Legentlum
2668 5188 2808 5243 κατὰ
2836 5190 3015 5260 φύσιν,
3052 5190 3217 5261 idque

1798 5324 1815 5394 )
