3638 6504
65 426 164 485 I585

720 417 1190 487 QUESTIONES
1220 419 1309 474 ET
1348 419 1865 481 RESI’ONSIONES
1897 422 1985 476 AD
2016 422 2504 481 OR'I‘IIODOXOS.

3101 430 3121 483 1
3132 429 3237 485 386

60 541 197 611 πατὴρ
234 534 499 605 ἀλλοτρίας
532 531 691 605 γονῆς
730 532 758 583 6
789 531 1157 603 τελευτήσας,
1193 532 1328 587 ἀλλὰ
1371 533 1466 587 τοῦ
1501 536 1564 589 ἐκ

1725 536 1758 589 li
1796 552 1862 591 ex
1890 538 1984 592 tali
2030 538 2415 607 conjunctione
2443 538 2703 609 gignitur,
2740 539 2983 596 defuncti
3008 557 3129 599 esse
3151 542 3236 596 di—

57 636 122 690 τοῦ
150 632 258 686 ἰδίου
290 628 442 681 αὐτοῦ
488 627 735 696 σώματος
765 625 1108 696 τικτομένου.
1148 626 1361 697 Ὥσπερ
1393 626 1502 697 γὰρ
1533 628 1562 679 6

56 725 307 795 τικτόμενος
348 722 410 773 ἐκ
458 720 559 790 τῆς
602 717 854 790 τοιαύτης
888 719 1186 788 συναφείας
1240 719 1568 790 ὀνομάζεται
1602 721 1696 774 τοῦ
1733 721 2176 792 τελευτήσαντος,
2221 721 2394 787 οὕτως
2439 724 2534 778 καὶ
2577 726 2609 795 ἡ
2655 722 2786 795 γυνὴ
2848 724 3055 778 ἐκείνου
3117 727 3237 777 ὀνο·
3328 760 3333 761 κ

116 818 232 868 ἵεται
260 814 408 868 γυνή.

116 820 137 843 η’
159 834 232 868 ται
325 820 408 867 νή.

57 820 419 960 μῗὲΡΩΤγιῖΣιδΣ
445 904 608 959 PAF’.
638 906 702 958 Εί
726 907 754 959 6
782 904 1098 977 προλεχθεὶς
1121 907 1284 976 νόμος
1315 916 1420 977 πρὸ
1454 908 1564 961 τῶν

52 1000 209 1071 χρόνων
232 997 315 1050 τοῦ
348 996 508 1049 Δαϐὶδ
552 999 665 1060 τοῖς
700 996 1059 1069 Ἰσραηλίταις
1087 998 1417 1063 ἐντέταλται,
1447 998 1564 1063 πῶς

52 1096 71 1144 ὁ
100 1089 439 1160 εὐαγγελιστὴς
477 1089 751 1151 Ματθαῖος
785 1088 893 1142 τῶν
930 1090 1070 1143 κατὰ
1105 1088 1265 1158 φύσιν
1314 1090 1563 1162 πατέρων

53 1184 127 1255 πρὸ
148 1182 226 1236 τοῦ
263 1182 419 1235 Δαϐὶδ
466 1182 559 1237 καὶ
606 1181 743 1254 μετὰ
769 1182 857 1236 τὸν
886 1183 1047 1237 Δαϐὶδ
1077 1184 1477 1255 ἐμνημόνευσεν
1495 1203 1509 1216 ο
1534 1187 1563 1240 6

52 1277 86 1328 δὲ
107 1277 287 1338 Λουκᾶς
311 1275 412 1347 πρὸ
440 1276 537 1346 μὲν
569 1275 661 1328 τοῦ
696 1275 857 1329 Δαϐὶδ
894 1275 1001 1329 τῶν
1033 1273 1175 1328 κατὰ
1213 1275 1394 1344 φύσιν,
1424 1277 1562 1347 μετά

52 1365 175 1418 δὲτὺν
200 1366 367 1431 Δαϐίδ,
415 1366 522 1420 τῶν
550 1368 690 1421 κατὰ
724 1367 885 1440 νόμον
915 1368 1164 1441 πατέρων
1204 1369 1303 1441 τὴν
1344 1370 1562 1440 μνήμην

51 1459 313 1527 seminam;
344 1460 451 1511 Καὶ
479 1461 526 1513 εί
560 1460 627 1513 τὰ
653 1460 889 1532 ὀνόματα
936 1460 1043 1514 τῶν
1085 1461 1227 1516 κατὰ
1269 1461 1428 1531 φύσιν
1469 1464 1564 1517 καὶ

51 1548 147 1601 κατὰ
170 1550 315 1619 νόμον
352 1551 603 1621 πατέρων
630 1551 1046 1624 άπαραλείπτως
1088 1555 1226 1624 μετὰ
1253 1554 1351 1625 τὴν
1383 1555 1563 1626 μετοί-

51 1658 163 1709 ιησιν
203 1640 513 1706 Βαϐυλῶνος
554 1644 612 1695 ὲν
639 1642 808 1707 θείαις
836 1644 1077 1716 Γραφαίς
1101 1645 1200 1715 οὐχ
1230 1646 1559 1716 εὑρίσκεται,

51 1731 141 1784 illi
164 1732 288 1785 κατὰ
311 1734 584 1803 ἀπόφασιν
600 1734 926 1807 γέγραπται,
950 1735 1066 1799 πῶς
1088 1736 1155 1789 τὰ
1182 1736 1324 1790 κατὰ
1346 1738 1559 1807 ἀπόφα-

1666 628 1844 692 (ἰιιιι·;
1878 626 1950 682 ita
1981 636 2034 682 et
2060 628 2259 682 mulier
2285 628 2527 684 defuncti
2553 630 2862 700 appellatur
2889 646 3045 684 uxor.

1735 903 2017 971 QUIEST.
2053 905 2338 962 CXXXIII.
2375 905 2432 962 Si
2463 907 2725 978 praedicta
2754 908 3081 964 constitutio
3110 918 3238 965 ante

1665 996 1887 1055 Davidis
1935 1008 2182 1069 tempora
2232 998 2494 1056 lsraelitis
2548 1008 2633 1055 est
2684 1000 3048 1071 promulgata,
3099 1017 3239 1071 quo-

1665 1090 1831 1145 modo
1867 1091 2203 1161 evangelista
2249 1090 2578 1156 Matthzeus,
2636 1091 2971 1145 naturalium
3020 1100 3237 1162 patrum

1665 1190 1792 1237 ante
1818 1190 1873 1237 et
1913 1190 2039 1253 post
2080 1182 2337 1237 Davidem
2388 1183 2663 1250 meminit,
2708 1182 2887 1239 Lucas
2925 1198 3079 1250 vero,
3111 1191 3240 1240 ante

1665 1271 1926 1329 Davidem
1956 1275 2259 1341 naturales,
2308 1283 2433 1345 post
2472 1275 2733 1331 Davidcm
2772 1292 2888 1343 eos,
2920 1277 3014 1347 qui
3036 1292 3240 1332 secun—

1664 1366 1795 1422 dum
1842 1368 2012 1439 legem
2070 1379 2217 1433 sunt,
2271 1369 2517 1423 nominat
2566 1369 2787 1440 patres?
2826 1368 2892 1422 Et
2924 1370 2971 1425 si
3016 1371 3239 1424 nomina

1664 1457 2002 1511 naturalium
2054 1466 2270 1528 patrum
2319 1467 2374 1513 et
2422 1474 2634 1523 eorum,
2678 1460 2773 1530 qui
2826 1459 3127 1515 secundum
3160 1461 3240 1516 le-

1661 1564 1807 1619 gem,
1850 1559 1976 1618 post
2008 1552 2547 1621 transmigrationem
2593 1551 2884 1623 Babylonis
2927 1552 3151 1607 omnino
3181 1553 3239 1607 in

1664 1640 1842 1696 sacris
1869 1656 1981 1695 non
2008 1643 2360 1712 reperiuntur
2385 1643 2575 1697 relicta
2607 1642 2826 1706 litteris,
2861 1644 2956 1700 sed
2986 1660 3083 1714 per
3111 1660 3241 1714 pro-

1662 1733 1955 1788 nuntiandi
2003 1735 2386 1789 auctoritatem
2417 1736 2621 1805 scripta
2648 1744 2779 1791 sunt
2825 1754 2837 1790 :
2871 1738 3144 1805 quomodo
3172 1753 3238 1793 ea

51 1840 99 1875 τιν
124 1824 377 1895 γραφέντα
406 1826 513 1878 ὑπὸ
536 1825 645 1880 τῶν
671 1827 1073 1900 ἀκριϐεστέρων
1403 1829 1561 1901 δυνή-

1725 1840 1785 1879 ue
1830 1826 1912 1879 sic
1942 1826 2351 1895 pronuntiando
2383 1829 2588 1897 scripta
2632 1835 2783 1894 sunt,
2822 1827 3044 1898 probari
3074 1842 3239 1883 accu-

51 1931 179 1968 ςονται
194 1933 210 1980 ;

95 2009 468 2063 ἈΠΟΚΡΙΣΙΣ
503 2012 612 2065 Καὶ
650 2013 678 2065 6
716 2012 932 2076 Λουκᾶς
958 2011 1067 2067 τῶν
1094 2012 1234 2067 κατὰ
1274 2012 1434 2083 φύσιν
1465 2029 1565 2066 πα-

51 2099 167 2169 τέρων
188 2099 272 2153 τοῦ
312 2102 462 2154 Ἠλεὶ
491 2102 757 2175 ἐμνήσθη,
786 2103 896 2157 τῶν
923 2122 981 2158 τε
1006 2105 1113 2177 πρὸ
1140 2106 1231 2159 τοῦ
1260 2105 1441 2172 Δαϐὶδ,
1472 2109 1566 2160 καὶ

52 2189 109 2240 ὧν
132 2191 254 2260 μετὰ
287 2192 379 2245 τὸν
406 2193 596 2247 Δαϐίδ.
635 2194 691 2246 '0
718 2194 775 2247 δὲ
820 2194 967 2247 Ἠλεὶ
998 2195 1156 2266 μόνος
1193 2190 1261 2267 ἦν
1304 2196 1445 2250 κατὰ
1476 2197 1566 2251 τῆν

51 2281 155 2350 όμον
199 2284 372 2355 πατὴρ
414 2284 512 2337 τοῦ
557 2286 776 2357 Ἰωσὴφ,
822 2284 918 2338 τοῦ
959 2285 1049 2339 διά
1088 2286 1187 2359 τὴν
1222 2286 1361 2341 κατὰ
1402 2288 1566 2358 νόμον

52 2374 205 2444 ιίυετητα
228 2374 329 2439 ἓως
372 2375 473 2429 τοῦ
498 2375 685 2430 Νάθαν
718 2376 858 2430 κατὰ
901 2377 999 2449 τὴν
1028 2377 1195 2449 αὐτὴν
1227 2378 1408 2449 σχέσιν
1434 2380 1567 2433 ἀνα-

52 2465 231 2532 ημένου.
270 2466 341 2519 Τὸ
379 2466 439 2519 δὲ
473 2466 566 2519 τὸν
612 2468 886 2540 Δεσπότην
932 2468 1167 2539 Χριστὸν
1204 2470 1565 2540 ὀνομασθῆναι

52 2555 112 2607 ιίόν
152 2556 234 2609 :05
277 2558 480 2630 Ἰωσὴφ
528 2558 623 2613 δύο
666 2561 911 2633 πατέρας
955 2562 1271 2633 ἐσχηκότος,
1321 2562 1411 2616 τὸν
1469 2563 1567 2633 μὲν

51 2650 134 2701 uti
162 2652 336 2721 νόμον,
375 2650 473 2705 τὸν
499 2650 556 2703 δὲ
589 2651 727 2705 κατὰ
762 2651 943 2722 φύσιν,
989 2654 1022 2723 ἡ
1076 2651 1194 2706 θεία
1245 2653 1403 2725 χάρις
1431 2652 1569 2724 ᾠκο-

52 2740 233 2812 όμησεν,
276 2745 361 2798 ἵνα
393 2747 529 2799 ὅταν
575 2743 862 2815 ἀκούωμεν
906 2744 997 2797 τὸν
1046 2745 1278 2818 Χριστὸν
1320 2744 1433 2799 υίὸν
1469 2747 1568 2816 μὲν

52 2849 123 2884 ἰτα
156 2835 240 2888 τοῦ
277 2837 506 2909 Ἰωσὴφ,
552 2836 626 2908 μὴ
658 2836 981 2909 γεννηθέντα
1032 2836 1088 2889 δὲ
1121 2836 1262 2890 κατὰ
1316 2836 1477 2906 φύσιν
1510 2837 1568 2903 ἐξ

52 2926 166 2990 ὐτοῦ,
199 2929 269 3002 μὴ
304 2929 663 3002 ξενισθῶμεν.
704 2931 913 3001 ’Ὠσπερ
958 2929 1067 3002 γὰρ
1096 2931 1258 2993 αὐτὸς
1300 2932 1329 2983 6
1370 2931 1567 3003 Ἰωσὴφ

52 3019 108 3081 ἰὸς
133 3021 217 3089 μὲν
241 3023 447 3094 ἐκλήθη
480 3023 575 3076 τοῦ
615 3021 781 3087 Ἠλεὶ,
804 3023 879 3094 μὴ
912 3023 1192 3095 γεννηθεὶς
1215 3023 1273 3077 δὲ
1296 3023 1356 3089 ὲξ
1379 3024 1563 3089 αὐτοῦ,

51 3126 83 3161 τι
107 3112 170 3183 τῷ
199 3114 323 3187 θείῳ
356 3117 517 3188 νόμῳ
546 3114 718 3179 οὕτως
752 3116 929 3183 ἔδοξεν
962 3119 1026 3170 ὲκ
1058 3118 1157 3190 τῆς
1186 3119 1441 3187 γυναικὸς
1470 3119 1563 3172 τοῦ

1666 1918 1842 1973 ratius
1878 1934 1993 1973 rem
2026 1919 2433 1989 inquirentibus
2475 1921 2766 1990 poterunt?

1736 2007 1936 2065 RESP.
1992 2009 2056 2063 Et
2108 2009 2286 2066 Lucas
2338 2010 2460 2081 ipse
2508 2010 2842 2067 naturalium
2892 2020 3108 2082 patrum
3155 2010 3240 2068 Eli

1666 2100 1938 2166 meminit,
1993 2110 2106 2157 tum
2166 2120 2354 2159 eorum
2390 2104 2481 2173 qui
2532 2113 2681 2170 ante,
2736 2114 2849 2159 tum
2907 2121 3095 2160 eorum
3144 2105 3239 2176 qui

1666 2201 1790 2263 post
1823 2194 2078 2251 Davidem
2120 2195 2360 2252 fuerunt.
2396 2196 2479 2251 Eli
2508 2204 2692 2252 autem
2725 2199 2878 2253 solus
2914 2199 3015 2253 fuit
3033 2198 3239 2270 Ioseph

1664 2285 1969 2340 secundum
2025 2287 2197 2357 legem
2227 2296 2405 2357 pater,
2445 2289 2536 2359 qui
2566 2303 2634 2343 ex
2679 2290 2773 2344 ﬁlii
2804 2290 2949 2359 jure,
3002 2292 3149 2361 quod
3188 2292 3239 2347 ei

1665 2378 1755 2434 lex
1804 2379 2101 2444 tribuebat,
2146 2397 2323 2452 usque
2371 2380 2438 2435 ad
2467 2381 2681 2437 Nathan
2710 2384 2899 2438 eadem
2930 2385 3240 2440 necessitu-

1666 2469 1794 2525 dine
1824 2471 2161 2541 perducitur.
2207 2471 2364 2541 Quod
2408 2483 2590 2529 autem
2632 2473 2896 2531 Dominus
2930 2477 3239 2547 appellatus

1666 2568 1751 2616 est
1782 2556 1927 2619 ﬁlius
1956 2561 2182 2634 Joscphi
2233 2565 2374 2621 duos
2424 2574 2609 2637 patres
2658 2566 2949 2634 habentis,
3004 2569 3240 2625 alterum

1664 2654 1974 2709 secundum
2020 2656 2214 2727 legem,
2268 2658 2499 2713 alterum
2544 2658 2845 2714 secundum
2876 2669 3150 2730 naturam,
3186 2663 3243 2717 id

1668 2746 1849 2801 divina
1897 2748 2071 2818 gratia
2124 2757 2479 2820 attemperate
2524 2750 2950 2817 administravit,
3009 2761 3069 2806 ut
3115 2769 3241 2808 eum

1667 2838 1922 2893 audimus
1965 2837 2244 2893 Christum
2275 2854 2399 2895 esse
2428 2839 2598 2893 lilium
2635 2838 2879 2911 Iosephi,
2924 2856 3026 2897 nec
3054 2850 3242 2899 tamen

1666 2945 1733 2985 ex
1772 2944 1838 2985 eo
1885 2930 2187 2985 secundum
2221 2939 2471 2985 naturam
2506 2932 2769 3002 genitum,
2820 2933 3045 2989 minime
3077 2935 3244 2991 mire-

1667 3035 1811 3073 mur.
1857 3019 2330 3087 Quemadmodum
2360 3022 2505 3076 enim
2535 3020 2738 3093 Joscph
2780 3031 3007 3078 vocatus
3046 3031 3129 3079 est
3161 3023 3242 3078 Eli

1669 3111 1834 3176 ﬁlius,
1880 3129 1992 3168 non
2038 3123 2217 3168 autem
2252 3130 2319 3168 ex
2362 3130 2427 3169 eo
2467 3115 2705 3185 genitus,
2741 3116 2868 3185 quia
2909 3114 3108 3171 divinae
3138 3117 3243 3188 legi

51 3202 142 3256 Πλεὶ
164 3204 339 3261 δοῦναι
386 3209 508 3262 υίὸν
553 3208 631 3279 τῷ
674 3210 842 3275 Ἠλεὶ,
890 3210 1062 3273 οὕτως
1105 3209 1249 3276 ἔδοξε
1298 3210 1376 3281 τῷ
1427 3210 1564 3281 θεῷ,

1725 3219 1745 3257 a
1767 3204 1994 3274 placuit,
2026 3219 2093 3260 ex
2126 3220 2296 3259 uxore
2321 3203 2403 3259 Eli
2436 3206 2568 3261 dare
2599 3206 2772 3261 eidem
2807 3206 2889 3261 Eli
2927 3207 3129 3262 ﬁlium:
3163 3208 3244 3262 sic

51 3296 171 3367 κτῆς
194 3300 453 3367 γυναικὸς
490 3301 587 3355 τοῦ
630 3301 824 3374 Ἰωσὴφ
854 3301 1037 3356 δοῦναι
1093 3302 1205 3355 υἱὸν
1253 3301 1329 3373 τῷ
1370 3303 1565 3375 Ἰωσὴφ

52 3387 405 3461 ἡγεννηθέντα
432 3393 580 3448 κατὰ
603 3393 763 3464 φύσιν
786 3392 847 3459 ἐξ
883 3392 1070 3449 αὐτοῦ.
1106 3393 1348 3464 Ἰωσὴφ,
1380 3396 1562 3466 φησὶν,

52 3479 118 3546 ίδς
138 3484 323 3547 Λαδιδ,
348 3485 440 3557 μὴ
473 3485 746 3556 φοϐηθῇς
784 3487 1153 3556 παρωὶαὸεἷν
1178 3487 1412 3557 Μαριὰμ
1453 3487 1568 3556 τὴν

52 3574 223 3627 ιιι-αἷκά
251 3579 476 3632 σου.Τὸ
511 3577 622 3650 γὰρ
654 3582 718 3632 ἐκ
746 3579 1004 3648 γυναικός
1046 3597 1191 3643 τινος
1219 3581 1391 3650 χωρὶς
1433 3598 1566 3652 πορ-

51 3664 131 3729 είας
150 3669 484 3741 τικτόμενον,
523 3670 639 3734 υἱός
677 3673 823 3723 ἐστιν
868 3670 927 3735 ἐξ
966 3671 1212 3742 ἀνάγκης
1246 3669 1339 3723 τοῦ
1376 3671 1566 3741 ἀνδρὸς

51 3760 87 3811 1‘.
110 3761 196 3831 τῆς
223 3765 523 3833 γυναικός’
561 3756 605 3832 ᾧ
636 3763 821 3835 τρόπῳ
849 3763 1093 3834 βούλεται
1139 3766 1168 3817 6
1215 3763 1345 3827 Θεὸς
1386 3763 1565 3817 δοῦναι

51 3853 106 3904 llr;
130 3855 199 3926 τῷ
229 3856 403 3927 ἀνδρὶ,
437 3858 473 3929 ἢ
510 3855 601 3909 διὰ
636 3856 926 3926 συναφείας
971 3856 1003 3927 ἢ
1050 3856 1218 3928 χωρὶς
1253 3856 1563 3925 συναιρείας.

52 3944 101 3996 ὖκ
128 3950 387 4017 ἀποφάσει
408 3949 469 4002 δὲ
504 3947 775 4019 χρώμενοι
806 3950 856 4001 οί
884 3948 1264 4017 εὐαγγελισταὶ
1290 3950 1387 4020 τὴν
1416 3947 1567 4002 ἔκθε-

51 4053 81 4087 εν
106 4040 416 4111 ἐποιήσαντο
446 4041 561 4093 τῶν
589 4042 647 4093 έν
686 4043 805 4103 ταῖς
846 4040 1218 4109 γενεαλογίαις
1244 4040 1567 4111 ὀνομασθέν-

52 4146 111 4193 ev,
153 4132 281 4186 ἀλλὰ
325 4136 457 4196 ταῖς
504 4132 805 4204 ἐγγράφοις
850 4134 1131 4204 ἱστορίαις.
1177 4133 1411 4206 Ἑϐραῖοι
1457 4134 1566 4205 γαρ

52 4237 121 4272 παν
149 4224 201 4291 ἐξ
235 4226 515 4298 Ἐϐραίων
561 4226 608 4278 οἱ
652 4224 750 4290 τὰς
782 4225 1130 4295 γενεαλογίας
1174 4227 1567 4299 συγγραψάμε-

52 4330 75 4363 av.
96 4316 218 4383 ἇγιοι
239 4317 637 4388 εὐαγγελισταί
660 4334 672 4347 ·
704 4318 833 4389 παρ’
861 4312 942 4380 οἷς
966 4317 1131 4389 πολλὴ
1161 4335 1242 4381 τις
1270 4313 1338 4389 ἦν
1366 4319 1568 4390 σπουδὴ

51 4403 85 4453 ν]
138 4409 431 4479 ἐγγράφως
495 4407 613 4478 (26)
677 4407 819 4477 ἔχειν
869 4408 967 4479 τῆς
1016 4408 1301 4479 βασιλικῆς
1360 4427 1419 4462 τε
1474 4412 1566 4463 καὶ

59 4501 381 4572 τραηλιτικῆς
416 4500 540 4572 (9.7)
583 4499 754 4571 φυλῆς
796 4499 895 4571 τὴν
939 4500 1306 4568 γενεαλογίαν.
1354 4502 1567 4572 Ἀμέλει

52 4591 123 4641 ετὰ
150 4593 239 4663 τὴν
265 4598 330 4647 ὲκ
369 4591 702 4655 Βαϐυλῶνος
735 4592 989 4645 ἐπάνοδον
1020 4592 1048 4643 6
1078 4592 1308 4665 Ἔσδρας
1347 4592 1441 4656 οὓς
1470 4595 1570 4664 οὐχ

52 4673 135 4752 Ᾰρεν
180 4687 234 4738 ἐν
278 4686 357 4758 τῷ
400 4684 520 4739 τῶν
581 4684 768 4755 ἱερέων
818 4682 1099 4753 καταλόγῳ
1148 4684 1569 4755 γενεαλογουμέ-

52 4794 126 4839 ῖυς,
170 4780 386 4843 τούτους
421 4776 685 4843 ἐξέϐαλεν
728 4775 836 4828 ἀπὸ
872 4775 972 4845 τῆς
1018 4775 1296 4847 ἱερατικῆς
1328 4775 1571 4847 λειτουρ-

52 4866 124 4931 in.
156 4873 260 4927 Καὶ
292 4872 461 4925 τοῦτο
496 4870 776 4923 δείκνυται
812 4869 877 4921 ἐκ
907 4868 1005 4939 τῆς
1038 4866 1219 4936 βίϐλου
1251 4866 1360 4919 τῶν
1389 4871 1578 4935 Παρα-

52 4966 359 5033 ειπομένιιηρ.

70 5053 401 5110 ἘΡΩΤΗΣΙΣ
434 5055 611 5108 ΡΛΔ’.
658 5052 723 5105 Ei
753 5052 844 5105 τὸν
871 5052 1033 5123 νόμον
1058 5053 1171 5115 τοῖς
1211 5050 1574 5123 Ἰσραηλίταις

73 5146 185 5210 θεὸς
231 5150 320 5202 διὰ
374 5146 668 5207 Μωῡσέως
712 5144 1049 5215 κατέπεμψε,
1099 5144 1214 5207 πῶς
1256 5145 1315 5197 ἐν
1364 5144 1571 5197 πλείοσι

51 5231 160 5300 ἑποις
193 5238 288 5309 τῆς
317 5238 479 5301 θείας
518 5234 743 5307 Γραφῆς
787 5235 950 5306 νόμος
990 5233 1122 5305 (28),
1161 5235 1256 5287 καὶ
1297 5235 1358 5287 οὐ
1404 5235 1569 5305 νόμου

51 5332 269 5404 ιμοθέτης
293 5338 324 5387 ὸ
356 5331 615 5401 Μωῦσῆς
640 5329 1001 5400 όνομάζεται;

97 5489 136 5519 ⁷⁵
158 5489 347 5547 Matth.
371 5506 412 5556 ι,
438 5488 541 5544 20.
654 5486 701 5519 ⁷⁵
732 5484 895 5542 Esdr.
926 5502 981 5554 κ,
1009 5486 1065 5542 5.

65 5641 160 5711 (25)
214 5641 698 5713 Ἀκριϐεστέρων.
731 5639 966 5713 Langus
1012 5647 1074 5713 et
1110 5636 1569 5713 Sylburgius‘hie

52 5707 171 5791 tesse
204 5707 610 5771 existimarunt
633 5707 1262 5780 verbum'dtrrwsxllﬁvat
1292 5708 1375 5763 vel
1420 5707 1568 5762 aliud

200 5856 569 5925 ἰη-γράφως.
608 5850 721 5907 liae
774 5867 909 5908 voce
948 5862 1065 5907 acta
1116 5850 1346 5907 indicari
1379 5849 1569 5903 obser-

142 5949 409 6047 Parnm.
461 5948 584 6009 Gn.
625 5946 667 6005 ν
684 5945 730 6007 I.

1669 3293 1780 3349 Deo
1801 3296 1980 3350 visum
2011 3302 2128 3358 est,
2160 3310 2226 3349 ex
2256 3294 2488 3366 conjuge
2514 3294 2761 3366 Iosephi,
2795 3296 2967 3349 ﬁlium
3000 3296 3134 3350 dare
3166 3297 3247 3351 ei-

1668 3384 1789 3441 dem
1818 3384 2055 3456 Josepho
2100 3387 2404 3441 secundum
2451 3395 2707 3442 naturam
2743 3403 2810 3443 ex
2840 3403 2905 3443 eo
2937 3404 3047 3443 non
3086 3390 3245 3458 geni-

1668 3489 1806 3534 tum.
1844 3478 2063 3549 Ioseph,
2115 3479 2211 3545 ait,
2264 3480 2347 3549 ﬁli
2398 3480 2585 3547 Dur-id,
2635 3482 2745 3534 noli
2797 3482 2979 3534 timere
3012 3480 3246 3547 accipere

1668 3568 1904 3624 Mariam
1927 3571 2199 3641 conjugem
2230 3581 2375 3624 tuam
2404 3572 2476 3630 7";
2503 3588 2625 3626 nam
2660 3572 2713 3627 id
2747 3574 2892 3644 quod
2918 3589 2982 3629 ex
3015 3575 3247 3629 muliere

1668 3666 1946 3734 quapiam,
1982 3664 2190 3733 absque
2236 3671 2429 3733 stupro
2468 3672 2522 3719 et
2570 3664 2933 3722 fornicatione
2982 3666 3243 3737 gignitur,

1668 3756 1983 3813 necessario
2020 3756 2123 3810 viri
2166 3763 2219 3811 et
2248 3758 2436 3813 uxoris
2471 3758 2617 3814 ﬁlius
2645 3766 2763 3822 est,
2796 3774 3124 3830 quacunque
3150 3774 3245 3812 ra-

1668 3848 1819 3904 tione
1849 3847 1991 3904 Deus
2018 3847 2152 3902 dare
2188 3848 2319 3902 velit
2356 3848 2525 3902 ﬁlium
2558 3850 2710 3914 viro,
2753 3865 2851 3920 per
2882 3851 3132 3919 copulam
3164 3851 3250 3905 vi-

1668 3940 1890 4007 delicet,
1919 3941 2001 3997 vel
2038 3941 2177 3995 citra
2204 3940 2480 4010 copulam.
2511 3940 2868 4012 Nequaquam
2899 3950 3083 3996 autem
3112 3954 3247 4012 pro-

1670 4034 1959 4091 nuntiandi
1979 4034 2305 4089 auctoritate
2339 4040 2577 4099 utentes,
2610 4032 2706 4089 sed
2740 4033 2991 4089 historiis
3024 4032 3092 4088 ad
3123 4036 3247 4087 a‘cta

1670 4126 1959 4198 depositis,
2015 4126 2366 4197 evangelista:
2419 4140 2516 4180 eos
2575 4132 2996 4190 recensuerunt,
3046 4126 3139 4195 qui
3190 4125 3246 4178 in

1670 4219 2005 4292 genealogiis
2051 4220 2428 4273 nominantur.
2473 4216 2609 4270 Nam
2653 4217 2827 4273 sancti
2873 4216 3245 4287 evangelista,

1669 4312 1763 4383 qui
1800 4311 2146 4382 genealogias
2195 4310 2559 4379 scripserunt,
2612 4306 2821 4363 Iicbrzei
2859 4314 3110 4361 erantex
3141 4305 3249 4361 [Ic-

1670 4405 1832 4460 brteis
1880 4403 2005 4468 orti,
2058 4401 2200 4472 apud
2248 4417 2388 4472 quos
2444 4402 2679 4471 plurima
2729 4400 2937 4455 exstitit
2982 4414 3138 4463 cura,
3188 4406 3248 4451 ut

1671 4496 2081 4554 commentariis
2120 4495 2281 4566 500
2326 4494 2563 4566 publicis
2614 4494 3036 4561 consignaretur
3083 4491 3249 4563 regiae

1672 4600 1727 4646 et
1755 4590 2117 4645 sacerdotalis
2154 4589 2335 4643 tribus
2377 4586 2718 4659 genealogia.
2766 4586 2927 4640 Certe
2957 4592 3081 4655 post
3107 4585 3248 4640 redi-

1673 4693 1788 4738 tum
1814 4699 1844 4738 e
1874 4682 2171 4753 Babylone,
2206 4679 2412 4735 Esdras
2446 4680 2491 4710 ⁷⁸
2513 4694 2654 4748 quos
2683 4678 2736 4731 in
2767 4676 3014 4746 catalogo
3048 4690 3248 4747 genea-

1671 4777 1829 4849 logia:
1877 4775 2225 4831 sacerdotum
2255 4772 2534 4827 recenseri
2563 4785 2674 4826 non
2706 4768 2936 4833 invenit,
2971 4783 3067 4823 eos
3101 4784 3130 4821 a
3160 4783 3250 4823 sa-

1673 4869 2044 4925 cerdotalibus
2079 4866 2400 4921 muneribus
2437 4864 2668 4919 amovit.
2698 4866 2872 4933 Atque
2895 4863 2999 4917 hoc
3020 4877 3085 4917 ex
3112 4860 3251 4915 libro

1676 4958 2125 5022 Paralipomenon
2181 4965 2351 5027 patet.

1747 5046 2029 5115 QUIEST.
2070 5047 2360 5103 CXXXIV.
2404 5047 2464 5101 Si
2507 5048 2681 5118 legem
2726 5045 2927 5117 populo
2954 5042 3251 5099 Israelitico

1676 5142 1820 5197 Deus
1861 5157 1958 5211 per
2005 5140 2208 5195 Mosem
2240 5141 2414 5204 misit,
2464 5138 2740 5209 quomodo
2772 5142 2829 5192 in
2874 5136 3061 5192 multis
3114 5134 3250 5189 locis

1674 5235 1872 5291 divina:
1914 5232 2214 5304 Scriptura:
2250 5232 2428 5289 Moses
2477 5232 2563 5287 lex
2595 5230 2818 5295 dicitur,
2865 5245 2976 5285 non
3014 5242 3144 5283 vero
3171 5227 3249 5281 Ie-

1670 5328 1897 5398 gisiator
1914 5328 1936 5381 ?

1674 5637 1797 5692 vavi
1835 5636 1891 5693 in
1914 5635 2123 5706 Dialog.
2160 5634 2218 5689 S.
2248 5635 2472 5706 Justini.

1743 5704 2346 5781 (27)_‘I_q’pmi.1ttmﬁc.
2382 5704 2692 5777 Legendum
2746 5704 3022 5776 ἱερατικῆς
3053 5705 3248 5763 obser-

1677 5777 2195 5849 vavit'Sylburgius.

1746 5850 1856 5921 (9.8)
1888 5844 2101 5917 Νόμος.
2135 5845 2282 5903 Idem
2303 5846 2431 5918 legit
2463 5848 2524 5899 οὺ
2547 5846 2726 5917 νόμος,
2754 5844 2888 5898 ἀλλὰ
2920 5845 3105 5914 νόμου.

2897 5937 2972 5997 Ιώ
