3638 6490
358 384 494 440 158Ἰ
1056 371 1418 430 ΑΡΡΕΝΟΙΧ.
1460 400 1535 414 -—-
1570 364 1750 422 PARS
1786 365 1828 420 l.
1872 362 1925 419 S.

2120 357 2235 416 l‘lNl
2273 353 2506 413 OPERA
2544 349 2817 408 SPUBIA.
3476 344 3588 398 {388

419 494 618 552 RESP.
651 493 768 550 Mos
792 499 878 550 est
903 507 1015 548 non
1043 499 1255 547 tantum
1281 484 1620 544 hominibus,
1645 481 1739 536 sed
1765 479 1925 535 etiam

2120 470 2519 528 ‘AIIOKPIZIE.
2559 468 2718 531 Ἔθος
2764 463 2912 518 ἐστὶν
2947 461 3008 515 οὗ
3056 459 3219 531 μόνον
3267 459 3374 520 τοῖς
3412 457 3592 531 ἀνθρώ-

353 590 556 647 divinis
605 587 805 644 litteris
828 627 844 652 ,
888 584 1112 640 nomine
1144 580 1386 637 auctoris
1417 576 1510 647 qui
1555 571 1763 643 aliquid
1792 570 1925 626 dixit

2120 586 2176 632 ,ς,
2211 565 2347 620 ἀλλὰ
2375 563 2470 617 καὶ
2493 565 2559 633 τῇ
2607 560 2724 632 θεία
2765 558 2958 630 Γραφῇ
2983 553 3062 624 τῷ
3092 551 3188 605 τοῦ
3224 551 3494 624 εἰρηκότος
3521 553 3594 605 τδν

353 690 447 736 aut
494 681 736 753 scripsit.
791 677 1096 731 orationem
1128 671 1434 742 appellare,
1470 672 1530 720 ut
1570 662 1730 732 cujus
1763 675 1827 716 ea
1859 660 1925 714 sit

2120 677 2186 713 'ov
2213 657 2434 728 ὀνόματι
2479 651 2762 724 ὀνομάζειν
2807 649 2901 702 τὸν
2927 647 3108 714 λόγον,
3146 645 3226 706 είς
3262 642 3483 712 δήλωσιν
3517 644 3594 696 τοῦ

352 734 667 838 indicetur;
700 734 760 826 ut
815 778 900 824 cst
953 767 1084 822 illud
1130 734 1406 820 :-S'edebat
1459 756 1728 814 eunuchus
1775 770 1925 820 super

2120 770 2175 816 ος
2207 746 2344 804 εἶναι
2389 748 2478 801 τὸν
2520 746 2677 814 λόγον
2730 743 2840 814 (‘29)
2862 759 2876 772 ·
2907 741 2983 804 ὡς
3011 739 3098 792 τό·
3152 734 3435 802 Ἐκάθητο
3463 739 3494 788 ό
3517 738 3596 789 εὑ-

353 886 537 934 curru,
593 865 888 938 legebatque
942 859 1250 930 prophetam
1307 854 1513 908 Isaiam
1541 853 1610 916 ⁷⁸,
1645 859 1701 905 et
1735 849 1883 903 illud
1917 867 1929 902 :

355 937 693 1015 Abominatio
740 951 1108 1011 desolationis,
1158 963 1276 1018 qua:
1313 945 1460 997 dicta
1499 953 1578 997 est
1631 957 1664 993 a
1716 937 1936 992 Daniele

354 1051 606 1121 propheta
627 1048 696 1102 "’.
754 1045 898 1112 Quin
942 1049 996 1098 et
1041 1056 1143 1095 nos
1182 1038 1369 1094 dicere
1393 1033 1816 1090 consuevimus:
1852 1038 1938 1084 est

358 1143 491 1199 mihi
535 1140 800 1214 propheta
836 1136 1103 1193 Jeremias
1140 1141 1232 1187 aut
1260 1131 1563 1202 apostolus.

430 1317 710 1388 QUIEST.
738 1313 1000 1373 CXXXV.
1038 1312 1096 1367 Si
1122 1326 1287 1368 verus
1314 1309 1406 1365 ille
1432 1308 1688 1364 Christus
1717 1313 1822 1368 est,
1845 1305 1940 1375 qui

359 1415 630 1468 actionem
678 1415 733 1464 et
781 1406 1201 1479 appellationem
1235 1402 1433 1456 divinat
1465 1399 1766 1468 Scriptura:
1807 1411 1941 1451 con-

357 1512 674 1562 sentaneam
733 1500 933 1558 habet,
981 1497 1260 1552 Christum
1321 1500 1504 1547 autem
1557 1497 1812 1545 vocatum
1873 1489 1938 1542 iri

357 1594 764 1652 Emmanuelem
812 1591 998 1646 divina
1053 1590 1340 1658 Scriptura
1388 1583 1642 1656 prazdixit
1660 1583 1709 1616 ⁷³
1743 1593 1758 1632 :
1798 1597 1941 1652 quo-

357 1689 522 1744 modo
556 1701 721 1743 verus
755 1683 1012 1739 Christus
1045 1678 1460 1736 existimaliitur
1505 1674 1801 1738 Dominus,
1846 1671 1941 1742 qui

359 1800 426 1839 ex
458 1797 567 1853 quo
598 1789 762 1835 natus
791 1785 896 1844 est,
930 1788 1202 1845 nusquam
1237 1768 1608 1825 Emmanuelis
1637 1781 1939 1837 cognomen

2033 842 2254 911 νοῦχος
2304 838 2400 891 ἐπὶ
2453 837 2559 890 τοῦ
2615 835 2896 904 ἅρματος,
2954 831 3051 884 καὶ
3104 827 3467 896 ἀνεγίνωσκε
3511 827 3599 878 τεν

2036 931 2353 1002 προφήτην
2412 929 2696 989 Ἡσαΐαν,
2745 926 2840 980 καὶ
2908 922 3102 976 πάλιν·
3169 919 3242 973 Τὸ
3289 918 3597 986 βδέλυγμα,

2037 1024 2190 1094 φησὶ,
2228 1021 2340 1090 τῆς
2378 1019 2724 1090 ἐρημώσεως
2763 1016 2829 1070 τὸ
2877 1011 3201 1083 εἰρημένον
3235 1010 3316 1076 τῷ
3352 1009 3596 1080 προφήτῃ

2038 1116 2284 1182 Δανιὴλ.
2325 1113 2593 1176 Ὡσαύτως
2617 1111 2674 1164 δὲ
2703 1110 2796 1164 καὶ
2834 1109 2969 1179 ἡμῖν
3003 1105 3124 1168 ἔθος
3156 1102 3357 1171 λέγειν,
3394 1103 3599 1172 ἐκτησά-

2043 1229 2149 1284 μην
2178 1210 2268 1263 τὸν
2296 1208 2577 1280 προφήτην
2622 1202 2912 1275 Ἰερεμίαν,
2945 1200 2979 1270 ἢ
3010 1199 3104 1252 τὸν
3131 1197 3447 1251 ἀπόστολον.

2132 1299 2481 1355 ἘΙὮΤΗΣΙΣ
2512 1297 2678 1350 ΡΛΕ’.
2714 1295 2776 1347 El
2815 1288 3069 1363 ἀληθινός
3115 1292 3264 1343 ἐστιν
3291 1291 3321 1342 6
3345 1288 3600 1360 Χριστὸςό

2038 1395 2136 1466 τὴν
2165 1391 2362 1464 πρᾶξιν
2403 1390 2496 1444 καὶ
2537 1389 2636 1460 τὴν
2681 1387 2872 1458 κλῆσιν
2900 1383 3043 1438 κατὰ
3093 1382 3194 1453 τὴν
3233 1381 3380 1434 θείαν
3410 1380 3598 1452 Γρατὴν

2043 1486 2501 1555 ἐπιδεικνύμενος,
2542 1477 2888 1552 Ἐμμανουὴλ
2925 1477 2982 1530 δὲ
3029 1473 3318 1529 καλεῖσθαι
3353 1473 3443 1525 τὸν
3491 1475 3598 1542 X9:—

2045 1582 2165 1634 στὸν
2195 1581 2228 1651 ἡ
2263 1576 2381 1630 Θεία
2408 1573 2596 1646 Γραφὴ
2625 1570 3021 1644 προηγόρευσε,
3052 1567 3173 1630 πῶς
3196 1565 3443 1636 ἀληθινὸς
3463 1567 3488 1617 6
3511 1566 3597 1616 lis-

2047 1689 2159 1745 ριος
2190 1667 2596 1740 νομισθήσεται,
2625 1666 2654 1717 6
2697 1661 2835 1733 μετὰ
2864 1661 2928 1712 τὸ
2968 1659 3230 1730 τεχθῆναι
3267 1655 3503 1728 μηδαμοῦ
3525 1657 3596 1707 τοι]

2057 1760 2403 1834 Ἐμμανουὴλ
2425 1758 2522 1829 τὴν
2553 1754 2924 1828 προσηγορίαν
2953 1751 3292 1822 δεξάμενοςς
3318 1749 3491 1812 οὐδεὶς
3514 1748 3599 1817 γὰρ

362 1827 426 1839 ν..
460 1827 565 1853 .,....
599 1827 752 1835 ..-ω
794 1827 896 1844 νγ,
1707 1827 1737 1837 ν

362 1874 618 1946 accepit?
669 1871 970 1940 Postquam
1021 1865 1165 1922 enim
1217 1862 1476 1918 Christus
1505 1858 1747 1923 advenit,
1782 1871 1925 1912 nemt

2120 1827 2134 1910 ᾧ
2164 1827 2394 1908 ’ἐλθόντα
2429 1827 2660 1924 Χριστὸν
2699 1850 2764 1918 τῇ
2814 1846 3004 1918 κλήσει
3031 1843 3125 1898 τοῦ
3169 1841 3504 1914 Ἐμμανουήλ
3524 1840 3599 1892 ἐπὶ

362 1969 517 2024 illum
571 1960 942 2019 Emmanuelis
999 1955 1363 2028 appellatione
1414 1949 1738 2006 nominatim
1775 1948 1944 2004 -desi-

363 2059 571 2132 gnavit.

437 2149 634 2205 RESP.
691 2147 748 2203 Si
785 2146 840 2200 in
880 2141 1212 2213 evangelicis
1251 2136 1666 2193 narrationibus
1707 2133 1946 2202 contine-

364 2254 456 2300 tur
485 2243 794 2297 divinarum
849 2237 916 2291 de
948 2235 1170 2289 Christo
1212 2230 1625 2302 praedictionum
1681 2232 1944 2291 eventus,

365 2350 578 2405 nosque
603 2333 797 2387 beatus
827 2327 1116 2382 Matthzeus
1144 2321 1364 2379 edocuit
1394 2321 1574 2391 ipsum
1599 2333 1744 2381 esse,
1775 2329 1945 2386 .quem

366 2404 552 2484 divina
581 2422 866 2496 praedictio
918 2415 1288 2473 Emmanuelis
1325 2411 1546 2468 nomine
1577 2417 1832 2464 vocatum
1877 2404 1946 2459 iri

366 2517 690 2591 praestituit,
723 2512 999 2585 quomodo
1025 2524 1135 2564 non
1174 2513 1402 2562 vocatur
1439 2501 1946 2557 Emmanuelisno-

366 2587 551 2660 inine?
580 2601 698 2657 Non
729 2600 894 2656 desiit
919 2606 1099 2653 autem
1125 2602 1317 2650 sancta
1349 2592 1444 2648 Dei
1473 2591 1742 2653 Ecclesia,
1770 2587 1948 2644 sancti

366 2696 649 2767 Evangelii
691 2693 943 2750 instituta
971 2687 1284 2759 disciplina,
1319 2683 1730 2738 Emmanuelem
1765 2679 1950 2752 appel-

367 2791 483 2846 lare
513 2787 822 2843 Dominum.
850 2783 1124 2838 Habemus
1159 2787 1338 2834 autem
1361 2776 1568 2832 Christi
1587 2774 1952 2847 appellatione

367 2889 596 2937 creteras
624 2893 816 2934 omnes
859 2875 1101 2930 inclusas
1139 2868 1346 2926 Christi
1395 2868 1811 2938 appellationes,
1845 2863 1950 2920 etsi

368 2990 478 3029 non
509 2969 767 3027 omnibus
794 2982 1011 3038 semper
1042 2965 1270 3020 utimur.
1296 2961 1483 3032 Neque
1513 2960 1660 3015 enim
1697 2958 1824 3028 quia
1857 2971 1952 3011 vo-

370 3076 548 3129 catur,
588 3063 908 3119 Emmanuel
950 3072 1055 3124 est,
1093 3059 1190 3115 sed
1227 3058 1357 3128 quia
1390 3063 1496 3120 est,
1542 3063 1788 3124 vocatur.

447 3313 732 3381 QUAEST.
775 3314 1063 3371 CXXXVI.
1094 3315 1149 3370 Si
1177 3328 1432 3387 parentes
1462 3317 1750 3388 aspernari
1770 3317 1954 3371 divina

372 3415 522 3464 vetat
557 3407 845 3479 Scriptura
875 3411 942 3471 ’³,
975 3417 1028 3464 et
1059 3410 1153 3481 qui
1184 3411 1349 3465 vetita
1385 3409 1549 3475 facit,
1585 3419 1843 3482 peccator
1873 3410 1955 3464 di-

372 3501 550 3567 citur,
591 3501 867 3571 quomodo
911 3501 1175 3556 Dominus
1209 3501 1488 3562 Christus.
1537 3503 1630 3572 qui
1681 3503 1851 3558 variis
1900 3505 1955 3556 in

375 3593 512 3648 locis
562 3601 819 3662 parentes
867 3601 1196 3663 aspernatus
1226 3602 1332 3657 est,
1367 3608 1397 3646 a
1435 3599 1662 3663 peccato
1695 3592 1957 3648 immunis

373 3682 719 3737 ostenditur?
754 3681 888 3736 Nam
919 3683 974 3736 in
1013 3683 1242 3753 nuptiis,
1278 3683 1406 3737 dum
1440 3684 1615 3738 dicit:
1651 3683 1792 3750 Quid
1829 3684 1959 3736 mihi

374 3785 423 3830 et
450 3774 566 3840 tibi,
608 3776 836 3830 mulier?
883 3775 929 3807 ⁸⁰
970 3784 1201 3831 matrem
1241 3776 1584 3848 objurgavit;
1635 3785 1690 3831 et
1735 3776 1960 3847 quando

378 3869 530 3924 illum
583 3869 755 3923 voluit
800 3868 985 3924 videre
1027 3877 1221 3934 mater,
1272 3878 1502 3924 matrem
1531 3877 1585 3924 et
1619 3868 1819 3924 fratres
1865 3883 1961 3924 eos

381 3966 695 4036 appellavit,
737 3966 834 4037 qui
873 3966 1209 4022 voluntatem
1243 3966 1339 4021 Dei
1381 3967 1591 4021 faciunt
1627 3967 1693 4022 ⁸¹.
1727 3967 1807 4021 Ac
1836 3982 1962 4021 rur-

381 4074 478 4114 sus
522 4073 646 4112 cum
675 4059 866 4113 beatus
899 4057 1081 4113 dictus
1121 4065 1206 4113 est
1247 4067 1456 4124 venter,
1488 4058 1582 4128 qui
1620 4072 1744 4112 eum
1776 4063 1963 4126 porta-

380 4150 481 4215 vit,
514 4160 582 4217 ,οι
615 4151 781 4206 ubera
807 4191 822 4214 ,
856 4165 978 4221 quae
1016 4166 1139 4205 eum
1189 4150 1559 4215 lactaverunt,
1611 4149 1728 4220 ipse
1769 4149 1962 4205 beatos

381 4243 518 4298 dixit
545 4257 640 4297 eos
669 4243 764 4314 qui
805 4243 1142 4297 voluntatem
1180 4240 1277 4296 Dei
1309 4240 1518 4296 faciunt
1545 4242 1630 4307 ⁸²;
1677 4257 1799 4312 qua:
1834 4242 1961 4313 qui-

381 4339 503 4393 dem
553 4337 738 4390 omnia
796 4336 863 4391 ad
911 4335 1297 4390 contumeliam
1342 4335 1536 4388 matris
1571 4336 1639 4390 ab
1678 4351 1743 4390 eo
1771 4335 1965 4390 existi-

383 4439 602 4483 maninr
625 4429 803 4491 dicta,
835 4427 961 4498 quia
990 4442 1116 4481 cum
1150 4435 1322 4481 mater
1349 4428 1468 4497 ejus
1501 4427 1780 4481 nominata
1816 4433 1965 4482 esset

2047 1947 2242 2012 λέξεως
2272 1943 2733 2020 προσηγόρευσεν.

2135 2125 2533 2182 ἈΠΟΚΡΙΣ1Σ.
2571 2124 2634 2176 Εἰ
2678 2123 2735 2174 ἐν
2774 2121 2888 2182 τοῖς
2929 2115 3308 2186 εὐαγγελικοῖς
3339 2113 3600 2183 διηγήμασι

2046 2222 2362 2295 περιέχεται
2408 2217 2516 2270 τῶν
2558 2215 2715 2269 θείων
2753 2213 2880 2283 περὶ
2926 2207 3169 2282 Χριστοῦ
3213 2204 3600 2279 προρρήσεωνῄ

2048 2294 2292 2378 ἔκϐασις,
2339 2309 2685 2383 παραδέδωκε
2725 2306 2781 2359 δὲ
2820 2306 2951 2376 ἡμῖν
2991 2301 3156 2356 αὐτὸν
3187 2296 3324 2353 εἶναι
3361 2299 3446 2350 τὸν
3486 2294 3604 2349 κατὰ

2049 2407 2200 2460 θείαν
2245 2403 2546 2476 πρόρρησιν
2597 2396 2999 2471 προορισθέντα
3046 2391 3126 2462 τῷ
3159 2387 3256 2443 τοῦ
3297 2385 3604 2458 Ἐμμανουὴλ

2050 2498 2333 2554 καλεῖσθαι
2385 2494 2610 2565 ὀνόματι
2665 2492 2704 2540 μό
2740 2489 3010 2560 μακάριος
3058 2483 3366 2544 Ματθαῖος·
3413 2480 3520 2542 πῶς
3557 2482 3604 2531 οὒ

2051 2594 2295 2648 καλεῖται
2349 2589 2424 2661 τῷ
2465 2585 2560 2640 τοῦ
2611 2579 2963 2655 Ἐμμανουὴλ
3021 2576 3281 2647 ὁνόματις
3327 2574 3397 2627 Οὐ
3433 2571 3607 2624 διέλιπε

2050 2687 2106 2740 δὲ
2147 2686 2181 2756 ἡ
2221 2682 2354 2752 ἁγία
2401 2679 2494 2734 τοῦ
2539 2676 2674 2730 Θεοῦ
2723 2670 3020 2743 Ἐκκλησία
3051 2669 3190 2739 (50),
3236 2665 3396 2720 θοῦσα
3440 2667 3501 2717 ἐκ
3531 2663 3606 2731 τῆς

2050 2774 2396 2838 διδασκαλίας
2417 2771 2510 2826 τοῦ
2535 2769 2691 2838 ἁγίου
2707 2764 3070 2834 Εὐαγγελίου,
3087 2758 3428 2832 Ἐμμανουὴλ
3447 2756 3607 2824 ὀνομά-

2053 2869 2166 2934 ζειν
2191 2867 2281 2921 τὸν
2309 2865 2532 2936 Κύριον.
2555 2863 2792 2932 Ἔχομεν
2829 2857 2894 2928 δὴ
2928 2859 2984 2909 ὲν
3011 2858 3078 2926 τῇ
3105 2851 3370 2924 ὀνομασία
3395 2850 3479 2902 τοῦ
3509 2851 3608 2919 Χρι-

2055 2960 2180 3014 στοῦ
2213 2959 2392 3021 πάσας
2424 2955 2522 3018 τὰς
2553 2951 2744 3014 λοιπὰς
2771 2947 3072 3020 ὀνομασίας
3098 2945 3195 2999 τοῦ
3227 2941 3453 3015 Χριστοῦ
3482 2958 3607 3009 περι-

2055 3053 2341 3126 εχομένας,
2369 3052 2416 3104 εἰ
2443 3051 2535 3103 καὶ
2571 3046 2645 3118 μὴ
2673 3049 2877 3106 πάσαις
2906 3042 2991 3094 ἀεὶ
3019 3037 3358 3110 κεχρήμεθα.
3382 3035 3502 3088 Οὐδὲ
3523 3035 3607 3102 γὰρ

2057 3145 2245 3214 ἐπειδὴ
2273 3143 2537 3203 καλεῖται,
2570 3134 2922 3210 Ἐμμανουήλ
2937 3134 3060 3185 ἐστι
3081 3148 3094 3159 ·
3126 3130 3266 3194 ἀλλ’,
3294 3128 3467 3198 ἐπειδὴ
3497 3128 3606 3187 ἐστι,

2059 3237 2324 3293 καλεῖται.

2143 3327 2491 3384 ἘΡΩΤΗΣῙΣ
2522 3325 2704 3390 ΡΛΕΓ.
2731 3322 2794 3374 Ei
2824 3319 2884 3373 τὸ
2913 3320 3041 3382 τοὺς
3077 3316 3272 3387 γονέας
3303 3315 3494 3368 ἀθετεῖν
3525 3309 3605 3362 ὕπο

2057 3421 2152 3492 τῆς
2174 3418 2321 3481 Θείας
2350 3415 2570 3488 Γραφῆς
2591 3410 2986 3482 ἀπηγόρευται,
3010 3408 3104 3460 καὶ
3129 3410 3159 3460 6
3192 3404 3388 3476 μετιὼν
3410 3401 3473 3454 τὰ
3496 3401 3605 3467 ἁπη-

2057 3508 2382 3582 γορευμένα,
2413 3501 2735 3574 ἁμαρτωλὸς
2757 3497 3115 3569 όνομάζεται’
3147 3495 3266 3558 πῶς
3294 3495 3348 3546 ἐν
3376 3490 3604 3559 διαφόροις

2056 3603 2243 3666 τόποις
2275 3602 2400 3663 τοὺς
2433 3596 2664 3658 οἰκείους
2687 3596 2862 3664 γονεῖς
2900 3594 2948 3662 ό,
2969 3589 3250 3659 Δεσπότης
3275 3586 3491 3659 Χριστὸς
3511 3583 3604 3634 ἀϐε-

2059 3697 2252 3768 τήσας,
2278 3691 2658 3762 ἀναμάρτητος
2683 3686 2987 3749 δείκνυται;
3020 3683 3110 3734 Ἐν
3143 3681 3242 3751 μὲν
3267 3679 3372 3749 γὰρ
3395 3677 3464 3747 τῷ
3481 3676 3605 3743 γάμῳ

2059 3787 2148 3839 διὰ
2178 3785 2268 3836 τό·
2322 3782 2381 3836 Τί
2418 3779 2546 3849 ἐμοὶ
2586 3777 2683 3831 καὶ
2717 3776 2838 3838 σοὶ,
2877 3776 3094 3849 quirat;
3119 3774 3186 3842 τῇ
3247 3769 3408 3841 μητρὶ
3446 3767 3603 3833 λέγειν,

2062 3875 2366 3946 ἐπέπληξεν
2387 3891 2398 3902 ·
2432 3872 2594 3943 ἡνίκα
2620 3871 2676 3923 δὲ
2701 3867 2997 3921 θεάσασθαι
3043 3848 3208 3918 αὺτὸν
3242 3865 3276 3933 ἡ
3314 3863 3479 3932 μήτηρ
3504 3856 3603 3925 ἠθέ-

2061 3971 2214 4040 λησε,
2263 3943 2478 4038 ⁷μητέρα
2508 3963 2600 4016 καὶ
2625 3961 2885 4028 ἀδελφοὺς
2912 3958 3039 4019 τοὺς
3061 3955 3123 4007 τὸ
3163 3954 3369 4024 θέλημα
3393 3949 3474 4004 τοῦ
3500 3943 3602 4000 Θεοῦ

2065 4061 2350 4122 ποιοῦντας
2389 4058 2660 4128 ὠνόμασε.
2706 4051 2813 4105 Καὶ
2870 4049 3057 4111 πάλιν,
3087 4049 3179 4101 ὅτε
3223 4039 3599 4116 ἐμακαρίζετοή

2067 4152 2386 4225 βαστάσασα
2424 4145 2587 4201 αὑτὸν
2621 4140 2816 4203 κοιλία,
2856 4139 2953 4191 καὶ
2981 4140 3028 4191 oi
3059 4136 3258 4207 μαστοὶ
3285 4133 3374 4196 οὓς
3399 4130 3599 4199 senm.

2064 4245 2192 4307 τοὺς
2216 4241 2500 4302 ποιοῦντας
2523 4237 2582 4290 τὸ
2607 4234 2815 4304 θέλημα
2837 4231 2932 4284 τοῦ
2956 4228 3092 4282 Θεοῦ
3123 4228 3284 4289 αὐτὸς
3305 4219 3599 4295 ἐμακάριζε-υ·

2067 4337 2211 4407 ἅπερ
2240 4335 2454 4388 ἅπαντα
2480 4331 2565 4398 ἐφ’
2598 4327 2750 4398 ὕϐρει
2781 4325 2883 4394 τῆς
2925 4321 3133 4394 μητρὸς
3160 4321 3291 4392 παρ’
3317 4314 3463 4369 αὐτοῦ
3483 4311 3600 4378 νομί-

2068 4401 2248 4492 ζονται
2264 4424 2533 4494 λέγεσθαι,
2551 4421 2683 4474 διότι
2701 4417 2808 4489 (51)
2825 4417 2926 4488 τῆς
2943 4414 3154 4487 μητρὸς
3175 4410 3337 4467 αὑτοῦ
3352 4401 3599 4478 ὀνομασθεί-

383 4529 438 4575 et
483 4520 643 4575 beata
695 4497 1015 4590 praedicata,
1061 4519 1178 4588 ipse
1210 4519 1346 4573 alios
1392 4520 1441 4573 ei
1494 4519 1774 4589 opposuit,
1824 4533 1925 4589 quo

2120 4539 2171 4594 τις
2203 4521 2298 4575 καὶ
2335 4515 2786 4591 μακαρισθείσης,
2835 4510 2978 4564 κατὰ
3019 4503 3414 4573 ἀντιδιαστολὴν
3451 4497 3599 4565 αὐτῆς.

387 4614 575 4668 beatos
607 4611 943 4682 praedicavit.
990 4609 1114 4666 Haec
1145 4621 1324 4666 autem
1364 4612 1676 4684 opponendi
1708 4621 1872 4676 ratio,
1906 4619 1967 4665 ut

384 4703 739 4759 manifestum
795 4710 903 4768 est,
967 4702 1034 4757 de
1099 4703 1396 4759 contrariis
1444 4703 1608 4758 rebus
1671 4703 1964 4774 accipitur.

384 4796 658 4852 Praeterea
708 4796 756 4851 si
798 4805 1044 4851 sanctam
1071 4795 1353 4867 Virginem
1386 4797 1440 4850 in
1475 4803 1641 4851 tantm
1675 4797 1965 4866 dispensa-

387 4888 553 4942 tionis
606 4885 974 4940 ministerium
1007 4886 1191 4956 elegit,
1239 4886 1514 4955 quomodo
1557 4885 1780 4956 indigna
1815 4885 1968 4948 virgo

387 4978 720 5041 existimata,
763 4991 884 5047 quae
915 4978 1074 5032 beata
1113 4977 1505 5048 praadicaretur
1545 4976 1616 5031 ob
1647 4992 1710 5032 ea
1741 4991 1864 5046 qua:
1887 4975 1972 5030 di-

386 5083 474 5127 cta
525 5071 686 5124 sunt?
715 5069 872 5136 Quod
900 5070 949 5125 si
977 5085 1099 5139 quae
1131 5070 1278 5124 dicta
1324 5077 1473 5134 sunt,
1511 5083 1700 5124 secum
1734 5069 1969 5124 invicem

389 5164 546 5235 501
572 5173 846 5234 pugnant:
877 5161 1153 5233 quomodo
1185 5178 1372 5218 secum
1405 5163 1638 5218 invicem
1669 5162 1971 5235 pugnantia

390 5274 499 5312 non
521 5273 581 5313 se
605 5257 838 5312 invicem
868 5255 1211 5311 dissolvent?

496 5379 544 5410 ⁷⁸
565 5379 687 5434 Act.
712 5393 832 5440 vin,
873 5375 962 5430 30.
1073 5376 1117 5406 "
1144 5374 1336 5431 Matth.
1373 5393 1520 5440 xxiv,
1557 5377 1646 5431 i5.

390 5465 492 5513 xu,
543 5449 634 5504 67.
747 5449 794 5479 θ’
828 5446 961 5501 Luc.
988 5461 1064 5510 ιιι,
1096 5444 1186 5499 27.

465 5569 574 5640 (29)
609 5568 913 5640 Εἶναιτὸν
947 5568 1167 5640 λόγον.
1219 5563 1436 5640 Melius,
1485 5572 1543 5618 ut
1592 5559 1968 5640 idcm_monet,

393 5628 537 5703 τίνος
555 5629 710 5720 ’ἐστὶν
731 5641 759 5691 6
785 5639 957 5720 λόγος.
980 5628 1086 5691 sed
1117 5638 1206 5692 hic
1227 5637 1466 5706 scriptor
1488 5640 1665 5689 scatet
1695 5628 1969 5699 ejusmodi

394 5723 666 5764 SCI’IDOIIIS
694 5724 882 5763 ηωνιε.

471 5778 579 5847 (3U)
614 5779 960 5844 Ἐκκλησία.
1018 5776 1272 5847 Legendo
1294 5776 1540 5847 μαθοῦσα
1571 5773 1705 5828 nihil
1740 5770 1806 5825 ad
1844 5785 1970 5847 sen-

399 5840 518 5901 sum
547 5840 872 5912 explendum
923 5840 1123 5913 deerit:
1153 5840 1330 5917 neque
1369 5847 1424 5900 id
1483 5844 1731 5915 Langum
1762 5853 1814 5897 et
1844 5840 1971 5912 Syl-

1753 5376 1799 5407 ⁷⁸
1839 5375 1943 5429 lsa.
1970 5388 2068 5436 vn,
2105 5371 2169 5425 14

2075 4615 2166 4666 ὑπ’
2191 4611 2355 4666 αὑτοῦ
2381 4605 2825 4683 ὲμακαρίσθησαν
2858 4604 3059 4674 ἕτεροι.
3098 4602 3162 4653 Ἡ
3187 4601 3243 4653 δὲ
3271 4592 3597 4658 ἁντιδιαστολὴ.

2075 4703 2232 4772 δῆλον
2300 4702 2383 4754 ὅτι
2441 4699 2526 4752 ἐπ’
2581 4693 2839 4750 ἐναντίων
2895 4690 3242 4762 πραγμάτων
3309 4684 3595 4756 λαμϐάνεται.

2079 4793 2288 4856 Ἀλλως
2320 4809 2378 4846 τε
2402 4793 2450 4844 εί
2483 4789 2582 4860 τὴν
2607 4787 2766 4856 ἁγίαν
2801 4783 3078 4855 Παρθένον
3110 4781 3222 4852 (5:!)
3252 4781 3327 4842 εἰς
3346 4779 3429 4849 τὴν
3452 4771 3596 4827 τοπὺ-

2075 4903 2174 4958 της
2189 4882 2496 4954 οἰκονομίας
2514 4877 2814 4948 ὑπουργίαν
2840 4873 3180 4935 ὲκλέλεκται,
3202 4871 3315 4933 πῶς
3339 4864 3496 4932 ἀναξία
3517 4876 3594 4931 μα-

2074 4955 2348 5049 καρισμοῦ
2375 4973 2516 5028 κατὰ
2543 4972 2612 5026 τὰ
2640 4967 3008 5041 προλεχθέντα
3052 4967 3087 5036 ἡ
3131 4962 3397 5034 Παρθένος

2076 5043 2306 5132 σταιξεί
2341 5064 2398 5117 δὲ
2429 5063 2499 5115 τὰ
2535 5060 2772 5132 ρηθέντα
2805 5055 3067 5117 ἐναντίως
3126 5053 3240 5124 ἔχει
3272 5051 3395 5122 πρὸς
3421 5043 3591 5112 ἄλληλα.

2074 5159 2194 5222 πῶς
2219 5157 2290 5211 τὰ
2327 5155 2575 5228 ἀλλήλοις
2614 5150 2832 5205 ἐναντία
2871 5148 2971 5218 τὴν
3007 5147 3137 5218 παρ’
3169 5144 3397 5213 ἀλλήλων
3418 5139 3466 5191 οὐ
3489 5139 3590 5201 λαμ·

2075 5252 2228 5306 δάνει
2256 5247 2549 5304 κατάλυσιν
2574 5261 2590 5310 ;

2279 5369 2327 5402 ⁷³
2353 5364 2524 5421 Exod.
2552 5361 2756 5430 xx,12.
2871 5358 2918 5405 5"
2948 5356 3112 5411 Joan.
3136 5371 3200 5420 ll,
3238 5355 3291 5408 4.
3376 5351 3411 5382 ⁸¹
3441 5340 3587 5399 Hall-1L

2077 5556 2330 5626 burgium
2364 5553 2540 5626 latuit.

2149 5600 2603 5697 (ἕίῖλίᾶἐξῖια
2659 5621 2884 5697 scripsit
2918 5619 3255 5697 'Sylburgius
3281 5631 3370 5689 pro
3403 5600 3585 5677 ecquod

2085 5691 2318 5751 habebat
2342 5694 2408 5748 Β.
2447 5691 2877 5764 διορὴιιιιυεᾲδιὰ
2908 5691 2990 5746 τό.

2733 5742 3153 5845 'Steplianuset
3183 5777 3310 5817 mss.
3349 5752 3511 5808 addunt
3534 5742 3583 5810 ἣν

2156 5856 2182 5890 r.
2270 5852 2381 5890 rior
2413 5835 2606 5890 vocula
2641 5851 2695 5888 ιιι
2729 5835 2852 5888 aliis
2875 5835 3208 5890 editionibus
3230 5832 3476 5890 expuncta.

2083 5832 2182 5902 sig.
2221 5832 2396 5892 Prior
2413 5835 2606 5891 vocula
2641 5837 2695 5888 in
2729 5832 3208 5891 aliiseditionibus
3230 5832 3476 5898 upuncta.
