3638 6490
361 385 493 442 1591
1101 381 1463 441 APPBNDIX.
1488 411 1556 422 —
1583 378 1765 434 PARS
1804 379 1844 433 ι.
1889 378 1946 435 S.
1987 375 2253 434 JUSTINI
2296 376 2530 435 OPERA
2569 373 2844 435 SPURIA.
3483 373 3607 427 159?.

354 503 691 573 sepulturam
736 516 890 555 suam
939 516 1061 558 esse
1108 500 1297 563 duxit,
1332 513 1396 553 ac
1425 512 1526 552 nos
1561 512 1649 567 per
1704 494 1929 565 ﬁguram

2130 511 2215 546 σιν
2247 491 2351 546 τοῦ
2396 494 2565 565 μύρου
2615 486 2984 560 ένταιριασμὸν
3034 486 3148 558 (35)
3184 485 3379 539 ἑαυτοῦ
3426 487 3610 554 λογιζο-

358 593 578 665 quidetn
604 592 763 664 502
799 593 901 647 hac
934 594 985 647 in
1008 593 1140 655 vita,
1166 606 1355 645 revera
1386 600 1564 643 autem
1590 588 1643 641 in
1669 586 1853 641 futura
1876 586 1932 640 in

2128 602 2232 638 mu'
2273 584 2371 637 καὶ
2392 584 2541 652 τύπῳ
2579 584 2678 655 μὲν
2712 582 2802 635 ἐπὶ
2831 579 2927 633 τοῦ
2974 578 3265 651 παρόντος,
3301 576 3519 647 ἀληθείᾳ
3564 576 3613 629 δὲ

359 685 912 739 communicationem
976 682 1293 753 passionum
1346 693 1569 735 suarum
1636 686 1689 733 et
1751 676 1935 748 gloriae

359 778 599 831 vocavit.

432 953 711 1021 QUEST.
739 950 1067 1008 CXXXVIII.
1094 950 1150 1005 Si
1180 950 1364 1019 justus
1390 957 1474 1006 est
1504 950 1596 1019 qui
1622 957 1936 1019 peccantem

362 1044 433 1099 ob
464 1044 723 1099 delictum
756 1041 1074 1107 ulciscitur,
1106 1040 1380 1110 quomodo
1403 1040 1589 1109 justus
1634 1039 1812 1103 Deus,
1844 1039 1938 1109 qui

361 1145 568 1191 tantam
597 1135 1001 1191 multitudinem
1026 1135 1142 1187 neci
1167 1133 1315 1187 dedit
1341 1134 1411 1187 ob
1442 1134 1670 1188 aliorum
1703 1133 1935 1189 delicta:

359 1229 646 1284 Ionatham
680 1228 804 1284 dico
841 1235 893 1282 et
929 1226 1206 1292 Davidem,
1237 1226 1329 1297 qui
1368 1226 1507 1295 lapsi
1552 1234 1700 1293 sunt,
1732 1227 1939 1296 primus

362 1322 578 1391 quidem
608 1321 777 1391 quod,
814 1334 879 1374 ex
924 1319 1257 1390 ignorantia,
1280 1318 1550 1388 jejunium
1602 1319 1942 1390 degustando

360 1412 521 1468 melle
536 1410 780 1473 solverit,
797 1410 934 1465 alter
950 1425 1079 1464 vero
1100 1409 1245 1479 quod
1263 1411 1523 1480 populum
1542 1410 1942 1466 inconsiderate

362 1502 719 1559 recensuerit.
744 1501 900 1569 Quod
931 1503 977 1558 si
1010 1504 1136 1573 quis
1165 1503 1312 1558 dicat
1336 1504 1679 1559 subditorum
1708 1511 1939 1559 mortem

360 1595 670 1667 principum
701 1610 919 1665 paruam
959 1595 1161 1661 fuisse,
1196 1597 1470 1667 quomodo
1524 1612 1634 1652 non
1682 1596 1940 1668 injustus,

361 1689 456 1761 qui
482 1689 802 1743 innocentes
857 1688 1034 1758 poenis
1084 1688 1349 1759 SllIljiCil?
1398 1688 1679 1754 Quomodo
1710 1704 1818 1743 non
1849 1688 1946 1744 ad-

362 1786 618 1834 versatur
651 1775 951 1847 Scripturm
975 1778 1182 1831 dicenti
1219 1794 1231 1829 :
1268 1778 1461 1832 Anima
1491 1794 1607 1848 qua:
1635 1780 1948 1846 peccaverit,

365 1872 482 1931 ipsa
512 1870 814 1925 morietur?
848 1870 914 1925 ⁸⁷.

436 1959 635 2015 RESP.
670 1959 1055 2015 Gravissiniam
1107 1977 1229 2017 esse
1267 1977 1479 2033 pmnam
1514 1961 1943 2032 delinquentium

365 2069 577 2125 regum,
611 2054 795 2123 populi
829 2068 1049 2123 poenam
1095 2054 1338 2109 declarat
1370 2056 1484 2125 ipse
1518 2056 1711 2110 beatus
1752 2054 1942 2120 David,

364 2144 495 2199 dum
528 2143 695 2198 Deum
731 2154 1007 2214 precatur,
1041 2152 1099 2199 ut
1131 2145 1183 2199 in
1225 2160 1283 2201 se
1313 2154 1367 2199 et
1392 2146 1445 2199 in
1479 2146 1701 2200 domum
1733 2162 1889 2202 suam
1914 2161 1945 2200 a

366 2235 567 2304 populo
624 2235 835 2305 plagam
887 2234 1203 2290 transferat.
1274 2235 1519 2307 Regnum
1572 2238 1715 2291 enim
1772 2237 1947 2307 quatit

366 2327 707 2381 subditorum
759 2327 1085 2383 imminutio.
1120 2326 1380 2384 Similiter
1407 2341 1460 2385 et
1505 2329 1634 2384 Saul
1661 2330 1945 2385 occisurus

366 2429 483 2475 erat
513 2418 680 2473 ﬁlium
729 2436 888 2475 suum
930 2418 1243 2486 Ionatham,
1272 2430 1331 2476 ut
1372 2422 1519 2477 illius
1556 2422 1703 2478 caede
1735 2424 1945 2492 plagam

368 2512 552 2582 pupuli
606 2519 845 2575 sanaret,
881 2511 985 2567 nisi
1032 2528 1309 2583 occupans
1361 2515 1591 2584 populus
1622 2514 1859 2583 iurasset
1887 2530 1947 2569 se

368 2620 479 2659 non
512 2620 805 2674 passurum
832 2603 1175 2661 utJonathas
1205 2608 1567 2663 occideretur.
1598 2606 1664 2660 Et
1693 2606 1950 2677 quemad-

368 2694 590 2747 modum
644 2703 855 2749 constat
902 2694 1065 2749 homo
1115 2711 1181 2749 ex
1236 2696 1416 2751 anima
1459 2708 1512 2752 et
1556 2711 1826 2767 corpore,
1874 2696 1948 2751 ita

370 2801 599 2855 regnum
630 2801 698 2841 ex
744 2801 873 2856 rege
924 2796 977 2841 et
1024 2786 1278 2843 subditis.
1317 2786 1382 2842 Et
1411 2787 1869 2859 quemadmodum
1900 2788 1947 2845 si

369 2876 493 2948 quis
537 2892 700 2931 manu
730 2876 1024 2947 deliquerit
1055 2885 1109 2933 et
1148 2887 1301 2950 tergo
1331 2880 1568 2949 vapulet,
1600 2895 1947 2951 nequaquam

370 2967 594 3037 iniquus
618 2976 703 3023 est
726 2968 820 3038 qui
846 2984 970 3023 eum
994 2970 1272 3037 verberat,
1306 2970 1377 3023 ita
1406 2986 1505 3026 nec
1535 2971 1757 3042 iniquus
1782 2971 1944 3034 Deus,

370 3060 499 3116 dum
533 3060 793 3131 populum
823 3060 980 3130 punit
1022 3061 1093 3115 ob
1122 3076 1306 3130 regum
1352 3061 1571 3116 delicta.
1609 3061 1777 3118 Valde
1803 3063 1950 3119 enim

369 3167 525 3223 reges
561 3166 759 3222 angere
787 3152 925 3207 solet
951 3152 1135 3222 populi
1164 3152 1319 3222 plaga
1378 3152 1473 3209 Est
1502 3154 1647 3209 enim
1672 3155 1828 3227 regni
1857 3171 1953 3227 pu-

370 3243 510 3298 nitio
543 3243 699 3313 plaga
721 3241 930 3312 populi.

2035 676 2129 729 ὲπὶ
2158 675 2251 729 τοῦ
2290 675 2574 747 μέλλοντος
2606 677 2687 739 είς
2718 675 2816 745 τὴν
2851 672 3135 727 κοινωνίαν
3150 670 3263 741 (56)
3297 669 3401 722 τῶν
3425 686 3480 721 τε
3500 670 3611 721 ἐαυ⁴

2034 767 2129 821 τοῦ
2183 769 2525 839 παθημάτων
2577 768 2672 822 καὶ
2730 766 2829 837 τῆς
2872 766 3031 836 δόξης
3070 766 3223 835 ἡμᾶς
3264 762 3614 832 καλεσαμένου

2038 862 2293 935 Σωτῆρος
2316 861 2571 933 Χριστοῦ.

2121 950 2482 1017 ἘΡΩΤΙΙΣΙΣ
2521 952 2696 1005 PAH'.
2722 952 2781 1003 Εί
2809 948 3015 1012 δίκαιός
3038 950 3189 1001 ἐστιν
3217 948 3246 999 6
3271 947 3364 999 τὸν
3389 948 3617 1018 ἡμαρτη·

2035 1044 2172 1099 κότα
2206 1043 2353 1114 ὑπὲρ
2390 1035 2464 1095 ὧν
2492 1043 2702 1113 ἥμαρτε
2725 1038 3160 1111 τιμωρούμενος,
3212 1038 3331 1101 πῶς
3355 1038 3551 1101 δίκαιος
3594 1041 3617 1095 6

2038 1137 2169 1199 Θεὸς
2202 1138 2230 1188 6
2256 1134 2511 1188 τοσοῦτον
2537 1133 2665 1186 λαὰν
2691 1131 2775 1184 διά
2806 1130 3128 1201 πταίσματα
3163 1128 3481 1193 θανατώσας
3510 1131 3615 1183 ἑτέ-

2043 1248 2149 1302 ρων
2174 1246 2188 1294 ;
2216 1228 2365 1297 λέγω
2391 1228 2445 1281 δὲ
2490 1225 2819 1287 πταίσαντας
2848 1223 2941 1277 τὸν
2979 1223 3243 1277 ἰωνάθαν
3287 1225 3381 1275 καὶ
3408 1224 3495 1275 τὸν
3520 1226 3613 1276 Δα-

2041 1321 2126 1373 6ίδ
2144 1338 2157 1351 ⁸
2182 1320 2274 1373 τὸν
2297 1320 2393 1390 μὲν
2427 1318 2485 1383 ἐξ
2504 1318 2724 1385 ἀγνοίας
2752 1316 2993 1368 λύσαντα
3020 1315 3124 1386 τὴν
3157 1314 3415 1385 νηστείαν
3429 1318 3490 1384 τῇ
3506 1314 3615 1381 γεύο

2044 1429 2124 1465 σει
2148 1410 2240 1464 τοῦ
2280 1411 2513 1480 μέλιτος,
2543 1409 2634 1462 τὸν
2667 1407 2722 1460 δὲ
2762 1406 3054 1478 προπετῶς
3100 1407 3195 1459 τὸν
3229 1405 3359 1458 λαὸν
3401 1406 3614 1477 ἀριθμή-

2045 1521 2228 1558 σαντα.
2264 1503 2332 1555 Εί
2372 1502 2429 1556 δέ
2483 1519 2566 1566 τις
2607 1500 2755 1569 λέγοι
2782 1501 2859 1565 ὡς
2902 1500 3012 1553 τῶν
3062 1498 3326 1569 ὑπηκόων
3352 1500 3381 1551 6
3413 1497 3611 1560 θάνατος

2044 1597 2136 1649 ἐπὶ
2163 1594 2403 1665 τιμωρίᾳ
2431 1593 2538 1645 τῶν
2575 1592 2850 1664 ἀρχόντων
2892 1590 3122 1660 ἐγίνετο,
3160 1589 3279 1652 πῶς
3315 1589 3414 1641 οὐκ
3441 1588 3609 1651 ἀδιγεῖ,

2044 1687 2169 1749 τοὺς
2200 1686 2477 1749 ἀναιτίους
2513 1684 2829 1739 ὑποϐάλλων
2865 1682 3188 1746 κολάσεσιν;
3224 1678 3544 1733 έναντιοῦται
3566 1680 3613 1731 δὲ

2045 1779 2110 1847 τῇ
2146 1776 2381 1847 λεγούσῃ
2411 1775 2625 1847 Γραφῇ,
2658 1776 2757 1840 ὃτι,
2800 1773 2977 1843 Ψυχὴ
3005 1772 3043 1841 ἡ
3074 1770 3493 1841 ἀμαρτήσασα,
3532 1773 3613 1823 αὐ-

1982 1853 2025 1909 B
2054 1870 2123 1937 τὴ
2150 1868 2533 1924 ἀποθανεῖται
2553 1910 2567 1923 .

2130 1962 2534 2015 ἈΠΟΚΡΙΣΙΣ.
2555 1961 2675 2013 Ὅτι
2706 1956 3009 2032 πικροτάτη
3036 1955 3281 2027 τιμωρία
3326 1955 3432 2007 τῶν
3465 1956 3609 2024 ἡμαρ-

2044 2052 2287 2123 τηκότων
2318 2050 2578 2121 βασιλέων
2612 2051 2646 2120 ή
2674 2049 2913 2120 τιμωρία
2963 2049 3059 2101 τοῦ
3093 2045 3250 2108 λαοῦ,
3298 2045 3443 2115 δηλοῖ
3474 2046 3612 2106 αὐτὸς

2042 2146 2069 2199 6
2103 2144 2370 2215 μακάριος
2400 2142 2583 2207 Δαϐὶδ,
2617 2141 2868 2213 δεόμενος
2896 2140 2992 2193 τοῦ
3021 2139 3161 2191 Θεοῦ
3183 2141 3262 2202 είς
3292 2140 3517 2191 αύτόντε
3536 2140 3611 2190 7.1".

2044 2234 2122 2296 εἰς
2147 2234 2240 2285 τὸν
2276 2230 2423 2285 οἷκον
2468 2231 2634 2285 αὑτοῦ
2691 2234 3023 2302 μεταγαγεῖν
3058 2230 3171 2283 ἀπὸ
3213 2229 3309 2282 τοῦ
3356 2228 3480 2282 λαοῦ
3532 2230 3612 2298 τὴν

2044 2326 2281 2396 πληγήν.
2314 2324 2481 2389 Σάλος
2503 2324 2611 2396 γάρ
2641 2324 2755 2376 ἐστι
2775 2322 2873 2391 τῆς
2908 2319 3191 2391 βασιλείας
3220 2322 3253 2390 ἡ
3283 2321 3500 2390 μείωσις
3524 2321 3613 2371 τῶν

2048 2416 2496 2489 βασιλευομένων.
2565 2414 2835 2477 Ὡσαύτως
2884 2412 2939 2465 δὲ
2993 2413 3090 2466 καὶ
3122 2416 3151 2467 ὁ
3199 2413 3373 2465 Σαοὺλ
3418 2413 3613 2482 ἔμελλεν

2046 2511 2290 2580 ἀναιρεῖν
2324 2508 2415 2561 τὸν
2451 2508 2566 2561 υἱὸν
2603 2504 2769 2560 αὑτοῦ
2817 2502 3095 2570 Ίωνάθαν,
3129 2505 3218 2558 ἵνα
3251 2507 3316 2575 τῇ
3363 2506 3613 2575 ἀναιρέσει

2046 2603 2209 2657 αὑτοῦ
2251 2602 2353 2673 τὴν
2380 2602 2592 2672 πληγὴν
2625 2601 2841 2672 ἰάσηται
2869 2599 2963 2653 τοῦ
2993 2598 3150 2662 λαοῦ,
3185 2600 3233 2651 εί
3270 2598 3344 2670 μὴ
3371 2599 3566 2667 φθάσας
3592 2602 3614 2649 ὁ

2046 2696 2174 2759 λαὸς
2203 2694 2385 2765 ὤμοσε
2441 2694 2515 2765 μὴ
2546 2692 2839 2746 ἀποθανεῖν
2883 2693 3044 2745 ὲᾶσαι
3084 2691 3178 2744 τὸν
3223 2692 3491 2744 Ἰωνάθαν.
3526 2692 3611 2744 Καὶ

2047 2789 2122 2854 ὼς
2141 2788 2423 2856 σύγκειται
2443 2789 2471 2840 6
2486 2787 2582 2842 ἀνθ
2592 2804 2769 2858 ρωπος
2785 2787 2848 2839 ὲκ
2862 2785 3040 2857 ψυχῆς
3064 2786 3161 2839 καὶ
3178 2785 3447 2856 σώματος,
3468 2785 3613 2845 (iam;

2050 2882 2184 2952 καὶὴ
2203 2880 2449 2950 βασιλεία
2466 2880 2746 2949 σύγκειται
2776 2879 2840 2931 ἐκ
2861 2876 2955 2931 τοῦ
2972 2876 3245 2947 βασιλέως
3262 2879 3354 2931 καὶ
3367 2876 3469 2929 τῶν
3489 2878 3615 2946 βαπ-

2049 2970 2372 3041 λευομένων.
2406 2970 2516 3022 Καὶ
2535 2968 2724 3039 ὥσπερ
2750 2968 3077 3039 ἁμαρτήσας
3102 2970 3130 3020 6
3157 2965 3441 3036 ἄνθρωπος
3469 2966 3615 3033 api?-

2049 3080 2198 3134 τημα
2244 3062 2335 3115 διὰ
2385 3061 2586 3131 χειρὸς,
2635 3060 2727 3113 καὶ
2772 3060 3025 3131 τυπτηθῇ
3064 3061 3147 3122 εἰς
3197 3059 3288 3112 τὸν
3321 3058 3502 3119 νῶτον,
3536 3057 3613 3107 οὐκ

2050 3153 2225 3207 ἀδικεῖ
2251 3153 2280 3203 6
2308 3151 2588 3221 τυπτήσας
2626 3149 2812 3213 αὐτὸν,
2845 3148 3020 3211 οὕτως
3062 3148 3164 3201 οὐκ
3193 3148 3371 3201 ἀδικεῖ
3395 3146 3517 3208 Θεὸς
3542 3146 3612 3196 ἐπὶ

1978 3226 2020 3284 C
2054 3247 2163 3308 τοῖς
2189 3244 2299 3296 τῶν
2319 3241 2579 3313 βασιλέων
2599 3241 2937 3311 πταίσμασιν
2953 3241 3044 3293 τὸν
3060 3240 3192 3293 λαὸν
3214 3238 3611 3310 τιμωρούμενος.

370 3333 641 3401 Μεγάλως
669 3333 777 3405 γάρ
804 3328 941 3386 οἶδεν
962 3334 1117 3404 ἀνιᾷν
1131 3333 1258 3397 τοὺς
1282 3333 1518 3404 βασιλεῖς
1540 3338 1573 3407 ἡ
1595 3337 1780 3409 πληγὴ
1798 3338 1891 3391 τοῦ
1924 3336 2077 3391 λαοῦ.
2096 3335 2209 3407 Τῆς
2239 3334 2348 3407 γὰρ
2376 3334 2649 3405 βασιλείας
2677 3335 2791 3387 ἐστὶ
2816 3334 3056 3406 τιμωρία
3085 3337 3119 3404 ἡ
3151 3334 3334 3403 πληγὴ
3367 3332 3457 3385 τοῦ
3486 3330 3609 3383 λαιί.

443 3427 727 3495 QUEST.
760 3427 1047 3483 CXXXIX.
1082 3428 1139 3483 Si
1183 3428 1327 3486 Deus
1369 3447 1511 3487 unus
1548 3440 1633 3489 est
1675 3432 1849 3500 Deus,
1883 3434 1952 3488 Ii-

370 3528 502 3590 quet
526 3533 672 3585 eum,
705 3519 760 3573 in
790 3518 1042 3573 omnibus
1071 3527 1130 3573 ut
1156 3534 1322 3573 unum
1354 3521 1445 3584 sit,
1478 3521 1724 3578 obtinere
1755 3541 1768 3576 :
1802 3524 1953 3579 vide-

371 3611 504 3665 licet
535 3609 767 3680 simplex
796 3618 890 3663 aut
920 3610 1306 3681 compositum,
1338 3612 1569 3667 mortale
1606 3620 1700 3667 aut
1729 3612 1952 3668 immor-

371 3702 499 3767 tale,
530 3703 776 3774 genitum
827 3710 921 3755 aut
969 3702 1291 3773 ingenitum,
1326 3704 1549 3774 gignere
1596 3713 1688 3759 aut
1730 3722 1839 3760 non
1871 3706 1953 3775 gi-

371 3808 557 3864 gnere.
615 3792 735 3859 Quo
790 3793 958 3864 igitur
1007 3793 1191 3857 modo,
1244 3809 1379 3848 cum.
1421 3793 1581 3849 Pater
1623 3796 1847 3866 gignat,
1898 3804 1953 3851 et

372 3885 546 3941 Filius
575 3902 683 3941 non
717 3886 940 3957 gignat,
970 3894 1133 3956 atque
1183 3885 1355 3943 Filius
1396 3889 1673 3959 gignatur,
1708 3896 1761 3943 et
1794 3886 1955 3943 Pater

374 3994 485 4033 non
534 3979 809 4050 gignatur,
859 3978 1002 4035 Deus
1036 3996 1180 4037 unus
1230 3981 1413 4035 vocari
1452 3988 1649 4052 potest,
1696 3980 1856 4036 Pater
1901 3988 1955 4036 et

372 4068 548 4125 Filius
594 4078 649 4125 et
681 4069 921 4141 Spiritus
970 4080 1197 4127 sanctus
1230 4088 1245 4124 :
1286 4087 1411 4127 cum
1445 4074 1547 4128 hoc
1595 4073 1773 4143 ipsum
1806 4073 1953 4144 gigni

375 4170 471 4217 aut
498 4177 608 4216 non
636 4162 807 4233 gigni,
837 4164 1057 4233 gignere
1091 4173 1184 4219 aut
1230 4180 1338 4219 non
1387 4165 1629 4235 gignere,
1679 4165 1955 4219 contraria

376 4251 487 4308 Deo
517 4252 569 4307 in
598 4269 720 4309 esse
745 4253 1046 4323 signiticet?

444 4342 640 4399 RESP.
677 4342 832 4398 Unus
864 4344 1007 4401 Deus
1048 4352 1125 4400 εει
1151 4385 1165 4408 ,
1197 4344 1585 4399 coexsistentia
1619 4346 1785 4401 trium
1818 4346 1957 4402 (ίίνί⁴

377 4451 572 4491 narum
626 4435 1107 4492 subsistentiarum
1128 4476 1144 4501 ,
1176 4451 1298 4506 quae
1329 4436 1470 4491 inter
1510 4453 1569 4492 se
1609 4438 1815 4493 distant
1845 4455 1954 4494 non

374 4529 633 4591 essentia,
673 4528 771 4583 sed
807 4528 1143 4584 exsistentia:
1188 4529 1386 4585 modis.
1431 4527 1743 4587 Diﬂ‘erentia
1773 4541 1954 4587 autem

376 4621 708 4677 exsistentia:
735 4620 1042 4686 modorum,
1078 4636 1185 4675 non
1231 4620 1519 4691 distinguit
1553 4622 1805 4677 essentia:
1832 4624 1955 4677 uni-

2137 3430 2487 3484 ἙΡΩΤΗΣΙΣ
2508 3429 2674 3482 ΡΛΘ¹.
2708 3429 2769 3482 Εἰ
2803 3424 2885 3493 εἷς
2909 3431 3027 3481 ἐστι
3052 3428 3208 3491 Θεὸς,
3238 3428 3415 3498 δῆλον,
3442 3428 3516 3479 ὅτι
3538 3424 3611 3476 καὶ

2054 3524 2229 3577 πάντα
2264 3521 2376 3592 (57)
2428 3521 2690 3591 κέκτηται
2721 3519 2782 3571 τὸ
2817 3516 2957 3573 εἶναι
3003 3520 3095 3572 ἓν·
3128 3513 3241 3571 οἷον
3276 3519 3337 3571 τὸ
3378 3516 3609 3585 ἀπλοῦνῆ

2052 3618 2113 3671 τὸ
2149 3615 2424 3683 σύνθετον,
2456 3616 2515 3669 τὸ
2549 3615 2801 3686 θνητὸνῆ
2845 3616 2908 3668 τὸ
2952 3614 3245 3678 ἀθάνατον,
3284 3612 3343 3666 τὸ
3391 3612 3607 3681 γεννητὸν

2054 3708 2171 3779 ἢτὸ
2194 3708 2507 3777 ἀγέννητον,
2532 3708 2594 3759 τὸ
2622 3708 2817 3777 γεννᾷν
2850 3705 2883 3777 ἢ
2918 3706 2980 3758 τὸ
3027 3706 3104 3777 μὴ
3143 3707 3359 3777 γεννᾷν.
3394 3706 3506 3768 Πῶς
3536 3699 3607 3755 οἷν

2053 3801 2147 3853 τοῦ
2181 3801 2278 3871 μὲν
2306 3800 2514 3871 Πατρὸς
2542 3801 2923 3870 γεννήσαντος,
2947 3800 3041 3853 καὶ
3061 3798 3155 3851 τοῦ
3198 3799 3328 3852 Υἱοῦ
3352 3801 3423 3870 μὴ
3449 3800 3606 3866 γεννή-

2058 3910 2281 3957 σαντος·
2320 3894 2413 3946 καὶ
2464 3891 2557 3944 τοῦ
2596 3890 2726 3944 Υἱοῦ
2769 3891 3148 3961 γεννηθέντος,
3198 3891 3294 3945 τοῦ
3342 3892 3397 3945 δὲ
3430 3890 3604 3958 [Ἰατρὸς

2060 3984 2132 4056 μὴ
2161 3983 2531 4053 γεννηθέντος,
2554 3982 2772 4034 δύναται
2801 3976 2883 4046 εἷς
2910 3982 3045 4046 Θεὸς
3074 3982 3358 4036 καλεῖσθαι
3383 3985 3410 4035 6
3429 3982 3602 4047 Πατὴρ,

2057 4076 2150 4127 καὶ
2178 4077 2207 4127 6
2237 4074 2384 4138 Υἱὸς,
2422 4074 2516 4126 xa't
2540 4072 2601 4125 τὸ
2640 4072 2883 4143 Πνεῦμα,
2920 4072 2980 4138 ἐξ
3010 4074 3178 4127 αὑτοῦ
3225 4073 3317 4127 τοῦ
3354 4070 3600 4140 γεννᾶσθαι

2056 4166 2089 4237 ἢ
2126 4165 2201 4236 μὴ
2230 4164 2544 4234 γεννᾶσθαι,
2582 4166 2674 4218 καὶ
2705 4164 2798 4217 τοῦ
2842 4166 3041 4235 γεννᾷν
3072 4166 3170 4219 καὶ
3214 4165 3289 4235 μὴ
3318 4166 3494 4233 γεννᾷν
3528 4162 3599 4230 τὴν

2052 4259 2370 4312 ἐναντίωσιν
2401 4257 2697 4328 κεκτῆσθαι
2720 4256 3118 4328 νομιζομένου;

2133 4349 2535 4402 'AIIUKPIZIE.
2563 4343 2656 4412 Εἷς
2685 4349 2832 4401 ἐστιν
2874 4351 2903 4402 6
2922 4348 3055 4413 Θεὸς
3087 4352 3153 4420 τῇ
3184 4349 3494 4419 συνυπάρξει
3516 4345 3597 4397 τῶν

2057 4439 2221 4511 τριῶν
2243 4439 2399 4494 θείων
2430 4440 2799 4503 ὑποστάσεων,
2843 4440 2955 4493 τῶν
2988 4440 3363 4512 διαφερουσῶν
3399 4438 3597 4507 ἀλλήλω

2056 4532 2117 4585 ού
2148 4535 2213 4603 τῇ
2253 4530 2430 4602 οὐσίᾳ,
2477 4530 2615 4584 ἀλλά
2653 4534 2764 4595 τοῖς
2811 4532 2913 4603 τῆς
2958 4532 3252 4604 ὑπάρξεως
3276 4533 3509 4604 τρόποις.
3550 4528 3593 4579 Ἡ

2056 4623 2285 4695 διαφορά
2302 4622 2359 4677 δὲ
2379 4623 2486 4676 τῶν
2506 4625 2607 4695 τῆς
2632 4624 2916 4694 ὑπάρξεως
2936 4623 3159 4695 τρόπων
3183 4627 3244 4679 ού
3272 4625 3451 4697 διαιρεῖ
3480 4623 3530 4673 τὸ
3554 4621 3594 4671 ἓν

376 4718 564 4767 tatem.
611 4711 677 4764 Et
723 4709 1182 4781 quemadmodum
1225 4711 1280 4765 in
1331 4712 1558 4776 Adamo,
1611 4722 1665 4767 et
1714 4712 1863 4779 Eva,
1904 4726 1942 4770 ei

2149 4714 2323 4786 οὐσίᾳ.
2361 4715 2471 4767 Καὶ
2507 4713 2696 4785 ὥσπερ
2721 4714 2813 4765 ἐπὶ
2846 4712 2941 4766 τού
2981 4713 3177 4784 Ἀδὰμ,
3214 4715 3429 4785 καὶτῆς
3462 4712 3592 4771 Εὗπςν

444 4909 488 4939 ⁸⁷
520 4906 718 4963 Ezeeh.
747 4922 905 4971 xvm,
940 4906 992 4959 4.

451 5102 1059 5174 (55)-Ῐενταριασμόν.
1122 5099 1240 5156 Jam
1280 5114 1443 5174 supra
1496 5099 1707 5174 dixerat
1757 5103 1941 5171 sepul-

376 5169 515 5229 tura:
542 5169 753 5227 Christi
781 5169 858 5226 ‘in
922 5169 1024 5228 hac
1067 5172 1329 5243 unguenti
1355 5169 1621 5243 unctione
1652 5169 1940 5241 imaginem

376 5243 645 5299 exhiberi.
682 5244 1007 5299 Accuratius
1041 5241 1215 5297 multo
1271 5241 1510 5313 Cyrillus
1553 5241 1945 5313 Hierosolymi-

380 5322 543 5368 tattus
590 5314 847 5383 loquitur,
906 5315 1033 5367 dum
1094 5314 1171 5367 ait
1227 5311 1329 5366 nos
1365 5312 1417 5364 in
1476 5311 1819 5383 baptismate,
1856 5327 1946 5379 per

378 5380 675 5453 quamdani
710 5384 1119 5453 similitudinem
1154 5399 1261 5435 una
1307 5399 1423 5434 cum
1465 5380 1678 5453 Christo
1710 5384 1947 5453 cruci/igi

381 5452 430 5507 et
454 5454 665 5522 sepeliri
695 5463 745 5507 et
770 5469 1058 5524 resurgere,
1093 5452 1345 5524 Christos
1378 5460 1556 5506 autem
1602 5452 1757 5519 ellici,
1816 5452 1944 5506 dum

382 5534 661 5593 unguento
696 5523 970 5593 ungimur.
1002 5523 1243 5593 Cat.2|,
1276 5539 1329 5575 n.
1375 5524 1421 5577 l.

449 5544 453 5573 ν
495 5540 661 5578 uento
696 5540 970 5593 ungtmur.
1002 5540 1121 5578 bal.
1150 5540 1243 5586 τι,
1276 5540 1329 5575 n.
1375 5540 1421 5577 ι.

449 5540 557 5663 (g6)
582 5597 683 5659 Εἰς
720 5595 1051 5648 κοινωνίαν,
1113 5592 1428 5664 Separanda
1460 5600 1514 5646 et
1557 5592 1942 5664 distinguenda

386 5666 699 5730 passionum
728 5671 781 5717 et
826 5664 1011 5731 gloriae
1031 5663 1451 5719 communicatio
1471 5701 1486 5720 .
1531 5663 1785 5715 nimirum
1817 5679 1942 5731 pas-

388 5733 607 5805 sionunt
664 5734 895 5805 imitatio
947 5735 1182 5805 imagine
1233 5734 1544 5805 continetur
1590 5732 1644 5786 in
1690 5732 1942 5805 praesenti

390 5802 743 5871 vita;glorite
769 5804 825 5857 in
852 5805 1022 5859 altera
1063 5802 1366 5876 participes
1414 5817 1604 5859 revera
1658 5803 1939 5858 ellicimur.

2050 5101 2205 5182 ῌρεξο⁸
2218 5105 2579 5182 illustrantur
2618 5121 2681 5161 ex
2734 5107 2905 5182 simili
2969 5109 3093 5182 loco
3140 5106 3583 5182 Cyrillillierosol..

2049 5174 2266 5253 (λαιᾷ-0,
2287 5191 2338 5253 n.
2367 5177 2425 5253 Ei1
2441 5178 2504 5253 ’ςΩ
2526 5175 2675 5240 ξένου
2692 5178 2785 5253 δια),
2806 5174 3477 5253 παραδόξουπράγματοςε
3491 5176 3581 5253 ,θύει

2050 5244 2265 5325 ἔέηθῶς
2292 5246 2776 5325 ἀπεεέἀξνομεννριὲδ
2802 5244 3029 5325 ἀλήθῶςμ
3047 5244 3347 5325 trama.
3366 5248 3578 5325 ,Μάλη-

2892 5338 2969 5373 εν’
3008 5322 3125 5374 ἀλλ’
3152 5320 3246 5375 ἑν“
3270 5320 3422 5375 εἰκόνι
3451 5320 3477 5375 ἠ
3519 5320 3577 5375 μί·

2056 5320 2160 5376 θῶς
2195 5320 2595 5385 σταυρωθέντες
2642 5320 2969 5389 ἀνέστημεψ
3008 5322 3125 5374 ἀλλ’
3152 5320 3246 5375 έν”
3270 5320 3422 5375 εἰκόνι
3451 5320 3478 5386 ἡ
3519 5320 3575 5383 μί·

2056 5400 2240 5454 μησις,
2278 5386 2334 5437 ὲν
2363 5386 2589 5461 ἀληθείᾳ
2620 5388 2675 5440 δὲ
2709 5391 2741 5460 ἡ
2776 5392 3044 5461 σωτηρία.
3106 5391 3152 5447 0
3194 5409 3372 5447 novam
3406 5386 3575 5443 inaudi-

2055 5465 2263 5519 tamque
2289 5456 2432 5508 rem!
2490 5456 2611 5510 Nan
2643 5456 2753 5512 vere
2798 5456 3000 5513 mortui
3041 5479 3262 5524 sumus;
3296 5479 3379 5515 nec
3404 5474 3499 5513 rere
3514 5471 3575 5507 σε·

2048 5523 2206 5598 pulti,
2240 5541 2330 5598 nec
2359 5542 2471 5580 vere
2522 5529 2763 5598 cruciﬁxi
2798 5534 3195 5587 resurreximus
3219 5523 3251 5585 :7
3290 5531 3371 5587 sed
3395 5528 3574 5597 imagini

2050 5596 2303 5657 imitatio,
2336 5598 2551 5650 veritate
2579 5596 2724 5654 saltu
2758 5603 3081 5657 continetur.

2122 5666 2233 5748 (3])
2259 5664 2479 5748 Ιζάνξιι.
2513 5666 2571 5748 I_d
2602 5680 2704 5738 est,
2737 5670 2879 5724 κατὰ
2912 5673 3113 5727 πάντα.
3148 5674 3445 5747 Sylburgitts
3474 5679 3564 5733 ΡΝ·

2050 5734 2221 5807 potiit
2243 5736 2322 5811 τῷ
2352 5734 2487 5793 εἶναι
2523 5740 2601 5793 ἓν.

2053 5314 2160 5376 θῶς
2195 5314 2595 5389 σταυρωθέντες
2628 5318 2837 5389 ἀνέστη
