3630 6504
27 379 110 433 ἱ93

27 492 60 544 ι“ι
84 487 179 542 τοῦ
216 488 358 560 Σὴθ,
390 484 468 551 εἷς
500 487 597 558 μέν
624 490 771 542 ἐστιν
795 490 823 541 6
851 488 952 558 τῆς
980 488 1169 551 οὐσίας
1192 488 1348 557 λόγος
1366 504 1378 518 ο
1410 486 1557 558 ψυχὴ

27 598 76 651 ιρ
108 579 313 648 λογικὴ
359 578 453 631 καὶ
482 579 641 649 σῶμα
690 578 880 649 θνητόν
900 596 913 609 ο
950 580 1139 651 τρόποι
1175 579 1230 632 δὲ
1256 578 1353 651 τῆς
1381 580 1555 650 ὑπάρ-

28 688 101 732 ως
122 669 414 740 διάφοροι·
432 671 460 722 6
492 669 587 740 μὲν
614 667 722 741 γὰρ
751 669 920 739 Ἀδὰμ
946 670 1165 738 γέγονεν
1189 668 1295 722 ἀπὸ
1314 670 1413 740 τῆς
1430 669 1554 739 γῆς,

28 763 82 815 δὲ
118 761 235 814 Εὔα
263 763 335 814 ἐκ
355 761 455 831 τῆς
483 763 740 834 πλευρᾶς,
759 762 787 814 6
806 763 861 815 δὲ
884 762 991 833 Σὴθ
1010 765 1073 815 ἐκ
1092 762 1185 815 τοῦ
1215 761 1525 833 σπέρματος
1539 779 1552 791 ⁸

27 856 63 907 tl.
94 856 151 908 ἐν
176 855 467 927 διαφόροις
495 855 594 926 τῆς
631 855 918 926 ὑπάρξεως
954 855 1173 927 τρόποις
1206 854 1355 926 μένει
1393 857 1421 908 6
1459 856 1558 925 τῆς

28 946 154 1007 σίας
200 944 369 1014 λόγος
415 940 495 1008 εἷς
540 945 843 1015 ἀδιαίρετός
878 962 937 997 τε
985 946 1080 999 καὶ
1115 945 1555 1018 ἀπαράλ).ακτος’

28 1054 136 1099 ιτως
167 1038 267 1091 καὶ
296 1039 391 1090 ἐπὶ
410 1037 501 1090 τοῦ
532 1036 689 1101 Θεοῦ,
718 1040 783 1108 τῇ
812 1038 1105 1108 ταυτότητι
1132 1038 1230 1107 τῆς
1259 1037 1367 1090 τῶν
1398 1054 1560 1110 προσ-

27 1146 131 1179 πων
172 1128 396 1193 οὐσίας,
445 1123 524 1191 εἷς
566 1128 697 1191 θεὸς
750 1128 1124 1190 πεπίστευται,
1165 1129 1194 1182 ὃ
1245 1146 1303 1181 τε
1347 1129 1554 1201 Πατὴρ,

27 1222 63 1273 ti
91 1222 119 1272 6
147 1221 302 1283 Υἱὸς,
343 1221 436 1274 καὶ
464 1222 522 1273 τὺ
554 1223 706 1289 ἆγιον
731 1221 971 1291 Πνεῦμα.
1005 1220 1169 1274 Οὐδὲν
1193 1220 1300 1292 γὰρ
1322 1221 1561 1273 συντελεῖ

27 1314 105 1383 οὺς
125 1313 219 1364 τὸν
261 1313 365 1383 τῆς
391 1312 578 1375 οὐσίας
607 1313 764 1381 λόγον
811 1313 839 1364 6
881 1313 1080 1383 τρόπος
1119 1312 1218 1382 τῆς
1253 1312 1554 1385 ὑπάρξεως.

27 1405 53 1457 '1
85 1404 181 1473 μὲν
203 1398 302 1455 οὖν
334 1403 428 1454 ἐπὶ
456 1402 560 1456 τῶν
591 1402 751 1455 θείων
778 1402 943 1471 τριῶν
993 1402 1339 1455 ὑποστάσεων
1379 1402 1557 1456 ὡσαύ-

28 1514 78 1557 υς
97 1494 543 1567 ἀπαραλλάκτως
565 1495 861 1565 λεγόμενα,
874 1496 929 1547 ἐν
947 1495 1155 1558 τούτοις
1175 1495 1284 1548 νόει
1307 1495 1443 1549 τὸὲν
1463 1497 1559 1566 τῆς

28 1588 157 1649 ισίας
176 1604 190 1615 ο
225 1586 298 1639 τὰ
324 1586 384 1638 δὲ
415 1586 488 1657 μὴ
515 1586 793 1650 ὡσαύτως,
826 1586 996 1639 ταῦτα
1029 1587 1138 1640 νόει
1164 1587 1242 1657 τῷ
1261 1588 1446 1658 τρόπῳ
1460 1587 1560 1657 τῆς

27 1678 81 1729 ὗν
116 1676 304 1748 προσώ
312 1694 426 1729 πων
457 1677 762 1749 ὑπάρξεως.

46 1770 409 1822 ἘΡΩΤΗΣΙΣ
438 1772 570 1823 PM'.
600 1772 662 1823 Ei
693 1769 1024 1842 κληρονόμον
1061 1770 1249 1823 ἑαυτὸν
1276 1772 1304 1823 6
1330 1769 1560 1843 Χριστὸς

27 1860 251 1930 optigt-2:,
284 1860 474 1914 τοῦτον
503 1861 558 1914 δὲ
576 1860 714 1915 κατὰ
731 1860 826 1932 τὴν
845 1859 1156 1932 παράϐασιν
1185 1860 1296 1932 (58)
1326 1862 1374 1912 oi
1397 1876 1565 1931 γεωρ-

27 1954 95 2020 at,
153 1955 445 2009 τουτέστιν
490 1955 538 2006 οἱ
571 1953 848 2018 Ἰουδαῖοι,
914 1953 1266 2021 ἐπέγνωσαν,
1316 1953 1408 2005 καὶ⁷
1463 1952 1562 2023 τῆς

27 2042 246 2114 εωργξας
280 2042 539 2097 δεσπόται
571 2044 824 2112 γενέσθαι
862 2045 1230 2116 ποθήσαντες,
1267 2043 1340 2108 ὼς
1365 2043 1562 2114 κληρο-

27 2134 137 2203 ὗμον
166 2132 259 2185 τὸν
294 2132 633 2205 κληρονόμον
662 2136 989 2188 ἀπέκτειναν
1009 2153 1023 2166 ο
1059 2135 1177 2199 πῶς
1194 2135 1354 2198 αὑτὸς
1374 2136 1402 2189 6
1427 2136 1562 2206 Χρι-

27 2222 96 2285 :6;
112 2221 245 2277 καὶὸ
266 2224 569 2288 ἀπόστολος
602 2227 813 2291 Παῦλος
858 2226 950 2280 τοῦ
997 2227 1347 2298 τολμήματος
1376 2229 1560 2293 αὐτοῖς

28 2314 371 2386 μαρτύρησαν
398 2313 653 2383 ἄγνοιαν;
688 2318 744 2370 '0
770 2320 868 2388 μὲν
890 2318 1084 2388 λέγων,
1122 2321 1305 2388 ’Ἄφες
1334 2319 1556 2385 αὐτοῖς,

28 2409 53 2460 ὑ
84 2406 188 2476 γὰρ
215 2407 430 2460 οἴδασι
458 2408 514 2461 τί
546 2408 825 2462 ποιοῦσιν
844 2427 859 2439 ³
891 2411 919 2461 6
939 2410 995 2463 δὲ
1026 2410 1267 2479 φάσκων,
1292 2414 1358 2464 El
1380 2412 1561 2481 ἔγνω-

28 2510 117 2561 ‘ar,
156 2498 266 2550 οὐκ
316 2497 398 2551 ἂν
441 2498 551 2551 τὸν
604 2500 824 2568 Κύριον
862 2498 970 2568 τῆς
1015 2484 1199 2568 δόξῄς
1262 2502 1559 2570 ἐσταύρω-

28 2604 119 2640 ἀν.

58 2680 457 2733 ἈΙΙΟΚΡ1Σ1Σ.
509 2680 683 2750 Διχῶς
738 2682 771 2752 ή
820 2682 1012 2751 ἄγνοια
1061 2683 1294 2753 λέγεται.
1344 2684 1416 2739 ’Ἠ
1453 2683 1561 2756 γὰρ

27 2772 64 2842 ,ἡ
97 2772 419 2844 βουλόμενός
458 2789 545 2836 τις
587 2774 807 2842 ἀγνοεῖ,
834 2775 963 2828 ὃταν
995 2776 1062 2830 τά
1110 2777 1411 2848 πράγματα
1441 2778 1563 2848 ὁδη-

31 2864 174 2917 οὑντα
199 2868 276 2929 εἰς
310 2865 515 2934 γνῶσιν
532 2866 632 2919 οὑκ
658 2866 791 2939 ἔχη·
810 2867 843 2939 ἢ
865 2867 1187 2939 βουλόμενος
1202 2871 1408 2938 ἀγνοεῖ,
1434 2871 1561 2923 ὅταν

28 2956 55 3008 ὲ
87 2958 176 3025 μέν
197 2958 503 3029 πράγματα
530 2957 628 3030 ἔχῃ
656 2958 956 3030 όδηγοῦντα
977 2962 1057 3023 εἰς
1084 2961 1303 3028 γνῶσιν,
1339 2962 1411 3032 μὴ
1440 2960 1562 3031 βου-

28 3044 200 3113 όμενος
227 3047 283 3100 δὲ
317 3046 543 3115 γνῶναι.
580 3049 797 3121 Ταύτην
829 3049 888 3103 δὲ
918 3050 1019 3121 τὴν
1049 3050 1314 3122 βουλητὴν
1341 3051 1561 3120 ἄγνοιαν

28 3133 119 3189 ἴδεν
141 3139 309 3209 ήθεία
340 3141 385 3193 Γ
389 3141 535 3213 ραφὴ
569 3142 701 3194 ποτὲ
737 3143 835 3212 μὲν
864 3143 1109 3211 ἄγνοιαν,
1140 3146 1341 3198 ποτὲδὲ
1363 3146 1563 3214 γνῶσιν

28 3230 283 3299 νομάζειν·
311 3232 535 3301 ἄγνοιαν
553 3233 662 3303 (59)
680 3235 797 3304 μὲν,
817 3235 891 3297 ὡς
916 3236 1043 3289 ὅταν
1060 3235 1213 3310 λέγῃ*
1233 3238 1342 3292 Kal
1366 3238 1469 3308 ἐμὲ
1488 3239 1565 3292 οἵ·

27 3322 145 3385 ἴατε,
168 3326 260 3379 καὶ
295 3326 487 3380 πόθεν
500 3326 613 3395 εἰμὶ
643 3326 841 3381 οἴδατε
863 3345 875 3357 °
894 3328 1013 3382 ἀντὶ
1041 3328 1157 3395 τοῦ,
1204 3330 1443 3384 Δύνασθε
1472 3333 1564 3401 ἀφ’

27 3406 71 3465 {iv
99 3417 397 3489 ἐργάζομαι
435 3419 638 3487 γνῶναι
660 3420 758 3490 τῆς
777 3437 836 3472 τε
853 3420 1147 3491 ὀνομασίας
1178 3423 1277 3494 τῆς
1293 3424 1452 3495 ἐμῆς,
1471 3424 1566 3478 καὶ

27 3503 99 3555 τῶν
146 3506 313 3576 λόγων
352 3525 454 3578 μου
506 3508 605 3580 τὴν
630 3508 918 3581 ἀλήθειαν·
958 3510 1285 3582 ψευδόμενος
1343 3512 1452 3584 γὰρ
1503 3515 1563 3566 ού

27 3596 199 3651 ιύναται
246 3600 473 3653 τοιαῦτα
501 3601 638 3673 ἔργα
671 3606 865 3657 ποιεῖν.
915 3605 990 3657 T6
1036 3605 1092 3658 δὲ
1133 3604 1239 3658 ὑπὸ
1268 3604 1376 3658 τῶν
1403 3623 1568 3676 γεωρ-

28 3689 104 3755 πῶν
144 3695 510 3766 γνωρισθῆναι
551 3696 645 3749 τον
694 3697 1061 3769 κληρονόμον,
1092 3697 1228 3752 καθὸ
1273 3698 1567 3753 ἐθεάσαντο

27 3780 173 3836 τοῦτον
229 3786 373 3859 ὑπὲρ
406 3788 585 3842 πάντα
631 3784 770 3842 εἶναι
804 3790 1087 3862 ἄνθρωπον
1114 3791 1173 3845 ἐν
1217 3794 1281 3863 τῇ
1316 3793 1567 3867 παρούσῃ

28 3874 108 3944 ἔωῇ
150 3880 255 3943 τοίς
305 3879 488 3951 ἔργοις
531 3875 612 3944 οἷς
639 3882 813 3935 ἐποίει
852 3882 947 3935 καὶ
982 3886 1046 3954 τῇ
1081 3884 1271 3954 κλήσει
1313 3883 1406 3936 τοῦ
1438 3884 1564 3937 Υἱοῦ

27 3965 133 4019 ma
158 3969 251 4040 τὴν
283 3972 636 4027 ὑποτύπωσιν
670 3974 769 4043 τῆς
795 3974 1131 4046 παραϐολῆς.
1171 3977 1292 4029 Ὅτι
1336 3977 1392 4029 δὲ
1429 3978 1566 4046 μετά

27 4056 67 4107 :6
108 4060 389 4117 ἀποθανεῖν
437 4064 601 4118 αὑτὸν
652 4065 934 4135 ἀνίστησιν
970 4067 1133 4120 αὑτὸν
1157 4069 1184 4119 6
1212 4067 1345 4131 Θεὸς
1371 4070 1435 4121 ἐκ
1459 4067 1566 4121 τῶν

28 4152 200 4220 δεκρῶν
219 4157 294 4218 εἰς
309 4155 578 4209 ἀθάνατον
603 4155 779 4225 ζωὴν,
805 4158 897 4209 καὶ
925 4157 1136 4228 τίθησιν
1164 4158 1325 4211 αὑτὸν
1349 4157 1566 4211 πάντων

27 4240 357 4317 κληρονόμον,
389 4248 490 4301 οὑκ
532 4248 792 4317 ἔγνωσαν.
840 4248 977 4303 Οὔτε
1011 4248 1119 4321 γὰρ
1158 4251 1192 4320 ἡ
1220 4249 1566 4312 ὑποτύπωσις

27 4332 102 4401 τῆς
128 4339 433 4411 παραϐολῆς
465 4340 590 4411 ἔσχε
620 4340 812 4393 τούτου
837 4340 935 4411 τὴν
963 4341 1218 4411 ἔμφασιν.
1254 4342 1409 4395 Κατά
1437 4341 1567 4396 ταύ-

28 4441 102 4494 την
124 4424 213 4482 οὖν
237 4432 334 4502 τὴν
382 4433 604 4501 ἄγνοιαν
636 4429 790 4486 εἶπεν
817 4434 846 4485 6
881 4434 1135 4503 Χριστος,
1162 4436 1375 4502 Πάτερ,
1418 4434 1568 4503 ἄφες

27 4520 229 4586 αὐτοῖς,
291 4526 365 4577 οὐ
421 4526 532 4592 γὰρ
591 4523 788 4577 οἴδασι
840 4525 897 4577 τι
943 4524 1242 4579 ποιοῦσιν.
1295 4526 1563 4589 Ὡσαύτως

27 4606 70 4657 δὲ
94 4613 173 4664 καὶ
196 4616 222 4666 6
252 4616 547 4680 ἀπόστολος
566 4633 579 4645 ·
631 4619 699 4670 El
731 4617 839 4685 γὰρ
874 4618 1172 4687 ἔγνωσαν,
1212 4620 1322 4671 οὐκ
1354 4617 1430 4672 ἂν
1462 4619 1568 4672 τὸν

30 4700 215 4767 Κύριον
243 4705 349 4774 τῆς
378 4706 564 4773 δόξης
592 4706 1001 4774 ἐσταύρωσαν.

86 4794 420 4851 ἘΡΩΤΗΣΙΣ
450 4801 627 4853 PMA’.
668 4799 729 4851 Εἰ
764 4799 924 4869 μόνος
971 4801 1000 4852 6
1046 4798 1281 4870 Χριστὸς
1309 4799 1400 4851 τὸν
1426 4798 1570 4851 θεῖον

30 4879 165 4949 νόμον
190 4886 427 4959 ἀκριϐῶς
459 4888 757 4953 ἐξετέλεσε,
790 4888 908 4952 πῶς
932 4888 1256 4961 ἐπορεύοντο
1293 4892 1351 4942 ἐν
1380 4888 1457 4959 τῷ
1483 4890 1569 4942 νό-

35 4988 102 5042 μῳ
126 4976 393 5050 ἄμεμπτοι
412 4983 440 5035 ὃ
469 5000 527 5035 τε
565 4981 841 5052 Ζαχαρίας
869 4982 961 5034 καὶ
994 4982 1026 5051 ἡ
1074 4982 1413 5043 Ἐλισσάϐετ,
1438 4982 1569 5053 περὶ

32 5056 93 5116 ὧν
120 5069 277 5125 ταῦτα
315 5076 349 5127 6
392 5075 607 5137 Λουκᾶς
648 5072 996 5145 ἐμαρτύρησε
1017 5114 1031 5137 ,
1083 5073 1177 5126 καὶ
1203 5074 1232 5125 6
1268 5072 1476 5136 Παῦλος
1512 5074 1570 5126 δὲ

36 5158 150 5211 κατά
186 5161 524 5237 δικαιοσύνην
571 5165 683 5236 τὴν-
730 5166 790 5218 ὲν
842 5165 991 5235 νόμῳ
1060 5164 1347 5234 γενόμενος
1395 5163 1571 5235 ἄμερν

36 5262 147 5316 πτος
168 5272 180 5319 ;

96 5344 649 5405 ἈΠΟΚΡ1Σ1Σ.”Αλλο
678 5352 738 5404 τὸ
765 5350 1075 5422 ἄμεμπτον,
1097 5351 1188 5404 καλ⁵
1205 5350 1335 5403 ἄλλο
1365 5351 1424 5403 τὸ
1443 5350 1570 5402 ἀνα-

689 372 1155 441 ΟΠᾹΞΞΤΙΟΝΕΞ
1192 370 1279 426 ΕΤ
1310 371 1567 430 RESPOI‘

1729 373 1828 428 lES
1864 374 1953 428 AD
1991 372 2477 431 ORTllODOXOS.

3087 377 3222 431 i591

1589 497 1629 550 Α
1661 486 1846 552 Setho,
1884 504 1989 542 una
2024 497 2107 545 est
2136 491 2387 547 essentia:
2413 491 2552 544 ratio
2573 529 2587 554 ,
2622 490 2802 543 anima
2830 490 3036 545 scilicet
3064 493 3241 547 ratio-~

1659 581 1819 642 nalis,
1861 589 1915 634 et
1958 598 2157 651 corpus
2205 584 2466 650 mortale,
2524 582 2667 638 modi
2718 598 2849 637 vero
2894 584 3259 642 exsistentim‘

1656 669 1887 737 diversi;
1923 658 2053 725 nam
2073 671 2238 726 Adam
2267 687 2298 727 e
2336 685 2478 727 terra
2504 671 2681 726 factus
2710 681 2814 735 est,
2855 672 2962 727 Eva
2990 690 3020 729 e
3048 684 3235 743 costa,

1660 762 1788 818 Seth
1832 779 1862 819 e
1904 765 2111 819 semine
2143 800 2156 815 .
2189 772 2242 819 et
2284 764 2336 819 in
2380 765 2610 821 diversis
2653 767 2983 837 exsistentiaa
3027 766 3224 833 modis,

1659 862 1841 909 manet
1878 855 2129 910 essentia:
2176 856 2316 911 ratio
2346 872 2453 911 una
2496 858 2614 912 sine
2651 855 2919 912 divisione
2942 867 2997 912 et
3026 857 3234 912 discri-

1657 946 1804 1001 mine
1838 966 1850 1001 :
1878 946 1957 1001 sic
1997 956 2049 1002 et
2088 948 2142 1001 in
2174 947 2305 1011 Deo,
2338 948 2619 1004 idenlitate
2650 963 3006 1019 personarum
3037 964 3228 1005 essen-

1658 1036 1767 1100 tiae,
1799 1053 1940 1092 unus
1964 1035 2107 1092 Deus
2138 1040 2400 1102 creditur,
2444 1037 2602 1093 Pater
2632 1049 2685 1094 et
2714 1037 2885 1094 Filius
2910 1047 2964 1095 et
2989 1038 3228 1110 Spiritus

1659 1136 1902 1181 sanctus.
1934 1125 2077 1180 Nihil
2107 1128 2250 1183 enim
2282 1127 2542 1181 momenti
2571 1126 2637 1181 ad
2665 1129 2920 1182 essentiae
2959 1129 3225 1183 rationem

1658 1214 1865 1270 confert
1894 1217 2228 1272 exsistentize
2267 1217 2483 1273 modus.
2514 1216 2749 1273 Proinde
2773 1234 2894 1288 qua:
2931 1220 2997 1273 de
3026 1220 3228 1275 divinis
3252 1258 3262 1268 κ

1659 1306 1834 1361 tribus
1860 1306 2225 1364 subsistentiis
2245 1308 2433 1363 eodem
2456 1310 2615 1364 modo
2643 1311 2760 1367 sine
2783 1312 2893 1367 ullo
2913 1312 3231 1368 discrimine

1659 1397 1936 1463 dicuntur,
1987 1400 2041 1453 in
2089 1400 2167 1455 eis
2197 1400 2458 1455 unitatem
2506 1404 2757 1458 essentia:
2805 1404 3073 1475 intellige;
3108 1420 3230 1474 quae

1660 1505 1792 1545 vero
1821 1507 1929 1545 non
1959 1490 2145 1546 eodem
2176 1492 2358 1560 modo,
2383 1507 2446 1549 ea
2476 1492 2542 1549 de
2567 1494 2737 1550 modo
2755 1497 3087 1552 exsistentiae
3114 1512 3238 1566 per‘

1662 1598 1919 1638 sonarum
1950 1583 2210 1653 intellige.

1735 1761 1893 1832 503
1934 1761 2210 1829 QUIEST.
2244 1763 2400 1819 CXL.
2439 1763 2495 1820 Si
2521 1766 2774 1823 Christus
2794 1767 3031 1837 seipsum
3056 1768 3230 1824 haere-

1593 1832 1643 1889 θ’
1664 1853 1786 1910 dem
1824 1856 2106 1921 nominat,
2141 1856 2286 1911 hunc
2310 1865 2491 1912 autem
2520 1858 2572 1913 in
2605 1859 2859 1929 parabola
2892 1858 3235 1929 agricola)",

1659 1946 1764 2001 hoc
1802 1956 1887 2002 est
1930 1945 2126 2013 Judaei,
2172 1957 2513 2019 agnoverunt
2555 1971 2569 2005 :
2610 1959 2663 2005 et
2705 1950 2834 2004 dum
2889 1951 3235 2020 agricultura:

1658 2035 1997 2093 dominatum
2042 2041 2466 2111 concupiscunt,
2513 2042 2781 2097 limredem
2822 2050 3081 2111 tanquam
3124 2042 3234 2097 hae-

1658 2134 1841 2185 redem
1883 2140 2150 2187 necarunt
2202 2150 2216 2187 :
2265 2133 2540 2203 quomodo
2585 2141 2641 2188 et
2696 2135 2813 2203 ipse
2856 2133 3133 2198 Christus,
3181 2145 3264 2189 et-

1659 2224 1941 2294 apostolus
1969 2224 2195 2289 Paulus,
2243 2224 2297 2278 in
2329 2233 2437 2279 tam
2463 2227 2754 2280 temerario
2775 2240 2911 2281 ausu
2934 2268 2948 2293 ,
2978 2227 3232 2295 ignoran—

1661 2315 1749 2370 tiae
1801 2319 1882 2372 eis
1935 2317 2331 2386 perhibuerunt
2382 2318 2795 2374 teStimonium?
2845 2317 2940 2374 ille
2989 2318 3267 2388 quidem,“

1659 2407 1880 2463 dicens:
1913 2410 2130 2466 Dimitte
2169 2411 2302 2477 illis,
2345 2411 2528 2476 Pater,
2570 2413 2804 2465 nesciunt
2831 2412 2967 2466 enim
2989 2410 3114 2482 quid
3148 2411 3234 2480 {a-

1660 2500 1894 2556 ciaut”;
1919 2500 2008 2555 hic
2038 2510 2219 2557 autem
2251 2519 2263 2554 :
2293 2502 2354 2558 Si
2378 2504 2756 2574 cognovissent,
2783 2520 3110 2575 nequaquam
3125 2502 3223 2558 Do-

1660 2592 1858 2644 minum
1888 2594 2073 2663 gloria:
2098 2596 2483 2665 cruciﬁxit:th
2500 2597 2566 2651 ".

1733 2682 1929 2738 RESP.
1972 2683 2196 2742 Duobus
2218 2687 2394 2743 modis
2426 2687 2694 2758 ignoratio
2722 2686 2942 2741 dicitur.
2963 2685 3059 2742 Vel
3090 2686 3236 2741 enim

1661 2775 1879 2845 ignorat
1920 2777 2045 2846 quis
2076 2794 2184 2832 non
2224 2778 2441 2844 volens,
2472 2795 2597 2834 cum
2642 2779 2711 2835 iis
2755 2779 3073 2834 destituitur
3117 2792 3238 2848 quae

1663 2865 1731 2920 ad
1759 2867 2126 2937 cognitionem
2166 2868 2409 2938 ducunt;
2442 2873 2525 2927 vel
2575 2873 2762 2927 volens
2812 2872 3048 2943 ignorat,
3107 2883 3235 2924 cum

1663 2957 1864 3012 adsunt
1893 2958 2111 3029 quidem
2144 2961 2398 3031 praesidia
2446 2962 2512 3016 ad
2558 2963 2924 3033 cognitionem
2957 2962 3233 3027 ducentia,

1661 3058 1717 3103 at
1730 3063 2061 3119 cognoscere
2091 3066 2200 3105 non
2219 3053 2356 3107 vult.
2377 3050 2751 3108 Voluntariam
2776 3056 2916 3109 hanc
2938 3055 3239 3125 ignoratio-

1591 3182 1631 3238 C
1666 3158 1789 3198 nem
1815 3143 1955 3198 solet
1969 3143 2154 3198 divina
2178 3143 2459 3215 Scriptura
2483 3160 2629 3201 nunc
2650 3146 3067 3215 ignorationem,
3092 3160 3239 3200 nunc

1664 3237 2031 3307 cognitionem
2060 3253 2276 3295 vocare.
2302 3238 2679 3310 Cognitionem
2710 3238 2928 3309 quidem
2955 3253 3078 3293 cum
3110 3237 3187 3291 ai‘.
3222 3254 3236 3292 :

1664 3328 1743 3383 Et
1768 3345 1849 3382 me
1904 3330 2092 3393 nostis,
2112 3338 2160 3384 et
2195 3331 2332 3385 unde
2366 3331 2467 3384 sim
2496 3331 2659 3385 nostis
2681 3331 2749 3394 ",
2788 3329 2841 3383 id
2885 3334 2971 3384 est
3012 3327 3241 3397 potestis

1663 3437 1728 3477 ex
1757 3421 1866 3485 his,
1897 3437 2020 3491 qua:
2048 3438 2268 3492 operor,
2313 3437 2644 3493 cognoscere
2677 3419 3058 3491 appellationis
3107 3434 3241 3472 meae

1665 3521 1719 3568 et
1762 3530 2077 3568 sermonum
2130 3516 2410 3569 veritatem
2457 3529 2471 3566 :
2528 3530 2636 3567 non
2679 3514 2823 3569 enim
2878 3521 3057 3583 potest
3110 3513 3239 3565 talia

1665 3619 1831 3673 opera
1875 3605 2107 3659 mendax
2151 3606 2386 3675 Operari.
2433 3604 2590 3671 Quod
2634 3613 2815 3658 autem
2863 3604 2931 3658 ab
2983 3602 3240 3673 agricolis

1666 3698 1840 3752 haeres
1880 3697 2135 3767 mgnitus
2169 3697 2269 3751 fuit
2290 3738 2305 3760 ,
2356 3698 2409 3752 id
2441 3697 2670 3767 contigit
2699 3704 2970 3766 quatenus
2998 3711 3121 3749 eum
3154 3693 3237 3745 vi-

1665 3788 1869 3843 debant
1921 3789 2195 3844 hominem
2250 3805 2413 3859 supra
2448 3789 2631 3843 omnia
2688 3803 2810 3845 esse
2867 3788 2922 3841 in
2986 3785 3237 3858 praesenti

1666 3879 1799 3942 vita,
1836 3887 1951 3933 tum
1982 3880 2265 3950 operibus,
2297 3896 2419 3951 qua:
2444 3878 2701 3944 faciebat,
2720 3887 2835 3934 tum
2859 3878 2978 3932 Filii
3001 3877 3241 3948 appella-

1666 3977 1815 4032 tione
1845 3977 2147 4031 secundum
2190 3977 2461 4047 parabolm
2499 3977 2811 4048 imaginem.
2852 3974 3008 4041 Quod
3057 3981 3239 4028 autem

1666 4086 1789 4124 eum
1822 4077 1947 4140 post
1972 4078 2203 4124 mortem
2230 4068 2529 4125 exsuscitat
2553 4067 2702 4124 Deus
2721 4082 2786 4123 ac
2812 4065 3078 4121 hatredem
3110 4078 3241 4118 con-

1667 4163 1847 4217 stituit
1896 4163 2302 4226 universorum,
2363 4162 2415 4217 id
2460 4178 2569 4216 non
2604 4166 2997 4230 cognoverunt.
3056 4156 3241 4226 Neque

1667 4252 1811 4307 enim
1842 4251 1893 4304 id
1932 4252 2204 4321 parabolae
2244 4252 2424 4323 imago
2463 4251 2796 4307 declarabat.
2828 4248 2903 4303 De
2933 4248 3033 4301 hac
3078 4247 3233 4315 igitur

1667 4345 2013 4414 ignoratione
2042 4342 2181 4398 dixit
2210 4344 2504 4399 Christus:
2538 4342 2721 4406 Pater,
2756 4341 2959 4394 dimitte
2979 4338 3107 4399 illis,
3139 4354 3240 4389 non

1669 4437 1807 4490 enim
1841 4438 2014 4490 sciunt
2041 4435 2166 4506 quid
2195 4436 2487 4505 faciant".
2525 4434 2789 4488 Similiter
2818 4441 2871 4487 et
2903 4429 3194 4500 Apostolus
3227 4447 3238 4481 :

1598 4522 1641 4576 Ι)
1674 4528 1735 4583 Si
1775 4529 1915 4582 enim
1956 4529 2335 4599 cognovissent,
2377 4542 2705 4598 nequaquam
2742 4523 3023 4578 Dominum
3061 4520 3243 4591 gloria:

1670 4623 2056 4691 cruciﬁxissem
2076 4620 2145 4677 ”.

1746 4800 2025 4867 QUIEST.
2057 4800 2237 4856 CXLI.
2275 4800 2331 4855 Si
2378 4800 2531 4855 solus
2576 4799 2831 4854 Christus
2878 4796 3118 4850 divinam
3168 4794 3243 4849 lc-

1669 4909 1788 4965 gem
1814 4903 2068 4949 accurate
2110 4893 2374 4962 implevit,
2404 4891 2683 4962 quomodo
2709 4888 3050 4944 ambulabant
3072 4888 3244 4940 incul-

1668 4987 1781 5054 pati
1822 4990 1876 5041 in
1931 4988 2037 5057 lege
2078 4986 2373 5039 Zacharias
2424 4992 2480 5039 et
2523 4982 2789 5045 Elisabet,
2829 4982 2897 5035 dc
2949 4980 3153 5050 quibus
3190 4978 3243 5031 id

1672 5086 1901 5134 testatus
1934 5088 2017 5133 est
2050 5078 2302 5141 Lucas",
2336 5093 2399 5132 ac
2448 5078 2563 5147 ipse
2607 5077 2767 5130 etiam
2806 5074 3008 5128 Paulus
3049 5088 3245 5127 secun-

1670 5171 1800 5225 dum
1818 5170 2113 5240 justitiam,
2148 5186 2269 5240 quae
2291 5186 2357 5225 ex
2388 5170 2504 5239 lege
2524 5175 2629 5233 est,
2663 5166 2975 5233 inculpatus
2995 5164 3082 5215 πῖ

1745 5347 1942 5404 RESP:
1982 5348 2143 5403 Aliud
2187 5356 2272 5404 cst
2313 5349 2671 5417 inculpatum,
2724 5344 2870 5399 aliud
2910 5340 3119 5412 peccati
3154 5354 3246 5392 cx-

90 5497 326 5572 ‘fhlatth.
351 5524 463 5572 xxi,
492 5508 581 5561 55.
640 5508 685 5537 ⁸9
710 5505 845 5560 Luc.
878 5521 1039 5569 xxm,
1076 5505 1163 5559 54.
1235 5505 1283 5535 ⁹⁰
1321 5504 1338 5555 1
1376 5504 1557 5559 (ἶσαι

1753 5506 1797 5538 ¹³¹
1822 5504 1979 5559 Joan.
2012 5520 2109 5567 vn,
2137 5504 2228 5559 28.
2294 5504 2337 5534 ⁹²
2361 5502 2493 5557 Luc.
2534 5518 2692 5564 XXIII,
2728 5498 2818 5553 '54.
2868 5496 2915 5527 ’³
2944 5496 3071 5551 Cor.
3102 5508 3166 5557 ιι,
3192 5493 3243 5547 8.

40 5564 77 5595 ⁹⁸
103 5566 219 5626 Luc.
252 5590 284 5641 ι,
320 5578 372 5632 6.
450 5564 500 5610 δ’
524 5576 721 5647 Philip.
758 5592 841 5642 nl,
866 5578 920 5630 t5.

46 5787 70 5802 ,_
100 5720 193 5802 ($8)
215 5730 569 5798 Παρὰὄασιν.
605 5731 796 5788 Melius
842 5731 1013 5786 multo
1048 5729 1376 5802 παραϐολήν,
1404 5734 1567 5797 atque

47 5797 105 5844 tta
125 5797 489 5870 interpretatur
518 5802 754 5873 Langus.

1746 5724 1855 5793 (39)
1883 5725 2175 5804 ᾌγνοιαν.
2210 5720 2385 5775 Probe
2419 5718 2553 5773 vidit
2604 5716 2930 5788 Sylburgius
2962 5716 3246 5786 legendum

1674 5811 1797 5850 esse
1833 5809 2051 5863 γνωσιν.
