3638 6490
409 306 545 364 1595
559 335 572 344 -~

1102 315 1462 372 APPENDIX.
1498 349 1568 357 —
1606 317 1786 372 PARS
1821 318 1858 372 I.
1901 317 1956 373 S.
1997 316 2261 374 JUSTlNl
2297 315 2529 372 OPERA
2571 319 2836 376 SPURIA.

3484 331 3580 387 l3§6

407 435 613 497 pertem
648 443 789 484 esse.
822 429 956 484 Nam
980 434 1186 502 peccati
1215 451 1412 506 expers
1451 436 1676 490 omnino
1705 437 1866 490 etiam
1894 436 1948 490 in

2092 436 2372 506 ιὰρτητον.
2413 437 2470 489 '0
2500 436 2604 507 μὲν
2627 440 2732 509 γὰρ
2765 437 3140 510 ἀναμάρτητος
3185 442 3244 494 ἐκ
3289 444 3471 507 παντὸς
3518 452 3584 502 καὶ

404 520 691 589 culpatus;
724 536 835 576 non
870 521 984 593 jam
1029 534 1210 582 autem
1248 528 1343 598 qui
1381 529 1692 599 inculpatus
1725 535 1830 590 est,
1875 545 1973 583 ne-

403 612 648 667 cessario
693 613 858 667 etiam
900 631 1099 685 evpers
1141 617 1372 687 peccati.
1417 617 1551 672 Nam
1597 619 1690 690 qui
1736 618 1974 672 admittit

402 709 599 756 contra
635 703 806 775 legem
846 716 1130 775 peccatum
1168 709 1583 779 ignoscendum,
1642 711 1688 765 is
1720 711 1974 765 victima-

403 806 527 849 rum
565 813 787 853 munere
826 810 880 853 ct
928 803 1137 869 peccati
1179 803 1524 859 confessione
1557 804 1768 858 veniam
1800 805 1978 874 perci-

403 888 582 957 piens,
615 905 786 959 purus
833 889 890 944 fit
928 900 980 945 et
1020 893 1332 962 inculpatus
1365 894 1664 950 secundum
1705 895 1975 965 justitiam

401 997 526 1051 quae
551 997 616 1036 ex
640 983 754 1052 lege
774 990 878 1038 est.
905 982 1158 1039 Christus
1183 996 1385 1049 autem,
1422 995 1607 1058 utpote
1635 990 1843 1058 peccati
1876 1005 1973 1044 cx—

405 1085 531 1142 pers
563 1089 627 1129 ac
655 1075 970 1131 nullatenus
1000 1077 1170 1146 legem
1204 1086 1650 1150 praetergressus,
1683 1081 1819 1135 nihil
1851 1080 1978 1137 fecit

404 1164 547 1234 quod
572 1165 952 1222 emendatione
988 1169 1274 1239 indigeret.
1315 1170 1570 1241 Suscepit
1599 1182 1780 1228 autem
1811 1171 1978 1228 Joan-

403 1273 526 1312 nem
561 1257 858 1328 Baptistam
889 1271 943 1315 et
972 1258 1042 1315 ab
1067 1278 1132 1316 eo
1169 1263 1475 1333 baptizatus
1504 1272 1609 1327 est,
1643 1275 1701 1320 ut
1730 1267 1979 1337 impleret

397 1351 922 1419 omnemjustitiam,
954 1369 1120 1422 quam
1163 1355 1383 1423 quidem
1417 1355 1641 1423 Paulus,
1685 1368 1976 1429 antequam

402 1436 456 1490 in
501 1436 780 1493 Christum
819 1442 1086 1505 crederet,
1145 1445 1388 1498 nondum
1432 1462 1746 1516 acceperat;
1804 1466 1977 1520 neque

399 1531 543 1584 enim
577 1541 904 1600 persecutus
935 1533 1128 1590 fuisset
1153 1534 1475 1594 Ecclesium.
1503 1538 1792 1611 Propterea
1827 1531 1977 1598 solus

399 1621 656 1678 Christus
685 1623 888 1678 dicitur
921 1629 1126 1694 peccati
1159 1645 1353 1700 expers
1383 1633 1683 1690 exstitisse.

472 1713 750 1781 ρυΑιεΤ.
800 1715 1004 1772 CXLII.
1072 1718 1127 1773 Si
1180 1724 1406 1792 angelus
1453 1725 1673 1781 homine
1711 1735 1799 1781 est
1836 1743 1975 1796 prac-

402 1809 657 1873 stantior,
686 1818 740 1864 et
783 1825 954 1866 sacrae
986 1813 1180 1869 littera:
1211 1816 1463 1873 homines
1493 1819 1625 1874 deos
1659 1821 1933 1890 appellant
1961 1841 1973 1875 :

401 1913 573 1968 quare
619 1915 726 1954 non
773 1904 1030 1957 convenit
1065 1913 1122 1958 ut
1177 1909 1353 1977 angeli
1393 1925 1424 1962 a
1471 1911 1629 1967 nobis
1674 1911 1748 1966 dii
1801 1913 1980 1966 nomi-

403 1992 643 2044 nentur?

477 2079 676 2137 RESP.
718 2081 1043 2156 Quicunque
1091 2088 1144 2140 in
1194 2089 1284 2144 Dei
1335 2092 1456 2146 loco
1502 2096 1782 2164 conspecti
1829 2104 1979 2159 sunt,

402 2182 496 2228 aut
525 2189 648 2229 cum
683 2176 994 2236 hominibus
1032 2182 1198 2235 locuti
1242 2186 1450 2254 angeli,
1486 2187 1776 2244 obtinuere
1800 2197 1854 2243 et
1874 2189 1979 2259 ipsi

402 2281 602 2321 nomen
636 2263 756 2334 Dei,
785 2271 930 2326 sicut
961 2273 1008 2328 is
1029 2275 1120 2344 qui
1151 2289 1274 2329 cum
1306 2275 1468 2348 504
1493 2275 1698 2333 Jacobo
1721 2287 1778 2334 et
1798 2279 1981 2350 Moyse

402 2359 620 2414 locutus
646 2369 748 2416 est.
781 2361 967 2418 Vocati
997 2382 1127 2420 vero
1157 2379 1287 2422 sunt
1313 2376 1368 2422 et
1392 2369 1641 2425 homines
1675 2371 1772 2426 dii.
1805 2371 1982 2427 Utris-

400 2466 508 2523 que
536 2463 716 2510 autem
751 2468 974 2528 propter
1005 2463 1362 2518 commissum
1400 2464 1504 2518 sibi
1534 2480 1758 2530 munus,
1790 2465 1978 2522 datum

400 2553 487 2599 est
515 2545 763 2602 obtinere
801 2545 893 2602 Dei
931 2550 1109 2606 locum
1137 2560 1191 2608 et
1222 2555 1639 2624 appellationem
1667 2577 1679 2607 :
1720 2575 1830 2628 quo
1857 2575 1981 2613 mu-

401 2653 532 2693 nere
553 2640 723 2706 obito,
755 2642 1016 2698 desinunt
1038 2648 1221 2700 vocari
1254 2648 1352 2713 dii,
1377 2650 1469 2719 qui
1505 2659 1729 2720 propter
1755 2653 1975 2722 aliquod

402 2743 603 2788 munus
630 2731 721 2789 Dei
748 2750 944 2792 nomen
969 2753 1248 2809 accepere.
1284 2739 1420 2795 Nam
1449 2758 1573 2797 cum
1606 2744 1800 2815 angelo
1827 2759 1977 2800 com-

401 2823 550 2878 misit
587 2840 777 2880 curam
816 2832 1025 2900 populi,
1065 2833 1131 2886 ad
1177 2832 1396 2904 Moysen
1439 2835 1504 2888 de
1532 2850 1599 2890 eo
1630 2835 1768 2891 dixit
1803 2852 1815 2887 :
1853 2834 1981 2889 Non

400 2917 506 2969 eris
527 2916 576 2970 ei
603 2918 968 2990 immorigerus
987 2963 1012 2985 ,.
1045 2925 1297 2993 quoniam
1327 2943 1515 2980 nomen
1546 2943 1717 2981 nicum
1746 2929 1980 2997 positum

400 3017 479 3058 est
527 3023 682 3076 super
715 3011 911 3066 eum".
965 3011 1100 3068 Cum
1145 3026 1336 3070 autem-
1367 3017 1772 3087 magistratibus
1814 3036 1978 3074 com-

2076 527 2388 598 ἄμεμπτος.
2421 527 2601 580 οὐκέτι
2625 528 2680 581 δὲ
2699 529 2726 580 6
2746 527 3030 599 ἄμεμπτος
3055 527 3114 592 ἐξ
3141 529 3371 600 ἀνάγκης
3397 535 3585 588 uim.

2080 619 2357 691 μάρτητός
2390 621 2552 672 ἐστιν.
2596 621 2652 672 '0
2681 621 2788 692 γάρ
2817 621 3139 693 ἁμαρτάνων
3176 623 3316 693 παρὰ
3340 625 3424 676 τὸν
3459 627 3584 696 νόμον

2079 709 2433 780 συγγνωστὴν
2464 709 2759 782 ἁμαρτίαν,
2809 712 2875 780 τῇ
2917 713 3238 782 προσαγωγῇ
3281 711 3380 764 τῶν
3425 712 3585 768 θυσιῶν

2077 804 2171 857 καὶ
2192 806 2256 874 τῇ
2284 802 2640 873 ἐξαγορεύσει
2653 802 2746 855 τοῦ
2769 802 3105 873 πταίσματος
3120 801 3287 856 λαϐὼν
3303 803 3398 874 τὴν
3413 804 3584 872 ἄφεσιν,

2077 895 2288 964 γίνεται
2338 894 2580 966 καθαρὸς
2631 895 2724 948 καὶ
2772 895 3062 966 ἄμεμπτος
3094 894 3229 947 κατὰ
3249 893 3343 966 τὴν
3367 897 3428 948 ὲκ
3455 898 3585 966 νόμον

2076 986 2445 1056 δικαιοσύνην.
2501 987 2558 1039 ὐ
2606 986 2662 1039 δὲ
2691 987 2945 1059 Χριστὸς,
2980 987 3074 1041 ἅτε
3114 988 3472 1058 ἀναμάρτητος
3505 988 3584 1051 ὢν,

2079 1079 2175 1131 καὶ
2201 1077 2452 1148 οὐδαμῶς
2483 1077 2732 1150 παραϐὰς
2763 1079 2855 1131 τὸν
2885 1079 3066 1150 νόμον,
3095 1077 3215 1132 οὔτε
3239 1080 3532 1150 διεπράξατο
3550 1100 3586 1135 τι

2081 1168 2420 1241 διορθώσεως
2447 1169 2725 1241 δεόμενον
2758 1170 2975 1236 ἐδέξατο
3001 1170 3058 1223 δὲ
3093 1171 3186 1223 καὶ
3222 1170 3308 1224 τὸν
3341 1170 3585 1244 gummi?

2083 1261 2362 1332 Ἰωάννην,
2413 1263 2508 1316 καὶ
2559 1261 2861 1332 ἐϐαπτίσθη
2908 1263 2999 1315 ὑπ’
3046 1261 3234 1326 αὐτοῦ,
3259 1263 3344 1316 ἵνα
3373 1263 3585 1336 πληρώσῃ

2080 1353 2258 1406 πᾶσαν
2283 1352 2632 1423 δικαιοσύνην
2651 1370 2663 1382 ·
2694 1353 2761 1423 ῆν
2787 1356 2815 1407 6
2844 1351 3050 1417 Παῦλος
3084 1353 3188 1424 πρὸ
3225 1352 3312 1405 τοῦ
3353 1355 3583 1407 πιστεῦσαι

2078 1444 2316 1517 Χριστῷ,
2368 1444 2520 1498 οὔπω
2550 1441 2616 1516 ἦν
2645 1445 2929 1515 δεξάμενος
2944 1461 2959 1476 ο
2982 1445 3106 1497 ἐπεὶ
3133 1445 3228 1498 οὐκ
3250 1445 3311 1498 ἂν
3334 1445 3491 1512 ἐδίωξε
3514 1447 3582 1516 τὴν

2077 1538 2424 1609 Ἐκκλησίαν.
2468 1537 2565 1590 Διὰ
2586 1536 2742 1590 τοῦτο
2769 1539 2798 1590 6
2829 1535 3062 1608 Χριστὸς
3097 1536 3249 1606 μόνος
3264 1533 3459 1605 λέγεται
3486 1536 3584 1588 ἁνα-

2081 1629 2357 1701 μάρτητος
2381 1629 2677 1696 γεγονέναι.

2149 1722 2510 1774 ἘΡΩΤΗΣΙΣ-
2532 1721 2708 1774 PMB’.
2731 1721 2792 1773 EI
2823 1718 3090 1788 ὁᾶγγελος
3107 1716 3196 1770 τοῦ
3219 1716 3475 1788 ἀνθρώπου
3489 1716 3583 1769 ἁγών

2009 1783 2050 1840 Β
2079 1830 2256 1884 τερος,
2283 1812 2380 1865 καὶ
2413 1810 2569 1874 θεοὺς
2598 1813 2721 1874 τοὺς
2752 1783 3070 1882 ἀνθρώπους
3100 1811 3132 1878 ἡ
3160 1809 3196 1860 Γ
3201 1783 3339 1878 ραφῇ
3365 1809 3583 1877 ὀνομάζει.

2084 1904 2198 1968 πῶς
2258 1903 2358 1973 οὐχ
2410 1903 2639 1974 ἁρμόζει
2684 1902 2776 1956 καὶ
2830 1903 2958 1965 τοὺς
3011 1899 3267 1969 ἀγγέλους
3316 1899 3451 1962 θεοὺς
3486 1900 3583 1969 παρ’

2081 1993 2235 2065 ἡμῶν
2260 1992 2622 2064 ὀνομάζεσθαι
2637 2010 2652 2058 ;

2150 2086 2556 2139 ἈΠΟΚΡΙΣΙΣ.
2594 2083 2714 2137 Τῶν
2765 2084 3017 2152 ἀγγέλων
3072 2084 3184 2136 ὅσοι
3227 2083 3281 2134 ἐν
3313 2081 3444 2146 τάξει
3479 2082 3581 2134 Θεοῦ

2079 2175 2358 2247 ὤφθησαν,
2389 2175 2421 2246 ἢ
2453 2175 2718 2247 ἐλάλησαν
2740 2178 2851 2238 τοῖς
2881 2172 3214 2244 ἀνθρώποις,
3261 2173 3494 2244 ἐσχήκασι
3515 2175 3584 2224 xa‘:

2079 2270 2234 2323 αὐτοὶ
2264 2269 2360 2322 τοῦ
2382 2269 2515 2321 Θεοῦ
2536 2268 2632 2339 τὴν
2656 2267 2866 2337 κλῆσιν,
2899 2266 2976 2329 ὡς
2993 2265 3228 2336 λαλήσας
3248 2264 3320 2335 τῷ
3338 2263 3502 2318 Ἰακὼϐ
3520 2264 3586 2315 iu".

2079 2363 2156 2434 τῷ
2179 2362 2404 2432 Μωῦσῇ.
2439 2361 2670 2432 Ἐκλήθη
2680 2377 2774 2412 σαν
2797 2359 2854 2412 δὲ
2882 2360 2977 2412 καὶ
2999 2360 3045 2411 οἱ
3069 2357 3452 2429 ἁνθρωποιθεοί.
3467 2359 3584 2409 Ἐκα-

2081 2460 2258 2530 τέροις
2288 2459 2367 2521 δὲ,
2394 2459 2481 2512 διὰ
2506 2458 2600 2528 τὴν
2628 2458 3061 2529 ὲγχειρισθεῐσαν
3087 2457 3270 2518 αὐτοῖς
3287 2454 3477 2524 χρείαν,
3503 2452 3587 2504 ἱεὺὲ-

2078 2549 2146 2620 θη
2169 2550 2262 2604 τοῦ
2285 2549 2420 2603 Θεοῦ
2469 2550 2565 2621 τὴν
2617 2550 2770 2617 τάξιν
2811 2550 2903 2602 καὶ
2929 2549 3031 2620 τὴν
3067 2545 3415 2620 προσηγορίαν
3447 2544 3584 2612 ἔχειν·

2079 2644 2457 2715 πληρωθείσης
2477 2643 2533 2698 δὲ
2561 2644 2658 2714 τῆς
2691 2643 2878 2714 χρείας
2896 2682 2912 2708 ,
2943 2641 3206 2696 παύονται
3235 2639 3320 2692 τοῦ
3364 2636 3588 2691 καλεῖσθαι

2077 2736 2208 2800 θεοὶ,
2233 2737 2280 2788 oi
2295 2737 2478 2807 χρείας
2493 2736 2635 2798 τινὸς
2650 2735 2836 2788 ἕνεκεν
2852 2735 3132 2804 εἰληφότες
3148 2731 3238 2786 τοῦ
3261 2729 3382 2784 Θεοῦ
3403 2729 3481 2799 τὴν
3499 2727 3588 2793 xli;-

2080 2827 2319 2881 σιν.”οτε
2346 2826 2563 2897 μὲνγὰρ
2575 2825 2871 2897 ἐνεχείρισε
2887 2824 2967 2895 τῷ
2988 2824 3202 2894 ἀγγέλῳ
3220 2822 3310 2894 τὴν
3330 2823 3588 2874 ἐπιστασίαν

2075 2918 2170 2972 τοῦ
2193 2919 2345 2982 λαοῦ,
2366 2919 2570 2987 ἔφασκε
2595 2917 2672 2988 τῷ
2692 2919 2914 2971 Μωῡσεῖ
2933 2917 3062 2988 περὶ
3091 2915 3250 2969 αὑτοῦ
3269 2932 3282 2944 ·
3307 2909 3589 2979 Mirm-tertii}-

2076 3030 2195 3081 σῃς
2214 3011 2395 3078 αὐτῷ·
2424 3011 2513 3065 ὅτι
2543 3009 2730 3080 ὄνομά
2756 3027 2857 3080 μοι
2881 3011 3069 3062 κεῖται
3094 3009 3186 3061 ἐπ’
3222 3008 3408 3060 αὐτόν.
3430 3006 3531 3056 Ὅτε
3549 3001 3588 3051 ξε

405 3100 558 3156 misit
585 3101 854 3172 judicium
897 3108 1108 3177 populi,
1145 3109 1285 3163 dixit
1312 3111 1393 3165 eis
1432 3128 1446 3164 :
1474 3109 1690 3164 Iustum
1710 3113 1949 3181 judicium

2092 3105 2376 3177 ὲπλείω-σε
2395 3107 2506 3169 τοῖς
2533 3104 2757 3175 ἄρχουσι
2780 3101 2878 3173 τὴν
2905 3102 3088 3173 κρίσιν
3102 3100 3194 3154 τοῦ
3216 3097 3355 3161 λαοῦ,
3370 3093 3587 3166 φησὶπρὸς

403 3192 666 3256 iudicate,
714 3198 964 3265 quoniam
992 3197 1256 3268 judicium
1291 3200 1387 3254 Dei
1435 3203 1592 3257 est".
1637 3203 1701 3257 Et
1732 3205 1927 3262 iterum
1961 3226 1976 3263 :

405 3283 495 3338 Dii
517 3287 666 3350 estis,
698 3297 748 3342 et
786 3290 889 3358 ﬁlii
929 3291 1194 3345 ditissimi
1215 3309 1391 3348 omnes
1410 3294 1474 3348 ’⁸.
1503 3293 1642 3349 Deos
1673 3297 1797 3352 illos
1820 3300 1976 3366 dixit,

399 3379 559 3446 quasi
588 3379 797 3436 diceret
823 3401 837 3436 :
875 3381 1004 3437 Dedi
1040 3383 1192 3438 vobis
1227 3384 1486 3440 honorem
1514 3402 1692 3442 meum
1721 3399 1775 3444 et
1803 3390 1979 3447 locum

401 3479 456 3525 et
487 3472 906 3541 appellationem
949 3493 961 3528 :
999 3475 1185 3546 itaque
1213 3477 1385 3547 quasi.
1414 3493 1524 3548 ego.
1543 3479 1882 3548 judicarem,
1907 3485 1979 3540 ita

399 3562 644 3630 iudicate
684 3566 966 3634 populum.

473 3653 751 3720 QUIEST.
783 3654 1017 3712 CXLIII.
1062 3655 1119 3711 Si
1153 3656 1296 3713 Deus
1331 3659 1490 3730 longe
1514 3663 1786 3731 superior,
1817 3664 1982 3720 homo

401 3755 582 3801 autem
622 3746 892 3813 inferior,
929 3764 1113 3805 annon
1161 3760 1356 3821 praeter
1391 3752 1474 3808 fas
1521 3752 1684 3810 homo
1741 3758 1982 3827 appella-

400 3845 490 3892 tur
517 3839 690 3894 deus?

474 3927 671 3985 RESP.
737 3930 862 3988 llazc
919 3934 1280 4006 interrogatio
1335 3953 1436 3994 nec
1501 3940 1806 3996 christiano
1848 3955 1981 3994 can-

402 4023 551 4091 gruit
577 4039 678 4079 nec
706 4025 945 4081 ethnico.
972 4025 1107 4080 Nam
1131 4029 1432 4084 secundum
1468 4038 1762 4102 utrumque
1798 4033 1866 4086 ad
1892 4033 1979 4086 in-

407 4116 657 4179 feriores,
700 4132 800 4186 pro
829 4119 1098 4188 cujusque
1125 4121 1318 4192 gloria.
1367 4123 1700 4179 transfertur
1733 4127 1980 4195 super-io-

403 4208 482 4264 ris
511 4207 822 4278 appellatio.
857 4208 1210 4282 Nequaquam
1261 4221 1444 4270 autem
1493 4232 1562 4271 ex
1602 4216 1767 4273 rebus
1791 4219 1978 4290 explo-

404 4303 545 4357 ratis
571 4303 909 4359 instituenda
937 4304 1229 4372 dubitatio,
1262 4307 1359 4362 sed
1390 4324 1459 4363 ex
1487 4310 1729 4364 incertis.

469 4475 763 4542 quassat-
791 4479 1020 4536 CXLIV.
1065 4480 1123 4537 Si
1162 4483 1307 4540 Deus
1354 4485 1522 4542 habet
1562 4486 1986 4543 subsistentiam
2011 4465 2056 4520 Ι)

401 4570 775 4638 exsistentem,
806 4582 860 4628 et
889 4573 1222 4630 voluntatem
1257 4577 1691 4643 inexsistentem,
1711 4589 1763 4633 et
1779 4577 1977 4634 Filium

403 4663 758 4718 exsistentem
795 4680 808 4716 :
837 4667 1113 4736 quomodo
1139 4675 1222 4724 tot
1242 4669 1420 4724 modis
1449 4672 1813 4741 compositus,
1847 4671 1979 4726 sim-

405 4753 528 4822 plex
556 4754 790 4809 dicitur?

481 4842 676 4902 RESP.
721 4847 893 4904 Sicuti
929 4850 1072 4907 Deus
1101 4854 1304 4925 ubique
1339 4863 1423 4911 est
1453 4863 1623 4920 totus,
1662 4865 1726 4912 et.
1745 4864 1895 4913 totus
1925 4857 1981 4911 in

407 4955 757 5009 unoquoque,
784 4949 1041 5013 totusque
1068 4947 1122 5000 in
1153 4947 1354 5016 seipse.
1377 4957 1541 5018 atque
1571 4949 1622 5002 id
1661 4947 1765 5004 ﬁde
1790 4956 1980 5003 nostra

406 5030 749 5100 probamus,
784 5033 867 5087 ita
907 5036 1071 5089 etiam
1124 5037 1448 5107 simplicitas
1488 5039 1608 5108 ejus
1650 5048 1765 5094 tota
1807 5037 1980 5096 Filius

402 5129 509 5184 est,
553 5127 610 5176 et
648 5129 764 5177 tota
803 5121 998 5178 Filium
1038 5125 1246 5183 habens
1282 5137 1366 5185 est
1408 5149 1422 5184 :
1464 5139 1688 5201 totaque
1730 5131 1982 5188 voluntas

404 5221 513 5279 est,
552 5229 618 5269 ac
649 5223 762 5270 tota
795 5217 1131 5274 voluntatem
1171 5219 1378 5276 habens
1420 5229 1523 5276 est.
1572 5220 1690 5276 Non
1737 5223 1883 5277 enim
1911 5222 1980 5276 ad

403 5303 583 5360 instar
607 5315 804 5363 creata
837 5316 1046 5364 natura:
1071 5309 1216 5367 Deus
1235 5319 1344 5378 est,
1372 5321 1431 5366 ut
1464 5312 1515 5365 id
1547 5313 1693 5382 quod
1721 5313 1812 5376 sit,
1836 5321 1891 5366 et
1925 5311 1978 5366 id

405 5398 551 5466 quod
582 5397 801 5463 habeat,
835 5415 931 5470 per
963 5403 1417 5473 compositionem
1446 5403 1804 5473 intelligatur,
1835 5405 1980 5460 sicut

407 5485 635 5560 {natura
661 5499 844 5546 creata
865 5489 914 5563 ;]
954 5507 1142 5546 verum
1182 5508 1280 5562 pro
1307 5508 1373 5547 eo
1408 5501 1574 5565 atque
1605 5502 1856 5548 naturam
1878 5494 1979 5549 ob-

516 5604 562 5635 "
588 5605 758 5660 Exod.
793 5621 949 5672 xxiii,
975 5605 1064 5661 21.

479 5715 586 5795 (40.)
620 5718 862 5798 "9036p.
929 5721 1219 5798 Lacunam
1259 5723 1494 5798 explent”
1531 5720 1747 5798 Langus
1786 5735 1838 5778 et
1875 5725 1989 5798 Syl-

417 5783 646 5854 burgius
673 5783 897 5858 legendo
930 5792 1004 5853 ὡς
1041 5793 1097 5844 ἐν
1131 5795 1250 5856 ταῖς
1283 5783 1525 5856 κτισταῖς
1559 5783 1800 5863 φύσεσιν.

2083 3195 2276 3260 αὐτούς
2295 3213 2308 3225 ο
2353 3195 2596 3249 Δίκαιαν
2623 3194 2828 3261 κρίσιν
2853 3194 3116 3260 κρίνατε,
3138 3192 3224 3244 ὅτι
3251 3191 3287 3257 ἢ
3318 3188 3482 3256 κρίσις
3511 3184 3588 3235 rei:

2085 3288 2232 3343 Θεοῦ
2261 3288 2414 3342 ἐστι.
2446 3287 2558 3341 Καὶ
2599 3287 2759 3342 πάλιν
2778 3303 2792 3314 ·
2853 3284 3002 3354 Ἐγὼ
3028 3281 3168 3338 εἶπα
3187 3324 3200 3348 ,
3231 3281 3354 3335 Θεοί
3381 3280 3497 3332 ἐστε
3515 3276 3585 3328 καὶ

2082 3380 2193 3433 υἱοὶ
2225 3380 2236 3397 '
2251 3382 2294 3434 Υ
2297 3381 2515 3448 ψίστου
2531 3377 2951 3444 πάντες.Θεοὺς
2976 3377 3171 3440 αὐτοὺς
3195 3368 3584 3443 ἕλεγεν,ἁντὶτοῦ.

2085 3471 2301 3525 Ἔδωκα
2316 3471 2444 3541 ὑμῖν
2461 3471 2557 3542 τὴν
2572 3488 2624 3522 τι
2631 3471 2735 3542 μὴν
2751 3469 2849 3540 τὴν
2870 3468 3008 3539 ἐμὴν
3023 3469 3118 3521 καὶ
3136 3469 3232 3538 τὴν
3247 3465 3401 3529 τάξιν,
3425 3465 3499 3515 καὶ
3515 3463 3584 3528 τὴν

2081 3560 2289 3631 κλῆσιν·
2312 3561 2386 3625 ὡς
2398 3557 2488 3614 οὖν
2505 3561 2637 3631 ἐμοῦ
2655 3559 2955 3632 κρίνοντος,
2969 3559 3142 3622 οὕτως
3162 3557 3367 3629 κρίνατε
3383 3554 3458 3606 τὸν
3475 3552 3580 3603 λαὲν.

2154 3655 2508 3709 ἘΡΩἸἮΣΙΣ
2528 3654 2704 3707 PMI".
2725 3655 2787 3707 Ei
2812 3652 3259 3726 ὐπεραναϐἑϐηκε
3296 3649 3382 3721 μὲν
3404 3647 3453 3698 τὺ
3472 3644 3581 3706 Θεὸς,

2086 3747 2394 3818 ὐποϐἐϐηκε
2417 3748 2472 3802 δὲ
2497 3748 2557 3801 τὸ
2583 3746 2679 3800 ἄνθ
2689 3763 2888 3817 ρωπος,
2936 3746 3053 3810 πῶς
3078 3745 3179 3800 οὐκ
3209 3743 3430 3804 ἀτάκτως
3460 3739 3482 3791 6
3513 3739 3582 3791 ἄν

2082 3841 2111 3894 θ
2118 3858 2298 3913 ρωπος
2315 3840 2447 3904 Θεὸς
2477 3841 2913 3912 προσηγόρευται
2931 3855 2946 3904 ἶ
3342 3928 3378 3932 __
3557 3920 3574 3932 -

2152 3933 2559 3987 ’AHUKPIXIX.
2592 3933 2740 4005 Λῦτη
2791 3934 2824 4003 ἡ
2882 3929 3153 4002 ἐρώτησις
3184 3929 3300 3981 οὔτε
3341 3928 3581 3994 Χριστιωῴ

2082 4024 2362 4095 ἁρμόττει,
2398 4023 2522 4078 οὔτε
2554 4025 2799 4096 Ἕλληνι.
2815 4024 2952 4077 Καθ’
2966 4024 3053 4076 ἕτε
3059 4041 3152 4095 ρον
3165 4023 3222 4075 δὲ
3235 4024 3308 4084 εἰς
3319 4021 3426 4083 τοὺς
3438 4016 3579 4069 ὑποξε-

2080 4115 2316 4186 6ηκότας
2355 4117 2684 4188 μετήνεκται
2703 4115 2796 4170 τοῦ
2823 4115 3355 4188 ὑπεραναϐεϐηκότος
3376 4115 3404 4181 ἡ
3423 4111 3575 4179 κλῆσιςς

2080 4209 2218 4263 κατὰ
2254 4209 2352 4280 τὴν
2383 4211 2617 4264 ἑκάστου
2646 4209 2821 4275 δόξαν.
2855 4209 2928 4263 Οὐ
2954 4209 3059 4280 χρὴ
3083 4209 3141 4262 δὲ
3171 4211 3235 4260 ὲκ
3258 4207 3353 4259 τῶν
3369 4203 3577 4274 ὁμιολιγινου⁹

2084 4303 2262 4373 μένων
2311 4301 2739 4366 κατασκευάζειν
2793 4300 2892 4372 τὴν
2950 4300 3218 4370 ἀπορίαν,
3272 4295 3388 4351 ἁλλὰ
3430 4297 3480 4347 ἐκ
3504 4292 3577 4345 τῶν

2082 4392 2198 4462 ἀμφ
2209 4392 2418 4446 ιϐόλων.

2160 4486 2514 4538 ἘΡΩΤΗΣΙΣ
2536 4486 2800 4540 ΡΜΔ¹..Εἱ
2822 4483 2933 4554 ἔχει
2948 4485 2977 4536 6
3005 4483 3140 4546 Θεὸς
3169 4482 3433 4536 ὑπόστασιν
3451 4477 3574 4542 ὑπάρ-

2088 4595 2306 4650 χουσαν,
2351 4581 2449 4634 καὶ
2491 4578 2684 4650 βουλὴν
2721 4579 3138 4650 ἐνυπάρχουσαν
3163 4617 3177 4641 ,
3207 4577 3296 4630 καὶ
3322 4573 3426 4628 Υἱὸν
3453 4570 3575 4638 ὑπὲρ·

2089 4688 2270 4742 χοντα,
2317 4671 2433 4736 πῶς
2456 4675 2518 4725 ἐκ
2545 4671 2812 4725 τοσούτων
2841 4671 3219 4741 συγκείμενος,
3243 4666 3420 4729 ἁπλοῦς
3433 4661 3574 4731 ὀνομὰο

2085 4762 2231 4826 ςεται
2253 4778 2267 4824 ;

2156 4854 2564 4908 ἈΠΟΚΡΙΣΙΣζ
2611 4855 2667 4909 '0
2714 4853 2848 4918 Θεὸς
2897 4852 3093 4923 ὥσπερ
3136 4851 3256 4915 ὅλος
3296 4851 3570 4905 ierim:-

2085 4943 2202 5016 χοῦ,
2256 4946 2350 4998 καὶ
2393 4943 2513 5008 ὅλος
2561 4946 2619 4997 ἐν
2656 4945 2870 5015 ἑκάστῳ
2887 4984 2902 5010 ,
2945 4946 3043 4998 καί
3070 4943 3193 5008 ὅλος
3214 4945 3295 5012 ἐφ’
3317 4939 3492 4998 ἑαυτοῦ,
3510 4934 3571 4988 καὶ

2083 5032 2271 5085 τούτου
2309 5034 2489 5086 πίστιν
2523 5033 2622 5104 μὲν
2645 5034 2838 5104 ἔχομεν
2857 5073 2870 5096 ,
2897 5033 3076 5097 οὕτως
3109 5035 3204 5087 καὶ
3229 5033 3287 5087 τὺ
3317 5029 3477 5086 ἁπλοῦν
3507 5025 3569 5078 εὖ·

2081 5125 2174 5179 τοῦ
2225 5127 2346 5180 ὅλον
2399 5127 2524 5190 Υἱός
2572 5127 2708 5189 ἐστι,
2751 5127 2846 5180 καὶ
2884 5125 3010 5179 ὅλον
3061 5126 3176 5178 υἱὸν
3229 5125 3339 5195 ἕχον
3375 5121 3485 5175 ἐστὶ·
3508 5117 3568 5167 καὶ

2082 5217 2200 5270 ὅλον
2237 5217 2398 5289 βουλή
2429 5219 2566 5281 ἐστι,
2599 5218 2692 5270 καὶ
2727 5217 2849 5270 ὅλον
2877 5215 3073 5289 βουλὴν
3119 5218 3240 5288 ἔχον
3266 5214 3406 5269 ἐστίν.
3427 5210 3479 5263 Οὐ
3495 5206 3567 5273 γάρ

2083 5312 2198 5362 ἐστι
2236 5309 2378 5366 κατὰ
2413 5310 2513 5382 τὴν
2553 5309 2775 5380 κτιστὴν
2822 5308 2985 5378 φύσιν
3025 5313 3054 5363 ὁ
3083 5308 3236 5371 Θεὸς,
3273 5307 3388 5362 ὣστε
3413 5295 3565 5354 τὸεῖναι

2083 5401 2266 5463 αὑτὸν,
2325 5403 2417 5455 καὶ
2463 5401 2526 5454 τὸ
2569 5401 2923 5473 ἔχειν,νοηθῇ
2971 5403 3030 5454 ὲν
3064 5401 3322 5463 συνθέσει,
3347 5397 3562 5464 ὥσπερ..-

2083 5493 2198 5548 ἀλλ’
2250 5494 2440 5566 ὥσπερ
2487 5494 2597 5566 (40)
2617 5495 2714 5566 τὴν
2762 5495 2922 5564 φύσιν
2966 5494 3042 5548 ὢν
3084 5495 3237 5567 (Η),
3265 5493 3405 5554 οὕτως
3440 5482 3564 5540 mhi

1149 5607 1193 5638 "
1218 5606 1372 5662 Deut.
1399 5625 1436 5670 ι,
1461 5607 1543 5662 16.
1618 5608 1663 5640 ³⁸
1695 5607 1839 5665 Psal.
1870 5626 2056 5675 LXXXI,
2090 5613 2136 5665 l.

2167 5726 2277 5795 (41)
2313 5724 2428 5792 Τὴν
2454 5727 2641 5797 φύσιν
2672 5723 2772 5797 ὢν.
2811 5724 3032 5797 hegilur
3061 5727 3128 5782 ad
3159 5725 3417 5796 marginem
3439 5713 3562 5772 inite-

2095 5797 2183 5868 gio
2217 5797 2403 5853 codice
2421 5795 2481 5849 τὸ
2514 5795 2672 5867 φύσει
2698 5795 2778 5849 δν.
