3630 6506
338 293 475 353 1599

1082 294 1444 352 APPENDIX.
1478 325 1546 334 —-
1584 289 1766 347 PARS
1803 290 1842 346 Ι.
1886 290 1945 347 S.
1981 287 2243 347 JUSTINI
2281 288 2508 347 OPERA
2543 288 2813 347 SPURIA.

3556 16 3587 97 η

3455 292 3553 348 ιιιι

332 429 455 483 quae
483 426 514 465 a
535 412 642 467 diis
684 411 802 467 suis
831 428 928 481 per
956 420 1111 467 vates
1138 419 1446 483 acceperat,
1477 419 1753 477 eventum,
1784 416 1862 463 tar

2005 407 2200 461 Καίτοι
2236 406 2370 479 (45).
2404 448 2419 460 .
2449 446 2463 460 .
2501 409 2530 461 6
2574 408 2857 475 Ἀσσύριος
2882 409 2968 462 ὅτι
3002 408 3147 462 κατὰ
3181 406 3283 470 τὰς
3318 408 3559 479 ἐπιτυχὲς

331 519 495 574 quam
524 519 675 560 serra
698 504 971 559 conscidit
990 511 1043 559 et
1065 504 1385 559 dilaceravit
1408 503 1749 559 miserabiles
1778 518 1909 573 gen-

330 604 435 662 tes,
464 612 586 667 qum
608 604 662 651 et
691 597 843 666 ipsae,
877 596 1063 652 itidem
1087 604 1147 650 ut
1170 596 1280 660 ille,
1313 596 1661 651 oraculorum
1689 594 1904 659 ﬁducia,

222 729 233 738 .
328 690 532 746 bellum
570 705 693 744 cum
751 690 871 759 ipso
914 689 1265 753 commisere,
1303 698 1359 743 et
1410 705 1507 759 spe
1558 698 1904 758 acceptorum

328 797 721 852 responsorum
758 781 1033 845 decidere,
1065 781 1415 851 permittente
1448 778 1557 835 Deo
1590 779 1642 834 id
1674 788 1758 834 est
1793 778 1906 835 fac-

326 881 466 939 tum,
497 881 556 927 ut
582 873 794 930 scilicet
823 873 1046 927 oracula
1075 872 1286 945 Assyrii
1320 872 1463 926 votis
1486 870 1901 942 responderent,

326 973 515 1035 gentes
548 974 727 1020 autem
769 964 1047 1019 vaticiniis
1082 966 1199 1021 suis
1229 964 1567 1021 fallerentur.
1602 963 1678 1021 De
1703 963 1904 1035 quibus

326 1058 471 1113 Deus
500 1071 595 1128 per
618 1058 935 1127 prophetam
974 1056 1167 1113 Isaiam
1203 1077 1216 1113 :
1254 1056 1449 1113 Remisi
1466 1074 1681 1112 manum
1709 1074 1903 1123 meam,

322 1160 371 1203 et
400 1160 677 1204 aruerunt.
703 1150 931 1223 Asyrius
964 1166 1094 1205 vero
1130 1171 1142 1204 :
1176 1150 1455 1222 Nunquid,
1491 1151 1588 1217 ait,
1611 1152 1903 1209 liberarunt

322 1242 399 1297 dii
432 1245 663 1314 gentium
701 1254 897 1298 terram
938 1261 1119 1300 eorum
1151 1244 1215 1299 de
1250 1262 1414 1299 manu
1459 1262 1597 1310 mea,
1644 1255 1700 1298 ut
1746 1255 1901 1299 eruat

316 1336 580 1391 Dominus
632 1336 932 1392 Jerusalem
982 1354 1047 1392 ex
1111 1355 1272 1392 manu
1334 1339 1529 1395 mea“!
1585 1337 1898 1393 Secundum

317 1428 563 1490 oracula,
605 1444 725 1498 quze
768 1428 1029 1501 Assyrius
1070 1445 1101 1484 a
1134 1430 1353 1486 vatibus
1387 1439 1691 1500 acceperat,
1743 1430 1895 1500 ejus-

317 1520 463 1575 modi
496 1522 814 1591 prolocutus
843 1530 929 1578 est
964 1523 1123 1578 verba
1151 1532 1343 1577 contra
1382 1533 1594 1593 gentes,
1627 1532 1680 1578 et
1706 1530 1895 1578 contra

314 1612 678 1669 Hierusalem.
710 1615 889 1684 Atque
937 1616 985 1669 is
1018 1614 1283 1671 adversus
1310 1623 1499 1685 gentes
1536 1622 1733 1670 eventu
1766 1629 1895 1669 ora—

2007 500 2124 552 τῶν
2147 498 2685 570 χρησμολογημένων
2746 499 2859 570 (46)
2916 498 3010 562 οὓς
3045 498 3246 569 εἴληφε
3312 498 3459 568 παρὰ
3484 501 3562 554 τίη.

2008 589 2147 643 θεῶν
2188 590 2353 644 αὑτοῦ
2396 590 2484 645 διὰ
2512 591 2620 643 τῶν
2653 591 2922 662 μάντεων,
2950 589 3135 663 πρίξει
3164 591 3265 643 καὶ
3292 592 3563 662 σπαράσσει

2005 681 2074 735 τὰ
2098 681 2306 735 ἐλεεινὰ
2334 681 2463 752 ἔθνη
2502 681 2571 734 τὰ
2596 680 2797 751 ὁμοίως
2822 681 2990 753 αύτῷ,
3012 685 3080 753 τῇ
3124 681 3461 752 πεποιθήσει
3488 686 3569 737 τιῖλ.

2006 772 2271 847 χρησμῶν
2307 772 2721 845 συμεεόληκότα
2746 772 2894 843 αύτῷ
2923 776 3002 837 εἰς
3030 774 3311 843 πόλεμον,
3344 776 3442 827 χιιι
3468 778 3567 831 5:,

2002 866 2340 938 τετυχηκότα
2390 866 2488 937 τῆς
2546 866 2635 920 διὰ
2690 866 2957 938 χρησμῶν
3003 866 3225 930 ἐλπίδος
3252 907 3268 930 ,
3314 866 3414 919 τοῦ
3464 869 3571 920 Θειζ

2006 958 2500 1030 συγχωρήσαντος,
2546 960 2825 1028 ἐπιτυχεῖν
2882 959 2980 1028 μὲν
3022 957 3128 1012 τῶν
3179 957 3459 1030 χρησμῶν

2003 1050 2312 1123 Ἀσσύριον,
2360 1051 2655 1121 ἀποτυχεῖν
2694 1050 2752 1104 δὲ
2793 1049 2863 1103 τὰ
2910 1049 3060 1122 ἔθνη.
3116 1052 3266 1121 Περί
3308 1044 3389 1102 ὧν
3434 1053 3463 1102 6

2001 1141 2132 1206 Θεὸς
2148 1142 2235 1196 διὰ
2255 1141 2349 1196 τοῦ
2388 1143 2667 1215 προφήτου
2702 1142 2933 1195 Ἡσαΐου
2950 1142 3111 1213 φησὶν
3157 1143 3190 1194 6
3253 1141 3426 1204 Θεός·
3453 1140 3571 1205 dm]—

2000 1251 2077 1290 κα
2104 1236 2222 1305 τὴν
2254 1234 2423 1306 χεζοά
2447 1254 2598 1305 μου,
2631 1235 2729 1290 καὶ
2757 1235 3220 1304 ἐξηράνθησαγ.
3287 1237 3349 1290 Ὀ
3389 1236 3447 1288 δέ
3476 1237 3573 1287 ’Δε-

2000 1328 2185 1402 σύριός
2234 1347 2388 1401 φησι,
2432 1329 2531 1398 Μὴ
2572 1329 2915 1397 ὲρῤύσαντο
2955 1333 3009 1383 οἱ
3045 1330 3173 1384 θεοὶ
3228 1326 3358 1381 τῶν
3416 1328 3573 1382 ἑθγιὲν
3624 1326 3625 1357 ³

1997 1420 2112 1489 τὴν
2142 1419 2259 1491 γῆν
2293 1420 2492 1475 αὐτῶν
2537 1422 2605 1475 ἐκ
2644 1421 2761 1476 τῶν
2797 1420 3014 1491 χειρῶν
3062 1441 3214 1492 μου,
3279 1422 3375 1475 ὅτι
3408 1422 3567 1489 ῥύσε-

1996 1532 2090 1568 ται
2120 1516 2335 1583 Κύριος
2365 1515 2481 1584 τὴν
2514 1516 2911 1585 Ἰερουσαλὴμ
2954 1517 3021 1569 ἐκ
3053 1514 3166 1583 τῆς
3206 1520 3423 1585 χειρός
3441 1536 3569 1585 per;

1995 1606 2153 1661 Κατὰ
2194 1608 2251 1661 δέ
2273 1608 2399 1672 τοὺς
2425 1610 2706 1681 χρησμοὺς
2748 1608 2841 1673 οὓς
2864 1609 3077 1676 ἐδέξατο
3098 1610 3128 1661 6
3163 1607 3467 1680 Ἀσσύριος
3494 1627 3568 1663 τις

314 1704 565 1758 culorum
596 1704 738 1758 felici
768 1714 853 1761 est
876 1705 1103 1775 potitus,
1141 1704 1249 1759 Deo
1284 1706 1633 1774 permittente
1659 1726 1671 1759 :
1700 1704 1862 1761 adver

2002 1700 2067 1773 ρὰ
2113 1700 2223 1753 τῶν
2275 1700 2541 1771 μάντεων,
2599 1701 2863 1766 τοιαύτας
2900 1702 3213 1771 ἐφθέγξατο
3254 1702 3455 1771 φωνὰς
3498 1710 3569 1755 xz".

314 1810 411 1848 sus
469 1792 844 1865 Hierosolyma
896 1802 1101 1860 autem,
1141 1795 1459 1850 eorumdem
1498 1796 1645 1850 exitu
1688 1796 1860 1865 potitu

2002 1790 2135 1844 κατὰ
2162 1790 2270 1845 τῶν
2300 1792 2468 1845 ἐθνῶν
2499 1794 2592 1846 καί
2620 1792 2758 1847 κατὰ
2785 1794 2889 1864 τῆς
2929 1793 3326 1866 Ἰερουσαλήμ.
3373 1794 3478 1847 Καὶ
3497 1796 3565 1848 tsi

314 1901 423 1940 non
456 1894 561 1949 est,
597 1885 705 1940 Deo
729 1901 835 1940 non
861 1887 1228 1956 permittente.
1255 1884 1542 1953 Quomodo
1570 1887 1736 1958 igitur
1765 1901 1861 1941 ora

2002 1884 2126 1938 Θεοῦ
2190 1888 2676 1958 συγχωρήσαντος,
2725 1889 3000 1959 ἐπέτυχεν
3055 1889 3085 1941 ὁ
3136 1887 3448 1959 Ἀσσύριος
3484 1887 3567 1937 τῶν

312 1979 441 2033 culo
475 1979 725 2035 frustrati
767 1986 896 2035 sunt
923 1988 1130 2051 septem
1162 1981 1243 2037 illi
1275 1980 1444 2037 duces
1475 1981 1618 2052 apud
1647 1979 1885 2050 Thebas,

311 2070 607 2140 quominus
636 2070 826 2125 urbem
870 2086 987 2126 eam
1020 2087 1248 2142 prorsus
1298 2071 1721 2128 exscinderent?
1748 2071 1889 2128 lnfe-

312 2164 387 2217 lix
417 2163 563 2219 enim
607 2164 816 2218 oraculi
844 2164 1023 2219 exitus
1055 2172 1437 2235 argumentum
1481 2172 1566 2221 cst
1596 2154 1885 2219 inﬁrmita—

309 2254 382 2309 tis
406 2252 577 2318 illius,
609 2268 641 2307 a
671 2270 781 2324 quo
813 2269 875 2309 ea
907 2270 1005 2324 per
1033 2256 1314 2310 oraculum
1343 2256 1597 2327 prtedicta
1630 2272 1751 2327 qua:
1776 2271 1885 2311 non

306 2352 629 2400 evenerunt.
666 2344 745 2400 Ac
776 2346 846 2411 si,
893 2345 1043 2414 iuxta
1087 2347 1314 2403 minime
1345 2346 1593 2404 fallacem
1629 2346 1887 2404 Servato~

306 2438 384 2493 ris
420 2453 631 2503 vocem,
666 2437 875 2509 absque
910 2437 1020 2493 Deo
1051 2454 1117 2494 ne
1143 2455 1332 2509 passer
1353 2441 1576 2510 quidem
1604 2444 1656 2495 in
1681 2450 1884 2497 terram

306 2528 453 2582 cadit
497 2544 509 2579 :
559 2530 730 2584 multo
782 2530 1028 2599 profecto
1074 2532 1258 2586 minus
1298 2533 1531 2603 populus
1569 2534 1883 2594 universus,

306 2627 401 2675 aut
436 2619 567 2675 urbs
608 2628 721 2675 tota
756 2621 966 2685 interit,
1010 2621 1121 2677 Deo
1172 2639 1278 2678 non
1321 2626 1688 2695 permittente.
1730 2627 1885 2693 Quod

304 2728 453 2768 vero.
474 2715 679 2783 quaevis
705 2713 931 2784 profana
955 2731 1110 2786 gens,
1138 2732 1260 2786 quae
1290 2733 1319 2771 a
1349 2726 1510 2788 gente
1528 2718 1714 2773 itidem
1756 2735 1887 2789 pro-

302 2804 428 2859 fana
452 2805 724 2860 exstincta
753 2815 857 2870 est,
892 2806 1043 2877 virga
1086 2815 1141 2863 et
1185 2823 1337 2863 serra
1382 2808 1585 2863 furoris
1615 2807 1709 2863 Dei
1746 2809 1887 2863 inte-

300 2897 477 2960 rierit,
508 2896 801 2953 manifesto
830 2906 1055 2968 apparet
1078 2914 1141 2953 ex
1167 2898 1252 2955 his
1274 2916 1395 2969 qua:
1419 2902 1486 2956 de
1510 2902 1737 2973 Assyrio
1756 2909 1885 2957 sunt

299 2987 468 3042 dicta.
502 2987 585 3041 Ad
616 2988 752 3052 hace,
786 2989 832 3044 si
861 3004 924 3043 ea
962 3004 1083 3059 qum
1124 3005 1153 3044 a
1191 2988 1395 3047 Graecis
1424 2992 1491 3046 de
1522 2990 1741 3047 Tiresia
1765 3002 1883 3049 vate

298 3087 602 3134 memorata
644 3089 792 3142 sunt,
828 3081 976 3134 omni
1002 3096 1066 3136 ex
1099 3092 1253 3152 parte
1284 3090 1413 3139 sunt
1448 3084 1678 3139 ridicula
1705 3102 1717 3135 :
1746 3101 1883 3156 quo-

1990 1977 2250 2051 χρησμῶν
2308 1978 2447 2032 κατὰ
2471 1978 2591 2032 τῶντ
2612 1979 2782 2033 ἐθνῶν
2806 1997 2833 2010 ’ν
2864 1980 3007 2034 κατὰ
3053 1980 3113 2033 δὲ
3158 1979 3274 2049 τῆς
3332 1981 3567 2051 Ἰερωςα.

1988 2066 2099 2138 λὴμ
2141 2068 2377 2139 ἀπέτυχε
2413 2068 2521 2121 τῶν
2551 2068 2839 2140 χρησμῶν,
2865 2069 2960 2123 τοῦ
2998 2067 3137 2123 Θεοῦ
3170 2069 3257 2139 μὴ
3313 2072 3570 2139 συγχωρῇο

1990 2184 2198 2231 σαντος.
2250 2167 2376 2231 Πῶς
2421 2162 2514 2222 οῦν
2568 2167 2842 2239 ἀπέτυχον
2890 2170 2990 2242 τῆς
3040 2169 3325 2240 μαντείας
3364 2171 3419 2221 οἱ
3459 2169 3568 2223 ἐπεὶ

1987 2259 2079 2312 ἐπί
2100 2257 2304 2330 Θήϐαις
2331 2257 2440 2328 (47)
2472 2256 2566 2310 τοῦ
2604 2257 2775 2328 ἄρδην
2826 2257 3092 2311 ἀπολέσαι
3136 2259 3249 2328 τὴν
3296 2258 3491 2319 tam;
3522 2258 3569 2309 Ἡ

1987 2349 2094 2421 γὰρ
2143 2351 2423 2422 ἀποτυχία
2467 2351 2569 2421 τῆς
2628 2351 2888 2422 μαντείας
2950 2351 3174 2421 ἐλεγχος
3246 2352 3471 2419 γίνεται
3494 2349 3571 2417 τῆς

1986 2441 2266 2506 ἀσθενείας
2302 2442 2395 2495 τοῦ
2437 2442 2561 2496 θεοῦ
2601 2443 2694 2497 τοῦ
2726 2442 2817 2496 διὰ
2854 2443 2952 2513 τῆς
2991 2442 3266 2514 μαντείας
3314 2442 3571 2513 προμηγῶ

1988 2550 2177 2597 σαντος
2214 2532 2283 2586 τὰ
2324 2533 2618 2587 ἁνέκὸατα.
2662 2534 2772 2587 Kal.
2816 2535 2865 2586 εἰ
2916 2532 3060 2587 κατὰ
3102 2533 3205 2604 τὴν
3243 2531 3466 2611 ἀψευδῆ
3498 2532 3571 2585 τεῦ

1986 2625 2236 2696 Σωτῆρος
2266 2626 2470 2696 φωνὴν,
2523 2626 2690 2697 χωρὶς
2732 2625 2867 2679 Θεοῦ
2899 2624 3182 2695 στρουθίον
3218 2625 3289 2678 οὒ
3339 2627 3573 2679 πεσεῖται

1985 2717 2077 2770 ἐπὶ
2108 2716 2209 2786 τῆς
2237 2718 2341 2786 τῆς
2363 2734 2379 2747 α
2412 2717 2543 2771 πολὺ
2581 2716 2781 2787 μᾶλλον
2822 2716 2973 2780 ἔθνος
3005 2716 3128 2770 ὅλον
3162 2715 3197 2787 ἢ
3232 2716 3431 2780 ’πόλις
3472 2718 3568 2784 ὅλη.

1984 2806 2083 2858 ούκ
2108 2805 2174 2859 ἂν
2204 2806 2458 2861 ἀπόλοιτο
2502 2806 2576 2878 μὴ
2616 2806 2713 2861 τοῦ
2746 2806 2883 2860 Θεοῦ
2934 2808 3433 2879 συγχωρήσαντος.
3472 2808 3571 2859 Ὀτι

1985 2895 2042 2949 δὲ
2090 2897 2199 2950 πᾶν
2265 2895 2416 2960 ἔθνος
2480 2895 2788 2967 Ἑλληνικὸν
2835 2896 2939 2949 ὑπὸ
3003 2896 3195 2959 ἔθνους
3266 2896 3570 2965 Ἑλληνικοῦ

1985 2986 2357 3057 ἀπολλύμενον
2388 2986 2494 3039 ὑπὸ
2520 2986 2717 3058 ῥάϐδου
2756 2987 2848 3040 καὶ
2878 2988 3100 3058 πρίονος
3140 2987 3248 3057 τῆς
3283 2987 3464 3057 ὀργῆς
3492 2986 3570 3038 τοῦ

1983 3077 2119 3131 Θεοῦ
2154 3077 2467 3141 ἀπόλλυται,
2511 3078 2745 3149 φανερὸν
2795 3078 3134 3149 καθέστηκεν
3180 3080 3254 3131 ἐκ
3311 3079 3429 3131 τῶν
3466 3080 3571 3147 περί

297 3170 463 3224 modo
503 3170 617 3226 ﬁeri
655 3178 853 3242 potest,
902 3181 959 3226 ut
988 3189 1108 3242 qua:
1147 3175 1235 3231 ille
1272 3176 1432 3233 dixit.
1479 3192 1606 3233 vera
1642 3154 1862 3232 fuerint'

2002 3169 2073 3224 τοῦ
2101 3169 2388 3241 Ἀσσυρίου
2440 3171 2766 3242 εἰρημένων.
2806 3170 3023 3225 Ἔτιδέ
3073 3172 3122 3224 εἰ
3156 3170 3232 3223 τὰ.
3271 3172 3437 3242 παρὰ
3481 3172 3570 3224 Ἐλ-

296 3261 498 3318 Fertur
535 3265 681 3318 enim
713 3266 891 3331 deeo,
926 3265 1091 3339 506
1120 3268 1295 3323 virum
1330 3268 1508 3338 ipsum
1533 3276 1591 3323 et
1615 3268 1875 3325 feminam

297 3353 492 3419 fuisse,
550 3365 605 3409 et
648 3364 1010 3428 utrorumque
1058 3358 1319 3413 habuisse
1357 3358 1583 3422 formas,
1644 3368 1701 3416 ct
1747 3375 1874 3416 cum

296 3448 501 3502 multas
548 3446 690 3503 inter
745 3448 878 3504 deos
932 3448 1246 3505 diremisset
1288 3451 1688 3515 contentiones,
1735 3452 1875 3509 hanc

294 3538 366 3592 ob
396 3553 644 3602 causam,
682 3539 876 3593 iratam
920 3541 997 3594 illi
1028 3538 1322 3605 lunonem,
1364 3542 1659 3597 caecitatem
1693 3544 1879 3605 immi-g

294 3631 437 3685 sisse
468 3646 480 3679 :
510 3629 697 3684 Jovem
743 3638 948 3695 autem,
983 3640 1041 3685 ut
1069 3648 1256 3687 casum
1302 3633 1423 3702 ejus
1462 3635 1753 3697 solaretur,
1789 3636 1874 3691 di-

291 3722 570 3777 vinatione
608 3722 759 3777 illum
808 3724 1123 3779 donavisse.
1157 3722 1331 3778 Porro
1376 3740 1499 3780 cum
1530 3726 1871 3800 incredibilia

291 3814 423 3876 sint,
456 3829 577 3885 quae
608 3814 676 3869 de
714 3816 837 3885 ipso
866 3815 1113 3872 fabulose
1153 3826 1373 3871 narrata
1407 3827 1566 3882 sunt,
1597 3819 1870 3886 quomodo

288 3921 417 3959 vera
446 3922 570 3961 esse
599 3909 812 3977 possint
845 3925 968 3978 qua:
1015 3910 1131 3979 ipse
1165 3909 1437 3965 fabulatus
1468 3920 1555 3966 est
1570 3914 1593 3963 1'
1627 3911 1869 3982 Denique

287 3996 359 4059 si,
392 4006 453 4049 ut
498 3995 670 4052 Graeci
709 3998 919 4065 dicunt,
966 4015 1087 4069 qua:
1129 3999 1427 4054 Parcarum
1472 4001 1609 4057 fusis
1648 4004 1865 4058 evoluta

288 4094 421 4141 sunt
464 4089 669 4143 revolvi
718 4105 827 4145 non
866 4099 1130 4161 possunt,
1167 4092 1442 4163 quomodo
1490 4108 1601 4148 non
1652 4095 1866 4152 inutilia

286 4178 568 4234 utentibus
614 4181 862 4244 oracula,
908 4180 1097 4237 Parcis
1144 4184 1209 4239 ad
1257 4183 1416 4241 finem
1462 4186 1863 4242 ineluctabilem

286 4270 601 4325 necessario
634 4286 697 4326 ea
736 4273 1186 4342 perducentibus,
1217 4292 1337 4346 qum
1371 4292 1560 4332 earum
1604 4280 1717 4333 sint
1735 4295 1867 4334 evo-

286 4356 401 4413 luta
448 4360 626 4416 fusis?
661 4360 793 4427 Quae
828 4364 874 4418 si
913 4364 986 4417 ita
1029 4365 1249 4431 habent,
1285 4370 1566 4438 quomodo
1584 4386 1690 4425 non
1727 4371 1863 4429 falsa

286 4468 408 4521 quae
434 4454 539 4507 alia
575 4454 643 4508 ab
670 4455 795 4510 aliis
833 4457 1117 4523 tolluntur,
1153 4458 1338 4515 Parcte
1370 4462 1645 4526 videlicet,
1682 4472 1735 4519 ct
1778 4466 1863 4521 (ἰῆτ-

281 4546 625 4601 vinationcs?
657 4546 944 4613 Quomodo
982 4566 1113 4605 vero
1153 4551 1464 4611 Menoeceus
1508 4572 1615 4610 non
1654 4555 1858 4612 frustra

282 4636 528 4706 seipsum
565 4639 779 4693 necavit
810 4640 878 4695 de
907 4644 1123 4697 oraculi
1151 4630 1423 4701 sententia
1458 4668 1471 4703 :
1515 4664 1639 4703 cum
1671 4666 1859 4719 causa,

283 4744 385 4781 cur
425 4730 609 4785 hostes
658 4732 1063 4793 occiderentur.
1110 4738 1243 4793 urbs
1294 4750 1475 4795 autem
1524 4751 1858 4809 servaretur,

283 4834 393 4871 non
424 4833 490 4873 ex
524 4820 794 4885 daemone,
818 4824 909 4893 qui
953 4839 1049 4895 per
1089 4837 1265 4883 vatem
1310 4844 1631 4900 responsum
1664 4833 1856 4897 edidit,

280 4907 378 4963 sed
410 4924 477 4963 ex
510 4909 740 4965 Domino
776 4929 905 4968 vero
945 4914 1074 4981 Deo,
1124 4918 1252 4987 quid
1295 4920 1347 4975 id
1379 4923 1647 4991 permisit,
1690 4925 1862 4980 exsti-

281 5000 445 5054 terit?

1979 3261 2152 3334 λήνων
2185 3262 2315 3333 περί
2361 3260 2456 3314 τοῦ
2492 3262 2738 3332 μάντεως
2779 3260 3062 3334 Τειρεσίου
3116 3262 3414 3333 εἰρημένα
3463 3279 3570 3314 παν-

1977 3352 2212 3407 τάπασίν
2239 3352 2354 3405 ἐστι
2382 3352 2781 3421 καταγέλαστα,
2814 3352 2931 3416 πῶς
2961 3351 3244 3422 ἐνδέχεται
3278 3354 3357 3408 τὰ
3391 3353 3459 3407 δι’
3489 3356 3567 3407 αὖ-

1975 3445 2070 3499 τοῦ
2132 3443 2390 3515 λεχθέντα
2438 3441 2576 3499 εἶναι
2627 3444 2838 3517 mea;
2894 3447 3034 3499 Φασί
3068 3445 3179 3516 γὰρ
3209 3448 3359 3518 περὶ
3394 3446 3565 3507 αὐτοῦ,

1976 3538 2147 3607 ἄνδρα
2176 3539 2270 3590 καὶ
2316 3540 2549 3605 γυναῖκα
2578 3536 2858 3605 γεγύνεναι
2889 3536 3075 3601 αὑτὸν,
3108 3538 3208 3592 καῖ
3235 3539 3565 3610 ἀμφωέρων

1974 3636 2117 3707 ἔχειν
2143 3636 2244 3700 τὰς
2278 3637 2527 3701 πλάσεις,
2560 3638 2654 3690 καὶ
2683 3636 2885 3701 πολλὰς
2908 3638 3092 3708 μάχας
3118 3638 3230 3690 τῶν
3272 3638 3429 3692 θεῶν
3468 3640 3564 3692 δια-

1973 3730 2234 3792 λύσαντος
2268 3728 2402 3799 (48),
2434 3727 2522 3780 διὰ
2562 3728 2767 3799 ταύτην
2821 3730 2920 3801 τὴν
2965 3730 3147 3782 αἰτίαν
3173 3732 3206 3799 ἡ
3243 3732 3361 3799 μὲν
3402 3731 3561 3802 Ἥρα,

1973 3822 2265 3895 χολωθεῖσα
2315 3824 2483 3895 αὐτῷ,
2545 3824 2834 3896 ὲπήρωσεν
2894 3826 3093 3878 αὐτόν’
3145 3828 3175 3879 ὁ
3205 3826 3267 3879 δὲ
3319 3828 3461 3891 Ζεὺς
3500 3830 3561 3891 εἰς

1972 3919 2323 3989 παραμυθίαν
2366 3919 2465 3989 τῆς
2517 3918 2821 3991 πηρώσεως
2848 3920 3039 3982 αὑτοῦ,
3074 3922 3395 3994 ἐχαρίσατο
3434 3922 3559 3991 αύτῷ

1969 4009 2065 4081 τὴν
2113 4012 2395 4083 μαντικήν.
2448 4011 2587 4065 Ἀλλ’
2623 4013 2675 4064 εἰ
2713 4011 2971 4083 ἀλλότρια
3010 4014 3258 4081 πίστεως
3337 4020 3558 4091 ὑπάρχει

1967 4100 2035 4153 τὰ
2070 4103 2197 4172 περί
2224 4100 2388 4154 αὐτοῦ
2409 4101 2775 4173 μυθευόμενα,
2808 4101 2927 4165 πῶς
2959 4103 3235 4175 ἐνδέχεται
3290 4110 3474 4181 ἀληθῆ
3498 4106 3555 4163 εἷ-

1967 4193 2141 4247 ναιτὰ
2176 4194 2265 4247 ὑπ’
2314 4193 2479 4247 αύτοῦ
2516 4192 2888 4264 μυθευόμενα;
2927 4195 3047 4248 Ἔτι
3071 4196 3127 4250 δέ
3158 4199 3233 4260 εἰ,
3268 4202 3463 4266 καθώς
3482 4219 3564 4271 τσ-

1968 4304 2050 4339 σιν
2083 4286 2363 4357 Ἕλληνες,
2406 4286 2475 4341 τὰ
2508 4286 2614 4339 ὑπὸ
2665 4285 2779 4339 τῶν
2827 4287 3046 4358 Μοιρῶν
3103 4291 3551 4364 ἐπικλωθόμενα,

1966 4378 2224 4433 ἀδύνατόν
2256 4380 2402 4432 ἐστιν
2439 4378 2821 4451 ἀναχλωθῆναι
2841 4421 2856 4444 ,
2888 4379 3004 4444 πῶς
3035 4382 3139 4434 ούκ
3175 4385 3326 4438 εἰσιν
3357 4388 3552 4457 ἀνωφε-

1963 4469 2073 4532 λεῖς
2101 4472 2160 4523 αἰ
2192 4473 2443 4540 μαντεῖαι
2497 4474 2612 4533 τοῖς
2670 4472 2862 4535 αὑταῖς
2904 4473 3257 4544 χρωμένοις,
3296 4477 3414 4530 τῶν
3437 4480 3549 4533 HO"

1965 4560 2075 4632 ρῶν
2107 4562 2200 4614 ἐπὶ
2232 4562 2292 4615 τὸ
2321 4562 2726 4633 ἁναπόδραστον
2758 4563 2909 4627 τέλος
2954 4565 3279 4633 ἀναγκαίως
3313 4570 3550 4639 ἀγουσῦν

1962 4654 2029 4707 τὰ
2058 4654 2149 4707 ὑπ’
2181 4654 2360 4707 αὐτῶν
2407 4654 2857 4725 ὲπικλωθόμενα;
2902 4657 3040 4710 Ἀλλ’
3071 4660 3121 4711 εἰ
3157 4660 3349 4716 ταῦτα
3393 4664 3549 4725 οὓτως

1964 4745 2097 4815 ἔχει,
2136 4746 2255 4810 πῶς
2286 4746 2387 4799 οὐκ
2418 4748 2531 4800 εἰσὶ
2554 4747 2770 4817 ψευδεῖς
2797 4749 2857 4801 αῖ
2882 4765 2941 4801 τε
2972 4750 3178 4820 Μοῖραι
3216 4755 3319 4806 καὶ
3354 4758 3414 4807 αἱ
3438 4772 3547 4823 μαν-

1962 4840 2124 4901 τεῖαι,
2160 4839 2253 4891 ὑπ’
2282 4838 2527 4909 ἀλλήλων
2585 4838 3009 4910 ἀναιρούμεναι;
3040 4841 3165 4905 Πῶς
3198 4842 3257 4896 δὲ
3284 4846 3396 4899 οὐκ
3420 4846 3546 4898 ἐστιν

1963 4930 1992 4980 6
2019 4928 2339 4992 Μενοικεὺς,
2375 4930 2556 5000 μάτην
2584 4929 2935 4999 κατασφάξας
2972 4931 3163 4985 ἐαυτὸν
3209 4934 3367 4988 κατὰ
3394 4935 3455 4988 τὸ
3478 4936 3545 4987 δο-

1966 5019 2097 5071 κοῦν
2148 5021 2213 5091 τῇ
2274 5020 2523 5091 μαντείᾳ,
2579 5020 2680 5091 τῆς
2714 5020 2892 5084 αἰτίας
2940 5020 3041 5074 τοῦ
3062 5022 3425 5093 ἀναιρεῖσθαι
3461 5026 3545 5095 μὲν

278 5099 404 5160 τοὺς
450 5098 765 5193 πολεμίους,
797 5101 1064 5167 σώζεσθαι
1106 5107 1161 5160 δὲ
1193 5108 1291 5179 τὴν
1322 5110 1496 5174 πόλιν,
1537 5111 1612 5182 μὴ
1656 5114 1725 5165 ἐκ
1761 5113 1857 5167 τοῦ
1912 5114 2165 5186 δαίμονος
2221 5115 2316 5169 τοῦ
2356 5115 2442 5169 διὰ
2489 5116 2735 5186 μάντεως
2785 5115 3229 5187 χρηματίσαντος
3277 5118 3543 5193 ὑπαρχού-

280 5207 402 5261 σης,
434 5191 550 5244 ἀλλ’
596 5195 659 5246 ἐκ
690 5194 792 5264 τῆς
830 5195 923 5249 τοῦ
961 5200 1227 5253 Δεσπότου
1276 5203 1370 5256 τοῦ
1421 5204 1674 5277 ἀληθινοῦ
1721 5208 1857 5262 Θεοῦ
1888 5212 2318 5281 συγχωρήσεωςς

458 5310 480 5341 ³
510 5306 618 5366 Isa.
654 5327 843 5376 xxxvi,
876 5314 966 5369 18.

349 5422 711 5498 (ῥῶ-Καίτοι.
751 5424 1075 5498 Sylburgius
1103 5429 1283 5498 explet
1328 5430 1579 5484 lacunam
1611 5430 1863 5488 addendo

281 5494 547 5565 πρόδηλός
572 5497 740 5549 ἐστιν.

357 5564 466 5633 (48)
525 5567 1140 5642 Χρησμολογημένων.
1195 5568 1722 5642 Subintelligendum
1772 5581 1862 5629 est

281 5633 471 5711 ὶύγων,
513 5633 720 5711 alioqui
764 5633 1051 5711 legendum
1083 5640 1293 5711 essetin
1326 5633 1539 5711 εἰληφὲ.

348 5704 458 5785 (ᾴἹ)
498 5704 733 5785 ἐπτᾴ
770 5704 869 5761 ἐεΞί
918 5707 1153 5785 Θήεῖαις.
1217 5704 1483 5785 Qbservat
1533 5711 1856 5785 Sylburgius

279 5781 484 5842 septem
514 5775 637 5830 illos
688 5777 856 5833 duces
908 5781 1049 5849 apul
1100 5775 1489 5851 Apollodorum
1538 5775 1764 5841 minime
1800 5786 1855 5840 in

1969 5432 2073 5512 hoc
2109 5433 2422 5512 consilium
2477 5436 2733 5512 inductos
2784 5440 3095 5512 memorari,
3142 5440 3239 5496 sed
3274 5443 3460 5512 potius
3477 5442 3533 5497 ab

1967 5504 2299 5574 Amphiarao
2326 5507 2637 5563 deterritos.
2692 5510 2761 5563 At
2803 5504 3308 5567 Pseudo—Justimts
3334 5516 3533 5567 videtur

1967 5589 2276 5652 supponere
2323 5576 2459 5631 nihil
2520 5578 2753 5652 majoris
2782 5580 2860 5636 rei
2905 5582 3159 5652 antiquos
3210 5583 3531 5639 inconsultis

1964 5646 2207 5716 oraculis
2238 5662 2526 5716 aggressos
2553 5646 2741 5705 fuisse.

2038 5715 2148 5785 (48)
2195 5715 2620 5783 Διάλὺτταντος.
2677 5717 2753 5773 lta
2804 5736 2939 5776 mss.
2985 5729 3040 5775 et
3086 5720 3151 5776 R.
3194 5720 3529 5785 Stephanus.

1967 5784 2188 5857 Legitur
2215 5787 2537 5841 διαλύσαντα
2566 5789 2618 5843 in
2652 5791 3047 5861 posterioribus
3073 5784 3433 5852 editionibus.
