3638 6480
394 326 534 381 1405

1095 327 1463 386 APPENDIX.
1495 360 1563 371 -—
1603 325 1788 384 PARS
1825 326 1862 383 Ι.
1909 326 1966 382 S.
2010 325 2278 383 ιυεΤιΝι
2318 324 2553 381 ΟῙἚΒᾹ
2593 325 2868 384 SPUBIA.
3502 333 3587 390 illi;

397 444 542 500 Dens
570 453 649 500 est
672 486 686 510 ,
721 445 975 504 videlicet
1007 449 1052 504 si
1085 451 1211 519 quis
1243 461 1512 521 supponat
1548 464 1824 506 summum
1853 462 1968 501 ma-

2110 447 2340 516 ιέγιστον
2370 447 2397 499 ὁ
2423 445 2559 510 Θεός
2603 448 2742 509 ἐστι,
2775 446 3017 519 δηλονότι
3061 448 3116 500 εἴ
3149 463 3236 510 τις
3286 445 3506 501 ὑπόθοιτο
3521 452 3589 519 (illi

396 536 533 601 lum,
573 538 905 609 principium
949 541 1096 595 aliud
1129 543 1433 612 reperietur
1462 542 1570 596 Deo
1609 539 1970 603 contrarium,

395 630 544 702 quod
583 631 801 702 quidem
830 630 1113 688 Manichaai
1141 649 1428 704 perperam
1450 640 1727 688 asserunt.
1765 631 1974 686 Absur-

395 725 525 778 dum
573 725 719 779 enim
767 735 851 780 est
888 724 1057 781 Deum
1103 741 1214 781 non
1258 728 1514 781 universa
1557 724 1878 795 complecti,
1911 739 1974 779 ac

395 817 662 873 bonitatis
717 833 830 873 sua:
884 818 1061 872 lucem
1117 819 1173 872 in
1231 819 1416 873 omnia
1471 833 1582 872 non
1641 815 1970 871 diﬂ'undere.

393 912 576 978 Quare
609 913 819 966 nullum
853 920 941 967 est
967 912 1264 966 maximum
1292 912 1528 978 malum;
1555 925 1681 965 nam
1713 910 1973 980 ignoran-

393 1005 472 1058 tia
499 1019 742 1076 persaepe
769 1003 1022 1060 utilitatis
1059 1019 1223 1058 causa
1263 1003 1578 1058 hominibus
1607 1003 1802 1070 datur;
1828 1001 1974 1056 unde

393 1098 448 1152 id
475 1099 659 1152 multis
697 1097 946 1152 videmus
979 1111 1122 1166 saepe
1152 1095 1422 1159 accidere,
1459 1103 1520 1149 ut
1547 1094 1721 1165 magis
1757 1094 1973 1164 cognita

394 1190 699 1260 despiciant
747 1203 912 1259 quam
971 1189 1176 1258 ignota.
1248 1187 1517 1243 Pra3terea
1570 1187 1972 1257 ignorationem

392 1282 508 1335 veri
553 1281 645 1335 Dei
687 1295 794 1334 non
844 1281 1066 1334 aliunde
1113 1295 1276 1350 quam
1323 1297 1389 1336 ex
1430 1281 1651 1351 propria
1698 1281 1972 1337 oblivione

392 1373 574 1426 anima
621 1374 845 1442 patitur.
883 1371 1116 1427 Obvenit
1155 1380 1335 1427 autem
1379 1373 1467 1426 hic
1505 1388 1726 1443 quoque
1771 1373 1972 1428 animis

391 1466 549 1519 notio
597 1463 730 1531 Dei;
791 1464 1153 1535 videmusque
1201 1474 1256 1520 et
1292 1466 1347 1518 in
1398 1464 1501 1520 hac
1556 1465 1668 1519 vita
1719 1463 1975 1520 homines

393 1555 560 1611 Deum
595 1566 993 1629 cognoscentes
1030 1576 1043 1614 :
1083 1573 1168 1622 ac,
1205 1559 1250 1614 si
1277 1558 1402 1626 quis
1433 1558 1618 1613 dicere
1649 1573 1839 1613 verum
1873 1573 1969 1613 ve-

391 1649 474 1713 lit,
509 1650 657 1703 nulia
688 1650 914 1704 omnino
945 1649 1038 1705 Dei
1064 1651 1355 1720 ignoratio.
1389 1649 1591 1705 Omnes
1620 1650 1765 1704 enim
1801 1649 1969 1704 Deum

391 1756 514 1796 esse
559 1742 838 1795 communi
887 1740 1130 1796 fatentur
1165 1743 1452 1798 sententia.
1504 1742 1674 1795 Porro
1722 1740 1971 1794 homines

2079 537 2342 609 μέγιστον
2376 536 2570 602 κακὸν,
2603 538 2960 611 εὑρεθήσεται
2984 539 3148 611 ἑτέρα
3175 539 3324 610 ἀρχὴ
3354 540 3592 615 ἐναντίατῴ

2073 629 2224 701 Θεῷ·
2263 630 2407 701 ὅπερ
2455 630 2506 682 οἱ
2548 631 2840 700 Μανιχαῖοι
2884 630 3073 693 κακῶς
3123 629 3380 698 λέγοντες
3424 629 3590 700 λέγουσι.

2030 740 2040 751 ·
2075 721 2187 776 Καὶ
2213 720 2326 792 γάρ
2362 721 2561 775 ἄτοπον
2589 721 2682 774 τὸν
2712 721 2840 776 Θεὸν
2883 722 2958 794 μὴ
2994 723 3172 776 πάντα
3206 721 3591 794 καταλαμΰὼιειν,

2077 816 2153 887 μὴ
2195 816 2332 868 πᾶσι
2364 814 2463 886 τὴν
2501 814 2698 868 ἑαυτοῦ
2740 816 3052 889 ἀγαθότητα
3099 816 3448 889 ὲπιλάμπειν.
3479 820 3595 887 Μέγι-

2076 924 2198 960 στον
2225 907 2407 959 τοίνυν
2453 907 2624 960 κακὸν
2658 907 2838 961 οὐδέν·
2872 909 3098 979 καὶγὰρ
3121 912 3154 980 ἡ
3189 909 3384 978 ἄγνοια
3407 911 3594 976 πολλάκις

2074 997 2160 1050 ἐπ’
2198 996 2390 1068 ἀγαθῷ
2437 997 2637 1052 δίδοται
2681 1002 2792 1064 τοῖς
2823 1000 3163 1071 ἀνθρώποις·
3209 1000 3426 1070 ὁρῶμεν
3448 997 3596 1054 οὖνέπὶ

2074 1087 2303 1153 πολλῶν,
2341 1089 2416 1154 ώς
2449 1090 2713 1154 πολλάκις
2745 1091 3031 1162 συμϐαίνει
3063 1092 3268 1162 μᾶλλον
3305 1098 3594 1165 καταφρονεῖν

2072 1181 2178 1233 τῶν
2226 1183 2655 1254 γινωσκομένων
2707 1185 2740 1256 ἧ
2786 1184 2894 1238 τῶν
2922 1186 3328 1256 ἀγνοουμένων.
3367 1187 3595 1250 ’Δλὶωςτε

2073 1274 2166 1327 καὶ
2197 1275 2257 1328 τὸ
2310 1277 2527 1345 ἀγνοεῖν
2572 1279 2666 1330 τὸν
2724 1277 2890 1342 ὅντως
2939 1279 3070 1332 ὄντα
3102 1277 3259 1344 Θεὸν,
3292 1279 3391 1332 οὐκ
3423 1278 3474 1332 ἐκ
3498 1297 3594 1341 τινος

2073 1369 2253 1430 ἄλλου,
2289 1370 2403 1423 ἀλλ’
2447 1371 2514 1423 ἐκ
2551 1372 2652 1442 τῆς
2704 1373 2910 1437 οἰκείας
2966 1373 3139 1445 λήθης
3185 1377 3219 1445 ἡ
3255 1374 3405 1445 ψυχὴ
3437 1377 3593 1446 itaqu.

2072 1462 2441 1533 Παραγίνεται
2491 1463 2546 1516 δὲ
2599 1465 2695 1518 καὶ
2751 1467 2870 1529 ταῖς
2922 1466 3164 1520 ἐνταῦθα
3217 1467 3418 1538 ψυχαῖς
3455 1469 3594 1535 γνῶσις

2071 1551 2238 1605 Θεοῦο
2276 1553 2468 1626 ὥσπερ
2499 1550 2592 1608 οῦν
2642 1555 2858 1627 ὁρῶμεν
2907 1558 3000 1611 καὶ
3053 1557 3290 1612 ἐνταῦοα
3346 1558 3595 1630 ἀνθρώπους

2071 1646 2437 1713 γινώσκοντας
2450 1648 2541 1701 τὸν
2556 1648 2776 1702 Θεόν.Εἰ
2791 1649 2943 1713 δέτις
2961 1649 3136 1704 ἐθέλοι
3168 1651 3230 1704 τὸ
3248 1650 3440 1722 ἀληθὲς
3455 1651 3593 1718 λέγειν,

2073 1737 2198 1790 οὐδέ
2227 1741 2376 1792 ἐστιν
2417 1739 2555 1802 ὅλως
2590 1740 2782 1809 ἄγνοια
2825 1741 2956 1812 περὶ
2979 1741 3148 1794 Θεοῦ·
3187 1743 3390 1805 πάντες
3417 1742 3520 1812 γὰρ,
3543 1746 3596 1795 ὅτι

391 1833 497 1888 hoc
530 1834 694 1888 etiam
739 1835 795 1888 in
835 1835 1040 1890 mundo
1073 1834 1243 1892 Deum
1279 1849 1613 1906 cognoscere
1652 1849 1843 1903 posse,
1880 1847 1968 1887 or-

2110 1846 2220 1882 στιν
2277 1832 2306 1882 ὁ
2345 1828 2499 1897 Θεὸς,
2551 1830 2874 1902 ὁμολογοῦσι
2909 1835 3064 1902 κοινῇ
3099 1833 3302 1904 ἐννοίᾳ.
3334 1835 3447 1887 ’Ὁτι
3470 1833 3513 1886 δὲ
3535 1835 3596 1885 καί

390 1928 759 1982 thodoxorum
807 1943 1031 1999 quoque
1073 1928 1284 1998 liquido
1333 1928 1466 1984 ﬁdes
1526 1927 1797 1990 declarat,
1849 1941 1971 1996 quae

391 2018 562 2074 Deum
601 2020 778 2090 ipsum
822 2021 1210 2084 descendisse,
1253 2029 1308 2075 et
1343 2038 1374 2076 a
1405 2021 1740 2076 mortalibus
1782 2021 1972 2090 cogni-

391 2119 509 2166 tum
545 2129 669 2168 esse
699 2121 998 2168 asseverat.
1033 2112 1219 2184 itaque
1253 2114 1299 2169 si
1331 2113 1387 2167 in
1424 2112 1530 2169 bac
1559 2113 1670 2167 vita
1708 2113 1970 2168 mortales

390 2203 558 2259 Deum
592 2221 755 2261 nosse
792 2214 1058 2276 possunt,
1094 2207 1302 2261 nullum
1336 2207 1417 2262 eis
1450 2221 1728 2262 summum
1763 2207 1968 2260 malum

384 2313 450 2351 cx
491 2313 578 2362 eo,
613 2298 761 2368 quod
800 2299 887 2354 hic
919 2300 1049 2361 sint,
1078 2300 1368 2369 contingit.
1407 2298 1621 2353 Etenim
1657 2299 1968 2369 ignoranti-

387 2389 523 2452 bus,
559 2397 618 2444 ut
647 2391 856 2445 dictum
898 2400 1013 2453 est.
1061 2391 1328 2446 increduli
1363 2392 1568 2462 ingenii
1598 2391 1733 2445 vitio
1763 2390 1854 2446 Dei
1889 2391 1971 2462 ig-

387 2482 604 2536 noratio
653 2483 898 2538 obvenit.
948 2483 1105 2550 Quod
1155 2485 1202 2539 si
1256 2485 1383 2554 quis
1434 2486 1601 2540 etiam
1654 2479 1968 2550 concedat,

385 2574 533 2643 quod
565 2574 784 2644 quidem
815 2586 899 2630 est
929 2576 1250 2636 absurdum.
1286 2593 1562 2632 summum
1598 2594 1726 2633 esse
1765 2579 1968 2632 malum

383 2681 449 2722 ea
484 2682 606 2736 qua:
648 2667 736 2722 hic
768 2678 927 2736 sunt,
972 2685 1146 2738 eaque
1190 2685 1297 2722 non
1335 2670 1603 2724 exsistere
1645 2669 1818 2725 satius
1848 2684 1971 2724 esse

385 2774 552 2828 quam
583 2759 882 2826 exsistere;
920 2761 1191 2830 siquidem
1222 2777 1284 2817 ea
1316 2777 1439 2831 quae
1471 2761 1559 2815 hic
1591 2769 1720 2815 sunt
1747 2761 1816 2816 ab
1844 2762 1968 2832 opi—

386 2850 487 2903 iice
508 2850 577 2904 ob
602 2850 976 2906 inﬁrmitatem
996 2851 1160 2923 508
1179 2855 1319 2906 mala
1346 2853 1516 2908 fuisse
1540 2852 1681 2907 facta
1699 2852 1864 2917 dicit,
1890 2853 1968 2906 in-

385 2943 553 3003 sanit,
579 2941 709 2996 dum
744 2942 836 2998 Dei
856 2946 1153 3013 potentiam
1174 2953 1336 3013 negat
1368 2945 1624 2999 universa
1655 2945 1964 3018 complecti.

387 3034 485 3087 Sin
536 3042 716 3090 autem
763 3051 888 3089 cum
925 3052 1021 3098 ea,
1060 3052 1182 3106 qua:
1232 3037 1321 3091 hic
1374 3045 1538 3101 sunt,
1586 3037 1727 3090 bona
1759 3036 1970 3092 eliicere

2073 1923 2303 1978 ἐνταῦθα
2345 1924 2496 1988 ὄντες
2547 1924 2801 1978 δύνανται
2849 1927 2899 1978 οί
2944 1925 3226 1996 ἄνθρωποι
3257 1924 3515 1993 γινώσκειν
3534 1925 3595 1978 τὸν

2070 2013 2225 2078 Θεὸν,
2268 2017 2363 2069 καὶ
2399 2018 2432 2086 ἡ
2477 2016 2584 2069 τῶν
2623 2016 2917 2089 ὀρθοδόξων
2946 2017 3130 2080 πίστις
3163 2017 3351 2085 σαφῶς
3378 2017 3599 2088 δηλοῖ,

2071 2122 2241 2174 γουσα
2275 2105 2369 2158 τὸν
2408 2106 2540 2160 Θεὸν
2592 2107 2754 2160 αὑτὸν
2797 2106 3248 2178 κατεληλυθέναι,
3273 2108 3363 2160 καὶ
3389 2108 3596 2176 ἐγνῶσθαι

2069 2201 2182 2260 τοῖς
2209 2196 2543 2269 ἀνθρώποις.
2582 2200 2644 2252 El
2684 2199 2862 2254 τοίνυν
2891 2199 3118 2252 δυνατὸν
3147 2201 3243 2252 καὶ
3270 2199 3488 2252 ἐνταῦθα
3515 2201 3598 2261 τὼς

2070 2287 2392 2360 ἀνθρώπους
2433 2289 2594 2354 ὂντας
2645 2290 2936 2358 γινώσκειν
2971 2290 3061 2343 τὸν
3111 2289 3268 2353 Θεὸν,
3297 2291 3442 2344 οὐδὲν
3467 2291 3598 2352 αὐτας

2075 2382 2330 2452 μέγιστον
2360 2381 2527 2435 κακὸν
2561 2383 2847 2454 συμϐαίνει
2874 2383 2940 2435 ὲκ
2967 2382 3061 2435 τοῦ
3082 2381 3321 2436 ἐνταῦθα
3346 2379 3490 2436 εἶναι.
3515 2383 3603 2443 Τοῖς

2071 2472 2325 2542 ἀγνοοῦσι
2348 2473 2480 2546 γὰρ,
2509 2474 2690 2538 καθὼς
2715 2474 2950 2546 εἴρηται,
2977 2476 3042 2528 ἐκ
3068 2475 3168 2546 τῆς
3201 2475 3424 2528 ἀπίστου
3440 2474 3602 2543 gris-ao;

2069 2565 2132 2617 τὸ
2159 2566 2374 2634 ἀγνοεῖν
2394 2567 2488 2618 τὸν
2515 2567 2648 2620 Θεὸν
2680 2567 2983 2639 συμϐαίνει.
3023 2568 3087 2619 Εἰ
3116 2567 3175 2620 δέ
3208 2584 3291 2630 τις
3320 2569 3412 2620 καὶ
3445 2583 3605 2634 συγχω-

2071 2663 2249 2734 ρήσει,
2281 2661 2417 2729 ὅπερ
2447 2659 2667 2723 ἄτοπον,
2712 2661 2968 2731 μέγιστον
2993 2657 3136 2714 εἶναι
3169 2662 3339 2714 κακὸν
3367 2662 3431 2713 τὰ
3460 2659 3602 2712 ἐνταῦ-

2071 2749 2160 2814 θα,
2213 2753 2307 2804 καὶ
2344 2752 2560 2806 κάλλιον
2609 2753 2874 2824 ὑπάρχειν
2912 2755 2975 2806 τὸ
3021 2755 3097 2826 μὴ
3133 2750 3273 2807 εἶναι
3305 2755 3370 2808 τὰ
3401 2754 3509 2825 τῇδε
3540 2753 3605 2804 τοῦ

2071 2839 2235 2897 εἶναι·
2270 2847 2319 2897 εί
2356 2846 2455 2915 μὲν
2498 2845 2648 2913 λέγει
2690 2845 2832 2898 κακά
2881 2846 3247 2918 πεποιηκέναι
3297 2846 3364 2899 τὰ
3544 2846 3604 2896 τὸν

2069 2936 2400 3007 δημιουργὸν
2426 2937 2492 2990 δι’
2518 2937 2824 3002 ἀσθένειαν,
2859 2938 3192 3008 ἀνοηταίνει,
3226 2940 3325 3011 τὴν
3375 2939 3462 2992 τοῦ
3506 2938 3606 2990 Θεοῦ

3571 3030 3597 3044 η

2070 3029 2298 3100 δύναμιν
2340 3029 2564 3097 φάσκων
2624 3029 2697 3101 μὴ
2749 3030 3200 3102 καταλαμϐάνειν
3247 3034 3452 3086 πάντα·
3485 3035 3526 3084 εἰ

389 3135 612 3197 posset,
649 3128 901 3198 permisit
944 3129 1068 3182 aliis
1113 3138 1172 3183 ut
1204 3131 1347 3183 mala
1378 3129 1692 3197 edicerent,
1727 3131 1832 3184 erit
1865 3131 1966 3185 hoc

2110 3122 2366 3192 υνάμενος
2401 3121 2541 3176 καλά
2586 3125 2810 3194 ποιῆσαι
2838 3123 2908 3177 τά
2937 3125 3086 3196 τῇδε,
3127 3126 3493 3198 συνεχώρησεν
3519 3125 3606 3176 ὲτέ-

388 3232 610 3286 quoque
642 3216 737 3271 Dei
767 3218 1062 3272 incusatio.
1089 3216 1222 3271 Nam
1257 3219 1350 3288 qui
1383 3219 1676 3288 prohibere
1709 3227 1968 3290 potestac

386 3309 726 3371 contemnit,
770 3309 956 3364 verius
993 3310 1110 3380 ipse
1149 3309 1377 3364 ell'ector
1412 3317 1517 3364 est.
1553 3309 1649 3364 Sin
1681 3311 1798 3380 ipse
1825 3311 1968 3366 Deus

385 3408 472 3455 est
500 3399 594 3470 qni
643 3399 756 3454 haec
787 3398 917 3454 fecit
937 3439 952 3462 ,
994 3400 1164 3470 liquet
1193 3401 1385 3456 eodem
1419 3399 1528 3455 Deo
1555 3408 1842 3467 manente,
1875 3416 1970 3455 ca-

384 3493 509 3548 dem
532 3502 586 3548 et
606 3492 836 3562 posthac
863 3500 917 3547 et
949 3509 1166 3564 semper
1190 3492 1394 3546 futura.
1435 3493 1566 3558 Qum
1587 3493 1732 3546 enim
1761 3491 1966 3546 dudum

385 3587 584 3659 potuit,
607 3601 752 3640 nunc
781 3600 1002 3656 quoque
1035 3591 1235 3655 potest.
1267 3581 1423 3651 Quod
1455 3583 1500 3639 si
1524 3598 1671 3637 nunc
1701 3584 1982 3653 prolixius-

384 3679 683 3749 quidquam
712 3685 910 3748 potest,
937 3693 1101 3748 quam
1132 3686 1314 3741 antea,
1343 3677 1671 3746 temporaria
1695 3676 1799 3731 erit
1819 3676 1968 3746 ejus-

387 3771 532 3824 modi
575 3770 749 3841 ipsius
794 3770 1036 3839 potentia
1079 3788 1091 3822 :
1134 3767 1278 3839 quod
1323 3766 1621 3822 absurdum
1671 3774 1787 3833 est;
1840 3782 1965 3821 nam

385 3863 533 3932 quod
565 3863 997 3932 temporarium,
1042 3862 1092 3915 id
1126 3861 1482 3932 corruptibile
1522 3867 1628 3914 est.
1672 3857 1801 3924 Sin,
1841 3875 1968 3915 cum

385 3955 553 4008 etiam
592 3955 722 4008 olim
770 3953 1062 4024 probibere
1111 3953 1352 4024 potuerit
1394 3967 1668 4007 summum
1716 3951 1821 4006 hoc
1855 3968 1969 4004 ma-

391 4046 526 4112 lum,
559 4062 665 4100 non
700 4047 1002 4116 prohibuit,
1037 4046 1258 4100 invidus
1291 4043 1456 4098 fuerit
1489 4063 1501 4097 :
1534 4042 1680 4113 quod
1718 4044 1802 4097 vel
1832 4043 1968 4097 ima—

385 4138 564 4209 ginari
613 4139 838 4210 impium
879 4147 983 4195 est.
1025 4138 1259 4195 Necesse
1299 4143 1384 4192 est
1428 4149 1559 4205 ergo
1603 4134 1857 4190 eumdem
1911 4137 1966 4190 in

385 4228 593 4284 eisdem
627 4239 965 4296 manentem,
996 4231 1186 4287 eadem
1223 4229 1422 4285 facere.

519 4339 890 4411 Responsionis
928 4361 1030 4398 non
1062 4353 1197 4397 recte
1227 4343 1487 4398 instituta:
1523 4343 1838 4413 confutatio.

462 4455 511 4509 l.
557 4454 702 4513 Satis
731 4469 814 4514 est
852 4458 993 4513 hanc
1029 4457 1336 4511 orationem
1374 4456 1706 4528 intelligere,
1751 4465 1810 4511 ut
1841 4470 1961 4511 eam

2075 3231 2186 3287 ροις
2218 3213 2364 3267 κακὰ
2395 3217 2588 3278 ποιεῖν,
2621 3215 2715 3269 καὶ
2740 3215 2898 3269 τοῦτο
2927 3215 3081 3271 ἔσται
3110 3219 3468 3290 κατηγόρημα
3483 3216 3603 3268 Θεοῦ.

2081 3306 2140 3362 Ὀ
2183 3306 2292 3378 γάρ
2336 3307 2634 3380 δυνάμενος
2677 3310 2773 3380 μὲν
2818 3309 3052 3372 παῦσαι,
3084 3312 3354 3383 περιορῶν
3397 3313 3470 3374 δὲ,

2069 3400 2322 3471 (λέστερον
2374 3401 2536 3464 αὐτὸς
2599 3401 2722 3473 δρᾷ.
2779 3403 2847 3456 El
2901 3404 2957 3457 δὲ
3022 3405 3189 3468 αὑτός
3239 3403 3605 3464 emneatu

2069 3493 2302 3563 ποιήσας
2341 3491 2408 3545 τὰ
2447 3492 2596 3564 τῇδε,
2629 3494 2784 3566 δῆλον
2811 3496 2894 3548 ὃτι
2941 3495 3036 3549 τοῦ
3081 3497 3248 3550 αὑτοῦ
3281 3497 3410 3550 Θεοῦ
3462 3496 3608 3567 μένον-

2067 3599 2177 3646 τος,
2208 3583 2303 3637 καὶ
2332 3586 2412 3646 εἰς
2446 3583 2670 3656 ὕστερον
2699 3587 2792 3640 καὶ
2832 3587 2922 3640 ἀεὶ
2953 3587 3022 3641 τὰ
3051 3587 3193 3642 αὺτά
3242 3589 3406 3643 ἐσται.
3441 3590 3503 3641 Ἀ
3525 3588 3607 3654 γὰρ

2071 3675 2236 3728 πάλαι
2263 3675 2514 3747 ἠδύνατο,
2548 3677 2642 3730 καὶ
2669 3677 2762 3730 νῦν
2795 3677 3038 3732 δύναται.
3076 3681 3140 3733 Εἰ
3169 3680 3225 3734 δὲ
3255 3680 3348 3734 νῦν
3379 3699 3428 3734 τι
3454 3679 3600 3733 πλεῖοι

2067 3769 2292 3824 δύναται·
2327 3769 2475 3841 παρά
2522 3769 2592 3823 τὰ
2641 3771 2864 3842 προτοῦ,
2901 3772 3158 3844 ἔγχρονος
3210 3774 3370 3828 αὐτοῦ
3415 3774 3548 3826 ἔσται
3581 3773 3611 3839 ῆι

2068 3860 2288 3932 τοιαύτη
2340 3861 2598 3934 δύναμις·
2655 3864 2792 3935 ὅπερ
2837 3863 3073 3917 ἄτοπον·
3123 3867 3187 3919 τὸ
3244 3867 3348 3938 γὰρ
3393 3866 3603 3935 ἔγχροενεν

2071 3952 2328 4025 φθαρτόν.
2384 3956 2447 4008 El
2501 3956 2578 4019 δὲ,
2611 3955 2910 4026 δυνάμενος
2959 3959 3054 4011 καὶ
3107 3960 3275 4013 πάλαι
3305 3957 3525 4012 κωλῦσαι
3563 3955 3604 4005 τὸ

2071 4045 2325 4116 μέγιστον
2353 4046 2496 4102 οὕτω
2512 4049 2700 4113 κακὸν,
2734 4049 2844 4101 οὐκ
2864 4047 3130 4114 ἐκώλυσε,
3163 4051 3406 4123 φθονερὸς
3427 4049 3488 4103 ἂν
3507 4047 3601 4114 εἴη·

2067 4139 2203 4211 ὅπερ
2233 4139 2428 4204 ἀσεϐὲς
2450 4141 2544 4194 καὶ
2579 4140 2966 4211 φαντάζεσθαι.
2998 4143 3091 4195 Δεῖ
3121 4139 3214 4197 οῦν
3242 4145 3328 4196 τὸν
3357 4143 3504 4196 αὑτὸν

2068 4231 2176 4284 τῶν
2205 4232 2385 4286 αὐτῶν
2426 4232 2654 4304 μένοντα
2683 4233 2752 4286 τὰ
2775 4234 2916 4288 αὐτὰ
2954 4237 3151 4290 ποιεῖν.

2073 4347 2356 4415 Ἔλεγχος
2385 4345 2494 4415 τῆς
2529 4347 2908 4416 ἀποκρίσεως
2945 4351 3058 4403 οὐκ
3093 4349 3279 4418 ὀρθῶς
3306 4346 3601 4419 γενομένης·

2145 4459 2194 4512 1.
2244 4459 2357 4515 Ἰκα
2368 4460 2448 4524 κὸς
2471 4461 2568 4532 μὲν
2597 4457 2664 4532 ἦν
2685 4464 2764 4526 είς
2787 4463 3008 4536 ἔλεγχον
3042 4465 3138 4518 τοῦ
3166 4464 3448 4518 ἀσυστάτου
3475 4461 3602 4526 λέγω

384 4546 490 4602 sibi
520 4564 628 4604 non
651 4558 908 4607 constare
933 4562 1216 4624 arguatur.
1250 4552 1382 4606 Nam
1408 4571 1530 4609 cum
1560 4551 1718 4604 initio
1738 4550 1958 4620 quidem

2110 4552 2225 4616 ῦτὸς
2240 4556 2268 4607 ὁ
2283 4553 2439 4622 λόγος
2464 4554 2582 4607 νοού
2591 4533 2954 4627 μενος.Τῷγά
2959 4575 2991 4629 ρ
3011 4557 3194 4627 λέγειν
3209 4560 3266 4611 ὲν
3285 4558 3408 4628 ἀρχῇ
3426 4557 3517 4626 μὲν
3532 4550 3602 4603 τοῦ

388 4641 558 4701 dicat,
591 4658 692 4696 non
716 4658 827 4697 esse
849 4661 1113 4698 summum
1141 4646 1363 4709 malum,
1396 4646 1451 4700 in
1487 4645 1592 4699 line
1614 4655 1818 4705 autem,
1857 4641 1962 4692 im-

391 4732 541 4801 pium
573 4747 715 4798 esse,
760 4734 844 4788 vel
894 4736 1009 4790 sola
1054 4736 1446 4808 imaginatione
1477 4751 1542 4790 ea
1583 4749 1704 4804 qua:
1738 4731 1848 4786 Deo
1879 4731 1966 4784 in-

391 4823 554 4894 digna
600 4833 729 4880 sunt
781 4829 986 4883 sentire
1031 4848 1044 4884 :
1097 4829 1376 4900 quomodo
1434 4847 1546 4886 non
1595 4827 1968 4883 introducitur

389 4913 734 4970 considerate
767 4932 1043 4972 summum
1069 4921 1298 4985 malum,
1326 4921 1473 4992 quod
1505 4920 1910 4976 inconsiderate
1938 4933 1969 4972 a

390 5020 724 5074 responsore
758 5013 843 5061 cst
882 5009 1182 5078 reiectum?
1218 5009 1287 5064 At
1318 5011 1364 5065 si
1409 5010 1726 5080 hujusmodi
1755 5026 1822 5066 ex
1850 5008 1968 5065 sola

391 5093 782 5164 imaginatione
813 5096 1078 5169 impietati
1120 5099 1256 5153 illud
1288 5099 1540 5164 addatur,
1578 5109 1637 5154 ut
1661 5116 1724 5156 ea
1749 5116 1971 5171 quoque.

392 5185 574 5240 verbis
623 5185 964 5254 proferatur,
1026 5191 1204 5260 major
1263 5194 1624 5248 committitur
1691 5193 1965 5263 impietas.

390 5276 547 5343 Quod
589 5279 635 5334 si
672 5295 782 5335 non
823 5281 1040 5336 dicatur
1071 5285 1285 5351 solum,
1330 5286 1425 5340 sed
1458 5286 1623 5340 etiam
1671 5287 1967 5351 scribatur,

391 5386 610 5426 omnem
661 5373 886 5428 malitia:
928 5375 1157 5444 gradum
1206 5377 1433 5431 excedet
1475 5377 1745 5448 impietas.
1794 5377 1971 5447 Atque

393 5461 508 5518 haec
548 5466 596 5520 si
649 5466 724 5520 ita
763 5466 986 5531 habent,
1029 5476 1083 5523 et
1125 5469 1178 5523 in
1216 5470 1316 5532 eis,
1353 5487 1474 5541 quae
1513 5471 1732 5542 indigne
1765 5471 1832 5526 de
1864 5470 1974 5526 Deo

464 5594 944 5673 (l9)_'_7_‘:rdootto.
986 5600 1058 5673 lt.
1101 5600 1413 5673 Stephanus
1447 5604 1715 5657 ὑπόοειτο.
1774 5602 1972 5658 Emen-

397 5665 546 5717 davit
569 5664 922 5743 Sylburgius1
949 5671 1178 5743 ejusque
1197 5664 1629 5730 emendationem
1649 5674 1820 5729 codex
1847 5673 1974 5728 Cla-

397 5745 755 5790 romontanus
785 5739 1092 5797 conﬁrmat.

471 5802 582 5871 (50)
618 5807 1002 5878 Κεκριμένως.
1046 5811 1134 5869 Sic
1165 5815 1448 5870 emendavi
1480 5832 1581 5890 0pc
1612 5815 1818 5874 codicis
1845 5817 1971 5874 Cla-

2070 4643 2226 4712 λόγου
2243 4646 2329 4715 μὴ
2355 4643 2508 4700 εἶναι
2533 4647 2825 4718 μέγιστον
2854 4648 3066 4713 κακὸν,
3106 4652 3165 4703 ὲν
3191 4651 3269 4722 τῷ
3297 4649 3424 4702 τέλει
3453 4647 3506 4699 δὲ
3528 4641 3602 4695 τοῦ

2071 4738 2227 4807 λόγου
2242 4741 2302 4794 τὸ
2317 4741 2508 4805 ἀσεϐὲς
2520 4736 2658 4796 εἶναι
2677 4743 2771 4795 καὶ
2793 4745 2858 4796 ἐκ
2872 4745 3040 4815 μόνης
3062 4744 3349 4814 φαντασίας
3360 4741 3485 4795 τὸτά
3498 4739 3602 4792 ἀνα-

2077 4830 2165 4898 ξια
2185 4834 2313 4904 περὶ
2345 4832 2480 4886 Θεοῦ
2512 4837 2748 4906 φρονεῖνε
2784 4836 2904 4900 πῶς
2925 4838 3027 4891 οὐκ
3051 4839 3166 4892 ἔστι
3186 4837 3497 4910 κεκριμένως
3510 4832 3599 4900 (δῦ)

2077 4921 2427 4992 εἰσαγόμενον
2457 4923 2516 4976 τὸ
2553 4924 2806 4995 μέγιστον
2833 4927 3004 4979 κακὸν
3025 4928 3087 4980 τὸ
3121 4929 3345 5000 ἀκρίτως
3372 4923 3598 4993 ἐκεληθὲν

2079 5012 2230 5084 παρὰ
2258 5012 2362 5066 τοῦς
2381 5014 2805 5087 ἀποκρινομένου
2825 5034 2842 5082 ;
2861 5019 2925 5072 Εἰ
2946 5018 3006 5072 δὲ
3032 5019 3339 5090 προστεθείη
3363 5019 3422 5087 τῇ
3447 5013 3594 5068 τοιαύ-

2077 5122 2146 5179 τῃ
2175 5110 2238 5162 ἐκ
2271 5107 2438 5180 μόνης
2467 5109 2764 5178 φαντασίας
2793 5110 3021 5184 ἀσεϐείᾳ
3055 5113 3151 5166 καὶ
3193 5115 3250 5166 τὸ
3294 5113 3469 5180 λέγειν,
3498 5110 3596 5177 pii-

2077 5193 2186 5258 ζων
2231 5197 2439 5265 γίνεται
2483 5200 2516 5268 ἡ
2556 5197 2798 5268 ἀσέϐεια.
2830 5201 2894 5253 ΕΞ
2931 5203 2988 5255 δὲ
3033 5206 3130 5258 σὺν
3157 5205 3232 5276 τῷ
3260 5204 3412 5272 λέγειν
3447 5195 3595 5252 καὶτὸ

2074 5290 2326 5360 γράφειν,
2362 5289 2422 5356 ἐξ
2471 5293 2715 5364 ἀνάγκης
2767 5297 2953 5350 πᾶσαν
3010 5299 3208 5364 κακίας
3257 5294 3528 5368 ὑπερϐολὴν
3571 5292 3596 5357 ἡ

2073 5381 2296 5434 ἀσέϐεια
2319 5381 2536 5452 ἔχουσα.
2560 5385 2621 5437 El
2644 5383 2699 5438 δὲ
2727 5385 2906 5441 ταῦτα
2932 5389 3105 5454 οὕτως
3136 5391 3262 5461 ἔχει,
3287 5389 3366 5442 καὶ
3392 5386 3529 5438 ἐστιν
3547 5383 3595 5432 ἐν

2076 5476 2207 5527 πᾶσι
2239 5476 2349 5539 τοῖς
2383 5475 2610 5543 ἀναξίως
2643 5479 2770 5548 περὶ
2801 5479 2940 5534 Θεοῦ
2964 5482 3264 5553 λεγομένοις
3283 5499 3333 5534 τε
3361 5481 3446 5531 καὶ
3478 5495 3594 5547 γρα-

2076 5613 2412 5690 romontani,
2473 5614 2805 5690 qui__tamen
2865 5617 3029 5690 habet
3090 5619 3427 5690 κεκρυμένως.
3469 5610 3596 5665 aliti

2075 5683 2445 5762 κεχρημένωςο
2484 5683 2629 5738 Vidit
2682 5683 3008 5762 Sylburgius
3042 5683 3330 5762 legendum
3371 5701 3488 5739 esse
3517 5700 3594 5736 1:.-

2075 5727 2366 5825 κρῗμέξως,
2398 5727 2458 5811 ut
2483 5727 2745 5828 sequenti
2765 5727 3466 5834 voci°ax°pzélﬁﬁﬁéhatm
