3630 6524
8 354 63 411 l5
896 356 1360 427 QUJESTIONES
1390 355 1832 415 CHRISTIANE.
1864 358 1963 413 AD’
1987 358 2306 418 GRAECOS.

3097 369 3237 424 “06

8 470 230 535 ιὲνοις,
276 474 318 544 ἢ
365 473 457 527 καὶ
482 473 641 545 μόνον
674 471 1099 544 φανταζομένοις
1121 473 1342 527 ἀσέϐεια
1367 492 1439 527 κα

1803 482 1925 531 utur
1954 483 2011 535 et
2037 479 2377 541 scribuntur.
2416 486 2512 533 aut
2544 479 2626 535 vel
2652 480 2767 536 sola
2803 483 2999 538 mentis
3030 488 3236 555 cogita-

7 563 125 635 :ix'h
186 566 311 636 τῆς
374 565 532 638 δόξης
584 565 679 619 τοῦ
723 565 1081 618 Θεοῦ”ἔστιν
1112 567 1221 637 ἄρα
1254 567 1310 633 ἐξ
1337 568 1560 635 ἀγνοίας

7 655 62 709 )ῦ
111 655 183 709 τδ
227 657 507 727 μέγιστον
544 657 712 711 κακὸν
749 658 807 709 ἐν
843 656 1169 729 ἀνθρώποις.
1208 658 1348 710 Ἀλλ’
1375 658 1561 731 ἐπειδὴ

8 747 70 812 ξε
113 750 192 817 τῇ
246 750 330 819 σῇ
363 747 662 819 θεοσεόείᾳ,
696 746 758 800 τὸ
788 748 883 799 καὶ¹
916 749 1044 818 παρ’
1080 746 1236 818 ἡμῶν
1269 749 1561 820 ἐγγράφως

8 839 287 911 ,γχϐἦναι
355 840 449 896 τοῦ
496 841 654 910 λόγου
704 842 765 895 τὸ
806 841 1129 903 ἀσύστατον,
1175 840 1262 895 διὰ
1305 841 1463 894 τοῦτο
1503 843 1562 895 ὲν

7 934 199 1003 ιτόμῳ
237 936 458 1006 γράφω
480 934 549 988 τὰ
582 934 1013 1005 ὑποτεταγμένα.
1042 933 1115 987 Τὸ
1134 932 1242 1003 γὰρ
1265 932 1354 987 διά
1385 934 1563 986 πλειό-

7 1044 33 1078 ν
72 1026 331 1094 ἐλέγξαι
369 1027 632 1099 πρόδηλον
667 1025 883 1097 ψεῦδος,
912 1024 1187 1097 ναρκῶδες
1211 1027 1302 1079 καὶ
1333 1026 1562 1099 τῷγρά-

8 1137 87 1172 ντι
127 1120 241 1173 καὶ
278 1120 372 1192 τῷ
406 1120 852 1189 ἀναγινώσκοντι.

7 1301 55 1353 2.
98 1299 221 1353 Δύο
251 1298 385 1371 εἴδη
416 1298 511 1352 τοῦ
546 1299 803 1369 μεγίστου
842 1296 1013 1351 κακοῦ
1053 1296 1245 1367 ἔθηκεν
1278 1299 1306 1349 6
1331 1297 1561 1368 ἀποκρι-

7 1410 177 1466 μενος
225 1395 295 1445 ὲν
355 1396 421 1464 τῇ
470 1391 663 1445 ἑαυτοῦ
702 1391 1013 1464 ἀποκρίσει,
1042 1394 1136 1445 καὶ
1160 1391 1285 1462 τρία
1312 1390 1425 1461 εῐδη
1459 1389 1560 1459 τῆς

8 1487 173 1550 νοίας
206 1486 321 1540 τοῦ
352 1486 486 1540 Θεοῦ
510 1504 522 1515 ο
546 1486 737 1539 ἐκεῖνα
757 1485 853 1556 μὲν
887 1484 1029 1539 κατά
1050 1485 1175 1548 τοὺς
1202 1484 1557 1553 Μανιχαίους,

8 1576 110 1628 ὗτα
170 1576 238 1629 δὲ
309 1578 437 1630 κατ’
484 1577 645 1629 αὐτὸν
695 1577 787 1629 τὸν
822 1578 1277 1648 ἀποκρινάμενον.
1311 1576 1421 1628 Καὶ
1452 1573 1561 1627 τῶν

8 1689 24 1723 >
58 1668 234 1721 εἱδῶν
284 1668 391 1721 τοῦ
431 1669 686 1740 μεγίστου
727 1667 902 1721 κακοῦ
930 1670 991 1722 τὸ
1030 1668 1125 1739 μὲν
1153 1669 1305 1737 ἔλεγε
1331 1669 1558 1721 κατόὺ-

7 1779 78 1823 ιν,
125 1760 194 1813 τὸ
238 1760 306 1813 δὲ
349 1762 467 1814 κατ’
496 1760 775 1830 ἐνέργειαν
822 1760 915 1813 τοῦ
963 1763 1079 1814 κατ’
1104 1761 1310 1814 οὐσίαν.
1350 1761 1470 1813 Τῶν
1502 1761 1558 1813 δὲ

1663 570 1813 623 tione
1845 568 2231 633 informantur,
2264 570 2518 640 impietas
2549 572 2711 635 inest,
2744 572 2931 643 gloria:
2955 573 3047 629 Dei
3074 576 3238 630 abro-

1663 659 1870 729 gatrix,
1902 671 1987 715 est
2021 661 2268 731 profecto
2299 677 2574 717 summum
2605 662 2661 715 in
2704 663 3018 719 hominibus
3045 682 3109 720 ex
3143 666 3237 723 Dei

1664 750 2003 822 ignoratione
2038 751 2263 806 malum.
2295 750 2399 806 Sed
2431 767 2554 805 cuin
2581 752 2767 822 pietati
2792 760 2899 807 tuae
2927 754 3104 808 visum
3142 760 3236 822 sit,

1663 852 1722 897 ut
1758 850 1813 897 et
1852 856 1881 895 a
1924 842 2084 896 nobis
2124 844 2332 913 scripto
2372 844 2747 898 inconstantia
2786 848 3092 915 argumenti
3142 849 3240 903 de-

1662 940 2047 988 monstretur:
2082 934 2343 997 breviter,
2387 950 2509 1004 qua:
2551 935 2843 1005 subjuncta
2889 945 3053 1002 sunt,
3097 938 3240 992 scri-

1661 1024 1839 1081 benda
1893 1025 2047 1079 duxi.
2101 1023 2235 1079 Nam
2291 1026 2542 1095 pluribus
2588 1026 2839 1081 refellere
2886 1027 3239 1084 manifestum

1661 1116 2002 1171 mendacium
2022 1154 2047 1179 ,.
2067 1114 2330 1170 scribenti
2357 1115 2513 1184 juxta
2549 1123 2604 1171 et
2648 1116 2847 1186 legenti
2894 1117 3113 1171 tmdium
3156 1117 3240 1171 af-

1660 1207 1787 1263 fert.

1729 1297 1784 1350 2.
1827 1284 1975 1351 Duas
2019 1297 2233 1367 species
2267 1296 2489 1349 maximi
2538 1296 2667 1350 mali
2709 1313 3008 1368 responsor
3053 1300 3107 1353 in
3150 1315 3241 1355 re-

1660 1406 1866 1462 sponso
1898 1405 2000 1445 suo
2028 1389 2235 1460 posuit,
2262 1396 2318 1442 et
2345 1391 2557 1458 species
2583 1396 2696 1445 tres
2714 1391 3074 1460 ignorationis
3106 1392 3195 1447 Dei
3221 1410 3236 1446 :

1662 1500 1726 1538 ac
1774 1485 1898 1538 illas
1940 1481 2162 1553 quidem
2217 1483 2284 1538 de
2322 1482 2747 1537 Manichaeorum
2795 1486 3096 1550 sententia,
3140 1484 3241 1539 has

1660 1591 1790 1632 vero
1845 1582 2039 1645 suapte
2093 1574 2373 1644 opinione.
2421 1574 2486 1628 Et
2536 1575 2769 1630 duarum
2830 1576 3055 1629 maximi
3108 1577 3239 1629 mali

1662 1666 1968 1737 specierum
2014 1666 2240 1721 alteram
2270 1666 2409 1721 dixit
2456 1683 2579 1722 esse
2635 1668 2964 1731 substantia,
3011 1669 3238 1721 alteram

1662 1761 1984 1830 operatione
2020 1760 2168 1815 illius
2199 1762 2345 1831 quod
2382 1762 2687 1816 substantia
2728 1761 2931 1814 malum
2965 1769 3069 1814 est.
3115 1758 3241 1815 Tri-

8 1852 105 1905 ιῶν
145 1851 326 1905 εἱδῶν
352 1854 452 1923 τῆς
478 1852 571 1905 τοῦ
598 1851 733 1905 Θεοῦ
752 1852 991 1920 ἀγνοίας,
1026 1852 1088 1905 τὸ
1121 1853 1218 1923 μὲν
1237 1852 1388 1921 ἔλεγε
1425 1870 1441 1905 >

1804 1868 1827 1907 s
1876 1862 2079 1917 autem,
2114 1868 2221 1922 qua
2264 1850 2407 1908 Deus
2448 1853 2757 1920 ignoratur,
2790 1851 3015 1922 speciei,
3074 1868 3237 1905 unam

8 1946 134 2015 Οην,
163 1945 234 1998 τὸ
268 1945 336 1998 δὲ
364 1944 507 1998 κατά
539 1946 637 2015 τὴν
672 1944 898 1998 ἄπιστον
931 1944 1111 2013 φύσιν,
1137 1944 1196 1997 τὸ
1215 1946 1270 1998 δὲ
1302 1944 1442 1998 κατά
1461 1944 1560 2015 τὴν

8 2038 157 2107 ἀΟὴν
195 2036 385 2090 δόσιν.
426 2036 603 2088 Ποιῶν
637 2036 694 2088 δὲ
744 2035 1006 2106 σύντομον
1034 2034 1131 2106 τὴν
1159 2036 1433 2106 ἀναίρεσιν
1468 2035 1563 2088 καὶ

8 2147 46 2179 »ν
81 2126 240 2181 κατά
289 2128 658 2209 Μανιχαίους,
694 2127 788 2182 καὶ
819 2126 927 2179 τῶν
968 2128 1088 2180 κατ’
1114 2127 1294 2190 αὑτὸν,
1330 2127 1561 2197 ἔφασκε,

7 2222 71 2274 ντὲ
106 2220 213 2290 μὲν
240 2220 498 2291 ἀναιρῶν
524 2220 632 2273 τῶν
649 2220 967 2290 Μανιχαίων
988 2219 1087 2289 τὴν
1106 2220 1281 2287 δόξαν,
1301 2220 1390 2273 καί
1408 2237 1559 2291 φησι,

7 2308 260 2377 ἑγιστον
308 2308 506 2363 κακὸν
549 2308 731 2363 οὐδέν
753 2309 942 2363 ἐστιν.
975 2312 1045 2362 Et
1073 2309 1139 2363 δέ
1168 2328 1255 2376 τις
1284 2311 1562 2365 ὑπόθοιτο

8 2406 238 2468 ὲγιστον
253 2400 859 2469 κακὸν,εὐρεθήσεται
878 2400 1045 2470 ἑτέρα
1058 2400 1212 2469 ἀρχὴ
1225 2401 1466 2454 ἐναντία
1482 2398 1562 2466 τῷ

8 2492 95 2556 εῴ·
124 2494 285 2562 ὅπερ
319 2497 378 2548 οἱ
416 2494 731 2564 Μανιχαῖοι
761 2494 949 2561 κακῶς
981 2495 1260 2563 λέγοντες
1277 2496 1524 2563 λέγουσι
1543 2511 1558 2524 ο

8 2586 78 2638 »τε
123 2586 205 2651 δὲ,
242 2587 383 2641 ὅταν
418 2590 571 2658 φησὶ,
608 2590 717 2641 Τὸν
745 2588 931 2655 ὅντως
961 2589 1071 2659 (51)
1103 2588 1245 2642 ὄντα
1276 2587 1423 2641 Θεὸν
1450 2590 1559 2641 οὐκ

7 2676 21 2737 ;'
65 2676 271 2731 ἄλλου
324 2679 513 2745 τινὸς,
564 2680 704 2733 ἀλλ’
749 2680 815 2733 ἐκ
860 2678 969 2748 τῆς
1012 2680 1234 2745 οἰκείας
1283 2678 1475 2746 λήθης
1522 2680 1559 2746 ὴ

10 2768 119 2836 υχὶι
149 2769 389 2838 πάσχει
416 2788 427 2799 ·
466 2772 522 2823 ἐν
557 2772 785 2835 ἐκείνοις
820 2772 919 2841 μὲν
951 2771 1192 2843 ἀναιρῶν
1230 2770 1290 2823 τὸ
1330 2772 1446 2823 κατ’
1470 2771 1562 2822 οὖ-

8 2858 76 2911 ἷαν
106 2861 381 2930 μέγιστον
406 2862 594 2926 κακὸν,
616 2864 672 2915 ὲν
692 2862 904 2926 τούτοις
934 2863 991 2916 δὲ
1024 2862 1085 2915 τὸ
1110 2864 1229 2917 κατ’
1252 2862 1555 2933 ἐνέργειαν.

7 2953 231 3022 ιναιρῶν
257 2953 321 3006 δὲ
353 2954 448 3007 καὶ
469 2954 537 3007 τά
564 2954 675 3026 εἴδη
688 2956 785 3026 τῆς
806 2954 1028 3024 ἀγνοίας
1045 2955 1140 3008 τοῦ
1160 2955 1317 3017 Θεοῦ,
1338 2954 1374 3009 ἃ.
1397 2955 1559 3018 αὐτὸς

7 3043 117 3114 δηκε
139 3083 153 3107 ,
205 3044 308 3096 καί
346 3062 543 3116 φησιν,
582 3046 733 3100 Οὐδὲ
768 3047 941 3100 ἐστιν
977 3046 1131 3112 ὅλως
1166 3046 1377 3116 ἄγνοια
1425 3047 1557 3114 περὶ

8 3138 137 3191 εοῦ’
192 3138 434 3207 πάντες
474 3140 616 3209 γὰρ,
668 3140 756 3193 ὅτι
793 3142 924 3194 ἔστι
976 3139 1154 3206 Θεὸς,
1196 3140 1559 3209 ὁμολογοῦσι

7 3230 130 3299 οινῇ
154 3232 393 3300 ἐννοίᾳ.
426 3207 489 3285 Ei
520 3207 616 3304 μὲν
644 3228 736 3286 οὖν
764 3233 865 3286 οὐκ
885 3232 1032 3285 ἔστιν
1054 3231 1192 3296 ὅλως
1217 3207 1407 3301 ἀγνοια
1429 3234 1567 3304 περὶ
1586 3207 1626 3265 C

10 3322 111 3385 εοῦ,
147 3323 339 3394 δῆλον,
373 3325 456 3378 ὃτι
486 3324 679 3394 ψευδὲς
706 3324 767 3378 τὸ
797 3326 1009 3394 ἀγνοεῖν
1041 3323 1132 3377 τὸν
1164 3324 1295 3377 Θεὸν
1326 3323 1557 3394 συμϐαί-

9 3434 43 3467 Et
68 3420 178 3482 τοῖς
212 3417 536 3492 ἀνθρώποις
566 3420 599 3490 ἢ
641 3419 780 3473 κατά
818 3419 1018 3491 λήθην,
1047 3420 1079 3490 ἢ
1132 3418 1273 3473 κατά
1302 3418 1400 3489 τὴν
1432 3419 1558 3473 ἀπι-

9 3526 83 3562 τον
108 3510 271 3579 φύσιν
293 3552 310 3575 ,
351 3512 387 3583 ἢ
421 3511 564 3565 κατὰ
592 3512 691 3583 τὴν
734 3512 945 3583 ἀγαθὴν
990 3511 1168 3565 δόσιν·
1200 3513 1248 3563 εί
1282 3511 1345 3564 δὲ.
1372 3511 1557 3581 κοινὴν

11 3618 164 3655 ινοιαν
202 3603 430 3657 πάντων
470 3603 616 3673 λέγει
647 3604 746 3675 τὴν
792 3604 935 3657 κατὰ
963 3602 1061 3675 τὴν
1106 3602 1308 3673 εἰδικὴν
1351 3601 1557 3655 ἔννοιαν

11 3692 197 3766 dum;
252 3697 369 3749 τῶν
426 3696 733 3762 κακοδὸξων
794 3695 1061 3769 αἱρέσεως
1124 3696 1553 3765 ἀναιρουμένην,

12 3785 72 3837 ιδ’
102 3788 275 3852 οὕτως
308 3789 466 3843 ἔσται
512 3789 711 3858 γνῶσις
740 3789 874 3844 Θεοῦ
908 3790 966 3843 ὲν
996 3790 1108 3852 τοῖς
1138 3789 1320 3841 πᾶσιν.
1366 3788 1558 3857 Ἡμεῖς

12 3877 26 3927 ἒ
65 3877 181 3932 οὔτε
221 3881 284 3933 τὸ
320 3880 465 3935 κατά
508 3881 636 3944 τοὺς
679 3879 1010 3952 Μανιχαίους
1055 3880 1312 3951 μέγιστον
1352 3879 1554 3941 κακὸν,

14 3967 85 4020 ὺδὲ
114 3972 213 4043 τὴν
241 3975 367 4026 κατ’
394 3973 556 4026 αὑτὸν
582 3974 674 4026 τὸν
706 3958 1143 4043 ἀποκρινάμενον
1169 3971 1391 4040 ἄγνοιαν
1420 3969 1555 4023 Θεοῦ

13 4058 241 4134 Βήκαμεν
272 4066 332 4119 ἐν
360 4069 428 4137 τῇ
457 4068 742 4138 ἐρωτήσει,
775 4065 925 4118 ἀλλά.
946 4066 1201 4136 μέγιστον
1234 4064 1403 4118 κακὸν
1432 4064 1553 4117 κατ’

13 4170 170 4208 ννοιαν
185 4157 440 4231 εἴπομεν,
461 4158 523 4211 τὸ
548 4158 690 4211 κατὰ
708 4157 801 4213 τοῦ
834 4157 971 4211 Θεοῦ
1003 4156 1196 4228 ψεῦδος
1216 4173 1228 4186 ”
1253 4158 1474 4225 ἄγνοιαν
1499 4155 1556 4209 δὲ

15 4248 101 4300 θεοῦ
130 4251 227 4321 τὴν
256 4253 320 4305 τὸ
340 4251 535 4323 ψεῦδος
558 4253 841 4323 εἰρηκυίαν
861 4269 875 4281 ’
900 4252 1038 4321 ὅπερ
1066 4252 1183 4304 ἐστὶ
1208 4251 1391 4321 τρίτον
1417 4244 1557 4313 εἶδος

16 4339 71 4391 οὖ
108 4343 365 4412 μεγίστου
418 4344 626 4407 κακοῦ,
660 4345 725 4398 ὲκ
772 4345 872 4415 τῆς
904 4344 1155 4396 ἑκουσίου
1184 4342 1467 4406 ἀπειθείας
1496 4360 1556 4395 τε

15 4432 69 4482 αὶ
105 4434 361 4500 ἀπιστίας
390 4434 693 4508 ἀνθρώπων
736 4435 1029 4508 συμϐαῖνον
1072 4436 1277 4497 αὐτοῖς.
1321 4434 1379 4488 'U
1423 4450 1557 4506 προ-

1661 1960 1729 1998 ex
1791 1944 2099 2011 oblivione,
2156 1946 2454 1999 secundam
2512 1961 2575 2001 ex
2638 1946 2925 2001 incredulo
2985 1946 3237 2015 ingenio,

1662 2036 1880 2091 tertiam
1935 2052 2001 2090 ex
2056 2035 2321 2091 beneficio
2384 2038 2504 2091 utili
2560 2039 2836 2108 proficisci
2896 2040 2993 2093 ait.
3047 2038 3237 2093 Brevi-

1662 2140 1744 2185 ter
1772 2146 1902 2185 vero
1927 2138 1981 2185 et
2010 2128 2435 2183 Manichaeorum
2482 2140 2535 2185 et
2582 2147 2737 2185 suam
2772 2133 2945 2201 ipsius
2986 2141 3239 2187 evertens

1662 2223 2011 2285 sententiam.
2060 2238 2207 2277 nunc
2249 2222 2469 2292 quidem
2520 2234 2711 2278 contra
2752 2223 3079 2279 Maniclimos
3114 2224 3188 2276 ait
3221 2243 3236 2279 :

1666 2316 1891 2370 Nullum
1940 2328 2018 2371 est
2076 2334 2340 2371 sumntum
2395 2318 2617 2371 malum.
2666 2317 2867 2388 Siquis
2923 2328 3097 2372 autent
3142 2334 3245 2387 po—

1663 2418 1756 2462 nat
1791 2426 1903 2463 esse
1935 2426 2198 2463 summum
2234 2410 2457 2472 malum,
2495 2411 2720 2463 alterum
2759 2411 3044 2477 reperietur
3090 2410 3238 2478 prin-

1664 2502 1856 2569 cipium
1884 2500 1988 2555 Deo
2014 2501 2314 2565 adversum,
2344 2505 2481 2572 quod
2504 2502 2712 2572 quidem
2744 2501 2796 2554 Μ
2806 2502 3030 2555 anichwi
3058 2517 3242 2571 ρει-ρει-

1664 2611 1779 2647 ram
1811 2605 2094 2659 asserunt;
2127 2612 2273 2650 nunc
2312 2604 2490 2650 autem
2528 2614 2541 2648 :
2575 2595 2964 2664 ignorationem
3005 2596 3111 2648 veri
3145 2594 3242 2649 Dei

1664 2703 1766 2739 non
1814 2686 2031 2741 aliunde
2072 2704 2229 2755 quam
2258 2702 2323 2741 e1:
2355 2686 2567 2755 propria
2610 2687 2871 2741 oblivione
2918 2688 3098 2739 anima
3140 2702 3249 2751 pa-

1664 2778 1839 2839 titur;
1905 2778 2016 2831 illic
2078 2793 2353 2832 summum
2427 2779 2733 2833 substantia
2796 2778 3039 2843 malum;
3114 2778 3239 2840 hic,

1661 2867 1808 2936 quod
1850 2868 2167 2936 operatione
2201 2870 2277 2930 lit,
2312 2868 2608 2939 abrogans.
2641 2869 2930 2937 Abrogans
2968 2876 3150 2922 autem
3186 2876 3242 2921 et

1663 2959 1875 3028 species
1910 2957 2001 3012 Dei
2028 2959 2409 3028 ignorationis,
2440 2975 2579 3029 quas
2603 2960 2719 3029 ipse
2744 2960 2936 3013 statuit
2966 2979 2978 3012 :
3010 2957 3134 3012 Non
3162 2968 3240 3012 est

1662 3049 1825 3121 509
1863 3052 2097 3115 omnino,
2142 3051 2339 3121 inquit,
2380 3050 2474 3104 Dei
2530 3053 2834 3122 ignoratio;
2882 3068 3059 3105 omnes
3100 3054 3239 3105 enim

1667 3141 1833 3196 Deum
1874 3160 1987 3197 esse
2014 3144 2279 3197 communi
2322 3143 2559 3212 fatentur
2599 3145 2878 3197 sententia.
2917 3145 2995 3198 Ac
3036 3145 3081 3199 si
3113 3146 3239 3215 qui-

1660 3236 1783 3289 dem
1835 3250 2065 3306 prorsus
2110 3252 2217 3290 non
2263 3245 2349 3291 est
2392 3237 2668 3307 ignoratio
2703 3235 2826 3303 Dei,
2875 3235 3072 3293 falsum
3113 3252 3244 3307 pro-

1660 3328 1806 3384 fecto
1836 3338 1956 3393 est,
2005 3328 2409 3399 ignorationem
2446 3328 2540 3383 Dei
2584 3330 2873 3399 obtingere
2914 3331 3243 3386 mortalibus

1658 3424 1742 3478 vel
1779 3423 2081 3487 oblivione,
2122 3423 2206 3477 vel
2238 3423 2458 3493 ingenio
2484 3424 2789 3487 incredulo,
2821 3424 2903 3477 vel
2936 3425 3053 3478 utili
3083 3424 3242 3479 bene-

1658 3513 1805 3569 ﬁcio.
1844 3514 1901 3569 Si
1937 3529 2066 3569 vero
2098 3528 2444 3568 communem
2477 3512 2723 3567 omnium
2754 3514 3080 3568 sententiam
3109 3514 3243 3568 dicit

1658 3624 1801 3671 eam,
1833 3623 2000 3677 quam
2047 3605 2271 3675 propria
2308 3604 2576 3674 cujusque
2614 3620 2796 3675 pravm
2843 3605 3067 3659 haeresis
3103 3620 3239 3659 sen-

1662 3699 1829 3755 tentia
1879 3698 2113 3761 evertit,
2152 3712 2221 3751 ne
2260 3696 2341 3752 sic
2385 3696 2605 3765 quidem
2656 3694 2749 3749 Dei
2793 3696 3037 3766 cognitio
3076 3696 3242 3750 inerit

1658 3791 1936 3845 omnibus.
1968 3788 2081 3844 Nos
2124 3796 2305 3844 autem
2347 3803 2522 3856 neque
2564 3786 2696 3841 illud
2727 3788 3029 3843 secundum
3063 3788 3240 3842 Mani-

1659 3884 1840 3939 (εικεοε
1891 3883 2188 3937 maximum
2245 3880 2482 3945 malum,
2537 3896 2713 3950 neque
2766 3878 2891 3943 Dei,
2935 3878 3237 3935 secundum

1659 3990 2089 4047 responsorem,
2135 3973 2539 4045 ignorationem
2584 3972 2641 4025 in
2698 3972 3001 4041 quastione
3050 3970 3241 4042 posui-

1659 4086 1816 4136 mus;
1851 4070 1943 4125 scd
1981 4083 2257 4125 summum
2297 4067 2499 4121 malum
2529 4066 2583 4120 in
2615 4074 2798 4121 mente
2825 4081 2950 4121 esse
2978 4065 3238 4128 dicimus,

1659 4165 1726 4219 de
1760 4163 1873 4219 Deo
1916 4160 2231 4231 opinionem
2267 4159 2492 4223 falsam;
2526 4158 2926 4230 ignorationem
2960 4174 3089 4213 vero
3121 4156 3237 4220 Dei,

1658 4271 1782 4326 quae
1833 4254 2152 4323 opinionem
2201 4251 2519 4321 linjusmodi
2578 4251 2772 4305 falsam
2823 4248 3063 4320 profert,
3118 4264 3244 4317 quin

1659 4348 1883 4420 quidem
1930 4346 2090 4401 tertia
2123 4355 2207 4400 est
2246 4346 2462 4413 species
2508 4344 2707 4399 summi
2739 4343 2888 4401 mali.
2923 4340 3242 4395 hominibus

1660 4457 1727 4497 ex
1762 4438 2069 4494 voluntaria
2118 4436 2418 4492 rebellione
2465 4443 2519 4491 et
2553 4434 2871 4490 infidelitate
2917 4432 3236 4487 obveniens.

23 4523 190 4592 έμενος
239 4533 269 4583 6
317 4530 756 4603 ἀποκρινάμενος
802 4530 1048 4599 ἀναιρεῖν
1104 4528 1281 4581 ἀνεῖλε
1337 4528 1435 4598 μὲν

1805 4548 1837 4585 n
1870 4546 1995 4585 cum
2030 4530 2359 4592 instituisset
2391 4543 2689 4598 responsor
2723 4526 2963 4588 abolere,
3000 4523 3238 4578 abolevit

17 4617 115 4670 εατά
152 4622 276 4686 τοὺς
305 4623 645 4694 Μανιχαίους
671 4622 765 4676 δύο
793 4622 887 4675 τοῦ
921 4620 1177 4692 μεγίστου
1204 4619 1383 4673 κακοῦ.
1404 4618 1517 4691 εἴδη
1542 4659 1557 4682 ,

18 4707 46 4758 :6
73 4709 123 4763 δὲ
150 4714 267 4768 καθ’
286 4717 437 4788 ἡμᾶς
460 4717 562 4769 οὐκ
584 4716 781 4769 ἀνεῖλε.
805 4714 896 4768 Διὸ
918 4714 1063 4769 δυοῖν
1087 4714 1314 4784 Θάτερον
1346 4712 1558 4783 ἀνάγκη

20 4803 123 4867 ίμᾶς
153 4804 327 4874 λέγειν
360 4810 487 4881 περὶ
516 4807 611 4862 τοῦ
634 4807 1094 4879 ἀποκριναμένουυ
1118 4806 1151 4876 ἥ
1173 4806 1234 4858 τὸ
1265 4806 1339 4876 μὴ
1368 4804 1559 4875 νοῆσαι

20 4890 50 4941 τὸ
76 4894 185 4948 καθ’
218 4900 366 4971 ἡμᾶς
391 4900 573 4973 τρίτον
603 4895 740 4964 εἶδος
766 4900 875 4954 τοῦ
896 4899 1152 4970 μεγίστου
1184 4896 1356 4951 κακοῦ
1381 4938 1395 4962 ,
1429 4897 1463 4967 ἢ
1498 4897 1561 4949 τὸ

19 4983 66 5054 ﬁl
84 4988 371 5064 εἀπορῆσαι
399 4994 613 5059 δικαίας
643 4993 949 5063 ἀντιλογίας
968 4994 1169 5047 τούτους
1186 4990 1556 5063 ἀναιρετικῆς.

20 5075 106 5128 ὐτι
128 5080 182 5134 δέ
212 5085 333 5139 ἐστι·
360 5086 419 5140 τὸ
446 5088 567 5141 καθ’
595 5089 745 5159 ἡμᾶς
776 5087 1029 5157 μέγιστον
1060 5086 1229 5139 κακὸν
1255 5084 1315 5149 ἐξ
1338 5083 1559 5152 ἀγνοίας

21 5165 118 5223 θεοῦ
150 5177 437 5246 συμϐαῖνον
466 5183 578 5244 τοῖς
607 5179 934 5251 ἀνθρώποις,
970 5179 1240 5231 δείκνυται
1268 5176 1458 5241 οὕτως.
1484 5177 1569 5230 Τὸη

21 5261 235 5329 λέγιστον
264 5273 453 5336 κακὸν,
488 5274 547 5327 τὸ
583 5274 657 5346 μὴ
695 5272 754 5325 ’ὸν
786 5273 906 5326 κατ’
925 5272 1133 5336 οὐσίαν,
1152 5271 1309 5324 τοῦτο
1339 5270 1427 5323 διὰ
1459 5272 1557 5342 τὴν

21 5353 200 5421 ίγνοιαν
243 5366 336 5419 τοῦ
362 5367 496 5421 Θεοῦ
542 5366 799 5420 ὑπέθεντο
845 5368 895 5419 οἱ
938 5365 1223 5434 ἄνθρωποι
1260 5362 1399 5417 εἶναι
1446 5367 1559 5428 τοῖς

24 5446 189 5506 ἱαυτῶν
230 5458 495 5532 δόγμασι·
544 5463 810 5532 μαρτυρεῖ
850 5460 906 5513 δὲ
956 5460 1130 5529 τούτῳ
1179 5459 1272 5511 καὶ
1320 5458 1481 5520 αὐτὸς
1528 5458 1557 5510 ὁ

25 5672 34 5689 ε
73 5609 172 5689 (ὂιὶ
226 5619 330 5672 Τὸν
391 5622 594 5685 ὄντως.
639 5619 847 5675 Monuit
913 5616 1238 5689 Syiburgius
1267 5616 1463 5671 deesse
1491 5616 1555 5669 τὸ

23 5685 386 5761 ίξῖῐνῦεῖνρλιυοι]
430 5692 651 5761 quidem
707 5708 814 5745 non
844 5685 997 5761 deest
1057 5685 1268 5761 in'ipsa
1311 5702 1555 5761 _respon-

25 5754 288 5827 5|.9ne._llis
344 5754 523 5817 autem
586 5762 789 5821 verbis,
852 5754 1243 5827 Ignorationem
1304 5754 1554 5809 Deivnon

25 5817 201 5879 "(itinde
224 5845 371 5898 quam
394 5847 457 5889 ex
479 5834 692 5901 propria
725 5817 978 5887 oblivione
1008 5830 1184 5883 anima
1212 5828 1435 5897 patitur,
1467 5843 1554 5884 rc-

1664 4621 1884 4694 qnidem
1927 4622 2067 4676 duas
2103 4620 2524 4674 Manichaeorum
2570 4616 2769 4672 summi
2816 4615 2945 4668 mali
2982 4614 3234 4683 species,

1664 4723 1913 4770 nostram
1947 4728 2057 4767 non
2088 4712 2348 4766 abolevit.
2376 4708 2722 4780 Quapropter
2750 4708 2983 4761 duorum
3009 4706 3240 4759 alterum

1662 4808 1730 4862 de
1772 4821 2101 4877 responsare
2147 4805 2330 4858 dicere
2360 4817 2591 4857 necesse
2631 4800 2928 4855 habemus:
2963 4804 3055 4851 aut
3086 4797 3239 4867 igno-

1663 4916 1818 4957 rasse
1848 4915 1972 4956 eum
2018 4898 2236 4953 tertiam
2280 4904 2526 4950 nostram
2562 4894 2762 4948 summi
2808 4892 2937 4946 mali
2974 4890 3235 4960 speciem,

1663 5002 1758 5048 aut
1789 4994 1837 5048 ei
1869 4992 2076 5063 justam
2110 4986 2525 5044 contradicendi
2559 5000 2783 5040 causam
2826 4984 3086 5049 defuisse,
3118 4998 3240 5053 quae

1662 5087 1898 5157 speciem
1942 5100 2063 5139 eam
2105 5083 2367 5137 aboleret.
2410 5079 2702 5134 Enimvero
2751 5092 3048 5141 summum,
3091 5075 3237 5145 quod

1660 5194 1765 5234 nos
1792 5178 2029 5231 dicimus
2049 5216 2063 5238 ,
2114 5175 2316 5228 malum
2360 5171 2677 5226 hominibus
2710 5170 2959 5223 accidere
2988 5184 3052 5222 ex
3084 5166 3240 5236 igno-

1661 5271 1876 5325 ratione
1920 5268 2047 5333 Dei,
2096 5268 2171 5320 ita
2201 5265 2635 5321 demonstratur.
2669 5261 2953 5315 Summum
2998 5258 3234 5315 malum,

1659 5362 1805 5433 quod
1848 5361 2160 5417 substantia
2199 5374 2307 5412 non
2357 5365 2473 5421 est,
2511 5355 2760 5408 homines
2800 5367 2895 5422 per
2933 5346 3233 5419 ignoratio-1

1662 5472 1784 5510 nem
1817 5454 1935 5517 Dei,
1973 5452 2191 5523 placitis
2228 5451 2329 5521 ipsi
2373 5450 2487 5505 suis
2527 5461 2651 5503 esse
2691 5448 3033 5506 statuerunt;
3065 5446 3236 5492 testa-

1658 5616 1865 5673 fellitur
1891 5615 2162 5671 sententia
2221 5612 2894 5681 Manicliazornin,_ncmpe
2932 5599 3064 5681 illud
3118 5613 3227 5653 ma-

1660 5690 1770 5742 rum
1792 5688 1935 5757 quod
1977 5687 2035 5739 tit
2068 5700 2161 5756 per
2183 5684 2554 5755 Operationcm
2587 5678 2742 5732 maia:
2771 5678 3113 5737 substantiae,
3141 5684 3239 5725 su-

1660 5760 1806 5815 blato
1828 5758 1997 5812 libero
2021 5757 2267 5813 arbitri".
