3630 6514
352 330 488 387 NO?

1062 328 1432 385 APPENDlX.
1464 362 1533 373 —
1573 330 1755 387 PARS
1793 329 1838 386 l.
1877 328 1937 386 S.
1973 326 2241 385 JUSTINI
2278 326 2509 384 OPERA
2547 326 2820 384 SPURIA.

3474 336 3575 390 ΗΞ

348 458 440 506 tur
471 452 573 507 hoc
589 460 643 508 et
658 452 775 521 ipse
791 464 1106 520 responsor,
1130 466 1253 504 cum
1273 450 1350 503 ait
1375 469 1387 503 :
1411 448 1706 503 Maximum
1726 465 1781 502 m

2189 444 2463 517 οινάμενος
2488 446 2547 498 ὲν
2574 439 2657 509 οἷς
2685 444 2837 514 ἔλεγε
2858 462 2872 475 ·
2894 444 3198 515 Μέγιστον
3217 444 3411 498 κακὼ·
3438 450 3581 502 εἰῶ

349 544 557 599 nullum
590 553 701 606 est,
737 560 800 596 ac
828 545 876 597 si
914 544 1029 613 quis
1062 554 1320 611 supponat
1373 544 1571 596 malum
1606 544 1919 606 maximum,

349 638 643 691 invenietur
674 636 900 689 alterum
932 636 1251 705 principium
1285 635 1391 690 Deo
1426 634 1702 689 adversum
1735 649 1754 687 :
1787 632 1925 703 quod

349 727 562 798 quidem
619 727 907 781 Hanichwi
970 742 1240 796 perperam
1296 736 1561 781 asserunt.
1621 724 1927 780 Absurdum

349 819 489 872 enim
519 826 619 878 est,
647 816 813 869 Deum
843 833 945 869 non
988 816 1236 869 universa
1262 815 1556 883 complecti,
1588 832 1750 886 neque
1779 814 1928 869 boni-

355 912 480 964 tatis
506 910 672 963 lucem
701 910 753 962 in
796 910 973 963 omnia
1002 908 1328 976 diffundere;
1362 925 1627 962 summum
1657 925 1780 979 ergo
1812 926 1929 963 ma-

354 1005 464 1058 lum
510 1004 716 1057 nullum
758 1012 855 1056 est.
886 1001 944 1055 ln
978 1003 1064 1057 his
1090 1002 1310 1072 quidem
1345 1003 1621 1057 sublatum
1662 1010 1746 1059 est
1777 1019 1929 1059 sum-

354 1110 503 1148 mum
547 1094 857 1148 substantia
904 1094 1139 1158 malum;
1183 1094 1432 1147 relictum
1474 1102 1653 1149 autem
1690 1094 1744 1148 id
1780 1094 1927 1164 quod

354 1186 409 1239 in
455 1187 803 1255 opinionibus
836 1184 1187 1254 supponitur,
1244 1185 1499 1255 quodque
1541 1201 1641 1241 nos
1678 1187 1733 1241 in
1779 1203 1928 1258 quaa-

354 1279 535 1332 stione
566 1278 871 1346 posuimus.
892 1278 1165 1330 Craterum
1198 1278 1327 1346 quia
1359 1292 1655 1347 responsor
1677 1278 1743 1331 ad
1772 1295 1927 1334 ever-

353 1369 577 1423 tendum
611 1367 765 1432 illud,
799 1368 945 1437 quod
989 1367 1245 1434 dicimus,
1280 1385 1557 1423 summum
1606 1370 1807 1424 malum
1852 1371 1930 1426 in-

352 1468 543 1515 tentus
566 1461 724 1525 dixit,
750 1478 1012 1515 summum
1032 1460 1231 1514 malum
1256 1462 1461 1516 nullum
1489 1473 1565 1517 est
1590 1480 1607 1527 ;
1639 1472 1927 1534 propterea

351 1562 565 1607 certum
607 1562 722 1618 est,
766 1569 891 1608 eum
936 1553 1021 1607 vel
1060 1569 1171 1607 non
1224 1554 1588 1620 intellexisse,
1628 1568 1791 1627 prout
1845 1566 1930 1614 est

352 1644 583 1709 dictum,
618 1660 917 1709 summum,
944 1644 1090 1713 quod
1122 1645 1376 1715 dicimus,
1403 1649 1630 1713 malum,
1665 1650 1747 1705 vel
1776 1650 1927 1720 justa

354 1736 768 1791 contradicendi
808 1753 977 1792 causa
1022 1738 1345 1795 destitutum
1389 1741 1589 1809 fuisse;
1622 1742 1675 1796 id
1717 1759 1847 1799 vero
1880 1745 1927 1799 si

354 1828 429 1881 ita
463 1828 649 1893 habet,
677 1838 926 1898 apertum
976 1841 1081 1896 est,
1124 1849 1399 1889 summum
1433 1851 1555 1891 esse
1593 1835 1648 1889 in
1687 1837 1927 1891 homini-
1959 1813 2000 1871 Β

354 1920 480 1982 bus,
505 1919 651 1989 quod
681 1921 733 1973 in
759 1921 1017 1990 opinione
1048 1927 1394 1994 supponitur,
1428 1928 1649 1982 malum.
1685 1928 1746 1982 Si
1776 1947 1928 1983 nam-

352 2024 471 2079 que,
505 2010 700 2079 inquit,
734 2028 999 2066 summum
1031 2012 1222 2068 bonum
1244 2014 1385 2071 Deus
1410 2026 1488 2070 est
1510 2055 1524 2080 ,
1557 2032 1685 2071 vera
1709 2017 1928 2087 quidem

354 2114 419 2152 ac
456 2102 541 2169 pia
575 2117 681 2155 vox
712 2118 831 2172 qua:
863 2103 1029 2159 Deum
1068 2120 1341 2159 summum
1371 2107 1573 2163 bonum
1614 2123 1736 2163 esse
1761 2108 1927 2177 dicit;

354 2191 453 2246 sed
486 2194 615 2262 quia
650 2197 896 2250 nonnulli
934 2197 1185 2253 homines
1213 2214 1275 2253 ex
1310 2200 1654 2269 ignoratione
1684 2199 1800 2264 Dei,
1833 2218 1929 2257 ve-

353 2300 476 2339 rum
509 2284 675 2341 Deum
704 2287 870 2356 justis
894 2289 1210 2346 nominibus
1234 2298 1286 2345 et
1318 2291 1619 2347 honoribus
1651 2292 1927 2359 fraudant,

352 2383 409 2431 et
436 2377 502 2430 ad
539 2393 666 2440 eos,
710 2382 801 2448 qui
835 2381 911 2434 dii
948 2398 1054 2436 non
1090 2390 1256 2443 sunt,
1296 2398 1359 2437 ea
1404 2384 1780 2449 transferunt,
1831 2400 1929 2439 an-

355 2483 468 2523 non
524 2473 839 2539 responsori
892 2472 1172 2541 duplicata
1217 2490 1339 2529 esse
1386 2476 1600 2529 videtur
1653 2476 1926 2546 impietas,

353 2575 461 2629 qua
490 2563 663 2631 major
694 2578 803 2617 non
828 2571 932 2628 est,
968 2581 1155 2619 verum
1190 2566 1410 2635 quidem
1442 2566 1611 2621 Deum
1643 2568 1926 2639 ignorare,

352 2666 478 2705 eum
514 2659 720 2716 autem,
760 2654 855 2722 qui
906 2653 1049 2708 Deus
1084 2664 1319 2719 nonest,
1358 2656 1504 2711 illius
1534 2672 1731 2714 ornare
1757 2659 1931 2715 titulis

354 2752 409 2799 et
440 2745 781 2803 honoribus?
813 2746 932 2812 Quo
964 2758 1145 2802 autem
1189 2751 1348 2803 modo
1388 2758 1533 2805 stare
1574 2761 1754 2821 potest
1780 2753 1932 2810 illius

355 2837 663 2901 sententia,
716 2854 822 2908 qua
862 2849 1022 2910 negat
1052 2855 1174 2895 esse
1203 2841 1255 2893 in
1300 2841 1615 2897 hominibus
1654 2859 1928 2898 summum

355 2932 589 2992 malum,
624 2949 749 2988 cum
782 2934 837 2987 in
876 2936 957 2989 eis
990 2952 1205 2990 summa
1239 2936 1311 2991 sit
1339 2936 1625 3006 impietas?
1657 2935 1770 2992 Nisi
1796 2937 1933 2993 forte

356 3034 627 3075 summam
661 3024 1019 3090 impietatem,
1059 3041 1334 3080 summum
1367 3043 1475 3080 non
1503 3027 1782 3081 existimat
1817 3043 1933 3081 ma-

357 3111 490 3166 lum.
524 3112 585 3168 Si
614 3116 752 3185 quis,
798 3117 893 3180 ait,
935 3126 1197 3187 supponat
1230 3133 1496 3172 sunnnum
1539 3120 1763 3184 malum,
1788 3122 1931 3174 imr-

357 3203 533 3257 nietur
581 3207 901 3276 principium
958 3210 1185 3264 alterum
1237 3210 1345 3264 Deo
1404 3212 1683 3266 adversum
1727 3228 1746 3265 :
1794 3215 1931 3284 quod

357 3294 645 3353 Manichwi
690 3316 963 3369 perperam
1001 3312 1268 3356 asserunt.
1306 3303 1610 3358 Absurdum
1652 3307 1791 3361 enim
1823 3317 1930 3373 est,

362 3386 528 3442 Deum
557 3406 659 3443 non
704 3394 947 3447 universa
982 3395 1291 3463 complecti,
1336 3412 1499 3466 neque
1537 3398 1789 3452 bonitatis
1822 3415 1933 3452 sum

258 3532 261 3535 .
357 3479 526 3535 lucem
566 3484 621 3537 in
662 3487 843 3538 omnia
886 3486 1204 3555 diffundere.
1252 3486 1527 3543 Summum
1567 3507 1690 3561 ergo
1733 3491 1934 3544 malum

358 3574 587 3631 nullum.
621 3574 784 3647 510
823 3577 881 3633 Si
930 3581 1140 3635 nullum
1170 3591 1256 3637 est
1299 3584 1352 3637 in
1383 3583 1697 3639 hominibus
1729 3584 1931 3637 malum

358 3681 667 3732 summum,
722 3672 996 3740 quomodo
1038 3673 1368 3731 Manichaaos
1426 3677 1741 3731 criminaris
1786 3675 1935 3746 quod

358 3758 499 3812 male
530 3759 718 3814 dicant
740 3778 861 3832 qua“:
899 3763 1130 3820 dicunt?
1158 3764 1215 3821 Si
1245 3768 1391 3822 enim
1431 3768 1573 3823 male
1601 3767 1795 3822 dicunt
1823 3767 1935 3821 Ma-

358 3852 551 3908 nichaei
614 3871 737 3925 quae
788 3857 998 3924 dicunt,
1050 3876 1245 3930 nempe
1290 3844 1491 3915 malum
1547 3869 1633 3916 est
1682 3860 1827 3931 quod
1866 3861 1935 3915 ab

359 3944 495 4012 ipsis
545 3944 766 4002 dicitur.
821 3947 1086 4020 Quisquis
1126 3952 1272 4005 enim
1317 3953 1458 4007 male
1505 3952 1676 4019 dicit,
1729 3952 1933 4006 malum

360 4036 503 4092 male
532 4038 688 4094 dicit.
723 4038 895 4095 Porro
928 4040 1350 4099 Manichaeorum
1382 4045 1583 4099 malum
1613 4045 1933 4115 huiusmodi

358 4141 462 4196 est,
494 4140 554 4185 ut
583 4145 650 4185 eo
686 4132 864 4201 majus
903 4150 1011 4188 non
1042 4136 1133 4190 sit.
1172 4134 1336 4205 Atqui
1370 4137 1472 4191 hoc
1502 4136 1549 4191 si
1591 4152 1780 4191 verum
1820 4145 1927 4200 est,

360 4238 550 4278 revera
598 4234 746 4279 certe
792 4228 985 4296 ingens
1026 4236 1112 4284 est
1158 4228 1212 4282 in
1245 4228 1564 4284 hominibus
1614 4230 1849 4297 malum;
1888 4229 1935 4285 si

361 4316 544 4372 minus
571 4318 897 4383 substantia,
933 4321 1128 4375 saltem
1157 4321 1445 4392 hypothesi
1475 4330 1529 4377 et
1559 4324 1834 4391 opinione.

2026 538 2188 591 ἐστι·
2236 537 2332 592 καὶ
2362 538 2418 592 εἷ
2442 555 2531 604 τις
2570 538 2853 592 ὑπόθοιτο
2880 536 3174 607 μέγιστον
3199 538 3394 591 καλὸν
3412 580 3427 599 ,
3454 544 3587 608 cipe-

2029 631 2274 699 θήσεται
2303 630 2477 699 ἑτέρα
2499 630 2657 699 ἀρχὴ
2687 630 2936 683 ἐναντία
2957 629 3039 697 τῷ
3062 630 3187 696 Θεῷ
3204 648 3217 660 ·
3246 631 3399 699 ὅπερ
3428 636 3482 684 oi
3502 635 3587 687 In»

2026 723 2243 794 νιχαῖοι
2275 721 2471 788 κακῶς
2492 722 2775 792 λέγοντες
2800 718 3072 790 λέγουσι.
3102 722 3212 775 Καὶ
3248 725 3367 790 γὰρ
3393 722 3591 775 titan

2026 815 2133 869 τὸν
2163 816 2311 868 Θεὸν
2336 814 2423 884 μὴ
2456 814 2653 868 πάντα
2681 814 3179 883 καταλαμϐάνειν,
3210 814 3302 884 μὴ
3331 814 3486 868 πᾶσι
3510 818 3591 883 τὴν
3624 828 3625 887 ι

2028 908 2245 962 ἑαυτοῦ
2284 908 2621 977 ἀγαοότητα
2645 907 3025 977 ἐπιλάμπειν.
3068 908 3380 978 Μέγιστον
3416 910 3593 959 τεέν-ιτ
3624 890 3625 939 ἶ

2029 1000 2219 1054 κακὸν
2244 998 2445 1054 οὐδέν.
2487 1000 2575 1053 Ἐν
2603 999 2815 1064 τούτοις
2862 1000 3123 1072 ἀνῄρηται
3159 1001 3261 1071 μὲν
3286 1000 3356 1052 τὸ
3380 1002 3501 1052 κατ’
3529 1005 3593 1054 οὲ-

2030 1094 2147 1147 σίαν
2192 1093 2446 1165 μέγιστον
2490 1093 2658 1149 κακὸν
2679 1136 2693 1159 ,
2725 1094 3101 1148 ὑπολέλειπται
3132 1094 3192 1147 δὲ
3223 1094 3289 1147 τὺ
3323 1094 3454 1146 καθ’
3492 1096 3595 1147 ὑπὲρ

2029 1185 2175 1239 θεσιν
2204 1188 2262 1239 ὲν
2289 1186 2543 1259 δόγματι,
2572 1188 2601 1241 ὃ
2632 1188 2908 1259 ἐθήκαμεν
2939 1190 3097 1259 ἡμεῖς
3126 1191 3189 1241 ἐν
3217 1191 3285 1257 τῇ
3334 1190 3589 1258 ἐρωτήσει

2042 1279 2179 1331 Ἀλλ’
2212 1280 2398 1352 ἐπειδὴ
2429 1281 2563 1352 πρὸς
2587 1281 2865 1353 ἀναίρεσιν
2896 1281 2989 1334 τοῦ
3020 1281 3137 1335 καθ’
3169 1283 3330 1352 ἡμᾶς

2029 1373 2199 1441 κακοῦ
2238 1373 2266 1425 ὁ
2307 1374 2738 1445 ἀποκρινάμενος
2763 1375 3180 1445 ἀποτεινόμενος
3224 1375 3391 1441 ἔλεγε
3413 1415 3429 1435 ,
3454 1376 3593 1441 Μέττ-

2029 1478 2180 1518 στον
2224 1464 2413 1518 κακὸν
2452 1466 2635 1519 οὐδέν
2670 1466 2835 1530 ἐστι,
2870 1467 2955 1520 διὰ
2995 1467 3151 1519 τοῦτο
3190 1466 3366 1536 δῆλκ
3415 1469 3547 1518 ἐστιν
3578 1474 3591 1518 -;

2028 1558 2461 1631 ἀποκρινάμενος
2493 1558 2526 1629 ἢ
2564 1558 2638 1629 μὴ
2678 1560 2877 1629 νοήσας
2896 1599 2910 1623 ,
2939 1558 3080 1611 καθά
3111 1560 3340 1631 εἴρηται
3361 1601 3378 1623 ,
3418 1560 3479 1611 τὸ
3507 1564 3589 1612 ni

2028 1652 2176 1720 ἡμᾶς
2206 1649 2461 1721 μέγιστον
2494 1647 2689 1712 κακὸν,
2714 1648 2747 1719 ἦ
2774 1649 2847 1720 μὴ
2883 1651 3195 1721 εὐπορήσας
3228 1650 3455 1713 δικαίας
3485 1653 3593 1702 iur:-

2030 1738 2217 1807 λογίας
2236 1756 2248 1769 ’
2285 1737 2398 1792 ἀλλ’
2432 1738 2480 1790 εἰ
2511 1737 2668 1791 τοῦτο
2690 1737 2863 1801 οὓτως
2894 1738 3026 1809 ἔχει,
3053 1739 3237 1810 δῆλον,
3264 1741 3356 1793 ὅτι
3384 1741 3500 1793 ἔστι

2029 1848 2213 1900 γιστον
2240 1830 2407 1883 κακὸν
2428 1831 2485 1885 ὲν
2508 1829 2817 1903 ἀνθρώποις
2847 1831 2969 1885 καθ’
2995 1832 3258 1885 ὑπόθεσιν
3294 1834 3359 1885 ὲν
3379 1834 3589 1902 δόγματι

2030 1925 2100 1976 El
2130 1920 2261 1992 γὰρ,
2294 1922 2446 1994 φησὶ,
2471 1922 2758 1993 μέγιστον
2779 1923 2899 1977 τῶν
2924 1924 3159 1991 ἀγαθῶν
3190 1927 3225 1977 ό
3260 1926 3420 1989 Θεός
3444 1927 3593 1981 ἐστιν.

2030 2013 2233 2085 ἀληθὴς
2270 2013 2367 2085 μὲν
2396 2016 2490 2068 καὶ
2520 2014 2805 2086 εὐσεϐὴςή
2838 2016 2987 2085 φωνὴ
3015 2017 3047 2085 ἡ
3092 2015 3345 2083 λέγουσα
3377 2018 3470 2069 τὸν
3502 2018 3593 2067 Θεοί

2034 2106 2289 2176 μέγιστον
2326 2101 2463 2161 εἶναι
2502 2106 2610 2161 τῶν
2654 2106 2873 2176 ἀγαθῶν
2894 2124 2907 2136 ·
2958 2107 3074 2161 ἀλλ’
3109 2108 3309 2178 ἐπειδή
3351 2125 3499 2170 τινες
3524 2106 3597 2159 -ἐνι

2031 2199 2335 2271 ἀνθρώπων
2367 2198 2426 2264 ὲξ
2452 2198 2676 2268 ἀγνοίας
2700 2198 2836 2252 Θεοῦ
2879 2199 3254 2270 ἀποστεροῦσι
3286 2199 3396 2269 μὲν
3427 2201 3511 2251 τὸν
3538 2201 3596 2250 ξηι-

2029 2308 2137 2354 τως
2169 2290 2297 2344 ὄντα
2342 2291 2475 2344 Θεὸν
2519 2291 2626 2345 τῶν
2674 2290 2896 2344 δικαίων
2928 2290 3092 2343 αὑτοῦ
3141 2291 3535 2362 προσηγοριῶν

2030 2384 2124 2436 καὶ
2150 2383 2347 2454 τιμῶν,
2381 2384 2476 2438 καὶ
2518 2384 2927 2456 προσάπτουσιν
2956 2383 3128 2446 αὐτὰς
3155 2386 3279 2447 τοῖς
3314 2386 3423 2437 οὐκ
3452 2381 3598 2441 οἷαι,

2032 2474 2141 2549 ἆρά
2166 2494 2229 2545 γε
2260 2479 2320 2531 οὗ
2345 2477 2491 2530 δοκεῖ
2527 2475 2604 2547 τῷ
2628 2475 3048 2548 ἀποκριναμένῳ
3074 2475 3351 2528 ἀσέϐειαν
3388 2471 3523 2529 εἶναι

2032 2569 2171 2639 πλῆν
2196 2609 2210 2633 ,
2240 2564 2307 2641 ἧς
2340 2567 2537 2640 μείζων
2565 2568 2663 2621 οὐκ
2709 2566 2823 2620 ἐστι
2850 2607 2865 2630 ,
2900 2565 2960 2619 τὸ
2989 2568 3079 2620 τὸν
3128 2568 3231 2637 μὲν
3279 2568 3464 2631 ὅντως
3504 2569 3597 2620 εντα

2032 2658 2162 2711 Θεὸν
2199 2660 2447 2727 ἀγνοεῖν,
2487 2656 2579 2710 τὸν
2623 2657 2680 2709 δὲ
2724 2657 2825 2709 οὐκ
2871 2656 2999 2709 ὄντα
3040 2659 3165 2719 ταῖς
3202 2657 3433 2709 ἐκείνου

2034 2749 2426 2821 προσηγορίαις
2453 2749 2547 2802 καὶ
2568 2751 2788 2818 τιμαῖς;
2824 2746 2948 2811 Πῶς
2969 2748 3025 2800 δὲ
3050 2748 3344 2817 ἐνδέχεται
3372 2748 3512 2801 κατὰ

2033 2843 2243 2896 ἐκείνου
2275 2841 2546 2910 ἀπόφασιν
2580 2840 2876 2909 λέγουσαν,
2924 2839 2996 2910 μὴ
3038 2837 3176 2893 εἶναι
3228 2842 3500 2910 μέγιστον
3538 2861 3603 2893 7.:-

2034 2935 2129 2987 κὸν
2168 2936 2226 2988 ἐν
2268 2932 2574 3005 ἀνθρώποις
2598 2972 2613 2996 ,
2643 2933 2743 3003 τῆς
2775 2932 3037 3002 μεγίστης
3081 2931 3354 2995 ἀσεϐείας
3384 2934 3545 3003 οὔσης
3569 2936 3603 2983 ὲν

2034 3025 2339 3098 ἀνθρώποις
2361 3066 2375 3089 ,
2410 3027 2457 3078 εἰ
2490 3029 2563 3100 μή
2591 3024 2643 3077 τί
2672 3041 2733 3093 γε
2782 3024 2890 3095 ἄρα
2940 3023 3035 3095 τὴν
3072 3025 3354 3095 μεγίστην
3385 3026 3603 3078 ἀσὲὁεσηρ

2034 3121 2131 3191 οὐχ
2178 3122 2393 3191 ἡγεῖται
2439 3119 2693 3191 μέγιστον
2744 3114 2881 3170 εἶναι
2922 3118 3127 3183 κακόνς
3166 3120 3247 3172 ΕΖ
3278 3137 3377 3185 τις
3402 3162 3418 3184 ,
3447 3121 3603 3188 φησὶ-τ.

2034 3215 2316 3268 ὑπόθοιτο
2369 3214 2660 3282 μέγιστον
2711 3212 2936 3274 κακὸν,
2996 3210 3413 3279 εὑρεθήσεται
3474 3214 3605 3278 ergo

2033 3302 2188 3371 ἀρχὴ
2220 3302 2467 3355 ἐναντία
2492 3300 2572 3366 τῷ
2598 3300 2753 3366 Θεῷ’
2784 3300 2929 3368 ὅπερ
2975 3305 3027 3355 οἱ
3064 3302 3405 3370 Μανιχαῖοι
3450 3301 3601 3363 κακῶς

2032 3396 2317 3465 λέγοντες
2345 3394 2596 3465 λέγουσι
2615 3410 2629 3423 ⁵
2663 3393 2759 3447 καὶ
2792 3393 2903 3462 γὰρ
2931 3393 3161 3447 ἄτοπον
3182 3433 3195 3455 ,
3228 3395 3350 3447 τάν
3386 3396 3527 3448 Θεὸν
3544 3396 3601 3462 μὴ

2034 3487 2230 3541 πάντα
2255 3485 2754 3555 καταλαμϐάνειν,
2781 3485 2867 3554 μὴ
2913 3484 3063 3539 πᾶσι
3088 3485 3209 3554 τὴν
3235 3487 3475 3541 ἑαυτοῦ
3497 3490 3603 3554 dra-

2034 3581 2251 3647 θότητα
2290 3578 2676 3648 ἐπιλάμπειν.
2707 3578 3006 3647 Μέγιστον
3049 3579 3271 3631 τοίνυν
3310 3581 3507 3633 κακὸν
3537 3583 3601 3632 (τέ-υ

2034 3669 2158 3723 δέν.
2202 3672 2264 3723 Εἰ
2305 3671 2559 3741 μέγιστον
2594 3670 2764 3723 κακὸν
2795 3670 2947 3723 οὐδέν
2980 3671 3130 3723 ἐστιν
3173 3673 3233 3724 ἐν
3287 3672 3603 3744 ἀνθρώποις.

2035 3760 2154 3825 πῶς
2186 3761 2429 3824 διέϐαλες
2469 3762 2596 3825 τοὺς
2629 3762 2967 3831 Μανιχαίοιις
3014 3762 3090 3825 ὠς
3121 3764 3329 3827 κακῶς
3364 3765 3600 3832 λέγοδςττκ

2036 3854 2100 3907 Ei
2133 3855 2230 3924 μὲν
2260 3855 2367 3926 γὰρ
2388 3854 2572 3917 κακῶς
2603 3853 2851 3921 λέγουσιν
2878 3854 2928 3905 οἱ
2960 3855 3261 3923 Ἀίανιχαῖοι
3296 3856 3335 3909 ἃ.
3369 3856 3601 3926 λέγουσι).

2036 3943 2275 4015 δηλονότι
2305 3946 2474 3998 κακόν
2506 3946 2620 3997 ἐστι
2652 3944 2713 3996 τὸ
2755 3944 3045 4014 λεγόμενον
3087 3947 3224 4017 παρ’
3264 3949 3479 4001 αὐτῶν.
3525 3949 3601 4006 lla;

2036 4037 2146 4108 γὰρ
2169 4039 2197 4090 ὁ
2215 4036 2389 4105 λέγων
2412 4038 2615 4101 κακῶς,
2640 4039 2699 4091 τὸ
2716 4039 2884 4092 κακὸν
2904 4038 3051 4105 λέγει
3078 4036 3298 4100 κακῶς.
3325 4039 3408 4091 Τὸ
3432 4040 3484 4091 δὲ
3504 4040 3601 4089 ut:

2036 4130 2163 4191 τοὺς
2189 4127 2524 4196 Μανιχαίους
2553 4128 2719 4181 κακὸν
2744 4126 2985 4180 τοιοῦτον
3013 4129 3164 4179 ἐστιν
3181 4166 3199 4189 ,
3226 4118 3295 4180 οὗ
3339 4128 3517 4197 μεῖζον
3535 4128 3601 4177 ei:

2037 4220 2205 4273 ἔστιν.
2249 4219 2385 4271 Ἀλλ’
2414 4221 2463 4271 εἰ
2496 4220 2694 4292 ἀληθὲς
2721 4219 2881 4272 τοῦτο
2904 4261 2917 4279 ,
2948 4218 3167 4288 ἀληθῶς
3195 4219 3317 4289 ἄρα
3350 4220 3468 4273 ἐστι
3500 4220 3601 4289 μέγα

2017 4311 2208 4365 ’κακὸν
2234 4313 2290 4363 ὲν
2323 4310 2660 4382 ἀνθρώποις
2689 4313 2735 4364 εξ
2776 4312 2869 4363 καὶ
2906 4310 2978 4382 μὴ
3008 4311 3127 4363 κατ’
3158 4312 3370 4363 οὐσίαν
3392 4345 3405 4369 ,
3564 4313 3600 4360 ἐν

2040 4403 2293 4457 ὑποθέσει
2329 4403 2423 4456 καὶ
2449 4403 2698 4474 δόγματι.

432 4496 485 4551 5.
532 4495 676 4551 Nam
709 4500 1005 4569 ignoratio,
1053 4501 1263 4573 inquit,
1306 4517 1441 4570 saepe
1472 4502 1526 4556 in
1556 4503 1793 4573 beneficii
1821 4502 1865 4557 lo

2164 4538 2165 4545 η
2199 4495 2308 4548 Καὶ
2340 4494 2471 4563 γὰρ,
2503 4495 2688 4565 φησὶν,
2719 4496 2758 4565 ἡ
2785 4495 2997 4564 ἄγνοια
3025 4493 3342 4562 πολλάκις
3383 4499 3476 4551 ἐπ’
3495 4498 3597 4564 ἀτη]-

358 4589 521 4643 datur
556 4590 853 4645 hominibus
885 4608 902 4645 :
934 4593 1069 4647 unde
1118 4594 1299 4647 multis
1334 4594 1570 4649 videmus
1616 4611 1752 4664 sa'pe
1793 4598 1935 4649 acci-

358 4681 516 4746 dere,
570 4692 626 4735 ut
678 4685 848 4754 magis
904 4686 1115 4755 cognita
1170 4685 1465 4756 despiciant
1514 4704 1673 4757 quam
1731 4688 1932 4757 ignota.

364 4773 634 4830 Prwterea
678 4778 940 4847 ignoratio
986 4780 1093 4832 veri
1138 4778 1238 4833 Dei
1266 4796 1369 4833 non
1416 4780 1634 4834 aliunde
1667 4795 1825 4850 quam
1872 4796 1938 4834 ea:

361 4866 584 4935 propria
618 4865 875 4920 oblivione
904 4869 1082 4923 animo
1114 4868 1349 4933 obvenit;
1375 4870 1577 4924 obvenit
1599 4887 1825 4941 namque
1854 4871 1937 4924 hic

360 4971 564 5025 quoque
586 4957 777 5008 animis
812 4960 1039 5027 cognitio
1067 4959 1185 5022 Dei,
1218 4961 1356 5013 sicut
1387 4976 1514 5016 sane
1542 4960 1777 5015 videmus
1806 4972 1855 5016 et
1881 4964 1938 5017 in

363 5048 463 5101 hac
490 5048 596 5100 vita
634 5048 865 5103 homines
898 5049 1065 5103 Deum
1102 5061 1488 5121 cognoscentes.
1519 5052 1597 5106 Ac
1626 5054 1674 5107 si
1706 5054 1823 5123 quis
1855 5074 1939 5111 ve-

367 5154 485 5191 rum
510 5138 681 5193 dicere
711 5141 854 5204 velit,
890 5141 1039 5194 nulla
1060 5143 1271 5197 omnino
1297 5142 1392 5197 Dei
1424 5145 1709 5215 ignoratio.
1745 5146 1937 5202 Omnes

364 5226 501 5277 enim
534 5225 700 5279 Deum
737 5242 870 5289 esse,
901 5226 1165 5280 communi
1194 5228 1431 5296 fatentur
1458 5234 1734 5287 sententia.
1766 5232 1938 5287 Porro

364 5316 599 5371 homines
616 5316 712 5370 hoc
740 5318 901 5371 etiam
928 5318 983 5370 in
1017 5317 1211 5372 mundo
1237 5318 1405 5373 Deum
1424 5337 1733 5392 cognoscere
1759 5339 1936 5393 posse,

364 5408 782 5464 orthodoxorum
810 5409 1010 5479 liquido
1038 5410 1277 5464 declarat
1307 5411 1467 5480 fides,
1506 5430 1624 5483 qua:
1656 5414 1824 5469 Deum
1859 5417 1940 5487 ip-

367 5516 487 5554 sum
517 5500 865 5563 descendisse,
889 5510 936 5554 et
960 5517 992 5553 a
1017 5502 1330 5557 mortalibus
1363 5505 1633 5575 cognitum
1664 5522 1777 5561 esse
1802 5523 1942 5576 pra:-

365 5594 533 5649 dicat.
582 5592 907 5650 Hominibus
956 5593 1096 5648 dixit
1149 5596 1426 5651 multoties
1476 5598 1659 5652 datam
1713 5615 1837 5655 esse
1885 5602 1940 5657 in

370 5685 614 5739 beneﬁcii
662 5686 783 5741 loco
815 5687 1242 5758 ignorationem.
1271 5686 1425 5753 Quod
1464 5691 1507 5746 si
1540 5705 1657 5745 eam
1691 5690 1825 5745 dicit
1863 5692 1942 5762 ig-

372 5777 738 5848 norationem,
781 5778 850 5836 de
905 5795 1015 5853 qua
1065 5781 1223 5839 nobis
1265 5798 1446 5840 sermo
1489 5792 1565 5842 est
1594 5802 1610 5855 ς
1641 5785 1941 5841 manifesta:

2037 4586 2119 4654 θῷ
2162 4586 2389 4639 δίδοται
2438 4586 2563 4653 τοῖς
2618 4587 2951 4656 ἀνθρώποις
2974 4605 2987 4619 ο
3040 4590 3281 4658 ὁρῶμεν
3337 4592 3486 4663 πυῦν
3531 4590 3597 4641 ἐπὶ

2036 4678 2285 4734 πολλῶν
2320 4681 2401 4745 ὠς
2455 4679 2751 4746 πολλάκις
2789 4681 3105 4749 συμϐαίνει
3147 4681 3419 4750 μᾶλλον
3466 4698 3595 4735 κατα-

2038 4772 2282 4841 φρονεῖν
2305 4771 2425 4827 τῶν
2453 4772 2932 4843 γινωσκομένων,
2962 4772 3116 4843 ἥπερ
3145 4773 3271 4827 τῶν
3301 4778 3593 4847 ἀγνοουμέ-

2037 4882 2176 4917 νων.
2210 4866 2448 4931 ’Λλλως
2484 4882 2547 4918 τε
2587 4866 2683 4918 καὶ
2732 4864 2800 4918 τὸ
2844 4865 3085 4935 ἀγνοεῖν
3112 4867 3224 4920 τὸν
3264 4867 3473 4935 ὅντως
3496 4870 3595 4921 ἔντη

2041 4956 2189 5009 Θεὸν
2215 4957 2325 5011 οὐκ
2349 4958 2419 5011 ἐκ
2444 4974 2606 5023 τινος
2630 4957 2843 5020 ἄλλου,
2868 4958 3003 5011 ἀλλ’
3031 4958 3099 5011 ἐκ
3126 4957 3241 5025 τῆς
3268 4963 3503 5025 οὶκείας
3519 4960 3593 5019 λνέν

2039 5052 2150 5115 οης
2181 5050 2219 5115 ἡ
2245 5047 2415 5117 ψυχὴ
2449 5048 2671 5118 πάσχει
2689 5066 2703 5079 ·
2731 5050 3111 5118 παραγίνεται
3140 5049 3211 5102 δὲ
3240 5052 3351 5104 καὶ
3404 5054 3518 5117 ταῖς
3537 5053 3595 5101 ir-

2039 5140 2229 5196 τιιῦθα
2254 5140 2482 5209 ψυχαῖς
2521 5139 2745 5210 γνῶσις
2768 5141 2873 5196 τοῦ
2901 5142 3077 5195 Θεοῦ·
3108 5140 3323 5211 ὥσπερ
3353 5142 3475 5201 οὖν
3496 5141 3593 5212 (τμῦ-

2035 5249 2151 5301 μεν
2198 5232 2296 5286 καὶ
2347 5233 2608 5287 ἐνταῦθα
2654 5232 3004 5301 ἀνθρώπους
3056 5234 3485 5303 γινώσκοντας
3525 5235 3593 5288 τιν

2042 5325 2207 5378 Θεόν.
2250 5326 2317 5378 El
2355 5324 2423 5377 δέ
2465 5342 2555 5391 τις
2586 5325 2781 5378 ἐθέλοι
2829 5324 2895 5378 τὸ
2938 5324 3163 5393 ἀληθὲς
3202 5326 3453 5395 λέγειν,
3493 5324 3591 5381 οὐδέ

2039 5416 2208 5470 ἐστιν
2234 5414 2391 5483 ὅλως
2440 5416 2653 5487 ἄγνοια
2694 5417 2825 5485 περὶ
2853 5416 2960 5470 τοῦ
2991 5417 3171 5471 Θεοῦ..
3205 5416 3462 5488 Πάντες
3484 5422 3589 5488 τὰρ.

2041 5508 2130 5563 ὅτι
2169 5509 2300 5562 ἔστι
2327 5508 2469 5576 Θεὸς
2488 5549 2503 5574 ,
2550 5509 2913 5579 ὁμολογοῦσι
2941 5508 3114 5577 κοινῇ
3142 5511 3388 5579 ἐννοίᾳ.
3426 5515 3525 5566 Ὅτι
3546 5510 3588 5562 δὲ

2041 5602 2139 5654 καὶ
2177 5600 2437 5655 ἐνταῦθα
2476 5601 2647 5667 ὄντες
2683 5600 2969 5654 δύνανται
3013 5605 3067 5655 οἱ
3107 5602 3425 5671 ἅνθρωποι
3467 5622 3586 5675 γινω-

2041 5707 2215 5746 σκειν
2243 5693 2348 5747 τὸν
2376 5691 2543 5755 Θεὸν,
2574 5692 2671 5745 καὶ
2702 5693 2737 5761 ἡ
2765 5690 2883 5745 τῶν
2908 5692 3248 5761 ὀρθοδόξων
3274 5696 3490 5763 πίστις
3511 5712 3585 5747 ca-

2043 5784 2167 5856 ςρῶς
2189 5785 2383 5856 δηλοῖ,
2410 5784 2675 5855 λέγουσα
2705 5784 2809 5839 τὸν
2836 5785 2984 5840 Θεὸν
3005 5786 3190 5842 αὑτὸν
3213 5787 3587 5862 κατεληλυθό-
