3638 6504
61 399 185 455 1409

58 530 143 565 ναι
164 554 177 579 ,
204 515 303 569 καὶ
333 514 617 586 ἐγνῶσθαι
650 518 773 587 τοῖς
800 522 1151 591 ἀνθρώποις.
1192 521 1360 583 Εἶπεν
1400 531 1482 584 ὅτι
1523 532 1609 584 ἐπ’

56 604 228 675 ἀγαθῷ
245 606 448 661 δέδοται
466 608 721 674 πολλάκις
741 614 853 675 τοῖς
875 612 1180 686 ἀνθρώποις
1199 618 1232 688 ἡ
1253 620 1443 687 ἄγνοια
1456 636 1469 650 ⁸
1493 620 1608 674 ἀλλ’

55 698 95 748 εἰ
122 696 214 765 μὲν
235 697 335 769 τὴν
362 699 453 752 τοῦ
481 700 611 755 Θεοῦ
647 702 756 774 (52)
785 703 932 774 λέγει
960 705 1182 775 ἄγνοιαν
1215 711 1341 781 περὶ
1372 706 1439 784 ἧς
1464 713 1610 765 ἐστιν

52 785 167 856 ἡμῖν
203 787 231 838 ὁ
272 786 428 856 λόγος
450 830 465 856 .
497 792 777 863 προδήλως
819 796 1018 849 ἄτοπον
1048 798 1108 850 τὸ
1135 800 1234 871 τὴν
1262 801 1483 870 ἄγνοιαν
1514 804 1607 858 τοῦ

52 878 169 931 Θεοῦ
200 879 379 948 λέγειν
408 884 492 935 ἐπ’
522 886 711 957 ἀγαθῷ
732 888 967 944 δίδοσθαι
996 892 1109 956 τοῖς
1128 896 1400 963 ἀγνοοῦσι.
1421 898 1607 971 Τούτῳ

50 970 141 1042 γὰρ
167 970 240 1042 τῷ
262 972 404 1045 λόγῳ
428 975 635 1031 ἔσονται
659 982 829 1034 πᾶσαι
853 985 909 1037 αἱ
932 984 1216 1056 θρησκεται
1239 990 1295 1042 αἱ
1316 970 1606 1059 ἀγνοοῦσαι

47 1062 122 1115 τὸν
149 1062 299 1127 Θεὸν,
323 1066 409 1117 ἐπ’
430 1067 617 1141 ἀγαθῷ
645 1073 850 1127 ἑαυτῶν
875 1076 1165 1145 ἀγνοοῦσαι
1191 1081 1283 1134 τὸν
1314 1082 1462 1135 Θεόν·
1491 1086 1523 1155 ἡ
1546 1085 1605 1139 δὲ

46 1154 122 1207 τὸν
166 1155 300 1209 Θεὸν
344 1158 683 1226 γινώσκουσα
710 1165 973 1238 θρησκεία
1006 1171 1107 1223 οὐκ
1135 1174 1222 1225 ἐπ’
1256 1172 1444 1245 ἀγαθῷ
1478 1177 1603 1228 ἑαυ-

45 1247 142 1315 τῆς.
174 1248 233 1300 El
261 1248 319 1300 δὲ
348 1251 537 1323 ἑτέραν
557 1254 702 1323 λέγει
733 1257 959 1327 ἄγνοιαν
990 1264 1117 1332 περὶ
1150 1258 1217 1335 ἦς
1235 1266 1297 1318 οὐ
1319 1267 1601 1335 προέκειτο

42 1339 155 1407 ἡμῖν
178 1339 357 1408 λέγειν
378 1382 391 1407 ,
420 1343 643 1418 ἄκαιρος
671 1351 703 1419 ἡ
732 1351 1034 1423 παράθεσις
1058 1356 1180 1408 ἀντὶ
1211 1357 1310 1427 τῆς
1336 1357 1599 1430 ζητουμέ-

40 1446 121 1498 νης
156 1431 377 1499 ἀγνοίας
421 1436 518 1508 τὴν
553 1437 626 1510 μὴ
660 1438 996 1516 ζητουμένην
1036 1445 1250 1517 ἔχουσα.
1287 1445 1487 1515 Εἶπεν,
1516 1453 1597 1505 ὅτι

41 1519 93 1569 ἐκ
121 1519 214 1591 τῆς
249 1523 456 1588 οίκείας
496 1527 663 1600 λήθης
695 1530 894 1602 πάσχει
931 1536 962 1605 ἠ
996 1535 1141 1609 ψυχὴ
1174 1537 1235 1591 τὸ
1262 1541 1474 1607 ἀγνοεῖν
1507 1541 1597 1596 τὸν

38 1609 150 1663 Θεόν
169 1628 181 1641 ·
201 1606 376 1677 εἶπεν,
399 1616 480 1669 ὅτι
500 1619 590 1671 καὶ
615 1621 847 1677 ἐνταῦθα
872 1628 1228 1697 παραγίνεται
1257 1633 1376 1694 ταῖς
1394 1632 1595 1703 ψυχαῖς

37 1702 216 1768 γνῶσις
245 1704 385 1760 Θεοῦ
406 1725 418 1738 ·
449 1705 629 1776 εἶπεν,
679 1714 759 1767 ὅτι
794 1718 885 1769 καὶ
926 1718 1156 1773 ἐνταῦθα
1188 1722 1400 1793 ὁρῶμεν
1433 1725 1595 1793 γινώ-

39 1809 245 1860 σκοντας
277 1797 371 1851 τὸν
404 1798 564 1853 656v-
607 1798 779 1869 εἶπεν,
820 1808 901 1860 ὅτι
950 1809 1177 1874 οὐδόλως
1207 1814 1353 1867 ἐστὶν
1401 1816 1591 1885 ἄγνοια

38 1885 143 1953 περὶ
165 1885 299 1939 Θεοῦ
319 1905 332 1917 ο
358 1889 558 1954 πάντες
577 1893 704 1965 γὰρ,
727 1896 806 1949 ὅτι
825 1896 941 1951 ἐστὶ
965 1897 1095 1963 Θεὸς
1108 1901 1589 1977 ὁμολογοῦσικοινῇ
1625 1898 1665 1951 Β

2137 1885 2185 1887 ἣν
2229 1885 2543 1897 -----νυ.ν-νι
2559 1885 2647 1900 usu
2679 1885 2907 1918 γιυιυιιι
2936 1885 2941 1909 l

1732 1920 1864 1967 leum
1899 1916 2074 1985 ipsum
2105 1922 2478 1997 descendisse,
2526 1944 2581 1989 et
2637 1939 2707 1993 ab
2735 1941 2941 2000 homini

36 1977 191 2048 ἐννοίᾳ
212 1994 225 2007 ·
256 1974 432 2045 εἶπεν,
460 1983 541 2035 ὅτι
568 1985 659 2038 καὶ
694 1987 925 2042 ἐνταῦθα
955 1990 1206 2046 δύνανται
1246 1996 1295 2047 οἱ
1321 1994 1593 2067 ἄνθρωποι

36 2068 301 2133 γινώσκειν
340 2073 434 2125 τὸν
480 2074 611 2129 Θεόν
630 2093 643 2105 ·
678 2079 771 2131 καὶ
796 2080 986 2134 τούτου
1016 2086 1095 2147 εἰς
1125 2085 1396 2153 ἀπόδειξιν
1423 2091 1593 2161 παρέ-

36 2161 135 2214 θετο
161 2164 255 2236 τὴν
290 2165 472 2219 πίστιν
505 2168 613 2222 τῶν
650 2170 944 2243 ὁρθοδόξων
985 2174 1249 2244 λέγουσαν
1294 2181 1458 2234 αὐτὸν
1497 2183 1590 2237 τὸν

34 2252 142 2304 Θεὸν
182 2254 601 2327 κατεληλυθέναι
656 2262 748 2314 καὶ⁸
788 2263 1055 2331 ἐγνῶσθαι
1101 2271 1214 2333 τοῖς
1260 2270 1585 2342 ἀνθρώποις.

44 2343 160 2396 Ἀλλ’
194 2347 246 2398 εἰ
290 2346 392 2417 μὲν
435 2349 665 2419 ἀληθὲς,
709 2354 884 2426 ὅτιτῇ
928 2358 1103 2431 οἰκείᾳ
1144 2360 1280 2433 λήθῃ
1311 2363 1509 2434 πάσχει
1554 2367 1587 2436 ἡ

34 2435 151 2508 ψυχὴ
182 2438 242 2491 τὸ
273 2441 492 2509 ἀγνοεῖν
519 2443 611 2495 τὸν
644 2444 795 2509 Θεὸν,
829 2447 1068 2519 δηλονότι
1091 2450 1301 2520 ψευδὲς,
1333 2453 1413 2517 τὸ,
1445 2435 1587 2509 οὐδὲ

33 2527 175 2583 ἔστιν
205 2531 367 2597 ὅλως
394 2533 599 2602 ἄγνοια
624 2535 757 2604 περὶ
784 2539 929 2593 Θεοῦ
949 2556 961 2569 ·
993 2540 1193 2605 πάντες
1216 2543 1344 2614 γὰρ,
1370 2546 1451 2597 ὃτι
1473 2546 1587 2599 ἔστι

33 2617 171 2681 θεὸς,
196 2621 524 2691 ὁμολογοῦσι
570 2630 717 2699 κοινῇ
749 2629 943 2702 ἐννοίᾳ.
976 2632 1071 2696 Τίς
1100 2632 1156 2686 δὲ
1194 2629 1263 2705 ἦν
1294 2638 1451 2706 χρεία
1489 2639 1583 2693 τοῦ

34 2714 415 2782 παραγενέσθαι
440 2719 561 2780 ταῖς
591 2720 819 2775 ἐνταῦθα
846 2722 1042 2794 ψυχαῖς
1069 2726 1271 2793 γνῶσιν
1302 2728 1396 2782 τοῦ
1425 2730 1581 2799 Θεοῦ,

32 2804 217 2859 πάντων
271 2811 651 2876 γινωσκόντων
705 2813 796 2867 τὸν
851 2814 982 2868 Θεὸν
1033 2818 1127 2870 καὶ
1181 2819 1583 2890 ὁμολογούντων

32 2900 154 2967 κοινῇ
180 2898 365 2971 ἐννοίᾳ
390 2918 404 2965 ;
444 2902 517 2955 Τὸ
543 2903 599 2955 δὲ
620 2946 635 2971 ,
675 2905 784 2959 Καὶ
819 2905 1078 2963 ἐνταῦθα
1105 2909 1334 2980 ὁρῶμεν
1369 2912 1585 2982 ἀνθρώ-

30 2998 153 3051 πευς
180 2989 594 3060 γινώσκοντας
621 2995 725 3047 τὸν
750 2996 917 3063 Θεὸν,
948 3001 1076 3071 περὶ
1108 3002 1270 3056 τίνων
1304 3004 1451 3073 λέγει
1484 3007 1582 3061 ἀν-

29 3074 267 3145 Optt-mv;
302 3083 371 3135 Et
403 3084 503 3154 μὲν
534 3087 660 3157 περὶ
687 3088 794 3141 τῶν
820 3091 1136 3159 ἐγνωκότων
1167 3095 1258 3148 τὸν
1280 3095 1413 3151 Θεὸν
1446 3116 1581 3153 κατ·

28 3168 213 3224 εὶθόντα
274 3175 376 3228 καὶ
424 3179 790 3249 γνωρισθέντα
836 3183 1016 3248 αὐτοῖς
1067 3187 1208 3241 κατά
1250 3189 1350 3261 τὴν
1401 3191 1580 3247 πίστιν

26 3259 110 3310 τῶν
138 3263 456 3334 όρθοδόξων,
488 3269 691 3342 ἀληθὴς
718 3274 745 3325 6
772 3274 952 3343 λόγος·
977 3277 1193 3349 ὁρῶμεν
1217 3249 1326 3353 γὰρ
1361 3283 1575 3347 αὐτούς·
1606 3249 1648 3307 C

27 3352 125 3417 [Ιῶς
169 3356 224 3409 δὲ
256 3360 284 3411 ὁ
330 3362 400 3432 τῇ
446 3361 540 3415 τοῦ
588 3363 723 3417 Θεοῦ
769 3367 903 3439 πρὸς
945 3368 1265 3441 ἀνθρώπους
1298 3352 1581 3446 παρουσίᾳ

26 3444 262 3512 ἀποδείξει
293 3451 647 3523 χρησάμενος
674 3454 766 3508 τοῦ
796 3457 1018 3512 δυνατὸν
1047 3456 1184 3515 εἶναι
1216 3463 1329 3526 τοῖς
1371 3464 1579 3536 ἀνθρώ-

25 3554 124 3601 ποις
153 3543 243 3595 καὶ
285 3544 528 3598 ἐνταῦθα
561 3548 760 3615 γνῶναι
800 3550 959 3617 Θεὸν,
1015 3554 1176 3618 αὐτὸς
1209 3556 1431 3609 ἀπιστεῖ
1466 3560 1578 3622 τοῖς

24 3631 128 3699 παρ’
169 3633 339 3687 αὐτοῦ
397 3636 609 3708 ῥηθεῖσι
653 3641 781 3711 περὶ
826 3641 925 3712 τῆς
963 3644 1055 3698 τοῦ
1097 3646 1301 3717 κόσμου
1354 3651 1576 3704 ἀνακτί-

24 3736 135 3785 σεως
364 3729 426 3781 Ἡ
462 3729 571 3801 γάρ
604 3731 831 3797 ἄπιστος
862 3734 1134 3801 ἀπόδειξις
1164 3739 1353 3793 πιστὸν
1382 3741 1443 3793 οὐ
1471 3742 1577 3795 δεί-

25 3835 153 3876 κνυσι
192 3826 250 3878 τὸ
282 3829 372 3891 εἰς
403 3828 569 3894 δεῖξιν
618 3832 994 3905 προκείμενον.
1035 3837 1098 3889 Εἰ
1143 3837 1200 3891 δὲ
1247 3838 1322 3910 μὴ
1353 3842 1478 3905 τοὺς
1511 3844 1574 3897 ἐκ

22 3908 338 3980 διδασκαλίας
376 3917 471 3971 τοῦ
508 3920 856 3986 κατελθόντος
898 3924 1033 3977 Θεοῦ
1081 3926 1399 3999 ἀνθρώπους
1427 3929 1572 3999 λέγει

24 4000 224 4058 ἐνταῦθα
251 4008 571 4076 ἐγνωκότας
590 4010 678 4063 τὸν
698 4011 849 4079 Θεὸν,
871 4012 1070 4086 ψευδὴς
1085 4017 1114 4068 ὁ
1138 4016 1295 4086 λόγος
1313 4020 1341 4072 ὁ
1368 4018 1539 4087 λέγων
1553 4038 1566 4051 °

33 4095 253 4167 Ὀιῶμεν
271 4100 632 4170 ἀνθρώπους
651 4103 908 4161 ἐνταῦθα
929 4106 1263 4176 ἐγνωκότας
1286 4110 1346 4163 τὸ
1356 4128 1391 4163 ν
1404 4114 1569 4167 Θεόν.

32 4187 149 4256 Ἐγὼ
182 4192 289 4264 γὰρ
330 4193 558 4258 τούτους
605 4196 702 4265 οὐχ
746 4197 876 4269 ὁρῶ.
933 4200 1042 4253 Καὶ
1084 4201 1132 4252 εί
1176 4201 1276 4253 οὐκ
1320 4197 1388 4274 ἦν
1439 4204 1575 4269 ὅλως

24 4280 180 4349 ἄγνοια
214 4288 344 4359 περὶ
373 4287 513 4340 Θεοῦ
538 4306 550 4317 ·
588 4289 788 4353 πάντες
818 4291 927 4364 γάρ
951 4292 1267 4363 ὁμολογοῦσι
1301 4300 1452 4369 κοινῇ
1482 4299 1571 4350 ὲν-

24 4376 140 4446 νοὶᾳ·
168 4380 294 4432 ποία
315 4380 524 4449 γνῶσις
550 4380 643 4434 τοῦ
672 4381 805 4436 Θεοῦ
836 4384 1068 4438 ἐνταῦθα
1099 4387 1440 4458 παραγέγονε
1459 4393 1571 4453 τοῖς

22 4476 315 4551 ἀνθρώποις,
342 4484 394 4536 εἰ
434 4485 507 4554 μὴ
538 4486 570 4554 ἡ
608 4483 779 4556 είδικὴ
811 4485 1028 4553 γνῶσις,
1059 4487 1178 4541 καθ’
1211 4489 1279 4560 ἢν
1311 4490 1482 4543 πᾶσαι
1515 4490 1572 4544 αἱ

950 407 1414 476 ΩΗᾹΞΞΤΙΟΝΕΘ
1442 416 1885 475 CHlilSTlAN/E
1921 422 2012 477 AD
2039 425 2362 488 GRAECOS.

3154 460 3297 520 1410

1639 540 1685 595 Α
1714 534 2074 595 absurditatis
2102 551 2190 597 est
2221 557 2473 603 asserere
2501 548 2897 622 ignorationem
2922 563 3014 621 Dei
3044 566 3299 639 ignorans

1712 626 1860 681 tibus
1898 629 1953 683 in
1996 631 2249 689 beneﬁcii
2283 639 2408 695 loco
2444 657 2569 701 esse
2596 663 2938 712 concessam.
2972 658 3086 716 Hac
3117 666 3295 736 siqui-

1716 715 1828 736 ,__
1864 719 1993 736 __..,
2176 726 2209 736 ..
2257 727 2268 736 .

1709 715 1833 770 dem
1863 719 2079 777 ratione
2112 726 2410 797 religiones
2441 748 2633 794 omnes
2676 740 2769 798 Dei
2815 748 3037 817 ignarae,
3086 715 3292 815 utiliter

1708 805 1877 863 Deum
1931 811 2342 889 ignoraverint;
2400 834 2456 879 at
2497 830 2688 901 religio
2734 835 2903 893 Deum
2955 859 3283 917 agnoscens,

1707 916 1819 955 non
1850 904 2062 961 utiliter
2100 909 2253 966 illum
2290 918 2458 973 norit.
2492 920 2586 977 Sin
2635 927 2796 983 aliam
2847 904 2999 989 dicit‘
3025 904 3286 1010 ignorati:-

1708 992 1838 1047 tiam
1866 1035 1881 1059 ,
1923 996 1993 1051 de
2019 1015 2125 1069 qua
2174 1010 2518 1076 propositum
2564 1018 2723 1075 nobis
2762 1038 2871 1078 non
2914 1026 3017 1082 fuit
3043 992 3279 1103 udicere,

1703 1083 2088 1158 intempestiva
2123 1103 2208 1150 est
2244 1104 2572 1170 propositio,
2605 1125 2706 1179 pro
2730 1118 2961 1184 quassita
2992 1139 3101 1179 non
3131 1083 3280 1198 quae:

1703 1176 1864 1231 sitam
1896 1181 2198 1241 obtrudens
2222 1176 2777 1260 ignorantiam—Dixit
2801 1224 2867 1263 ex
2892 1217 3111 1284 propria
3136 1176 3279 1275 obli-

1701 1267 1863 1324 vione
1884 1274 2122 1330 animam
2145 1281 2255 1347 pati
2282 1282 2675 1354 ignorationem
2708 1294 2823 1354 Dei.
2855 1267 3014 1357 Dixit‘
3027 1306 3115 1362 hic
3139 1326 3276 1379 quo-

1699 1375 1808 1429 que
1860 1367 2079 1423 evenire
2121 1372 2323 1431 animis
2371 1382 2736 1450 cognitionem
2800 1390 2893 1447 Dei
2939 1414 2951 1449 :
3004 1399 3142 1454 dixit
3186 1405 3276 1461 hic

1698 1468 1920 1525 quoque
1960 1465 2206 1533 conspici
2243 1470 2335 1537 qui
2369 1471 2537 1529 Deum
2566 1493 2923 1550 cognoscant.
2953 1491 3099 1547 Dixit
3140 1512 3274 1552 nen-

1697 1544 1905 1614 tiquam
1950 1565 2073 1607 esse
2112 1554 2515 1626 ignorationem
2556 1568 2682 1638 Dei;
2719 1569 3004 1637 universos
3035 1602 3271 1659 namque

1698 1636 1859 1659 ,λ’-ψ
1910 1658 1917 1659 γ
2304 1654 2315 1659 ,
2357 1655 2374 1659 -

1697 1636 1866 1694 Deum
1898 1658 2021 1700 esse
2041 1654 2317 1708 communi
2349 1655 2509 1713 fateri
2532 1667 2823 1721 sententia.
2845 1669 2990 1727 Dixit
3020 1676 3106 1731 hic
3131 1636 3270 1749 quo-

1692 1746 1802 1801 que
1841 1733 2090 1795 homines
2134 1757 2473 1813 cognoscere
2522 1752 2692 1810 Deum
2751 1774 2934 1828 posse.
2979 1765 3148 1835 Cujus
3189 1773 3268 1827 rei

1693 1824 1990 1890 probandae
2020 1844 2187 1887 causa
2220 1838 2647 1900 orthodoxorum
2679 1824 2907 1918 protulit
2936 1824 3115 1925 ﬁdem,
3147 1880 3269 1933 qua:

1695 1909 1859 1933 n...w
1900 1916 1909 1933 ρ
1964 1932 1967 1933 ν
2124 1922 2136 1933 -
2326 1929 2359 1933 --

2949 1947 3049 2005 bus
3078 1956 3270 2026 cogni-

1692 2013 1808 2060 tum
1853 2023 1975 2065 esse
2013 2014 2321 2082 proﬁtetur.
2357 2022 2427 2076 At
2475 2027 2520 2081 si
2567 2046 2752 2088 verum
2799 2048 2884 2093 est
2920 2013 3176 2101 animamv
3198 2065 3268 2106 ex

1690 2098 1911 2167 propria
1959 2102 2234 2162 oblivione
2277 2110 2672 2181 ignorationem
2719 2128 2829 2192 pati
2863 2147 2876 2183 :
2916 2131 3169 2190 videlicet
3201 2140 3270 2193 il-

1689 2188 1781 2244 lud
1826 2190 2024 2249 falsum
2081 2198 2208 2263 erit,
2257 2217 2368 2257 non
2416 2221 2539 2262 esse
2580 2227 2810 2280 prorsus
2864 2219 3266 2291 ignorationem

1686 2274 1817 2343 Dei;
1850 2295 2043 2339 omnes
2075 2287 2223 2343 enim
2248 2289 2417 2347 Deum
2450 2312 2572 2354 esse
2615 2308 2893 2361 communi
2926 2310 3086 2368 fateri
3130 2330 3263 2373 sen-

1686 2370 1877 2425 tentia.
1897 2371 2037 2439 Quid
2072 2393 2202 2433 vero
2219 2388 2358 2451 opus
2386 2384 2503 2451 fuit,
2533 2391 2794 2451 obvenire
2820 2399 2907 2455 hic
2927 2404 3126 2462 animis
3158 2426 3263 2464 no-

1688 2461 1822 2517 stris
1861 2467 2109 2523 notitiam
2141 2469 2234 2527 Dei
2257 2515 2270 2535 ,
2301 2476 2348 2531 si
2378 2493 2569 2536 omnes
2599 2482 2764 2539 Deum
2802 2504 3176 2564 cognoscunt,
3204 2511 3261 2558 et

1687 2551 2023 2612 confitentur
2056 2566 2335 2620 communi
2366 2573 2677 2629 sententia?
2708 2577 2842 2636 Illud
2882 2592 3096 2655 autem,
3124 2592 3264 2648 vide-

1685 2656 1803 2697 mus
1839 2653 1889 2698 et
1929 2648 2014 2702 hic
2048 2651 2282 2711 homines
2315 2658 2481 2714 Deum
2514 2680 2875 2734 cognoscentes
2898 2714 2913 2737 ,
2948 2677 3016 2732 de
3060 2683 3260 2750 quibus

1686 2730 1746 2750 ι,
1818 2736 1830 2747 .
1880 2738 1911 2750 ..
2045 2742 2077 2750 .-
2120 2745 2131 2750 -
2178 2747 2192 2750 -
2234 2746 2278 2750 μγ

1686 2730 2000 2797 hominibus
2027 2742 2197 2801 dicit?
2227 2746 2283 2803 Si
2312 2753 2529 2821 quidem
2572 2730 2640 2813 de
2683 2760 2790 2818 illis
2823 2730 2915 2835 qui
2956 2730 3258 2831 neuio-2;:

1682 2837 2017 2899 gnoverunt,
2063 2846 2354 2907 postquam
2401 2842 2686 2903 descendit
2722 2862 2776 2906 et
2811 2865 3258 2926 cognoscendum

1684 2931 1746 2971 se
1774 2919 1856 2975 eis
1895 2924 2129 2992 praebuit
2147 2929 2307 2997 juxta
2336 2936 2767 2997 orthodoxorum
2805 2919 2988 3015 ﬁdem,
3017 2968 3144 3009 vera
3170 2967 3258 3014 est

1682 3011 1881 3078 oratio,
1912 3015 2161 3076 videmus
2184 3024 2330 3078 enim
2362 3042 2478 3083 eos.
2515 3029 2801 3095 Quomodo
2824 3048 3004 3095 autem
3034 3048 3129 3115 qui
3160 3050 3253 3105 Dei

1683 3100 1752 3154 ad
1781 3102 2033 3164 homines
2072 3111 2365 3170 adventum
2394 3129 2705 3189 argumenti
2738 3130 2857 3184 loco
2890 3100 3161 3204 adhibuit,
3195 3152 3254 3196 ut

1682 3195 1939 3263 probaret
1978 3200 2228 3261 homines
2272 3207 2363 3263 hic
2422 3227 2641 3285 quoque
2689 3218 2859 3277 Deum
2916 3240 3255 3298 cognoscere

1682 3302 1864 3357 posse,
1904 3291 2134 3363 ipsemet
2177 3298 2337 3355 ﬁdem
2370 3303 2518 3361 illius
2553 3308 2719 3367 dictis
2757 3314 2825 3370 de
2862 3291 3051 3375 mundi
3085 3326 3250 3379 resti-

1681 3382 1890 3437 tutione
1946 3401 2055 3441 non
2107 3387 2313 3444 habet?
2358 3392 2597 3454 lniidelis
2647 3403 2793 3457 enim
2850 3408 3250 3470 demonstratio

1681 3472 1842 3530 fidem
1885 3478 1934 3531 ei
1984 3480 2064 3534 rei
2124 3498 2233 3537 non
2309 3489 2538 3553 astruit,
2592 3494 2750 3563 cujus
2811 3498 3253 3561 demonstranda

1679 3569 1854 3636 gratia
1885 3578 1969 3625 est
2001 3574 2286 3641 producta.
2307 3576 2404 3633 Sin
2436 3597 2543 3635 non
2566 3600 2662 3640 eos
2692 3587 2827 3643 dicit
2856 3591 3127 3662 homines,
3154 3601 3251 3668 qui

1677 3676 1744 3715 ex
1778 3661 2026 3716 doctrina
2056 3666 2275 3723 caelitus
2302 3669 2370 3722 ad
2387 3686 2489 3728 nos
2518 3674 2724 3745 delapsi
2751 3678 2909 3751 511
2935 3682 3050 3752 Dei,
3080 3661 3249 3747 Deum

1677 3760 2342 3829 cognoverunthfalsum
2388 3767 2491 3819 erit
2540 3766 2644 3823 hoc
2694 3770 2904 3830 dictum
2945 3796 2959 3831 :
3001 3779 3250 3841 Videmus

1675 3845 1909 3903 homines
1964 3854 2054 3921 qu'i
2089 3853 2172 3907 hic
2195 3854 2365 3910 Deum
2404 3873 2742 3929 cognoscunt.
2790 3866 2904 3939 Ego
2948 3872 3094 3927 enim
3145 3875 3252 3933 llos

1678 3953 1788 3992 non
1819 3941 1997 3997 video.
2037 3943 2105 3998 Et
2165 3947 2211 4001 si
2249 3950 2475 4005 omnino
2523 3969 2633 4008 non
2676 3967 2765 4012 est
2818 3962 3089 4033 ignoratio
3127 3966 3246 4037 Dei,

1675 4032 1821 4101 quod
1845 4050 1967 4089 eum
2002 4051 2193 4095 omnes
2227 4045 2502 4098 communi
2532 4048 2901 4108 conﬁteantur
2930 4063 3199 4117 sententia
3227 4083 3243 4118 :

1672 4139 1921 4192 quamam
1958 4128 2014 4182 in
2044 4130 2145 4184 hac
2176 4133 2285 4188 vita
2319 4137 2541 4192 obvenit
2583 4147 2912 4205 mortalibus
2940 4154 3094 4208 notio
3124 4153 3243 4221 Dei,

1674 4217 1783 4272 nisi
1827 4221 2080 4289 specialis
2117 4225 2209 4279 illa
2261 4231 2535 4298 cognitio,
2578 4249 2641 4288 ex
2683 4252 2788 4307 qua
2830 4240 2888 4295 ﬁt
2928 4253 2987 4298 ut
3026 4260 3240 4314 omnes,

1671 4324 1792 4378 quae
1839 4310 1893 4365 in
1943 4316 2106 4370 terris
2153 4330 2303 4383 sunt,
2348 4323 2643 4393 religiones
2684 4332 2989 4389 mendaciis
3021 4337 3240 4407 quidem

1672 4402 1998 4473 simpliciter
2029 4409 2097 4462 ab
2133 4426 2196 4465 ea
2218 4454 2232 4477 ,
2265 4429 2385 4473 qua:
2416 4419 2699 4476 veritatem
2742 4402 3055 4493 profitetur:
3086 4448 3241 4489 men-

1668 4492 1812 4549 dacii
1866 4506 2046 4553 autem
2091 4500 2413 4562 discrimine
2462 4524 2491 4562 a
2543 4525 2603 4565 se
2653 4512 2889 4571 invicem
2946 4519 3243 4579 diii‘erant?

20 4567 145 4625 σῧσαι
186 4577 277 4629 ἐπὶ
310 4577 424 4646 γῆς
468 4576 753 4647 θρησκεῖαι
794 4578 892 4648 τῆς
926 4579 1023 4649 μὲν
1070 4581 1160 4635 τὸν
1205 4580 1379 4652 ἀληθῆ
1413 4580 1570 4681 λόγον
1598 4584 1685 4658 ο(

1732 4585 1826 4640 uod
1866 4588 1912 4642 si
1937 4590 2010 4643 ita
2041 4600 2145 4657 est,
2174 4610 2281 4650 non
2308 4597 2419 4666 jam
2436 4615 2584 4670 ergo,
2612 4605 2912 4661 secundum
2943 4624 3242 4681 responso-

20 4664 403 4739 πρεσϐευούσης
436 4667 728 4738 θρησκείας
761 4668 946 4734 ἁπλῶς
976 4672 1054 4743 τῷ
1083 4673 1288 4743 ψεύδει,
1321 4674 1564 4745 ἀλλήλων

87 4755 191 4816 ταῖς
221 4755 511 4825 διαφοραῖς
542 4755 635 4808 τοῦ
679 4755 906 4825 ψεύδους
934 4759 1303 4835 διαφέρουσινς
1348 4763 1484 4816 Ἀλλ’
1516 4766 1565 4819 εί

18 4845 146 4895 τοῦτο
170 4845 342 4910 οὕτως
375 4845 490 4916 ἔχει
510 4886 524 4910 ,
556 4848 656 4901 οὐκ
687 4848 793 4921 ἄρα
826 4851 964 4904 κατά
994 4853 1085 4907 τὸν
1117 4854 1273 4923 λόγον
1304 4854 1397 4909 τοῦ
1430 4857 1567 4910 ἀπο-

17 4937 309 5005 κριναμένου
344 4939 710 5010 παραγίνεται
739 4944 855 5007 ταῖς
888 4943 1118 4999 ἐνταῦθα
1144 4946 1340 5016 ψυχαῖς
1363 4948 1566 5015 γνῶσις

16 5024 123 5081 Θεοῦ
145 5071 159 5095 ,
192 5031 327 5085 ἀλλά
385 5031 587 5103 μᾶλλον
618 5036 651 5104 ὴ
684 5035 903 5103 ἄγνοια,
933 5035 1047 5105 εῖγε
1097 5040 1172 5110 μὴ
1215 5043 1281 5111 τῇ
1333 5040 1561 5096 καθόλου

1669 4675 1746 4730 ris
1779 4679 2069 4747 rationem,
2105 4684 2195 4740 hic
2224 4689 2424 4745 animis
2456 4693 2699 4762 cognitio
2729 4695 2824 4752 Dei
2866 4700 3107 4768 obvenit,
3142 4707 3239 4761 sed

1670 4769 1845 4838 magis
1907 4770 2179 4841 ignoratio
2224 4796 2241 4831 :
2301 4781 2570 4851 siquidem
2629 4788 2923 4859 religiones
2978 4809 3086 4849 non
3145 4814 3240 4868 ge-

1670 4860 1841 4915 nerali
1872 4860 1962 4917 Dei
1986 4868 2297 4935 cognitione
2328 4872 2464 4942 ipsis
2498 4877 2663 4932 insita
2695 4880 2835 4937 inter
2865 4898 2925 4939 se
2945 4885 3234 4956 diﬂ‘erunt,

1670 4950 1767 5005 sed
1800 4968 1862 5007 ea
1892 4954 2074 5023 potius
2099 4973 2220 5027 quae
2259 4960 2348 5017 hic
2382 4966 2463 5020 eis
2506 4983 2608 5037 pro
2636 4984 2696 5025 se
2730 4973 2929 5044 cuique
2953 4980 3238 5048 speciatim

1671 5044 1909 5103 obvenit.

16 5121 182 5182 γνώσει
230 5125 327 5179 τοῦ
356 5125 496 5179 Θεοῦ
555 5126 688 5199 οὔσῃ
740 5130 799 5181 ἐν
843 5129 1035 5195 αὐταῖς
1083 5128 1327 5206 ἀλλήλων
1369 5135 1711 5209 διαφέρουσιν
1762 5141 1819 5193 αἱ
1859 5139 2172 5213 θρησκεῖαι,
2213 5150 2280 5218 τῇ
2319 5148 2491 5223 είδικῇ
2536 5153 2592 5208 δὲ
2637 5157 2838 5226 μᾶλλον
2886 5164 2953 5232 τῇ
3008 5164 3239 5219 ἐνταῦθα

16 5216 407 5291 παραγενομένῃ
438 5216 650 5281 αὐταῖς.

66 5306 111 5360 ι.
140 5312 204 5364 El
230 5314 443 5366 τοίνυν
471 5311 733 5367 δυνατὸν
754 5315 852 5369 καὶ
886 5316 1143 5375 ἐνταῦθα
1168 5321 1312 5388 τοὺς
1336 5322 1560 5390 ἀνθρὼ-

15 5410 139 5468 πους
172 5404 349 5471 ὄντας
399 5406 716 5475 γινώσκειν
750 5410 858 5463 τὸν
900 5412 1069 5482 Θεὸν,
1122 5416 1303 5471 οὐδὲν
1356 5417 1561 5484 αὐτοῖς

66 5641 164 5730 (ἓξ)
200 5651 499 5730 (caesos.
526 5651 728 5730 Deerat
747 5652 882 5730 Θεοῦ
914 5659 1055 5730 apud
1090 5657 1151 5713 Β.
1177 5658 1548 5730 Stephanum;

15 5711 550 5794 aIdtliuiﬂltASylburgius
576 5741 592 5790 ;
627 5723 826 5794 legitur
857 5726 912 5779 in
942 5711 1406 5785 codiceVClatfom.

69 5784 167 5860 (53)
200 5784 602 5861 Ἁὲακτιῖτεωςζ
637 5784 709 5849 Βῖ
737 5794 1046 5867 Stephanus
1082 5784 1137 5858 et
1171 5784 1305 5859 mss.
1348 5799 1549 5858 habent

1732 5324 1790 5380 4.
1820 5322 2009 5394 Itaque
2035 5329 2083 5381 si
2112 5328 2167 5382 in
2202 5328 2300 5384 hac
2321 5333 2428 5386 vita
2452 5338 2702 5392 mortales
2746 5340 2909 5394 Deum
2940 5360 3091 5398 nosse
3110 5362 3235 5409 pos-

1664 5427 1810 5483 sunt,
1845 5417 1976 5471 nihil
1999 5419 2073 5474 eis
2115 5424 2308 5477 summi
2336 5427 2496 5491 mali,
2524 5445 2589 5482 ex
2617 5432 2842 5527 eo.quod
2868 5433 2953 5487 hic
2982 5437 3107 5500 sint,
3145 5440 3234 5493 ob.

1652 5662 2026 5763 dvaxrijaewq;
2051 5667 2370 5763 etuinafraqu
2381 5675 2711 5754 ρυττομένην
2739 5678 3037 5763 ἀνάκτησιν
3057 5720 3072 5744 ,
3132 5684 3227 5763 sed

1651 5746 1801 5791 recte
1829 5739 2141 5819 emendavit
2174 5738 2517 5819 Sylburgius,
2545 5738 2701 5819 'cui'n
2726 5749 2794 5819 Ain
2827 5738 2949 5803 aliis
2982 5738 3227 5819 gemellis

1653 5802 1790 5863 locis
1823 5807 1964 5864 idem
1985 5807 2049 5865 Β.
2076 5802 2459 5882 διερῐιιιιιιιέει
2483 5802 2619 5873 mss.
2650 5816 2887 5875 habeant
2915 5802 3220 5879 ἀνάκτιξτίνῖ
