3638 6490
407 384 538 437 NH
1183 379 1547 436 APPENDIX.
1585 411 1654 421 -—
1678 380 1859 434 PARS
1884 380 1922 436 Ι.
1955 381 2014 436 S.
2055 381 2321 439 JUSTINI
2359 383 2591 440 OPERA
2631 384 2904 441 SPUBIA.
3474 396 3562 452 me

399 501 556 556 venit.
590 497 798 553 Etenim
836 497 1224 568 ignorantibus,
1256 508 1311 551 ut
1339 499 1536 552 dictum
1581 506 1679 560 est,
1711 497 1836 551 inm

2122 499 2366 570 ἐγιστον
2389 500 2580 555 κακὸν
2607 502 2923 571 συμϐαίνει
2960 502 3028 556 ἐκ
3070 504 3173 558 τοῦ
3199 503 3425 562 ἐνταῦθα
3442 508 3559 568 εἶναι,

395 593 593 663 ingenii
636 592 760 646 vitio
791 591 1008 660 proprio
1056 590 1154 644 Dei
1197 591 1459 661 ignoratio
1506 590 1695 645 evenit.
1754 588 1832 643 Du

2125 592 2214 658 οἷς
2236 593 2528 662 ἀγνοοῦσι
2551 594 2680 664 γὰρ,
2710 596 2906 663 καθὼς
2932 597 3174 664 εἴρηται,
3202 598 3264 650 ἐκ
3291 599 3386 667 τῆς
3407 606 3562 674 οἰκείας

394 684 582 752 dictis,
617 699 739 753 quae
774 699 833 738 se
864 681 1096 737 invicem
1127 681 1347 745 tollunt,
1381 680 1721 751 complicatis
1747 695 1831 736 res

2122 685 2338 739 πίστου
2371 687 2611 756 φύσεως
2642 687 2706 742 τὸ
2741 688 2985 758 ἀγνοεῖν
3010 689 3117 744 τὸν
3147 691 3284 745 Θεὸν
3307 699 3559 764 συμϐαίνει.

393 792 490 832 sor
518 776 576 830 in
602 775 962 845 responsione
997 788 1096 828 sua
1127 772 1262 828 illud
1294 773 1479 843 posuit
1514 789 1527 824 :
1564 769 1625 827 Si
1653 772 1830 827 homin

2122 777 2182 830 ύο
2207 778 2393 847 φωνὰς
2428 779 2672 851 ἀλλήλων
2713 782 3065 854 ἀναιρετικάς
3105 785 3388 856 συμπλέξας
3410 792 3436 842 ὁ
3469 793 3559 847 ἀπο.

392 867 493 921 hac
526 868 634 922 vita
679 867 842 920 Deum
874 881 1184 936 cognoscere
1219 873 1466 932 possunt,
1494 865 1697 918 nullum
1731 866 1806 920 eis

2122 870 2421 941 ρινάμενος,
2462 871 2658 943 έθηκεν
2701 875 2762 928 ὲν
2805 877 2872 946 τῇ
2913 875 3106 928 ἑαυτοῦ
3151 877 3410 950 ἀποκρίσει
3436 884 3559 942 chi!

392 965 545 1034 tingit
568 979 831 1018 summum
863 961 1081 1016 malum.
1103 958 1169 1013 Et
1197 958 1328 1014 illud
1359 978 1372 1012 :
1406 957 1781 1029 Ignorantibus
1805 959 1829 1012 i:

2121 961 2338 1014 υνατύν
2374 961 2516 1027 τοὺς
2565 962 2914 1032 ἀνθρώπους
2952 965 3206 1020 ἐνταῦθα
3250 968 3406 1037 ὄντας
3441 976 3558 1040 τινώ-

390 1056 506 1110 duli
543 1055 738 1127 ingenii
784 1056 908 1109 vitio
947 1054 1157 1125 proprie
1194 1053 1459 1124 ignoratio
1507 1051 1604 1106 Dei
1651 1053 1874 1108 obvenit.
1908 1052 1972 1108 Et

390 1161 664 1200 summum
696 1145 899 1199 malum
931 1143 1075 1214 quod
1124 1143 1307 1213 priore
1345 1142 1533 1211 ejecit,
1577 1141 1630 1196 id
1667 1143 1971 1213 posteriore

389 1237 606 1293 induxit
636 1239 785 1292 dicto
817 1253 830 1288 :
863 1237 1135 1307 siquidem
1173 1251 1449 1291 summum
1487 1237 1690 1290 maium
1720 1245 1825 1301 est,
1867 1237 1970 1292 du-

385 1330 584 1400 plicata
625 1330 908 1399 impietate
949 1329 1004 1383 in
1055 1345 1246 1384 verum
1300 1327 1470 1384 Deum
1517 1327 1740 1397 impium
1789 1343 1963 1383 esse:

386 1422 565 1492 ipsum
590 1420 804 1475 scilicet
831 1434 918 1483 ea,
942 1434 1105 1490 quam
1135 1419 1372 1474 essentia
1389 1417 1620 1481 obtinet,
1642 1417 1968 1473 defraudare

383 1511 670 1581 majestate
704 1526 836 1566 :eos
867 1518 1050 1566 autem
1067 1512 1163 1582 qui
1195 1510 1270 1564 dii
1300 1525 1408 1564 non
1443 1518 1590 1576 sunt,
1614 1509 1764 1564 illius
1793 1509 1966 1580 gloria

382 1601 524 1658 falso
557 1603 860 1668 honorare,
911 1601 1056 1672 quod
1105 1601 1354 1672 profecto
1407 1601 1473 1655 ad
1510 1601 1773 1654 malitiam
1813 1616 1965 1656 sum-

379 1707 522 1746 mam
545 1693 682 1747 nihil
716 1692 848 1747 facit
874 1693 1091 1762 reliqui.
1125 1692 1280 1759 Quod
1319 1699 1500 1747 autem
1529 1692 1865 1758 hominilms,
1897 1707 1963 1748 eo

378 1783 526 1854 quod
567 1783 735 1840 Deum
777 1785 832 1838 in
859 1785 963 1839 hac
987 1785 1100 1839 vita
1133 1800 1298 1841 nosse
1327 1785 1559 1855 possint,
1601 1785 1810 1838 nullum
1842 1799 1962 1839 eve-

379 1875 460 1929 nit
490 1892 764 1931 summum
797 1877 1023 1941 malum,
1058 1877 1111 1932 id
1149 1877 1350 1932 summi
1392 1877 1518 1930 mali
1554 1891 1662 1930 non
1704 1875 1954 1944 depulsio

376 1976 482 2031 cst,
517 1968 612 2024 sed
655 1969 919 2035 intentio;
951 1969 1224 2040 siquidem
1266 1969 1320 2022 in
1351 1983 1418 2023 eo
1458 1969 1622 2023 etiam
1653 1967 1797 2038 quod
1827 1983 1953 2038 pos~

376 2067 505 2114 sunt
534 2058 803 2122 homines,
829 2059 1134 2113 voluntaria
1160 2074 1256 2112 sua
1290 2057 1673 2113 incredulitate
1696 2074 1805 2113 non
1828 2074 1955 2129 pos-

373 2159 539 2217 sunt,
577 2158 631 2205 et
658 2166 782 2205 cum
821 2152 1034 2220 possint
1084 2149 1319 2220 simplici
1363 2150 1582 2220 pietate,
1623 2166 1744 2221 qua:
1777 2150 1955 2205 homi-

373 2260 471 2300 nes
519 2245 714 2308 salvat,
745 2244 820 2314 pii
851 2259 997 2308 esse,
1048 2243 1378 2312 duplicatam
1427 2243 1476 2297 ei
1525 2244 1820 2315 praeferunt
1853 2246 1952 2299 im-

373 2335 659 2405 pietatem;
684 2351 848 2405 quam
886 2350 1164 2390 summum
1192 2341 1396 2388 malum
1429 2350 1537 2390 non
1576 2335 1762 2392 dicere
1796 2337 1954 2408 longe

371 2424 829 2481 absurdissimum
860 2431 963 2480 cst.

438 2735 490 2789 5.
527 2732 679 2800 Quod
706 2732 752 2786 si
786 2733 902 2802 quis
927 2732 1089 2786 etiam
1132 2731 1407 2796 concedat,
1438 2731 1584 2803 quod
1611 2730 1819 2804 quidem
1853 2731 1948 2786 ab-

367 2826 608 2891 surdum,
633 2842 896 2879 summum
909 2842 1021 2879 esse
1044 2825 1246 2879 malum
1265 2842 1347 2890 ea,
1371 2841 1488 2896 qure
1515 2825 1598 2879 hic
1622 2834 1763 2891 sunt,
1786 2841 1948 2896 eaque

366 2936 469 2973 non
497 2920 747 2973 exsistere
771 2919 939 2972 satius
960 2935 1072 2973 esse
1093 2936 1248 2989 quam
1272 2920 1556 2983 exsistere;
1581 2921 1626 2973 si
1649 2918 1856 2989 quidem
1883 2936 1947 2974 ea

363 3027 480 3080 qua:
512 3012 596 3064 hic
643 3021 766 3065 sunt
793 3011 858 3062 ab
893 3011 1078 3078 opiﬁce
1121 3013 1184 3065 ob
1212 3012 1578 3080 inﬁrmitatem
1611 3012 1754 3065 mala
1783 3011 1946 3081 fuisse

365 3106 510 3173 facta
547 3104 698 3165 dicit,
745 3104 965 3167 insanit,
1003 3103 1128 3156 dum
1165 3103 1262 3158 Dei
1303 3106 1592 3172 potentiam
1640 3116 1791 3174 negat
1824 3105 1945 3158 uni-

367 3214 515 3250 versa
539 3196 830 3264 complecti.
853 3196 949 3250 Sin
978 3207 1153 3250 autem
1181 3213 1300 3249 cum
1322 3213 1384 3250 ea
1415 3213 1532 3265 qua!
1546 3196 1630 3249 hic
1655 3206 1776 3251 sunt
1806 3196 1942 3250 bona

2072 1067 2247 1105 σχειν
2281 1053 2391 1106 τὸν
2423 1053 2593 1119 Θεὸν,
2627 1055 2808 1109 οὐδὲν
2849 1057 3054 1124 αὐτοῖς
3088 1059 3357 1128 μέγιστον
3377 1070 3559 1134 συμεαίο

2073 1158 2163 1194 νει
2203 1144 2392 1196 κακόν
2409 1159 2422 1172 ·
2452 1143 2548 1196 καὶ
2575 1143 2654 1209 τὸ,
2690 1144 2816 1211 Τοῖς
2842 1147 3169 1216 ἀγνοοῦσιν
3194 1150 3259 1202 ἐκ
3287 1149 3380 1219 τῆς
3399 1157 3560 1224 οὶγείιις

2068 1235 2332 1290 ἀπίστου
2373 1238 2612 1306 φύσεως
2635 1240 2949 1308 συμϐαίνει
2977 1240 3043 1295 τὸ
3074 1241 3304 1313 ἀγνοεῖν
3329 1247 3419 1300 τὸν
3437 1251 3552 1303 Geor.

2069 1329 2177 1381 Καὶ
2225 1329 2286 1382 τὸ
2331 1331 2586 1400 μέγιστον
2625 1333 2793 1386 κακὸν
2831 1333 2860 1386 ὃ
2903 1330 3123 1399 ἐξέϐαλε
3160 1336 3242 1390 διὰ
3276 1339 3363 1408 τῆς
3395 1341 3555 1413 πρώτης

2067 1422 2271 1492 φωνῆς,
2305 1422 2463 1476 τοῦτο
2494 1422 2581 1477 διὰ
2613 1424 2712 1495 τῆς
2749 1425 3010 1498 δευτέρας
3041 1429 3290 1499 εἰσήγαγε
3327 1433 3493 1503 φωνῆς·
3518 1440 3551 1486 εξ

2069 1513 2321 1583 μέγιστόν
2350 1515 2464 1568 ἐστι
2499 1517 2666 1570 κακὸν
2697 1517 2760 1570 τὸ
2793 1518 2936 1572 κατά
2979 1519 3171 1589 διπλῆν
3212 1521 3431 1575 ἀσέϐειαν
3465 1527 3550 1578 ἀσε-

2064 1605 2178 1660 ϐεῖν
2209 1609 2290 1672 είς
2319 1609 2413 1662 τὸν
2445 1608 2614 1673 ὅντως
2653 1609 2781 1664 ὄντα
2804 1611 2957 1676 Θεὸν,
2993 1613 3155 1666 αὑτὸν
3187 1615 3278 1684 μὲν
3309 1616 3548 1689 ἀποστερεῖν

2061 1699 2160 1770 τῆς
2187 1701 2307 1752 κατ’
2336 1701 2526 1754 οὐσίαν
2562 1700 2740 1772 δόξης,
2785 1704 2911 1767 τοὺς
2943 1703 3001 1757 δὲ
3043 1704 3142 1758 οὐκ
3181 1705 3330 1769 ὄντας
3367 1707 3546 1779 emit-gn}

2062 1788 2270 1843 ἐκείνου
2314 1789 2444 1862 δόξῃ
2475 1791 2686 1860 ψευδῶς
2727 1795 2893 1864 τιμᾷν
2915 1810 2928 1824 ·
2966 1795 3106 1867 ὅπερ
3147 1797 3417 1868 ὑπερϐολὴν
3446 1801 3548 1853 οὐδε-

2062 1883 2190 1952 μιᾶς
2220 1883 2543 1938 ἀπολέλοιπε
2575 1887 2792 1950 κακίας.
2823 1887 2898 1940 Τὸ
2932 1887 3011 1953 δὲ,
3043 1887 3131 1941 διὰ
3160 1889 3221 1942 τὸ
3246 1889 3433 1944 δυνατὸν
3453 1889 3546 1946 εἶναι

2056 1973 2362 2045 ἀνθρώποις
2390 1976 2624 2031 ἐνταῦθα
2653 1974 2773 2032 οὖσι
2818 1979 3109 2047 γινώσκειν
3147 1980 3237 2034 τὸν
3265 1981 3397 2046 Θεὸν,
3432 1984 3546 2054 prii»

2055 2066 2238 2132 αὐτοῖς
2286 2069 2542 2140 μέγιστον
2582 2069 2899 2140 συμϐαίνειν
2943 2071 3135 2135 κακὸν,
3180 2072 3324 2125 τοῦτο
3356 2074 3436 2128 οὐκ
3467 2077 3549 2129 ἐστι

2053 2159 2148 2212 τοῦ
2182 2161 2438 2230 μεγίστω
2459 2161 2629 2215 κακοῦ
2659 2161 2956 2234 ἀναίρεσις,
2981 2163 3096 2216 ἀλλ’
3123 2164 3352 2228 ἐπίτασις
3368 2183 3379 2196 ·
3402 2167 3468 2219 ὅτι
3486 2169 3552 2219 καὶ

2055 2253 2113 2305 ὲν
2145 2253 2223 2324 τῷ
2244 2253 2454 2325 δυνατῷ
2481 2254 2833 2308 ἀδυνατοῦσιν
2853 2257 2902 2308 οί
2926 2255 3023 2310 ἄνθ
3031 2273 3200 2328 ρωποι
3225 2259 3284 2311 ὲκ
3302 2259 3384 2329 τῆς
3399 2260 3554 2321 οἰκείας

2053 2345 2298 2399 ἑκουσίου
2331 2346 2608 2411 ἀπιστίας,
2645 2347 2739 2400 καὶ¹
2769 2347 3056 2420 δυνάμενοι
3088 2347 3226 2402 κατά
3258 2350 3410 2419 ἁπλῆν
3437 2351 3554 2403 εὐαέι

2051 2437 2205 2490 ϐειαν
2240 2437 2514 2509 σωστικὴν
2539 2438 2839 2510 ἀνθρώπων
2867 2440 3130 2505 εὐσεϐεῖν,
3162 2441 3429 2512 προτιμῶσι
3458 2442 3554 2494 ταύ-

2050 2543 2150 2598 της
2194 2529 2294 2600 τὴν
2337 2529 2533 2599 διπλῆν
2569 2531 2824 2584 ἀσέϐειαν
2849 2547 2862 2561 ·
2907 2532 2974 2603 ἢν
3019 2531 3096 2603 μὴ
3150 2532 3314 2601 λέγειν
3354 2534 3553 2604 μέγιστον

2052 2624 2242 2684 κακὸν,
2273 2621 2383 2674 τῶν
2415 2623 2783 2677 ἀτοπωτάτων
2811 2625 2980 2678 ἐστίν.

2119 2711 2170 2765 5.
2206 2715 2275 2766 Ei
2304 2712 2372 2766 δέ
2398 2730 2489 2779 τις
2515 2713 2614 2767 καὶ
2642 2714 3047 2784 συγχωρήσει,
3079 2718 3221 2786 ὅπερ
3244 2719 3454 2780 ἄτοπον,
3473 2718 3554 2787 μὲ-

2048 2816 2255 2872 γιστον
2309 2800 2460 2858 εἶναι
2517 2806 2714 2860 κακὸν
2763 2807 2836 2860 τὰ
2889 2808 3168 2872 ἐνταῦθα,
3221 2809 3307 2862 καί
3355 2807 3552 2861 κάλλιον

2046 2895 2344 2964 ὑπάρχειν
2373 2897 2435 2950 τὸ
2471 2897 2560 2966 μὴ
2598 2894 2750 2952 εἶναι
2787 2899 2859 2953 τὰ
2899 2897 3044 2968 τῇδε
3070 2901 3177 2954 τοῦ
3219 2897 3383 2954 εἶναι·
3410 2902 3450 2952 εὶ
3469 2900 3554 2968 μὲν

2049 2988 2216 3058 λέγει
2246 2989 2401 3043 κακὰ
2427 2992 2813 3057 πεποιηκέναι
2841 2994 2913 3046 τὰ
2957 2994 3101 3062 τῇδε
3136 2994 3240 3047 τὸν
3260 2993 3554 3062 δημιοῳγτῖην

2046 3081 2120 3136 δι’
2148 3083 2490 3145 ἀσθένειαν,
2520 3083 2880 3150 ἀνοηταίνει,
2911 3083 3027 3151 τὴν
3052 3085 3161 3138 τοῦ
3189 3085 3325 3138 Θεοῦ
3348 3084 3553 3152 δύναμιν·

2043 3174 2296 3244 φάσκων
2314 3176 2400 3246 μὴ
2427 3175 2908 3245 καταλαμϐάνειν
2933 3177 3148 3230 πάντα.
3175 3179 3239 3231 Ei
3263 3177 3326 3230 δὲ
3348 3176 3553 3244 δυνάμε-

364 3290 560 3358 efﬁcere
599 3297 795 3357 posset,
822 3289 1062 3357 permisit
1102 3288 1224 3341 aliis
1267 3298 1322 3341 ut
1363 3290 1507 3342 mala
1547 3287 1800 3357 facerent,

2119 3291 2151 3336 ς
2176 3269 2426 3338 ποιῆσαι
2454 3271 2611 3325 καλὰ
2638 3271 2711 3324 τὰ
2745 3269 2910 3339 τῇδε,
2941 3272 3357 3341 συνεχώρησεν
3378 3272 3553 3336 ἑτέροις

365 3382 460 3433 hoc
493 3397 693 3449 quoque
722 3379 819 3433 Dei
857 3381 1139 3434 incusatio.
1171 3379 1313 3433 Nam
1347 3381 1438 3450 qui
1467 3379 1740 3447 prohibere
1773 3389 1938 3448 potest

361 3482 412 3527 et
454 3471 759 3536 contemnit,
791 3473 963 3525 verius
995 3472 1106 3540 ipse
1145 3472 1358 3540 e/fector
1397 3480 1496 3526 est.
1548 3469 1630 3534 Si,
1664 3478 1722 3524 ut
1771 3486 1938 3542 supra

360 3569 588 3632 dictum,
632 3568 1012 3638 ignorantibus
1044 3567 1211 3639 Deum
1245 3567 1534 3638 contingit,
1569 3574 1627 3621 ut
1654 3566 1822 3622 Deum
1854 3567 1940 3622 in-

360 3660 568 3715 creduli
607 3658 810 3725 ingenii
838 3658 972 3712 vitio
994 3658 1216 3729 proprio
1244 3674 1354 3714 non
1384 3658 1590 3720 norint,
1621 3659 1765 3726 quod
1791 3669 1938 3714 certe

363 3767 636 3808 summum
664 3765 786 3806 esse
816 3750 1018 3804 malum
1053 3751 1294 3806 confessi
1327 3766 1536 3813 sumus,
1571 3749 1848 3820 quomodo
1883 3751 1935 3804 id

361 3861 507 3898 nunc
525 3849 584 3897 ut
610 3842 904 3899 absurdum
935 3843 1187 3898 concedit
1209 3841 1544 3912 responsor?
1562 3840 1717 3906 Quod
1747 3841 1793 3896 si
1825 3857 1938 3898 non

358 3937 462 3990 hoc
494 3937 672 4006 ipsum
699 3980 715 4004 ,
748 3937 840 3992 sed
864 3936 1008 3990 aliud
1034 3951 1305 3992 summum
1332 3937 1534 3990 malum
1555 3945 1613 3990 ut
1637 3936 1935 3992 absurdum

356 4026 650 4091 concedit,
703 4042 812 4080 non
858 4034 1050 4081 nostro
1093 4026 1302 4095 judicio
1344 4026 1477 4080 illud
1522 4036 1608 4082 est
1657 4042 1936 4082 summum

357 4119 584 4181 malum,
629 4133 818 4171 verum
848 4117 916 4171 de
948 4117 1368 4171 Manichaeorum
1410 4117 1700 4173 sententia.
1735 4117 1935 4174 Nostra

357 4218 506 4264 certe
545 4208 817 4263 sententia
855 4209 911 4262 in
940 4209 1104 4262 terris
1143 4209 1324 4262 omnia
1367 4209 1507 4263 bona
1547 4215 1695 4273 sunt,
1729 4217 1787 4262 ut
1813 4223 1936 4279 qua

356 4315 633 4356 summum
666 4301 870 4355 bonum
918 4299 1154 4354 habeant
1181 4299 1431 4370 opificem
1465 4307 1518 4354 et
1542 4308 1934 4367 auctorem;et

356 4410 627 4450 summum
654 4394 854 4447 malum
885 4394 1185 4448 secundum
1221 4391 1584 4447 substantiam
1610 4392 1818 4447 nullum
1847 4401 1933 4448 est

355 4485 411 4539 in
432 4485 514 4540 eis
537 4523 553 4549 ,
589 4478 684 4540 sed
720 4498 822 4538 nec
852 4482 1153 4538 secundum
1177 4481 1551 4550 operationem
1583 4479 1753 4545 illius,
1783 4479 1929 4550 quod

355 4577 664 4632 substantia
697 4576 899 4628 malum
932 4574 1026 4635 sit,
1047 4572 1144 4628 sed
1170 4573 1343 4627 libero
1365 4572 1645 4625 hominum
1675 4571 1926 4633 arbitrio,

2042 3363 2196 3416 κακὰ
2218 3363 2428 3427 ποιεῖν,
2447 3364 2544 3416 καὶ
2570 3363 2748 3417 τοῦτό
2765 3363 2898 3417 ἐστι
2923 3366 3295 3436 κατηγόρημα
3312 3365 3404 3418 τοῦ
3423 3363 3550 3416 Θεοῦ.

2053 3454 2106 3506 Ὀ
2130 3453 2241 3523 γὰρ
2267 3453 2601 3524 δυνάμενος
2621 3454 2740 3524 μὲν
2766 3456 3018 3518 παῦσαι,
3049 3455 3323 3524 περιορῶν
3344 3455 3420 3516 δὲ,
3441 3456 3553 3520 ἀλη-

2038 3547 2326 3614 θέστερον
2363 3547 2548 3614 αὐτὸς
2576 3546 2706 3615 δρᾷ.
2743 3548 2804 3600 Εἰ
2850 3547 2990 3600 κατά
3021 3548 3089 3600 τὰ
3128 3551 3182 3600 ὲν
3213 3551 3317 3611 τοῖς
3350 3547 3552 3616 ἀνωτέρω

2038 3639 2302 3711 εἰρημένα
2334 3639 2615 3710 συμϐαίνει
2637 3643 2746 3703 τοῖς
2765 3640 3021 3707 ἀγνοοῦσι
3045 3640 3135 3693 τὸν
3157 3640 3280 3693 Θεὸν
3303 3640 3358 3692 τὸ
3385 3640 3551 3706 ἀγνοεῖ-ι

2035 3731 2128 3785 τὸν
2161 3731 2294 3784 Θεὸν
2320 3731 2385 3784 ὲκ
2422 3732 2521 3801 τῆς
2552 3733 2758 3794 οἰκείας
2789 3732 3022 3784 ἀπίστου
3058 3732 3285 3800 φύσεως,
3323 3732 3439 3803 ὅπερ
3463 3730 3551 3782 ἐστὶ

2041 3825 2294 3895 μέγιστον
2330 3824 2755 3895 ὁμολογούμενον
2781 3827 2972 3889 κακὸν,
3011 3827 3129 3889 πῶς
3161 3826 3250 3878 νῦν
3275 3825 3414 3878 τοῦτο
3443 3824 3550 3876 κατὰ

2034 3917 2131 3987 τὴν
2160 3918 2360 3971 ἄτοπον
2395 3919 2669 3988 συγχωρεῖ
2699 3917 3047 3989 συγχώρησιν
3077 3919 3105 3969 ὁ
3144 3918 3548 3986 ἀποκρινάμενος

2049 4009 2185 4062 Ἀλλ’
2212 4012 2260 4061 εί
2293 4011 2367 4082 μὴ
2399 4009 2578 4071 τοῦτο,
2607 4008 2720 4062 ἀλλ’
2749 4009 2938 4080 ἕτερον
2979 4009 3231 4080 μέγιστον
3270 4008 3418 4062 κακὸν
3440 4007 3549 4060 κατὰ

2033 4101 2130 4172 τὴν
2161 4102 2357 4155 ἄτοπον
2383 4103 2654 4172 συγχωρεῖ
2676 4100 3044 4171 συγχώρησιν,
3092 4101 3205 4154 ἀλλ’
3234 4100 3290 4153 οὐ
3319 4099 3421 4153 καθ’

2033 4193 2179 4245 ἐστὶν
2209 4194 2384 4245 έκεῖνο
2414 4193 2475 4245 τὸ
2508 4193 2760 4262 μέγιστον
2789 4193 2980 4256 κακὸν,
3015 4191 3150 4246 ἀλλά
3180 4192 3309 4245 κατά
3332 4191 3438 4252 τοὺς
3460 4191 3546 4242 Μα-

2032 4286 2291 4356 νιχαίους.
2327 4284 2464 4338 Καθ’
2511 4287 2660 4355 ἡμᾶς
2691 4285 2798 4356 γάρ
2845 4284 2988 4338 καλά
3021 4285 3091 4338 τὰ
3127 4285 3248 4358 τῇδε
3293 4284 3457 4343 πάντα,
3494 4283 3547 4341 ὡς

2029 4378 2121 4431 τὸν
2169 4380 2422 4448 μέγιστον
2461 4378 2573 4430 τῶν
2617 4377 2836 4446 ἀγαθῶν
2885 4377 3079 4447 ἔχοντα
3123 4376 3448 4450 δημιουργόν·
3479 4376 3546 4426 καὶ

2033 4471 2289 4541 μέγιστον
2330 4471 2501 4524 κακὸν
2542 4472 2662 4523 κατ’
2698 4470 2888 4523 οὐσίαν
2933 4470 3086 4523 οὐδέν
3130 4473 3273 4523 ἐστιν
3305 4471 3355 4522 ὲν
3387 4468 3544 4529 αὐτάς,

2029 4562 2152 4616 οὔτε
2183 4563 2324 4616 κατά
2346 4563 2444 4634 τὴν
2477 4564 2752 4634 ἐνέργειαν
2773 4560 2867 4614 τοῦ
2902 4562 3023 4614 κατ’
3057 4563 3262 4624 οὐσίαν,
3299 4561 3413 4614 ἀλλά
3439 4558 3545 4610 κατὰ

351 4669 498 4740 quod
525 4667 868 4722 mendacium
900 4665 1062 4736 512
1086 4664 1302 4719 veritati
1334 4663 1574 4734 praefert,
1607 4663 1788 4733 duplic

2106 4671 2127 4705 ν
2161 4653 2406 4706 ἑκούσιον
2448 4653 2766 4724 προαίρεσιν
2809 4651 2918 4704 τῶν
2955 4652 3274 4724 ἀνθρώπων,
3306 4651 3361 4704 τὸ
3395 4649 3543 4719 ψεῦδος

351 4760 557 4814 dictum
603 4765 710 4822 est,
756 4758 1052 4828 impietate.
1097 4757 1272 4823 Quam
1324 4756 1543 4827 quidem
1587 4763 1646 4809 ut
1685 4755 1925 4827 corrigat

353 4850 542 4904 mundi
571 4849 868 4904 fabricator
897 4858 952 4902 et
979 4849 1142 4913 Deus,
1183 4849 1327 4904 diem
1376 4848 1682 4910 constituit,
1716 4848 1771 4902 in
1813 4863 1923 4919 quo

351 4939 535 4993 omnia
565 4939 621 4992 in
650 4939 854 4994 mundo
891 4954 958 4994 ex
994 4939 1310 4994 infidelitate
1342 4946 1395 4994 et
1424 4937 1802 4993 incredulitate
1826 4937 1925 4992 ad-

351 5043 546 5084 versus
583 5043 707 5082 eum
752 5035 940 5082 exorta
975 5030 1115 5082 mala
1156 5027 1463 5099 abrogabit,
1505 5027 1807 5082 secundum
1831 5044 1918 5083 or-

349 5121 740 5186 thodosorum,
769 5119 862 5189 qui
908 5119 996 5173 hic
1030 5117 1196 5174 Deum
1237 5126 1632 5189 cognoverunt,
1657 5117 1840 5184 fidem,
1867 5127 1924 5174 et

350 5214 524 5285 ipsius
562 5211 912 5282 responsoris
941 5211 1336 5267 testimonium.
1371 5209 1490 5264 Non
1521 5211 1708 5265 debuit
1735 5219 1917 5266 autem

348 5320 664 5377 responsor,
685 5304 816 5359 dum
849 5303 917 5358 de
939 5319 1153 5359 summo
1179 5302 1480 5358 secundum
1511 5317 1611 5356 nos
1641 5303 1784 5356 malo
1805 5302 1921 5372 agi-

347 5407 460 5462 tur,
501 5398 568 5451 ad
608 5411 884 5451 summum
918 5394 1218 5451 secundum
1260 5393 1591 5449 Manichzcos
1633 5394 1836 5448 malum
1860 5409 1920 5448 se

346 5497 700 5555 convertere;
737 5487 971 5543 inscitia:
993 5487 1140 5542 enim
1183 5486 1236 5542 id
1281 5486 1499 5557 signum
1542 5492 1713 5540 estet
1755 5501 1918 5557 argu-

2031 4744 2386 4815 προτιμῶσαν
2426 4745 2527 4814 τῆς
2567 4743 2840 4815 ἀληθείας,
2884 4743 3028 4796 κατά
3068 4745 3167 4814 τὴν
3210 4742 3543 4816 προειρημένην

2027 4835 2220 4907 διπλῆν
2247 4835 2518 4892 ἀσέϐειαν.
2557 4836 2659 4889 Ἦν
2686 4834 3069 4908 διορθούμενος
3098 4839 3128 4890 ὁ
3161 4835 3250 4889 τοῦ
3278 4835 3452 4904 κόσμου
3475 4832 3543 4899 δη-

2032 4928 2290 4999 μιουργὸς
2331 4929 2423 4982 καὶ⁵
2460 4928 2609 4991 Θεὸς,
2651 4926 2805 4990 ἔταξε
2839 4927 2941 4998 τὴν
2968 4927 3182 4999 ἡμέραν
3211 4929 3322 4980 καθ’
3353 4929 3411 4997 ἣν
3439 4926 3541 4976 πάν-

2027 5036 2134 5072 των
2167 5019 2276 5072 τῶν
2308 5022 2364 5073 ἐν
2397 5019 2474 5090 τῷ
2507 5020 2695 5090 κόσμῳ
2727 5018 2786 5082 ἐξ
2821 5019 3086 5083 ἀπιστίας
3110 5037 3169 5072 τε
3207 5021 3295 5073 καὶ
3316 5016 3541 5073 ἀπειθείας

2027 5110 2123 5164 τοῦ
2157 5110 2294 5164 Θεοῦ
2340 5113 2524 5164 κακῶν
2565 5114 2709 5164 ποιεῖ
2738 5109 2836 5180 τὴν
2870 5111 3173 5182 ἀναίρεσιν,
3206 5110 3332 5164 κατά
3362 5109 3444 5179 τὴν
3478 5107 3540 5156 πί-

2031 5218 2146 5255 στιν
2191 5202 2300 5255 τῶν
2343 5200 2634 5274 ὀρθοδόξων
2666 5201 2774 5254 τῶν
2820 5202 3055 5256 ἐνταῦθα
3099 5202 3452 5271 ὲπεγνωκότων
3476 5195 3540 5247 τὸν

2027 5291 2158 5346 Θεὸν
2183 5293 2277 5345 καὶ
2296 5294 2392 5363 τὴν
2418 5294 2717 5364 μαρτυρίαν
2737 5291 2831 5345 τοῦ
2853 5290 3437 5364 ἀποκριναμένου
3453 5288 3538 5340 0-31

2025 5386 2191 5457 ἐχρῆν
2233 5381 2325 5438 οὖν
2368 5385 2460 5438 τὸν
2506 5386 2962 5457 ἀποκρινάμενον,
3013 5387 3150 5457 πρὸς
3193 5386 3252 5438 τὸ
3295 5382 3401 5436 καθ’

2029 5476 2283 5546 μέγιστον
2317 5477 2483 5530 κακὸν
2508 5476 2700 5545 ἔχοντα
2722 5478 2812 5530 τὸν
2841 5476 3018 5544 λόγον,
3054 5477 3192 5548 πρὸς
3215 5475 3272 5529 τὸ
3301 5472 3423 5527 κατά
3441 5471 3537 5529 eo);

417 5768 550 5840 (53‘)
579 5771 686 5823 Καὶ
722 5771 836 5839 τὴν
859 5771 1188 5840 μαρτυρίαν
1241 5771 1375 5840 τοῦ,
1404 5764 1901 5840 ἀποκριναμένου.
1937 5765 2246 5840 Legendum
2284 5765 2439 5840 nandi
2478 5768 2577 5838 τὴν
2606 5768 2933 5840 μαρτυρίαν
2984 5767 3079 5840 ⁸τοῦ
3136 5762 3536 5835 ἀποκριναμένου,

349 5851 413 5888 ac
458 5838 537 5890 sic
571 5837 883 5896 vertendum
911 5837 1253 5896 {Secundum
1305 5839 1462 5909 ﬁdem
1522 5838 1931 5891 orthodoxorum
1958 5878 1972 5900 ,
2019 5839 2106 5907 qui
2158 5838 2242 5891 hic
2274 5837 2438 5890 Deum
2461 5879 2473 5902 ,
2516 5837 2569 5890 ut
2598 5837 2720 5907 ipse
2737 5848 2962 5892 testatur
2992 5838 3305 5907 Responsor,
3333 5846 3535 5904 cognou-

352 5917 494 5959 ιιιιιι.
