3690 6496
38 376 130 431 ςΓὸ

938 384 1405 453 QUASSTIONES
1434 389 1894 447 CHRISTlAN/E
1935 392 2027 448 AD
2062 393 2381 452 GBAZCOS.

3167 409 3306 464 MM

38 495 369 565 ανιχαίους
427 500 679 571 μέγιστον
722 501 893 556 κακὸν
944 504 1353 561 ἀποτείνεσθαιο
1401 510 1622 579 ἀγνοίας
1653 516 1699 572 Α
1726 526 1850 565 men

1775 520 2035 566 lentorum
2060 515 2323 583 penurize,
2358 526 2415 569 ut
2454 516 2660 572 dictum
2691 526 2797 576 est.
2823 518 3096 579 Permittit
3123 534 3306 581 autem

38 605 90 659 ιρ
132 588 329 643 τοῦτο
373 596 599 665 σημεῖον
631 596 725 648 καὶ
755 596 987 668 ἀπορίας
1020 598 1266 669 ἐλέγχου,
1299 599 1441 653 καθά
1472 602 1621 673 είρη-

37 698 91 731 ιι.
141 681 467 755 Συγχωρεῖ
489 685 547 739 δὲ
580 687 729 757 ἡμᾶς
767 687 1028 759 πράττειν
1063 688 1098 743 ἀ
1131 691 1392 755 ἑκουσίως
1431 692 1618 764 αἱρού-

37 770 131 823 ιθα
157 774 361 840 κακὰ,
394 776 453 828 οῦ
476 776 560 833 διὰ
581 777 681 849 τὴν
704 778 989 834 ἀσθένειαν
1016 782 1113 852 τῆς
1137 783 1297 836 αὐτοῦ
1317 783 1615 855 δυνάμεως,

38 865 98 917 CA‘
140 867 241 919 ἵνα
281 869 360 921 τὸ
392 869 546 941 ἡμῶν
568 870 889 942 αὐθαίρετον
920 873 1013 926 καὶ
1053 874 1115 927 τὸ
1147 874 1311 929 αὐτοῦ
1345 878 1617 949 μακρόθυ-

37 976 83 1010 >ν
140 959 364 1033 δειχθῇ
395 978 407 991 ·
461 954 536 1015 ὧν
584 963 754 1034 χωρὶς
796 961 919 1017 οὔτε
962 965 1125 1036 ἡμεῖς
1156 966 1454 1037 ἄνθρωποι,
1489 967 1614 1021 οὔτε

37 1051 153 1113 ne;
180 1052 420 1121 ἀγαθὸς
447 1055 721 1126 ἐνεδέχετο
742 1053 877 1111 εἶναι
903 1057 995 1111 ἐπὶ
1019 1058 1117 1130 τῆς
1145 1060 1422 1133 παρούσης
1446 1079 1611 1117 κατα-

38 1141 274 1206 nissum.

53 1235 109 1288 6.
149 1238 231 1289 Et
265 1235 348 1289 δὲ
380 1239 563 1305 αὐτός
587 1240 758 1296 ἐστιν
783 1245 817 1297 ὁ
845 1245 990 1311 Θεὸς
1021 1249 1053 1300 ό
1076 1246 1336 1314 ποιήσας
1356 1248 1426 1303 τὰ
1446 1247 1609 1318 τῇδε,

37 1324 208 1394 iter,
272 1328 402 1392 ὅτι,
438 1332 545 1385 τοῦ
591 1333 779 1388 αὐτοῦ
838 1337 986 1391 Θεοῦ
1037 1339 1349 1407 μένοντος,
1400 1341 1498 1395 καὶ
1545 1342 1611 1408 ἐς

38 1434 266 1486 πτερω·
298 1419 409 1473 καὶ
439 1421 527 1475 ἀεὶ
572 1422 758 1476 ταῦτα
787 1425 980 1480 ἔσται.
1013 1430 1072 1481 "A
1102 1428 1214 1498 γὰρ
1240 1430 1427 1485 πάλαι
1465 1430 1612 1500 ἠδύ-

38 1526 154 1571 ιτο,
193 1511 307 1564 καὶ
344 1512 470 1566 νῦν
494 1512 741 1568 δύναται
761 1533 774 1546 ·
800 1519 853 1571 εὶ
876 1517 945 1571 δὲ
969 1518 1085 1573 νῦν
1112 1521 1304 1576 πλέον
1345 1540 1401 1577 τι
1429 1523 1610 1577 δύνα-

38 1618 79 1653 ιι
128 1603 313 1671 παρὰ
359 1604 432 1658 τὸ
480 1606 738 1674 προτοῦ,
785 1609 1074 1679 ἕγχρονος
1120 1614 1307 1668 αὑτοῦ
1350 1615 1521 1670 ἕσται
1566 1617 1605 1685 ή

38 1696 241 1763 ιιαύτη
274 1696 545 1766 δύναμις
567 1715 579 1728 ο
612 1699 758 1768 ὅπερ
783 1700 1010 1755 ἄτοπον
1035 1721 1048 1734 ο
1082 1704 1146 1758 τὸ
1175 1705 1284 1775 γὰρ
1310 1708 1607 1778 ἕτχρονον

1725 603 1891 669 Deus,
1939 612 1998 660 ut
2039 622 2160 676 qua:
2203 615 2399 677 sponte
2439 609 2767 681 deligimus,
2814 615 2955 668 mala
3003 616 3304 684 faciamus;

1720 711 1831 751 non
1857 698 1932 753 ob
1968 702 2261 768 potestatis
2294 718 2407 757 sua:
2438 702 2889 772 imbecillitatem,
2926 709 3023 764 sed
3059 719 3117 765 ut
3157 713 3308 767 arbio-

1714 789 1815 843 trii
1847 791 2023 845 nostri
2065 792 2316 857 libertas,
2350 794 2582 866 ejusque
2626 798 2890 868 patientia
2925 803 3252 858 ostendatur
3285 819 3302 859 :

1710 880 1835 935 sine
1871 883 2072 952 quibus
2103 899 2279 955 neque
2312 902 2415 942 nos
2456 887 2726 954 homines,
2759 906 2937 964 neque
2984 894 3101 965 ipse
3126 895 3307 956 bonus

1710 986 1839 1028 esse
1865 982 2049 1044 posset
2082 975 2137 1031 in
2178 979 2431 1048 praesenti
2458 996 2642 1037 rerum
2673 990 2841 1039 statu.

1789 1235 1842 1290 6.
1877 1235 1973 1291 Sin
2004 1240 2112 1308 ipse
2135 1240 2276 1297 Deus
2310 1253 2389 1298 est
2421 1249 2510 1317 qui
2542 1265 2624 1304 res
2665 1250 2823 1308 Itasce
2845 1258 3103 1324 condidit,
3137 1261 3302 1330 liquet

1710 1328 1890 1381 eodem
1921 1328 2030 1384 Deo
2054 1344 2295 1389 manente
2314 1336 2495 1392 eadem
2517 1357 2719 1412 quoque
2746 1354 2797 1397 et
2828 1350 3049 1415 posthac
3092 1360 3142 1406 et
3170 1328 3301 1408 sem-

1708 1432 1800 1485 per
1833 1419 1978 1488 fore;
2008 1439 2126 1490 qua:
2174 1426 2312 1478 enim
2345 1427 2546 1483 dudum
2581 1436 2776 1500 potuit,
2812 1455 2951 1493 nunc
2980 1458 3181 1514 quoque
3198 1461 3297 1515 po-

1711 1519 1828 1564 test.
1881 1510 2037 1577 Quod
2072 1515 2119 1566 si
2156 1531 2293 1569 nunc
2325 1520 2586 1586 prolixius
2615 1525 2902 1597 quidquam
2940 1510 3110 1600 potest
3138 1510 3300 1607 quam

1709 1612 1889 1667 antea,
1919 1609 2243 1675 temporaria
2259 1610 2683 1681 erithujusmodi
2710 1624 2944 1686 potentia
2975 1625 3090 1694 ejus
3113 1643 3131 1681 :
3158 1632 3299 1701 quod

1708 1690 1999 1747 absurdum
2036 1706 2154 1759 est;
2202 1714 2326 1752 nam
2371 1702 2511 1769 quod
2556 1712 2955 1779 temporarium,
2999 1716 3136 1771 idem
3170 1690 3298 1776 ἐον-

38 1791 290 1857 9αρτόν.
342 1791 464 1860 Ἐφ’
496 1786 571 1845 ὧν
596 1791 811 1859 λέγεται
852 1796 913 1848 τὸ
960 1795 1239 1864 ποιήσας,
1276 1799 1370 1854 ἐπὶ
1401 1800 1605 1856 τούτων
1638 1867 1675 1879 λ
1707 1785 1850 1879 τξλΡξί

1775 1784 1957 1851 ptibile
2000 1797 2100 1841 est.
2133 1788 2211 1843 De
2240 1792 2442 1860 quibus
2482 1796 2646 1853 rebus
2678 1800 2900 1867 dicitur,
2931 1812 3024 1876 qui
3051 1810 3198 1879 fecit,
3229 1815 3299 1871 de

38 1886 210 1952 ἱγεται
247 1886 356 1938 καὶ
406 1886 469 1939 τὸ
512 1888 820 1956 πεποίηκε,
858 1891 951 1943 καὶ
984 1891 1046 1944 τὸ
1077 1893 1317 1960 ποιήσει
1341 1912 1356 1926 ·
1403 1898 1497 1951 καὶ¹
1528 1900 1604 1963 ὡς
1638 1867 1677 1922 Β
1706 1875 1852 1977 δέδαε

1775 1875 1912 1932 idem
1945 1878 2111 1934 etiam
2140 1881 2343 1938 dicitur
2385 1886 2532 1955 fecit,
2570 1900 2619 1945 et
2656 1892 2837 1961 faciet,
2879 1867 2954 1953 et.
2980 1867 3294 1977 uti-iusque,

37 1978 483 2049 ςοδυναμούντων
526 1980 773 2051 ἀλλήλοις
817 1983 963 2037 ἐστὶν
1010 1986 1253 2059 αὐτῶνή
1305 1990 1604 2063 μετάληψις

37 2067 282 2135 κὼλυτος
305 2088 320 2101 ’
365 2075 691 2143 προηγεῖται
735 2074 794 2128 δὲ
825 2074 887 2129 τὸ
927 2078 1190 2145 ποιήσας
1220 2081 1313 2135 τοῦ
1364 2083 1603 2151 ποιήσει

38 2166 200 2235 οσικῇ
263 2164 493 2237 ἀνάγκη
520 2184 532 2196 ·
600 2166 758 2222 ἅτινά
815 2170 929 2223 ἐστι
989 2175 1298 2243 σημαντικά
1348 2177 1457 2229 τῶν
1510 2177 1603 2231 δύο

37 2273 180 2327 κρων
222 2257 327 2310 τοῦ
376 2258 589 2329 χρόνου.
628 2259 731 2314 Τὸν
772 2261 828 2316 δὲ
860 2262 1049 2333 ἔχοντα
1082 2267 1149 2319 τὰ
1189 2267 1282 2321 δύο
1320 2269 1466 2341 ἄκρα
1506 2271 1600 2326 τοῦ

37 2347 209 2417 povou,
265 2348 527 2402 τουτέστι
578 2351 639 2402 τὸ
692 2352 1066 2424 παρεληλυθὸς
1127 2356 1219 2410 καὶ
1269 2358 1331 2411 τὸ
1389 2360 1597 2430 μέλλον,

38 2437 212 2507 νάγκη
247 2438 408 2508 ἔχειν
443 2439 537 2492 καὶ
569 2439 630 2494 τὸ
672 2442 874 2512 μεταξὺ
906 2445 1016 2499 τῶν
1043 2446 1229 2518 ἄκρων
1254 2448 1349 2502 τοῦ
1383 2452 1596 2523 χρόνου,

37 2528 244 2581 ῠυτέστι
282 2529 351 2582 τὸ
387 2531 639 2592 ἐνεστώς.
694 2535 800 2587 Καὶ
830 2536 1019 2608 ἐπειδὴ
1060 2542 1319 2613 χρονικὴν
1349 2543 1462 2613 ἔχει
1502 2543 1601 2615 έμ-

38 2635 157 2670 ασιν
190 2617 254 2672 τὸ
290 2620 583 2688 ποιήσας,
632 2623 689 2690 ἐξ
735 2624 978 2696 ἀνάγκης
1003 2629 1097 2681 καὶ
1127 2630 1154 2681 ὁ
1199 2631 1335 2697 Θεὸς
1369 2636 1599 2707 ποιήσας

38 2712 64 2763 ὰ
108 2714 240 2783 τῇδε
301 2712 455 2768 κατά
500 2717 600 2788 τὴν
653 2718 834 2790 φωνὴν
884 2720 979 2773 τοῦ
1026 2723 1485 2797 ἀποκριναμένου,
1540 2731 1597 2783 ὲν

43 2804 175 2876 ρόνῳ
221 2806 374 2860 αὐτὰ
428 2808 748 2879 πεποίηκεν.
797 2809 957 2864 ’Λλλά
1004 2815 1233 2885 ποιήσας
1277 2819 1305 2870 ὁ
1357 2818 1489 2883 Θεὸς
1528 2821 1598 2875 τὰ

38 2896 143 2965 ᾖδε,
172 2897 244 2950 τὰ
266 2896 532 2970 ἄφθαρτα
560 2900 654 2954 καὶ
682 2900 754 2954 τὰ
785 2901 997 2974 φθαρτά
1030 2906 1251 2977 ἐποίησε
1272 2925 1284 2937 ·
1316 2910 1457 2983 μέρη
1488 2912 1598 2985 γὰρ

41 2986 170 3040 αῦτα
202 2989 319 3042 τῶν
364 2990 493 3061 τῇδε
519 3007 533 3022 ·
562 2990 641 3044 διὸ
665 2991 841 3061 δῆλον,
876 2993 956 3047 ὅτι
989 2995 1225 3065 εὐλόγως
1260 2999 1358 3069 μὲν
1401 3001 1595 3073 ἔθηκεν

67 3080 511 3152 ἀποκρινάμενος
550 3083 645 3136 ἐπὶ
682 3082 775 3135 τοῦ
809 3083 943 3137 Θεοῦ
970 3087 1029 3139 τὸ
1062 3089 1321 3157 ποιήσας
1344 3109 1357 3121 ·
1387 3093 1595 3163 ἀλόγως

38 3172 62 3223 ὲ
100 3172 177 3237 τῷ
203 3171 482 3243 ἐγχρόνὶρ
505 3175 573 3228 τὰ
608 3174 820 3247 φθαρτά
847 3178 958 3232 τῶν
990 3180 1281 3255 ἀφθάρτων
1313 3185 1591 3255 διέστειλε,
1622 3208 1664 3267 C

40 3264 106 3315 ὦν
141 3268 208 3335 τῇ
248 3267 347 3319 τοῦ
379 3265 641 3334 ποιήσας
665 3271 813 3340 φωνῇ
840 3269 1083 3342 ἀλλήλων
1112 3274 1188 3345 μὴ
1220 3275 1592 3349 διαστελλομέ-

38 3376 125 3421 ων,
158 3361 274 3428 εἴγε
322 3360 553 3431 ἐποίησε
607 3360 675 3414 τὰ
709 3360 923 3432 φθαρτά
968 3364 1062 3416 καὶ
1105 3364 1173 3417 τὰ
1220 3366 1490 3437 ἄφθαρτα.
1529 3370 1590 3422 Εἰ

38 3450 175 3502 κοίνυν
197 3455 225 3506 ὁ
258 3452 440 3521 λέγων
474 3454 600 3524 περὶ
627 3452 723 3506 τοῦ
757 3452 891 3506 Θεοῦ
926 3454 985 3506 τὸ
1018 3456 1282 3523 ποιήσει,
1318 3459 1416 3531 τὴν
1454 3460 1589 3514 ἀνά-

37 3561 176 3595 ιτισιν
201 3546 347 3599 κατά
373 3547 678 3618 πρόσληψιν
703 3548 848 3618 λέγει
870 3550 971 3620 τῆς
1006 3552 1262 3621 ἐγχρόνου
1286 3550 1587 3623 δυνάμεως,

38 3652 153 3688 σται
184 3637 295 3708 ἄρα
331 3640 430 3691 καὶ
455 3641 481 3691 ὁ
512 3639 685 3707 λέγων
719 3642 846 3712 περὶ
872 3641 1035 3694 αὐτοῦ
1069 3641 1129 3693 τὸ
1160 3641 1420 3709 ποιήσας
1448 3644 1590 3698 κατά

37 3727 307 3799 πρόσληψιν
342 3730 520 3797 λέγων
552 3730 653 3800 τῆς
677 3732 935 3803 ὲγχρόνου
963 3731 1260 3803 δυνάμεως,
1287 3734 1401 3801 εἴγε
1435 3737 1587 3805 ἡγεῖ-

37 3834 96 3871 ται
129 3822 407 3893 πανταχοῦ
438 3824 499 3876 τὸ
524 3823 785 3890 ποιήσας
808 3823 902 3877 τοῦ
931 3823 1188 3888 ποιήσει.
1232 3825 1295 3877 Εἰ
1333 3825 1392 3879 δὲ
1427 3829 1585 3899 ποιή-

37 3927 108 3972 ιας
132 3913 187 3964 οὐ
230 3914 380 3968 κατά
425 3914 727 3986 πρόσληψιν
761 3915 985 3985 εποίησε
1013 3915 1110 3985 τῆς
1142 3916 1399 3987 ὲγχρόνου
1426 3917 1585 3972 δυνά-

38 4021 172 4069 ιεως,
199 4008 306 4061 οὐδ’
331 4007 445 4079 ἄρα
467 4008 681 4077 ποιήσει
710 4007 851 4060 κατά
876 4006 1179 4079 πρόσληψιν
1206 4010 1304 4079 τῆς
1328 4010 1585 4083 ἐγχρόνου

37 4113 299 4167 δυναμεως.

88 4272 134 4327 7.
167 4276 233 4328 Ei
260 4275 351 4341 δὲ,
384 4274 720 4345 δυνάμενος
759 4278 854 4330 καὶ
885 4277 1069 4331 πάλαι
1098 4280 1365 4334 κωλῦσαι
1411 4281 1582 4336 τοῦτο

37 4361 82 4412 τὸ
118 4364 403 4433 μέγιστον
437 4366 647 4430 κακὸν,
681 4369 809 4453 δοὐκ
849 4366 1141 4433 ἐκώλυσε,
1184 4372 1473 4439 φθονερὸς
1507 4371 1584 4425 ἂν

37 4454 139 4521 εἵη-
169 4456 311 4527 ὄπερ
354 4458 571 4526 ἀσεϐὲς
607 4458 704 4512 καὶ
745 4459 1159 4527 φαντάζεσθαι.
1196 4462 1293 4515 Δεῖ
1329 4458 1444 4517 οὖν
1475 4462 1583 4516 τὸν

38 4544 210 4608 αὐτὸν,
240 4548 337 4601 ἐπὶ
382 4547 501 4601 τῶν
527 4548 726 4602 αὐτῶν
764 4548 1045 4618 μένοντα,
1077 4551 1147 4604 τὰ
1173 4552 1325 4606 αὐτὰ
1370 4554 1581 4608 ποιεῖν.
1616 4552 1659 4607 D

37 4634 134 4686 Ὁτι
166 4636 347 4693 ἕνεκεν
388 4640 611 4708 ἀγνοίας
654 4640 790 4694 Θεοῦ
826 4641 1178 4713 πολυτρόπως
1206 4644 1494 4699 ἀσεϐοῦσιν
1535 4648 1585 4699 οἱ

38 4724 297 4797 ἄνθρωποι,
326 4733 375 4783 εί
400 4732 492 4783 τὸν
521 4730 690 4795 ὅντως
723 4731 850 4787 ὄντα
885 4734 1016 4789 Θεὸν
1049 4734 1353 4803 ἀγνοοῦσιν,
1389 4737 1445 4789 ὲν
1474 4742 1586 4803 τοῖς

37 4814 258 4892 ἀνωτέρω
280 4822 582 4894 ἐδείξαμεν.
618 4826 689 4877 Ἣ
722 4824 831 4898 γὰρ
863 4826 1113 4882 ἀθετοῦσι
1151 4829 1243 4883 τὸν
1269 4830 1421 4897 Θεὸν,
1448 4832 1585 4886 ἀπο-

37 4912 318 4980 στεροῦντες
343 4916 505 4971 αὐτὸν
530 4918 628 4990 τῆς
666 4918 801 4983 ἰδίας
831 4919 1011 4991 δόξης,
1046 4921 1141 4975 καὶ
1163 4923 1289 4987 τοὺς
1308 4925 1407 4978 οὐκ
1429 4926 1585 4989 ὄντας

37 4996 162 5066 θεοὺς
194 5010 299 5072 τοῖς
332 5011 541 5065 ἐκείνου
569 5010 791 5082 ὀνόμασι
818 5012 912 5065 καὶ
942 5013 1228 5085 πράγμασι
1259 5014 1469 5085 ψευδῶς
1499 5035 1585 5070 τι-

38 5092 211 5159 μῶσιν·
240 5102 271 5172 ἢ
316 5104 414 5175 τὴν
446 5103 809 5176 δημιουργίαν
847 5121 906 5156 τε
954 5105 1049 5157 καὶ
1079 5105 1333 5176 πρόνοιαν
1370 5106 1464 5160 τοῦ
1496 5108 1586 5161 κό-

38 5197 149 5250 σμου
172 5190 509 5249 ὑποτιθέασιν
538 5191 675 5250 εἶναι
705 5195 1022 5266 μαχομένων
1053 5196 1299 5269 ἀλλήλοις
1324 5198 1585 5270 δημιουρ-

38 5274 155 5339 τῶν·
193 5283 223 5352 ἢ
251 5287 326 5356 τῷ
351 5287 443 5341 τοῦ
476 5289 743 5358 ἀγενήτου
775 5286 995 5357 ὀνόματι
1032 5286 1177 5358 μόνῳ
1210 5288 1471 5359 πρέποντι
1505 5288 1584 5360 τῷ

38 5361 311 5444 δημιουργῷ
334 5377 427 5430 τοῦ
463 5378 666 5448 κόσμου
693 5375 833 5447 Θεῷ,
865 5375 1186 5446 ὀνομάζουσι
1209 5374 1277 5428 τὰ
1316 5375 1455 5447 μέρη
1488 5374 1582 5428 τοῦ

40 5454 212 5527 κόσμου
232 5506 245 5529 ,
270 5469 358 5521 καὶ
377 5471 544 5542 χωρὶς
568 5469 663 5524 τοῦ
693 5470 1046 5542 δημιουργεῖν
1074 5467 1473 5539 προσριπτοῦσι
1505 5468 1583 5539 τῷ

40 5540 136 5615 (³)εῷ
165 5552 219 5605 τὸ
257 5556 421 5631 ὄνομα
466 5540 565 5614 τοῦ
608 5540 975 5633 δημιουργοῦο
1024 5558 1109 5611 ἵνα
1144 5558 1462 5630 παραλείψω
1514 5560 1583 5614 τά

40 5633 150 5690 ἄλλα
172 5644 223 5696 ἐν
241 5648 536 5722 ἀνθρώποις
560 5652 673 5723 εἴδη
704 5651 813 5706 τῶν
837 5655 1109 5723 μεγίστων
1139 5651 1344 5717 κακῶν,
1365 5652 1435 5704 τὰ
1460 5653 1581 5722 ίσην

43 5725 69 5794 ἦ
106 5735 186 5787 καὶ
235 5743 447 5810 μείζονα
499 5744 690 5815 ἔχοντα
727 5744 981 5799 ἀσέϐειαν
1028 5744 1130 5818 τῆς
1173 5743 1425 5808 ἀσεϐείας
1474 5743 1583 5798 τῶν

44 5820 261 5900 φθονερὸν
301 5837 388 5890 τὸν
437 5838 568 5891 Θεὸν
617 5837 1057 5907 φανταζομένων.
1127 5836 1265 5889 Ἀλλ’
1317 5838 1365 5890 εἰ
1409 5836 1583 5892 ταῦτα

1710 1975 1767 2021 ut
1792 1984 1988 2023 vocum
2019 1971 2267 2041 ejusdem
2294 1976 2439 2033 inter
2459 1995 2519 2034 se
2541 1988 2855 2053 potestatis,
2876 1990 3013 2047 liber
3030 2003 3116 2049 est
3137 1971 3293 2055 usus;

1704 2057 1951 2115 Naturali
1984 2072 2165 2119 autem
2199 2070 2527 2127 necessitate
2560 2080 2811 2145 verbum,
2837 2084 2927 2151 qui
2956 2083 3105 2153 fecit,
3141 2091 3298 2157 praeit

1705 2152 1872 2206 verbo
1903 2152 2083 2221 faciet,
2117 2173 2239 2227 quae
2268 2161 2434 2216 verba
2462 2163 2695 2221 duorum
2728 2152 2992 2243 temporis
3020 2152 3300 2235 extremo-

1652 2464 1655 2471 .
1702 2430 1866 2484 etiam
1899 2440 1982 2487 est
2012 2432 2065 2488 id
2106 2435 2255 2505 quod
2289 2437 2433 2493 inter
2467 2445 2730 2513 temporis
2770 2456 3015 2505 extrema
3056 2453 3292 2508 medium

1700 2531 1783 2574 est
1816 2521 2037 2587 habere,
2096 2527 2200 2580 hoc
2241 2537 2326 2583 est
2378 2546 2642 2601 praesens.
2670 2533 2739 2589 Et
2786 2552 2912 2591 cum
2945 2541 3170 2596 verbum
3201 2545 3294 2614 qui

1702 2610 1845 2697 fecit,
1894 2613 2090 2670 haheat
2136 2618 2593 2689 significationem
2639 2630 2925 2699 temporis,
2975 2638 3293 2693 necessario

1697 2686 1917 2774 quoque
1964 2705 2129 2769 Deus.
2173 2711 2266 2781 qui
2326 2728 2416 2767 res
2466 2714 2631 2771 hasce
2683 2718 2834 2781 fecit,
2891 2731 2949 2775 ut
2994 2739 3292 2795 rcsponsor

1700 2794 1859 2864 dixit,
1885 2798 1937 2852 in
1964 2807 2209 2871 tempore
2227 2819 2322 2859 cas
2351 2805 2500 2861 fecit.
2540 2807 2738 2865 Verum
2770 2815 2863 2883 qui
2891 2814 2991 2872 llas
3016 2794 3103 2873 res
3133 2818 3287 2887 fecit,

1698 2896 1753 2943 et
1781 2904 1844 2943 ea
1866 2906 1988 2960 quae
2020 2903 2149 2948 sunt
2181 2900 2558 2969 corruptibilia
2586 2900 2738 2968 fecit,
2765 2913 2819 2959 ct
2856 2922 2918 2961 ea
2949 2924 3069 2979 qua:
3110 2911 3291 2967 incor-

1698 2981 2019 3050 ruptibilia:
2064 2985 2178 3041 haec
2230 2990 2376 3044 enim
2426 3002 2611 3061 partes
2643 3005 2771 3050 sunt
2808 2998 2975 3068 hujus
3020 3003 3286 3060 universi.

1698 3068 2046 3141 Quapropter
2076 3084 2243 3145 patet,
2278 3081 2476 3135 merito
2526 3084 2747 3153 quidem
2794 3104 3181 3159 responsorcm
3218 3096 3288 3151 dc

1700 3160 1811 3217 Deo
1858 3167 2143 3233 posuisse,
2190 3172 2280 3240 qui
2324 3173 2489 3241 fecit;
2536 3187 2734 3246 praeter
2779 3183 3045 3239 rationem
3104 3196 3287 3243 autem

1705 3259 2022 3324 temporaria
2057 3264 2436 3332 corruptibilia
2488 3269 2555 3323 ab
2618 3270 3130 3343 incorruptibilibus
3174 3280 3288 3337 dis-

1701 3348 1931 3405 tinxisse
1965 3371 1975 3404 :
2013 3366 2137 3406 cum
2170 3370 2233 3408 ea
2264 3359 2430 3413 verbo
2474 3362 2566 3430 qui
2592 3363 2735 3431 fecit,
2766 3365 2909 3422 inter
2946 3385 3005 3425 se
3024 3372 3287 3432 distincta

1698 3454 1807 3493 non
1842 3441 1984 3510 sint;
2038 3445 2307 3515 siquidem
2350 3458 2404 3504 et
2449 3457 2827 3525 corruptibilia
2865 3469 2919 3514 et
2952 3462 3287 3536 incorrupti-

1698 3527 1827 3582 bilia
1858 3531 2005 3586 fecit.
2039 3534 2095 3587 Si
2124 3550 2252 3606 ergo
2276 3539 2367 3607 qui
2401 3540 2534 3594 dicit
2565 3544 2632 3599 de
2667 3545 2795 3608 Deo,
2835 3549 3016 3616 faciet,
3053 3527 3283 3610 restitu-

1696 3621 1898 3676 tionem
1947 3628 2268 3683 accessione
2329 3630 2677 3703 temporaria:
2724 3644 2979 3708 potentiae
3041 3644 3282 3702 futuram

1695 3712 1827 3767 dicit
1866 3733 1877 3766 :
1928 3730 2059 3768 sane.
2088 3718 2309 3786 quidem
2343 3730 2397 3776 et
2442 3724 2534 3792 qui
2578 3726 2645 3779 de
2694 3743 2761 3780 eo
2800 3730 2955 3795 dicit,
2995 3736 3085 3802 qui
3133 3736 3281 3804 fecit,

1696 3803 2012 3860 accessione
2036 3810 2378 3877 temporaria:
2406 3816 2661 3881 potentiae
2696 3817 2892 3875 fecisse
2916 3822 3049 3878 dicit
3072 3844 3087 3891 ;
3109 3803 3282 3898 siqui-

1694 3893 1815 3948 dem
1852 3897 2100 3963 verbum,
2130 3901 2220 3970 qui
2246 3901 2391 3971 fecit,
2441 3906 2644 3976 ubique
2692 3914 2844 3979 praeit
2885 3917 3052 3971 verbo
3095 3893 3277 3987 faciet.

1694 3982 1789 4041 Sin
1821 3991 1913 4060 qui
1949 3989 2096 4054 fecit,
2132 4008 2244 4047 non
2273 3998 2593 4054 accessione
2626 4001 2754 4056 fecit
2802 4010 3144 4076 temporaria:
3179 4029 3278 4083 po-

1693 4082 1895 4149 tentiae,
1924 4099 2034 4137 non
2065 4085 2251 4157 utique
2274 4089 2439 4142 etiam
2474 4088 2636 4147 Faciet
2659 4099 3002 4166 temporaria:
3025 4082 3280 4172 potentiae

1692 4185 2026 4229 accessnonc.

1761 4262 1813 4317 7.
1849 4262 1965 4328 Sin,
1991 4283 2105 4320 cum
2125 4269 2282 4322 etiam
2316 4272 2444 4325 olim
2460 4267 2733 4343 prohibere
2757 4283 2984 4347 potuerit
3014 4301 3277 4341 sumntum

1689 4355 1784 4409 hoc
1816 4359 2039 4425 malum,
2079 4378 2181 4415 non
2222 4364 2513 4433 prohibuit,
2545 4369 2752 4425 invidus
2791 4373 2994 4441 fuerit:
3021 4380 3161 4446 quod
3199 4381 3278 4435 vel

1691 4447 1977 4519 imaginari
2008 4453 2227 4521 impium
2262 4466 2368 4513 est.
2407 4457 2633 4515 Necesse
2670 4480 2791 4533 ergo
2833 4476 2910 4519 est
2940 4471 3176 4524 eumdem
3220 4474 3276 4527 in

1689 4541 1885 4596 eisdem
1918 4556 2234 4612 manentem,
2260 4549 2443 4605 eadem
2467 4555 2661 4623 facere.
2694 4554 2953 4615 Homines
2980 4577 3077 4630 per
3121 4565 3276 4634 igno-

1688 4634 1958 4691 rationem
1990 4637 2106 4701 Dei,
2146 4640 2191 4694 si
2224 4656 2414 4697 verunt
2449 4661 2557 4700 non
2590 4648 2776 4702 norint
2811 4648 3002 4716 Deum,
3028 4656 3275 4712 multifa-

1687 4728 1823 4781 riam
1847 4729 2045 4799 impios
2072 4747 2214 4796 esse,
2239 4734 2291 4788 in
2317 4735 2403 4792 his
2432 4753 2553 4807 quae
2573 4754 2739 4809 supra
2759 4740 2903 4797 dicta
2935 4754 3062 4799 sunt
3088 4756 3277 4804 osten-

1686 4819 1890 4875 dimus.
1929 4820 2027 4877 Vel
2062 4824 2206 4879 enim
2241 4823 2410 4880 Deum
2449 4829 2668 4884 abolent
2696 4832 2984 4902 majestate
3018 4853 3142 4893 eum
3173 4857 3273 4896 sua

1685 4913 1989 4982 privantes,
2015 4923 2069 4971 et
2099 4932 2193 4973 eos
2223 4919 2315 4987 qui
2359 4918 2434 4973 dii
2467 4936 2576 4975 non
2617 4934 2744 4980 sunt
2778 4927 3000 4983 nomine
3032 4938 3086 4984 et
3108 4932 3273 4989 rebus

1684 5004 1862 5075 ipsius
1884 5005 2023 5061 falso
2058 5007 2329 5063 honorant
2362 5026 2374 5060 :
2410 5020 2505 5065 aut
2538 5016 2727 5069 mundi
2753 5018 3032 5088 opiﬁcium
3059 5030 3113 5078 et
3144 5040 3276 5094 pro-

1684 5096 1980 5151 videntiam
2010 5110 2326 5170 supponunt
2348 5117 2470 5158 esse
2491 5104 2747 5174 opiﬁcum
2773 5109 2914 5166 inter
2945 5128 3003 5167 se
3024 5129 3272 5186 pugnan-

1686 5189 1850 5253 tium;
1905 5189 2065 5261 513
2108 5200 2201 5246 aut
2232 5194 2454 5249 nomine
2494 5196 2747 5268 ingeniti,
2797 5204 2944 5273 quod
2995 5206 3096 5261 soli
3139 5222 3274 5264 con-

1685 5281 1831 5350 gruit
1847 5282 2149 5337 architecto
2178 5286 2367 5341 mundi
2391 5286 2522 5355 Deo,
2543 5301 2728 5358 partes
2748 5297 2939 5350 mundi
2963 5299 3271 5365 nominant,

1684 5381 1849 5444 atque
1898 5376 2104 5447 absque
2159 5379 2377 5449 opiﬁcio
2427 5382 2639 5451 opiﬁcis
2696 5402 2894 5443 nomen
2951 5388 3059 5444 Deo
3099 5393 3271 5462 proji-

1683 5468 1873 5522 ciunt:
1922 5477 1982 5524 ut
2022 5470 2239 5525 interim
2283 5472 2421 5528 alias
2458 5474 2515 5528 in
2554 5475 2872 5535 hominibus
2906 5482 3269 5539 maximorum

1686 5561 1961 5615 malorum
2011 5564 2259 5617 omittam
2306 5567 2541 5636 species,
2575 5584 2696 5638 qua:
2746 5586 2933 5639 parem
2980 5576 3064 5630 vel
3105 5577 3267 5631 etiam

1684 5653 1943 5721 majorem
1988 5654 2189 5710 habent
2219 5656 2575 5726 impietatem,
2612 5676 2775 5730 quam
2822 5662 2989 5719 Deum
3019 5664 3262 5723 invidum

1685 5744 1993 5817 imaginari.
2022 5746 2127 5803 Sed
2149 5749 2195 5803 si
2218 5749 2331 5804 haec
2361 5759 2416 5806 et
2445 5752 2550 5806 alia
2577 5753 2845 5823 ejusmodi
2871 5757 2927 5812 in
2948 5757 3263 5818 hominibus

1685 5838 1924 5895 maxima
1950 5840 2093 5895 mala
2119 5848 2268 5910 sunt,
2291 5844 2643 5912 przedicatam
2669 5856 2851 5905 autem
2880 5864 2910 5905 a
2933 5848 3262 5913 Christianis
