3638 6504
75 327 191 383 ΗΠ

64 443 215 493 τοίνυν
242 440 332 492 τὸν
366 441 561 513 κόσμον
606 442 811 498 τάττων
859 445 1020 499 αὑτὸν
1068 445 1182 499 ἀεί·

65 530 124 597 τῷ
155 531 242 595 μὲν
287 532 372 583 ἀεὶ
405 533 743 604 φρουρεῖσθαι
789 538 1015 603 γίνεται,
1052 537 1126 607 τῷ
1157 539 1212 590 δὲ
1246 537 1330 590 ἀεὶ
1388 535 1522 587 εἶναι
1563 535 1590 585 ὁ

62 628 197 682 αὐτὸς
225 621 479 693 ἀγένητος
503 626 746 697 ὐπὲιρχει.

65 816 320 880 Ἔλεγχος
371 811 480 878 τῆς
529 813 897 885 ἀποκρίσεως
949 814 1055 865 οὐκ
1117 813 1299 881 ὀρθῶς
1355 831 1593 885 γεγενη-

689 881 896 950 ,μένης-

116 999 155 1049 l.
203 997 494 1065 Τολέγειν
527 997 825 1050 ἀδύνατον
877 993 1026 1049 εἶναι
1078 998 1226 1049 Θεὸν
1273 996 1379 1050 τὸν
1399 999 1592 1066 μηδὲν

55 1089 383 1154 πεποιηκότα
407 1087 626 1140 ἄτοπόν
651 1088 799 1141 ἐστι.
840 1087 1032 1140 Πάλιν
1081 1087 1198 1157 γὰρ·
1236 1088 1539 1145 κάνταῦθα
1558 1094 1591 1142 ό

51 1181 204 1247 αὐτὸς
228 1175 529 1249 ἐφαρμόζει
561 1181 763 1249 λόγος,
806 1181 885 1246 ὠς
915 1179 1099 1232 οὐδὲν
1139 1181 1431 1250 ἕγχρονόν
1456 1182 1589 1234 ἐστι

50 1272 179 1339 ,ταρὰ
211 1271 286 1336 τῷ
313 1269 452 1334 Θεῷ.
484 1273 545 1324 Εἰ
570 1271 654 1324 διὰ
678 1273 740 1323 τὸ
775 1272 937 1342 μηδὲν
976 1271 1230 1343 ἔγχρονΟν
1265 1267 1401 1325 εἶναι
1435 1274 1588 1344 παρά

49 1365 106 1433 τῷ
124 1363 230 1433 Θεῷ
255 1364 451 1417 ἄτοπόν
486 1365 599 1415 ἐστι
630 1363 737 1432 (57)
757 1363 818 1415 τὸ
844 1362 1021 1430 λέγειν
1057 1364 1184 1434 περὶ
1212 1363 1379 1416 αὑτοῦ
1404 1365 1464 1417 τὸ
1493 1381 1590 1417 πε-

45 1459 244 1522 ποίηκε,
290 1456 390 1525 τῆς
419 1455 586 1526 αὐτῆς
615 1457 761 1508 ἐστιν
784 1455 1014 1517 ἀτοπίας
1039 1456 1133 1507 καὶ
1161 1455 1221 1506 τὸ
1242 1455 1455 1521 ποιεῖν,
1492 1455 1584 1524 ἕγ-

44 1567 202 1617 χρονον
228 1549 302 1612 ώς
340 1548 400 1600 τὸ
434 1548 740 1615 πεποίηκε.
795 1545 917 1609 Πῶς
952 1543 1044 1599 οὖν
1087 1547 1427 1618 ἀνάρμοστον
1488 1550 1585 1619 μὲν

43 1642 158 1706 λέγει
186 1641 213 1690 ὁ
244 1638 680 1711 ἀποκρινάμενος
706 1638 783 1708 τῷ
811 1639 929 1708 Θεῷ
955 1640 1016 1691 τὸ
1049 1640 1394 1706 πεποίηκεν,
1426 1641 1585 1711 εὐάρ-

43 1744 206 1796 μοστον
229 1727 283 1780 δὲ
322 1729 384 1780 τὸ
413 1728 607 1792 aerei;
638 1730 744 1781 Καὶ
770 1732 816 1781 εἰ
848 1730 944 1798 μὲν
971 1730 1031 1781 τὸ
1060 1728 1322 1795 ποιήσας
1358 1730 1469 1784 ἴσον
1495 1731 1585 1783 δύ-

41 1837 164 1871 νατειι
189 1819 263 1889 τῷ
310 1822 636 1887 πεποίηκεν
663 1819 797 1891 (58),
847 1821 1108 1883 ὡσαύτως
1137 1820 1192 1873 δὲ
1213 1821 1307 1873 καὶ
1345 1822 1405 1874 τὸ
1429 1823 1585 1874 ποιεῖ
1617 1811 1655 1864 Β

39 1911 96 1978 τῷ
123 1911 377 1974 ποιήσει’
421 1910 528 1963 τῶν
556 1913 610 1964 δὲ
643 1911 1101 1981 ἰσοδυναμούντων
1128 1911 1400 1975 ἀκώλυτος
1430 1916 1462 1983 ἡ
1494 1932 1582 1984 με·

39 2002 258 2072 τάληψις·
293 2002 414 2065 πῶς
445 2006 502 2054 ἐν
535 2003 634 2073 μὲν
675 2007 742 2075 τῇ
784 2004 976 2078 πρώτῃ
1004 2005 1289 2076 ἀποκρίσει
1333 2006 1525 2076 ἔθηκεν
1553 2011 1581 2060 ὀ

39 2099 432 2168 ἀποκρινάμενος
460 2098 551 2150 ἐπὶ
576 2098 668 2150 τοῦ
685 2098 817 2151 Θεοῦ
845 2099 904 2152 τὸ
924 2099 1184 2166 ποιήσας
1207 2101 1301 2153 καὶ
1324 2102 1384 2153 τὸ
1404 2103 1576 2164 ποιεῖ,

39 2189 175 2242 νῦνδὲ
225 2191 442 2260 ἀναιρεῖ
494 2191 585 2242 ἀπ’
643 2192 805 2243 αὑτοῦ
863 2193 1180 2263 disparem;
1235 2195 1344 2246 Καὶ
1374 2195 1433 2246 τὸ
1484 2197 1579 2264 μὲν

37 2282 258 2347 ποιήσας
286 2283 462 2345 οὓτως
485 2283 675 2353 ἔθηκεν
705 2285 795 2337 ἐπὶ
821 2285 914 2338 τοῦ
931 2286 1065 2338 Θεοῦ
1091 2303 1103 2315 ·
1144 2287 1196 2338 '0
1223 2288 1403 2352 αὐτός
1426 2289 1576 2348 ἐστι,

39 2377 182 2442 imi",
206 2378 237 2427 δ
267 2375 416 2440 θεὸς
441 2376 750 2444 ἀπορήσας
781 2377 852 2429 τὰ
879 2376 1048 2445 τῇδε·
1079 2378 1140 2430 τὸ
1166 2379 1222 2430 δὲ
1265 2379 1455 2431 ποιεῖν
1491 2380 1579 2431 οὗ-

37 2485 115 2528 τως
145 2467 302 2539 ἔθηκε
325 2484 338 2497 ·
373 2467 474 2520 Δεῖ
491 2463 624 2530 οὖν,
655 2470 807 2537 φησί,
859 2470 963 2521 τὸν
985 2470 1173 2523 αὐτὸν
1199 2471 1297 2522 ἐπὶ.
1338 2471 1455 2522 τῶν
1482 2475 1580 2525 αὺ-

37 2558 122 2609 τών
163 2559 423 2626 μένοντα
452 2561 522 2613 τὰ
545 2560 698 2613 αὐτὰ
750 2560 961 2613 ποιεῖν.
1008 2561 1266 2631 Ἀναιρῶν
1304 2563 1359 2614 δὲ
1410 2564 1465 2614 ἐν
1510 2567 1574 2634 τῇ

35 2652 222 2722 δευτέρᾳ
274 2652 567 2723 ἀποκρίσει
610 2653 678 2705 τὰ
708 2653 936 2722 κείμενα
962 2655 1018 2705 ἐν
1041 2657 1105 2725 τῇ
1136 2655 1326 2728 πρώτῃ
1351 2657 1579 2726 ἀποκρί-

38 2759 112 2800 σει,
162 2744 328 2806 οὕτως
363 2745 563 2813 φησίν
602 2746 867 2798 ’Ἄτοπον
915 2746 980 2797 τὸ
1028 2747 1232 2814 λέγειν
1279 2747 1578 2800 ἀδύνατον

34 2829 148 2885 εἶναι
170 2835 273 2904 (59)
305 2834 460 2888 Θεὸν
482 2835 589 2888 τὸν
608 2836 798 2905 μηδὲν
820 2839 1202 2904 πεποιηκότα.
1230 2838 1341 2891 Καὶ
1382 2839 1542 2893 πάλιν
1561 2857 1574 2869 ·

37 2928 152 2978 οὔτε
176 2928 505 2993 πεποίηκεν
532 2931 565 2980 ό
591 2927 754 2993 Θεὸς,
786 2929 924 2982 οὔτε
951 2930 1124 2992 ποιεῖ,
1167 2931 1305 2983 οὔτε
1337 2929 1575 2995 ποιήσει.

32 3016 82 3064 ἐν
103 3019 299 3084 χρόνῳ.
346 3019 487 3070 Ἀλλ’
525 3019 654 3082 ἴσως
685 3020 746 3071 τὸ
775 3020 934 3083 αὐτὸς
961 3020 1136 3091 ἑαυτῷ
1163 3021 1458 3090 ἀντιλέγειν
1479 3038 1579 3075 κα-

33 3106 79 3157 τὰ
103 3108 184 3178 τὴν
231 3110 443 3163 οἰκείαν
479 3110 648 3182 λήθην
703 3112 983 3182 ὑπέμεινε,
1037 3113 1157 3166 καθ’
1187 3114 1273 3185 ἢν,
1328 3115 1404 3179 ὡς
1431 3111 1572 3180 εἶπε,
1602 3154 1642 3210 C

34 3201 276 3270 ξυμϐαίνει
318 3206 438 3265 τοῖς
463 3203 770 3274 ἀνθρώποις
820 3205 880 3256 τὸ
928 3205 1158 3272 ἀγνοεῖν.
1204 3206 1572 3278 Ἐξετάσωμεν

30 3294 65 3346 ἱὲ
88 3298 228 3365 ἡμεῖς
250 3298 319 3351 τὰ
349 3298 558 3350 τούτων
585 3297 732 3366 ἑξῆς.

77 3388 117 3439 ‘2.
143 3389 347 3451 Οὐδὲν,
386 3391 571 3458 φησὶν,
603 3390 896 3458 ἓγχρονόν
936 3391 1069 3441 ἐστι
1111 3390 1271 3456 παρὰ
1319 3388 1398 3453 τῷ
1427 3391 1567 3456 Θεῷ.

30 3476 199 3540 Δῆλον,
228 3481 307 3546 ὡς
346 3481 489 3533 οὔτε
512 3480 578 3532 τὸ
607 3479 1022 3547 παρεληλυθὸς
1065 3481 1171 3532 τοῦ
1207 3482 1430 3549 χρόνου
1472 3483 1573 3549 ἀρ-

30 3569 140 3629 ιιιῖζει
166 3573 473 3640 ἐπιφέρειν
497 3571 577 3636 τῷ
608 3572 747 3638 Θεῷ.
802 3575 871 3624 Ei
898 3572 964 3624 δὲ
990 3573 1164 3625 τοῦτο
1185 3571 1271 3640 μὴ
1317 3575 1567 3642 ἁρμόζει,

30 3663 94 3712 val
119 3664 175 3715 τὸ
201 3664 592 3732 πεποιηκέναι
616 3664 724 3716 τὸν
740 3664 889 3716 Θεὸν
911 3664 974 3716 τὸ
1002 3664 1204 3717 ὁτιοῦν
1229 3666 1340 3732 οὐχ
1367 3667 1572 3733 ἁρμότ-

30 3770 79 3804 τει
121 3757 328 3824 λέγειν.
399 3758 486 3808 Ἐν
550 3755 761 3818 τούτοις
804 3756 865 3807 τὸ
916 3756 1114 3809 ἄτοπον
1168 3755 1498 3825 ὑποθέμενος
1542 3759 1569 3809 ὀ

30 3847 436 3919 ξποκρινάμενος,
467 3847 542 3910 ὡς
568 3847 718 3900 οὐδὲν
750 3847 1003 3918 ἐγχρονον
1033 3848 1184 3918 παρὰ
1221 3848 1300 3918 τῷ
1330 3847 1468 3918 Θεῷ,
1499 3848 1568 3900 τὰ

30 3937 75 4003 τῷ
97 3939 262 4010 ἀτόπῳ
289 3942 350 4007 ἐξ
381 3939 627 4009 ἀνάγκης
657 3940 898 4008 ἑπόμενα
933 3940 1008 4003 ὡς
1035 3940 1232 4009 εὔλογα
1277 3940 1525 4011 ἐπιφέρει
1550 3956 1562 3968 ·

30 4028 76 4084 τὸ.
97 4032 135 4081 εἰ
164 4033 325 4103 μηδὲν
353 4033 612 4102 ἔγχρονον
637 4031 790 4102 παρά
834 4031 912 4100 τῷ
946 4031 1085 4101 Θεῷ,
1115 4032 1292 4103 δῆλον,
1328 4033 1403 4094 ὡς
1441 4029 1564 4082 οὔτε

30 4121 60 4168 εδ
85 4124 440 4193 παρεληλυθὸς
499 4123 594 4176 τοῦ
651 4123 843 4194 χρόνου
895 4124 1125 4194 ἁρμόζει
1183 4126 1460 4195 ἐπιφέρειν
1488 4124 1564 4194 τῷ

30 4210 138 4280 θεῷ·
174 4216 218 4266 εἰ
247 4216 303 4268 δὲ
335 4215 498 4268 τοῦτο
558 4215 632 4285 μὴ
691 4215 941 4286 ἁρμόζει,
995 4218 1089 4269 καὶ
1116 4217 1177 4269 τὸ
1207 4217 1562 4286 πεποιηκέναι

30 4305 81 4354 τὸν
103 4306 219 4358 Θεὸν
241 4309 302 4360 τὸ
326 4309 506 4361 ὁτιοῦν
535 4310 632 4377 οὐχ
661 4309 886 4379 ἁρμόζει
910 4309 1107 4376 λέγειν.
1128 4312 1250 4361 Ὅτι
1269 4311 1324 4362 δὲ
1350 4310 1565 4373 ἀτόπως

30 4400 212 4470 ιπέῧηκε
249 4403 311 4454 τὸ
360 4401 557 4470 μηδὲν
595 4397 1059 4469 ἐγγρονονεῖναι
1103 4402 1262 4469 παρὰ
1324 4399 1403 4464 τῷ
1441 4400 1562 4464 Θεῷ

33 4484 76 4540 οὗ
106 4495 225 4563 πρὸς
259 4497 360 4564 τὴν
401 4493 674 4559 ἀπόδειξιν
705 4497 817 4555 τοῖς
843 4493 970 4562 ἑξῆς
1003 4493 1360 4564 ἐπαγομένοις
1400 4494 1558 4562 ἐχρή-
1590 4507 1630 4558 ῐ)

30 4585 152 4652 r110),
182 4587 398 4655 ἐλέγχει
425 4586 590 4648 αὐτὸς
626 4585 815 4636 ἑαυτὸν
841 4586 868 4635 ὁ
901 4585 1352 4654 ἀποκρινάμενος,
1390 4584 1446 4634 ἐν
1479 4578 1560 4645 οἷς

38 4691 210 4736 φιςχεν
243 4679 301 4730 ἐν
330 4680 397 4747 τῇ
426 4675 618 4748 πρώτῃ
671 4677 986 4745 ἁποκρίσει”
1027 4678 1095 4728 Ei
1119 4674 1186 4728 δὲ
1212 4673 1416 4739 αὐτὸς,
1455 4691 1559 4744 φη-

30 4765 93 4826 xlv,
141 4772 169 4820 ὁ
211 4773 357 4835 Θεὸς
389 4774 422 4823 o'
445 4768 703 4835 ποιήσας
730 4769 799 4822 τὰ
829 4768 990 4836 τῇδε,
1015 4768 1292 4835 δηλονότι
1318 4768 1422 4819 τοῦ
1451 4769 1557 4819 αὑ-

30 4858 92 4908 ’(’ὖ
120 4863 256 4913 Θεοῦ
302 4863 619 4932 μένοντος,
664 4861 760 4912 καὶ
789 4860 854 4925 ἐς
896 4862 1154 4927 ὕστερον
1207 4861 1302 4912 καὶ
1350 4860 1438 4912 ἀεὶ
1488 4859 1558 4912 τὰ

30 4950 129 5001 om
153 4951 316 5006 ἔσται
337 4971 348 4982 ·
379 4954 418 5004 ᾰ
449 4954 557 5021 γὰρ
583 4951 768 5005 πάλαι
806 4952 1088 5018 ἠδύνατο,
1119 4952 1212 5005 καὶ
1244 4951 1359 5003 νῦν
1387 4950 1558 5004 δύνα-

30 5056 97 5092 ἰιι.
143 5043 201 5094 Εἰ
243 5044 427 5096 τοίνυν
465 5044 626 5113 μηδὲν
663 5043 918 5114 ἕγχρονόν
959 5047 1076 5096 ἐστι
1123 5042 1273 5113 παρὰ
1304 5041 1382 5111 τῷ
1413 5042 1552 5112 Θεῷ,

30 5132 156 5199 ἧλον,
183 5137 264 5189 ὅτι
299 5136 426 5189 οὗτε
454 5137 517 5189 τὸ
543 5135 827 5201 ποιήσας,
865 5137 996 5190 κοῦτε
1037 5138 1098 5189 τὸ
1141 5135 1314 5198 ποιεῖ,
1343 5134 1466 5187 οὔτε
1493 5136 1556 5187 τὸ

30 5227 262 5294 πρότερον
289 5231 387 5282 καὶ
417 5230 694 5296 ὕστερον,
738 5228 858 5281 οὔτε
904 5230 964 5281 τὸ
1007 5229 1192 5282 πάλαι
1221 5229 1315 5280 καὶ
1333 5228 1394 5280 τὸ
1417 5227 1553 5289 νῦν,

35 5315 104 5367 ita
138 5321 193 5372 τὸ
215 5321 480 5388 ἠδύνατο
515 5323 608 5373 καὶ
637 5321 902 5373 δύναται.
923 5322 994 5373 Τὸ
1017 5322 1125 5392 γὰρ
1143 5323 1422 5388 ποιήσας’
1461 5321 1555 5372 καὶ

36 5406 54 5455 ὃ
81 5413 372 5481 πρότερον,
405 5415 499 5465 καὶ
522 5414 584 5465 τὸ
636 5413 839 5475 πάλαι,
894 5414 986 5465 καὶ
1025 5415 1086 5466 τὸ
1140 5413 1422 5480 ἠδύνατο,
1455 5411 1551 5465 τοῦ

69 5565 160 5636 (57)
218 5571 471 5624 Ἀτοπόν
521 5568 692 5620 ἐστι.’·
732 5568 788 5622 In
847 5577 1078 5638 utroque
1134 5569 1321 5624 codice
1351 5569 1548 5623 ἄτοπον

32 5629 491 5719 ἷηιαι1.’1ῖξῐιιθιιι1ιξνὶι
518 5639 581 5716 κς
607 5638 946 5719 ,διεριιίξηυεο
1110 5714 1147 5719 _
1222 5711 1232 5719 .
1270 5711 1279 5719 .
1310 5711 1320 5719 .
1410 5711 1440 5719 ..

30 5766 47 5778 ,λ
68 5707 163 5776 (58)
195 5710 506 5778 Legendutn
534 5705 744 5762 videtur
767 5705 1467 5774 τιῖιποιεῖ.-Επ·Αιιιιιηιιίὶε
1498 5719 1546 5764 et

30 5773 70 5827 ῖι.
81 5773 352 5836 τριιιιιιηιλὶε.

295 5876 562 5933 ΡΑτιιυιυ
595 5877 710 5933 (in.
764 5873 864 5933 Vl.

951 333 1412 401 QUESTIONES
1442 328 1892 386 CHRISTIANAZ
1931 331 2023 384 AD
2071 331 2396 391 GRAECOS.

1220 448 1312 499 καὶ
1344 447 1371 497 ὁ
1407 445 1666 512 κόσμιιςΑ
1698 461 1708 496 ι

1764 443 1835 496 hil
1888 443 2052 498 habet
2104 451 2522 515 temporarium.
2583 450 2755 507 Edicit
2815 469 2942 526 ergo
2992 459 3277 527 mundum,

3147 346 3283 399 HIS

1698 550 1915 603 semper
1945 552 2070 589 eum
2108 539 2376 596 ordinans
2403 552 2490 606 ;et
2525 546 2762 600 mundus
2794 563 2860 602 eo
2893 552 3036 619 quod
3067 569 3278 624 semper

1697 627 2063 690 custodiatur,
2104 631 2382 700 gignitur;
2437 651 2502 688 eo
2537 637 2680 706 quod
2741 655 2954 710 semper
2997 645 3086 710 sit,
3139 647 3277 702 idem

1696 718 1972 786 ingenitus
2006 730 2112 774 est.

1801 831 2111 903 Confutalio
2157 856 2261 892 non
2307 851 2446 895 recte
2489 844 2749 899 instituta:
2792 852 3168 916 responsionis.

1768 1016 1817 1068 l.
1857 1013 2008 1070 Fieri
2041 1035 2142 1072 non
2179 1037 2355 1088 posse,
2407 1031 2466 1074 ut
2504 1023 2642 1078 Deus
2677 1028 2748 1078 sit
2788 1029 2878 1096 qui
2910 1030 3043 1083 nihil
3068 1027 3274 1100 fecerit,

1692 1107 1981 1161 absurdum
2016 1110 2161 1162 dictu
2197 1121 2293 1165 est.
2333 1111 2538 1168 Rursus
2577 1117 2717 1168 enim
2756 1119 2854 1171 huc
2904 1123 3040 1174 ratio
3090 1123 3273 1177 eadem

1691 1199 1942 1264 quadrat,
1980 1201 2120 1269 apud
2167 1201 2335 1255 Deum
2383 1221 2486 1257 non
2520 1222 2633 1260 esse
2687 1217 3078 1278 temporaneum
3117 1217 3274 1285 quid-

1689 1307 1868 1358 quam.
1908 1291 2126 1362 Si.quia
2165 1295 2299 1347 nihil
2337 1301 2730 1366 temporarium
2770 1303 2913 1372 apud
2944 1305 3138 1371 Deum,
3174 1311 3272 1364 ab-

1691 1379 1917 1433 surdum
1971 1381 2040 1435 de
2077 1383 2172 1436 illo
2224 1384 2374 1438 dictu
2429 1394 2533 1447 est,
2579 1389 2724 1456 fecit,
2765 1408 2918 1462 aeque
2970 1396 3270 1453 absurdum

1689 1476 1836 1531 dictu
1891 1486 1996 1538 est,
2047 1479 2243 1546 facere,
2297 1481 2440 1550 quod
2493 1498 2600 1537 non
2651 1487 2833 1542 minus
2878 1493 3267 1560 temporarium

1688 1585 1852 1637 quam
1888 1570 2034 1637 fecit.
2071 1569 2322 1636 Quonam
2359 1574 2525 1644 igitur
2559 1577 2722 1632 modo
2765 1595 3062 1650 responsor
3109 1584 3264 1649 dicit,

1691 1676 1799 1714 non
1842 1669 2152 1732 competere
2173 1663 2284 1718 Deo
2316 1668 2542 1720 verbum
2575 1668 2717 1735 fecit,
2755 1681 3061 1741 competere
3081 1684 3266 1729 autem

1689 1755 1916 1808 verbum
1960 1756 2128 1823 facit?
2159 1757 2238 1810 Ac
2263 1758 2308 1812 si
2344 1760 2436 1828 qui
2482 1761 2625 1828 fecit,
2661 1762 2803 1817 idem
2825 1766 2971 1819 valet
3004 1782 3068 1820 ac
3098 1769 3264 1835 facit;

1685 1845 1940 1899 similiter
1964 1857 2143 1900 autem
2169 1856 2222 1902 et
2240 1849 2391 1917 facit,
2414 1850 2567 1904 idem
2593 1867 2657 1906 ac
2686 1854 2845 1921 faciet
2868 1870 2886 1907 :
2917 1870 3108 1910 eorum
3137 1875 3264 1913 vero

1683 1951 1804 2004 qua:
1829 1937 1969 1991 idem
2000 1940 2204 2002 valent,
2227 1941 2362 1995 liher
2391 1950 2475 1996 est
2511 1958 2678 1998 usus:
2705 1948 2978 2016 quomodo
2999 1950 3054 2004 in
3088 1953 3264 2020 prima

1683 2027 2039 2097 responsione
2075 2032 2258 2099 posuit
2301 2048 2602 2102 responsor
2635 2037 2702 2092 de
2740 2037 2872 2100 Deo,
2915 2041 3009 2110 qui
3048 2042 3174 2110 fecit
3209 2052 3262 2096 et

1682 2119 1833 2187 facit,
1869 2129 1922 2176 et
1956 2139 2102 2177 nunc
2135 2125 2204 2178 ab
2232 2140 2297 2178 eo
2343 2136 2574 2197 utraque
2610 2132 2785 2186 tollit?
2823 2131 2887 2184 Et
2939 2135 3094 2202 prius
3139 2137 3263 2204 qui-

1683 2211 1806 2265 dem
1839 2211 1904 2265 de
1938 2211 2047 2266 Deo
2082 2214 2152 2266 ita
2197 2217 2379 2284 posuit
2414 2237 2425 2270 :
2467 2218 2586 2287 Ipse
2620 2221 2761 2274 Deus
2801 2232 2898 2286 est,
2937 2223 3136 2294 inquit,
3173 2229 3263 2296 qui

1682 2320 1763 2356 res
1797 2304 1952 2357 hasce
1979 2306 2134 2374 fecit;
2171 2309 2400 2362 alterum
2422 2319 2602 2367 autem
2636 2315 2756 2368 sic:
2794 2313 3025 2381 Idcirco,
3059 2318 3258 2388 inquit,

1681 2396 1851 2462 ipsum
1879 2397 2116 2451 eumdem
2144 2401 2196 2452 in
2227 2401 2418 2455 eisdem
2455 2417 2842 2473 permanentem
2874 2409 3056 2463 eadem
3090 2411 3261 2479 facere

1681 2501 1885 2540 necesse
1923 2498 2020 2541 est.
2077 2490 2316 2547 Abolens
2370 2504 2551 2549 autem
2601 2497 2655 2551 in
2701 2514 2968 2568 responso
3015 2504 3260 2558 secundo

1680 2592 1741 2628 ea
1777 2593 1899 2646 quae
1934 2579 1986 2631 in
2028 2580 2206 2649 primo
2259 2593 2386 2636 sunt
2436 2586 2636 2652 posita,
2680 2589 2760 2642 sic
2799 2589 2876 2642 ait
2909 2608 2920 2642 :
2955 2589 3258 2644 Ahsurdum

1679 2679 1754 2720 est
1783 2669 1926 2722 dictu
1963 2670 2127 2724 Deum
2155 2689 2266 2727 esse
2312 2692 2418 2728 non
2462 2693 2614 2744 posse
2664 2681 2754 2748 qui
2797 2681 2931 2734 nihil
2957 2681 3160 2750 fecerit.
3193 2684 3260 2736 Et

1679 2774 1896 2814 rursum
1925 2777 1937 2811 :
1977 2761 2154 2832 Neque
2181 2764 2303 2832 fecit
2330 2765 2491 2830 Deus,
2523 2785 2684 2838 neque
2712 2770 2865 2838 facit,
2902 2789 3064 2841 neque
3091 2774 3256 2842 factu-

1679 2861 1770 2898 rus
1808 2857 1886 2899 est
1920 2848 1974 2901 in
2017 2858 2264 2918 tempore.
2303 2852 2558 2910 Fortasse
2594 2866 2777 2912 autem
2828 2868 2887 2913 ut
2917 2862 3034 2930 ipse
3063 2875 3258 2917 contra

1681 2937 1921 3006 seipsum
1957 2939 2185 3007 diceret,
2215 2947 2435 3014 propria
2467 2947 2646 3017 ipsius
2679 2950 2959 3006 oblivione
3001 2952 3205 3008 factum
3241 2975 3254 3010 :

1680 3043 1741 3081 ex
1779 3044 1908 3098 qua,
1950 3041 2008 3084 ut
2035 3032 2193 3098 dixit,
2233 3037 2551 3093 hominibus
2603 3041 2876 3110 ignoratio
2908 3045 3112 3098 evenit.
3147 3045 3257 3100 Nos

1680 3135 1806 3174 vero
1835 3127 2118 3195 sequentia
2152 3131 2546 3198 expendamus.

1743 3391 1796 3443 ‘2.
1836 3391 2007 3457 Nihil,
2060 3395 2259 3466 inquit,
2322 3399 2466 3467 apud
2508 3401 2680 3457 Deum
2733 3413 3113 3476 temporarium
3152 3424 3254 3467 est.

1675 3482 1857 3551 Liquet
1887 3501 1978 3537 nec
1993 3488 2544 3559 pra’teritumtempus
2575 3493 2684 3548 Deo
2709 3500 3072 3554 convenienter
3101 3515 3255 3570 apta-

1673 3574 1737 3624 ri.
1807 3573 1960 3638 Quod
1979 3576 2026 3627 si
2053 3576 2149 3629 hoc
2194 3594 2297 3630 non
2331 3583 2592 3645 convenit,
2623 3601 2785 3653 neque
2803 3589 2965 3640 etiam
2991 3594 3251 3655 convenit,

1671 3675 1727 3714 ut
1756 3663 2043 3733 quidquam
2079 3666 2219 3720 Deus
2253 3669 2439 3736 fecisse
2456 3671 2688 3727 dicatur.
2726 3673 3018 3746 Postquam
3055 3681 3251 3735 absur-

1669 3752 1798 3807 dum
1823 3755 1876 3808 in
1899 3770 1965 3809 eo
1993 3759 2235 3826 reposuit
2265 3775 2582 3830 responsor,
2622 3770 2680 3816 ut
2712 3763 2825 3820 Deo
2855 3772 3250 3837 temporarium

1669 3847 1968 3916 quidquam
2017 3849 2311 3913 tribuatur,
2348 3870 2471 3922 qua
2517 3856 2642 3911 inde
2690 3861 3006 3915 necessario
3055 3880 3250 3920 conse-

1668 3945 1933 4004 quuntur,
1970 3953 2033 3992 ea
2063 3950 2120 3994 ut
2149 3941 2348 3994 rationi
2379 3955 2746 4001 consentanea
2783 3949 3002 4006 deducit
3034 3971 3048 4019 ;
3087 3955 3251 4010 nimi-

1667 4045 1814 4094 rum,
1850 4031 1896 4085 si
1932 4032 2070 4086 nihil
2103 4036 2496 4103 temporarium
2528 4039 2673 4108 apud
2707 4039 2902 4107 Deum,
2945 4044 3114 4116 liquet
3150 4067 3250 4106 ne-

1666 4138 1772 4190 que
1805 4127 2138 4192 praeteritum
2182 4133 2402 4196 tempus
2450 4128 2560 4184 Deo
2607 4135 2998 4191 convenienter
3043 4143 3242 4210 aptari.

1665 4213 1821 4278 Quod
1856 4217 1899 4269 si
1937 4216 2041 4270 hoc
2076 4233 2184 4271 non
2231 4221 2520 4288 convenit,
2560 4239 2737 4294 neque
2770 4230 2931 4281 etiam
2982 4236 3241 4290 convenit

1665 4312 1726 4356 ut
1763 4303 1906 4360 Deus
1939 4307 2238 4377 quidquam
2294 4308 2493 4366 fecisse
2523 4312 2758 4369 dicatur.
2794 4315 2968 4373 Porro
3004 4321 3243 4380 absurde

1665 4397 1797 4452 illud
1834 4401 2182 4469 suppositum
2215 4418 2361 4466 esse,
2395 4403 2546 4470 Apud
2590 4407 2759 4461 Deum
2787 4411 2920 4464 nihil
2967 4429 3080 4466 esse
3109 4424 3240 4470 tem-

1659 4493 1929 4556 porarium
1992 4494 2121 4562 (quo
2154 4495 2423 4566 principio
2477 4512 2608 4553 usus
2640 4508 2726 4554 est
2763 4501 2829 4555 ad
2863 4519 2926 4558 ea
2952 4520 3074 4573 qua:
3106 4521 3240 4562 con-

1663 4593 1969 4650 sequuntur
1992 4586 2316 4658 probanda),
2342 4590 2459 4659 ipse
2489 4598 2678 4646 contra
2715 4609 2776 4649 se
2805 4597 2985 4664 arguit
3009 4615 3238 4668 respon-

1662 4688 1775 4735 sor,
1807 4676 1899 4743 qui
1933 4676 1986 4729 in
2009 4677 2183 4746 prima
2219 4683 2580 4750 responsione
2608 4684 2748 4739 dixit
2779 4703 2791 4737 :
2827 4687 2927 4742 Sin
2955 4691 3064 4759 ipse
3093 4692 3235 4750 Deus

1659 4766 1854 4833 estqui
1897 4764 2005 4818 hwc
2062 4766 2216 4834 fecit,
2266 4781 2471 4825 constat
2518 4775 2700 4828 eodem
2753 4775 2858 4831 Deo
2906 4794 3148 4839 manente
3174 4801 3237 4839 ea

1659 4871 1860 4925 quoque
1884 4859 2065 4911 eadem
2095 4871 2143 4914 et
2158 4863 2378 4928 posthac
2402 4876 2450 4919 et
2479 4884 2682 4937 semper
2703 4869 2887 4938 futura
2911 4888 2929 4927 :
2953 4891 3070 4944 qua:
3096 4881 3236 4932 enim

1656 4948 1856 5002 dudum
1885 4953 2076 5018 potuit,
2107 4970 2245 5007 nunc
2267 4972 2470 5027 quoque
2490 4971 2676 5027 potest.
2711 4961 2868 5028 Quod
2899 4967 2945 5021 si
2981 4968 3120 5024 nihil
3151 4982 3235 5025 est

1660 5045 1962 5112 temporale
1996 5047 2137 5115 apud
2174 5047 2366 5112 Deum,
2401 5053 2752 5109 manifestum
2783 5066 2889 5123 est,
2932 5077 3111 5132 neque
3143 5064 3234 5132 qui

1657 5133 1802 5200 fecit,
1839 5150 2014 5203 neque
2047 5137 2199 5204 facit,
2245 5154 2423 5208 neque
2453 5145 2600 5208 prius
2636 5154 2690 5200 et
2723 5149 3008 5214 posterius,
3054 5165 3230 5218 neque

1656 5225 1854 5278 dudum
1887 5236 1941 5280 et
1981 5245 2149 5291 nunc,
2199 5246 2378 5300 neque
2431 5236 2602 5300 potuit
2659 5244 2709 5290 et
2761 5247 2953 5304 potest,
2998 5240 3047 5294 ei
3092 5255 3227 5292 con-

1656 5335 1871 5388 gruere.
1907 5318 2041 5374 Nam
2074 5323 2164 5392 qui
2191 5323 2334 5390 fecit,
2367 5332 2421 5378 et
2450 5327 2621 5394 prius,
2645 5335 2699 5382 et
2732 5330 2953 5395 dudum,
2976 5337 3028 5383 et
3057 5331 3228 5397 potuit

1655 5412 1912 5480 preteriti
1946 5414 2208 5483 temporis
2233 5424 2362 5470 sunt
2391 5417 2823 5488 signiﬁcationes
2855 5439 2867 5473 :
2905 5427 2958 5474 et
2988 5419 3139 5486 facit,
3171 5429 3226 5474 et

1725 5569 1835 5641 (59)
1865 5571 2166 5653 ddo-ratos:
2191 5571 2362 5653 εἶναι.
2415 5573 2540 5628 Haec
2597 5571 2792 5653 verba,
2827 5588 2963 5653 quin
2993 5572 3085 5653 hic.
3118 5572 3224 5652 de-

1652 5649 1827 5704 erant,
1888 5641 2162 5712 desumpsi
2199 5660 2265 5698 ex
2308 5645 2423 5713 ipsa
2464 5645 2842 5712 responsione,
2876 5643 2967 5696 ubi
2997 5643 3223 5699 minime

1651 5712 1866 5766 desunt.

2869 5867 2943 5929 ’45
