3638 6480
365 300 499 356 1419

1157 297 1473 355 PPENDIX.
1515 331 1582 339 —
1621 297 1801 352 PARS
1836 297 1874 350 1.
1915 298 1972 352 S.
2012 297 2274 354 JUSTINI
2317 299 2545 356 OPERA
2587 301 2860 359 SPURIA.

3455 314 3565 369 Ιιὲθ

357 419 578 488 posthac
599 458 612 480 ,
655 415 815 488 515
854 423 907 470 et
941 431 1096 479 nunc,
1129 427 1180 471 et
1223 426 1410 486 potest,
1444 417 1731 487 prasentis
1763 423 1815 469 et
1847 414 1920 468 fur

2103 417 2468 487 ιρεληλυθότος
2500 418 2690 489 χρόνου
2737 421 2851 472 ἐστὶ
2888 419 3199 489 δηλωτικὰ·
3235 426 3327 476 καὶ
3351 427 3392 477 τ’
3426 431 3567 491 xom‘,

360 513 465 565 turi
505 509 768 578 temporis
813 514 941 563 sunt
992 519 1150 562 none.
1196 508 1292 560 Sin
1333 509 1452 560 bare
1491 507 1558 560 de
1607 505 1716 559 Deo
1755 506 1930 575 posita

357 605 645 672 designant
679 610 732 655 ct
766 610 976 672 ponunt
1017 601 1201 654 omnia
1238 599 1330 653 Dei
1384 614 1546 668 opera
1599 599 1932 668 temporaria

356 712 479 750 esse
505 695 646 766 apud
697 711 847 758 eum,
907 703 1115 748 certum
1145 702 1229 746 est
1263 692 1500 746 absurde
1532 694 1601 746 ab
1630 707 1696 746 eo
1729 707 1936 762 suppo-

357 789 523 840 situm
565 801 688 841 esse
747 785 882 840 nihil
932 800 1055 840 esse
1098 783 1244 852 apud
1302 784 1468 836 Deum
1516 784 1929 852 temporarium.

359 880 472 936 lloc
505 888 685 934 autem
723 877 960 937 sublato,
1000 882 1058 928 ut
1092 873 1328 927 absurde
1369 873 1577 942 posito,
1625 875 1936 930 necessario

358 974 524 1029 simul
556 973 663 1026 hoc
709 971 872 1025 etiam
907 968 1120 1021 tollitur
1170 981 1279 1020 non
1314 975 1624 1035 competere
1669 966 1724 1020 in
1759 966 1929 1022 Deum

357 1069 506 1136 fecit,
537 1074 591 1122 et
620 1063 934 1120 necessario
968 1061 1228 1116 statuitur
1264 1060 1387 1113 huic
1415 1059 1756 1113 contrarium
1777 1101 1792 1124 ,
1825 1061 1935 1114 sci-

358 1161 485 1214 licet
512 1165 824 1226 competere
857 1155 911 1208 in
944 1153 1110 1206 Deum
1142 1152 1285 1220 fecit.
1324 1149 1384 1204 In
1420 1165 1480 1204 re
1514 1165 1751 1220 namque
1796 1166 1933 1221 qua-

360 1252 511 1312 libet,
540 1256 634 1303 aut
678 1247 1091 1301 aﬂirmationem
1151 1258 1334 1297 veram
1381 1258 1504 1298 esse
1550 1257 1778 1297 necesse
1826 1251 1932 1306 est,

358 1353 451 1396 aut
469 1341 836 1412 negationem.
860 1338 1033 1392 Porro
1059 1338 1105 1392 si
1140 1351 1313 1405 ponas
1337 1341 1652 1404 competere
1674 1336 1728 1388 in
1762 1333 1932 1390 Deum

357 1435 510 1503 fecit,
542 1435 725 1488 dicere
759 1449 865 1488 non
900 1433 1082 1504 possis
1133 1429 1302 1485 Deum
1355 1443 1479 1484 esse
1518 1429 1614 1498 qui
1677 1429 1813 1484 nihil
1855 1429 1936 1483 fe-

357 1527 514 1581 cerit.
569 1526 681 1580 Hoc
712 1527 857 1580 enim
899 1524 1032 1579 illud
1057 1522 1436 1592 consequitur.

2029 507 2122 558 καὶ
2143 507 2204 558 τὸ
2236 507 2510 575 ὕστερον,
2541 510 2636 562 καὶ
2675 509 2735 562 rb
2771 510 2904 574 νῦν,
2944 513 3038 564 καὶ
3082 511 3148 564 rb
3192 512 3446 579 δύναται,
3493 537 3571 572 του

2029 597 2324 661 ἐνεστῶτος
2351 599 2445 652 καὶ
2473 600 2566 652 τοῦ
2597 600 2876 670 μέλλοντος
2911 603 3106 674 χρόνου
3135 604 3255 657 ἐστὶ
3281 614 3571 676 σημαπικά.

2031 689 2092 742 Εἰ
2119 690 2176 743 δέ
2221 691 2413 756 ταῦτα,
2455 691 2681 763 κείμενα
2722 695 2811 747 ἐπὶ
2854 695 2952 747 τοῦ
3007 695 3168 758 Θεοῦ,
3207 702 3492 768 σημαντικά
3527 720 3577 754 τε

2034 784 2127 836 καὶ
2147 783 2336 838 θετικά
2363 785 2600 852 γίνονται
2624 785 2719 838 τοῦ
2746 787 2923 840 πάντα
2950 787 3020 840 τὰ
3053 790 3341 860 ποιήματα
3359 791 3444 843 τοῦ
3462 791 3578 846 Θεοῦ

2031 873 2262 945 ἔγχρονα
2305 871 2445 928 εἶναι
2491 878 2619 949 παρ’
2666 877 2830 946 αὐτῷ,
2874 877 3057 949 δῆλον,
3107 881 3193 933 ὃτι
3236 881 3443 946 ἀτόπως
3467 885 3579 938 ὺπέ-

2032 965 2165 1036 θηκε
2212 966 2275 1018 τὸ
2321 966 2486 1036 μηδὲν
2510 967 2763 1038 ἐγχρονον
2794 963 2934 1024 εἶναι
2972 973 3102 1044 παρ’
3131 972 3301 1044 αὐτῷ.
3328 974 3509 1029 Τούτου
3535 977 3579 1028 δὲ

2026 1057 2102 1120 ὡς
2136 1059 2352 1122 ἀτόπως
2387 1060 2738 1124 ὑποτεθέντος
2761 1064 3186 1134 ἀναιρουμένου,
3218 1071 3583 1137 συναναιρεῖται

2028 1152 2087 1218 ἐξ
2117 1153 2361 1223 ἀνάγκης
2391 1153 2488 1206 καὶ
2524 1154 2585 1206 rb
2607 1153 2682 1225 μὴ
2708 1156 3002 1226 ἁρμόττειν
3025 1156 3106 1226 τῷ
3134 1157 3258 1228 Θεῷ
3283 1158 3345 1210 τὸ
3367 1161 3582 1227 πεποιη-

2029 1263 2114 1298 κε.
2147 1246 2255 1298 Καὶ
2275 1245 2462 1298 τούτου
2488 1245 2595 1318 γὰρ
2621 1246 3019 1317 ἀναιρεθέντος,
3046 1247 3108 1312 ἐξ
3138 1247 3386 1319 ἀνάγκης
3407 1249 3583 1303 τίθεται

2027 1336 2088 1388 τὸ
2121 1336 2311 1390 τούτου
2356 1337 2619 1402 ἐναντίον,
2651 1339 2897 1392 τουτέστι
2926 1339 2990 1392 τὸ
3018 1339 3285 1412 ἁρμόζειν
3306 1340 3382 1410 τῷ
3410 1341 3515 1410 Θεῷ
3535 1344 3583 1394 rb

2030 1431 2374 1498 πεποίηκεν.
2419 1432 2541 1484 Ἐπὶ¹
2575 1433 2771 1495 παντὸς
2817 1432 2928 1505 γάρ
2961 1433 3069 1505 χρὴ
3094 1434 3128 1503 ἢ
3157 1435 3262 1505 τὴν
3293 1433 3447 1503 φάσιν
3467 1431 3583 1488 εἶναι

2037 1523 2210 1593 ἁληθῆ
2243 1523 2399 1595 ἥτὴν
2428 1524 2722 1593 ἀπόφασιν.
2750 1525 3021 1595 Κειμένου
3072 1525 3133 1578 δέ
3185 1524 3284 1578 τοῦ
3326 1526 3582 1596 ἁρμόττειν

355 1620 433 1691 τῷ
460 1619 580 1689 Θεῷ
629 1619 688 1671 τὸ
725 1618 1071 1684 πεποίηκεν,
1117 1615 1374 1670 ἀδύνατον
1429 1614 1608 1685 λέγειν
1666 1615 1798 1669 Θεὸν
1831 1615 1922 1668 τὸν
1957 1616 2122 1687 μηδὲν
2149 1617 2517 1687 πεποιηκόταο
2568 1615 2726 1669 τοῦτο
2764 1617 2872 1689 γάρ
2919 1619 3068 1671 ἐστιν
3107 1618 3308 1687 ἐκείνῳ
3332 1619 3579 1687 ἑπόμενον.

427 1717 480 1769 5.
507 1713 651 1780 Quid
679 1715 838 1783 ergo?
870 1711 1098 1766 Peccare
1114 1729 1208 1765 nos
1238 1712 1399 1773 dices,
1430 1710 1566 1781 quod
1597 1710 1758 1764 Deum
1789 1712 1922 1764 otio-

2103 1713 2152 1765 5.
2186 1713 2248 1766 Tt
2273 1709 2387 1766 οὖν
2421 1713 2602 1780 φαίης
2625 1711 3029 1781 ἁνενέρπητον
3054 1710 3220 1780 ἡμᾶς
3233 1711 3342 1764 τὸν
3358 1711 3494 1764 Sed?
3512 1714 3583 1764 λέ-

357 1825 476 1862 sum
519 1807 799 1861 dicamus?
850 1805 1038 1858 Verum
1085 1821 1185 1858 non
1219 1804 1314 1857 hac
1357 1804 1604 1864 dicimus,
1637 1803 1727 1858 sed
1765 1804 1922 1858 Deum

2105 1821 2249 1871 ντας
2275 1805 2662 1873 ἁμαρτάνειν;
2700 1805 2858 1858 Ἀλλ’
2893 1807 2968 1857 οὐ
3008 1804 3195 1857 τοῦτό
3230 1819 3440 1873 φαμεν,
3470 1805 3583 1857 ἀλλ’

356 1917 519 1970 neque
551 1900 755 1968 fecisse,
797 1915 957 1967 neque
992 1897 1182 1961 facere,
1231 1913 1390 1966 neque
1433 1896 1699 1964 facturum
1742 1913 1854 1950 esse
1879 1897 1922 1949 in

2106 1915 2123 1949 t
2148 1898 2219 1950 οὐ
2236 1896 2522 1963 πεποίηκε
2674 1899 2706 1949 ό
2725 1895 2868 1961 Θεὸς
2895 1894 3102 1962 οὐδὲν,
3121 1897 3266 1949 οὔτε
3288 1895 3455 1959 ποιεῖ,
3473 1898 3584 1948 οὔτε

359 2005 606 2062 tempore.
658 1991 837 2062 Neque
888 1991 1025 2044 enim
1063 1991 1349 2060 quidquam
1399 1990 1523 2058 fecit
1568 1990 1736 2059 magis
1774 2006 1932 2059 quam

360 2085 510 2152 facit.
541 2101 701 2154 neque
734 2100 920 2137 rursus
965 2083 1095 2151 facit
1136 2083 1303 2151 magis
1333 2099 1491 2152 quam
1525 2081 1703 2150 faciet.
1745 2080 1849 2135 Sed
1883 2089 1934 2134 et

356 2179 684 2245 prarteritum
725 2176 862 2245 apud
907 2176 1074 2230 Deum
1117 2178 1169 2230 in
1191 2177 1459 2244 prmsenti,
1505 2185 1554 2229 et
1597 2175 1833 2242 futurum
1878 2175 1931 2227 in

358 2270 624 2333 prasterito
673 2280 789 2322 est:
839 2270 1025 2338 quippe
1055 2285 1173 2321 cum
1211 2267 1350 2322 Deus
1393 2268 1524 2321 nihil
1555 2269 1689 2336 fluxi
1718 2267 1928 2329 habeat,

359 2360 447 2414 sed
477 2360 660 2414 cadent
703 2375 904 2428 semper
933 2359 1119 2427 faciat,
1161 2369 1374 2426 propter
1404 2360 1689 2427 perfectam
1732 2359 1846 2427 ejus
1881 2369 1930 2411 et

357 2452 741 2507 immutabilem
787 2453 1074 2523 potentiam
1119 2461 1168 2505 et
1209 2461 1404 2506 artum.
1447 2452 1548 2506 Sed
1587 2452 1773 2522 fugere
1802 2467 1930 2522 pec-

358 2553 544 2598 catum
575 2561 684 2616 quo
704 2545 844 2600 Deus
877 2545 1086 2600 otiosus
1108 2543 1333 2606 dicitur,
1358 2552 1412 2597 et
1447 2544 1514 2598 de
1543 2560 1608 2597 eo
1641 2543 1930 2610 affirmare,

359 2654 538 2708 neque
573 2638 792 2699 fecisse,
829 2653 1004 2706 neque
1046 2637 1246 2698 facere,
1292 2652 1470 2706 neque
1505 2635 1774 2689 facturum
1809 2651 1931 2691 esse

357 2733 415 2788 in
445 2739 722 2800 tempore,
761 2730 816 2783 in
871 2730 1011 2784 idem
1063 2737 1145 2783 est
1182 2728 1423 2783 incidere
1457 2738 1759 2798 peccatum.
1792 2725 1928 2780 Nam

359 2824 405 2875 si
457 2824 624 2877 velles
657 2837 887 2891 peccare
935 2829 987 2875 et
1033 2820 1198 2875 Deum
1249 2821 1486 2874 otiosum
1533 2820 1758 2882 dicere,
1799 2819 1930 2889 quid

358 2929 548 2985 posses
575 2915 813 2984 amplius
835 2914 1036 2976 dicere,
1060 2929 1222 2983 quam
1246 2913 1390 2982 quod
1418 2926 1648 2980 peccare
1677 2921 1731 2966 et
1764 2911 1929 2966 Deum

357 3009 595 3061 otiosum
631 3006 816 3060 dicere
845 3007 1035 3060 nolens
1071 3007 1390 3075 prolocutus
1414 3020 1494 3067 es,
1529 3019 1706 3074 neque
1737 3003 1932 3061 fecisse

359 3099 550 3160 Deum,
582 3114 756 3168 neque
789 3099 989 3163 facere,
1025 3114 1203 3168 neque
1231 3097 1504 3152 facturum
1539 3098 1706 3152 esse?
1738 3096 1932 3154 Verbis
1959 3117 2001 3174 ο

358 3206 613 3260 namque,
638 3207 758 3260 qum
788 3191 1051 3260 temporis
1081 3197 1265 3244 notam
1300 3189 1610 3260 significant
1663 3199 1716 3243 et
1751 3191 1931 3245 conti-

357 3299 510 3349 nent,
542 3301 608 3338 ex
654 3284 974 3355 Operatione
1013 3282 1108 3337 Dei
1159 3283 1412 3346 sublatis,
1457 3284 1762 3352 reperietur
1791 3283 1932 3338 Deus

356 3378 591 3441 otiosus,
624 3393 687 3431 ac
717 3377 948 3448 proinde
975 3391 1074 3429 nec
1098 3375 1366 3430 conditor.

428 3644 482 3697 4.
505 3642 563 3697 Si
598 3645 732 3698 nihil
757 3653 840 3699 est
863 3643 1006 3712 apud
1031 3642 1198 3697 Deum
1230 3641 1642 3710 temporarium,
1670 3641 1929 3695 nimirum

356 3750 460 3790 nec
479 3736 809 3803 praeteritum
837 3743 1055 3806 tempus
1079 3735 1220 3805 apud
1250 3750 1374 3788 eum
1406 3742 1511 3798 est,
1537 3750 1636 3788 "CC
1667 3749 1928 3802 praesens,

355 3846 460 3883 nec
491 3829 754 3884 futurum.
779 3830 1065 3895 Quomodo
1100 3831 1266 3900 igitur
1295 3843 1594 3898 responsor
1624 3827 1716 3896 qui
1748 3843 1930 3882 remo--

357 3929 446 3974 vet
487 3935 516 3973 a
549 3920 658 3974 Deo
685 3922 1036 3990 temporaria,
1073 3923 1226 3990 ponit
1258 3921 1311 3974 in
1344 3919 1454 3974 Deo
1482 3919 1832 3988 temporaria,
1877 3928 1932 3972 et

356 4013 472 4065 ait:
523 4012 710 4065 Verum
740 4023 787 4066 et
817 4013 1140 4081 prwteritum
1173 4011 1312 4079 apud
1361 4011 1524 4064 Deum
1565 4014 1619 4064 in
1662 4013 1927 4078 prwsenti,

2037 1990 2272 2059 ποιήσει
2299 1991 2369 2042 ἐν
2402 1990 2630 2058 χρόνῳο
2660 1989 2840 2043 οὐδὲν
2866 1988 2979 2060 γὰρ
3012 1987 3263 2058 μᾶλλον
3297 1990 3585 2056 πεποίηκεν·

2037 2081 2074 2148 ἢ
2105 2082 2277 2142 ποιεῖ,
2309 2081 2434 2135 οὐδ’
2465 2077 2539 2136 αὖ
2571 2082 2734 2136 ποιεῖ
2753 2083 2790 2150 ἣ
2819 2081 3095 2149 ποιήσει’
3123 2082 3290 2136 ἀλλὰ
3328 2083 3396 2135 τό
3419 2100 3476 2135 τε
3500 2100 3586 2134 :m-

2028 2172 2253 2240 ρελθὸν
2279 2175 2438 2242 παρὰ
2461 2174 2540 2240 τῷ
2559 2175 2681 2240 Θεῷ
2707 2175 2776 2227 ἐν
2802 2174 2883 2240 τῷ
2908 2173 3196 2227 ἐνεστῶτι
3217 2215 3232 2238 ,
3268 2175 3364 2227 καὶ
3388 2174 3450 2226 τὸ
3468 2176 3586 2244 μέέι-
3620 2177 3621 2184 “

2034 2268 2146 2317 λον
2169 2264 2239 2317 ἐνν-
2263 2263 2344 2328 τῷ
2371 2265 2489 2331 ἤδη
2517 2263 2820 2333 γεγονέναι
2840 2281 2852 2292 ·
2884 2265 2968 2329 ὡς
3000 2263 3189 2316 οὐδὲν
3209 2262 3328 2330 μὲν
3360 2263 3588 2332 ρευστῦν

2033 2357 2283 2423 ἔχοντος
2307 2356 2413 2408 τοῦ
2443 2357 2591 2409 Θεοῦ
2611 2397 2626 2420 ,
2656 2357 2743 2410 ἀεὶ
2773 2356 2842 2408 δὲ
2866 2359 2939 2411 τὰ
2966 2357 3119 2411 αὺτά
3153 2356 3266 2425 (60)
3309 2355 3589 2418 ποιοῖο-τις

2033 2447 2128 2500 διὰ
2154 2447 2268 2515 τὴν
2294 2450 2530 2501 τελείαν
2556 2448 2740 2503 αὐτοῦ
2780 2449 2877 2502 καὶ
2907 2447 3328 2518 ἀμετάϐλητον
3365 2446 3590 2514 δύναμίν

2035 2555 2096 2591 τε
2121 2540 2215 2592 καὶ
2246 2540 2568 2609 ἐνέργειαν.
2587 2541 2744 2594 Ἀλλὰ
2771 2542 2835 2594 τὸ
2864 2540 3092 2610 φεύγειν
3115 2541 3216 2611 μὲν
3230 2540 3328 2610 τὴν
3349 2541 3591 2608 ἁμαρτίαν

2034 2629 2295 2698 λέγουσαν
2315 2632 2406 2685 τὸν
2440 2633 2570 2685 Θεὸν
2598 2633 2979 2704 ἀνενέργητον,
2997 2633 3184 2701 λέγειν
3216 2633 3273 2685 δὲ
3303 2633 3427 2702 περὶ
3452 2630 3589 2682 αὑτοῦ

2032 2724 2092 2774 τὸ
2125 2723 2247 2776 οὕτε
2269 2726 2588 2796 πεποίηκεν,
2610 2725 2731 2778 οὔτε
2750 2729 2916 2788 ποιεῖ,
2936 2725 3063 2778 οὔτε
3092 2727 3311 2796 ποιήσει
3336 2728 3393 2778 ἐν
3422 2724 3591 2794 χρόνῳ,

2034 2816 2112 2878 εἰς
2130 2815 2227 2887 τὴν
2255 2818 2422 2888 αὐτήν
2455 2819 2601 2871 ἐστιν
2625 2819 2900 2888 ἁμαρτίαν
2933 2820 3222 2888 ἐμπεσεῖν.
3243 2819 3427 2888 Εἰγὰρ
3454 2817 3589 2885 ἠϐου-

2034 2907 2202 2980 λήθης
2237 2911 2590 2981 ἁμαρτάνειν,
2626 2912 2717 2963 καὶ
2749 2911 2930 2978 λέγειν
2954 2911 3047 2963 τὸν
3074 2909 3213 2963 Θεὸν
3245 2911 3591 2978 ὼενέργητον,

2033 3001 2084 3053 τί
2109 3002 2268 3055 πλέον
2297 2998 2442 3073 εἶχες
2465 3003 2642 3072 λέγειν
2675 2998 2746 3056 ὦν
2781 3003 2877 3056 νῦν
2904 3005 3161 3075 εἴρηκας,
3195 3003 3270 3073 μὴ
3307 3001 3591 3071 βουλόμενα

2035 3095 2368 3166 ἁμαρτάνειν
2416 3096 2510 3148 καὶ
2549 3096 2725 3164 λέγειν
2759 3096 3125 3166 ἀνενέργητον
3178 3096 3270 3147 τὸν
3319 3094 3478 3152 Θεὸν,
3518 3089 3591 3141 τοῦ

2039 3188 2170 3256 μήτε
2199 3187 2558 3257 πεποιηκέναι
2589 3187 2679 3239 τὸν
2712 3187 2868 3250 Θεὸν,
2895 3188 3034 3258 μήτε
3060 3189 3261 3248 ποιεῖν,
3299 3187 3432 3255 μήτε
3464 3184 3592 3248 ποιή-

2037 3294 2184 3340 σειν;
2220 3279 2327 3330 τῶν
2368 3279 2476 3350 γὰρ
2518 3280 2778 3351 ῥημάτων
2807 3280 2918 3332 τῶν
2956 3279 3218 3350 χρονικὴν
3257 3278 3485 3348 ἔμφασιν
3512 3275 3590 3339 5r,-

2033 3368 2265 3421 λούντων
2319 3371 2413 3422 καὶ
2464 3370 2727 3439 ἐχόντων,
2769 3371 2834 3422 ἐκ
2889 3370 2990 3439 τῆς
3019 3369 3305 3440 ἐνεργείας
3342 3367 3436 3418 τοῦ
3477 3361 3588 3415 Θεοί

2033 3461 2458 3532 ἀναιρουμένων,
2505 3462 2856 3533 εὑρεθήσεται
2893 3464 2922 3514 ὁ
2953 3461 3088 3524 Θεὸς
3122 3461 3502 3530 ἀνενέργητος·
3531 3455 3592 3506 διὸ

2031 3552 2154 3605 οὔτε
2190 3555 2441 3624 ποιητής.

2103 3645 2156 3698 4.
2191 3646 2254 3697 Εἰ
2292 3647 2457 3716 μηδὲν
2490 3645 2743 3717 ἐγχρονόν
2776 3646 2894 3698 ἐστι
2935 3645 3088 3718 παρὰ
3127 3647 3210 3716 τῷ
3244 3646 3363 3716 Θεῷ
3386 3685 3401 3707 ,
3434 3645 3588 3712 δῆλον,

2032 3739 2113 3790 ὅτι
2146 3735 2268 3788 οὔτε
2294 3737 2355 3788 τὸ
2378 3736 2748 3808 παρεληλυθὸς
2779 3736 2876 3790 τοῦ
2905 3739 3104 3810 χρόνου
3137 3740 3256 3791 ἐστὶ
3290 3739 3417 3809 παρ’
3443 3735 3590 3803 αὐτῷ.

2033 3830 2152 3883 οὔτε
2188 3831 2250 3883 τὸ
2278 3829 2529 3893 ἐνεστὼς,
2565 3829 2686 3883 οὔτε
2719 3829 2781 3882 τὸ
2812 3830 3028 3901 μέλλον.
3066 3831 3195 3895 Πῶς
3219 3828 3308 3885 οὖν
3331 3832 3359 3882 ὁ
3384 3832 3589 3898 ἀποκριο

2033 3923 2280 3992 νάμενος,
2312 3922 2550 3993 ἀναιρῶν
2588 3922 2694 3975 ἀπὸ
2717 3921 2812 3974 τοῦ
2849 3922 2988 3976 Θεοῦ
3020 3922 3092 3976 τὰ
3124 3923 3372 3995 ἐγχρονα,
3405 3921 3592 3989 τίθησιν

2034 4015 2126 4066 ἐπὶ
2153 4014 2246 4067 τοῦ
2281 4015 2416 4067 Θεοῦ
2465 4015 2532 4068 τά
2566 4015 2816 4087 ἐγχρονα,
2858 4016 2954 4069 καὶ
2990 4018 3157 4086 φησίν
3182 4035 3196 4049 ο
3238 4014 3414 4070 Ἀλλὰ
3453 4015 3516 4065 τό
3539 4027 3590 4063 τε·

356 4114 406 4158 et
453 4105 689 4173 futurum
739 4109 790 4159 in
830 4107 1141 4174 prmterito?
1171 4103 1286 4158 Hoc
1319 4106 1496 4174 ipsum
1528 4104 1637 4157 duo
1661 4103 1922 4172 quodam-

2103 4110 2334 4176 ιρελθύν
2361 4110 2520 4178 παρὰ
2564 4109 2646 4175 τῷ
2673 4108 2796 4174 Θεῷ
2835 4109 2908 4162 ἐν
2943 4109 3026 4175 τῷ
3066 4109 3364 4172 ἐνεστῶτι,
3405 4109 3493 4160 καὶ
3535 4105 3591 4157 τὸ

359 4197 520 4250 modo
549 4198 838 4267 signiﬁcat,
859 4199 942 4252 vel
963 4197 1092 4251 illud
1113 4195 1259 4266 quod
1285 4212 1395 4250 non
1428 4203 1534 4257 est,
1587 4195 1725 4263 apud
1763 4194 1922 4249 Deum

2103 4206 2260 4255 λλον
2305 4204 2375 4256 ἐν
2416 4202 2495 4268 τῷ
2522 4201 2638 4270 ἤδη
2684 4202 3026 4271 γεγονέναι;
3070 4201 3245 4255 Τοῦτο
3266 4202 3403 4254 δυεῖν
3447 4212 3590 4249 τινων

358 4305 480 4344 esse
507 4290 559 4343 in
581 4308 645 4345 eo
669 4291 812 4362 quod
832 4307 941 4343 non
964 4290 1170 4351 est,vel
1193 4289 1326 4342 illud
1357 4289 1500 4357 quod
1532 4302 1639 4339 non
1657 4299 1760 4349 est,
1789 4287 1922 4356 apud

2103 4310 2144 4344 ει
2175 4294 2273 4364 τὴν
2301 4294 2557 4364 ἔμφασιν,
2590 4293 2622 4364 ἢ
2657 4292 2816 4345 τοῦτο
2852 4293 2927 4364 μὴ
2952 4293 3013 4346 ὃν
3038 4293 3193 4365 παρὰ
3215 4293 3291 4363 τῷ
3320 4290 3430 4360 Θεῷ
3459 4291 3589 4341 ἐστιν

360 4382 528 4436 Deum
545 4398 667 4437 esse
681 4384 734 4436 in
751 4382 971 4452 ecquod
986 4389 1091 4435 est.
1111 4380 1166 4433 Si
1187 4381 1445 4450 primum,
1467 4379 1800 4448 impossibile
1813 4387 1897 4432 est
1915 4398 1925 4431 :

2034 4386 2091 4436 ἐν
2111 4385 2188 4454 τῷ
2219 4387 2292 4456 μὴ
2314 4387 2449 4450 ὖντι,
2475 4385 2507 4455 ἢ
2531 4385 2689 4437 τοῦτο
2707 4385 2782 4456 μὴ
2801 4385 2860 4436 ὃν
2890 4386 3044 4457 παρά
3071 4383 3285 4455 τῷΘεῷ
3301 4384 3435 4435 ἐστιν
3452 4383 3509 4432 ἐν
3524 4380 3588 4446 τῷ

357 4493 484 4530 nam
515 4478 570 4530 in
603 4479 787 4546 aliquo
815 4491 938 4530 esse
959 4475 1043 4529 vel
1069 4490 1177 4527 non
1206 4488 1328 4528 esse
1355 4473 1499 4526 illius
1525 4481 1609 4525 est
1646 4470 1790 4539 quod
1823 4477 1922 4524 est.

2103 4491 2170 4526 τι.
2222 4454 2358 4526 Ἃλλ’
2405 4477 2452 4527 εἰ
2485 4454 2584 4545 μὲν
2627 4454 2985 4545 τὸπρῶτον,
3019 4454 3171 4530 ἐστιν
3217 4475 3492 4529 ἀδύνατον·
3539 4471 3621 4520 rb‘

361 4569 418 4622 Si
461 4571 796 4632 secundum,
832 4575 918 4623 est
965 4567 1106 4639 apud
1139 4567 1306 4620 Deum
1339 4565 1390 4619 id
1433 4563 1577 4634 quod
1623 4577 1733 4616 non
1765 4571 1846 4616 est
1875 4564 1929 4615 in

356 4675 423 4714 eo
451 4662 594 4731 quod
619 4669 722 4724 est,
755 4661 808 4714 id
835 4670 918 4715 est
948 4659 1284 4729 przeteritum
1320 4666 1533 4726 tempus
1563 4657 1618 4710 in
1651 4657 1926 4725 prazsenti.

266 4744 278 4757 ’
358 4754 473 4808 Hoc
501 4762 680 4808 autem
710 4755 906 4824 posito,
943 4768 1051 4807 non
1081 4759 1246 4811 recte,
1280 4751 1413 4804 nihil
1435 4749 1577 4820 apud
1608 4748 1776 4802 Deum
1809 4763 1930 4802 esse,

359 4845 770 4914 temporarium,
796 4847 1002 4899 dictum
1041 4861 1164 4899 esse
1207 4845 1387 4911 arguit
1417 4842 1548 4896 illud
1597 4841 1926 4910 prmteritum

356 4938 415 4993 in
442 4939 720 5009 praesenti,
752 4947 806 4991 et
839 4938 1080 4991 futurum
1116 4938 1170 4989 in
1219 4935 1511 5004 praeterito,
1548 4949 1668 5002 quae
1708 4933 1926 5002 quidem

354 5039 486 5087 sunt
535 5031 903 5098 temporaria;
954 5038 1006 5083 et
1053 5028 1306 5099 quamvis
1355 5028 1648 5082 mutaverit
1680 5027 1923 5086 modum,

357 5137 466 5191 quo
500 5119 642 5189 apud
696 5119 865 5173 Deum
920 5129 1049 5174 sunt
1095 5120 1359 5188 temporis
1401 5127 1615 5188 partes,
1652 5118 1928 5172 concessit

357 5222 540 5266 tamen
575 5210 718 5280 apud
749 5227 872 5264 eum
906 5227 1029 5264 esse
1065 5211 1400 5280 praeteritum
1445 5217 1658 5278 tempus
1704 5219 1758 5262 et
1789 5223 1928 5278 pra:-

355 5321 484 5359 sens
519 5312 576 5357 et
621 5304 893 5358 futurum:
927 5303 1143 5358 etiamsi
1177 5317 1287 5355 non
1330 5301 1504 5371 magis
1543 5300 1732 5355 fecerit
1761 5315 1924 5369 quam

355 5396 553 5462 faciat;
589 5412 691 5451 nec
722 5412 915 5451 rursus
942 5396 1116 5464 magis
1159 5394 1324 5446 faciat
1351 5409 1513 5463 quam
1550 5392 1798 5446 facturus
1831 5391 1922 5445 sit.

358 5487 513 5544 Enim
542 5506 672 5545 vero
703 5490 831 5560 quid
863 5505 1001 5560 opus
1037 5495 1153 5542 erat
1187 5487 1320 5541 illud
1356 5489 1521 5557 magis
1549 5501 1828 5544 removere
1856 5484 1925 5539 ab

428 5643 538 5783 (60;
566 5645 642 5698 Τὰ
670 5645 839 5699 αὐτά.
873 5645 947 5701 Ita
977 5645 1213 5701 Clarom.
1250 5647 1390 5701 Editi
1413 5645 1602 5699 ταῦτα.

428 5714 509 5782 (Gl
572 5716 676 5768 Καὶ
705 5719 754 5768 εἰ
786 5715 891 5783 μή.
936 5716 1064 5783 Leg.
1111 5723 1160 5774 εἱ
1196 5718 1285 5770 καὶ
1321 5719 1414 5783 μή.
1454 5717 1602 5770 Pauli

427 5714 538 5783 (Gl)
572 5716 676 5768 Καὶ
705 5719 754 5768 εἰ
786 5715 891 5784 μή.
936 5716 1064 5787 Leg.
1111 5723 1160 5774 εἰ
1196 5718 1285 5770 καὶ
1321 5719 1414 5790 μή.
1454 5717 1622 5770 Paulo
1659 5724 1781 5788 post
1813 5717 1916 5788 leg.

2033 4565 2141 4636 γὰρ
2162 4566 2218 4619 ἓν
2249 4584 2353 4619 τινι
2386 4563 2546 4630 εἶναι,
2578 4567 2609 4637 ἢ
2643 4567 2715 4637 μὴ
2743 4563 2920 4629 εἶναι,
2948 4568 3043 4620 τοῦ
3074 4569 3228 4631 ὄντος
3267 4567 3430 4621 ἐστίν’
3467 4565 3513 4615 εξ
3540 4562 3586 4614 ἃ

2031 4658 2090 4710 rb
2115 4659 2387 4730 δεύτερον,
2420 4661 2534 4712 ἐστι
2565 4661 2711 4731 παρὰ
2743 4659 2825 4729 τῷ
2855 4661 2978 4731 Θεῷ
3007 4661 3069 4713 rb
3099 4662 3176 4732 μὴ
3199 4663 3257 4713 ὃν
3288 4662 3343 4712 ἐν
3365 4658 3436 4727 τῷ
3466 4657 3584 4712 ὄντι.

2030 4751 2273 4804 τουτέστι
2307 4753 2368 4804 τὸ
2407 4752 2773 4824 παρεληλυθὸς
2801 4753 2900 4806 τοῦ
2927 4755 3124 4825 χρόνου
3151 4756 3208 4806 ἐν
3257 4753 3328 4823 τῷ
3353 4752 3586 4804 ἐνεστῶτι

2029 4842 2121 4893 τοῦ
2158 4845 2369 4914 χρόνου.
2389 4845 2590 4896 Τούτου
2622 4845 2677 4896 δὲ
2711 4845 2991 4915 κειμένου,
3025 4845 3249 4914 ἐλεγχος
3279 4845 3473 4912 γίνεται
3505 4837 3584 4890 τοῦ

2034 4934 2108 5004 μὴ
2139 4935 2313 5005 ὀρθῶς
2345 4935 2599 5006 εἰρῆσθαι
2623 4936 2682 4988 τὸ
2705 4935 2860 4988 οὐδὲν
2887 4937 3146 5008 ἕγχρονον
3181 4935 3324 5008 παρὰ
3356 4933 3429 5004 τῷ
3458 4932 3582 5000 Θεῷ,

2029 5027 2089 5078 τὸ
2123 5027 2489 5097 παρεληλυθὸς
2523 5029 2580 5080 ἐν
2612 5027 2688 5098 τῷ
2720 5029 3001 5092 ἐνεστῶτι,
3038 5030 3216 5083 καὶτὸ
3242 5027 3416 5101 μέλλον
3437 5029 3493 5078 ἐν
3517 5021 3582 5090 τῷ

2029 5119 2127 5190 ἤδη
2163 5119 2480 5188 γεγονέναι·
2509 5119 2687 5173 ¹ἅτινά
2739 5121 2890 5174 ἐστιν
2923 5121 3188 5192 ἕγχρονα’
3231 5123 3318 5174 καὶ
3353 5121 3396 5171 εἰ
3443 5116 3581 5186 ἐνήλ-

2028 5210 2153 5274 λαξε
2185 5213 2275 5266 τὸν
2314 5213 2516 5282 τρόπον
2549 5211 2642 5265 τοῦ
2683 5211 2801 5276 πῶς
2830 5215 2949 5265 ἐστι
2990 5215 3143 5282 παρά
3179 5213 3254 5282 τῷ
3273 5211 3382 5280 Θεῷ
3413 5208 3480 5260 τὰ
3502 5206 3580 5257 τοῦ

2027 5303 2220 5372 χρόνου
2247 5304 2408 5375 μέρη,
2434 5305 2546 5357 ἀλλ’
2579 5305 2726 5375 ὅμως
2757 5303 2990 5358 δέδωκεν
3015 5302 3157 5358 εἶναι
3187 5307 3307 5376 παρ’
3336 5302 3479 5371 αὑτῷ
3500 5300 3579 5350 τοι]

2027 5393 2221 5464 χρόνου
2254 5397 2315 5448 rb
2352 5397 2744 5468 παρεληλυθὸς,
2780 5399 2874 5450 καὶ
2901 5398 2962 5450 τὸ
2998 5399 3248 5462 ἐνεστὼς,
3272 5395 3441 5451 καὶτὸ
3469 5393 3582 5462 μέλι

2027 5484 2146 5537 λον’
2174 5488 2268 5540 καὶ
2306 5489 2354 5540 εἰ
2403 5489 2476 5560 μὴ
2510 5489 2620 5560 (61)
2656 5489 2852 5559 μᾶλλον
2891 5490 2954 5543 τὸ
2986 5493 3252 5562 πεποίηκε
3288 5487 3373 5540 τοῦ
3414 5478 3576 5539 ποιεῖ.

2025 5646 2434 5722 τῶν-ποιήσεων
2451 5647 2847 5722 οὐσῶνεδιιρῑε
2883 5649 2988 5721 leg.
3023 5651 3056 5722 ἢ
3086 5651 3238 5704 τοῦτο
3269 5648 3337 5719 μὴ
3364 5644 3578 5713 avaras-{1

2026 5718 2103 5788 τῷ
2130 5719 2247 5789 Θεῷ
2280 5718 2426 5772 ἐστιν
2447 5719 2503 5771 ἐν
2543 5719 2618 5791 τῷ
2642 5718 2775 5775 δντιζ
