  <div class='ocr_page' id='page_1' title='image "/cluster/home/n/w/nwhite01/storage/ocr_20150623/6/hvd.32044019206606/718.png"; bbox 0 0 3690 6494; ppageno 0'>
   <div class='ocr_carea' id='block_1_1' title="bbox 27 347 2304 423">
    <p class='ocr_par' dir='ltr' id='par_1_1' title="bbox 27 347 2304 423">
     <span class='ocr_line' id='line_1_1' title="bbox 27 347 2304 423; baseline 0 -13"><span class='ocrx_word' id='word_1_1' title='bbox 27 356 53 410; x_wconf 87' lang='grc' dir='ltr'><strong>Ι</strong></span> <span class='ocrx_word' id='word_1_2' title='bbox 876 348 1343 423; x_wconf 71' lang='grc' dir='ltr'><strong>ΟΠΑΞΞΤΙΟΝΕΞ</strong></span> <span class='ocrx_word' id='word_1_3' title='bbox 1374 347 1821 409; x_wconf 66' lang='grc' dir='ltr'>ριιιιιετιΑΝΑε</span> <span class='ocrx_word' id='word_1_4' title='bbox 1863 349 1954 407; x_wconf 75' lang='grc' dir='ltr'><strong>ΑΙ)</strong></span> <span class='ocrx_word' id='word_1_5' title='bbox 1990 351 2304 410; x_wconf 66' lang='grc' dir='ltr'><strong>ὈΒΕΟΟΒ</strong></span> 
     </span>
    </p>
   </div>
   <div class='ocr_carea' id='block_1_2' title="bbox 3111 359 3254 415">
    <p class='ocr_par' dir='ltr' id='par_1_2' title="bbox 3111 359 3254 415">
     <span class='ocr_line' id='line_1_2' title="bbox 3111 359 3254 415; baseline 0.014 -2"><span class='ocrx_word' id='word_1_6' title='bbox 3111 359 3254 415; x_wconf 71' lang='lat'><strong>“2‘2</strong></span> 
     </span>
    </p>
   </div>
   <div class='ocr_carea' id='block_1_3' title="bbox 28 469 1552 547">
    <p class='ocr_par' dir='ltr' id='par_1_3' title="bbox 28 469 1552 545">
     <span class='ocr_line' id='line_1_3' title="bbox 28 469 1552 545; baseline -0.003 -17"><span class='ocrx_word' id='word_1_7' title='bbox 28 479 40 493; x_wconf 89' lang='lat'>&#39;</span> <span class='ocrx_word' id='word_1_8' title='bbox 86 470 162 528; x_wconf 76' lang='grc' dir='ltr'><strong>αὖ</strong></span> <span class='ocrx_word' id='word_1_9' title='bbox 204 475 279 527; x_wconf 83' lang='grc' dir='ltr'><strong>τὸ</strong></span> <span class='ocrx_word' id='word_1_10' title='bbox 312 474 457 528; x_wconf 83' lang='grc' dir='ltr'>ποιεῖ</span> <span class='ocrx_word' id='word_1_11' title='bbox 488 472 581 527; x_wconf 85' lang='grc' dir='ltr'><strong>τοῦ</strong></span> <span class='ocrx_word' id='word_1_12' title='bbox 616 475 850 545; x_wconf 83' lang='grc' dir='ltr'>ποιήσει.</span> <span class='ocrx_word' id='word_1_13' title='bbox 901 474 1055 526; x_wconf 56' lang='grc' dir='ltr'><strong>Ἐπελ⁸</strong></span> <span class='ocrx_word' id='word_1_14' title='bbox 1081 474 1167 538; x_wconf 80' lang='grc' dir='ltr'><strong>τίς</strong></span> <span class='ocrx_word' id='word_1_15' title='bbox 1190 469 1257 545; x_wconf 74' lang='grc' dir='ltr'>ἦν</span> <span class='ocrx_word' id='word_1_16' title='bbox 1293 474 1449 545; x_wconf 84' lang='grc' dir='ltr'>χρεία</span> <span class='ocrx_word' id='word_1_17' title='bbox 1476 472 1552 543; x_wconf 67' lang='grc' dir='ltr'><strong>τῆς</strong></span> 
     </span>
    </p>
   </div>
   <div class='ocr_carea' id='block_1_4' title="bbox 1731 469 3256 547">
    <p class='ocr_par' dir='ltr' id='par_1_4' title="bbox 1731 471 3256 547">
     <span class='ocr_line' id='line_1_4' title="bbox 1731 471 3256 547; baseline 0.005 -22"><span class='ocrx_word' id='word_1_18' title='bbox 1731 472 2098 541; x_wconf 70' lang='lat' dir='ltr'><strong>)erationibus</strong></span> <span class='ocrx_word' id='word_1_19' title='bbox 2129 472 2273 527; x_wconf 82' lang='lat' dir='ltr'><strong>inter</strong></span> <span class='ocrx_word' id='word_1_20' title='bbox 2299 486 2359 527; x_wconf 89' lang='lat' dir='ltr'><strong>se</strong></span> <span class='ocrx_word' id='word_1_21' title='bbox 2389 471 2692 527; x_wconf 78' lang='lat' dir='ltr'><strong>secundum</strong></span> <span class='ocrx_word' id='word_1_22' title='bbox 2717 472 2903 539; x_wconf 75' lang='lat' dir='ltr'><strong>verba,</strong></span> <span class='ocrx_word' id='word_1_23' title='bbox 2934 474 3056 542; x_wconf 80' lang='lat' dir='ltr'><strong>fecit</strong></span> <span class='ocrx_word' id='word_1_24' title='bbox 3084 484 3139 530; x_wconf 90' lang='lat' dir='ltr'><strong>et</strong></span> <span class='ocrx_word' id='word_1_25' title='bbox 3167 476 3256 547; x_wconf 86' lang='lat' dir='ltr'><strong>fa-</strong></span> 
     </span>
    </p>
   </div>
   <div class='ocr_carea' id='block_1_5' title="bbox 44 565 1565 640">
    <p class='ocr_par' dir='ltr' id='par_1_5' title="bbox 44 565 1565 640">
     <span class='ocr_line' id='line_1_5' title="bbox 44 565 1565 640; baseline -0.002 -18"><span class='ocrx_word' id='word_1_26' title='bbox 44 566 339 637; x_wconf 67' lang='grc' dir='ltr'>μνᾶλλον</span> <span class='ocrx_word' id='word_1_27' title='bbox 373 568 704 640; x_wconf 79' lang='grc' dir='ltr'><strong>ἀναιρέσεως</strong></span> <span class='ocrx_word' id='word_1_28' title='bbox 730 566 840 620; x_wconf 84' lang='grc' dir='ltr'>ἀπὸ</span> <span class='ocrx_word' id='word_1_29' title='bbox 862 565 970 619; x_wconf 83' lang='grc' dir='ltr'><strong>τῶν</strong></span> <span class='ocrx_word' id='word_1_30' title='bbox 1001 567 1271 638; x_wconf 75' lang='grc' dir='ltr'><strong>ποιήσεων</strong></span> <span class='ocrx_word' id='word_1_31' title='bbox 1296 566 1405 619; x_wconf 85' lang='grc' dir='ltr'><strong>τῶν</strong></span> <span class='ocrx_word' id='word_1_32' title='bbox 1426 565 1565 619; x_wconf 86' lang='grc' dir='ltr'><strong>κατὰ</strong></span> 
     </span>
    </p>
   </div>
   <div class='ocr_carea' id='block_1_6' title="bbox 27 659 1565 731">
    <p class='ocr_par' dir='ltr' id='par_1_6' title="bbox 27 659 1565 731">
     <span class='ocr_line' id='line_1_6' title="bbox 27 659 1565 731; baseline -0.001 -17"><span class='ocrx_word' id='word_1_33' title='bbox 27 662 394 730; x_wconf 74' lang='grc' dir='ltr'>πεποίηκε,</span> <span class='ocrx_word' id='word_1_34' title='bbox 428 662 522 715; x_wconf 68' lang='grc' dir='ltr'><strong>καὶ</strong></span> <span class='ocrx_word' id='word_1_35' title='bbox 548 660 723 725; x_wconf 83' lang='grc' dir='ltr'>ποιεῖ,</span> <span class='ocrx_word' id='word_1_36' title='bbox 753 660 846 713; x_wconf 72' lang='grc' dir='ltr'><strong>καὶ</strong></span> <span class='ocrx_word' id='word_1_37' title='bbox 877 659 1134 727; x_wconf 80' lang='grc' dir='ltr'>ποιήσει,</span> <span class='ocrx_word' id='word_1_38' title='bbox 1162 659 1405 731; x_wconf 87' lang='grc' dir='ltr'>ἀλλήλων</span> <span class='ocrx_word' id='word_1_39' title='bbox 1449 660 1565 712; x_wconf 88' lang='grc' dir='ltr'>δια-</span> 
     </span>
    </p>
   </div>
   <div class='ocr_carea' id='block_1_7' title="bbox 28 752 1566 826">
    <p class='ocr_par' dir='ltr' id='par_1_7' title="bbox 28 752 1566 826">
     <span class='ocr_line' id='line_1_7' title="bbox 28 752 1566 826; baseline -0.001 -19"><span class='ocrx_word' id='word_1_40' title='bbox 28 754 253 807; x_wconf 65' lang='grc' dir='ltr'>ωσῶν</span> <span class='ocrx_word' id='word_1_41' title='bbox 283 796 299 820; x_wconf 92' lang='grc'><strong>,</strong></span> <span class='ocrx_word' id='word_1_42' title='bbox 338 754 450 807; x_wconf 80' lang='grc' dir='ltr'><strong>τῶν</strong></span> <span class='ocrx_word' id='word_1_43' title='bbox 496 756 769 826; x_wconf 78' lang='grc' dir='ltr'>ποιήσεων</span> <span class='ocrx_word' id='word_1_44' title='bbox 813 754 913 807; x_wconf 80' lang='grc' dir='ltr'><strong>οὐκ</strong></span> <span class='ocrx_word' id='word_1_45' title='bbox 945 752 1119 807; x_wconf 80' lang='grc' dir='ltr'>οὐσῶν</span> <span class='ocrx_word' id='word_1_46' title='bbox 1162 753 1271 807; x_wconf 85' lang='grc' dir='ltr'>τῶν</span> <span class='ocrx_word' id='word_1_47' title='bbox 1314 752 1456 806; x_wconf 83' lang='grc' dir='ltr'><strong>κατὰ</strong></span> <span class='ocrx_word' id='word_1_48' title='bbox 1507 754 1566 805; x_wconf 88' lang='grc' dir='ltr'><strong>τὸ</strong></span> 
     </span>
    </p>
   </div>
   <div class='ocr_carea' id='block_1_8' title="bbox 28 844 1565 921">
    <p class='ocr_par' dir='ltr' id='par_1_8' title="bbox 28 844 1565 921">
     <span class='ocr_line' id='line_1_8' title="bbox 28 844 1565 921; baseline -0.001 -21"><span class='ocrx_word' id='word_1_49' title='bbox 28 849 162 901; x_wconf 58' lang='grc' dir='ltr'><strong>λον</strong></span> <span class='ocrx_word' id='word_1_50' title='bbox 216 850 323 902; x_wconf 77' lang='grc' dir='ltr'><strong>καὶ</strong></span> <span class='ocrx_word' id='word_1_51' title='bbox 368 844 531 919; x_wconf 81' lang='grc' dir='ltr'>ἦττον</span> <span class='ocrx_word' id='word_1_52' title='bbox 576 848 650 919; x_wconf 82' lang='grc' dir='ltr'>μὴ</span> <span class='ocrx_word' id='word_1_53' title='bbox 697 846 1070 921; x_wconf 76' lang='grc' dir='ltr'>διαφερουσῶν</span> <span class='ocrx_word' id='word_1_54' title='bbox 1113 846 1391 918; x_wconf 81' lang='grc' dir='ltr'>ἀλλήλων·</span> <span class='ocrx_word' id='word_1_55' title='bbox 1448 846 1565 899; x_wconf 79' lang='grc' dir='ltr'>οὐδὲ</span> 
     </span>
    </p>
   </div>
   <div class='ocr_carea' id='block_1_9' title="bbox 27 936 1567 1014">
    <p class='ocr_par' dir='ltr' id='par_1_9' title="bbox 27 936 1567 1014">
     <span class='ocr_line' id='line_1_9' title="bbox 27 936 1567 1014; baseline -0.002 -19"><span class='ocrx_word' id='word_1_56' title='bbox 27 966 35 989; x_wconf 72' lang='grc' dir='ltr'><strong><em>ο</em></strong></span> <span class='ocrx_word' id='word_1_57' title='bbox 112 942 422 1014; x_wconf 78' lang='grc' dir='ltr'>ἀναίρεσίς</span> <span class='ocrx_word' id='word_1_58' title='bbox 466 942 582 993; x_wconf 85' lang='grc' dir='ltr'>ἐστι</span> <span class='ocrx_word' id='word_1_59' title='bbox 626 936 722 993; x_wconf 86' lang='grc' dir='ltr'><strong>τοῦ</strong></span> <span class='ocrx_word' id='word_1_60' title='bbox 762 938 1119 1011; x_wconf 77' lang='grc' dir='ltr'>πεποιηκέναι</span> <span class='ocrx_word' id='word_1_61' title='bbox 1153 940 1215 993; x_wconf 88' lang='grc' dir='ltr'><strong>τὸ</strong></span> <span class='ocrx_word' id='word_1_62' title='bbox 1262 941 1337 1012; x_wconf 85' lang='grc' dir='ltr'>μὴ</span> <span class='ocrx_word' id='word_1_63' title='bbox 1368 939 1567 1011; x_wconf 82' lang='grc' dir='ltr'>μᾶλλον</span> 
     </span>
    </p>
   </div>
   <div class='ocr_carea' id='block_1_10' title="bbox 27 1032 1561 1108">
    <p class='ocr_par' dir='ltr' id='par_1_10' title="bbox 27 1032 1561 1108">
     <span class='ocr_line' id='line_1_10' title="bbox 27 1032 1561 1108; baseline -0.001 -20"><span class='ocrx_word' id='word_1_64' title='bbox 27 1036 275 1108; x_wconf 74' lang='grc' dir='ltr'>τοίηκεν</span> <span class='ocrx_word' id='word_1_65' title='bbox 300 1036 335 1107; x_wconf 84' lang='grc' dir='ltr'>ἢ</span> <span class='ocrx_word' id='word_1_66' title='bbox 364 1039 525 1098; x_wconf 84' lang='grc' dir='ltr'>ποιεῖ,</span> <span class='ocrx_word' id='word_1_67' title='bbox 547 1034 682 1088; x_wconf 79' lang='grc' dir='ltr'>ἀλλὰ</span> <span class='ocrx_word' id='word_1_68' title='bbox 710 1034 859 1099; x_wconf 85' lang='grc' dir='ltr'>θέσις</span> <span class='ocrx_word' id='word_1_69' title='bbox 896 1034 1092 1104; x_wconf 85' lang='grc' dir='ltr'>μᾶλλον</span> <span class='ocrx_word' id='word_1_70' title='bbox 1118 1032 1213 1087; x_wconf 85' lang='grc' dir='ltr'><strong>τοῦ</strong></span> <span class='ocrx_word' id='word_1_71' title='bbox 1244 1033 1561 1104; x_wconf 78' lang='grc' dir='ltr'>πεποίηκεν.</span> 
     </span>
    </p>
   </div>
   <div class='ocr_carea' id='block_1_11' title="bbox 32 1124 1564 1201">
    <p class='ocr_par' dir='ltr' id='par_1_11' title="bbox 32 1124 1564 1201">
     <span class='ocr_line' id='line_1_11' title="bbox 32 1124 1564 1201; baseline -0.001 -20"><span class='ocrx_word' id='word_1_72' title='bbox 32 1130 130 1183; x_wconf 76' lang='grc' dir='ltr'>λὰ</span> <span class='ocrx_word' id='word_1_73' title='bbox 164 1129 467 1201; x_wconf 82' lang='grc' dir='ltr'>προδήλως</span> <span class='ocrx_word' id='word_1_74' title='bbox 494 1127 672 1181; x_wconf 84' lang='grc' dir='ltr'>πάντα</span> <span class='ocrx_word' id='word_1_75' title='bbox 701 1128 802 1181; x_wconf 85' lang='grc' dir='ltr'><strong>ὃσα</strong></span> <span class='ocrx_word' id='word_1_76' title='bbox 833 1126 1042 1180; x_wconf 71' lang='grc' dir='ltr'>ἀνεῖλεν</span> <span class='ocrx_word' id='word_1_77' title='bbox 1074 1124 1183 1180; x_wconf 81' lang='grc' dir='ltr'>ἀπὸ</span> <span class='ocrx_word' id='word_1_78' title='bbox 1207 1126 1302 1180; x_wconf 84' lang='grc' dir='ltr'><strong>τοῦ</strong></span> <span class='ocrx_word' id='word_1_79' title='bbox 1334 1126 1469 1179; x_wconf 87' lang='grc' dir='ltr'>Θεοῦ</span> <span class='ocrx_word' id='word_1_80' title='bbox 1497 1127 1564 1179; x_wconf 75' lang='grc' dir='ltr'><strong>τὰ</strong></span> 
     </span>
    </p>
   </div>
   <div class='ocr_carea' id='block_1_12' title="bbox 33 1220 1562 1296">
    <p class='ocr_par' dir='ltr' id='par_1_12' title="bbox 33 1220 1562 1296">
     <span class='ocr_line' id='line_1_12' title="bbox 33 1220 1562 1296; baseline -0.002 -20"><span class='ocrx_word' id='word_1_81' title='bbox 33 1242 198 1296; x_wconf 82' lang='grc' dir='ltr'>ρονα</span> <span class='ocrx_word' id='word_1_82' title='bbox 238 1226 302 1277; x_wconf 84' lang='grc' dir='ltr'><strong>ἐν</strong></span> <span class='ocrx_word' id='word_1_83' title='bbox 336 1221 416 1293; x_wconf 80' lang='grc' dir='ltr'>τῷ</span> <span class='ocrx_word' id='word_1_84' title='bbox 454 1222 729 1294; x_wconf 71' lang='grc' dir='ltr'>προοιμίῳ</span> <span class='ocrx_word' id='word_1_85' title='bbox 760 1222 859 1292; x_wconf 82' lang='grc' dir='ltr'>τῆς</span> <span class='ocrx_word' id='word_1_86' title='bbox 901 1220 1159 1292; x_wconf 79' lang='grc' dir='ltr'><strong>δευτέρας</strong></span> <span class='ocrx_word' id='word_1_87' title='bbox 1200 1220 1562 1292; x_wconf 69' lang='grc' dir='ltr'>ἀποκρίσεως,</span> 
     </span>
    </p>
   </div>
   <div class='ocr_carea' id='block_1_13' title="bbox 31 1310 1566 1385">
    <p class='ocr_par' dir='ltr' id='par_1_13' title="bbox 31 1310 1566 1385">
     <span class='ocr_line' id='line_1_13' title="bbox 31 1310 1566 1385; baseline -0.002 -19"><span class='ocrx_word' id='word_1_88' title='bbox 31 1334 125 1368; x_wconf 83' lang='grc' dir='ltr'><strong>τα</strong></span> <span class='ocrx_word' id='word_1_89' title='bbox 158 1313 323 1385; x_wconf 77' lang='grc' dir='ltr'>αὐτῷ</span> <span class='ocrx_word' id='word_1_90' title='bbox 356 1313 643 1367; x_wconf 86' lang='grc' dir='ltr'>κατέλιπεν</span> <span class='ocrx_word' id='word_1_91' title='bbox 682 1311 917 1366; x_wconf 79' lang='grc' dir='ltr'>ἐνταῦθα</span> <span class='ocrx_word' id='word_1_92' title='bbox 938 1352 952 1372; x_wconf 83' lang='grc'><strong>,</strong></span> <span class='ocrx_word' id='word_1_93' title='bbox 978 1312 1058 1377; x_wconf 88' lang='grc' dir='ltr'>ὠς</span> <span class='ocrx_word' id='word_1_94' title='bbox 1086 1310 1268 1365; x_wconf 84' lang='grc' dir='ltr'>οὐδὲν</span> <span class='ocrx_word' id='word_1_95' title='bbox 1300 1311 1566 1379; x_wconf 80' lang='grc' dir='ltr'>ρευστὸν</span> 
     </span>
    </p>
   </div>
   <div class='ocr_carea' id='block_1_14' title="bbox 28 1402 1565 1473">
    <p class='ocr_par' dir='ltr' id='par_1_14' title="bbox 28 1402 1565 1473">
     <span class='ocr_line' id='line_1_14' title="bbox 28 1402 1565 1473; baseline -0.002 -14"><span class='ocrx_word' id='word_1_96' title='bbox 28 1425 218 1473; x_wconf 72' lang='grc' dir='ltr'>»ντος</span> <span class='ocrx_word' id='word_1_97' title='bbox 236 1407 349 1461; x_wconf 85' lang='grc' dir='ltr'><strong>τοῦ</strong></span> <span class='ocrx_word' id='word_1_98' title='bbox 363 1406 533 1470; x_wconf 83' lang='grc' dir='ltr'>Θεοῦ,</span> <span class='ocrx_word' id='word_1_99' title='bbox 546 1406 637 1459; x_wconf 78' lang='grc' dir='ltr'><strong>ἀεὶ</strong></span> <span class='ocrx_word' id='word_1_100' title='bbox 656 1404 723 1458; x_wconf 85' lang='grc' dir='ltr'><strong>δὲ</strong></span> <span class='ocrx_word' id='word_1_101' title='bbox 739 1404 810 1459; x_wconf 85' lang='grc' dir='ltr'>τὰ</span> <span class='ocrx_word' id='word_1_102' title='bbox 828 1404 982 1458; x_wconf 83' lang='grc' dir='ltr'>αὐτὰ</span> <span class='ocrx_word' id='word_1_103' title='bbox 1002 1403 1321 1470; x_wconf 82' lang='grc' dir='ltr'>ποιοῦντος</span> <span class='ocrx_word' id='word_1_104' title='bbox 1335 1403 1433 1457; x_wconf 82' lang='grc' dir='ltr'><strong>διὰ</strong></span> <span class='ocrx_word' id='word_1_105' title='bbox 1451 1402 1565 1469; x_wconf 79' lang='grc' dir='ltr'><strong>τὴν</strong></span> 
     </span>
    </p>
   </div>
   <div class='ocr_carea' id='block_1_15' title="bbox 28 1496 1565 1568">
    <p class='ocr_par' dir='ltr' id='par_1_15' title="bbox 28 1496 1565 1568">
     <span class='ocr_line' id='line_1_15' title="bbox 28 1496 1565 1568; baseline -0.003 -13"><span class='ocrx_word' id='word_1_106' title='bbox 28 1503 202 1555; x_wconf 65' lang='lat' dir='ltr'><strong>star</strong></span> <span class='ocrx_word' id='word_1_107' title='bbox 211 1500 409 1555; x_wconf 82' lang='grc' dir='ltr'>αὐτοῦ</span> <span class='ocrx_word' id='word_1_108' title='bbox 419 1499 517 1553; x_wconf 74' lang='grc' dir='ltr'>καὶ</span> <span class='ocrx_word' id='word_1_109' title='bbox 529 1496 939 1568; x_wconf 75' lang='grc' dir='ltr'>ἀμετάϐλητον</span> <span class='ocrx_word' id='word_1_110' title='bbox 952 1498 1170 1568; x_wconf 79' lang='grc' dir='ltr'>δύναμί</span> <span class='ocrx_word' id='word_1_111' title='bbox 1172 1516 1209 1551; x_wconf 90' lang='grc' dir='ltr'><strong>ν</strong></span> <span class='ocrx_word' id='word_1_112' title='bbox 1220 1512 1283 1551; x_wconf 84' lang='grc' dir='ltr'><strong>τε</strong></span> <span class='ocrx_word' id='word_1_113' title='bbox 1296 1498 1393 1551; x_wconf 77' lang='grc' dir='ltr'>καὶ</span> <span class='ocrx_word' id='word_1_114' title='bbox 1409 1497 1565 1565; x_wconf 75' lang='grc' dir='ltr'>ἐνέρ-</span> 
     </span>
    </p>
   </div>
   <div class='ocr_carea' id='block_1_16' title="bbox 27 1588 1558 1664">
    <p class='ocr_par' dir='ltr' id='par_1_16' title="bbox 27 1588 1558 1664">
     <span class='ocr_line' id='line_1_16' title="bbox 27 1588 1558 1664; baseline -0.005 -17"><span class='ocrx_word' id='word_1_115' title='bbox 27 1612 147 1647; x_wconf 78' lang='grc' dir='ltr'>αν.</span> <span class='ocrx_word' id='word_1_116' title='bbox 190 1595 255 1647; x_wconf 86' lang='lat'><strong>&#39;0</strong></span> <span class='ocrx_word' id='word_1_117' title='bbox 283 1593 524 1664; x_wconf 83' lang='grc' dir='ltr'>ἀναιρῶν</span> <span class='ocrx_word' id='word_1_118' title='bbox 553 1590 621 1645; x_wconf 83' lang='grc' dir='ltr'>τὰ</span> <span class='ocrx_word' id='word_1_119' title='bbox 655 1590 887 1663; x_wconf 80' lang='grc' dir='ltr'>ἐγχρονα</span> <span class='ocrx_word' id='word_1_120' title='bbox 916 1590 977 1644; x_wconf 80' lang='grc' dir='ltr'><strong>ού</strong></span> <span class='ocrx_word' id='word_1_121' title='bbox 1005 1590 1189 1661; x_wconf 83' lang='grc' dir='ltr'>τίθησι</span> <span class='ocrx_word' id='word_1_122' title='bbox 1213 1588 1281 1643; x_wconf 82' lang='grc' dir='ltr'>τὰ</span> <span class='ocrx_word' id='word_1_123' title='bbox 1309 1589 1558 1660; x_wconf 74' lang='grc' dir='ltr'>ἐγχρονα.</span> 
     </span>
    </p>
   </div>
   <div class='ocr_carea' id='block_1_17' title="bbox 28 1680 1563 1754">
    <p class='ocr_par' dir='ltr' id='par_1_17' title="bbox 28 1680 1563 1754">
     <span class='ocr_line' id='line_1_17' title="bbox 28 1680 1563 1754; baseline -0.003 -16"><span class='ocrx_word' id='word_1_124' title='bbox 28 1704 66 1748; x_wconf 83' lang='grc' dir='ltr'><strong>ς</strong></span> <span class='ocrx_word' id='word_1_125' title='bbox 106 1681 307 1747; x_wconf 74' lang='grc' dir='ltr'>οὖν,εἰ</span> <span class='ocrx_word' id='word_1_126' title='bbox 343 1684 484 1737; x_wconf 79' lang='grc' dir='ltr'>κατὰ</span> <span class='ocrx_word' id='word_1_127' title='bbox 513 1682 603 1736; x_wconf 87' lang='grc' dir='ltr'><strong>τὸν</strong></span> <span class='ocrx_word' id='word_1_128' title='bbox 642 1682 1077 1754; x_wconf 83' lang='grc' dir='ltr'>ἀποκρινάμενον</span> <span class='ocrx_word' id='word_1_129' title='bbox 1107 1681 1271 1753; x_wconf 81' lang='grc' dir='ltr'>μηδὲν</span> <span class='ocrx_word' id='word_1_130' title='bbox 1310 1680 1563 1753; x_wconf 78' lang='grc' dir='ltr'>έγχρονον</span> 
     </span>
    </p>
   </div>
   <div class='ocr_carea' id='block_1_18' title="bbox 28 1773 1563 1848">
    <p class='ocr_par' dir='ltr' id='par_1_18' title="bbox 28 1773 1563 1848">
     <span class='ocr_line' id='line_1_18' title="bbox 28 1773 1563 1848; baseline -0.003 -17"><span class='ocrx_word' id='word_1_131' title='bbox 28 1778 103 1831; x_wconf 60' lang='lat' dir='ltr'><strong>si</strong></span> <span class='ocrx_word' id='word_1_132' title='bbox 125 1777 215 1848; x_wconf 80' lang='grc' dir='ltr'>τῷ</span> <span class='ocrx_word' id='word_1_133' title='bbox 230 1778 376 1848; x_wconf 81' lang='grc' dir='ltr'>Θεῷ,</span> <span class='ocrx_word' id='word_1_134' title='bbox 396 1778 540 1830; x_wconf 84' lang='grc' dir='ltr'>ποιεῖ</span> <span class='ocrx_word' id='word_1_135' title='bbox 561 1774 629 1829; x_wconf 81' lang='grc' dir='ltr'>τὰ</span> <span class='ocrx_word' id='word_1_136' title='bbox 648 1776 787 1829; x_wconf 77' lang='grc' dir='ltr'>αὐτὰ</span> <span class='ocrx_word' id='word_1_137' title='bbox 801 1775 830 1827; x_wconf 87' lang='lat'><strong>6</strong></span> <span class='ocrx_word' id='word_1_138' title='bbox 851 1776 1013 1839; x_wconf 88' lang='grc' dir='ltr'>Θεός;</span> <span class='ocrx_word' id='word_1_139' title='bbox 1034 1774 1108 1828; x_wconf 90' lang='grc' dir='ltr'>Τὸ</span> <span class='ocrx_word' id='word_1_140' title='bbox 1125 1774 1234 1846; x_wconf 76' lang='grc' dir='ltr'>γὰρ</span> <span class='ocrx_word' id='word_1_141' title='bbox 1258 1774 1417 1828; x_wconf 78' lang='grc' dir='ltr'>ποιεῖ</span> <span class='ocrx_word' id='word_1_142' title='bbox 1437 1773 1563 1827; x_wconf 81' lang='grc' dir='ltr'><strong>ἀδύ-</strong></span> 
     </span>
    </p>
   </div>
   <div class='ocr_carea' id='block_1_19' title="bbox 1670 566 3254 638">
    <p class='ocr_par' dir='ltr' id='par_1_19' title="bbox 1670 566 3254 638">
     <span class='ocr_line' id='line_1_19' title="bbox 1670 566 3254 638; baseline 0.004 -18"><span class='ocrx_word' id='word_1_143' title='bbox 1670 568 1743 620; x_wconf 82' lang='lat' dir='ltr'><strong>cit</strong></span> <span class='ocrx_word' id='word_1_144' title='bbox 1763 574 1815 622; x_wconf 89' lang='lat' dir='ltr'><strong>et</strong></span> <span class='ocrx_word' id='word_1_145' title='bbox 1844 566 2024 636; x_wconf 86' lang='lat' dir='ltr'><strong>faciet,</strong></span> <span class='ocrx_word' id='word_1_146' title='bbox 2073 566 2545 637; x_wconf 79' lang='lat' dir='ltr'><strong>discrepantibus,</strong></span> <span class='ocrx_word' id='word_1_147' title='bbox 2597 566 2702 620; x_wconf 88' lang='lat' dir='ltr'><strong>nisi</strong></span> <span class='ocrx_word' id='word_1_148' title='bbox 2740 566 2870 637; x_wconf 82' lang='lat' dir='ltr'><strong>quia</strong></span> <span class='ocrx_word' id='word_1_149' title='bbox 2903 569 3254 638; x_wconf 85' lang='lat' dir='ltr'><strong>operationes</strong></span> 
     </span>
    </p>
   </div>
   <div class='ocr_carea' id='block_1_20' title="bbox 1671 658 3255 731">
    <p class='ocr_par' dir='ltr' id='par_1_20' title="bbox 1671 658 3255 731">
     <span class='ocr_line' id='line_1_20' title="bbox 1671 658 3255 731; baseline 0.004 -18"><span class='ocrx_word' id='word_1_150' title='bbox 1671 668 1798 713; x_wconf 92' lang='lat' dir='ltr'><strong>sunt</strong></span> <span class='ocrx_word' id='word_1_151' title='bbox 1835 675 1955 731; x_wconf 66' lang='lat' dir='ltr'><strong>quin</strong></span> <span class='ocrx_word' id='word_1_152' title='bbox 2011 659 2081 713; x_wconf 89' lang='lat' dir='ltr'><strong>ab</strong></span> <span class='ocrx_word' id='word_1_153' title='bbox 2125 660 2359 714; x_wconf 90' lang='lat' dir='ltr'><strong>invicem</strong></span> <span class='ocrx_word' id='word_1_154' title='bbox 2388 658 2694 715; x_wconf 87' lang='lat' dir='ltr'><strong>secundum</strong></span> <span class='ocrx_word' id='word_1_155' title='bbox 2726 660 2907 729; x_wconf 84' lang='lat' dir='ltr'><strong>majus</strong></span> <span class='ocrx_word' id='word_1_156' title='bbox 2936 668 3029 715; x_wconf 87' lang='lat' dir='ltr'><strong>aut</strong></span> <span class='ocrx_word' id='word_1_157' title='bbox 3071 664 3255 721; x_wconf 87' lang='lat' dir='ltr'><strong>minus</strong></span> 
     </span>
    </p>
   </div>
   <div class='ocr_carea' id='block_1_21' title="bbox 1670 751 3254 830">
    <p class='ocr_par' dir='ltr' id='par_1_21' title="bbox 1670 751 3254 830">
     <span class='ocr_line' id='line_1_21' title="bbox 1670 751 3254 830; baseline 0.004 -23"><span class='ocrx_word' id='word_1_158' title='bbox 1670 768 1779 807; x_wconf 91' lang='lat' dir='ltr'><strong>non</strong></span> <span class='ocrx_word' id='word_1_159' title='bbox 1821 752 2114 808; x_wconf 85' lang='lat' dir='ltr'><strong>differunt?</strong></span> <span class='ocrx_word' id='word_1_160' title='bbox 2150 751 2269 807; x_wconf 85' lang='lat' dir='ltr'><strong>Non</strong></span> <span class='ocrx_word' id='word_1_161' title='bbox 2312 753 2459 808; x_wconf 89' lang='lat' dir='ltr'><strong>enim</strong></span> <span class='ocrx_word' id='word_1_162' title='bbox 2491 751 2661 807; x_wconf 88' lang='lat' dir='ltr'><strong>Deum</strong></span> <span class='ocrx_word' id='word_1_163' title='bbox 2714 752 2911 810; x_wconf 80' lang='lat' dir='ltr'><strong>fecisse</strong></span> <span class='ocrx_word' id='word_1_164' title='bbox 2940 766 3124 827; x_wconf 79' lang='lat' dir='ltr'><strong>negat,</strong></span> <span class='ocrx_word' id='word_1_165' title='bbox 3159 760 3254 830; x_wconf 86' lang='lat' dir='ltr'><strong>qui</strong></span> 
     </span>
    </p>
   </div>
   <div class='ocr_carea' id='block_1_22' title="bbox 1670 844 3258 917">
    <p class='ocr_par' dir='ltr' id='par_1_22' title="bbox 1670 844 3258 917">
     <span class='ocr_line' id='line_1_22' title="bbox 1670 844 3258 917; baseline 0.007 -20"><span class='ocrx_word' id='word_1_166' title='bbox 1670 844 1846 914; x_wconf 83' lang='lat' dir='ltr'><strong>magis</strong></span> <span class='ocrx_word' id='word_1_167' title='bbox 1882 844 2079 899; x_wconf 85' lang='lat' dir='ltr'><strong>fecisse</strong></span> <span class='ocrx_word' id='word_1_168' title='bbox 2104 852 2268 915; x_wconf 80' lang='lat' dir='ltr'><strong>negat</strong></span> <span class='ocrx_word' id='word_1_169' title='bbox 2294 860 2459 915; x_wconf 89' lang='lat' dir='ltr'><strong>quam</strong></span> <span class='ocrx_word' id='word_1_170' title='bbox 2495 844 2696 911; x_wconf 88' lang='lat' dir='ltr'><strong>facere,</strong></span> <span class='ocrx_word' id='word_1_171' title='bbox 2721 847 2817 902; x_wconf 89' lang='lat' dir='ltr'><strong>sed</strong></span> <span class='ocrx_word' id='word_1_172' title='bbox 2841 850 3026 917; x_wconf 89' lang='lat' dir='ltr'><strong>potius</strong></span> <span class='ocrx_word' id='word_1_173' title='bbox 3056 851 3258 908; x_wconf 82' lang='lat' dir='ltr'><strong>fecisse</strong></span> 
     </span>
    </p>
   </div>
   <div class='ocr_carea' id='block_1_23' title="bbox 1669 934 3254 1011">
    <p class='ocr_par' dir='ltr' id='par_1_23' title="bbox 1669 934 3254 1011">
     <span class='ocr_line' id='line_1_23' title="bbox 1669 934 3254 1011; baseline 0.008 -24"><span class='ocrx_word' id='word_1_174' title='bbox 1669 946 1964 991; x_wconf 74' lang='lat' dir='ltr'><strong>asseverat.</strong></span> <span class='ocrx_word' id='word_1_175' title='bbox 2002 934 2174 991; x_wconf 89' lang='lat' dir='ltr'><strong>Porro</strong></span> <span class='ocrx_word' id='word_1_176' title='bbox 2222 937 2512 993; x_wconf 89' lang='lat' dir='ltr'><strong>manifeste</strong></span> <span class='ocrx_word' id='word_1_177' title='bbox 2554 954 2897 1011; x_wconf 67' lang='lat' dir='ltr'><strong>quiecunque</strong></span> <span class='ocrx_word' id='word_1_178' title='bbox 2949 957 2981 995; x_wconf 91' lang='lat' dir='ltr'><strong>a</strong></span> <span class='ocrx_word' id='word_1_179' title='bbox 3047 942 3160 999; x_wconf 89' lang='lat' dir='ltr'><strong>Deo</strong></span> <span class='ocrx_word' id='word_1_180' title='bbox 3199 946 3254 1000; x_wconf 93' lang='lat' dir='ltr'><strong>in</strong></span> 
     </span>
    </p>
   </div>
   <div class='ocr_carea' id='block_1_24' title="bbox 1668 1028 3253 1106">
    <p class='ocr_par' dir='ltr' id='par_1_24' title="bbox 1668 1028 3253 1106">
     <span class='ocr_line' id='line_1_24' title="bbox 1668 1028 3253 1106; baseline 0.006 -25"><span class='ocrx_word' id='word_1_181' title='bbox 1668 1028 1893 1083; x_wconf 80' lang='lat' dir='ltr'><strong>exordio</strong></span> <span class='ocrx_word' id='word_1_182' title='bbox 1927 1030 2153 1085; x_wconf 88' lang='lat' dir='ltr'><strong>secundi</strong></span> <span class='ocrx_word' id='word_1_183' title='bbox 2184 1031 2439 1102; x_wconf 86' lang='lat' dir='ltr'><strong>responsi</strong></span> <span class='ocrx_word' id='word_1_184' title='bbox 2474 1030 2665 1086; x_wconf 84' lang='lat' dir='ltr'><strong>adimit</strong></span> <span class='ocrx_word' id='word_1_185' title='bbox 2697 1030 2862 1104; x_wconf 76' lang='lat'><strong>516</strong></span> <span class='ocrx_word' id='word_1_186' title='bbox 2896 1038 3253 1106; x_wconf 89' lang='lat' dir='ltr'><strong>temporaria,</strong></span> 
     </span>
    </p>
   </div>
   <div class='ocr_carea' id='block_1_25' title="bbox 1668 1120 3257 1195">
    <p class='ocr_par' dir='ltr' id='par_1_25' title="bbox 1668 1120 3257 1195">
     <span class='ocr_line' id='line_1_25' title="bbox 1668 1120 3257 1195; baseline 0.008 -22"><span class='ocrx_word' id='word_1_187' title='bbox 1668 1134 1732 1173; x_wconf 88' lang='lat' dir='ltr'><strong>ea</strong></span> <span class='ocrx_word' id='word_1_188' title='bbox 1756 1120 1834 1174; x_wconf 91' lang='lat' dir='ltr'><strong>illi</strong></span> <span class='ocrx_word' id='word_1_189' title='bbox 1868 1121 1959 1176; x_wconf 92' lang='lat' dir='ltr'><strong>hic</strong></span> <span class='ocrx_word' id='word_1_190' title='bbox 1987 1122 2209 1192; x_wconf 87' lang='lat' dir='ltr'><strong>reliquit</strong></span> <span class='ocrx_word' id='word_1_191' title='bbox 2241 1124 2458 1178; x_wconf 86' lang='lat' dir='ltr'><strong>omnia:</strong></span> <span class='ocrx_word' id='word_1_192' title='bbox 2514 1123 2656 1178; x_wconf 83' lang='lat' dir='ltr'><strong>Deus</strong></span> <span class='ocrx_word' id='word_1_193' title='bbox 2708 1127 2898 1195; x_wconf 83' lang='lat' dir='ltr'><strong>quippe</strong></span> <span class='ocrx_word' id='word_1_194' title='bbox 2944 1143 3062 1182; x_wconf 88' lang='lat' dir='ltr'><strong>cum</strong></span> <span class='ocrx_word' id='word_1_195' title='bbox 3118 1130 3257 1186; x_wconf 82' lang='lat' dir='ltr'><strong>nihil</strong></span> 
     </span>
    </p>
   </div>
   <div class='ocr_carea' id='block_1_26' title="bbox 1666 1214 3258 1295">
    <p class='ocr_par' dir='ltr' id='par_1_26' title="bbox 1666 1214 3258 1295">
     <span class='ocr_line' id='line_1_26' title="bbox 1666 1214 3258 1295; baseline 0.008 -29"><span class='ocrx_word' id='word_1_196' title='bbox 1666 1214 1801 1281; x_wconf 70' lang='lat' dir='ltr'><strong>fluxi</strong></span> <span class='ocrx_word' id='word_1_197' title='bbox 1829 1214 2040 1281; x_wconf 78' lang='lat' dir='ltr'><strong>habeat,</strong></span> <span class='ocrx_word' id='word_1_198' title='bbox 2068 1217 2157 1270; x_wconf 84' lang='lat' dir='ltr'><strong>sed</strong></span> <span class='ocrx_word' id='word_1_199' title='bbox 2192 1218 2373 1272; x_wconf 86' lang='lat' dir='ltr'><strong>eadem</strong></span> <span class='ocrx_word' id='word_1_200' title='bbox 2403 1236 2607 1289; x_wconf 84' lang='lat' dir='ltr'><strong>semper</strong></span> <span class='ocrx_word' id='word_1_201' title='bbox 2649 1221 2838 1291; x_wconf 77' lang='lat' dir='ltr'><strong>faciat,</strong></span> <span class='ocrx_word' id='word_1_202' title='bbox 2885 1234 3099 1294; x_wconf 82' lang='lat' dir='ltr'><strong>propter</strong></span> <span class='ocrx_word' id='word_1_203' title='bbox 3136 1242 3258 1295; x_wconf 67' lang='grc' dir='ltr'>ρετ-ο</span> 
     </span>
    </p>
   </div>
   <div class='ocr_carea' id='block_1_27' title="bbox 1667 1306 3251 1383">
    <p class='ocr_par' dir='ltr' id='par_1_27' title="bbox 1667 1306 3251 1383">
     <span class='ocr_line' id='line_1_27' title="bbox 1667 1306 3251 1383; baseline 0.009 -22"><span class='ocrx_word' id='word_1_204' title='bbox 1667 1306 1860 1375; x_wconf 89' lang='lat' dir='ltr'><strong>fectam</strong></span> <span class='ocrx_word' id='word_1_205' title='bbox 1894 1309 2009 1379; x_wconf 86' lang='lat' dir='ltr'><strong>ejus</strong></span> <span class='ocrx_word' id='word_1_206' title='bbox 2065 1320 2115 1363; x_wconf 87' lang='lat' dir='ltr'><strong>et</strong></span> <span class='ocrx_word' id='word_1_207' title='bbox 2156 1310 2542 1365; x_wconf 79' lang='lat' dir='ltr'><strong>immutabilem</strong></span> <span class='ocrx_word' id='word_1_208' title='bbox 2589 1316 2882 1383; x_wconf 77' lang='lat' dir='ltr'><strong>potentiam</strong></span> <span class='ocrx_word' id='word_1_209' title='bbox 2935 1328 2987 1372; x_wconf 88' lang='lat' dir='ltr'><strong>et</strong></span> <span class='ocrx_word' id='word_1_210' title='bbox 3048 1330 3251 1378; x_wconf 74' lang='lat' dir='ltr'><strong>actum.</strong></span> 
     </span>
    </p>
   </div>
   <div class='ocr_carea' id='block_1_28' title="bbox 1668 1400 3253 1482">
    <p class='ocr_par' dir='ltr' id='par_1_28' title="bbox 1668 1400 3253 1482">
     <span class='ocr_line' id='line_1_28' title="bbox 1668 1400 3253 1482; baseline 0.006 -27"><span class='ocrx_word' id='word_1_211' title='bbox 1668 1400 1773 1468; x_wconf 92' lang='lat' dir='ltr'><strong>Qui</strong></span> <span class='ocrx_word' id='word_1_212' title='bbox 1807 1404 2143 1474; x_wconf 88' lang='lat' dir='ltr'><strong>temporaria</strong></span> <span class='ocrx_word' id='word_1_213' title='bbox 2188 1406 2352 1473; x_wconf 86' lang='lat' dir='ltr'><strong>tollit,</strong></span> <span class='ocrx_word' id='word_1_214' title='bbox 2406 1423 2516 1462; x_wconf 89' lang='lat' dir='ltr'><strong>non</strong></span> <span class='ocrx_word' id='word_1_215' title='bbox 2554 1410 2710 1478; x_wconf 88' lang='lat' dir='ltr'><strong>ponit</strong></span> <span class='ocrx_word' id='word_1_216' title='bbox 2761 1413 3113 1482; x_wconf 86' lang='lat' dir='ltr'><strong>temporaria.</strong></span> <span class='ocrx_word' id='word_1_217' title='bbox 3146 1414 3253 1482; x_wconf 79' lang='lat' dir='ltr'><strong>Qui</strong></span> 
     </span>
    </p>
   </div>
   <div class='ocr_carea' id='block_1_29' title="bbox 1665 1496 3253 1577">
    <p class='ocr_par' dir='ltr' id='par_1_29' title="bbox 1665 1496 3253 1577">
     <span class='ocr_line' id='line_1_29' title="bbox 1665 1496 3253 1577; baseline 0.009 -29"><span class='ocrx_word' id='word_1_218' title='bbox 1665 1509 1818 1566; x_wconf 82' lang='lat' dir='ltr'><strong>ergo,</strong></span> <span class='ocrx_word' id='word_1_219' title='bbox 1868 1496 1917 1551; x_wconf 89' lang='lat' dir='ltr'><strong>si</strong></span> <span class='ocrx_word' id='word_1_220' title='bbox 1946 1496 2085 1551; x_wconf 87' lang='lat' dir='ltr'><strong>nihil</strong></span> <span class='ocrx_word' id='word_1_221' title='bbox 2120 1507 2226 1564; x_wconf 90' lang='lat' dir='ltr'><strong>est,</strong></span> <span class='ocrx_word' id='word_1_222' title='bbox 2265 1498 2333 1553; x_wconf 89' lang='lat' dir='ltr'><strong>de</strong></span> <span class='ocrx_word' id='word_1_223' title='bbox 2366 1502 2719 1570; x_wconf 85' lang='lat' dir='ltr'><strong>responsoris</strong></span> <span class='ocrx_word' id='word_1_224' title='bbox 2766 1509 3059 1571; x_wconf 84' lang='lat' dir='ltr'><strong>sententia,</strong></span> <span class='ocrx_word' id='word_1_225' title='bbox 3109 1509 3253 1577; x_wconf 84' lang='lat' dir='ltr'><strong>apud</strong></span> 
     </span>
    </p>
   </div>
   <div class='ocr_carea' id='block_1_30' title="bbox 1668 1584 3252 1661">
    <p class='ocr_par' dir='ltr' id='par_1_30' title="bbox 1668 1584 3252 1661">
     <span class='ocr_line' id='line_1_30' title="bbox 1668 1584 3252 1661; baseline 0.009 -19"><span class='ocrx_word' id='word_1_226' title='bbox 1668 1584 1838 1643; x_wconf 89' lang='lat' dir='ltr'><strong>Deum</strong></span> <span class='ocrx_word' id='word_1_227' title='bbox 1879 1592 2296 1661; x_wconf 90' lang='lat' dir='ltr'><strong>temporarium,</strong></span> <span class='ocrx_word' id='word_1_228' title='bbox 2328 1591 2474 1650; x_wconf 89' lang='lat' dir='ltr'><strong>Deus</strong></span> <span class='ocrx_word' id='word_1_229' title='bbox 2502 1594 2692 1650; x_wconf 88' lang='lat' dir='ltr'><strong>eadem</strong></span> <span class='ocrx_word' id='word_1_230' title='bbox 2725 1595 2898 1653; x_wconf 84' lang='lat' dir='ltr'><strong>facit?</strong></span> <span class='ocrx_word' id='word_1_231' title='bbox 2928 1597 3066 1655; x_wconf 89' lang='lat' dir='ltr'><strong>Illud</strong></span> <span class='ocrx_word' id='word_1_232' title='bbox 3102 1602 3252 1657; x_wconf 89' lang='lat' dir='ltr'><strong>enim</strong></span> 
     </span>
    </p>
   </div>
   <div class='ocr_carea' id='block_1_31' title="bbox 1665 1677 3249 1765">
    <p class='ocr_par' dir='ltr' id='par_1_31' title="bbox 1665 1677 3249 1765">
     <span class='ocr_line' id='line_1_31' title="bbox 1665 1677 3249 1765; baseline 0.012 -33"><span class='ocrx_word' id='word_1_233' title='bbox 1665 1677 1799 1747; x_wconf 83' lang='lat' dir='ltr'><strong>facit</strong></span> <span class='ocrx_word' id='word_1_234' title='bbox 1856 1683 2073 1755; x_wconf 84' lang='lat' dir='ltr'><strong>concipi</strong></span> <span class='ocrx_word' id='word_1_235' title='bbox 2139 1700 2249 1739; x_wconf 91' lang='lat' dir='ltr'><strong>non</strong></span> <span class='ocrx_word' id='word_1_236' title='bbox 2301 1692 2482 1755; x_wconf 85' lang='lat' dir='ltr'><strong>potest</strong></span> <span class='ocrx_word' id='word_1_237' title='bbox 2536 1695 2692 1741; x_wconf 81' lang='lat' dir='ltr'><strong>extra</strong></span> <span class='ocrx_word' id='word_1_238' title='bbox 2726 1704 2971 1759; x_wconf 66' lang='lat' dir='ltr'><strong>praesens</strong></span> <span class='ocrx_word' id='word_1_239' title='bbox 3010 1699 3249 1765; x_wconf 89' lang='lat' dir='ltr'><strong>tempus.</strong></span> 
     </span>
    </p>
   </div>
   <div class='ocr_carea' id='block_1_32' title="bbox 1628 1772 3253 1855">
    <p class='ocr_par' dir='ltr' id='par_1_32' title="bbox 1628 1772 3253 1855">
     <span class='ocr_line' id='line_1_32' title="bbox 1628 1772 3253 1855; baseline 0.01 -29"><span class='ocrx_word' id='word_1_240' title='bbox 1628 1842 1633 1847; x_wconf 20' lang='grc' dir='ltr'><strong>ι</strong></span> <span class='ocrx_word' id='word_1_241' title='bbox 1666 1772 1955 1839; x_wconf 83' lang='lat' dir='ltr'><strong>Quomodo</strong></span> <span class='ocrx_word' id='word_1_242' title='bbox 1984 1792 2115 1832; x_wconf 82' lang='lat' dir='ltr'><strong>vero</strong></span> <span class='ocrx_word' id='word_1_243' title='bbox 2153 1776 2453 1848; x_wconf 87' lang='lat' dir='ltr'><strong>perfectam</strong></span> <span class='ocrx_word' id='word_1_244' title='bbox 2489 1780 2654 1837; x_wconf 86' lang='lat' dir='ltr'><strong>habet</strong></span> <span class='ocrx_word' id='word_1_245' title='bbox 2693 1780 2836 1840; x_wconf 85' lang='lat' dir='ltr'><strong>Deus</strong></span> <span class='ocrx_word' id='word_1_246' title='bbox 2866 1788 3166 1855; x_wconf 90' lang='lat' dir='ltr'><strong>potentiam</strong></span> <span class='ocrx_word' id='word_1_247' title='bbox 3196 1799 3253 1845; x_wconf 90' lang='lat' dir='ltr'><strong>et</strong></span> 
     </span>
    </p>
   </div>
   <div class='ocr_carea' id='block_1_33' title="bbox 32 1859 1552 1942">
    <p class='ocr_par' dir='ltr' id='par_1_33' title="bbox 32 1865 1552 1940">
     <span class='ocr_line' id='line_1_33' title="bbox 32 1865 1552 1940; baseline -0.003 -18"><span class='ocrx_word' id='word_1_248' title='bbox 32 1889 112 1923; x_wconf 79' lang='grc' dir='ltr'><strong>ον</strong></span> <span class='ocrx_word' id='word_1_249' title='bbox 130 1869 404 1940; x_wconf 82' lang='grc' dir='ltr'>νοηθῆναι</span> <span class='ocrx_word' id='word_1_250' title='bbox 418 1867 511 1921; x_wconf 86' lang='grc' dir='ltr'><strong>τοῦ</strong></span> <span class='ocrx_word' id='word_1_251' title='bbox 529 1867 821 1931; x_wconf 71' lang='grc' dir='ltr'>ἐνεστῶτος</span> <span class='ocrx_word' id='word_1_252' title='bbox 837 1867 1029 1938; x_wconf 84' lang='grc' dir='ltr'>χρόνου</span> <span class='ocrx_word' id='word_1_253' title='bbox 1048 1866 1227 1929; x_wconf 81' lang='grc' dir='ltr'>ἐκτός.</span> <span class='ocrx_word' id='word_1_254' title='bbox 1241 1865 1364 1930; x_wconf 79' lang='grc' dir='ltr'>Πῶς</span> <span class='ocrx_word' id='word_1_255' title='bbox 1377 1865 1433 1919; x_wconf 84' lang='grc' dir='ltr'><strong>δέ</strong></span> <span class='ocrx_word' id='word_1_256' title='bbox 1452 1865 1552 1936; x_wconf 77' lang='grc' dir='ltr'>ἔχει</span> 
     </span>
    </p>
   </div>
   <div class='ocr_carea' id='block_1_34' title="bbox 1731 1859 3250 1942">
    <p class='ocr_par' dir='ltr' id='par_1_34' title="bbox 1731 1868 3250 1942">
     <span class='ocr_line' id='line_1_34' title="bbox 1731 1868 3250 1942; baseline 0.013 -26"><span class='ocrx_word' id='word_1_257' title='bbox 1731 1868 2065 1935; x_wconf 66' lang='grc' dir='ltr'>»ει-ιιῑίοηειω,</span> <span class='ocrx_word' id='word_1_258' title='bbox 2100 1871 2145 1925; x_wconf 93' lang='lat' dir='ltr'><strong>si</strong></span> <span class='ocrx_word' id='word_1_259' title='bbox 2183 1870 2559 1928; x_wconf 76' lang='lat' dir='ltr'><strong>indesinenter</strong></span> <span class='ocrx_word' id='word_1_260' title='bbox 2590 1873 2781 1929; x_wconf 85' lang='lat' dir='ltr'><strong>eadem</strong></span> <span class='ocrx_word' id='word_1_261' title='bbox 2823 1876 2997 1933; x_wconf 85' lang='lat' dir='ltr'><strong>facit?</strong></span> <span class='ocrx_word' id='word_1_262' title='bbox 3031 1880 3165 1935; x_wconf 86' lang='lat' dir='ltr'><strong>Nam</strong></span> <span class='ocrx_word' id='word_1_263' title='bbox 3203 1883 3250 1942; x_wconf 92' lang='lat' dir='ltr'><strong>si</strong></span> 
     </span>
    </p>
   </div>
   <div class='ocr_carea' id='block_1_35' title="bbox 28 1956 1560 2031">
    <p class='ocr_par' dir='ltr' id='par_1_35' title="bbox 28 1956 1560 2031">
     <span class='ocr_line' id='line_1_35' title="bbox 28 1956 1560 2031; baseline -0.004 -17"><span class='ocrx_word' id='word_1_264' title='bbox 28 1962 175 2015; x_wconf 76' lang='grc' dir='ltr'>είαν</span> <span class='ocrx_word' id='word_1_265' title='bbox 203 1960 440 2031; x_wconf 81' lang='grc' dir='ltr'>δύναμίν</span> <span class='ocrx_word' id='word_1_266' title='bbox 473 1977 533 2012; x_wconf 91' lang='grc' dir='ltr'><strong>τε</strong></span> <span class='ocrx_word' id='word_1_267' title='bbox 566 1960 666 2013; x_wconf 79' lang='grc' dir='ltr'><strong>καὶ</strong></span> <span class='ocrx_word' id='word_1_268' title='bbox 690 1958 971 2029; x_wconf 80' lang='grc' dir='ltr'>ἐνέργειαν</span> <span class='ocrx_word' id='word_1_269' title='bbox 996 1961 1024 2011; x_wconf 89' lang='grc' dir='ltr'>ὁ</span> <span class='ocrx_word' id='word_1_270' title='bbox 1058 1957 1211 2023; x_wconf 84' lang='grc' dir='ltr'>Θεὸς,</span> <span class='ocrx_word' id='word_1_271' title='bbox 1233 1959 1282 2011; x_wconf 86' lang='grc' dir='ltr'>εἰ</span> <span class='ocrx_word' id='word_1_272' title='bbox 1302 1958 1367 2029; x_wconf 85' lang='grc' dir='ltr'><strong>δὴ</strong></span> <span class='ocrx_word' id='word_1_273' title='bbox 1390 1956 1560 2009; x_wconf 82' lang='grc' dir='ltr'>ἀπαύ-</span> 
     </span>
    </p>
   </div>
   <div class='ocr_carea' id='block_1_36' title="bbox 28 2050 1559 2125">
    <p class='ocr_par' dir='ltr' id='par_1_36' title="bbox 28 2050 1559 2125">
     <span class='ocr_line' id='line_1_36' title="bbox 28 2050 1559 2125; baseline -0.004 -18"><span class='ocrx_word' id='word_1_274' title='bbox 28 2073 87 2117; x_wconf 84' lang='grc' dir='ltr'>›ς</span> <span class='ocrx_word' id='word_1_275' title='bbox 122 2056 282 2107; x_wconf 84' lang='grc' dir='ltr'>ποιεῖ</span> <span class='ocrx_word' id='word_1_276' title='bbox 295 2054 362 2107; x_wconf 83' lang='grc' dir='ltr'>τὰ</span> <span class='ocrx_word' id='word_1_277' title='bbox 383 2053 520 2106; x_wconf 80' lang='grc' dir='ltr'>αὐτά</span> <span class='ocrx_word' id='word_1_278' title='bbox 536 2068 550 2116; x_wconf 91' lang='grc'>;</span> <span class='ocrx_word' id='word_1_279' title='bbox 569 2054 630 2105; x_wconf 85' lang='grc' dir='ltr'><strong>Εἰ</strong></span> <span class='ocrx_word' id='word_1_280' title='bbox 663 2052 773 2125; x_wconf 84' lang='grc' dir='ltr'><strong>γὰρ</strong></span> <span class='ocrx_word' id='word_1_281' title='bbox 790 2051 880 2105; x_wconf 78' lang='grc' dir='ltr'><strong>διὰ</strong></span> <span class='ocrx_word' id='word_1_282' title='bbox 890 2050 1048 2105; x_wconf 83' lang='grc' dir='ltr'>τοῦτο</span> <span class='ocrx_word' id='word_1_283' title='bbox 1062 2051 1327 2122; x_wconf 84' lang='grc' dir='ltr'>λέγεταιή</span> <span class='ocrx_word' id='word_1_284' title='bbox 1348 2050 1559 2121; x_wconf 87' lang='grc' dir='ltr'>κίνησις</span> 
     </span>
    </p>
   </div>
   <div class='ocr_carea' id='block_1_37' title="bbox 29 2140 1558 2221">
    <p class='ocr_par' dir='ltr' id='par_1_37' title="bbox 29 2140 1558 2221">
     <span class='ocr_line' id='line_1_37' title="bbox 29 2140 1558 2221; baseline -0.005 -19"><span class='ocrx_word' id='word_1_285' title='bbox 29 2165 215 2221; x_wconf 82' lang='grc' dir='ltr'>ργεια</span> <span class='ocrx_word' id='word_1_286' title='bbox 229 2148 429 2218; x_wconf 79' lang='grc' dir='ltr'>ἀτελὴς</span> <span class='ocrx_word' id='word_1_287' title='bbox 439 2147 526 2201; x_wconf 82' lang='grc' dir='ltr'><strong>διὰ</strong></span> <span class='ocrx_word' id='word_1_288' title='bbox 542 2148 603 2200; x_wconf 87' lang='grc' dir='ltr'><strong>τὸ</strong></span> <span class='ocrx_word' id='word_1_289' title='bbox 619 2147 705 2200; x_wconf 77' lang='grc' dir='ltr'>ἀεὶ</span> <span class='ocrx_word' id='word_1_290' title='bbox 719 2146 1003 2200; x_wconf 78' lang='grc' dir='ltr'>κινεῖσθαι’</span> <span class='ocrx_word' id='word_1_291' title='bbox 1020 2140 1088 2216; x_wconf 80' lang='grc' dir='ltr'>ἧς</span> <span class='ocrx_word' id='word_1_292' title='bbox 1104 2146 1152 2198; x_wconf 76' lang='grc' dir='ltr'>εἰ</span> <span class='ocrx_word' id='word_1_293' title='bbox 1170 2142 1309 2198; x_wconf 85' lang='grc' dir='ltr'><strong>κατὰ</strong></span> <span class='ocrx_word' id='word_1_294' title='bbox 1329 2143 1558 2214; x_wconf 80' lang='grc' dir='ltr'>μίμησιν</span> 
     </span>
    </p>
   </div>
   <div class='ocr_carea' id='block_1_38' title="bbox 28 2236 1559 2309">
    <p class='ocr_par' dir='ltr' id='par_1_38' title="bbox 28 2236 1559 2309">
     <span class='ocr_line' id='line_1_38' title="bbox 28 2236 1559 2309; baseline -0.003 -18"><span class='ocrx_word' id='word_1_295' title='bbox 28 2282 33 2291; x_wconf 90' lang='grc'>.</span> <span class='ocrx_word' id='word_1_296' title='bbox 61 2243 96 2294; x_wconf 86' lang='lat'><strong>6</strong></span> <span class='ocrx_word' id='word_1_297' title='bbox 132 2241 276 2303; x_wconf 82' lang='grc' dir='ltr'>Θεὸς</span> <span class='ocrx_word' id='word_1_298' title='bbox 306 2239 501 2302; x_wconf 81' lang='grc' dir='ltr'>ἐποίει,</span> <span class='ocrx_word' id='word_1_299' title='bbox 532 2238 729 2309; x_wconf 80' lang='grc' dir='ltr'>ἀτελὴς</span> <span class='ocrx_word' id='word_1_300' title='bbox 760 2238 912 2291; x_wconf 81' lang='grc' dir='ltr'>ἐσται</span> <span class='ocrx_word' id='word_1_301' title='bbox 939 2240 974 2308; x_wconf 82' lang='grc' dir='ltr'>ἡ</span> <span class='ocrx_word' id='word_1_302' title='bbox 996 2236 1166 2290; x_wconf 83' lang='grc' dir='ltr'>αὑτοῦ</span> <span class='ocrx_word' id='word_1_303' title='bbox 1194 2236 1443 2309; x_wconf 80' lang='grc' dir='ltr'>ἐνέργεια</span> <span class='ocrx_word' id='word_1_304' title='bbox 1466 2236 1559 2289; x_wconf 75' lang='grc' dir='ltr'><strong>καὶ</strong></span> 
     </span>
    </p>
   </div>
   <div class='ocr_carea' id='block_1_39' title="bbox 28 2327 1557 2401">
    <p class='ocr_par' dir='ltr' id='par_1_39' title="bbox 28 2327 1557 2401">
     <span class='ocr_line' id='line_1_39' title="bbox 28 2327 1557 2401; baseline -0.002 -17"><span class='ocrx_word' id='word_1_305' title='bbox 28 2331 237 2384; x_wconf 67' lang='grc' dir='ltr'>τελεία</span> <span class='ocrx_word' id='word_1_306' title='bbox 259 2348 272 2359; x_wconf 91' lang='grc'><strong>·</strong></span> <span class='ocrx_word' id='word_1_307' title='bbox 302 2333 337 2401; x_wconf 84' lang='grc' dir='ltr'>ἡ</span> <span class='ocrx_word' id='word_1_308' title='bbox 368 2329 478 2401; x_wconf 80' lang='grc' dir='ltr'>γὰρ</span> <span class='ocrx_word' id='word_1_309' title='bbox 508 2330 690 2383; x_wconf 74' lang='grc' dir='ltr'>τελεία</span> <span class='ocrx_word' id='word_1_310' title='bbox 714 2329 963 2400; x_wconf 79' lang='grc' dir='ltr'>ἐνέργεια</span> <span class='ocrx_word' id='word_1_311' title='bbox 987 2331 1044 2382; x_wconf 82' lang='grc' dir='ltr'><strong>ἐν</strong></span> <span class='ocrx_word' id='word_1_312' title='bbox 1067 2327 1146 2400; x_wconf 82' lang='grc' dir='ltr'>τῷ</span> <span class='ocrx_word' id='word_1_313' title='bbox 1176 2329 1278 2399; x_wconf 71' lang='grc' dir='ltr'><strong>ἤδη</strong></span> <span class='ocrx_word' id='word_1_314' title='bbox 1301 2329 1557 2382; x_wconf 82' lang='grc' dir='ltr'>ἀποτελε-</span> 
     </span>
    </p>
   </div>
   <div class='ocr_carea' id='block_1_40' title="bbox 27 2420 1554 2494">
    <p class='ocr_par' dir='ltr' id='par_1_40' title="bbox 27 2420 1554 2494">
     <span class='ocr_line' id='line_1_40' title="bbox 27 2420 1554 2494; baseline -0.002 -18"><span class='ocrx_word' id='word_1_315' title='bbox 27 2426 139 2477; x_wconf 78' lang='grc' dir='ltr'>Ξντι</span> <span class='ocrx_word' id='word_1_316' title='bbox 199 2424 352 2494; x_wconf 71' lang='grc' dir='ltr'>ἔργῳ</span> <span class='ocrx_word' id='word_1_317' title='bbox 397 2422 717 2493; x_wconf 83' lang='grc' dir='ltr'>θεωρεῖται,</span> <span class='ocrx_word' id='word_1_318' title='bbox 766 2424 860 2475; x_wconf 71' lang='grc' dir='ltr'><strong>καὶ</strong></span> <span class='ocrx_word' id='word_1_319' title='bbox 908 2422 1008 2474; x_wconf 85' lang='grc' dir='ltr'><strong>οὐκ</strong></span> <span class='ocrx_word' id='word_1_320' title='bbox 1052 2422 1110 2473; x_wconf 87' lang='grc' dir='ltr'><strong>ἐν</strong></span> <span class='ocrx_word' id='word_1_321' title='bbox 1140 2420 1219 2491; x_wconf 85' lang='grc' dir='ltr'>τῷ</span> <span class='ocrx_word' id='word_1_322' title='bbox 1262 2421 1554 2491; x_wconf 83' lang='grc' dir='ltr'>ἁτελέστῳ.</span> 
     </span>
    </p>
   </div>
   <div class='ocr_carea' id='block_1_41' title="bbox 27 2514 1557 2589">
    <p class='ocr_par' dir='ltr' id='par_1_41' title="bbox 27 2514 1557 2589">
     <span class='ocr_line' id='line_1_41' title="bbox 27 2514 1557 2589; baseline -0.002 -20"><span class='ocrx_word' id='word_1_323' title='bbox 27 2519 108 2571; x_wconf 62' lang='grc' dir='ltr'>λλ⁹</span> <span class='ocrx_word' id='word_1_324' title='bbox 147 2519 201 2571; x_wconf 78' lang='grc' dir='ltr'>εἰ</span> <span class='ocrx_word' id='word_1_325' title='bbox 242 2519 340 2589; x_wconf 83' lang='grc' dir='ltr'><strong>μὲν</strong></span> <span class='ocrx_word' id='word_1_326' title='bbox 370 2516 458 2571; x_wconf 69' lang='grc' dir='ltr'>διὰ</span> <span class='ocrx_word' id='word_1_327' title='bbox 495 2515 555 2568; x_wconf 90' lang='grc' dir='ltr'><strong>τὸ</strong></span> <span class='ocrx_word' id='word_1_328' title='bbox 594 2516 781 2580; x_wconf 82' lang='grc' dir='ltr'>ἀτελὲς</span> <span class='ocrx_word' id='word_1_329' title='bbox 811 2515 914 2585; x_wconf 80' lang='grc' dir='ltr'><strong>τῆς</strong></span> <span class='ocrx_word' id='word_1_330' title='bbox 947 2515 1223 2586; x_wconf 79' lang='grc' dir='ltr'>ἐνεργείας</span> <span class='ocrx_word' id='word_1_331' title='bbox 1263 2516 1356 2567; x_wconf 76' lang='grc' dir='ltr'>καὶ</span> <span class='ocrx_word' id='word_1_332' title='bbox 1380 2515 1468 2567; x_wconf 76' lang='grc' dir='ltr'>διὰ</span> <span class='ocrx_word' id='word_1_333' title='bbox 1497 2514 1557 2567; x_wconf 85' lang='grc' dir='ltr'><strong>τὸ</strong></span> 
     </span>
    </p>
   </div>
   <div class='ocr_carea' id='block_1_42' title="bbox 27 2606 1557 2678">
    <p class='ocr_par' dir='ltr' id='par_1_42' title="bbox 27 2606 1557 2678">
     <span class='ocr_line' id='line_1_42' title="bbox 27 2606 1557 2678; baseline -0.004 -15"><span class='ocrx_word' id='word_1_334' title='bbox 27 2611 324 2663; x_wconf 75' lang='grc' dir='ltr'>ιλέστατον</span> <span class='ocrx_word' id='word_1_335' title='bbox 351 2608 445 2663; x_wconf 88' lang='grc' dir='ltr'><strong>τοῦ</strong></span> <span class='ocrx_word' id='word_1_336' title='bbox 479 2610 639 2678; x_wconf 84' lang='grc' dir='ltr'>λόγου</span> <span class='ocrx_word' id='word_1_337' title='bbox 676 2608 823 2677; x_wconf 80' lang='grc' dir='ltr'>λέγει</span> <span class='ocrx_word' id='word_1_338' title='bbox 845 2609 935 2662; x_wconf 88' lang='grc' dir='ltr'><strong>τὸν</strong></span> <span class='ocrx_word' id='word_1_339' title='bbox 969 2608 1101 2661; x_wconf 84' lang='grc' dir='ltr'>Θεὸν</span> <span class='ocrx_word' id='word_1_340' title='bbox 1128 2606 1294 2678; x_wconf 81' lang='grc' dir='ltr'>μηδὲν</span> <span class='ocrx_word' id='word_1_341' title='bbox 1331 2622 1557 2676; x_wconf 86' lang='grc' dir='ltr'>πεποιη-</span> 
     </span>
    </p>
   </div>
   <div class='ocr_carea' id='block_1_43' title="bbox 27 2698 1558 2774">
    <p class='ocr_par' dir='ltr' id='par_1_43' title="bbox 27 2698 1558 2774">
     <span class='ocr_line' id='line_1_43' title="bbox 27 2698 1558 2774; baseline -0.003 -21"><span class='ocrx_word' id='word_1_342' title='bbox 27 2722 110 2755; x_wconf 69' lang='grc' dir='ltr'>δαι</span> <span class='ocrx_word' id='word_1_343' title='bbox 164 2704 197 2755; x_wconf 88' lang='lat'><strong>6</strong></span> <span class='ocrx_word' id='word_1_344' title='bbox 234 2703 675 2774; x_wconf 80' lang='grc' dir='ltr'>ἀποκρινάμενος</span> <span class='ocrx_word' id='word_1_345' title='bbox 698 2740 712 2765; x_wconf 92' lang='grc'><strong>,</strong></span> <span class='ocrx_word' id='word_1_346' title='bbox 747 2702 846 2754; x_wconf 79' lang='grc' dir='ltr'>οὐκ</span> <span class='ocrx_word' id='word_1_347' title='bbox 892 2699 1214 2771; x_wconf 84' lang='grc' dir='ltr'>ἀληθεύσει,</span> <span class='ocrx_word' id='word_1_348' title='bbox 1258 2698 1432 2767; x_wconf 84' lang='grc' dir='ltr'>λέγων</span> <span class='ocrx_word' id='word_1_349' title='bbox 1471 2715 1558 2750; x_wconf 86' lang='grc' dir='ltr'>τε-</span> 
     </span>
    </p>
   </div>
   <div class='ocr_carea' id='block_1_44' title="bbox 34 2786 1556 2864">
    <p class='ocr_par' dir='ltr' id='par_1_44' title="bbox 34 2786 1556 2864">
     <span class='ocr_line' id='line_1_44' title="bbox 34 2786 1556 2864; baseline -0.004 -19"><span class='ocrx_word' id='word_1_350' title='bbox 34 2811 104 2845; x_wconf 79' lang='grc' dir='ltr'><strong>αν</strong></span> <span class='ocrx_word' id='word_1_351' title='bbox 137 2786 281 2845; x_wconf 78' lang='grc' dir='ltr'>εἶναι</span> <span class='ocrx_word' id='word_1_352' title='bbox 311 2792 410 2862; x_wconf 79' lang='grc' dir='ltr'><strong>τὴν</strong></span> <span class='ocrx_word' id='word_1_353' title='bbox 443 2792 730 2864; x_wconf 80' lang='grc' dir='ltr'>ἐνέργειαν</span> <span class='ocrx_word' id='word_1_354' title='bbox 759 2790 854 2843; x_wconf 84' lang='grc' dir='ltr'><strong>τοῦ</strong></span> <span class='ocrx_word' id='word_1_355' title='bbox 886 2790 1022 2843; x_wconf 87' lang='grc' dir='ltr'>Θεοῦ</span> <span class='ocrx_word' id='word_1_356' title='bbox 1042 2830 1056 2854; x_wconf 90' lang='grc'><strong>,</strong></span> <span class='ocrx_word' id='word_1_357' title='bbox 1094 2790 1193 2861; x_wconf 85' lang='grc' dir='ltr'>τὴν</span> <span class='ocrx_word' id='word_1_358' title='bbox 1227 2788 1393 2858; x_wconf 81' lang='grc' dir='ltr'>μηδὲν</span> <span class='ocrx_word' id='word_1_359' title='bbox 1433 2786 1556 2841; x_wconf 74' lang='grc' dir='ltr'>οὕτε</span> 
     </span>
    </p>
   </div>
   <div class='ocr_carea' id='block_1_45' title="bbox 59 2878 1555 2955">
    <p class='ocr_par' dir='ltr' id='par_1_45' title="bbox 59 2878 1555 2955">
     <span class='ocr_line' id='line_1_45' title="bbox 59 2878 1555 2955; baseline -0.003 -18"><span class='ocrx_word' id='word_1_360' title='bbox 59 2885 179 2955; x_wconf 79' lang='grc' dir='ltr'><strong>ὅλῳ</strong></span> <span class='ocrx_word' id='word_1_361' title='bbox 208 2884 337 2937; x_wconf 70' lang='grc' dir='ltr'>οὔτε</span> <span class='ocrx_word' id='word_1_362' title='bbox 372 2883 449 2954; x_wconf 80' lang='grc' dir='ltr'><strong>τῷ</strong></span> <span class='ocrx_word' id='word_1_363' title='bbox 484 2885 639 2955; x_wconf 83' lang='grc' dir='ltr'>μέρει</span> <span class='ocrx_word' id='word_1_364' title='bbox 681 2882 1010 2935; x_wconf 79' lang='grc' dir='ltr'>τελέσασαν·</span> <span class='ocrx_word' id='word_1_365' title='bbox 1048 2884 1096 2934; x_wconf 76' lang='grc' dir='ltr'><strong>εἰ</strong></span> <span class='ocrx_word' id='word_1_366' title='bbox 1126 2881 1215 2943; x_wconf 84' lang='grc' dir='ltr'>δὲ,</span> <span class='ocrx_word' id='word_1_367' title='bbox 1265 2878 1358 2933; x_wconf 89' lang='grc' dir='ltr'><strong>τοῦ</strong></span> <span class='ocrx_word' id='word_1_368' title='bbox 1392 2880 1555 2950; x_wconf 73' lang='grc' dir='ltr'>ἔργον</span> 
     </span>
    </p>
   </div>
   <div class='ocr_carea' id='block_1_46' title="bbox 28 2972 1556 3045">
    <p class='ocr_par' dir='ltr' id='par_1_46' title="bbox 28 2972 1556 3045">
     <span class='ocr_line' id='line_1_46' title="bbox 28 2972 1556 3045; baseline -0.003 -16"><span class='ocrx_word' id='word_1_369' title='bbox 28 3034 29 3043; x_wconf 16' lang='grc' dir='ltr'><strong>γ</strong></span> <span class='ocrx_word' id='word_1_370' title='bbox 63 2976 445 3040; x_wconf 75' lang='grc' dir='ltr'>τελεσθέντος,</span> <span class='ocrx_word' id='word_1_371' title='bbox 477 2976 732 3029; x_wconf 80' lang='grc' dir='ltr'>ἀδύνατον</span> <span class='ocrx_word' id='word_1_372' title='bbox 751 2976 961 3029; x_wconf 83' lang='grc' dir='ltr'>τελείαν</span> <span class='ocrx_word' id='word_1_373' title='bbox 988 2972 1125 3028; x_wconf 80' lang='grc' dir='ltr'>εἶναι</span> <span class='ocrx_word' id='word_1_374' title='bbox 1152 2974 1252 3045; x_wconf 84' lang='grc' dir='ltr'>τὴν</span> <span class='ocrx_word' id='word_1_375' title='bbox 1276 2974 1556 3045; x_wconf 84' lang='grc' dir='ltr'>ἐνέργειαν</span> 
     </span>
    </p>
   </div>
   <div class='ocr_carea' id='block_1_47' title="bbox 27 3064 1555 3139">
    <p class='ocr_par' dir='ltr' id='par_1_47' title="bbox 27 3064 1555 3139">
     <span class='ocr_line' id='line_1_47' title="bbox 27 3064 1555 3139; baseline -0.003 -17"><span class='ocrx_word' id='word_1_376' title='bbox 27 3072 43 3123; x_wconf 77' lang='lat'><strong>3</strong></span> <span class='ocrx_word' id='word_1_377' title='bbox 92 3069 382 3132; x_wconf 84' lang='grc' dir='ltr'>ποιοῦντος</span> <span class='ocrx_word' id='word_1_378' title='bbox 407 3109 421 3133; x_wconf 96' lang='grc'><strong>,</strong></span> <span class='ocrx_word' id='word_1_379' title='bbox 461 3069 652 3139; x_wconf 80' lang='grc' dir='ltr'>δῆλον,</span> <span class='ocrx_word' id='word_1_380' title='bbox 683 3069 766 3121; x_wconf 82' lang='grc' dir='ltr'>ὅτι</span> <span class='ocrx_word' id='word_1_381' title='bbox 809 3068 928 3121; x_wconf 84' lang='grc' dir='ltr'>οὐδὲ</span> <span class='ocrx_word' id='word_1_382' title='bbox 968 3070 997 3120; x_wconf 90' lang='lat'><strong>6</strong></span> <span class='ocrx_word' id='word_1_383' title='bbox 1029 3067 1161 3129; x_wconf 86' lang='grc' dir='ltr'>Θεὸς</span> <span class='ocrx_word' id='word_1_384' title='bbox 1192 3067 1304 3136; x_wconf 78' lang='grc' dir='ltr'>ἔχει</span> <span class='ocrx_word' id='word_1_385' title='bbox 1341 3064 1555 3119; x_wconf 77' lang='grc' dir='ltr'>τελείαν</span> 
     </span>
    </p>
   </div>
   <div class='ocr_carea' id='block_1_48' title="bbox 28 3160 1056 3233">
    <p class='ocr_par' dir='ltr' id='par_1_48' title="bbox 28 3160 1056 3233">
     <span class='ocr_line' id='line_1_48' title="bbox 28 3160 1056 3233; baseline -0.003 -18"><span class='ocrx_word' id='word_1_386' title='bbox 28 3164 269 3233; x_wconf 81' lang='grc' dir='ltr'>Ξργειαν,</span> <span class='ocrx_word' id='word_1_387' title='bbox 306 3163 392 3214; x_wconf 72' lang='grc' dir='ltr'>ἀεὶ</span> <span class='ocrx_word' id='word_1_388' title='bbox 420 3160 588 3213; x_wconf 82' lang='grc' dir='ltr'>ποιῶν</span> <span class='ocrx_word' id='word_1_389' title='bbox 614 3161 675 3212; x_wconf 84' lang='grc' dir='ltr'><strong>τὸ</strong></span> <span class='ocrx_word' id='word_1_390' title='bbox 710 3160 1056 3230; x_wconf 83' lang='grc' dir='ltr'>ποιούμενον.</span> 
     </span>
    </p>
   </div>
   <div class='ocr_carea' id='block_1_49' title="bbox 28 3259 1554 3330">
    <p class='ocr_par' dir='ltr' id='par_1_49' title="bbox 28 3259 1554 3330">
     <span class='ocr_line' id='line_1_49' title="bbox 28 3259 1554 3330; baseline -0.003 -13"><span class='ocrx_word' id='word_1_391' title='bbox 28 3265 78 3317; x_wconf 75' lang='grc'><strong>5.</strong></span> <span class='ocrx_word' id='word_1_392' title='bbox 114 3262 287 3317; x_wconf 87' lang='grc' dir='ltr'><strong>Ποιεῖ</strong></span> <span class='ocrx_word' id='word_1_393' title='bbox 306 3264 513 3316; x_wconf 80' lang='grc' dir='ltr'>τοίνυν</span> <span class='ocrx_word' id='word_1_394' title='bbox 536 3261 643 3314; x_wconf 84' lang='grc' dir='ltr'><strong>τὸν</strong></span> <span class='ocrx_word' id='word_1_395' title='bbox 666 3262 899 3330; x_wconf 80' lang='grc' dir='ltr'>κόσμον</span> <span class='ocrx_word' id='word_1_396' title='bbox 920 3260 990 3313; x_wconf 84' lang='grc' dir='ltr'><strong>ἐν</strong></span> <span class='ocrx_word' id='word_1_397' title='bbox 1012 3259 1173 3325; x_wconf 84' lang='grc' dir='ltr'>αὐτῷ</span> <span class='ocrx_word' id='word_1_398' title='bbox 1196 3261 1384 3325; x_wconf 80' lang='grc' dir='ltr'>τούτῳ</span> <span class='ocrx_word' id='word_1_399' title='bbox 1409 3260 1554 3329; x_wconf 81' lang='grc' dir='ltr'>ὅπερ</span> 
     </span>
    </p>
   </div>
   <div class='ocr_carea' id='block_1_50' title="bbox 30 3352 1556 3423">
    <p class='ocr_par' dir='ltr' id='par_1_50' title="bbox 30 3352 1556 3423">
     <span class='ocr_line' id='line_1_50' title="bbox 30 3352 1556 3423; baseline -0.003 -13"><span class='ocrx_word' id='word_1_400' title='bbox 30 3359 113 3421; x_wconf 79' lang='grc' dir='ltr'>τί,</span> <span class='ocrx_word' id='word_1_401' title='bbox 149 3357 270 3423; x_wconf 79' lang='grc' dir='ltr'><strong>τὴν</strong></span> <span class='ocrx_word' id='word_1_402' title='bbox 296 3356 541 3422; x_wconf 82' lang='grc' dir='ltr'>κίνησιν</span> <span class='ocrx_word' id='word_1_403' title='bbox 581 3352 742 3418; x_wconf 77' lang='grc' dir='ltr'>αὐτῷ</span> <span class='ocrx_word' id='word_1_404' title='bbox 781 3354 1099 3407; x_wconf 78' lang='grc' dir='ltr'>ἄπαυστον</span> <span class='ocrx_word' id='word_1_405' title='bbox 1135 3354 1445 3423; x_wconf 83' lang='grc' dir='ltr'>παρέχων,</span> <span class='ocrx_word' id='word_1_406' title='bbox 1476 3353 1556 3418; x_wconf 81' lang='grc' dir='ltr'>τῷ</span> 
     </span>
    </p>
   </div>
   <div class='ocr_carea' id='block_1_51' title="bbox 30 3444 1555 3519">
    <p class='ocr_par' dir='ltr' id='par_1_51' title="bbox 30 3444 1555 3519">
     <span class='ocr_line' id='line_1_51' title="bbox 30 3444 1555 3519; baseline -0.001 -17"><span class='ocrx_word' id='word_1_407' title='bbox 30 3449 295 3519; x_wconf 72' lang='grc' dir='ltr'>λάμπειν</span> <span class='ocrx_word' id='word_1_408' title='bbox 322 3446 509 3501; x_wconf 81' lang='grc' dir='ltr'>αὐτὸν</span> <span class='ocrx_word' id='word_1_409' title='bbox 535 3446 609 3497; x_wconf 82' lang='grc' dir='ltr'><strong>δι’</strong></span> <span class='ocrx_word' id='word_1_410' title='bbox 637 3444 868 3510; x_wconf 78' lang='grc' dir='ltr'>αἰῶνος.</span> <span class='ocrx_word' id='word_1_411' title='bbox 912 3446 975 3497; x_wconf 81' lang='lat' dir='ltr'><strong>El</strong></span> <span class='ocrx_word' id='word_1_412' title='bbox 1020 3446 1078 3498; x_wconf 86' lang='grc' dir='ltr'><strong>ἐν</strong></span> <span class='ocrx_word' id='word_1_413' title='bbox 1107 3449 1173 3516; x_wconf 85' lang='grc' dir='ltr'>τῇ</span> <span class='ocrx_word' id='word_1_414' title='bbox 1211 3449 1422 3517; x_wconf 83' lang='grc' dir='ltr'>παροχῇ</span> <span class='ocrx_word' id='word_1_415' title='bbox 1456 3447 1555 3517; x_wconf 83' lang='grc' dir='ltr'>τῆς</span> 
     </span>
    </p>
   </div>
   <div class='ocr_carea' id='block_1_52' title="bbox 30 3537 1552 3611">
    <p class='ocr_par' dir='ltr' id='par_1_52' title="bbox 30 3537 1552 3611">
     <span class='ocr_line' id='line_1_52' title="bbox 30 3537 1552 3611; baseline 0 -20"><span class='ocrx_word' id='word_1_416' title='bbox 30 3543 233 3611; x_wconf 66' lang='grc' dir='ltr'>μήτεως</span> <span class='ocrx_word' id='word_1_417' title='bbox 261 3541 406 3591; x_wconf 84' lang='grc' dir='ltr'>ποιεῖ</span> <span class='ocrx_word' id='word_1_418' title='bbox 431 3538 523 3590; x_wconf 82' lang='grc' dir='ltr'><strong>τὸν</strong></span> <span class='ocrx_word' id='word_1_419' title='bbox 545 3537 749 3607; x_wconf 81' lang='grc' dir='ltr'>κόσμον</span> <span class='ocrx_word' id='word_1_420' title='bbox 772 3539 801 3589; x_wconf 90' lang='lat'><strong>6</strong></span> <span class='ocrx_word' id='word_1_421' title='bbox 820 3538 974 3600; x_wconf 83' lang='grc' dir='ltr'>Θεὸς,</span> <span class='ocrx_word' id='word_1_422' title='bbox 996 3537 1175 3606; x_wconf 79' lang='grc' dir='ltr'>δῆλον,</span> <span class='ocrx_word' id='word_1_423' title='bbox 1192 3538 1274 3589; x_wconf 83' lang='grc' dir='ltr'><strong>ὅτι</strong></span> <span class='ocrx_word' id='word_1_424' title='bbox 1299 3539 1552 3609; x_wconf 64' lang='grc' dir='ltr'>ἐγχρονω</span> 
     </span>
    </p>
   </div>
   <div class='ocr_carea' id='block_1_53' title="bbox 30 3630 1551 3703">
    <p class='ocr_par' dir='ltr' id='par_1_53' title="bbox 30 3630 1551 3703">
     <span class='ocr_line' id='line_1_53' title="bbox 30 3630 1551 3703; baseline -0.001 -18"><span class='ocrx_word' id='word_1_425' title='bbox 30 3636 102 3686; x_wconf 82' lang='grc' dir='ltr'><strong>ιεῖ</strong></span> <span class='ocrx_word' id='word_1_426' title='bbox 133 3633 233 3685; x_wconf 85' lang='grc' dir='ltr'><strong>τὸν</strong></span> <span class='ocrx_word' id='word_1_427' title='bbox 275 3633 510 3702; x_wconf 85' lang='grc' dir='ltr'>κόσμον·</span> <span class='ocrx_word' id='word_1_428' title='bbox 559 3632 620 3684; x_wconf 85' lang='grc' dir='ltr'><strong>ού</strong></span> <span class='ocrx_word' id='word_1_429' title='bbox 651 3632 758 3702; x_wconf 86' lang='grc' dir='ltr'>γὰρ</span> <span class='ocrx_word' id='word_1_430' title='bbox 786 3630 913 3683; x_wconf 84' lang='grc' dir='ltr'>ἄνευ</span> <span class='ocrx_word' id='word_1_431' title='bbox 966 3631 1159 3703; x_wconf 89' lang='grc' dir='ltr'>χρόνου</span> <span class='ocrx_word' id='word_1_432' title='bbox 1202 3633 1236 3701; x_wconf 76' lang='grc' dir='ltr'>ἡ</span> <span class='ocrx_word' id='word_1_433' title='bbox 1281 3633 1551 3703; x_wconf 77' lang='grc' dir='ltr'>κίνησιςή</span> 
     </span>
    </p>
   </div>
   <div class='ocr_carea' id='block_1_54' title="bbox 30 3721 1553 3795">
    <p class='ocr_par' dir='ltr' id='par_1_54' title="bbox 30 3721 1553 3795">
     <span class='ocr_line' id='line_1_54' title="bbox 30 3721 1553 3795; baseline 0.001 -22"><span class='ocrx_word' id='word_1_434' title='bbox 30 3747 37 3773; x_wconf 77' lang='grc' dir='ltr'><strong>ι</strong></span> <span class='ocrx_word' id='word_1_435' title='bbox 75 3726 274 3795; x_wconf 81' lang='grc' dir='ltr'>κόσμῳ</span> <span class='ocrx_word' id='word_1_436' title='bbox 306 3723 457 3795; x_wconf 74' lang='grc' dir='ltr'>παρὰ</span> <span class='ocrx_word' id='word_1_437' title='bbox 504 3722 599 3775; x_wconf 86' lang='grc' dir='ltr'><strong>τοῦ</strong></span> <span class='ocrx_word' id='word_1_438' title='bbox 651 3721 787 3775; x_wconf 83' lang='grc' dir='ltr'>Θεοῦ</span> <span class='ocrx_word' id='word_1_439' title='bbox 836 3722 973 3793; x_wconf 87' lang='grc' dir='ltr'>πρὸς</span> <span class='ocrx_word' id='word_1_440' title='bbox 998 3722 1096 3792; x_wconf 83' lang='grc' dir='ltr'>τὴν</span> <span class='ocrx_word' id='word_1_441' title='bbox 1124 3722 1289 3775; x_wconf 81' lang='grc' dir='ltr'>αὑτοῦ</span> <span class='ocrx_word' id='word_1_442' title='bbox 1338 3724 1553 3792; x_wconf 80' lang='grc' dir='ltr'>κίνησιν</span> 
     </span>
    </p>
   </div>
   <div class='ocr_carea' id='block_1_55' title="bbox 32 3813 1549 3888">
    <p class='ocr_par' dir='ltr' id='par_1_55' title="bbox 32 3813 1549 3888">
     <span class='ocr_line' id='line_1_55' title="bbox 32 3813 1549 3888; baseline -0.002 -19"><span class='ocrx_word' id='word_1_443' title='bbox 32 3819 339 3888; x_wconf 74' lang='grc' dir='ltr'>ιρεχομένη,</span> <span class='ocrx_word' id='word_1_444' title='bbox 374 3818 435 3870; x_wconf 82' lang='lat' dir='ltr'><strong>Ei</strong></span> <span class='ocrx_word' id='word_1_445' title='bbox 466 3817 648 3868; x_wconf 85' lang='grc' dir='ltr'>τοίνυν</span> <span class='ocrx_word' id='word_1_446' title='bbox 674 3815 736 3869; x_wconf 86' lang='grc' dir='ltr'><strong>τὸ</strong></span> <span class='ocrx_word' id='word_1_447' title='bbox 779 3819 952 3868; x_wconf 87' lang='grc' dir='ltr'>ποιεῖν</span> <span class='ocrx_word' id='word_1_448' title='bbox 979 3813 1073 3868; x_wconf 90' lang='grc' dir='ltr'><strong>τοῦ</strong></span> <span class='ocrx_word' id='word_1_449' title='bbox 1113 3814 1405 3879; x_wconf 71' lang='grc' dir='ltr'>ἐνεστῶτος</span> <span class='ocrx_word' id='word_1_450' title='bbox 1435 3816 1549 3867; x_wconf 88' lang='grc' dir='ltr'>ἐστι</span> 
     </span>
    </p>
   </div>
   <div class='ocr_carea' id='block_1_56' title="bbox 32 3906 1551 3981">
    <p class='ocr_par' dir='ltr' id='par_1_56' title="bbox 32 3906 1551 3981">
     <span class='ocr_line' id='line_1_56' title="bbox 32 3906 1551 3981; baseline -0.003 -18"><span class='ocrx_word' id='word_1_451' title='bbox 32 3912 181 3974; x_wconf 85' lang='grc' dir='ltr'>όνου,</span> <span class='ocrx_word' id='word_1_452' title='bbox 213 3910 305 3963; x_wconf 75' lang='grc' dir='ltr'><strong>καὶ</strong></span> <span class='ocrx_word' id='word_1_453' title='bbox 346 3913 379 3981; x_wconf 79' lang='grc' dir='ltr'>ἡ</span> <span class='ocrx_word' id='word_1_454' title='bbox 423 3911 637 3981; x_wconf 77' lang='grc' dir='ltr'>κίνησις</span> <span class='ocrx_word' id='word_1_455' title='bbox 684 3908 939 3980; x_wconf 79' lang='grc' dir='ltr'>ἕγχρονός</span> <span class='ocrx_word' id='word_1_456' title='bbox 969 3910 1119 3969; x_wconf 86' lang='grc' dir='ltr'>ἐστι,</span> <span class='ocrx_word' id='word_1_457' title='bbox 1146 3907 1262 3970; x_wconf 84' lang='grc' dir='ltr'><strong>πῶς</strong></span> <span class='ocrx_word' id='word_1_458' title='bbox 1293 3908 1393 3959; x_wconf 74' lang='grc' dir='ltr'><strong>οὐκ</strong></span> <span class='ocrx_word' id='word_1_459' title='bbox 1438 3906 1551 3960; x_wconf 80' lang='grc' dir='ltr'>ἐστι</span> 
     </span>
    </p>
   </div>
   <div class='ocr_carea' id='block_1_57' title="bbox 33 4000 1552 4072">
    <p class='ocr_par' dir='ltr' id='par_1_57' title="bbox 33 4000 1552 4072">
     <span class='ocr_line' id='line_1_57' title="bbox 33 4000 1552 4072; baseline -0.001 -17"><span class='ocrx_word' id='word_1_460' title='bbox 33 4004 153 4067; x_wconf 63' lang='grc' dir='ltr'>ιδδές</span> <span class='ocrx_word' id='word_1_461' title='bbox 176 4042 193 4066; x_wconf 88' lang='grc'><strong>,</strong></span> <span class='ocrx_word' id='word_1_462' title='bbox 236 4003 329 4065; x_wconf 87' lang='grc' dir='ltr'><strong>τὸ,</strong></span> <span class='ocrx_word' id='word_1_463' title='bbox 370 4002 561 4056; x_wconf 79' lang='grc' dir='ltr'><strong>Οὐδὲν</strong></span> <span class='ocrx_word' id='word_1_464' title='bbox 587 4003 881 4072; x_wconf 80' lang='grc' dir='ltr'>ἕγχρονόν</span> <span class='ocrx_word' id='word_1_465' title='bbox 920 4002 1051 4054; x_wconf 84' lang='grc' dir='ltr'>ἐστι</span> <span class='ocrx_word' id='word_1_466' title='bbox 1088 4001 1247 4067; x_wconf 79' lang='grc' dir='ltr'>παρά</span> <span class='ocrx_word' id='word_1_467' title='bbox 1286 4000 1366 4065; x_wconf 82' lang='grc' dir='ltr'>τῷ</span> <span class='ocrx_word' id='word_1_468' title='bbox 1395 4000 1552 4066; x_wconf 87' lang='grc' dir='ltr'>Θεῷ;</span> 
     </span>
    </p>
   </div>
   <div class='ocr_carea' id='block_1_58' title="bbox 32 4094 1552 4164">
    <p class='ocr_par' dir='ltr' id='par_1_58' title="bbox 32 4094 1552 4164">
     <span class='ocr_line' id='line_1_58' title="bbox 32 4094 1552 4164; baseline -0.001 -16"><span class='ocrx_word' id='word_1_469' title='bbox 32 4098 84 4159; x_wconf 66' lang='grc' dir='ltr'><strong>ῦς</strong></span> <span class='ocrx_word' id='word_1_470' title='bbox 115 4097 175 4148; x_wconf 78' lang='grc' dir='ltr'><strong>δὲ</strong></span> <span class='ocrx_word' id='word_1_471' title='bbox 205 4095 425 4147; x_wconf 82' lang='grc' dir='ltr'>δυνατὸν</span> <span class='ocrx_word' id='word_1_472' title='bbox 462 4095 728 4148; x_wconf 86' lang='grc' dir='ltr'>κινεῖσθαι</span> <span class='ocrx_word' id='word_1_473' title='bbox 758 4095 850 4146; x_wconf 88' lang='grc' dir='ltr'><strong>τὸν</strong></span> <span class='ocrx_word' id='word_1_474' title='bbox 892 4094 1094 4164; x_wconf 79' lang='grc' dir='ltr'>κόσμον</span> <span class='ocrx_word' id='word_1_475' title='bbox 1131 4095 1223 4147; x_wconf 86' lang='grc' dir='ltr'><strong>τὸν</strong></span> <span class='ocrx_word' id='word_1_476' title='bbox 1253 4095 1418 4163; x_wconf 85' lang='grc' dir='ltr'>μήπω</span> <span class='ocrx_word' id='word_1_477' title='bbox 1458 4110 1552 4162; x_wconf 90' lang='grc' dir='ltr'>γε-</span> 
     </span>
    </p>
   </div>
   <div class='ocr_carea' id='block_1_59' title="bbox 36 4187 1552 4257">
    <p class='ocr_par' dir='ltr' id='par_1_59' title="bbox 36 4187 1552 4257">
     <span class='ocr_line' id='line_1_59' title="bbox 36 4187 1552 4257; baseline 0 -16"><span class='ocrx_word' id='word_1_478' title='bbox 36 4191 183 4251; x_wconf 73' lang='grc' dir='ltr'>νότα,</span> <span class='ocrx_word' id='word_1_479' title='bbox 214 4189 327 4241; x_wconf 82' lang='grc' dir='ltr'>ἀλλ’</span> <span class='ocrx_word' id='word_1_480' title='bbox 357 4190 405 4241; x_wconf 86' lang='grc' dir='ltr'>εἰ</span> <span class='ocrx_word' id='word_1_481' title='bbox 427 4188 538 4257; x_wconf 75' lang='lat'>(6‘2)</span> <span class='ocrx_word' id='word_1_482' title='bbox 569 4191 629 4240; x_wconf 87' lang='grc' dir='ltr'><strong>ἐν</strong></span> <span class='ocrx_word' id='word_1_483' title='bbox 649 4189 727 4257; x_wconf 80' lang='grc' dir='ltr'>τῷ</span> <span class='ocrx_word' id='word_1_484' title='bbox 754 4188 1023 4240; x_wconf 83' lang='grc' dir='ltr'>ποιεῖσθαι</span> <span class='ocrx_word' id='word_1_485' title='bbox 1047 4188 1198 4249; x_wconf 76' lang='grc' dir='ltr'>ὄντα,</span> <span class='ocrx_word' id='word_1_486' title='bbox 1226 4187 1303 4256; x_wconf 85' lang='grc' dir='ltr'>τῷ</span> <span class='ocrx_word' id='word_1_487' title='bbox 1332 4187 1423 4239; x_wconf 90' lang='grc' dir='ltr'><strong>τὸν</strong></span> <span class='ocrx_word' id='word_1_488' title='bbox 1454 4187 1552 4257; x_wconf 83' lang='grc' dir='ltr'><strong>μὲν</strong></span> 
     </span>
    </p>
   </div>
   <div class='ocr_carea' id='block_1_60' title="bbox 32 4274 1553 4350">
    <p class='ocr_par' dir='ltr' id='par_1_60' title="bbox 32 4274 1553 4350">
     <span class='ocr_line' id='line_1_60' title="bbox 32 4274 1553 4350; baseline -0.003 -21"><span class='ocrx_word' id='word_1_489' title='bbox 32 4281 95 4331; x_wconf 68' lang='grc' dir='ltr'>μὸν</span> <span class='ocrx_word' id='word_1_490' title='bbox 148 4283 319 4331; x_wconf 81' lang='grc' dir='ltr'>ποιεῖν</span> <span class='ocrx_word' id='word_1_491' title='bbox 360 4279 605 4350; x_wconf 84' lang='grc' dir='ltr'>ἀχρόνως</span> <span class='ocrx_word' id='word_1_492' title='bbox 630 4318 644 4339; x_wconf 84' lang='grc'><strong>,</strong></span> <span class='ocrx_word' id='word_1_493' title='bbox 678 4277 769 4329; x_wconf 82' lang='grc' dir='ltr'><strong>τὸν</strong></span> <span class='ocrx_word' id='word_1_494' title='bbox 805 4277 861 4329; x_wconf 86' lang='grc' dir='ltr'><strong>δέ</strong></span> <span class='ocrx_word' id='word_1_495' title='bbox 904 4277 1108 4346; x_wconf 84' lang='grc' dir='ltr'>κόσμον</span> <span class='ocrx_word' id='word_1_496' title='bbox 1154 4275 1212 4327; x_wconf 86' lang='grc' dir='ltr'><strong>ἐν</strong></span> <span class='ocrx_word' id='word_1_497' title='bbox 1261 4274 1339 4344; x_wconf 84' lang='grc' dir='ltr'>τῷ</span> <span class='ocrx_word' id='word_1_498' title='bbox 1375 4274 1553 4346; x_wconf 83' lang='grc' dir='ltr'>χρόνῳ</span> 
     </span>
    </p>
   </div>
   <div class='ocr_carea' id='block_1_61' title="bbox 34 4366 1553 4441">
    <p class='ocr_par' dir='ltr' id='par_1_61' title="bbox 34 4366 1553 4441">
     <span class='ocr_line' id='line_1_61' title="bbox 34 4366 1553 4441; baseline -0.002 -19"><span class='ocrx_word' id='word_1_499' title='bbox 34 4373 270 4435; x_wconf 57' lang='grc' dir='ltr'>διεῖσθαις</span> <span class='ocrx_word' id='word_1_500' title='bbox 300 4371 513 4439; x_wconf 77' lang='grc' dir='ltr'>ἀνάγκη</span> <span class='ocrx_word' id='word_1_501' title='bbox 542 4370 671 4441; x_wconf 82' lang='grc' dir='ltr'>γὰρ,</span> <span class='ocrx_word' id='word_1_502' title='bbox 707 4369 897 4439; x_wconf 82' lang='grc' dir='ltr'>ὥσπερ</span> <span class='ocrx_word' id='word_1_503' title='bbox 932 4370 1075 4420; x_wconf 79' lang='grc' dir='ltr'>ποιεῖ</span> <span class='ocrx_word' id='word_1_504' title='bbox 1103 4370 1131 4420; x_wconf 97' lang='lat'><strong>6</strong></span> <span class='ocrx_word' id='word_1_505' title='bbox 1160 4366 1349 4429; x_wconf 83' lang='grc' dir='ltr'>ποιῶν,</span> <span class='ocrx_word' id='word_1_506' title='bbox 1380 4366 1553 4429; x_wconf 77' lang='grc' dir='ltr'>οὕτως</span> 
     </span>
    </p>
   </div>
   <div class='ocr_carea' id='block_1_62' title="bbox 34 4462 1551 4535">
    <p class='ocr_par' dir='ltr' id='par_1_62' title="bbox 34 4462 1551 4535">
     <span class='ocr_line' id='line_1_62' title="bbox 34 4462 1551 4535; baseline 0 -20"><span class='ocrx_word' id='word_1_507' title='bbox 34 4467 237 4519; x_wconf 76' lang='grc' dir='ltr'>»ιεῖσθαι</span> <span class='ocrx_word' id='word_1_508' title='bbox 278 4466 337 4517; x_wconf 86' lang='grc' dir='ltr'><strong>τὸ</strong></span> <span class='ocrx_word' id='word_1_509' title='bbox 363 4465 685 4535; x_wconf 80' lang='grc' dir='ltr'>ποιούμενον</span> <span class='ocrx_word' id='word_1_510' title='bbox 727 4465 994 4534; x_wconf 80' lang='grc' dir='ltr'>ἀχρόνως.</span> <span class='ocrx_word' id='word_1_511' title='bbox 1032 4463 1095 4516; x_wconf 79' lang='lat' dir='ltr'><strong>Et</strong></span> <span class='ocrx_word' id='word_1_512' title='bbox 1135 4462 1190 4514; x_wconf 86' lang='grc' dir='ltr'><strong>δὲ</strong></span> <span class='ocrx_word' id='word_1_513' title='bbox 1233 4464 1301 4532; x_wconf 77' lang='grc' dir='ltr'>τῇ</span> <span class='ocrx_word' id='word_1_514' title='bbox 1336 4462 1551 4530; x_wconf 84' lang='grc' dir='ltr'>παροχῇ</span> 
     </span>
    </p>
   </div>
   <div class='ocr_carea' id='block_1_63' title="bbox 1584 3207 1630 3267">
    <p class='ocr_par' dir='ltr' id='par_1_63' title="bbox 1584 3207 1630 3267">
     <span class='ocr_line' id='line_1_63' title="bbox 1584 3207 1630 3267; baseline 0 -2"><span class='ocrx_word' id='word_1_515' title='bbox 1584 3207 1630 3267; x_wconf 84' lang='lat' dir='ltr'><strong>C</strong></span> 
     </span>
    </p>
   </div>
   <div class='ocr_carea' id='block_1_64' title="bbox 1663 1958 3250 2043">
    <p class='ocr_par' dir='ltr' id='par_1_64' title="bbox 1663 1958 3250 2043">
     <span class='ocr_line' id='line_1_64' title="bbox 1663 1958 3250 2043; baseline 0.012 -31"><span class='ocrx_word' id='word_1_516' title='bbox 1663 1958 1787 2013; x_wconf 92' lang='lat' dir='ltr'><strong>ideo</strong></span> <span class='ocrx_word' id='word_1_517' title='bbox 1820 1962 1992 2016; x_wconf 87' lang='lat' dir='ltr'><strong>motio</strong></span> <span class='ocrx_word' id='word_1_518' title='bbox 2026 1961 2383 2032; x_wconf 87' lang='lat' dir='ltr'><strong>imperfectus</strong></span> <span class='ocrx_word' id='word_1_519' title='bbox 2420 1966 2627 2021; x_wconf 89' lang='lat' dir='ltr'><strong>dicitur</strong></span> <span class='ocrx_word' id='word_1_520' title='bbox 2676 1976 2857 2035; x_wconf 90' lang='lat' dir='ltr'><strong>actus,</strong></span> <span class='ocrx_word' id='word_1_521' title='bbox 2901 1972 3033 2043; x_wconf 85' lang='lat' dir='ltr'><strong>quia</strong></span> <span class='ocrx_word' id='word_1_522' title='bbox 3071 1978 3250 2031; x_wconf 82' lang='lat' dir='ltr'><strong>conti-</strong></span> 
     </span>
    </p>
   </div>
   <div class='ocr_carea' id='block_1_65' title="bbox 1662 2058 3249 2142">
    <p class='ocr_par' dir='ltr' id='par_1_65' title="bbox 1662 2058 3249 2142">
     <span class='ocr_line' id='line_1_65' title="bbox 1662 2058 3249 2142; baseline 0.013 -36"><span class='ocrx_word' id='word_1_523' title='bbox 1662 2062 1858 2108; x_wconf 89' lang='lat' dir='ltr'><strong>nenter</strong></span> <span class='ocrx_word' id='word_1_524' title='bbox 1887 2064 2160 2123; x_wconf 81' lang='lat' dir='ltr'><strong>movetur,</strong></span> <span class='ocrx_word' id='word_1_525' title='bbox 2190 2066 2245 2113; x_wconf 91' lang='lat' dir='ltr'><strong>et</strong></span> <span class='ocrx_word' id='word_1_526' title='bbox 2293 2058 2360 2113; x_wconf 90' lang='lat' dir='ltr'><strong>ad</strong></span> <span class='ocrx_word' id='word_1_527' title='bbox 2390 2060 2512 2130; x_wconf 88' lang='lat' dir='ltr'><strong>ejus</strong></span> <span class='ocrx_word' id='word_1_528' title='bbox 2545 2062 2904 2120; x_wconf 86' lang='lat' dir='ltr'><strong>imitationem</strong></span> <span class='ocrx_word' id='word_1_529' title='bbox 2938 2066 3083 2125; x_wconf 84' lang='lat' dir='ltr'><strong>Deus</strong></span> <span class='ocrx_word' id='word_1_530' title='bbox 3110 2088 3249 2142; x_wconf 81' lang='lat' dir='ltr'><strong>quo-</strong></span> 
     </span>
    </p>
   </div>
   <div class='ocr_carea' id='block_1_66' title="bbox 1660 2145 3249 2236">
    <p class='ocr_par' dir='ltr' id='par_1_66' title="bbox 1660 2145 3249 2236">
     <span class='ocr_line' id='line_1_66' title="bbox 1660 2145 3249 2236; baseline 0.014 -38"><span class='ocrx_word' id='word_1_531' title='bbox 1660 2160 1769 2217; x_wconf 90' lang='lat' dir='ltr'><strong>que</strong></span> <span class='ocrx_word' id='word_1_532' title='bbox 1792 2145 1924 2201; x_wconf 88' lang='lat' dir='ltr'><strong>facit</strong></span> <span class='ocrx_word' id='word_1_533' title='bbox 1948 2165 1963 2213; x_wconf 90' lang='lat'><strong>;</strong></span> <span class='ocrx_word' id='word_1_534' title='bbox 1997 2148 2319 2219; x_wconf 87' lang='lat' dir='ltr'><strong>imperfecta</strong></span> <span class='ocrx_word' id='word_1_535' title='bbox 2339 2152 2447 2207; x_wconf 89' lang='lat' dir='ltr'><strong>erit</strong></span> <span class='ocrx_word' id='word_1_536' title='bbox 2474 2162 2530 2209; x_wconf 90' lang='lat' dir='ltr'><strong>et</strong></span> <span class='ocrx_word' id='word_1_537' title='bbox 2558 2170 2667 2210; x_wconf 92' lang='lat' dir='ltr'><strong>non</strong></span> <span class='ocrx_word' id='word_1_538' title='bbox 2700 2158 2949 2215; x_wconf 88' lang='lat' dir='ltr'><strong>absoluta</strong></span> <span class='ocrx_word' id='word_1_539' title='bbox 2971 2162 3091 2232; x_wconf 84' lang='lat' dir='ltr'><strong>ejus</strong></span> <span class='ocrx_word' id='word_1_540' title='bbox 3119 2180 3249 2236; x_wconf 79' lang='lat' dir='ltr'><strong>ope—</strong></span> 
     </span>
    </p>
   </div>
   <div class='ocr_carea' id='block_1_67' title="bbox 1661 2238 3244 2320">
    <p class='ocr_par' dir='ltr' id='par_1_67' title="bbox 1661 2238 3244 2320">
     <span class='ocr_line' id='line_1_67' title="bbox 1661 2238 3244 2320; baseline 0.014 -30"><span class='ocrx_word' id='word_1_541' title='bbox 1661 2238 1825 2293; x_wconf 85' lang='lat' dir='ltr'><strong>ratio.</strong></span> <span class='ocrx_word' id='word_1_542' title='bbox 1864 2239 2130 2295; x_wconf 82' lang='lat' dir='ltr'><strong>Absoluta</strong></span> <span class='ocrx_word' id='word_1_543' title='bbox 2177 2242 2324 2297; x_wconf 88' lang='lat' dir='ltr'><strong>enim</strong></span> <span class='ocrx_word' id='word_1_544' title='bbox 2361 2246 2611 2315; x_wconf 82' lang='lat' dir='ltr'><strong>Operatio</strong></span> <span class='ocrx_word' id='word_1_545' title='bbox 2646 2248 2701 2303; x_wconf 90' lang='lat' dir='ltr'><strong>in</strong></span> <span class='ocrx_word' id='word_1_546' title='bbox 2736 2251 3003 2320; x_wconf 86' lang='lat' dir='ltr'><strong>perfecto,</strong></span> <span class='ocrx_word' id='word_1_547' title='bbox 3032 2271 3144 2311; x_wconf 91' lang='lat' dir='ltr'><strong>non</strong></span> <span class='ocrx_word' id='word_1_548' title='bbox 3190 2259 3244 2312; x_wconf 89' lang='lat' dir='ltr'><strong>iu</strong></span> 
     </span>
    </p>
   </div>
   <div class='ocr_carea' id='block_1_68' title="bbox 1662 2329 3247 2419">
    <p class='ocr_par' dir='ltr' id='par_1_68' title="bbox 1662 2329 3247 2419">
     <span class='ocr_line' id='line_1_68' title="bbox 1662 2329 3247 2419; baseline 0.013 -37"><span class='ocrx_word' id='word_1_549' title='bbox 1662 2329 1983 2400; x_wconf 85' lang='lat' dir='ltr'><strong>imperfecto</strong></span> <span class='ocrx_word' id='word_1_550' title='bbox 2029 2333 2362 2404; x_wconf 87' lang='lat' dir='ltr'><strong>perspicitur</strong></span> <span class='ocrx_word' id='word_1_551' title='bbox 2394 2352 2589 2412; x_wconf 54' lang='lat' dir='ltr'><strong>.opere.</strong></span> <span class='ocrx_word' id='word_1_552' title='bbox 2622 2339 2893 2400; x_wconf 63' lang='lat' dir='ltr'><strong>Caeterum</strong></span> <span class='ocrx_word' id='word_1_553' title='bbox 2943 2347 2990 2400; x_wconf 89' lang='lat' dir='ltr'><strong>si</strong></span> <span class='ocrx_word' id='word_1_554' title='bbox 3021 2357 3247 2419; x_wconf 83' lang='lat' dir='ltr'><strong>propter</strong></span> 
     </span>
    </p>
   </div>
   <div class='ocr_carea' id='block_1_69' title="bbox 1661 2421 3247 2503">
    <p class='ocr_par' dir='ltr' id='par_1_69' title="bbox 1661 2421 3247 2503">
     <span class='ocr_line' id='line_1_69' title="bbox 1661 2421 3247 2503; baseline 0.014 -28"><span class='ocrx_word' id='word_1_555' title='bbox 1661 2421 2039 2492; x_wconf 88' lang='lat' dir='ltr'><strong>imperfectam</strong></span> <span class='ocrx_word' id='word_1_556' title='bbox 2069 2427 2446 2497; x_wconf 86' lang='lat' dir='ltr'><strong>operationem</strong></span> <span class='ocrx_word' id='word_1_557' title='bbox 2486 2437 2540 2485; x_wconf 90' lang='lat' dir='ltr'><strong>et</strong></span> <span class='ocrx_word' id='word_1_558' title='bbox 2576 2431 3115 2503; x_wconf 88' lang='lat' dir='ltr'><strong>imperfectissimam</strong></span> <span class='ocrx_word' id='word_1_559' title='bbox 3157 2458 3247 2496; x_wconf 85' lang='lat' dir='ltr'><strong>ra—</strong></span> 
     </span>
    </p>
   </div>
   <div class='ocr_carea' id='block_1_70' title="bbox 1661 2513 3248 2592">
    <p class='ocr_par' dir='ltr' id='par_1_70' title="bbox 1661 2513 3248 2592">
     <span class='ocr_line' id='line_1_70' title="bbox 1661 2513 3248 2592; baseline 0.013 -25"><span class='ocrx_word' id='word_1_560' title='bbox 1661 2513 1865 2568; x_wconf 88' lang='lat' dir='ltr'><strong>tionem</strong></span> <span class='ocrx_word' id='word_1_561' title='bbox 1909 2531 2208 2587; x_wconf 90' lang='lat' dir='ltr'><strong>responsor</strong></span> <span class='ocrx_word' id='word_1_562' title='bbox 2234 2522 2433 2576; x_wconf 85' lang='lat' dir='ltr'><strong>asserit</strong></span> <span class='ocrx_word' id='word_1_563' title='bbox 2468 2522 2638 2579; x_wconf 90' lang='lat' dir='ltr'><strong>Deum</strong></span> <span class='ocrx_word' id='word_1_564' title='bbox 2681 2527 2820 2582; x_wconf 88' lang='lat' dir='ltr'><strong>nihil</strong></span> <span class='ocrx_word' id='word_1_565' title='bbox 2850 2528 3049 2587; x_wconf 85' lang='lat' dir='ltr'><strong>fecisse</strong></span> <span class='ocrx_word' id='word_1_566' title='bbox 3070 2576 3086 2592; x_wconf 82' lang='lat'><strong>,</strong></span> <span class='ocrx_word' id='word_1_567' title='bbox 3119 2551 3248 2589; x_wconf 85' lang='lat' dir='ltr'><strong>vera</strong></span> 
     </span>
    </p>
   </div>
   <div class='ocr_carea' id='block_1_71' title="bbox 1661 2606 3246 2692">
    <p class='ocr_par' dir='ltr' id='par_1_71' title="bbox 1661 2606 3246 2692">
     <span class='ocr_line' id='line_1_71' title="bbox 1661 2606 3246 2692; baseline 0.011 -33"><span class='ocrx_word' id='word_1_568' title='bbox 1661 2620 1772 2661; x_wconf 84' lang='lat' dir='ltr'><strong>non</strong></span> <span class='ocrx_word' id='word_1_569' title='bbox 1799 2606 1945 2665; x_wconf 89' lang='lat' dir='ltr'><strong>dicet</strong></span> <span class='ocrx_word' id='word_1_570' title='bbox 1972 2608 2273 2680; x_wconf 87' lang='lat' dir='ltr'><strong>perfectam</strong></span> <span class='ocrx_word' id='word_1_571' title='bbox 2295 2628 2420 2670; x_wconf 88' lang='lat' dir='ltr'><strong>esse</strong></span> <span class='ocrx_word' id='word_1_572' title='bbox 2443 2629 2701 2674; x_wconf 88' lang='lat' dir='ltr'><strong>asserens</strong></span> <span class='ocrx_word' id='word_1_573' title='bbox 2726 2617 2821 2673; x_wconf 90' lang='lat' dir='ltr'><strong>Dei</strong></span> <span class='ocrx_word' id='word_1_574' title='bbox 2846 2624 3246 2692; x_wconf 80' lang='lat' dir='ltr'><strong>Operatioucm,</strong></span> 
     </span>
    </p>
   </div>
   <div class='ocr_carea' id='block_1_72' title="bbox 1661 2700 3250 2784">
    <p class='ocr_par' dir='ltr' id='par_1_72' title="bbox 1661 2700 3250 2784">
     <span class='ocr_line' id='line_1_72' title="bbox 1661 2700 3250 2784; baseline 0.013 -31"><span class='ocrx_word' id='word_1_575' title='bbox 1661 2715 1783 2769; x_wconf 66' lang='lat' dir='ltr'><strong>qum</strong></span> <span class='ocrx_word' id='word_1_576' title='bbox 1816 2700 1953 2755; x_wconf 90' lang='lat' dir='ltr'><strong>nihil</strong></span> <span class='ocrx_word' id='word_1_577' title='bbox 1987 2718 2166 2774; x_wconf 86' lang='lat' dir='ltr'><strong>neque</strong></span> <span class='ocrx_word' id='word_1_578' title='bbox 2196 2704 2250 2759; x_wconf 89' lang='lat' dir='ltr'><strong>in</strong></span> <span class='ocrx_word' id='word_1_579' title='bbox 2284 2705 2499 2778; x_wconf 83' lang='lat' dir='ltr'><strong>integro</strong></span> <span class='ocrx_word' id='word_1_580' title='bbox 2531 2724 2734 2779; x_wconf 91' lang='lat' dir='ltr'><strong>opere,</strong></span> <span class='ocrx_word' id='word_1_581' title='bbox 2771 2728 2951 2784; x_wconf 89' lang='lat' dir='ltr'><strong>neque</strong></span> <span class='ocrx_word' id='word_1_582' title='bbox 3001 2716 3059 2772; x_wconf 90' lang='lat' dir='ltr'><strong>in</strong></span> <span class='ocrx_word' id='word_1_583' title='bbox 3102 2717 3250 2773; x_wconf 87' lang='lat' dir='ltr'><strong>illius</strong></span> 
     </span>
    </p>
   </div>
   <div class='ocr_carea' id='block_1_73' title="bbox 1661 2795 3251 2881">
    <p class='ocr_par' dir='ltr' id='par_1_73' title="bbox 1661 2795 3251 2881">
     <span class='ocr_line' id='line_1_73' title="bbox 1661 2795 3251 2881; baseline 0.013 -37"><span class='ocrx_word' id='word_1_584' title='bbox 1661 2801 1815 2862; x_wconf 88' lang='lat' dir='ltr'><strong>parte</strong></span> <span class='ocrx_word' id='word_1_585' title='bbox 1845 2795 2093 2863; x_wconf 87' lang='lat' dir='ltr'><strong>perfecit.</strong></span> <span class='ocrx_word' id='word_1_586' title='bbox 2133 2795 2229 2851; x_wconf 92' lang='lat' dir='ltr'><strong>Sin</strong></span> <span class='ocrx_word' id='word_1_587' title='bbox 2263 2814 2429 2869; x_wconf 89' lang='lat' dir='ltr'><strong>opere</strong></span> <span class='ocrx_word' id='word_1_588' title='bbox 2461 2818 2569 2857; x_wconf 92' lang='lat' dir='ltr'><strong>non</strong></span> <span class='ocrx_word' id='word_1_589' title='bbox 2604 2804 2877 2872; x_wconf 85' lang='lat' dir='ltr'><strong>absoluto,</strong></span> <span class='ocrx_word' id='word_1_590' title='bbox 2912 2807 3027 2863; x_wconf 89' lang='lat' dir='ltr'><strong>fleri</strong></span> <span class='ocrx_word' id='word_1_591' title='bbox 3060 2812 3251 2881; x_wconf 80' lang='lat' dir='ltr'><strong>nequit.</strong></span> 
     </span>
    </p>
   </div>
   <div class='ocr_carea' id='block_1_74' title="bbox 1662 2886 3247 2969">
    <p class='ocr_par' dir='ltr' id='par_1_74' title="bbox 1662 2886 3247 2969">
     <span class='ocr_line' id='line_1_74' title="bbox 1662 2886 3247 2969; baseline 0.013 -33"><span class='ocrx_word' id='word_1_592' title='bbox 1662 2893 1720 2937; x_wconf 92' lang='lat' dir='ltr'><strong>ut</strong></span> <span class='ocrx_word' id='word_1_593' title='bbox 1763 2886 1978 2956; x_wconf 86' lang='lat' dir='ltr'><strong>opificis</strong></span> <span class='ocrx_word' id='word_1_594' title='bbox 2019 2890 2259 2959; x_wconf 88' lang='lat' dir='ltr'><strong>perfecta</strong></span> <span class='ocrx_word' id='word_1_595' title='bbox 2300 2892 2371 2947; x_wconf 90' lang='lat' dir='ltr'><strong>sit</strong></span> <span class='ocrx_word' id='word_1_596' title='bbox 2400 2896 2679 2965; x_wconf 80' lang='lat' dir='ltr'><strong>Operatio:</strong></span> <span class='ocrx_word' id='word_1_597' title='bbox 2714 2914 2893 2969; x_wconf 91' lang='lat' dir='ltr'><strong>neque</strong></span> <span class='ocrx_word' id='word_1_598' title='bbox 2922 2898 3068 2956; x_wconf 90' lang='lat' dir='ltr'><strong>Deus</strong></span> <span class='ocrx_word' id='word_1_599' title='bbox 3097 2902 3247 2957; x_wconf 79' lang='lat' dir='ltr'><strong>vide-</strong></span> 
     </span>
    </p>
   </div>
   <div class='ocr_carea' id='block_1_75' title="bbox 1663 2978 3248 3069">
    <p class='ocr_par' dir='ltr' id='par_1_75' title="bbox 1663 2978 3248 3069">
     <span class='ocr_line' id='line_1_75' title="bbox 1663 2978 3248 3069; baseline 0.011 -39"><span class='ocrx_word' id='word_1_600' title='bbox 1663 2978 1787 3033; x_wconf 90' lang='lat' dir='ltr'><strong>licet</strong></span> <span class='ocrx_word' id='word_1_601' title='bbox 1815 2981 2117 3049; x_wconf 84' lang='lat' dir='ltr'><strong>perfectam</strong></span> <span class='ocrx_word' id='word_1_602' title='bbox 2150 2984 2312 3039; x_wconf 86' lang='lat' dir='ltr'><strong>habet</strong></span> <span class='ocrx_word' id='word_1_603' title='bbox 2337 2990 2737 3069; x_wconf 81' lang='lat' dir='ltr'><strong>operationem,</strong></span> <span class='ocrx_word' id='word_1_604' title='bbox 2770 3008 2895 3045; x_wconf 88' lang='lat' dir='ltr'><strong>cum</strong></span> <span class='ocrx_word' id='word_1_605' title='bbox 2926 3009 3142 3065; x_wconf 89' lang='lat' dir='ltr'><strong>semper</strong></span> <span class='ocrx_word' id='word_1_606' title='bbox 3170 2995 3248 3049; x_wconf 72' lang='lat' dir='ltr'><strong>fa-</strong></span> 
     </span>
    </p>
   </div>
   <div class='ocr_carea' id='block_1_76' title="bbox 1659 3072 2120 3145">
    <p class='ocr_par' dir='ltr' id='par_1_76' title="bbox 1659 3072 2120 3145">
     <span class='ocr_line' id='line_1_76' title="bbox 1659 3072 2120 3145; baseline 0.011 -20"><span class='ocrx_word' id='word_1_607' title='bbox 1659 3072 1770 3126; x_wconf 90' lang='lat' dir='ltr'><strong>ciat</strong></span> <span class='ocrx_word' id='word_1_608' title='bbox 1796 3074 1846 3127; x_wconf 90' lang='lat' dir='ltr'><strong>id</strong></span> <span class='ocrx_word' id='word_1_609' title='bbox 1874 3076 2017 3145; x_wconf 88' lang='lat' dir='ltr'><strong>quod</strong></span> <span class='ocrx_word' id='word_1_610' title='bbox 2045 3076 2120 3130; x_wconf 87' lang='lat' dir='ltr'><strong>fit.</strong></span> 
     </span>
    </p>
   </div>
   <div class='ocr_carea' id='block_1_77' title="bbox 1731 3254 3251 3336">
    <p class='ocr_par' dir='ltr' id='par_1_77' title="bbox 1731 3254 3251 3336">
     <span class='ocr_line' id='line_1_77' title="bbox 1731 3254 3251 3336; baseline 0.013 -31"><span class='ocrx_word' id='word_1_611' title='bbox 1731 3255 1783 3308; x_wconf 64' lang='grc' dir='ltr'><strong>ὃ.</strong></span> <span class='ocrx_word' id='word_1_612' title='bbox 1823 3254 2010 3325; x_wconf 83' lang='lat' dir='ltr'><strong>Itaque</strong></span> <span class='ocrx_word' id='word_1_613' title='bbox 2035 3262 2288 3315; x_wconf 82' lang='lat' dir='ltr'><strong>muudum</strong></span> <span class='ocrx_word' id='word_1_614' title='bbox 2321 3263 2453 3332; x_wconf 84' lang='lat' dir='ltr'><strong>facit</strong></span> <span class='ocrx_word' id='word_1_615' title='bbox 2484 3280 2545 3317; x_wconf 88' lang='lat' dir='ltr'><strong>eo</strong></span> <span class='ocrx_word' id='word_1_616' title='bbox 2577 3266 2690 3334; x_wconf 83' lang='lat' dir='ltr'><strong>ipso</strong></span> <span class='ocrx_word' id='word_1_617' title='bbox 2711 3268 2848 3336; x_wconf 80' lang='lat' dir='ltr'><strong>quod</strong></span> <span class='ocrx_word' id='word_1_618' title='bbox 2872 3276 2971 3333; x_wconf 84' lang='lat' dir='ltr'><strong>est,</strong></span> <span class='ocrx_word' id='word_1_619' title='bbox 2993 3268 3117 3322; x_wconf 87' lang='lat' dir='ltr'><strong>dum</strong></span> <span class='ocrx_word' id='word_1_620' title='bbox 3136 3287 3251 3323; x_wconf 86' lang='lat' dir='ltr'><strong>ma-</strong></span> 
     </span>
    </p>
   </div>
   <div class='ocr_carea' id='block_1_78' title="bbox 1663 3356 3251 3429">
    <p class='ocr_par' dir='ltr' id='par_1_78' title="bbox 1663 3356 3251 3429">
     <span class='ocr_line' id='line_1_78' title="bbox 1663 3356 3251 3429; baseline 0.009 -28"><span class='ocrx_word' id='word_1_621' title='bbox 1663 3358 1771 3402; x_wconf 86' lang='lat' dir='ltr'><strong>lum</strong></span> <span class='ocrx_word' id='word_1_622' title='bbox 1820 3361 2125 3417; x_wconf 85' lang='lat' dir='ltr'><strong>perpetuum</strong></span> <span class='ocrx_word' id='word_1_623' title='bbox 2159 3356 2208 3407; x_wconf 83' lang='lat' dir='ltr'><strong>ei</strong></span> <span class='ocrx_word' id='word_1_624' title='bbox 2258 3356 2579 3425; x_wconf 84' lang='lat' dir='ltr'><strong>suppeditat.</strong></span> <span class='ocrx_word' id='word_1_625' title='bbox 2615 3358 2848 3429; x_wconf 86' lang='lat' dir='ltr'><strong>facitque</strong></span> <span class='ocrx_word' id='word_1_626' title='bbox 2888 3370 2943 3412; x_wconf 86' lang='lat' dir='ltr'><strong>ut</strong></span> <span class='ocrx_word' id='word_1_627' title='bbox 2974 3376 3066 3429; x_wconf 82' lang='lat' dir='ltr'><strong>per</strong></span> <span class='ocrx_word' id='word_1_628' title='bbox 3097 3379 3251 3416; x_wconf 71' lang='lat' dir='ltr'><strong>0mm:</strong></span> 
     </span>
    </p>
   </div>
   <div class='ocr_carea' id='block_1_79' title="bbox 1659 3445 3248 3520">
    <p class='ocr_par' dir='ltr' id='par_1_79' title="bbox 1659 3445 3248 3520">
     <span class='ocr_line' id='line_1_79' title="bbox 1659 3445 3248 3520; baseline 0.01 -26"><span class='ocrx_word' id='word_1_629' title='bbox 1659 3459 1826 3495; x_wconf 69' lang='lat' dir='ltr'><strong>meum</strong></span> <span class='ocrx_word' id='word_1_630' title='bbox 1894 3445 2173 3500; x_wconf 81' lang='lat' dir='ltr'><strong>colluceat.</strong></span> <span class='ocrx_word' id='word_1_631' title='bbox 2236 3448 2292 3501; x_wconf 91' lang='lat' dir='ltr'><strong>Si</strong></span> <span class='ocrx_word' id='word_1_632' title='bbox 2368 3451 2812 3520; x_wconf 88' lang='lat' dir='ltr'><strong>suppeditatione</strong></span> <span class='ocrx_word' id='word_1_633' title='bbox 2857 3462 3039 3509; x_wconf 82' lang='lat' dir='ltr'><strong>motus</strong></span> <span class='ocrx_word' id='word_1_634' title='bbox 3102 3454 3248 3511; x_wconf 85' lang='lat' dir='ltr'><strong>Deus</strong></span> 
     </span>
    </p>
   </div>
   <div class='ocr_carea' id='block_1_80' title="bbox 1658 3520 3247 3612">
    <p class='ocr_par' dir='ltr' id='par_1_80' title="bbox 1658 3520 3247 3612">
     <span class='ocr_line' id='line_1_80' title="bbox 1658 3520 3247 3612; baseline 0.008 -24"><span class='ocrx_word' id='word_1_635' title='bbox 1658 3536 1925 3591; x_wconf 90' lang='lat' dir='ltr'><strong>mundum</strong></span> <span class='ocrx_word' id='word_1_636' title='bbox 1978 3537 2143 3593; x_wconf 91' lang='lat' dir='ltr'><strong>efficit</strong></span> <span class='ocrx_word' id='word_1_637' title='bbox 2166 3581 2181 3605; x_wconf 93' lang='lat'><strong>,</strong></span> <span class='ocrx_word' id='word_1_638' title='bbox 2222 3520 2438 3596; x_wconf 67' lang='lat' dir='ltr'><strong>conslat</strong></span> <span class='ocrx_word' id='word_1_639' title='bbox 2482 3546 2870 3612; x_wconf 87' lang='lat' dir='ltr'><strong>temporarium</strong></span> <span class='ocrx_word' id='word_1_640' title='bbox 2898 3546 2968 3600; x_wconf 89' lang='lat' dir='ltr'><strong>ab</strong></span> <span class='ocrx_word' id='word_1_641' title='bbox 2999 3562 3247 3601; x_wconf 84' lang='lat' dir='ltr'><strong>comun-</strong></span> 
     </span>
    </p>
   </div>
   <div class='ocr_carea' id='block_1_81' title="bbox 1656 3627 3245 3713">
    <p class='ocr_par' dir='ltr' id='par_1_81' title="bbox 1656 3627 3245 3713">
     <span class='ocr_line' id='line_1_81' title="bbox 1656 3627 3245 3713; baseline 0.011 -35"><span class='ocrx_word' id='word_1_642' title='bbox 1656 3627 1786 3680; x_wconf 89' lang='lat' dir='ltr'><strong>dum</strong></span> <span class='ocrx_word' id='word_1_643' title='bbox 1810 3629 1984 3697; x_wconf 88' lang='lat' dir='ltr'><strong>effici;</strong></span> <span class='ocrx_word' id='word_1_644' title='bbox 2016 3646 2124 3685; x_wconf 92' lang='lat' dir='ltr'><strong>non</strong></span> <span class='ocrx_word' id='word_1_645' title='bbox 2157 3633 2303 3687; x_wconf 90' lang='lat' dir='ltr'><strong>enim</strong></span> <span class='ocrx_word' id='word_1_646' title='bbox 2332 3634 2538 3703; x_wconf 88' lang='lat' dir='ltr'><strong>absque</strong></span> <span class='ocrx_word' id='word_1_647' title='bbox 2569 3644 2813 3707; x_wconf 87' lang='lat' dir='ltr'><strong>tempore</strong></span> <span class='ocrx_word' id='word_1_648' title='bbox 2836 3648 2921 3694; x_wconf 82' lang='lat' dir='ltr'><strong>est</strong></span> <span class='ocrx_word' id='word_1_649' title='bbox 2947 3650 3131 3698; x_wconf 87' lang='lat' dir='ltr'><strong>motus</strong></span> <span class='ocrx_word' id='word_1_650' title='bbox 3150 3645 3245 3713; x_wconf 77' lang='lat' dir='ltr'><strong>qui</strong></span> 
     </span>
    </p>
   </div>
   <div class='ocr_carea' id='block_1_82' title="bbox 1657 3720 3249 3802">
    <p class='ocr_par' dir='ltr' id='par_1_82' title="bbox 1657 3720 3249 3802">
     <span class='ocr_line' id='line_1_82' title="bbox 1657 3720 3249 3802; baseline 0.01 -30"><span class='ocrx_word' id='word_1_651' title='bbox 1657 3720 1865 3774; x_wconf 88' lang='lat' dir='ltr'><strong>mundo</strong></span> <span class='ocrx_word' id='word_1_652' title='bbox 1896 3738 1925 3774; x_wconf 86' lang='lat' dir='ltr'><strong>a</strong></span> <span class='ocrx_word' id='word_1_653' title='bbox 1961 3722 2072 3777; x_wconf 88' lang='lat' dir='ltr'><strong>Deo</strong></span> <span class='ocrx_word' id='word_1_654' title='bbox 2102 3725 2397 3793; x_wconf 65' lang='lat' dir='ltr'><strong>prazbetur.</strong></span> <span class='ocrx_word' id='word_1_655' title='bbox 2434 3726 2492 3781; x_wconf 90' lang='lat' dir='ltr'><strong>Si</strong></span> <span class='ocrx_word' id='word_1_656' title='bbox 2520 3729 2686 3799; x_wconf 79' lang='lat' dir='ltr'><strong>igitur</strong></span> <span class='ocrx_word' id='word_1_657' title='bbox 2714 3728 2928 3787; x_wconf 85' lang='lat' dir='ltr'><strong>efficere</strong></span> <span class='ocrx_word' id='word_1_658' title='bbox 2959 3736 3249 3802; x_wconf 58' lang='lat' dir='ltr'><strong>prasentis</strong></span> 
     </span>
    </p>
   </div>
   <div class='ocr_carea' id='block_1_83' title="bbox 1656 3815 3248 3895">
    <p class='ocr_par' dir='ltr' id='par_1_83' title="bbox 1656 3815 3248 3895">
     <span class='ocr_line' id='line_1_83' title="bbox 1656 3815 3248 3895; baseline 0.009 -30"><span class='ocrx_word' id='word_1_659' title='bbox 1656 3821 1741 3867; x_wconf 90' lang='lat' dir='ltr'><strong>est</strong></span> <span class='ocrx_word' id='word_1_660' title='bbox 1765 3815 2054 3884; x_wconf 80' lang='lat' dir='ltr'><strong>temporis,</strong></span> <span class='ocrx_word' id='word_1_661' title='bbox 2098 3824 2152 3869; x_wconf 88' lang='lat' dir='ltr'><strong>et</strong></span> <span class='ocrx_word' id='word_1_662' title='bbox 2198 3826 2383 3874; x_wconf 85' lang='lat' dir='ltr'><strong>motus</strong></span> <span class='ocrx_word' id='word_1_663' title='bbox 2414 3822 2782 3892; x_wconf 85' lang='lat' dir='ltr'><strong>temporarius</strong></span> <span class='ocrx_word' id='word_1_664' title='bbox 2812 3833 2895 3878; x_wconf 88' lang='lat' dir='ltr'><strong>est</strong></span> <span class='ocrx_word' id='word_1_665' title='bbox 2921 3866 2937 3890; x_wconf 90' lang='lat'><strong>,</strong></span> <span class='ocrx_word' id='word_1_666' title='bbox 2971 3826 3248 3895; x_wconf 78' lang='lat' dir='ltr'><strong>quomodo</strong></span> 
     </span>
    </p>
   </div>
   <div class='ocr_carea' id='block_1_84' title="bbox 1660 3906 3250 3987">
    <p class='ocr_par' dir='ltr' id='par_1_84' title="bbox 1660 3906 3250 3987">
     <span class='ocr_line' id='line_1_84' title="bbox 1660 3906 3250 3987; baseline 0.01 -29"><span class='ocrx_word' id='word_1_667' title='bbox 1660 3906 1857 3961; x_wconf 88' lang='lat' dir='ltr'><strong>falsum</strong></span> <span class='ocrx_word' id='word_1_668' title='bbox 1883 3922 1992 3962; x_wconf 93' lang='lat' dir='ltr'><strong>non</strong></span> <span class='ocrx_word' id='word_1_669' title='bbox 2021 3916 2125 3974; x_wconf 89' lang='lat' dir='ltr'><strong>est,</strong></span> <span class='ocrx_word' id='word_1_670' title='bbox 2163 3911 2298 3963; x_wconf 81' lang='lat' dir='ltr'><strong>nihil</strong></span> <span class='ocrx_word' id='word_1_671' title='bbox 2320 3929 2432 3966; x_wconf 78' lang='lat' dir='ltr'><strong>esse</strong></span> <span class='ocrx_word' id='word_1_672' title='bbox 2461 3914 2602 3983; x_wconf 84' lang='lat' dir='ltr'><strong>apud</strong></span> <span class='ocrx_word' id='word_1_673' title='bbox 2630 3912 2793 3969; x_wconf 84' lang='lat' dir='ltr'><strong>Deum</strong></span> <span class='ocrx_word' id='word_1_674' title='bbox 2825 3920 3203 3987; x_wconf 85' lang='lat' dir='ltr'><strong>temporarium</strong></span> <span class='ocrx_word' id='word_1_675' title='bbox 3222 3924 3250 3979; x_wconf 81' lang='lat'><strong><em>?</em></strong></span> 
     </span>
    </p>
   </div>
   <div class='ocr_carea' id='block_1_85' title="bbox 1658 3995 3248 4080">
    <p class='ocr_par' dir='ltr' id='par_1_85' title="bbox 1658 3995 3248 4080">
     <span class='ocr_line' id='line_1_85' title="bbox 1658 3995 3248 4080; baseline 0.013 -30"><span class='ocrx_word' id='word_1_676' title='bbox 1658 3995 1763 4063; x_wconf 82' lang='lat' dir='ltr'><strong>Qui</strong></span> <span class='ocrx_word' id='word_1_677' title='bbox 1793 4008 1972 4055; x_wconf 81' lang='lat' dir='ltr'><strong>autent</strong></span> <span class='ocrx_word' id='word_1_678' title='bbox 1992 4002 2105 4055; x_wconf 91' lang='lat' dir='ltr'><strong>fieri</strong></span> <span class='ocrx_word' id='word_1_679' title='bbox 2137 4012 2319 4072; x_wconf 92' lang='lat' dir='ltr'><strong>potest</strong></span> <span class='ocrx_word' id='word_1_680' title='bbox 2363 4014 2422 4059; x_wconf 92' lang='lat' dir='ltr'><strong>ut</strong></span> <span class='ocrx_word' id='word_1_681' title='bbox 2455 4008 2692 4065; x_wconf 91' lang='lat' dir='ltr'><strong>mundus</strong></span> <span class='ocrx_word' id='word_1_682' title='bbox 2720 4010 2837 4080; x_wconf 89' lang='lat' dir='ltr'><strong>qui,</strong></span> <span class='ocrx_word' id='word_1_683' title='bbox 2866 4012 3101 4067; x_wconf 87' lang='lat' dir='ltr'><strong>necdum</strong></span> <span class='ocrx_word' id='word_1_684' title='bbox 3134 4014 3248 4071; x_wconf 88' lang='lat' dir='ltr'><strong>fac-</strong></span> 
     </span>
    </p>
   </div>
   <div class='ocr_carea' id='block_1_86' title="bbox 1659 4094 3249 4171">
    <p class='ocr_par' dir='ltr' id='par_1_86' title="bbox 1659 4094 3249 4171">
     <span class='ocr_line' id='line_1_86' title="bbox 1659 4094 3249 4171; baseline 0.01 -25"><span class='ocrx_word' id='word_1_685' title='bbox 1659 4102 1748 4147; x_wconf 89' lang='lat' dir='ltr'><strong>tus</strong></span> <span class='ocrx_word' id='word_1_686' title='bbox 1779 4094 2191 4159; x_wconf 87' lang='lat' dir='ltr'><strong>sit,moveatur,</strong></span> <span class='ocrx_word' id='word_1_687' title='bbox 2209 4105 2302 4151; x_wconf 83' lang='lat' dir='ltr'><strong>aut</strong></span> <span class='ocrx_word' id='word_1_688' title='bbox 2334 4098 2383 4152; x_wconf 89' lang='lat' dir='ltr'><strong>si</strong></span> <span class='ocrx_word' id='word_1_689' title='bbox 2405 4098 2535 4153; x_wconf 87' lang='lat' dir='ltr'><strong>dum</strong></span> <span class='ocrx_word' id='word_1_690' title='bbox 2560 4100 2814 4169; x_wconf 86' lang='lat' dir='ltr'><strong>efficitur,</strong></span> <span class='ocrx_word' id='word_1_691' title='bbox 2845 4105 3087 4171; x_wconf 77' lang='lat' dir='ltr'><strong>exsistit,</strong></span> <span class='ocrx_word' id='word_1_692' title='bbox 3102 4105 3249 4163; x_wconf 88' lang='lat' dir='ltr'><strong>Deus</strong></span> 
     </span>
    </p>
   </div>
   <div class='ocr_carea' id='block_1_87' title="bbox 1657 4184 3248 4259">
    <p class='ocr_par' dir='ltr' id='par_1_87' title="bbox 1657 4184 3248 4259">
     <span class='ocr_line' id='line_1_87' title="bbox 1657 4184 3248 4259; baseline 0.011 -23"><span class='ocrx_word' id='word_1_693' title='bbox 1657 4184 1877 4253; x_wconf 82' lang='lat' dir='ltr'><strong>quidem</strong></span> <span class='ocrx_word' id='word_1_694' title='bbox 1923 4188 2131 4258; x_wconf 90' lang='lat' dir='ltr'><strong>absque</strong></span> <span class='ocrx_word' id='word_1_695' title='bbox 2175 4198 2419 4259; x_wconf 82' lang='lat' dir='ltr'><strong>tempore</strong></span> <span class='ocrx_word' id='word_1_696' title='bbox 2458 4191 2676 4255; x_wconf 80' lang='lat' dir='ltr'><strong>efficiat.</strong></span> <span class='ocrx_word' id='word_1_697' title='bbox 2730 4195 2969 4253; x_wconf 88' lang='lat' dir='ltr'><strong>mundus</strong></span> <span class='ocrx_word' id='word_1_698' title='bbox 3008 4214 3141 4253; x_wconf 82' lang='lat' dir='ltr'><strong>vero</strong></span> <span class='ocrx_word' id='word_1_699' title='bbox 3189 4200 3248 4254; x_wconf 87' lang='lat' dir='ltr'><strong>in</strong></span> 
     </span>
    </p>
   </div>
   <div class='ocr_carea' id='block_1_88' title="bbox 1658 4280 3251 4357">
    <p class='ocr_par' dir='ltr' id='par_1_88' title="bbox 1658 4280 3251 4357">
     <span class='ocr_line' id='line_1_88' title="bbox 1658 4280 3251 4357; baseline 0.009 -27"><span class='ocrx_word' id='word_1_700' title='bbox 1658 4287 1906 4347; x_wconf 85' lang='lat' dir='ltr'><strong>tempore</strong></span> <span class='ocrx_word' id='word_1_701' title='bbox 1946 4280 2252 4335; x_wconf 83' lang='lat' dir='ltr'><strong>efficiatur?</strong></span> <span class='ocrx_word' id='word_1_702' title='bbox 2292 4281 2530 4339; x_wconf 86' lang='lat' dir='ltr'><strong>Necesse</strong></span> <span class='ocrx_word' id='word_1_703' title='bbox 2562 4300 2800 4357; x_wconf 90' lang='lat' dir='ltr'><strong>namque</strong></span> <span class='ocrx_word' id='word_1_704' title='bbox 2837 4296 2953 4355; x_wconf 90' lang='lat' dir='ltr'><strong>est,</strong></span> <span class='ocrx_word' id='word_1_705' title='bbox 2991 4291 3134 4345; x_wconf 89' lang='lat' dir='ltr'><strong>sicut</strong></span> <span class='ocrx_word' id='word_1_706' title='bbox 3167 4292 3227 4345; x_wconf 88' lang='lat' dir='ltr'><strong>ef</strong></span> <span class='ocrx_word' id='word_1_707' title='bbox 3242 4320 3251 4329; x_wconf 93' lang='lat'><strong>-</strong></span> 
     </span>
    </p>
   </div>
   <div class='ocr_carea' id='block_1_89' title="bbox 1659 4366 3250 4449">
    <p class='ocr_par' dir='ltr' id='par_1_89' title="bbox 1659 4366 3250 4449">
     <span class='ocr_line' id='line_1_89' title="bbox 1659 4366 3250 4449; baseline 0.008 -29"><span class='ocrx_word' id='word_1_708' title='bbox 1659 4366 1832 4422; x_wconf 89' lang='lat' dir='ltr'><strong>fector</strong></span> <span class='ocrx_word' id='word_1_709' title='bbox 1862 4369 2015 4438; x_wconf 89' lang='lat' dir='ltr'><strong>facit,</strong></span> <span class='ocrx_word' id='word_1_710' title='bbox 2050 4372 2124 4425; x_wconf 90' lang='lat' dir='ltr'><strong>ita</strong></span> <span class='ocrx_word' id='word_1_711' title='bbox 2157 4387 2376 4442; x_wconf 88' lang='lat' dir='ltr'><strong>quoque</strong></span> <span class='ocrx_word' id='word_1_712' title='bbox 2409 4372 2665 4429; x_wconf 85' lang='lat' dir='ltr'><strong>effectum</strong></span> <span class='ocrx_word' id='word_1_713' title='bbox 2703 4374 2841 4431; x_wconf 88' lang='lat' dir='ltr'><strong>effici</strong></span> <span class='ocrx_word' id='word_1_714' title='bbox 2870 4378 3080 4449; x_wconf 90' lang='lat' dir='ltr'><strong>absque</strong></span> <span class='ocrx_word' id='word_1_715' title='bbox 3109 4388 3250 4435; x_wconf 78' lang='lat' dir='ltr'><strong>tem-</strong></span> 
     </span>
    </p>
   </div>
   <div class='ocr_carea' id='block_1_90' title="bbox 1658 4459 3247 4527">
    <p class='ocr_par' dir='ltr' id='par_1_90' title="bbox 1658 4459 3247 4527">
     <span class='ocr_line' id='line_1_90' title="bbox 1658 4459 3247 4527; baseline 0.008 -14"><span class='ocrx_word' id='word_1_716' title='bbox 1658 4474 1812 4527; x_wconf 90' lang='lat' dir='ltr'><strong>pore.</strong></span> <span class='ocrx_word' id='word_1_717' title='bbox 1854 4459 1950 4515; x_wconf 90' lang='lat' dir='ltr'><strong>Sin</strong></span> <span class='ocrx_word' id='word_1_718' title='bbox 1999 4472 2182 4518; x_wconf 87' lang='lat' dir='ltr'><strong>motus</strong></span> <span class='ocrx_word' id='word_1_719' title='bbox 2224 4465 2741 4524; x_wconf 85' lang='lat' dir='ltr'><strong>subministratione</strong></span> <span class='ocrx_word' id='word_1_720' title='bbox 2785 4466 2931 4525; x_wconf 89' lang='lat' dir='ltr'><strong>Deus</strong></span> <span class='ocrx_word' id='word_1_721' title='bbox 2980 4471 3247 4526; x_wconf 91' lang='lat' dir='ltr'><strong>mundum</strong></span> 
     </span>
    </p>
   </div>
   <div class='ocr_carea' id='block_1_91' title="bbox 33 4553 1552 4628">
    <p class='ocr_par' dir='ltr' id='par_1_91' title="bbox 33 4553 1544 4628">
     <span class='ocr_line' id='line_1_91' title="bbox 33 4553 1544 4628; baseline -0.014 -5"><span class='ocrx_word' id='word_1_722' title='bbox 33 4576 69 4625; x_wconf 64' lang='grc' dir='ltr'>ις</span> <span class='ocrx_word' id='word_1_723' title='bbox 91 4560 353 4628; x_wconf 75' lang='grc' dir='ltr'>κινήσεως</span> <span class='ocrx_word' id='word_1_724' title='bbox 386 4559 529 4610; x_wconf 84' lang='grc' dir='ltr'>ποιεῖ</span> <span class='ocrx_word' id='word_1_725' title='bbox 558 4556 650 4607; x_wconf 80' lang='grc' dir='ltr'><strong>τὸν</strong></span> <span class='ocrx_word' id='word_1_726' title='bbox 684 4556 885 4626; x_wconf 87' lang='grc' dir='ltr'>κόσμον</span> <span class='ocrx_word' id='word_1_727' title='bbox 914 4556 942 4606; x_wconf 85' lang='lat'><strong>6</strong></span> <span class='ocrx_word' id='word_1_728' title='bbox 982 4555 1135 4620; x_wconf 80' lang='grc' dir='ltr'>Θεὸς,</span> <span class='ocrx_word' id='word_1_729' title='bbox 1173 4554 1267 4606; x_wconf 80' lang='grc' dir='ltr'><strong>καὶ</strong></span> <span class='ocrx_word' id='word_1_730' title='bbox 1304 4553 1402 4623; x_wconf 81' lang='grc' dir='ltr'><strong>οὐχ</strong></span> <span class='ocrx_word' id='word_1_731' title='bbox 1446 4554 1544 4622; x_wconf 86' lang='grc' dir='ltr'>ἁρ-</span> 
     </span>
    </p>
   </div>
   <div class='ocr_carea' id='block_1_92' title="bbox 1731 4553 3247 4628">
    <p class='ocr_par' dir='ltr' id='par_1_92' title="bbox 1731 4553 3247 4624">
     <span class='ocr_line' id='line_1_92' title="bbox 1731 4553 3247 4624; baseline 0.011 -21"><span class='ocrx_word' id='word_1_732' title='bbox 1731 4553 1805 4615; x_wconf 81' lang='lat' dir='ltr'><strong>:it,</strong></span> <span class='ocrx_word' id='word_1_733' title='bbox 1843 4570 1944 4607; x_wconf 90' lang='lat' dir='ltr'><strong>nec</strong></span> <span class='ocrx_word' id='word_1_734' title='bbox 1977 4556 2368 4610; x_wconf 86' lang='lat' dir='ltr'><strong>convenienter</strong></span> <span class='ocrx_word' id='word_1_735' title='bbox 2396 4557 2464 4611; x_wconf 88' lang='lat' dir='ltr'><strong>de</strong></span> <span class='ocrx_word' id='word_1_736' title='bbox 2495 4573 2561 4612; x_wconf 91' lang='lat' dir='ltr'><strong>eo</strong></span> <span class='ocrx_word' id='word_1_737' title='bbox 2604 4558 2829 4624; x_wconf 88' lang='lat' dir='ltr'><strong>dicitur,</strong></span> <span class='ocrx_word' id='word_1_738' title='bbox 2874 4562 3133 4618; x_wconf 77' lang='lat' dir='ltr'><strong>Mundum</strong></span> <span class='ocrx_word' id='word_1_739' title='bbox 3168 4564 3247 4619; x_wconf 89' lang='lat' dir='ltr'><strong>fe-</strong></span> 
     </span>
    </p>
   </div>
   <div class='ocr_carea' id='block_1_93' title="bbox 34 4646 1546 4720">
    <p class='ocr_par' dir='ltr' id='par_1_93' title="bbox 34 4646 1546 4720">
     <span class='ocr_line' id='line_1_93' title="bbox 34 4646 1546 4720; baseline -0.001 -20"><span class='ocrx_word' id='word_1_740' title='bbox 34 4650 155 4703; x_wconf 68' lang='lat' dir='ltr'><strong>ittst</strong></span> <span class='ocrx_word' id='word_1_741' title='bbox 170 4651 231 4703; x_wconf 88' lang='grc' dir='ltr'><strong>τὸ</strong></span> <span class='ocrx_word' id='word_1_742' title='bbox 241 4649 487 4718; x_wconf 81' lang='grc' dir='ltr'>λέγεσθαι</span> <span class='ocrx_word' id='word_1_743' title='bbox 501 4650 630 4720; x_wconf 81' lang='grc' dir='ltr'>περὶ</span> <span class='ocrx_word' id='word_1_744' title='bbox 641 4647 807 4700; x_wconf 83' lang='grc' dir='ltr'>αὑτοῦ</span> <span class='ocrx_word' id='word_1_745' title='bbox 821 4648 904 4710; x_wconf 88' lang='grc' dir='ltr'><strong>τὸ,</strong></span> <span class='ocrx_word' id='word_1_746' title='bbox 922 4647 1198 4716; x_wconf 82' lang='grc' dir='ltr'>Πεποὶηκε</span> <span class='ocrx_word' id='word_1_747' title='bbox 1215 4646 1304 4699; x_wconf 85' lang='grc' dir='ltr'><strong>τὸν</strong></span> <span class='ocrx_word' id='word_1_748' title='bbox 1321 4647 1546 4715; x_wconf 85' lang='grc' dir='ltr'>κόσμον,</span> 
     </span>
    </p>
   </div>
   <div class='ocr_carea' id='block_1_94' title="bbox 34 4740 1549 4815">
    <p class='ocr_par' dir='ltr' id='par_1_94' title="bbox 34 4740 1549 4815">
     <span class='ocr_line' id='line_1_94' title="bbox 34 4740 1549 4815; baseline -0.002 -21"><span class='ocrx_word' id='word_1_749' title='bbox 34 4743 76 4794; x_wconf 67' lang='grc' dir='ltr'><strong>ιδ’</strong></span> <span class='ocrx_word' id='word_1_750' title='bbox 102 4745 211 4815; x_wconf 75' lang='grc' dir='ltr'>ἄρα</span> <span class='ocrx_word' id='word_1_751' title='bbox 242 4743 317 4812; x_wconf 78' lang='grc' dir='ltr'>τῷ</span> <span class='ocrx_word' id='word_1_752' title='bbox 347 4744 537 4814; x_wconf 85' lang='grc' dir='ltr'>κόσμῳ</span> <span class='ocrx_word' id='word_1_753' title='bbox 564 4743 826 4813; x_wconf 84' lang='grc' dir='ltr'>ἁρμόττει</span> <span class='ocrx_word' id='word_1_754' title='bbox 851 4740 912 4793; x_wconf 88' lang='grc' dir='ltr'><strong>τὸ</strong></span> <span class='ocrx_word' id='word_1_755' title='bbox 932 4740 1235 4811; x_wconf 82' lang='grc' dir='ltr'>κινηθῆναι.</span> <span class='ocrx_word' id='word_1_756' title='bbox 1272 4741 1333 4792; x_wconf 80' lang='lat' dir='ltr'><strong>Ei</strong></span> <span class='ocrx_word' id='word_1_757' title='bbox 1361 4740 1549 4809; x_wconf 74' lang='grc' dir='ltr'>ἕτερον</span> 
     </span>
    </p>
   </div>
   <div class='ocr_carea' id='block_1_95' title="bbox 34 4827 1551 4907">
    <p class='ocr_par' dir='ltr' id='par_1_95' title="bbox 34 4827 1551 4907">
     <span class='ocr_line' id='line_1_95' title="bbox 34 4827 1551 4907; baseline -0.001 -21"><span class='ocrx_word' id='word_1_758' title='bbox 34 4844 73 4886; x_wconf 66' lang='grc' dir='ltr'>ὲν</span> <span class='ocrx_word' id='word_1_759' title='bbox 104 4838 162 4889; x_wconf 77' lang='grc' dir='ltr'><strong>τὸ</strong></span> <span class='ocrx_word' id='word_1_760' title='bbox 197 4835 539 4906; x_wconf 85' lang='grc' dir='ltr'>κινούμενον,</span> <span class='ocrx_word' id='word_1_761' title='bbox 571 4836 735 4907; x_wconf 80' lang='grc' dir='ltr'>ἑτέρα</span> <span class='ocrx_word' id='word_1_762' title='bbox 768 4835 825 4887; x_wconf 81' lang='grc' dir='ltr'>δὲ</span> <span class='ocrx_word' id='word_1_763' title='bbox 859 4837 892 4905; x_wconf 82' lang='grc' dir='ltr'><strong>η</strong></span> <span class='ocrx_word' id='word_1_764' title='bbox 941 4834 1181 4903; x_wconf 78' lang='grc' dir='ltr'>κίνησις·</span> <span class='ocrx_word' id='word_1_765' title='bbox 1224 4827 1333 4885; x_wconf 77' lang='grc' dir='ltr'>οἷον</span> <span class='ocrx_word' id='word_1_766' title='bbox 1354 4872 1368 4896; x_wconf 94' lang='grc'><strong>,</strong></span> <span class='ocrx_word' id='word_1_767' title='bbox 1413 4833 1551 4885; x_wconf 77' lang='grc' dir='ltr'>ἔστω</span> 
     </span>
    </p>
   </div>
   <div class='ocr_carea' id='block_1_96' title="bbox 36 4926 1550 4998">
    <p class='ocr_par' dir='ltr' id='par_1_96' title="bbox 36 4926 1550 4998">
     <span class='ocr_line' id='line_1_96' title="bbox 36 4926 1550 4998; baseline -0.001 -17"><span class='ocrx_word' id='word_1_768' title='bbox 36 4954 38 4971; x_wconf 66' lang='grc' dir='ltr'>ν</span> <span class='ocrx_word' id='word_1_769' title='bbox 67 4930 156 4996; x_wconf 72' lang='grc' dir='ltr'><strong>μὲν</strong></span> <span class='ocrx_word' id='word_1_770' title='bbox 184 4929 492 4998; x_wconf 84' lang='grc' dir='ltr'>κινούμενον</span> <span class='ocrx_word' id='word_1_771' title='bbox 519 4932 547 4982; x_wconf 90' lang='lat'><strong>6</strong></span> <span class='ocrx_word' id='word_1_772' title='bbox 575 4929 745 4998; x_wconf 76' lang='grc' dir='ltr'>ἥλιος,</span> <span class='ocrx_word' id='word_1_773' title='bbox 776 4930 810 4996; x_wconf 85' lang='grc' dir='ltr'>ἡ</span> <span class='ocrx_word' id='word_1_774' title='bbox 838 4929 893 4981; x_wconf 84' lang='grc' dir='ltr'><strong>δὲ</strong></span> <span class='ocrx_word' id='word_1_775' title='bbox 936 4928 1150 4997; x_wconf 81' lang='grc' dir='ltr'>κίνησις</span> <span class='ocrx_word' id='word_1_776' title='bbox 1182 4926 1348 4979; x_wconf 85' lang='grc' dir='ltr'>αὐτοῦ</span> <span class='ocrx_word' id='word_1_777' title='bbox 1383 4928 1550 4995; x_wconf 85' lang='grc' dir='ltr'>μετά-</span> 
     </span>
    </p>
   </div>
   <div class='ocr_carea' id='block_1_97' title="bbox 35 5020 1551 5093">
    <p class='ocr_par' dir='ltr' id='par_1_97' title="bbox 35 5020 1551 5093">
     <span class='ocr_line' id='line_1_97' title="bbox 35 5020 1551 5093; baseline 0.001 -23"><span class='ocrx_word' id='word_1_778' title='bbox 35 5037 156 5085; x_wconf 75' lang='grc' dir='ltr'>ςασις</span> <span class='ocrx_word' id='word_1_779' title='bbox 187 5022 319 5075; x_wconf 87' lang='grc' dir='ltr'><strong>κατά</strong></span> <span class='ocrx_word' id='word_1_780' title='bbox 349 5022 521 5093; x_wconf 73' lang='grc' dir='ltr'>φορὰν</span> <span class='ocrx_word' id='word_1_781' title='bbox 546 5024 609 5075; x_wconf 81' lang='grc' dir='ltr'><strong>ἐκ</strong></span> <span class='ocrx_word' id='word_1_782' title='bbox 634 5023 799 5075; x_wconf 86' lang='grc' dir='ltr'>τόπου</span> <span class='ocrx_word' id='word_1_783' title='bbox 823 5024 902 5084; x_wconf 83' lang='grc' dir='ltr'>εἰς</span> <span class='ocrx_word' id='word_1_784' title='bbox 926 5022 1090 5074; x_wconf 86' lang='grc' dir='ltr'>τόπον</span> <span class='ocrx_word' id='word_1_785' title='bbox 1111 5038 1124 5049; x_wconf 91' lang='grc'><strong>·</strong></span> <span class='ocrx_word' id='word_1_786' title='bbox 1158 5021 1251 5073; x_wconf 75' lang='grc' dir='ltr'>καὶ</span> <span class='ocrx_word' id='word_1_787' title='bbox 1273 5022 1306 5090; x_wconf 83' lang='grc' dir='ltr'>ἡ</span> <span class='ocrx_word' id='word_1_788' title='bbox 1338 5020 1551 5090; x_wconf 77' lang='grc' dir='ltr'>κίνησις</span> 
     </span>
    </p>
   </div>
   <div class='ocr_carea' id='block_1_98' title="bbox 35 5112 1551 5184">
    <p class='ocr_par' dir='ltr' id='par_1_98' title="bbox 35 5112 1551 5184">
     <span class='ocr_line' id='line_1_98' title="bbox 35 5112 1551 5184; baseline 0.001 -21"><span class='ocrx_word' id='word_1_789' title='bbox 35 5130 42 5159; x_wconf 85' lang='grc'><strong><em>›</em></strong></span> <span class='ocrx_word' id='word_1_790' title='bbox 72 5113 289 5184; x_wconf 80' lang='grc' dir='ltr'>παρέχει</span> <span class='ocrx_word' id='word_1_791' title='bbox 315 5113 412 5184; x_wconf 83' lang='grc' dir='ltr'><strong>μὲν</strong></span> <span class='ocrx_word' id='word_1_792' title='bbox 442 5113 521 5183; x_wconf 84' lang='grc' dir='ltr'><strong>τῷ</strong></span> <span class='ocrx_word' id='word_1_793' title='bbox 540 5113 675 5183; x_wconf 81' lang='grc' dir='ltr'>ἡλίῳ</span> <span class='ocrx_word' id='word_1_794' title='bbox 702 5114 801 5183; x_wconf 84' lang='grc' dir='ltr'><strong>τὴν</strong></span> <span class='ocrx_word' id='word_1_795' title='bbox 829 5114 1039 5176; x_wconf 76' lang='grc' dir='ltr'>οὐσίαν,</span> <span class='ocrx_word' id='word_1_796' title='bbox 1065 5114 1298 5183; x_wconf 83' lang='grc' dir='ltr'>παρέχει</span> <span class='ocrx_word' id='word_1_797' title='bbox 1321 5112 1378 5165; x_wconf 83' lang='grc' dir='ltr'><strong>δὲ</strong></span> <span class='ocrx_word' id='word_1_798' title='bbox 1402 5113 1551 5183; x_wconf 80' lang='grc' dir='ltr'>αὐτῷ</span> 
     </span>
    </p>
   </div>
   <div class='ocr_carea' id='block_1_99' title="bbox 36 5205 1551 5277">
    <p class='ocr_par' dir='ltr' id='par_1_99' title="bbox 36 5205 1551 5277">
     <span class='ocr_line' id='line_1_99' title="bbox 36 5205 1551 5277; baseline 0.002 -23"><span class='ocrx_word' id='word_1_799' title='bbox 36 5206 310 5259; x_wconf 67' lang='grc' dir='ltr'>ικινεῖσθαι</span> <span class='ocrx_word' id='word_1_800' title='bbox 340 5206 478 5259; x_wconf 81' lang='grc' dir='ltr'>κατὰ</span> <span class='ocrx_word' id='word_1_801' title='bbox 501 5207 671 5276; x_wconf 79' lang='grc' dir='ltr'>φοράν</span> <span class='ocrx_word' id='word_1_802' title='bbox 691 5223 703 5235; x_wconf 74' lang='grc'><strong><em>⁸</em></strong></span> <span class='ocrx_word' id='word_1_803' title='bbox 734 5206 912 5275; x_wconf 86' lang='grc' dir='ltr'>δῆλον,</span> <span class='ocrx_word' id='word_1_804' title='bbox 936 5208 1018 5258; x_wconf 80' lang='grc' dir='ltr'>ὅτι</span> <span class='ocrx_word' id='word_1_805' title='bbox 1048 5206 1141 5259; x_wconf 86' lang='grc' dir='ltr'><strong>δύο</strong></span> <span class='ocrx_word' id='word_1_806' title='bbox 1170 5208 1419 5277; x_wconf 81' lang='grc' dir='ltr'>ποιήσεις</span> <span class='ocrx_word' id='word_1_807' title='bbox 1440 5205 1551 5277; x_wconf 78' lang='grc' dir='ltr'>ἔχει</span> 
     </span>
    </p>
   </div>
   <div class='ocr_carea' id='block_1_100' title="bbox 43 5298 1549 5370">
    <p class='ocr_par' dir='ltr' id='par_1_100' title="bbox 43 5298 1549 5370">
     <span class='ocr_line' id='line_1_100' title="bbox 43 5298 1549 5370; baseline 0.005 -24"><span class='ocrx_word' id='word_1_808' title='bbox 43 5298 213 5364; x_wconf 67' lang='grc' dir='ltr'>ἣλιος,</span> <span class='ocrx_word' id='word_1_809' title='bbox 250 5299 372 5369; x_wconf 85' lang='grc' dir='ltr'>μίαν</span> <span class='ocrx_word' id='word_1_810' title='bbox 408 5299 506 5369; x_wconf 87' lang='grc' dir='ltr'><strong>μέν</strong></span> <span class='ocrx_word' id='word_1_811' title='bbox 539 5300 639 5369; x_wconf 83' lang='grc' dir='ltr'>τῆς</span> <span class='ocrx_word' id='word_1_812' title='bbox 678 5300 898 5362; x_wconf 79' lang='grc' dir='ltr'>οὐσίας,</span> <span class='ocrx_word' id='word_1_813' title='bbox 933 5300 1127 5370; x_wconf 77' lang='grc' dir='ltr'>ἑτέραν</span> <span class='ocrx_word' id='word_1_814' title='bbox 1174 5299 1229 5351; x_wconf 83' lang='grc' dir='ltr'><strong>δὲ</strong></span> <span class='ocrx_word' id='word_1_815' title='bbox 1269 5301 1366 5370; x_wconf 82' lang='grc' dir='ltr'><strong>τῆς</strong></span> <span class='ocrx_word' id='word_1_816' title='bbox 1396 5302 1549 5369; x_wconf 88' lang='grc' dir='ltr'>κινή-</span> 
     </span>
    </p>
   </div>
   <div class='ocr_carea' id='block_1_101' title="bbox 38 5386 1548 5463">
    <p class='ocr_par' dir='ltr' id='par_1_101' title="bbox 38 5386 1548 5463">
     <span class='ocr_line' id='line_1_101' title="bbox 38 5386 1548 5463; baseline 0.005 -25"><span class='ocrx_word' id='word_1_817' title='bbox 38 5405 117 5452; x_wconf 79' lang='grc' dir='ltr'><strong>εως</strong></span> <span class='ocrx_word' id='word_1_818' title='bbox 135 5408 147 5420; x_wconf 91' lang='grc'><strong>·</strong></span> <span class='ocrx_word' id='word_1_819' title='bbox 175 5386 278 5445; x_wconf 76' lang='grc' dir='ltr'>οἷόν</span> <span class='ocrx_word' id='word_1_820' title='bbox 301 5394 446 5445; x_wconf 81' lang='grc' dir='ltr'>ἐστιν</span> <span class='ocrx_word' id='word_1_821' title='bbox 473 5394 501 5444; x_wconf 91' lang='grc' dir='ltr'>ὁ</span> <span class='ocrx_word' id='word_1_822' title='bbox 519 5391 668 5462; x_wconf 77' lang='grc' dir='ltr'>ἥλιος</span> <span class='ocrx_word' id='word_1_823' title='bbox 700 5392 911 5463; x_wconf 77' lang='grc' dir='ltr'>πίλημα</span> <span class='ocrx_word' id='word_1_824' title='bbox 931 5392 1255 5463; x_wconf 80' lang='grc' dir='ltr'>αἰθεροειδὲς</span> <span class='ocrx_word' id='word_1_825' title='bbox 1281 5395 1348 5462; x_wconf 82' lang='grc' dir='ltr'>τῇ</span> <span class='ocrx_word' id='word_1_826' title='bbox 1371 5393 1548 5463; x_wconf 80' lang='grc' dir='ltr'>οὐσίᾳ,</span> 
     </span>
    </p>
   </div>
   <div class='ocr_carea' id='block_1_102' title="bbox 37 5482 1551 5559">
    <p class='ocr_par' dir='ltr' id='par_1_102' title="bbox 37 5482 1551 5559">
     <span class='ocr_line' id='line_1_102' title="bbox 37 5482 1551 5559; baseline 0.001 -22"><span class='ocrx_word' id='word_1_827' title='bbox 37 5486 224 5556; x_wconf 77' lang='grc' dir='ltr'>ιμπρὸς</span> <span class='ocrx_word' id='word_1_828' title='bbox 249 5486 321 5557; x_wconf 84' lang='grc' dir='ltr'>τῷ</span> <span class='ocrx_word' id='word_1_829' title='bbox 339 5487 488 5548; x_wconf 76' lang='grc' dir='ltr'>εἴδει,</span> <span class='ocrx_word' id='word_1_830' title='bbox 522 5487 865 5559; x_wconf 80' lang='grc' dir='ltr'>σφαιροειδὴς</span> <span class='ocrx_word' id='word_1_831' title='bbox 890 5486 967 5557; x_wconf 84' lang='grc' dir='ltr'><strong>τῷ</strong></span> <span class='ocrx_word' id='word_1_832' title='bbox 998 5488 1236 5557; x_wconf 81' lang='grc' dir='ltr'>σχήματι</span> <span class='ocrx_word' id='word_1_833' title='bbox 1257 5504 1269 5515; x_wconf 68' lang='grc' dir='ltr'><strong>ι</strong></span> <span class='ocrx_word' id='word_1_834' title='bbox 1298 5482 1373 5539; x_wconf 84' lang='grc' dir='ltr'>ὧν</span> <span class='ocrx_word' id='word_1_835' title='bbox 1401 5487 1551 5540; x_wconf 76' lang='grc' dir='ltr'>οὐδὲν</span> 
     </span>
    </p>
   </div>
   <div class='ocr_carea' id='block_1_103' title="bbox 38 5574 1549 5648">
    <p class='ocr_par' dir='ltr' id='par_1_103' title="bbox 38 5574 1549 5648">
     <span class='ocr_line' id='line_1_103' title="bbox 38 5574 1549 5648; baseline 0.001 -22"><span class='ocrx_word' id='word_1_836' title='bbox 38 5574 74 5625; x_wconf 56' lang='grc' dir='ltr'>ἃ</span> <span class='ocrx_word' id='word_1_837' title='bbox 95 5580 341 5648; x_wconf 83' lang='grc' dir='ltr'>κινήσεως</span> <span class='ocrx_word' id='word_1_838' title='bbox 368 5581 397 5631; x_wconf 91' lang='lat'><strong>6</strong></span> <span class='ocrx_word' id='word_1_839' title='bbox 427 5578 596 5648; x_wconf 71' lang='grc' dir='ltr'>ἥλιος.</span> <span class='ocrx_word' id='word_1_840' title='bbox 639 5578 776 5630; x_wconf 78' lang='grc' dir='ltr'>Ἀλλ’</span> <span class='ocrx_word' id='word_1_841' title='bbox 811 5579 859 5630; x_wconf 83' lang='grc' dir='ltr'>εἰ</span> <span class='ocrx_word' id='word_1_842' title='bbox 892 5578 1055 5648; x_wconf 85' lang='grc' dir='ltr'>μηδὲν</span> <span class='ocrx_word' id='word_1_843' title='bbox 1087 5576 1289 5628; x_wconf 86' lang='grc' dir='ltr'>τούτων</span> <span class='ocrx_word' id='word_1_844' title='bbox 1329 5576 1417 5628; x_wconf 79' lang='grc' dir='ltr'><strong>διὰ</strong></span> <span class='ocrx_word' id='word_1_845' title='bbox 1448 5575 1549 5644; x_wconf 77' lang='grc' dir='ltr'><strong>τῆς</strong></span> 
     </span>
    </p>
   </div>
   <div class='ocr_carea' id='block_1_104' title="bbox 38 5666 1548 5739">
    <p class='ocr_par' dir='ltr' id='par_1_104' title="bbox 38 5666 1548 5739">
     <span class='ocr_line' id='line_1_104' title="bbox 38 5666 1548 5739; baseline 0 -21"><span class='ocrx_word' id='word_1_846' title='bbox 38 5666 236 5735; x_wconf 60' lang='lat' dir='ltr'><strong>Wipse);</strong></span> <span class='ocrx_word' id='word_1_847' title='bbox 271 5668 377 5738; x_wconf 77' lang='grc' dir='ltr'>ἔχει</span> <span class='ocrx_word' id='word_1_848' title='bbox 408 5670 436 5721; x_wconf 86' lang='grc' dir='ltr'>ὁ</span> <span class='ocrx_word' id='word_1_849' title='bbox 463 5668 631 5739; x_wconf 77' lang='grc' dir='ltr'>ἥλιος,</span> <span class='ocrx_word' id='word_1_850' title='bbox 666 5668 841 5739; x_wconf 81' lang='grc' dir='ltr'>δῆλον,</span> <span class='ocrx_word' id='word_1_851' title='bbox 873 5669 953 5720; x_wconf 81' lang='grc' dir='ltr'>ὅτι</span> <span class='ocrx_word' id='word_1_852' title='bbox 983 5667 1099 5719; x_wconf 83' lang='grc' dir='ltr'>οὐδὲ</span> <span class='ocrx_word' id='word_1_853' title='bbox 1132 5666 1217 5719; x_wconf 79' lang='grc' dir='ltr'><strong>διὰ</strong></span> <span class='ocrx_word' id='word_1_854' title='bbox 1260 5667 1359 5737; x_wconf 85' lang='grc' dir='ltr'>τῆς</span> <span class='ocrx_word' id='word_1_855' title='bbox 1392 5668 1548 5737; x_wconf 80' lang='grc' dir='ltr'>ποιή-</span> 
     </span>
    </p>
   </div>
   <div class='ocr_carea' id='block_1_105' title="bbox 65 5827 1627 5900">
    <p class='ocr_par' dir='ltr' id='par_1_105' title="bbox 65 5827 1627 5900">
     <span class='ocr_line' id='line_1_105' title="bbox 65 5827 1627 5900; baseline -0.002 -16"><span class='ocrx_word' id='word_1_856' title='bbox 65 5827 159 5897; x_wconf 70' lang='lat' dir='ltr'><strong>lli&#39;l)</strong></span> <span class='ocrx_word' id='word_1_857' title='bbox 208 5830 349 5883; x_wconf 71' lang='grc' dir='ltr'><strong>Ἀλλ’</strong></span> <span class='ocrx_word' id='word_1_858' title='bbox 379 5832 446 5882; x_wconf 79' lang='lat' dir='ltr'><strong>el.</strong></span> <span class='ocrx_word' id='word_1_859' title='bbox 481 5829 717 5885; x_wconf 81' lang='lat' dir='ltr'><strong>Clarum.</strong></span> <span class='ocrx_word' id='word_1_860' title='bbox 780 5829 913 5882; x_wconf 74' lang='grc' dir='ltr'>ἀλλὰ</span> <span class='ocrx_word' id='word_1_861' title='bbox 939 5830 1043 5882; x_wconf 77' lang='grc' dir='ltr'><strong>ἀεί.</strong></span> <span class='ocrx_word' id='word_1_862' title='bbox 1098 5828 1217 5882; x_wconf 77' lang='lat' dir='ltr'><strong>Mox</strong></span> <span class='ocrx_word' id='word_1_863' title='bbox 1250 5829 1540 5900; x_wconf 80' lang='lat' dir='ltr'><strong>legendum</strong></span> <span class='ocrx_word' id='word_1_864' title='bbox 1569 5830 1627 5882; x_wconf 72' lang='grc' dir='ltr'><strong>τὸ</strong></span> 
     </span>
    </p>
   </div>
   <div class='ocr_carea' id='block_1_106' title="bbox 1657 4645 3247 4719">
    <p class='ocr_par' dir='ltr' id='par_1_106' title="bbox 1657 4645 3247 4719">
     <span class='ocr_line' id='line_1_106' title="bbox 1657 4645 3247 4719; baseline 0.009 -22"><span class='ocrx_word' id='word_1_865' title='bbox 1657 4645 1766 4700; x_wconf 92' lang='lat' dir='ltr'><strong>cit:</strong></span> <span class='ocrx_word' id='word_1_866' title='bbox 1800 4659 1904 4698; x_wconf 89' lang='lat' dir='ltr'><strong>nec</strong></span> <span class='ocrx_word' id='word_1_867' title='bbox 1928 4646 2030 4716; x_wconf 92' lang='lat' dir='ltr'><strong>ipsi</strong></span> <span class='ocrx_word' id='word_1_868' title='bbox 2052 4647 2216 4700; x_wconf 88' lang='lat' dir='ltr'><strong>etiam</strong></span> <span class='ocrx_word' id='word_1_869' title='bbox 2242 4647 2448 4702; x_wconf 89' lang='lat' dir='ltr'><strong>mundo</strong></span> <span class='ocrx_word' id='word_1_870' title='bbox 2470 4658 2737 4719; x_wconf 79' lang='lat' dir='ltr'><strong>congruet</strong></span> <span class='ocrx_word' id='word_1_871' title='bbox 2754 4653 2981 4707; x_wconf 87' lang='lat' dir='ltr'><strong>moveri.</strong></span> <span class='ocrx_word' id='word_1_872' title='bbox 3009 4652 3066 4708; x_wconf 93' lang='lat' dir='ltr'><strong>Si</strong></span> <span class='ocrx_word' id='word_1_873' title='bbox 3097 4655 3247 4711; x_wconf 90' lang='lat' dir='ltr'><strong>aliud</strong></span> 
     </span>
    </p>
   </div>
   <div class='ocr_carea' id='block_1_107' title="bbox 1657 4720 3247 4817">
    <p class='ocr_par' dir='ltr' id='par_1_107' title="bbox 1657 4720 3247 4817">
     <span class='ocr_line' id='line_1_107' title="bbox 1657 4720 3247 4817; baseline 0.009 -26"><span class='ocrx_word' id='word_1_874' title='bbox 1657 4746 1743 4792; x_wconf 88' lang='lat' dir='ltr'><strong>est</strong></span> <span class='ocrx_word' id='word_1_875' title='bbox 1772 4720 2223 4808; x_wconf 56' lang='lat' dir='ltr'><strong>quod&#39;movetur,</strong></span> <span class='ocrx_word' id='word_1_876' title='bbox 2269 4749 2323 4795; x_wconf 88' lang='lat' dir='ltr'><strong>et</strong></span> <span class='ocrx_word' id='word_1_877' title='bbox 2354 4742 2495 4797; x_wconf 87' lang='lat' dir='ltr'><strong>alius</strong></span> <span class='ocrx_word' id='word_1_878' title='bbox 2529 4752 2713 4800; x_wconf 88' lang='lat' dir='ltr'><strong>motus</strong></span> <span class='ocrx_word' id='word_1_879' title='bbox 2741 4764 2752 4799; x_wconf 91' lang='lat'><strong>:</strong></span> <span class='ocrx_word' id='word_1_880' title='bbox 2801 4754 2862 4799; x_wconf 91' lang='lat' dir='ltr'><strong>ut</strong></span> <span class='ocrx_word' id='word_1_881' title='bbox 2899 4756 3049 4817; x_wconf 90' lang='lat' dir='ltr'><strong>puta,</strong></span> <span class='ocrx_word' id='word_1_882' title='bbox 3081 4749 3152 4803; x_wconf 91' lang='lat' dir='ltr'><strong>sit</strong></span> <span class='ocrx_word' id='word_1_883' title='bbox 3193 4750 3247 4805; x_wconf 87' lang='lat' dir='ltr'><strong>id</strong></span> 
     </span>
    </p>
   </div>
   <div class='ocr_carea' id='block_1_108' title="bbox 1661 4831 3249 4913">
    <p class='ocr_par' dir='ltr' id='par_1_108' title="bbox 1661 4831 3249 4913">
     <span class='ocr_line' id='line_1_108' title="bbox 1661 4831 3249 4913; baseline 0.008 -28"><span class='ocrx_word' id='word_1_884' title='bbox 1661 4831 1806 4899; x_wconf 87' lang='lat' dir='ltr'><strong>quod</strong></span> <span class='ocrx_word' id='word_1_885' title='bbox 1856 4841 2104 4886; x_wconf 85' lang='lat' dir='ltr'><strong>movetur</strong></span> <span class='ocrx_word' id='word_1_886' title='bbox 2147 4834 2250 4893; x_wconf 92' lang='lat' dir='ltr'><strong>sol,</strong></span> <span class='ocrx_word' id='word_1_887' title='bbox 2282 4842 2465 4890; x_wconf 89' lang='lat' dir='ltr'><strong>motus</strong></span> <span class='ocrx_word' id='word_1_888' title='bbox 2488 4846 2669 4890; x_wconf 90' lang='lat' dir='ltr'><strong>autem</strong></span> <span class='ocrx_word' id='word_1_889' title='bbox 2704 4838 2826 4907; x_wconf 88' lang='lat' dir='ltr'><strong>ejus</strong></span> <span class='ocrx_word' id='word_1_890' title='bbox 2860 4841 3116 4897; x_wconf 87' lang='lat' dir='ltr'><strong>transitio</strong></span> <span class='ocrx_word' id='word_1_891' title='bbox 3151 4859 3249 4913; x_wconf 89' lang='lat' dir='ltr'><strong>per</strong></span> 
     </span>
    </p>
   </div>
   <div class='ocr_carea' id='block_1_109' title="bbox 1660 4925 3247 5002">
    <p class='ocr_par' dir='ltr' id='par_1_109' title="bbox 1660 4925 3247 5002">
     <span class='ocr_line' id='line_1_109' title="bbox 1660 4925 3247 5002; baseline 0.009 -27"><span class='ocrx_word' id='word_1_892' title='bbox 1660 4925 1988 4979; x_wconf 83' lang='lat' dir='ltr'><strong>delationem</strong></span> <span class='ocrx_word' id='word_1_893' title='bbox 2020 4940 2051 4977; x_wconf 89' lang='lat' dir='ltr'><strong>e</strong></span> <span class='ocrx_word' id='word_1_894' title='bbox 2085 4925 2204 4979; x_wconf 92' lang='lat' dir='ltr'><strong>loco</strong></span> <span class='ocrx_word' id='word_1_895' title='bbox 2230 4926 2283 4979; x_wconf 91' lang='lat' dir='ltr'><strong>in</strong></span> <span class='ocrx_word' id='word_1_896' title='bbox 2319 4927 2531 4983; x_wconf 86' lang='lat' dir='ltr'><strong>locum:</strong></span> <span class='ocrx_word' id='word_1_897' title='bbox 2570 4938 2622 4983; x_wconf 91' lang='lat' dir='ltr'><strong>et</strong></span> <span class='ocrx_word' id='word_1_898' title='bbox 2667 4942 2851 4985; x_wconf 87' lang='lat' dir='ltr'><strong>motus</strong></span> <span class='ocrx_word' id='word_1_899' title='bbox 2891 4933 3112 5002; x_wconf 90' lang='lat' dir='ltr'><strong>quidem</strong></span> <span class='ocrx_word' id='word_1_900' title='bbox 3144 4936 3247 4991; x_wconf 86' lang='lat' dir='ltr'><strong>soli</strong></span> 
     </span>
    </p>
   </div>
   <div class='ocr_carea' id='block_1_110' title="bbox 1660 5018 3247 5088">
    <p class='ocr_par' dir='ltr' id='par_1_110' title="bbox 1660 5018 3247 5088">
     <span class='ocr_line' id='line_1_110' title="bbox 1660 5018 3247 5088; baseline 0.006 -17"><span class='ocrx_word' id='word_1_901' title='bbox 1660 5018 1958 5073; x_wconf 87' lang='lat' dir='ltr'><strong>essentiam</strong></span> <span class='ocrx_word' id='word_1_902' title='bbox 1980 5033 2090 5071; x_wconf 93' lang='lat' dir='ltr'><strong>non</strong></span> <span class='ocrx_word' id='word_1_903' title='bbox 2108 5018 2336 5086; x_wconf 60' lang='lat' dir='ltr'><strong>praebet,</strong></span> <span class='ocrx_word' id='word_1_904' title='bbox 2362 5021 2568 5088; x_wconf 61' lang='lat' dir='ltr'><strong>praebet</strong></span> <span class='ocrx_word' id='word_1_905' title='bbox 2596 5031 2778 5077; x_wconf 88' lang='lat' dir='ltr'><strong>autem</strong></span> <span class='ocrx_word' id='word_1_906' title='bbox 2806 5024 2856 5078; x_wconf 91' lang='lat' dir='ltr'><strong>ei</strong></span> <span class='ocrx_word' id='word_1_907' title='bbox 2884 5033 2945 5078; x_wconf 89' lang='lat' dir='ltr'><strong>ut</strong></span> <span class='ocrx_word' id='word_1_908' title='bbox 2972 5024 3247 5081; x_wconf 87' lang='lat' dir='ltr'><strong>delatione</strong></span> 
     </span>
    </p>
   </div>
   <div class='ocr_carea' id='block_1_111' title="bbox 1660 5109 3243 5182">
    <p class='ocr_par' dir='ltr' id='par_1_111' title="bbox 1660 5109 3243 5182">
     <span class='ocr_line' id='line_1_111' title="bbox 1660 5109 3243 5182; baseline 0.006 -19"><span class='ocrx_word' id='word_1_909' title='bbox 1660 5121 1977 5165; x_wconf 83' lang='lat' dir='ltr'><strong>moveatur:</strong></span> <span class='ocrx_word' id='word_1_910' title='bbox 1998 5109 2271 5179; x_wconf 90' lang='lat' dir='ltr'><strong>duplicem</strong></span> <span class='ocrx_word' id='word_1_911' title='bbox 2292 5113 2546 5168; x_wconf 86' lang='lat' dir='ltr'><strong>videlicet</strong></span> <span class='ocrx_word' id='word_1_912' title='bbox 2568 5114 2902 5171; x_wconf 89' lang='lat' dir='ltr'><strong>creationem</strong></span> <span class='ocrx_word' id='word_1_913' title='bbox 2936 5118 3019 5172; x_wconf 92' lang='lat' dir='ltr'><strong>sol</strong></span> <span class='ocrx_word' id='word_1_914' title='bbox 3044 5119 3243 5182; x_wconf 90' lang='lat' dir='ltr'><strong>habet,</strong></span> 
     </span>
    </p>
   </div>
   <div class='ocr_carea' id='block_1_112' title="bbox 1664 5203 3247 5281">
    <p class='ocr_par' dir='ltr' id='par_1_112' title="bbox 1664 5203 3247 5281">
     <span class='ocr_line' id='line_1_112' title="bbox 1664 5203 3247 5281; baseline 0.006 -26"><span class='ocrx_word' id='word_1_915' title='bbox 1664 5217 1826 5256; x_wconf 88' lang='lat' dir='ltr'><strong>unam</strong></span> <span class='ocrx_word' id='word_1_916' title='bbox 1894 5203 2257 5270; x_wconf 58' lang='lat' dir='ltr'><strong>substantia},</strong></span> <span class='ocrx_word' id='word_1_917' title='bbox 2298 5206 2525 5259; x_wconf 77' lang='lat' dir='ltr'><strong>alteram</strong></span> <span class='ocrx_word' id='word_1_918' title='bbox 2592 5207 2888 5263; x_wconf 89' lang='lat' dir='ltr'><strong>motionis:</strong></span> <span class='ocrx_word' id='word_1_919' title='bbox 2931 5219 3014 5265; x_wconf 87' lang='lat' dir='ltr'><strong>est</strong></span> <span class='ocrx_word' id='word_1_920' title='bbox 3044 5210 3247 5281; x_wconf 89' lang='lat' dir='ltr'><strong>quippe</strong></span> 
     </span>
    </p>
   </div>
   <div class='ocr_carea' id='block_1_113' title="bbox 1662 5292 3242 5366">
    <p class='ocr_par' dir='ltr' id='par_1_113' title="bbox 1662 5292 3242 5366">
     <span class='ocr_line' id='line_1_113' title="bbox 1662 5292 3242 5366; baseline 0.004 -21"><span class='ocrx_word' id='word_1_921' title='bbox 1662 5294 1742 5346; x_wconf 92' lang='lat' dir='ltr'><strong>sol</strong></span> <span class='ocrx_word' id='word_1_922' title='bbox 1776 5292 2058 5347; x_wconf 87' lang='lat' dir='ltr'><strong>concretio</strong></span> <span class='ocrx_word' id='word_1_923' title='bbox 2078 5333 2092 5357; x_wconf 91' lang='lat'><strong>,</strong></span> <span class='ocrx_word' id='word_1_924' title='bbox 2124 5295 2344 5350; x_wconf 73' lang='lat' dir='ltr'><strong>:etheris</strong></span> <span class='ocrx_word' id='word_1_925' title='bbox 2376 5295 2539 5349; x_wconf 86' lang='lat' dir='ltr'><strong>modo</strong></span> <span class='ocrx_word' id='word_1_926' title='bbox 2567 5298 2874 5366; x_wconf 87' lang='lat' dir='ltr'><strong>pellucidus</strong></span> <span class='ocrx_word' id='word_1_927' title='bbox 2910 5300 3242 5362; x_wconf 86' lang='lat' dir='ltr'><strong>substantia,</strong></span> 
     </span>
    </p>
   </div>
   <div class='ocr_carea' id='block_1_114' title="bbox 1662 5385 3245 5460">
    <p class='ocr_par' dir='ltr' id='par_1_114' title="bbox 1662 5385 3245 5460">
     <span class='ocr_line' id='line_1_114' title="bbox 1662 5385 3245 5460; baseline 0.004 -22"><span class='ocrx_word' id='word_1_928' title='bbox 1662 5385 1984 5454; x_wconf 81' lang='lat' dir='ltr'><strong>splendidus</strong></span> <span class='ocrx_word' id='word_1_929' title='bbox 2011 5388 2215 5455; x_wconf 88' lang='lat' dir='ltr'><strong>specie,</strong></span> <span class='ocrx_word' id='word_1_930' title='bbox 2255 5388 2525 5443; x_wconf 89' lang='lat' dir='ltr'><strong>rotundus</strong></span> <span class='ocrx_word' id='word_1_931' title='bbox 2556 5389 2763 5460; x_wconf 80' lang='lat' dir='ltr'><strong>ﬁgura:</strong></span> <span class='ocrx_word' id='word_1_932' title='bbox 2795 5406 3026 5460; x_wconf 90' lang='lat' dir='ltr'><strong>quarum</strong></span> <span class='ocrx_word' id='word_1_933' title='bbox 3059 5406 3245 5445; x_wconf 89' lang='lat' dir='ltr'><strong>rerum</strong></span> 
     </span>
    </p>
   </div>
   <div class='ocr_carea' id='block_1_115' title="bbox 1662 5480 3245 5554">
    <p class='ocr_par' dir='ltr' id='par_1_115' title="bbox 1662 5480 3245 5554">
     <span class='ocr_line' id='line_1_115' title="bbox 1662 5480 3245 5554; baseline 0.002 -21"><span class='ocrx_word' id='word_1_934' title='bbox 1662 5480 1798 5533; x_wconf 87' lang='lat' dir='ltr'><strong>nihil</strong></span> <span class='ocrx_word' id='word_1_935' title='bbox 1827 5496 1923 5551; x_wconf 91' lang='lat' dir='ltr'><strong>per</strong></span> <span class='ocrx_word' id='word_1_936' title='bbox 1955 5489 2161 5535; x_wconf 87' lang='lat' dir='ltr'><strong>motum</strong></span> <span class='ocrx_word' id='word_1_937' title='bbox 2184 5482 2266 5535; x_wconf 89' lang='lat' dir='ltr'><strong>sol</strong></span> <span class='ocrx_word' id='word_1_938' title='bbox 2288 5481 2472 5536; x_wconf 85' lang='lat' dir='ltr'><strong>habet.</strong></span> <span class='ocrx_word' id='word_1_939' title='bbox 2508 5481 2564 5537; x_wconf 94' lang='lat' dir='ltr'><strong>Si</strong></span> <span class='ocrx_word' id='word_1_940' title='bbox 2596 5482 2733 5536; x_wconf 89' lang='lat' dir='ltr'><strong>nihil</strong></span> <span class='ocrx_word' id='word_1_941' title='bbox 2764 5483 2961 5538; x_wconf 88' lang='lat' dir='ltr'><strong>horum</strong></span> <span class='ocrx_word' id='word_1_942' title='bbox 2994 5499 3093 5554; x_wconf 89' lang='lat' dir='ltr'><strong>per</strong></span> <span class='ocrx_word' id='word_1_943' title='bbox 3125 5499 3245 5537; x_wconf 86' lang='lat' dir='ltr'><strong>mo-</strong></span> 
     </span>
    </p>
   </div>
   <div class='ocr_carea' id='block_1_116' title="bbox 1658 5573 3239 5646">
    <p class='ocr_par' dir='ltr' id='par_1_116' title="bbox 1658 5573 3239 5646">
     <span class='ocr_line' id='line_1_116' title="bbox 1658 5573 3239 5646; baseline 0.004 -21"><span class='ocrx_word' id='word_1_944' title='bbox 1658 5578 1775 5626; x_wconf 90' lang='lat' dir='ltr'><strong>tum</strong></span> <span class='ocrx_word' id='word_1_945' title='bbox 1824 5573 2011 5638; x_wconf 81' lang='lat' dir='ltr'><strong>habet,</strong></span> <span class='ocrx_word' id='word_1_946' title='bbox 2064 5590 2242 5644; x_wconf 84' lang='lat' dir='ltr'><strong>neque</strong></span> <span class='ocrx_word' id='word_1_947' title='bbox 2274 5590 2372 5644; x_wconf 86' lang='lat' dir='ltr'><strong>per</strong></span> <span class='ocrx_word' id='word_1_948' title='bbox 2418 5574 2512 5630; x_wconf 91' lang='lat' dir='ltr'><strong>Dei</strong></span> <span class='ocrx_word' id='word_1_949' title='bbox 2552 5576 2925 5646; x_wconf 89' lang='lat' dir='ltr'><strong>operationem</strong></span> <span class='ocrx_word' id='word_1_950' title='bbox 2963 5576 3239 5631; x_wconf 78' lang='lat' dir='ltr'><strong>videlicet.</strong></span> 
     </span>
    </p>
   </div>
   <div class='ocr_carea' id='block_1_117' title="bbox 1658 5664 3241 5738">
    <p class='ocr_par' dir='ltr' id='par_1_117' title="bbox 1658 5664 3241 5738">
     <span class='ocr_line' id='line_1_117' title="bbox 1658 5664 3241 5738; baseline 0.003 -19"><span class='ocrx_word' id='word_1_951' title='bbox 1658 5666 1813 5731; x_wconf 91' lang='lat' dir='ltr'><strong>Quod</strong></span> <span class='ocrx_word' id='word_1_952' title='bbox 1855 5667 1899 5721; x_wconf 90' lang='lat' dir='ltr'><strong>si</strong></span> <span class='ocrx_word' id='word_1_953' title='bbox 1939 5669 2186 5737; x_wconf 85' lang='lat' dir='ltr'><strong>perpetui</strong></span> <span class='ocrx_word' id='word_1_954' title='bbox 2226 5676 2408 5725; x_wconf 91' lang='lat' dir='ltr'><strong>motus</strong></span> <span class='ocrx_word' id='word_1_955' title='bbox 2449 5664 3001 5737; x_wconf 71' lang='lat' dir='ltr'><strong>subministratione,</strong></span> <span class='ocrx_word' id='word_1_956' title='bbox 3043 5669 3241 5738; x_wconf 87' lang='lat' dir='ltr'><strong>solem,</strong></span> 
     </span>
    </p>
   </div>
   <div class='ocr_carea' id='block_1_118' title="bbox 1656 5830 2109 5901">
    <p class='ocr_par' dir='ltr' id='par_1_118' title="bbox 1656 5830 2109 5901">
     <span class='ocr_line' id='line_1_118' title="bbox 1656 5830 2109 5901; baseline 0.007 -18"><span class='ocrx_word' id='word_1_957' title='bbox 1656 5830 1745 5883; x_wconf 83' lang='grc' dir='ltr'><strong>τὸν</strong></span> <span class='ocrx_word' id='word_1_958' title='bbox 1798 5831 1896 5901; x_wconf 80' lang='grc' dir='ltr'>μὲν</span> <span class='ocrx_word' id='word_1_959' title='bbox 1957 5830 2109 5887; x_wconf 87' lang='grc' dir='ltr'>Θεόν,</span> 
     </span>
    </p>
   </div>
  </div>
