3638 6478
427 331 448 384 ί
461 329 566 386 425

1186 325 1548 382 APPENDIX.
1583 359 1652 368 -—
1689 323 1870 381 PARS
1895 325 1936 380 1.
1979 324 2036 380 S.
2077 322 2344 381 JUSTINI
2383 321 2614 378 OPERA
2653 320 2926 378 SPURIA.
3512 335 3592 394 1m

423 452 519 524 qui
564 465 694 521 pars
746 454 831 505 est
861 447 1089 512 mundi,
1125 445 1286 503 edicit
1328 446 1494 520 Deus,
1541 444 2000 517 quemadmodum

2113 461 2248 507 σεως
2281 443 2378 512 τῆς
2408 440 2559 514 παρὰ
2590 440 2684 494 τοῦ
2705 441 2860 494 Θεοῦ.
2885 442 2946 495 Εἰ
2972 441 3028 494 δὲ
3056 445 3124 515 τῇ
3154 447 3364 518 παμχῇ
3393 448 3471 520 τῆς
3489 451 3595 507 im

424 555 601 601 totum
633 543 795 600 eﬂicit
819 542 1104 605 mundum,
1129 555 1190 596 ac
1217 541 1369 611 prius
1391 555 1512 594 esse
1534 545 1748 610 oportet
1780 537 1834 592 id
1857 536 2005 609 quod

424 640 624 694 mobile
652 645 737 694 est
765 643 818 691 et
849 636 1205 707 posteriorem
1242 642 1446 688 motum
1474 675 1488 699 ,
1521 633 1604 687 vel
1643 631 1890 701 profecto
1924 631 2008 685 in-

425 733 604 788 fectus
629 738 712 787 est
741 731 824 786 sol
863 729 1192 792 substantia,
1221 729 1308 784 vel
1355 728 1460 781 alia
1493 727 1812 795 operatione
1857 725 2006 780 illius

426 825 556 880 fecit
585 823 948 881 substantiam
979 827 1034 876 et
1079 821 1184 874 alia
1216 829 1446 885 motum,
1498 819 1572 873 ita
1603 826 1665 873 ut
1696 819 1851 888 prius
1883 819 2008 888 qui-

426 919 548 974 dem
572 917 764 973 fecerit
793 917 942 971 illius
961 914 1551 982 substantiam,postea
1581 918 1762 968 autem
1797 918 2006 968 motum

426 1011 740 1082 praebuerit.
787 1007 892 1063 Sed
935 1007 980 1063 si
1018 1021 1232 1076 semper
1271 1005 1400 1060 facit
1433 1013 1494 1059 ut
1520 1013 1825 1069 moveatur,
1857 1003 2008 1061 illius

429 1113 612 1160 autem
644 1102 1007 1158 substantiam
1045 1115 1153 1153 non
1201 1114 1417 1168 semper
1455 1097 1604 1162 facit,
1650 1097 2005 1152 manifestum

425 1207 510 1253 est
529 1204 654 1267 post
672 1195 1006 1251 creationem
1026 1193 1172 1248 illius
1199 1192 1522 1248 substantia:
1545 1190 1734 1245 datum
1757 1190 1808 1248 ei
1824 1189 2008 1257 fuisse

426 1296 634 1344 motum
685 1294 1029 1358 perpetuum,
1059 1296 1112 1341 et
1148 1287 1310 1340 linem
1342 1283 1642 1340 creationis
1681 1283 1842 1354 517
1877 1283 2009 1339 sub—

427 1381 642 1435 stantia:
664 1380 806 1449 ejus,
831 1379 1162 1449 principium
1207 1392 1332 1433 esse
1370 1376 1629 1432 motionis
1674 1376 1817 1447 ejus.
1849 1375 2008 1441 Quod

426 1474 474 1529 si
523 1473 642 1528 haec
701 1475 776 1528 ita
829 1488 889 1528 se
932 1472 1157 1535 habent,
1190 1471 1449 1526 nimirum
1481 1469 1626 1540 apud
1659 1468 1826 1524 Deum
1872 1468 2010 1522 nihil

425 1567 634 1636 absque
663 1575 905 1635 tempore
934 1563 1116 1619 fuerit.
1148 1563 1366 1620 Creatio
1394 1563 1539 1618 enim
1581 1561 1847 1617 creationi
1883 1573 2009 1616 suc-

424 1660 650 1725 cedens,
687 1667 934 1728 tempore
968 1657 1194 1712 minime
1227 1665 1405 1710 vacat.

2110 553 2235 589 στου
2271 535 2540 606 κινήσεως
2571 538 2716 588 ποιεῖ
2744 536 2837 588 τὸν
2863 536 3016 606 ἡλιον
3040 540 3070 590 ό
3095 537 3234 601 Θεὸς
3265 540 3352 592 τὸν
3369 540 3473 596 ὅντα
3502 547 3596 618 pip;

2107 629 2201 683 τοῦ
2251 629 2457 700 κόσμου
2481 669 2495 691 ,
2537 627 2728 702 ὥσπερ
2761 632 2901 682 ποιεῖ
2945 629 3079 684 ὅλον
3105 633 3200 685 τὸν
3232 634 3447 706 κόσμον,
3474 641 3596 696 καίὰί

2109 721 2325 792 πρῶτον
2370 715 2512 774 εἶναι
2545 720 2608 773 τὸ
2655 722 2874 791 κινητὸν
2917 724 3014 776 καὶ
3057 723 3290 798 ὕστερον
3318 728 3406 799 τὴν
3441 731 3596 803 κίνησις

2108 811 2141 881 ἢ
2166 811 2274 883 ἄρα
2303 811 2566 883 ἀποίητός
2599 814 2747 866 ἐστιν
2778 815 2806 866 ὁ
2833 814 2985 884 ⁴ἣλιος
3009 817 3077 886 τῇ
3098 817 3280 889 οὐσίᾳ,
3309 819 3342 890 ἥ
3373 821 3487 875 κατὰ
3503 824 3596 897 ἄλλῃ

2107 903 2324 976 ποίησιν
2352 904 2616 976 ἐποίησεν
2647 906 2811 961 αὐτοῦ
2845 907 2944 979 τὴν
2982 908 3210 974 οὐσίαν,
3244 913 3338 964 καὶ
3373 915 3596 990 uenam»,

2109 999 2330 1070 ποίησιν
2361 999 2462 1072 τὴν
2490 1001 2727 1073 κίνησιν·
2765 1004 2859 1056 καὶ
2890 1006 3126 1076 ποιήσας
3166 1007 3266 1078 μὲν
3305 1009 3488 1081 πρῶτον
3505 1013 3596 1070 nisi

2109 1093 2207 1163 τὴν
2226 1091 2438 1154 οὐσίαν,
2473 1091 2696 1166 ὕστερον
2724 1095 2782 1149 δὲ
2816 1098 3120 1169 παρασχὼν
3155 1100 3308 1172 αὐτῷ
3334 1101 3422 1172 τὴν
3451 1106 3596 1176 κίνησε

2123 1184 2263 1238 Ἀλλ’
2287 1187 2338 1238 εί
2377 1187 2439 1239 τὸ
2471 1187 2740 1243 κινεῖσθαι
2783 1191 2948 1245 αὐτὸν
2981 1193 3070 1246 ἀεὶ
3103 1197 3270 1257 ποιεῖ,
3303 1193 3394 1267 τὴν
3417 1196 3465 1249 δὲ
3491 1200 3596 1252 οὑπίπι

2110 1276 2275 1332 αὐτοῦ
2306 1279 2406 1332 οὐκ
2435 1280 2522 1333 ἀεὶ
2551 1285 2713 1350 ποιεῖ,
2744 1283 2922 1356 δῆλον,
2947 1286 3030 1338 ὄτι
3063 1285 3206 1358 μετὰ
3237 1287 3340 1358 τὴν
3363 1289 3534 1361 ποίησιν
3552 1293 3596 1364 :ij

2108 1368 2296 1433 οὐσίας
2330 1370 2495 1425 αὐτοῦ
2530 1375 2764 1446 παρέχει
2807 1375 2960 1447 αὐτῷ
3003 1379 3106 1449 τὴν
3150 1378 3419 1436 ἄπαυστον
3447 1383 3595 1454 κίνησιν

2115 1462 2212 1514 καὶ
2254 1461 2372 1517 ἔστι
2410 1465 2472 1518 τὸ
2524 1466 2680 1531 τέλος
2720 1468 2818 1539 τῆς
2859 1470 3056 1534 οὐσίας
3088 1472 3190 1543 τῆς
3243 1475 3484 1546 ποιήσεως
3507 1477 3596 1532 αὐτό

2111 1554 2252 1628 ἁρχὴ
2287 1556 2390 1627 τῆς
2421 1560 2688 1629 κινήσεως
2721 1561 2910 1618 αὐτοῦ.
2939 1563 3018 1634 Εἰ,
3045 1563 3103 1617 δὲ
3139 1565 3322 1619 ταῦτα
3357 1567 3498 1632 οὕτως
3528 1571 3595 1640 ἔχει

2109 1647 2296 1718 δῆλον,
2315 1650 2396 1703 ὅτι
2425 1651 2578 1705 οὐδὲν
2600 1652 2827 1725 ἄχρονον
2853 1655 3011 1727 παρὰ
3034 1656 3114 1726 τῷ
3133 1657 3276 1729 Θεῷ-
3297 1661 3330 1730 ἡ
3358 1662 3452 1734 γὰρ
3470 1665 3596 1733 enim

2114 1744 2333 1814 ποίησιν
2354 1743 2708 1821 διαδεχομένη
2739 1748 2969 1823 ἄχρονος
2991 1750 3093 1804 οὐκ
3118 1751 3291 1806 ἔστιν.

495 1840 550 1895 6.
587 1839 850 1907 Quocirca
882 1838 1016 1892 nihil
1046 1838 1255 1908 quidem
1287 1838 1432 1907 fecit,
1460 1854 1620 1908 neque
1643 1837 1823 1906 faciet.
1851 1835 2000 1890 Facit

2182 1836 2234 1890 6.
2285 1838 2468 1892 ’Ὥστε
2519 1841 2809 1910 πεποίηκε
2839 1842 2963 1912 μὲν
3009 1844 3218 1912 οὐδὲν,
3249 1849 3385 1901 οὔτε
3422 1851 3595 1915 ποιήσει

423 1942 604 1988 autem
641 1933 778 1987 idem
818 1932 926 2000 ipse
948 1947 1148 2000 semper
1189 1930 1347 1995 idem,
1391 1947 1495 1984 non
1523 1929 1718 1984 habens
1747 1931 2011 1998 operatio-

424 2025 508 2078 nis
551 2024 854 2087 exordium,
901 2034 956 2077 ut
1007 2038 1170 2093 neque
1213 2024 1371 2092 ﬁnem
1417 2021 1630 2078 habeat.
1681 2022 1818 2078 Cum
1873 2023 2010 2078 solis

423 2117 588 2171 aliam
620 2117 976 2181 creationem,
1017 2133 1140 2187 quae
1167 2127 1252 2172 est
1304 2115 1648 2181 substantiae,
1680 2115 1844 2170 aliam
1885 2132 2010 2173 esse

422 2208 858 2264 demonstratum
891 2210 984 2272 sit,
1017 2224 1140 2279 quae
1183 2208 1240 2263 ﬁt
1272 2224 1369 2280 per
1399 2217 1631 2273 motum,
1658 2224 1822 2280 quam
1854 2209 2008 2266 inde-

325 2335 332 2342 -
421 2300 692 2357 sinentem
738 2303 974 2372 appellat
1020 2317 1340 2373 responsor,
1385 2317 1451 2356 ac
1493 2304 1830 2358 creationem
1872 2305 2006 2359 sub-

421 2393 636 2448 stantia:
669 2395 909 2464 priorem
947 2410 1071 2450 esse
1114 2411 1178 2450 ea
1211 2377 1492 2451 creatione
1519 2411 1642 2465 qua:
1673 2396 1731 2449 lit
1763 2411 1863 2466 per
1889 2410 2010 2451 mo-

421 2497 535 2540 tum
565 2531 579 2552 ,
605 2488 881 2557 quomodo
904 2503 1014 2543 non
1058 2489 1358 2544 absurdum
1383 2497 1468 2545 est
1497 2489 1632 2544 solis
1669 2489 2008 2545 creationem

431 2582 605 2646 illam,
637 2597 758 2652 qua:
803 2582 861 2636 lit
891 2598 990 2652 per
1029 2591 1256 2648 motum,
1287 2584 1406 2640 sine
1443 2583 1713 2655 principio
1741 2599 1865 2639 esse
1894 2592 2009 2640 sta-

421 2683 580 2730 tuere
601 2719 615 2741 ,
641 2690 765 2730 cum
790 2676 872 2730 sol
896 2684 1023 2730 ante
1047 2675 1448 2732 indesinentem
1480 2677 1626 2731 illam
1650 2679 2004 2742 creationem,

419 2784 540 2838 quae
591 2769 649 2822 tit
698 2783 795 2838 per
846 2775 1075 2830 motum,
1127 2768 1291 2822 aliam
1339 2768 1616 2834 habuerit,
1645 2785 1767 2840 quae
1819 2770 2004 2837 desiit,

420 2877 614 2930 nempe
661 2861 1024 2915 substantize?
1055 2860 1243 2932 Itaque
1292 2870 1387 2916 aut
1417 2860 1561 2917 Dens
1592 2863 1845 2917 conditor
1872 2863 2006 2919 sub-

419 2953 637 3008 stantiae
666 2953 820 3008 solis
859 2969 966 3006 non
1009 2960 1094 3008 est
1140 2970 1156 3008 :
1193 2966 1287 3007 aut
1328 2955 1538 3009 creatio
1578 2971 1674 3024 per
1707 2955 2006 3011 motionem

419 3046 573 3110 solis,
608 3027 863 3114 priineipii
889 3060 1086 3114 expers
1115 3060 1226 3099 non
1250 3039 1354 3100 est.
1389 3045 1543 3111 Quod
1575 3047 1621 3102 si
1652 3047 1888 3116 primum
1914 3092 1930 3114 ,
1957 3049 2006 3104 si

417 3137 672 3191 essentia:
703 3135 835 3190 solis
867 3133 1011 3189 Deus
1062 3144 1282 3189 creator
1334 3151 1441 3190 non
1490 3145 1596 3201 est,
1649 3154 1829 3208 neque
1874 3154 2006 3193 sane

419 3243 516 3296 per
548 3236 754 3280 motum
785 3227 935 3296 illius
969 3234 1188 3281 creator
1210 3229 1334 3282 erit.
1363 3227 1407 3280 Α
1435 3244 1545 3298 quo
1574 3245 1812 3300 namque
1839 3229 2004 3285 habet

417 3320 744 3384 essentiam,
775 3321 846 3376 ab
890 3335 957 3375 eo
1001 3335 1220 3390 quoque
1265 3327 1474 3375 motum
1530 3321 1726 3376 habeat
1777 3337 2004 3379 necesse

417 3421 522 3468 est.
577 3412 673 3468 Sin
725 3413 1028 3468 secundum
1057 3455 1071 3478 ,
1125 3413 1505 3484 corruptibilis
1533 3415 1639 3469 erit
1687 3417 2006 3485 operatione

419 3507 610 3573 Deus;
658 3507 930 3577 siquidem
977 3507 1280 3562 secundum
1310 3522 1745 3578 ,responsorem,
1805 3523 2006 3578 opera-

417 3602 567 3655 tione
599 3599 694 3654 Dei
748 3607 1025 3662 cessante,
1076 3600 1448 3670 corrumpitur
1499 3599 1645 3655 Deus
1700 3601 2003 3656 secundum

415 3689 817 3759 operationem.
850 3691 918 3743 At
949 3691 997 3744 si
1035 3690 1176 3746 Deus
1221 3691 1543 3747 substantia:
1573 3691 1707 3746 solis
1752 3692 2006 3746 conditor

415 3791 520 3845 est,
550 3797 783 3853 eamque
828 3800 938 3838 non
990 3800 1210 3855 semper
1238 3785 1427 3840 condit
1461 3805 1474 3840 :
1520 3785 1766 3841 condidit
1794 3787 2002 3842 scilicet

417 3877 581 3935 hanc,
623 3875 943 3947 priusquam
989 3877 1080 3931 ille
1109 3884 1442 3938 moveretur.
1471 3893 1573 3932 nec
1606 3878 1718 3932 ulla
1753 3884 1837 3934 est
1859 3877 2002 3948 apud

418 3966 586 4021 Deum
622 3971 742 4024 sine
774 3977 1020 4038 tempore
1049 3977 1324 4024 creatura.

491 4057 543 4114 7.
571 4056 620 4110 Ν
628 4076 714 4112 om
735 4060 784 4113 si
811 4060 1020 4113 initium
1046 4059 1238 4113 habent
1260 4069 1310 4112 et
1328 4059 1489 4128 ﬁnem
1511 4060 1624 4128 ejus
1646 4059 2000 4130 operationes,

416 4152 773 4220 corruptibilis
823 4153 924 4206 erit
965 4152 1268 4220 operatione
1313 4150 1476 4218 Deus,
1523 4150 1662 4222 quod
1709 4149 2004 4206 absurdum

414 4251 514 4296 est.
541 4241 660 4294 Erit
686 4249 864 4294 autem
888 4249 937 4295 et
967 4241 1204 4310 potentia
1225 4239 1372 4294 illius
1403 4240 1700 4300 mutabilis,
1735 4239 1874 4295 alias
1898 4241 2003 4294 ali-

412 4332 623 4404 quando
656 4335 929 4403 proferens
965 4333 1318 4402 operationes.
1353 4331 1507 4400 Quod
1537 4333 1583 4388 si
1611 4333 1850 4402 potentia
1887 4349 2002 4386 mu-

415 4427 617 4492 tabilis,
643 4438 699 4481 ut
727 4428 865 4481 alias
901 4427 1026 4481 aliis
1061 4436 1211 4480 utens
1237 4424 1654 4494 operationibus,
1688 4426 1849 4478 etiam
1877 4429 2003 4480 sub-

2112 1930 2272 1984 ποιεῖ
2288 1929 2358 1984 δὲ
2383 1932 2472 1987 ἀεὶ
2504 1935 2537 1986 ό
2573 1933 2756 2002 αὐτὸς
2783 1935 2847 1988 τὸ
2874 1936 3048 2003 αὐτὸ,
3074 1936 3164 2006 μὴ
3193 1939 3352 2006 ἔχων
3375 1941 3596 2010 ἀρχὴν·τὴ

2111 2020 2434 2088 ποιήσεως,
2466 2023 2568 2078 ἵνα
2591 2024 2676 2094 μὴ
2715 2026 2814 2080 καὶ
2842 2026 3044 2095 τέλος.
3071 2029 3388 2102 Δειχθέντος
3418 2032 3492 2086 τοῦ
3513 2035 3596 2104 iiiis

2110 2109 2248 2166 εἶναι
2293 2113 2390 2168 τοῦ
2430 2116 2584 2187 ἡλίου
2636 2118 2734 2189 τὴν
2764 2120 2988 2193 ποίησιν
3033 2123 3138 2194 τῆς
3171 2123 3361 2189 οὐσίας
3401 2126 3477 2178 καί
3511 2126 3596 2196 ἄλλη

2109 2207 2206 2278 τὴν
2235 2207 2324 2260 διὰ
2358 2209 2645 2281 κινήσεως,
2677 2213 2746 2284 ἡν
2773 2212 3056 2268 ἄπαυστον
3099 2216 3384 2287 ὠνόμασεν
3409 2220 3434 2270 ὁ
3458 2220 3595 2288 amp.

2109 2300 2362 2370 νάμενος,
2398 2302 2492 2355 καὶ
2537 2303 2617 2357 ὃτι
2658 2309 2987 2378 προηγεῖται
3034 2310 3070 2380 ἡ
3115 2309 3338 2382 ποίησις
3379 2313 3464 2383 τῆς
3495 2316 3596 2370 nisi:

2110 2395 2276 2449 αὐτοῦ
2334 2396 2434 2466 τῆς
2467 2396 2556 2451 διὰ
2601 2400 2888 2471 κινήσεως,
2926 2402 3046 2465 πῶς
3072 2403 3177 2456 οὐκ
3214 2403 3360 2458 ἐστιν
3395 2407 3549 2460 ἄτοπον
3581 2422 3596 2468 ι

2109 2487 2345 2560 ἄναρχον
2387 2489 2568 2558 λέγειν
2601 2489 2695 2543 τοῦ
2747 2490 2899 2562 ἡλίου
2951 2491 3051 2564 τὴν
3086 2493 3329 2566 ποίησιν,
3362 2496 3446 2567 τὴν
3473 2496 3538 2548 διὰ

2109 2584 2398 2654 κινήσεως,
2431 2583 2526 2637 τοῦ
2553 2583 2725 2655 ἡλίου,
2762 2583 2870 2656 πρὸ
2900 2583 3002 2655 τῆς
3031 2585 3317 2640 ἀπαύστου
3343 2586 3422 2641 διὰ
3434 2590 3596 2659 κινήσει.

2110 2677 2401 2747 ποιήσεως,
2440 2677 2538 2748 τὴν
2571 2676 2670 2747 τῆς
2694 2675 2885 2740 οὐσίας
2914 2678 3279 2750 παυσαμένην
3302 2679 3493 2750 ποίησιν
3516 2683 3596 2752 iam

2109 2767 2300 2832 κότος;
2339 2769 2409 2821 Ἦ
2447 2769 2625 2822 τοίνυν
2667 2769 2769 2822 οὐκ
2816 2769 2933 2824 ἐστι
2981 2771 3218 2844 ποιητὴς
3274 2773 3372 2844 τῆς
3412 2773 3492 2826 τοῦ
3524 2772 3596 2843 illi

2109 2862 2297 2925 οὐσίας
2325 2863 2354 2914 ό
2369 2862 2522 2925 Θεὸς,
2539 2862 2574 2932 ἢ
2597 2863 2695 2916 οὐκ
2717 2861 2864 2916 ἐστιν
2889 2863 3130 2937 ἄναρχος
3148 2867 3184 2937 ἡ
3212 2866 3300 2919 διὰ
3323 2867 3414 2937 τῆς
3437 2868 3596 2936 κινήσειε

2111 2955 2332 3025 ποίησις
2352 2954 2446 3008 τοῦ
2463 2955 2638 3026 ἡλίου.
2665 2955 2802 3010 Ἀλλ’
2824 2958 2876 3010 εί
2907 2959 3006 3028 μὲν
3029 2959 3092 3012 τὸ
3125 2961 3362 3031 πρῶτον,
3382 2963 3426 3014 εί
3453 2961 3530 3014 οὐκ

2111 3042 2342 3114 ποιητὴς
2370 3045 2467 3117 τῆς
2511 3046 2608 3100 τοῦ
2650 3047 2804 3119 ἡλίου
2847 3049 3040 3114 οὐσίας
3081 3052 3111 3104 ὀ
3153 3051 3309 3116 Θεὸς,
3337 3053 3437 3106 οὐδ’
3471 3053 3596 3122 dedit

2109 3136 2208 3207 τῆς
2262 3138 2529 3210 κινήσεώς
2582 3139 2730 3195 ἐστιν
2781 3143 2949 3196 αὐτοῦ
3007 3147 3274 3216 ποιητής·
3322 3146 3442 3217 παρ²
3481 3141 3530 3199 οὐ
3557 3144 3596 3212 γι

2110 3225 2224 3298 ἔχει
2248 3227 2346 3300 τὴν
2386 3229 2598 3295 οὐσίαν,
2643 3231 2794 3302 παρὰ
2835 3232 3030 3286 τούτου
3059 3235 3282 3306 ἀνάγκη
3323 3236 3453 3306 ἔχειν
3477 3234 3596 3306 καὶτὴ

2110 3319 2361 3392 κίνησιν⁹
2406 3324 2453 3375 εἰ
2500 3323 2557 3376 δὲ
2603 3324 2664 3376 τὸ
2693 3324 2968 3398 δεύτερον,
3011 3326 3260 3398 φθαρτὸς
3302 3328 3444 3381 ἔσται
3485 3327 3596 3386 69d

2108 3411 2205 3484 τὴν
2232 3413 2531 3486 ἐνέργειαν,
2563 3415 2677 3482 εἴγε
2710 3416 2850 3470 κατὰ
2880 3417 2974 3470 τὸν
2997 3419 3450 3491 ἀποκρινάμενον,
3479 3433 3596 3472 πίνει

2111 3504 2280 3576 μένης
2312 3505 2412 3575 τῆς
2454 3507 2735 3576 ἐνεργείας
2779 3508 2874 3562 τοῦ
2907 3509 3068 3574 Θεοῦ,
3097 3511 3384 3586 φθείρεται
3411 3517 3436 3567 ὁ
3467 3514 3596 3576 eam

2109 3596 2381 3668 ἐνεργείᾳ.
2415 3597 2476 3649 Εἰ
2503 3597 2561 3650 δὲ
2587 3597 2815 3669 ποιητὴς
2848 3600 2950 3669 τῆς
2977 3600 3076 3653 τοῦ
3097 3601 3256 3673 ἡλίου
3293 3605 3465 3668 οὐσίας
3487 3603 3586 3657 esti»

2107 3686 2263 3751 Θεὸς,
2296 3691 2388 3744 καὶ
2437 3690 2640 3761 ταύτην
2673 3692 2761 3744 ἀεὶ
2801 3691 2862 3744 οὐ
2915 3696 3084 3758 ποιεῖ,
3113 3694 3296 3766 δῆλον,
3341 3697 3596 3761 ὄτιπεποὲῃκ

2108 3779 2311 3850 ταύτην
2341 3780 2446 3851 πρὸ
2487 3780 2581 3833 τοῦ
2618 3781 2890 3835 κινεῖσθαι
2925 3783 3114 3848 αὐτὸν,
3156 3785 3255 3838 καὶ
3303 3786 3445 3839 οὐδὲν
3484 3785 3596 3852 mirati

2107 3871 2338 3942 ἄχρονον
2362 3872 2510 3944 παρὰ
2541 3871 2619 3943 τῷ
2637 3872 2774 3943 Θεῷ.

2179 4055 2228 4106 7.
2287 4057 2382 4122 Ὠς
2410 4056 2533 4126 εἴγε
2553 4054 2753 4125 ἀρχὴν
2775 4057 2991 4126 ἔχουσι
3024 4059 3125 4113 καὶ
3156 4061 3440 4128 τελευτὴν
3461 4059 3508 4111 al
3523 4054 3596 4120 ἐτέι

2105 4165 2257 4218 γειαι
2295 4147 2506 4212 αὑτοῦ,
2538 4147 2803 4216 φθαρτὸς
2834 4149 3011 4203 ἔσται
3042 4154 3077 4204 ό
3108 4153 3258 4219 Θεὸς
3295 4151 3368 4221 τῇ
3401 4147 3595 4218 ἐνεργείᾳ

2107 4240 2253 4309 ὅπερ
2280 4239 2525 4294 ἄτοπον.
2540 4242 2747 4294 Ἔσται
2771 4240 2840 4294 δὲ
2867 4242 2968 4295 καὶ
2991 4244 3031 4311 ἠ
3058 4242 3316 4315 δύναμις
3329 4243 3495 4298 αὐτοῦ
3511 4249 3596 4308 pert

2107 4332 2320 4401 ὄλητὴ,
2340 4333 2563 4387 ἄλλοτε
2574 4332 2768 4399 ἄλλας
2783 4334 3096 4404 ἐνεργείας
3117 4337 3455 4407 προέχουσα
3472 4327 3596 4402 (65}.E

2107 4425 2176 4478 δὲ
2188 4429 2225 4495 ή
2241 4427 2496 4496 δύναμις
2509 4427 2854 4495 μεταϐλητή
2875 4429 3101 4484 ἄλλοτε
3122 4431 3341 4497 ἄλλως
3365 4424 3596 4498 κεγριυιέη

413 4523 611 4576 stantia
641 4521 868 4580 natabit,
914 4523 1051 4575 alias
1097 4520 1386 4591 aliquando
1413 4538 1668 4591 generous
1713 4521 2000 4589 potentias.

2109 4521 2452 4590 ἐνεργείαις,
2473 4521 2571 4574 καὶ
2592 4522 2630 4589 ἡ
2657 4521 2839 4575 οὐσία
2867 4516 3595 4590 σαλευθήσεταιβμοτεὰι

415 4633 506 4670 nec
544 4616 598 4668 in
628 4616 825 4669 eisdem
869 4629 1202 4683 permanens.
1235 4614 1436 4680 Quare,
1469 4615 1518 4668 si
1562 4613 1671 4667 lucc
1708 4613 1777 4665 ad
1824 4615 2003 4668 omnia

412 4704 732 4781 pertineant,
767 4712 929 4780 liquet
974 4710 1136 4764 Deum
1185 4711 1299 4779 {ore
1329 4710 1634 4764 mutabilem
1677 4700 2000 4770 sdbstanlia.

412 4804 647 4870 potentia
691 4810 739 4856 et
780 4803 1102 4869 operatione,
1152 4801 1296 4870 quod
1343 4810 1420 4854 est
1471 4798 1783 4854 absurdum.
1835 4797 1894 4852 Si
1947 4806 2003 4850 ut

414 4893 558 4948 Deus
590 4894 708 4962 ipse
734 4909 843 4948 non
875 4893 1041 4947 habet
1065 4900 1245 4946 ortum
1279 4901 1332 4948 et
1361 4892 1542 4955 finem,
1576 4893 1650 4944 ita
1676 4906 1778 4946 nec
1807 4907 2004 4961 opera-

415 4986 493 5038 tio
519 4992 574 5041 et
604 5000 769 5054 opera
795 4985 918 5054 ejus
953 4986 1325 5054 (operationes
1357 4985 1502 5039 enim
1532 4984 1709 5054 ipsius
1733 4985 1790 5037 in
1821 4983 2003 5053 operi-

414 5077 520 5133 bus
561 5076 684 5147 ejus
723 5077 873 5146 sunt)
920 5084 981 5131 ut
1027 5093 1204 5147 neque
1252 5078 1354 5146 ipsi
1398 5076 1676 5141 videlicet,
1718 5075 1792 5129 ita
1826 5089 2004 5146 neque

413 5173 498 5225 eis
529 5186 653 5241 qua:
681 5170 944 5225 dicuntur
969 5171 1230 5242 operibus
1261 5171 1404 5240 ejus,
1447 5170 1657 5226 factore
1701 5170 1806 5224 erit
1838 5185 1998 5238 opus.

415 5263 639 5320 Falsum
668 5280 887 5335 quoque
908 5265 1014 5319 erit
1049 5265 1218 5319 Deum
1256 5263 1568 5319 elfectorem
1599 5264 1784 5318 dicere
1809 5278 2000 5318 eorum

415 5375 538 5429 qua
585 5359 759 5430 ipsius
806 5369 956 5422 sunt,
1007 5375 1133 5413 cum
1184 5358 1459 5428 principio
1505 5365 1562 5412 et
1601 5361 1708 5412 line
1749 5361 1996 5411 careant.

418 5455 519 5510 Sin
545 5454 770 5510 omnino
798 5453 1248 5524 prmexsistentia:
1275 5459 1328 5506 et
1375 5453 1838 5521 postexsistentiaa
1882 5451 2000 5505 dis-

416 5544 648 5602 crimine
698 5547 1005 5603 secernitur
1048 5547 1276 5600 tireator
1321 5559 1351 5597 a
1382 5560 1444 5599 re
1469 5553 1684 5610 creata,
1720 5545 1941 5600 sublato
1969 5558 1999 5595 a

473 5722 604 5801 ,(65)
633 5725 1000 5846 Προέἔουσα.
1027 5725 1336 5796 Legendum
1366 5731 1517 5807 putat
1543 5722 1873 5794 Sylburgius
1900 5741 2000 5776 πα-

473 5807 659 5846 ιγουσα
685 5795 766 5846 vel
819 5812 1002 5846 νουσα.
1044 5796 1148 5846 Sed
1181 5795 1388 5846 f‘uslra
1415 5795 1716 5846 ourdauam
1751 5803 1996 5846 mutare-

425 5795 659 5857 ρὰγουσα
685 5795 766 5848 vel
791 5795 1002 5864 ἔχουσα.
1044 5796 1148 5851 Sed
1181 5795 1388 5852 f‘uslra
1415 5795 1716 5866 quidquam
1751 5803 1996 5852 mutare-

2103 4616 2220 4679 λας
2248 4613 2519 4683 γεννῶσα
2550 4612 2860 4684 δυνάμεις,
2896 4615 2998 4668 καὶ
3038 4616 3127 4686 μὴ
3168 4617 3432 4687 μένουσα
3455 4615 3510 4666 ἐν·
3538 4603 3596 4661 ταᾶ

2104 4707 2546 4773 αιῖνταῙς.Ὦστε,
2593 4708 2643 4759 εί
2693 4706 2882 4760 ταῦτα
2909 4707 3007 4762 διὰ
3033 4708 3303 4772 πάντων,
3347 4706 3596 4775 dulei-(:4.

2108 4799 2252 4865 Θεὸς
2268 4801 2438 4852 ἔσται
2462 4799 2841 4866 μεταϐλητὸς
2865 4800 3072 4867 οὐσίᾳ,
3104 4801 3372 4872 δυνάμει,
3391 4795 3586 4864 ἐνερςτιίιῖ

2105 4891 2250 4959 ὅπερ
2279 4892 2743 4962 ᾶτοπον.“Ωσπερ
2760 4892 2927 4956 αὐτὸς
2950 4895 2978 4946 ό
3012 4892 3151 4958 Θεὸς
3181 4896 3281 4948 οὐκ
3298 4889 3596 4965 ἔχειάρχὴέκὲ

2104 4983 2383 5056 τελευτὴν,
2405 4982 2580 5047 οὕτως
2616 4984 2737 5037 οὐδὲ
2767 4986 2799 5052 ἡ
2835 4985 3090 5056 ἐνέργεια
3117 4986 3307 5044 αὐτοῦ.
3331 4986 3436 5040 οὐδὲ
3459 4983 3596 5048 aii???

2105 5074 2269 5127 αὐτοῦ
2302 5077 2378 5146 (αἱ
2400 5074 2506 5145 γὰρ
2522 5075 2791 5144 ἐνέργειαι
2812 5077 2982 5130 αὐτοῦ
3018 5080 3074 5130 ἐν
3097 5083 3210 5143 τοῖς
3238 5081 3408 5152 ἔργοις
3423 5073 3544 5131 αὐτοὶ
3565 5073 3595 5120 ii

2109 5169 2234 5237 σιν)·
2258 5167 2408 5220 ἔσται
2425 5168 2533 5238 ἄρα
2549 5166 2739 5238 ὥσπερ
2765 5167 2838 5239 μὴ
2855 5170 3076 5241 χρῄζων
3100 5175 3264 5237 αὐτὸς
3285 5175 3372 5226 τοῦ
3392 5167 3595 5222 ποιοῦ-ητις

2104 5259 2276 5323 οὕτως
2311 5260 2427 5312 οὐδὲ
2471 5259 2541 5313 τὰ
2593 5259 2861 5331 λεγόμενα
2909 5263 3080 5317 αὐτοῦ
3124 5265 3290 5337 ἔργα·
3329 5254 3596 5326 ἔσται

2105 5351 2198 5403 καὶ
2250 5351 2311 5402 τὸ
2368 5348 2549 5416 λέγειν
2581 5349 2674 5402 τὸν
2721 5349 2857 5403 Θεὸν
2906 5355 3142 5425 ποιητὴν
3193 5355 3297 5408 τῶν
3343 5353 3447 5406 κατ’
3485 5343 3592 5398 sitis:

2103 5441 2355 5513 ἀνάρχων
2395 5457 2452 5493 τε
2481 5438 2654 5493 ὄντων
2689 5441 2781 5494 καὶ
2809 5442 3214 5517 ἀτελευτὴτων.
3247 5446 3303 5498 Ei
3337 5445 3388 5497 δὲ
3411 5428 3596 5500 minax-9'5

2103 5534 2246 5588 κατὰ
2293 5531 2559 5605 διαφορὰν
2602 5534 3006 5606 πῳῦπάρξεώς
3061 5555 3122 5590 τε
3172 5539 3266 5592 καὶ
3307 5526 3596 5606 μεθυπὰρᾷεει

2102 5729 2233 5806 tur,”
2248 5736 2371 5774 cum
2397 5719 2625 5806 verbum
2664 5721 2922 5806 προέχειν
2958 5723 3394 5806 idem‘interdu'm
3417 5717 3596 5773 valeam

2103 5793 2368 5863 proferre.
2403 5789 2552 5846 Infra
2577 5792 2680 5862 leg.
2710 5789 2756 5844 εί
2788 5789 2984 5864 ὥσπερ
3014 5796 3180 5857 αὐτὸς
3202 5796 3232 5846 ὁ
3257 5792 3394 5856 Θεός.
