3690 6496
25 387 109 442 ιδ
924 389 1387 460 QUIESTIONES
1418 392 1857 449 CHRISTIANAS
1880 394 1972 449 AD
2004 397 2317 455 GRAECOS.

3112 404 3244 461 “26

26 518 288 575 πτηκεν
298 506 326 558 6
339 504 573 575 Ποιητὴς
588 504 679 557 τοῦ
698 505 1018 577 ποιήματος,
1035 507 1190 579 δῆλον
1202 509 1283 561 ὅτι
1300 510 1327 562 6
1342 509 1577 579 ἀναιρῶν

1760 528 1793 566 o
1838 522 1893 567 et
1922 516 2179 584 operibus
2207 518 2327 587 ejus
2362 518 2465 573 hoc
2511 519 2848 584 discrimine,
2888 528 3119 591 utraque
3147 519 3244 576 dc-

26 594 55 643 5
94 595 228 648 τοῦ
262 594 397 647 Θεοῦ
426 596 519 647 καὶ
545 594 653 648 τῶν
679 594 852 667 ἔργων
880 597 1043 649 αὐτοῦ
1063 598 1160 668 τὴν
1179 598 1437 670 διαφορὰν
1449 598 1578 652 ταύ-

25 703 72 747 ι,
131 687 442 757 ἀμφότερα
468 687 777 757 ἀποστερεῖ,
811 687 901 740 τὸν
929 687 1060 740 Θεὸν
1090 688 1261 741 καὶτὰ
1280 690 1574 759 ποιήματα,

77 780 218 848 μὲν
246 780 347 851 τῆς
373 778 465 833 τοῦ
494 780 715 849 ποιητοῦ
751 781 1139 853 προσηγορίας,
1162 779 1232 834 τὰ
1261 781 1316 834 δὲ
1347 782 1444 853 τῆς
1471 782 1579 834 τῶν

26 888 84 940 μη
105 871 346 940 μάτων.
402 872 511 925 Καὶ
568 873 615 924 εί
676 872 790 924 ἐστι
842 872 996 942 μὲνὴ
1045 872 1137 925 τοῦ
1178 872 1312 925 Θεοῦ
1353 874 1579 945 δύναμις

26 978 245 1032 κρος,
284 962 473 1034 ὥσπερ
518 960 611 1017 οὖν
662 964 754 1017 καὶ
800 963 935 1025 ἐστι,
984 965 1373 1036 πεπερασμένα
1414 965 1469 1017 δὲ
1514 966 1579 1019 τὰ

26 1071 104 1107 ἀ
184 1054 377 1121 αὑτοῦ,
408 1056 525 1120 πῶς
558 1056 658 1110 οὐκ
705 1056 850 1109 ἐστιν
878 1058 906 1109 6
935 1056 1069 1120 Θεὸς
1098 1058 1219 1111 καθ’
1244 1058 1309 1123 ἃς
1342 1059 1453 1131 ἔχει
1485 1062 1579 1131 μὲν

26 1146 284 1217 Ιδείμεις,
317 1150 391 1220 μὴ
419 1148 658 1219 ἐνεργῶν
696 1149 752 1202 δὲ
784 1152 901 1203 κατ’
935 1149 1123 1213 αὑτὰς,
1158 1152 1218 1203 οὐ
1251 1150 1487 1223 φθαρτὸς
1514 1156 1579 1225 τῇ

34 1239 250 1311 ργείᾳ
283 1239 413 1311 (64),
444 1240 587 1293 κατὰ
612 1240 711 1312 τὴν
754 1242 933 1312 κρίσιν
960 1240 1052 1294 τοῦ
1100 1243 1574 1313 ἀποκριναμένου;

32 1329 118 1380 δὲ
176 1330 306 1385 καθ’
334 1330 399 1393 ἃς
433 1330 542 1401 ἔχει
588 1331 876 1403 δυνάμεις,
919 1334 1012 1387 καὶ
1062 1334 1135 1406 μὴ
1170 1334 1419 1405 ἐνεργῶν
1462 1337 1582 1389 κατ’

25 1420 182 1484 τὰς,
233 1422 477 1493 φθαρτὸς
515 1424 617 1476 οὐκ
657 1422 834 1489 ἔστιν,
876 1425 996 1478 οὐδέ
1044 1426 1182 1496 ἄρα,
1228 1427 1583 1498 παυσαμένης

25 1530 45 1574 ζ
86 1514 408 1585 ἐνεργείας
436 1514 529 1567 τοῦ
562 1514 698 1568 Θεοῦ
726 1517 824 1586 τῆς
850 1517 943 1570 τὸν
971 1517 1173 1589 κόσμον
1208 1519 1581 1590 παραγούσης,

30 1605 292 1674 είρεται
323 1606 455 1669 Θεὸς
495 1609 559 1677 τῇ
593 1608 860 1679 ἐνεργείᾳ.
896 1609 1057 1661 Ὅσον
1084 1609 1147 1680 δὴ
1188 1611 1281 1663 καὶ
1313 1610 1580 1681 βούλεται,

25 1716 35 1747 ι
71 1698 206 1768 οὐχ
238 1698 366 1750 ὅσον
392 1698 611 1751 δύναται
644 1699 786 1771 (65)·
826 1702 919 1753 καὶ
946 1702 1008 1754 οὐ
1037 1704 1181 1754 ποιεῖ
1223 1702 1461 1773 φθαρτὸν
1494 1704 1583 1756 τὸν

25 1792 97 1841 ὃν
162 1790 202 1860 ἡ
247 1791 352 1861 τῆς
393 1792 674 1861 ἐνεργείας
722 1793 986 1864 συστολὴ·
1034 1794 1152 1847 οὐδέ
1194 1793 1301 1864 ἄρα
1328 1795 1459 1846 ὅταν
1493 1810 1586 1846 συ-

25 1879 183 1951 ξλλῃ
213 1881 321 1952 τὴν
349 1882 650 1953 ἐνέργειαν,
675 1883 817 1937 κατὰ
850 1885 1150 1957 μεταϐολὴν
1181 1886 1456 1939 συστέλλει
1483 1886 1583 1956 τῆς

25 1972 305 2041 ιάμεως’
354 1973 467 2027 ἀλλ’
509 1974 624 2027 ἔστι
684 1976 789 2046 μέν
825 1976 861 2046 ὴ
907 1975 1136 2047 δύναμις
1179 1974 1275 2029 τοῦ
1324 1975 1459 2029 Θεοῦ
1496 1978 1582 2030 ἀεὶ

26 2061 391 2133 ετάϐλητος,
442 2065 705 2137 κέχρηται
750 2067 808 2120 δέ
843 2070 963 2131 ταῖς
999 2067 1300 2138 ἐνεργείαις
1329 2066 1419 2136 ἐφέ
1459 2067 1582 2120 ὅσον

25 2156 267 2209 necat.
302 2158 377 2210 υύ
425 2158 534 2229 γὰρ
565 2161 776 2230 ἐνεργεῖ
818 2159 951 2223 Θεὸς
980 2159 1231 2230 καθάπερ
1272 2159 1583 2232 ἐνεργοῦσιν

33 2250 107 2299 ἐν
145 2248 239 2318 τῷ
268 2249 511 2320 ἐνεργεῖν
541 2249 602 2301 τὸ
630 2246 765 2303 εἶναι
816 2249 1051 2321 ἔχοντες,
1085 2252 1179 2303 καὶ
1227 2250 1583 2323 παυσαμένης

26 2357 60 2402 ς
119 2341 425 2411 ἐνεργείας
469 2341 732 2395 παύονται
774 2330 869 2396 καλ
910 2344 1065 2396 αὐτοὶ
1110 2342 1206 2396 τοῦ
1256 2340 1394 2397 εἶναι
1420 2383 1434 2406 ,
1472 2339 1583 2398 οἷον

50 2430 190 2501 πῦρ
226 2432 324 2485 καὶ
348 2434 381 2502 ὴ
414 2432 566 2503 χιών.
610 2434 672 2486 Εί
703 2434 811 2505 γὰρ
839 2434 1012 2498 οὕτως
1044 2436 1261 2507 ἐνεργεῖ
1303 2438 1457 2501 Θεὸς,
1486 2438 1585 2509 οὐχ

26 2540 170 2575 εκεν
202 2523 315 2575 τῶν
344 2524 645 2591 γινομένων
684 2525 880 2580 μᾶλλον
910 2525 943 2598 ἢ
982 2526 1167 2581 ἕνεκεν
1195 2528 1291 2581 τοῦ
1321 2525 1458 2583 εἶναι
1490 2531 1586 2583 αὐ-

26 2631 57 2664 ν
90 2616 357 2685 ἐνεργεῖ-
388 2614 485 2679 ὡς,
516 2618 563 2669 εί
590 2617 851 2670 παύσοιτο
905 2618 998 2671 τοῦ
1027 2621 1286 2691 ἐνεργεῖν,
1322 2620 1585 2674 παύσεται

26 2705 61 2756 εἰ
93 2704 207 2758 τοῦ
242 2701 400 2760 εἶναι.
432 2708 495 2760 Εἰ
523 2708 579 2760 δέ
619 2709 818 2763 ἄτοπον
864 2709 1044 2773 τοῦτο,
1090 2712 1289 2765 ἄτοπον
1335 2712 1442 2783 ἄρα
1492 2713 1586 2765 καὶ

54 2797 263 2865 λέγειν
300 2800 641 2872 μεταϐλητὴν
670 2801 768 2872 τὴν
801 2802 895 2855 τοῦ
924 2802 1059 2856 Θεοῦ
1104 2803 1332 2874 δύναμιν
1377 2806 1443 2874 τῇ
1495 2821 1587 2855 συ-

26 2889 143 2959 ·ολῇ
179 2890 287 2959 τῆς
314 2892 616 2962 ἐνεργείας,
652 2894 684 2963 ἤ
736 2893 1110 2967 σαλευομένην
1140 2896 1243 2967 τὴν
1272 2898 1462 2950 οὐσίαν
1491 2898 1587 2950 αὐ-

26 2983 66 3034 ›ῦ
102 2989 243 3047 ταῖς
272 2984 547 3048 ποικίλαις
577 2987 883 3057 ἐνεργείαις
921 2987 1108 3041 ἄλλοτε
1143 2987 1305 3061 ἄλλας
1352 2988 1587 3059 προϐαλ-

26 3078 247 3147 μένην.
284 3078 393 3130 Καὶ
435 3077 686 3149 καθάπερ
719 3082 863 3132 ποιεῖ
894 3078 1004 3150 (66)
1047 3081 1193 3150 ἡμᾶς
1222 3080 1251 3131 6
1280 3080 1411 3143 Θεὸς
1437 3081 1589 3152 πρῶο

26 3188 64 3219 ιν
101 3170 214 3238 μὲν
251 3168 449 3241 βρέφη,
482 3171 668 3223 ἔπειτα
698 3171 754 3223 δέ
783 3172 1117 3236 νεανίσκους,
1149 3168 1266 3225 εἶτα
1299 3173 1582 3244 γέροντας,
1612 3206 1653 3263 C

26 3286 32 3309 ι
88 3262 247 3314 κατὰ
288 3261 387 3333 τὴν
433 3263 731 3335 μεταϐολὴν
778 3268 921 3317 ποιεῖ
964 3263 1065 3335 τῆς
1110 3264 1424 3336 δυνάμεως,
1464 3267 1582 3319 οὐδὲ

27 3354 124 3405 ι.τὰ
157 3353 263 3424 τὴν
307 3352 514 3426 φθορὰν
541 3355 642 3425 τῆς
680 3356 978 3427 ἐνεργείας,
1009 3355 1131 3409 οὔτε
1174 3356 1318 3410 κατὰ
1349 3356 1447 3428 τὴν
1488 3374 1583 3409 σα-

28 3446 291 3515 ίυομένην
313 3446 478 3500 αὐτοῦ
496 3447 703 3511 οὐσίαν,
720 3447 1062 3501 ἐναλλάσσων
1082 3448 1239 3519 ἡμῶν
1256 3448 1353 3511 τὰς
1368 3449 1586 3519 ὴλικίας

27 3537 127 3589 ιτὰ
142 3537 440 3607 διαφόρους
455 3539 677 3610 καιροὺς
686 3538 763 3609 τῷ
776 3538 976 3610 πρώτῳ
994 3540 1087 3592 καὶ
1109 3540 1322 3611 ὑστέρῳ
1337 3539 1582 3611 ἀλλήλων

31 3628 378 3699 αφεροῦσας,
409 3629 545 3682 ἀλλά
571 3630 713 3683 κατὰ
743 3630 839 3703 τὴν
869 3629 1139 3702 προϐολὴν
1188 3632 1281 3684 καὶ
1323 3630 1585 3701 συστολὴν

27 3721 83 3789 ἧς
114 3721 435 3792 ἐνεργείας
487 3720 659 3784 οὕτως
702 3722 765 3774 οὐ
811 3721 951 3774 κατὰ
996 3722 1093 3792 τὴν
1145 3721 1443 3793 μεταϐολὴν
1486 3722 1587 3792 τῆς

27 3812 279 3881 Napaei;
318 3812 493 3883 ἀρχὴν
534 3812 628 3865 καὶ
670 3813 824 3875 τέλος
868 3815 902 3884 ἡ
945 3813 1195 3885 ἐνέργεια
1244 3812 1410 3866 αὐτοῦ
1450 3815 1583 3883 ἔχει,

27 3905 125 3958 λλὰ
158 3907 305 3958 κατὰ
335 3905 606 3977 προϐολὴν
639 3907 733 3959 καὶ
766 3905 1049 3977 συστολὴν.
1107 3907 1171 3958 Et
1205 3906 1302 3977 μὲν
1341 3906 1449 3978 γὰρ
1496 3922 1588 3958 συ-

27 3998 356 4069 τελλομένης
399 3997 499 4067 τῆς
543 3998 841 4069 ἐνεργείας,
882 3998 1067 4051 οὐκέτι
1112 3997 1341 4067 ἠδύνατο
1383 4000 1411 4052 6
1458 3998 1589 4061 Θεὸς

27 4091 52 4159 ᾗ
88 4090 425 4163 παυσαμένῃ
468 4091 719 4168 ἐνεργείᾳ
760 4089 1085 4161 κεχρῆσθαι,
1115 4089 1337 4154 δικαίως
1365 4088 1431 4143 ἂν
1469 4089 1584 4142 ἐλέ-

28 4199 117 4233 ετο
167 4181 349 4252 φθορὰ
397 4182 710 4251 ἐνεργείας·
743 4183 791 4234 εί
819 4181 876 4233 δὲ
908 4182 997 4234 ἀεὶ
1025 4181 1248 4235 δύναται
1288 4180 1384 4252 τὴν
1420 4181 1588 4251 αὐτὴν

30 4271 374 4338 Ιμέργειανὸιτε
392 4273 637 4343 βούλεται
665 4272 1083 4343 προϐάλλεσθαι,
1105 4274 1205 4326 οὐκ
1235 4271 1344 4343 ἄρα
1374 4271 1589 4342 φθείρε-

29 4380 79 4413 ιι
106 4368 141 4435 ὴ
175 4365 427 4436 ἐνέργεια
454 4362 547 4417 τοῦ
576 4364 713 4418 Θεοῦ
760 4364 1175 4435 συστελλομένη.
1212 4365 1323 4435 Τῆς
1351 4363 1459 4433 γὰρ
1490 4363 1589 4415 δυ-

30 4456 211 4525 ἀμεως
269 4457 344 4527 μὴ
401 4456 782 4529 φθειρομένης,
834 4456 1117 4510 ἀδύνατον·
1148 4456 1421 4527 φθαρῆναι
1481 4454 1579 4525 τὴν

1681 605 2033 673 fraudantur,
2067 607 2213 665 Deus
2261 611 2482 681 quidem
2527 614 2815 675 creatoris.
2852 628 3017 683 opera
3066 625 3247 670 autent

1680 697 1761 751 rei
1791 707 1986 753 creatae
2015 704 2397 771 appellatione.
2424 704 2499 760 Ac
2522 706 2569 760 si
2594 705 2803 760 inﬁnita
2829 714 2914 762 est
2944 706 3037 762 Dei
3060 716 3249 776 poten-

1680 790 1779 854 tia,
1815 799 1876 844 ut
1912 792 2159 862 profecto
2186 804 2291 861 est,
2333 796 2487 867 ﬁnita
2516 805 2698 853 autem
2743 798 2863 867 ejus
2897 814 3083 868 opera,
3112 814 3249 869 quo-

1683 883 1845 938 modo
1871 884 2015 940 Deus
2048 889 2348 943 secundum
2373 892 2643 960 potentias
2666 907 2804 962 quas
2829 892 2989 947 habet
3007 894 3247 963 quidem,

1683 977 1777 1031 sed
1815 994 1911 1048 per
1938 995 2075 1048 quas
2117 997 2227 1037 non
2279 992 2560 1052 operatur,
2608 1002 2718 1041 non
2764 986 2867 1040 erit
2910 987 3119 1056 judicio
3166 1002 3253 1043 re-

1683 1070 1967 1138 sponsoris
1999 1074 2396 1143 corruptibilis.
2445 1073 2601 1140 Quod
2648 1076 2693 1132 si
2725 1078 3025 1132 secundum
3058 1086 3253 1147 poten-

1685 1160 1811 1225 tias,
1844 1176 1982 1230 quas
2011 1162 2174 1220 habet
2219 1165 2461 1235 quidem,
2495 1166 2589 1222 sed
2620 1183 2716 1237 per
2745 1184 2882 1237 quas
2912 1184 3022 1223 non
3060 1184 3254 1239 apera-

1685 1262 1794 1317 tur,
1827 1256 2203 1325 corruptibilis
2232 1273 2341 1312 non
2376 1266 2495 1316 est:
2534 1275 2709 1330 neque
2758 1261 2920 1315 etiam
2970 1260 3255 1327 desinente

1687 1346 1779 1401 Dei
1801 1348 2138 1418 operatione,
2171 1366 2292 1421 qua:
2333 1353 2595 1407 mundum
2640 1355 2918 1424 produxit,
2947 1359 3254 1424 corrumpi-

1685 1448 1775 1493 tur
1810 1439 1954 1496 Deus
1988 1444 2326 1512 operatione.
2359 1446 2632 1511 Quantum
2664 1456 2844 1502 autem
2878 1448 3013 1513 vult,
3044 1464 3253 1519 nequa-

1686 1544 1849 1600 quam
1881 1539 2061 1585 autem
2087 1541 2352 1602 quantum
2380 1543 2582 1605 potest,
2612 1547 2873 1607 operatur
2900 1559 2913 1593 :
2947 1555 3047 1595 nec
3087 1539 3254 1594 Deum

1687 1632 2095 1703 corruptibilem
2151 1632 2317 1704 518
2366 1633 2496 1688 facit
2542 1637 2877 1706 operationis
2934 1639 3253 1695 contractio.

1685 1720 1872 1793 Neque
1899 1740 2050 1794 ergo,
2090 1741 2215 1779 cum
2264 1727 2636 1795 operationem
2681 1729 2979 1791 contrahit,
3009 1747 3103 1800 per
3133 1746 3255 1783 mu-

1614 1854 1658 1908 Β
1688 1816 1950 1871 tationem
1980 1818 2255 1872 contrahit
2304 1819 2578 1888 potentia.
2619 1818 2726 1875 Sed
2778 1829 2863 1875 est
2890 1820 3113 1890 quidem
3162 1838 3252 1891 po-

1685 1909 1853 1963 tentia
1886 1907 1981 1964 Dei
2006 1925 2222 1981 semper
2247 1910 2624 1979 immutabilis,
2656 1914 2828 1967 utitur
2853 1923 3036 1968 autem
3067 1928 3260 1983 Opera—

1685 2000 1929 2056 tionibus
1977 2010 2245 2072 quantum
2277 2003 2411 2059 vult.
2452 2001 2570 2058 Non
2614 2005 2759 2059 enim
2802 2013 3061 2074 operatur
3091 2005 3256 2068 Dens,

1684 2102 1745 2148 ut
1774 2102 2072 2164 operantur
2112 2112 2233 2165 qua:
2263 2096 2318 2149 in
2366 2097 2647 2167 operando
2677 2097 2877 2152 habent
2904 2113 3046 2161 esse,
3078 2105 3131 2153 et
3158 2098 3257 2153 de-

1685 2193 1901 2248 sinente
1957 2198 2273 2265 0peratione
2303 2195 2563 2252 desinunt
2614 2205 2668 2252 et
2720 2196 2838 2265 ipsa
2892 2212 3050 2262 esse,
3109 2200 3255 2254 velut

1687 2296 1830 2367 ignis
1853 2304 1908 2351 et
1939 2298 2054 2353 nix.
2081 2297 2214 2351 Nam
2237 2298 2284 2353 si
2317 2298 2389 2353 ita
2412 2305 2731 2369 operaretur
2756 2298 2921 2363 Deus,
2949 2315 3059 2353 non
3083 2302 3261 2371 magis

1686 2402 1914 2457 operum
1966 2402 2133 2442 causa
2190 2398 2544 2457 Operaretur,
2589 2404 2753 2458 quam
2808 2398 2867 2443 ut
2923 2390 3039 2459 ipse
3086 2399 3262 2457 esset;

1686 2479 1887 2549 quippe
1910 2480 2028 2548 qui,
2055 2480 2100 2535 si
2132 2480 2408 2535 desineret
2432 2482 2670 2552 Operari,
2704 2482 2867 2536 etiam
2892 2498 3016 2539 esse
3047 2482 3263 2539 desine-

1687 2577 1788 2625 ret.
1818 2569 1974 2634 Quod
2002 2572 2045 2625 si
2071 2570 2123 2624 id
2148 2570 2470 2636 absurdum,
2496 2572 2794 2627 absurdum
2823 2574 2988 2627 etiam
3018 2574 3265 2645 profecto

1688 2660 1838 2715 dictu
1867 2669 1951 2716 est
1976 2663 2173 2715 mutari
2206 2661 2300 2716 Dei
2324 2664 2621 2732 potentiam
2660 2666 3037 2719 contractione
3065 2680 3264 2735 opera-

1689 2754 1876 2817 tionis,
1906 2754 2138 2823 ejusque
2172 2755 2392 2809 concuti
2425 2756 2745 2818 essentiam,
2783 2756 2911 2809 dum
2955 2756 3024 2811 ab
3053 2773 3115 2811 ea
3146 2756 3265 2811 alia:

1690 2845 1825 2899 alias
1879 2844 2047 2899 variis
2084 2843 2494 2914 operationibus
2549 2842 2928 2912 producuntur
2985 2845 3261 2913 potentiae.

1690 2934 1753 2988 Et
1801 2933 2261 3004 quemadmodum
2306 2934 2513 2989 faciens
2562 2951 2665 2988 nos
2715 2934 2854 2988 Deus
2902 2934 3136 3003 primum
3182 2935 3265 2987 in-

1690 3026 1890 3088 fantes,
1930 3025 2128 3080 deinde
2155 3024 2554 3087 adolescentes,
2592 3032 2779 3094 postea
2811 3041 2992 3089 senes,
3020 3038 3127 3078 non
3152 3041 3266 3079 mu-

1691 3117 1899 3172 tatione
1928 3117 2186 3186 potentiae
2214 3118 2265 3171 id
2300 3117 2447 3182 facit,
2484 3132 2585 3171 nec
2615 3118 2966 3186 corruptione
2992 3118 3266 3187 Operatio-

1687 3220 1797 3283 nis,
1843 3234 1943 3273 nec
1972 3220 2338 3274 concussione
2369 3220 2541 3289 ipsius
2577 3220 2915 3281 substantiae,
2946 3228 3136 3275 aetates
3167 3236 3256 3273 no-

1688 3318 1851 3374 stras,
1864 3325 2025 3380 quaea
2041 3326 2100 3365 se
2114 3310 2344 3365 invicem
2362 3310 2624 3364 varietate
2641 3319 2944 3379 temporum
2962 3310 3263 3364 secundum

1688 3402 1841 3471 prius
1868 3409 1961 3455 aut
1982 3402 2258 3472 posterius
2288 3400 2566 3466 diﬂ'erunt,
2599 3406 2916 3468 immutans,
2952 3402 3045 3457 sed
3075 3404 3256 3474 profe—

1688 3492 1855 3548 renda
1897 3502 1953 3547 et
2000 3492 2373 3547 contrahenda
2422 3492 2777 3562 operatione,
2828 3493 2901 3547 ita
2952 3494 3168 3547 initium
3210 3502 3264 3547 et

1690 3585 1850 3638 ﬁnem
1896 3585 2058 3638 habet
2101 3584 2221 3653 ejus
2265 3586 2530 3652 operatio,
2568 3599 2675 3637 non
2707 3585 2853 3655 quod
2885 3593 3127 3639 mutetur
3165 3601 3264 3654 po—

1688 3678 1881 3740 tentia,
1912 3676 2005 3731 sed
2038 3677 2168 3745 quia
2219 3677 2493 3745 profertur
2524 3683 2577 3729 et
2616 3676 2979 3729 contrahitur.
3009 3675 3141 3729 Nam
3192 3676 3260 3737 si,

1690 3767 1783 3822 ubi
1823 3773 2107 3823 contracta
2140 3776 2225 3821 est
2273 3768 2538 3835 operatio,
2575 3780 2682 3820 non
2720 3766 2832 3836 jam
2886 3774 3071 3836 posset
3119 3768 3263 3824 Deus

1688 3881 2025 3951 operatione,
2073 3896 2193 3950 qua:
2221 3880 2406 3945 desiit,
2444 3880 2563 3943 uti;
2596 3881 2789 3934 merito
2824 3880 3097 3946 diceretur
3141 3898 3263 3936 cor-

1690 3974 1872 4043 ruptio
1907 3974 2265 4043 operatimiis.
2303 3971 2409 4026 Sed
2440 3972 2485 4026 si
2534 3987 2750 4041 semper
2792 3982 2971 4041 potest
3015 3975 3262 4029 eamdem

1690 4068 2081 4136 operationem,
2125 4064 2214 4119 ubi
2250 4066 2382 4128 vult,
2408 4061 2685 4133 proferre;
2715 4080 2822 4118 non
2850 4080 2980 4135 ergo
3014 4080 3261 4120 corrum-

1690 4160 1836 4229 pitur
1886 4158 1980 4213 Dei
2029 4159 2273 4229 Operatio
2319 4166 2622 4213 contracta.
2677 4157 2811 4211 Nam
2868 4159 3107 4228 potentia
3156 4175 3263 4213 non

1690 4261 1968 4322 corrupta,
2004 4266 2113 4306 non
2150 4258 2331 4321 potest
2369 4251 2646 4320 corrumpi
2686 4250 2952 4319 operatio.
2980 4249 3143 4304 Aliud
3182 4259 3265 4304 est

1690 4344 1834 4399 enim
1866 4344 2147 4412 corruptio
2192 4343 2547 4412 operationis.
2580 4340 2728 4395 aliud
2766 4341 3104 4405 contractio;
3136 4356 3262 4394 nam

1692 4436 1737 4490 si
1770 4450 1879 4488 non
1912 4442 2194 4488 contracta
2233 4442 2379 4487 esset
2406 4433 2674 4502 operatio,
2704 4448 2824 4501 qua:
2873 4431 3137 4485 mundum
3186 4432 3264 4486 fe-

30 4524 298 4619 νέργειαν.
332 4524 509 4619 -Ἂλλη
530 4524 664 4621 ⁷γάρ
709 4524 909 4620 ἐστινὴ
939 4547 1115 4619 φθορὰ
1143 4524 1242 4618 τῆς
1266 4524 1577 4617 ἐνεργείας,

1757 4540 1786 4590 L,
1819 4526 2017 4579 inﬁniti
2057 4542 2288 4579 innuero
2318 4532 2502 4579 essent
2544 4524 2730 4578 mundi
2760 4524 2833 4577 ob
2864 4524 3262 4578 indesinentem

30 4642 88 4694 αὶ
116 4642 256 4714 ἄλλη
294 4644 327 4713 ὴ
374 4642 603 4713 συστολὴ
628 4642 729 4712 τῆς
756 4640 1061 4712 ἐνεργείας’
1096 4639 1191 4703 ὡς,
1224 4640 1273 4691 εί
1321 4638 1395 4709 μὴ
1428 4654 1583 4689 συνε-

30 4732 248 4786 τέλλετο
295 4735 328 4804 ὴ
363 4734 611 4805 ἐνέργεια
640 4736 672 4804 ὴ
703 4733 795 4786 τὸν
823 4732 1025 4803 κόσμον
1072 4730 1321 4793 ποιοῦσα,
1361 4730 1577 4801 ἄπειροι

30 4840 62 4873 ,ν
108 4825 307 4895 κόσμοι
344 4824 593 4893 ἐγένοντο
632 4824 709 4896 τῷ
756 4823 948 4895 πλήθει
990 4822 1129 4877 κατὰ
1164 4823 1259 4895 τὴν
1308 4823 1583 4877 ἄπαυστον

1688 4620 2080 4689 operationem.
2134 4617 2289 4671 Nunc
2346 4625 2526 4671 autem
2580 4632 2703 4670 eum
2759 4632 2902 4671 unus
2956 4616 3134 4671 factus
3184 4616 3255 4670 sit

1689 4711 1926 4766 mundus
1951 4753 1965 4776 ,
2004 4727 2068 4764 ex
2099 4726 2164 4764 eo
2200 4710 2346 4779 quod
2388 4708 2596 4761 ﬁnitum
2631 4708 2701 4762 sit
2731 4724 2891 4777 opus,
2922 4707 3262 4762 demonstra-

1688 4814 1779 4859 tur
1822 4803 2029 4857 ﬁnitam
2072 4816 2194 4856 esse
2233 4799 2606 4869 operationem
2641 4814 2761 4870 qua:
2802 4798 3064 4852 mundum
3111 4798 3257 4853 fecit.

30 4918 298 4988 νέργειαν.
320 4919 435 4973 Νῦν
453 4920 531 4987 δέ,
562 4920 677 4983 ἐνὸς
725 4915 882 4989 μόθου
925 4919 1018 4972 τοῦ
1067 4919 1270 4989 κόσμου
1320 4918 1633 4989 γενομένου,
1674 4914 1751 4984 τῷ
1790 4910 2190 4982 πεπερασμένῳ
2218 4906 2311 4960 τοῦ
2358 4908 2516 4976 ἔργου
2560 4906 2832 4959 δείκνυται
2872 4904 3259 4976 πεπερασμένη

29 5030 33 5078 ι
61 5012 315 5083 ἐνέργεια
346 5015 380 5084 ὴ
408 5014 499 5066 τὸν
525 5014 727 5084 κόσμον
757 5015 1050 5084 ποιήσασα.

68 5105 118 5160 8.
159 5108 224 5161 Ὀ
250 5109 434 5174 αὐτὸς
461 5110 669 5162 τοίνυν
686 5108 884 5177 μένων
911 5109 1092 5163 οὐδὲν
1112 5109 1236 5179 ἔχει
1265 5110 1574 5179 ἐγχρονον.

32 5198 165 5251 ιοιεῐ
185 5202 395 5254 τοίνυν
420 5200 527 5254 τὸν
554 5202 785 5269 κόσμον
812 5200 1040 5254 τάττων
1067 5201 1253 5255 αὐτὸν
1279 5202 1392 5265 ἀεὶ,
1419 5203 1515 5255 καί
1547 5205 1579 5255 ό

31 5289 229 5357 ιόσμος
269 5290 352 5357 τῷ
390 5292 508 5360 μὲν
550 5293 641 5345 ἀεὶ
690 5291 1077 5360 φρουρεῖσθαι
1120 5294 1362 5361 γίνεται,
1391 5292 1471 5358 τῷ
1514 5292 1581 5345 δὲ

31 5378 90 5432 isi
117 5378 270 5436 εἶναι
295 5387 328 5437 ό
354 5383 536 5449 αὐτὸς
563 5384 852 5453 ἀγένητος
880 5382 1150 5452 ὑπάρχει.
1183 5385 1246 5436 Εἰ
1278 5384 1439 5454 μηδὲν
1470 5384 1580 5454 ἔχει

32 5489 259 5543 γχρονον
288 5478 317 5529 6
345 5477 497 5540 Θεὸς,
527 5477 632 5529 οὐδ’
681 5476 788 5547 ἄρα
829 5477 890 5528 τὸ
920 5480 1092 5530 ποιεῖν
1140 5476 1252 5545 ἔχει
1276 5493 1289 5505 ·
1324 5475 1579 5547 ἐγχρονον

32 5564 113 5634 rip
138 5569 197 5621 τὸ
226 5573 420 5623 ποιεῖν.
451 5570 560 5623 Καὶ
606 5570 655 5621 εί
702 5572 843 5622 ποιεῖ
883 5568 973 5621 τὸν
1016 5568 1218 5639 κόσμον
1247 5570 1275 5620 6
1321 5568 1471 5631 Θεὸς,
1506 5568 1578 5639 μὴ

84 5722 190 5791 (64)
226 5721 304 5790 Τῇ
329 5721 615 5791 ἐνεργείᾳ.
651 5721 742 5775 Ilii.-
788 5739 949 5778 voces
997 5730 1168 5777 totum
1213 5724 1357 5775 hunc
1402 5724 1579 5775 locum

31 5792 349 5855 perturbant,
372 5795 563 5862 eisque
585 5792 821 5846 sublatis
852 5794 1122 5848 enitescit.
1150 5792 1269 5846 Mox
1297 5808 1582 5862 resumens

32 5862 243 5931 Scriptor
280 5861 489 5918 eadem?
518 5864 699 5931 verba,
731 5864 931 5918 omittit
979 5866 1043 5934 τῇ
1075 5862 1343 5934 ἐνεργείᾳ.
1380 5861 1580 5917 Ibidem

1757 5105 1810 5158 8.
1845 5101 2032 5169 Itaque
2066 5098 2202 5150 idem
2240 5096 2327 5149 ille
2368 5111 2581 5148 manens
2630 5094 2764 5147 nihil
2800 5094 2953 5147 habet
3002 5104 3259 5164 tempora-

1688 5200 1845 5252 rium.
1880 5192 2035 5247 Facit
2064 5207 2184 5260 ergo
2212 5188 2487 5252 mundum,
2513 5203 2714 5255 semper
2740 5204 2858 5241 eum
2895 5186 3175 5251 ordinans,
3215 5198 3260 5239 et

1688 5284 1914 5341 mundus
1947 5292 2206 5351 quatenus
2245 5294 2446 5347 semper
2474 5278 2787 5344 custoditur,
2818 5280 3053 5348 gignitur
3085 5292 3100 5328 :
3131 5294 3257 5342 qua~

1691 5392 1839 5433 tenus
1873 5390 2071 5443 semper
2103 5382 2201 5437 est,
2231 5372 2368 5425 idem
2411 5371 2668 5441 ingenitus
2712 5380 2808 5424 est.
2845 5370 2900 5423 Si
2935 5369 3069 5423 nihil
3099 5369 3257 5422 habit

1686 5469 2077 5541 temporarium
2107 5466 2268 5530 Deus,
2302 5481 2479 5535 neque
2508 5465 2672 5521 etiam
2704 5465 2756 5519 id
2786 5464 2949 5517 habet
2978 5471 3036 5518 ut
3062 5462 3257 5525 faciat;

1685 5564 1865 5619 facere
1894 5562 2041 5618 enim
2091 5558 2481 5629 temporarium
2512 5564 2613 5611 est.
2646 5556 2707 5609 lit
2745 5557 2788 5611 si
2821 5556 3083 5610 mundum
3118 5555 3259 5610 Deus

1687 5718 1923 5775 tollenda
1956 5718 2171 5787 negatio
2198 5729 2323 5787 ante
2348 5713 2601 5787 φθαρτός.

1759 5790 1873 5859 (65)
1903 5784 2171 5859 durarat.
2203 5784 2733 5859 Subintelligcndum
2765 5784 2990 5853 ἐνεργεῖ.

1760 5854 1871 5931 (66)
1905 5858 2077 5913 Hemi.
2116 5856 2241 5926 Log.
2277 5854 2461 5907 ποιῶν.
