3638 6474
454 398 591 456 MT!

1220 397 1579 455 APPENDIX.
1617 430 1683 441 -ρ
1723 396 1904 451 PARS
1944 394 1985 450 Ι.
2023 396 2082 450 S.
2120 394 2383 452 JUSTlNI
2423 395 2657 450 OPERA
2697 396 2970 454 SI’UlllA.

3529 411 3608 464 ΗΞὲ

455 522 608 580 facit.
648 534 755 572 non
810 516 1119 590 produccns
1164 517 1286 587 eju‘s
1336 518 1724 582 substantiam,
1763 516 2014 572 mundun:

2150 515 2226 587 τὴν
2255 516 2444 568 οὐσίαν
2490 514 2656 568 αὑτοῦ
2702 517 2988 587 παράγων,
3023 518 3082 570 οὑ
3117 520 3255 570 ποιεί
3295 518 3376 572 τὸν
3416 522 3608 593 κόςμον·ἐ

454 626 566 666 non
603 610 753 664 facit.
786 608 1021 664 Mundus
1066 608 1212 669 enim
1265 607 1384 664 sine
1430 609 1740 664 substantia
1790 624 1898 663 non
1944 617 2029 663 est

454 704 711 759 mundus.
759 702 917 769 Quod
950 702 995 758 si
1025 702 1263 757 mundus
1294 703 1657 757 substantiam
1693 702 1853 757 habet
1892 701 2029 757 infc-

421 780 620 859 ‘ctam,
656 793 973 850 necessario
1005 793 1170 849 etiam
1200 791 1572 848 incustoditus
1606 798 1710 846 est.
1734 791 1854 857 Quo
1884 793 2028 847 enim

456 897 516 941 ut
547 888 638 941 ﬁat
673 885 978 942 secundum
1024 883 1390 939 substantiam
1429 899 1541 938 non
1590 884 1820 955 indiget,
1853 901 2031 955 neque

451 983 617 1036 etiam
644 996 712 1036 eo
739 981 947 1051 indiget
993 988 1051 1032 ut
1081 978 1447 1033 custodiatur.
1474 979 1715 1050 lngenita
1747 979 1897 1035 enim
1933 993 2030 1033 na-

452 1085 576 1130 tura
604 1074 740 1128 nihil
767 1071 915 1142 quod
956 1081 1112 1128 extra
1143 1073 1319 1142 ipsam
1343 1073 1416 1128 sit
1440 1086 1693 1142 accipere
1724 1080 1925 1142 potest.
1954 1073 2031 1127 Ac

449 1170 496 1222 si
528 1168 583 1222 in
607 1166 755 1221 omni
799 1182 859 1221 re
888 1180 1115 1220 necesse
1136 1173 1222 1220 est
1258 1178 1442 1219 veram
1472 1178 1597 1219 esse
1617 1162 2030 1220 alIirmationcm

451 1268 545 1313 aut
587 1258 962 1329 negationem,
996 1257 1273 1329 quomodo
1303 1271 1602 1326 responsor
1641 1266 1935 1326 utrumque
1976 1256 2031 1309 in

452 1350 641 1403 mundi
686 1349 968 1404 creatione
998 1348 1203 1420 posuit,
1234 1346 1648 1402 allirmationem
1694 1354 1749 1401 et
1780 1346 2031 1417 negatio-

451 1457 597 1504 nem,
654 1442 899 1512 genilum
950 1442 1104 1497 illum
1159 1455 1285 1495 esse
1334 1447 1390 1495 et
1440 1439 1743 1509 ingenitum
1798 1439 2034 1494 dicens?

449 1534 657 1589 Deinde
677 1550 808 1590 vero
831 1535 901 1599 si,
934 1546 993 1589 ut
1013 1534 1151 1589 dixit
1182 1536 1237 1588 in
1268 1534 1433 1589 tertia
1457 1534 1841 1603 responsione,
1864 1531 2029 1595 Deus,

449 1640 578 1681 cum
614 1626 891 1698 ingenitus
919 1627 1010 1692 sit,
1056 1626 1297 1697 ingenito
1342 1625 1473 1680 facit
1513 1624 1721 1689 omnia,
1753 1639 1875 1695 qua:
1922 1640 2031 1678 non

452 1720 609 1785 ﬁunt,
642 1720 738 1776 sed
771 1721 1153 1786 coexsistunt;
1182 1718 1627 1790 quandoquidem
1651 1717 1917 1788 quidquid
1948 1733 2035 1771 co-

449 1814 691 1877 exsistit,
728 1812 900 1877 illius,
933 1816 1022 1868 cui
1060 1813 1367 1876 coexsistit,
1410 1812 1587 1867 salute
1619 1819 1891 1874 servatur,
1923 1825 2032 1866 non

451 1922 621 1977 egens
664 1906 771 1960 alia
818 1906 1092 1970 custodia,
1126 1905 1232 1961 nisi
1284 1906 1434 1961 illius
1484 1907 1682 1968 salute,
1716 1906 1837 1974 ipso
1884 1906 2033 1959 enim

452 2004 608 2060 salvo
635 2003 815 2075 ipsum
846 2003 1013 2058 etiam
1047 2002 1259 2057 salvum
1285 2002 1342 2056 lit
1368 2021 1380 2055 :
1411 2002 1619 2056 idcirco
1641 2015 1752 2055 non
1779 2016 1843 2055 ea
1873 1998 2037 2070 519

451 2110 574 2164 quae
618 2096 964 2151 coexsistunt
1011 2094 1260 2165 indigent
1307 2092 1579 2155 custodia,
1622 2092 1719 2148 sed
1764 2092 1899 2147 illud
1943 2093 2032 2147 cui

451 2189 815 2244 coexsistunt.
872 2186 979 2243 Sed
1026 2188 1072 2243 si
1120 2187 1236 2241 haec
1278 2186 1352 2241 ita
1401 2201 1461 2241 se
1504 2186 1728 2250 habent,
1764 2201 1876 2241 non
1906 2200 2036 2256 ergo

451 2280 703 2337 custodia
747 2280 955 2351 indiget
999 2280 1262 2345 mundus,
1302 2280 1397 2350 qui
1446 2278 1732 2335 cocxsistit
1774 2277 1905 2341 Deo.
1939 2277 2035 2333 sed

453 2373 570 2442 ipse
596 2371 761 2437 Deus,
788 2372 876 2426 cui
908 2372 1194 2427 coexsistit
1236 2372 1496 2427 mundus.
1528 2370 1635 2426 Sed
1665 2372 1712 2426 si
1751 2368 1805 2423 id
1836 2370 2034 2424 absur—

450 2465 582 2521 dum
612 2474 717 2533 est,
748 2465 1052 2521 absurdum
1090 2474 1144 2521 et
1169 2466 1435 2521 mundum
1471 2466 1656 2520 dicere
1698 2465 2036 2520 coexsisten-

454 2569 563 2615 tem
595 2558 727 2614 Deo.
772 2558 1071 2614 Dicendum
1113 2574 1246 2629 ergo
1296 2558 1391 2613 Dei
1439 2560 1721 2614 voluntate
1771 2558 2036 2612 mundum

455 2653 761 2709 subsistere
812 2660 867 2708 et
912 2651 1005 2708 Dei
1061 2652 1343 2707 voluntate
1390 2652 1640 2707 eumdem
1693 2666 2034 2721 permanere,

451 2745 559 2800 etsi
592 2760 703 2799 non
734 2760 969 2815 semper.
1004 2742 1096 2798 Sic
1137 2744 1301 2799 etiam
1342 2760 1467 2814 qua:
1496 2744 1661 2799 alicui
1712 2744 2039 2799 subsistenti

453 2837 823 2901 coexsistunt,
869 2837 1021 2892 illius
1072 2837 1485 2906 perseverantia
1533 2844 1883 2907 permanent,
1928 2853 2039 2891 non

452 2946 552 2986 sua
588 2949 601 2983 :
636 2931 827 2994 veluti,
879 2946 977 3000 per
1018 2928 1477 2999 compositionem
1515 2930 1781 2984 linearum
1825 2930 2034 2985 coexsi-

454 3030 610 3077 stunt
654 3022 862 3093 anguli,
894 3036 959 3075 ac
1012 3028 1267 3075 manente
1310 3021 1709 3090 compositione
1734 3030 1955 3077 manent
1986 3032 2041 3076 et

456 3116 663 3185 anguli,
689 3131 754 3169 ac
783 3114 998 3170 sublata
1023 3113 1425 3182 compositione
1452 3113 1719 3167 tolluntur
1741 3122 1795 3169 et
1818 3116 2037 3186 anguli;

455 3223 520 3261 ac
570 3207 614 3263 si
657 3222 796 3277 opus
824 3213 908 3261 est
960 3213 1020 3259 ut
1053 3213 1413 3275 permaneant
1456 3206 1665 3276 anguli,
1708 3222 1936 3263 necesse
1956 3217 2041 3265 est
2067 3206 2111 3263 C
2148 3200 2245 3253 μον

455 3299 762 3355 custodiam
794 3298 927 3353 dare
947 3297 1335 3368 compositioni
1369 3298 1659 3365 linearum,
1684 3315 1794 3355 non
1826 3302 2043 3372 angulis

456 3404 557 3459 per
585 3405 666 3453 se,
702 3389 797 3443 sed
830 3404 927 3458 per
949 3387 1209 3443 accidens
1234 3388 1455 3459 quidem
1490 3388 1730 3459 angulis,
1771 3390 2042 3445 linearum

457 3487 640 3536 autem
670 3480 1057 3549 compositioni
1090 3494 1185 3550 per
1209 3479 1465 3549 scipsam.
1501 3478 1576 3533 Ex
1611 3480 1697 3536 his
1728 3483 2045 3537 existiman-

456 3574 563 3628 dus
594 3579 680 3629 est
706 3572 966 3636 mundus,
997 3572 1044 3625 si
1096 3570 1337 3643 ingenitc
1387 3571 1675 3627 coexsistit
1710 3570 1845 3638 Deo,
1884 3581 1942 3627 ut
1970 3574 2047 3630 ait

457 3681 774 3735 responsur.

2132 617 2238 688 γάρ
2269 617 2471 685 κόσμος
2519 618 2688 687 χωρὶς
2726 618 2913 680 οὐσίας
2962 617 3061 669 οὑκ
3092 616 3209 669 ἔστι
3252 619 3450 689 κόσμος.
3475 625 3520 676 Εἰ
3549 628 3607 679 δξι

2133 712 2333 781 κόσμος
2380 710 2569 763 οὑσίαν
2614 709 2747 779 ἔχει,
2776 710 3040 780 ἀποίητος
3082 709 3193 780 (67)
3241 710 3300 776 ἐξ
3340 713 3536 785 ἀνάγκης
3563 726 3607 771 x1

2131 804 2480 875 ἀφρούρητός
2508 804 2675 855 ἐστιν.
2704 797 2781 855 Oi)
2810 803 2917 874 γὰρ
2950 804 3085 873 πρὸς
3112 804 3173 856 τὺ
3200 805 3431 872 γενέσθαι
3457 813 3543 861 κατ’
3566 816 3607 865 σὺ

2136 910 2253 961 σίαν
2311 908 2372 959 οὑ
2402 907 2603 973 δέεται,
2638 906 2827 959 τούτου
2884 907 3009 960 οὑδὲ
3064 906 3205 977 πρὸς
3259 906 3319 960 τδ
3359 914 3606 981 φρουρεῐτθι

2132 1000 2421 1053 ἐπιδέεται.
2481 1000 2543 1051 ’Β
2574 998 2683 1070 γὰρ
2712 999 2977 1069 ἀγένητος
3004 1000 3167 1069 φύσις
3194 999 3394 1063 οὐδενὸς
3419 1002 3504 1053 τῶν
3537 1004 3607 1067 ἔξω

2133 1093 2223 1146 θεν
2252 1094 2451 1164 ἑαυτῆς
2485 1094 2631 1146 ἐστιν
2660 1092 3002 1164 ὲπιδεκτική.
3032 1093 3143 1146 Καὶ
3174 1095 3222 1145 εί
3264 1094 3352 1145 ἐπὶ
3378 1096 3534 1158 παντὸς
3555 1102 3608 1165 χρέ

2132 1196 2165 1267 ἢ
2194 1197 2295 1267 τὴν
2322 1196 2487 1265 φάσιν
2515 1196 2547 1267 ἢ
2576 1195 2675 1266 τὴν
2696 1196 2969 1264 ἀπόφασιν
2998 1191 3140 1249 εἶναι
3165 1196 3356 1265 ἀληθῆ,
3378 1198 3475 1259 πῶς
3494 1202 3515 1250 6
3535 1201 3607 1252 ἀπε

2134 1290 2458 1361 κρινάμενος
2513 1290 2798 1361 ἀμφότερα
2840 1289 3039 1360 ἔθηκεν
3096 1290 3190 1341 ἐπὶ
3231 1288 3328 1357 τῆς
3370 1290 3451 1342 τοῦ
3483 1293 3607 1361 χάσμα

2133 1384 2417 1451 γενέσεως,
2452 1384 2545 1437 κα)⁸
2583 1382 2681 1454 τὴν
2730 1381 2889 1451 φάσιν
2942 1382 3041 1435 καὶ
3079 1381 3180 1452 τὴν
3226 1382 3486 1449 ἀπόφασιν,
3506 1384 3607 1449 λέγω·

2136 1477 2297 1531 αὑτὸν
2342 1473 2483 1530 εἶναι
2508 1476 2734 1547 γενητὸν
2765 1477 2856 1529 καὶ
2886 1475 3152 1545 ἀγένητον
3177 1490 3191 1537 ;
3226 1475 3343 1527 Ἔτι
3378 1474 3428 1527 δὲ
3457 1477 3508 1539 εί,
3530 1477 3608 1528 κιίέ

2135 1566 2286 1624 εἶπεν
2332 1570 2390 1622 ἐν
2425 1572 2497 1641 τῇ
2524 1570 2682 1641 τρίτῃ
2724 1567 3039 1637 ἀποκρίσει,
3069 1566 3359 1635 ἀγέννητος
3397 1566 3460 1619 ὢν
3488 1568 3509 1619 6
3536 1568 3608 1619 θεὰ

2134 1673 2444 1742 ἁγεννήτως
2492 1673 2635 1722 ποιεῖ
2682 1670 2877 1729 πάντα,
2909 1669 2972 1721 οὑ
3022 1668 3303 1737 γινόμενα,
3333 1666 3449 1718 ἀλλά
3475 1684 3607 1734 cum:

2138 1765 2414 1836 στάμενα·
2447 1762 2561 1816 ἀλλ’
2609 1762 2795 1833 ἐπειδὴ
2842 1761 2957 1832 (68)
3006 1760 3113 1813 πᾶν
3162 1759 3608 1829 συνυφιστάμενοντῇ

2069 1856 2227 1918 Βτοῦ
2275 1850 2321 1924 ᾧ
2369 1856 2758 1925 συνυφίσταται
2807 1852 3054 1923 σωτηρία
3100 1850 3350 1916 σώζεται,
3396 1851 3457 1921 μὴ
3488 1852 3607 1919 χρῇζσ

2137 1950 2331 2021 ἑτέρας
2372 1949 2616 2019 φρουρᾶς
2656 1946 2795 2017 πλὴν
2832 1945 2936 2014 τῆς
2966 1945 3178 1997 ἐκείνου
3211 1944 3485 2013 σωτηρίαςι
3510 1944 3607 2003 σιὼ

2141 2043 2301 2113 μένου
2330 2041 2439 2112 γὰρ
2482 2041 2712 2101 ἐκείνου,
2757 2039 3026 2092 σέσωσται
3056 2037 3154 2089 καὶ⁸
3194 2035 3377 2098 αὐτός’
3403 2035 3475 2087 διὰ
3505 2034 3607 2085 τοῦτο

2138 2150 2186 2201 εί
2215 2148 2371 2217 χρεία
2402 2145 2520 2197 ἐστὶ
2548 2145 2791 2215 φρουρᾶς
2818 2142 2958 2214 πρὸς
2988 2139 3284 2211 σωτηρίαν,
3316 2142 3466 2192 ἐκεῖνο
3497 2140 3607 2208 χρῂζε

2138 2242 2381 2312 φρουρᾶς
2408 2238 2546 2310 πλὴν
2574 2238 2674 2307 τῆς
2706 2235 2911 2289 ἐκείνου
2945 2234 3222 2304 σωτηρίας
3253 2229 3451 2303 (69)·οὖ
3471 2234 3607 2301 ὑφεῖται

2143 2334 2302 2404 μένου
2348 2331 2737 2401 συνυφίσταται
2766 2328 2834 2381 τά
2863 2326 3328 2396 συνυφιστάμενα,
3357 2326 3458 2394 οὐχὶ
3480 2324 3529 2375 τὰ
3546 2341 3607 2374 5w

2142 2426 2499 2497 υφιστάμενα.
2544 2424 2683 2478 Ἀλλ’
2728 2424 2775 2475 εἰ
2804 2420 2979 2474 ταῦτα
3020 2418 3195 2481 οὕτως
3232 2418 3358 2487 ἔχει,
3385 2419 3467 2469 οὑκ
3503 2416 3607 2485 ἄρδις

2140 2519 2343 2589 κόσμος
2387 2515 2577 2589 χρῄζει
2623 2514 2861 2585 φρουρᾶς
2904 2513 2934 2564 6
2965 2510 3419 2579 συνυφιστάμενος
3442 2506 3501 2575 τῷ
3532 2506 3607 2571 θεῷ

2140 2621 2253 2675 ἀλλ’
2284 2620 2445 2683 αὐτὸς
2474 2620 2503 2671 6
2544 2616 2679 2679 Θεὸς
2792 2614 3187 2682 συνυφίσταται
3228 2613 3257 2664 ὁ
3299 2610 3489 2678 κόσμος.
3519 2607 3561 2658 ΕΞ
3589 2605 3608 2655 ἃ

2140 2714 2299 2767 τοῦτο
2345 2713 2564 2774 ἄτοπον,
2598 2710 2796 2763 ἄτοπον
2838 2707 2949 2777 ἄρα
2977 2706 3071 2758 καὶ
3109 2705 3172 2757 τὸ
3198 2705 3289 2757 τὸν
3317 2704 3489 2772 κόσμον
3510 2700 3607 2764 λέγει

2145 2802 2608 2873 συνυφιστάμενον
2650 2798 2728 2869 τῷ
2765 2797 2903 2867 Θεῷ.
2952 2797 3073 2868 Χρὴ
3110 2792 3206 2848 οὖν
3252 2794 3416 2862 λέγειν
3455 2790 3607 2860 βονλῄςε]

2142 2897 2235 2949 τοῦ
2280 2894 2417 2948 Θεοῦ
2456 2890 2783 2962 ὑφίστασθαι
2826 2889 2919 2942 τὸν
2957 2888 3184 2957 κόσμον,
3230 2886 3323 2938 καὶ
3351 2876 3608 2954 βουλήσειττιὲ

2142 2986 2278 3040 Θεοῦ
2306 2985 2547 3055 διαμένει
2575 2986 2603 3035 ὁ
2640 2980 2823 3043 αὐτὸς,
2854 2980 2905 3031 εἰ
2938 2979 3034 3031 καὶ
3066 2977 3141 3048 μὴ
3171 2977 3257 3029 ἀεί
3282 2976 3402 3045 (70).
3441 2972 3608 3029 'ﬂnizq

2138 3078 2212 3131 τὰ
2238 3081 2305 3149 τῇ
2336 3076 2631 3130 ὑποστάσει
2658 3073 2803 3137 τινὸς
2832 3071 3279 3141 συνυφιστάμενα
3305 3071 3368 3138 τῇ
3387 3063 3608 3119 ὲκείνωξσ

2249 3185 2283 3253 ᾖ
2315 3180 2576 3251 διαμένει,
2606 3177 2729 3248 οὑχ).
2774 3176 3015 3228 ἑαυτῶν·
3058 3170 3173 3227 οἷον
3219 3175 3286 3243 τῇ
3332 3170 3531 3223 συνθέσει
3562 3165 3608 3215 τῶι

2141 3274 2416 3348 γραμμῶν
2465 3272 2884 3341 συνυφίστανται
2932 3269 2991 3321 αἱ
3033 3266 3265 3336 γωνίαι·
3313 3264 3399 3317 καὶ
3448 3258 3605 3331 psmn,

2142 3376 2240 3445 τῆς
2276 3374 2595 3437 συνθέσεως,
2631 3372 2848 3443 μένουσι
2881 3372 2976 3423 καὶ
3005 3370 3063 3421 αἱ
3093 3368 3287 3436 γωνίαι
3310 3384 3321 3395 ·
3353 3366 3434 3417 καὶ
3460 3363 3605 3427 auctum

2148 3468 2315 3539 μένης
2334 3466 2435 3535 τῆς
2459 3463 2777 3526 συνθέσεως,
2801 3461 3152 3533 ἀναιροῦνται
3176 3458 3268 3511 καὶ
3296 3460 3348 3510 αἱ
3377 3454 3605 3523 γωνίαγι]

2146 3570 2193 3620 εί
2250 3567 2407 3639 χρεία
2457 3566 2575 3618 ἐστὶ
2615 3564 2710 3619 τοῦ
2758 3563 3033 3633 διαμένειν
3089 3560 3187 3623 τὰς
3231 3560 3451 3628 γωνίας,
3489 3554 3605 3616 {vim

2146 3659 2329 3713 δοῦναι
2392 3657 2634 3730 φρουρὰν
2691 3659 2758 3726 τῇ
2800 3654 3047 3708 συνθέσει
3113 3642 3605 3733 τῶνγραμμιῖινβίί

457 3764 575 3824 ταῖς
610 3760 833 3827 γωνίαις
894 3760 1013 3812 καθ’
1077 3758 1307 3823 ἑαυτὰς,
1348 3758 1482 3811 ἀλλά
1510 3758 1652 3813 κατὰ
1704 3761 2051 3833 συμϐεϐηκὸς
2110 3762 2207 3832 μὲν
2266 3764 2386 3824 ταῖς
2420 3762 2679 3830 γωνίαις,
2725 3760 2843 3813 καθ’
2889 3758 3053 3811 ἑαυτὸ
3094 3757 3151 3811 δὲ
3198 3758 3262 3825 τῇ
3314 3753 3517 3807 συνθέσει

457 3852 749 3924 γραμμῶν.
785 3851 943 3905 Κατά
970 3852 1145 3907 ταῦτα
1187 3854 1292 3923 χρὴ
1338 3855 1477 3905 νοεῖν
1506 3854 1594 3905 τὸν
1626 3854 1849 3917 κόσαον,
1880 3856 1928 3906 εί
1960 3855 2267 3926 ἀγεννήτως
2301 3854 2691 3923 συνυφίσταται
2720 3850 2955 3922 τῴθεῷ,
2990 3849 3136 3903 καθὰ
3159 3866 3320 3919 φησιν
3362 3848 3387 3898 6
3421 3847 3606 3912 mw

460 3962 641 4017 μενος.

657 4058 914 4115 TERTIA
951 4060 1043 4113 AD
1083 4059 1387 4115 GRAECOS
1424 4058 1847 4115 CHRISTIANA

1080 4131 1432 4198 QUIESTIO.

534 4249 591 4305 Si
645 4250 777 4320 quia
828 4256 933 4314 est,
969 4264 1079 4304 non
1133 4250 1262 4320 quia
1309 4250 1445 4313 vult,
1483 4248 1614 4303 facit
1648 4248 1791 4305 Deus
1829 4268 1841 4303 :
1879 4251 2046 4303 veluti

460 4344 604 4415 ignis
637 4342 893 4398 calefacit
923 4342 1053 4412 quia
1081 4352 1202 4398 est:
1240 4342 1539 4413 quomodo,
1576 4356 1702 4396 cum
1752 4342 1869 4411 ipse
1916 4342 2049 4395 sim-

460 4438 586 4508 plex
621 4436 692 4491 sit
728 4444 783 4491 et
831 4437 996 4491 ullius
1031 4436 1239 4500 formae,
1290 4435 1634 4490 diversarum
1668 4443 1755 4489 est
1796 4434 2052 4489 conditor

461 4530 895 4586 substantiarum
917 4530 942 4583 ?

532 4641 852 4699 GRECUM
893 4642 983 4697 AD
1020 4641 1489 4697 CHRISTIANOS
1528 4638 1971 4697 RESPONSUM.

537 4844 657 4898 Non
691 4842 1138 4904 existimandum,
1174 4850 1231 4895 ut
1264 4843 1318 4895 in
1342 4841 1501 4894 nobis
1547 4841 1693 4893 aliud
1717 4839 1937 4909 quidem
1970 4847 2054 4893 est

468 4953 613 5001 esse,
650 4935 799 4989 aliud
835 4940 1016 4987 autem
1052 4933 1209 4995 velle,
1247 4934 1327 4987 sic
1355 4934 1519 4987 etiam
1574 4932 1627 4985 in
1685 4931 1824 4996 Deo;
1874 4930 1969 4986 sed
2000 4933 2054 4985 in

470 5030 583 5084 Deo
611 5029 753 5083 idem
781 5043 1008 5096 prorsus
1039 5034 1124 5081 est
1154 5042 1276 5079 esse
1308 5034 1363 5079 et
1394 5026 1550 5079 velle.
1599 5023 1734 5077 Nam
1768 5024 1913 5093 quod
1950 5032 2053 5086 est,

469 5124 635 5179 etiam
666 5122 815 5187 vult;
846 5128 900 5173 et
930 5118 1078 5188 quod
1107 5119 1244 5181 vult,
1281 5127 1365 5172 est
1401 5136 1414 5171 ε
1448 5134 1548 5171 nec
1578 5117 1689 5169 ulla
1734 5118 1789 5170 in
1837 5115 1947 5170 Deo
1974 5116 2057 5168 di-

472 5213 717 5277 stinctio,
769 5211 897 5280 quia
959 5208 1101 5263 Dens
1151 5223 1248 5278 per
1301 5210 1544 5278 seipsum
1603 5208 1904 5277 productus
1952 5214 2054 5261 est.

471 5307 657 5373 Quare
688 5304 973 5359 distinctio
1006 5302 1259 5357 essentia:
1281 5309 1336 5355 et
1363 5302 1666 5356 voluntatis
1697 5301 1749 5354 in
1782 5301 1891 5354 Deo
1924 5300 2055 5366 reji-

472 5400 668 5455 cienda
697 5406 799 5454 est.
834 5398 951 5450 Non
1002 5405 1184 5450 tamen
1232 5395 1535 5463 putandum
1583 5404 1663 5446 est
1709 5394 1899 5455 Deum,
1932 5410 2059 5462 quia

548 5574 660 5643 (67)
692 5575 923 5626 οὐσίαν
972 5574 1119 5641 ἔχει,
1163 5572 1468 5637 ἀποίητος.
1530 5570 1656 5639 Leg.
1701 5572 1889 5623 οὐσίαν
1950 5571 2060 5641 ἔχει

476 5645 759 5713 ἀποίητον.

553 5710 665 5783 (68)
709 5716 871 5769 Ἀλλ’
922 5713 1151 5780 ἐπειδὴ.
1184 5712 1482 5783 Snperﬂuit
1511 5710 2058 5783 primaiconjunctio.

553 5780 665 5852 (69)
695 5785 871 5850 Πλὴν
915 5783 1021 5850 τῆς
1048 5780 1283 5838 ἐκείνοὺ
1325 5784 1641 5849 σωτηρίας.
1691 5782 1815 5852 Haec
1845 5780 2003 5834 verba
2033 5797 2065 5835 e

485 5850 604 5923 loco
628 5850 793 5922 supra
822 5855 1004 5921 posito
1026 5854 1133 5908 huc
1164 5857 1522 5923 irrepserunt.
1556 5850 1890 5906 Commodus
1918 5851 2061 5904 enim

488 5920 597 5979 illis
644 5920 842 5979 sensus
888 5940 999 5979 non
1036 5925 1246 5981 videtur
1276 5920 1502 5997 adjungi
1532 5937 1715 5997 posse,
1742 5930 1795 5980 et
1840 5930 2061 5978 senten-

2164 4066 2512 4121 ἘΡΩΊῚΗΣΙΣ
2550 4062 3039 4185 ΧΡΙΣΤΙΑὲᾹΙὲΗΡ
3051 4058 3232 4113 ΠΡΟΣ
3267 4053 3429 4110 ΤΟΥΣ
3470 4041 3606 4099 ἜΛΛΗμ

2224 4254 2287 4305 Εἰ
2316 4252 2394 4321 τῷ
2421 4246 2577 4313 εἶναι,
2600 4251 2694 4303 καί⁹
2723 4249 2783 4301 οὑ
2811 4246 2889 4317 τῷ
2919 4244 3203 4316 βούλεσθαι
3235 4240 3408 4295 ποιεῖὸ
3430 4234 3603 4321 Θεὸς.θέ

2155 4314 2431 4414 θερμαίνει
2460 4342 2521 4395 τὸ
2544 4341 2656 4412 πῦρ
2676 4340 2756 4411 τῷ
2780 4314 2942 4402 εἶναι,
2976 4337 3093 4399 πῶς
3121 4336 3282 4397 αὑτὸς
3305 4333 3393 4403 μὲν
3413 4329 3498 4382 ἐστι
3514 4338 3550 4374 τε
3565 4314 3603 4367 κέ

2155 4436 2361 4490 ἁπλοῦν
2416 4440 2508 4489 καὶ
2568 4433 2857 4505 μονοειδὲς,
2886 4431 3159 4503 διαφόρων
3216 4429 3273 4483 δὲ
3327 4421 3489 4478 οὐσιῶν
3532 4416 3603 4465 im

2160 4532 2387 4601 ποιητής
2404 4548 2417 4593 ;

2166 4648 2542 4701 ἈΠΟΚΡΙΣΙΣ
2592 4642 2970 4697 ἙΛΛΗΝΙΚΗ
3010 4641 3189 4693 ΠΡΟΣ
3226 4636 3391 4690 ΤΟΥΣ
3422 4622 3604 4685 ΧΡΙΣῘΙᾹι

2840 4714 3040 4766 ΝΟΥΣ.

2228 4834 2342 4886 Οὑκ
2381 4832 2610 4900 οἰητέον,
2634 4830 2822 4898 ὥσπερ
2855 4830 2913 4879 ἐν
2947 4827 3077 4896 ἡμῖν
3120 4824 3249 4878 ἄλλο
3282 4823 3370 4893 μὲν
3407 4818 3492 4869 ἔστι

2158 4943 2264 4989 ναι,
2287 4924 2413 4979 ἄλλο
2440 4924 2497 4975 δὲ
2522 4922 2581 4973 τὸ
2615 4921 2916 4991 βούλεσθαι,
2937 4919 3083 4971 οὕτω
3115 4918 3207 4970 καὶ
3237 4918 3291 4968 ὲν
3318 4913 3386 4982 τῴ
3533 4907 3604 4991 αξη

2158 5016 2219 5067 τὸ
2249 4987 2380 5067 αὐτὸ
2421 4987 2677 5083 ἄντικρυς
2708 5012 2943 5081 ὑπάρχει
2975 5009 3037 5061 τὸ
3067 5003 3205 5059 εἶναι
3240 5002 3403 5058 καὶτὸ
3428 4987 3603 5067 βούλεσθε

2162 5113 2216 5162 ἐν
2235 5107 2312 5178 τῷ
2340 5106 2554 5175 Θεῷ.”0
2576 5107 2683 5175 γάρ
2717 5106 2850 5164 ἐστι,
2872 5104 2963 5154 καὶ
2994 5100 3239 5169 βούλεται
3259 5115 3270 5127 ⁸
3304 5095 3384 5147 καὶ

2163 5199 2305 5252 ἐστί·
2339 5199 2431 5250 καὶ
2461 5196 2685 5264 οὐδεμία
2722 5194 2981 5265 διαίρεσις
3012 5192 3105 5244 ἐπὶ
3134 5190 3226 5242 τοῦ
3255 5186 3393 5243 Θεοῦ,
3412 5180 3477 5233 διὰ
3498 5174 3533 5225 τί)
3552 5185 3601 5218 αν

2161 5293 2501 5362 τοπὰρακτον
2545 5286 2678 5341 εἶναι
2722 5288 2813 5339 τὸν
2859 5285 3183 5338 Θεόν.”Ωστε
3230 5281 3315 5332 καὶ
3342 5276 3421 5344 τὴν
3443 5271 3601 5330 διιῑρετῖδ

2164 5387 2254 5438 τοῦ
2298 5382 2435 5437 εἶναι
2482 5385 2616 5453 πρὸς
2661 5383 2720 5433 τὸ
2757 5380 3037 5450 βούλεσθαι
3076 5378 3168 5429 ἐπὶ
3203 5377 3291 5428 τοῦ
3327 5369 3437 5423 Θεοῦ
3462 5366 3601 5424 ἀπειξςιεο

2162 5569 2297 5622 tiam
2328 5583 2427 5620 sua
2466 5563 3258 5636 spontepclaramnper‘turbant.
3286 5629 3292 5636 ι
3340 5626 3348 5634 ι

2235 5616 2349 5707 (ἧοὶ
2364 5616 2704 5704 ’ἑῐὶἀῖλὶῆ
2724 5635 2832 5688 ἀεί.
2864 5616 2977 5707 Διιῇ
3002 5632 3207 5707 ﬁgenda
3228 5629 3317 5682 l'uit
3338 5616 3601 5707 ίηιιιηυρξξξῇ

2166 5686 2451 5795 ῃιιέἐνέυ-εἶί
2476 5686 2693 5795 dfeégsééi
2737 5686 2880 5785 59"“
2926 5700 2994 5755 κ’
3034 5686 3601 5795 ξιθιῖὴωἯψ

2166 5762 2279 5836 illi;
2302 5794 2468 5834 causa
2504 5779 2606 5831 fuit
2630 5762 2857 5834 erroris,
2891 5762 3318 5841 excepto-tamen
3355 5762 3533 5841 Gelenttt:

2163 5830 2267 5917 36f
2288 5830 2621 5919 ciiiiiéléiiii
2642 5830 3155 5917 interpretationem
3188 5845 3461 5913 prosecutus
3483 5830 3538 5879 est
