  <div class='ocr_page' id='page_1' title='image "/cluster/home/n/w/nwhite01/storage/ocr_20150623/6/hvd.32044019206606/722.png"; bbox 0 0 3638 6514; ppageno 0'>
   <div class='ocr_carea' id='block_1_1' title="bbox 70 436 189 490">
    <p class='ocr_par' dir='ltr' id='par_1_1' title="bbox 70 436 189 490">
     <span class='ocr_line' id='line_1_1' title="bbox 70 436 189 490; baseline -0.034 0"><span class='ocrx_word' id='word_1_1' title='bbox 70 438 87 490; x_wconf 86' lang='lat' dir='ltr'><strong>l</strong></span> <span class='ocrx_word' id='word_1_2' title='bbox 106 436 189 490; x_wconf 62' lang='grc' dir='ltr'>ιρι)</span> 
     </span>
    </p>
   </div>
   <div class='ocr_carea' id='block_1_2' title="bbox 955 429 2387 502">
    <p class='ocr_par' dir='ltr' id='par_1_2' title="bbox 955 429 2387 502">
     <span class='ocr_line' id='line_1_2' title="bbox 955 429 2387 502; baseline -0.002 -16"><span class='ocrx_word' id='word_1_3' title='bbox 955 430 1418 502; x_wconf 59' lang='grc' dir='ltr'><strong>ρυίΕΞΤΙΟΝΕΞ</strong></span> <span class='ocrx_word' id='word_1_4' title='bbox 1455 429 1905 488; x_wconf 67' lang='grc' dir='ltr'><strong>(ΞίΙῐὶΙὸΤΙΔΝίΕ</strong></span> <span class='ocrx_word' id='word_1_5' title='bbox 1943 431 2036 485; x_wconf 88' lang='lat' dir='ltr'><strong>AD</strong></span> <span class='ocrx_word' id='word_1_6' title='bbox 2067 431 2387 489; x_wconf 78' lang='lat' dir='ltr'><strong>GR/ECOS.</strong></span> 
     </span>
    </p>
   </div>
   <div class='ocr_carea' id='block_1_3' title="bbox 3153 403 3310 489">
    <p class='ocr_par' dir='ltr' id='par_1_3' title="bbox 3153 403 3310 489">
     <span class='ocr_line' id='line_1_3' title="bbox 3153 403 3310 489; baseline 0.006 -1"><span class='ocrx_word' id='word_1_7' title='bbox 3153 403 3310 489; x_wconf 69' lang='lat' dir='ltr'><strong>uso</strong></span> 
     </span>
    </p>
   </div>
   <div class='ocr_carea' id='block_1_4' title="bbox 73 547 1758 622">
    <p class='ocr_par' dir='ltr' id='par_1_4' title="bbox 73 547 1756 622">
     <span class='ocr_line' id='line_1_4' title="bbox 73 547 1756 622; baseline 0 -17"><span class='ocrx_word' id='word_1_8' title='bbox 73 552 226 606; x_wconf 74' lang='grc' dir='ltr'>ητέον.</span> <span class='ocrx_word' id='word_1_9' title='bbox 246 550 406 604; x_wconf 80' lang='grc' dir='ltr'>Ἀλλὰ</span> <span class='ocrx_word' id='word_1_10' title='bbox 451 551 554 622; x_wconf 86' lang='grc' dir='ltr'>μὴν</span> <span class='ocrx_word' id='word_1_11' title='bbox 599 550 703 604; x_wconf 80' lang='grc' dir='ltr'>οὐδ’</span> <span class='ocrx_word' id='word_1_12' title='bbox 735 551 905 615; x_wconf 77' lang='grc' dir='ltr'>οὕτως</span> <span class='ocrx_word' id='word_1_13' title='bbox 947 553 1038 606; x_wconf 83' lang='grc' dir='ltr'><strong>τὸν</strong></span> <span class='ocrx_word' id='word_1_14' title='bbox 1077 553 1210 606; x_wconf 80' lang='grc' dir='ltr'>Θεὸν</span> <span class='ocrx_word' id='word_1_15' title='bbox 1240 553 1301 605; x_wconf 77' lang='grc' dir='ltr'><strong>τὸ</strong></span> <span class='ocrx_word' id='word_1_16' title='bbox 1332 547 1472 605; x_wconf 79' lang='grc' dir='ltr'>εἶναι</span> <span class='ocrx_word' id='word_1_17' title='bbox 1506 551 1616 622; x_wconf 79' lang='grc'><strong>(7-1)</strong></span> <span class='ocrx_word' id='word_1_18' title='bbox 1649 558 1697 612; x_wconf 78' lang='grc' dir='ltr'><strong>Α</strong></span> <span class='ocrx_word' id='word_1_19' title='bbox 1727 567 1756 605; x_wconf 85' lang='lat' dir='ltr'><strong>e</strong></span> 
     </span>
    </p>
   </div>
   <div class='ocr_carea' id='block_1_5' title="bbox 1793 547 3312 622">
    <p class='ocr_par' dir='ltr' id='par_1_5' title="bbox 1793 547 3312 621">
     <span class='ocr_line' id='line_1_5' title="bbox 1793 547 3312 621; baseline -0.001 -16"><span class='ocrx_word' id='word_1_20' title='bbox 1793 559 1810 605; x_wconf 92' lang='lat' dir='ltr'><strong>t</strong></span> <span class='ocrx_word' id='word_1_21' title='bbox 1837 550 2015 606; x_wconf 86' lang='lat' dir='ltr'><strong>facere</strong></span> <span class='ocrx_word' id='word_1_22' title='bbox 2037 551 2224 606; x_wconf 81' lang='lat' dir='ltr'><strong>eodem</strong></span> <span class='ocrx_word' id='word_1_23' title='bbox 2248 552 2412 606; x_wconf 89' lang='lat' dir='ltr'><strong>modo</strong></span> <span class='ocrx_word' id='word_1_24' title='bbox 2439 565 2502 604; x_wconf 87' lang='lat' dir='ltr'><strong>ac</strong></span> <span class='ocrx_word' id='word_1_25' title='bbox 2533 551 2672 621; x_wconf 78' lang='lat' dir='ltr'><strong>ignis</strong></span> <span class='ocrx_word' id='word_1_26' title='bbox 2703 549 2972 604; x_wconf 77' lang='lat' dir='ltr'><strong>calefacit.</strong></span> <span class='ocrx_word' id='word_1_27' title='bbox 3004 547 3140 603; x_wconf 88' lang='lat' dir='ltr'><strong>Nam</strong></span> <span class='ocrx_word' id='word_1_28' title='bbox 3167 551 3312 621; x_wconf 79' lang='lat' dir='ltr'><strong>ignis</strong></span> 
     </span>
    </p>
   </div>
   <div class='ocr_carea' id='block_1_6' title="bbox 72 644 1616 722">
    <p class='ocr_par' dir='ltr' id='par_1_6' title="bbox 72 644 1616 722">
     <span class='ocr_line' id='line_1_6' title="bbox 72 644 1616 722; baseline 0.005 -22"><span class='ocrx_word' id='word_1_29' title='bbox 72 650 218 700; x_wconf 74' lang='grc' dir='ltr'>ποιεῖν</span> <span class='ocrx_word' id='word_1_30' title='bbox 245 644 532 698; x_wconf 73' lang='grc' dir='ltr'>ὑποθετέον</span> <span class='ocrx_word' id='word_1_31' title='bbox 562 645 638 709; x_wconf 84' lang='grc' dir='ltr'>ὡς</span> <span class='ocrx_word' id='word_1_32' title='bbox 667 645 729 698; x_wconf 80' lang='grc' dir='ltr'><strong>τὸ</strong></span> <span class='ocrx_word' id='word_1_33' title='bbox 759 645 869 717; x_wconf 98' lang='grc' dir='ltr'><strong>πῦρ</strong></span> <span class='ocrx_word' id='word_1_34' title='bbox 905 645 1205 718; x_wconf 85' lang='grc' dir='ltr'>θερμαίνει.</span> <span class='ocrx_word' id='word_1_35' title='bbox 1232 646 1315 722; x_wconf 36' lang='grc' dir='ltr'><strong>,Τὸ</strong></span> <span class='ocrx_word' id='word_1_36' title='bbox 1346 645 1454 717; x_wconf 87' lang='grc' dir='ltr'>γὰρ</span> <span class='ocrx_word' id='word_1_37' title='bbox 1487 644 1616 716; x_wconf 80' lang='grc' dir='ltr'>πῦρ,</span> 
     </span>
    </p>
   </div>
   <div class='ocr_carea' id='block_1_7' title="bbox 67 737 1620 811">
    <p class='ocr_par' dir='ltr' id='par_1_7' title="bbox 67 737 1620 811">
     <span class='ocr_line' id='line_1_7' title="bbox 67 737 1620 811; baseline 0.001 -20"><span class='ocrx_word' id='word_1_38' title='bbox 67 740 105 791; x_wconf 83' lang='grc' dir='ltr'><strong>εί</strong></span> <span class='ocrx_word' id='word_1_39' title='bbox 145 738 233 791; x_wconf 74' lang='grc' dir='ltr'><strong>καὶ</strong></span> <span class='ocrx_word' id='word_1_40' title='bbox 271 737 564 801; x_wconf 85' lang='grc' dir='ltr'>οὐσιωδῶς,</span> <span class='ocrx_word' id='word_1_41' title='bbox 593 737 706 791; x_wconf 83' lang='grc' dir='ltr'>ἀλλ’</span> <span class='ocrx_word' id='word_1_42' title='bbox 738 739 886 810; x_wconf 82' lang='grc' dir='ltr'>ὅμως</span> <span class='ocrx_word' id='word_1_43' title='bbox 935 738 1344 811; x_wconf 83' lang='grc' dir='ltr'>συμϐεϐηκυῖαν</span> <span class='ocrx_word' id='word_1_44' title='bbox 1382 739 1494 810; x_wconf 78' lang='grc' dir='ltr'>ἔχει</span> <span class='ocrx_word' id='word_1_45' title='bbox 1526 739 1620 811; x_wconf 80' lang='grc' dir='ltr'>τὴν</span> 
     </span>
    </p>
   </div>
   <div class='ocr_carea' id='block_1_8' title="bbox 63 827 1622 902">
    <p class='ocr_par' dir='ltr' id='par_1_8' title="bbox 63 827 1622 902">
     <span class='ocr_line' id='line_1_8' title="bbox 63 827 1622 902; baseline 0.003 -21"><span class='ocrx_word' id='word_1_46' title='bbox 63 827 388 900; x_wconf 78' lang='grc' dir='ltr'>θερμότητα’</span> <span class='ocrx_word' id='word_1_47' title='bbox 437 829 588 901; x_wconf 79' lang='grc' dir='ltr'>παρὰ</span> <span class='ocrx_word' id='word_1_48' title='bbox 631 830 689 883; x_wconf 87' lang='grc' dir='ltr'><strong>δὲ</strong></span> <span class='ocrx_word' id='word_1_49' title='bbox 733 830 812 902; x_wconf 82' lang='grc' dir='ltr'><strong>τῷ</strong></span> <span class='ocrx_word' id='word_1_50' title='bbox 857 829 978 902; x_wconf 80' lang='grc' dir='ltr'>θεῷ</span> <span class='ocrx_word' id='word_1_51' title='bbox 1017 832 1170 885; x_wconf 83' lang='grc' dir='ltr'>οὐδὲν</span> <span class='ocrx_word' id='word_1_52' title='bbox 1197 831 1321 885; x_wconf 76' lang='grc' dir='ltr'>οὔτε</span> <span class='ocrx_word' id='word_1_53' title='bbox 1350 831 1622 896; x_wconf 76' lang='grc' dir='ltr'>οὑσιωδῶς</span> 
     </span>
    </p>
   </div>
   <div class='ocr_carea' id='block_1_9' title="bbox 63 920 1620 996">
    <p class='ocr_par' dir='ltr' id='par_1_9' title="bbox 63 920 1620 996">
     <span class='ocr_line' id='line_1_9' title="bbox 63 920 1620 996; baseline 0.003 -22"><span class='ocrx_word' id='word_1_54' title='bbox 63 920 390 992; x_wconf 83' lang='grc' dir='ltr'>συμϐέϐηκεν</span> <span class='ocrx_word' id='word_1_55' title='bbox 419 921 540 975; x_wconf 73' lang='grc' dir='ltr'>οὔτε</span> <span class='ocrx_word' id='word_1_56' title='bbox 570 921 1009 996; x_wconf 86' lang='grc' dir='ltr'>συμϐεϐηκότως.</span> <span class='ocrx_word' id='word_1_57' title='bbox 1029 923 1181 977; x_wconf 79' lang='grc' dir='ltr'>Ἐπεὶ</span> <span class='ocrx_word' id='word_1_58' title='bbox 1195 920 1289 978; x_wconf 81' lang='grc' dir='ltr'><strong>οῦν</strong></span> <span class='ocrx_word' id='word_1_59' title='bbox 1311 924 1620 996; x_wconf 88' lang='grc' dir='ltr'>συμϐέϐηκε</span> 
     </span>
    </p>
   </div>
   <div class='ocr_carea' id='block_1_10' title="bbox 63 998 1622 1087">
    <p class='ocr_par' dir='ltr' id='par_1_10' title="bbox 63 998 1622 1087">
     <span class='ocr_line' id='line_1_10' title="bbox 63 998 1622 1087; baseline 0.004 -24"><span class='ocrx_word' id='word_1_60' title='bbox 63 1014 147 1082; x_wconf 73' lang='grc' dir='ltr'>μὲν</span> <span class='ocrx_word' id='word_1_61' title='bbox 173 1013 319 1083; x_wconf 80' lang='grc' dir='ltr'>αὑτῷ</span> <span class='ocrx_word' id='word_1_62' title='bbox 350 1015 522 1082; x_wconf 82' lang='grc' dir='ltr'>οὐδὲν,</span> <span class='ocrx_word' id='word_1_63' title='bbox 557 1015 617 1068; x_wconf 85' lang='grc' dir='ltr'>τὸ</span> <span class='ocrx_word' id='word_1_64' title='bbox 643 1015 699 1069; x_wconf 84' lang='grc' dir='ltr'><strong>δὲ</strong></span> <span class='ocrx_word' id='word_1_65' title='bbox 731 1013 869 1070; x_wconf 73' lang='grc' dir='ltr'>εἶναι</span> <span class='ocrx_word' id='word_1_66' title='bbox 897 1016 991 1070; x_wconf 69' lang='grc' dir='ltr'><strong>καὶ</strong></span> <span class='ocrx_word' id='word_1_67' title='bbox 1020 1016 1082 1069; x_wconf 82' lang='grc' dir='ltr'><strong>τὸ</strong></span> <span class='ocrx_word' id='word_1_68' title='bbox 1113 1016 1395 1087; x_wconf 79' lang='grc' dir='ltr'>βούλεσθαι</span> <span class='ocrx_word' id='word_1_69' title='bbox 1425 998 1622 1071; x_wconf 68' lang='grc' dir='ltr'>ταύτὸν</span> 
     </span>
    </p>
   </div>
   <div class='ocr_carea' id='block_1_11' title="bbox 63 1103 1624 1182">
    <p class='ocr_par' dir='ltr' id='par_1_11' title="bbox 63 1103 1624 1182">
     <span class='ocr_line' id='line_1_11' title="bbox 63 1103 1624 1182; baseline 0.005 -26"><span class='ocrx_word' id='word_1_70' title='bbox 63 1103 276 1175; x_wconf 77' lang='grc' dir='ltr'><strong>ὑπάρχει</strong></span> <span class='ocrx_word' id='word_1_71' title='bbox 304 1106 387 1176; x_wconf 84' lang='grc' dir='ltr'>τῷ</span> <span class='ocrx_word' id='word_1_72' title='bbox 415 1107 553 1178; x_wconf 83' lang='grc' dir='ltr'>Θεῷ,</span> <span class='ocrx_word' id='word_1_73' title='bbox 585 1108 788 1163; x_wconf 85' lang='grc' dir='ltr'>ἁπλοῦν</span> <span class='ocrx_word' id='word_1_74' title='bbox 808 1109 868 1163; x_wconf 83' lang='grc' dir='ltr'><strong>τέ</strong></span> <span class='ocrx_word' id='word_1_75' title='bbox 896 1111 1009 1164; x_wconf 78' lang='grc' dir='ltr'>ἐστι</span> <span class='ocrx_word' id='word_1_76' title='bbox 1040 1112 1134 1164; x_wconf 78' lang='grc' dir='ltr'><strong>καὶ</strong></span> <span class='ocrx_word' id='word_1_77' title='bbox 1159 1110 1449 1181; x_wconf 84' lang='grc' dir='ltr'>μονοειδὲς,</span> <span class='ocrx_word' id='word_1_78' title='bbox 1468 1128 1624 1182; x_wconf 88' lang='grc' dir='ltr'>ποιη-</span> 
     </span>
    </p>
   </div>
   <div class='ocr_carea' id='block_1_12' title="bbox 62 1197 1622 1276">
    <p class='ocr_par' dir='ltr' id='par_1_12' title="bbox 62 1197 1622 1276">
     <span class='ocr_line' id='line_1_12' title="bbox 62 1197 1622 1276; baseline 0.004 -28"><span class='ocrx_word' id='word_1_79' title='bbox 62 1198 194 1249; x_wconf 84' lang='grc' dir='ltr'>τικὸν</span> <span class='ocrx_word' id='word_1_80' title='bbox 218 1197 531 1270; x_wconf 81' lang='grc' dir='ltr'>ἀγεννήτως</span> <span class='ocrx_word' id='word_1_81' title='bbox 555 1200 662 1254; x_wconf 83' lang='grc' dir='ltr'>τῶν</span> <span class='ocrx_word' id='word_1_82' title='bbox 690 1201 876 1256; x_wconf 79' lang='grc' dir='ltr'>ὄντων.</span> <span class='ocrx_word' id='word_1_83' title='bbox 900 1204 1108 1275; x_wconf 84' lang='grc' dir='ltr'>’Ὠσπερ</span> <span class='ocrx_word' id='word_1_84' title='bbox 1139 1204 1247 1276; x_wconf 82' lang='grc' dir='ltr'>γὰρ</span> <span class='ocrx_word' id='word_1_85' title='bbox 1276 1205 1512 1276; x_wconf 84' lang='grc' dir='ltr'>ὁρῶμεν,</span> <span class='ocrx_word' id='word_1_86' title='bbox 1543 1205 1622 1258; x_wconf 81' lang='grc' dir='ltr'>ὅτι</span> 
     </span>
    </p>
   </div>
   <div class='ocr_carea' id='block_1_13' title="bbox 59 1288 1624 1369">
    <p class='ocr_par' dir='ltr' id='par_1_13' title="bbox 59 1288 1624 1369">
     <span class='ocr_line' id='line_1_13' title="bbox 59 1288 1624 1369; baseline 0.006 -27"><span class='ocrx_word' id='word_1_87' title='bbox 59 1291 117 1342; x_wconf 73' lang='grc' dir='ltr'>τὰ</span> <span class='ocrx_word' id='word_1_88' title='bbox 142 1293 393 1363; x_wconf 76' lang='grc' dir='ltr'>γεννητὰ,</span> <span class='ocrx_word' id='word_1_89' title='bbox 412 1288 523 1348; x_wconf 76' lang='grc' dir='ltr'>οἷον</span> <span class='ocrx_word' id='word_1_90' title='bbox 551 1295 836 1365; x_wconf 79' lang='grc' dir='ltr'>ἄνθρωπος</span> <span class='ocrx_word' id='word_1_91' title='bbox 880 1298 909 1350; x_wconf 85' lang='grc' dir='ltr'>ὁ</span> <span class='ocrx_word' id='word_1_92' title='bbox 938 1297 1083 1350; x_wconf 82' lang='grc' dir='ltr'>δεῖνα</span> <span class='ocrx_word' id='word_1_93' title='bbox 1112 1298 1369 1368; x_wconf 77' lang='grc' dir='ltr'>γεννητὸς</span> <span class='ocrx_word' id='word_1_94' title='bbox 1399 1299 1624 1369; x_wconf 84' lang='grc' dir='ltr'>γενόμε-</span> 
     </span>
    </p>
   </div>
   <div class='ocr_carea' id='block_1_14' title="bbox 61 1386 1622 1462">
    <p class='ocr_par' dir='ltr' id='par_1_14' title="bbox 61 1386 1622 1462">
     <span class='ocr_line' id='line_1_14' title="bbox 61 1386 1622 1462; baseline 0.006 -28"><span class='ocrx_word' id='word_1_95' title='bbox 61 1401 154 1446; x_wconf 86' lang='grc' dir='ltr'>νος,</span> <span class='ocrx_word' id='word_1_96' title='bbox 184 1386 444 1456; x_wconf 77' lang='grc' dir='ltr'>γεννητὸς</span> <span class='ocrx_word' id='word_1_97' title='bbox 477 1387 590 1456; x_wconf 75' lang='grc'>(72)</span> <span class='ocrx_word' id='word_1_98' title='bbox 620 1405 680 1441; x_wconf 88' lang='grc' dir='ltr'><strong>τε</strong></span> <span class='ocrx_word' id='word_1_99' title='bbox 701 1387 778 1441; x_wconf 83' lang='grc' dir='ltr'>ὧν</span> <span class='ocrx_word' id='word_1_100' title='bbox 804 1389 1037 1462; x_wconf 82' lang='grc' dir='ltr'>γεννητὰ</span> <span class='ocrx_word' id='word_1_101' title='bbox 1068 1392 1242 1444; x_wconf 82' lang='grc' dir='ltr'>ποιεῖ’</span> <span class='ocrx_word' id='word_1_102' title='bbox 1271 1391 1365 1444; x_wconf 82' lang='grc' dir='ltr'>καὶ</span> <span class='ocrx_word' id='word_1_103' title='bbox 1394 1391 1622 1444; x_wconf 79' lang='grc' dir='ltr'>καθόλου</span> 
     </span>
    </p>
   </div>
   <div class='ocr_carea' id='block_1_15' title="bbox 60 1476 1624 1556">
    <p class='ocr_par' dir='ltr' id='par_1_15' title="bbox 60 1476 1624 1556">
     <span class='ocr_line' id='line_1_15' title="bbox 60 1476 1624 1556; baseline 0.006 -28"><span class='ocrx_word' id='word_1_104' title='bbox 60 1476 116 1528; x_wconf 73' lang='grc' dir='ltr'>τὰ</span> <span class='ocrx_word' id='word_1_105' title='bbox 142 1479 372 1549; x_wconf 79' lang='grc' dir='ltr'>γεννητὰ</span> <span class='ocrx_word' id='word_1_106' title='bbox 394 1481 665 1552; x_wconf 85' lang='grc' dir='ltr'>γεννητῶς</span> <span class='ocrx_word' id='word_1_107' title='bbox 688 1483 976 1554; x_wconf 85' lang='grc' dir='ltr'>γενόμενα,</span> <span class='ocrx_word' id='word_1_108' title='bbox 997 1484 1240 1556; x_wconf 78' lang='grc' dir='ltr'><strong>γεννητὰ⁸</strong></span> <span class='ocrx_word' id='word_1_109' title='bbox 1264 1487 1425 1548; x_wconf 87' lang='grc' dir='ltr'>ποιεῖ,</span> <span class='ocrx_word' id='word_1_110' title='bbox 1454 1486 1547 1538; x_wconf 76' lang='grc' dir='ltr'>καὶ</span> <span class='ocrx_word' id='word_1_111' title='bbox 1567 1485 1624 1550; x_wconf 77' lang='grc' dir='ltr'>ἐξ</span> 
     </span>
    </p>
   </div>
   <div class='ocr_carea' id='block_1_16' title="bbox 62 1569 1624 1651">
    <p class='ocr_par' dir='ltr' id='par_1_16' title="bbox 62 1569 1624 1651">
     <span class='ocr_line' id='line_1_16' title="bbox 62 1569 1624 1651; baseline 0.008 -31"><span class='ocrx_word' id='word_1_112' title='bbox 62 1569 217 1622; x_wconf 77' lang='grc' dir='ltr'>αὑτῶν</span> <span class='ocrx_word' id='word_1_113' title='bbox 247 1575 422 1624; x_wconf 85' lang='grc' dir='ltr'><strong>ποιεῖ⁹</strong></span> <span class='ocrx_word' id='word_1_114' title='bbox 448 1574 540 1626; x_wconf 85' lang='grc' dir='ltr'><strong>τὸν</strong></span> <span class='ocrx_word' id='word_1_115' title='bbox 565 1575 726 1629; x_wconf 80' lang='grc' dir='ltr'>αὐτὸν</span> <span class='ocrx_word' id='word_1_116' title='bbox 755 1577 952 1648; x_wconf 85' lang='grc' dir='ltr'>τρόπον</span> <span class='ocrx_word' id='word_1_117' title='bbox 982 1578 1076 1631; x_wconf 77' lang='grc' dir='ltr'><strong>καὶ</strong></span> <span class='ocrx_word' id='word_1_118' title='bbox 1106 1578 1134 1630; x_wconf 84' lang='grc' dir='ltr'><strong>ό</strong></span> <span class='ocrx_word' id='word_1_119' title='bbox 1158 1577 1310 1643; x_wconf 82' lang='grc' dir='ltr'>Θεὸς,</span> <span class='ocrx_word' id='word_1_120' title='bbox 1335 1579 1624 1651; x_wconf 82' lang='grc' dir='ltr'>ἀγέννητος</span> 
     </span>
    </p>
   </div>
   <div class='ocr_carea' id='block_1_17' title="bbox 60 1661 1622 1741">
    <p class='ocr_par' dir='ltr' id='par_1_17' title="bbox 60 1661 1622 1741">
     <span class='ocr_line' id='line_1_17' title="bbox 60 1661 1622 1741; baseline 0.008 -29"><span class='ocrx_word' id='word_1_121' title='bbox 60 1661 140 1727; x_wconf 76' lang='grc' dir='ltr'><strong>ὢν,</strong></span> <span class='ocrx_word' id='word_1_122' title='bbox 166 1665 478 1737; x_wconf 78' lang='grc' dir='ltr'>ἀγεννήτως</span> <span class='ocrx_word' id='word_1_123' title='bbox 508 1671 649 1721; x_wconf 89' lang='grc' dir='ltr'>ποιεί</span> <span class='ocrx_word' id='word_1_124' title='bbox 680 1670 876 1736; x_wconf 82' lang='grc' dir='ltr'>πάντα,</span> <span class='ocrx_word' id='word_1_125' title='bbox 899 1671 959 1724; x_wconf 77' lang='grc' dir='ltr'><strong>οὐ</strong></span> <span class='ocrx_word' id='word_1_126' title='bbox 989 1670 1268 1741; x_wconf 88' lang='grc' dir='ltr'>γινόμενα,</span> <span class='ocrx_word' id='word_1_127' title='bbox 1299 1670 1434 1725; x_wconf 86' lang='grc' dir='ltr'>ἀλλὰ</span> <span class='ocrx_word' id='word_1_128' title='bbox 1468 1688 1622 1724; x_wconf 91' lang='grc' dir='ltr'>συνυ-</span> 
     </span>
    </p>
   </div>
   <div class='ocr_carea' id='block_1_18' title="bbox 61 1755 1623 1839">
    <p class='ocr_par' dir='ltr' id='par_1_18' title="bbox 61 1755 1623 1839">
     <span class='ocr_line' id='line_1_18' title="bbox 61 1755 1623 1839; baseline 0.008 -31"><span class='ocrx_word' id='word_1_129' title='bbox 61 1755 346 1828; x_wconf 72' lang='grc' dir='ltr'>φιστάμενα</span> <span class='ocrx_word' id='word_1_130' title='bbox 367 1775 380 1788; x_wconf 76' lang='grc' dir='ltr'><strong>ο</strong></span> <span class='ocrx_word' id='word_1_131' title='bbox 418 1760 528 1813; x_wconf 68' lang='grc' dir='ltr'>καὶ.</span> <span class='ocrx_word' id='word_1_132' title='bbox 557 1763 622 1832; x_wconf 84' lang='grc' dir='ltr'>τῇ</span> <span class='ocrx_word' id='word_1_133' title='bbox 675 1762 771 1832; x_wconf 85' lang='grc' dir='ltr'><strong>μὲν</strong></span> <span class='ocrx_word' id='word_1_134' title='bbox 811 1763 908 1834; x_wconf 84' lang='grc' dir='ltr'>τῆς</span> <span class='ocrx_word' id='word_1_135' title='bbox 939 1764 1222 1835; x_wconf 82' lang='grc' dir='ltr'>δυνάμεως</span> <span class='ocrx_word' id='word_1_136' title='bbox 1254 1767 1479 1839; x_wconf 81' lang='grc' dir='ltr'>ἀπειρίᾳ</span> <span class='ocrx_word' id='word_1_137' title='bbox 1505 1767 1623 1821; x_wconf 85' lang='grc' dir='ltr'>διά-</span> 
     </span>
    </p>
   </div>
   <div class='ocr_carea' id='block_1_19' title="bbox 60 1849 1619 1930">
    <p class='ocr_par' dir='ltr' id='par_1_19' title="bbox 60 1849 1619 1930">
     <span class='ocr_line' id='line_1_19' title="bbox 60 1849 1619 1930; baseline 0.009 -32"><span class='ocrx_word' id='word_1_138' title='bbox 60 1865 180 1918; x_wconf 73' lang='grc' dir='ltr'>φορα</span> <span class='ocrx_word' id='word_1_139' title='bbox 206 1852 368 1904; x_wconf 89' lang='grc' dir='ltr'>ποιεῖ.</span> <span class='ocrx_word' id='word_1_140' title='bbox 395 1849 488 1922; x_wconf 81' lang='grc' dir='ltr'><strong>Μὴ</strong></span> <span class='ocrx_word' id='word_1_141' title='bbox 518 1853 874 1926; x_wconf 81' lang='grc' dir='ltr'>προσέχωμεν</span> <span class='ocrx_word' id='word_1_142' title='bbox 897 1855 952 1909; x_wconf 81' lang='grc' dir='ltr'><strong>δὲ</strong></span> <span class='ocrx_word' id='word_1_143' title='bbox 978 1857 1068 1909; x_wconf 86' lang='grc' dir='ltr'><strong>τὸν</strong></span> <span class='ocrx_word' id='word_1_144' title='bbox 1089 1857 1221 1910; x_wconf 81' lang='grc' dir='ltr'>Θεὸν</span> <span class='ocrx_word' id='word_1_145' title='bbox 1240 1858 1619 1930; x_wconf 48' lang='grc' dir='ltr'>ἀνθρωπίνως</span> 
     </span>
    </p>
   </div>
   <div class='ocr_carea' id='block_1_20' title="bbox 60 1939 1620 2022">
    <p class='ocr_par' dir='ltr' id='par_1_20' title="bbox 60 1939 1620 2022">
     <span class='ocr_line' id='line_1_20' title="bbox 60 1939 1620 2022; baseline 0.01 -31"><span class='ocrx_word' id='word_1_146' title='bbox 60 1940 110 1991; x_wconf 79' lang='grc' dir='ltr'>οὺ</span> <span class='ocrx_word' id='word_1_147' title='bbox 161 1939 264 2010; x_wconf 82' lang='grc' dir='ltr'>γὰρ</span> <span class='ocrx_word' id='word_1_148' title='bbox 319 1940 515 2013; x_wconf 77' lang='grc' dir='ltr'>ὥσπερ</span> <span class='ocrx_word' id='word_1_149' title='bbox 559 1944 720 2014; x_wconf 79' lang='grc' dir='ltr'>ἡμεῖς</span> <span class='ocrx_word' id='word_1_150' title='bbox 768 1945 828 1998; x_wconf 81' lang='grc' dir='ltr'><strong>τὸ</strong></span> <span class='ocrx_word' id='word_1_151' title='bbox 878 1946 1142 2018; x_wconf 78' lang='grc' dir='ltr'>πρότερον</span> <span class='ocrx_word' id='word_1_152' title='bbox 1179 1947 1354 2013; x_wconf 80' lang='grc' dir='ltr'>ἄλλως</span> <span class='ocrx_word' id='word_1_153' title='bbox 1389 1951 1620 2022; x_wconf 77' lang='grc' dir='ltr'>ἔχοντες,</span> 
     </span>
    </p>
   </div>
   <div class='ocr_carea' id='block_1_21' title="bbox 61 2035 1664 2114">
    <p class='ocr_par' dir='ltr' id='par_1_21' title="bbox 61 2035 1664 2114">
     <span class='ocr_line' id='line_1_21' title="bbox 61 2035 1664 2114; baseline 0.008 -27"><span class='ocrx_word' id='word_1_154' title='bbox 61 2035 264 2109; x_wconf 74' lang='grc' dir='ltr'>ὕστερον</span> <span class='ocrx_word' id='word_1_155' title='bbox 321 2038 407 2101; x_wconf 85' lang='grc' dir='ltr'><strong>είς</strong></span> <span class='ocrx_word' id='word_1_156' title='bbox 453 2039 580 2092; x_wconf 78' lang='grc' dir='ltr'>ἄλλο</span> <span class='ocrx_word' id='word_1_157' title='bbox 629 2041 1053 2110; x_wconf 84' lang='grc' dir='ltr'>μεταϐάλλοντες</span> <span class='ocrx_word' id='word_1_158' title='bbox 1108 2041 1378 2114; x_wconf 84' lang='grc' dir='ltr'>λεγόμεθα</span> <span class='ocrx_word' id='word_1_159' title='bbox 1430 2051 1619 2108; x_wconf 79' lang='grc' dir='ltr'>ποιεῖν,</span> <span class='ocrx_word' id='word_1_160' title='bbox 1659 2073 1664 2077; x_wconf 90' lang='grc'>·</span> 
     </span>
    </p>
   </div>
   <div class='ocr_carea' id='block_1_22' title="bbox 61 2127 1622 2209">
    <p class='ocr_par' dir='ltr' id='par_1_22' title="bbox 61 2127 1622 2209">
     <span class='ocr_line' id='line_1_22' title="bbox 61 2127 1622 2209; baseline 0.008 -31"><span class='ocrx_word' id='word_1_161' title='bbox 61 2127 210 2191; x_wconf 69' lang='grc' dir='ltr'>οὕτως</span> <span class='ocrx_word' id='word_1_162' title='bbox 231 2129 324 2182; x_wconf 70' lang='grc' dir='ltr'><strong>καὶ</strong></span> <span class='ocrx_word' id='word_1_163' title='bbox 355 2128 386 2180; x_wconf 81' lang='grc' dir='ltr'><strong>ὁ</strong></span> <span class='ocrx_word' id='word_1_164' title='bbox 416 2129 551 2192; x_wconf 84' lang='grc' dir='ltr'>Θεὸς</span> <span class='ocrx_word' id='word_1_165' title='bbox 585 2134 758 2184; x_wconf 76' lang='grc' dir='ltr'>ποιεῖ’</span> <span class='ocrx_word' id='word_1_166' title='bbox 787 2131 922 2185; x_wconf 83' lang='grc' dir='ltr'>ἀλλὰ</span> <span class='ocrx_word' id='word_1_167' title='bbox 951 2133 1017 2185; x_wconf 76' lang='grc' dir='ltr'><strong>δι’</strong></span> <span class='ocrx_word' id='word_1_168' title='bbox 1049 2134 1285 2206; x_wconf 67' lang='grc' dir='ltr'>ἄρρητον</span> <span class='ocrx_word' id='word_1_169' title='bbox 1313 2136 1423 2207; x_wconf 78' lang='grc'><strong>(75)</strong></span> <span class='ocrx_word' id='word_1_170' title='bbox 1455 2139 1622 2209; x_wconf 80' lang='grc' dir='ltr'>ὑπερ-</span> 
     </span>
    </p>
   </div>
   <div class='ocr_carea' id='block_1_23' title="bbox 62 2218 1626 2294">
    <p class='ocr_par' dir='ltr' id='par_1_23' title="bbox 62 2218 1626 2294">
     <span class='ocr_line' id='line_1_23' title="bbox 62 2218 1626 2294; baseline 0.01 -27"><span class='ocrx_word' id='word_1_171' title='bbox 62 2218 336 2272; x_wconf 70' lang='grc' dir='ltr'>ϐάλλουσάν</span> <span class='ocrx_word' id='word_1_172' title='bbox 374 2237 439 2272; x_wconf 88' lang='grc' dir='ltr'><strong>τε</strong></span> <span class='ocrx_word' id='word_1_173' title='bbox 471 2219 699 2292; x_wconf 81' lang='grc' dir='ltr'>δύναμιν</span> <span class='ocrx_word' id='word_1_174' title='bbox 733 2223 975 2294; x_wconf 81' lang='grc' dir='ltr'>ἀχρόνως</span> <span class='ocrx_word' id='word_1_175' title='bbox 1005 2224 1173 2278; x_wconf 86' lang='grc' dir='ltr'>ποιῶν</span> <span class='ocrx_word' id='word_1_176' title='bbox 1205 2225 1404 2292; x_wconf 87' lang='grc' dir='ltr'>πάντα,</span> <span class='ocrx_word' id='word_1_177' title='bbox 1435 2229 1626 2282; x_wconf 85' lang='grc' dir='ltr'>τελειοῖ</span> 
     </span>
    </p>
   </div>
   <div class='ocr_carea' id='block_1_24' title="bbox 63 2310 1621 2384">
    <p class='ocr_par' dir='ltr' id='par_1_24' title="bbox 63 2310 1621 2384">
     <span class='ocr_line' id='line_1_24' title="bbox 63 2310 1621 2384; baseline 0.008 -22"><span class='ocrx_word' id='word_1_178' title='bbox 63 2310 240 2364; x_wconf 69' lang='grc' dir='ltr'>πάνταο</span> <span class='ocrx_word' id='word_1_179' title='bbox 272 2311 368 2365; x_wconf 60' lang='grc' dir='ltr'><strong>καλ⁹</strong></span> <span class='ocrx_word' id='word_1_180' title='bbox 402 2311 522 2383; x_wconf 77' lang='grc' dir='ltr'><strong>ἅμα</strong></span> <span class='ocrx_word' id='word_1_181' title='bbox 548 2313 628 2384; x_wconf 82' lang='grc' dir='ltr'>τῷ</span> <span class='ocrx_word' id='word_1_182' title='bbox 655 2315 817 2368; x_wconf 82' lang='grc' dir='ltr'>αὐτὸν</span> <span class='ocrx_word' id='word_1_183' title='bbox 839 2311 974 2368; x_wconf 71' lang='grc' dir='ltr'>εἶναι</span> <span class='ocrx_word' id='word_1_184' title='bbox 1009 2318 1101 2370; x_wconf 75' lang='grc' dir='ltr'>καὶ</span> <span class='ocrx_word' id='word_1_185' title='bbox 1130 2317 1198 2371; x_wconf 82' lang='grc' dir='ltr'>τὰ</span> <span class='ocrx_word' id='word_1_186' title='bbox 1228 2318 1355 2372; x_wconf 72' lang='grc' dir='ltr'>ὅντα</span> <span class='ocrx_word' id='word_1_187' title='bbox 1385 2325 1544 2382; x_wconf 77' lang='grc' dir='ltr'>ποιεῖ,</span> <span class='ocrx_word' id='word_1_188' title='bbox 1563 2328 1621 2380; x_wconf 67' lang='grc' dir='ltr'><strong>οὐ</strong></span> 
     </span>
    </p>
   </div>
   <div class='ocr_carea' id='block_1_25' title="bbox 62 2402 1624 2481">
    <p class='ocr_par' dir='ltr' id='par_1_25' title="bbox 62 2402 1624 2481">
     <span class='ocr_line' id='line_1_25' title="bbox 62 2402 1624 2481; baseline 0.009 -29"><span class='ocrx_word' id='word_1_189' title='bbox 62 2402 226 2470; x_wconf 78' lang='grc' dir='ltr'>χρείαν</span> <span class='ocrx_word' id='word_1_190' title='bbox 257 2403 399 2474; x_wconf 80' lang='grc' dir='ltr'><strong>ἔχων</strong></span> <span class='ocrx_word' id='word_1_191' title='bbox 435 2403 623 2475; x_wconf 83' lang='grc' dir='ltr'>ὥσπερ</span> <span class='ocrx_word' id='word_1_192' title='bbox 651 2407 809 2476; x_wconf 78' lang='grc' dir='ltr'>ἡμεῖς</span> <span class='ocrx_word' id='word_1_193' title='bbox 839 2407 900 2460; x_wconf 79' lang='grc' dir='ltr'>τὸ</span> <span class='ocrx_word' id='word_1_194' title='bbox 937 2409 1200 2481; x_wconf 87' lang='grc' dir='ltr'>πρότερον</span> <span class='ocrx_word' id='word_1_195' title='bbox 1229 2412 1500 2480; x_wconf 88' lang='grc' dir='ltr'>γενέσθαι,</span> <span class='ocrx_word' id='word_1_196' title='bbox 1533 2417 1624 2466; x_wconf 81' lang='grc' dir='ltr'><strong>καὶ</strong></span> 
     </span>
    </p>
   </div>
   <div class='ocr_carea' id='block_1_26' title="bbox 61 2492 1624 2573">
    <p class='ocr_par' dir='ltr' id='par_1_26' title="bbox 61 2492 1624 2573">
     <span class='ocr_line' id='line_1_26' title="bbox 61 2492 1624 2573; baseline 0.009 -32"><span class='ocrx_word' id='word_1_197' title='bbox 61 2492 406 2566; x_wconf 77' lang='grc' dir='ltr'>τελειωθῆναι,</span> <span class='ocrx_word' id='word_1_198' title='bbox 443 2496 537 2549; x_wconf 73' lang='grc' dir='ltr'>καὶ</span> <span class='ocrx_word' id='word_1_199' title='bbox 568 2495 743 2560; x_wconf 72' lang='grc' dir='ltr'>οὕτως</span> <span class='ocrx_word' id='word_1_200' title='bbox 775 2498 996 2569; x_wconf 83' lang='grc' dir='ltr'>ποιῆσαι</span> <span class='ocrx_word' id='word_1_201' title='bbox 1044 2501 1106 2553; x_wconf 84' lang='grc' dir='ltr'><strong>τὸ</strong></span> <span class='ocrx_word' id='word_1_202' title='bbox 1156 2500 1401 2573; x_wconf 73' lang='grc' dir='ltr'>ὕστερον,</span> <span class='ocrx_word' id='word_1_203' title='bbox 1432 2503 1519 2556; x_wconf 75' lang='grc' dir='ltr'>διὰ</span> <span class='ocrx_word' id='word_1_204' title='bbox 1564 2504 1624 2555; x_wconf 73' lang='grc' dir='ltr'>τὸ</span> 
     </span>
    </p>
   </div>
   <div class='ocr_carea' id='block_1_27' title="bbox 65 2581 1623 2663">
    <p class='ocr_par' dir='ltr' id='par_1_27' title="bbox 65 2581 1623 2663">
     <span class='ocr_line' id='line_1_27' title="bbox 65 2581 1623 2663; baseline 0.006 -28"><span class='ocrx_word' id='word_1_205' title='bbox 65 2583 203 2652; x_wconf 78' lang='grc' dir='ltr'>μηδὲν</span> <span class='ocrx_word' id='word_1_206' title='bbox 243 2581 384 2638; x_wconf 75' lang='grc' dir='ltr'>εἶναι</span> <span class='ocrx_word' id='word_1_207' title='bbox 428 2587 486 2639; x_wconf 85' lang='grc' dir='ltr'>ὲν</span> <span class='ocrx_word' id='word_1_208' title='bbox 530 2586 678 2658; x_wconf 83' lang='grc' dir='ltr'>αὐτῷ</span> <span class='ocrx_word' id='word_1_209' title='bbox 714 2588 974 2660; x_wconf 84' lang='grc' dir='ltr'>πρότερον</span> <span class='ocrx_word' id='word_1_210' title='bbox 1001 2591 1092 2643; x_wconf 78' lang='grc' dir='ltr'>καὶ</span> <span class='ocrx_word' id='word_1_211' title='bbox 1120 2589 1623 2663; x_wconf 76' lang='grc' dir='ltr'>ῦστερον.ὐρῶμεν</span> 
     </span>
    </p>
   </div>
   <div class='ocr_carea' id='block_1_28' title="bbox 62 2668 1623 2750">
    <p class='ocr_par' dir='ltr' id='par_1_28' title="bbox 62 2668 1623 2750">
     <span class='ocr_line' id='line_1_28' title="bbox 62 2668 1623 2750; baseline 0.008 -26"><span class='ocrx_word' id='word_1_212' title='bbox 62 2668 135 2723; x_wconf 76' lang='grc' dir='ltr'><strong>οὖν</strong></span> <span class='ocrx_word' id='word_1_213' title='bbox 182 2675 272 2727; x_wconf 57' lang='grc' dir='ltr'><strong>καὶ⁵</strong></span> <span class='ocrx_word' id='word_1_214' title='bbox 320 2673 423 2745; x_wconf 81' lang='grc' dir='ltr'>τὴν</span> <span class='ocrx_word' id='word_1_215' title='bbox 485 2675 650 2744; x_wconf 84' lang='grc' dir='ltr'>φύσιν</span> <span class='ocrx_word' id='word_1_216' title='bbox 698 2677 848 2748; x_wconf 86' lang='grc' dir='ltr'>αὐτῷ</span> <span class='ocrx_word' id='word_1_217' title='bbox 890 2679 968 2750; x_wconf 84' lang='grc' dir='ltr'>τῷ</span> <span class='ocrx_word' id='word_1_218' title='bbox 1020 2677 1156 2732; x_wconf 80' lang='grc' dir='ltr'>εἶναι</span> <span class='ocrx_word' id='word_1_219' title='bbox 1210 2681 1486 2748; x_wconf 76' lang='grc' dir='ltr'>ποιοῦσαν,</span> <span class='ocrx_word' id='word_1_220' title='bbox 1533 2685 1623 2736; x_wconf 73' lang='grc' dir='ltr'><strong>καὶ</strong></span> 
     </span>
    </p>
   </div>
   <div class='ocr_carea' id='block_1_29' title="bbox 65 2765 1622 2848">
    <p class='ocr_par' dir='ltr' id='par_1_29' title="bbox 65 2765 1622 2848">
     <span class='ocr_line' id='line_1_29' title="bbox 65 2765 1622 2848; baseline 0.009 -31"><span class='ocrx_word' id='word_1_221' title='bbox 65 2765 228 2836; x_wconf 83' lang='grc' dir='ltr'>ἁθρόον</span> <span class='ocrx_word' id='word_1_222' title='bbox 268 2769 356 2821; x_wconf 80' lang='grc' dir='ltr'><strong>ἀεὶ</strong></span> <span class='ocrx_word' id='word_1_223' title='bbox 397 2769 500 2841; x_wconf 86' lang='grc' dir='ltr'><strong>τὴν</strong></span> <span class='ocrx_word' id='word_1_224' title='bbox 543 2772 846 2844; x_wconf 79' lang='grc' dir='ltr'>μεταϐολὴν</span> <span class='ocrx_word' id='word_1_225' title='bbox 876 2774 1277 2846; x_wconf 78' lang='grc' dir='ltr'>ἐργαζομένην·</span> <span class='ocrx_word' id='word_1_226' title='bbox 1311 2776 1498 2848; x_wconf 80' lang='grc' dir='ltr'>ὥσπερ</span> <span class='ocrx_word' id='word_1_227' title='bbox 1531 2781 1622 2831; x_wconf 76' lang='grc' dir='ltr'><strong>καὶ</strong></span> 
     </span>
    </p>
   </div>
   <div class='ocr_carea' id='block_1_30' title="bbox 65 2858 1623 2944">
    <p class='ocr_par' dir='ltr' id='par_1_30' title="bbox 65 2858 1623 2944">
     <span class='ocr_line' id='line_1_30' title="bbox 65 2858 1623 2944; baseline 0.012 -36"><span class='ocrx_word' id='word_1_228' title='bbox 65 2858 137 2910; x_wconf 81' lang='grc' dir='ltr'>ἐπὶ</span> <span class='ocrx_word' id='word_1_229' title='bbox 183 2861 275 2932; x_wconf 80' lang='grc' dir='ltr'>τῆς</span> <span class='ocrx_word' id='word_1_230' title='bbox 329 2862 552 2932; x_wconf 82' lang='grc' dir='ltr'>πήξεως</span> <span class='ocrx_word' id='word_1_231' title='bbox 605 2865 699 2917; x_wconf 89' lang='grc' dir='ltr'><strong>τοῦ</strong></span> <span class='ocrx_word' id='word_1_232' title='bbox 753 2866 1020 2934; x_wconf 78' lang='grc' dir='ltr'>γάλακτος</span> <span class='ocrx_word' id='word_1_233' title='bbox 1068 2869 1278 2939; x_wconf 78' lang='grc' dir='ltr'>ἀθρόως</span> <span class='ocrx_word' id='word_1_234' title='bbox 1320 2872 1416 2942; x_wconf 81' lang='grc' dir='ltr'><strong>τὴν</strong></span> <span class='ocrx_word' id='word_1_235' title='bbox 1465 2874 1623 2944; x_wconf 75' lang='grc' dir='ltr'>πῆξιν</span> 
     </span>
    </p>
   </div>
   <div class='ocr_carea' id='block_1_31' title="bbox 65 2952 1623 3036">
    <p class='ocr_par' dir='ltr' id='par_1_31' title="bbox 65 2952 1623 3036">
     <span class='ocr_line' id='line_1_31' title="bbox 65 2952 1623 3036; baseline 0.012 -33"><span class='ocrx_word' id='word_1_236' title='bbox 65 2952 283 3023; x_wconf 77' lang='grc' dir='ltr'>Θεώμεοα</span> <span class='ocrx_word' id='word_1_237' title='bbox 328 2959 779 3029; x_wconf 81' lang='grc' dir='ltr'>παραγινομένην</span> <span class='ocrx_word' id='word_1_238' title='bbox 825 2961 901 3030; x_wconf 84' lang='grc' dir='ltr'>τῷ</span> <span class='ocrx_word' id='word_1_239' title='bbox 942 2962 1189 3029; x_wconf 85' lang='grc' dir='ltr'>γάλακτι.</span> <span class='ocrx_word' id='word_1_240' title='bbox 1223 2964 1408 3036; x_wconf 86' lang='grc' dir='ltr'>Πολλῷ</span> <span class='ocrx_word' id='word_1_241' title='bbox 1446 2969 1623 3020; x_wconf 80' lang='grc' dir='ltr'>τοίνυν</span> 
     </span>
    </p>
   </div>
   <div class='ocr_carea' id='block_1_32' title="bbox 65 3047 1622 3129">
    <p class='ocr_par' dir='ltr' id='par_1_32' title="bbox 65 3047 1622 3129">
     <span class='ocr_line' id='line_1_32' title="bbox 65 3047 1622 3129; baseline 0.013 -33"><span class='ocrx_word' id='word_1_242' title='bbox 65 3047 135 3098; x_wconf 75' lang='grc' dir='ltr'><strong>τὸν</strong></span> <span class='ocrx_word' id='word_1_243' title='bbox 160 3047 284 3101; x_wconf 80' lang='grc' dir='ltr'>Θεὸν</span> <span class='ocrx_word' id='word_1_244' title='bbox 315 3050 522 3120; x_wconf 73' lang='grc' dir='ltr'>μᾶλλον</span> <span class='ocrx_word' id='word_1_245' title='bbox 552 3051 763 3122; x_wconf 77' lang='grc' dir='ltr'>οἰητέον</span> <span class='ocrx_word' id='word_1_246' title='bbox 796 3053 1007 3125; x_wconf 78' lang='grc' dir='ltr'>ἀθρόως</span> <span class='ocrx_word' id='word_1_247' title='bbox 1039 3057 1133 3108; x_wconf 81' lang='grc' dir='ltr'><strong>καὶ</strong></span> <span class='ocrx_word' id='word_1_248' title='bbox 1161 3057 1403 3129; x_wconf 84' lang='grc' dir='ltr'>ἀχρόνως</span> <span class='ocrx_word' id='word_1_249' title='bbox 1449 3063 1622 3116; x_wconf 82' lang='grc' dir='ltr'>πάντα</span> 
     </span>
    </p>
   </div>
   <div class='ocr_carea' id='block_1_33' title="bbox 70 3139 1623 3220">
    <p class='ocr_par' dir='ltr' id='par_1_33' title="bbox 70 3139 1623 3220">
     <span class='ocr_line' id='line_1_33' title="bbox 70 3139 1623 3220; baseline 0.011 -33"><span class='ocrx_word' id='word_1_250' title='bbox 70 3140 227 3200; x_wconf 78' lang='grc' dir='ltr'>ποιεῖν,</span> <span class='ocrx_word' id='word_1_251' title='bbox 256 3139 422 3217; x_wconf 43' lang='lat' dir='ltr'><strong>auria;</strong></span> <span class='ocrx_word' id='word_1_252' title='bbox 469 3140 570 3210; x_wconf 81' lang='grc' dir='ltr'><strong>μὲν</strong></span> <span class='ocrx_word' id='word_1_253' title='bbox 605 3141 733 3194; x_wconf 76' lang='grc' dir='ltr'>ὅντα</span> <span class='ocrx_word' id='word_1_254' title='bbox 777 3143 854 3206; x_wconf 81' lang='grc' dir='ltr'>ἓν,</span> <span class='ocrx_word' id='word_1_255' title='bbox 888 3147 952 3215; x_wconf 84' lang='grc' dir='ltr'>τῇ</span> <span class='ocrx_word' id='word_1_256' title='bbox 992 3145 1047 3198; x_wconf 86' lang='grc' dir='ltr'><strong>δὲ</strong></span> <span class='ocrx_word' id='word_1_257' title='bbox 1087 3147 1312 3219; x_wconf 71' lang='grc' dir='ltr'>ἀπειρίᾳ</span> <span class='ocrx_word' id='word_1_258' title='bbox 1340 3149 1438 3220; x_wconf 85' lang='grc' dir='ltr'>τῆς</span> <span class='ocrx_word' id='word_1_259' title='bbox 1466 3151 1623 3207; x_wconf 79' lang='grc' dir='ltr'>δυνά-</span> 
     </span>
    </p>
   </div>
   <div class='ocr_carea' id='block_1_34' title="bbox 68 3229 1692 3310">
    <p class='ocr_par' dir='ltr' id='par_1_34' title="bbox 68 3229 1692 3310">
     <span class='ocr_line' id='line_1_34' title="bbox 68 3229 1692 3310; baseline 0.01 -31"><span class='ocrx_word' id='word_1_260' title='bbox 68 3242 184 3292; x_wconf 81' lang='grc' dir='ltr'>μεως</span> <span class='ocrx_word' id='word_1_261' title='bbox 210 3229 273 3282; x_wconf 76' lang='grc' dir='ltr'>τὰ</span> <span class='ocrx_word' id='word_1_262' title='bbox 301 3231 542 3302; x_wconf 69' lang='grc' dir='ltr'>διάφορα</span> <span class='ocrx_word' id='word_1_263' title='bbox 571 3233 904 3304; x_wconf 83' lang='grc' dir='ltr'>παράγοντα,</span> <span class='ocrx_word' id='word_1_264' title='bbox 938 3239 1030 3290; x_wconf 83' lang='grc' dir='ltr'><strong>καὶ</strong></span> <span class='ocrx_word' id='word_1_265' title='bbox 1059 3238 1196 3292; x_wconf 79' lang='grc' dir='ltr'>αὐτὰ</span> <span class='ocrx_word' id='word_1_266' title='bbox 1224 3241 1501 3306; x_wconf 82' lang='grc' dir='ltr'>παντελῶς</span> <span class='ocrx_word' id='word_1_267' title='bbox 1528 3245 1621 3295; x_wconf 78' lang='grc' dir='ltr'><strong>αὺ-</strong></span> <span class='ocrx_word' id='word_1_268' title='bbox 1651 3255 1692 3310; x_wconf 81' lang='lat' dir='ltr'>c</span> 
     </span>
    </p>
   </div>
   <div class='ocr_carea' id='block_1_35' title="bbox 68 3321 752 3396">
    <p class='ocr_par' dir='ltr' id='par_1_35' title="bbox 68 3321 752 3396">
     <span class='ocr_line' id='line_1_35' title="bbox 68 3321 752 3396; baseline 0.015 -27"><span class='ocrx_word' id='word_1_269' title='bbox 68 3321 352 3391; x_wconf 79' lang='grc' dir='ltr'>τοπάρακτα</span> <span class='ocrx_word' id='word_1_270' title='bbox 386 3328 752 3396; x_wconf 78' lang='grc' dir='ltr'>τυγχάνοντα.</span> 
     </span>
    </p>
   </div>
   <div class='ocr_carea' id='block_1_36' title="bbox 125 3435 1553 3502">
    <p class='ocr_par' dir='ltr' id='par_1_36' title="bbox 125 3435 1553 3502">
     <span class='ocr_line' id='line_1_36' title="bbox 125 3435 1553 3502; baseline 0.013 -17"><span class='ocrx_word' id='word_1_271' title='bbox 125 3435 444 3490; x_wconf 80' lang='grc' dir='ltr'><strong>ἜΛΕΓΧΟΣ</strong></span> <span class='ocrx_word' id='word_1_272' title='bbox 483 3437 623 3490; x_wconf 84' lang='grc' dir='ltr'><strong>ΤΗΣ</strong></span> <span class='ocrx_word' id='word_1_273' title='bbox 664 3438 1110 3495; x_wconf 81' lang='grc' dir='ltr'><strong>ἈΠΟΚΡΙΣΕΩΣ</strong></span> <span class='ocrx_word' id='word_1_274' title='bbox 1149 3446 1292 3501; x_wconf 82' lang='grc' dir='ltr'><strong>ΟΥΚ</strong></span> <span class='ocrx_word' id='word_1_275' title='bbox 1323 3448 1553 3502; x_wconf 79' lang='grc' dir='ltr'>ὈΡΘΩΣ</span> 
     </span>
    </p>
   </div>
   <div class='ocr_carea' id='block_1_37' title="bbox 563 3507 1098 3568">
    <p class='ocr_par' dir='ltr' id='par_1_37' title="bbox 563 3507 1098 3568">
     <span class='ocr_line' id='line_1_37' title="bbox 563 3507 1098 3568; baseline 0.017 -10"><span class='ocrx_word' id='word_1_276' title='bbox 563 3507 1098 3568; x_wconf 80' lang='grc' dir='ltr'><strong>ΓΕΓΕΝΗΜΕΝΗΣ.</strong></span> 
     </span>
    </p>
   </div>
   <div class='ocr_carea' id='block_1_38' title="bbox 129 3613 1624 3704">
    <p class='ocr_par' dir='ltr' id='par_1_38' title="bbox 129 3613 1624 3704">
     <span class='ocr_line' id='line_1_38' title="bbox 129 3613 1624 3704; baseline 0.014 -36"><span class='ocrx_word' id='word_1_277' title='bbox 129 3613 165 3668; x_wconf 93' lang='grc' dir='ltr'><strong>Ι.</strong></span> <span class='ocrx_word' id='word_1_278' title='bbox 207 3619 320 3671; x_wconf 75' lang='grc' dir='ltr'><strong>Οὐκ</strong></span> <span class='ocrx_word' id='word_1_279' title='bbox 345 3620 611 3687; x_wconf 72' lang='grc' dir='ltr'>οἰητέον,</span> <span class='ocrx_word' id='word_1_280' title='bbox 637 3623 821 3691; x_wconf 63' lang='grc' dir='ltr'>φησιν,</span> <span class='ocrx_word' id='word_1_281' title='bbox 843 3622 1044 3694; x_wconf 83' lang='grc' dir='ltr'>ὥσπερ</span> <span class='ocrx_word' id='word_1_282' title='bbox 1068 3628 1138 3681; x_wconf 76' lang='grc' dir='ltr'><strong>ἐν</strong></span> <span class='ocrx_word' id='word_1_283' title='bbox 1164 3630 1306 3698; x_wconf 71' lang='grc' dir='ltr'><strong>ἡμῖν</strong></span> <span class='ocrx_word' id='word_1_284' title='bbox 1332 3633 1486 3687; x_wconf 65' lang='grc' dir='ltr'><em>ἄλλο</em></span> <span class='ocrx_word' id='word_1_285' title='bbox 1509 3636 1624 3704; x_wconf 78' lang='grc' dir='ltr'><strong>μὲν</strong></span> 
     </span>
    </p>
   </div>
   <div class='ocr_carea' id='block_1_39' title="bbox 66 3707 1622 3794">
    <p class='ocr_par' dir='ltr' id='par_1_39' title="bbox 66 3707 1622 3794">
     <span class='ocr_line' id='line_1_39' title="bbox 66 3707 1622 3794; baseline 0.016 -36"><span class='ocrx_word' id='word_1_286' title='bbox 66 3707 170 3758; x_wconf 71' lang='grc' dir='ltr'>ἔστι</span> <span class='ocrx_word' id='word_1_287' title='bbox 206 3709 266 3762; x_wconf 82' lang='grc' dir='ltr'>τὸ</span> <span class='ocrx_word' id='word_1_288' title='bbox 305 3712 484 3776; x_wconf 76' lang='grc' dir='ltr'>εἶναι,</span> <span class='ocrx_word' id='word_1_289' title='bbox 516 3712 672 3767; x_wconf 71' lang='grc' dir='ltr'><strong>ἄλλο</strong></span> <span class='ocrx_word' id='word_1_290' title='bbox 697 3714 764 3768; x_wconf 86' lang='grc' dir='ltr'>δέ</span> <span class='ocrx_word' id='word_1_291' title='bbox 791 3716 924 3771; x_wconf 82' lang='grc' dir='ltr'>ἐστι</span> <span class='ocrx_word' id='word_1_292' title='bbox 954 3719 1019 3772; x_wconf 82' lang='grc' dir='ltr'>τὸ</span> <span class='ocrx_word' id='word_1_293' title='bbox 1043 3721 1401 3788; x_wconf 75' lang='grc' dir='ltr'>βούλεσθαι,</span> <span class='ocrx_word' id='word_1_294' title='bbox 1437 3728 1622 3794; x_wconf 77' lang='grc' dir='ltr'>οὕτως</span> 
     </span>
    </p>
   </div>
   <div class='ocr_carea' id='block_1_40' title="bbox 67 3797 1622 3875">
    <p class='ocr_par' dir='ltr' id='par_1_40' title="bbox 67 3797 1622 3875">
     <span class='ocr_line' id='line_1_40' title="bbox 67 3797 1622 3875; baseline 0.017 -29"><span class='ocrx_word' id='word_1_295' title='bbox 67 3797 142 3847; x_wconf 72' lang='grc' dir='ltr'><strong>καὶ</strong></span> <span class='ocrx_word' id='word_1_296' title='bbox 184 3797 246 3850; x_wconf 77' lang='grc' dir='ltr'><strong>ἐν</strong></span> <span class='ocrx_word' id='word_1_297' title='bbox 288 3800 366 3865; x_wconf 84' lang='grc' dir='ltr'>τῷ</span> <span class='ocrx_word' id='word_1_298' title='bbox 408 3800 627 3866; x_wconf 84' lang='grc' dir='ltr'>Θεῷ.Ὂ</span> <span class='ocrx_word' id='word_1_299' title='bbox 665 3803 776 3873; x_wconf 78' lang='grc' dir='ltr'>γάρ</span> <span class='ocrx_word' id='word_1_300' title='bbox 815 3806 964 3872; x_wconf 86' lang='grc' dir='ltr'>ἐστι,</span> <span class='ocrx_word' id='word_1_301' title='bbox 991 3811 1088 3864; x_wconf 80' lang='grc' dir='ltr'>καὶ</span> <span class='ocrx_word' id='word_1_302' title='bbox 1111 3813 1434 3875; x_wconf 79' lang='grc' dir='ltr'>βούλεται·</span> <span class='ocrx_word' id='word_1_303' title='bbox 1467 3821 1560 3872; x_wconf 78' lang='grc' dir='ltr'>καὶ</span> <span class='ocrx_word' id='word_1_304' title='bbox 1592 3821 1622 3872; x_wconf 83' lang='grc' dir='ltr'><em>ὃ</em></span> 
     </span>
    </p>
   </div>
   <div class='ocr_carea' id='block_1_41' title="bbox 61 3891 1624 3976">
    <p class='ocr_par' dir='ltr' id='par_1_41' title="bbox 61 3891 1624 3976">
     <span class='ocr_line' id='line_1_41' title="bbox 61 3891 1624 3976; baseline 0.017 -34"><span class='ocrx_word' id='word_1_305' title='bbox 61 3891 335 3959; x_wconf 70' lang='grc' dir='ltr'>βούλεται,</span> <span class='ocrx_word' id='word_1_306' title='bbox 374 3895 546 3948; x_wconf 81' lang='grc' dir='ltr'>ἐστί’</span> <span class='ocrx_word' id='word_1_307' title='bbox 607 3899 704 3951; x_wconf 78' lang='grc' dir='ltr'>καὶ</span> <span class='ocrx_word' id='word_1_308' title='bbox 752 3900 997 3971; x_wconf 81' lang='grc' dir='ltr'>οὐδεμία</span> <span class='ocrx_word' id='word_1_309' title='bbox 1045 3904 1332 3976; x_wconf 79' lang='grc' dir='ltr'>διαίρεσις</span> <span class='ocrx_word' id='word_1_310' title='bbox 1379 3911 1474 3964; x_wconf 80' lang='grc' dir='ltr'><strong>ἐπὶ</strong></span> <span class='ocrx_word' id='word_1_311' title='bbox 1518 3915 1624 3968; x_wconf 81' lang='grc' dir='ltr'><strong>τοῦ</strong></span> 
     </span>
    </p>
   </div>
   <div class='ocr_carea' id='block_1_42' title="bbox 67 3986 1625 4061">
    <p class='ocr_par' dir='ltr' id='par_1_42' title="bbox 67 3986 1625 4061">
     <span class='ocr_line' id='line_1_42' title="bbox 67 3986 1625 4061; baseline 0.017 -27"><span class='ocrx_word' id='word_1_312' title='bbox 67 3986 208 4050; x_wconf 84' lang='grc' dir='ltr'>Θεοῦ,</span> <span class='ocrx_word' id='word_1_313' title='bbox 234 3987 328 4044; x_wconf 76' lang='grc' dir='ltr'><strong>διὰ</strong></span> <span class='ocrx_word' id='word_1_314' title='bbox 354 3989 422 4042; x_wconf 85' lang='grc' dir='ltr'>τὸ</span> <span class='ocrx_word' id='word_1_315' title='bbox 448 3991 907 4060; x_wconf 79' lang='grc' dir='ltr'>αὐτοπάρακτον</span> <span class='ocrx_word' id='word_1_316' title='bbox 929 3993 1081 4052; x_wconf 75' lang='grc' dir='ltr'>εἶναι</span> <span class='ocrx_word' id='word_1_317' title='bbox 1108 4001 1214 4053; x_wconf 79' lang='grc' dir='ltr'><strong>τὸν</strong></span> <span class='ocrx_word' id='word_1_318' title='bbox 1248 4006 1414 4058; x_wconf 85' lang='grc' dir='ltr'>Θεόν.</span> <span class='ocrx_word' id='word_1_319' title='bbox 1443 4006 1625 4061; x_wconf 85' lang='grc' dir='ltr'>Ὥστε</span> 
     </span>
    </p>
   </div>
   <div class='ocr_carea' id='block_1_43' title="bbox 67 4075 1623 4158">
    <p class='ocr_par' dir='ltr' id='par_1_43' title="bbox 67 4075 1623 4158">
     <span class='ocr_line' id='line_1_43' title="bbox 67 4075 1623 4158; baseline 0.016 -32"><span class='ocrx_word' id='word_1_320' title='bbox 67 4075 158 4144; x_wconf 72' lang='grc' dir='ltr'><strong>τὴν</strong></span> <span class='ocrx_word' id='word_1_321' title='bbox 189 4079 484 4150; x_wconf 62' lang='grc' dir='ltr'>διαίρεσιν</span> <span class='ocrx_word' id='word_1_322' title='bbox 517 4082 636 4151; x_wconf 78' lang='grc' dir='ltr'><strong>τὴν</strong></span> <span class='ocrx_word' id='word_1_323' title='bbox 664 4085 771 4140; x_wconf 85' lang='grc' dir='ltr'><strong>τοῦ</strong></span> <span class='ocrx_word' id='word_1_324' title='bbox 808 4083 958 4142; x_wconf 78' lang='grc' dir='ltr'>εἶναι</span> <span class='ocrx_word' id='word_1_325' title='bbox 996 4090 1147 4158; x_wconf 80' lang='grc' dir='ltr'>πρὸς</span> <span class='ocrx_word' id='word_1_326' title='bbox 1182 4092 1248 4146; x_wconf 81' lang='grc' dir='ltr'><strong>τό</strong></span> <span class='ocrx_word' id='word_1_327' title='bbox 1289 4096 1623 4158; x_wconf 76' lang='grc' dir='ltr'>,βούλεσθαι</span> 
     </span>
    </p>
   </div>
   <div class='ocr_carea' id='block_1_44' title="bbox 64 4169 1620 4258">
    <p class='ocr_par' dir='ltr' id='par_1_44' title="bbox 64 4169 1620 4258">
     <span class='ocr_line' id='line_1_44' title="bbox 64 4169 1620 4258; baseline 0.013 -34"><span class='ocrx_word' id='word_1_328' title='bbox 64 4169 140 4224; x_wconf 77' lang='grc' dir='ltr'><strong>ἐπὶ</strong></span> <span class='ocrx_word' id='word_1_329' title='bbox 185 4175 284 4230; x_wconf 81' lang='grc' dir='ltr'><strong>τοῦ</strong></span> <span class='ocrx_word' id='word_1_330' title='bbox 335 4176 492 4231; x_wconf 84' lang='grc' dir='ltr'>Θεοῦ</span> <span class='ocrx_word' id='word_1_331' title='bbox 537 4178 951 4247; x_wconf 76' lang='grc' dir='ltr'>ἁπορῤιπτέον.</span> <span class='ocrx_word' id='word_1_332' title='bbox 988 4180 1092 4235; x_wconf 87' lang='grc' dir='ltr'><strong>Τοῦ</strong></span> <span class='ocrx_word' id='word_1_333' title='bbox 1123 4184 1258 4238; x_wconf 86' lang='grc' dir='ltr'>Θεοῦ</span> <span class='ocrx_word' id='word_1_334' title='bbox 1287 4188 1501 4258; x_wconf 77' lang='grc' dir='ltr'>ἔχοντος</span> <span class='ocrx_word' id='word_1_335' title='bbox 1529 4192 1620 4244; x_wconf 77' lang='grc' dir='ltr'>οὐ-</span> 
     </span>
    </p>
   </div>
   <div class='ocr_carea' id='block_1_45' title="bbox 68 4265 1623 4354">
    <p class='ocr_par' dir='ltr' id='par_1_45' title="bbox 68 4265 1623 4354">
     <span class='ocr_line' id='line_1_45' title="bbox 68 4265 1623 4354; baseline 0.014 -38"><span class='ocrx_word' id='word_1_336' title='bbox 68 4265 164 4319; x_wconf 85' lang='grc' dir='ltr'>σίαν</span> <span class='ocrx_word' id='word_1_337' title='bbox 193 4269 283 4339; x_wconf 83' lang='grc' dir='ltr'><strong>μὲν</strong></span> <span class='ocrx_word' id='word_1_338' title='bbox 318 4271 461 4343; x_wconf 83' lang='grc' dir='ltr'>πρὸς</span> <span class='ocrx_word' id='word_1_339' title='bbox 501 4269 756 4342; x_wconf 78' lang='grc' dir='ltr'>ὓπαρξιν,</span> <span class='ocrx_word' id='word_1_340' title='bbox 785 4272 1037 4345; x_wconf 85' lang='grc' dir='ltr'>βούλησιν</span> <span class='ocrx_word' id='word_1_341' title='bbox 1071 4276 1128 4329; x_wconf 83' lang='grc' dir='ltr'>δὲ</span> <span class='ocrx_word' id='word_1_342' title='bbox 1161 4279 1299 4349; x_wconf 84' lang='grc' dir='ltr'>πρὸς</span> <span class='ocrx_word' id='word_1_343' title='bbox 1325 4283 1564 4354; x_wconf 87' lang='grc' dir='ltr'>ποίησιν,</span> <span class='ocrx_word' id='word_1_344' title='bbox 1595 4289 1623 4338; x_wconf 87' lang='grc' dir='ltr'><strong>ό</strong></span> 
     </span>
    </p>
   </div>
   <div class='ocr_carea' id='block_1_46' title="bbox 65 4356 1621 4446">
    <p class='ocr_par' dir='ltr' id='par_1_46' title="bbox 65 4356 1621 4446">
     <span class='ocr_line' id='line_1_46' title="bbox 65 4356 1621 4446; baseline 0.015 -41"><span class='ocrx_word' id='word_1_345' title='bbox 65 4356 388 4431; x_wconf 74' lang='grc' dir='ltr'>ἀπορρίπτων</span> <span class='ocrx_word' id='word_1_346' title='bbox 418 4363 614 4427; x_wconf 79' lang='grc' dir='ltr'>οὐσίας</span> <span class='ocrx_word' id='word_1_347' title='bbox 657 4382 715 4417; x_wconf 87' lang='grc' dir='ltr'><strong>τε</strong></span> <span class='ocrx_word' id='word_1_348' title='bbox 747 4367 839 4420; x_wconf 73' lang='grc' dir='ltr'>καὶ</span> <span class='ocrx_word' id='word_1_349' title='bbox 877 4366 1071 4439; x_wconf 84' lang='grc' dir='ltr'>βουλῆς</span> <span class='ocrx_word' id='word_1_350' title='bbox 1098 4370 1198 4442; x_wconf 83' lang='grc' dir='ltr'>τὴν</span> <span class='ocrx_word' id='word_1_351' title='bbox 1231 4373 1495 4446; x_wconf 78' lang='grc' dir='ltr'>διαφορὰν</span> <span class='ocrx_word' id='word_1_352' title='bbox 1529 4379 1621 4431; x_wconf 76' lang='grc' dir='ltr'>καὶ</span> 
     </span>
    </p>
   </div>
   <div class='ocr_carea' id='block_1_47' title="bbox 67 4446 1619 4534">
    <p class='ocr_par' dir='ltr' id='par_1_47' title="bbox 67 4446 1619 4534">
     <span class='ocr_line' id='line_1_47' title="bbox 67 4446 1619 4534; baseline 0.011 -35"><span class='ocrx_word' id='word_1_353' title='bbox 67 4446 144 4517; x_wconf 75' lang='grc' dir='ltr'><strong>τὴν</strong></span> <span class='ocrx_word' id='word_1_354' title='bbox 179 4449 406 4524; x_wconf 76' lang='grc' dir='ltr'>ὓπαρξιν</span> <span class='ocrx_word' id='word_1_355' title='bbox 450 4454 781 4524; x_wconf 70' lang='grc' dir='ltr'>ἀπορρίπτει</span> <span class='ocrx_word' id='word_1_356' title='bbox 817 4453 913 4508; x_wconf 91' lang='grc' dir='ltr'><strong>τοῦ</strong></span> <span class='ocrx_word' id='word_1_357' title='bbox 942 4456 1078 4509; x_wconf 87' lang='grc' dir='ltr'>Θεοῦ</span> <span class='ocrx_word' id='word_1_358' title='bbox 1113 4460 1204 4512; x_wconf 78' lang='grc' dir='ltr'><strong>καὶ</strong></span> <span class='ocrx_word' id='word_1_359' title='bbox 1238 4460 1337 4532; x_wconf 81' lang='grc' dir='ltr'>τὴν</span> <span class='ocrx_word' id='word_1_360' title='bbox 1369 4462 1584 4534; x_wconf 83' lang='grc' dir='ltr'>ποίησιν</span> <span class='ocrx_word' id='word_1_361' title='bbox 1605 4481 1619 4494; x_wconf 76' lang='grc' dir='ltr'><strong><em>ο</em></strong></span> 
     </span>
    </p>
   </div>
   <div class='ocr_carea' id='block_1_48' title="bbox 68 4537 1615 4621">
    <p class='ocr_par' dir='ltr' id='par_1_48' title="bbox 68 4537 1615 4621">
     <span class='ocr_line' id='line_1_48' title="bbox 68 4537 1615 4621; baseline 0.012 -29"><span class='ocrx_word' id='word_1_362' title='bbox 68 4537 268 4613; x_wconf 69' lang='grc' dir='ltr'>ὓπαρξιν</span> <span class='ocrx_word' id='word_1_363' title='bbox 303 4548 400 4616; x_wconf 78' lang='grc' dir='ltr'>μὲν</span> <span class='ocrx_word' id='word_1_364' title='bbox 443 4545 546 4618; x_wconf 79' lang='grc' dir='ltr'><strong>τὴν</strong></span> <span class='ocrx_word' id='word_1_365' title='bbox 593 4546 780 4610; x_wconf 80' lang='grc' dir='ltr'>αὐτοῦ,</span> <span class='ocrx_word' id='word_1_366' title='bbox 809 4547 1026 4621; x_wconf 84' lang='grc' dir='ltr'>ποίησιν</span> <span class='ocrx_word' id='word_1_367' title='bbox 1059 4551 1114 4604; x_wconf 89' lang='grc' dir='ltr'><strong>δὲ</strong></span> <span class='ocrx_word' id='word_1_368' title='bbox 1159 4551 1267 4607; x_wconf 82' lang='grc' dir='ltr'><strong>τῶν</strong></span> <span class='ocrx_word' id='word_1_369' title='bbox 1303 4555 1404 4608; x_wconf 85' lang='grc' dir='ltr'><strong>οὐκ</strong></span> <span class='ocrx_word' id='word_1_370' title='bbox 1430 4556 1615 4610; x_wconf 80' lang='grc' dir='ltr'>ὄντων.</span> 
     </span>
    </p>
   </div>
   <div class='ocr_carea' id='block_1_49' title="bbox 69 4632 1620 4718">
    <p class='ocr_par' dir='ltr' id='par_1_49' title="bbox 69 4632 1620 4718">
     <span class='ocr_line' id='line_1_49' title="bbox 69 4632 1620 4718; baseline 0.012 -35"><span class='ocrx_word' id='word_1_371' title='bbox 69 4632 166 4686; x_wconf 74' lang='grc' dir='ltr'>Ὀτι</span> <span class='ocrx_word' id='word_1_372' title='bbox 191 4635 241 4690; x_wconf 80' lang='grc' dir='ltr'><strong>δὲ</strong></span> <span class='ocrx_word' id='word_1_373' title='bbox 271 4637 404 4709; x_wconf 77' lang='grc' dir='ltr'>ἄλλη</span> <span class='ocrx_word' id='word_1_374' title='bbox 439 4639 590 4692; x_wconf 76' lang='grc' dir='ltr'>ἐστὶν</span> <span class='ocrx_word' id='word_1_375' title='bbox 621 4640 654 4710; x_wconf 81' lang='grc' dir='ltr'>ἡ</span> <span class='ocrx_word' id='word_1_376' title='bbox 685 4639 841 4693; x_wconf 82' lang='grc' dir='ltr'>οὐσία</span> <span class='ocrx_word' id='word_1_377' title='bbox 864 4640 957 4694; x_wconf 86' lang='grc' dir='ltr'><strong>τοῦ</strong></span> <span class='ocrx_word' id='word_1_378' title='bbox 989 4641 1122 4695; x_wconf 87' lang='grc' dir='ltr'>Θεοῦ</span> <span class='ocrx_word' id='word_1_379' title='bbox 1150 4644 1242 4697; x_wconf 76' lang='grc' dir='ltr'><strong>καὶ</strong></span> <span class='ocrx_word' id='word_1_380' title='bbox 1273 4645 1405 4717; x_wconf 79' lang='grc' dir='ltr'>ἄλλη</span> <span class='ocrx_word' id='word_1_381' title='bbox 1434 4648 1467 4718; x_wconf 82' lang='grc' dir='ltr'>ἡ</span> <span class='ocrx_word' id='word_1_382' title='bbox 1494 4646 1620 4717; x_wconf 82' lang='grc' dir='ltr'>βου-</span> 
     </span>
    </p>
   </div>
   <div class='ocr_carea' id='block_1_50' title="bbox 67 4719 1620 4810">
    <p class='ocr_par' dir='ltr' id='par_1_50' title="bbox 67 4719 1620 4810">
     <span class='ocr_line' id='line_1_50' title="bbox 67 4719 1620 4810; baseline 0.013 -37"><span class='ocrx_word' id='word_1_383' title='bbox 67 4719 135 4794; x_wconf 77' lang='grc' dir='ltr'>λὴ,</span> <span class='ocrx_word' id='word_1_384' title='bbox 163 4725 422 4784; x_wconf 84' lang='grc' dir='ltr'>δείκνυται</span> <span class='ocrx_word' id='word_1_385' title='bbox 455 4731 554 4785; x_wconf 73' lang='grc' dir='ltr'><strong>καὶ</strong></span> <span class='ocrx_word' id='word_1_386' title='bbox 601 4731 666 4784; x_wconf 81' lang='grc' dir='ltr'>ἐκ</span> <span class='ocrx_word' id='word_1_387' title='bbox 708 4731 803 4785; x_wconf 88' lang='grc' dir='ltr'><strong>τοῦ</strong></span> <span class='ocrx_word' id='word_1_388' title='bbox 844 4731 1004 4802; x_wconf 86' lang='grc' dir='ltr'>λόγου</span> <span class='ocrx_word' id='word_1_389' title='bbox 1046 4734 1138 4788; x_wconf 88' lang='grc' dir='ltr'><strong>τοῦ</strong></span> <span class='ocrx_word' id='word_1_390' title='bbox 1177 4736 1620 4810; x_wconf 86' lang='grc' dir='ltr'>ἀποκριναμένου</span> 
     </span>
    </p>
   </div>
   <div class='ocr_carea' id='block_1_51' title="bbox 68 4814 1618 4893">
    <p class='ocr_par' dir='ltr' id='par_1_51' title="bbox 68 4814 1618 4893">
     <span class='ocr_line' id='line_1_51' title="bbox 68 4814 1618 4893; baseline 0.012 -26"><span class='ocrx_word' id='word_1_391' title='bbox 68 4814 141 4867; x_wconf 83' lang='grc' dir='ltr'><strong>τοῦ</strong></span> <span class='ocrx_word' id='word_1_392' title='bbox 178 4818 446 4885; x_wconf 81' lang='grc' dir='ltr'>εἰπόντος·</span> <span class='ocrx_word' id='word_1_393' title='bbox 487 4824 552 4874; x_wconf 87' lang='grc' dir='ltr'><em>Ὃ</em></span> <span class='ocrx_word' id='word_1_394' title='bbox 597 4823 710 4893; x_wconf 79' lang='grc' dir='ltr'>γάρ</span> <span class='ocrx_word' id='word_1_395' title='bbox 753 4826 905 4889; x_wconf 85' lang='grc' dir='ltr'>ἐστι,</span> <span class='ocrx_word' id='word_1_396' title='bbox 938 4825 1037 4880; x_wconf 81' lang='grc' dir='ltr'>καὶ</span> <span class='ocrx_word' id='word_1_397' title='bbox 1076 4828 1395 4892; x_wconf 73' lang='grc' dir='ltr'>,ϐούλεταιο</span> <span class='ocrx_word' id='word_1_398' title='bbox 1447 4834 1545 4886; x_wconf 81' lang='grc' dir='ltr'>καὶ</span> <span class='ocrx_word' id='word_1_399' title='bbox 1588 4833 1618 4886; x_wconf 87' lang='grc' dir='ltr'><em>ὃ</em></span> 
     </span>
    </p>
   </div>
   <div class='ocr_carea' id='block_1_52' title="bbox 66 4906 1621 4994">
    <p class='ocr_par' dir='ltr' id='par_1_52' title="bbox 66 4906 1621 4994">
     <span class='ocr_line' id='line_1_52' title="bbox 66 4906 1621 4994; baseline 0.008 -28"><span class='ocrx_word' id='word_1_400' title='bbox 66 4906 338 4981; x_wconf 75' lang='grc' dir='ltr'>βούλεται,</span> <span class='ocrx_word' id='word_1_401' title='bbox 364 4915 566 4969; x_wconf 76' lang='grc' dir='ltr'>ἐστίν.</span> <span class='ocrx_word' id='word_1_402' title='bbox 584 4916 930 4988; x_wconf 81' lang='grc' dir='ltr'>’Λντέστριψε</span> <span class='ocrx_word' id='word_1_403' title='bbox 950 4917 1062 4990; x_wconf 70' lang='grc'><strong>(74)</strong></span> <span class='ocrx_word' id='word_1_404' title='bbox 1084 4922 1150 4991; x_wconf 83' lang='grc' dir='ltr'>τῇ</span> <span class='ocrx_word' id='word_1_405' title='bbox 1181 4921 1339 4994; x_wconf 80' lang='grc' dir='ltr'>οὐσίᾳ</span> <span class='ocrx_word' id='word_1_406' title='bbox 1367 4922 1468 4993; x_wconf 79' lang='grc' dir='ltr'>τὴν</span> <span class='ocrx_word' id='word_1_407' title='bbox 1497 4923 1621 4993; x_wconf 85' lang='grc' dir='ltr'>βου-</span> 
     </span>
    </p>
   </div>
   <div class='ocr_carea' id='block_1_53' title="bbox 66 4994 1620 5087">
    <p class='ocr_par' dir='ltr' id='par_1_53' title="bbox 66 4994 1620 5087">
     <span class='ocr_line' id='line_1_53' title="bbox 66 4994 1620 5087; baseline 0.012 -35"><span class='ocrx_word' id='word_1_408' title='bbox 66 4994 162 5069; x_wconf 81' lang='grc' dir='ltr'>λὴν,</span> <span class='ocrx_word' id='word_1_409' title='bbox 189 5005 277 5057; x_wconf 77' lang='grc' dir='ltr'><strong>καὶ</strong></span> <span class='ocrx_word' id='word_1_410' title='bbox 318 5009 385 5078; x_wconf 83' lang='grc' dir='ltr'>τῇ</span> <span class='ocrx_word' id='word_1_411' title='bbox 425 5007 591 5078; x_wconf 85' lang='grc' dir='ltr'>βουλῇ</span> <span class='ocrx_word' id='word_1_412' title='bbox 630 5009 730 5081; x_wconf 83' lang='grc' dir='ltr'>τὴν</span> <span class='ocrx_word' id='word_1_413' title='bbox 763 5010 968 5064; x_wconf 78' lang='grc' dir='ltr'>οὐσίαν.</span> <span class='ocrx_word' id='word_1_414' title='bbox 989 5013 1346 5087; x_wconf 83' lang='grc' dir='ltr'>Ἀντιστροφὴ</span> <span class='ocrx_word' id='word_1_415' title='bbox 1378 5015 1436 5068; x_wconf 82' lang='grc' dir='ltr'>δὲ</span> <span class='ocrx_word' id='word_1_416' title='bbox 1465 5016 1620 5070; x_wconf 85' lang='grc' dir='ltr'>οὐδα-</span> 
     </span>
    </p>
   </div>
   <div class='ocr_carea' id='block_1_54' title="bbox 68 5091 1619 5179">
    <p class='ocr_par' dir='ltr' id='par_1_54' title="bbox 68 5091 1619 5179">
     <span class='ocr_line' id='line_1_54' title="bbox 68 5091 1619 5179; baseline 0.009 -31"><span class='ocrx_word' id='word_1_417' title='bbox 68 5091 163 5158; x_wconf 80' lang='grc' dir='ltr'><strong>μῶς</strong></span> <span class='ocrx_word' id='word_1_418' title='bbox 197 5098 464 5170; x_wconf 75' lang='grc' dir='ltr'>ἐνδέχεται</span> <span class='ocrx_word' id='word_1_419' title='bbox 514 5101 790 5170; x_wconf 87' lang='grc' dir='ltr'>γενέσθαι,</span> <span class='ocrx_word' id='word_1_420' title='bbox 838 5102 944 5156; x_wconf 82' lang='grc' dir='ltr'><strong>τῶν</strong></span> <span class='ocrx_word' id='word_1_421' title='bbox 982 5105 1488 5179; x_wconf 85' lang='grc' dir='ltr'>ἁντιστρεφομένων</span> <span class='ocrx_word' id='word_1_422' title='bbox 1518 5109 1619 5162; x_wconf 79' lang='grc' dir='ltr'><strong>οὐκ</strong></span> 
     </span>
    </p>
   </div>
   <div class='ocr_carea' id='block_1_55' title="bbox 65 5181 1619 5270">
    <p class='ocr_par' dir='ltr' id='par_1_55' title="bbox 65 5181 1619 5270">
     <span class='ocr_line' id='line_1_55' title="bbox 65 5181 1619 5270; baseline 0.009 -33"><span class='ocrx_word' id='word_1_423' title='bbox 65 5181 205 5240; x_wconf 76' lang='grc' dir='ltr'>ὄντων</span> <span class='ocrx_word' id='word_1_424' title='bbox 230 5190 351 5246; x_wconf 78' lang='grc' dir='ltr'>ἄλλο</span> <span class='ocrx_word' id='word_1_425' title='bbox 378 5195 475 5248; x_wconf 74' lang='grc' dir='ltr'><strong>καὶ</strong></span> <span class='ocrx_word' id='word_1_426' title='bbox 507 5192 637 5246; x_wconf 80' lang='grc' dir='ltr'>ἄλλο</span> <span class='ocrx_word' id='word_1_427' title='bbox 666 5193 699 5263; x_wconf 80' lang='grc' dir='ltr'>ἦ</span> <span class='ocrx_word' id='word_1_428' title='bbox 727 5192 871 5264; x_wconf 88' lang='grc' dir='ltr'>λόγῳ</span> <span class='ocrx_word' id='word_1_429' title='bbox 899 5194 931 5265; x_wconf 82' lang='grc' dir='ltr'>ἢ</span> <span class='ocrx_word' id='word_1_430' title='bbox 961 5194 1279 5267; x_wconf 83' lang='grc' dir='ltr'><strong>ἀριθμῷ.Τὸ</strong></span> <span class='ocrx_word' id='word_1_431' title='bbox 1298 5197 1376 5269; x_wconf 83' lang='grc' dir='ltr'><strong>τῷ</strong></span> <span class='ocrx_word' id='word_1_432' title='bbox 1402 5197 1619 5270; x_wconf 84' lang='grc' dir='ltr'>ἀριθμῷ</span> 
     </span>
    </p>
   </div>
   <div class='ocr_carea' id='block_1_56' title="bbox 66 5273 1616 5357">
    <p class='ocr_par' dir='ltr' id='par_1_56' title="bbox 66 5273 1616 5357">
     <span class='ocr_line' id='line_1_56' title="bbox 66 5273 1616 5357; baseline 0.008 -27"><span class='ocrx_word' id='word_1_433' title='bbox 66 5273 110 5326; x_wconf 82' lang='grc' dir='ltr'>ἓν</span> <span class='ocrx_word' id='word_1_434' title='bbox 137 5278 189 5331; x_wconf 82' lang='grc' dir='ltr'>ὃν</span> <span class='ocrx_word' id='word_1_435' title='bbox 212 5283 357 5339; x_wconf 80' lang='grc' dir='ltr'>οὐδὲν</span> <span class='ocrx_word' id='word_1_436' title='bbox 389 5286 592 5341; x_wconf 84' lang='grc' dir='ltr'>κωλύει</span> <span class='ocrx_word' id='word_1_437' title='bbox 619 5286 697 5356; x_wconf 83' lang='grc' dir='ltr'>τῷ</span> <span class='ocrx_word' id='word_1_438' title='bbox 718 5285 863 5357; x_wconf 88' lang='grc' dir='ltr'>λόγῳ</span> <span class='ocrx_word' id='word_1_439' title='bbox 884 5285 1012 5340; x_wconf 79' lang='grc' dir='ltr'>ἄλλο</span> <span class='ocrx_word' id='word_1_440' title='bbox 1041 5289 1134 5342; x_wconf 75' lang='grc' dir='ltr'><strong>καὶ</strong></span> <span class='ocrx_word' id='word_1_441' title='bbox 1159 5289 1286 5344; x_wconf 80' lang='grc' dir='ltr'>ἄλλο</span> <span class='ocrx_word' id='word_1_442' title='bbox 1305 5285 1445 5344; x_wconf 80' lang='grc' dir='ltr'>εἶναι</span> <span class='ocrx_word' id='word_1_443' title='bbox 1462 5307 1474 5322; x_wconf 89' lang='grc'><strong>·</strong></span> <span class='ocrx_word' id='word_1_444' title='bbox 1505 5285 1616 5344; x_wconf 74' lang='grc' dir='ltr'>οἷον</span> 
     </span>
    </p>
   </div>
   <div class='ocr_carea' id='block_1_57' title="bbox 66 5366 1614 5454">
    <p class='ocr_par' dir='ltr' id='par_1_57' title="bbox 66 5366 1614 5454">
     <span class='ocr_line' id='line_1_57' title="bbox 66 5366 1614 5454; baseline 0.01 -33"><span class='ocrx_word' id='word_1_445' title='bbox 66 5366 92 5435; x_wconf 83' lang='grc' dir='ltr'>ὴ</span> <span class='ocrx_word' id='word_1_446' title='bbox 115 5369 280 5428; x_wconf 80' lang='grc' dir='ltr'>εὐθεῖα</span> <span class='ocrx_word' id='word_1_447' title='bbox 306 5378 540 5449; x_wconf 86' lang='grc' dir='ltr'>γραμμὴ</span> <span class='ocrx_word' id='word_1_448' title='bbox 568 5380 634 5448; x_wconf 85' lang='grc' dir='ltr'>τῇ</span> <span class='ocrx_word' id='word_1_449' title='bbox 672 5379 769 5449; x_wconf 82' lang='grc' dir='ltr'>μὲν</span> <span class='ocrx_word' id='word_1_450' title='bbox 793 5379 1087 5434; x_wconf 80' lang='grc' dir='ltr'>ὑποστάσει</span> <span class='ocrx_word' id='word_1_451' title='bbox 1109 5381 1327 5454; x_wconf 80' lang='grc' dir='ltr'>ἀριθμῷ</span> <span class='ocrx_word' id='word_1_452' title='bbox 1359 5383 1456 5454; x_wconf 84' lang='grc' dir='ltr'><strong>μία</strong></span> <span class='ocrx_word' id='word_1_453' title='bbox 1478 5385 1614 5446; x_wconf 79' lang='grc' dir='ltr'>ἐστὶ,</span> 
     </span>
    </p>
   </div>
   <div class='ocr_carea' id='block_1_58' title="bbox 67 5457 1616 5545">
    <p class='ocr_par' dir='ltr' id='par_1_58' title="bbox 67 5457 1616 5545">
     <span class='ocr_line' id='line_1_58' title="bbox 67 5457 1616 5545; baseline 0.007 -30"><span class='ocrx_word' id='word_1_454' title='bbox 67 5457 130 5526; x_wconf 77' lang='grc' dir='ltr'><strong>τῷ</strong></span> <span class='ocrx_word' id='word_1_455' title='bbox 153 5460 204 5515; x_wconf 82' lang='grc' dir='ltr'><strong>δὲ</strong></span> <span class='ocrx_word' id='word_1_456' title='bbox 232 5465 369 5540; x_wconf 85' lang='grc' dir='ltr'>λόγῳ</span> <span class='ocrx_word' id='word_1_457' title='bbox 399 5471 501 5542; x_wconf 84' lang='grc' dir='ltr'>τῆς</span> <span class='ocrx_word' id='word_1_458' title='bbox 533 5469 749 5533; x_wconf 76' lang='grc' dir='ltr'>εὐθείας</span> <span class='ocrx_word' id='word_1_459' title='bbox 794 5471 889 5524; x_wconf 76' lang='grc' dir='ltr'>καὶ</span> <span class='ocrx_word' id='word_1_460' title='bbox 936 5473 1034 5543; x_wconf 81' lang='grc' dir='ltr'><strong>τῆς</strong></span> <span class='ocrx_word' id='word_1_461' title='bbox 1074 5475 1339 5545; x_wconf 84' lang='grc' dir='ltr'>γραμμῆς</span> <span class='ocrx_word' id='word_1_462' title='bbox 1369 5474 1497 5528; x_wconf 81' lang='grc' dir='ltr'>ἄλλο</span> <span class='ocrx_word' id='word_1_463' title='bbox 1525 5475 1616 5529; x_wconf 78' lang='grc' dir='ltr'><strong>καὶ</strong></span> 
     </span>
    </p>
   </div>
   <div class='ocr_carea' id='block_1_59' title="bbox 126 5636 1612 5728">
    <p class='ocr_par' dir='ltr' id='par_1_59' title="bbox 126 5636 1612 5728">
     <span class='ocr_line' id='line_1_59' title="bbox 126 5636 1612 5728; baseline 0.013 -35"><span class='ocrx_word' id='word_1_464' title='bbox 126 5636 234 5728; x_wconf 48' lang='grc' dir='ltr'><strong>(Ἴθι</strong></span> <span class='ocrx_word' id='word_1_465' title='bbox 265 5645 332 5698; x_wconf 84' lang='grc' dir='ltr'><em>Τὸ</em></span> <span class='ocrx_word' id='word_1_466' title='bbox 362 5643 543 5728; x_wconf 34' lang='lat' dir='ltr'><strong>alvo-at;</strong></span> <span class='ocrx_word' id='word_1_467' title='bbox 578 5648 888 5728; x_wconf 30' lang='lat' dir='ltr'><strong>[legendum</strong></span> <span class='ocrx_word' id='word_1_468' title='bbox 932 5655 1009 5724; x_wconf 81' lang='grc' dir='ltr'><strong>τῷ</strong></span> <span class='ocrx_word' id='word_1_469' title='bbox 1045 5652 1181 5709; x_wconf 83' lang='grc' dir='ltr'>εἶναι</span> <span class='ocrx_word' id='word_1_470' title='bbox 1217 5664 1274 5711; x_wconf 90' lang='lat' dir='ltr'><strong>ut</strong></span> <span class='ocrx_word' id='word_1_471' title='bbox 1305 5673 1492 5728; x_wconf 86' lang='lat' dir='ltr'><strong>supra,</strong></span> <span class='ocrx_word' id='word_1_472' title='bbox 1528 5658 1612 5713; x_wconf 89' lang='lat' dir='ltr'><strong>id-</strong></span> 
     </span>
    </p>
   </div>
   <div class='ocr_carea' id='block_1_60' title="bbox 67 5713 1344 5833">
    <p class='ocr_par' dir='ltr' id='par_1_60' title="bbox 67 5713 1344 5833">
     <span class='ocr_line' id='line_1_60' title="bbox 67 5713 992 5802; baseline 0.019 -45"><span class='ocrx_word' id='word_1_473' title='bbox 67 5719 155 5771; x_wconf 87' lang='lat' dir='ltr'><strong>que</strong></span> <span class='ocrx_word' id='word_1_474' title='bbox 179 5713 481 5788; x_wconf 17' lang='lat' dir='ltr'><strong>lobservavit</strong></span> <span class='ocrx_word' id='word_1_475' title='bbox 509 5713 854 5802; x_wconf 56' lang='lat' dir='ltr'><strong>Sylburgius.</strong></span> <span class='ocrx_word' id='word_1_476' title='bbox 982 5713 992 5724; x_wconf 88' lang='grc'><em>’</em></span> 
     </span>
     <span class='ocr_line' id='line_1_61' title="bbox 127 5779 1344 5833; baseline 0 0"><span class='ocrx_word' id='word_1_477' title='bbox 127 5779 227 5833; x_wconf 59' lang='lat' dir='ltr'><strong>nil</strong></span> <span class='ocrx_word' id='word_1_478' title='bbox 262 5787 576 5833; x_wconf 69' lang='grc' dir='ltr'><strong>Γεννητήρ-</strong></span> <span class='ocrx_word' id='word_1_479' title='bbox 623 5789 769 5833; x_wconf 76' lang='lat' dir='ltr'><strong>Lomt</strong></span> <span class='ocrx_word' id='word_1_480' title='bbox 792 5791 1007 5833; x_wconf 64' lang='lat' dir='ltr'><strong>[numne</strong></span> <span class='ocrx_word' id='word_1_481' title='bbox 1032 5799 1344 5833; x_wconf 58' lang='grc' dir='ltr'><strong>νειιιιηφρνιξι</strong></span> 
     </span>
    </p>
   </div>
   <div class='ocr_carea' id='block_1_61' title="bbox 130 5781 1614 5867">
    <p class='ocr_par' dir='ltr' id='par_1_61' title="bbox 130 5781 1614 5867">
     <span class='ocr_line' id='line_1_62' title="bbox 130 5781 1614 5867; baseline 0.015 -34"><span class='ocrx_word' id='word_1_482' title='bbox 130 5781 227 5867; x_wconf 58' lang='grc' dir='ltr'><strong>ς’ίξ)</strong></span> <span class='ocrx_word' id='word_1_483' title='bbox 262 5781 576 5867; x_wconf 49' lang='lat' dir='ltr'><strong>amata.</strong></span> <span class='ocrx_word' id='word_1_484' title='bbox 596 5781 769 5867; x_wconf 39' lang='lat' dir='ltr'><strong>‘Leg‘it</strong></span> <span class='ocrx_word' id='word_1_485' title='bbox 792 5791 1008 5864; x_wconf 73' lang='lat' dir='ltr'><strong>Langus</strong></span> <span class='ocrx_word' id='word_1_486' title='bbox 1032 5799 1344 5867; x_wconf 79' lang='grc' dir='ltr'>γεννητικός</span> <span class='ocrx_word' id='word_1_487' title='bbox 1369 5806 1420 5852; x_wconf 89' lang='lat' dir='ltr'><strong>ct</strong></span> <span class='ocrx_word' id='word_1_488' title='bbox 1453 5800 1614 5867; x_wconf 83' lang='lat' dir='ltr'><strong>paulo</strong></span> 
     </span>
    </p>
   </div>
   <div class='ocr_carea' id='block_1_62' title="bbox 73 5856 790 5930">
    <p class='ocr_par' dir='ltr' id='par_1_62' title="bbox 73 5856 790 5930">
     <span class='ocr_line' id='line_1_63' title="bbox 73 5856 790 5930; baseline 0.038 -33"><span class='ocrx_word' id='word_1_489' title='bbox 73 5856 176 5904; x_wconf 68' lang='lat' dir='ltr'><strong>ante</strong></span> <span class='ocrx_word' id='word_1_490' title='bbox 204 5858 464 5927; x_wconf 84' lang='grc' dir='ltr'>γεννητῶς</span> <span class='ocrx_word' id='word_1_491' title='bbox 485 5856 790 5930; x_wconf 62' lang='grc' dir='ltr'>γενόμεῦος-</span> 
     </span>
    </p>
   </div>
   <div class='ocr_carea' id='block_1_63' title="bbox 1728 643 3314 708">
    <p class='ocr_par' dir='ltr' id='par_1_63' title="bbox 1728 643 3314 708">
     <span class='ocr_line' id='line_1_64' title="bbox 1728 643 3314 708; baseline -0.001 -10"><span class='ocrx_word' id='word_1_492' title='bbox 1728 644 1831 699; x_wconf 91' lang='lat' dir='ltr'><strong>etsi</strong></span> <span class='ocrx_word' id='word_1_493' title='bbox 1862 645 2320 708; x_wconf 88' lang='lat' dir='ltr'><strong>substantialiter,</strong></span> <span class='ocrx_word' id='word_1_494' title='bbox 2353 643 2691 700; x_wconf 87' lang='lat' dir='ltr'><strong>accidentem</strong></span> <span class='ocrx_word' id='word_1_495' title='bbox 2723 651 2904 698; x_wconf 91' lang='lat' dir='ltr'><strong>tamen</strong></span> <span class='ocrx_word' id='word_1_496' title='bbox 2950 643 3114 698; x_wconf 86' lang='lat' dir='ltr'><strong>habet</strong></span> <span class='ocrx_word' id='word_1_497' title='bbox 3161 645 3314 698; x_wconf 88' lang='lat' dir='ltr'><strong>calo-</strong></span> 
     </span>
    </p>
   </div>
   <div class='ocr_carea' id='block_1_64' title="bbox 1728 736 3314 809">
    <p class='ocr_par' dir='ltr' id='par_1_64' title="bbox 1728 736 3314 809">
     <span class='ocr_line' id='line_1_65' title="bbox 1728 736 3314 809; baseline 0 -17"><span class='ocrx_word' id='word_1_498' title='bbox 1728 753 1876 805; x_wconf 85' lang='lat' dir='ltr'><strong>rem;</strong></span> <span class='ocrx_word' id='word_1_499' title='bbox 1914 739 2058 809; x_wconf 91' lang='lat' dir='ltr'><strong>apud</strong></span> <span class='ocrx_word' id='word_1_500' title='bbox 2085 739 2254 794; x_wconf 82' lang='lat' dir='ltr'><strong>Deum</strong></span> <span class='ocrx_word' id='word_1_501' title='bbox 2293 749 2496 800; x_wconf 92' lang='lat' dir='ltr'><strong>autem,</strong></span> <span class='ocrx_word' id='word_1_502' title='bbox 2534 753 2714 808; x_wconf 82' lang='lat' dir='ltr'><strong>neque</strong></span> <span class='ocrx_word' id='word_1_503' title='bbox 2753 736 3101 798; x_wconf 65' lang='lat' dir='ltr'><strong>substantiae,</strong></span> <span class='ocrx_word' id='word_1_504' title='bbox 3134 752 3314 807; x_wconf 88' lang='lat' dir='ltr'><strong>neque</strong></span> 
     </span>
    </p>
   </div>
   <div class='ocr_carea' id='block_1_65' title="bbox 1728 827 3316 900">
    <p class='ocr_par' dir='ltr' id='par_1_65' title="bbox 1728 827 3316 900">
     <span class='ocr_line' id='line_1_66' title="bbox 1728 827 3316 900; baseline 0.001 -17"><span class='ocrx_word' id='word_1_505' title='bbox 1728 830 2028 886; x_wconf 88' lang='lat' dir='ltr'><strong>accidentis</strong></span> <span class='ocrx_word' id='word_1_506' title='bbox 2074 831 2236 885; x_wconf 91' lang='lat' dir='ltr'><strong>modo</strong></span> <span class='ocrx_word' id='word_1_507' title='bbox 2283 829 2580 900; x_wconf 80' lang='lat' dir='ltr'><strong>quidquam</strong></span> <span class='ocrx_word' id='word_1_508' title='bbox 2630 828 2850 884; x_wconf 86' lang='lat' dir='ltr'><strong>accidit.</strong></span> <span class='ocrx_word' id='word_1_509' title='bbox 2903 827 3316 899; x_wconf 87' lang='lat' dir='ltr'><strong>Proinde.quia</strong></span> 
     </span>
    </p>
   </div>
   <div class='ocr_carea' id='block_1_66' title="bbox 1727 920 3315 992">
    <p class='ocr_par' dir='ltr' id='par_1_66' title="bbox 1727 920 3315 992">
     <span class='ocr_line' id='line_1_67' title="bbox 1727 920 3315 992; baseline 0 -16"><span class='ocrx_word' id='word_1_510' title='bbox 1727 922 1805 977; x_wconf 88' lang='lat' dir='ltr'><strong>illi</strong></span> <span class='ocrx_word' id='word_1_511' title='bbox 1834 921 1966 976; x_wconf 87' lang='lat' dir='ltr'><strong>nihil</strong></span> <span class='ocrx_word' id='word_1_512' title='bbox 2006 922 2229 986; x_wconf 89' lang='lat' dir='ltr'><strong>accidit,</strong></span> <span class='ocrx_word' id='word_1_513' title='bbox 2265 929 2319 977; x_wconf 89' lang='lat' dir='ltr'><strong>et</strong></span> <span class='ocrx_word' id='word_1_514' title='bbox 2350 921 2495 977; x_wconf 90' lang='lat' dir='ltr'><strong>idem</strong></span> <span class='ocrx_word' id='word_1_515' title='bbox 2530 928 2616 977; x_wconf 90' lang='lat' dir='ltr'><strong>est</strong></span> <span class='ocrx_word' id='word_1_516' title='bbox 2647 920 2759 976; x_wconf 91' lang='lat' dir='ltr'><strong>Deo</strong></span> <span class='ocrx_word' id='word_1_517' title='bbox 2800 927 2855 976; x_wconf 86' lang='lat' dir='ltr'><strong>et</strong></span> <span class='ocrx_word' id='word_1_518' title='bbox 2889 935 3016 976; x_wconf 88' lang='lat' dir='ltr'><strong>esse</strong></span> <span class='ocrx_word' id='word_1_519' title='bbox 3042 920 3112 992; x_wconf 72' lang='lat' dir='ltr'><strong>[et</strong></span> <span class='ocrx_word' id='word_1_520' title='bbox 3138 921 3279 977; x_wconf 86' lang='lat' dir='ltr'><strong>velle</strong></span> <span class='ocrx_word' id='word_1_521' title='bbox 3301 967 3315 989; x_wconf 89' lang='lat'><strong>,</strong></span> 
     </span>
    </p>
   </div>
   <div class='ocr_carea' id='block_1_67' title="bbox 1727 1015 3319 1086">
    <p class='ocr_par' dir='ltr' id='par_1_67' title="bbox 1727 1015 3319 1086">
     <span class='ocr_line' id='line_1_68' title="bbox 1727 1015 3319 1086; baseline -0.006 -12"><span class='ocrx_word' id='word_1_522' title='bbox 1727 1017 1960 1086; x_wconf 84' lang='lat' dir='ltr'><strong>simplex</strong></span> <span class='ocrx_word' id='word_1_523' title='bbox 1987 1026 2072 1072; x_wconf 90' lang='lat' dir='ltr'><strong>est</strong></span> <span class='ocrx_word' id='word_1_524' title='bbox 2103 1023 2158 1070; x_wconf 75' lang='lat' dir='ltr'><strong>et</strong></span> <span class='ocrx_word' id='word_1_525' title='bbox 2192 1016 2356 1070; x_wconf 89' lang='lat' dir='ltr'><strong>unius</strong></span> <span class='ocrx_word' id='word_1_526' title='bbox 2394 1016 2605 1079; x_wconf 69' lang='lat' dir='ltr'><strong>forum,</strong></span> <span class='ocrx_word' id='word_1_527' title='bbox 2639 1015 2880 1086; x_wconf 80' lang='lat' dir='ltr'><strong>ingenite</strong></span> <span class='ocrx_word' id='word_1_528' title='bbox 2919 1030 2985 1069; x_wconf 88' lang='lat' dir='ltr'><strong>ea</strong></span> <span class='ocrx_word' id='word_1_529' title='bbox 3026 1030 3149 1085; x_wconf 69' lang='lat' dir='ltr'><strong>quas</strong></span> <span class='ocrx_word' id='word_1_530' title='bbox 3187 1021 3319 1069; x_wconf 85' lang='lat' dir='ltr'><strong>sunt</strong></span> 
     </span>
    </p>
   </div>
   <div class='ocr_carea' id='block_1_68' title="bbox 1726 1106 3315 1176">
    <p class='ocr_par' dir='ltr' id='par_1_68' title="bbox 1726 1106 3315 1176">
     <span class='ocr_line' id='line_1_69' title="bbox 1726 1106 3315 1176; baseline -0.003 -13"><span class='ocrx_word' id='word_1_531' title='bbox 1726 1107 1990 1163; x_wconf 79' lang='lat' dir='ltr'><strong>efﬁciens.</strong></span> <span class='ocrx_word' id='word_1_532' title='bbox 2023 1107 2179 1163; x_wconf 90' lang='lat' dir='ltr'><strong>Sicut</strong></span> <span class='ocrx_word' id='word_1_533' title='bbox 2210 1108 2358 1162; x_wconf 91' lang='lat' dir='ltr'><strong>enim</strong></span> <span class='ocrx_word' id='word_1_534' title='bbox 2411 1106 2660 1162; x_wconf 83' lang='lat' dir='ltr'><strong>videmus</strong></span> <span class='ocrx_word' id='word_1_535' title='bbox 2712 1106 2964 1176; x_wconf 83' lang='lat' dir='ltr'><strong>quemvis</strong></span> <span class='ocrx_word' id='word_1_536' title='bbox 3012 1107 3315 1165; x_wconf 84' lang='lat' dir='ltr'><strong>hominem.</strong></span> 
     </span>
    </p>
   </div>
   <div class='ocr_carea' id='block_1_69' title="bbox 1727 1197 3317 1269">
    <p class='ocr_par' dir='ltr' id='par_1_69' title="bbox 1727 1197 3317 1269">
     <span class='ocr_line' id='line_1_70' title="bbox 1727 1197 3317 1269; baseline 0.001 -18"><span class='ocrx_word' id='word_1_537' title='bbox 1727 1211 1852 1251; x_wconf 90' lang='lat' dir='ltr'><strong>cum</strong></span> <span class='ocrx_word' id='word_1_538' title='bbox 1898 1198 2080 1267; x_wconf 82' lang='lat' dir='ltr'><strong>genite</strong></span> <span class='ocrx_word' id='word_1_539' title='bbox 2125 1197 2344 1268; x_wconf 79' lang='lat' dir='ltr'><strong>genitus</strong></span> <span class='ocrx_word' id='word_1_540' title='bbox 2397 1197 2492 1261; x_wconf 90' lang='lat' dir='ltr'><strong>sit,</strong></span> <span class='ocrx_word' id='word_1_541' title='bbox 2514 1205 2568 1252; x_wconf 92' lang='lat' dir='ltr'><strong>et</strong></span> <span class='ocrx_word' id='word_1_542' title='bbox 2615 1198 2874 1269; x_wconf 81' lang='lat' dir='ltr'><strong>gignendi</strong></span> <span class='ocrx_word' id='word_1_543' title='bbox 2904 1213 3101 1269; x_wconf 82' lang='lat' dir='ltr'><strong>capax,</strong></span> <span class='ocrx_word' id='word_1_544' title='bbox 3134 1199 3317 1268; x_wconf 81' lang='lat' dir='ltr'><strong>genita</strong></span> 
     </span>
    </p>
   </div>
   <div class='ocr_carea' id='block_1_70' title="bbox 1727 1291 3317 1364">
    <p class='ocr_par' dir='ltr' id='par_1_70' title="bbox 1727 1291 3317 1364">
     <span class='ocr_line' id='line_1_71' title="bbox 1727 1291 3317 1364; baseline 0.003 -20"><span class='ocrx_word' id='word_1_545' title='bbox 1727 1307 2050 1362; x_wconf 84' lang='lat' dir='ltr'><strong>procreare,</strong></span> <span class='ocrx_word' id='word_1_546' title='bbox 2083 1301 2137 1347; x_wconf 91' lang='lat' dir='ltr'><strong>et</strong></span> <span class='ocrx_word' id='word_1_547' title='bbox 2179 1291 2235 1346; x_wconf 90' lang='lat' dir='ltr'><strong>in</strong></span> <span class='ocrx_word' id='word_1_548' title='bbox 2265 1292 2584 1348; x_wconf 89' lang='lat' dir='ltr'><strong>universum</strong></span> <span class='ocrx_word' id='word_1_549' title='bbox 2614 1293 2818 1364; x_wconf 81' lang='lat' dir='ltr'><strong>genita,</strong></span> <span class='ocrx_word' id='word_1_550' title='bbox 2850 1310 2974 1348; x_wconf 91' lang='lat' dir='ltr'><strong>cum</strong></span> <span class='ocrx_word' id='word_1_551' title='bbox 3007 1294 3190 1364; x_wconf 83' lang='lat' dir='ltr'><strong>genite</strong></span> <span class='ocrx_word' id='word_1_552' title='bbox 3222 1311 3317 1364; x_wconf 73' lang='lat' dir='ltr'><strong>ge-</strong></span> 
     </span>
    </p>
   </div>
   <div class='ocr_carea' id='block_1_71' title="bbox 1728 1382 3315 1455">
    <p class='ocr_par' dir='ltr' id='par_1_71' title="bbox 1728 1382 3315 1455">
     <span class='ocr_line' id='line_1_72' title="bbox 1728 1382 3315 1455; baseline 0.001 -19"><span class='ocrx_word' id='word_1_553' title='bbox 1728 1382 1840 1436; x_wconf 89' lang='lat' dir='ltr'><strong>nita</strong></span> <span class='ocrx_word' id='word_1_554' title='bbox 1871 1383 2004 1447; x_wconf 88' lang='lat' dir='ltr'><strong>sint,</strong></span> <span class='ocrx_word' id='word_1_555' title='bbox 2029 1383 2210 1453; x_wconf 80' lang='lat' dir='ltr'><strong>genita</strong></span> <span class='ocrx_word' id='word_1_556' title='bbox 2237 1385 2398 1438; x_wconf 90' lang='lat' dir='ltr'><strong>etiam</strong></span> <span class='ocrx_word' id='word_1_557' title='bbox 2431 1399 2726 1453; x_wconf 82' lang='lat' dir='ltr'><strong>procreare</strong></span> <span class='ocrx_word' id='word_1_558' title='bbox 2754 1394 2808 1440; x_wconf 91' lang='lat' dir='ltr'><strong>et</strong></span> <span class='ocrx_word' id='word_1_559' title='bbox 2837 1401 2901 1439; x_wconf 80' lang='lat' dir='ltr'><strong>ex</strong></span> <span class='ocrx_word' id='word_1_560' title='bbox 2953 1385 3155 1454; x_wconf 90' lang='lat' dir='ltr'><strong>seipsis</strong></span> <span class='ocrx_word' id='word_1_561' title='bbox 3188 1401 3315 1455; x_wconf 91' lang='lat' dir='ltr'><strong>pro-</strong></span> 
     </span>
    </p>
   </div>
   <div class='ocr_carea' id='block_1_72' title="bbox 1728 1476 3316 1551">
    <p class='ocr_par' dir='ltr' id='par_1_72' title="bbox 1728 1476 3316 1551">
     <span class='ocr_line' id='line_1_73' title="bbox 1728 1476 3316 1551; baseline 0.003 -22"><span class='ocrx_word' id='word_1_562' title='bbox 1728 1489 1948 1543; x_wconf 83' lang='lat' dir='ltr'><strong>creare;</strong></span> <span class='ocrx_word' id='word_1_563' title='bbox 1988 1476 2062 1529; x_wconf 90' lang='lat' dir='ltr'><strong>ita</strong></span> <span class='ocrx_word' id='word_1_564' title='bbox 2089 1485 2143 1531; x_wconf 86' lang='lat' dir='ltr'><strong>et</strong></span> <span class='ocrx_word' id='word_1_565' title='bbox 2175 1476 2340 1542; x_wconf 86' lang='lat' dir='ltr'><strong>Deus,</strong></span> <span class='ocrx_word' id='word_1_566' title='bbox 2376 1479 2653 1549; x_wconf 80' lang='lat' dir='ltr'><strong>ingenitus</strong></span> <span class='ocrx_word' id='word_1_567' title='bbox 2685 1496 2808 1534; x_wconf 92' lang='lat' dir='ltr'><strong>eum</strong></span> <span class='ocrx_word' id='word_1_568' title='bbox 2841 1481 2931 1544; x_wconf 91' lang='lat' dir='ltr'><strong>sit,</strong></span> <span class='ocrx_word' id='word_1_569' title='bbox 2964 1481 3206 1551; x_wconf 82' lang='lat' dir='ltr'><strong>ingenile</strong></span> <span class='ocrx_word' id='word_1_570' title='bbox 3234 1479 3316 1533; x_wconf 86' lang='lat' dir='ltr'><strong>fa-</strong></span> 
     </span>
    </p>
   </div>
   <div class='ocr_carea' id='block_1_73' title="bbox 1727 1567 3315 1642">
    <p class='ocr_par' dir='ltr' id='par_1_73' title="bbox 1727 1567 3315 1642">
     <span class='ocr_line' id='line_1_74' title="bbox 1727 1567 3315 1642; baseline 0.005 -22"><span class='ocrx_word' id='word_1_571' title='bbox 1727 1567 1803 1620; x_wconf 92' lang='lat' dir='ltr'><strong>cit</strong></span> <span class='ocrx_word' id='word_1_572' title='bbox 1828 1567 2011 1622; x_wconf 87' lang='lat' dir='ltr'><strong>omnia</strong></span> <span class='ocrx_word' id='word_1_573' title='bbox 2035 1611 2049 1634; x_wconf 93' lang='lat'><strong>,</strong></span> <span class='ocrx_word' id='word_1_574' title='bbox 2083 1584 2194 1622; x_wconf 91' lang='lat' dir='ltr'><strong>non</strong></span> <span class='ocrx_word' id='word_1_575' title='bbox 2225 1569 2428 1639; x_wconf 85' lang='lat' dir='ltr'><strong>genita,</strong></span> <span class='ocrx_word' id='word_1_576' title='bbox 2474 1570 2568 1626; x_wconf 89' lang='lat' dir='ltr'><strong>sed</strong></span> <span class='ocrx_word' id='word_1_577' title='bbox 2617 1572 2778 1627; x_wconf 90' lang='lat' dir='ltr'><strong>simul</strong></span> <span class='ocrx_word' id='word_1_578' title='bbox 2812 1573 3156 1639; x_wconf 79' lang='lat' dir='ltr'><strong>exsistentia,</strong></span> <span class='ocrx_word' id='word_1_579' title='bbox 3192 1589 3315 1642; x_wconf 74' lang='lat' dir='ltr'><strong>qua:</strong></span> 
     </span>
    </p>
   </div>
   <div class='ocr_carea' id='block_1_74' title="bbox 1727 1658 3312 1730">
    <p class='ocr_par' dir='ltr' id='par_1_74' title="bbox 1727 1658 3312 1730">
     <span class='ocr_line' id='line_1_75' title="bbox 1727 1658 3312 1730; baseline 0.004 -19"><span class='ocrx_word' id='word_1_580' title='bbox 1727 1658 1949 1729; x_wconf 85' lang='lat' dir='ltr'><strong>quidem</strong></span> <span class='ocrx_word' id='word_1_581' title='bbox 1978 1661 2048 1715; x_wconf 91' lang='lat' dir='ltr'><strong>ob</strong></span> <span class='ocrx_word' id='word_1_582' title='bbox 2073 1661 2374 1730; x_wconf 78' lang='lat' dir='ltr'><strong>potentiam</strong></span> <span class='ocrx_word' id='word_1_583' title='bbox 2405 1661 2672 1716; x_wconf 85' lang='lat' dir='ltr'><strong>infinitam</strong></span> <span class='ocrx_word' id='word_1_584' title='bbox 2706 1662 2921 1718; x_wconf 86' lang='lat' dir='ltr'><strong>diversa</strong></span> <span class='ocrx_word' id='word_1_585' title='bbox 2964 1663 3147 1719; x_wconf 85' lang='lat' dir='ltr'><strong>eflicit.</strong></span> <span class='ocrx_word' id='word_1_586' title='bbox 3191 1663 3312 1717; x_wconf 88' lang='lat' dir='ltr'><strong>Non</strong></span> 
     </span>
    </p>
   </div>
   <div class='ocr_carea' id='block_1_75' title="bbox 1730 1752 3315 1822">
    <p class='ocr_par' dir='ltr' id='par_1_75' title="bbox 1730 1752 3315 1822">
     <span class='ocr_line' id='line_1_76' title="bbox 1730 1752 3315 1822; baseline 0.001 -17"><span class='ocrx_word' id='word_1_587' title='bbox 1730 1752 2144 1808; x_wconf 87' lang='lat' dir='ltr'><strong>consideremus</strong></span> <span class='ocrx_word' id='word_1_588' title='bbox 2194 1752 2362 1808; x_wconf 90' lang='lat' dir='ltr'><strong>Deum</strong></span> <span class='ocrx_word' id='word_1_589' title='bbox 2410 1754 2651 1809; x_wconf 85' lang='lat' dir='ltr'><strong>humano</strong></span> <span class='ocrx_word' id='word_1_590' title='bbox 2696 1755 2888 1822; x_wconf 89' lang='lat' dir='ltr'><strong>modo;</strong></span> <span class='ocrx_word' id='word_1_591' title='bbox 2926 1771 3037 1809; x_wconf 87' lang='lat' dir='ltr'><strong>non</strong></span> <span class='ocrx_word' id='word_1_592' title='bbox 3079 1755 3222 1810; x_wconf 91' lang='lat' dir='ltr'><strong>enim</strong></span> <span class='ocrx_word' id='word_1_593' title='bbox 3256 1763 3315 1808; x_wconf 84' lang='lat' dir='ltr'><strong>ut</strong></span> 
     </span>
    </p>
   </div>
   <div class='ocr_carea' id='block_1_76' title="bbox 1731 1845 3312 1917">
    <p class='ocr_par' dir='ltr' id='par_1_76' title="bbox 1731 1845 3312 1917">
     <span class='ocr_line' id='line_1_77' title="bbox 1731 1845 3312 1917; baseline 0 -19"><span class='ocrx_word' id='word_1_594' title='bbox 1731 1860 1832 1900; x_wconf 87' lang='lat' dir='ltr'><strong>nos</strong></span> <span class='ocrx_word' id='word_1_595' title='bbox 1876 1845 2113 1914; x_wconf 91' lang='lat' dir='ltr'><strong>primum</strong></span> <span class='ocrx_word' id='word_1_596' title='bbox 2171 1845 2330 1901; x_wconf 88' lang='lat' dir='ltr'><strong>aliter</strong></span> <span class='ocrx_word' id='word_1_597' title='bbox 2368 1861 2469 1902; x_wconf 86' lang='lat' dir='ltr'><strong>nos</strong></span> <span class='ocrx_word' id='word_1_598' title='bbox 2525 1846 2812 1910; x_wconf 88' lang='lat' dir='ltr'><strong>habentes,</strong></span> <span class='ocrx_word' id='word_1_599' title='bbox 2841 1855 3030 1917; x_wconf 88' lang='lat' dir='ltr'><strong>postea</strong></span> <span class='ocrx_word' id='word_1_600' title='bbox 3069 1847 3126 1901; x_wconf 90' lang='lat' dir='ltr'><strong>in</strong></span> <span class='ocrx_word' id='word_1_601' title='bbox 3167 1846 3312 1900; x_wconf 87' lang='lat' dir='ltr'><strong>aliud</strong></span> 
     </span>
    </p>
   </div>
   <div class='ocr_carea' id='block_1_77' title="bbox 1660 1916 3316 2009">
    <p class='ocr_par' dir='ltr' id='par_1_77' title="bbox 1660 1916 3316 2009">
     <span class='ocr_line' id='line_1_78' title="bbox 1660 1916 3316 2009; baseline 0.001 -18"><span class='ocrx_word' id='word_1_602' title='bbox 1660 1916 1699 1968; x_wconf 70' lang='grc' dir='ltr'><strong><em>Β</em></strong></span> <span class='ocrx_word' id='word_1_603' title='bbox 1728 1937 1945 2001; x_wconf 83' lang='lat' dir='ltr'><strong>mutati,</strong></span> <span class='ocrx_word' id='word_1_604' title='bbox 1983 1938 2162 1994; x_wconf 87' lang='lat' dir='ltr'><strong>facere</strong></span> <span class='ocrx_word' id='word_1_605' title='bbox 2197 1937 2458 2003; x_wconf 89' lang='lat' dir='ltr'><strong>dicimur,</strong></span> <span class='ocrx_word' id='word_1_606' title='bbox 2493 1940 2574 1994; x_wconf 91' lang='lat' dir='ltr'><strong>sic</strong></span> <span class='ocrx_word' id='word_1_607' title='bbox 2599 1937 2743 1995; x_wconf 91' lang='lat' dir='ltr'><strong>Deus</strong></span> <span class='ocrx_word' id='word_1_608' title='bbox 2767 1916 2984 2009; x_wconf 80' lang='lat' dir='ltr'><strong>quoque</strong></span> <span class='ocrx_word' id='word_1_609' title='bbox 3017 1937 3146 1993; x_wconf 81' lang='lat' dir='ltr'><strong>facit</strong></span> <span class='ocrx_word' id='word_1_610' title='bbox 3177 1959 3188 1992; x_wconf 92' lang='lat'><strong>:</strong></span> <span class='ocrx_word' id='word_1_611' title='bbox 3219 1938 3316 1993; x_wconf 89' lang='lat' dir='ltr'><strong>sed</strong></span> 
     </span>
    </p>
   </div>
   <div class='ocr_carea' id='block_1_78' title="bbox 1727 2030 3316 2102">
    <p class='ocr_par' dir='ltr' id='par_1_78' title="bbox 1727 2030 3316 2102">
     <span class='ocr_line' id='line_1_79' title="bbox 1727 2030 3316 2102; baseline -0.001 -16"><span class='ocrx_word' id='word_1_612' title='bbox 1727 2032 1798 2087; x_wconf 91' lang='lat' dir='ltr'><strong>ob</strong></span> <span class='ocrx_word' id='word_1_613' title='bbox 1825 2033 2181 2088; x_wconf 78' lang='lat' dir='ltr'><strong>excellentem</strong></span> <span class='ocrx_word' id='word_1_614' title='bbox 2215 2033 2514 2102; x_wconf 89' lang='lat' dir='ltr'><strong>potentiam</strong></span> <span class='ocrx_word' id='word_1_615' title='bbox 2542 2031 2750 2102; x_wconf 86' lang='lat' dir='ltr'><strong>absque</strong></span> <span class='ocrx_word' id='word_1_616' title='bbox 2803 2040 3047 2102; x_wconf 87' lang='lat' dir='ltr'><strong>tempore</strong></span> <span class='ocrx_word' id='word_1_617' title='bbox 3106 2030 3316 2085; x_wconf 85' lang='lat' dir='ltr'><strong>faciens</strong></span> 
     </span>
    </p>
   </div>
   <div class='ocr_carea' id='block_1_79' title="bbox 1728 2125 3314 2195">
    <p class='ocr_par' dir='ltr' id='par_1_79' title="bbox 1728 2125 3314 2195">
     <span class='ocr_line' id='line_1_80' title="bbox 1728 2125 3314 2195; baseline -0.002 -18"><span class='ocrx_word' id='word_1_618' title='bbox 1728 2126 1932 2189; x_wconf 89' lang='lat' dir='ltr'><strong>omnia,</strong></span> <span class='ocrx_word' id='word_1_619' title='bbox 1968 2125 2182 2195; x_wconf 84' lang='lat' dir='ltr'><strong>perlicit</strong></span> <span class='ocrx_word' id='word_1_620' title='bbox 2211 2126 2418 2190; x_wconf 88' lang='lat' dir='ltr'><strong>omnia,</strong></span> <span class='ocrx_word' id='word_1_621' title='bbox 2465 2131 2519 2179; x_wconf 90' lang='lat' dir='ltr'><strong>et</strong></span> <span class='ocrx_word' id='word_1_622' title='bbox 2573 2125 2735 2179; x_wconf 89' lang='lat' dir='ltr'><strong>simul</strong></span> <span class='ocrx_word' id='word_1_623' title='bbox 2768 2133 2934 2194; x_wconf 91' lang='lat' dir='ltr'><strong>atque</strong></span> <span class='ocrx_word' id='word_1_624' title='bbox 2965 2125 3082 2195; x_wconf 89' lang='lat' dir='ltr'><strong>ipse</strong></span> <span class='ocrx_word' id='word_1_625' title='bbox 3110 2132 3216 2188; x_wconf 87' lang='lat' dir='ltr'><strong>est,</strong></span> <span class='ocrx_word' id='word_1_626' title='bbox 3251 2139 3314 2178; x_wconf 84' lang='lat' dir='ltr'><strong>ea</strong></span> 
     </span>
    </p>
   </div>
   <div class='ocr_carea' id='block_1_80' title="bbox 1726 2215 3317 2287">
    <p class='ocr_par' dir='ltr' id='par_1_80' title="bbox 1726 2215 3317 2287">
     <span class='ocr_line' id='line_1_81' title="bbox 1726 2215 3317 2287; baseline -0.003 -15"><span class='ocrx_word' id='word_1_627' title='bbox 1726 2219 1888 2272; x_wconf 90' lang='lat' dir='ltr'><strong>etiam</strong></span> <span class='ocrx_word' id='word_1_628' title='bbox 1921 2233 2042 2287; x_wconf 74' lang='lat' dir='ltr'><strong>qua:</strong></span> <span class='ocrx_word' id='word_1_629' title='bbox 2071 2224 2201 2272; x_wconf 90' lang='lat' dir='ltr'><strong>sunt</strong></span> <span class='ocrx_word' id='word_1_630' title='bbox 2228 2216 2393 2280; x_wconf 82' lang='lat' dir='ltr'><strong>facit;</strong></span> <span class='ocrx_word' id='word_1_631' title='bbox 2423 2231 2535 2270; x_wconf 90' lang='lat' dir='ltr'><strong>non</strong></span> <span class='ocrx_word' id='word_1_632' title='bbox 2564 2232 2705 2286; x_wconf 92' lang='lat' dir='ltr'><strong>opus</strong></span> <span class='ocrx_word' id='word_1_633' title='bbox 2735 2215 2964 2279; x_wconf 87' lang='lat' dir='ltr'><strong>habens,</strong></span> <span class='ocrx_word' id='word_1_634' title='bbox 3002 2225 3061 2269; x_wconf 91' lang='lat' dir='ltr'><strong>ut</strong></span> <span class='ocrx_word' id='word_1_635' title='bbox 3098 2231 3220 2274; x_wconf 83' lang='lat' dir='ltr'><strong>nos.</strong></span> <span class='ocrx_word' id='word_1_636' title='bbox 3255 2223 3317 2268; x_wconf 90' lang='lat' dir='ltr'><strong>ut</strong></span> 
     </span>
    </p>
   </div>
   <div class='ocr_carea' id='block_1_81' title="bbox 1729 2307 3313 2380">
    <p class='ocr_par' dir='ltr' id='par_1_81' title="bbox 1729 2307 3313 2380">
     <span class='ocr_line' id='line_1_82' title="bbox 1729 2307 3313 2380; baseline -0.002 -19"><span class='ocrx_word' id='word_1_637' title='bbox 1729 2310 1879 2377; x_wconf 89' lang='lat' dir='ltr'><strong>prius</strong></span> <span class='ocrx_word' id='word_1_638' title='bbox 1908 2310 2163 2380; x_wconf 79' lang='lat' dir='ltr'><strong>gignatur</strong></span> <span class='ocrx_word' id='word_1_639' title='bbox 2190 2317 2244 2363; x_wconf 91' lang='lat' dir='ltr'><strong>et</strong></span> <span class='ocrx_word' id='word_1_640' title='bbox 2271 2307 2610 2379; x_wconf 83' lang='lat' dir='ltr'><strong>perficiatur,</strong></span> <span class='ocrx_word' id='word_1_641' title='bbox 2654 2317 2818 2376; x_wconf 86' lang='lat' dir='ltr'><strong>atque</strong></span> <span class='ocrx_word' id='word_1_642' title='bbox 2869 2309 2943 2361; x_wconf 88' lang='lat' dir='ltr'><strong>ita</strong></span> <span class='ocrx_word' id='word_1_643' title='bbox 2990 2316 3177 2377; x_wconf 87' lang='lat' dir='ltr'><strong>postea</strong></span> <span class='ocrx_word' id='word_1_644' title='bbox 3230 2308 3313 2360; x_wconf 76' lang='lat' dir='ltr'><strong>fa-</strong></span> 
     </span>
    </p>
   </div>
   <div class='ocr_carea' id='block_1_82' title="bbox 1727 2403 3310 2476">
    <p class='ocr_par' dir='ltr' id='par_1_82' title="bbox 1727 2403 3310 2476">
     <span class='ocr_line' id='line_1_83' title="bbox 1727 2403 3310 2476; baseline -0.001 -20"><span class='ocrx_word' id='word_1_645' title='bbox 1727 2404 1857 2465; x_wconf 89' lang='lat' dir='ltr'><strong>ciat,</strong></span> <span class='ocrx_word' id='word_1_646' title='bbox 1889 2406 2015 2473; x_wconf 87' lang='lat' dir='ltr'><strong>quia</strong></span> <span class='ocrx_word' id='word_1_647' title='bbox 2046 2405 2101 2457; x_wconf 92' lang='lat' dir='ltr'><strong>in</strong></span> <span class='ocrx_word' id='word_1_648' title='bbox 2127 2419 2193 2458; x_wconf 87' lang='lat' dir='ltr'><strong>eo</strong></span> <span class='ocrx_word' id='word_1_649' title='bbox 2221 2419 2319 2459; x_wconf 89' lang='lat' dir='ltr'><strong>nec</strong></span> <span class='ocrx_word' id='word_1_650' title='bbox 2351 2403 2504 2473; x_wconf 91' lang='lat' dir='ltr'><strong>prius</strong></span> <span class='ocrx_word' id='word_1_651' title='bbox 2547 2406 2846 2476; x_wconf 86' lang='lat' dir='ltr'><strong>quidquam</strong></span> <span class='ocrx_word' id='word_1_652' title='bbox 2881 2419 2982 2458; x_wconf 89' lang='lat' dir='ltr'><strong>nec</strong></span> <span class='ocrx_word' id='word_1_653' title='bbox 3015 2403 3310 2474; x_wconf 84' lang='lat' dir='ltr'><strong>posterius.</strong></span> 
     </span>
    </p>
   </div>
   <div class='ocr_carea' id='block_1_83' title="bbox 1729 2497 3317 2569">
    <p class='ocr_par' dir='ltr' id='par_1_83' title="bbox 1729 2497 3317 2569">
     <span class='ocr_line' id='line_1_84' title="bbox 1729 2497 3317 2569; baseline 0.003 -20"><span class='ocrx_word' id='word_1_654' title='bbox 1729 2497 1936 2550; x_wconf 85' lang='lat' dir='ltr'><strong>Idcirco</strong></span> <span class='ocrx_word' id='word_1_655' title='bbox 1967 2498 2241 2553; x_wconf 89' lang='lat' dir='ltr'><strong>cernimus</strong></span> <span class='ocrx_word' id='word_1_656' title='bbox 2281 2505 2336 2553; x_wconf 87' lang='lat' dir='ltr'><strong>ct</strong></span> <span class='ocrx_word' id='word_1_657' title='bbox 2378 2504 2654 2564; x_wconf 87' lang='lat' dir='ltr'><strong>naturam,</strong></span> <span class='ocrx_word' id='word_1_658' title='bbox 2685 2499 2791 2555; x_wconf 84' lang='lat' dir='ltr'><strong>hoc</strong></span> <span class='ocrx_word' id='word_1_659' title='bbox 2819 2501 2938 2569; x_wconf 89' lang='lat' dir='ltr'><strong>ipso</strong></span> <span class='ocrx_word' id='word_1_660' title='bbox 2974 2499 3120 2569; x_wconf 88' lang='lat' dir='ltr'><strong>quod</strong></span> <span class='ocrx_word' id='word_1_661' title='bbox 3152 2498 3317 2569; x_wconf 78' lang='lat'><strong>520</strong></span> 
     </span>
    </p>
   </div>
   <div class='ocr_carea' id='block_1_84' title="bbox 1726 2590 3314 2662">
    <p class='ocr_par' dir='ltr' id='par_1_84' title="bbox 1726 2590 3314 2662">
     <span class='ocr_line' id='line_1_85' title="bbox 1726 2590 3314 2662; baseline 0.002 -21"><span class='ocrx_word' id='word_1_662' title='bbox 1726 2597 1828 2651; x_wconf 77' lang='lat' dir='ltr'><strong>est,</strong></span> <span class='ocrx_word' id='word_1_663' title='bbox 1862 2590 2039 2645; x_wconf 89' lang='lat' dir='ltr'><strong>facere</strong></span> <span class='ocrx_word' id='word_1_664' title='bbox 2071 2601 2126 2646; x_wconf 91' lang='lat' dir='ltr'><strong>et</strong></span> <span class='ocrx_word' id='word_1_665' title='bbox 2155 2591 2470 2647; x_wconf 86' lang='lat' dir='ltr'><strong>universam</strong></span> <span class='ocrx_word' id='word_1_666' title='bbox 2495 2607 2714 2662; x_wconf 86' lang='lat' dir='ltr'><strong>semper</strong></span> <span class='ocrx_word' id='word_1_667' title='bbox 2742 2591 3098 2646; x_wconf 89' lang='lat' dir='ltr'><strong>mutationem</strong></span> <span class='ocrx_word' id='word_1_668' title='bbox 3119 2607 3314 2662; x_wconf 83' lang='lat' dir='ltr'><strong>opera-</strong></span> 
     </span>
    </p>
   </div>
   <div class='ocr_carea' id='block_1_85' title="bbox 1731 2683 3315 2755">
    <p class='ocr_par' dir='ltr' id='par_1_85' title="bbox 1731 2683 3315 2755">
     <span class='ocr_line' id='line_1_86' title="bbox 1731 2683 3315 2755; baseline 0.003 -21"><span class='ocrx_word' id='word_1_669' title='bbox 1731 2684 1819 2735; x_wconf 88' lang='lat' dir='ltr'><strong>ri:</strong></span> <span class='ocrx_word' id='word_1_670' title='bbox 1863 2685 2321 2752; x_wconf 83' lang='lat' dir='ltr'><strong>quemadmodum</strong></span> <span class='ocrx_word' id='word_1_671' title='bbox 2377 2685 2540 2740; x_wconf 82' lang='lat' dir='ltr'><strong>lactis</strong></span> <span class='ocrx_word' id='word_1_672' title='bbox 2595 2685 2974 2755; x_wconf 82' lang='lat' dir='ltr'><strong>coagulatione</strong></span> <span class='ocrx_word' id='word_1_673' title='bbox 3034 2683 3315 2739; x_wconf 89' lang='lat' dir='ltr'><strong>cernimus</strong></span> 
     </span>
    </p>
   </div>
   <div class='ocr_carea' id='block_1_86' title="bbox 1729 2774 3303 2845">
    <p class='ocr_par' dir='ltr' id='par_1_86' title="bbox 1729 2774 3303 2845">
     <span class='ocr_line' id='line_1_87' title="bbox 1729 2774 3303 2845; baseline 0.001 -19"><span class='ocrx_word' id='word_1_674' title='bbox 1729 2774 1984 2828; x_wconf 79' lang='lat' dir='ltr'><strong>universe</strong></span> <span class='ocrx_word' id='word_1_675' title='bbox 2027 2777 2465 2845; x_wconf 80' lang='lat' dir='ltr'><strong>coagulationem</strong></span> <span class='ocrx_word' id='word_1_676' title='bbox 2513 2775 2638 2830; x_wconf 91' lang='lat' dir='ltr'><strong>lacti</strong></span> <span class='ocrx_word' id='word_1_677' title='bbox 2690 2776 2967 2832; x_wconf 84' lang='lat' dir='ltr'><strong>advenire.</strong></span> <span class='ocrx_word' id='word_1_678' title='bbox 3003 2775 3171 2829; x_wconf 86' lang='lat' dir='ltr'><strong>Multo</strong></span> <span class='ocrx_word' id='word_1_679' title='bbox 3214 2775 3303 2845; x_wconf 82' lang='lat' dir='ltr'><strong>igi-</strong></span> 
     </span>
    </p>
   </div>
   <div class='ocr_carea' id='block_1_87' title="bbox 1730 2869 3315 2940">
    <p class='ocr_par' dir='ltr' id='par_1_87' title="bbox 1730 2869 3315 2940">
     <span class='ocr_line' id='line_1_88' title="bbox 1730 2869 3315 2940; baseline 0.003 -21"><span class='ocrx_word' id='word_1_680' title='bbox 1730 2877 1818 2920; x_wconf 87' lang='lat' dir='ltr'><strong>tur</strong></span> <span class='ocrx_word' id='word_1_681' title='bbox 1850 2869 2021 2938; x_wconf 78' lang='lat' dir='ltr'><strong>magis</strong></span> <span class='ocrx_word' id='word_1_682' title='bbox 2050 2869 2353 2939; x_wconf 87' lang='lat' dir='ltr'><strong>putandum</strong></span> <span class='ocrx_word' id='word_1_683' title='bbox 2382 2869 2554 2925; x_wconf 90' lang='lat' dir='ltr'><strong>Deum</strong></span> <span class='ocrx_word' id='word_1_684' title='bbox 2585 2870 2844 2925; x_wconf 87' lang='lat' dir='ltr'><strong>universe</strong></span> <span class='ocrx_word' id='word_1_685' title='bbox 2865 2879 2918 2925; x_wconf 90' lang='lat' dir='ltr'><strong>et</strong></span> <span class='ocrx_word' id='word_1_686' title='bbox 2945 2870 3154 2940; x_wconf 90' lang='lat' dir='ltr'><strong>absque</strong></span> <span class='ocrx_word' id='word_1_687' title='bbox 3175 2876 3315 2924; x_wconf 89' lang='lat' dir='ltr'><strong>tem—</strong></span> 
     </span>
    </p>
   </div>
   <div class='ocr_carea' id='block_1_88' title="bbox 1727 2961 3314 3033">
    <p class='ocr_par' dir='ltr' id='par_1_88' title="bbox 1727 2961 3314 3033">
     <span class='ocr_line' id='line_1_89' title="bbox 1727 2961 3314 3033; baseline 0.003 -21"><span class='ocrx_word' id='word_1_688' title='bbox 1727 2977 1857 3031; x_wconf 86' lang='lat' dir='ltr'><strong>pore</strong></span> <span class='ocrx_word' id='word_1_689' title='bbox 1883 2961 2064 3018; x_wconf 83' lang='lat' dir='ltr'><strong>facere</strong></span> <span class='ocrx_word' id='word_1_690' title='bbox 2088 2963 2270 3017; x_wconf 88' lang='lat' dir='ltr'><strong>omnia</strong></span> <span class='ocrx_word' id='word_1_691' title='bbox 2291 3007 2304 3027; x_wconf 84' lang='lat'><strong>,</strong></span> <span class='ocrx_word' id='word_1_692' title='bbox 2336 2979 2461 3018; x_wconf 91' lang='lat' dir='ltr'><strong>cum</strong></span> <span class='ocrx_word' id='word_1_693' title='bbox 2495 2966 2613 3033; x_wconf 90' lang='lat' dir='ltr'><strong>ipse</strong></span> <span class='ocrx_word' id='word_1_694' title='bbox 2644 2963 2864 3033; x_wconf 90' lang='lat' dir='ltr'><strong>quidem</strong></span> <span class='ocrx_word' id='word_1_695' title='bbox 2901 2965 2973 3018; x_wconf 90' lang='lat' dir='ltr'><strong>sit</strong></span> <span class='ocrx_word' id='word_1_696' title='bbox 3004 2980 3199 3026; x_wconf 91' lang='lat' dir='ltr'><strong>unum,</strong></span> <span class='ocrx_word' id='word_1_697' title='bbox 3227 2963 3314 3016; x_wconf 88' lang='lat' dir='ltr'><strong>in-</strong></span> 
     </span>
    </p>
   </div>
   <div class='ocr_carea' id='block_1_89' title="bbox 1729 3053 3314 3128">
    <p class='ocr_par' dir='ltr' id='par_1_89' title="bbox 1729 3053 3314 3128">
     <span class='ocr_line' id='line_1_90' title="bbox 1729 3053 3314 3128; baseline 0.003 -22"><span class='ocrx_word' id='word_1_698' title='bbox 1729 3053 1876 3108; x_wconf 85' lang='lat' dir='ltr'><strong>finita</strong></span> <span class='ocrx_word' id='word_1_699' title='bbox 1911 3071 2039 3108; x_wconf 89' lang='lat' dir='ltr'><strong>vero</strong></span> <span class='ocrx_word' id='word_1_700' title='bbox 2067 3057 2309 3125; x_wconf 90' lang='lat' dir='ltr'><strong>potentia</strong></span> <span class='ocrx_word' id='word_1_701' title='bbox 2341 3055 2560 3111; x_wconf 88' lang='lat' dir='ltr'><strong>diversa</strong></span> <span class='ocrx_word' id='word_1_702' title='bbox 2594 3056 2890 3128; x_wconf 84' lang='lat' dir='ltr'><strong>producat;</strong></span> <span class='ocrx_word' id='word_1_703' title='bbox 2942 3072 3063 3127; x_wconf 60' lang='lat' dir='ltr'><strong>quat</strong></span> <span class='ocrx_word' id='word_1_704' title='bbox 3090 3054 3314 3127; x_wconf 79' lang='lat' dir='ltr'><strong>quidem</strong></span> 
     </span>
    </p>
   </div>
   <div class='ocr_carea' id='block_1_90' title="bbox 1729 3147 2744 3218">
    <p class='ocr_par' dir='ltr' id='par_1_90' title="bbox 1729 3147 2744 3218">
     <span class='ocr_line' id='line_1_91' title="bbox 1729 3147 2744 3218; baseline 0.004 -22"><span class='ocrx_word' id='word_1_705' title='bbox 1729 3147 1952 3200; x_wconf 83' lang='lat' dir='ltr'><strong>onmino</strong></span> <span class='ocrx_word' id='word_1_706' title='bbox 1988 3164 2085 3218; x_wconf 89' lang='lat' dir='ltr'><strong>per</strong></span> <span class='ocrx_word' id='word_1_707' title='bbox 2113 3149 2293 3216; x_wconf 88' lang='lat' dir='ltr'><strong>seipsa</strong></span> <span class='ocrx_word' id='word_1_708' title='bbox 2316 3147 2584 3217; x_wconf 89' lang='lat' dir='ltr'><strong>producta</strong></span> <span class='ocrx_word' id='word_1_709' title='bbox 2616 3149 2744 3203; x_wconf 91' lang='lat' dir='ltr'><strong>sint.</strong></span> 
     </span>
    </p>
   </div>
   <div class='ocr_carea' id='block_1_91' title="bbox 1934 3452 3111 3511">
    <p class='ocr_par' dir='ltr' id='par_1_91' title="bbox 1934 3452 3111 3511">
     <span class='ocr_line' id='line_1_92' title="bbox 1934 3452 3111 3511; baseline 0.002 -6"><span class='ocrx_word' id='word_1_710' title='bbox 1934 3452 2268 3508; x_wconf 76' lang='lat' dir='ltr'><strong>llESPONSl</strong></span> <span class='ocrx_word' id='word_1_711' title='bbox 2312 3455 2446 3509; x_wconf 79' lang='lat' dir='ltr'><strong>NON</strong></span> <span class='ocrx_word' id='word_1_712' title='bbox 2493 3453 2722 3511; x_wconf 77' lang='lat' dir='ltr'><strong>RECTE</strong></span> <span class='ocrx_word' id='word_1_713' title='bbox 2761 3453 3111 3510; x_wconf 85' lang='lat' dir='ltr'><strong>INSTITUTI</strong></span> 
     </span>
    </p>
   </div>
   <div class='ocr_carea' id='block_1_92' title="bbox 2303 3524 2770 3580">
    <p class='ocr_par' dir='ltr' id='par_1_92' title="bbox 2303 3524 2770 3580">
     <span class='ocr_line' id='line_1_93' title="bbox 2303 3524 2770 3580; baseline -0.004 -2"><span class='ocrx_word' id='word_1_714' title='bbox 2303 3524 2770 3580; x_wconf 76' lang='lat' dir='ltr'><strong>(IONFUTATIO.</strong></span> 
     </span>
    </p>
   </div>
   <div class='ocr_carea' id='block_1_93' title="bbox 1800 3639 3315 3710">
    <p class='ocr_par' dir='ltr' id='par_1_93' title="bbox 1800 3639 3315 3710">
     <span class='ocr_line' id='line_1_94' title="bbox 1800 3639 3315 3710; baseline -0.002 -16"><span class='ocrx_word' id='word_1_715' title='bbox 1800 3643 1850 3694; x_wconf 50' lang='lat' dir='ltr'><strong>&#39;l.</strong></span> <span class='ocrx_word' id='word_1_716' title='bbox 1891 3640 2015 3694; x_wconf 78' lang='lat' dir='ltr'><strong>Non</strong></span> <span class='ocrx_word' id='word_1_717' title='bbox 2063 3639 2500 3704; x_wconf 71' lang='lat' dir='ltr'><strong>existimandum,</strong></span> <span class='ocrx_word' id='word_1_718' title='bbox 2533 3641 2733 3710; x_wconf 78' lang='lat' dir='ltr'><strong>inquit,</strong></span> <span class='ocrx_word' id='word_1_719' title='bbox 2770 3649 2826 3692; x_wconf 82' lang='lat' dir='ltr'><strong>ut</strong></span> <span class='ocrx_word' id='word_1_720' title='bbox 2860 3641 2914 3692; x_wconf 79' lang='lat' dir='ltr'><strong>in</strong></span> <span class='ocrx_word' id='word_1_721' title='bbox 2947 3640 3121 3702; x_wconf 81' lang='lat' dir='ltr'><strong>nobis,</strong></span> <span class='ocrx_word' id='word_1_722' title='bbox 3164 3639 3315 3692; x_wconf 77' lang='lat' dir='ltr'><strong>aliud</strong></span> 
     </span>
    </p>
   </div>
   <div class='ocr_carea' id='block_1_94' title="bbox 1726 3730 3315 3804">
    <p class='ocr_par' dir='ltr' id='par_1_94' title="bbox 1726 3730 3315 3804">
     <span class='ocr_line' id='line_1_95' title="bbox 1726 3730 3315 3804; baseline -0.001 -16"><span class='ocrx_word' id='word_1_723' title='bbox 1726 3735 1933 3804; x_wconf 81' lang='lat' dir='ltr'><strong>quidem</strong></span> <span class='ocrx_word' id='word_1_724' title='bbox 1965 3745 2040 3788; x_wconf 83' lang='lat' dir='ltr'><strong>est</strong></span> <span class='ocrx_word' id='word_1_725' title='bbox 2071 3750 2204 3800; x_wconf 85' lang='lat' dir='ltr'><strong>esse,</strong></span> <span class='ocrx_word' id='word_1_726' title='bbox 2230 3733 2378 3786; x_wconf 83' lang='lat' dir='ltr'><strong>aliud</strong></span> <span class='ocrx_word' id='word_1_727' title='bbox 2413 3743 2590 3788; x_wconf 82' lang='lat' dir='ltr'><strong>autent</strong></span> <span class='ocrx_word' id='word_1_728' title='bbox 2618 3735 2769 3796; x_wconf 80' lang='lat' dir='ltr'><strong>velle,</strong></span> <span class='ocrx_word' id='word_1_729' title='bbox 2795 3735 2873 3786; x_wconf 86' lang='lat' dir='ltr'><strong>sic</strong></span> <span class='ocrx_word' id='word_1_730' title='bbox 2895 3733 3058 3786; x_wconf 86' lang='lat' dir='ltr'><strong>etiam</strong></span> <span class='ocrx_word' id='word_1_731' title='bbox 3088 3733 3140 3786; x_wconf 86' lang='lat' dir='ltr'><strong>iu</strong></span> <span class='ocrx_word' id='word_1_732' title='bbox 3164 3730 3315 3794; x_wconf 86' lang='lat' dir='ltr'><strong>Deo:</strong></span> 
     </span>
    </p>
   </div>
   <div class='ocr_carea' id='block_1_95' title="bbox 1727 3823 3316 3895">
    <p class='ocr_par' dir='ltr' id='par_1_95' title="bbox 1727 3823 3316 3895">
     <span class='ocr_line' id='line_1_96' title="bbox 1727 3823 3316 3895; baseline -0.003 -14"><span class='ocrx_word' id='word_1_733' title='bbox 1727 3829 1814 3883; x_wconf 80' lang='lat' dir='ltr'><strong>sed</strong></span> <span class='ocrx_word' id='word_1_734' title='bbox 1837 3829 1891 3882; x_wconf 86' lang='lat' dir='ltr'><strong>in</strong></span> <span class='ocrx_word' id='word_1_735' title='bbox 1924 3827 2030 3882; x_wconf 79' lang='lat' dir='ltr'><strong>Deo</strong></span> <span class='ocrx_word' id='word_1_736' title='bbox 2059 3838 2106 3882; x_wconf 83' lang='lat' dir='ltr'><strong>et</strong></span> <span class='ocrx_word' id='word_1_737' title='bbox 2133 3843 2246 3880; x_wconf 80' lang='lat' dir='ltr'><strong>esse</strong></span> <span class='ocrx_word' id='word_1_738' title='bbox 2267 3836 2316 3880; x_wconf 87' lang='lat' dir='ltr'><strong>et</strong></span> <span class='ocrx_word' id='word_1_739' title='bbox 2340 3825 2488 3889; x_wconf 79' lang='lat' dir='ltr'><strong>velle,</strong></span> <span class='ocrx_word' id='word_1_740' title='bbox 2513 3826 2650 3880; x_wconf 84' lang='lat' dir='ltr'><strong>idem</strong></span> <span class='ocrx_word' id='word_1_741' title='bbox 2683 3826 2840 3894; x_wconf 80' lang='lat' dir='ltr'><strong>plane</strong></span> <span class='ocrx_word' id='word_1_742' title='bbox 2870 3834 2970 3880; x_wconf 87' lang='lat' dir='ltr'><strong>est.</strong></span> <span class='ocrx_word' id='word_1_743' title='bbox 3007 3823 3151 3880; x_wconf 86' lang='lat' dir='ltr'><strong>Nam</strong></span> <span class='ocrx_word' id='word_1_744' title='bbox 3174 3826 3316 3895; x_wconf 88' lang='lat' dir='ltr'><strong>quod</strong></span> 
     </span>
    </p>
   </div>
   <div class='ocr_carea' id='block_1_96' title="bbox 1727 3916 3315 3989">
    <p class='ocr_par' dir='ltr' id='par_1_96' title="bbox 1727 3916 3315 3989">
     <span class='ocr_line' id='line_1_97' title="bbox 1727 3916 3315 3989; baseline -0.003 -14"><span class='ocrx_word' id='word_1_745' title='bbox 1727 3931 1825 3985; x_wconf 76' lang='lat' dir='ltr'><strong>est,</strong></span> <span class='ocrx_word' id='word_1_746' title='bbox 1848 3923 2009 3975; x_wconf 85' lang='lat' dir='ltr'><strong>etiam</strong></span> <span class='ocrx_word' id='word_1_747' title='bbox 2049 3920 2192 3983; x_wconf 83' lang='lat' dir='ltr'><strong>vult;</strong></span> <span class='ocrx_word' id='word_1_748' title='bbox 2229 3927 2276 3974; x_wconf 84' lang='lat' dir='ltr'><strong>et</strong></span> <span class='ocrx_word' id='word_1_749' title='bbox 2308 3918 2446 3989; x_wconf 87' lang='lat' dir='ltr'><strong>quod</strong></span> <span class='ocrx_word' id='word_1_750' title='bbox 2484 3918 2614 3985; x_wconf 86' lang='lat' dir='ltr'><strong>vult,</strong></span> <span class='ocrx_word' id='word_1_751' title='bbox 2655 3928 2732 3971; x_wconf 85' lang='lat' dir='ltr'><strong>est</strong></span> <span class='ocrx_word' id='word_1_752' title='bbox 2775 3934 2793 3972; x_wconf 92' lang='lat'><em>:</em></span> <span class='ocrx_word' id='word_1_753' title='bbox 2837 3935 2927 3972; x_wconf 83' lang='lat' dir='ltr'><strong>nec</strong></span> <span class='ocrx_word' id='word_1_754' title='bbox 2961 3918 3075 3972; x_wconf 88' lang='lat' dir='ltr'><strong>ulla</strong></span> <span class='ocrx_word' id='word_1_755' title='bbox 3114 3919 3168 3970; x_wconf 87' lang='lat' dir='ltr'><strong>in</strong></span> <span class='ocrx_word' id='word_1_756' title='bbox 3204 3916 3315 3971; x_wconf 86' lang='lat' dir='ltr'><strong>Deo</strong></span> 
     </span>
    </p>
   </div>
   <div class='ocr_carea' id='block_1_97' title="bbox 1728 4009 3315 4081">
    <p class='ocr_par' dir='ltr' id='par_1_97' title="bbox 1728 4009 3315 4081">
     <span class='ocr_line' id='line_1_98' title="bbox 1728 4009 3315 4081; baseline 0.001 -19"><span class='ocrx_word' id='word_1_757' title='bbox 1728 4010 2022 4075; x_wconf 81' lang='lat' dir='ltr'><strong>distinctio,</strong></span> <span class='ocrx_word' id='word_1_758' title='bbox 2055 4011 2178 4081; x_wconf 82' lang='lat' dir='ltr'><strong>quia</strong></span> <span class='ocrx_word' id='word_1_759' title='bbox 2219 4009 2355 4064; x_wconf 87' lang='lat' dir='ltr'><strong>Deus</strong></span> <span class='ocrx_word' id='word_1_760' title='bbox 2380 4024 2471 4076; x_wconf 88' lang='lat' dir='ltr'><strong>per</strong></span> <span class='ocrx_word' id='word_1_761' title='bbox 2502 4026 2557 4063; x_wconf 82' lang='lat' dir='ltr'><strong>se</strong></span> <span class='ocrx_word' id='word_1_762' title='bbox 2577 4013 2866 4079; x_wconf 81' lang='lat' dir='ltr'><strong>productus</strong></span> <span class='ocrx_word' id='word_1_763' title='bbox 2891 4020 2988 4065; x_wconf 81' lang='lat' dir='ltr'><strong>est.</strong></span> <span class='ocrx_word' id='word_1_764' title='bbox 3020 4011 3198 4076; x_wconf 85' lang='lat' dir='ltr'><strong>Quare</strong></span> <span class='ocrx_word' id='word_1_765' title='bbox 3230 4011 3315 4064; x_wconf 82' lang='lat' dir='ltr'><strong>di-</strong></span> 
     </span>
    </p>
   </div>
   <div class='ocr_carea' id='block_1_98' title="bbox 1729 4100 3310 4170">
    <p class='ocr_par' dir='ltr' id='par_1_98' title="bbox 1729 4100 3310 4170">
     <span class='ocr_line' id='line_1_99' title="bbox 1729 4100 3310 4170; baseline 0 -13"><span class='ocrx_word' id='word_1_766' title='bbox 1729 4105 1941 4158; x_wconf 80' lang='lat' dir='ltr'><strong>stiu’ctio</strong></span> <span class='ocrx_word' id='word_1_767' title='bbox 1972 4103 2213 4157; x_wconf 74' lang='lat' dir='ltr'><strong>assentire</strong></span> <span class='ocrx_word' id='word_1_768' title='bbox 2232 4111 2280 4156; x_wconf 87' lang='lat' dir='ltr'><strong>et</strong></span> <span class='ocrx_word' id='word_1_769' title='bbox 2304 4101 2590 4155; x_wconf 81' lang='lat' dir='ltr'><strong>voluntatis</strong></span> <span class='ocrx_word' id='word_1_770' title='bbox 2615 4101 2667 4152; x_wconf 88' lang='lat' dir='ltr'><strong>in</strong></span> <span class='ocrx_word' id='word_1_771' title='bbox 2701 4100 2810 4156; x_wconf 87' lang='lat' dir='ltr'><strong>Deo</strong></span> <span class='ocrx_word' id='word_1_772' title='bbox 2836 4102 3136 4170; x_wconf 80' lang='lat' dir='ltr'><strong>rejicienda.</strong></span> <span class='ocrx_word' id='word_1_773' title='bbox 3171 4103 3310 4157; x_wconf 84' lang='lat' dir='ltr'><strong>Cum</strong></span> 
     </span>
    </p>
   </div>
   <div class='ocr_carea' id='block_1_99' title="bbox 1731 4192 3310 4254">
    <p class='ocr_par' dir='ltr' id='par_1_99' title="bbox 1731 4192 3310 4254">
     <span class='ocr_line' id='line_1_100' title="bbox 1731 4192 3310 4254; baseline 0.001 -7"><span class='ocrx_word' id='word_1_774' title='bbox 1731 4195 1873 4250; x_wconf 89' lang='lat' dir='ltr'><strong>Deus</strong></span> <span class='ocrx_word' id='word_1_775' title='bbox 1905 4195 2102 4250; x_wconf 88' lang='lat' dir='ltr'><strong>habeat</strong></span> <span class='ocrx_word' id='word_1_776' title='bbox 2125 4193 2423 4248; x_wconf 85' lang='lat' dir='ltr'><strong>essentiam</strong></span> <span class='ocrx_word' id='word_1_777' title='bbox 2455 4200 2512 4245; x_wconf 89' lang='lat' dir='ltr'><strong>ut</strong></span> <span class='ocrx_word' id='word_1_778' title='bbox 2534 4192 2790 4254; x_wconf 78' lang='lat' dir='ltr'><strong>exsistat,</strong></span> <span class='ocrx_word' id='word_1_779' title='bbox 2816 4193 3152 4247; x_wconf 82' lang='lat' dir='ltr'><strong>voluntatem</strong></span> <span class='ocrx_word' id='word_1_780' title='bbox 3180 4209 3310 4249; x_wconf 87' lang='lat' dir='ltr'><strong>vero</strong></span> 
     </span>
    </p>
   </div>
   <div class='ocr_carea' id='block_1_100' title="bbox 1728 4283 3308 4355">
    <p class='ocr_par' dir='ltr' id='par_1_100' title="bbox 1728 4283 3308 4355">
     <span class='ocr_line' id='line_1_101' title="bbox 1728 4283 3308 4355; baseline -0.001 -15"><span class='ocrx_word' id='word_1_781' title='bbox 1728 4297 1788 4340; x_wconf 89' lang='lat' dir='ltr'><strong>ut</strong></span> <span class='ocrx_word' id='word_1_782' title='bbox 1825 4287 2014 4340; x_wconf 86' lang='lat' dir='ltr'><strong>faciat:</strong></span> <span class='ocrx_word' id='word_1_783' title='bbox 2058 4285 2152 4355; x_wconf 90' lang='lat' dir='ltr'><strong>qui</strong></span> <span class='ocrx_word' id='word_1_784' title='bbox 2199 4283 2562 4339; x_wconf 79' lang='lat' dir='ltr'><strong>diﬂerentiam</strong></span> <span class='ocrx_word' id='word_1_785' title='bbox 2610 4283 2862 4337; x_wconf 74' lang='lat' dir='ltr'><strong>essentia:</strong></span> <span class='ocrx_word' id='word_1_786' title='bbox 2904 4291 2958 4338; x_wconf 87' lang='lat' dir='ltr'><strong>et</strong></span> <span class='ocrx_word' id='word_1_787' title='bbox 3009 4284 3308 4338; x_wconf 90' lang='lat' dir='ltr'><strong>voluntatis</strong></span> 
     </span>
    </p>
   </div>
   <div class='ocr_carea' id='block_1_101' title="bbox 1728 4373 3304 4448">
    <p class='ocr_par' dir='ltr' id='par_1_101' title="bbox 1728 4373 3304 4448">
     <span class='ocr_line' id='line_1_102' title="bbox 1728 4373 3304 4448; baseline -0.002 -16"><span class='ocrx_word' id='word_1_788' title='bbox 1728 4379 1926 4448; x_wconf 87' lang='lat' dir='ltr'><strong>rejicit.</strong></span> <span class='ocrx_word' id='word_1_789' title='bbox 1957 4378 2336 4434; x_wconf 79' lang='lat' dir='ltr'><strong>exsistentiam</strong></span> <span class='ocrx_word' id='word_1_790' title='bbox 2365 4375 2520 4444; x_wconf 86' lang='lat' dir='ltr'><strong>juxta</strong></span> <span class='ocrx_word' id='word_1_791' title='bbox 2550 4385 2604 4430; x_wconf 91' lang='lat' dir='ltr'><strong>et</strong></span> <span class='ocrx_word' id='word_1_792' title='bbox 2622 4375 2962 4430; x_wconf 77' lang='lat' dir='ltr'><strong>effectionem</strong></span> <span class='ocrx_word' id='word_1_793' title='bbox 2992 4373 3081 4430; x_wconf 91' lang='lat' dir='ltr'><strong>Dei</strong></span> <span class='ocrx_word' id='word_1_794' title='bbox 3106 4375 3304 4444; x_wconf 89' lang='lat' dir='ltr'><strong>rejicit;</strong></span> 
     </span>
    </p>
   </div>
   <div class='ocr_carea' id='block_1_102' title="bbox 1726 4463 3305 4534">
    <p class='ocr_par' dir='ltr' id='par_1_102' title="bbox 1726 4463 3305 4534">
     <span class='ocr_line' id='line_1_103' title="bbox 1726 4463 3305 4534; baseline 0 -14"><span class='ocrx_word' id='word_1_795' title='bbox 1726 4467 2102 4522; x_wconf 79' lang='lat' dir='ltr'><strong>exsistentiam</strong></span> <span class='ocrx_word' id='word_1_796' title='bbox 2156 4465 2399 4534; x_wconf 86' lang='lat' dir='ltr'><strong>quidem,</strong></span> <span class='ocrx_word' id='word_1_797' title='bbox 2452 4465 2667 4533; x_wconf 88' lang='lat' dir='ltr'><strong>ipsius;</strong></span> <span class='ocrx_word' id='word_1_798' title='bbox 2723 4463 3063 4518; x_wconf 83' lang='lat' dir='ltr'><strong>eflectionem</strong></span> <span class='ocrx_word' id='word_1_799' title='bbox 3100 4476 3305 4530; x_wconf 83' lang='lat' dir='ltr'><strong>autem,</strong></span> 
     </span>
    </p>
   </div>
   <div class='ocr_carea' id='block_1_103' title="bbox 1727 4553 3304 4626">
    <p class='ocr_par' dir='ltr' id='par_1_103' title="bbox 1727 4553 3304 4626">
     <span class='ocr_line' id='line_1_104' title="bbox 1727 4553 3304 4626; baseline -0.002 -14"><span class='ocrx_word' id='word_1_800' title='bbox 1727 4571 1915 4612; x_wconf 87' lang='lat' dir='ltr'><strong>eorum</strong></span> <span class='ocrx_word' id='word_1_801' title='bbox 1949 4571 2069 4626; x_wconf 78' lang='lat' dir='ltr'><strong>qua:</strong></span> <span class='ocrx_word' id='word_1_802' title='bbox 2098 4571 2205 4609; x_wconf 90' lang='lat' dir='ltr'><strong>non</strong></span> <span class='ocrx_word' id='word_1_803' title='bbox 2237 4562 2415 4611; x_wconf 89' lang='lat' dir='ltr'><strong>erant.</strong></span> <span class='ocrx_word' id='word_1_804' title='bbox 2453 4553 2626 4608; x_wconf 85' lang='lat' dir='ltr'><strong>Porro</strong></span> <span class='ocrx_word' id='word_1_805' title='bbox 2671 4553 2832 4607; x_wconf 86' lang='lat' dir='ltr'><strong>aliam</strong></span> <span class='ocrx_word' id='word_1_806' title='bbox 2861 4569 2984 4609; x_wconf 92' lang='lat' dir='ltr'><strong>esse</strong></span> <span class='ocrx_word' id='word_1_807' title='bbox 3007 4557 3304 4610; x_wconf 87' lang='lat' dir='ltr'><strong>essentiam</strong></span> 
     </span>
    </p>
   </div>
   <div class='ocr_carea' id='block_1_104' title="bbox 1727 4645 3306 4717">
    <p class='ocr_par' dir='ltr' id='par_1_104' title="bbox 1727 4645 3306 4717">
     <span class='ocr_line' id='line_1_105' title="bbox 1727 4645 3306 4717; baseline 0.001 -17"><span class='ocrx_word' id='word_1_808' title='bbox 1727 4645 1846 4712; x_wconf 89' lang='lat' dir='ltr'><strong>Dei,</strong></span> <span class='ocrx_word' id='word_1_809' title='bbox 1875 4655 1930 4704; x_wconf 90' lang='lat' dir='ltr'><strong>et</strong></span> <span class='ocrx_word' id='word_1_810' title='bbox 1961 4647 2123 4700; x_wconf 90' lang='lat' dir='ltr'><strong>aliam</strong></span> <span class='ocrx_word' id='word_1_811' title='bbox 2152 4647 2507 4712; x_wconf 87' lang='lat' dir='ltr'><strong>voluntatem,</strong></span> <span class='ocrx_word' id='word_1_812' title='bbox 2539 4661 2602 4700; x_wconf 88' lang='lat' dir='ltr'><strong>ex</strong></span> <span class='ocrx_word' id='word_1_813' title='bbox 2637 4645 2816 4700; x_wconf 82' lang='lat' dir='ltr'><strong>verbis</strong></span> <span class='ocrx_word' id='word_1_814' title='bbox 2860 4645 3025 4700; x_wconf 88' lang='lat' dir='ltr'><strong>etiam</strong></span> <span class='ocrx_word' id='word_1_815' title='bbox 3076 4662 3306 4717; x_wconf 88' lang='lat' dir='ltr'><strong>respon-</strong></span> 
     </span>
    </p>
   </div>
   <div class='ocr_carea' id='block_1_105' title="bbox 1722 4737 3305 4808">
    <p class='ocr_par' dir='ltr' id='par_1_105' title="bbox 1722 4737 3305 4808">
     <span class='ocr_line' id='line_1_106' title="bbox 1722 4737 3305 4808; baseline 0.001 -15"><span class='ocrx_word' id='word_1_816' title='bbox 1722 4738 1866 4794; x_wconf 86' lang='lat' dir='ltr'><strong>soris</strong></span> <span class='ocrx_word' id='word_1_817' title='bbox 1897 4739 2326 4802; x_wconf 86' lang='lat' dir='ltr'><strong>demonstratur,</strong></span> <span class='ocrx_word' id='word_1_818' title='bbox 2354 4754 2477 4793; x_wconf 91' lang='lat' dir='ltr'><strong>cum</strong></span> <span class='ocrx_word' id='word_1_819' title='bbox 2501 4738 2667 4792; x_wconf 90' lang='lat' dir='ltr'><strong>dicit:</strong></span> <span class='ocrx_word' id='word_1_820' title='bbox 2691 4737 2834 4791; x_wconf 86' lang='lat' dir='ltr'><strong>Nam</strong></span> <span class='ocrx_word' id='word_1_821' title='bbox 2866 4739 3004 4808; x_wconf 79' lang='lat' dir='ltr'><strong>quod</strong></span> <span class='ocrx_word' id='word_1_822' title='bbox 3028 4743 3305 4803; x_wconf 79' lang='lat' dir='ltr'><strong>est,etiam</strong></span> 
     </span>
    </p>
   </div>
   <div class='ocr_carea' id='block_1_106' title="bbox 1723 4831 3304 4902">
    <p class='ocr_par' dir='ltr' id='par_1_106' title="bbox 1723 4831 3304 4902">
     <span class='ocr_line' id='line_1_107' title="bbox 1723 4831 3304 4902; baseline 0.003 -17"><span class='ocrx_word' id='word_1_823' title='bbox 1723 4833 1870 4898; x_wconf 80' lang='lat' dir='ltr'><strong>vult;</strong></span> <span class='ocrx_word' id='word_1_824' title='bbox 1897 4843 1946 4887; x_wconf 88' lang='lat' dir='ltr'><strong>et</strong></span> <span class='ocrx_word' id='word_1_825' title='bbox 1983 4831 2121 4902; x_wconf 83' lang='lat' dir='ltr'><strong>quod</strong></span> <span class='ocrx_word' id='word_1_826' title='bbox 2163 4832 2294 4896; x_wconf 86' lang='lat' dir='ltr'><strong>vult,</strong></span> <span class='ocrx_word' id='word_1_827' title='bbox 2331 4841 2427 4887; x_wconf 82' lang='lat' dir='ltr'><strong>est.</strong></span> <span class='ocrx_word' id='word_1_828' title='bbox 2463 4832 2745 4887; x_wconf 85' lang='lat' dir='ltr'><strong>Convertit</strong></span> <span class='ocrx_word' id='word_1_829' title='bbox 2775 4835 3082 4888; x_wconf 88' lang='lat' dir='ltr'><strong>substantia</strong></span> <span class='ocrx_word' id='word_1_830' title='bbox 3109 4837 3304 4890; x_wconf 86' lang='lat' dir='ltr'><strong>volun-</strong></span> 
     </span>
    </p>
   </div>
   <div class='ocr_carea' id='block_1_107' title="bbox 1720 4923 3304 4989">
    <p class='ocr_par' dir='ltr' id='par_1_107' title="bbox 1720 4923 3304 4989">
     <span class='ocr_line' id='line_1_108' title="bbox 1720 4923 3304 4989; baseline 0.004 -15"><span class='ocrx_word' id='word_1_831' title='bbox 1720 4928 1909 4989; x_wconf 87' lang='lat' dir='ltr'><strong>tatem,</strong></span> <span class='ocrx_word' id='word_1_832' title='bbox 1938 4932 1991 4977; x_wconf 85' lang='lat' dir='ltr'><strong>et</strong></span> <span class='ocrx_word' id='word_1_833' title='bbox 2037 4923 2316 4977; x_wconf 88' lang='lat' dir='ltr'><strong>voluntate</strong></span> <span class='ocrx_word' id='word_1_834' title='bbox 2366 4924 2753 4978; x_wconf 88' lang='lat' dir='ltr'><strong>substantiam.</strong></span> <span class='ocrx_word' id='word_1_835' title='bbox 2786 4925 3087 4982; x_wconf 86' lang='lat' dir='ltr'><strong>Conversio</strong></span> <span class='ocrx_word' id='word_1_836' title='bbox 3124 4937 3304 4983; x_wconf 89' lang='lat' dir='ltr'><strong>autem</strong></span> 
     </span>
    </p>
   </div>
   <div class='ocr_carea' id='block_1_108' title="bbox 1725 5016 3305 5087">
    <p class='ocr_par' dir='ltr' id='par_1_108' title="bbox 1725 5016 3305 5087">
     <span class='ocr_line' id='line_1_109' title="bbox 1725 5016 3305 5087; baseline 0.001 -16"><span class='ocrx_word' id='word_1_837' title='bbox 1725 5016 1841 5071; x_wconf 84' lang='lat' dir='ltr'><strong>ﬁeri</strong></span> <span class='ocrx_word' id='word_1_838' title='bbox 1888 5032 1996 5070; x_wconf 89' lang='lat' dir='ltr'><strong>non</strong></span> <span class='ocrx_word' id='word_1_839' title='bbox 2045 5024 2246 5086; x_wconf 90' lang='lat' dir='ltr'><strong>potest,</strong></span> <span class='ocrx_word' id='word_1_840' title='bbox 2286 5016 2389 5071; x_wconf 91' lang='lat' dir='ltr'><strong>nisi</strong></span> <span class='ocrx_word' id='word_1_841' title='bbox 2445 5033 2507 5071; x_wconf 90' lang='lat' dir='ltr'><strong>ea</strong></span> <span class='ocrx_word' id='word_1_842' title='bbox 2563 5034 2686 5087; x_wconf 73' lang='lat' dir='ltr'><strong>qua:</strong></span> <span class='ocrx_word' id='word_1_843' title='bbox 2741 5027 3160 5085; x_wconf 88' lang='lat' dir='ltr'><strong>convertuntur,</strong></span> <span class='ocrx_word' id='word_1_844' title='bbox 3193 5021 3305 5076; x_wconf 90' lang='lat' dir='ltr'><strong>sint</strong></span> 
     </span>
    </p>
   </div>
   <div class='ocr_carea' id='block_1_109' title="bbox 1721 5108 3303 5178">
    <p class='ocr_par' dir='ltr' id='par_1_109' title="bbox 1721 5108 3303 5178">
     <span class='ocr_line' id='line_1_110' title="bbox 1721 5108 3303 5178; baseline 0.002 -16"><span class='ocrx_word' id='word_1_845' title='bbox 1721 5109 1868 5164; x_wconf 89' lang='lat' dir='ltr'><strong>aliud</strong></span> <span class='ocrx_word' id='word_1_846' title='bbox 1920 5115 2082 5178; x_wconf 88' lang='lat' dir='ltr'><strong>atque</strong></span> <span class='ocrx_word' id='word_1_847' title='bbox 2133 5108 2301 5173; x_wconf 85' lang='lat' dir='ltr'><strong>aliud,</strong></span> <span class='ocrx_word' id='word_1_848' title='bbox 2355 5109 2469 5164; x_wconf 90' lang='lat' dir='ltr'><strong>sive</strong></span> <span class='ocrx_word' id='word_1_849' title='bbox 2520 5111 2752 5172; x_wconf 82' lang='lat' dir='ltr'><strong>ratione,</strong></span> <span class='ocrx_word' id='word_1_850' title='bbox 2803 5111 2919 5166; x_wconf 88' lang='lat' dir='ltr'><strong>sive</strong></span> <span class='ocrx_word' id='word_1_851' title='bbox 2966 5129 3214 5165; x_wconf 83' lang='lat' dir='ltr'><strong>numero.</strong></span> <span class='ocrx_word' id='word_1_852' title='bbox 3251 5111 3303 5165; x_wconf 90' lang='lat' dir='ltr'><strong>Id</strong></span> 
     </span>
    </p>
   </div>
   <div class='ocr_carea' id='block_1_110' title="bbox 1720 5200 3303 5273">
    <p class='ocr_par' dir='ltr' id='par_1_110' title="bbox 1720 5200 3303 5273">
     <span class='ocr_line' id='line_1_111' title="bbox 1720 5200 3303 5273; baseline 0.002 -20"><span class='ocrx_word' id='word_1_853' title='bbox 1720 5200 1867 5270; x_wconf 85' lang='lat' dir='ltr'><strong>quod</strong></span> <span class='ocrx_word' id='word_1_854' title='bbox 1913 5215 2146 5254; x_wconf 88' lang='lat' dir='ltr'><strong>numero</strong></span> <span class='ocrx_word' id='word_1_855' title='bbox 2194 5217 2360 5255; x_wconf 93' lang='lat' dir='ltr'><strong>unum</strong></span> <span class='ocrx_word' id='word_1_856' title='bbox 2406 5210 2510 5267; x_wconf 91' lang='lat' dir='ltr'><strong>est,</strong></span> <span class='ocrx_word' id='word_1_857' title='bbox 2543 5203 2678 5258; x_wconf 88' lang='lat' dir='ltr'><strong>nihil</strong></span> <span class='ocrx_word' id='word_1_858' title='bbox 2710 5204 2893 5260; x_wconf 86' lang='lat' dir='ltr'><strong>obstat</strong></span> <span class='ocrx_word' id='word_1_859' title='bbox 2927 5203 3060 5273; x_wconf 84' lang='lat' dir='ltr'><strong>quin</strong></span> <span class='ocrx_word' id='word_1_860' title='bbox 3092 5204 3303 5257; x_wconf 87' lang='lat' dir='ltr'><strong>ratione</strong></span> 
     </span>
    </p>
   </div>
   <div class='ocr_carea' id='block_1_111' title="bbox 1722 5290 3302 5363">
    <p class='ocr_par' dir='ltr' id='par_1_111' title="bbox 1722 5290 3302 5363">
     <span class='ocr_line' id='line_1_112' title="bbox 1722 5290 3302 5363; baseline 0.001 -21"><span class='ocrx_word' id='word_1_861' title='bbox 1722 5290 1870 5345; x_wconf 89' lang='lat' dir='ltr'><strong>aliud</strong></span> <span class='ocrx_word' id='word_1_862' title='bbox 1901 5290 1972 5344; x_wconf 90' lang='lat' dir='ltr'><strong>sit</strong></span> <span class='ocrx_word' id='word_1_863' title='bbox 2001 5298 2165 5360; x_wconf 90' lang='lat' dir='ltr'><strong>atque</strong></span> <span class='ocrx_word' id='word_1_864' title='bbox 2211 5291 2357 5347; x_wconf 90' lang='lat' dir='ltr'><strong>aliud</strong></span> <span class='ocrx_word' id='word_1_865' title='bbox 2394 5313 2405 5347; x_wconf 93' lang='lat'><strong>:</strong></span> <span class='ocrx_word' id='word_1_866' title='bbox 2443 5301 2500 5348; x_wconf 86' lang='lat' dir='ltr'><strong>ut</strong></span> <span class='ocrx_word' id='word_1_867' title='bbox 2547 5303 2698 5363; x_wconf 86' lang='lat' dir='ltr'><strong>puta,</strong></span> <span class='ocrx_word' id='word_1_868' title='bbox 2730 5294 2872 5348; x_wconf 89' lang='lat' dir='ltr'><strong>linea</strong></span> <span class='ocrx_word' id='word_1_869' title='bbox 2914 5300 3086 5357; x_wconf 87' lang='lat' dir='ltr'><strong>recta,</strong></span> <span class='ocrx_word' id='word_1_870' title='bbox 3117 5292 3302 5346; x_wconf 86' lang='lat' dir='ltr'><strong>subsi-</strong></span> 
     </span>
    </p>
   </div>
   <div class='ocr_carea' id='block_1_112' title="bbox 1721 5383 3300 5457">
    <p class='ocr_par' dir='ltr' id='par_1_112' title="bbox 1721 5383 3300 5457">
     <span class='ocr_line' id='line_1_113' title="bbox 1721 5383 3300 5457; baseline 0.001 -20"><span class='ocrx_word' id='word_1_871' title='bbox 1721 5383 1919 5438; x_wconf 86' lang='lat' dir='ltr'><strong>stentia</strong></span> <span class='ocrx_word' id='word_1_872' title='bbox 1945 5385 2184 5454; x_wconf 89' lang='lat' dir='ltr'><strong>quidem,</strong></span> <span class='ocrx_word' id='word_1_873' title='bbox 2211 5393 2475 5457; x_wconf 89' lang='lat' dir='ltr'><strong>quantum</strong></span> <span class='ocrx_word' id='word_1_874' title='bbox 2505 5387 2571 5440; x_wconf 87' lang='lat' dir='ltr'><strong>ad</strong></span> <span class='ocrx_word' id='word_1_875' title='bbox 2603 5402 2888 5441; x_wconf 87' lang='lat' dir='ltr'><strong>numerum</strong></span> <span class='ocrx_word' id='word_1_876' title='bbox 2915 5385 3167 5455; x_wconf 88' lang='lat' dir='ltr'><strong>pertinet,</strong></span> <span class='ocrx_word' id='word_1_877' title='bbox 3195 5401 3300 5438; x_wconf 84' lang='lat' dir='ltr'><strong>una</strong></span> 
     </span>
    </p>
   </div>
   <div class='ocr_carea' id='block_1_113' title="bbox 1720 5475 3302 5544">
    <p class='ocr_par' dir='ltr' id='par_1_113' title="bbox 1720 5475 3302 5544">
     <span class='ocr_line' id='line_1_114' title="bbox 1720 5475 3302 5544; baseline 0 -16"><span class='ocrx_word' id='word_1_878' title='bbox 1720 5481 1804 5528; x_wconf 88' lang='lat' dir='ltr'><strong>est</strong></span> <span class='ocrx_word' id='word_1_879' title='bbox 1837 5493 1850 5529; x_wconf 90' lang='lat'><strong>:</strong></span> <span class='ocrx_word' id='word_1_880' title='bbox 1883 5483 2148 5544; x_wconf 90' lang='lat' dir='ltr'><strong>quantum</strong></span> <span class='ocrx_word' id='word_1_881' title='bbox 2187 5483 2367 5531; x_wconf 90' lang='lat' dir='ltr'><strong>autem</strong></span> <span class='ocrx_word' id='word_1_882' title='bbox 2418 5477 2484 5530; x_wconf 88' lang='lat' dir='ltr'><strong>ad</strong></span> <span class='ocrx_word' id='word_1_883' title='bbox 2535 5477 2802 5532; x_wconf 88' lang='lat' dir='ltr'><strong>rationem</strong></span> <span class='ocrx_word' id='word_1_884' title='bbox 2856 5475 3199 5530; x_wconf 83' lang='lat' dir='ltr'><strong>rectitudinis</strong></span> <span class='ocrx_word' id='word_1_885' title='bbox 3247 5485 3302 5530; x_wconf 88' lang='lat' dir='ltr'><strong>et</strong></span> 
     </span>
    </p>
   </div>
   <div class='ocr_carea' id='block_1_114' title="bbox 1791 5655 3302 5726">
    <p class='ocr_par' dir='ltr' id='par_1_114' title="bbox 1791 5655 3302 5726">
     <span class='ocr_line' id='line_1_115' title="bbox 1791 5655 3302 5726; baseline -0.003 -15"><span class='ocrx_word' id='word_1_886' title='bbox 1791 5657 1904 5726; x_wconf 83' lang='grc'>(75)</span> <span class='ocrx_word' id='word_1_887' title='bbox 1949 5659 2246 5726; x_wconf 72' lang='grc' dir='ltr'>Ἅῤῥητον.</span> <span class='ocrx_word' id='word_1_888' title='bbox 2291 5656 2440 5710; x_wconf 86' lang='lat' dir='ltr'><strong>Hanc</strong></span> <span class='ocrx_word' id='word_1_889' title='bbox 2479 5671 2703 5718; x_wconf 88' lang='lat' dir='ltr'><strong>vocem,</strong></span> <span class='ocrx_word' id='word_1_890' title='bbox 2740 5671 2901 5724; x_wconf 87' lang='lat' dir='ltr'><strong>quam</strong></span> <span class='ocrx_word' id='word_1_891' title='bbox 2935 5672 3002 5711; x_wconf 82' lang='lat' dir='ltr'><strong>ex</strong></span> <span class='ocrx_word' id='word_1_892' title='bbox 3036 5655 3140 5709; x_wconf 87' lang='lat' dir='ltr'><strong>hoc</strong></span> <span class='ocrx_word' id='word_1_893' title='bbox 3176 5656 3302 5709; x_wconf 83' lang='lat' dir='ltr'><strong>loco</strong></span> 
     </span>
    </p>
   </div>
   <div class='ocr_carea' id='block_1_115' title="bbox 1718 5726 3302 5796">
    <p class='ocr_par' dir='ltr' id='par_1_115' title="bbox 1718 5726 3302 5796">
     <span class='ocr_line' id='line_1_116' title="bbox 1718 5726 3302 5796; baseline -0.003 -12"><span class='ocrx_word' id='word_1_894' title='bbox 1718 5727 1990 5784; x_wconf 78' lang='lat' dir='ltr'><strong>excidisse</strong></span> <span class='ocrx_word' id='word_1_895' title='bbox 2024 5727 2372 5782; x_wconf 86' lang='lat' dir='ltr'><strong>manifestum</strong></span> <span class='ocrx_word' id='word_1_896' title='bbox 2413 5737 2516 5788; x_wconf 84' lang='lat' dir='ltr'><strong>cst,</strong></span> <span class='ocrx_word' id='word_1_897' title='bbox 2553 5726 2764 5780; x_wconf 89' lang='lat' dir='ltr'><strong>restitui</strong></span> <span class='ocrx_word' id='word_1_898' title='bbox 2818 5743 2884 5780; x_wconf 84' lang='lat' dir='ltr'><strong>ex</strong></span> <span class='ocrx_word' id='word_1_899' title='bbox 2917 5729 3035 5796; x_wconf 89' lang='lat' dir='ltr'><strong>ipso</strong></span> <span class='ocrx_word' id='word_1_900' title='bbox 3066 5742 3302 5796; x_wconf 87' lang='lat' dir='ltr'><strong>respon-</strong></span> 
     </span>
    </p>
   </div>
   <div class='ocr_carea' id='block_1_116' title="bbox 1719 5797 2677 5867">
    <p class='ocr_par' dir='ltr' id='par_1_116' title="bbox 1719 5797 2677 5867">
     <span class='ocr_line' id='line_1_117' title="bbox 1719 5797 2677 5867; baseline -0.007 -12"><span class='ocrx_word' id='word_1_901' title='bbox 1719 5799 1864 5855; x_wconf 91' lang='lat' dir='ltr'><strong>soris</strong></span> <span class='ocrx_word' id='word_1_902' title='bbox 1889 5806 2060 5860; x_wconf 85' lang='lat' dir='ltr'><strong>textu,</strong></span> <span class='ocrx_word' id='word_1_903' title='bbox 2093 5799 2185 5867; x_wconf 90' lang='lat' dir='ltr'><strong>qui</strong></span> <span class='ocrx_word' id='word_1_904' title='bbox 2222 5797 2360 5851; x_wconf 88' lang='lat' dir='ltr'><strong>infra</strong></span> <span class='ocrx_word' id='word_1_905' title='bbox 2399 5798 2677 5865; x_wconf 86' lang='lat' dir='ltr'><strong>repetitur.</strong></span> 
     </span>
    </p>
   </div>
   <div class='ocr_carea' id='block_1_117' title="bbox 1793 5867 3298 5939">
    <p class='ocr_par' dir='ltr' id='par_1_117' title="bbox 1793 5867 3298 5939">
     <span class='ocr_line' id='line_1_118' title="bbox 1793 5867 3298 5939; baseline 0.001 -19"><span class='ocrx_word' id='word_1_906' title='bbox 1793 5869 1904 5939; x_wconf 63' lang='lat' dir='ltr'><strong>(7i)</strong></span> <span class='ocrx_word' id='word_1_907' title='bbox 1959 5868 2348 5935; x_wconf 66' lang='grc' dir='ltr'>Ἀντέστριψε.</span> <span class='ocrx_word' id='word_1_908' title='bbox 2393 5869 2628 5922; x_wconf 80' lang='lat' dir='ltr'><strong>Clarum.</strong></span> <span class='ocrx_word' id='word_1_909' title='bbox 2671 5868 2910 5938; x_wconf 80' lang='grc' dir='ltr'>δηλονότι</span> <span class='ocrx_word' id='word_1_910' title='bbox 2936 5867 3298 5938; x_wconf 64' lang='grc' dir='ltr'>ἀντέστρεφε.</span> 
     </span>
    </p>
   </div>
  </div>
