3638 6502
349 401 478 456 H51

1096 397 1454 454 APPENDlX.
1494 429 1562 438 —
1588 394 1768 450 PARS
1801 396 1841 450 l.
1885 396 1941 449 S.
1983 395 2246 451 JUSTINI
2290 395 2517 451 OPERA
2560 392 2832 451 SPURIA.

3452 392 3573 449 Ηὖέ

343 516 519 580 lineae,
552 514 699 571 aliud
733 521 898 584 atque
926 514 1095 570 aliud.
1126 514 1209 568 Ad
1242 515 1385 568 hunc
1412 511 1631 567 modum
1652 510 1780 564 divit

2135 527 2164 560 ›.
2198 507 2353 561 Κατὰ
2380 509 2470 560 τὸν
2498 507 2698 579 τρόπον
2724 506 2911 560 τοῦτον
2953 506 3015 558 οὐ
3046 505 3336 576 διαιρεῖται
3364 505 3462 578 (75)
3489 510 3572 560 τοῦ

341 616 540 661 natura
583 606 700 672 Dei,
751 607 967 661 ratione
1014 606 1336 661 substantiae
1382 616 1435 659 et
1490 601 1808 659 voluntatis.
1859 599 1915 655 Si

340 698 488 753 aliud
520 708 605 755 est
633 714 776 765 esse,
805 706 862 752 et
907 697 1057 751 aliud
1106 697 1318 761 inesse;
1345 705 1399 750 et
1445 704 1528 750 est
1564 693 1783 765 quidem
1823 692 1916 748 Dei

338 793 603 855 essentia,
641 790 784 846 inest
812 806 943 846 vero
976 789 1230 845 essentia:
1260 788 1552 853 voluntas;
1589 786 1694 839 alia
1727 785 1915 855 utique

338 891 425 939 est
465 884 705 940 essentia
736 882 852 949 Dei,
888 890 943 937 et
992 881 1097 935 alia
1128 882 1401 935 voluntas.
1445 876 1504 932 Si
1534 878 1787 934 voluntas
1821 877 1914 933 Dei

338 988 407 1028 cx
438 973 678 1029 essentia
724 982 830 1036 est,
871 987 981 1025 non
1022 979 1203 1025 autem
1234 968 1475 1024 essentia
1504 983 1572 1022 ex
1603 967 1913 1023 voluntate:

340 1064 445 1119 alia
497 1071 645 1119 certe
682 1063 920 1118 essentia
966 1060 1083 1129 Dei,
1114 1071 1168 1116 et
1212 1061 1318 1115 alia
1355 1062 1628 1116 voluntas.
1664 1059 1915 1115 Essentia

340 1154 432 1210 Dei
484 1156 598 1211 ﬁeri
650 1171 760 1209 non
811 1160 988 1224 potest
1022 1163 1080 1207 ut
1110 1153 1351 1208 essentia
1386 1168 1494 1206 non
1527 1152 1627 1219 sit;
1666 1152 1918 1207 voluntas

341 1256 521 1302 autem
576 1247 691 1309 Dei,
727 1256 785 1303 ut
821 1264 929 1302 non
968 1246 1117 1309 velit,
1157 1245 1271 1301 fieri
1324 1252 1504 1315 potest
1537 1262 1552 1299 :
1589 1245 1777 1309 veluti,
1824 1259 1917 1299 vo-

342 1338 444 1391 luit
477 1337 620 1393 Deus
654 1338 832 1392 lacere
862 1338 1032 1393 solem
1064 1354 1255 1400 unum,
1294 1340 1595 1395 secundum
1632 1341 1802 1395 solem
1838 1340 1912 1394 fa-

342 1446 465 1484 rch
512 1446 620 1484 non
658 1431 861 1498 voluit,
896 1431 1046 1501 quia,
1082 1440 1143 1484 ut
1194 1440 1311 1487 erat
1365 1434 1528 1489 rebus
1562 1434 1715 1499 utile,
1747 1448 1915 1488 unum

337 1536 459 1575 esse
508 1521 677 1576 solem
707 1564 721 1586 ,
759 1524 893 1577 utile
926 1523 1091 1579 rebus
1124 1540 1235 1578 non
1272 1523 1395 1589 fuit,
1441 1526 1741 1580 secundum
1795 1540 1919 1581 esse

337 1614 531 1669 solem.
556 1613 632 1668 Ae
665 1615 719 1668 id
744 1614 963 1685 quidem
998 1615 1144 1687 quod
1176 1617 1309 1672 utile
1342 1618 1533 1683 voluit,
1556 1618 1699 1688 quod
1735 1625 1915 1672 autem

337 1721 447 1758 non
496 1706 629 1760 utile
674 1722 785 1759 non
819 1706 1011 1761 voluit.
1047 1706 1249 1762 Verum
1284 1708 1330 1763 si
1367 1709 1441 1761 ita
1476 1708 1659 1771 habet,
1696 1708 1801 1761 alia
1832 1715 1916 1762 est

339 1798 599 1852 nimirum
652 1800 893 1854 essentia
930 1799 1020 1854 Dei
1055 1810 1109 1854 et
1141 1800 1246 1854 alia
1283 1802 1553 1856 voluntas.
1594 1800 1649 1855 Si
1684 1800 1828 1857 Deus
1862 1802 1915 1856 id

2019 599 2153 652 Θεοῦ
2179 601 2211 670 ἡ
2244 597 2405 669 φύσις
2430 598 2508 670 τῷ
2535 599 2680 669 λόγῳ
2705 598 2803 670 τῆς
2822 594 3013 661 οὐσίας
3040 600 3135 651 καὶ
3165 599 3265 669 τῆς
3293 598 3489 670 βουλῆς.
3520 603 3576 656 El

2020 692 2147 747 ἄλλο
2171 694 2232 745 τὸ
2263 692 2549 763 ὑπάρχειν,
2574 692 2669 745 καὶ
2690 691 2815 746 ἄλλο
2844 690 2906 743 τὸ
2935 690 3267 761 ἐνυπάρχειν
3284 708 3297 720 ’
3322 693 3409 744 καὶ
3430 693 3578 764 ῦπαρ-

2018 803 2101 857 χει
2142 786 2239 857 μὲν
2272 784 2368 838 τοῦ
2394 785 2528 837 Θεοῦ
2556 788 2590 856 ὴ
2622 784 2796 849 οὐσία,
2829 784 3128 855 ἐνυπάρχει
3167 783 3225 837 δὲ
3270 786 3338 855 τῇ
3371 787 3513 858 οὐσίᾳ
3551 790 3580 857 ἡ

2021 878 2181 949 βουλή
2202 896 2214 908 ·
2246 878 2377 950 ἄλλη
2400 879 2506 951 ἄρα
2538 880 2572 949 ἡ
2608 879 2765 932 οὐσία
2789 877 2890 931 τοῦ
2923 877 3083 939 Θεοῦ,
3116 878 3212 930 καὶ
3254 877 3387 947 ἄλλη
3414 879 3446 947 ἡ
3474 878 3581 948 βου-

2018 970 2103 1042 λή.
2131 972 2193 1024 Εἰ
2222 973 2255 1042 ἡ
2289 971 2388 1042 μὲν
2428 971 2586 1043 βουλὴ
2614 970 2709 1024 τοῦ
2735 970 2871 1024 Θεοῦ
2910 973 2978 1024 ὲκ
3002 971 3102 1041 τῆς
3128 970 3339 1033 οὐσίας,
3370 971 3472 1041 ἠδὲ
3500 973 3579 1023 οὐ·

2021 1062 2109 1115 σία
2152 1064 2252 1117 οὐκ
2292 1064 2357 1117 ὲκ
2392 1063 2491 1133 τῆς
2527 1062 2741 1133 βουλῆς,
2780 1063 2914 1134 ἄλλη
2959 1061 3069 1134 ἄρα
3096 1065 3131 1133 ὴ
3163 1062 3324 1115 οὐσία
3347 1062 3438 1115 τοῦ
3464 1064 3580 1117 Θεοί

2020 1156 2111 1207 καὶ
2139 1154 2269 1226 ἄλλη
2301 1156 2335 1226 ἡ
2366 1154 2547 1226 βουλή.
2567 1157 2632 1208 ἸΙ
2663 1155 2818 1208 οὐσία
2856 1154 2951 1207 τοῦ
2980 1153 3117 1208 Θεοῦ
3146 1154 3210 1207 τὸ
3242 1156 3317 1225 μὴ
3345 1150 3473 1209 εἶναι
3507 1160 3583 1209 οὐ-

2022 1245 2110 1299 σία
2139 1247 2200 1298 οὐ
2233 1247 2482 1316 δέχεται·
2516 1248 2552 1318 ἡ
2581 1247 2637 1299 δὲ
2671 1246 2834 1317 βουλὴ
2871 1246 2966 1299 τοῦ
3015 1246 3156 1299 Θεοῦ
3199 1246 3410 1316 δέχεται
3439 1247 3492 1299 τὸ
3520 1249 3584 1317 μὴ

2022 1340 2338 1410 βούλεσθαι·
2372 1336 2503 1400 οἷον,
2536 1340 2785 1393 ἐϐούλετο
2821 1342 2850 1392 ὁ
2892 1340 3026 1403 Θεὸς
3059 1341 3291 1409 ποιῆσαι
3315 1341 3407 1393 ἕνα
3435 1341 3579 1411 ἥλιον,

2018 1432 2266 1504 δεύτερον
2298 1433 2445 1503 ἥλιον
2469 1434 2571 1487 οὐκ
2600 1432 2847 1486 ἐϐούλετο
2877 1434 3121 1505 ποιῆσαι,
3146 1434 3253 1496 ὅτι,
3291 1432 3472 1505 ὥσπερ
3490 1434 3582 1485 ἐλυ-

2022 1526 2215 1581 σιτέλει
2261 1527 2375 1590 τοῖς
2418 1522 2537 1580 οὖσι
2580 1526 2643 1578 τὸ
2679 1525 2774 1579 ἕνα
2818 1521 2959 1578 εἶναι
2982 1526 3075 1578 τὸν
3102 1524 3280 1595 ἣλιον,
3315 1524 3476 1588 οὕτως
3496 1527 3581 1578 οῦκ

2020 1618 2313 1671 ἐλυσιτέλει
2344 1620 2455 1681 τοῖς
2483 1615 2602 1672 οὖσι
2640 1618 2702 1670 τὸ
2741 1617 2996 1686 γενέσθαι
3021 1616 3280 1689 δεύτερον
3307 1617 3476 1687 ἣλιον
3507 1620 3579 1669 καὶ

2020 1710 2267 1763 ἐϐούλετο
2318 1709 2415 1781 μὲν
2461 1710 2521 1763 τὸ
2565 1709 2865 1772 λυσιτελὲς,
2900 1709 2961 1761 τὸ
2988 1708 3044 1761 δὲ
3087 1709 3165 1780 μὴ
3215 1708 3477 1772 λυσιτελὲς
3500 1712 3581 1761 οὐκ

2021 1802 2289 1855 ἐϐούλετο.
2309 1801 2445 1853 Ἀλλ’
2479 1803 2526 1854 εἰ
2566 1800 2745 1866 τοῦτο,
2775 1802 2911 1871 ἄλλη
2947 1802 3056 1871 ἄρα
3091 1804 3125 1871 ἡ
3157 1801 3318 1853 οὐσία
3351 1800 3440 1853 τοῦ
3470 1801 3581 1851 Θεοῦ

337 1892 481 1960 quod
517 1899 603 1947 est
634 1892 798 1946 etiam
828 1892 965 1955 vult,
1013 1907 1208 1962 nempe
1239 1908 1349 1947 non
1383 1893 1637 1949 voluntas
1670 1902 1773 1956 est,

2143 1893 2277 1963 ἄλλη
2306 1895 2340 1963 ἡ
2373 1892 2555 1964 βουλή.
2587 1893 2651 1945 El
2679 1893 2706 1945 ὅ
2732 1894 2883 1945 ἐστιν
2915 1894 2944 1945 ὁ
2972 1891 3127 1955 Θεὸς,
3159 1890 3323 1943 τοῦτο
3361 1893 3447 1943 καὶ
3481 1890 3580 1959 βού-

340 1984 393 2038 id
427 1983 571 2054 quod
609 1984 886 2039 voluntate
916 1983 1207 2055 expetitur.
1238 1984 1521 2050 Quomodo
1571 1986 1734 2055 igitur
1776 1986 1917 2042 idem

337 2085 422 2132 est
455 2092 578 2132 cum
613 2077 854 2132 essentia
886 2076 1173 2144 voluntas,
1197 2092 1321 2131 eum
1345 2078 1598 2133 voluntas
1619 2085 1673 2132 et
1697 2077 1748 2133 id
1772 2078 1918 2149 quod

336 2170 618 2225 voluntate
637 2170 926 2239 expetitur,
958 2169 1105 2223 aliud
1127 2178 1180 2225 et
1203 2169 1351 2223 aliud
1370 2170 1463 2234 sit,
1484 2178 1544 2225 ut
1570 2186 1767 2226 sensus
1788 2178 1843 2225 et
1864 2171 1917 2225 id

337 2263 482 2333 quod
501 2264 605 2319 sub
627 2279 849 2319 sensum
873 2263 1057 2317 cadit?
1081 2262 1137 2317 Si
1160 2263 1279 2318 sine
1302 2264 1573 2335 principio
1594 2272 1647 2319 et
1679 2273 1918 2320 aeternus

338 2354 482 2410 Deus
514 2364 619 2419 est,
657 2372 833 2424 neque
866 2370 963 2425 per
996 2356 1240 2426 seipsum
1275 2356 1580 2426 productus
1612 2366 1718 2421 est,
1743 2373 1919 2428 neque

338 2462 433 2515 per
453 2446 619 2500 alium
654 2465 667 2499 :
700 2461 826 2500 nam
861 2446 952 2515 qui
979 2446 1205 2502 omnino
1230 2464 1327 2518 per
1348 2448 1591 2518 seip‘sum
1618 2448 1919 2518 productus

337 2547 441 2604 est,
474 2538 623 2592 nulla
646 2541 861 2594 ratione
894 2540 1013 2595 sine
1043 2541 1314 2611 principio
1346 2549 1399 2595 et
1430 2544 1668 2597 aeternus
1688 2550 1791 2597 est.
1815 2540 1921 2597 Be-

340 2645 575 2699 sponsor
609 2632 731 2687 aliis
756 2632 943 2687 verbis
973 2634 1229 2688 essentia:
1250 2643 1305 2689 et
1325 2635 1625 2690 voluntatis
1650 2634 1743 2690 Dei
1779 2635 1919 2689 tollit

338 2722 726 2789 dillerentiam,
762 2724 886 2779 aliis
924 2734 1104 2779 autem
1140 2726 1361 2792 statuit;
1410 2742 1473 2781 ac
1516 2726 1657 2781 tollit
1699 2726 1917 2796 quidem

338 2812 466 2868 dum
499 2815 612 2869 ait:
643 2813 767 2869 Non
795 2816 1209 2871 existimandum
1254 2828 1309 2870 ut
1349 2820 1402 2871 in
1437 2818 1585 2872 nobis
1619 2818 1767 2872 aliud
1798 2818 1919 2887 qui-

338 2908 456 2963 dem
484 2920 727 2978 estesse,
758 2912 906 2965 aliud
949 2920 1125 2965 autem
1168 2911 1319 2975 velle,
1358 2914 1435 2966 sic
1476 2913 1636 2965 etiam
1684 2913 1736 2964 in
1782 2911 1916 2965 Deo.

341 3003 498 3074 521
536 3004 903 3060 Diﬂ’erentiam
959 3020 1090 3061 vero
1141 3012 1409 3069 statuens,
1445 3006 1520 3058 ait
1566 3024 1578 3058 :
1627 3004 1729 3059 Sed
1784 3004 1917 3057 idem

340 3096 496 3163 plane
524 3105 623 3149 est.
660 3094 726 3148 Et
754 3096 949 3151 iterum
980 3116 992 3151 :
1026 3096 1129 3152 Sed
1169 3107 1374 3161 etesse,
1405 3109 1454 3152 et
1486 3097 1614 3151 velle
1660 3097 1799 3150 idem
1842 3106 1920 3151 est

342 3188 396 3239 in
435 3186 566 3243 Deo.
603 3186 1073 3253 Quemadmodum
1126 3188 1271 3243 enim
1321 3189 1467 3259 quod
1517 3188 1664 3242 aliud
1711 3198 1817 3253 est,
1853 3190 1922 3243 ab

343 3280 451 3334 alio
475 3288 561 3334 est
592 3281 777 3350 aliud,
810 3282 883 3335 ita
936 3288 991 3335 et
1034 3281 1180 3351 quod
1232 3279 1394 3345 idem,
1430 3281 1521 3333 alii
1571 3288 1655 3336 est
1700 3281 1923 3335 omnino

341 3373 516 3440 idem;
551 3374 805 3429 similiter
834 3374 979 3446 quod
1012 3374 1241 3430 omnino
1264 3374 1435 3437 aliud,
1469 3375 1538 3428 ab
1560 3375 1668 3428 alio
1687 3382 1773 3429 est
1804 3388 1922 3427 om-

340 3466 474 3519 nino
506 3467 678 3522 aliud.
705 3468 774 3521 At
804 3469 852 3523 si
888 3468 1031 3523 idem
1065 3476 1150 3524 est
1182 3467 1422 3523 essentia
1448 3464 1540 3521 Dei
1570 3474 1624 3520 et
1649 3466 1919 3526 voluntas,

340 3559 447 3611 erit
482 3560 708 3615 omnino
740 3559 889 3613 aliud
933 3569 1098 3630 atque
1132 3561 1309 3627 aliud;
1347 3560 1432 3616 sin
1460 3559 1663 3623 minus,
1700 3556 1808 3611 alio
1841 3564 1922 3610 at-

341 3664 449 3719 que
503 3650 613 3705 alio
665 3652 904 3718 sublato,
940 3653 1165 3708 tolletur
1197 3651 1512 3708 necessario
1546 3650 1809 3705 identitas
1834 3664 1923 3704 es-

342 3741 531 3795 sentiae
565 3739 658 3796 Dei
693 3751 747 3797 et
781 3743 1099 3805 voluntatis,
1124 3751 1288 3813 atque
1319 3742 1482 3797 etiam
1516 3740 1650 3796 illud
1686 3740 1918 3795 omnino.

341 3832 809 3899 Quemadmodum
845 3837 1053 3892 moveri
1087 3836 1346 3891 motionis
1381 3835 1628 3904 operatio
1671 3841 1754 3888 est
1792 3852 1805 3887 :
1847 3833 1924 3885 ita

342 3937 395 3981 et
430 3928 587 3994 velle,
622 3929 923 3984 voluntatis
955 3937 1039 3984 est
1071 3928 1339 3999 operatio.
1366 3926 1433 3979 Et
1464 3942 1585 3997 quae
1617 3924 1923 3979 dill‘erentia

342 4031 426 4076 est
461 4022 716 4091 potentia:
767 4022 832 4075 ad
886 4030 1091 4085 aetum,
1125 4036 1189 4075 ea
1222 4028 1308 4074 est
1340 4018 1608 4075 voluntati
1643 4017 1711 4070 ad
1744 4017 1923 4087 ipsum

344 4113 501 4167 velle.
534 4111 675 4167 Fieri
710 4121 891 4167 autem
924 4112 1131 4183 nequit,
1169 4119 1229 4165 ιιι
1262 4112 1397 4165 velle
1427 4110 1647 4181 quidem
1678 4125 1709 4162 a
1731 4110 1924 4162 volun-

342 4212 455 4261 tate
486 4205 722 4269 diil‘erat,
759 4224 789 4259 ιι
823 4207 1041 4259 volente
1096 4214 1277 4259 autem
1332 4219 1439 4257 non
1494 4202 1729 4257 dill'erat.
1764 4200 1833 4253 At
1876 4201 1922 4254 si

342 4298 490 4353 nulla
526 4300 735 4353 ratione
765 4300 881 4353 ﬁeri
913 4306 1091 4368 potest
1122 4306 1179 4350 ut
1209 4297 1349 4351 idem
1381 4296 1453 4351 sit
1482 4296 1639 4353 velle.
1659 4306 1712 4349 et
1732 4293 1924 4346 volun-

343 4401 450 4454 tas,
483 4400 538 4445 et
570 4392 760 4447 volens
793 4411 805 4446 :
838 4392 931 4459 qui
968 4407 998 4444 a
1035 4390 1145 4445 Deo
1177 4400 1231 4443 et
1263 4389 1547 4443 voluntate
1580 4386 1726 4441 aliud
1762 4393 1924 4452 atque

343 4484 493 4538 aliud
548 4485 747 4554 rejicit,
785 4485 834 4541 is
866 4486 935 4539 ab
968 4494 1161 4555 agente
1190 4492 1245 4538 et
1278 4492 1405 4536 actu
1438 4479 1801 4535 dill‘erentiam
1837 4493 1923 4531 re-

2020 1984 2189 2048 λεται,
2224 1984 2465 2057 δηλονότι
2488 1982 2745 2054 βουλητὸν
2779 1985 2919 2049 ἐστι,
2949 1983 3046 2035 καὶ
3077 1983 3139 2034 οὐ
3165 1981 3353 2053 βουλή.
3374 1981 3485 2044 Πῶς
3507 1977 3579 2033 οὖν

2020 2076 2215 2130 ταύτόν
2244 2078 2359 2129 ἐστι
2389 2078 2456 2147 τῇ
2485 2076 2645 2147 οὐσίᾳ
2680 2077 2713 2146 ἡ
2752 2074 2937 2147 βουλὴ,
2967 2073 3067 2127 τοῦ
3100 2072 3364 2145 βουλητοῦ
3394 2075 3479 2125 καὶ
3503 2074 3581 2143 τῆς

2022 2168 2218 2239 βουλῆς
2245 2167 2403 2222 ἄλλου
2442 2168 2534 2220 καὶ
2571 2166 2731 2220 ἄλλοι)
2768 2168 2942 2229 ὄντος,
2976 2165 3236 2237 καθάπερ
3272 2165 3334 2217 τὸ
3361 2166 3581 2234 uiuenti»;

2021 2262 2114 2314 καὶ
2142 2262 2174 2332 ἡ
2204 2259 2483 2332 αῖσθησις;
2508 2260 2571 2312 Εἰ
2598 2259 2831 2331 ἄναρχος
2858 2260 2953 2312 καὶ
2976 2258 3148 2322 ἀΐδιος
3176 2261 3293 2312 ἐστι
3323 2258 3466 2321 Θεὸς,
3485 2259 3580 2310 οὒτε

2020 2351 2432 2423 αὐτοπάρακτός
2448 2353 2594 2405 ἐστιν
2614 2351 2735 2404 οὔτε
2763 2354 3211 2424 ὲτεροπάρακτος
3225 2370 3241 2381 ⁶
3259 2354 3288 2405 ὁ
3306 2351 3413 2424 γὰρ
3429 2352 3582 2414 ἁπλῶς

2020 2445 2434 2517 αὐτοπάρακτος
2463 2445 2641 2499 οὐδενὶ
2668 2446 2809 2517 λόγῳ
2837 2447 2987 2499 ἐστὶν
3018 2446 3195 2510 ἀΐδιος
3226 2447 3321 2499 καὶ
3360 2446 3579 2516 ἄναρχος.

2034 2541 2090 2593 ὐ
2118 2540 2551 2611 ἀποκρινάμενος
2587 2539 2653 2592 δι’
2684 2540 2881 2611 ἑτέρας
2924 2539 3111 2609 φωνῆς
3142 2539 3359 2610 ἀναιρεῖ
3393 2538 3484 2608 τῆς
3512 2539 3581 2590 οὗ·

2024 2632 2142 2696 σίας
2171 2632 2267 2685 τοῦ
2287 2630 2422 2685 Θεοῦ
2449 2633 2540 2686 καὶ
2568 2631 2669 2702 τῆς
2694 2631 2891 2702 βουλῆς
2921 2632 2984 2683 τὸ
3010 2631 3227 2702 ἕτερον,
3258 2630 3321 2682 δι’
3342 2630 3518 2701 ἐτέρας

2022 2724 2202 2795 φωνῆς
2246 2724 2406 2777 τοῦτο
2447 2724 2691 2796 τίθησιν’
2739 2722 2979 2794 ἀναιρῶν
3023 2722 3125 2793 μὲν
3172 2722 3277 2791 τῆς
3307 2722 3487 2785 οὐσίας
3510 2721 3581 2773 τοῦ

2021 2816 2157 2869 Θεοῦ
2191 2818 2285 2871 καὶ
2313 2818 2412 2889 τῆς
2438 2817 2633 2888 βουλῆς
2658 2818 2718 2869 τὸ
2740 2816 2951 2887 ἕτερον,
2973 2816 3162 2885 ἔλεγεν
3182 2832 3194 2844 ·
3221 2818 3342 2869 Οὐκ
3361 2815 3579 2881 οἱητέςιν.

2020 2906 2220 2976 ὥσπερ
2256 2909 2326 2961 ἐν
2367 2909 2508 2977 ἡμῖν
2530 2909 2685 2962 ἄλλο
2716 2907 2836 2978 μὲν
2876 2907 3010 2960 ἔστι
3044 2907 3111 2960 τὸ
3148 2903 3323 2969 εἶναι,
3355 2906 3499 2959 ἄλλο
3531 2905 3581 2955 δὲ

2023 3000 2088 3053 τὸ
2110 3003 2467 3066 βούλεσθαι,
2489 3002 2641 3055 οὕτω
2670 3001 2769 3055 καὶ
2798 3002 2869 3055 ἐν
2896 3000 2977 3066 τῷ
2995 3000 3139 3066 Θεῷ.
3160 3000 3451 3071 Τιθέμενος
3470 3000 3516 3051 δὲ
3536 2999 3583 3048 τὸ

2022 3093 2227 3165 ἕτερον,
2268 3095 2429 3165 φησίν
2454 3112 2470 3124 ·
2514 3093 2691 3148 Ἀλλὰ
2732 3092 2797 3146 τὸ
2840 3093 2986 3147 αὐτὸ
3019 3093 3312 3162 ἄντικρυς
3340 3092 3579 3160 ὑπάρχει.

2025 3188 2133 3240 Καὶ
2163 3187 2325 3241 πάλιν
2345 3206 2358 3218 ·
2404 3189 2472 3242 Τὸ
2505 3187 2575 3241 δὲ
2618 3185 2769 3242 εἶναι
2799 3189 2901 3242 καὶ
2935 3188 2999 3240 τὸ
3024 3173 3368 3252 mutabam
3398 3187 3581 3240 ταὺτιῖτ

2034 3287 2291 3357 ὑπάρχει
2320 3287 2398 3354 τῷ
2440 3287 2801 3361 Θεῷ.Ὢσπερ
2833 3289 2944 3363 γὰρ
2977 3291 3039 3343 τὸ
3077 3276 3269 3361 ἕτερον
3311 3288 3434 3343 ἄλλο

2025 3380 2172 3432 ἐστὶν
2200 3380 2407 3451 ἓτερον,
2426 3378 2568 3432 οὕτω
2588 3380 2680 3432 καὶ
2709 3380 2769 3433 τὸ
2795 3380 2992 3434 ταύτὸν
3024 3379 3155 3434 ἄλλο
3182 3378 3325 3448 ἄλλῳ
3354 3377 3489 3430 ἐστὶν
3510 3376 3579 3427 ἂν·

2023 3488 2212 3542 τικρυς
2234 3472 2428 3525 ταύτόν
2446 3488 2459 3501 ·
2486 3470 2816 3534 ὡσαύτωςδὲ
2841 3472 2937 3525 xu‘t
2952 3471 3014 3524 τὸ
3036 3472 3299 3542 ἄντικρυς
3320 3470 3443 3524 ἄλλο
3466 3467 3579 3533 ἄλλῳ

2024 3563 2171 3617 ἐστὶν
2198 3564 2471 3637 ἄντικρυς.
2494 3563 2634 3616 Ἀλλ’
2652 3564 2700 3616 εἰ
2727 3564 2923 3617 ταύτόν
2944 3566 3097 3617 ἐστιν
3116 3566 3152 3635 ἡ
3180 3564 3339 3617 οὐσία
3366 3562 3455 3615 τοῦ
3470 3558 3575 3613 Θεοῦ

2026 3656 2171 3726 καὶὴ
2208 3656 2389 3729 βουλὴ,
2409 3657 2666 3728 ἄντικρυς
2692 3655 2831 3709 ἔστω
2860 3656 2990 3711 ἄλλο
3024 3657 3121 3709 καὶ
3156 3656 3313 3711 ἄλλο’
3345 3655 3393 3707 εξ
3417 3654 3467 3706 δὲ
3496 3653 3575 3723 μή·

2023 3764 2109 3815 γε,
2129 3748 2521 3821 ἀναιρουμένου
2548 3748 2643 3801 τοῦ
2676 3748 2833 3802 ἄλλοι)
2865 3751 2964 3802 καὶ
2995 3747 3573 3819 ἄλλου,ἀναιρεθή.τεται

2024 3838 2083 3904 ἐξ
2114 3840 2357 3911 ἀνάγκης
2397 3841 2459 3895 τὸ
2496 3841 2694 3894 ταύτὸν
2725 3841 2826 3912 τῆς
2868 3841 3058 3904 οὐσίας
3088 3840 3186 3894 τοῦ
3224 3839 3356 3892 Θεοῦ
3390 3839 3472 3892 καί
3498 3836 3574 3903 τῆς

2026 3932 2238 4003 βουλῆς,
2272 3933 2365 3986 καὶ
2387 3932 2480 3986 τοῦ
2526 3934 2809 4003 ἄντικρυς
2840 3934 2978 4005 (76).
3000 3935 3222 4005 Ὥσπερ
3250 3933 3308 3986 τὸ
3347 3931 3572 3987 κινεῖσθαι

2025 4024 2275 4096 ἐνέργειά
2306 4028 2421 4079 ἐστι
2459 4028 2744 4099 κινήσεως,
2781 4026 2927 4082 οὕτω
2960 4027 3053 4080 καὶ
3084 4028 3147 4080 τὸ
3176 4026 3447 4098 βούλεσθαι
3478 4024 3570 4094 βου-

2024 4116 2123 4185 λῆς
2155 4118 2301 4171 ἐστιν
2330 4119 2579 4191 ἐνέργεια
2599 4138 2611 4151 ο
2646 4122 2737 4174 καὶ
2773 4122 2839 4191 ἢν
2882 4120 2997 4190 ἔχει
3028 4119 3293 4193 διαφορὰν
3319 4122 3351 4190 ἡ
3383 4119 3571 4185 δύναμις

2026 4208 2163 4277 πρὸς
2208 4210 2307 4280 τὴν
2352 4213 2648 4283 ἐνέργειαν,
2683 4214 2885 4284 ταύτην
2930 4213 3044 4282 ἔχει
3090 4215 3123 4283 ἡ
3526 4206 3571 4257 τὸ

2029 4298 2331 4369 βούλεσθαι.
2352 4303 2635 4359 Ἀδύνατον
2667 4306 2723 4359 δὲ
2767 4305 2826 4357 τὸ
2873 4305 3160 4375 βούλεσθαι
3207 4304 3341 4376 πρὸς
3376 4303 3463 4374 μὲν
3491 4300 3567 4365 τὴν

2028 4388 2222 4461 βουλὴν
2252 4391 2394 4463 ἔχειν
2424 4395 2522 4465 τὴν
2554 4395 2834 4467 διαφορὰν,
2874 4397 3013 4467 πρὸς
3058 4396 3115 4449 δὲ
3159 4396 3251 4449 τὸν
3298 4393 3567 4466 βουλόμενον

2031 4479 2105 4551 μὴ
2151 4482 2313 4552 ἔχειν.
2350 4486 2413 4538 Ei
2456 4486 2512 4539 δὲ
2548 4487 2723 4540 οὐδενὶ
2754 4487 2897 4557 λόγῳ
2928 4486 3157 4541 δυνατὸν
3190 4487 3354 4540 ταὺτὸ
3378 4482 3495 4538 εἶναι
3522 4481 3566 4533 τὸ

338 4577 479 4649 jicit,
509 4579 655 4649 quod
692 4580 987 4634 absurdum
1022 4587 1125 4633 est.
1152 4577 1208 4630 Si
1239 4576 1385 4631 aliud
1418 4585 1502 4630 est
1527 4576 1579 4629 id
1610 4573 1752 4644 quod

2124 4572 2309 4629 λεσοαι
2343 4579 2437 4630 καὶ
2466 4578 2565 4649 τὴν
2595 4578 2807 4649 βουλὴν,
2830 4579 2925 4632 καὶ
2953 4580 3044 4632 τὸν
3068 4580 3405 4651 βουλόμενον,
3421 4576 3560 4646 δῆὶῦτί,

346 4672 516 4735 sistit,
540 4679 593 4724 et
614 4671 761 4724 aliud
796 4670 941 4741 quod
972 4688 1080 4724 non
1118 4670 1371 4724 subsistit
1397 4713 1409 4735 ,
1443 4675 1605 4738 atque
1636 4668 1769 4721 illud
1804 4668 1924 4737 qui-

346 4764 469 4817 dem
496 4762 659 4827 Deus,
695 4763 800 4817 hoc
830 4771 1010 4817 autem
1042 4764 1296 4817 voluntas
1329 4770 1413 4816 est
1443 4780 1455 4814 :
1494 4761 1747 4815 videlicet
1778 4760 1870 4830 qui
1896 4776 1925 4814 a

344 4855 457 4909 Deo
489 4864 543 4908 et
574 4856 853 4909 voluntate
901 4830 1279 4924 rejieit‘aliud
1328 4860 1490 4923 atque
1538 4852 1708 4916 aliud,
1739 4854 1823 4908 vel
1874 4854 1926 4908 id

346 4946 492 5017 quod
527 4948 776 5001 subsistit
810 4947 1008 5015 rejicit,
1034 4948 1114 5001 vel
1148 4946 1200 4999 id
1233 4946 1376 5016 quod
1412 4961 1518 4999 non
1544 4946 1815 5001 subsistit.
1844 4945 1924 5008 Si,

345 5051 405 5095 ut
441 5042 617 5111 placet
650 5040 985 5103 adversario,
1012 5040 1157 5109 quod
1190 5049 1275 5094 est
1299 5038 1443 5094 Deus
1469 5040 1520 5093 id
1547 5040 1682 5103 vult,
1705 5047 1759 5093 et
1779 5038 1925 5108 quod

344 5135 462 5189 vult
493 5133 547 5187 id
572 5141 691 5200 est;
726 5134 771 5187 si
807 5132 952 5189 Deus
984 5150 1093 5188 non
1115 5134 1350 5188 voluerit
1374 5133 1743 5203 operationem
1771 5148 1925 5187 suam

343 5245 454 5283 non
485 5228 691 5300 perire,
722 5225 897 5297 liquet
929 5244 1072 5291 eam,
1128 5228 1216 5281 ubi
1252 5226 1435 5291 desiit,
1472 5227 1649 5295 perire
1684 5243 1790 5279 non
1832 5241 1929 5279 vo-

344 5321 491 5378 lente
520 5323 656 5391 ipso.
683 5320 801 5375 Non
836 5329 921 5377 est
953 5334 1084 5391 ergo
1122 5318 1265 5376 Deus
1297 5320 1349 5373 id
1382 5320 1529 5390 quod
1563 5320 1695 5373 vult.
1726 5318 1781 5372 Si
1812 5318 1926 5372 elli-

346 5428 489 5474 eere,
524 5415 823 5468 voluntatis
878 5413 968 5469 Dei
1017 5422 1131 5475 est,
1176 5411 1635 5481 quemadmodum
1666 5411 1811 5465 aliud
1846 5420 1928 5465 est

349 5507 672 5576 simpliciter
695 5508 892 5571 facere,
918 5507 1064 5562 aliud
1088 5508 1272 5576 qualia
1304 5514 1359 5559 et
1388 5514 1594 5575 quanta
1621 5514 1675 5559 et
1706 5504 1927 5575 quando

424 5768 537 5847 {75)
581 5773 661 5822 Οὐ
699 5772 1021 5847 διαιρεῖται.
1062 5772 1157 5847 Vel
1188 5846 1195 5847 ί
1222 5776 1462 5833 tollenda
1519 5776 1635 5831 hac
1686 5779 1923 5847 negatio,

352 5838 436 5890 vel
459 5853 639 5891 secum
670 5838 937 5897 sententia
964 5846 1244 5913 pugnabit.

2029 4666 2169 4719 ὅτιὸ
2201 4668 2553 4739 ἀπορρίπτων
2602 4670 2696 4723 τοῦ
2741 4671 2877 4724 Θεοῦ
2934 4674 3027 4725 καὶ
3072 4672 3169 4725 τοῦ
3227 4670 3483 4743 βούλεσθαι
3519 4667 3563 4717 τὸ

2028 4757 2153 4812 ἄλλο
2201 4761 2293 4812 καὶ
2337 4761 2482 4823 ἄλλο,
2516 4762 2609 4815 τοῦ
2658 4762 3006 4835 ἐνεργοῦντος
3054 4765 3149 4817 καὶ
3194 4764 3292 4833 τῆς
3337 4758 3561 4830 ἐνεργείας

2028 4852 2356 4924 ἀπορρίπτει
2399 4854 2497 4923 τὴν
2542 4853 2832 4926 διαφοράν·
2868 4855 3009 4926 ὅπερ
3049 4855 3272 4907 ἄτοπον.
3302 4854 3361 4905 ΕΞ
3391 4852 3495 4904 ἄλλο
3517 4847 3563 4897 τὸ

2028 4944 2387 4998 ὲνυπὸστατον
2422 4944 2514 4997 καὶ
2546 4943 2673 4997 ἄλλο
2703 4944 2762 4997 τὸ
2794 4944 3177 4997 ἀνυπόστατον
3198 4962 3209 4973 ο
3236 4942 3325 4996 καὶ
3344 4941 3457 5001 Θεὸς
3486 4937 3558 5006 μὲι

2030 5037 2224 5099 ἐκεῖνο,
2248 5038 2311 5090 τὸ
2346 5039 2624 5109 βούλεσθαι
2669 5039 2726 5091 δὲ
2769 5038 2963 5091 τοῦτο·
3010 5037 3253 5107 δηλονότι
3288 5037 3316 5087 ὁ
3344 5026 3557 5087 τοῦ

2031 5132 2122 5185 καὶ
2151 5131 2243 5184 τοῦ
2271 5132 2551 5203 βούλεσθαι
2581 5131 2935 5203 ἀπορρίπτων
2961 5132 3022 5183 τὸ
3046 5131 3176 5185 ἄλλο
3212 5130 3299 5183 καὶ
3328 5122 3495 5190 ἄλλαῖς
3513 5120 3557 5170 τὺ

2030 5227 2389 5278 ὲνυπόστατον
2422 5226 2744 5297 ἀπορρίπτει
2790 5224 2822 5293 ἢ
2859 5224 2923 5279 τὸ
2957 5224 3343 5277 ἀνυπόστατον.
3375 5221 3426 5273 Εἰ
3448 5214 3555 5270 κατὰ

2028 5318 2118 5368 τὸν
2152 5316 2305 5385 λόγον
2336 5316 2430 5370 τοῦ
2463 5317 2858 5387 ἀντικειμένου,
2878 5316 3019 5387 ὅπερ
3046 5317 3165 5369 ἐστὶ
3197 5315 3342 5377 Θεὸς,
3359 5312 3435 5364 καὶ
3459 5306 3553 5376 $55-

2028 5410 2199 5471 λεται,
2238 5409 2328 5462 καὶ
2363 5409 2391 5460 ὃ
2431 5408 2672 5479 βούλεταί
2707 5410 2819 5459 ἐστι
2858 5407 2997 5473 ('77),
3033 5405 3272 5477 δηλονότι
3299 5405 3342 5456 εξ
3376 5400 3437 5471 μὴ
3465 5397 3553 5466 36"?

2028 5501 2215 5571 ληΘείη
2248 5501 2377 5563 Θεὸς
2421 5501 2479 5553 τὸ
2513 5500 2586 5571 μὴ
2623 5498 2939 5569 φθείρεσθαι
2982 5500 3082 5570 τὴν
3113 5499 3377 5569 ἐνέργειαν
3404 5486 3550 5546 uincis

2101 5775 2214 5843 (76)
2252 5775 2361 5828 Τοῦ
2391 5773 2693 5839 ἄντικρυς.
2729 5770 3051 5843 Legendum
3080 5772 3141 5825 τὸ
3166 5772 3414 5838 ἄντικρυς.

2100 5842 2215 5912 (77)
2262 5846 2444 5900 Ἐστι.
2470 5843 2707 5899 Clarom.
2738 5842 2831 5897 xui.
2856 5842 3001 5896 ἔστι.
