3690 6496
37 356 103 412 55
941 360 1406 428 ΩΗΑΞΒΤΙΟΝΕΞ
1443 365 1494 420 Cl

941 360 1406 428 QUESTIONES
1443 365 1886 424 CHRISTIANAS
1928 369 2019 423 AD
2053 370 2374 429 GRAECOS.

3162 376 3288 434 ΗΜ

38 471 350 542 υσαμ’·δης
388 473 581 544 αὐτῆς
613 475 672 529 οὐ
703 474 981 549 φθείρεται
1004 477 1353 551 βουληθέντος
1376 482 1490 553 (78)

1832 503 1909 552 re,
1948 486 2019 541 ita
2054 487 2404 545 manifestum
2437 496 2520 545 est
2552 486 2773 543 differre
2806 476 3099 545 essentiam
3131 506 3161 545 a
3189 506 3288 545 vo-

37 564 76 617 i.
102 563 229 617 Οὐκ
261 564 389 636 ἄρα
422 567 585 621 ἐστὶν
616 570 645 621 6
672 568 803 632 Θεὸς
828 568 857 622 ὃ
888 570 1155 641 βούλεται.
1189 576 1253 628 Εἰ
1286 579 1458 630 ποιεῖν
1488 580 1603 633 ἐστι

1714 580 1939 635 luntate.

37 676 61 722 ς
90 657 192 711 τοῦ
230 658 390 713 Θεοῦ
434 660 664 731 βουλῆς,
697 663 856 735 δῆλον
907 666 987 718 ὅτι
1028 666 1218 740 ὥσπερ
1259 670 1504 741 διαφέρει
1541 673 1602 725 τὸ
1640 677 1809 727 ποιεῖν
1844 673 2026 738 ἁπλῶς
2072 675 2167 729 τοῦ
2212 678 2359 740 ποῖα,
2398 676 2489 729 καὶ
2534 676 2707 743 πόσα,
2745 677 2838 731 καὶ
2893 679 3025 731 πότε
3094 681 3299 741 ποιεῖν,

37 773 106 808 ιω
137 754 425 827 διαφέρει
461 760 533 813 τὸ
566 755 703 814 εἶναι
732 759 829 815 τοῦ
864 761 1170 831 βούλεσθαι.

37 850 81 903 ξ.
152 851 354 905 Ἀλλὰ
404 854 541 922 μὲν
586 854 713 908 οὐδ’
772 856 961 924 οὕτως
1009 858 1115 912 τὸν
1160 860 1310 916 Θεὸν
1354 861 1434 929 τῷ
1457 859 1611 918 εἶναι

42 943 160 997 ιεῖγ
188 947 586 1011 ὑποθετέον,
627 948 710 1013 ὡς
749 948 816 1002 τὸ
853 951 974 1019 πῦρ
1010 955 1328 1022 θερμαίνει.
1388 956 1460 1010 T6
1498 958 1610 1026 τὰρ

38 1039 104 1103 ιο,
135 1038 192 1089 εὶ
240 1038 355 1091 καὶ
402 1034 747 1107 οὐσιωδῶς,
788 1042 926 1096 ἀλλ’
972 1042 1129 1113 ὅμως
1161 1047 1611 1115 συμϐεϐηκυῖαν

38 1143 87 1179 ει
117 1126 246 1195 τὴν
273 1131 661 1198 θερμότητα.
692 1131 860 1199 Παρὰ
888 1131 956 1186 δὲ
978 1132 1058 1199 τῷ
1086 1133 1210 1200 Θεῷ
1248 1134 1430 1189 οὐδὲν
1472 1137 1610 1191 οὔτε

40 1215 291 1285 σιωδῶς
401 1220 798 1290 συμϐέϐηκεν
817 1261 832 1284 ,
909 1222 1049 1277 οὔτε
1130 1225 1606 1293 συμϐεϐηκότως.

38 1309 143 1362 ’πεὶ
179 1304 312 1363 οὖν
338 1312 706 1381 συμϐέϐηκε
740 1312 859 1383 μὲν
902 1312 1063 1380 αὐτῷ
1102 1314 1305 1381 οὐδὲν,
1334 1314 1400 1369 τὸ
1427 1315 1497 1369 δὲ
1530 1316 1613 1370 εἷ-

37 1418 63 1453 ιι
109 1402 214 1453 καὶ
260 1401 337 1454 τὸ
379 1404 737 1466 βούλεσθαι
778 1406 1001 1460 ταύτὸν
1048 1406 1303 1477 ὑπάρχει
1339 1407 1420 1473 τῷ
1467 1408 1608 1474 Θεῷ,

37 1492 220 1545 πλοῦν
243 1491 319 1547 τέ
347 1494 504 1548 ἐστι
526 1496 626 1551 καὶ
651 1496 981 1567 μονοειδὲς,
1027 1498 1339 1566 ποιητικὸν
1363 1498 1614 1568 ἀγεννή-

37 1605 85 1650 ις
114 1582 239 1637 τῶν
266 1585 511 1640 ὄντων.
546 1588 621 1641 Τὸ
646 1589 744 1659 μὲν
784 1588 902 1653 πῶς
941 1589 1252 1662 συμϐέϐηκε
1289 1589 1367 1660 τῷ
1398 1590 1530 1662 πυρὶ
1569 1592 1604 1661 ἡ

1779 860 1833 913 2.
1869 857 1991 913 Non
2023 870 2197 914 tamen
2231 860 2543 929 putandum,
2580 862 2771 929 Deum,
2822 866 2947 933 quia
2985 874 3085 930 est,
3118 866 3291 934 facere

1709 950 1889 1005 eodem
1919 950 2073 1004 modo
2106 967 2168 1004 ac
2202 952 2339 1021 ignis
2364 951 2634 1020 calefacit.
2669 952 2813 1007 Nam
2846 956 3005 1025 ignis,
3038 957 3139 1010 etsi
3164 956 3287 1009 sub-

1708 1042 1921 1096 stantia:
1949 1041 2123 1105 modo,
2157 1052 2329 1096 tamen
2359 1044 2678 1099 accidentem
2700 1046 2852 1099 habet
2877 1046 3143 1100 calorem:
3176 1047 3287 1100 Deo

1709 1143 1885 1188 autem
1913 1150 2072 1204 neque
2100 1133 2412 1190 substantia:
2444 1153 2603 1205 neque
2634 1136 2920 1191 accidentis
2944 1138 3099 1192 modo
3132 1139 3287 1210 quid-

1708 1240 1868 1293 quam
1897 1223 2114 1278 accidit.
2141 1223 2374 1279 Proinde
2402 1227 2525 1295 quia
2560 1227 2643 1280 illi
2668 1228 2800 1281 nihil
2831 1229 3047 1294 accidit,
3073 1239 3122 1283 et
3148 1229 3283 1283 idem

1703 1325 1781 1369 est
1818 1314 1924 1369 Deo
1954 1323 2142 1370 etesse
2180 1326 2229 1370 et
2260 1315 2672 1387 velle:simplex
2709 1328 2787 1373 est
2826 1328 2876 1374 et
2920 1323 3074 1375 unius
3097 1323 3284 1391 forma:

1705 1407 1930 1476 ingenite
1971 1423 2034 1461 ea
2075 1424 2192 1476 quae
2235 1416 2357 1460 sunt
2399 1408 2640 1477 efﬁciens.
2675 1408 2963 1476 Quomodo
2991 1412 3097 1482 igni
3132 1415 3283 1468 calor

1707 1497 1941 1560 accidat,
1964 1511 2263 1566 responsor
2283 1496 2431 1551 dicat
2454 1498 2584 1567 quid
2610 1499 2794 1555 dicere
2814 1501 2965 1556 velit.
2991 1500 3107 1555 Non
3133 1503 3279 1557 enim

1708 1590 1764 1645 id
1792 1605 1939 1643 nunc
1958 1589 2242 1660 quaeritur,
2260 1590 2532 1659 quomodo
2562 1591 2612 1645 ei
2642 1592 2791 1646 calor
2823 1593 3063 1660 accidat;
3088 1594 3182 1648 sed
3213 1595 3281 1648 de

38 1675 274 1746 ρμότης,
327 1676 417 1742 ὡς
462 1678 719 1747 βούλεται
755 1679 936 1748 λέγειν
972 1683 1001 1735 6
1028 1681 1483 1752 ἀποκρινάμενος,

1817 1681 2023 1734 ratione
2045 1696 2154 1734 non
2174 1681 2504 1743 voluntaria,
2531 1698 2627 1751 per
2648 1698 2833 1751 quam,
2863 1685 2990 1753 quia
3014 1692 3117 1751 est,
3147 1700 3274 1755 0pc-

38 1782 139 1817 τω.
175 1766 257 1818 Οὐ
288 1765 416 1837 γὰρ
451 1768 587 1839 περὶ
612 1768 705 1822 τοῦ
729 1769 845 1834 πῶς
878 1770 1025 1841 αὑτῷ
1054 1772 1397 1843 συμϐέϐηκεν
1422 1774 1454 1842 ὴ
1481 1770 1495 1825 ι

1822 1789 1878 1828 ll‘.
1907 1772 2175 1827 Voluntas
2224 1784 2319 1828 aut
2352 1773 2661 1828 substantia
2692 1782 2797 1838 est,
2846 1783 2939 1828 aut
2969 1776 3124 1831 adest
3149 1778 3279 1831 sub-

37 1858 149 1926 ἰτης
183 1857 287 1911 νῦν
321 1860 457 1912 ὲστι
490 1861 553 1912 τὸ
586 1858 939 1932 ζητούμενον,
974 1863 1109 1917 ἀλλά
1151 1865 1279 1936 περὶ
1318 1864 1416 1935 τῆς
1447 1865 1494 1918 ἀί

1817 1867 1942 1921 uiae.
1981 1866 2051 1919 At
2094 1867 2142 1921 si
2186 1866 2498 1921 substantia
2524 1874 2629 1931 est,
2676 1882 2785 1920 non
2820 1873 2905 1922 est
2940 1868 2988 1922 is
3026 1870 3119 1938 qui
3142 1870 3274 1923 vult.

37 1968 141 2020 ίτου
172 1952 508 2022 ἐνεργείας,
540 1953 664 2006 καθ’
697 1954 763 2024 ἢν
798 1953 873 2024 τῷ
904 1948 1045 2007 εἶναι
1088 1955 1317 2027 ἐνεργεῖ.
1367 1956 1441 2008 Τὸ
1483 1955 1494 2025 ξ

1828 1956 2149 2011 substantiae
2178 1956 2354 2019 adest,
2394 1956 2710 2010 necessario
2749 1956 2894 2009 aliud
2935 1965 3097 2027 atque
3132 1957 3277 2011 aliud

43 2042 162 2095 σθαι
192 2043 226 2113 ἢ
254 2042 433 2097 οὐσία
502 2045 673 2108 ἐστὶν,
703 2046 736 2118 ἢ
768 2048 1029 2118 πρόσεστι
1053 2048 1118 2118 τῇ
1144 2048 1321 2119 οὐσίᾳ.
1366 2046 1504 2100 Ἀλλ’
1555 2049 1603 2101 εἰ

38 2134 133 2187 σία
178 2134 362 2199 ἐστὶν,
400 2137 513 2189 οὐκ
539 2136 686 2190 ἐστιν
715 2140 744 2191 6
778 2137 1117 2209 βουλόμενος
1164 2141 1211 2191 εἰ
1254 2129 1311 2191 δὲ
1346 2139 1603 2211 πρόσεστι

37 2232 45 2297 l
88 2228 271 2299 οὐσία,
301 2228 370 2293 ἐξ
409 2230 669 2301 ἀνάγκης
695 2231 823 2285 ἄλλο
858 2232 951 2285 καὶ
993 2231 1121 2285 ἄλλο
1154 2232 1321 2285 ἐστίν⁸
1354 2233 1454 2285 οὐκ
1486 2232 1603 2285 ἐστι

37 2328 89 2389 ιρ
115 2319 175 2372 τὸ
202 2320 264 2372 ὃν
299 2320 404 2373 καὶ
436 2321 503 2374 τὸ
542 2323 744 2394 προσὸν
773 2323 988 2377 ταύτόν.
1034 2325 1097 2377 Εἰ
1137 2323 1307 2377 πολλά
1339 2324 1438 2395 μὲν
1480 2323 1603 2395 βού-

38 2412 171 2462 ;ταιὸ
189 2410 351 2475 Θεὸς,
375 2411 561 2465 πολλά
580 2413 636 2467 δὲ
662 2414 762 2467 οὐκ
790 2413 957 2479 ἔστιν,
983 2415 1084 2467 οὐκ
1098 2414 1205 2487 ἄρα
1234 2412 1433 2468 ταύτὸν
1454 2414 1604 2488 παρά

38 2501 62 2570 ξ)
91 2501 209 2573 Θεῴ
234 2503 301 2555 τὸ
346 2500 502 2558 εἶναι
538 2504 615 2575 τῷ
646 2497 949 2575 βούλεσθαι.
994 2507 1050 2562 '0
1092 2507 1248 2575 Θεὸς,
1282 2510 1331 2561 εἰ
1358 2510 1459 2561 ὅσα
1499 2508 1601 2579 μὲν

37 2591 235 2646 tolerat
280 2596 495 2659 ποιεῖν,
546 2593 769 2649 δύναται
810 2600 1003 2661 ποιεῖν,
1048 2600 1146 2669 οὐχ
1176 2599 1275 2652 ὅσα
1299 2600 1355 2653 δὲ
1380 2599 1599 2654 δύναται

37 2685 179 2745 οιεῖν,
215 2683 489 2753 βούλεται
518 2688 716 2739 ποιεῖν·
734 2687 795 2741 οὑ
819 2689 1014 2743 ταύτὸν
1041 2689 1151 2762 ἄρα
1178 2690 1311 2762 παρ’
1348 2691 1498 2763 αὐτῷ
1538 2691 1601 2745 τὸ

37 2772 126 2827 [vat
163 2776 240 2847 τῷ
300 2776 627 2847 βούλεσθαι.
690 2779 747 2832 'U
790 2778 923 2845 Θεὸς
965 2783 1013 2835 εἰ
1054 2780 1112 2834 ἓν
1165 2782 1267 2853 μὲν
1307 2782 1445 2847 ἐστι,
1507 2782 1599 2837 καὶ

38 2867 191 2919 πλοῦν
216 2868 316 2933 καὶ.
349 2870 654 2939 μονοειδές·
694 2870 863 2924 πολλά
902 2872 958 2926 δὲ
996 2872 1265 2944 βούλεται,
1305 2874 1398 2929 καὶ
1430 2874 1600 2929 πολλὰ

38 2960 353 3028 ὅβούλεται·
402 2958 545 3027 οἷον,
598 2963 844 3034 βούλεται
887 2966 983 3035 μὲν
1025 2969 1089 3039 τῇ
1143 2966 1384 3039 ποικιλίᾳ
1425 2966 1597 3023 πολλὰ

37 3047 129 3103 ἷναι
168 3051 236 3105 τά
277 3052 439 3117 ὄντα,
501 3053 706 3126 ἄπειρα
761 3056 818 3109 δὲ
858 3057 998 3111 αὑτά
1026 3053 1166 3112 εἶναι
1192 3057 1270 3130 τῷ
1308 3058 1498 3132 πλήθει
1534 3060 1595 3114 οὐ

41 3138 260 3193 ούλεταιο
292 3142 401 3194 οὐκ
423 3142 539 3213 ἄρα
566 3144 759 3198 ταύτὸν
784 3146 914 3218 παρ’
942 3147 1091 3217 αὐτῷ
1113 3149 1173 3202 τὸ
1196 3145 1335 3203 εἶναι
1363 3148 1441 3220 τῷ
1470 3149 1595 3221 βού-

1703 2054 1808 2102 εει.
1846 2045 1964 2100 Non
2001 2046 2148 2101 enim
2177 2046 2228 2100 id
2259 2045 2405 2116 quod
2436 2053 2541 2109 est,
2577 2056 2630 2099 et
2667 2046 2718 2100 id
2752 2047 2899 2117 quod
2930 2047 3103 2112 adest,
3136 2050 3276 2104 idem

1705 2143 1851 2193 sunt.
1880 2135 1937 2190 Si
1969 2137 2137 2190 multa
2167 2135 2388 2206 quidem
2419 2136 2533 2191 vult
2557 2135 2723 2202 Deus,
2751 2138 2921 2191 multa
2958 2146 3137 2193 autem
3168 2156 3277 2194 non

1702 2236 1785 2284 est
1816 2248 1827 2283 :
1861 2244 1968 2282 non
2015 2228 2121 2283 erit
2153 2244 2284 2299 ergo
2330 2227 2495 2293 idem,
2546 2243 2611 2281 ac
2653 2228 2981 2291 substantia,
3024 2231 3277 2283 voluntas

1704 2320 1847 2391 apud
1898 2320 2090 2375 Deum.
2134 2319 2279 2375 Deus
2318 2319 2387 2383 si,
2418 2334 2757 2388 quaecunque
2792 2318 2925 2383 vult,
2957 2318 3135 2374 facere
3173 2335 3275 2388 νεα

1702 2420 1844 2479 test,
1877 2428 1985 2468 non
2021 2421 2202 2468 autem
2248 2427 2589 2482 quaecunque
2635 2410 2818 2466 facere
2856 2419 3062 2481 potest,
3098 2410 3275 2466 facere

1701 2504 1859 2558 vult:
1901 2519 2011 2558 non
2055 2512 2138 2559 est
2183 2504 2325 2571 apud
2356 2502 2521 2557 Deum
2567 2502 2877 2558 substantia
2926 2508 2979 2556 et
3019 2503 3287 2576 voluntas

1701 2593 1864 2649 idem.
1902 2593 2043 2650 Deus
2068 2594 2114 2649 si
2146 2610 2313 2648 unum
2344 2601 2397 2649 et
2425 2592 2654 2662 simplex
2682 2600 2735 2646 et
2760 2591 2922 2646 unius
2952 2590 3138 2646 formae
3167 2601 3271 2653 εειι,

1702 2703 1765 2742 ac
1809 2688 1980 2742 multa
2007 2688 2145 2753 vult,
2187 2695 2240 2742 et
2279 2686 2451 2740 multa
2490 2700 2600 2739 non
2636 2686 2785 2738 vult:
2825 2684 3012 2749 veluti,
3042 2684 3155 2737 vult
3187 2684 3276 2737 illc

1698 2780 1963 2835 varietate
1991 2779 2210 2851 quidem
2246 2779 2410 2832 multa
2436 2789 2673 2840 exstare,
2706 2776 3057 2830 multitudine
3082 2781 3269 2828 autem

1699 2885 1764 2926 ea
1800 2868 2008 2923 infinita
2031 2885 2153 2925 esse
2186 2884 2293 2922 non
2326 2868 2476 2922 vult:
2514 2883 2623 2919 non
2658 2882 2789 2938 ergo
2813 2866 2953 2919 idem
2982 2865 3122 2934 apud
3150 2880 3273 2918 eutn

1699 2978 1823 3018 esse
1861 2970 1918 3016 et
1951 2961 2108 3016 velle.
2148 2958 2205 3013 Si
2244 2959 2389 3014 Deus
2423 2959 2475 3013 id
2520 2956 2663 3028 quod
2704 2958 2821 3027 ipse
2865 2964 3089 3012 estnon
3121 2955 3271 3017 facit,

1699 3055 1794 3111 sed
1832 3055 1982 3126 quod
2025 3054 2140 3109 vult
2176 3052 2347 3119 facit,
2377 3052 2491 3105 vult
2534 3059 2717 3105 autem
2757 3048 3021 3103 mundum
3055 3046 3270 3101 facere:

1697 3163 1808 3202 non
1857 3155 1941 3202 est
1977 3161 2107 3217 ergo
2153 3145 2391 3200 essentia
2448 3150 2501 3197 et
2552 3144 2801 3197 voluntas
2842 3140 2962 3207 ejus
3000 3139 3160 3191 idem.
3216 3136 3273 3191 Si

38 3230 194 3285 εσθαι.
238 3233 295 3286 ’0
321 3233 465 3298 Θεὸς
495 3237 545 3287 εἱ
565 3235 594 3287 ὃ
621 3238 856 3308 ὑπάρχει
877 3239 938 3291 οὐ
970 3244 1130 3305 ποιεῖ,
1158 3246 1303 3295 ποιεῖ
1332 3243 1387 3296 δὲ
1417 3243 1445 3295 ὃ
1475 3243 1495 3313 β

1817 3238 1941 3292 :nita
1997 3236 2238 3308 ingenite
2270 3251 2379 3289 non
2426 3233 2582 3296 fiunt,
2620 3240 2769 3287 certe
2804 3247 2980 3301 neque
3014 3228 3156 3282 Deus
3192 3228 3274 3280 in-

40 3338 162 3387 εται,
193 3325 450 3393 βούλεται
476 3327 536 3380 δὲ
570 3332 742 3381 ποιεῖν
770 3329 861 3383 τὸν
882 3331 1108 3402 κόσμον,
1137 3335 1237 3387 οὐκ
1269 3336 1377 3405 ἄρα
1398 3337 1597 3390 ταύτὸν

37 3415 125 3484 :zp‘
151 3416 299 3488 αὐτῷ
330 3418 411 3489 τῷ
434 3415 580 3473 εἶναι
603 3422 663 3474 τὸ
690 3421 998 3492 βούλεσθαι.
1027 3426 1092 3478 Ei
1109 3427 1419 3498 ἀγεννήτως
1446 3429 1597 3497 ἀγέν-

42 3523 132 3573 ητα
155 3509 212 3560 οὺ
242 3511 481 3577 γίνεται,
511 3512 620 3565 οὐδ’
658 3512 767 3583 ἄρα
798 3515 1107 3587 ἀγεννήτως
1135 3518 1407 3590 ἀγέννητα
1452 3523 1597 3575 ποιεῖ

61 3600 199 3664 Θεός.
243 3604 539 3658 Ἀδύνατον
568 3605 677 3676 γὰρ
705 3603 843 3660 εἶναι
871 3610 1092 3678 ποιητὸν
1120 3611 1433 3683 ἀγέννητον.
1467 3616 1595 3670 Ὥσ-

37 3710 109 3762 ῑερ
132 3696 506 3764 ήδιδασκαλία
532 3700 779 3771 ἐνέργειά
807 3703 924 3755 ἐστι
952 3702 1045 3756 τοῦ
1074 3702 1414 3770 διδάσκοντος
1443 3710 1594 3781 ἐντῷ

38 3784 341 3850 ιαινθάνοντι,
365 3789 549 3853 οὕτως
569 3792 602 3860 ὴ
629 3791 849 3860 ποίησις
869 3793 1120 3865 ἐνέργειά
1137 3796 1251 3848 ἐστι
1270 3796 1364 3849 τοῦ
1382 3798 1594 3852 ποιοῦν-

37 3891 95 3935 τος
122 3878 174 3928 ὲν
191 3878 266 3948 τῷ
290 3882 628 3953 ποιουμένῳ.
658 3882 716 3936 ὐ
744 3884 853 3953 ἀρα
880 3886 1115 3957 ἀναιρῶν
1134 3887 1232 3957 τὴν
1260 3888 1472 3956 γένεσιν
1485 3891 1594 3945 ἀπὸ

37 3964 99 4017 tofi
126 3973 446 4042 ποιουμένου
493 3974 709 4046 ἀναιρεῖ
748 3975 845 4031 καὶ
871 3975 969 4047 τὴν
1019 3977 1298 4049 ἐνέργειαν
1341 3980 1451 4034 ἀπὸ
1494 3981 1592 4051 τῆς

37 4057 262 4125 ἱποιήσεως
276 4059 371 4113 τοῦ
390 4062 694 4126 ποιοῦντος.
714 4063 909 4134 Μάτην
931 4066 1144 4138 ἐνεργεῖ
1165 4067 1297 4132 Θεὸς
1320 4069 1419 4140 τὴν
1438 4070 1595 4139 ποίη-

37 4160 110 4209 τιν,
137 4149 231 4203 οὐκ
256 4151 414 4217 ὄντος
441 4154 539 4207 τοῦ
563 4156 869 4226 γινομένου.
898 4158 961 4210 El
990 4158 1264 4229 ἀποιήτως
1291 4160 1353 4213 οὐ
1388 4164 1533 4213 ποιεῖ
1565 4164 1594 4216 6

37 4238 153 4301 θεὸς,
207 4243 325 4297 οὐδὲ
374 4247 488 4318 ἄρα
531 4248 837 4318 ἀγεννήτως
877 4254 1040 4304 ποιεῖ.
1087 4250 1161 4304 Τὸ
1187 4252 1404 4307 ποιεῖό
1448 4253 1592 4321 Θεὸς

37 4328 165 4394 ,τάσις
190 4334 303 4387 ἐστὶ
340 4340 634 4409 ποιήσεως’
665 4340 726 4394 τὸ
752 4340 808 4394 δὲ
840 4340 1140 4409 ἀποιήτως
1167 4343 1329 4397 ποιεῖ
1364 4345 1590 4417 δυνάμει

37 4420 267 4489 ἱπόφασίς
322 4431 444 4483 ἐστι
484 4431 585 4500 τῆς
626 4432 861 4500 φάσεως.
909 4433 1209 4505 Μαχόμενα
1257 4437 1491 4507 ὀνόματα
1529 4438 1592 4491 τὸ

37 4510 284 4583 ὶγέννητον
312 4521 406 4574 καὶ
435 4522 497 4574 τὸ
525 4523 766 4593 ποιητόν.
799 4525 861 4577 Εἰ
891 4525 951 4577 τὸ
970 4524 1057 4578 διὰ
1076 4527 1347 4598 ποιήσεως
1364 4529 1591 4600 ἀγέννη-

1696 3330 1879 3400 genita
1908 3329 2146 3400 ingenite
2173 3326 2321 3395 facit.
2348 3325 2490 3382 Fieri
2514 3326 2660 3380 enim
2687 3340 2796 3379 non
2824 3330 3023 3393 potest,
3050 3328 3109 3375 ut
3129 3321 3274 3390 quod

1697 3423 2000 3492 ingenitum
2045 3429 2130 3478 est
2172 3419 2376 3474 factum
2412 3420 2503 3475 sit.
2530 3416 2998 3484 Quemadmodum
3025 3414 3273 3468 doctrina

1696 3514 1858 3585 522
1898 3513 2142 3582 operatio
2198 3520 2284 3567 est
2332 3512 2581 3566 docentis
2624 3510 2680 3563 in
2734 3508 3029 3577 discipulo,
3076 3507 3155 3561 sic
3194 3506 3274 3559 ef-

1699 3603 1866 3657 fectio
1896 3602 2143 3672 operatio
2163 3610 2248 3655 est
2273 3599 2528 3655 facientis
2559 3600 2614 3652 in
2642 3614 2709 3653 eo
2738 3598 2879 3667 quod
2909 3597 2987 3650 (lt.
3017 3596 3119 3661 Qui
3141 3610 3274 3663 ergo

1695 3694 1841 3748 tollit
1867 3691 2275 3763 generationem
2307 3690 2374 3743 ab
2403 3705 2468 3745 eo
2502 3688 2645 3757 quod
2676 3688 2752 3749 fit,
2786 3687 2924 3740 tollit
2952 3686 3114 3740 etiam
3143 3700 3273 3753 0pc-

1696 3785 1962 3839 rationcm
2008 3782 2262 3836 facientis
2308 3781 2377 3836 ab
2419 3780 2722 3835 effectione.
2752 3778 2982 3833 Frustra
3014 3783 3275 3845 operatur

1697 3875 1840 3931 Deus
1873 3874 2211 3929 eil'ectionem
2237 3914 2252 3938 ,
2291 3873 2335 3927 si
2373 3872 2507 3926 nihil
2558 3871 2630 3925 sit
2679 3869 2822 3939 quod
2875 3868 2985 3922 fiat.
3037 3867 3092 3921 Si
3132 3866 3272 3922 Deus

1696 3968 1895 4023 infecte
1928 3983 2036 4021 non
2073 3966 2227 4030 facit,
2259 3980 2438 4036 neque
2470 3971 2621 4018 certe
2656 3962 2897 4034 ingenite
2932 3960 3084 4014 facit.
3117 3957 3271 4012 Facit

1694 4060 1877 4124 Deus,
1929 4060 2217 4114 afﬁrmatio
2267 4065 2352 4113 est
2401 4056 2745 4113 eil'ectiouis:
2798 4062 2853 4107 at
2898 4052 3086 4120 infecte
3118 4052 3269 4121 facit,

1693 4152 1940 4223 quaedam
1978 4150 2196 4221 negatio
2245 4159 2329 4207 est
2364 4147 2761 4204 afﬁrmationis.
2799 4143 3105 4214 Pugnantia
3142 4151 3272 4197 sunt

1694 4245 1937 4306 nomina,
1966 4242 2268 4313 ingenitum
2292 4250 2347 4296 et
2374 4241 2599 4294 factum.
2635 4238 2691 4292 Si
2721 4240 3023 4310 ingenitum
3042 4237 3093 4290 id
3125 4235 3269 4305 quod

1694 4352 1792 4408 per
1824 4335 2203 4399 effectionem;
2239 4349 2347 4387 non
2383 4332 2487 4388 erit
2522 4348 2653 4400 ergo
2688 4331 2990 4399 ingenitum
3036 4328 3087 4381 id
3123 4324 3269 4395 quod

1695 4446 1801 4483 non
1832 4435 1916 4483 est
1945 4443 2041 4496 per
2061 4427 2421 4481 affectionem.
2450 4424 2595 4478 Nihil
2624 4425 2853 4477 interest
2880 4431 3062 4475 utrum
3094 4421 3268 4485 dicas,

1698 4518 1798 4585 Qui
1826 4520 1972 4585 fecit,
2009 4518 2157 4582 fecit,
2193 4518 2339 4587 quod
2374 4525 2553 4571 autem
2585 4516 2733 4577 fecit,
2757 4514 2960 4569 factum
2986 4528 3094 4566 non
3130 4512 3265 4577 fuit;

37 4616 118 4663 ιον,
145 4608 238 4659 οὐκ
264 4609 371 4681 ἄρα
399 4612 692 4684 ἀγέννητον
717 4614 777 4667 τὸ
810 4615 887 4685 μὴ
939 4615 1027 4669 διὰ
1078 4619 1369 4688 ποιήσεως.
1422 4622 1494 4673 Οὐ

1807 4612 1986 4664 .licas:
2026 4607 2170 4663 Deus
2218 4608 2457 4679 ingenita
2518 4606 2668 4661 facit.
2722 4605 2778 4659 Si
2844 4612 2991 4659 recte
3041 4604 3264 4665 dicitur,

38 4690 240 4766 Ξιαφέρει
279 4701 340 4753 τὸ
386 4702 588 4772 λέγειν,
645 4705 703 4757 Ὀ
747 4706 847 4775 μὲν
884 4708 1115 4778 ποιήσας
1152 4709 1397 4781 ἐποίησε,
1439 4712 1502 4765 τὸ
1527 4713 1585 4767 δὲ

37 4784 316 4855 ποιούμενον
343 4793 446 4846 οὐκ
486 4793 723 4861 ἐγένετο,
751 4793 846 4848 τοῦ
880 4796 1080 4865 λέγειν,
1118 4800 1270 4852 Ποιεῖ
1290 4802 1319 4853 6
1358 4801 1491 4865 Θεὸς
1517 4800 1587 4854 τὰ

37 4870 285 4946 ἀγέννητοι.
303 4882 596 4952 Εῐεῠλογον
607 4885 667 4938 τὸ
677 4886 876 4955 λέγειν,
890 4891 918 4942 6
930 4888 1063 4952 Θεὸς
1094 4891 1405 4961 ἀγεννήτως
1429 4892 1587 4960 ἀγέν-

38 4976 143 5053 "tu
176 4973 329 5035 ποιεῖ,
360 4971 584 5043 εῠλογον
609 4974 716 5047 ἄρα
758 4977 849 5029 καὶ
892 4978 953 5031 τὸ
993 4977 1193 5048 λέγειν,
1251 4982 1584 5053 Ἀγεννήτως

38 5052 89 5104 τά
117 5058 366 5133 ἀγέννητα
389 5066 616 5134 γίνεται.
660 5070 966 5125 Ἀκολουθεῖ
990 5072 1099 5144 γὰρ
1126 5073 1203 5143 τῷ
1246 5077 1390 5126 ποιεῖ
1413 5073 1472 5126 τὸ
1500 5073 1583 5143 γί-

37 5157 159 5199 νεται
182 5159 373 5226 φυσικῇ
402 5158 637 5230 ἀνάγκῃ,
669 5162 731 5214 Εἰ
757 5161 813 5214 δὲ
841 5162 1041 5216 ἄτοπον
1069 5164 1129 5217 τὸ
1160 5164 1429 5235 δεύτερον,
1467 5166 1583 5219 ἄτο-

39 5245 118 5325 ’ξην
157 5237 256 5308 ἄρα
295 5245 387 5298 καὶ
430 5249 494 5302 τὸ
539 5250 773 5319 πρῶτον.
816 5253 878 5322 Ei
914 5251 1168 5325 ἐγχρονον
1208 5252 1269 5307 τὸ
1306 5253 1579 5321 γενέσθαι,

38 5316 259 5415 ἐγχρονον
280 5334 372 5387 καὶ
397 5337 459 5391 τὸ
486 5316 774 5393 ποιέῖσθαυ
809 5316 1103 5414 ισοδύνάιμα
1130 5345 1257 5415 γάρ.
1298 5316 1581 5397 ’Ᾰδύνατον

42 5408 129 5481 ’τὰρ
150 5416 200 5467 ὲν
222 5421 293 5491 τῷ
318 5431 487 5482 ποιεῖν
512 5431 604 5483 τὸν
638 5432 910 5498 ποιοῦντα,
944 5408 1289 5505 μὴῠγίνεσθαι
1317 5436 1379 5488 τὸ
1403 5434 1581 5489 ποιού-

46 5514 192 5565 μενον·
208 5512 265 5565 Εἰ
287 5517 586 5592 ἀγεννήτως
601 5524 749 5577 οὐδὲν
773 5525 1000 5592 γίνεται,
1020 5527 1125 5580 οὐδ’
1139 5527 1245 5597 ἄρα
1274 5527 1579 5596 ἀγεννήτως

48 5599 244 5685 “inﬁmi
270 5623 338 5662 τι.
374 5612 446 5665 Τὸ
477 5614 583 5685 γὰρ
629 5616 877 5683 γενέσθαι
921 5619 1011 5670 καὶ
1049 5619 1107 5670 τὸ
1140 5619 1411 5671 ποιεῖσθαι
1441 5619 1580 5684 λέξει

48 5681 128 5747 μὲν
150 5692 204 5743 οὐ
228 5700 429 5767 ταύτὸν,
465 5681 607 5776 ἐρίῳ
718 5710 930 5761 ταύτόν.
952 5711 1008 5763 ὐ
1053 5709 1183 5773 Θεὸς
1224 5713 1271 5763 εξ
1316 5710 1393 5780 τῷ
1441 5681 1579 5763 εἶῖαι

1692 4701 1835 4757 Deus
1876 4700 2115 4771 ingenita
2167 4700 2407 4770 ingenite
2450 4698 2618 4753 facit:
2657 4705 2804 4753 recte
2834 4698 2997 4752 etiam
3031 4698 3264 4755 dicetur,

1689 4793 1930 4864 ingenite
1962 4792 2202 4863 ingenita
2240 4791 2394 4845 fiuut.
2433 4790 2695 4861 Sequitur
2728 4790 2871 4843 enim
2923 4788 3264 4844 effectioncm

1691 4887 1971 4954 generatio
2005 4885 2332 4940 necessitate
2362 4883 2622 4938 naturali.
2654 4881 2709 4936 Si
2746 4881 3045 4937 secundum
3075 4881 3268 4933 absur-

1690 4976 1818 5030 dum
1832 4984 1937 5043 est,
1953 4978 2249 5032 absurdum
2267 4978 2452 5046 utique
2465 4983 2517 5029 et
2532 4976 2787 5045 primum.
2806 4974 2861 5028 Si
2878 4972 3266 5043 temporarium

1688 5077 1773 5123 est
1786 5068 1954 5138 gigni,
1971 5068 2360 5138 temporarium
2378 5076 2432 5122 et
2449 5067 2559 5122 fieri
2580 5086 2592 5121 :
2615 5066 2755 5121 idem
2771 5066 2916 5120 enim
2932 5066 3131 5119 valent.
3146 5062 3265 5117 Non

1686 5166 1865 5230 potest
1896 5160 2041 5213 enim
2068 5160 2246 5215 facere
2271 5159 2362 5229 qui
2399 5158 2549 5221 facit,
2582 5158 2715 5229 quin
2748 5160 2998 5229 gignatur
3033 5156 3085 5209 id
3120 5153 3264 5225 quod

1687 5250 1765 5304 fit.
1805 5250 1863 5305 Si
1893 5252 2131 5323 ingenita
2164 5252 2299 5306 nihil
2335 5253 2595 5323 gignitur,
2632 5267 2809 5320 neque
2834 5250 2999 5305 etiam
3026 5248 3264 5317 ingenito

1687 5343 1984 5414 quidquam
2021 5345 2100 5400 fit.
2136 5343 2270 5397 Nam
2295 5345 2441 5414 gigni
2471 5355 2522 5398 et
2553 5343 2664 5398 fieri
2699 5342 2879 5396 verbis
2913 5340 3131 5411 quidem
3156 5353 3263 5391 non

1687 5434 1829 5489 idem
1861 5444 1971 5502 est,
2006 5452 2064 5491 re
2098 5445 2279 5491 autem
2316 5436 2477 5490 idem.
2518 5434 2681 5496 Deus,
2719 5434 2764 5487 si
2800 5434 2925 5503 quia
2960 5439 3045 5485 est
3078 5429 3261 5492 ellieit,

1688 5534 1875 5582 coaete
1907 5527 2068 5583 efficit
2111 5544 2229 5598 quae
2278 5528 2433 5581 eflicit
2462 5546 2475 5590 ;
2517 5527 2601 5582 sin
2635 5526 2762 5596 quia
2796 5525 2911 5577 vult
2944 5522 3125 5585 efficit,
3164 5538 3260 5575 sua

1689 5629 1881 5686 sponte
1933 5621 2115 5675 eflicit.
2153 5622 2252 5686 Qui
2291 5630 2469 5675 autem
2520 5636 2616 5673 sua
2654 5625 2847 5687 sponte
2880 5614 3041 5670 ellicit
3069 5655 3081 5676 ,
3115 5629 3263 5683 quae-

1688 5728 1905 5781 cunque
1938 5714 2050 5767 vult
2098 5721 2149 5768 et
2192 5714 2373 5783 qualia
2410 5714 2525 5765 vult
2576 5719 2629 5765 ct
2663 5709 2878 5781 quando
2914 5708 3029 5761 vult
3075 5705 3258 5761 cmi-it,

108 5820 202 5897 (78)
229 5834 301 5889 Οὐ
337 5844 621 5911 φθείρεται
651 5846 1079 5913 βουληθέντος.
1114 5846 1541 5921 Transponenda

1820 5866 1884 5906 ac
1928 5849 2212 5910 legendum
2255 5848 2531 5913 φθείρεται
2572 5850 2632 5903 οὐ
2676 5844 3017 5913 ϐουληθέντος
3063 5844 3246 5901 αὑτοῦ.
