3662 6500
385 401 523 456 1455

1106 397 1467 454 APPENDIX.
1509 429 1574 439 --
1610 397 1790 452 PARS
1829 395 1870 451 I.
1915 399 1922 446 ε

2113 396 2282 452 ΞΤΙΝΙ
2324 395 2553 451 OPEllA
2593 395 2872 454 SPURIA.

3491 402 3588 457 1456

381 516 439 569 Si
475 515 616 570 Deus
649 515 774 584 quia
809 523 892 568 est
922 512 1104 575 ellieit,
1139 514 1277 568 nihil
1306 516 1354 569 ei
1384 513 1606 584 prodest
1631 511 1792 576 velle,
1819 525 1922 564 cun

2113 515 2212 576 ιιεῖ,
2247 513 2662 580 ἀναγκαπικῶς
2708 514 2854 565 ποιεῖ
2895 511 2932 565 ἆ
2975 516 3140 566 ποιεῖ’
3178 516 3226 565 εἰ
3276 513 3332 566 δὲ
3358 512 3426 584 τῷ
3449 515 3590 585 βούλε-

378 609 658 663 voluntate
693 620 1037 675 nequaquam
1073 606 1150 660 uti
1185 606 1378 676 possit.
1427 603 1545 657 Duo
1590 601 1947 672 repugnantia

377 701 436 756 in
477 701 586 756 Deo
648 700 830 770 posuit
882 713 1217 768 responsor:
1261 696 1576 752 effectorem
1609 695 1762 747 illum
1788 701 1949 747 vocat

375 807 566 847 eorum
599 805 719 860 quae
751 796 880 843 sunt
903 827 917 850 ,
951 795 1005 841 et
1042 788 1094 840 id
1128 786 1178 840 ei
1213 784 1495 846 attribuit,
1529 781 1673 852 quod
1709 781 1950 850 ingenite

375 881 564 936 faciat.
602 881 735 934 Nam
771 881 816 934 si
851 879 968 949 ipse
1013 879 1231 947 quidem
1266 876 1506 947 ingenito
1531 875 1726 940 efﬁcit,
1763 873 1817 927 id
1852 888 1951 926 au-

376 983 482 1028 tem
514 973 660 1042 quod
693 973 924 1028 edicitur
971 970 1394 1039 haudquaquam
1445 966 1720 1037 gignitur,
1771 980 1950 1033 neque

371 1062 538 1132 geniti
570 1077 746 1130 neque
779 1060 1025 1131 ingeniti,
1058 1073 1236 1128 neque
1282 1056 1459 1112 cﬂ'eeti
1481 1096 1496 1118 ,
1534 1070 1708 1125 neque
1757 1052 1941 1108 infecti

371 1151 566 1205 modo:
603 1165 734 1220 ergo
769 1160 826 1204 ut
856 1148 910 1202 id
939 1148 1084 1218 quod
1131 1145 1364 1202 efficitur
1407 1161 1514 1199 non
1551 1145 1630 1208 fit,
1657 1145 1729 1198 ita
1767 1160 1945 1214 neque

365 1241 593 1294 effector
621 1240 796 1294 elIicit.

2047 601 2168 654 σθαι
2198 604 2360 664 ποιεῖ,
2395 603 2727 666 αὑθεντικῶς
2771 605 2940 656 ποιεῖ·
2977 603 3320 668 αὑθεντικῶς
3357 605 3409 658 δὲ
3444 611 3591 670 ποιῶν,

2045 693 2144 744 ὅσα
2198 691 2446 760 βούλεται
2501 693 2594 746 καὶ
2643 688 2732 746 οἷα
2784 693 3040 764 βούλεται
3097 697 3195 748 καὶ
3247 697 3336 748 ὅτε
3396 698 3592 767 βούλεται

2047 781 2208 832 ποιεῖ.
2251 780 2309 831 Ὀ
2334 779 2465 844 Θεὸς
2497 783 2544 834 εἰ
2571 781 2647 851 τῷ
2677 777 2815 835 εἶναι
2847 785 3013 848 ποιεῖ,
3043 787 3127 848 εἰς
3154 786 3311 838 οὐδὲν
3337 789 3469 858 αὐτῷ
3491 808 3596 860 χρη-

2048 871 2260 941 σιμεύει
2287 871 2348 924 τὸ
2379 872 2676 941 βούλεσθαι,
2711 869 2755 942 ᾧ
2777 875 3039 947 οὐδαμῶς
3064 879 3294 933 δύναται
3327 881 3592 953 κεχρῆσθαι.

2047 961 2150 1014 Δύο
2187 962 2479 1032 ἀσύμϐατα
2509 965 2724 1037 τίθησιν
2752 969 2850 1021 ἐπὶ
2879 969 2972 1022 τοῦ
3009 970 3150 1024 Θεοῦ
3199 974 3229 1025 6
3279 973 3596 1046 ἀποκρινάμε-

2049 1068 2157 1114 νος’
2185 1053 2466 1123 ποιητικὸν
2504 1055 2664 1108 αὑτὸν
2690 1056 2949 1127 ὀνομάζει
2967 1058 3078 1112 τῶν
3106 1059 3300 1124 ὄντων,
3342 1062 3427 1114 καὶ
3461 1081 3595 1132 προς⁹

2048 1143 2384 1214 ἀπτειαύτῷ
2421 1145 2484 1196 τὸ
2524 1145 2834 1218 ἀγεννήτως
2874 1154 3070 1216 ποιεῖν.
3109 1151 3173 1204 Ei
3203 1151 3314 1222 γὰρ
3354 1154 3496 1216 αὐτὸς
3521 1157 3597 1223 μὲν

2047 1235 2361 1305 ἀγεννήτως
2396 1239 2567 1302 ποιεῖ,
2590 1241 2650 1291 τὸ
2678 1239 2734 1292 δὲ
2771 1242 3103 1313 ποιούμενον
3143 1244 3396 1314 οὐδαμῶς
3431 1247 3594 1312 γὲνεται

366 1334 489 1386 οὔτε
550 1335 822 1404 γεννητῶς
842 1334 965 1388 οὔτε
1014 1334 1342 1405 ἀγεννήτως,
1371 1331 1494 1385 οὔτε
1544 1331 1781 1401 ποιητιῖλς
1832 1329 1954 1382 οὔτε
1984 1331 2281 1400 ἀποιήτως·
2325 1330 2513 1403 ὥσπερ
2569 1333 2676 1404 ἀρα
2707 1335 2767 1388 οὐ
2812 1337 3024 1404 γίνεται
3061 1339 3124 1392 τὸ
3153 1340 3490 1410 ποιούμενον,
3526 1342 3594 1393 οὗ·

366 1443 473 1488 τως
503 1428 622 1480 οὐδὲ
659 1431 802 1480 ποιεῖ
832 1431 859 1481 6
887 1429 1076 1482 ποιῶν.

436 1519 490 1572 5.
521 1517 692 1583 Sicut,
719 1520 917 1590 inquit,
957 1520 1189 1574 videmus
1233 1519 1459 1589 quemvis
1503 1517 1784 1579 hominem,
1819 1531 1937 1568 cum

363 1611 532 1679 genite
558 1612 760 1680 genitus
802 1612 869 1668 sit
917 1623 964 1665 et
1011 1610 1256 1681 gignendi
1293 1624 1484 1678 capax,
1522 1609 1698 1678 genita
1719 1622 1932 1669 creare,

363 1711 411 1754 et
441 1702 496 1754 in
527 1703 824 1756 universum
856 1704 1052 1773 genita,
1083 1718 1201 1755 cum
1248 1703 1417 1771 genite
1451 1700 1628 1770 genita
1671 1701 1799 1766 sint,
1848 1715 1936 1770 ge-

366 1797 478 1848 nita
506 1797 667 1849 etiam
699 1811 764 1850 ea:
791 1813 845 1850 se
883 1813 1061 1850 creare
1087 1811 1104 1849 :
1139 1797 1212 1849 ita
1241 1806 1288 1849 et
1320 1795 1460 1850 Deus
1480 1836 1495 1859 ,
1536 1795 1794 1864 ingenitus
1815 1809 1933 1847 cum

2113 1516 2166 1568 5.
2240 1515 2494 1585 Ὠσπερ,
2542 1521 2733 1590 φησὶν,
2787 1522 3040 1590 ὁρῶμεν,
3097 1524 3189 1577 ὅτι
3235 1527 3311 1580 τὰ
3367 1531 3592 1594 Ten-imi.

2043 1602 2172 1660 οἷον
2194 1607 2503 1676 ἄνθρωπος
2529 1610 2827 1679 γεννητῶς
2857 1615 3206 1682 γενόμενος,
3249 1620 3512 1686 rem;de
3550 1638 3596 1672 τε

2039 1696 2144 1759 ὢν,
2171 1697 2428 1767 γει-νοητὰ
2454 1700 2627 1753 ποιεῖ·
2661 1702 2756 1755 καὶ
2799 1705 3066 1758 καθόλου
3097 1707 3172 1760 τὰ
3211 1710 3458 1776 raw-17rd
3496 1730 3594 1780 τετ-

2037 1787 2230 1855 νητῶς
2264 1792 2564 1858 γινόμενα,
2598 1793 2863 1860 γεννητὰ
2892 1796 2990 1848 καὶ
3021 1795 3097 1849 τὰ
3133 1798 3208 1861 ἐξ
3236 1799 3430 1853 αὐτῶν
3455 1804 3590 1856 sua}

365 1888 455 1952 sit,
498 1888 722 1957 ingenito
759 1887 888 1957 facit
918 1889 1095 1942 omnia
1120 1928 1135 1952 ,
1169 1905 1272 1941 non
1303 1889 1477 1958 genita
1508 1887 1628 1949 illa,
1661 1885 1752 1939 sed
1780 1885 1914 1938 simu

2113 1897 2146 1932 ν
2202 1882 2389 1935 αὑτὸν
2442 1884 2662 1950 τρόπον
2701 1887 2798 1939 καὶ
2857 1889 2891 1939 ό
2944 1887 3114 1953 Θεὸς,
3161 1891 3478 1958 ἀγέννητὸς
3512 1893 3590 1954 ὢν,

367 1979 742 2033 subsistentia:
799 1990 954 2050 atque
999 1980 1063 2034 ob
1107 1979 1393 2048 potentiam
1439 1978 1703 2046 inﬁnitam
1732 1977 1938 2030 diversa

369 2071 523 2140 facit.
555 2070 690 2136 Quis
724 2071 889 2142 igitur
912 2071 1187 2126 hominem
1219 2069 1486 2134 condidit,
1515 2068 1609 2140 qui
1647 2069 1803 2138 juxta
1850 2083 1936 2120 re-

365 2158 650 2232 sponsoris
685 2164 846 2217 verba
876 2165 1055 2235 genite
1087 2163 1304 2233 genitus
1336 2172 1441 2228 est,
1475 2172 1529 2217 et
1565 2177 1689 2216 cum
1719 2160 1936 2230 genitus

362 2254 456 2318 sit,
482 2255 662 2325 genite
694 2255 876 2325 genita
921 2255 1094 2308 facit?
1129 2255 1186 2310 Si
1215 2255 1436 2325 quidem
1472 2253 1636 2318 Deus,
1661 2251 1936 2322 quomodo

364 2363 661 2416 responsor
695 2364 805 2402 non
841 2349 1104 2402 mentitus
1135 2357 1238 2414 est,
1274 2362 1397 2402 cum
1426 2345 1601 2400 dixit:
1643 2344 1777 2397 Deus
1817 2360 1934 2396 cum

362 2440 623 2509 ingenitus
655 2440 762 2501 sit,
806 2439 1032 2508 ingenita
1068 2438 1302 2508 ingenita
1337 2437 1513 2506 facit?
1545 2436 1700 2502 Quod
1736 2436 1780 2490 si
1824 2450 1935 2487 non

365 2529 528 2596 Deus,
551 2530 823 2599 quomodo
855 2530 998 2586 Deus
1031 2531 1227 2586 alienis
1261 2547 1368 2585 non
1397 2529 1664 2599 providet,
1698 2526 1935 2580 homini-

365 2622 466 2676 bus
499 2622 816 2690 providens,
855 2637 1088 2692 quorum
1123 2622 1376 2676 conditor
1413 2637 1520 2674 non
1550 2620 1672 2674 est?
1708 2615 1806 2672 Sin
1837 2619 1936 2673 ab-

360 2712 590 2767 surdum
619 2721 702 2768 est
733 2713 936 2778 dicere,
971 2713 1136 2769 Deum
1173 2714 1454 2768 hominum
1487 2729 1593 2766 non
1627 2727 1750 2767 esse
1770 2709 1933 2767 effce-

359 2819 533 2862 torem
558 2827 570 2861 :
610 2806 907 2862 absurdum
934 2806 1181 2877 profecto
1207 2815 1263 2861 et
1286 2805 1452 2860 Deum
1483 2805 1665 2859 dicere
1694 2804 1933 2873 ingenite

359 2897 600 2968 ingenita
633 2895 864 2950 eflicerc.
902 2895 1042 2950 Ecce
1077 2897 1220 2951 enim
1266 2895 1540 2949 hominem
1584 2893 1786 2958 effecit,
1835 2893 1930 2963 qui

358 2989 534 3056 genite
563 2989 777 3058 genitus
810 2997 910 3042 εει.
951 2987 1007 3041 Si
1040 2987 1095 3041 id
1128 2987 1288 3057 cujus
1315 3003 1442 3056 pars
1474 2987 1654 3057 genita
1677 2995 1784 3049 est,
1809 2985 1932 3040 uni-

357 3097 575 3136 versum
598 3081 762 3136 etiam
791 3082 1033 3150 genitum
1055 3095 1179 3134 esse
1204 3094 1424 3133 necesse
1443 3086 1526 3132 est
1551 3097 1564 3132 ε
1592 3093 1717 3148 pars
1747 3086 1928 3132 autem

357 3171 544 3225 mundi
577 3171 736 3225 homo
766 3180 870 3233 cst,
903 3169 1208 3224 secundum
1239 3167 1584 3238 responsoris
1619 3168 1802 3230 verba,
1835 3184 1929 3238 εε-

358 3262 471 3316 nite
501 3261 757 3331 gcnitus;
792 3261 1010 3331 genitus
1042 3275 1172 3330 ergo
1203 3265 1256 3312 et
1281 3256 1537 3312 mundus.
1572 3256 1626 3310 Si
1655 3259 1931 3326 ingenitus

354 3359 440 3406 est
474 3351 639 3414 Deus,
687 3360 742 3406 et
789 3352 1032 3422 ingenita
1083 3350 1282 3406 efficit:
1321 3348 1596 3419 quomodo
1643 3365 1752 3402 non
1787 3364 1934 3403 com-

356 3445 506 3498 muni
551 3461 652 3500 usu
705 3445 809 3499 fert
858 3444 1083 3514 ingeniti
1128 3459 1348 3509 nomen,
1391 3443 1533 3512 quod
1557 3459 1681 3497 eum
1714 3459 1744 3497 a
1781 3444 1932 3498 nullo

351 3537 614 3592 discernit
635 3539 658 3588 Υ
679 3534 736 3590 Si
762 3535 973 3599 Deusjd
998 3535 1142 3605 quod
1169 3535 1282 3604 ipse
1299 3543 1382 3590 est
1402 3551 1506 3589 non
1531 3535 1660 3589 facit
1677 3536 1752 3605 (id
1781 3535 1927 3591 enim

353 3627 666 3696 repugnat);
704 3626 831 3680 facit
859 3635 1040 3679 autem
1061 3641 1124 3680 ea
1147 3641 1268 3695 quae
1293 3641 1402 3679 non
1433 3634 1518 3680 est
1547 3642 1558 3676 :
1585 3627 1767 3695 genita
1798 3641 1929 3696 ergo

354 3719 506 3781 facit,
540 3735 667 3774 cum
707 3719 825 3788 ipse
851 3719 1127 3789 ingenitus
1148 3719 1240 3773 sit.
1264 3718 1381 3775 Non
1411 3722 1706 3791 quaerimus
1722 3728 1924 3783 autem,

355 3811 588 3878 primum
609 3809 768 3880 523
787 3811 1064 3880 quomodo
1096 3811 1240 3865 Deus
1259 3811 1443 3879 faciat,
1469 3812 1562 3867 sed
1584 3811 1715 3880 quid
1740 3812 1924 3865 faciat.

355 3898 583 3954 luvento
611 3901 758 3953 enim
787 3900 918 3968 quid
943 3899 1128 3963 faciat,
1165 3899 1444 3954 inventum
1474 3908 1630 3955 estet
1652 3899 1929 3969 quomodo
1961 3940 1972 3946 ς

352 3988 537 4044 faciat.
575 3989 632 4043 Si
683 3989 849 4056 Deus,
892 4005 1016 4044 eum
1047 3990 1324 4060 ingenitus
1358 3991 1450 4054 sit,
1501 3991 1741 4062 ingenite
1774 3991 1927 4061 inge.-

351 4077 464 4132 nita
495 4088 644 4135 creat
664 4098 678 4146 ;
702 4096 827 4135 cum
859 4083 1082 4138 domino
1114 4092 1323 4150 careat,
1353 4084 1517 4138 etiam
1557 4085 1676 4140 sine
1702 4085 1926 4139 domino

350 4169 485 4226 facit
521 4171 744 4227 domino
777 4176 1038 4231 carentia.
1071 4175 1127 4229 Si
1157 4177 1460 4231 secundum
1486 4178 1784 4233 absurdum
1815 4185 1922 4241 est,

348 4264 646 4319 absurdum
696 4282 830 4338 ergo
860 4277 914 4324 et
956 4269 1214 4338 primum.
1249 4270 1382 4335 Quae
1415 4271 1566 4326 nullo
1596 4272 1924 4340 interposito

349 4357 636 4412 intervallo
668 4359 830 4414 simul
860 4361 1191 4428 subsistunt,
1224 4361 1420 4417 horum
1456 4364 1668 4417 nullum
1694 4365 1921 4418 alterius

344 4446 569 4502 effector
597 4465 719 4506 esse
755 4459 964 4521 potest;
997 4454 1083 4510 sin
1114 4469 1298 4520 secus,
1333 4463 1496 4510 erunt
1527 4471 1660 4526 ergo
1699 4457 1802 4512 sibi
1836 4456 1921 4510 in-

2039 1971 2378 2039 ἀγεννήτως
2405 1974 2564 2027 ποιεῖ
2585 1974 2800 2040 πάντα,
2831 1980 2904 2033 οὐ
2929 1982 3242 2048 γινόμενα,
3272 1983 3427 2036 ἀλλὰ
3450 2001 3590 2038 συνιε-

2038 2061 2373 2130 φιστάμενα
2391 2081 2404 2093 ·
2434 2066 2531 2118 καὶ
2561 2064 2633 2132 τῇ
2653 2065 2769 2134 μὲν
2809 2065 2920 2135 τῆς
2953 2069 3270 2138 δυνάμεως
3305 2075 3518 2142 ἀπειρίᾳ
3542 2079 3592 2127 τὰ

2037 2152 2288 2221 διάφορα
2319 2155 2494 2209 ποιεῖ.
2545 2158 2640 2221 Τίς
2667 2154 2760 2212 οὖν
2807 2160 2954 2214 ἐστιν
2982 2164 3011 2214 6
3047 2165 3288 2233 ποιήσας
3317 2164 3404 2217 τὸν
3425 2166 3590 2236 ἀνθρω-

2039 2262 2136 2298 πον
2182 2247 2274 2299 τὸν
2310 2247 2449 2301 κατά
2492 2249 2590 2319 τὴν
2632 2251 2816 2321 φωνὴν
2847 2253 2942 2305 τοῦ
2969 2255 3411 2326 ἀποκριναμένου
3441 2276 3592 2326 γεννη-

2036 2337 2143 2401 τῶς
2179 2339 2486 2410 γενόμενον,
2537 2342 2630 2395 καὶ
2680 2344 2842 2396 αὑτὸν
2875 2345 3008 2398 ὄντα
3039 2348 3326 2418 γεννητὸν,
3361 2353 3594 2421 γεννητιῑκ

2035 2430 2268 2500 γεννητὰ
2283 2431 2570 2496 ποιοῦντα;
2605 2434 2762 2489 Ἀλλά
2780 2437 2830 2488 εἰ
2855 2437 2953 2507 μὲν
2967 2438 2998 2490 6
3021 2438 3184 2503 Θεὸς,
3212 2440 3331 2504 πῶς
3352 2442 3446 2494 οὐκ
3465 2442 3596 2510 ἐψεύ-

2037 2538 2165 2574 σατο
2183 2523 2674 2595 ὁάποκρινάμενος,
2695 2527 2883 2581 εἰπών’
2902 2528 2965 2582 Ὁ
2986 2531 3158 2596 Θεὸς,
3181 2531 3497 2600 ἀγέννητὸς
3511 2535 3594 2592 ὢν.

2033 2612 2372 2682 ἀγεννήτως
2401 2617 2698 2686 ἀγέννητα
2727 2620 2919 2685 ποιεῖ;
2949 2623 2998 2674 εἰ
3041 2622 3102 2675 δὲ
3135 2624 3238 2694 οὐχ
3267 2628 3296 2678 6
3329 2626 3474 2690 Θεὸς,
3503 2629 3594 2686 πῶς

2033 2704 2094 2756 οὐ
2121 2704 2228 2758 τῶν
2257 2706 2551 2780 ἀλλοτρίων
2588 2713 2804 2781 προνοεῖ
2837 2712 2868 2764 6
2907 2712 3064 2777 Θεὸς,
3101 2716 3348 2786 προνοῶν
3393 2717 3494 2769 τῶν
3525 2720 3594 2770 ἀρ

2035 2793 2288 2865 ορώπων,
2323 2792 2398 2851 ὧν
2428 2799 2529 2852 οὐκ
2555 2800 2671 2852 ἐστι
2707 2804 2968 2874 ποιητής;
3025 2806 3092 2858 Ei
3127 2806 3187 2858 δὲ
3234 2807 3432 2860 ἄτοπον
3460 2809 3514 2860 τὸ
3537 2810 3594 2876 μὴ

2033 2887 2209 2956 λέγειν
2251 2890 2340 2942 τὸν
2373 2890 2505 2944 Θεὸν
2545 2894 2773 2964 ποιητὴν
2805 2894 2900 2948 τοῦ
2927 2896 3251 2967 ἀνθρώπου,
3289 2899 3477 2952 ἄτοπον
3508 2901 3595 2970 ἄρα

2034 2980 2126 3033 καὶ
2162 2980 2223 3034 τὸ
2257 2981 2437 3050 λέγειν
2484 2984 2576 3036 τὸν
2612 2985 2744 3038 Θεὸν
2775 2987 3090 3058 ἀγεννήτως
3119 2990 3390 3062 ἀγέννητα

2047 3072 2174 3126 Ἰδοὺ
2219 3074 2328 3144 γὰρ
2382 3076 2649 3146 πεποίηκε
2703 3078 2796 3130 τὸν
2838 3079 3133 3151 ἄνθρωπον
3175 3084 3447 3153 γεννητῶς
3488 3085 3592 3135 ὄντα

2033 3165 2307 3235 γεννητόν.
2334 3167 2396 3218 Ei
2426 3160 2486 3219 οὗ
2515 3167 2575 3219 τὸ
2605 3168 2769 3239 μέρος
2801 3172 3084 3240 γεννητὸν,
3121 3173 3313 3226 τούτου
3353 3175 3412 3239 ἐξ
3455 3176 3591 3240 ἀνᾶγ-

2035 3275 2136 3328 κης
2169 3258 2260 3310 καὶ
2284 3258 2342 3310 τὸ
2369 3258 2488 3312 ὅλον
2518 3262 2793 3330 γεννητόν·
2831 3263 2998 3333 μέρος
3022 3265 3079 3317 δὲ
3115 3266 3211 3318 τοῦ
3243 3268 3444 3337 κόσμου
3465 3270 3491 3320 6
3515 3270 3594 3320 ira-

2035 3349 2249 3420 θρωπος
2282 3352 2311 3403 6
2333 3350 2472 3404 κατὰ
2497 3353 2594 3424 τὴν
2623 3354 2806 3424 φωνὴν
2836 3354 2929 3408 τοῦ
2962 3357 3400 3429 ἀποκριναμένου
3433 3377 3594 3427 γεννη-

2032 3442 2139 3506 τῶς
2166 3444 2474 3513 γενόμενος·
2504 3445 2761 3514 γεννητὸς
2791 3445 2901 3516 ἄρα.
2922 3448 3017 3499 καὶ
3045 3449 3074 3499 6
3106 3449 3328 3519 κόσμος.
3371 3451 3430 3502 Ei
3462 3450 3594 3515 ἀγέν-

2031 3535 2190 3604 νητός
2224 3537 2370 3587 ἐστιν
2394 3536 2422 3586 6
2459 3535 2610 3599 Θεὸς,
2647 3536 2740 3588 καὶ
2776 3537 2844 3590 τὰ
2888 3538 3168 3610 ἀγέννητα
3216 3544 3376 3605 ποιεῖ,
3415 3541 3518 3602 πῶς
3543 3542 3593 3590 5’.-

2032 3625 2172 3678 κατά
2208 3625 2383 3678 κοινοῦ
2426 3625 2578 3696 φέρει
2609 3626 2668 3678 τὸ
2701 3626 2797 3679 τοῦ
2845 3629 3150 3698 ἀγεννὴτου
3188 3631 3380 3701 ὸνομα,
3408 3632 3477 3701 τῷ
3503 3648 3590 3699 μη-

2028 3716 2139 3770 δενὶ
2162 3717 2321 3770 αὑτὸν
2349 3717 2792 3771 ἀντιδιαστέλλων
2819 3718 2934 3789 (79)
2957 3736 2971 3784 ;
3000 3721 3067 3772 Εἰ
3101 3722 3131 3772 6
3164 3722 3296 3785 Θεὸς
3325 3725 3356 3776 ὃ
3389 3724 3519 3775 ἐστιν
3543 3724 3594 3772 οὐ

2030 3809 2191 3860 ποιεῖ·
2228 3807 2488 3861 ἀδύνατον
2529 3807 2655 3878 γάρ·
2692 3811 2837 3861 ποιεῖ
2883 3809 2942 3860 δὲ
2975 3809 3012 3863 ἃ
3043 3811 3148 3864 οὐκ
3198 3811 3332 3864 ἔστι·
3388 3815 3590 3881 γεννητὰ

2028 3897 2137 3968 ἄρα
2162 3901 2302 3951 ποιεῖ
2332 3899 2624 3970 ἀγέννητος
2649 3899 2812 3963 αὐτὸς
2843 3899 2940 3957 ὧν.
2975 3903 3052 3954 Οὐ
3084 3901 3353 3974 ζητοῦμεν
3374 3905 3428 3957 δὲ

2027 4007 2116 4042 τον
2139 3991 2198 4042 τὸ
2229 3991 2345 4053 πῶς
2374 3995 2518 4043 ποιεῖ
2553 3994 2581 4044 6
2610 3991 2763 4055 Θεὸς,
2809 3993 2947 4046 ἀλλά
2980 3994 3045 4046 τὸ
3086 3995 3140 4047 τί
3175 3999 3334 4048 ποιεῖ.
3384 3994 3589 4065 Εὑρεθὲη

2027 4080 2136 4152 γὰρ
2163 4081 2222 4134 τὸ
2245 4083 2295 4134 τί
2335 4086 2499 4145 ποιεῖ,
2535 4082 2762 4153 εὓρηται
2790 4085 2886 4136 καὶ
2927 4087 2990 4137 τὸ
3025 4085 3146 4148 πῶς
3177 4089 3337 4138 ποιεῖ.
3368 4087 3426 4137 ΕΞ
3451 4084 3589 4151 ἀγέλην

2026 4189 2184 4244 νητος
2234 4173 2496 4244 ὑπάρχων
2553 4174 2662 4244 (80)
2707 4177 2735 4228 6
2776 4175 2911 4239 Θεὸς
2936 4217 2950 4240 ,
2999 4177 3308 4248 ἀγεννήτως
3348 4177 3588 4244 ἀγέννητι

2026 4267 2186 4327 ποιεῖ,
2224 4264 2315 4317 καὶ
2337 4265 2628 4328 ἀδέσποτος
2656 4266 2764 4337 ἄρα
2808 4262 3092 4338 ὑπάρχων,
3141 4269 3437 4330 ἀδεσπάτως
3473 4266 3584 4319 ἀδέ-

2026 4372 2197 4408 σποτα
2233 4359 2394 4410 ποιεῖ.
2439 4359 2502 4410 Εἰ
2539 4357 2594 4411 δὲ
2628 4359 2830 4413 ἄτοπον
2857 4360 2920 4412 τὸ
2951 4360 3228 4432 δεύτερον,
3258 4361 3443 4414 ἄτοπον
3486 4359 3587 4428 ἀρε

2025 4447 2117 4500 καὶ
2147 4447 2208 4501 τὸ
2235 4448 2466 4520 πρῶτον.
2495 4449 2574 4502 Τὰ
2600 4449 2943 4515 ἀδιαστάτως
2976 4453 3412 4523 συνυφιστάμενα
3437 4450 3584 4516 ἀλλή-

347 4538 522 4594 vicem
559 4541 865 4598 effectores.
911 4543 965 4600 ld
993 4563 1121 4602 vero
1153 4546 1199 4602 si
1233 4548 1534 4603 absurdum
1569 4558 1691 4613 εει,
1725 4548 1916 4604 absur-

2113 4557 2154 4604 ς,
2187 4541 2337 4594 οὐδὲν
2365 4542 2544 4596 αὐτῶν
2570 4542 2783 4606 οὐδενὸς
2815 4543 3001 4597 αὐτῶν
3034 4544 3259 4599 δύναται
3287 4541 3416 4597 εἶναι
3441 4560 3584 4608 ποίη-

346 4628 476 4682 dum
508 4631 750 4698 profecto
794 4642 850 4688 et
886 4634 1054 4690 Deum
1111 4637 1298 4692 dicere
1350 4654 1540 4692 eorum
1584 4638 1917 4701 ellectorem,

347 4733 468 4784 quae
516 4735 622 4773 una
659 4738 782 4776 cum
825 4740 890 4779 eo
933 4727 1070 4780 citra
1103 4727 1445 4784 intervallum
1493 4730 1822 4787 subsistunt.
1861 4729 1918 4785 Si

348 4808 558 4864 infinita
590 4814 810 4882 quidem
855 4817 1031 4874 facere
1064 4827 1242 4889 potest
1277 4821 1440 4887 Deus,
1476 4823 1572 4877 sed
1599 4825 1878 4880 voluntate
1903 4868 1915 4889 ,

349 4899 494 4956 Deus
525 4912 704 4958 autem
739 4908 886 4962 varia
915 4925 1039 4964 esse
1075 4926 1185 4966 non
1228 4921 1442 4982 potest:
1476 4931 1645 4969 unum
1682 4933 1919 4988 namque

347 5002 454 5060 cst,
485 5002 540 5049 et
572 4996 825 5066 simplex,
857 5009 912 5055 et
943 5003 1106 5058 unius
1152 5003 1378 5073 forma};
1411 5009 1560 5062 varia
1593 5025 1724 5064 vero
1763 5012 1874 5065 vult
1901 5030 1917 5068 :

348 5100 456 5140 non
485 5102 613 5157 ergo
639 5089 766 5156 quia
799 5098 883 5144 est
912 5090 1061 5155 facit,
1095 5094 1188 5148 sed
1218 5098 1344 5166 quia
1370 5098 1506 5152 vult.
1545 5099 1624 5164 Si,
1656 5103 1919 5172 quemad—

346 5174 567 5228 modum
602 5191 727 5230 cum
755 5177 1023 5233 linearum
1061 5187 1460 5254 compositione
1506 5189 1671 5245 simul
1738 5187 1918 5242 subsi-

338 5268 716 5339 stuntanguli,
744 5270 824 5325 sic
855 5280 910 5325 et
937 5273 1176 5330 mundus
1221 5293 1344 5332 cum
1391 5279 1534 5336 Deo:
1570 5290 1758 5338 coacto
1791 5299 1919 5353 pro.

343 5360 484 5412 feeto
540 5366 596 5413 et
630 5369 826 5430 printer
867 5363 1200 5420 voluntatem
1247 5370 1510 5426 mundum
1557 5371 1698 5428 Deus
1743 5383 1913 5438 creat,

344 5463 448 5502 non
494 5468 589 5520 per
620 5469 700 5517 se,
738 5455 832 5508 sed
867 5471 964 5524 per
993 5458 1288 5515 accidens:
1324 5471 1510 5518 coacto
1553 5466 1696 5518 enim
1737 5474 1791 5522 et
1822 5483 1917 5536 per

345 5541 604 5600 accidens
630 5546 790 5599 simul
827 5563 949 5600 cum
969 5548 1235 5605 linearum
1262 5555 1530 5621 positione
1564 5557 1744 5624 anguli
1779 5575 1915 5611 eon-

422 5676 730 5796 (€33)qu(13...
776 5681 1298 5739 ἀντιδιαστέλλων.
1341 5686 1466 5757 ch.
1509 5690 1632 5742 τὸ...
1686 5692 1917 5744 ἀντιδια-

355 5757 588 5798 στελλον.

422 5813 537 5884 (80)
579 5817 1018 5886 '1“:rcip7.wr.lta
1070 5826 1378 5884 emendavit
1438 5826 1776 5902 Sylhurgius.
1827 5830 1914 5886 Sic

2021 4633 2139 4702 τῆς
2191 4634 2240 4685 εἰ
2287 4634 2343 4686 δὲ
2396 4635 2470 4705 μή
2522 4651 2607 4703 γε,
2651 4634 2901 4706 ἀλλήλων
2946 4635 3162 4690 ἔσονται
3197 4636 3420 4707 ποιηταί.
3446 4636 3507 4686 Ei
3533 4634 3582 4683 δὲ

2019 4723 2178 4776 τοῦτο
2222 4723 2443 4787 ἄτοπον,
2487 4726 2690 4780 ἄτοπον
2737 4725 2846 4795 ἄρα
2897 4727 2992 4782 καὶ
3035 4728 3100 4781 τὸ
3140 4727 3315 4797 λέγειν
3351 4728 3429 4779 τὸν
3454 4725 3582 4775 Θεὸν

2024 4816 2250 4887 ποιητὴν
2287 4817 2396 4871 τῶν
2435 4817 2775 4882 ἀδιαστάτως
2816 4818 2966 4890 αὐτῷ
2997 4820 3475 4890 συνυφισταμένων.
3521 4815 3578 4865 ΕΞ

2020 4908 2220 4980 ἄπειρα
2259 4909 2359 4978 μὲν
2410 4910 2635 4964 δύναται
2681 4913 2858 4965 ποιεῖν
2903 4914 2933 4965 6
2963 4913 3118 4977 Θεὸς,
3149 4913 3281 4968 ἀλλὰ
3305 4911 3374 4981 τῷ
3408 4909 3581 4978 βούλε-

2021 5001 2162 5055 σθαισ
2195 5004 2224 5055 6
2254 5003 2386 5066 Θεὸς
2411 5003 2469 5056 δὲ
2499 5003 2731 5074 διάφορα
2763 5003 2865 5074 μὲν
2889 5000 3031 5058 εἶναι
3060 5006 3122 5057 οὐ
3147 5005 3372 5058 δύναταν
3401 5000 3451 5053 ἓν
3475 4999 3576 5065 γάρ

2020 5095 2156 5157 ἐστι,
2186 5095 2279 5147 καὶ
2304 5093 2526 5158 ἁπλοῦν,
2557 5094 2650 5147 καὶ
2671 5095 2963 5165 μονοειδές·
2989 5095 3228 5168 διάφορα
3247 5097 3300 5149 δὲ
3329 5093 3571 5164 βούλει-ιγ

2019 5189 2117 5240 οὐκ
2178 5187 2285 5258 ἄρα
2344 5185 2422 5257 τῷ
2472 5182 2609 5240 εἶναι
2674 5188 2835 5250 ποιεῖ,
2892 5187 3030 5240 ἀλλὰ
3077 5187 3158 5257 τῷ
3199 5183 3470 5257 βούλεσθαι.
3513 5181 3572 5231 Ei

2018 5279 2208 5351 ὥσπερ
2236 5282 2302 5351 τῇ
2345 5279 2586 5333 συνθέσει
2613 5279 2722 5334 τῶν
2761 5278 3042 5350 γραμμῶν
3093 5278 3481 5347 συνυφίσταντειι
3519 5275 3570 5322 ai

2019 5372 2230 5439 γωνίαι,
2262 5373 2404 5424 οὕτω
2433 5372 2526 5425 καὶ
2565 5373 2594 5425 ὁ
2627 5371 2836 5441 κόσμος
2879 5370 2958 5442 τῷ
2995 5370 3136 5442 Θεῷ·
3190 5363 3569 5437 ἀναγκαστικῷς

2020 5463 2124 5532 ἄρα
2152 5463 2244 5516 καὶ
2275 5462 2584 5534 ἀϐουλήτως
2616 5464 2760 5516 ποιεῖ
2809 5461 2906 5516 τὸν
2953 5463 3158 5534 κόσμον
3194 5465 3223 5517 6
3262 5463 3391 5523 Θεὸς,
3431 5459 3573 5511 κατὰ

2022 5558 2361 5628 συμϐεϐηκὸς
2385 5557 2473 5610 καὶ
2504 5556 2564 5609 οὐ
2595 5556 2718 5610 καθ’
2741 5554 2898 5608 αὐτόο
2935 5554 3332 5624 ἀναγκαπικῶς
3353 5550 3448 5619 γὰρ
3483 5550 3574 5600 ni

2019 5700 2182 5754 etiam
2214 5700 2449 5756 Clarum.
2475 5710 2528 5756 et
2557 5697 2619 5752 lt.
2650 5699 2968 5768 Stephanus
2999 5701 3064 5756 ad
3097 5702 3286 5757 calcem
3312 5720 3322 5753 ;
3350 5705 3391 5750 at
3425 5693 3574 5747 idem

2022 5772 2073 5822 in
2107 5779 2256 5828 textu
2289 5772 2508 5841 scripsit
2545 5770 2794 5840 ὑπάρχει.
