3662 6478
311 370 336 424 l
351 367 450 424 659

1064 357 1424 417 ΔΡΡΕΝυιΧ.
1461 389 1530 399 -
1566 355 1747 415 PARS
1785 354 1826 410 Ι.
1870 353 1893 410 Ε

2057 352 2235 410 STlNl
2274 349 2504 409 OPERA
2541 347 2669 406 SPU
2678 345 2814 403 RIA.

3452 342 3566 400 ἔξω

307 494 433 535 cum
484 492 551 533 eo
597 475 839 546 ingenito
893 476 1076 545 genita
1129 470 1457 526 subsistunt.
1509 467 1566 524 Si
1614 467 1756 523 Deus
1809 475 1893 522 est

2085 465 2180 520 καὶ
2219 463 2491 534 αἰσθητῶν
2541 463 2687 514 ἐστιν
2732 455 3011 522 ἐπέκεινα,
3045 452 3143 508 καὶ
3171 451 3236 506 οὐ
3273 453 3416 504 ποιεῖ
3454 453 3566 525 ἔργα

308 572 453 626 ultra
502 567 866 638 intelligibilia
915 573 970 621 et
1015 563 1326 628 sensibilia,
1375 577 1476 618 nec
1522 561 1652 616 facit
1693 575 1892 631 opera,

309 679 432 734 qum
480 663 592 716 sint
641 662 782 715 ultra
833 659 1198 730 intelligibilia
1249 664 1304 712 et
1348 654 1669 717 sensibilis,
1720 669 1896 724 neque

311 768 468 817 sane,
515 767 639 806 cum
686 750 964 821 ingenitus
1013 750 1118 812 sit,
1156 746 1398 816 ingenita
1448 742 1630 799 elﬁcit.
1666 741 1723 796 Si
1757 743 1895 796 nihil

313 853 494 916 potest
542 843 704 899 simul
759 857 882 896 cum
937 857 1002 895 co
1041 839 1343 894 subsistere
1379 836 1525 906 quod
1570 835 1712 890 ultra
1763 835 1896 890 illud

311 945 430 1001 est,
463 933 740 1007 quomodo
774 932 1012 987 mundus
1046 931 1207 986 simul
1239 929 1484 984 substitit
1513 943 1638 982 cum
1672 927 1783 982 Deo
1804 929 1895 998 qui

314 1030 460 1083 ultra
508 1028 686 1098 ipsum
733 1025 864 1081 est?
927 1023 983 1077 Si
1038 1021 1277 1093 ingenita
1331 1036 1454 1076 esse
1493 1033 1621 1075 'non
1667 1030 1901 1092 possunt

312 1138 434 1194 quae
497 1128 628 1176 sunt
687 1118 1032 1189 composita,
1097 1113 1372 1186 quomodo
1431 1113 1663 1179 coelum,
1716 1115 1798 1168 sol
1849 1122 1904 1170 et

2001 557 2208 630 νοητῶν
2247 575 2307 610 τε
2353 556 2447 609 καὶ
2485 551 2760 624 αἰσθητῶν
2806 549 3100 614 ἐπέκεινα,
3131 546 3245 600 οὐδ⁴
3282 545 3391 616 ἄρα
3431 546 3570 614 ἀγέν-

2003 669 2161 725 νητος
2201 649 2300 711 ὢν,
2342 649 2612 718 άγέννητα
2645 647 2805 698 ποιεῖ.
2839 645 2903 697 Εἰ
2949 640 3218 696 ἀδύνατον
3269 638 3568 707 συνυφίστα-

1957 767 1962 776 ’
2006 745 2129 800 σθαι
2160 745 2241 815 τῷ
2273 741 2535 797 ἐπέκεινα
2571 736 2787 802 ἑαυτοῦ,
2820 735 2939 798 πῶς
2983 731 3298 801 συνυπέστη
3331 731 3362 782 6
3399 730 3573 800 κόσμος

2005 841 2082 912 τῷ
2099 839 2220 912 Θεῷ
2265 837 2522 891 ἐπέκεινα
2553 835 2663 888 ὖντι
2685 831 2875 895 αὐτοῦ;
2912 831 2975 884 Εἰ
2999 827 3264 882 ἀδύνατον
3295 821 3429 878 εἶναι
3449 823 3576 892 ἀγέψ

2005 951 2140 1005 νητα
2154 933 2223 986 τὰ
2244 931 2494 997 σύνθετα,
2513 927 2630 992 πῶς
2654 929 2683 980 6
2697 924 2923 997 οὐρανὸς
2945 923 3080 978 καὶὸ
3096 922 3251 992 ἥλιος
3277 917 3573 989 κόσμος(83)

2010 1026 2147 1078 εἰσιν
2178 1025 2492 1094 ἀγέννητοι,
2526 1012 2771 1074 σύνθετοι
2797 1019 2974 1081 ὄντες,
3002 1015 3230 1072 ἂλλοθεν
3264 1013 3473 1082 ἔχοντες
3497 1010 3576 1079 τὴν

2013 1116 2145 1189 ὓλην
2167 1117 2264 1171 καὶ
2291 1114 2513 1172 ἄλλοθεν
2541 1114 2602 1168 τὸ
2633 1109 2772 1176 εἶδος
2799 1129 2815 1179 ;

317 1173 431 1194 νι---
498 1173 710 1176 ww,
816 1173 903 1189 ,ν
1019 1173 1030 1180 .
1114 1173 1131 1186 .
1651 1173 1661 1179 ,
2099 1173 2111 1189 ,
2751 1173 2812 1179 __
3379 1173 3386 1181 _

313 1215 551 1270 mundus
609 1212 848 1284 ingenita
910 1225 1034 1266 esse
1084 1207 1332 1280 possint,
1379 1221 1505 1261 cum
1556 1207 1667 1262 sint
1718 1209 2042 1278 composita,
2107 1224 2172 1266 ac
2230 1209 2454 1265 aliunde
2503 1207 2793 1263 materiam
2841 1212 2899 1261 et
2942 1201 3172 1258 aliunde
3220 1199 3450 1253 formam
3495 1195 3572 1249 ba-

313 1306 522 1360 beant?

385 1400 440 1453 5.
477 1396 686 1451 Idcirco
714 1397 978 1450 cernimus
1015 1403 1064 1449 et
1097 1403 1348 1448 naturam
1379 1394 1474 1449 hoc
1504 1395 1616 1463 ipso
1656 1393 1796 1464 quod
1824 1402 1902 1448 est

315 1489 508 1558 facere.
539 1501 589 1544 et
635 1490 938 1543 universam
986 1502 1188 1556 semper
1237 1488 1587 1540 mutationem
1645 1487 1904 1554 operari:

312 1578 754 1652 quemadmodum
786 1579 839 1632 in
870 1578 1024 1632 lactis
1070 1577 1460 1648 coagulatione,
1492 1578 1755 1632 cernimus
1787 1578 1898 1632 uni-

311 1682 459 1728 ‘uerse
515 1671 937 1742 coagulationem
996 1670 1124 1724 lacti
1193 1669 1457 1724 advenire.
1511 1667 1685 1722 Multo
1743 1669 1908 1740 igitur

2081 1395 2135 1449 5.
2175 1393 2432 1464 ὀρῶμεν
2461 1393 2560 1447 καὶ
2600 1391 2712 1461 τὴν
2741 1391 2937 1462 φύσιν
2980 1385 3144 1452 αὐτῷ
3176 1384 3261 1450 τῷ
3298 1379 3445 1437 εἶναι
3471 1397 3574 1436 ,τοι-

2010 1486 2229 1550 οῦσαν,
2269 1485 2369 1539 καὶ
2415 1485 2639 1553 ἁθρόαν
2673 1483 2764 1538 ἀεὶ
2812 1481 2929 1549 τὴν
2960 1475 3336 1551 μεταϐολὴν,
3381 1473 3574 1543 ὲρττιζελ-

2005 1580 2231 1650 μένην·
2278 1578 2480 1648 ὥσπερ
2531 1579 2630 1633 ἐπὶ
2684 1575 2791 1646 τῆς
2853 1574 3094 1642 πήξεως
3151 1572 3262 1626 τοῦ
3318 1569 3573 1640 γάλακτος

2012 1675 2240 1743 ἀθρόως
2289 1673 2406 1742 τὴν
2459 1670 2643 1740 πῆξιν
2684 1670 2946 1740 θεώμεθα
2999 1663 3483 1736 παραγινομένην
3519 1661 3575 1726 τῷ

318 1765 486 1834 ntagis
529 1761 855 1833 putandum,
891 1761 1058 1816 Deum
1091 1763 1328 1816 universe
1371 1771 1422 1816 et
1453 1761 1645 1832 absque
1680 1771 1893 1830 tempore

2057 1766 2284 1821 ἁλακτι.
2311 1765 2528 1832 Πολλῷ
2559 1766 2765 1819 τοίνυν
2788 1761 2900 1816 τὸν
2932 1759 3086 1816 Θεὸν
3106 1757 3356 1829 μᾶλλον
3383 1756 3574 1823 οίητὲω·

317 1857 490 1926 facere
522 1856 742 1910 omnia:
773 1871 891 1908 cum
938 1855 1047 1923 ipse
1095 1853 1305 1925 quidem
1344 1855 1413 1907 sit
1455 1869 1650 1917 unum,
1694 1853 1911 1922 inﬁnita

320 1969 439 2007 vero
468 1951 702 2020 potentia
732 1949 943 2002 diversa
980 1949 1274 2018 producat,
1304 1963 1421 2018 qua:
1449 1945 1658 2017 quidem
1699 1947 1912 2001 omnino

317 2063 411 2115 per
437 2048 609 2115 scipsa
639 2042 899 2115 producta
930 2043 1060 2097 sint.
1095 2039 1302 2094 Natura
1339 2039 1560 2109 quidem
1597 2037 1912 2093 universam

318 2139 482 2196 elﬁcit
517 2136 895 2201 mutationem,
929 2150 1041 2188 non
1076 2133 1142 2187 ad
1192 2130 1533 2188 efl‘ectionem
1569 2131 1910 2192 substantiae,

321 2235 415 2289 sed
447 2232 516 2287 ad
541 2231 880 2287 eli'ectionezn
925 2227 1319 2300 perpessionis.
1352 2223 1487 2278 Nam
1518 2224 1827 2295 coagulatio
1860 2224 1914 2278 in

320 2327 482 2389 lacte,
526 2323 807 2395 perpessio
849 2328 935 2376 est
984 2321 1182 2385 lactis;
1233 2318 1601 2374 substantiam
1637 2329 1770 2370 vero
1817 2329 1915 2368 ne-

2016 1859 2245 1928 άθρόως
2288 1859 2387 1912 καὶ
2436 1859 2706 1928 ἀχρόνως
2750 1855 2950 1910 πάντα
2996 1852 3217 1916 ποιεῦο,
3258 1848 3445 1904 αὐτὸν
3487 1847 3575 1916 μὲι·

2017 1953 2163 2006 ὄντα
2201 1951 2291 2016 ἓν,
2333 1950 2407 2019 τῇ
2454 1949 2524 2004 δὲ
2566 1949 2806 2017 ἀπειρίᾳ
2854 1945 2963 2015 τῆς
3004 1943 3325 2013 δυνάμειικι
3366 1939 3575 2009 διάφορα

2015 2044 2353 2114 προὰγυντα
2377 2083 2395 2108 ,
2449 2043 2545 2096 καὶ
2598 2039 2750 2096 αὐτὰ
2809 2034 3124 2102 παντελῶς
3194 2031 3576 2100 αὐτοπάριικτα

2017 2137 2409 2207 τυγχάνοντα.
2457 2135 2521 2188 Ἦ
2570 2135 2666 2206 μὲν
2697 2131 2858 2202 φύσις
2902 2129 3111 2202 ἀθρόαν
3165 2127 3270 2199 τὴν
3319 2124 3576 2197 μεταϐολὴν

2017 2230 2306 2302 ἐργάζεται
2327 2230 2388 2284 οὐ
2419 2227 2557 2301 πρὸς
2586 2226 2802 2297 ποίησιν
2829 2223 3040 2285 οὐσίας,
3069 2220 3211 2274 ἀλλὰ
3238 2218 3376 2290 πρὸς
3402 2215 3578 2285 ποίησιν

2016 2325 2111 2378 τοῦ
2145 2324 2349 2386 πάθους
2369 2340 2381 2352 ·
2421 2323 2455 2394 ὴ
2487 2321 2597 2390 γὰρ
2632 2318 2794 2390 πῆξις
2821 2318 2880 2370 ὲν
2911 2315 2989 2386 τῷ
3017 2313 3262 2383 γάλακτι
3306 2309 3466 2372 πάθος
3491 2309 3580 2361 ἐστὶ

323 2433 598 2489 quaquam
649 2424 849 2470 natura
903 2414 1160 2466 universe
1201 2409 1384 2466 eliicit.
1419 2405 1704 2475 Quomodo
1747 2407 1918 2476 igitur

324 2525 621 2581 responsor
666 2508 852 2562 minus
899 2505 1122 2577 proprio
1172 2519 1280 2557 non
1335 2517 1471 2557 usus
1516 2507 1601 2555 est
1638 2497 1914 2567 exemplo,

326 2611 538 2658 natura:
565 2600 806 2665 actione,
841 2605 901 2652 ut
942 2597 1110 2652 Deum
1147 2595 1340 2666 probet
1368 2593 1489 2649 sine
1522 2600 1770 2661 tempore
1797 2606 1921 2660 0pc-

327 2695 462 2759 I'ari,
496 2709 621 2748 cum
656 2692 952 2746 multarum
992 2697 1046 2744 et
1087 2688 1430 2743 diversarum
1467 2684 1652 2755 opifex
1682 2683 1756 2738 sit
1788 2681 1923 2736 sub-

325 2787 680 2850 stantiarum,
713 2799 851 2855 quas
881 2780 1098 2838 etiamsi
1132 2786 1356 2850 repente
1386 2784 1556 2842 creet,
1592 2791 1703 2852 non
1735 2781 1921 2828 tamen

329 2882 538 2952 absque
567 2876 846 2950 tempore?
877 2874 1245 2947 Repentinum
1276 2871 1419 2926 enim
1451 2878 1688 2940 tempus,
1720 2875 1806 2923 est
1837 2867 1892 2921 in

2057 2860 2126 2938 εάν
2162 2880 2374 2954 ἀθρόως
2419 2879 2544 2949 ποιῇ
2601 2879 2630 2931 6
2670 2873 2838 2937 Θεὸς,
2884 2870 2992 2924 οὐδ’
3031 2868 3210 2930 οὕτως
3256 2864 3513 2936 ἀχρόνως;
3541 2860 3585 2910 τὸ

326 2975 608 3030 dividuum
651 2978 1010 3028 momentum.
1052 2969 1113 3022 In
1151 2982 1215 3022 ea
1259 2980 1384 3037 quae
1427 2980 1526 3035 per
1565 2962 1750 3032 seipsa
1793 2975 1893 3030 pro

2057 2978 2134 3051 ’ἀρ
2165 2977 2230 3030 ἀθ
2241 2976 2361 3050 ρόον
2392 2972 2486 3028 τοῦ
2521 2972 2716 3042 χρόνου
2748 2968 2868 3022 ἐστὶ
2893 2965 2956 3019 τὸ
2984 2963 3213 3033 ἄτομον.
3246 2960 3367 3012 Τῶν
3397 2957 3585 3010 adcom-

329 3069 496 3125 ducta
527 3073 678 3132 sunt,
710 3064 968 3118 voluntas
1001 3060 1096 3116 Dei
1129 3075 1239 3114 non
1268 3059 1603 3114 dominatur.
1633 3053 1693 3108 In
1725 3070 1788 3110 ea
1823 3069 1892 3108 au

2057 3071 2244 3126 πάκτων
2275 3070 2337 3122 οὐ
2371 3064 2616 3139 κυριεύει
2659 3065 2693 3134 ἡ
2733 3059 2831 3114 τοῦ
2877 3057 3015 3111 Θεοῦ
3055 3055 3346 3126 βούλησιςο
3384 3047 3583 3120 κυριεύει

332 3194 442 3240 tem
485 3179 806 3236 dominatur
843 3174 942 3230 Dei
984 3173 1273 3236 voluntas,
1317 3185 1439 3240 quae
1483 3169 1603 3240 ipsa
1646 3167 1893 3238 producit

2057 3163 2086 3216 ὲ
2115 3163 2149 3233 ὴ
2191 3160 2444 3232 βούλησις
2483 3155 2580 3210 τοῦ
2621 3152 2758 3208 Θεοῦ
2786 3145 2863 3206 ῶν
2909 3149 3052 3220 αὐτὴ
3104 3145 3366 3218 παράγει.
3408 3140 3528 3194 Ἀλλ’
3551 3139 3584 3188 εἰ

2018 2418 2112 2472 τοῦ
2153 2417 2454 2486 γάλακτοςο
2490 2413 2674 2466 οὐσίαν
2719 2411 2774 2464 δὲ
2817 2407 3076 2479 οὐδαμῶς
3143 2405 3361 2476 ἀθρόως
3413 2403 3577 2466 ποιείἠ

2021 2511 2203 2580 φύσις.
2239 2507 2365 2572 Πῶς
2395 2501 2487 2560 οὖν
2519 2505 2619 2558 οὐκ
2651 2501 2798 2556 ἔστιν
2827 2504 2857 2556 6
2893 2499 3343 2572 ἀποκρινάμενος
3371 2494 3579 2561 ἀνακείῳ

2023 2579 2412 2672 ὐποδείγματι,
2455 2600 2522 2669 τῇ
2564 2579 2795 2668 ἐργασία
2829 2595 2927 2665 τῆς
2977 2593 3237 2662 φύσεως,
3281 2588 3582 2660 χρησάμενος

2025 2695 2162 2764 πρὸς
2196 2693 2544 2763 παράστασιν
2588 2688 2688 2758 τῆς
2719 2687 2817 2741 τοῦ
2859 2685 2995 2740 Θεοῦ
3029 2683 3286 2756 ἁχρόνως
3330 2677 3580 2752 ἐργασίας.

2021 2785 2356 2861 δημιουργοῦ
2401 2783 2610 2838 πολλῶν
2642 2781 2736 2835 καὶ
2765 2779 3046 2850 διαφόρων
3090 2774 3297 2829 οὐσιῶν
3341 2772 3504 2835 ὄντος,
3536 2770 3581 2829 Et;

335 3277 447 3334 Sed
477 3275 526 3332 si
556 3275 812 3330 voluntas
846 3268 943 3325 Dei
985 3268 1043 3322 in
1072 3267 1257 3322 omnia
1289 3264 1626 3328 dominatur,
1671 3262 1807 3317 nihil
1841 3270 1928 3317 est

336 3369 588 3442 profecto
636 3365 784 3438 quod
827 3378 924 3435 per
977 3360 1220 3430 seipsum
1279 3357 1352 3412 sit
1405 3355 1759 3428 productum.
1814 3353 1925 3410 Re-

336 3478 573 3535 sponsor
605 3477 702 3531 per
730 3459 975 3528 seipsum
1020 3453 1350 3525 productum
1394 3449 1644 3506 nominat
1673 3458 1727 3504 et
1759 3450 1928 3505 Deum

336 3565 392 3613 et
426 3553 718 3610 mundum.
779 3551 886 3606 Sed
940 3548 988 3605 si
1039 3561 1135 3617 per
1191 3545 1436 3614 seipsum
1492 3539 1800 3613 productus
1844 3545 1931 3596 est

337 3647 614 3709 mundus,
657 3653 718 3700 ut
765 3643 860 3713 qui
895 3655 1080 3696 causa:
1116 3636 1493 3694 subsistentia:
1531 3633 1655 3705 ejus
1710 3634 1933 3690 εοεχεί-

339 3748 471 3804 stat,
512 3752 744 3794 necesse
794 3734 1044 3806 profecto
1087 3739 1204 3795 est,
1251 3737 1306 3787 et
1355 3730 1526 3785 Deum
1554 3728 1649 3800 qui
1699 3743 1797 3799 per
1844 3745 1934 3785 se-

339 3835 520 3903 ipsum
571 3829 893 3901 productus,
937 3840 1118 3881 causa:
1147 3823 1519 3880 subsistentia:
1547 3837 1661 3877 suae
1690 3821 1933 3876 coexsti-

342 3927 498 3980 tisse.
528 3922 635 3978 Sed
665 3923 709 3977 si
737 3922 790 3976 id
816 3918 1140 3985 absurdum,
1165 3915 1466 3974 absurdum
1496 3915 1743 3986 profecto
1764 3915 1932 3970 etiam

341 4018 496 4072 dictu
537 4023 624 4071 est
652 4021 706 4071 et
735 4013 907 4068 Deum
952 4019 1008 4067 et
1039 4010 1306 4066 mundum
1337 4024 1435 4078 per
1465 4009 1680 4078 seipsos
1722 4005 1933 4076 produ-

342 4117 464 4164 ctos
493 4123 636 4171 esse,
665 4115 721 4162 et
755 4104 920 4160 simul
957 4103 1191 4158 alterum
1224 4114 1348 4156 cum
1385 4099 1561 4152 altero
1590 4098 1730 4152 citra
1764 4096 1934 4151 inter-

343 4203 548 4258 vallum
581 4199 918 4256 substitisse.
950 4197 1007 4252 Si
1054 4212 1153 4267 pcr
1188 4210 1247 4250 se
1277 4191 1497 4264 quidem
1529 4191 1675 4247 Deus
1724 4206 1822 4262 per
1850 4206 1937 4246 se-

346 4295 526 4366 ipsum
583 4294 890 4364 productus
934 4298 1057 4355 est,
1117 4285 1358 4342 mundus
1409 4293 1591 4341 autem
1645 4298 1744 4355 per
1785 4282 1934 4338 acci-

347 4392 504 4457 dens,
536 4388 631 4459 qui
677 4403 803 4443 cum
842 4401 909 4442 eo
958 4383 1124 4440 simul
1175 4380 1466 4438 subsistit:
1517 4376 1794 4452 quomodo
1832 4375 1935 4431 fal-

2030 3251 2273 3326 κυριεύει
2321 3253 2355 3322 ἡ
2404 3249 2656 3321 βούλησις
2696 3244 2792 3298 τοῦ
2847 3241 2985 3296 Θεοῦ
3036 3241 3284 3299 πάντων,
3327 3233 3469 3288 οὐδὲν
3503 3231 3586 3298 ἄρα

2029 3323 2469 3416 αὐτοπάρακτον.
2499 3338 2925 3410 Δύτοπάρακτον
2965 3331 3229 3403 ὀνομάζει
3273 3331 3302 3382 6
3332 3323 3586 3394 ἀποκρινὰ-

2034 3457 2195 3512 μενος
2227 3415 2322 3493 καὶ
2347 3437 2437 3490 τὸν
2466 3434 2600 3488 Θεὸν
2627 3433 2720 3486 καὶ
2749 3431 2841 3483 τὸν
2872 3429 3101 3499 κόσμον.
3138 3424 3280 3476 Ἀλλ’
3304 3423 3351 3476 εἰ
3388 3415 3580 3472 αὐτοπά-

2033 3509 2232 3606 ρακτός
2258 3532 2405 3584 ἐστιν
2431 3530 2460 3582 6
2491 3527 2714 3598 κόσμος,
2741 3519 3215 3590 συνυφιστάμενος
3268 3518 3336 3586 τῇ
3362 3511 3494 3580 αἰτίᾳ
3512 3509 3587 3576 7i};

2033 3605 2388 3684 ὑ“π(κ³’¹τάε³ἐῑιι)<ἶ
2408 3618 2598 3683 αὗτοῦ,
2623 3616 2838 3688 ἀνάγκη
2868 3615 2980 3685 ἄρα
3009 3615 3106 3666 καὶ
3146 3611 3241 3665 τὸν
3281 3608 3427 3670 Θεὸν,
3462 3605 3586 3657 αὐτο-

2033 3718 2313 3790 πάρακτον
2340 3713 2490 3776 ὅντα,
2521 3706 2951 3779 συνυφίστασθαι
2987 3709 3055 3777 τῇ
3091 3703 3248 3772 αἰτίᾳ
3279 3700 3375 3770 τῆς
3402 3694 3587 3749 {atmii-

2035 3784 2173 3875 σεῶς
2209 3805 2393 3863 αὐτοῦ.
2447 3803 2588 3858 Ἀλλ’
2621 3804 2670 3856 εἰ
2705 3799 2868 3854 τοῦτο
2898 3799 3125 3860 ἄτοπον,
3173 3794 3369 3848 ἄτοπον
3396 3791 3486 3859 ἄρα
3514 3784 3586 3836 καὶ

2033 3905 2094 3958 τὸ
2125 3903 2302 3972 λέγειν
2328 3899 2421 3954 τὸν
2469 3898 2604 3952 Θεὸν
2637 3897 2730 3950 καὶ
2777 3894 2870 3947 τὸν
2905 3891 3114 3963 κόσμον
3169 3882 3586 3972 αὐτοπαράκτουξτ

2035 3997 2130 4052 καὶ
2175 3968 2676 4064 συνυφισταμὲνους
2717 3986 2970 4056 ἀλλήλοις
3011 3980 3373 4040 ἀδιαστάτως.
3407 3975 3458 4026 Ei
3490 3968 3582 4023 καθ’

2035 4085 2168 4138 αὐτὸ
2209 4059 2491 4155 μὲν-ἑστιν.
2522 4079 2552 4131 6
2591 4077 2721 4140 Θεὸς
2756 4073 3213 4144 αὐτοπάρακτος,
3249 4065 3386 4122 κατά
3427 4059 3584 4130 captis-

2035 4151 2289 4248 6111:6656
2317 4176 2346 4228 6
2368 4173 2572 4243 κόσμος
2601 4169 2662 4224 οὐ
2690 4166 3166 4236 συνυφιστάμενος
3191 4162 3302 4232 (34)
3329 4155 3472 4226 θνατῷ,

2035 4244 2135 4322 οὐκ
2179 4266 2297 4321 ἐστι
2345 4264 2537 4337 ψευδὲς
2577 4264 2660 4331 τὸ,
2694 4259 2890 4315 Οὐδὲν
2941 4256 3262 4326 συμϐαίνει
3311 4249 3438 4315 Θεῷ,
3475 4244 3581 4310 εἴτε,

2037 4360 2467 4434 αὐτοπαρὼιτως
2526 4353 2918 4430 παραγομένου
2961 4351 3058 4406 τοῦ
3116 4347 3284 4412 Θεοῦ,
3330 4339 3580 4402 συνδάη

2039 4455 2190 4526 αὐτῷ
2211 4453 2634 4524 αὐτοπάρακτος
2663 4449 2692 4500 6
2721 4447 2927 4518 κόσμος
2953 4463 2967 4512 ;
3001 4446 3066 4498 Ei
3096 4442 3168 4496 τὰ
3195 4440 3386 4511 φυσικῇ

346 4499 470 4540 sum
518 4497 628 4536 non
667 4487 753 4536 est
800 4477 936 4533 illud
975 4495 990 4532 :
1035 4473 1190 4528 Nihil
1233 4473 1342 4528 Deo
1391 4469 1620 4534 accidit,
1663 4466 1935 4538 siquidem

347 4575 458 4631 Deo
500 4589 596 4646 per
627 4574 871 4643 seipsum
914 4569 1185 4640 producto
1229 4565 1512 4622 coexstitit
1544 4578 1642 4633 per
1689 4560 1893 4631 seipsul

2057 4522 2592 4617 τινὶ-συμϐησόμενα,
2622 4541 2936 4610 ἀϐουλήτως
2967 4536 3260 4608 συμϐαίνει
3300 4528 3447 4599 αὐτῷ,
3470 4522 3576 4581 πῶς,

2080 4645 2085 4646 ,
2298 4642 2322 4646 _
2368 4639 2380 4646 .
2441 4637 2451 4646 .
2799 4631 2812 4646 .
3068 4629 3081 4646 ε
3130 4625 3327 4646 ηιμ--
3371 4618 3435 4646 ...-.
3467 4610 3560 4646 αυτ.

351 4614 458 4631 νυν
502 4614 584 4646 γυ.
627 4614 871 4643 amp--."
914 4614 1180 4640 ,ην-..-η
1234 4614 1510 4622 ---__---_-
1545 4614 1632 4633 Γ-
1695 4614 1743 4616 _-
1775 4614 1832 4631 Γ

348 4668 509 4740 525
525 4666 824 4738 productus
845 4661 1119 4718 mundus?
1142 4658 1199 4714 Si
1221 4674 1346 4730 quae
1363 4656 1530 4712 alicui
1553 4653 1814 4711 eveniunt
1850 4669 1893 4706 n;

2057 4645 2091 4696 εἰ
2125 4614 2329 4711 φυσικῇ
2352 4614 2575 4709 ἀνάγκῃ
2617 4631 3013 4702 συνυφίσταται
3059 4629 3088 4680 6
3124 4625 3327 4740 κόῖμος
3366 4614 3574 4740 ἔῷῥθῖῴν

348 4703 509 4740 δεῖ,
527 4703 824 4738 ,μνη-...μη
847 4703 1084 4718 ...ω-...η
1101 4703 1114 4714 .
1143 4703 1199 4714 ...
1222 4703 1346 4730 ν...
1364 4703 1530 4712 -..ηπ
1555 4703 1580 4711 -
1599 4703 1608 4706 -
1624 4703 1811 4710 ππ---
1850 4703 1883 4706 __

348 4761 514 4815 turali
541 4757 891 4819 necessitate,
922 4761 1123 4824 prater
1153 4753 1490 4806 voluntatem
1516 4747 1692 4818 ipsius
1713 4744 1764 4800 ei
1816 4760 1893 4800 ειη

2057 4735 2142 4788 ιύκ
2162 4731 2476 4804 ἀϐουλήτως
2494 4726 2648 4797 αὐτῷ
2673 4723 3073 4792 συνυφίσταται
3097 4717 3239 4771 κατὰ
3264 4703 3573 4785 πμὸεσηκὼί

2635 4818 2644 4824 “
2733 4815 2758 4824 ’⁸
2806 4816 2840 4824 n
2887 4813 2913 4824 ⁴
2987 4813 3000 4824 ⁸
3082 4807 3108 4824 Ῡ
3265 4807 3289 4818 ’⁸
3333 4795 3556 4824 0-11-43...

348 4855 542 4908 niunt:
575 4849 874 4920 quomodo,
909 4848 958 4903 si
986 4846 1229 4902 naturali
1261 4843 1594 4899 necessitate
1617 4839 1784 4896 simul
1812 4853 1939 4892 cum

350 4945 463 4999 Deo
493 4941 732 4998 mundus
767 4941 1043 5002 subsistit,
1067 4953 1175 4993 non
1203 4945 1398 5008 praeter
1428 4935 1577 4988 illius
1602 4933 1938 4986 voluntatem

349 5053 474 5094 cum
499 5052 564 5093 eo
589 5035 753 5092 simul
783 5049 878 5104 per
926 5031 1184 5087 accidens
1228 5027 1517 5084 subsistit?
1566 5025 1622 5080 Si
1675 5024 1818 5079 idem
1848 5030 1937 5078 est

349 5131 493 5203 apud
528 5129 696 5185 Deum
728 5141 852 5183 esse
874 5133 929 5180 et
956 5125 1096 5180 velle
1123 5142 1136 5178 :
1162 5121 1419 5176 videlicet
1441 5121 1499 5174 in
1523 5121 1626 5183 eis,
1660 5133 1782 5188 qua:
1826 5131 1938 5170 non

352 5225 488 5288 vult,
513 5238 622 5278 non
652 5228 754 5276 est.
788 5207 1076 5286 Quomodo
1131 5216 1298 5287 igitur
1351 5229 1478 5268 cum
1523 5213 1570 5268 is
1606 5227 1716 5266 non
1765 5215 1935 5270 esset,

349 5333 475 5374 cum
508 5318 629 5388 ipso
652 5313 890 5369 mundus
925 5311 1090 5368 simul
1119 5307 1399 5366 substitit?
1442 5304 1645 5361 Praeter
1687 5302 1940 5358 volunta-

354 5419 461 5465 tem
485 5423 724 5479 namque
745 5407 866 5477 ejus
905 5419 1032 5459 cum
1067 5418 1134 5458 eo
1177 5401 1342 5458 simul
1385 5398 1624 5454 mundus
1673 5393 1936 5451 substitit.

356 5501 415 5557 Si
438 5502 679 5573 ingenite
707 5499 949 5571 ingenita
977 5497 1142 5554 ellicit
1171 5494 1473 5566 ingenitus.
1515 5505 1710 5560 nempe
1752 5497 1806 5542 et
1858 5486 1941 5541 in-

356 5594 698 5664 compositus
722 5591 1086 5664 incomposite
1111 5587 1476 5658 incomposita
1516 5583 1697 5638 cllicit.
1746 5580 1804 5634 Si
1857 5597 1943 5634 sc-

458 5755 548 5824 85)
581 5756 692 5809 Καὶ
723 5759 755 5807 ό
796 5755 980 5823 ἣλιος.
1016 5751 1205 5806 Melius
1236 5749 1264 5799 6
1295 5746 1443 5817 ἣλιος
1473 5743 1566 5795 καί
1596 5743 1623 5793 6
1665 5739 1884 5808 κόσμος.

435 5758 569 5895 ὶὸἆ)
613 5826 738 5877 Ὀ...
773 5827 842 5878 οὐ
871 5821 1417 5890 συνυριτντὰμενος.
1457 5813 1580 5883 ch.
1607 5811 1632 5859 ὂ
1670 5824 1884 5876 συνυφιε

2042 4829 2104 4881 Ei
2132 4825 2327 4880 ταύτόν
2358 4827 2476 4877 ἐστι
2507 4818 2660 4890 παρὰ
2689 4815 2769 4886 τῷ
2801 4813 2924 4884 Θεῷ
2952 4813 3014 4865 τὸ
3056 4807 3194 4864 εἶναι
3223 4807 3298 4878 τῷ
3332 4795 3572 4875 βούλεσθαι.

2043 4919 2284 4990 δηλονότι
2315 4919 2374 4970 ὲν
2400 4911 2480 4979 οἷς
2507 4914 2570 4966 οὐ
2606 4909 2853 4984 βούλεται
2885 4910 2914 4960 6
2942 4906 3099 4968 Θεὸς,
3164 4903 3222 4954 ὲν
3265 4897 3449 4956 τούτοις

2048 5017 2184 5067 ἐστι.
2218 5010 2343 5074 Ῑιῶς
2373 5004 2486 5071 οῦν,
2525 5005 2604 5076 μὴ
2634 5003 2786 5065 ὄντος
2817 4998 3010 5064 αὐτοῦ,
3045 5001 3073 5051 6
3101 4997 3304 5067 κόσμος
3329 4985 3450 5056 αὐτῷ
3473 5000 3570 5033 συν-

2049 5107 2376 5176 υφίσταται;
2435 5098 2771 5169 Ἀϐουλήτως
2814 5093 2928 5165 γὰρ
2970 5089 3120 5162 αὐτῷ
3178 5072 3566 5154 συνυφίσταταεό

2049 5164 2270 5270 κὲσμοςο
2395 5198 2424 5250 6
2464 5164 2760 5262 ἀγέννῆτος
2807 5164 3124 5257 ἀγεννήτως
3164 5181 3415 5251 ἀγέννητσ

2047 5290 2289 5363 δηλονότι
2315 5291 2408 5344 καὶ
2434 5289 2462 5341 6
2493 5284 2789 5344 ἀσύνθετος
2822 5278 3141 5339 ἀσυνθέτως
3165 5271 3408 5327 ἀσύνθετα
3443 5256 3568 5311 $9153-

2051 5352 2115 5440 Ei
2143 5385 2200 5438 δὲ
2231 5381 2308 5454 μὴ
2334 5381 2397 5434 τὸ
2432 5378 2706 5450 δεύτερον,
2743 5373 2854 5426 οὐδ’
2888 5371 3000 5444 ἄρα
3028 5370 3090 5422 τὸ
3121 5366 3342 5438 πρῶτον.
3371 5352 3570 5448 Σύνθετςέ

2055 5479 2163 5551 γὰρ
2194 5451 2475 5548 δ’κόσμος.
2497 5473 2563 5527 Ei
2595 5475 2622 5526 6
2647 5468 2781 5531 Θεὸς
2814 5465 3015 5527 θεῐκῶς
3049 5461 3204 5524 θεοὺς
3235 5459 3292 5511 οὐ

2052 5577 2078 5626 6
2109 5571 2397 5640 ἀγέννητος
2422 5567 2729 5638 ἁγεννήτως
2760 5560 3035 5632 ἁγὲννητα
3057 5559 3226 5619 ποιεῖ;
3247 5553 3313 5607 Οὐ
3339 5544 3420 5614 ’ίᾶρ
3445 5549 3570 5592 4'47";

469 5806 569 5893 84Ι)
613 5826 738 5877 ὀ--ο
773 5806 842 5878 οὗ
871 5806 1436 5890 σιῖνυριπτὰμετέοςί
1457 5813 1580 5883 ch.
1607 5811 1632 5859 ὅ
1670 5806 2148 5876 συνυφιστάμενος.
