3662 6520
119 332 236 388 MM

978 324 1447 393 QUIESTIONES
1485 290 2054 385 οιιιιιετιΑΝωξΑι)
2092 329 2413 387 amcos.

3216 348 3241 400 1
3252 348 3359 405 442

116 445 274 515 ἑαυτῷ
316 427 735 510 συνυφίσταται,
773 436 907 492 ἀλλὰ
947 438 1152 511 ἕτερος.
1207 441 1369 494 Ἀλλο
1410 441 1472 493 τὸ
1512 440 1562 493 Θι

1908 445 2008 498 Ιιιιιι
2042 444 2239 501 falsum
2266 456 2373 512 ρει,
2412 446 2608 503 falsum
2630 456 2685 503 et
2711 452 2967 520 primum.
2997 455 3354 529 Compositus

114 541 224 594 ἄλλο
251 536 308 589 τὸ
337 535 652 604 ἀγέννητον·
682 534 853 585 ἐκεῖνο
870 531 980 602 (85)
1004 532 1105 602 μὲν
1134 533 1389 605 ὑπάρχει,
1423 534 1582 587 τοῦτο
1610 536 1667 588 δὲ

115 628 383 701 χωρίζεται
412 626 520 678 τῶν
551 625 839 695 γεννητῶν.
872 625 981 677 Καὶ
1010 624 1179 677 ποιῶν
1208 625 1384 689 όΘεὸς
1408 627 1661 697 ὑπάρχει’

112 722 236 774 ποιεῖ
266 718 393 789 (86),
445 718 506 769 οὑ
559 715 868 786 χωρίζεται.
920 717 984 769 Εἰ
1029 715 1087 768 δὲ
1145 717 1239 768 καὶ
1272 710 1319 784 ᾧ
1374 718 1665 787 χωρίζεται

110 816 251 873 ποιεῖ,
284 809 418 863 ἀλλὰ
453 809 591 861 κατά
622 807 984 879 συμϐεϐηκὸς,
1008 810 1103 862 καὶ
1131 810 1201 861 οὑΔ
1222 809 1345 861 καθ’
1366 810 1519 874 αὐτὸ,
1549 811 1665 875 πῶς

105 903 239 955 οὐδὲν
275 902 562 971 συμϐαίνει
588 900 665 970 τῷ
696 899 813 970 Θεῷ
838 901 977 955 κατά
1011 901 1360 972 συμϐεϐηκὸς
1388 902 1661 970 ποιοῦντι;

106 996 177 1055 ΕΞ,
207 993 391 1064 ῶσπερ
427 993 814 1061 συνυφίσταται
848 996 914 1065 τῇ
950 995 1160 1065 σφαίρᾳ
1183 994 1244 1046 τὸ
1272 995 1449 1047 κοῖλον
1478 996 1571 1048 καὶ
1602 996 1663 1048 τὸ

105 1083 299 1154 κυρτὸν,
327 1081 472 1135 οὑτω
506 1085 888 1152 συνυφίσταται
918 1084 995 1155 τῷ
1023 1084 1143 1155 Θεῷ
1166 1087 1195 1138 6
1234 1086 1467 1156 κόσμοςο
1499 1086 1664 1158 ἀλλη-

103 1175 274 1228 λειίτιοι
301 1175 411 1245 ἄρα
436 1175 465 1225 6
498 1176 592 1246 μὲν
616 1175 746 1239 Θεὸς
771 1175 865 1229 τοῦ
900 1177 1128 1246 κόσμου,
1172 1178 1202 1229 6
1232 1177 1288 1229 δὲ
1318 1178 1521 1249 κόσμος
1567 1180 1661 1233 τοῦ

102 1268 241 1331 Θεοῦ,
272 1267 529 1341 καθάπερ
559 1270 807 1324 κάκεῖνα.
853 1269 916 1322 Εἰ
939 1270 1000 1322 οὑ
1039 1272 1181 1323 ποιεῖ
1224 1288 1308 1334 τις
1338 1271 1586 1343 βουλήσει
1626 1273 1662 1327 ἃ

100 1364 178 1415 καὶ
211 1363 281 1433 μὴ
314 1362 634 1432 βουλόμενος
656 1362 846 1427 ἐποίει,
886 1363 1001 1424 πῶς
1024 1361 1117 1416 οὖν
1148 1363 1400 1433 βουλήσει
1436 1366 1526 1418 τὸν
1571 1367 1663 1419 κός-

104 1469 224 1521 σμον
252 1452 510 1523 ἐποίησεν
536 1454 564 1505 6
593 1452 743 1516 Θεὸς,
774 1452 831 1505 ὃν
862 1452 954 1504 καὶ
986 1454 1058 1524 μὴ
1096 1453 1415 1524 βουλόμενος
1465 1459 1657 1523 ποιεῖν,

100 1545 148 1609 ἐξ
177 1544 421 1615 ἀνάγκης
452 1544 623 1597 ἐποίει
647 1560 660 1608 ;
685 1545 749 1596 Εἰ
777 1543 835 1597 ἓν
873 1544 970 1615 μὲν
999 1548 1064 1616 τῇ
1094 1546 1253 1616 οὑσίᾳ
1278 1548 1306 1599 6
1332 1547 1484 1611 Θεὸς,
1514 1549 1661 1602 ἄπει-

96 1652 175 1703 ρος
200 1636 254 1687 δὲ
284 1639 351 1707 τῇ
383 1635 608 1706 δυνάμει
634 1652 647 1665 ·
679 1635 747 1689 τὰ
777 1636 833 1689 δὲ
869 1637 1311 1707 συνυφιστάμενα
1338 1638 1487 1710 αὑτῷ
1523 1642 1659 1712 μήτε

93 1724 141 1774 ἓν
165 1725 298 1777 κατὰ
340 1726 441 1795 τὴν
489 1725 675 1778 οὐσίαν
724 1724 908 1790 αὑτοῦ,
957 1727 1091 1797 μήτε
1138 1727 1342 1801 ἄπειρα
1381 1730 1523 1783 κατὰ
1559 1732 1658 1799 τὴν

1768 537 1913 590 enim
1936 548 2019 591 est
2051 539 2305 593 mundus.
2348 538 2404 592 Si
2450 538 2595 595 Deus
2617 540 2805 597 divino
2848 547 3012 601 modo
3057 550 3190 607 deos
3240 571 3353 611 non

1768 636 1935 691 creat,
1970 631 2246 698 quomodo
2277 632 2557 701 ingenitus
2604 633 2847 704 ingenite
2893 638 3139 708 ingenita
3181 643 3358 702 facit?

1766 718 1884 772 Non
1911 720 2057 772 enim
2107 721 2223 789 ipse
2273 723 2380 777 sibi
2434 724 2537 792 ipsi
2589 728 2974 795 eonsubsistit,
3034 734 3132 789 sed
3187 739 3351 795 alius.

1765 810 1926 864 Aliud
1950 818 2035 865 est
2064 811 2229 877 Deus,
2262 815 2412 869 aliud
2446 816 2750 885 ingenitum
2782 839 2795 874 :
2825 821 2920 876 illo
2946 825 3169 894 quidem
3200 832 3355 885 exsi-

1767 904 1882 968 stit,
1912 904 2017 960 hoc
2040 914 2220 961 autem
2247 909 2560 964 secernitur
2585 926 2614 964 a
2638 914 2856 982 genitis.
2885 915 2949 969 Et
2970 917 3179 976 faciens
3206 920 3353 978 Deus

1766 996 2015 1063 exsistit;
2046 997 2297 1053 faciendo
2324 1016 2437 1055 non
2470 1004 2799 1059 secernitur.
2850 1004 2946 1061 Sin
2997 1017 3052 1064 et
3103 1027 3213 1081 quo
3263 1029 3351 1069 se-

1765 1089 2035 1154 cernitur,
2068 1090 2219 1155 facit,
2247 1093 2343 1147 sed
2370 1110 2467 1163 per
2498 1096 2773 1163 accidens,
2806 1113 2918 1153 non
2950 1117 3049 1171 per
3091 1119 3180 1160 se:
3210 1121 3349 1175 quo—

1765 1180 1926 1234 modo
1948 1182 2083 1236 nihil
2112 1185 2312 1239 accidit
2362 1186 2471 1241 Deo
2501 1203 2599 1256 per
2639 1191 2896 1246 accidens
2951 1193 3216 1251 facienti?
3265 1197 3345 1265 Si,

1765 1272 2224 1339 quemadmodum
2250 1292 2358 1329 una
2380 1294 2503 1354 eum
2531 1280 2691 1349 globo
2724 1281 2887 1336 simul
2917 1285 3169 1341 subsistit
3208 1304 3346 1343 con-

1763 1377 1958 1416 cavum
2007 1374 2060 1419 et
2112 1381 2436 1434 convexum,
2475 1370 2556 1423 sic
2593 1386 2699 1425 una
2738 1388 2863 1427 cum
2893 1374 3003 1429 Deo
3030 1378 3192 1432 simul
3215 1382 3345 1436 suh—

1765 1455 1911 1510 sistit
1934 1457 2205 1524 mundus;
2247 1468 2411 1514 erunt
2453 1472 2603 1517 certe
2650 1464 2883 1520 invicem
2926 1469 3065 1523 alter
3112 1471 3343 1529 alterius

1763 1560 1952 1612 causa,
1985 1547 2129 1604 Deus
2157 1551 2368 1616 mundi,
2398 1553 2637 1610 mundus
2670 1554 2786 1621 Dei,
2818 1558 2965 1612 haud
2990 1561 3149 1615 aliter
3171 1571 3339 1633 atque

1762 1639 1874 1694 illa.
1909 1639 1966 1694 Si
1997 1657 2159 1696 nemo
2182 1644 2463 1700 voluntate
2487 1662 2550 1701 ea
2585 1646 2737 1713 facit,
2760 1667 2881 1720 quae
2907 1653 3123 1708 etiamsi
3148 1656 3337 1724 nollet,

1762 1730 1967 1787 faceret
1998 1740 2215 1789 tamen:
2242 1738 2518 1805 quomodo
2539 1755 2670 1809 ergo
2696 1742 2961 1796 mundum
2987 1743 3132 1800 Deus
3152 1748 3341 1802 volun-

89 1817 296 1886 δύναμιν
323 1817 492 1869 αὑτοῦ
513 1835 525 1847 ·
556 1818 663 1870 οὐδ’
690 1818 796 1888 ἄρα
831 1818 1216 1886 συνυφίσταται
1245 1820 1412 1889 αὑτῷ.
1448 1822 1535 1873 ’04

1904 1825 2053 1890 fecit,
2090 1843 2253 1897 quem
2302 1830 2517 1884 etiamsi
2564 1846 2671 1884 non
2702 1833 2863 1887 vellet
2909 1832 3109 1900 facere,
3147 1854 3338 1893 neces-

91 1910 162 1961 ἀεὶ
190 1909 396 1970 τέλειός
440 1911 607 1971 ἐστιν,
654 1910 738 1963 ἀεὶ
782 1910 1005 1973 δυνατός
1046 1912 1220 1962 ἐστιν·
1268 1912 1359 1964 καί
1400 1914 1456 1965 ἐν
1502 1914 1651 1984 αὐτῷ

93 2003 173 2070 μὲν
201 2002 470 2072 πρότερον
515 2004 608 2055 καὶ
658 2002 884 2073 ὕστερον
922 2000 1094 2055 οὐδέν·
1133 2004 1189 2056 ἐν
1228 2003 1285 2055 δὲ
1322 2007 1433 2068 τοῖς
1473 2004 1654 2075 ἔργοις

91 2092 237 2145 αὑτοῦ
273 2096 430 2146 ἐστιν
470 2095 774 2166 ἀμφότερα.
825 2096 888 2147 Et
923 2094 1147 2147 σύνθετα
1183 2096 1251 2148 τὰ
1297 2095 1432 2167 ἔργα
1466 2096 1650 2163 αὑτοῦ,

90 2186 183 2236 πᾶν
213 2183 267 2236 δὲ
304 2183 564 2236 σύνθετον
595 2184 653 2248 ἐξ
696 2183 880 2236 ἁπλῶν
917 2183 1219 2252 σύγκειται,
1258 2185 1353 2238 καὶ
1395 2186 1651 2239 ἀδύνατον

89 2277 189 2344 ἃμα
219 2271 365 2328 εἷναι
396 2274 464 2327 τά
495 2276 642 2329 ἁπλᾶ
690 2279 803 2340 τοῖς
843 2277 1150 2339 συνθέτοις*
1198 2276 1389 2347 πρῶτα
1436 2275 1546 2349 γάρ
1585 2276 1652 2329 τὰ

88 2368 235 2431 ἁπλᾶ,
269 2368 505 2438 ὕστερον
537 2368 593 2421 δὲ
620 2367 689 2421 τὰ
724 2367 971 2423 σύνθετα.
1010 2369 1220 2438 Ὥσπερ
1251 2369 1568 2441 ἀδιάϐλητος
1624 2371 1653 2421 6

86 2460 200 2515 Θεὸς
226 2461 319 2513 ἐπὶ
357 2462 423 2529 τῇ
454 2459 708 2531 ἀσθενείᾳ
740 2461 838 2531 τῆς
863 2460 1163 2531 δυνάμεως,
1195 2462 1277 2513 ὅτι
1313 2462 1384 2531 μὴ
1420 2464 1650 2534 ποιήσας

88 2555 284 2617 πλείους
317 2555 583 2625 κόσμους,
623 2554 757 2607 ἀλλὰ
787 2556 1019 2626 ποιήσας
1054 2555 1149 2607 ἕνα
1203 2554 1403 2623 κόσμον
1448 2555 1649 2606 ἔπαυσε

84 2648 166 2714 τὴν
194 2647 416 2717 ποίησιν
437 2663 451 2676 ·
484 2645 657 2710 οὑτως
678 2646 993 2718 ἀδιάϐλητος
1024 2649 1051 2699 6
1076 2645 1209 2709 Θεὸς
1238 2647 1329 2697 ἐπὶ
1353 2646 1430 2716 τῷ
1474 2645 1652 2698 ἀτελεῖ

83 2738 167 2805 τῆς
222 2738 553 2809 δυνάμεως,
602 2740 684 2791 ὄτι
743 2740 819 2809 μὴ
862 2739 980 2809 ἅμα
1026 2738 1104 2808 τῷ
1146 2733 1283 2790 εἶναι
1342 2738 1501 2790 αὑτὸν
1559 2737 1648 2788 τὸν

84 2830 264 2898 κόσμον
303 2829 585 2900 ἐποίησεν,
620 2830 733 2882 ἀλλ’
763 2831 850 2883 ὅτε
884 2830 1151 2883 ἐϐούλετο.
1202 2830 1364 2882 υύδὲν
1404 2829 1647 2899 διαφέρει

82 2921 481 2993 αὑτοπάρακτον
564 2921 657 2973 τοῦ
724 2922 853 2974 αὐτο
866 2921 1061 2989 γενοῦς.
1134 2920 1290 2973 Ἀλλὰ
1364 2923 1411 2973 εί
1492 2923 1648 2973 αὑτο-

82 3014 344 3083 πάρακτος
364 3017 394 3067 6
425 3014 556 3077 Θεὸς
587 3013 680 3068 καὶ
708 3014 1117 3085 αὑτοπάρακτος
1143 3015 1172 3067 6
1194 3015 1413 3083 κόσμος,
1436 3012 1644 3066 ἔσονται

81 3104 420 3177 αὑτογένητοι
444 3106 471 3157 ὅ
494 3123 552 3157 τε
578 3105 708 3168 Θεὸς
744 3107 836 3158 καὶ
861 3107 890 3159 6
922 3107 1142 3177 κόσμος.
1170 3107 1253 3170 Ei,
1288 3103 1477 3177 ὥσπερ
1502 3106 1641 3178 ὁρῶ-

1759 1918 1906 1971 sario
1936 1917 2175 1974 faceret?
2209 1918 2267 1973 Si
2295 1920 2440 1976 Deus
2471 1938 2639 1976 unum
2674 1924 2893 1993 quidem
2940 1936 3025 1979 est
3074 1931 3336 1995 essentia,

1754 2009 2002 2065 infinitus
2032 2022 2213 2065 autem
2246 2014 2489 2081 potentia
2528 2033 2541 2067 :
2570 2030 2633 2068 ea
2669 2031 2797 2070 vero
2830 2033 2951 2086 qua}
2974 2034 3101 2072 cum
3153 2036 3219 2075 eo
3263 2022 3337 2077 si-

1754 2104 1866 2156 mul
1895 2105 2226 2168 subsistunt,
2260 2121 2436 2175 neque
2463 2123 2628 2160 unum
2658 2108 2817 2176 juxta
2864 2112 3161 2165 essentiam
3192 2113 3333 2181 ejus,

1754 2210 1932 2264 neque
1965 2197 2176 2249 infinita
2203 2197 2358 2266 juxta
2397 2200 2699 2267 potentiam
2746 2200 2866 2269 ejus
2896 2210 3060 2268 sunt;
3109 2203 3335 2260 minime

1752 2302 1883 2358 ergo
1908 2288 2072 2343 simul
2099 2304 2223 2343 cum
2259 2304 2325 2342 eo
2358 2289 2687 2345 subsistunt.
2718 2289 2862 2346 Deus
2905 2307 3121 2363 semper
3148 2294 3331 2363 perfe-

1752 2388 1877 2435 ctus
1902 2389 2006 2445 est,
2036 2397 2252 2451 semper
2280 2392 2477 2451 potens
2500 2390 2604 2437 est.
2635 2382 2816 2453 Atque
2850 2383 2906 2436 in
2938 2383 3059 2454 ipso
3086 2386 3222 2439 nihil
3249 2396 3335 2443 est

1752 2473 1895 2542 quod
1932 2474 2084 2542 prius
2115 2475 2187 2528 sit
2215 2480 2269 2527 et
2298 2475 2593 2543 posterius.
2627 2475 2685 2527 In
2714 2475 2976 2544 operibus
3005 2484 3186 2530 autem
3209 2476 3332 2546 ejus

1750 2573 1835 2619 est
1863 2576 2175 2635 utrumque.
2216 2564 2271 2619 Si
2304 2580 2470 2634 opera
2500 2567 2621 2634 ejus
2649 2568 2957 2636 composita
2985 2578 3137 2634 sunt,
3169 2571 3331 2642 quid-

1749 2657 1878 2726 quid
1902 2674 2031 2712 vero
2063 2658 2424 2727 compositum
2453 2667 2559 2722 est,
2583 2674 2645 2713 ex
2672 2660 3016 2729 simplicibus
3043 2665 3331 2718 constitui-

1752 2757 1873 2815 tur,
1900 2749 2016 2803 lieri
2048 2760 2197 2804 certe
2232 2751 2423 2820 nequit
2453 2761 2511 2806 ut
2538 2752 2702 2806 simul
2738 2753 3006 2823 simplicia
3033 2769 3157 2808 cum
3178 2770 3329 2810 com-

1749 2840 1943 2907 positis
1987 2842 2278 2897 exsistant.
2304 2841 2549 2897 Primum
2584 2859 2822 2914 namque
2853 2847 3147 2916 simplicia,
3174 2859 3329 2917 post-

1747 2945 1812 2985 ea
1851 2939 2032 2987 autem
2072 2936 2397 3004 composita.
2436 2935 2904 3001 Quemadmodum
2951 2939 3191 2994 incusari
3214 2955 3324 2995 non

1749 3032 1926 3093 potest
1986 3026 2041 3079 in
2099 3025 2210 3081 Deo
2264 3029 2520 3095 potentiae
2568 3028 2896 3093 inﬁrmitas,
2950 3032 3096 3100 quod
3141 3033 3326 3101 plures

1748 3115 1981 3171 mundos
2009 3131 2117 3170 non
2151 3119 2440 3183 creaverit,
2471 3117 2571 3174 sed
2605 3134 2715 3173 uno
2765 3120 3007 3184 condito,
3048 3124 3327 3177 creatione

83 3214 166 3264 μεν
196 3197 412 3267 ἀθρόως
469 3196 566 3267 τὴν
610 3197 773 3268 πῆξιν
806 3198 883 3268 τῷ
916 3199 1144 3267 γάλακτι
1177 3197 1529 3269 παραγινομέε

1874 3207 2115 3263 :rsederit
2140 3228 2153 3262 :
2183 3208 2256 3263 ita
2283 3226 2383 3264 nec
2408 3209 2651 3264 incusari
2679 3212 2935 3279 potentiae
2962 3211 3320 3281 imperfectio,

79 3286 231 3351 οὕτως
254 3289 473 3360 ἀθρόως
491 3289 855 3359 παραγίνεται
880 3290 955 3360 τῷ
978 3291 1167 3361 κόσμῳ
1195 3290 1255 3342 τὸ
1284 3286 1441 3353 εἶναι,
1459 3306 1642 3359 γεννη-

77 3380 154 3442 τὸς
178 3382 283 3452 ἄρα
311 3382 341 3432 6
374 3382 601 3451 κόσμος,
636 3382 730 3434 καὶ
773 3381 1103 3452 μεταϐλητὸς
1136 3383 1200 3434 ἐκ
1246 3379 1339 3433 τοῦ
1389 3381 1637 3434 ἀνουσίου

78 3473 144 3534 είς
168 3474 389 3526 οὐσίαν·
426 3475 488 3526 τὸ
518 3473 626 3545 γὰρ
649 3474 1031 3543 παραγίνεται
1069 3474 1129 3527 τὸ
1162 3474 1437 3544 γενέσθαι
1469 3474 1635 3544 δηλοῖ.

79 3566 130 3617 Εἰ
161 3566 581 3637 αὑτοπάρακτος
627 3569 654 3620 6
700 3566 851 3631 Θεὸς,
896 3568 988 3621 καὶ
1027 3567 1438 3638 αὐτοπάρακτος
1482 3568 1511 3618 6
1551 3568 1639 3619 κό-

76 3675 215 3728 σμος,
244 3663 278 3731 ἡ
315 3659 697 3731 αὑτοπαραξία
728 3660 1295 3733 ἐκατέρου,λὲκατέρου
1322 3659 1473 3712 ἔσται
1496 3659 1637 3730 ἀρχὴ

76 3755 159 3823 τῆς
187 3754 497 3825 ὑπάρξεως.
530 3753 657 3817 Πῶς
684 3750 775 3809 οὖν
822 3756 1055 3827 ἄναρχος
1094 3755 1187 3808 καὶ
1228 3754 1396 3817 ἀΐδιος
1424 3756 1468 3822 ,ὁ
1508 3753 1639 3815 Θεὸς

76 3848 155 3897 καὶ
185 3848 212 3899 6
243 3846 471 3915 κόσμος,
505 3844 604 3909 τὰς
648 3847 1047 3917 αὑτοπαραξίας
1084 3846 1297 3916 ἔχοντες
1331 3845 1507 3899 αὑτῶν
1542 3846 1637 3917 ἀρ-

74 3939 160 4006 χὰς
188 3941 285 4012 τῆς
318 3938 611 4011 ὑπάρξεως
642 3938 857 4005 αὑτῶν;
901 3940 973 3991 Τὸ
1010 3940 1424 4012 αὑτοπάρακτον
1464 3956 1638 4009 παρα-

74 4035 242 4105 γωγῆς
272 4035 389 4105 ἔχει
423 4033 694 4105 σημασίαν
717 4033 809 4086 τοῦ
843 4033 935 4103 ἀφ’
982 4033 1177 4087 ἑαυτοῦ
1228 4033 1630 4107 παραγομένου.

84 4127 228 4180 Ἀλλά
251 4127 444 4197 ἐπειδὴ
470 4129 576 4180 πᾶν
596 4126 656 4178 τὸ
678 4126 1056 4198 παραγόμενον
1084 4126 1118 4197 ἢ
1145 4128 1212 4197 τῇ
1242 4125 1511 4197 παρουσίᾳ
1535 4142 1637 4178 πα-

76 4221 283 4289 ράγεται
316 4220 459 4274 κατά
483 4219 809 4290 μετάστασιν
851 4222 915 4272 ὲκ
942 4220 1108 4273 τόπου
1155 4221 1236 4281 είς
1272 4219 1456 4283 τόπον,
1495 4218 1527 4289 ἦ
1567 4220 1632 4289 τῇ

72 4313 213 4384 οὐσίᾳ
248 4311 561 4383 παράγεται
585 4311 724 4365 κατά
757 4311 971 4381 ποίησιν
1004 4312 1241 4380 ἄγουσαν
1275 4312 1338 4362 ὲκ
1365 4311 1463 4381 τῆς
1511 4310 1637 4362 ἀνυ-

76 4407 291 4478 παρξίας
322 4409 404 4469 εἰς
432 4404 664 4476 ὕπαρξιν
688 4422 701 4434 ο
740 4404 902 4475 μηδὲν
929 4404 985 4456 δὲ
1017 4403 1221 4457 τούτων
1258 4404 1511 4473 πρόσεστι
1557 4402 1635 4473 τῷ

1741 3301 1887 3371 quod
1920 3316 2030 3355 non
2062 3301 2223 3356 simul
2255 3311 2418 3370 atque
2442 3302 2561 3371 ipse
2592 3301 2714 3367 fuit,
2745 3301 3009 3356 mundum
3060 3303 3319 3367 effecerit,

1741 3394 1838 3448 sed
1876 3408 1999 3447 cum
2030 3393 2223 3447 voluit.
2250 3392 2392 3446 Nihil
2419 3393 2603 3448 differt
2631 3394 2777 3464 quod
2810 3410 2907 3464 per
2929 3395 3172 3463 seipsum
3196 3410 3324 3466 pro-

1739 3485 1962 3540 ductum
2000 3494 2106 3550 est,
2139 3486 2207 3539 ab
2236 3501 2301 3540 eo
2331 3486 2479 3555 quod
2506 3500 2603 3554 per
2647 3485 2889 3554 seipsum
2926 3487 3170 3554 genitum
3212 3495 3319 3541 est.

1742 3577 1845 3632 Sed
1871 3579 1917 3632 si
1951 3592 2049 3646 per
2083 3578 2325 3646 seipsum
2352 3577 2655 3646 productus
2684 3588 2770 3631 est
2804 3577 2968 3642 Deus,
3015 3586 3069 3633 et
3103 3595 3202 3649 per
3231 3596 3318 3634 se-

1741 3671 1920 3739 ipsum
1960 3669 2264 3738 productus
2297 3668 2535 3721 mundus
2555 3712 2569 3735 ,
2594 3676 2755 3723 erunt
2785 3685 2881 3738 per
2911 3669 3121 3739 seipsos
3152 3672 3319 3739 geniti

1738 3759 1882 3815 Deus
1910 3769 1961 3814 et
1983 3760 2239 3813 mundus.
2271 3757 2351 3823 Si,
2381 3768 2438 3812 ut
2467 3758 2716 3814 videmus
2742 3767 2965 3828 repente
2986 3761 3323 3831 coagulatio—

1738 3868 1862 3907 nem
1891 3853 2017 3906 lacti
2052 3852 2332 3917 advenire,
2367 3853 2438 3906 ita
2474 3859 2701 3921 repente
2749 3867 2873 3907 esse
2910 3854 3119 3907 mundo
3156 3855 3321 3919 adve-

1737 3945 1876 4007 nire,
1936 3945 2152 4014 geuitus
2206 3945 2311 4000 erit
2365 3943 2603 3999 mundus
2658 3952 2711 3997 et
2764 3944 3065 4000 translatus
3121 3960 3187 3999 ex
3254 3962 3322 4001 eo

1737 4038 1884 4109 quod
1945 4054 2052 4091 non
2106 4046 2224 4091 erat
2270 4038 2325 4090 in
2384 4036 2750 4090 substantiam
2815 4055 2827 4088 :
2887 4050 3014 4089 nam
3077 4036 3324 4094 adrcnirc

1738 4130 2012 4200 signiﬁcat
2073 4130 2209 4198 ﬁeri.
2278 4127 2336 4181 Si
2401 4143 2498 4197 per
2558 4129 2799 4196 seipsum
2862 4127 3164 4197 productus
3232 4141 3319 4189 est

1737 4220 1902 4286 Deus,
1969 4229 2022 4276 et
2065 4236 2162 4290 per
2228 4221 2468 4289 seipsum
2529 4220 2829 4289 productus
2902 4220 3172 4285 mundus;
3220 4236 3319 4289 per

1737 4329 1796 4368 se
1876 4312 2164 4384 productio
2231 4312 2549 4379 utriusque,
2602 4311 2930 4381 principium
2996 4311 3104 4365 erit
3176 4312 3312 4366 sub-

1736 4403 2001 4460 sistentia:
2045 4401 2348 4470 utriusque.
2405 4399 2693 4464 Quomodo
2745 4414 2876 4468 ergo
2914 4399 3168 4469 principii
3219 4416 3315 4455 ex—

71 4498 195 4568 θεῷ,
224 4499 473 4570 δηλονότι
503 4498 603 4550 οὑκ
636 4496 809 4567 ὀρθῶς
844 4497 1003 4550 αὑτὸν
1039 4495 1317 4565 ὠνόμασεν
1349 4499 1377 4549 6
1408 4496 1515 4548 ἀπο

1868 4503 1950 4548 ει
1990 4501 2229 4547 mternus
2276 4491 2418 4545 Deus
2458 4500 2512 4545 et
2540 4489 2800 4550 mundus.
2834 4492 2927 4558 qui
2972 4490 3073 4544 has
3118 4506 3213 4560 per
3256 4508 3314 4547 se

73 4591 285 4662 νάμενος
329 4589 759 4659 αὑτοπάρακτον.
817 4588 890 4641 Τὸ
934 4586 1042 4657 γὰρ
1081 4587 1496 4657 αὑτοπάρακτον
1536 4585 1629 4637 τοῦ

72 4685 503 4757 ἑτεροπαράκτου
534 4681 610 4752 τῷ
640 4680 775 4744 ὅλως
822 4679 1219 4752 αὑτοπαράκτῳ
1258 4679 1411 4733 οὐδὲν
1449 4679 1635 4748 διαφέ-

72 4794 161 4846 ρει.
194 4779 256 4829 Εἰ
287 4777 550 4829 ἀδύνατον
581 4769 723 4826 εἶναι
740 4773 803 4825 τὸ
835 4772 1125 4841 ἀγέννητον
1152 4772 1410 4842 ἀποίητον
1450 4814 1463 4837 ,
1508 4770 1634 4823 ἁδύ-

70 4887 213 4922 νατον
238 4866 381 4921 εἶναι
412 4868 503 4920 τὸν
535 4867 736 4936 κόσμον
764 4867 1076 4937 ἀγέννητον,
1108 4866 1201 4917 καὶ
1229 4864 1317 4917 τὸν
1333 4865 1633 4935 ποιήσαντα

68 4964 218 5016 αὑτὸν
251 4963 410 5016 Θεόν.
446 4961 510 5013 Εἰ
538 4959 593 5011 δὲ
619 4959 696 5029 τῷ
730 4958 935 5028 ποιητῷ
958 4958 1201 5028 διαφέρει
1242 4960 1270 5009 6
1297 4957 1498 5028 κόσμος
1537 4955 1632 5008 τοῦ

68 5054 212 5118 θεοῦ,
247 5053 309 5117 ἐξ
342 5050 588 5119 ἀνάγκης
621 5048 714 5101 καὶ
741 5048 818 5118 τῷ
842 5048 1337 5119 γεννητῷδιαφὲρει
1361 5064 1374 5076 ·
1411 5045 1635 5117 ποιητὸς

68 5147 167 5216 γὰρ
193 5150 220 5200 6
244 5146 475 5215 κόσμος,
511 5142 768 5213 ἀποίητος
796 5141 850 5194 δὲ
882 5142 910 5193 6
938 5141 1088 5205 Θεός.
1123 5142 1185 5194 Εἰ
1206 5142 1451 5213 όφυσικῇ
1468 5141 1635 5209 ἀνάγ-

73 5254 137 5309 κη
172 5240 249 5309 τῷ
295 5236 576 5305 ἁγεννήτῳ
599 5233 1055 5303 συνυφιστάμενος
1078 5231 1333 5303 ἀποίητός
1360 5234 1497 5297 ἐστι,
1517 5230 1632 5294 πῶς

68 5329 151 5384 οἷν
177 5334 280 5384 οὑκ
308 5331 423 5383 ἐστι
454 5328 646 5398 ψευδὲς
691 5327 784 5379 τό·
855 5326 1106 5396 Ἐποίησε
1163 5324 1382 5396 ποιητὸν
1430 5324 1632 5392 κόσμον

67 5420 91 5469 ὁ
117 5419 266 5483 Θεὸς,
303 5414 563 5486 ἀποίητον
586 5414 714 5467 ὂντα
738 5414 831 5466 καὶ
876 5414 1164 5484 ἀγέννητον
1201 5414 1324 5466 κατ’
1352 5413 1547 5475 αὑτόν;
1584 5412 1632 5463 εί

197 5552 221 5585 ⁸
251 5551 384 5622 Leg.
420 5550 637 5621 ποιητόν

1738 4587 2128 4659 productiones
2158 4584 2425 4655 principia
2458 4583 2661 4636 habent
2683 4583 3161 4638 subsistentiarum
3193 4598 3315 4638 sua-

1737 4679 1904 4734 rum?
1936 4677 2040 4732 Per
2070 4678 2310 4747 seipsum
2352 4675 2601 4746 produci,
2652 4675 3109 4745 signiﬁcationem
3152 4675 3315 4731 habet

1736 4769 2113 4842 productionis
2160 4769 2329 4831 illius,
2362 4767 2509 4837 quod
2540 4781 2570 4819 a
2619 4768 2801 4836 seipso
2830 4767 3171 4836 producitur.
3205 4766 3311 4823 Sed

1736 4864 1885 4931 quia,
1916 4861 2181 4933 quidquid
2215 4860 2558 4930 producitur,
2593 4858 2757 4929 526
2792 4867 2885 4913 aut
2929 4860 3163 4915 adventu
3193 4875 3313 4930 pro-

1737 4956 1955 5010 ducitur
2014 4971 2109 5024 per
2142 4953 2518 5008 transitionem
2568 4969 2599 5007 e
2655 4954 2777 5007 loco
2832 4953 2887 5006 in
2947 4953 3149 5017 locum,
3212 4961 3307 5007 aut

1738 5048 2045 5103 substantia
2073 5062 2166 5115 per
2189 5047 2541 5109 creationem,
2567 5059 2687 5114 qua:
2715 5044 2869 5107 illud,
2888 5060 3013 5098 cum
3038 5059 3145 5097 non
3163 5044 3309 5097 exsi-

1739 5148 1928 5205 steret,
1961 5141 2026 5194 ad
2051 5140 2427 5195 exsistentiam
2458 5138 2747 5208 perduxit,
2792 5137 2928 5190 nihil
2970 5151 3100 5191 vero
3115 5136 3310 5188 borum

1734 5230 1850 5285 .l‘reo
1884 5231 2070 5297 adest;
2111 5246 2241 5301 ergo
2272 5245 2380 5283 non
2413 5237 2561 5287 recte
2610 5246 2734 5284 eum
2777 5244 3072 5298 responsor
3099 5243 3196 5297 per
3224 5242 3309 5280 se-

1740 5325 1916 5393 ipsum
1947 5323 2274 5393 productum
2308 5323 2631 5379 nominavit.
2657 5321 2712 5376 ld
2745 5323 2888 5376 enim
2913 5319 3057 5389 quod
3087 5334 3181 5387 per
3217 5334 3304 5371 se-

1741 5417 1915 5485 ipsum
1946 5418 2270 5487 productum
2304 5423 2405 5482 est,
2442 5416 2511 5470 ab
2566 5430 2632 5470 eo
2659 5414 2805 5483 quod
2854 5414 2921 5466 ab
2950 5412 3055 5464 alio
3106 5411 3308 5480 produ-

137 5704 247 5777 (85)
291 5706 532 5760 Ἐκεῖνο.
565 5704 755 5760 Melius
778 5706 951 5762 multo
991 5706 1291 5775 legeremus
1328 5700 1520 5770 ἐκείνῳ
1573 5717 1583 5752 ι

1659 5713 1785 5756 mox
1808 5700 1999 5769 τούτῳ.
2034 5700 2123 5755 Sic
2158 5704 2297 5757 enim
2333 5697 2496 5771 paulo
2530 5705 2651 5767 post
2680 5686 2724 5759 ᾧ
2754 5689 3073 5766 χωρίζεται.

135 5779 249 5852 L86)
275 5777 454 5832 Ποιεῖ.
480 5777 608 5848 Leg.
639 5777 826 5833 ποιῶν.
