3662 6506
353 321 492 376 ιιιδ
1079 316 1446 376 APPENDIX.
1485 350 1551 360 —
1587 316 1772 374 PARS
1807 317 1848 371 1.
1895 317 1954 373 8.
1993 316 2263 375 JUSTINI
2301 316 2530 375 OPERA
2575 319 2850 378 SPURIA.
3443 332 3542 389 un

349 451 496 497 ctum
521 449 625 503 est,
661 440 775 510 ipsa
806 453 902 508 per
930 453 990 493 se
1018 438 1377 508 productione
1399 436 1536 490 nihil
1569 449 1794 506 prorsus
1822 452 1833 487 ι

2065 436 2434 508 ὺτοπάρακτός
2465 439 2614 491 ἐστιν
2633 440 2662 491 6
2681 440 2883 512 κόσμος
2907 443 3000 495 καὶ
3021 441 3083 495 οὐ
3110 444 3348 514 ποιητὸς,
3367 446 3415 511 ἐξ
3429 451 3548 519 dm.

349 534 474 589 fert.
504 533 560 587 Si
595 534 648 586 id
671 532 817 602 quod
845 531 1144 603 ingenitum
1169 539 1275 594 εει,
1301 529 1509 583 factum
1536 543 1658 582 esse
1687 543 1795 581 non
1826 543 1833 596 ι

2068 545 2132 599 ης
2188 527 2283 581 καὶ
2322 528 2676 600 αὐτοποίητός
2706 532 2877 585 ἐστιν.
2931 533 3040 586 Τοῦ
3085 535 3468 606 αὐτοπαράκτου
3503 543 3543 595 τι

346 634 474 690 ιεει,
499 626 613 679 ﬁeri
645 640 753 678 non
781 631 980 693 potest,
1006 631 1064 676 ut
1087 621 1325 676 mundus
1353 620 1625 690 ingenitus
1648 619 1740 681 sit,
1760 628 1833 670 eti

2067 617 2414 688 ὑτογέννητον
2445 618 2540 670 κα)⁸
2569 619 2924 691 αὑτοποίητον
2945 623 3100 678 οὐδὲν
3121 625 3377 696 διαφέρειο
3392 630 3496 683 ἀλλὰ
3512 636 3545 686 εἰ

343 735 470 771 eum
490 717 618 772 fecit
636 716 798 770 Deus.
819 715 876 769 Si
900 715 1027 784 quia
1052 713 1291 767 mundus
1314 712 1490 767 factus
1513 721 1618 774 est,
1643 727 1672 764 a
1697 711 1833 767 υεω

2065 704 2440 776 ὑτοπάρακτος
2466 706 2494 759 ὃ
2527 723 2586 758 τε
2616 706 2746 772 Θεὸς
2779 711 2877 762 καὶ
2895 711 2926 763 6
2957 711 3187 783 κόσμας,
3229 716 3546 792 αὐτογέννητοι

347 810 472 871 fert,
497 809 812 862 necessario
835 814 888 861 et
919 805 1047 874 quia
1069 805 1306 874 genitus,
1329 803 1507 857 diﬁ‘ert
1534 823 1546 857 :
1578 802 1752 857 factus
1776 819 1833 857 ea

2065 797 2120 850 αὶ
2148 797 2489 868 αὑτοποίητοι
2521 798 2752 855 ἔσονται.
2788 803 2855 856 Ei
2884 803 2942 857 δὲ
2967 803 3130 859 τοῦτο
3156 805 3370 874 ἄτοπον,
3397 811 3547 868 ἅτικτον

343 901 604 960 mundus,
631 914 737 953 non
760 898 938 951 factus
957 904 1136 950 autem
1170 895 1332 950 Deus.
1362 894 1440 961 Si,
1462 896 1555 966 qui
1577 895 1812 950 naturali

2065 907 2131 960 ρα
2161 890 2256 944 καὶ
2282 890 2343 942 τὸ
2370 890 2573 958 λέγειν,
2595 893 3012 966 αὐτοπάρακτον
3039 897 3141 970 μὲν
3162 900 3256 953 τὸν
3285 903 3481 976 ἄναρχόν
3503 925 3547 961 τε

344 995 600 1048 cessitate
631 992 872 1062 ingenito
898 989 1207 1053 coexsistit,
1241 990 1478 1044 infectus
1502 997 1618 1043 est:
1649 1004 1833 1058 quorm

2065 981 2117 1034 αὶ
2141 982 2310 1035 ἀΐδιον
2338 983 2491 1047 Θεὸν,
2524 985 2818 1056 ἀγέννητον
2850 987 2908 1041 δὲ
2941 989 3040 1043 καὶ
3089 992 3549 1066 αὐτοπάρακτοντὺν

346 1087 511 1156 igitur
538 1086 734 1140 falsum
764 1083 896 1137 illud
922 1099 1031 1136 non
1057 1090 1176 1137 est:
1209 1081 1361 1136 Fecit
1383 1081 1526 1135 Deus
1549 1079 1811 1134 mundum

2065 1073 2244 1144 οιητὸν
2273 1073 2495 1145 κόσμον.
2546 1075 2608 1128 Ei
2638 1077 3061 1150 αὑτοπάρακτός
3119 1082 3270 1136 ἐστιν
3301 1087 3329 1138 6
3373 1088 3546 1158 κόσμος,

343 1176 581 1237 ctitium,
613 1189 736 1227 cum
763 1189 828 1227 ex
863 1173 1039 1241 ipsius
1063 1171 1336 1227 sententia
1367 1170 1603 1226 infectus
1643 1171 1714 1226 sit
1741 1179 1796 1225 et

2065 1164 2122 1216 5x
2143 1163 2258 1217 ἔστι
2288 1163 2662 1236 θεοπάρακτος
2682 1183 2696 1197 '
2734 1169 2832 1221 καὶ
2860 1170 2910 1221 εί
2951 1170 3028 1242 μὴ
3062 1170 3438 1243 θεοπάρακτος,
3459 1179 3547 1232 οὐδὲ

345 1267 606 1338 genitus?
635 1264 692 1320 Si
723 1265 962 1319 mundus
988 1280 1086 1334 per
1119 1265 1360 1334 seipsum
1397 1262 1696 1333 productus
1735 1272 1820 1317 est

2065 1257 2341 1328 αρήγαγεν
2373 1258 2536 1312 αὐτὸν
2571 1260 2600 1312 6
2629 1259 2780 1323 Θεός.
2811 1259 2938 1324 Πῶς
2965 1257 3061 1316 οὖν
3088 1263 3117 1314 6
3145 1264 3545 1336 ἀποκρινάμενος.

347 1377 458 1415 non
505 1360 706 1422 factus,
760 1357 1074 1412 necessario
1133 1357 1296 1411 etiam
1324 1372 1421 1426 per
1449 1357 1688 1427 seipsum
1739 1356 1833 1410 iam

2065 1365 2146 1401 ταν
2179 1348 2314 1422 λέγῃ
2347 1349 2655 1420 προάγοντα
2680 1353 2778 1422 μὲν
2796 1352 2893 1405 τὸν
2915 1353 3070 1418 Θεὸν,
3101 1357 3484 1430 αὑτοπάρακτον

339 1461 446 1513 εει.
481 1453 536 1506 Id
570 1450 714 1522 quod
749 1467 845 1520 per
870 1451 1116 1519 seipsum
1147 1458 1230 1505 est
1275 1449 1622 1520 productum,
1670 1449 1722 1502 id
1772 1465 1833 1519 qu

2065 1443 2110 1493 ὃν
2145 1441 2368 1512 κόσμον,
2399 1442 2499 1496 οὐκ
2533 1442 2645 1496 ἐστι
2684 1443 2856 1516 ψευδῆ
2899 1445 2994 1499 καὶ
3037 1447 3333 1518 ἀώμὸατα
3375 1449 3542 1519 λέγων;

339 1561 434 1614 per
464 1546 705 1614 seipsum
735 1539 980 1615 genitum
1021 1552 1075 1597 et
1105 1542 1248 1612 quod
1285 1558 1380 1612 pcr
1412 1542 1652 1612 seipsum
1685 1540 1830 1594 factu

2065 1531 2234 1598 ὀλλῷ
2265 1533 2492 1599 τοίνυν,
2529 1536 2681 1605 φησὶ,
2731 1536 2841 1589 τὸν
2883 1537 3034 1592 Θεὸν
3073 1537 3323 1609 μᾶλλον
3361 1544 3543 1611 οἰητέον

338 1638 472 1691 nihil
499 1636 778 1691 diﬂ‘erunt.
805 1636 873 1689 At
905 1637 950 1690 si
973 1652 1072 1706 per
1101 1637 1313 1706 scipsos
1340 1633 1591 1704 producti
1623 1639 1751 1688 sunt
1772 1629 1833 1686 De

2065 1625 2242 1694 θρόως
2270 1627 2367 1680 καί
2413 1628 2683 1696 ἁχρόνως
2727 1628 2929 1683 πάντα
2971 1632 3203 1697 ποιεῖν,
3245 1635 3421 1688 αὐτόν
3459 1636 3543 1704 μὲν

334 1741 387 1782 ει
421 1726 692 1793 mundus,
721 1743 818 1796 per
852 1728 1066 1796 scipsos
1091 1727 1282 1797 geniti,
1315 1733 1368 1778 et
1400 1740 1495 1794 per
1537 1724 1748 1794 scipsos
1785 1723 1833 1776 fa

2065 1736 2161 1772 rm
2191 1719 2281 1784 ἓν,
2307 1719 2383 1789 τῇ
2415 1721 2484 1774 δὲ
2515 1723 2747 1790 ἀπειρίᾳ
2770 1720 2881 1790 τῆς
2905 1723 3220 1794 δυνάμεως
3244 1727 3317 1780 τὰ
3347 1727 3544 1798 διάφορα

333 1825 515 1870 erunt.
548 1816 705 1882 Quod
730 1819 774 1871 si
813 1816 916 1870 hoc
947 1816 1270 1879 absurdum,
1321 1815 1617 1868 absurdum
1666 1813 1833 1883 profer

2065 1812 2365 1881 ροάγοντα,
2385 1814 2480 1867 καὶ
2509 1814 2660 1868 αὐτὰ
2685 1815 3000 1881 παντελῶς
3015 1818 3428 1887 αὑτοπάρακτα
3442 1839 3541 1890 rvr-

334 1911 608 1970 etdiccre,
634 1924 728 1977 per
753 1909 990 1977 seipsum
1011 1907 1334 1977 productum
1360 1906 1579 1976 quidem
1601 1905 1791 1969 Deum,
1815 1926 1833 1960 ι

2065 1904 2295 1958 arma.
2321 1906 2430 1958 Καὶ
2453 1907 2503 1959 εί
2539 1905 2848 1978 ίσοδυναμεῖ
2875 1907 2938 1960 τὸ
2961 1909 3159 1962 ποιεῖν
3188 1911 3268 1981 τῷ
3296 1914 3541 1979 ποιήσειν,

333 2005 451 2057 sine
483 2002 754 2073 principio
785 2011 866 2056 est
894 2010 948 2055 et
976 2011 1251 2066 aaternus;
1306 1999 1604 2070 ingenitum
1636 2007 1819 2053 autem

2065 1995 2132 2060 ὦς
2157 1998 2186 2050 6
2217 1997 2453 2068 ἀναιρῶν
2486 1997 2595 2051 ἀπὸ
2622 1998 2716 2052 τοῦ
2746 1999 2885 2053 Θεοῦ
2911 2000 2972 2053 τὸ
2997 1999 3305 2069 ποιήσειν,
3326 2005 3395 2068 ὡς
3414 2006 3543 2076 ἐμεσ-

331 2112 428 2164 per
457 2095 698 2164 seipsum
733 2093 1056 2164 productum
1090 2092 1352 2146 mundum
1383 2091 1480 2161 qui
1507 2090 1688 2146 factus
1715 2101 1820 2145 est.

2065 2105 2099 2140 ν
2128 2089 2225 2158 μὲν
2255 2088 2379 2158 ἕχον
2405 2087 2500 2141 τοῦ
2533 2088 2818 2160 μέλλοντος
2848 2092 3068 2162 χρόνου,
3114 2093 3213 2147 νῦν
3260 2096 3452 2166 τίθησιν
3482 2100 3543 2149 ἐπ’

330 2206 427 2258 per
451 2190 691 2259 seipsum
717 2187 1016 2257 productus
1049 2193 1133 2238 est
1155 2182 1411 2241 mundus.
1455 2196 1564 2238 non
1611 2189 1696 2240 εει
1734 2196 1763 2234 a
1798 2180 1833 2233 Ι]

2065 2180 2174 2233 ϋτοῦ
2206 2182 2266 2232 τὸ
2298 2179 2511 2243 ποιεῖν,
2544 2181 2643 2252 τὴν
2673 2181 2844 2252 αὐτὴν
2878 2183 2999 2253 ἔχον
3045 2185 3144 2238 τοῦ
3187 2188 3378 2258 χρόνου
3413 2189 3547 2257 ἔμε-ιο

328 2281 739 2349 productus;ct
772 2280 816 2334 si
859 2294 968 2332 non
1022 2292 1051 2329 a
1095 2276 1205 2329 Deo
1239 2273 1558 2344 productus,
1609 2288 1719 2328 non
1773 2288 1833 2342 pr

2069 2287 2126 2334 v;
2145 2272 2192 2324 εἱ
2211 2271 2269 2324 δὲ
2288 2273 2383 2326 σὺν
2406 2275 2474 2342 τῇ
2497 2274 2522 2324 ὲ
2531 2273 2731 2343 μφάσει
2745 2274 2842 2328 τοῦ
2871 2275 3165 2346 μέλλοντος
3186 2280 3378 2350 χρόνου
3395 2281 3486 2351 ἔχει
3501 2285 3546 2334 τῖ)

325 2372 480 2425 duxit
505 2387 628 2426 eum
661 2370 824 2424 Deus.
852 2367 1136 2435 Quomodo
1158 2383 1287 2436 ergo
1311 2381 1608 2436 responsor
1631 2381 1741 2420 non
1769 2364 1833 2417 fal

2065 2363 2202 2416 οιεῖν
2233 2364 2327 2417 καὶ
2353 2364 2449 2417 τοῦ
2484 2364 2919 2436 παρεληλυθότος
2938 2367 3038 2437 τὴν
3064 2367 3330 2438 ἔμφασιν,
3358 2374 3456 2436 πῶς
3473 2375 3548 2426 οὐκ

324 2474 379 2517 et
405 2479 589 2518 secum
623 2463 920 2532 pugnantia
951 2461 1216 2530 loquitur,
1243 2475 1367 2513 cum
1412 2458 1548 2512 dicit
1584 2457 1750 2512 Deum
1779 2473 1833 2527 qi

2065 2473 2155 2508 πιν
2187 2456 2242 2507 ἐν
2273 2457 2338 2525 τῇ
2358 2455 2451 2508 τοῦ
2480 2455 2616 2508 Θεοῦ
2647 2457 2881 2528 ἐργασία
2927 2457 3022 2511 τοῦ
3073 2460 3274 2531 χρόνου
3328 2463 3478 2516 πάντα
3499 2470 3550 2516 τὰ

325 2552 447 2605 dem
483 2552 899 2621 producentcm,
959 2549 1229 2602 mundum
1284 2558 1466 2602 autem
1512 2564 1610 2616 per
1663 2547 1833 2616 seipsr

2065 2543 2150 2612 ἑρη
2185 2542 2498 2611 ὑπάρχοντα
2515 2559 2530 2606 ;

331 2642 715 2713 productum?
771 2641 909 2695 Sane
961 2641 1167 2710 quidem
1211 2641 1377 2693 multo
1425 2640 1617 2708 magis,
1677 2638 1877 2707 inquit.
1921 2633 2212 2703 putandum
2265 2632 2428 2687 Deum
2483 2635 2736 2698 universe,
2783 2647 2833 2691 et
2880 2637 3077 2709 absque
3130 2650 3379 2712 tempore,
3413 2646 3553 2714 facere

327 2748 543 2799 cuncta,
576 2754 692 2790 cum
721 2739 830 2805 ipse
857 2737 1063 2802 quidem
1095 2736 1162 2789 sit
1196 2734 1632 2802 unum;in/inita
1672 2749 1789 2786 vero
1815 2730 2047 2799 potentia
2101 2728 2269 2780 multa
2332 2728 2610 2795 producat,
2661 2747 2778 2800 qua:
2821 2733 3031 2802 quidem
3081 2739 3301 2794 omnino
3352 2757 3434 2809 per
3495 2760 3554 2796 se-

319 2833 436 2900 ipsa
473 2832 750 2900 producta.
785 2832 850 2884 Et
881 2833 924 2884 si
961 2832 1134 2899 facere
1166 2831 1308 2884 idem
1341 2813 1488 2883 valet
1531 2844 1595 2883 ac
1653 2829 1923 2896 facturum
1950 2841 2084 2888 esse,
2111 2823 2388 2894 quomodo
2423 2825 2519 2894 qui
2565 2836 2901 2895 postremum
2954 2844 2984 2883 a
3029 2829 3145 2886 Deo
3201 2835 3362 2899 tollit,
3407 2846 3459 2890 ut
3492 2855 3550 2891 St-

320 2928 722 2998 guiﬁcationcm
776 2928 984 2981 habens
1036 2926 1202 2979 futuri
1253 2926 1537 2994 temporis,
1590 2939 1737 2978 nunc
1779 2923 2015 2993 primum
2038 2920 2087 2976 ei
2117 2919 2390 2983 attribuit,
2445 2920 2594 2990 quod
2650 2922 2899 2977 eamdem
2955 2924 3122 2981 habet
3180 2932 3441 3000 temporis
3492 2937 3545 2989 si-

318 3023 755 3094 gniﬁcationem?
785 3023 939 3088 Quod
988 3024 1032 3076 si
1076 3022 1266 3083 facere,
1321 3035 1429 3074 non
1466 3021 1642 3075 solum
1692 3019 1885 3081 futuri,
1917 3015 2013 3072 sed
2042 3015 2206 3070 etiam
2235 3015 2496 3084 praateriti
2545 3015 2810 3084 temporis
2860 3017 3025 3074 habet
3077 3019 3546 3091 signiﬁcationem;

325 3118 604 3186 quomodo
639 3133 750 3171 non
787 3118 972 3170 insunt
1005 3115 1098 3171 Dei
1130 3115 1435 3186 operationi
1467 3130 1659 3168 omnes
1693 3113 1964 3184 temporis
1991 3109 2216 3182 partes?

313 3231 600 3300 QUARTA
623 3229 1039 3288 CIIRISTIANA
1075 3230 1164 3284 AD
1191 3229 1495 3286 GRAECOS
1539 3228 1888 3296 QUESTIO.
1923 3234 1967 3294 C

385 3403 442 3458 Si
475 3421 583 3458 non
612 3413 793 3474 potest
824 3403 876 3458 id
903 3404 1049 3475 quod
1086 3413 1243 3460 antea
1275 3422 1382 3460 non
1411 3416 1550 3469 erat,
1601 3413 1656 3459 et
1701 3415 1889 3475 postea

311 3496 433 3560 fuit,
462 3506 796 3550 comternum
821 3499 870 3553 ei
892 3513 1014 3552 esse
1041 3498 1186 3568 quod
1211 3513 1426 3568 semper
1450 3507 1535 3554 est
1552 3543 1566 3558 .
1589 3499 1885 3568 quomodo,

309 3588 356 3641 si
385 3588 603 3658 genitus
635 3589 894 3655 mundus,
927 3597 1234 3646 coaeternus
1260 3599 1344 3644 est
1366 3590 1507 3662 apud
1536 3588 1748 3644 Deum?

379 3697 801 3755 RESPONSUM
839 3699 1157 3756 GlleCUM
1192 3701 1283 3754 AD
1327 3701 1813 3760 CHRISTIANOS.

378 3895 520 3952 Fieri
559 3899 781 3968 quidem
814 3914 923 3954 non
957 3915 1121 3970 posse
1153 3903 1503 3972 perspicuum
1545 3911 1630 3957 est
1662 3909 1722 3956 ut
1747 3909 1885 3956 tem-

303 3991 582 4060 porarium
611 3993 736 4062 (hac
757 3993 904 4046 enim
934 4009 1070 4048 voce
1089 3994 1426 4064 signiﬁcatur
1457 3992 1510 4048 id
1544 3994 1688 4064 quod
1722 4002 1880 4048 antea

303 4097 414 4136 non
447 4090 587 4148 erat,
632 4091 820 4152 postea
851 4091 1034 4138 autem
1096 4083 1217 4155 fuit)
1257 4093 1519 4140 aeternum
1572 4087 1664 4152 sit,
1715 4095 1767 4140 et
1807 4087 1878 4150 ei,

302 4175 448 4246 quod
495 4192 711 4247 semper
743 4185 848 4240 est,
901 4188 1254 4232 coaeternum.
1318 4178 1424 4234 Sed
1478 4194 1544 4233 ex
1573 4179 1676 4233 hac
1715 4179 1880 4233 etiam

302 4266 517 4322 ratione
541 4267 805 4321 mundum
839 4269 1139 4338 ingenitum
1172 4269 1558 4332 demonstrari,
1587 4269 1638 4325 id
1663 4286 1881 4340 quoque

296 4357 527 4412 cuilibet
543 4358 916 4414 manifestum.
945 4357 1002 4413 Si
1027 4360 1154 4430 quis
1177 4369 1357 4415 autem
1373 4361 1558 4416 dicere
1575 4363 1702 4416 velit
1721 4377 1880 4415 ιιιιιι-

275 4448 425 4503 dum
451 4449 696 4519 genitum
741 4464 773 4502 a
809 4451 1089 4506 nonnullis
1118 4461 1360 4507 veterum
1408 4452 1630 4517 vocari;
1687 4453 1881 4506 merito

295 4553 429 4593 sane
456 4542 926 4610 reprehendantur
954 4543 1046 4613 qui
1080 4545 1132 4598 id
1181 4544 1389 4610 dicunt,
1421 4549 1464 4600 si
1498 4543 1656 4615 527
1689 4561 1878 4600 eorum

2152 3225 2502 3278 ἘΡΩΤΗΣΙΣ
2549 3226 3003 3283 ΧΡΙΣΤΙΑΝΙΚΗ
3035 3233 3222 3287 ΠΡΟΣ
3271 3235 3440 3290 ΤΟΥΣ

2557 3297 2908 3352 ἘΛΛΗΝΑΣ
2934 3305 3008 3354 Δ’.

2069 3408 2130 3458 Ei
2165 3407 2422 3460 ἀδύνατον
2453 3407 2532 3477 τῷ
2563 3407 2756 3479 πρώην
2791 3411 2891 3480 μὲν
2923 3412 3025 3465 οὐκ
3065 3414 3206 3477 ὄντι,
3263 3415 3471 3488 ὕστερον
3503 3417 3546 3468 δὲ

1995 3498 2130 3558 ὄντι,
2168 3498 2434 3552 συναῖδιον
2467 3494 2606 3551 εἶναι
2636 3499 2713 3568 τῷ
2739 3500 2826 3554 ἀεὶ
2857 3501 2992 3567 δντι,
3037 3505 3178 3568 πῶς,
3234 3509 3283 3560 εἰ
3331 3510 3548 3577 γεννητὸς

1991 3589 2019 3638 6
2057 3589 2280 3658 κόσμος,
2318 3590 2584 3654 συναῖδιός
2618 3594 2733 3644 ἐστι
2769 3594 2921 3664 παρὰ
2945 3596 3026 3666 τῷ
3057 3596 3217 3668 Θεῷς

2168 3703 2549 3757 ’ΔΠΟΚΡΙΣΙΣ
2593 3707 2971 3762 ἘΛΛΗΝῙΚΗ
3006 3713 3192 3766 ΠΡΟΣ
3225 3715 3404 3768 ΤΟΥΣ

2533 3777 3017 3836 ΧΡΙΣἸΊΔΝΟΥΣ.

2061 3885 2187 3940 ’Ὅτι
2225 3888 2323 3957 μὲν
2358 3890 2615 3944 ἀδύνατον
2647 3893 2705 3944 τὸ
2737 3893 2996 3964 ἐγχρονον
3025 3895 3214 3966 (τοῦτο
3241 3902 3350 3976 γὰρ
3379 3901 3548 3973 σημαί-

1985 3997 2064 4030 νει
2092 3979 2152 4032 τὸ
2187 3980 2352 4034 πάλαι
2382 3981 2482 4052 μὲν
2516 3982 2590 4054 μὴ
2611 3982 2691 4048 ὃν,
2722 3983 2952 4057 ὕστερον
2988 3987 3044 4040 δὲ
3076 3990 3184 4060 ὅνο)
3217 3991 3385 4048 ἀΐδιον
3431 3990 3546 4047 εἶναι

1991 4073 2086 4126 καὶ
2113 4073 2380 4126 ωναῖδιον
2407 4075 2485 4146 τῷ
2515 4076 2601 4129 ἀεὶ
2631 4077 2762 4139 ὖντι,
2795 4077 2955 4147 δῆλον
2978 4097 2992 4111 ο
3028 4083 3112 4135 ὅτι
3143 4083 3203 4137 δὲ
3236 4089 3331 4140 καὶ
3362 4091 3421 4142 ὲκ
3448 4088 3546 4142 τού-

1981 4181 2072 4216 του
2093 4163 2184 4217 τοῦ
2203 4163 2361 4233 λόγου
2376 4167 2644 4221 δείκνυται
2673 4171 2701 4222 6
2731 4170 2935 4242 κόσμος
2954 4173 3279 4246 ἀγέννητος,
3301 4181 3543 4234 καὶτοῦτο

1982 4255 2144 4309 παντί
2170 4274 2272 4310 που
2302 4258 2478 4328 δῆλον.
2527 4260 2664 4313 Ἀλλ’
2690 4263 2852 4327 εἴτις
2884 4265 3060 4320 ἐθέλοι
3090 4267 3275 4337 λέγειν
3307 4271 3382 4336 ὥς
3423 4291 3540 4336 τινες

1979 4348 2088 4401 τῶν
2122 4350 2366 4404 παλαιῶν
2393 4353 2482 4405 τὸν
2516 4354 2718 4423 κόσμον
2758 4358 3019 4428 γεννητὸν
3052 4362 3337 4427 καλοῦσιν,
3370 4368 3416 4418 εἰ
3460 4367 3539 4433 μὲν

1983 4444 2314 4508 ἐπιπολαίως
2345 4445 2626 4515 σκέψοιντο
2641 4449 2764 4512 τοὺς
2790 4448 2983 4518 λόγους
3001 4452 3137 4523 (87),
3181 4457 3469 4528 μέμφοιντο
3489 4457 3538 4510 iv

1979 4533 2201 4597 δικαίως
2222 4537 2346 4599 τοὺς
2378 4537 2535 4590 τοῦτο
2555 4537 2807 4607 λέγοντας
2827 4559 2841 4573 ο
2871 4543 2994 4596 εἰδὲ
3017 4545 3080 4598 τὸ
3112 4546 3278 4616 βάθος
3301 4550 3536 4616 κατανυήε

294 4631 441 4686 dicta
475 4635 663 4689 leviter
695 4636 1133 4692 considerentur.
1169 4637 1273 4692 Sed
1303 4638 1350 4691 si
1379 4647 1634 4692 accurate
1657 4639 1833 4693 invest

2065 4643 2142 4678 σιν
2169 4627 2410 4698 ἀκριϐῶς
2449 4628 2556 4682 τῶν
2587 4629 2904 4700 λεχθέντων,
2947 4636 3279 4706 εὑρήσουσιν
3325 4640 3536 4712 ἀκριϐῶς

295 4729 452 4787 getur
479 4725 811 4792 profundum
841 4743 1028 4782 eorum
1077 4745 1196 4798 qua:
1237 4729 1515 4795 dixerunt,
1570 4732 1872 4800 reperietur

295 4820 552 4866 accurate
584 4823 637 4866 et
664 4815 812 4870 clare
855 4819 1118 4871 mundum
1162 4819 1230 4871 ab
1263 4819 1346 4874 eis
1389 4820 1690 4889 ingenitum
1741 4836 1869 4890 pro-

295 4906 558 4962 nuntiari.
583 4905 715 4959 Nam
747 4923 870 4961 cum
908 4910 1010 4979 ipsi
1039 4911 1226 4964 dicant
1252 4912 1618 4981 exemplarem
1644 4921 1699 4966 et
1738 4913 1868 4967 elle-

292 4999 518 5049 ctricem
541 5011 764 5050 causam
789 5015 913 5053 esse
940 5011 1197 5055 aeternam
1219 5045 1232 5065 ,
1261 5002 1428 5071 liquet
1469 5009 1522 5056 et
1577 5004 1863 5068 mundum,

291 5089 384 5156 qui
415 5088 703 5156 utriusque
727 5091 1008 5160 Opilicium
1039 5102 1144 5159 est,
1168 5094 1316 5149 clare
1345 5093 1645 5163 ingenitum
1687 5097 1755 5150 ab
1787 5098 1866 5151 eis

292 5181 659 5250 pronuntiari.
693 5181 1150 5240 Demonstrarunt
1183 5187 1326 5241 enim
1372 5189 1582 5257 antiqui
1629 5204 1714 5250 ea,
1749 5206 1868 5258 qua:

292 5279 556 5326 vocantur
603 5274 830 5328 relativa
859 5315 873 5336 ,
934 5277 1097 5331 simul
1148 5285 1346 5331 natura
1385 5279 1670 5334 exsistere.
1722 5279 1870 5344 Quo-

292 5363 438 5416 niam
461 5380 591 5434 ergo
633 5374 687 5420 et
728 5368 906 5437 imago
953 5369 1021 5422 ad
1071 5369 1371 5438 exemplar,
1407 5378 1462 5426 et
1493 5372 1770 5440 exemplar
1800 5372 1866 5424 ad

292 5454 616 5524 imaginem,
667 5466 721 5512 et
743 5459 1024 5526 opiﬁcium
1063 5460 1128 5514 ad
1174 5461 1447 5530 opiﬁcem.
1489 5471 1544 5516 et
1580 5464 1759 5532 opifex
1799 5465 1866 5518 ad

294 5547 573 5615 opiﬁcium
606 5551 944 5614 referuntur,
981 5553 1094 5607 lucc
1136 5554 1300 5608 simul
1333 5565 1528 5610 natura
1563 5559 1863 5613 cxsistent:

1974 4719 2068 4770 καὶ
2093 4718 2274 4786 σαφῶς
2298 4720 2587 4792 ἀγέννητον
2603 4725 2823 4788 τούτους
2849 4728 2940 4780 τὸν
2968 4730 3178 4801 κόσμον
3195 4732 3536 4802 ἀποφαινομέ·

1973 4826 2115 4872 νους.
2150 4801 2312 4864 Αὗτοὶ
2346 4812 2455 4884 γὰρ
2497 4813 2738 4882 λέγοντες
2786 4819 2888 4890 τήν
2935 4837 2994 4874 τε
3042 4825 3529 4896 παραδειγματικὴν

1973 4902 2064 4953 καὶ
2095 4901 2191 4971 τὴν
2234 4907 2522 4976 ποιητικὴν
2551 4908 2727 4961 αἰτίαν
2775 4911 3072 4982 ἀγέννητον
3120 4912 3286 4980 εἶναι,
3317 4916 3530 4988 δηλονότι

1972 4995 2064 5047 καὶ⁹
2095 4995 2186 5048 τὸν
2209 4996 2430 5067 κόσμον,
2488 5000 2876 5072 δημιούργημα
2925 5006 3134 5061 τούτων
3186 5010 3339 5072 ὄντα,
3371 5009 3531 5076 σαφῶς

1965 5085 2253 5157 ἀγέννητον
2291 5088 2668 5158 ἀποφαίνουσι.
2701 5094 2828 5157 Τοῖς
2859 5097 2968 5169 γὰρ
2997 5099 3253 5165 παλαιοῖς
3283 5101 3529 5156 ἀποδέδει-

1966 5195 2091 5232 κται
2119 5180 2185 5232 τὰ
2219 5181 2526 5253 καλούμενα
2555 5185 2689 5257 πρὸς
2717 5186 2770 5238 τὶ
2798 5188 2916 5258 ἅμα
2940 5194 3008 5262 τῇ
3053 5192 3216 5260 φύσει
3265 5196 3524 5263 ὑπάρχειν-

1978 5271 2130 5324 Ἐπεί
2159 5269 2252 5326 οὖν
2279 5274 2314 5344 ἦ
2347 5293 2405 5328 τε
2437 5276 2597 5330 εἰκὼν
2625 5279 2758 5349 πρὸς
2803 5282 2867 5332 τὸ
2916 5285 3299 5358 παράδειγμα,
3340 5287 3428 5340 καὶ
3478 5282 3526 5332 τὸ

1965 5364 2319 5436 παράδειγμα
2354 5367 2488 5439 πρὸς
2515 5369 2611 5440 τὴν
2643 5371 2851 5436 εἰκόνα,
2907 5376 3004 5428 καὶ
3051 5378 3114 5430 τὸ
3161 5379 3521 5450 δημιούρ·ιν·“ιίξιι³

1965 5457 2100 5527 πρὸς
2123 5457 2216 5510 τὸν
2238 5458 2588 5531 δημιουργὸν,
2624 5464 2715 5515 καὶ
2744 5465 2776 5515 6
2809 5464 3147 5539 δημιουργὸς
3178 5471 3316 5541 πρὸς
3355 5468 3412 5521 τὸ
3442 5465 3518 5532 δι’

1967 5551 2310 5622 μιούργημα,
2343 5553 2458 5623 ἅμα
2486 5557 2552 5624 τῇ
2587 5555 2742 5624 φύσει
2789 5557 3044 5629 ὑπάρξει.
3081 5563 3146 5614 Εἰ
3175 5564 3351 5617 τοίνυν
3379 5557 3520 5626 ἀγέν-

366 5702 484 5796 ςὸἶὶ
503 5707 648 5796 Τοὺς
673 5709 914 5796 2to'Irovc.
946 5709 1036 5796 Sile
1085 5712 1392 5766 emendavit
1409 5713 1520 5796 _R:‘
1543 5713 1833 5796 Stephagu:

2065 5734 2092 5774 υ
2139 5721 2406 5789 scriptum
2453 5719 2645 5784 fuisse,
2701 5700 2766 5774 ιιῖ
2811 5721 2991 5788 inira,
3049 5727 3370 5796 προσέχουσι
3421 5721 3515 5777 ταῖς

295 5785 392 5835 pro
422 5786 486 5825 eo
509 5777 652 5840 quod
683 5778 883 5832 habent
913 5780 1129 5836 codices
1170 5798 1300 5838 mss.
1349 5785 1459 5846 τοῖς
1504 5777 1699 5853 λόγοίς.
1747 5786 1833 5844 εει

2065 5807 2156 5851 αις.
