3662 6486
68 308 188 363 1N5

924 307 1386 374 ρυΑιδτιοΝΕε
1423 307 1863 366 CHRISTIANIE
1904 311 1996 366 AD
2032 309 2349 370 GRAECOS.

3142 323 3281 377 “£6

67 439 203 491 γητος
232 422 260 474 6
289 419 639 490 δημιουργὸς,
669 420 760 473 καὶ
808 419 868 474 τὸ
921 423 1267 494 παράδειγμα
1293 425 1603 495 ἀγέννητον,
1636 437 1680 490 Α
1712 428 1756 481 si
1790 443 1839 482 Vt

1755 469 1756 478 χ
1790 443 1920 482 vero
1944 427 2125 497 opifex
2145 429 2441 498 ingenitus,
2459 433 2511 481 et
2535 428 2834 498 ingenitum
2862 433 3172 504 exemplar,
3203 441 3281 490 si-

66 515 144 566 καὶ
166 514 192 564 6
223 512 428 581 κόσμος
455 511 548 564 τοῦ
581 512 681 582 μὲν
707 513 1148 584 παραδείγματος
1175 514 1334 569 εἰκὼν
1367 515 1462 579 ὢν,
1508 517 1601 570 τοῦ

128 602 451 673 δημιουργοῦ
481 603 888 674 δημιούργημα.
924 605 1044 657 Ὅτι
1070 605 1126 657 δὲ
1153 606 1220 658 τά
1244 607 1378 677 πρὸς
1402 608 1455 659 τὶ
1488 609 1601 677 ἆμα

56 696 106 763 τῇ
145 692 293 760 φύσει
325 692 582 762 ὑπάρχει,
620 693 823 762 οσαφῶς
877 696 1042 748 πᾶσιν
1085 697 1457 750 ἀποδέδεικται
1509 701 1603 752 καὶ

53 783 393 853 ὡμολόγηται,
421 785 515 837 καὶ
546 783 767 837 αὐτόθεν
801 785 980 857 ῥᾴδιον
1021 785 1306 854 γινώσκειν
1326 805 1338 818 ο
1389 790 1450 842 τὸ
1494 790 1612 862 γάρ-

54 874 200 936 δεξιὸν
231 874 324 927 καὶ
355 875 644 946 ἀριστερὸν
673 875 779 928 τῶν
825 877 962 948 πρός
1009 894 1084 930 τι.
1117 879 1326 952 Ὥσπερ
1371 877 1464 934 οὑν
1505 883 1603 937 οὑκ

54 969 301 1037 ἐνδέχεται
333 967 508 1033 δεξιὸν
539 963 675 1020 εἶναι
711 968 784 1037 μὴ
815 967 965 1031 ὅντος
994 967 1088 1021 τοῦ
1123 970 1432 1043 ἀριστεροῦ,
1467 974 1601 1044 μηδὲ

53 1059 101 1109 τὸ
127 1058 409 1129 ἀριστερὸν
440 1058 598 1122 ἐκτὸς
623 1057 714 1110 τοῦ
746 1057 941 1124 δεξιοῦ·
972 1058 1144 1123 οὑτως
1188 1061 1287 1114 οὑκ
1333 1063 1600 1134 ἐνδέχεται

53 1151 126 1202 τὸν
145 1151 473 1220 δημιουργὸν
505 1149 640 1205 εἶναι
671 1151 800 1206 ἀνευ
827 1151 922 1204 τοῦ
945 1151 1440 1225 δημιουργήματος,
1477 1157 1509 1227 ἢ
1541 1158 1602 1210 τὸ

50 1241 416 1312 δημιούργημα
443 1244 570 1297 ἄνευ
605 1243 697 1297 τοῦ
724 1242 1076 1314 δημιουργοῦ.
1100 1245 1162 1296 Εἰ
1193 1241 1283 1298 οὖν
1312 1247 1600 1319 ἀγέννητος

47 1334 69 1383 ὁ
96 1333 440 1402 δημιουργὸς,
475 1335 766 1406 ἀγέννητον
799 1337 891 1390 καὶ
919 1336 980 1388 τὸ
1011 1337 1418 1409 δημιούργημα.
1449 1340 1512 1393 El
1545 1340 1599 1394 δέ

46 1442 113 1486 τις
139 1424 275 1477 Θέλοι
301 1425 511 1494 λέγειν,
545 1428 623 1480 ὅτι
646 1429 906 1499 πρότερον
949 1429 1045 1499 μὲν
1074 1423 1140 1499 ἦν
1173 1431 1200 1481 ὁ
1248 1429 1596 1501 δημιουργὸς,

47 1515 244 1585 ὕστερον
273 1515 330 1568 δὲ
355 1518 554 1585 γέγονε
585 1518 645 1572 τὸ
671 1518 1079 1590 δημιούργημα,
1125 1520 1219 1573 καὶ
1259 1521 1400 1591 ἄλλῳ
1445 1540 1599 1591 περι-

45 1612 264 1662 πεσεῖται
323 1610 547 1681 ἀπόπῳ.
609 1609 977 1682 Εὑρεθήσεται
1035 1610 1145 1682 γάρ
1190 1611 1414 1682 δυνάμει
1462 1607 1599 1666 εἶναι

41 1702 188 1770 λέγων
218 1703 307 1755 τὸν
340 1703 696 1774 δημιουργὸν,
731 1704 824 1756 καὶ
867 1703 966 1756 οὑκ
1001 1703 1284 1775 ἐνεργείᾳ.⁹
1327 1704 1462 1773 ὅπερ
1510 1705 1598 1756 ού-

41 1795 109 1846 δὲν
133 1794 254 1848 ἄλλο
285 1796 441 1848 ἐστὶν
471 1783 504 1864 ἧ
539 1795 627 1847 τὸν
659 1795 792 1848 Θεὸν
845 1795 1005 1866 ἀτελῆ
1058 1796 1255 1864 λέγειν,
1313 1797 1405 1849 καὶ
1465 1796 1599 1868 πρὸς
1631 1775 1674 1828 Β

42 1886 223 1949 τούτοις
252 1887 411 1940 οὐδὲν
439 1883 600 1958 ἦττον
634 1886 1058 1955 συνυφίστασθαι
1083 1887 1160 1958 τῷ
1189 1887 1502 1959 δημιουργῷ
1539 1888 1599 1941 τὸ

40 1979 436 2050 δημιούργημα,
465 1979 694 2050 δυνάμει
726 1979 786 2032 ὃν
837 1983 928 2035 καὶ
975 1981 1132 2034 τοῦτο
1185 1980 1372 2054 ὥσπερ
1419 1983 1448 2034 6
1503 1981 1596 2053 δη-

43 2070 295 2139 μιουργὸς,
334 2070 652 2140 ἁπανταχοῦ
675 2071 784 2125 τῶν
821 2073 959 2144 πρὸς
985 2073 1039 2125 τὶ
1069 2073 1450 2143 ὑφισταμένων
1482 2072 1599 2124 ἐπί-

39 2177 135 2228 σης.
170 2162 229 2213 ΕΞ
263 2161 371 2232 μὲν
413 2158 508 2214 οὖν
546 2165 575 2215 6
618 2162 949 2234 δημιουργὸς
989 2164 1234 2234 δυνάμει,
1271 2165 1365 2217 καὶ
1410 2164 1471 2216 τὸ
1502 2163 1595 2234 δη-

41 2253 338 2324 μιούργημα
369 2254 638 2325 δυνάμει·
694 2258 741 2308 εἰ
785 2256 840 2310 δὲ
887 2260 914 2309 6
952 2257 1285 2328 δημιουργὸς
1327 2258 1593 2328 ἐνεργείᾳ,

38 2345 114 2394 καὶ
143 2342 372 2409 τέλειος,
405 2345 499 2396 καὶ
523 2345 584 2396 τὸ
608 2345 996 2418 δημιούργημα
1023 2349 1242 2419 ὁμοίως.
1279 2347 1474 2418 Σαφῶς
1497 2351 1598 2402 τοί-

38 2453 113 2485 νυν
139 2437 300 2488 παντὶ⁹
347 2436 507 2506 δῆλον
538 2439 790 2509 ὑπάρχει,
824 2439 883 2491 τὸ
917 2440 1342 2510 συνυφίστασθαι
1385 2441 1463 2513 τῷ
1506 2441 1598 2512 δη-

41 2527 279 2598 μιουργῷ,
322 2528 472 2582 καθά
503 2529 850 2601 δημιουργὸς,
885 2531 946 2583 τὸ
977 2531 1384 2604 δημιούργημα.

41 2639 296 2707 Ἔλεγχος
308 2637 425 2707 τῆς
441 2642 814 2711 ἀποκρίσεως
823 2644 932 2696 οὐκ
968 2642 1152 2710 ὀρθῶς
1179 2644 1592 2713 γεγενημένης.

93 2752 136 2804 i.
183 2754 268 2814 Ὡς
297 2754 485 2818 δείξας
510 2756 539 2806 6
572 2756 1008 2826 ἀποκρινάμενος
1037 2759 1093 2809 ὲν
1135 2760 1254 2819 ταῖς
1297 2757 1482 2821 ἄλλαις
1509 2758 1597 2811 αὑ-

33 2845 108 2896 τοῦ
135 2847 467 2918 ἀποκρίσεσι
501 2847 591 2899 τὸν
625 2847 826 2916 κόσμον
861 2847 1175 2916 ἀγέννητον,
1222 2847 1363 2900 οὕτω
1403 2850 1496 2901 καὶ
1537 2850 1595 2902 ὲν

32 2939 84 3004 τῇ
136 2935 392 3008 παρούσῃ
465 2934 757 3006 ἀποκρίσει
817 2936 1209 3004 ἐπαγγέλλεται
1274 2936 1440 3000 δεῖξαι
1504 2937 1594 2991 τὸν

33 3029 206 3096 κόσμον
226 3029 532 3096 ἀγέννητον
553 3041 568 3055 ⁸
596 3028 770 3080 καίτοι
800 3027 856 3079 ὲν
884 3030 1004 3090 ταῖς
1041 3027 1228 3090 ἄλλαις
1259 3028 1422 3080 αὑτοῦ
1455 3030 1592 3082 ἀπο-

1706 518 1819 570 mul
1843 525 2040 572 natura
2069 519 2295 574 exsistet
2327 527 2381 574 et
2409 521 2669 584 mundus,
2711 521 2806 590 qui
2833 525 3163 593 exemplaris
3190 536 3277 580 est

1709 605 1888 676 imago
1917 618 1971 661 et
2015 607 2229 676 opiﬁcis
2259 609 2556 678 opiﬁcium.
2594 607 2839 665 Relativa
2878 620 3056 666 autem
3111 615 3275 670 simul

1706 704 1900 750 natura
1932 698 2258 764 subsistere,
2290 701 2437 754 clare
2466 701 2724 755 omnibus
2769 702 3056 770 probatum
3109 714 3276 758 testa-

1707 797 1928 856 tumque
1955 800 2041 845 est
2069 811 2082 845 :
2113 799 2168 846 et
2205 792 2332 847 inde
2363 791 2522 846 facile
2565 793 2937 861 cognoscitur.
2969 791 3104 848 Nam
3142 795 3277 850 dex-

1704 886 1847 933 trum
1870 891 1922 934 et
1944 881 2228 937 sinistrum
2250 884 2474 938 relativa
2497 892 2644 938 sunt.
2676 881 2846 937 Sicuti
2871 900 3002 954 ergo
3022 885 3273 940 dextrum

1703 985 1826 1024 esse
1852 988 1960 1024 non
1990 981 2189 1042 potest,
2226 974 2273 1028 si
2306 974 2590 1029 sinistrum
2627 990 2735 1028 non
2771 976 2880 1042 sit,
2923 992 3100 1046 neque
3144 978 3279 1032 sini-

1703 1067 1876 1114 strum
1911 1062 2032 1116 sine
2062 1063 2254 1117 dextro
2289 1082 2302 1119 :
2335 1063 2415 1119 sic
2441 1079 2564 1118 esse
2594 1079 2701 1117 non
2730 1072 2909 1134 potest
2937 1065 3116 1134 opifex
3146 1067 3273 1122 abs-

1702 1165 1810 1219 que
1850 1151 2103 1221 Opiﬁcio,
2149 1169 2326 1224 neque
2379 1154 2656 1224 opiﬁcium
2710 1155 2828 1210 sine
2854 1156 3067 1225 opiﬁce.
3122 1155 3272 1222 Quo-

1702 1244 1848 1297 circa
1876 1245 1923 1300 si
1961 1244 2140 1314 opifex
2188 1246 2484 1316 ingenitus,
2538 1247 2838 1318 ingenitum
2889 1257 2944 1302 et
2974 1248 3271 1318 opiﬁcium.

1701 1335 1770 1387 At
1803 1335 1851 1390 si
1883 1337 2008 1405 quis
2037 1337 2219 1392 dicere
2248 1338 2396 1402 velit,
2433 1338 2586 1408 prius
2639 1338 2810 1393 fuisse
2863 1338 3137 1409 opiﬁcem,
3181 1357 3276 1410 po-

1703 1426 1907 1481 sterius
1941 1437 2122 1482 autem
2159 1429 2434 1498 opiﬁcium
2461 1472 2477 1497 ,
2512 1430 2619 1484 alio
2651 1446 2870 1501 quoque
2907 1431 3276 1501 implicabitur

1704 1517 1965 1572 absurdo.
2031 1519 2223 1575 Dicere
2277 1522 2425 1576 enim
2468 1523 2788 1592 reperietur,
2846 1524 3087 1594 potentia
3153 1540 3276 1581 esse

1700 1609 1973 1678 opiﬁcem,
2004 1627 2114 1665 non
2149 1620 2276 1666 actu
2312 1611 2478 1683 (quod
2510 1629 2642 1668 sane
2675 1613 2820 1667 aliud
2845 1629 2952 1669 non
2983 1625 3084 1680 est,
3109 1630 3276 1684 quam

1701 1699 1870 1755 Bemn
1899 1702 2277 1772 imperfectum
2319 1703 2546 1774 dicere),
2578 1721 2642 1758 ac
2691 1714 2953 1775 praeterea
2999 1707 3274 1776 opiﬁciqu

1702 1793 2058 1849 nihilominus
2084 1810 2208 1849 cum
2245 1795 2438 1865 opiﬁcc
2480 1797 2804 1864 subsistere,
2838 1805 2888 1851 et
2923 1800 3181 1868 potentia,
3214 1809 3273 1852 ut

1699 1884 1970 1954 opiﬁcem,
2004 1901 2149 1950 esse,
2181 1902 2306 1940 cum
2352 1889 2579 1942 relativa
2617 1889 2776 1944 simul
2809 1890 3092 1959 :equaliter
3136 1891 3272 1945 sub-

1700 1977 1917 2030 sistant.
1956 1975 2140 2042 Quare
2171 1978 2216 2033 si
2244 1978 2426 2046 opifex
2459 1981 2702 2047 potentia
2728 1987 2811 2035 est
2833 2023 2846 2046 ,
2878 1982 3115 2049 potentia
3145 1997 3280 2051 quo.

1699 2082 1804 2135 que
1835 2065 2147 2135 Opiﬁeium:
2180 2069 2268 2123 sin
2304 2068 2485 2138 opifex
2530 2079 2654 2123 actu
2685 2079 2738 2124 et
2769 2068 3068 2140 perfectus:
3116 2073 3271 2126 simi-

1704 2162 1828 2215 liter
1869 2171 1922 2215 et
1952 2161 2252 2231 opiﬁcium.
2289 2163 2449 2219 Clare
2496 2164 2664 2235 igitur
2707 2165 2940 2234 quisque
2987 2166 3266 2235 perspicit,

1701 2271 1808 2309 una
1838 2271 1961 2308 cum
1993 2255 2209 2324 opiﬁce,
2243 2263 2516 2326 quatenus
2545 2255 2726 2326 opifex
2757 2267 2862 2321 est,
2899 2256 3057 2312 simul
3087 2257 3271 2312 subsi-

1700 2358 1843 2401 stere
1873 2346 2171 2415 opiﬁcium.

1947 2637 2068 2693 Non
2095 2647 2231 2693 recte
2251 2640 2482 2693 instituti
2495 2638 2729 2710 responsi
2751 2639 3020 2708 refutatio.

1767 2752 1818 2805 1.
1851 2749 2020 2816 Quasi
2050 2751 2482 2807 demonstrasset
2508 2767 2802 2820 responsor
2821 2752 2876 2804 in
2902 2751 3024 2805 aliis
3037 2751 3153 2806 suis
3179 2767 3266 2808 re~

1697 2845 2084 2915 sponsionibus
2109 2843 2369 2898 mundmn
2400 2859 2523 2899 esse
2554 2843 2880 2912 ingenitum,
2909 2842 2984 2896 ita
3012 2851 3064 2896 et
3085 2843 3139 2896 in
3163 2843 3266 2898 hac

1694 2939 1947 3008 praesenti
1974 2937 2328 3005 responsione
2344 2936 2629 3004 pollicetur
2663 2935 3159 2989 demonstraturum
3207 2950 3268 2988 se

1695 3030 1961 3084 mundum
2001 3043 2123 3084 esse
2157 3028 2476 3098 ingenitum.
2500 3026 2677 3096 Atque
2705 3025 2753 3078 is
2783 3023 3000 3094 quidem
3048 3024 3102 3078 in
3138 3025 3264 3080 aliis

31 3120 245 3187 κρίσεσιν
277 3117 408 3171 οὗτε
441 3121 506 3171 ὲκ
534 3117 641 3171 τῶν
675 3119 921 3188 φανερῶν
949 3134 1008 3170 τε
1052 3119 1145 3170 καὶ
1176 3119 1464 3189 γνωρίμων
1495 3119 1588 3172 τοῦ
1616 3121 1658 3178 C
1693 3138 1839 3192 respc

1756 3122 2146 3192 sponsionibus
2179 3136 2352 3190 neque
2384 3135 2450 3172 ex
2481 3117 2791 3172 manifestis
2825 3132 2890 3171 ac
2920 3117 3154 3186 cognitis
3177 3131 3263 3170 re—

31 3213 209 3280 κόπμου
237 3212 569 3281 ἐδογμάτισε
598 3211 695 3281 τὴν
724 3210 1072 3281 ἀγεννησίαν,
1103 3209 1223 3263 οὗτε
1244 3210 1330 3263 διὰ
1343 3211 1440 3280 τῆς
1458 3213 1589 3264 ἀπο-

25 3301 215 3367 δείξεως
242 3303 458 3372 ταύτην
491 3301 702 3372 ἔθηκεν,
735 3301 870 3354 ἀλλά
905 3301 1061 3372 μόνον
1093 3300 1232 3355 κατά
1255 3301 1352 3373 τὴν
1385 3303 1588 3356 οἰκείαν

27 3394 285 3447 αὐθεντίαν
315 3395 381 3446 τὸ
404 3392 598 3446 δοκοῦν
640 3393 786 3463 αύτῴ
824 3393 1156 3465 ἀπεφήνατο.
1205 3393 1403 3445 Ἐλθὼν
1429 3394 1486 3447 δὲ
1509 3395 1588 3456 είς

23 3488 103 3556 τὴν
133 3487 418 3558 παροῦσαν
448 3485 654 3556 ταύτην
688 3485 999 3555 ἀπόκρισιν,
1030 3487 1088 3539 ὲν
1197 3487 1450 3556 πειρᾶται
1480 3487 1586 3539 δεῖ-

24 3577 94 3640 ξαι
114 3579 199 3630 τὸν
219 3578 431 3647 κόσμον
461 3576 777 3646 ἀγέννητον,
802 3576 1016 3648 πρῶτον
1053 3576 1326 3647 μέμνηται
1353 3561 1460 3629 τῶν
1485 3595 1587 3630 πα-

22 3669 183 3734 λαιῶν,
225 3669 494 3739 γεννητὸν
536 3667 834 3739 εἰρηκότων
857 3668 948 3720 τὸν
982 3669 1186 3738 κόσμον
1212 3685 1224 3697 ·
1250 3668 1343 3732 οὒς
1374 3669 1586 3732 δικαίας

23 3764 260 3832 μέμψεως
289 3761 479 3824 ἔλεξεν
502 3759 703 3823 ἀξίους,
727 3760 981 3831 γεννητὸν
1019 3760 1108 3812 τὸν
1137 3759 1338 3830 κόσμον
1368 3762 1584 3832 εἰρηκό-

19 3871 116 3916 τας,
171 3857 218 3906 εξ
254 3853 332 3924 μὴ
373 3855 500 3914 ταῖς
553 3851 764 3922 ἑτέραις
804 3851 982 3904 αὑτῶν
1015 3853 1218 3921 φωναῖς
1250 3851 1348 3914 τὰς
1383 3854 1584 3916 οἰκείας

18 3944 170 3996 αὐτῶν
191 3943 380 4012 φωνὰς
415 3941 720 4011 ἀνέτρεψαν
751 3940 1012 4010 λεγούσας
1041 3943 1134 3995 τὸν
1161 3942 1361 4013 κόσμον
1395 3961 1584 4014 γεννη-

17 4037 108 4086 τὸν.
142 4035 315 4087 Τοῦτο
347 4035 405 4086 δὲ
438 4034 499 4087 οὐ
529 4032 740 4095 δικαίας
785 4035 902 4086 ἐστὶ
949 4036 1210 4106 μέμψεως
1254 4035 1584 4090 ἀπαλλακτι-

17 4127 110 4190 κὺν,
138 4127 275 4180 ἀλλά
307 4125 591 4196 ποιητικὸν
624 4126 823 4196 μᾶλλον
842 4128 941 4198 τῆς
975 4127 1218 4198 μεγάλης
1251 4130 1345 4182 καὶ
1369 4128 1581 4192 δικαίας

17 4218 277 4287 μέμψεως,
313 4217 377 4270 τὸ
408 4217 580 4269 θεῖναι
612 4216 703 4268 ἐπὶ
722 4216 822 4285 τῆς
835 4216 928 4270 τοῦ
959 4219 1165 4288 κόσμου
1192 4219 1456 4287 γενέσεως
1483 4221 1581 4291 τὴν

17 4309 152 4374 φάσιν
168 4311 263 4362 καὶ
276 4308 378 4379 τὴν
395 4306 783 4375 ἀπόφασιν,καὶ
795 4307 856 4359 τὸ
870 4309 981 4371 τοῖς
991 4308 1210 4372 οἰκείοις
1226 4308 1402 4376 λόγοις
1418 4311 1584 4380 μάχε-

18 4400 115 4452 σθαι
148 4401 312 4454 αὑτὸν
357 4399 468 4472 (88)
504 4399 701 4470 ἑαυτῷ.
749 4403 857 4455 Καὶ
883 4402 1052 4456 ταῦτα
1089 4403 1188 4476 μὲν
1226 4404 1463 4476 εἰρήσθω
1499 4407 1580 4468 εἰς

1693 3215 1797 3269 bus
1823 3214 2087 3268 mundum
2119 3213 2307 3266 statuit
2335 3225 2457 3265 esse
2486 3209 2812 3279 ingenitum,
2841 3222 3018 3277 neque
3039 3206 3264 3261 demon-

1692 3307 1958 3361 stratione
1984 3306 2040 3360 id
2070 3305 2268 3366 elfecit,
2301 3303 2394 3360 sed
2431 3311 2641 3355 tantum
2693 3299 2908 3370 propria
2943 3313 3042 3354 sua
3076 3306 3265 3353 aucto-

1691 3400 1852 3454 ritate
1897 3399 2222 3455 sententiam
2258 3411 2412 3452 suam
2459 3395 2852 3465 pronuntiavit.
2900 3391 3134 3448 Veniens
3165 3409 3261 3446 au-

1690 3499 1798 3545 tem
1825 3490 1893 3543 ad
1927 3491 2069 3543 lianc
2100 3495 2419 3558 praesentem
2448 3486 2884 3554 responsionem,
2917 3483 2972 3536 in
3018 3498 3126 3553 qua
3167 3498 3262 3537 co-

1692 3594 1855 3639 natur
1904 3585 2282 3639 demonstrare
2327 3578 2591 3632 mundum
2632 3592 2754 3632 esse
2801 3575 3120 3645 ingenitum,
3149 3576 3262 3643 pri--

1692 3674 1837 3732 mum
1871 3675 2117 3730 meminit
2148 3673 2520 3742 antiquorum,
2552 3671 2646 3740 qui
2698 3668 2963 3722 mundum
3016 3667 3260 3737 genitum

1690 3770 1972 3833 dixerunt,
2005 3782 2211 3834 eosque
2237 3765 2388 3834 justo
2418 3761 2685 3830 vituperio
2707 3761 2903 3830 dignos
2931 3758 3176 3816 dixisset,
3211 3758 3257 3812 si

1687 3879 1797 3916 non
1833 3861 2083 3929 proprias
2133 3872 2263 3912 suas
2314 3868 2497 3915 voces,
2539 3868 2659 3922 quae
2707 3851 2968 3905 mundum
3013 3849 3256 3920 genitum

1686 3953 1898 4014 dicunt,
1927 3951 2052 4004 aliis
2079 3949 2308 4002 vocibus
2333 3945 2678 4000 evertissent.
2707 3942 2762 3998 Id
2809 3950 2988 3998 autem
3017 3955 3125 3994 non
3174 3947 3260 3993 est

1681 4046 1842 4115 justas
1884 4040 2325 4114 reprehensionis
2359 4037 2716 4108 propulsatio,
2734 4034 2828 4090 sed
2856 4034 3036 4104 potius
3050 4046 3256 4102 magna:

1684 4149 1738 4196 et
1768 4141 1932 4210 justas
1960 4131 2384 4204 vituperationis
2415 4130 2664 4193 materia,
2707 4129 2774 4183 de
2813 4125 3002 4181 mundi
3030 4142 3256 4196 genera-

1683 4234 1832 4287 tione
1880 4228 2292 4284 afﬁrmationem
2323 4231 2376 4279 et
2407 4221 2744 4294 negationem
2779 4233 2999 4289 ponere,
3028 4232 3090 4270 ac
3124 4233 3244 4286 pro-

1683 4322 1817 4390 priis
1857 4321 2084 4373 vocibus
2128 4329 2315 4372 secum
2362 4326 2624 4384 pugnare.
2667 4311 2842 4378 Atque
2889 4308 3002 4361 hzec
3030 4307 3251 4376 quidem

1682 4415 1826 4468 dicta
1856 4419 2022 4464 sunto
2055 4407 2321 4478 probandi
2353 4419 2538 4466 causa,
2567 4403 2839 4457 immerito
2867 4414 3250 4470 responsorem

17 4491 206 4562 ἔλεγχον
228 4492 325 4544 τοῦ
348 4490 657 4562 μὴδικαίως
691 4493 992 4564 κεχρῆσθαι
1023 4496 1114 4548 τὸν
1146 4495 1576 4567 ἀποκρινάμενον
1610 4481 1654 4536 D
1685 4520 1839 4561 usum

1755 4520 1843 4559 um
1878 4519 2002 4559 esse
2034 4502 2262 4556 vocibus
2291 4513 2475 4554 secum
2504 4495 2730 4549 invicem
2758 4491 3148 4563 pugnantibus,
3187 4499 3248 4544 ut

17 4580 106 4641 ταῖς
125 4579 390 4649 ἀλλήλαις
425 4578 755 4649 μαχομέναις
788 4586 988 4650 φωναῖς
1021 4585 1158 4656 πρὸς
1183 4585 1452 4650 ἀπόδειξιν
1482 4604 1575 4639 συ-

17 4671 251 4741 πατικὴν
273 4669 370 4721 τοῦ
414 4668 505 4722 τὸν
531 4668 734 4739 κόσμον
763 4666 902 4725 εἷναι
936 4673 1250 4744 ἀγέννητον.
1298 4675 1486 4745 Ἡμεῖς
1513 4675 1571 4728 δὲ

17 4757 335 4830 ἰξετάσωμεν
372 4759 472 4821 τάς
505 4760 612 4812 τῶν
637 4759 878 4815 παλαιῶν
909 4763 1131 4817 ἐκείνων
1155 4763 1356 4833 φωνάς,
1383 4765 1449 4817 ἐν
1481 4760 1571 4829 αἷς

17 4843 344 4916 ῖεδειγμένως
369 4847 460 4899 τὸν
487 4847 687 4918 κόσμον
709 4849 998 4922 ἀγέννητον
1022 4851 1398 4920 ἀποφαίνουσι,
1427 4853 1569 4907 καθά

17 4953 149 5007 φησιν
171 4942 200 4992 ὁ
220 4939 683 5009 ἀποκρινάμενος.

60 5033 109 5084 ‘2.
119 5034 240 5085 Ὅτι
256 5030 346 5095 δὲ,
356 5031 613 5102 cano-Luat
633 5031 700 5084 ἐκ
716 5032 932 5087 τούτου
949 5033 1057 5089 τοῦ
1069 5035 1258 5104 λόγου
1270 5036 1571 5089 δείκνυται

17 5148 264 5217 ῖιιόσμος
293 5147 645 5216 ἀγέννητος,
667 5147 764 5201 καὶ
795 5150 970 5203 τοῦτο
993 5150 1176 5205 παντί
1201 5162 1318 5204 που
1345 5149 1562 5218 δῆλον.

17 5258 169 5310 me
189 5257 288 5310 καὶ
307 5257 460 5322 εἴτις
472 5258 663 5313 ἐθέλοι
679 5257 896 5328 λέγειν,
911 5259 989 5326 ὥς
999 5277 1159 5324 τινες
1170 5259 1287 5313 τῶν
1304 5257 1572 5314 παλαιῶν

17 5369 89 5417 ’ἂν
115 5344 351 5438 κόσμον
375 5369 663 5439 γεννητὸν
676 5371 989 5434 καλοῦσιν,
1005 5374 1056 5424 εὶ
1071 5369 1191 5440 μὲν
1203 5370 1565 5434 ἐπιπολαίως

17 5479 359 5549 προσέχουσι
405 5461 546 5548 τοῖς⁸
578 5482 798 5552 λόγοις,
831 5482 1168 5553 μέμψοιντο
1196 5481 1272 5536 ἂν
1322 5481 1563 5543 δικαίως

1677 4595 1938 4651 mundum
1985 4608 2108 4648 esse
2169 4589 2465 4660 ingenitum
2519 4584 2937 4638 demonstraret.
2991 4578 3101 4634 Nos
3147 4594 3246 4633 au—

1675 4700 1781 4745 tem
1819 4694 2060 4741 veterum
2113 4683 2328 4736 illorum
2369 4676 2740 4749 expendamus
2762 4674 2929 4736 dicta,
2967 4672 3244 4742 inquibus

1673 4779 1936 4835 mundum
1993 4774 2292 4847 ingenitum
2333 4786 2474 4834 esse,
2504 4776 2565 4822 ut
2621 4767 2696 4820 ait
2747 4778 3063 4834 responsor,
3096 4763 3244 4819 clare

1670 4871 2042 4942 pronuntiant.

1743 5025 1910 5097 528
1938 5023 1993 5076 2.
2025 5019 2126 5075 Sed
2149 5035 2212 5074 ea:
2230 5018 2326 5071 hac
2350 5016 2509 5070 etiam
2535 5015 2738 5067 ratione
2763 5009 3015 5064 mundum
3034 5007 3240 5097 ingeni-

1672 5096 1782 5172 tum
1827 5113 2203 5176 demonstrari,
2237 5109 2292 5164 id
2313 5124 2512 5180 quoque
2535 5105 2746 5160 cuilibet
2769 5103 3129 5170 manifestum.
3180 5096 3252 5150 Si

1670 5211 1786 5278 quis
1827 5214 2000 5261 autem
2033 5204 2203 5257 dicere
2245 5201 2366 5256 velit
2398 5199 2650 5253 mundum
2680 5194 2995 5250 anonnullis
3013 5200 3238 5278 veterum

1669 5275 2181 5365 ingenitumrocari;
2216 5290 2401 5343 merito
2431 5303 2558 5341 sane
2594 5281 3040 5354 reprehendantur
3067 5276 3155 5345 qui
3183 5275 3236 5365 id

1670 5364 1940 5453 direrunt,
1965 5386 2010 5437 si
2053 5399 2234 5438 eorum
2288 5380 2429 5433 dicta
2475 5377 2652 5432 leviter
2690 5371 3113 5428 considerentur:
3149 5364 3236 5416 sed

1671 5482 1717 5533 si
1740 5490 1984 5533 accurate
2015 5476 2348 5544 investigetur
2382 5467 2701 5540 profundum
2729 5479 2928 5532 eorum,
2953 5474 3068 5528 qme
3089 5457 3236 5507 dire-

28 5633 168 5716 βε)
206 5635 443 5702 Ἑαυτῷ.
501 5634 589 5691 Sic
634 5634 693 5692 Β.
750 5635 1056 5707 Stephanus
1115 5633 1440 5690 emendavit.
1490 5632 1712 5703 Legitur
1777 5635 1839 5688 ὲα

1777 5635 1988 5695 ἑαυτοῖς
2034 5632 2089 5686 in
2142 5638 2374 5698 utroque
2423 5641 2526 5680 ms.
2590 5621 2758 5676 Paulo
2818 5625 2944 5674 ante
2983 5617 3086 5685 leg.
3133 5610 3234 5666 οὑκ

17 5704 188 5756 σδῐκου.
