3662 6484
404 320 539 375 ΗΠ

402 449 548 501 runt,
574 438 859 506 reperietur
892 445 1138 488 accurate
1167 444 1215 489 et
1251 434 1394 488 clare
1425 434 1676 487 mundum
1709 432 1774 485 ab
1799 433 1872 486 eis
1898 434 1980 485 in—

400 532 632 601 genitum
672 528 1026 598 pronuntiari.
1072 526 1213 579 Nam
1239 543 1357 580 cum
1388 527 1487 594 ipsi
1522 526 1701 578 dicant
1721 525 1986 592 exempla-

401 640 513 677 rem
555 632 604 677 et
642 623 958 691 effectricem
1003 637 1221 673 causam
1263 635 1376 673 esse
1418 628 1694 682 (cremant,
1728 618 1887 687 liquet
1935 626 1983 670 et

402 715 681 777 mundum,
711 716 802 785 qui
827 715 1099 784 utriusque
1120 714 1389 781 api/icium
1413 722 1513 778 est,
1540 720 1794 765 aeternum
1820 710 1886 764 ab
1906 712 1982 765 eis

400 809 757 877 pronuntiari.
801 805 858 861 Si
886 817 1094 860 veteres
1124 812 1425 875 posuerunt
1456 803 1719 857 mundum
1749 818 1872 859 esse
1892 819 1984 873 ge-

403 902 603 964 nitum,
632 899 793 969 idque
822 899 1015 953 leviter
1041 897 1452 952 consideratum
1503 906 1688 950 manet
1721 896 1980 949 immuta-

400 993 531 1057 bile,
564 993 781 1064 penitus
832 992 1157 1061 vestigatum
1209 988 1441 1043 vertitur
1494 989 1549 1042 in
1603 988 1977 1044 contrarium:

401 1101 503 1139 cur
524 1102 632 1140 non
668 1086 722 1139 in
752 1082 1048 1153 exemplari
1079 1090 1133 1136 et
1167 1080 1444 1135 eﬂ‘ectrice
1473 1094 1662 1143 causa,
1696 1094 1857 1148 quam
1884 1094 1977 1133 an-

402 1179 540 1250 tiqui
572 1184 896 1249 posuerunt,
936 1175 1098 1230 simili
1131 1173 1265 1228 levis
1290 1180 1344 1227 et
1367 1179 1639 1225 accurata:
1670 1172 1982 1226 considera-

402 1271 568 1326 tionis
614 1266 1017 1340 permutatione
1050 1272 1212 1320 utens
1244 1277 1565 1332 responsor,
1600 1262 1865 1315 mundum
1896 1262 1982 1315 in-

400 1363 663 1432 genitum,
696 1376 857 1430 quem
893 1356 1100 1428 antiqui
1128 1355 1490 1418 admiserunt,
1524 1356 1576 1407 in
1600 1354 1842 1423 genitum
1867 1369 1980 1407 mu-

408 1454 564 1515 tavit,
593 1460 652 1505 ut
688 1452 755 1504 ab
799 1452 888 1512 iis,
921 1449 1013 1519 qui
1057 1449 1109 1502 id
1140 1446 1648 1516 dixerunt,justam
1682 1443 1979 1514 reprelien-

397 1545 606 1600 sionem
658 1542 1005 1612 prOpulsaret
1033 1540 1056 1592 ?
1088 1537 1244 1605 Quod
1292 1537 1338 1591 si
1392 1537 1448 1591 id
1496 1535 1799 1590 absurdum
1828 1531 1975 1586 factu

394 1647 510 1703 est,
554 1651 620 1689 ex
678 1649 862 1688 rerum
913 1631 1127 1686 naturis
1169 1627 1574 1684 consideranda
1627 1628 1975 1695 antiquorum

394 1729 694 1791 dicta,non
743 1742 807 1781 ex
848 1724 1083 1779 diversis
1124 1720 1660 1778 considerationibus
1720 1734 1806 1782 ea,
1856 1731 1977 1787 quae

396 1827 525 1874 sunt
576 1826 801 1881 statuta,
860 1817 914 1869 in
950 1814 1291 1869 contrarium
1331 1810 1691 1867 vertentibus.
1744 1809 1800 1863 Si
1830 1808 1977 1863 aliud

396 1922 481 1964 est
503 1910 800 1979 exemplar,
819 1915 872 1963 et
902 1906 1118 1961 aliudid
1146 1903 1291 1975 quod
1324 1903 1389 1959 ad
1412 1902 1718 1972 exemplar;
1749 1902 1976 1971 simplex

393 2002 540 2057 enim
570 2001 871 2069 exemplar,
897 1997 1262 2068 compositum
1286 2010 1416 2051 vero
1446 1993 1500 2047 id
1529 1994 1674 2064 quod
1698 1992 1763 2047 ad
1794 2008 1979 2048 exem-

394 2096 515 2165 plar
542 2113 554 2146 :
580 2092 726 2163 quod
757 2100 939 2145 autem
972 2092 1045 2144 ita
1085 2098 1169 2144 est
1198 2088 1345 2142 aliud
1376 2098 1538 2158 atque
1581 2086 1753 2149 aliud,
1786 2100 1978 2140 neces-

395 2185 542 2239 sario
566 2183 702 2236 alias
730 2190 813 2237 est
847 2190 1008 2250 atque
1054 2181 1223 2235 alias:
1260 2177 1405 2249 quod
1450 2192 1580 2233 vero
1632 2175 1768 2231 alias
1815 2183 1977 2244 atque

396 2270 554 2334 alias,
593 2268 645 2322 id
690 2276 879 2339 utpote
936 2267 1091 2337 prius
1145 2275 1199 2321 et
1245 2266 1539 2337 posterius,
1576 2264 1741 2319 simul
1780 2273 1976 2317 natura

393 2377 515 2415 esse
546 2376 656 2415 non
690 2369 867 2432 potest
902 2380 913 2414 :
944 2376 1053 2415 non
1082 2376 1213 2431 ergo
1242 2359 1403 2414 simul
1434 2367 1632 2413 natura
1673 2357 1972 2427 exemplar,

393 2462 446 2506 ct
480 2452 530 2506 id
565 2453 713 2522 quod
763 2452 828 2505 ad
855 2452 1156 2522 exemplar.
1188 2450 1505 2521 Responsor
1538 2464 1687 2504 nunc
1710 2448 1974 2503 mundum

394 2560 684 2598 commune
713 2544 988 2614 opiﬁcium
1017 2545 1148 2598 dicit
1167 2554 1221 2600 et
1248 2548 1575 2616 exemplaris
1605 2555 1659 2602 et
1688 2545 1975 2601 eﬂ‘ectricis

393 2650 594 2700 causa},
628 2643 682 2688 et
713 2635 790 2687 ait
831 2651 843 2686 :
873 2633 1061 2705 Liquet
1097 2646 1148 2688 et
1184 2636 1437 2690 mundum
1468 2638 1559 2709 qui
1598 2637 1787 2691 harum
1823 2638 1976 2706 opiﬁ-

392 2724 533 2776 cium
577 2733 692 2787 est;
727 2740 873 2778 nunc
893 2724 1187 2781 effectricis
1212 2726 1433 2796 quidem
1457 2726 1760 2798 opiﬁcium,
1785 2742 1973 2782 exem-

391 2816 561 2885 plaris
590 2824 772 2872 autem
807 2817 1119 2887 imaginem.
1157 2816 1237 2872 Ac
1284 2818 1411 2873 inde
1439 2829 1675 2885 constat,
1699 2834 1875 2891 neque
1903 2821 1974 2875 ad

390 2907 642 2977 Opiﬁcem
689 2909 954 2963 mundum
988 2907 1181 2963 referri
1210 2917 1483 2979 quatenus
1514 2911 1695 2981 imago
1721 2918 1829 2976 est,
1875 2927 1975 2966 ne-

390 3016 497 3070 que
538 3000 605 3054 ad
632 3002 934 3071 exemplar,
970 3008 1242 3071 quatenus
1281 3002 1584 3072 opiﬁcium.
1622 3002 1778 3070 Quod
1810 3005 1857 3060 si
1896 3005 1972 3060 ita

390 3097 512 3155 est,
560 3107 670 3147 non
726 3108 857 3163 ergo
910 3109 1099 3147 verum
1148 3100 1234 3148 est
1279 3108 1467 3147 eorum
1532 3095 1809 3164 opiﬁcium
1852 3112 1974 3153 esse

392 3182 674 3236 mundum.
712 3181 768 3236 Si
792 3183 1089 3252 exemplari
1119 3183 1303 3254 opifex
1341 3185 1605 3240 mundum
1635 3185 1848 3245 condit.
1873 3203 1971 3241 vo-

391 3277 510 3331 lens
532 3291 657 3330 eum
682 3276 889 3330 condit.
924 3275 1028 3331 Sed
1053 3276 1099 3330 si
1140 3278 1267 3347 quia
1300 3284 1382 3332 est
1410 3277 1621 3343 condit,
1652 3294 1976 3349 supervaca-

391 3383 553 3423 neum
575 3368 875 3437 exemplar,
910 3383 1035 3422 cum
1062 3371 1197 3425 satis
1227 3369 1299 3424 sit
1334 3368 1504 3424 Deum
1537 3386 1681 3434 esse,
1714 3379 1773 3424 ut
1797 3371 1889 3425 ﬁat
1919 3371 1974 3425 id

388 3458 537 3530 quod
590 3460 648 3513 ﬁt
696 3475 847 3515 :nec
899 3459 1198 3531 quidquam
1255 3462 1360 3516 loci
1389 3470 1475 3518 est
1533 3464 1819 3519 voluntati.
1853 3463 1971 3519 Non

389 3553 532 3606 enim
564 3551 873 3606 voluntaria
904 3561 1055 3615 sunt,
1088 3558 1210 3622 qua:
1241 3555 1457 3609 etiamsi
1491 3570 1601 3609 non
1629 3556 1791 3609 vellet
1814 3556 1859 3611 is
1876 3557 1971 3626 qui

388 3643 542 3706 facit,
578 3643 771 3700 ﬁerent
801 3651 1003 3700 tamen.
1034 3644 1167 3701 Tale
1194 3653 1281 3702 est
1307 3662 1498 3701 eorum
1518 3662 1657 3717 opus
1683 3648 1777 3718 qui
1806 3656 1973 3719 agunt

387 3735 514 3804 quia
541 3743 691 3790 sunt.
721 3734 868 3791 Deus
914 3737 1135 3806 quidem
1180 3738 1297 3807 ipse
1328 3737 1607 3809 ingenitus
1649 3747 1757 3804 est,
1788 3756 1973 3795 exem—

387 3829 508 3898 plar
536 3836 718 3881 autem
752 3828 939 3898 genuit
959 3844 1025 3882 ex
1056 3843 1156 3882 sua
1190 3828 1362 3897 ipsius
1393 3836 1597 3895 mente,
1628 3837 1684 3884 et
1707 3830 1970 3885 mundum

387 3936 454 3973 ex
486 3920 713 3973 materia
736 3918 1039 3974 secundum
1054 3920 1332 3988 exemplar
1365 3920 1633 3975 condidit.
1677 3920 1781 3975 Sed
1810 3922 1879 3986 si,
1911 3930 1971 3977 ut

387 4010 567 4079 placet
614 4009 953 4079 responsori,
1001 4011 1128 4080 quia
1177 4026 1315 4080 opus
1366 4020 1453 4066 est
1503 4012 1731 4083 ingeniti
1759 4013 1971 4082 opiﬁcis

388 4104 648 4169 mundus,
680 4104 891 4158 idcirco
924 4104 1203 4173 ingenitus
1230 4112 1347 4168 est;
1386 4104 1492 4160 erit
1524 4104 1771 4175 profecto
1811 4114 1864 4160 et
1886 4107 1969 4160 in-

385 4196 632 4266 genitum
683 4196 986 4265 exemplar,
1015 4196 1143 4266 quia
1173 4196 1317 4252 fetus
1341 4206 1425 4252 est
1452 4198 1699 4268 ingeniti.
1734 4196 1892 4263 Quod
1921 4198 1968 4253 si

387 4286 687 4341 absurdum
737 4296 825 4342 est
882 4287 1050 4339 fetum
1124 4286 1429 4355 ingenitum
1505 4287 1723 4354 dicere,
1779 4291 1969 4343 absur-

384 4381 514 4433 dum
545 4380 793 4449 profecto
822 4387 877 4434 et
926 4380 1229 4450 ingenitum
1284 4381 1471 4436 dicere
1514 4380 1567 4435 id
1616 4381 1763 4451 quod
1820 4382 1968 4452 geni-

1143 313 1503 370 APPENDIX.
1544 347 1612 357 --
1649 313 1829 369 PARS
1866 314 1906 369 1.
1948 316 2006 370 S.

2049 315 2315 373 JUSTINI
2361 315 2585 372 OPERA
2621 318 2750 375 SPU
2762 317 2895 374 RIA.
3496 322 3583 379 H98

2008 441 2051 496 Α
2081 434 2221 501 τοὺς
2272 436 2447 490 τοῦτο
2492 438 2811 507 λέγοντας·
2846 439 2896 490 εἰ
2940 435 3010 490 δὲ
3038 436 3101 490 τὸ
3144 434 3340 502 ,βάθος
3374 442 3585 507 κατανοή-

2086 542 2309 581 σουσιν
2370 527 2621 596 ἀκριϐῶς
2682 526 2800 581 τῶν
2860 528 3233 598 λεχθέντων,
3301 528 3588 596 εὑρήσουσιν

2085 619 2337 687 ἀκριϐῶς
2397 620 2491 673 καὶ
2566 619 2774 689 σαφῶς
2841 622 3184 690 ἀγέννητον
3245 620 3471 687 τούτους
3522 626 3590 677 τὼ·

2086 712 2318 781 κόσμον
2346 711 2883 781 ἀποφαινομένους.
2910 711 3093 765 Αὐτοὶ
3116 710 3229 781 γὰρ
3251 710 3499 781 λέγοντες
3517 716 3591 777 τήν

2083 821 2149 857 τε
2177 802 2723 873 παραδειγματικὴν
2738 804 2836 857 καὶ
2862 803 3187 871 ποιητικὴν
3212 805 3400 857 αἰτίαν
3418 805 3592 874 dm

2084 910 2190 946 τον
2210 889 2383 956 εἶναι,
2414 892 2695 960 δηλονότι
2723 894 2822 949 καὶ
2859 893 2967 948 τὸν
2989 895 3230 964 κόσμον
3256 894 3591 966 δημιούργημα

2082 985 2309 1037 τούτων
2347 983 2512 1047 ὄντα,
2553 983 2761 1054 σαφῶς
2808 986 3145 1056 ἀγέννητον
3201 987 3589 1057 ἀποφαίνουσιν.

2083 1076 2147 1127 Εἰ
2177 1076 2354 1129 κεῖται
2384 1077 2497 1139 τοῖς
2526 1075 2773 1139 παλαιοῖς
2786 1076 2847 1129 τὸ
2863 1078 3123 1149 γεννητὸν
3154 1074 3296 1131 εἶναι
3326 1077 3408 1132 τὸν
3429 1080 3591 1150 κόσμον,

2081 1168 2176 1219 καὶ
2210 1168 2539 1232 ἐπιπολαίως
2588 1167 2690 1238 μὲν
2735 1168 3019 1240 νοούμενον
3074 1172 3138 1224 τὸ
3211 1172 3448 1242 κείμενον
3492 1174 3592 1244 μένει

2082 1259 2474 1331 ἀμετάϐλητον,
2515 1261 2723 1332 βαθέως
2752 1262 2861 1334 (89)
2885 1263 2941 1315 δὲ
2967 1263 3284 1335 νοούμενον,
3320 1266 3393 1327 εἰς
3413 1266 3464 1319 τὸ
3491 1269 3592 1319 ava-

2082 1352 2332 1421 κείμενον
2366 1353 2714 1423 μεταπίπτει,
2773 1352 2864 1407 διά
2899 1354 2952 1407 τί
2986 1354 3061 1426 μὴ
3105 1355 3209 1426 τὴν
3235 1357 3593 1428 παραδειγματι-

2080 1441 2185 1513 κήν
2208 1459 2266 1495 τε
2296 1442 2392 1496 καὶ
2428 1444 2716 1514 ποιητικὴν
2754 1445 2935 1498 αἰτίαν
2974 1446 3076 1516 τὴν
3109 1447 3373 1518 κειμένην
3407 1452 3499 1511 τοῖς
3522 1464 3590 1502 πει-

2085 1533 2279 1598 λαιοῖς,
2310 1536 2429 1599 ταῖς
2460 1535 2673 1606 ὁμοίαις
2716 1539 3029 1610 προσοχαῖς,
3072 1538 3169 1592 τοῦ
3220 1539 3516 1605 ἐπιπολαίως
3544 1544 3592 1610 τῷ

2080 1624 2289 1695 βαθέως
2328 1628 2674 1699 χρησαμένου
2708 1629 2839 1699 (90),
2861 1632 2941 1693 εἰς
2975 1631 3355 1702 ἀντικείμενον
3398 1635 3591 1702 petam-

2076 1716 2331 1787 λομὲναις
2349 1719 2691 1790 χρησάμενος
2729 1720 2757 1772 ὁ
2792 1722 3256 1792 ἀποκρινάμενος,
3293 1724 3381 1776 τὸν
3403 1727 3590 1795 γεννητὶν

2010 1782 2050 1839 Β
2081 1782 2283 1881 κόσμον
2439 1782 2688 1882 κείμενον
2720 1814 2831 1874 τοῖς
2861 1782 3113 1875 παλαιούς
3142 1782 3227 1876 εἰς
3244 1782 3349 1866 τὸν
3372 1782 3590 1883 ἀγέννητον

2083 1900 2396 1971 μετέϐαλεν,
2416 1901 2501 1953 ἵνα
2519 1902 2645 1963 τοὺς
2666 1899 2823 1952 τοῦτο
2843 1900 3139 1970 εἰρηκότας
3160 1901 3377 1965 δικαίας
3404 1902 3590 1972 μέμψεως

2078 1992 2396 2066 ἀπαλλάξῃς
2428 1994 2491 2045 Εἰ
2520 1992 2578 2046 δὲ
2606 1992 2764 2047 τοῦτο
2805 1996 2984 2047 ποιεῖν
3028 1992 3261 2055 ἄτοπον,
3294 1994 3393 2065 χρὴ
3406 1997 3499 2058 ταῖς
3520 1995 3591 2045 τῶν

2082 2088 2425 2159 πραγμάτων
2453 2087 2644 2156 φύσεσι
2672 2086 2860 2158 νοῆσαι
2884 2086 2995 2140 τῶν
3020 2087 3273 2142 παλαιῶν
3302 2088 3419 2151 τοὺς
3441 2088 3591 2155 λόγους,

2079 2182 2173 2234 καὶ
2220 2182 2293 2252 μὴ
2345 2184 2465 2244 ταῖς
2536 2180 2813 2251 διαφόροις
2864 2183 3174 2251 προσοχαῖς
3207 2179 3591 2251 μεταδαλλουστιις

2077 2272 2146 2325 τὰ
2172 2272 2399 2343 κείμενα
2418 2273 2497 2336 εἰς
2517 2271 2585 2324 τὰ
2612 2272 3061 2343 ἀντικείμενα.Εἰ
3077 2270 3209 2325 ἄλλο
3230 2272 3292 2325 τὸ
3325 2272 3593 2344 παράδειγμα

2078 2363 2171 2416 καὶ
2193 2362 2320 2417 ἀλλο
2331 2364 2391 2417 τὸ
2408 2362 2548 2416 κατά
2569 2363 2628 2416 τὸ
2654 2364 3005 2434 παράδειγμα
3024 2381 3038 2393 ’
3059 2362 3270 2417 ἁπλοῦν
3290 2362 3392 2435 γὰρ
3408 2364 3458 2416 τὸ
3472 2364 3593 2433 παρὰ-

2075 2454 2305 2525 δειγμα,
2348 2453 2595 2507 σύνθετον
2626 2454 2681 2507 δὲ
2715 2454 2776 2506 τὸ
2817 2454 2964 2507 κατὰ
2998 2453 3063 2507 τὸ
3100 2453 3465 2524 παράδειγμαι
3492 2453 3538 2505 τὸ
3560 2452 3593 2503 δὲ

2076 2546 2248 2609 οὕτως
2286 2545 2417 2599 ἄλλο
2436 2548 2529 2599 καὶ
2560 2546 2685 2600 ἄλλο
2714 2544 2771 2610 ἐξ
2796 2545 3045 2616 ἀνάγκης
3091 2544 3284 2600 ἄλλοτε
3321 2546 3405 2597 καὶ
3429 2544 3592 2599 ἄλλοτε·

2076 2638 2138 2690 τὸ
2164 2637 2220 2690 δὲ
2259 2636 2446 2691 ἄλλοτε
2483 2637 2577 2689 καὶ
2634 2635 2841 2698 ἄλλοτε,
2877 2636 3157 2707 πρότερον
3188 2634 3286 2688 καὶ
3326 2634 3530 2705 ὕστερον,
3555 2633 3591 2683 οὶ

2074 2728 2295 2783 δύναται
2328 2729 2443 2800 ἅμα
2476 2724 2614 2783 εἶναι
2642 2731 2707 2799 τῇ
2742 2727 2901 2797 φύσει
2922 2745 2936 2759 ’
2970 2728 3073 2781 οὐκ
3119 2726 3233 2799 ἄρα
3265 2727 3376 2797 άμα
3404 2729 3459 2795 τῇ
3486 2725 3593 2794 φύσει

2073 2823 2135 2876 τὸ
2167 2823 2514 2895 παράδειγμα
2546 2822 2639 2874 καὶ
2680 2820 2741 2873 τὸ
2769 2820 2911 2873 κατὰ
2934 2820 2996 2872 τὸ
3022 2820 3390 2891 παράδειγμα.
3429 2820 3475 2871 '0
3500 2818 3591 2869 ἁπε-

2077 2915 2403 2989 κρινάμενός
2439 2931 2571 2967 ποτε
2627 2912 2725 2983 μὲν
2755 2912 2935 2966 κοινὸν
2976 2912 3369 2984 δημιούργημα
3393 2911 3513 2977 λέγει
3533 2908 3592 2959 τὴν

2077 3008 2278 3077 κόσμον
2304 3006 2405 3076 τῆς
2435 3022 2497 3058 τε
2519 3003 3025 3075 παραδειγματικῖμς
3049 3004 3235 3066 αἰτίας
3268 3003 3359 3055 καὶ
3386 3002 3471 3071 τῆς
3485 3016 3590 3065 ποίει

2001 3126 2043 3184 C
2076 3099 2255 3169 τικῆς,
2282 3098 2379 3151 καί
2434 3111 2601 3165 φησι⁶
2638 3092 2833 3161 Δῆλον
2889 3093 2981 3147 ὅτι
3036 3093 3137 3147 καὶ
3165 3092 3276 3146 τὸν
3298 3092 3502 3160 κόσμον·

2072 3195 2406 3263 μισύργημιι
2429 3191 2656 3245 τούτων
2682 3189 2827 3242 ὄντα
2847 3205 2859 3217 ·
2894 3188 3106 3241 ποτὲιδὲ
3130 3188 3229 3259 τῆς
3255 3187 3352 3258 μὲν
3372 3180 3592 3255 ποιητικῆς

2073 3284 2486 3355 δημιούργημα,
2519 3282 2618 3354 τῆς
2648 3280 2706 3333 δὲ
2744 3278 3263 3351 παραδειγματικῆς
3303 3276 3482 3329 εἰκόνα.
3520 3273 3593 3323 Καὶ

2074 3375 2230 3445 δῆλον
2281 3376 2347 3428 ὲκ
2398 3373 2612 3437 τούτου,
2658 3372 2740 3425 ὃτι
2782 3370 2909 3423 οὔτε
2946 3370 3024 3441 τῷ
3073 3366 3391 3440 δημιουργῴ
3430 3364 3535 3438 πρὸς
3560 3363 3595 3413 τί

2074 3469 2210 3533 ἐστὶ,
2242 3467 2380 3522 καθὸ
2428 3466 2592 3520 εἰκὼν
2631 3466 2661 3518 ὁ
2718 3464 2946 3535 κόσμος,
2979 3461 3106 3516 οὔτε
3135 3462 3215 3533 τῷ
3243 3459 3591 3531 παραδεημίτι,

2074 3558 2210 3613 καθὸ
2263 3555 2672 3629 δημιούργημα.
2720 3554 2856 3607 Ἀλλ’
2901 3556 2951 3607 εἰ
2974 3552 3157 3615 τοῦτο,
3200 3554 3301 3606 οὐκ
3334 3553 3430 3622 ἄρα
3453 3546 3591 3617 ἀληθὲς

2073 3652 2133 3704 τὸ
2155 3650 2361 3704 τούτων
2384 3643 2523 3702 εἶναι
2551 3647 2942 3720 δημιούργημα
2981 3646 3074 3699 τὸν
3116 3646 3339 3717 κόσμον.
3372 3645 3426 3697 Εἰ
3449 3641 3592 3711 τῷτα-

2077 3744 2393 3815 ραδείγματι
2424 3746 2745 3815 δημιουργεῖ
2763 3742 3097 3814 δημιουργὸς
3117 3742 3210 3794 τὸν
3232 3741 3443 3810 κόσμον,
3467 3734 3592 3806 Swid-

2076 3854 2235 3907 μενος
2266 3836 2430 3890 αὑτὸν
2471 3835 2792 3905 δημιουργεῖ
2814 3849 2827 3862 ο
2866 3832 2985 3886 ἀλλ’
3030 3835 3079 3885 εἰ
3105 3831 3185 3901 τῷ
3214 3827 3352 3885 εἶναι
3384 3828 3515 3882 αὑτὸν
3532 3826 3591 3891 δη-

2074 3926 2346 3993 μιουργεῖ,
2363 3920 2613 3993 περιττὸν
2628 3919 2689 3972 τὸ
2722 3918 3096 3989 παράδειγμα,
3129 3918 3225 3971 τοῦ
3264 3913 3486 3969 εἷναιτὺν
3499 3910 3588 3963 Θεὸν

2071 4013 2363 4086 ἀρκοῦντος
2396 4014 2532 4085 πρὸς
2561 4011 2776 4081 ποίησιν
2796 4008 2895 4062 τοῦ
2922 4010 3273 4080 ποιουμένου,
3307 4010 3393 4063 καὶ
3410 4006 3588 4075 παράγει

2069 4106 2132 4157 τὸ
2163 4104 2425 4176 βούλημα·
2472 4103 2548 4156 οὐ
2582 4101 2689 4173 γὰρ
2720 4101 2931 4169 γίνεται
2964 4099 3205 4172 βουλητά
3243 4100 3278 4154 ἃ
3309 4100 3398 4153 καὶ
3423 4098 3483 4168 μὴ

2068 4197 2294 4267 λομένου
2317 4194 2411 4248 τοῦ
2440 4192 2720 4255 ποιοῦντος
2743 4190 2974 4260 ἐγίνετο.
3009 4190 3267 4244 Τοιοῦτον
3283 4190 3387 4261 γὰρ
3406 4188 3459 4239 τὸ
3480 4186 3589 4255 ἔργον

2069 4288 2178 4340 τῶν
2213 4286 2292 4357 τῷ
2326 4281 2466 4339 εἶναι
2520 4282 2835 4338 ποιούντων.
2895 4284 2953 4336 Ὀ
2997 4282 3135 4346 Θεὸς
3173 4283 3272 4354 μὲν
3316 4281 3459 4341 αὐτός
3489 4278 3577 4327 ἐπῑπ

2070 4381 2382 4451 ἀγέννητος,
2405 4379 2468 4430 τὸ
2484 4378 2540 4431 δὲ
2563 4375 2917 4446 παράδειγμα
2932 4374 3228 4445 ἐγέννησεν
3246 4374 3309 4425 ἐκ
3336 4372 3426 4440 τῆς
3449 4363 3586 4421 ἑαυτιῦ

385 4481 501 4526 tum
533 4482 637 4528 est.
689 4473 747 4528 Si
774 4474 901 4543 quia
944 4472 1132 4543 opifex
1186 4473 1487 4542 ingenitus,
1520 4488 1748 4529 necesse
1798 4482 1883 4528 est

2075 4470 2323 4535 διανοίας,
2352 4468 2446 4522 τὸν
2479 4468 2537 4521 δὲ
2572 4468 2772 4537 κόσμον
2826 4465 3268 4536 ἐδημιούργησεν
3303 4466 3365 4516 ἐκ
3390 4461 3473 4529 τῆς
3499 4458 3588 4522 ὅλης

384 4578 524 4632 opus
555 4578 679 4618 esse
704 4565 1005 4635 ingenitum
1034 4607 1049 4631 ,
1084 4562 1255 4634 liquet
1278 4566 1463 4620 eadem
1502 4566 1715 4619 ratione
1738 4580 1965 4620 necesse

386 4671 531 4718 esse,
575 4665 635 4710 ut
661 4665 715 4711 et
740 4672 881 4728 Opus
911 4656 1174 4713 infectum
1204 4658 1295 4723 sit,
1328 4659 1457 4728 quia
1493 4657 1731 4712 infectus
1759 4656 1962 4726 opifex.

386 4748 543 4815 Quod
585 4750 633 4804 si
677 4752 737 4806 id
774 4751 1074 4806 absurdum
1130 4761 1241 4817 est,
1288 4752 1586 4808 absurdum
1640 4750 1886 4822 profecto
1911 4760 1967 4808 et

386 4840 651 4894 mundum
684 4841 868 4897 dicere
898 4843 1223 4912 ingenitum.
1256 4841 1482 4898 Factum
1511 4860 1540 4897 a
1568 4844 1753 4914 genito
1783 4844 1966 4899 differt

388 4931 504 4983 sola
532 4947 687 4994 voce,
720 4931 883 5002 529
906 4949 966 4988 re
998 4949 1107 4987 non
1140 4933 1319 4989 differt
1345 4953 1358 4989 :
1389 4943 1722 5005 quapropter
1749 4936 1890 4991 inter
1906 4951 1966 4991 se

388 5022 619 5075 invicem
672 5032 1095 5090 convertuntur,
1140 5027 1267 5094 quia
1327 5027 1480 5096 paria
1536 5036 1682 5081 sunt.
1730 5025 1865 5081 Nam
1917 5026 1963 5082 si

386 5111 517 5182 quid
561 5113 824 5182 genitura,
851 5114 902 5169 id
948 5118 1263 5170 necessario
1306 5129 1360 5172 et
1404 5117 1719 5185 factum;et
1752 5123 1797 5175 si
1832 5118 1963 5189 quid

389 5204 616 5269 factum,
668 5206 722 5261 id
774 5210 1086 5263 necessario
1134 5218 1188 5264 et
1242 5211 1503 5277 genitum.
1540 5210 1645 5264 Sed
1684 5211 1812 5281 quia
1844 5212 1961 5267 ﬁeri

388 5315 497 5353 non
524 5307 722 5370 potest,
757 5308 817 5355 ut
845 5301 1083 5357 mundus
1108 5303 1387 5372 ingenitus
1431 5304 1501 5359 sit
1548 5312 1601 5359 et
1630 5304 1851 5376 genitus
1883 5304 1962 5375 (in

386 5392 535 5445 omni
562 5392 707 5447 enim
745 5409 801 5447 re
824 5395 906 5448 vel
936 5410 1061 5450 vera
1102 5405 1185 5451 est
1230 5394 1538 5459 aﬁirmatio,
1572 5399 1652 5451 vel
1683 5398 1958 5468 negatio);

387 5484 661 5553 quomodo
689 5485 927 5540 mundus
955 5496 1133 5557 potest
1174 5504 1297 5543 esse
1334 5489 1609 5560 ingenitus
1651 5498 1705 5543 et
1736 5489 1914 5545 factus
1938 5492 1963 5544 ?

461 5622 570 5695 (89)
632 5622 882 5695 Βαρέως.
941 5621 1203 5695 Ωοάἱρεε
1232 5641 1363 5680 mss.
1416 5633 1469 5680 et
1530 5625 1593 5679 Ιὶ.
1640 5626 1954 5695 Stephanus

392 5691 840 5765 ιιιιίξςιῃιεὺθέως,
862 5694 1021 5765 _qtt0d
1052 5710 1091 5765 ιιΔ
1116 5693 1407 5765 Sylburgio
1428 5691 1801 5751 emendatum.

460 5759 568 5828 (90)
597 5759 1006 5831 Χρησομέιλου.
1071 5759 1380 5834 ιεέοιιαυῖη
1419 5766 1629 5821 videtur
1663 5766 1697 5836 ἢ
1749 5768 1953 5836 βαθέως

2068 4564 2208 4618 κατὰ
2248 4564 2311 4617 τὸ
2345 4562 2711 4633 παράδειγμα.
2780 4557 2921 4611 Ἀλλ’
2946 4560 2995 4611 εἰ
3038 4558 3184 4611 κατὰ
3226 4559 3315 4610 τὸν
3361 4550 3587 4621 ἀποκρινά-

2071 4676 2250 4728 μενον,
2286 4656 2472 4728 ὲπειδὴ
2502 4654 2896 4727 δημιούργημα
2937 4650 3035 4705 τοῦ
3074 4653 3368 4721 ἀγεννήτου
3390 4648 3583 4717 δημιαιρ·

2065 4750 2165 4818 γοῦ
2192 4752 2338 4803 ἐστιν
2367 4749 2397 4801 ὁ
2426 4747 2652 4819 κόσμος,
2689 4744 2776 4797 διὰ
2812 4743 2975 4797 τοῦτο
3015 4745 3112 4797 καὶ
3154 4743 3317 4805 αὐτὸς
3360 4733 3585 4807 ἀγέννητέ

2066 4843 2234 4905 ἐστιν,
2261 4841 2411 4895 ἔσται
2443 4841 2553 4911 ἄρα
2595 4838 2688 4892 καὶ
2714 4837 2777 4889 τὸ
2809 4836 3167 4907 παράδειγμα
3188 4836 3479 4903 ἀγέννητον,
3503 4824 3581 4876 ἐπὶ

2066 4934 2313 5004 γέννημα
2334 4931 2427 4985 τοῦ
2460 4930 2754 5001 άγεννήτου
2782 4927 2959 4982 ἐστίν.
2984 4929 3050 4981 Εἰ
3083 4928 3141 4982 δὲ
3167 4929 3363 4982 ἄτοπον
3380 4925 3436 4978 τὸ
3457 4922 3579 4984 λέγειν

2067 5026 2357 5094 ἀγέννητον
2384 5024 2446 5076 τὸ
2464 5023 2726 5094 γέννημα,
2747 5020 2951 5074 ἄτοπον
2970 5020 3081 5093 ἄρα
3102 5019 3273 5074 καὶτὸ
3298 5019 3458 5085 λέγειν
3472 5009 3580 5077 ἀγει-

2067 5138 2223 5191 νητον
2251 5120 2313 5172 τὸ
2347 5118 2624 5188 γεννητόν.
2674 5117 2735 5168 Εἰ
2764 5115 2857 5168 διὰ
2914 5116 2975 5169 τὸ
3023 5112 3165 5169 εἶναι
3206 5116 3294 5167 τὸν
3325 5104 3578 5182 δημιουρτδν

2066 5215 2381 5284 ἀγέννητον,
2408 5214 2619 5281 ἀνάγκη
2653 5208 2824 5262 καὶτὸ
2853 5207 3248 5280 δημιούργημα
3273 5202 3401 5260 εἶναι
3419 5200 3577 5267 ci?va?

2064 5322 2174 5370 τον,
2221 5305 2399 5375 δῆλον,
2457 5304 2539 5357 ὃτι
2591 5300 2763 5370 τούτῳ
2807 5300 2890 5372 τῷ
2916 5301 3107 5373 τρόπῳ
3144 5302 3349 5369 ἀνάγκη
3380 5290 3496 5348 εἶναι
3516 5285 3576 5337 καὶ

2064 5396 2497 5469 ἀδημιούργητον
2516 5394 2579 5447 τὸ
2614 5392 3011 5465 δημιούργημα
3030 5410 3044 5422 ·
3077 5389 3479 5465 ἀδημιούργητος
3503 5380 3575 5443 γάρ

2064 5494 2093 5545 ὀ
2119 5490 2467 5563 δημιουργός.
2499 5490 2561 5543 Εἰ
2593 5489 2649 5541 δὲ
2677 5488 2838 5541 τοῦτο
2860 5489 3085 5553 ἄτοπον,
3111 5489 3307 5544 ἄτοπον
3320 5487 3417 5555 ἀρα
3442 5477 3513 5529 καὶ.
3535 5468 3575 5520 τθ

2064 5626 2427 5699 νοησα-μένου,
2452 5636 2507 5683 et
2548 5627 2872 5699 paulorante
2909 5626 3052 5681 κατὰ
3079 5627 3178 5698 τὴν
3216 5622 3571 5699 παραδῆιγμεῖι-

2062 5691 2185 5784 κήνἶ
2229 5691 2349 5753 ΒΙοι
2407 5699 2510 5767 leg.
2550 5691 2659 5750 ’τὸν
2706 5697 3007 5769 ἀγέννητον
3047 5738 3057 5749 .
3208 5738 3217 5749 .
3255 5691 3331 5755 εἷς
3367 5691 3449 5742 τὸν
3483 5696 3570 5749 τεν·

2062 5786 2238 5842 νητον.
