3662 6498
52 339 128 396 £33
882 330 1349 400 QUAESTIONES
1380 333 1498 390 CH!

1790 334 1822 392 Ε
1858 333 1948 388 AD
1984 332 2307 391 GRIECOS.
3091 336 3236 392 Hb"

71 455 112 507 5.
144 452 206 505 El
232 447 300 504 δέ
330 463 423 514 τις
453 446 609 502 θέλει
637 444 859 517 λέγειν,
895 446 986 500 ὅτι
1021 447 1314 517 πρότερον

1800 447 1863 504 Si
1892 450 2009 521 quis
2041 459 2218 504 autem
2260 448 2432 503 dicere
2480 448 2600 502 velit
2631 449 2782 517 prius
2830 450 3038 519 quidem
3071 452 3237 520 fuisse

71 539 429 613 δημιουργὸς,
472 540 731 607 ὕστερον
756 538 825 591 δὲ
851 539 1061 608 γέγονε
1090 539 1157 593 τὸ
1196 539 1517 611 δημιούργη

1789 558 1916 607 cem,
1948 543 2213 611 posterius
2262 558 2382 596 vero
2408 542 2698 610 opiﬁcium,
2724 541 2771 595 is
2809 542 2917 596 alio
2940 544 3099 597 etiam
3137 548 3235 597 fm-

51 655 94 699 α,
122 634 205 687 καί
233 633 402 697 ἄλλῳ
453 627 850 698 τεριπεσεῖται
892 628 1112 695 ἀτόπῳ.
1147 627 1497 697 Εὑρεθήσετι

1794 634 1936 686 bitur
1988 632 2239 687 absurdo.
2273 631 2461 686 Dicere
2483 633 2623 685 enim
2654 632 2940 699 reperietur
2978 644 3238 701 potestate

52 730 101 797 ὰρ
127 723 358 793 δυνάμει
385 724 539 777 εἶναι
560 722 754 791 λέγων
783 722 889 775 τὸν
920 721 1280 792 δημιουργὸν
1308 723 1404 776 καὶ
1438 726 1498 777 οἱ

1784 742 1886 779 cem
1908 742 2041 790 esse,
2064 743 2166 782 non
2190 735 2313 780 actu
2331 724 2490 795 (quod
2511 741 2638 778 sane
2663 724 2811 778 aliud
2836 742 2939 779 non
2964 737 3230 792 est,quam

51 818 235 887 rEth‘la
268 814 438 885 (ὅπερ
460 814 639 869 οὐδὲν
653 814 806 868 ἄλλο
827 814 1052 882 ἐστινὴ
1073 813 1180 867 τὸν
1199 814 1346 869 Θεὸν
1361 816 1497 869 ἀτελ

1787 835 1817 871 η
1837 818 2197 887 imperfectum
2221 816 2455 889 dicere);
2482 834 2545 871 ac
2576 827 2837 886 prwterea
2865 820 3127 887 opiﬁcium
3152 822 3233 874 ni-

52 909 221 978 ἑτειν)·
267 906 369 960 καὶ
399 905 552 974 πρὸς
584 907 815 971 τούτοις
851 904 1033 959 οὐδὲν
1080 900 1263 975 ἧττον
1292 921 1495 976 συνυφ-

1786 912 1933 965 minus
1965 930 2085 966 cum
2116 913 2304 981 opiﬁce
2330 912 2637 976 subsistere,
2663 921 2714 965 et
2737 921 2998 979 potestate
3027 923 3084 965 ut
3117 913 3232 981 opi—

53 1019 183 1056 τοται
199 999 303 1070 (97)
319 998 399 1065 τῷ
417 997 751 1068 δημιουργῷ
769 998 834 1051 τὸ
850 998 1278 1069 δημιούργημα,
1299 999 1499 1069 dua-dp.

1786 1020 1799 1057 ι
1823 1020 1955 1069 esse,
1985 1020 2101 1057 cum
2129 1021 2329 1073 semper
2373 1005 2595 1058 relativo
2624 1004 2787 1057 simul
2825 1004 3028 1071 pariter
3057 1002 3232 1057 subsi-

52 1113 75 1145 r
99 1093 179 1145 καὶ
204 1091 347 1145 αὐτὸ
375 1090 581 1159 ὥσπερ
602 1090 710 1161 (98)
741 1092 774 1145 ό
799 1090 1175 1161 δημιουργὸς,
1198 1092 1498 1161 ἁπανταχε

1785 1106 1812 1151 r.
1849 1095 1909 1151 Si
1942 1097 2104 1166 igitur
2133 1106 2387 1167 potestate
2414 1096 2619 1165 opifex,
2645 1097 2807 1149 etiam
2830 1104 3087 1164 potestate
3117 1094 3231 1162 opi-

52 1185 107 1238 ῐιν
136 1185 270 1253 πρός
304 1201 359 1237 τι
394 1182 821 1252 ὑφισταμένων
856 1182 1097 1252 ἐπίσης.
1135 1186 1205 1237 El
1225 1184 1339 1253 μὲν
1376 1179 1491 1239 οὖν

1783 1203 1865 1242 m:
1895 1190 1941 1242 si
1966 1189 2140 1258 opifex
2180 1200 2304 1243 actu
2335 1200 2383 1243 et
2420 1189 2707 1258 perfectus,
2761 1188 2922 1240 etiam
2959 1186 3229 1265 api/icium

52 1277 322 1347 ημιοιφγὸς
349 1275 622 1346 δυνάμει,
660 1274 759 1329 καὶ
802 1274 867 1328 τὸ
906 1274 1320 1346 δημιούργημα
1367 1275 1498 1331 δυνι

1788 1280 2095 1349 Lsimiliter.
2132 1281 2307 1348 Quare
2346 1282 2562 1351 quisque
2592 1281 2734 1334 clare
2772 1280 3020 1349 perspicit
3066 1276 3234 1333 simul

52 1387 83 1421 ει
104 1387 115 1398 ³
156 1370 201 1422 εί
242 1367 308 1421 δὲ
352 1369 389 1421 ὁ
432 1366 794 1438 δημιουργὸς
840 1368 1109 1437 ἐνεργείᾳ
1155 1368 1255 1422 καὶ
1296 1368 1498 1423 τέλειοι

1809 1372 2015 1440 opiﬁee,
2060 1383 2316 1443 quatenus
2368 1374 2544 1443 opifex
2595 1383 2695 1436 est,
2724 1372 3009 1427 subsistere
3074 1374 3228 1442 opi/i-

52 1462 85 1512 zl
114 1463 166 1512 τὸ
195 1460 605 1530 δημιούργημα
633 1460 866 1529 ὁμοίως.
893 1458 1105 1528 Σαφῶς
1127 1459 1336 1513 τοίνυν
1364 1472 1498 1512 star.

1776 1481 1806 1519 ι.
1841 1463 1897 1517 Si
1932 1478 2093 1534 quam
2118 1465 2281 1520 habet
2312 1466 2633 1519 relationem
2667 1465 2809 1521 Dcus
2826 1464 2891 1519 ad
2923 1465 3222 1535 opiﬁcium,

52 1551 161 1618 ἧλον
180 1551 431 1621 ὑπάρχει
459 1552 523 1606 τὸ
555 1553 1047 1621 συνυφίστασθαι
1076 1550 1156 1617 τῷ
1185 1550 1498 1622 δημιουργι]

1780 1555 2205 1626 pifex,eamdem
2244 1555 2405 1611 habet
2437 1564 2487 1610 et
2534 1556 2601 1610 ad
2634 1556 2876 1626 genitum
2916 1563 2975 1610 ut
3011 1548 3226 1629 ingeni-

52 1643 122 1697 we
144 1641 511 1713 δημιουργὸς,
540 1642 607 1696 τὸ
632 1643 1058 1713 δημιούργημα.
1088 1644 1173 1708 El,
1198 1642 1385 1716 ὥσπερ
1409 1643 1498 1715 πρὶ

1790 1654 1845 1703 et
1874 1648 1941 1702 ad
1971 1649 2283 1718 posteriora
2316 1657 2374 1703 ut
2396 1650 2630 1719 primus,
2658 1663 2760 1703 nec
2797 1658 2978 1703 tamen
3018 1650 3223 1719 imper-

52 1759 59 1790 ι
89 1737 447 1809 δημιούργημα
472 1738 570 1810 τὴν
604 1737 750 1791 κατὰ
774 1738 835 1791 τὸ
870 1738 1007 1810 πρός
1042 1755 1095 1790 τι
1131 1737 1313 1808 σχέσιν
1357 1736 1469 1808 ἔχει

1779 1752 1848 1791 Im
1889 1739 2184 1810 quidquam
2213 1740 2377 1795 habet
2410 1739 2635 1810 ingeniti
2679 1746 2772 1792 aut
2814 1737 2976 1808 primi
3006 1739 3225 1794 ratione

51 1832 109 1893 :6;
133 1830 199 1893 ὼς
222 1830 575 1901 δημιουργὸς,
613 1829 784 1894 οὕτως
820 1829 933 1901 ἔχει
958 1830 1058 1901 τὴν
1096 1830 1269 1901 αὐτὴν
1309 1829 1452 1884 κατὰ
1479 1848 1497 1883 1

1785 1846 1816 1883 ο
1847 1831 1993 1885 enim
2034 1831 2196 1887 modo
2217 1830 2326 1886 dici
2343 1839 2521 1901 potest
2551 1829 2695 1886 Deus
2728 1829 3002 1900 ingenitus
3028 1830 3225 1900 imper-

52 1922 115 1991 ρός
142 1938 189 1973 τι
215 1922 392 1991 σχέσιν
419 1923 515 1975 καὶ
549 1922 686 1994 πρὸς
719 1922 780 1974 τὸ
815 1922 1073 1994 γεννητὸν
1104 1921 1181 1985 ὡς
1222 1921 1498 1993 ἀγέννητοι

1775 1939 1840 1991 Is,
1892 1932 1985 1977 aut
2034 1924 2244 1994 primus
2298 1922 2678 1992 imperfecms,
2729 1921 2858 1991 quia
2923 1929 3221 1991 utrumque

51 2016 83 2065 :‘t
114 2014 228 2084 πρὸς
264 2014 332 2067 τὰ
372 2012 582 2085 ὕστερα
625 2014 701 2078 ὡς
740 2014 977 2085 πρῶτος,
1018 2014 1112 2068 καὶ
1154 2014 1309 2067 οὐδὲν
1351 2014 1497 2068 ἁτελὲ

1778 2028 2035 2085 Iunquam
2090 2024 2175 2069 est
2208 2020 2482 2084 potestate
2506 2051 2521 2078 ,
2558 2013 2832 2083 ingenitus
2874 2012 3133 2066 nimirum
3169 2021 3224 2066 et

52 2122 96 2173 [ει
118 2104 221 2159 οὔτε
246 2106 301 2159 ἐν
337 2109 406 2178 τῇ
435 2108 732 2178 ἀγεννησίᾳ
756 2109 921 2161 αὑτοῦ
952 2107 1075 2161 οὒτε
1101 2109 1162 2161 ὲν
1185 2111 1252 2179 τῇ
1296 2108 1498 2180 πρωτεί

1774 2106 1872 2178 ιιιε)
1898 2124 1912 2174 ;
1940 2107 2015 2161 ita
2045 2120 2148 2161 nec
2179 2103 2531 2175 imperfectus
2556 2103 2698 2159 Deus
2727 2119 2848 2158 esse
2868 2110 3069 2173 potest,
3090 2104 3220 2174 quia

52 2198 139 2251 ζιτοῦ
193 2200 380 2270 (οὐδενὶ
451 2199 562 2273 γὰρ
610 2200 753 2273 λόγῳ
800 2201 1024 2255 δυνατὸν
1066 2202 1241 2255 εἰπεῖν
1280 2201 1371 2255 τὸν
1405 2202 1498 2254 Θεὸ

1773 2215 1793 2255 s
1841 2207 2110 2270 potestate
2160 2196 2342 2269 epifex
2375 2196 2496 2254 fuit.
2532 2196 2687 2263 Quod
2712 2197 2759 2252 si
2789 2199 2919 2265 quia
2943 2197 3097 2266 prius
3130 2206 3219 2252 est

51 2292 252 2363 γέννητον
284 2292 451 2365 ἀτελῆ
474 2294 508 2365 ἢ
539 2292 753 2365 πρῶτον
783 2292 971 2364 ἀτελῆ,
999 2292 1086 2346 διὰ
1107 2291 1167 2346 τὸ
1192 2289 1329 2347 εἶναι
1370 2293 1497 2347 αὐτό

1772 2302 1907 2348 state
1925 2292 2128 2363 opifex,
2148 2306 2213 2345 ac
2238 2291 2514 2362 posterius
2536 2300 2684 2355 actu,
2713 2291 3057 2347 desideratur
3073 2288 3218 2346 illius

52 2400 114 2436 οτε
136 2385 339 2455 δυνάμει
366 2385 677 2458 ἀμφότερα,
703 2383 997 2456 ἀτέννητὸν
1038 2401 1098 2437 τε
1128 2385 1223 2437 καὶ
1259 2383 1471 2455 πρῶτον
1494 2386 1498 2454 ς

1773 2385 1926 2450 actio,
1958 2400 2186 2441 necesse
2203 2392 2288 2441 est
2323 2384 2573 2455 profecto
2603 2393 2655 2441 et
2675 2386 2803 2454 quia
2834 2384 2989 2455 prius
3020 2392 3104 2439 est
3127 2400 3219 2455 po-

51 2477 145 2541 5τως
168 2480 254 2532 οὐκ
286 2479 563 2550 ἐνδέχεται
601 2480 768 2550 ἀτελῆ
811 2478 948 2532 εἶναι
970 2476 1059 2531 τὸν
1085 2477 1237 2543 Θεὸν,
1274 2477 1497 2550 πρότερα

1771 2485 1834 2532 ite
1855 2477 2130 2548 ingenitus
2154 2492 2220 2533 ac
2248 2477 2482 2548 primus,
2513 2491 2575 2530 ac
2606 2476 2882 2546 posterius
2905 2483 3051 2541 actu,
3071 2477 3217 2531 illius

52 2589 111 2623 ιτα
146 2572 352 2645 δυνάμει
398 2574 753 2646 δημιουργόν.
799 2574 862 2626 El
900 2572 956 2626 δὲ
983 2554 1161 2625 διὰτὸ
1198 2567 1338 2625 εἶναι
1377 2570 1498 2625 αὐτὸ

1769 2570 2024 2626 sctionem
2042 2569 2368 2626 desiderari.
2388 2567 2543 2635 Quod
2560 2568 2607 2623 si
2622 2568 2922 2624 absurdum
2939 2576 3021 2625 est
3044 2567 3215 2624 Deum

55 2662 181 2732 ρῶτον
219 2666 310 2735 μὲν
346 2664 576 2737 δυνάμει
618 2665 969 2737 δημιουργὸν,
1011 2662 1239 2736 ὕστερον
1279 2664 1338 2718 δὲ
1387 2665 1501 2737 ὲνερ

1768 2681 1967 2735 perare,
1982 2666 2142 2736 quasi
2172 2665 2488 2736 imperfecte
2514 2664 2788 2735 ingenitus
2813 2664 2886 2720 sit
2902 2672 2956 2720 et
2972 2665 3214 2735 primus;

52 2754 124 2823 είᾳ,
148 2755 473 2812 διαϐάλλεται
512 2760 594 2822 είς
628 2758 896 2821 ἀτέλειαν,
925 2756 1139 2829 ἀνάγκη
1178 2756 1285 2829 ἄρα
1325 2758 1421 2811 καὶ
1448 2759 1496 2811 δι

1767 2755 1937 2811 trdum
1968 2770 2099 2811 sane
2140 2761 2308 2810 estet
2345 2752 2719 2825 imperfectam
2770 2754 2849 2807 illi
2887 2760 3213 2823 potestatem

52 2842 195 2899 ialm
217 2850 374 2904 αὐτὸν
396 2850 617 2923 πρῶτον
654 2851 751 2922 μὲν
776 2849 1003 2921 δυνάμει
1034 2848 1331 2921 ἁγέννητόν
1352 2866 1413 2902 τε
1442 2867 1498 2902 κο

1771 2848 1963 2903 tricem
1982 2847 2258 2919 atlingere,
2283 2848 2410 2919 quia
2436 2863 2547 2902 non
2568 2846 2752 2902 statim
2771 2854 2936 2918 atque
2950 2854 3035 2902 est
3057 2862 3217 2900 mun-

55 2936 198 3004 ρῶτου,
226 2938 447 3013 ὕστερον
490 2941 547 2994 δὲ
574 2940 841 3015 ἐνεργείᾳ,
875 2941 1226 3013 διαϐληθῆναι
1267 2941 1428 2995 αὑτὸν
1456 2943 1501 2995 εί

1763 2984 1765 2993 ι
1796 2940 1944 3007 fecit,
1978 2942 2074 2997 sed
2104 2942 2397 3012 posterius,
2428 2955 2551 2995 cum
2598 2941 2648 2996 ei
2678 2940 2853 2996 visum
2887 2947 2991 2996 est.
3021 2938 3209 3010 Neque

52 3027 226 3083 τέλειον.
252 3031 312 3083 Et
346 3032 403 3085 δὲ
432 3032 637 3086 ἄτοπον
658 3032 720 3085 τὸ
745 3031 1051 3085 διαϐάλλειν
1074 3030 1165 3084 τὸν
1191 3030 1323 3085 Θεὸν
1349 3030 1442 3084 ἐπὶ
1467 3049 1498 3085 τ

1769 3034 1929 3090 tﬁeri
1974 3041 2176 3105 potest,
2230 3043 2288 3091 ut
2321 3036 2417 3106 qui
2447 3035 2503 3090 in
2553 3050 2664 3090 una
2723 3034 2907 3105 aliqua
2951 3034 3215 3090 relatione

52 3118 183 3191 τελείᾳ
208 3122 300 3192 τῆς
327 3124 656 3194 ἀγεννησίας
679 3141 737 3177 τε
764 3124 858 3177 καὶ
886 3123 1179 3196 πρωτείας,
1206 3122 1404 3177 ἄτοπον
1425 3123 1496 3195 ἄρ

1769 3125 1992 3184 :rfectus
2018 3136 2124 3192 est,
2155 3142 2265 3183 non
2290 3128 2459 3184 etiam
2508 3127 2564 3183 in
2613 3127 2736 3183 aliis
2767 3128 3026 3183 omnibus
3072 3128 3215 3183 rela-

52 3208 89 3259 αὶ
108 3178 462 3270 τὸιδιαδαλλοειν
492 3178 657 3270 αὑτὸν
682 3216 774 3269 ἐπὶ
800 3219 865 3288 τῇ
895 3178 1113 3288 ἀτελείᾳ
1139 3178 1239 3287 τῆς
1268 3216 1333 3287 δη
1342 3178 1498 3289 μιουμ

941 3181 1113 3288 τελείᾳ
1139 3178 1239 3287 τῆς
1268 3216 1333 3287 δη
1342 3178 1532 3289 μιουρ-
1561 3178 1603 3236 C

54 3302 299 3371 ικῆςαῦτοῦ
321 3308 625 3381 δυνάμεως,
654 3308 741 3363 διὰ
767 3310 827 3363 τὸ
854 3310 929 3381 μὴ
986 3309 1104 3380 ἃμα
1132 3307 1209 3379 τῷ
1268 3304 1406 3363 εἶναι
1446 3309 1608 3364 αὑτὸν
1644 3312 2001 3382 πεποιηκέναι
2046 3311 2137 3365 τὸν
2174 3310 2397 3383 κόσμον,
2441 3310 2578 3365 ἀλλὰ
2616 3310 2861 3382 ὕστερον,
2912 3312 3000 3365 ὅτε
3055 3309 3211 3364 €606-

53 3407 120 3444 ετο.
144 3396 239 3451 Οὐκ
261 3400 535 3471 ἐνδέχεται
577 3402 686 3474 γὰρ
723 3402 815 3456 τὸν
851 3402 996 3456 κατά
1025 3420 1147 3457 τινα
1182 3402 1278 3456 τοῦ
1323 3401 1460 3475 πρός
1509 3422 1560 3457 τι
1600 3406 1782 3477 σχέσιν
1828 3406 1996 3476 ἀτελῆ
2033 3406 2163 3461 ὄντα
2208 3405 2282 3477 μὴ
2330 3406 2472 3462 κατὰ
2512 3406 2610 3469 τὰς
2648 3405 2843 3470 λοιπὰς
2890 3406 3068 3469 πάσας
3119 3402 3215 3458 τοῦ

57 3482 120 3548 9’5;
144 3504 186 3538 τι
211 3490 413 3559 σχέσεις
438 3493 645 3564 ὁμοίως
678 3491 815 3549 εἶναι
840 3495 1023 3566 ἀτελῆ.

54 3594 314 3657 ΕΡΩΤΗΣΙΣ
360 3608 818 3731 ΧΡΙΣΤΙὲῗὲΚὲ
856 3609 1036 3662 ΠΡΟΣ
1079 3608 1258 3662 ΤΟΥΣ
1294 3609 1500 3662 "EAM!

1745 3604 1837 3659 AD
1892 3604 2198 3661 GRAECOS
2685 3606 3106 3662 CHRISTIANA

2403 3698 2421 3729 λ
2548 3718 2564 3732 ο

805 3686 837 3731 ⁸.
2280 3686 2564 3732 UUltV'l'A.

72 3758 117 3811 Εἰ
140 3763 407 3839 ἀγὲννητος
454 3773 486 3824 6
534 3770 759 3842 οὐρανὸς
804 3772 897 3825 καὶ
954 3769 1250 3843 ἁγὲννητος
1307 3773 1336 3825 ὁ
1381 3769 1513 3833 Θεὸς

1765 3802 1768 3824 ι
1798 3770 2096 3840 ingenitum
2114 3770 2312 3824 caelum
2345 3776 2400 3825 et
2418 3768 2694 3839 ingenitus
2722 3768 2887 3836 Deus,
2904 3784 2968 3825 ac
2991 3769 3046 3823 in
3070 3770 3211 3825 cmlo

54 3850 90 3900 αὶ
130 3856 246 3909 οἰκεῖ
284 3860 339 3913 ὲν
375 3861 454 3932 τῷ
496 3860 709 3933 οὐρανῷ
741 3863 769 3915 6
810 3863 962 3927 Θεὸς,
1016 3863 1135 3927 πῶς
1179 3862 1500 3917 κατοικῶνὲ

1763 3879 1778 3919 5
1807 3861 2055 3917 habitat:
2086 3860 2359 3931 quomodo
2388 3860 2642 3917 habitans
2680 3861 2738 3915 in
2779 3876 2888 3916 non
2916 3861 3032 3917 suis
3064 3859 3209 3917 Deus

54 3944 101 4004 λῖς
126 3948 207 3999 οὐκ
237 3953 392 4006 αἱ,τοῦ
442 3955 473 4007 6
513 3953 644 4018 Θεὸς
700 3954 797 4025 οὐχ
848 3955 1162 4029 ὑϐρίζεταις
1192 3956 1251 4010 ὃν
1290 3956 1399 4029 γὰρ
1430 3956 1500 4009 of;

1777 3954 2010 4010 allicitur
2043 3954 2282 4024 injuria?
2312 3951 2467 4019 Quod
2497 3952 2645 4008 enim
2676 3967 2785 4007 non
2835 3951 2962 4008 fecit
2983 3952 3205 4017 cmlum,

55 4035 215 4105 ποίησεν
235 4044 478 4114 οὐρανὸν,
514 4040 668 4109 οὗτος
690 4048 790 4099 οὐκ
823 4047 972 4101 ἔστιν
993 4048 1178 4102 αὐτοῦ.

690 4048 790 4099 οὐκ
823 4047 972 4101 ἔστιν
993 4048 1178 4102 αὐτοῦ.
1630 4052 1687 4107 id
1718 4051 1863 4106 illius
1886 4064 1996 4104 non
2026 4056 2130 4104 est.

56 4146 347 4210 UIOKPIXIE
389 4160 985 4282 ἘὼλΗΙῈξῌΣΠΡΟΣ
1008 4162 1184 4216 ΤΟΥΣ
1225 4161 1500 4215 ΧΡΙΣΤΙΛ

1750 4161 1843 4216 AD
1887 4158 2351 4217 CHRISTIANOS
2392 4157 2775 4214 RESPONSIO
2820 4158 3096 4215 GRAECA.

74 4308 165 4365 ’Ὁτι
194 4317 281 4386 μὲν
315 4322 609 4394 ἀγέννητος
644 4323 673 4376 ὁ
718 4322 851 4387 Θεὸς
896 4323 991 4377 καὶ
1028 4322 1319 4394 ἀγέννητος
1359 4321 1389 4374 ὁ
1432 4323 1520 4375 οὐ-

1760 4320 2003 4391 genitum
2034 4319 2203 4376 Deum
2230 4335 2354 4375 esse
2394 4330 2447 4375 et
2486 4320 2785 4389 ingenitum
2831 4318 3029 4374 cmlum
3079 4334 3204 4390 per-

56 4402 155 4467 ινδς.
172 4408 310 4479 δῆλον
341 4415 403 4469 ἔκ
426 4433 489 4468 τε
514 4415 623 4467 τῶν
649 4414 981 4479 ἐπιπολαίως
1009 4414 1175 4469 τανῦν
1198 4414 1499 4487 εἰρημένων

1754 4414 1877 4481 itur,
1893 4422 2007 4469 tum
2026 4428 2093 4468 ex
2109 4413 2213 4477 his,
2229 4427 2350 4483 qua:
2377 4413 2567 4468 leviter
2582 4412 2743 4467 modo
2757 4412 3030 4481 disputata
3051 4420 3200 4473 sunt,

56 4492 90 4543 tl
112 4496 159 4549 ἐκ
190 4502 283 4556 τῶν
325 4507 477 4580 παρὰ
500 4506 707 4561 πολλῶν
738 4508 1001 4576 γενναίως
1038 4486 1501 4578 ἀποδεδειγμένων

1769 4519 1836 4559 ex
1860 4503 1947 4559 his
1968 4518 2089 4574 qua:
2112 4518 2143 4557 a
2174 4504 2362 4559 multis
2392 4503 2607 4559 fortiter
2630 4504 3026 4559 demonstrata.
3064 4500 3202 4557 Illud

55 4598 83 4634 τι
111 4587 153 4640 δὲ
177 4593 255 4647 τὸν
292 4596 417 4652 Θεὸν
452 4599 617 4669 φάναι
663 4602 940 4654 κατοικεῖν
972 4600 1029 4654 ὲν
1058 4600 1135 4672 τῷ
1172 4600 1385 4672 οὐρανῷ
1424 4599 1501 4653 οὐκ

1756 4610 1806 4649 m
1832 4609 1864 4648 a
1895 4596 2106 4650 ratione
2133 4595 2370 4650 alienum
2398 4610 2540 4660 esse,
2570 4602 2631 4649 ut
2659 4594 2804 4651 Deus
2852 4594 2908 4647 in
2950 4592 3090 4649 cmlo
3116 4592 3200 4648 di-

57 4688 128 4725 mv
168 4681 379 4755 εὔλογον,
408 4689 771 4760 σκοπήσωμεν
814 4690 964 4763 τῇδε.
1016 4688 1239 4761 Πρῶτον
1272 4689 1371 4762 μὲν
1414 4689 1503 4759 γὰε

1757 4702 1783 4740 r
1810 4686 2081 4751 habitare,
2116 4688 2198 4742 sic
2231 4686 2667 4742 consideremus.
2702 4684 2946 4740 Primum
2978 4684 3198 4756 quidem

58 4778 73 4863 ‘1
84 4766 346 4843 οἰκούμενον
384 4778 480 4834 τοῦ
511 4781 783 4843 οἰκοῦντος
810 4781 949 4854 πρὸς
983 4781 1254 4853 σωτηρίαν
1276 4781 1504 4851 γέγονεν.

1749 4780 1771 4835 ὦ
1803 4778 2107 4845 habitatur,
2132 4777 2200 4832 ad
2228 4778 2461 4833 salutem
2491 4778 2789 4835 habitantis
2836 4776 3039 4863 factum
3092 4782 3195 4832 est.

58 4852 142 4952 ,1?“
182 4865 223 4915 εί
243 4867 269 4917 δ
302 4870 393 4939 μὲν
426 4872 630 4942 κόσμος
670 4852 1007 4945 οἰκητήριον,
1039 4874 1068 4925 6
1096 4852 1152 4926 δὲ
1175 4872 1306 4937 Θεὸς
1334 4871 1498 4923 οἰκῶν

1752 4886 1806 4925 re
1860 4871 1909 4926 si
1953 4869 2193 4927 mundus
2220 4871 2439 4941 quidem
2474 4870 2741 4925 habitatio
2770 4852 2895 4934 est;
2930 4869 3075 4925 Deus
3098 4884 3198 4922 au-

58 4945 138 5045 ἶλῗν
170 4954 237 5010 δτι
266 4962 292 5013 6
331 4964 425 5032 μὲν
466 4965 669 5036 κόσμος
703 4962 865 5031 σώζει
910 4964 1002 5019 τὸν
1047 4964 1199 5029 Θεὸν,
1232 4965 1262 5018 ὁ
1290 4963 1347 5016 δὲ
1388 4962 1504 5024 Θεὸς

1761 4963 2072 5030 habitator;
2104 4962 2340 5018 mundus
2390 4962 2641 5019 videlicet
2669 4962 2840 5018 Deum
2888 4968 3092 5025 servat,
3142 4969 3196 5017 et

57 5033 199 5096 εὔξεται
230 5046 323 5101 ὑπὸ
347 5054 437 5106 τοῦ
475 5054 702 5125 κόσμου·
740 5055 878 5129 ὅπερ
911 5056 1026 5108 ἐστὶ
1054 5055 1271 5109 πάντων
1310 5052 1503 5108 ἁτοπώ

1748 5072 1768 5111 5
1800 5071 1830 5109 a
1857 5055 2062 5110 mundo
2084 5064 2334 5111 servatur
2355 5071 2368 5107 :
2388 5055 2532 5125 quod
2570 5056 2791 5126 quidem
2822 5055 3065 5110 omnium
3098 5053 3194 5107 ab—

57 5139 151 5181 ιτον.
183 5136 368 5207 ’Ἄλλως
392 5162 451 5199 τε
482 5145 543 5199 τὸ
572 5148 814 5216 κρεῖττον
839 5145 935 5200 τοῦ
962 5146 1381 5218 καταδεεστέρα)
1404 5145 1503 5198 ἐστ’

1744 5150 2013 5205 lissimum
2060 5155 2165 5203 est.
2216 5147 2485 5203 Praeterea
2531 5148 2680 5218 quod
2709 5147 3056 5217 praestantius
3086 5151 3190 5209 est,

58 5229 312 5286 ῖριεκτικόν·
344 5236 401 5290 τὸ
427 5238 484 5292 δὲ
517 5237 933 5311 καταδεέστερον
960 5238 1063 5292 ὑπὸ
1089 5236 1183 5291 τοῦ
1216 5238 1504 5311 κρείττονος

1744 5242 1918 5296 tinens
1943 5248 2028 5296 est
2056 5239 2356 5303 inferioris,
2402 5248 2457 5295 et
2503 5238 2651 5310 quod
2696 5238 2945 5302 inferius,
2976 5252 3005 5290 a
3052 5251 3190 5305 prae-

60 5312 287 5383 εριέχεται.
331 5328 487 5383 Ἀλλὰ
536 5330 640 5402 μὴν
679 5329 741 5383 τὸ
772 5329 956 5386 οἰκοῦν
987 5330 1094 5384 ὑπὸ
1122 5330 1222 5401 τῆς
1254 5331 1506 5401 οἰκήσεως

1748 5332 1886 5385 tiore
1936 5331 2267 5385 continetur.
2305 5327 2477 5383 Porro
2530 5327 2805 5382 habitator
2850 5325 3188 5381 habitatione

60 5401 289 5492 {Ptixetat-
315 5420 404 5471 καὶ
428 5420 520 5473 τὸν
540 5401 680 5473 Θεὸν
704 5420 811 5492 ἄρα
837 5420 1077 5491 περιέξει
1100 5420 1162 5472 τὸ
1183 5420 1506 5492 οἰκητήριον

1736 5422 1953 5489 tinetur,
1996 5436 2059 5475 ac
2101 5419 2268 5475 Deum
2303 5419 2548 5491 profecto
2573 5418 2869 5473 continebit
2900 5416 3182 5478 habitatio,

59 5486 93 5536 πὶ
112 5489 233 5551 ἔσται
262 5504 321 5556 ἐκ
349 5513 533 5566 τούτου
560 5510 654 5565 τοῦ
686 5486 842 5580 λόχου
1060 5510 1192 5574 Θεὸς
1218 5512 1276 5565 ὲν
1296 5486 1505 5581 ’τῆίχεβ

1736 5528 1833 5582 que
1861 5513 1933 5567 ob
1961 5528 2079 5568 eam
2128 5527 2349 5567 causam
2377 5511 2521 5566 Deus
2548 5510 2814 5565 deteriore
2846 5507 3182 5572 conditione,

60 5687 646 5809 ἒξὲλξηξξςηιίξίσταται.
690 5714 869 5789 Supra
894 5715 1339 5788 συνυφίστασθαι.
1370 5714 1506 5784 quod

1735 5712 1802 5809 l8)
1860 5713 2102 5795 Ὥσπερ.
2139 5712 2230 5767 Sic
2267 5710 2572 5767 emendavit
2609 5709 2673 5765 ιι.
2708 5709 3040 5780 Stephanus.
3076 5707 3181 5764 lla-

60 5772 205 5822 :lertur
225 5775 283 5829 ad
306 5772 491 5853 λέξειν⁹
578 5772 583 5773 ’
707 5772 716 5773 ’
769 5772 851 5789 “’
1036 5776 1049 5788 '
1325 5772 1338 5775 '
1387 5772 1403 5784 '

707 5772 716 5773 ί
769 5772 788 5789 ⁸
812 5772 851 5774 Ἢ
1036 5776 1049 5788 ’
1325 5772 1338 5775 ⁷
1387 5772 1403 5784 ’
1620 5783 1748 5838 bent
1776 5772 1911 5840 mss.
1934 5772 2087 5858 ὅπερ.
