3690 6522
480 359 617 414 MSS

474 474 749 544 opiﬁcium
782 480 960 530 autem
1008 477 1252 533 meliore.
1288 477 1493 535 Deinde
1526 497 1651 536 vero
1682 483 1827 551 quod
1858 481 2037 535 conti-
2072 491 2114 541 Α

472 576 633 622 netur
665 567 716 620 in
745 568 865 621 loco
893 576 1012 635 est;
1037 570 1300 639 quidquid
1331 581 1510 627 autem
1554 582 1637 627 est
1669 574 1722 627 in
1757 574 1895 636 loco,
1928 588 2049 627 cor-

472 675 575 729 pus
603 666 686 712 est
722 678 735 713 :
782 675 845 713 ac
899 660 1128 729 proinde
1180 660 1348 725 Deus,
1385 664 1430 718 si
1479 664 1533 717 in
1568 665 1687 718 loco
1714 675 1820 728 est,
1846 680 2048 733 corpus

469 747 594 800 erit.
630 749 918 815 Quomodo
954 752 1119 822 igitur
1158 767 1356 823 corpus
1388 754 1532 823 quod
1574 755 1755 810 minus
1796 762 1880 807 est
1914 768 2048 824 qua-

468 850 633 898 tenus
659 846 994 911 continetur,
1032 846 1210 916 majus
1238 862 1440 916 corpus
1463 848 1766 902 continebit
1790 849 1813 902 ?
1838 848 2047 903 Absur-

468 933 597 988 dum
626 935 681 989 id
728 936 878 992 dictu
899 946 1002 994 est.
1057 938 1212 1005 Quod
1261 947 1445 999 autem
1489 940 1697 994 habitat
1729 942 1785 995 in
1818 941 1956 1005 loco,
1992 942 2045 996 id

467 1028 736 1084 contineri
759 1030 1056 1095 domicilio,
1082 1032 1303 1086 cuilibet
1321 1033 1670 1087 manifestum
1704 1040 1809 1097 est,
1827 1033 2041 1088 etiamsi

465 1122 590 1191 quis
641 1132 837 1192 sponte
888 1126 1156 1181 crecutiat.
1213 1126 1497 1191 Quomodo
1537 1125 1739 1196 igitur,
1805 1126 2040 1195 inquies,

466 1211 736 1269 Homerus
767 1215 977 1286 opiﬁcis
1018 1216 1351 1272 domicilium
1375 1217 1609 1288 appellat
1632 1217 1876 1271 cmlnm?
1903 1216 2041 1283 Quia

466 1307 668 1377 ubique
722 1307 812 1363 Dei
860 1311 1007 1365 circa
1071 1312 1334 1366 mundum
1387 1310 1731 1381 splendorem
1797 1309 2039 1373 intuens,

464 1401 729 1455 mundum
808 1403 1098 1473 appellavit
1152 1403 1489 1458 domicilium
1549 1401 1668 1468 Dei,
1721 1410 1779 1456 ut
1862 1401 2041 1458 omnis

462 1491 560 1548 Dei
645 1494 983 1562 operationis
1056 1503 1111 1549 et
1186 1494 1492 1550 eﬂectionis
1587 1495 2038 1563 receptaculum;

461 1583 622 1655 532
679 1587 955 1654 praacipue
1004 1595 1185 1640 autem
1221 1586 1419 1640 caelum
1471 1586 1779 1651 nominant,
1811 1586 1936 1658 quia
1965 1594 2041 1640 to-

461 1677 573 1733 tius
620 1676 813 1731 mundi
867 1693 1145 1733 summum
1191 1693 1314 1734 esse
1364 1679 1564 1734 coelum
1622 1693 1817 1736 omnes
1869 1678 2039 1735 conti-

460 1777 665 1825 tentur.

599 1884 972 1954 llesponsionis
994 1901 1097 1939 non
1125 1895 1258 1939 recte
1280 1885 1538 1940 institutae
1575 1885 1889 1955 confutatio.

528 2041 579 2098 1.
608 2040 773 2098 Deum
796 2041 1015 2114 quidem
1039 2041 1289 2112 opiﬁcem
1320 2041 1524 2108 dicere,
1559 2040 1822 2096 mundum
1847 2050 2028 2097 autem

460 2134 751 2202 infectum;
777 2133 1036 2188 infectum
1067 2134 1211 2188 enim
1239 2133 1385 2188 idem
1416 2134 1558 2189 valet
1590 2148 1655 2188 ac
1704 2135 2026 2204 ingenitum,

455 2237 508 2283 et
529 2245 741 2293 eorum,
766 2243 886 2300 quae
914 2227 1054 2282 idem
1080 2228 1280 2293 valent,
1311 2227 1479 2282 libera
1507 2234 1591 2281 est
1619 2227 2027 2293 transmutatio;

456 2334 519 2373 ac
548 2320 729 2374 dicere
766 2318 933 2375 Deum
965 2317 1225 2373 infectum
1253 2317 1456 2371 infecta
1488 2316 1687 2381 facere,
1716 2317 1860 2387 quod
1886 2317 2026 2371 idem

455 2419 539 2467 est
573 2427 637 2466 ac
683 2411 886 2476 dicere,
922 2410 1093 2466 Deum
1146 2411 1448 2480 ingenitum
1496 2408 1735 2480 ingenite
1790 2409 2026 2481 ingenita

455 2499 667 2557 facere:
703 2509 759 2556 ct
811 2501 979 2556 Deum
1031 2500 1252 2571 quidem
1286 2508 1551 2554 aeternum
1607 2501 1809 2565 dicere,
1868 2517 2028 2556 mun-

456 2592 585 2647 dum
613 2598 794 2646 autem
829 2602 1182 2656 coaeternum,
1215 2606 1279 2645 ac
1326 2590 1493 2646 Deum
1519 2599 1572 2644 et
1605 2591 1867 2645 mundum
1898 2608 2024 2645 cum

454 2700 563 2740 non
594 2691 778 2740 essent
811 2684 877 2739 ad
906 2698 1028 2739 esse
1069 2699 1164 2754 per
1212 2698 1270 2737 se
1318 2683 1615 2753 productos
1660 2681 1866 2749 fuisse;
1891 2674 2025 2737 illud

451 2778 620 2841 enim,
649 2791 742 2845 per
770 2792 826 2831 se
872 2775 1207 2844 productum,
1245 2775 1313 2831 de
1347 2774 1456 2830 Deo
1487 2782 1542 2829 et
1575 2775 1780 2830 mundo
1816 2775 2022 2830 dictum

452 2869 697 2925 eamdem
733 2869 897 2923 habet
934 2867 1421 2939 signiﬁcationem:
1458 2875 1512 2922 et
1551 2867 1813 2922 mundum
1838 2882 1936 2936 per
1965 2881 2025 2921 se

451 2961 776 3031 productum
810 2968 861 3016 et
897 2960 966 3015 ab
1014 2962 1185 3015 altero
1235 2961 1570 3016 custoditum
1613 2960 1830 3027 dicere;
1876 2959 2023 3031 quod

453 3053 595 3107 enim
647 3068 679 3107 a
712 3051 823 3108 Deo
859 3052 1188 3117 custoditur,
1221 3052 1276 3107 id
1311 3053 1380 3108 ab
1413 3053 1519 3107 alio
1552 3052 1819 3109 custodiri
1852 3060 2018 3123 patet,

452 3144 593 3199 alius
624 3144 771 3198 enim
803 3144 1042 3200 mundus
1082 3153 1136 3200 et
1167 3144 1308 3200 alius
1343 3144 1487 3201 Deus
1520 3145 1837 3200 custodiens
1861 3160 2011 3199 mun—
2048 3180 2090 3238 ο

452 3236 604 3299 dum,
637 3250 798 3305 quem
830 3250 927 3306 per
950 3249 1008 3290 se
1038 3236 1363 3305 producturo
1398 3236 1711 3292 necessario
1742 3236 1905 3292 etiam
1926 3251 2023 3307 per

451 3343 511 3383 se
536 3327 865 3382 custoditum
900 3327 1082 3382 dicere
1105 3328 1345 3398 oportuit
1364 3336 1451 3383 :et
1477 3326 1645 3383 Deum
1674 3336 1726 3383 et
1760 3328 2020 3384 mundum

452 3419 722 3489 ingenitos
761 3426 815 3473 et
860 3434 957 3490 per
1003 3435 1063 3476 se
1111 3418 1327 3491 genitos
1346 3418 1555 3486 dicere;
1588 3420 1719 3474 illud
1753 3420 1899 3475 enim
1930 3436 2022 3489 per

450 3527 504 3564 se
532 3510 869 3576 productum,
897 3508 965 3565 de
988 3509 1099 3565 Deo
1124 3518 1177 3564 et
1209 3510 1413 3564 mundo
1444 3509 1671 3573 dictum,
1707 3510 1849 3565 idem
1879 3510 2021 3566 valet

448 3616 514 3655 ac
547 3616 643 3671 per
672 3616 731 3656 se
755 3601 1030 3672 genitum:
1067 3600 1195 3656 item
1222 3599 1426 3663 dicere,
1450 3598 1596 3653 Deus
1617 3600 1711 3669 qui
1735 3598 1850 3653 haec
1866 3597 2015 3663 fecit,

446 3702 501 3748 et
535 3707 749 3756 rursus,
780 3707 891 3747 non
924 3692 1082 3758 fecit;
1111 3689 1501 3760 temporarium
1535 3696 1619 3745 est
1662 3689 1807 3744 enim
1859 3690 2013 3755 illud,

447 3785 590 3855 luit,
617 3799 725 3839 non
758 3799 919 3840 secus
945 3798 1009 3838 ac
1035 3784 1123 3854 qui
1150 3783 1271 3853 fecit
1292 3804 1308 3837 :
1341 3783 1470 3837 item
1498 3782 1682 3837 dicere
1712 3783 1779 3837 ab
1812 3790 2017 3838 aeterno

447 3872 612 3929 simul
645 3887 769 3926 cum
801 3871 911 3927 Deo
936 3871 1053 3927 sine
1082 3873 1369 3927 intervallo
1392 3871 1657 3926 mundum
1691 3872 2012 3937 subsistere,

446 3967 537 4036 qui
573 3982 639 4022 ex
670 3966 896 4021 materia
929 3973 984 4021 et
1006 3966 1180 4021 forma
1214 3979 1311 4038 per
1325 3967 1778 4037 compositionem
1804 3967 1872 4021 ab
1897 3968 2015 4037 opi-

448 4057 548 4111 ﬁce
580 4056 954 4111 exsistentiam
988 4057 1227 4125 accepit;
1252 4062 1306 4112 et
1342 4056 1809 4127 incorruptibilem
1830 4065 1885 4113 et
1900 4073 2016 4112 cor—

446 4147 756 4218 ruptibilem
788 4147 1050 4202 mundum
1079 4148 1766 4219 dicere,incorruptibilem
1791 4149 2013 4221 quidem

444 4242 710 4305 essentia,
747 4239 1155 4309 corruptibilem
1185 4255 1314 4296 vero
1343 4241 1471 4311 quia
1504 4240 1849 4298 custoditur:
1881 4243 2010 4298 item

443 4334 647 4399 dicere,
688 4332 747 4387 tit
787 4332 1047 4395 mundus,
1088 4332 1234 4403 quod
1282 4342 1462 4389 autem
1498 4333 1584 4401 tit,
1618 4336 2008 4406 temporarium

441 4433 546 4487 cst,
566 4434 621 4479 et
648 4423 793 4495 quod
818 4424 1230 4494 temporarium,
1249 4426 1636 4496 corruptibile:
1671 4427 1799 4483 item
1828 4428 2010 4484 dicere

1253 360 1614 416 APPENDIX.
1657 393 1725 403 --
1766 361 1945 417 PARS
1985 363 2023 419 l.
2061 361 2115 415 S.
2157 362 2420 418 JUSTlNl
2455 363 2679 420 OPERA
2714 364 2985 421 SPURIA.
3134 390 3137 391 ν
3549 380 3615 433 lt;

2147 499 2260 552 ρονι
2297 482 2469 547 τάξει,
2495 483 2556 536 τὸ
2579 483 2634 536 δὲ
2660 483 3048 555 δημιούργημα
3087 485 3146 536 ἐν
3174 487 3245 555 τῇ
3275 487 3529 555 κρείττονι.
3552 496 3601 544 Ἄ.

2151 574 2257 639 λως
2289 593 2347 628 τε
2392 576 2485 629 καὶ
2529 576 2591 628 τὸ
2631 576 3013 647 περιεχόμενον
3058 580 3121 630 ἐν
3158 578 3311 648 τότ-σῳ
3350 580 3469 632 ἐστί.
3502 583 3615 641 [lilia

2150 668 2207 718 ἐν
2241 666 2391 736 τόπῳ
2424 664 2483 719 ὃν
2518 666 2677 737 σῶμὰ
2710 669 2843 718 ἐστι’
2879 667 2974 720 καὶ
3010 670 3039 721 ό
3072 668 3206 731 Θεὸς
3240 669 3372 739 ἀρα,
3403 674 3446 723 εἱ
3477 674 3518 724 ἓν
3542 682 3616 729 tim

2149 760 2284 821 ἐστὶ,
2309 758 2467 829 σῶμα
2503 758 2674 813 ἔσται.
2712 758 2835 821 Πῶς
2856 755 2947 812 οὖν
2977 760 3184 826 συνέξει
3222 760 3385 831 σῶμα
3406 763 3456 814 ὃν
3478 765 3615 833 Bm,

2148 848 2282 901 καθὸ
2323 848 2658 920 περιέχεται,
2704 848 2762 902 τὸ
2808 850 2990 920 μεῖζον
3029 851 3219 921 σῶμα;
3258 853 3477 906 ’Δτοπον
3507 857 3615 923 iit,“

2149 940 2270 993 Ὀτι
2316 939 2371 992 δὲ
2396 940 2456 992 τὸ
2480 939 2660 992 οἰκοῦν
2706 941 2763 992 ὲν
2794 940 2946 1011 τόπῳ
2974 942 3370 1014 περιεχόμενόν
3400 945 3496 997 ἐστι

2146 1031 2261 1103 κίᾳ,
2297 1032 2456 1085 παντί
2492 1048 2593 1085 που
2636 1031 2791 1104 δῆλον
2835 1033 2929 1085 καὶ
2963 1031 3041 1102 τῷ
3071 1033 3308 1085 αὐτόθεν
3347 1035 3615 1104 rabiem;

2145 1122 2210 1174 Τί
2241 1118 2362 1188 οῦν;
2401 1121 2565 1193 φαίης
2588 1122 2680 1186 ἂν,
2702 1124 2819 1188 πῶς
2865 1125 3110 1195 Ὄμηρος
3149 1125 3309 1194 λέγει
3337 1126 3427 1178 τοῦ
3454 1128 3615 1199 διέπειρε

2143 1215 2241 1284 γοῦ
2272 1217 2475 1287 οἴκημα
2505 1216 2596 1269 τὸν
2629 1217 2886 1289 ούρανόν;
2917 1219 2985 1270 Ἦ
3013 1218 3035 1248 ⁸
3059 1218 3143 1271 ὅτι
3190 1220 3460 1289 πανταχοῦ
3486 1226 3615 1291 piam

2144 1305 2404 1375 ἐλλαμψιν
2441 1306 2534 1359 τοῦ
2572 1307 2709 1360 Θεοῦ
2747 1308 3079 1379 θεασάμενος
3106 1308 3243 1381 napi.
3273 1310 3365 1363 τὸν
3390 1310 3615 1380 misitque"

2142 1414 2301 1468 κησιν
2344 1398 2434 1450 τὸν
2476 1400 2678 1470 κόσμον
2726 1399 2949 1453 ὲκάλεσε
2994 1399 3090 1453 τοῦ
3134 1399 3311 1458 Θεοῦ,
3351 1400 3422 1463 ὡς
3454 1403 3615 1473 {imbri

2141 1489 2269 1542 ὄντα
2299 1490 2397 1560 τῆς
2423 1492 2692 1563 ποιήσεως
2718 1493 2813 1546 καὶ
2836 1492 3198 1564 δημιουργίας
3224 1492 3406 1563 πάσης
3428 1494 3504 1546 τοῦ
3522 1496 3615 1547 322:"

2141 1580 2430 1653 ἐξαιρέτως
2460 1582 2516 1635 δὲ
2547 1583 2638 1637 τὸν
2664 1584 2891 1655 οὐρανὸν
2930 1583 3156 1637 καλοῦσι
3174 1623 3197 1646 ,
3225 1584 3365 1637 διότι
3395 1584 3474 1637 τοῦ
3504 1590 3615 1649 and;

2141 1673 2344 1743 κόσμου
2373 1673 2434 1727 τὸ
2454 1674 2752 1747 ἀκρότατον
2775 1677 2865 1729 τὸν
2888 1676 3113 1748 οὐρανὸν
3147 1678 3326 1730 πᾶσιν
3352 1671 3473 1729 εἶναι
3491 1678 3615 1746 «Lach;

2138 1782 2322 1837 γηται.

2064 1838 2107 1892 Β
2170 1858 2459 1927 Ἔλεγχος
2498 1856 2607 1926 τῆς
2648 1857 3020 1927 ἀποκρίσεως
3058 1860 3170 1912 οὐκ
3217 1857 3407 1927 ὀρθῶς

2811 1928 3021 1998 μένης-

2203 2022 2254 2075 1.
2296 2022 2367 2075 Τὸ
2400 2021 2577 2089 λέγειν
2616 2019 2941 2092 δημιουργὸν
2973 2020 3071 2091 μὲν
3102 2020 3197 2074 τὸν
3244 2020 3405 2082 Θεὸν,

2130 2130 2295 2185 γητον
2319 2112 2375 2166 δὲ
2390 2112 2482 2165 τὸν
2509 2113 2730 2184 κόσμον’
2753 2112 2813 2165 τὸ
2833 2112 2941 2184 γὰρ
2963 2112 3411 2185 ἀδημιούργητον
3429 2115 3609 2165 imis:-

2128 2224 2219 2259 ται
2244 2204 2322 2276 τῷ
2346 2206 2641 2277 ἀγεννήτῳ,
2676 2206 2773 2259 καὶ
2798 2204 2906 2258 τῶν
2941 2205 3414 2275 ἰσοδυναμούντων
3438 2206 3609 2268 ἀπειλαῖς

2129 2298 2165 2369 ἡ
2201 2298 2517 2371 μετάληψιςο
2554 2299 2649 2352 καὶ
2692 2299 2755 2351 τὸ
2792 2297 2992 2367 λέγειν,
3025 2300 3053 2351 6
3099 2298 3515 2370 ἀδημιούργητκ
3541 2300 3611 2359 ira;

2127 2390 2540 2463 ἀδημιούργητα
2584 2393 2749 2454 ποιεῖ,
2783 2390 2811 2443 ὂ
2856 2392 2967 2444 ἴσον
3007 2390 3124 2443 ἐστὶ
3169 2391 3258 2462 τῷ
3290 2391 3382 2443 τὸν
3422 2393 3611 2459 ἀγένδᾘῑη

2127 2482 2260 2536 Θεὸν
2304 2485 2612 2554 ἀγεννήτως
2644 2470 2927 2553 ’ἀγέννητοι
2960 2485 3131 2536 ποιεῖν
3151 2501 3164 2512 ·
3201 2485 3305 2536 καὶ
3332 2483 3393 2535 τὸ
3420 2482 3548 2549 λέγειν

2125 2573 2233 2628 διον
2280 2576 2379 2646 μὲν
2412 2576 2503 2630 τὸν
2534 2575 2688 2640 Θεὸν,
2727 2577 2992 2630 συναῖδιον
3031 2577 3089 2630 δὲ
3118 2577 3213 2629 τὸν
3253 2577 3464 2647 κόσμον,
3492 2580 3555 2628 καὶ
3580 2580 3609 2625 ἐι

2125 2667 2225 2737 τῆς
2249 2666 2583 2739 ἀνυπαρξίας
2610 2670 2690 2733 είς
2720 2668 2949 2741 ὓπαρξιν
2974 2668 3065 2721 τὸν
3097 2668 3235 2721 Θεὸν
3265 2670 3362 2722 καὶ
3391 2671 3469 2722 τὸν
3490 2672 3610 2737 κέεέςι

2126 2759 2555 2829 αὑτοπαράκτως
2584 2762 2964 2833 παραγόμενον
2980 2762 3021 2791 ⁸·
3035 2762 3095 2814 τὸ
3107 2760 3219 2831 γὰρ
3236 2762 3608 2830 αὐτοπάραιτίτη

2124 2851 2218 2904 ἐπὶ
2247 2850 2341 2903 τοῦ
2367 2850 2502 2904 Θεοῦ
2532 2853 2626 2905 καὶ
2658 2851 2751 2906 τοῦ
2780 2853 2986 2925 κόσμου
3020 2853 3341 2925 λεγόμενον,
3366 2858 3530 2925 ταύτὴν
3552 2858 3609 2921 ἐξῇ.

2123 2942 2222 3013 τὴν
2251 2941 2501 3014 δήλωσιν
2529 2945 2624 2999 καὶ
2647 2945 2709 2998 τὸ
2735 2945 2912 3014 λέγειν
2941 2947 3370 3020 αύτοπάρακτον
3407 2950 3485 3002 καὶ
3506 2950 3609 3015 915;:-

2124 3034 2429 3107 φρούρητω
2470 3037 2562 3090 τὸν
2603 3038 2824 3109 κόσμον·
2855 3038 2917 3091 τὸ
2961 3039 3070 3111 γὰρ
3114 3038 3499 3112 θεοφρούρητον
3529 3041 3609 3105 ἐξά

2123 3126 2183 3180 τὸ
2202 3128 2679 3201 ἐτεροφρούρητον·
2719 3130 2905 3202 ἕτερος
2933 3130 3042 3204 γὰρ
3073 3134 3101 3187 6
3138 3133 3369 3206 κόσμος,
3402 3136 3481 3188 καὶ
3500 3135 3608 3203 iter;

2122 3218 2152 3271 6
2192 3219 2325 3285 Θεὸς
2371 3222 2400 3274 6
2441 3223 2532 3275 τὸν
2579 3222 2784 3294 κόσμον
2828 3224 3115 3297 φρουρῶν,
3156 3226 3242 3292 ὃν,
3292 3228 3607 3297 adeoer

2121 3310 2271 3376 ὄντα,
2297 3311 2607 3382 ἀναγκαίως
2633 3314 2800 3386 ἐχρῆν
2824 3316 2918 3368 καὶ
2948 3317 3397 3391 αὐτοφρούρητον
3420 3316 3544 3372 εἶναι’
3562 3320 3606 3368 ιε

2121 3402 2183 3459 τὸ
2228 3404 2405 3475 λέγειν
2437 3406 2529 3459 τὸν
2572 3406 2705 3460 Θεὸν
2742 3409 2836 3461 καὶ
2866 3408 2959 3461 τὸν
2996 3410 3200 3481 κόσμον
3248 3413 3537 3484 ἀγεννῆ-τους
3562 3412 3607 3459 εξ

2118 3495 2556 3568 αὐτογεννήτους·
2588 3499 2648 3552 τὸ
2675 3499 2784 3572 γὰρ
2810 3501 3294 3570 αὐτοπάρακτον,
3324 3505 3412 3557 ἐπὶ
3438 3504 3513 3556 τοῦ
3534 3501 3606 3554 Θεεζ

2118 3587 2215 3641 καὶ
2253 3587 2347 3642 τοῦ
2392 3590 2597 3661 κόσμου
2650 3590 2961 3663 λεγόμενον,
2990 3594 3140 3665 δηλοῖ
3180 3596 3247 3649 τὸ
3293 3596 3605 3664 αὐτογέννητετ

2119 3681 2210 3761 xy).
2235 3681 2297 3734 τὸ
2323 3680 2522 3751 λέγειν,
2550 3684 2782 3755 ποιήσας
2808 3683 2881 3736 τά
2904 3685 3027 3755 τῇδε
3055 3687 3083 3738 6
3112 3685 3273 3750 Θεὸς,
3306 3688 3398 3740 καὶ
3424 3687 3545 3739 πάλιν
3564 3686 3606 3739 τὶ.

2116 3773 2217 3826 οὐκ
2246 3773 2521 3846 ἐποίησεν,
2553 3774 2805 3847 ἐγχρονον
2848 3777 2958 3848 γὰρ
2985 3776 3062 3840 ὡς
3090 3777 3153 3830 τὸ
3190 3780 3489 3847 ἐποίησεν,
3505 3778 3606 3833 οὗτος

2116 3865 2208 3917 καὶ
2231 3865 2293 3918 τὸ
2319 3866 2601 3935 ποιήσας“
2626 3868 2721 3922 καὶ
2751 3870 2813 3922 τὸ
2845 3870 3020 3939 λέγειν
3046 3872 3234 3936 ἀῖδίως
3270 3870 3603 3942 ωνυφίπιεὲκ

2116 3956 2451 4023 ἀδιαστάτως
2473 3958 2552 4030 τῷ
2576 3959 2694 4031 Θεῷ
2726 3960 2821 4014 τὸν
2844 3962 3067 4033 κόσμον,
3092 3963 3184 4016 τὸν
3208 3965 3281 4017 ὲκ
3312 3966 3407 4036 τῆς
3434 3964 3537 4033 ῦλης
3555 3964 3603 4011 ni

2111 4048 2202 4101 τοῦ
2228 4050 2397 4114 είδους
2418 4052 2692 4123 γεννητῶς
2715 4052 2805 4107 διά
2826 4055 3127 4119 συνθέσεως
3154 4055 3259 4127 τὴν
3286 4056 3497 4130 ὕπαρξιν
3515 4068 3603 4121 7-191

2109 4140 2205 4196 τοῦ
2247 4142 2579 4215 δημιουργοῦ
2617 4144 2871 4199 λαϐόνταο
2923 4146 3017 4200 καὶ
3059 4147 3119 4201 τὸ
3170 4148 3375 4217 λέγειν,
3412 4148 3601 4217 ἄφθαρτα

2110 4235 2206 4289 καὶ
2255 4234 2493 4308 φθαρτὸν
2546 4232 2686 4291 εἶναι
2733 4237 2827 4291 τὸν
2879 4239 3102 4312 κόσμον·
3142 4241 3418 4313 ἄφθαρτον
3458 4241 3531 4311 μὲν
3559 4237 3599 4286 τὶ

2109 4319 2268 4389 εἶναι,
2328 4325 2571 4397 φθαρτὸν
2604 4327 2661 4380 δὲ
2693 4327 2772 4399 τῷ
2818 4330 3192 4401 φρουρεῖσθαν
3237 4334 3338 4386 καὶ
3382 4332 3435 4385 τὸ

2107 4415 2311 4483 γίνεται
2342 4419 2372 4470 6
2416 4417 2637 4489 κόσμος
2682 4419 2743 4472 τὸ
2785 4419 2842 4473 δὲ
2885 4421 3139 4492 γεννητὸν
3189 4422 3455 4494 ἐγχρονοψ
3482 4421 3545 4473 nl
3567 4422 3599 4467 tl

442 4516 622 4571 omnis
649 4514 983 4586 operationis
1028 4523 1082 4571 et
1136 4516 1440 4573 effectionis
1468 4517 1563 4573 Dei
1603 4519 2002 4589 receptaculum

2125 4509 2362 4581 Ξγχρονον
2387 4511 2644 4583 φθαρτόν-
2677 4514 2772 4567 καὶ
2796 4515 2859 4568 τὸ
2891 4513 3089 4584 λέγειν,
3120 4515 3310 4587 πάσης
3334 4515 3547 4587 ποιήσεώς
3564 4528 3596 4561 τε

441 4622 562 4662 esse
601 4607 885 4671 mundum,
922 4615 974 4662 et
1003 4610 1436 4680 corruptibilium
1470 4626 1581 4666 non
1613 4626 1735 4667 esse
1760 4611 2007 4681 Opiﬁcem

444 4696 649 4766 Deum;
686 4698 832 4755 Deus
862 4700 1029 4761 enim.
1062 4709 1120 4753 ut
1149 4702 1326 4770 placet
1355 4704 1691 4773 responsori,
1724 4704 1861 4758 nihil
1878 4711 2010 4759 tem—
2052 4762 2057 4763 ,

442 4790 717 4860 porarium
738 4789 920 4858 tacit;
955 4793 1138 4859 genita
1161 4801 1341 4848 autem
1373 4802 1426 4848 et
1449 4795 1779 4865 temporaria
1798 4796 2005 4863 omnia,

443 4889 502 4933 ut
528 4881 703 4937 eidem
749 4882 948 4951 placet,
998 4898 1215 4953 semper
1262 4887 1642 4955 corruptibilia
1685 4895 1850 4953 sunt;
1890 4887 2005 4942 hac

440 4979 496 5028 et
531 4973 730 5027 similia
778 4987 888 5027 non
922 4990 1110 5028 eorum
1147 4984 1297 5039 sunt,
1327 4977 1421 5047 qui
1472 4986 1761 5048 perspecta
1819 4993 2001 5034 rerum

439 5073 631 5119 natura
662 5063 909 5134 gnaviter
935 5079 1019 5129 ea,
1042 5079 1161 5134 quae
1181 5064 1348 5121 Deum
1372 5075 1426 5121 et
1440 5066 1699 5121 mundum
1731 5074 2001 5138 spectant,

437 5156 834 5221 demonstrent,
861 5157 957 5211 sed
988 5156 1267 5212 hominum
1288 5160 1701 5215 temerariorum
1719 5163 2003 5232 impuden-

437 5257 523 5304 ter
553 5248 607 5303 id
638 5248 783 5318 quod
817 5248 953 5318 ipsis
978 5248 1197 5304 videtur
1229 5249 1297 5305 de
1328 5250 1439 5307 Deo
1470 5259 1525 5307 et
1553 5252 1620 5308 de
1649 5254 1853 5310 mundo
1869 5272 1998 5326 pro—

438 5341 829 5396 nuntiantium.

501 5602 557 5655 2.
594 5600 920 5672 Vituperare
950 5609 1132 5657 autem
1164 5616 1303 5669 eam,
1335 5617 1494 5673 quam
1531 5603 1786 5671 dicimus,
1814 5606 1909 5664 Dei
1942 5609 1996 5664 in

506 5775 526 5805 ⁵
569 5775 694 5830 Dele
724 5778 760 5848 ἦ
794 5784 919 5833 ante
949 5779 1051 5835 ὅτι.
1133 5780 1151 5810 ⁸
1179 5778 1307 5853 Leg.
1346 5779 1780 5853 παραγομένους.

2110 4601 2205 4654 καὶ
2242 4601 2599 4676 δημιουργίας
2637 4604 2771 4658 Θεοῦ
2819 4606 3083 4678 ὑποδοχὴν
3133 4603 3276 4660 εἶναι
3324 4609 3409 4661 τὸν
3448 4606 3593 4671 κόσμτηῖ·

2108 4692 2202 4745 καὶ
2234 4692 2313 4757 τὸ,
2348 4693 2602 4767 φθαρτῶν
2637 4697 2712 4768 μὴ
2746 4692 2886 4751 εἶναι
2922 4698 3249 4770 δημιουργὸν
3288 4700 3381 4754 τὸν
3421 4698 3531 4752 Θεὸν-
3560 4694 3593 4743 ’ῧ

2106 4783 2214 4855 γὰρ
2255 4784 2386 4849 Θεὸς
2432 4787 2572 4841 κατά
2611 4789 2704 4842 τὸν
2746 4789 3183 4861 ἀποκρινάμενον
3223 4792 3379 4845 οὐδὲν
3421 4792 3587 4859 Euam

2106 4878 2265 4929 ποιεῖ·
2299 4875 2371 4930 τὰ
2397 4876 2456 4930 δὲ
2493 4879 2728 4950 γεννητά
2769 4882 2863 4933 καὶ
2895 4882 3128 4953 ἐγχρονα
3160 4884 3347 4938 πάντα
3383 4882 3585 4935 κατίίτέι

2104 4966 2249 5019 ἐστιν
2280 4968 2367 5021 ἀεὶ
2410 4968 2643 5041 φθαρτά⁹
2680 4971 2852 5027 ταῦτα
2883 4974 2977 5026 καὶ
3007 4973 3077 5028 τὰ
3117 4974 3348 5029 τοιαῦτα
3388 4975 3470 5028 οὐκ
3501 4973 3583 5022 ἔπη·

2102 5058 2311 5130 ἀνδρῶν
2351 5060 2462 5115 τῶν
2490 5061 2631 5115 κατά
2664 5062 2763 5134 τὴν
2795 5063 2999 5135 εἴδησιν
3037 5065 3137 5135 τῆς
3180 5065 3295 5119 τῶν
3340 5062 3582 5136 πραγμάτων

2102 5150 2317 5218 φύσεως
2347 5152 2437 5205 διὰ
2476 5155 2729 5222 γενναίας
2774 5156 3097 5223 ἀποδείξεως
3134 5157 3207 5211 τά
3248 5159 3379 5229 περὶ
3404 5153 3478 5209 τοῦ
3502 5148 3579 5203 tle»:

2101 5242 2195 5296 καὶ
2237 5243 2331 5297 τοῦ
2372 5245 2575 5316 κόσμου
2620 5248 3069 5314 ἀποδεικνύντων,
3106 5249 3242 5303 ἀλλὰ
3291 5246 3579 5322 ῥιψοκινὸἑπσ

2101 5337 2435 5409 ἀνθρώπων,
2468 5340 2575 5394 τῶν
2626 5340 2771 5395 κατὰ
2812 5342 2909 5413 τὴν
2953 5343 3339 5413 ἀναισχυντίαν
3379 5341 3431 5394 τὸ
3463 5332 3578 5390 δοπέ-

2100 5430 2280 5491 αύτοίς
2328 5430 2457 5502 περὶ
2508 5431 2601 5484 τοῦ
2654 5432 2787 5485 Θεοῦ
2839 5434 2933 5487 καὶ
2978 5433 3069 5488 τοῦ
3098 5428 3338 5505 ’κόσμου
3377 5432 3577 5497 ἀποφιῆ

2100 5521 2299 5591 μένων.

2167 5612 2221 5667 2.
2262 5612 2336 5666 Τὸ
2439 5614 2682 5680 κακίζειν
2711 5615 2807 5688 μὲν
2839 5616 2935 5687 τῆς
2969 5616 3062 5672 τοῦ
3093 5617 3231 5672 Θεοῦ
3263 5620 3321 5673 ὲν
3345 5618 3415 5689 τῷ
3439 5604 3577 5686 οἰνμῆ
