3690 6492
50 393 82 443 7
865 391 1326 460 QUESTIONES
1355 390 1793 448 ειιιιιετιΑΝκΕ
1827 391 1919 447 AD
1957 391 2271 450 GRAECOS.

3091 391 3225 445 MSS

49 507 221 575 ᾒςεως
256 505 370 576 τῆν
409 505 572 573 λέξιν,
613 506 688 570 ὡς
725 508 800 578 μὴ
835 507 1149 577 πρέπουσαν
1182 506 1320 578 Θεῷ,
1347 505 1554 578 ἀνθρώ-

1729 507 1801 560 :lo
1851 507 2269 570 habitationem,
2324 512 2382 559 ut
2428 503 2538 558 Deo
2572 503 2906 566 indecorum,
2943 502 3225 558 hominum

49 616 60 648 ρ
99 597 226 650 ἐστὶ
264 596 390 652 τῶν
431 599 660 669 ἐχόντων
691 599 712 631 ⁸
742 599 850 652 τῶν
880 600 1095 663 ἀτόπως
1123 598 1426 670 λεγομένων
1458 598 1555 670 τὴν

49 690 223 759 θησιν.
270 691 344 744 Ἥ
380 691 491 762 γάρ
523 692 873 764 κακέμφατος
898 692 1036 757 λέξις
1066 693 1414 763 κακέμφατον
1446 691 1556 762 ἔχει

67 782 168 853 τὴν
205 781 456 837 έννοιαν.
495 785 687 854 Ἡμεῖς
715 785 774 836 δὲ
801 785 902 837 οὐκ
933 784 1211 856 ἐθήκαμεν
1244 787 1301 838 ἐν
1327 787 1391 856 τῇ
1420 787 1557 856 ἐρω-

50 892 99 926 ει
146 875 245 926 τὸν
291 875 506 946 τρόπον
538 877 638 947 τῆς
671 876 764 930 τοῦ
794 875 928 929 θεοῦ
965 878 1023 930 έν
1052 876 1129 948 τῷ
1157 877 1371 948 οὐρανῷ
1403 877 1556 945 οἰκή”

49 985 114 1031 ις,
168 964 232 1020 ὃν
289 969 322 1020 0
375 967 814 1040 ἀποκρινάμενος
865 969 1128 1022 διέϐαλεν·
1184 968 1317 1022 ἀλλὰ
1361 969 1457 1034 τὸ,
1494 971 1554 1023 Εἰ

51 1060 252 1129 ννητός
304 1061 463 1113 ἐστιν
495 1063 525 1114 0
557 1060 803 1132 οὐρανὸς,
835 1062 935 1115 οὐκ
979 1060 1092 1114 ἔστι
1142 1061 1236 1114 τοῦ
1280 1061 1436 1115 Θεοῦο
1464 1062 1558 1115 καὶ

49 1151 304 1219 λέγοντες
357 1155 637 1206 κατοικεῖν
687 1153 777 1206 τὸν
821 1152 953 1207 Θεὸν
998 1154 1057 1207 ὲν
1097 1152 1265 1224 αὐτῷ,
1298 1154 1381 1223 ἐφ’
1400 1152 1556 1225 ὐὸρει

49 1261 165 1297 ουσι
222 1244 324 1298 τοῦ
377 1244 517 1299 Θεοῦ
568 1245 946 1310 κατοικοῦντος
990 1248 1050 1300 ὲν
1084 1246 1163 1317 τῷ
1194 1246 1408 1319 οὐρανῷ
1456 1247 1557 1302 οὐκ

49 1334 136 1389 τοῦ.
176 1330 356 1389 Οῖκον
402 1337 460 1389 δὲ
494 1339 586 1390 καὶ
634 1337 821 1409 θρόνον
861 1336 1088 1409 λέγομεν
1125 1339 1220 1392 τοῦ
1270 1338 1405 1392 Θεοῦ
1465 1339 1555 1392 τὸν

50 1427 201 1491 νανὸν,
229 1427 338 1499 οὐχ
365 1428 446 1492 ὼς
471 1428 563 1483 τοῦ
588 1427 725 1484 Θεοῦ
750 1429 937 1484 τούτου
963 1429 1100 1502 πρὸς
1123 1429 1335 1501 οἴκησιν
1359 1431 1393 1502 ἢ
1420 1428 1556 1503 πρὸς

49 1519 227 1592 ίέδραν
283 1520 621 1591 χρῄζοντος,
677 1521 1089 1595 άπεριγράπτου
1137 1523 1231 1576 καὶ
1275 1521 1556 1586 άνενδεοῦς

49 1613 236 1676 ρτελῶς
267 1615 639 1686 ὑπάρχοντος·
683 1615 798 1670 ἀλλ’
824 1616 912 1669 ἴνα
948 1616 1021 1688 μὴ
1065 1616 1202 1688 πρὸς
1233 1616 1294 1669 τὸ
1329 1615 1556 1687 μέγεθος

49 1704 249 1767 ;αὐτοῦ
286 1706 682 1771 ὑποστάσεως,
717 1707 811 1761 καὶ
843 1707 903 1761 τὸ
934 1706 1209 1778 ἄφθαρτον
1235 1707 1335 1777 τῆς
1367 1706 1554 1770 οὐσίας

49 1799 117 1853 τοῦ
145 1799 495 1871 ἀφορῶντες,
529 1797 662 1853 Θεὸν
699 1799 909 1865 τοῦτον,
937 1800 971 1871 ἢ
1001 1798 1240 1871 ἰσότιμον
1271 1799 1389 1870 Θεῷ
1418 1801 1553 1854 ὐπο-

1656 607 1740 655 cst
1774 614 1883 652 non
1944 599 2364 670 intelligentium
2396 596 2527 668 quid
2581 596 2654 651 sit
2714 594 2950 650 absurde
2993 595 3222 650 dictum.

1659 689 1863 746 Vitiosa
1891 691 2036 745 enim
2070 690 2239 746 dictio
2267 689 2526 743 vitiosum
2560 687 2725 742 habet
2753 693 2806 741 et
2839 702 3082 741 sensum.
3115 685 3227 740 Nos

1657 791 1837 838 autem
1856 799 1963 838 non
1983 785 2267 854 posuimus
2285 785 2339 838 in
2357 779 2784 852 interrogatione
2807 778 3168 850 vituperatum
3194 792 3227 834 a

1657 897 1982 952 responsore
2021 881 2263 944 modum,
2286 894 2396 951 quo
2429 878 2572 935 Deus
2601 879 2808 933 habitat
2844 878 2896 932 in
2926 877 3103 942 coelo,
3131 875 3226 931 sed

1655 973 1737 1029 sic
1767 993 1780 1029 :
1810 972 1867 1028 Si
1899 973 2200 1046 ingenitum
2232 979 2318 1028 est
2357 972 2580 1036 coelum,
2615 987 2726 1026 non
2773 977 2858 1025 est
2889 967 3007 1030 Dei,
3043 976 3113 1046 ει.
3133 965 3227 1037 qui

1656 1064 1846 1121 dicunt
1870 1064 2039 1121 Deum
2065 1066 2122 1119 in
2153 1079 2218 1120 eo
2253 1064 2522 1129 habitare,
2557 1063 2610 1118 id
2639 1064 2694 1119 in
2721 1060 3108 1118 contumeliam
3133 1058 3231 1114 Dei

1655 1156 1845 1212 dicunt
1869 1157 2172 1212 habitantis
2202 1157 2256 1212 in
2281 1156 2422 1211 caelo
2443 1172 2552 1211 non
2576 1171 2696 1212 suo.
2724 1154 2930 1211 SOIium
2966 1160 3145 1208 autem
3175 1159 3230 1207 et

1655 1247 1878 1302 domum
1900 1246 1994 1304 Dei
2013 1248 2248 1304 dicimus
2265 1249 2486 1310 caelum,
2507 1263 2617 1302 non
2643 1246 2786 1318 quod
2807 1262 2872 1302 eo
2900 1246 3139 1315 indigeat
3161 1243 3226 1298 ad

1658 1340 2036 1404 habitandum,
2059 1355 2185 1395 cum
2227 1341 2760 1410 incircumscriptus,
2802 1354 2865 1393 ac
2901 1338 3108 1393 nullius
3151 1336 3228 1392 rei

1657 1447 1884 1503 prorsus
1933 1432 2151 1502 indigus
2201 1431 2293 1486 sit.
2335 1429 2440 1486 Sed
2486 1447 2555 1486 ne
2596 1430 3026 1502 magnitudinem
3081 1428 3229 1486 illius

1655 1521 2029 1578 subsistentia
2071 1529 2126 1577 et
2154 1522 2727 1593 incorruptibilitatem
2777 1521 3098 1578 substantiae
3144 1521 3232 1575 in-

1655 1620 1872 1669 tuentes
1904 1611 2073 1669 Deum
2101 1613 2233 1669 illud
2267 1621 2360 1668 aut
2387 1614 2592 1668 honore
2619 1613 2827 1684 mquale
2882 1611 2993 1668 Deo
3049 1612 3233 1683 suspi-

1655 1721 1877 1774 cemur;
1906 1715 2197 1776 propterea
2233 1722 2497 1763 vocamus
2527 1707 2660 1761 illud
2702 1707 2925 1761 domum
2954 1713 3008 1763 et
3030 1706 3230 1762 solium

1656 1796 1773 1862 Dei,
1789 1797 1874 1851 his
1892 1797 2206 1854 nominibus
2227 1798 2296 1853 ab
2316 1798 2466 1852 omni
2499 1797 2631 1853 illud
2651 1812 2775 1853 cum
2797 1796 2908 1852 Deo
2927 1797 3230 1852 secundum

49 1891 232 1963 ἳωμεν,
265 1890 364 1945 διὰ
397 1890 556 1945 τοῦτο
585 1891 919 1964 ὀνομάζομεν
952 1891 1117 1946 αὐτὸν
1140 1887 1286 1945 οἷκον
1311 1893 1405 1946 καὶ
1431 1891 1555 1963 θρό-

1729 1888 1814 1960 33
1840 1889 2204 1945 substantiam
2232 1897 2287 1946 et
2309 1891 2630 1947 substantiae
2659 1889 3051 1960 appellationes
3079 1904 3233 1944 com-

49 1983 171 2038 ’τοῦ
218 1983 387 2038 Θεοῦ·
443 1983 668 2048 ταύταις
713 1987 835 2047 ταῖς
883 1983 1198 2055 ὀνομασίαις
1245 1985 1427 2056 πάσης
1457 1984 1555 2055 τῆς

49 2075 97 2137 ὅς
125 2074 217 2127 τὸν
249 2075 397 2128 Θεὸν
444 2075 566 2129 κατ’
587 2074 774 2129 οὐσίαν
806 2077 899 2129 καὶ
931 2075 1072 2130 κατά
1104 2076 1202 2140 τὰς
1230 2077 1331 2149 τῆς
1367 2077 1556 2141 οὐσίας

49 2167 341 2240 οσηγορίας
393 2168 684 2231 κοινωνίας
741 2168 902 2222 αὐτὸν
949 2168 1292 2241 χωρίζοντες.
1347 2171 1556 2242 Ὥσπερ

49 2276 72 2330 ρ
101 2260 127 2311 0
159 2254 315 2322 οἶκος
346 2260 445 2312 καὶ
469 2262 498 2313 0
529 2258 717 2330 θρόνος
747 2259 973 2331 ὓστερός
997 2261 1112 2313 ὲστι
1137 2259 1228 2314 τοῦ
1257 2261 1556 2330 πεποιηκό-

49 2369 59 2413 ς
95 2351 284 2418 αὐτὸν,
323 2350 507 2415 οὕτως
546 2353 640 2405 καὶ
683 2353 712 2404 ὀ
753 2351 980 2422 οὐρανὸς
1027 2350 1252 2422 ὓστερός
1298 2355 1415 2406 ἐστι
1457 2352 1552 2406 τοῦ

49 2441 120 2505 οῦ,
147 2443 224 2506 ὡς
259 2443 528 2514 γεννητὸς
559 2443 652 2497 τοῦ
693 2445 1012 2516 άγεννήτου.
1053 2445 1163 2498 Καὶ
1191 2446 1239 2499 εί
1279 2445 1555 2518 ἄφθαρτον

49 2551 190 2604 τομεν
233 2534 328 2590 τὸν
379 2535 612 2606 οὐρανὸν
656 2535 719 2590 τὸ
759 2536 875 2600 νῦν,
909 2537 971 2591 οὐ
1025 2537 1352 2608 συνωνύμως
1391 2538 1556 2592 αὐτὸν

50 2653 51 2662 ι
76 2625 188 2696 Θεῷ
212 2625 561 2697 ὀνομάζομεν
585 2626 880 2698 ἄφθαρτονο
916 2629 945 2681 0
979 2628 1076 2698 μὲν
1105 2626 1215 2700 γὰρ
1240 2627 1371 2692 Θεὸς
1400 2628 1556 2682 ἀκτί-

49 2734 110 2781 ως
148 2719 210 2770 ὲκ
240 2717 346 2788 τῆς
393 2717 561 2772 αὐτοῦ
607 2719 797 2784 οὐσίας
838 2720 931 2774 καὶ
972 2719 1158 2784 ἁῖδίως
1187 2721 1249 2774 τὸ
1279 2719 1554 2793 ἄφθαρτον

49 2825 102 2861 ει·
142 2811 170 2862 0
195 2809 252 2862 δὲ
285 2810 524 2882 οὐρανὸς
556 2810 791 2874 κτιστῶς
824 2812 888 2865 ὲκ
930 2811 1033 2882 τῆς
1062 2810 1156 2864 τοῦ
1189 2809 1324 2864 Θεοῦ
1359 2811 1553 2883 βουλή-

49 2919 109 2965 ως
140 2902 250 2973 ἔχει
292 2905 356 2956 τὸ
397 2902 674 2976 ἄφθαρτον
719 2903 857 2976 πρὸς
889 2903 988 2976 τὴν
1019 2905 1210 2976 χρείαν
1250 2904 1360 2959 τῶν
1406 2905 1549 2977 τῇδε*

49 2993 73 3044 μὶ
120 2992 505 3066 πληρωθείσης
557 2995 655 3066 τῆς
705 2995 925 3067 χρείας,
981 2996 1062 3059 είς
1112 2994 1299 3067 ἓτερον
1354 2997 1554 3069 τρόπον

49 3079 272 3152 έθαρσίας
311 3082 700 3154 μεταφέρεται.
748 3084 804 3138 '0
838 3083 947 3157 γὰρ
970 3083 1214 3149 δεδωκὼς
1241 3085 1392 3156 αὐτῷ
1422 3083 1555 3151 Θεὸς

50 3189 216 3241 ituro;
255 3174 510 3244 μέγεθος,
546 3175 670 3228 ὅσον
699 3175 976 3248 ἠϐουλήθη
1006 3178 1100 3230 καὶ
1138 3177 1238 3249 οὐχ
1263 3178 1386 3230 ὅσον
1430 3178 1556 3248 ἡδυ-

1657 1981 1916 2036 munione
1943 1982 2322 2038 excludentes.
2355 1981 2826 2048 Quemadmodum
2852 1982 2998 2037 enim
3037 1980 3234 2037 domus

1656 2080 1710 2127 et
1728 2073 1924 2129 solium
1942 2075 2244 2145 posteriora
2267 2086 2397 2131 sunt
2421 2091 2487 2131 eo
2508 2077 2600 2143 qui
2629 2075 2721 2131 illa
2747 2073 2873 2130 fecit
2893 2116 2907 2140 ,
2933 2075 3004 2128 ita
3033 2075 3232 2129 coelum

1656 2168 1930 2234 posterius
1950 2167 2082 2232 Deo,
2104 2175 2164 2223 ut
2197 2168 2441 2240 genitum
2469 2168 2733 2238 ingenito.
2766 2167 2922 2234 Quod
2951 2168 2996 2223 si
3029 2165 3234 2222 omium

1656 2258 1712 2312 in
1748 2262 2036 2328 praesentia
2065 2260 2482 2332 incorruptibile
2505 2259 2765 2326 dicimus,
2788 2275 2898 2314 non
2931 2257 3139 2322 itidem,
3174 2264 3238 2310 ut

1657 2349 1848 2419 Deum,
1887 2353 2302 2425 incorruptibile
2329 2353 2586 2410 dicimus.
2615 2351 2747 2406 Nam
2793 2350 2938 2406 Deus
2990 2351 3235 2405 iucreate
3272 2334 3281 2354 ’

1657 2456 1722 2495 ex
1757 2458 1855 2494 sua
1891 2442 2066 2512 ipsius
2101 2445 2344 2498 essentia
2369 2450 2424 2499 et
2463 2443 2791 2513 sempiterne
2835 2440 2998 2496 habet
3047 2440 3230 2494 incor-

1659 2534 2076 2604 rvlptirititatem
2103 2552 2119 2602 ;
2150 2535 2351 2590 caelum
2383 2542 2563 2589 autem
2596 2541 2778 2590 create
2804 2549 2872 2588 ex
2918 2531 3011 2587 Dei
3039 2532 3234 2586 volun-

1657 2631 1768 2680 tate
1792 2644 1804 2678 :
1845 2626 1954 2680 bet
1979 2626 2547 2697 incorruptibilitatem
2567 2627 2632 2682 ad
2647 2642 2804 2682 usum
2819 2623 3105 2696 prmsentis
3129 2631 3238 2678 sta-

1658 2725 1767 2781 tus,
1800 2743 1854 2774 ι,-
1883 2721 2108 2790 .mpleto
2136 2737 2240 2777 usu
2266 2722 2320 2778 in
2353 2723 2519 2778 alium
2551 2719 2882 2776 transfertur
2903 2716 3235 2786 incorrupti-

1658 2809 1888 2867 bilitatis
1934 2813 2178 2869 modum.
2204 2813 2339 2868 Nam
2386 2815 2480 2885 qui
2511 2813 2660 2867 dedit
2687 2815 2736 2868 ei
2788 2811 2932 2867 Deus
2986 2808 3233 2878 corporis

1656 2903 2086 2975 magnitudinem
2121 2914 2382 2976 quantam
2405 2906 2601 2970 voluit,
2627 2921 2738 2959 non
2771 2910 3031 2974 quantam
3057 2901 3236 2972 potuit

1657 2994 1950 3068 (potuisset
1985 3000 2129 3054 enim
2164 3000 2296 3054 illud
2351 3000 2524 3053 multo
2563 2998 2778 3069 majus,
2825 3011 2989 3066 quam
3017 3005 3120 3056 est,
3154 2993 3242 3048 fa~

1655 3089 1825 3157 cere),
1862 3105 2011 3144 nunc
2034 3091 2151 3162 ipse
2179 3092 2390 3154 statuit,
2419 3098 2477 3144 ut
2504 3089 2738 3160 propriis
2762 3088 2961 3144 finibus
2999 3085 3236 3140 circum-

1660 3181 1925 3250 scriptum
1983 3182 2039 3236 in
2068 3182 2587 3253 incorruptibilitate
2622 3187 2937 3251 permaneat
2965 3192 3140 3248 usque
3168 3175 3236 3229 ad

53 3259 108 3332 θη
163 3263 420 3335 (ἠδύνατο
448 3267 557 3339 γὰρ
587 3267 809 3338 ποιῆσαι
842 3268 1004 3322 αὐτὸν
1047 3268 1125 3339 τῷ
1168 3269 1387 3340 μεγέθει
1419 3270 1552 3325 πολὺ

1729 3290 1874 3344 npus
1901 3291 2084 3330 rerum
2136 3275 2191 3330 in
2242 3276 2438 3330 melius
2491 3272 2988 3336 transmutationis,
3041 3284 3239 3326 secun-

49 3349 191 3415 ιίζονα
234 3354 267 3426 ἢ
315 3357 459 3427 ὅπερ
511 3357 674 3428 ἐστί),
726 3357 822 3410 νῦν
868 3358 1029 3423 αὐτὸς
1073 3361 1234 3414 αὐτὸν
1273 3361 1430 3427 ἔταξε
1475 3361 1553 3433 τῷ

1729 3382 1788 3420 ιιι
1822 3367 1979 3422 fidem
2011 3367 2466 3429 orthodoxorum,
2501 3366 2596 3437 qui
2630 3382 2698 3422 ex
2736 3365 2988 3420 doctrina
3029 3361 3234 3432 cogniti

49 3443 154 3512 ιείῳ
179 3445 290 3516 ὅρῳ
330 3448 392 3501 ὲν
433 3447 715 3521 ἀφθαρσίᾳ
763 3450 1058 3521 διαμένειν,
1085 3453 1190 3516 ἕως
1233 3453 1327 3506 τοῦ
1360 3451 1552 3525 καιροῦ

1729 3458 1794 3512 sis
1828 3457 1922 3512 Dei
1953 3457 2122 3513 Deum
2155 3465 2549 3528 cognoverunt,
2576 3465 2630 3512 et
2667 3455 2968 3511 secundum
2993 3452 3239 3507 testimo-

49 3551 80 3600 λς
121 3535 223 3588 τῶν
255 3538 428 3593 ὀντων
467 3542 548 3605 είς
578 3540 639 3593 τὸ
670 3545 914 3614 κρεῖττον
951 3546 1364 3615 μεταποιήσεως
1412 3545 1554 3599 κατὰ

1729 3566 1813 3603 um
1850 3551 2215 3620 responsoris.

49 3643 80 3694 ιν
117 3630 290 3683 πίστιν
321 3631 436 3684 τῶν
479 3631 794 3704 ὀρθοδόξων,
828 3634 937 3686 τῶν
1002 3637 1066 3688 ὲκ
1108 3635 1454 3700 διδασκαλίας
1491 3637 1582 3691 τοῦ
1620 3641 1952 3707 γνωσθέντος
2000 3642 2186 3705 αὐτοῖς
2229 3641 2365 3694 Θεοῦ
2408 3641 2539 3693 Θεὸν
2575 3639 2911 3706 ἐγνωκότων,
2965 3637 3059 3690 καὶ
3123 3634 3235 3706 (99)

49 3718 121 3772 ιτὰ
147 3722 240 3794 τὴν
275 3725 586 3797 μαρτυρίαν
618 3726 710 3780 τοῦ
741 3728 1200 3800 ἀποκριναμένου.

288 3837 472 3891 ΠΡΟΣ
515 3839 697 3891 ΤοΥΣ
742 3841 1089 3895 ἝΛΛΗΝΑΣ
1136 3841 1232 3915 (ιι).

64 3931 119 3976 α’.
153 3927 212 3979 Ἡ
257 3927 422 3998 φύσις
455 3931 488 4000 ὴ
516 3929 743 3984 ποιοῦσα
773 3933 840 3987 τὰ
873 3934 1099 4002 φυσικά,
1140 3936 1236 3989 ἐὰν
1275 3937 1349 4009 μὴ
1385 3954 1560 4009 προη-

49 4015 250 4084 ιυμένως
277 4021 492 4093 γίνηται
523 4022 628 4075 ὐπὸ
654 4023 747 4077 τοῦ
789 4024 863 4096 μὴ
902 4026 1041 4080 κατά
1070 4028 1229 4098 φύσιν
1257 4029 1554 4095 ποιοῦντος,

49 4105 107 4159 ita
137 4110 362 4183 ὑπάρχει
388 4111 516 4167 οὐτε
549 4119 714 4170 ποιεῖ.
1379 4119 1384 4122 ’

67 4201 120 4268 β’.
147 4204 262 4258 Ὅτι
289 4207 388 4279 οὐχ
423 4207 610 4273 ἁπλῶς
642 4209 750 4261 πᾶν
779 4210 1010 4281 πρᾶγμα
1061 4213 1314 4282 γεννητόν
1360 4231 1419 4267 τε
1463 4215 1558 4268 καὶ

50 4294 213 4364 Δαρτὸν
263 4299 321 4351 έν
369 4302 439 4372 τῇ
473 4301 684 4370 γενέσει
722 4301 834 4372 ἔχει
871 4302 964 4355 τὸν
1012 4305 1325 4377 τετραμερῆ
1347 4306 1556 4377 χρόνον,

49 4383 157 4452 ρχὴν
187 4386 275 4439 καὶ
306 4389 566 4452 ἐπίδοσιν,
600 4391 785 4463 ἀκμὴν
835 4393 929 4445 καὶ
971 4394 1294 4464 παρακμὴν,
1329 4394 1466 4449 ἀλλὰ
1496 4396 1559 4449 τὸ

50 4475 144 4529 ύσει
173 4479 204 4550 ἢ
234 4481 398 4556 τέχνῃ
438 4484 743 4555 γινόμενον.

2086 3840 2456 3896 ADVERSUS
2485 3837 2808 3894 GRECOS.

1730 3939 1781 3992 l.
1822 3936 2030 3993 Natura
2055 3951 2177 4008 qua:
2208 3935 2340 3990 facit
2371 3934 2640 3991 naturalia
2665 3975 2680 4000 ,
2714 3935 2819 3990 nisi
2863 3935 3018 4006 prius
3057 3937 3126 3988 ab
3171 3949 3236 3988 eo

1659 4031 1804 4086 facta
1834 4032 1940 4097 sit,
1985 4033 2081 4104 qui
2108 4049 2175 4089 ex
2208 4040 2407 4088 natura
2438 4045 2548 4086 non
2590 4031 2740 4102 agit,
2789 4045 2964 4100 neque
2997 4031 3213 4086 exsistit

1660 4141 1838 4194 neque
1876 4125 2026 4182 facit.

1728 4215 1784 4270 2.
1820 4215 1941 4271 Non
1977 4218 2302 4288 simpliciter
2329 4216 2586 4289 quaelibet
2618 4231 2707 4271 res
2744 4214 2923 4286 genita
2957 4223 3009 4268 et
3044 4227 3235 4266 corru-

1663 4310 1870 4377 ptibilis
1899 4309 1952 4364 in
1983 4311 2336 4382 generatione
2379 4310 2841 4382 quadripartitum
2883 4316 3116 4376 tempus,
3146 4319 3238 4358 or-

1661 4408 1776 4454 tum
1807 4409 1861 4464 et
1891 4409 2137 4466 auctum,
2167 4403 2409 4474 vigorem
2439 4411 2493 4459 et
2516 4413 2791 4460 senectam
2826 4401 3018 4466 habet,
3053 4398 3148 4452 sed
3174 4414 3237 4452 ea

1663 4511 1786 4565 qua:
1807 4503 2002 4550 natura
2033 4496 2118 4550 vel
2147 4504 2263 4550 arte
2295 4496 2375 4552 fit.

70 4575 127 4634 γ’.
175 4572 233 4624 Εἰ
273 4578 386 4639 τοῖς
430 4577 720 4648 ἡμετέροις
768 4577 996 4647 ὀνόμασι
1047 4577 1290 4631 καλεῖται
1341 4582 1369 4633 0
1421 4579 1549 4644 Θεὸς

1729 4587 1783 4642 3.
1815 4585 1873 4641 Si
1903 4587 2221 4643 nominibus
2244 4587 2448 4643 nostris
2467 4586 2610 4642 Deus
2627 4586 2948 4657 appelletur,
2973 4581 3238 4654 quidquid

51 4658 104 4708 ἄν
123 4660 170 4710 εἴ
189 4677 238 4714 τι
262 4665 524 4728 καλεῖται,
548 4667 648 4719 οὐκ
673 4666 820 4720 ἔστιν
845 4667 1056 4739 ἀνάγκη
1079 4669 1307 4722 ἔπεσθαι
1329 4668 1407 4739 τῷ
1439 4670 1557 4740 Θεῴ

49 4749 84 4800 ,ὰ
105 4752 157 4804 τὸ
185 4754 368 4827 ὄνομα,
403 4759 503 4812 ὅσα
532 4759 726 4812 ἕπεται
761 4760 839 4831 τῷ
873 4762 1121 4833 ἡμετέρῳ
1162 4762 1406 4832 ὀνόματι.
1441 4765 1556 4818 Κα-

49 4841 158 4895 sitat
181 4845 232 4899 δὲ
256 4849 283 4900 0
303 4850 436 4915 Θεὸς
471 4853 562 4903 καὶ
593 4850 819 4922 ἀλήθεια
853 4854 946 4904 καὶ
978 4854 1180 4922 ἀγαθός
1201 4871 1213 4884 ’
1250 4856 1343 4908 καὶ
1364 4859 1431 4927 τῇ
1459 4858 1557 4927 μὲν

50 4932 211 5008 ληθείᾳ
241 4942 538 4998 ἀντίκειται
577 4945 638 4998 τὸ
670 4945 884 5014 ψεῦδος,
918 4946 996 5017 τῷ
1039 4947 1094 5000 δὲ
1144 4949 1332 5020 ἀγαθῷ
1362 4951 1424 5003 τὸ
1457 4969 1556 5005 κα-

51 5025 120 5075 όν⁰
149 5033 220 5102 τῷ
249 5035 302 5089 δὲ
327 5038 445 5108 Θεῷ
476 5039 627 5094 οὐδὲν
659 5041 975 5095 ἀντίκειται.
1028 5041 1202 5095 Τοῦτο
1242 5044 1315 5115 μὴ
1359 5045 1560 5116 νοήσας

82 5118 279 5178 Πλάτων
306 5129 624 5184 ὑπεναντίον
661 5147 714 5184 τι
760 5131 1078 5202 ἐδογμάτισε
1111 5133 1190 5204 τῷ
1214 5133 1354 5199 Θεῶ,
1391 5138 1558 5191 κακὸν

50 5215 276 5276 ναγκαῖόν
299 5236 357 5271 τε
381 5222 474 5273 καὶ
491 5221 678 5275 αἲδιον.

81 5343 97 5373 ⁸
119 5345 232 5420 Leg.
270 5355 368 5410 οὐκ
397 5359 648 5428 ἐχόντων.

85 5484 295 5566 {99)_Vel
317 5497 605 5555 delendum
649 5501 762 5566 καί,
812 5503 894 5557 vel
954 5504 1272 5558 vertendum
1315 5523 1326 5558 :
1368 5503 1556 5566 Deum,

49 5559 484 5643 [E_el_i§9$ponsor
509 5559 761 5641 testatur,
789 5573 1322 5643 cognoverunt.-—Ex
1346 5559 1559 5630 Addat-'-

49 5630 104 5696 Its
122 5639 162 5680 et
191 5630 553 5696 Emendandis.

64 5694 900 5809 011131522110$222135:-
920 5712 1558 5809 'I‘E.‘.'i'ff’?}i‘3"2§_z.si‘ic

50 5776 422 5853 Ῐξξῗθτγξιιίοιιεε,
460 5776 604 5853 quae
629 5776 901 5853 praecipue
935 5776 1281 5840 Aristotelem
1329 5786 1552 5850 feriunt,

49 5844 257 5901 'l‘Posiuc
288 5844 500 5908 fuerunt
529 5868 560 5908 a
591 5844 656 5909 ιι.
695 5844 972 5926 Stephano
995 5856 1211 5912 duobus
1234 5856 1392 5924 locis,
1444 5844 1554 5926 pri:

1660 4678 1876 4735 tandem
1918 4679 2253 4749 appelletur,
2294 4695 2518 4734 necesse
2556 4695 2663 4733 non
2695 4687 2776 4732 est
2802 4685 2860 4730 ut
2899 4691 3237 4746 quaecunque

1659 4781 1848 4828 nostro
1873 4773 2131 4843 adjuncta
2162 4782 2291 4828 sunt
2318 4772 2548 4836 nomini,
2575 4788 2636 4826 ea
2659 4771 2769 4827 Deo
2784 4780 3007 4842 propter
3037 4785 3236 4825 nomen

1660 4864 2053 4936 adjungantur.
2115 4864 2353 4919 Vocatur
2410 4872 2590 4919 autem
2646 4863 2789 4920 Deus
2833 4871 2887 4918 et
2935 4864 3140 4919 veritas
3182 4869 3233 4918 et

1658 4958 1855 5012 bonus.
1895 4957 1973 5011 Ac
2003 4956 2216 5011 veritati
2249 4956 2468 5019 falsum,
2500 4956 2646 5010 bono
2673 4956 2968 5024 opponitur
2991 4955 3190 5008 malum
3219 4973 3233 5008 :

1661 5049 1772 5104 Deo
1805 5057 1989 5104 autem
2025 5049 2165 5103 nihil
2188 5049 2500 5119 opponitur.
2529 5047 2641 5102 Hoc
2670 5049 2797 5118 quia
2830 5047 2987 5102 Plato
3019 5047 3238 5118 ignora-

1661 5142 1758 5204 vit,
1791 5142 2125 5196 contrarium
2149 5140 2412 5212 quiddam
2442 5140 2553 5196 Deo
2579 5141 2791 5205 statuit,
2823 5141 3022 5194 rnalum
3045 5155 3236 5195 ncces-

1662 5234 1864 5288 sarium
1891 5244 1946 5289 et
1976 5242 2282 5289 aeternum.-

1661 5519 1810 5558 mum
1841 5503 2062 5573 quidem
2097 5511 2221 5573 post
2261 5504 2705 5559 Confutatlonem
2758 5503 3235 5559 Aristotclicorum

1659 5575 1997 5646 dogmatum,
2017 5575 2213 5630 deinde
2235 5584 2356 5646 post
2385 5575 2723 5646 Quaestiones
2751 5583 2803 5627 et
2829 5573 3236 5646 lleSponsiones

1661 5645 1727 5698 ad
1742 5643 2103 5699 orthodoxos.
2147 5643 2276 5709 Sed,
2308 5647 2453 5714 quod
2511 5645 2728 5699 mireris
2756 5653 2906 5699 tanto
2936 5643 3056 5699 viro
3087 5643 3237 5699 exci-

1659 5715 1829 5777 disse,
1865 5716 2037 5770 multo
2066 5717 2408 5771 accuratiora
2467 5717 2583 5787 hth
2615 5724 2743 5770 sunt
2797 5717 2849 5768 in
2897 5718 3086 5787 priore
3113 5717 3234 5787 loco

1661 5802 1823 5854 quam
1857 5787 1908 5839 in
1948 5797 2253 5856 postremo,
2292 5787 2382 5842 ubi
2405 5786 2568 5842 etiam
2601 5787 2878 5844 nonnullis
2913 5786 3124 5843 lacunis
3148 5786 3237 5840 de-

1661 5859 1894 5913 formata
1923 5871 2069 5914 sunt.
