3662 6494
62 372 169 427 “Gl

954 361 1412 432 QUASSTIONES
1442 355 1886 415 CHRlSTlAN/E
1920 356 2011 410 AD
2044 354 2361 411 GRAECOS.

3139 350 3279 408 “62

112 495 173 559 η’.
208 486 268 539 Εἰ
300 483 440 538 κτιτά
460 484 550 538 τὸν
585 481 956 554 Ἀριστοτέλην
982 483 1106 553 ὅρος
1133 481 1233 551 τῆς
1259 479 1444 543 οὐσίας
1485 476 1603 530 ἐστὶ
1632 494 1647 537 Α

1780 473 1836 528 8.
1876 471 1934 527 Si
1965 472 2267 529 secundum
2301 469 2649 526 Aristotelem
2688 468 2933 525 deﬁnitio
2962 470 3283 526 substantia:

56 582 103 636 τὸ
128 579 223 632 τῶν
264 578 523 632 ἐναντίων
551 576 654 630 ἀνά
678 574 841 647 μέρος
864 574 1130 637 δεκτικὸν,
1171 572 1287 635 πῶς
1316 570 1462 639 λέγει
1493 570 1601 623 πά-

55 673 121 722 λιν
145 674 170 724 ό
198 669 357 733 αὐτὸς
409 667 779 739 Ἀριστοτέλης
805 665 903 737 τὴν
937 663 1066 734 ὕλην
1088 665 1162 735 μὴ
1186 662 1395 725 οὐσίαν,
1439 658 1603 716 οὖσαν

54 764 141 815 τῶν
177 762 431 815 ἐναντίων
477 759 581 814 ἀνὰ
628 759 791 831 μέρος
824 756 1109 828 δεκτικὴν,
1149 755 1250 827 τῆς
1298 754 1603 827 στερήσεως

56 854 141 924 γὰρ
161 853 249 907 καὶ
272 852 438 918 ἕξεως
457 868 473 916 ;

107 947 161 998 Et
206 946 232 997 ὁ
270 943 628 1015 στερούμενος
678 941 788 1013 (10)
833 938 928 994 τοῦ
980 936 1118 992 εἶναι
1152 937 1271 991 τόδε
1308 936 1480 1001 οὕτως
1509 935 1602 990 καὶ

52 1038 126 1088 τοῦ
150 1031 278 1089 εἶναι
311 1035 623 1105 ἐστέρηται,
652 1031 766 1095 πῶς
783 1031 931 1099 λέγει
957 1029 986 1082 ὁ
1009 1027 1385 1101 Ἀριστοτέλης
1415 1026 1604 1099 ἀδύναέ

50 1146 121 1182 τον
156 1129 215 1180 ὲκ
262 1126 355 1179 τοῦ
399 1126 577 1196 πάντη
630 1123 741 1196 (Η)
773 1123 848 1194 μὴ
899 1121 1052 1185 ὄντος
1101 1119 1352 1190 γενέσθαι
1377 1138 1450 1183 τι,
1499 1119 1601 1189 τῆς

51 1220 158 1289 ὕλης
211 1218 331 1271 κατ’
390 1217 553 1271 αὐτὸν
602 1214 925 1287 ἀμφοτέρων
956 1212 1340 1284 στερουμένης,
1373 1213 1468 1266 καὶ
1503 1212 1599 1266 τοῦ

49 1307 179 1373 εἶναι,
200 1309 290 1362 καὶ
312 1308 409 1361 τοῦ
436 1307 553 1361 τόδε
584 1303 754 1372 εἷναι;

103 1402 157 1455 θ’.
190 1402 249 1454 Εἰ
282 1402 348 1452 ἐκ
378 1398 472 1453 τοῦ
505 1400 680 1471 πάντη
711 1399 785 1471 μὴ
807 1400 958 1462 ὄντος
989 1399 1048 1451 οὐ
1085 1398 1293 1468 γίνεταί
1315 1416 1389 1461 τι,
1418 1396 1598 1468 δῆλον,

47 1494 111 1545 ὅτι
153 1494 213 1546 ὲκ
240 1491 334 1545 τοῦ
394 1492 547 1555 ὄντος
579 1491 787 1559 γίνεταί
810 1508 884 1544 τι.
924 1491 1065 1543 Ἀλλ’
1096 1490 1220 1543 ἐπεὶ
1262 1491 1296 1562 ή
1339 1489 1437 1561 ὕλη
1486 1489 1598 1561 (12)

47 1585 193 1648 τοῦτο,
236 1583 354 1648 πῶς
398 1583 655 1655 ἀληθεύει
715 1583 1092 1655 Ἀριστοτέλης
1118 1582 1294 1651 λέγων
1325 1582 1424 1653 τὴν
1467 1581 1599 1653 ὕλην

45 1676 125 1727 οὐκ
153 1676 207 1728 δν
227 1693 240 1742 ;

103 1775 145 1819 ι’.
172 1769 231 1821 Εἰ
268 1768 343 1839 μὴ
376 1767 681 1822 ἀλλοιοῦται
709 1771 742 1839 ἡ
784 1768 907 1840 ὕλη,
943 1769 1002 1820 οὕ
1038 1767 1262 1820 δυνατὸν
1304 1766 1414 1837 (1⁸5)
1447 1764 1598 1835 γενέ-

1703 573 1809 628 est,
1844 573 1906 619 ut
1939 564 2346 621 contrariorum
2379 578 2479 634 per
2502 562 2650 620 vices
2677 561 2751 619 sit
2775 576 2984 632 capax:
3008 564 3283 633 quomodo

1703 671 1901 712 rursus
1933 658 2077 713 idem
2125 655 2261 711 dicit
2293 654 2619 712 Aristoteles
2659 654 2945 709 materiam
3000 669 3112 708 non
3158 670 3281 710 esse

1703 748 2112 815 substantiam,
2144 761 2271 802 cum
2312 747 2385 803 sit
2417 745 2824 802 contrariorum
2864 760 2963 816 per
2991 745 3143 801 vices
3184 760 3280 801 ca-

1703 855 1832 911 pax,
1870 855 2066 911 nempe
2092 837 2419 909 privationis
2445 846 2501 894 et
2524 837 2782 893 habitus?

1773 931 1832 987 Si
1862 931 1957 1001 qui
1986 946 2096 986 non
2124 930 2287 986 habet
2316 937 2377 984 ut
2405 930 2515 985 tale
2549 927 2755 999 aliquid
2784 929 2876 995 sit,
2908 941 3087 999 neque
3113 926 3281 983 etiam

1701 1037 1827 1078 esse
1873 1024 2072 1079 habet:
2123 1023 2399 1094 quomodo
2445 1021 2580 1078 dicit
2626 1022 2952 1077 Aristoteles
3004 1020 3122 1075 ﬁeri
3170 1036 3281 1074 non

1702 1129 1888 1185 posse,
1923 1126 1984 1170 ut
2009 1132 2077 1171 ex
2105 1131 2195 1179 eo,
2222 1116 2372 1186 quod
2396 1114 2621 1171 omnino
2646 1130 2758 1170 non
2785 1122 2891 1178 est,
2926 1112 3133 1184 aliquid
3155 1113 3277 1177 tiat,

1701 1222 1827 1261 cum
1859 1207 2157 1263 secundum
2192 1208 2345 1263 illum
2379 1207 2606 1264 materia
2640 1213 2897 1263 neutrum
2928 1205 3145 1270 habeat,
3181 1219 3280 1260 ne-

1700 1314 1808 1369 que
1838 1307 1899 1354 ut
1932 1300 2024 1367 sit,
2048 1315 2224 1370 neque
2249 1310 2309 1355 ut
2341 1301 2449 1356 tale
2480 1298 2683 1371 aliquid
2710 1298 2821 1355 sit?

1772 1392 1826 1447 9.
1854 1390 1912 1446 Si
1940 1407 2007 1447 ex
2029 1407 2116 1457 eo,
2141 1391 2285 1462 quod
2317 1391 2540 1446 omnino
2564 1406 2675 1445 non
2703 1397 2808 1455 est,
2833 1389 2969 1444 nihil
3001 1388 3277 1460 gignitur,

1700 1492 1911 1539 certum
1939 1491 2025 1539 est
2057 1499 2125 1539 ex
2156 1498 2222 1539 eo
2262 1482 2409 1554 quod
2440 1489 2554 1555 est,
2587 1482 2734 1554 gigni
2779 1482 3004 1552 aliquid.
3038 1478 3193 1546 Quod
3228 1479 3276 1532 si

1699 1576 1755 1630 id
1786 1575 2014 1631 materia
2036 1583 2140 1643 est,
2174 1573 2451 1644 quomodo
2487 1574 2811 1629 Aristoteles
2845 1588 2972 1629 vera
2999 1571 3275 1643 loquitur,

1699 1666 1987 1722 materiam
2017 1682 2128 1721 non
2157 1682 2281 1723 esse
2308 1681 2407 1722 cns
2432 1664 2832 1737 pronuntians?

1774 1757 1862 1812 lO.
1906 1756 1964 1812 Si
1990 1758 2220 1813 materia
2243 1774 2352 1813 non
2376 1758 2721 1821 immutatur.
2757 1754 2874 1810 ﬁeri
2902 1754 3090 1825 nequit
3118 1760 3178 1807 ut
3209 1767 3276 1806 ex

47 1857 144 1910 σθαι
185 1876 237 1911 τι
268 1832 343 1923 bi.
381 1859 575 1930 αὐτῆς.
617 1832 756 1912 Ἀλλ’
791 1861 839 1911 εἰ
869 1832 978 1912 πᾶν
1014 1858 1076 1913 τὸ
1123 1832 1499 1929 ἀλλοιοῦμενον
1533 1858 1597 1911 ὲκ
1628 1832 1647 1887 1

1746 1867 1763 1905 ι
1801 1852 1893 1907 tiat
1924 1851 2153 1922 aliquid.
2194 1851 2301 1907 Sed
2342 1852 2390 1907 si
2442 1850 2709 1923 quidquid
2742 1849 3061 1904 immutatur
3092 1861 3157 1900 ex
3182 1845 3275 1898 tali

44 1946 169 2000 τοῦδε
198 1949 276 2011 εἰς
308 1947 431 2000 τόδε
487 1948 814 2013 ἀλλοιοῦται,
847 1950 947 2003 οὐκ
992 1950 1107 2002 ἐστι
1152 1949 1209 2002 δὲ
1242 1952 1274 2019 ἡ
1311 1949 1409 2020 ὕλη
1442 1948 1558 2001 τόδε
1581 1986 1596 2011 ,

44 2042 123 2093 οὐκ
174 2040 275 2111 ἄρα
326 2040 670 2095 ἀλλοιοῦται⁹
710 2042 790 2096 διὸ
828 2042 949 2095 οὐδὲ
980 2043 1187 2111 γίνεται
1214 2060 1267 2095 τι
1308 2042 1367 2109 ἐξ
1407 2042 1593 2113 αὐτῆς.

99 2227 172 2273 ια’.
202 2221 263 2274 Εἰ
295 2222 371 2294 μὴ
399 2224 467 2277 ἐκ
497 2224 591 2277 τοῦ
627 2224 737 2296 (id)
770 2225 1023 2297 τυχόντος
1045 2227 1125 2290 εἰς
1151 2225 1213 2279 τὸ
1232 2224 1393 2295 τυχὸν
1420 2227 1478 2279 οὕ
1510 2227 1595 2295 γί-

42 2330 162 2368 νεται
182 2316 473 2388 μεταϐολὴ,
509 2317 622 2371 ἀλλ’
652 2320 732 2382 εἰς
756 2319 818 2373 τὸ
847 2319 1086 2373 ἐναντίον
1115 2319 1173 2373 ἐν
1209 2319 1288 2389 τῷ
1320 2318 1467 2389 αὐτῷ
1506 2318 1598 2388 γέ-

43 2402 243 2467 νειηοῖον
268 2410 327 2461 έν
358 2412 429 2480 τῇ
490 2411 733 2482 ποιότητι
767 2411 827 2464 οὐ
856 2411 1061 2479 γίνεται
1099 2409 1368 2482 μεταϐολὴ
1408 2412 1474 2463 ὲκ
1501 2410 1594 2463 τοῦ

44 2496 202 2551 λευκοῦ
242 2501 321 2565 εἰς
358 2501 425 2554 τὸ
474 2502 637 2573 μέγα,
668 2502 781 2557 ἀλλ’
811 2504 891 2567 εἰς
929 2503 990 2555 τὸ
1022 2503 1187 2574 μέλαν
1206 2520 1220 2534 ο
1254 2504 1393 2556 κατά
1423 2502 1475 2555 τί
1502 2498 1595 2555 οὖν

44 2589 403 2653 μεταϐάλλεται
442 2593 604 2664 ήῦλη
647 2593 706 2647 ὲν
729 2596 795 2665 τῇ
831 2595 1042 2664 γενέσει
1080 2594 1186 2647 τῶν
1222 2593 1282 2659 ἐξ
1308 2594 1478 2664 αὐτῆς
1506 2611 1592 2663 γι-

42 2677 245 2745 νομένων
290 2680 514 2745 οὐσιῶν,
557 2681 709 2734 οὐδὲν
752 2681 946 2752 ἔχουσα
988 2682 1278 2752 δυνάμενον
1328 2680 1594 2752 μεταϐάλ-

44 2766 231 2834 Raetici;

96 2861 168 2914 ιϐ’.
208 2863 267 2915 Ei
300 2863 497 2936 ὥσπερ
526 2864 584 2917 ὲν
615 2867 726 2929 τοῖς
756 2864 973 2930 ζωῖκοῖς
1002 2866 1061 2920 τὸ
1088 2865 1226 2930 ζῶον
1259 2867 1353 2919 καὶ
1392 2867 1451 2918 ὲν
1477 2865 1589 2927 τοῖς

44 2956 260 3020 χρωῖκοῖς
292 2955 353 3007 τὸ
387 2954 589 3026 χρῶμα
608 2995 623 3019 ,
654 2954 795 3008 οὕτω
823 2956 918 3009 καὶ
946 2958 1005 3011 ὲν
1032 2959 1143 3019 τοῖς
1170 2955 1374 3020 ὕλικοῖς
1400 2956 1433 3026 ἡ
1464 2954 1585 3025 ὕλη,

44 3044 134 3108 τῶς
170 3047 584 3119 ἀναιρουμένων
624 3048 733 3101 τῶν
771 3048 1004 3113 ζωῖκῶν,
1050 3052 1449 3122 συναναιρεῖται
1489 3049 1586 3103 καὶ

1701 1944 1885 2013 aliquo
1908 1944 1963 1997 in
1986 1945 2094 1998 tale
2125 1943 2333 2014 aliquid
2356 1944 2701 2004 immutatur.
2725 1956 2834 1995 non
2856 1949 2940 1995 est
2971 1948 3150 1993 autem
3173 1938 3278 1992 tale

1697 2034 1903 2105 aliquid
1936 2036 2184 2101 materia,
2218 2050 2319 2091 nec
2353 2033 2586 2107 proinde
2611 2034 2951 2089 immutatur.
2982 2030 3163 2097 Quare
3194 2030 3276 2083 ni—

1696 2129 1775 2183 hil
1806 2132 1866 2183 tit
1894 2144 1962 2183 ex
1990 2143 2077 2185 ea.

1771 2221 1860 2275 11.
1898 2219 1955 2274 Si
1987 2235 2051 2275 ex
2086 2220 2331 2290 quolibet
2366 2234 2478 2274 non
2510 2217 2570 2273 ﬁt
2601 2219 2659 2273 in
2691 2217 2975 2289 quodlibet
3015 2214 3277 2278 mutatio,

1696 2312 1793 2368 sed
1822 2312 1875 2366 in
1909 2311 1964 2365 id
1990 2311 2137 2382 quod
2168 2311 2358 2367 eodem
2394 2310 2451 2364 in
2480 2325 2679 2382 genere
2722 2308 3095 2375 contrarium;
3130 2307 3275 2362 velut

1696 2404 1752 2458 in
1786 2404 2045 2474 qualitate
2064 2418 2174 2457 non
2206 2403 2263 2457 tit
2290 2403 2523 2458 mutatio
2554 2398 2771 2458 candidi
2789 2403 2843 2456 in
2872 2418 3152 2473 magnum,
3178 2401 3277 2456 sed

1696 2498 1753 2551 in
1782 2497 2033 2568 nigrum:
2064 2512 2172 2566 qua
2195 2495 2362 2567 igitur
2383 2510 2444 2550 re
2478 2494 2709 2550 materia
2728 2495 2784 2549 in
2814 2495 3163 2565 generatione
3182 2509 3277 2548 ea-

1695 2599 1838 2651 rum,
1872 2602 1993 2657 quae
2023 2601 2090 2641 ex
2127 2586 2247 2656 ipsa
2276 2584 2435 2650 ﬁunt,
2470 2585 2907 2640 substantiarum
2938 2585 3272 2650 mutabitur,

1694 2691 1818 2733 cum
1852 2678 1992 2733 nihil
2024 2678 2224 2735 habeat
2252 2678 2399 2749 quod
2433 2677 2634 2732 mutari
2664 2678 2878 2750 possit?

1763 2854 1924 2927 535
1960 2854 2047 2910 ίΞο
2079 2853 2170 2920 δί’
2195 2853 2656 2925 quemadmodum
2695 2854 2753 2909 in
2783 2854 3112 2909 animalibus
3154 2856 3273 2909 ani-

1689 2962 1869 3013 mans,
1888 2955 1942 3002 et
1970 2947 2026 3001 in
2049 2947 2309 3002 coloratis
2324 2946 2495 3010 color,
2514 2946 2590 3001 ita
2618 2955 2671 3000 et
2688 2946 2744 3001 in
2764 2947 3139 3003 materialibus
3156 2961 3275 3000 ma-

1689 3039 1965 3109 teriazqui
2000 3038 2058 3092 tit
2087 3048 2176 3103 ut,
2217 3053 2343 3093 cum
2360 3038 2595 3093 sublatis
2624 3038 2953 3092 animalibus
2977 3038 3197 3093 tollatur
3217 3046 3272 3093 et

43 3134 89 3185 τὸ
112 3135 230 3197 ζῶον
246 3154 260 3167 ε
288 3138 384 3192 καὶ
410 3139 825 3210 ἀναιρουμένων
852 3141 959 3194 τῶν
983 3142 1254 3214 χρωῖκῶν,
1280 3145 1582 3214 ἀναιρεῖται
1610 3175 1647 3235 c

1746 3132 1960 3198 limans,
1980 3138 2034 3186 et
2051 3131 2282 3188 sublatis
2303 3130 2567 3186 coloratis
2587 3129 2751 3184 simul
2774 3129 2997 3183 tollatur
3010 3136 3065 3183 ct
3086 3129 3265 3195 color,

45 3228 115 3277 καὶ
144 3229 196 3280 τὸ
232 3230 467 3301 χρῶμα·
513 3232 609 3283 καὶ
651 3232 1058 3303 ἀναιρουμένων
1099 3234 1206 3288 τῶν
1239 3234 1458 3298 ὑλικῶν,
1487 3235 1585 3287 οὐκ
1614 3221 1647 3235 ν

1749 3227 2074 3283 aterialibus
2106 3228 2363 3292 sublatis,
2394 3242 2505 3282 non
2540 3226 2764 3281 tollatur
2791 3233 2845 3279 et
2873 3222 3140 3277 materia?
3172 3221 3271 3275 Sin

42 3319 304 3389 ἀναιρεῖται
331 3322 431 3375 καὶ
470 3323 505 3393 ἡ
536 3321 633 3393 ὕλη
664 3339 678 3387 ;
706 3323 769 3376 Et
792 3324 848 3377 δὲ
886 3328 1285 3398 συναναιρεῖται
1328 3329 1439 3390 τοῖς
1472 3327 1585 3379 ὕλι-

42 3414 180 3484 κοῖςη
209 3413 304 3485 ὕλη
333 3415 471 3485 (15),
494 3416 609 3479 πῶς
644 3417 984 3489 προῦπάρχει
1012 3419 1120 3473 τῶν
1158 3418 1411 3492 ὑλικῶνὴ
1449 3420 1582 3492 ὕλης

95 3511 167 3569 ιγ’.
205 3507 264 3559 Εἰ
290 3507 354 3560 τὸ
380 3508 613 3577 ἀπέχειν
640 3508 736 3561 καὶ
758 3508 819 3561 τὸ
846 3511 1092 3580 μετέχειν
1122 3512 1229 3565 τῶν
1253 3513 1421 3566 ὄντων
1445 3512 1581 3576 ἐστὶ,

40 3590 185 3661 δῆλον,
222 3599 302 3651 ὅτι
344 3600 410 3653 τὸ
438 3599 615 3670 πάντη
652 3598 726 3671 μὴ
765 3599 824 3653 ὃν
853 3601 977 3655 οὕτε
1019 3604 1214 3674 ἀπέχει
1250 3604 1415 3668 τινὸς,
1461 3603 1584 3657 οὕτε

43 3687 237 3757 μετέχει.
271 3691 399 3756 Πῶς
428 3688 523 3746 οὖν
551 3696 768 3766 μετέχει
794 3697 826 3767 ἡ
856 3696 953 3765 ὕλη
985 3698 1083 3768 τῆς
1116 3698 1421 3768 στερήσεως
1441 3737 1455 3761 ν
1488 3697 1582 3750 καὶ

41 3776 124 3827 τῶν
148 3778 247 3850 (16)
274 3783 448 3837 ὄντων
488 3786 589 3839 οὐκ
612 3787 793 3852 έστιν;

93 3868 159 3921 ιδ’.
197 3872 254 3925 Ei
293 3875 559 3931 ἀδύνατον
601 3878 662 3931 τὸ
695 3879 825 3932 αὐτὸ
862 3881 920 3933 έν
959 3880 1039 3951 τῷ
1077 3879 1223 3950 αὐτῷ
1266 3880 1580 3951 ἀμφοτέρας

40 3964 265 4018 κινεῖσθαι
293 3969 395 4031 τάς
434 3972 677 4041 κινήσεις
696 4011 710 4035 ,
754 3970 853 4039 τήν
880 3989 939 4025 τε
964 3973 1107 4027 κατά
1160 3971 1320 4041 φύσιν
1349 3970 1443 4023 καὶ
1482 3972 1579 4041 τὴν

41 4054 161 4122 παρὰ
198 4058 380 4126 φύσιν,
428 4060 547 4125 πῶς
593 4063 621 4115 ὁ
655 4062 803 4132 ἥλιος
842 4064 984 4118 κατά
1024 4064 1186 4134 φύσιν
1217 4064 1316 4133 μὲν
1351 4066 1579 4116 κινεῖται

38 4140 122 4193 ἀπὸ
144 4146 231 4217 τῆς
266 4150 539 4220 ἀνατολῆς
569 4154 648 4215 εἰς
678 4152 849 4218 δύσιν,
881 4157 1033 4227 παρὰ
1075 4157 1237 4225 φύσιν
1266 4155 1320 4208 δὲ
1347 4155 1455 4207 ἀπὸ
1481 4156 1577 4226 τῆς

38 4229 205 4301 δύσεως
255 4244 334 4307 εἰς
389 4244 690 4316 ἀνατολὴν,
743 4247 832 4301 διὰ
879 4249 977 4319 τὴν
1025 4251 1291 4318 σφαῖραν;
1341 4248 1415 4301 Οὐ
1466 4247 1575 4319 γὰρ

37 4322 223 4384 δυνατὸν
246 4335 303 4387 τὸ
328 4336 467 4389 αὐτὸ
494 4339 552 4390 έν
574 4337 650 4408 τῷ
674 4339 821 4410 αὕτῷ
846 4341 943 4406 τάς
972 4342 1219 4405 ἐναντίας
1247 4342 1387 4395 κατά
1415 4343 1576 4412 φύσιν

38 4420 260 4476 κινεῖσθαι
293 4428 563 4497 κινήσεις.

1688 3336 1799 3377 una
1826 3336 1951 3376 cum
1983 3321 2363 3377 materialibus
2394 3321 2558 3376 simul
2589 3318 2818 3375 materia
2848 3316 3059 3373 tollitur
3078 3359 3093 3382 ,
3133 3330 3270 3386 quo-

1688 3416 1852 3471 modo
1874 3415 2028 3486 prius
2054 3415 2273 3471 exsistit
2303 3415 2532 3469 materia
2556 3428 2720 3483 quam
2750 3410 3053 3465 materialia
3072 3409 3098 3462 ἲ

1758 3512 1847 3566 l5.
1907 3510 1966 3565 Si
2011 3526 2200 3566 carere
2229 3516 2283 3566 et
2318 3509 2565 3580 recipere
2591 3509 2800 3564 entium
2849 3514 2935 3562 est
2959 3545 2975 3570 ,
3012 3505 3183 3574 liquet
3213 3504 3268 3559 id

1685 3603 1831 3673 quod
1859 3604 2084 3657 omnino
2115 3618 2225 3657 non
2256 3609 2375 3666 est,
2409 3617 2510 3657 nec
2544 3615 2734 3656 carere
2762 3600 2872 3654 ulla
2902 3614 2961 3653 re
3004 3613 3106 3652 nec
3144 3612 3266 3652 eam

1683 3694 1946 3765 recipere.
1971 3692 2258 3760 Quomodo
2286 3693 2454 3764 igitur
2483 3692 2842 3764 privationem
2878 3689 3072 3760 recipit
3094 3695 3267 3744 mate-

1684 3788 1784 3850 ria,
1817 3801 1938 3857 quae
1964 3801 2031 3841 ex
2061 3787 2280 3842 entibus
2308 3800 2419 3840 non
2441 3786 2561 3842 est?
3091 3842 3095 3847 ,

1756 3881 1841 3934 14.
1877 3878 1933 3934 Si
1961 3880 2299 3949 impossibile
2330 3886 2417 3935 est
2458 3889 2518 3935 ut
2546 3879 2689 3934 idem
2723 3879 2775 3933 in
2806 3878 2998 3934 eodem
3030 3884 3266 3949 utroque

1682 3973 1940 4027 incitetur
1976 3980 2151 4037 motu,
2185 3980 2239 4028 et
2267 3986 2333 4027 eo
2360 3972 2457 4042 qui
2486 3972 2644 4042 juxta
2673 3979 2926 4027 naturam
2948 4011 2962 4036 ,
2996 3977 3051 4024 et
3076 3985 3142 4025 eo
3167 3971 3259 4040 qui

1682 4072 1877 4136 praeter
1916 4074 2171 4120 naturam
2199 4072 2315 4131 est,
2346 4065 2623 4135 quomodo
2672 4065 2753 4121 sol
2795 4063 2955 4134 juxta
3004 4069 3257 4117 naturam

1680 4156 1899 4227 quidem
1928 4157 1998 4212 ab
2038 4157 2249 4212 oriente
2277 4165 2531 4211 movetur
2562 4157 2617 4211 in
2652 4157 2987 4212 occidentem
3010 4195 3025 4221 ,
3062 4162 3259 4225 prater

1679 4259 1933 4306 naturam
1966 4262 2146 4306 autem
2175 4251 2245 4306 ab
2291 4251 2578 4306 occidente
2619 4250 2674 4304 in
2704 4250 3008 4313 orientem,
3038 4258 3257 4318 propter

1678 4341 1898 4413 globum
1928 4341 2042 4396 sive
2068 4339 2373 4409 sphaeram?
2392 4337 2534 4393 Fieri
2565 4337 2708 4392 enim
2741 4336 2929 4406 nequit
2950 4344 3008 4389 ut
3034 4334 3175 4388 idem
3199 4335 3254 4388 in

1678 4433 1866 4497 eodem
1903 4444 2097 4487 natura
2124 4432 2418 4487 contrariis
2446 4430 2753 4484 concitetur
2779 4428 3039 4483 motibus.

92 4518 155 4563 ιε’.
194 4515 294 4570 Τοῦ
330 4519 485 4595 ἡλίου
529 4520 604 4592 μὴ
633 4520 816 4585 ὄντος,
853 4525 1103 4596 περιττὸς
1130 4520 1198 4596 ἦν
1223 4528 1250 4578 ὁ
1273 4523 1564 4596 ὀφθαλμός⁸
1604 4514 1647 4569 υ

1750 4524 1837 4579 15.
1874 4521 1931 4578 Si
1964 4524 2046 4580 sol
2075 4539 2183 4578 non
2204 4530 2370 4587 esset,
2399 4536 2838 4592 supervacaneus
2854 4528 2998 4575 esset
3024 4520 3248 4585 oculus;

36 4602 108 4653 καὶ
140 4608 224 4662 τοῦ
259 4610 542 4682 ὀφθαλμοῦ
593 4614 668 4684 μὴ
715 4614 894 4680 ὄντος,
942 4618 1192 4688 περιττὸς
1230 4612 1297 4687 ἦν
1334 4618 1361 4669 ὁ
1388 4616 1563 4687 ἥλιος·

36 4694 123 4745 ἀλλ’
148 4700 319 4772 ἐπειδὴ
342 4703 411 4755 δι’
440 4703 698 4775 ἑκάτερον
722 4707 1015 4775 ἀναγκαῖος
1041 4708 1315 4779 ἑκάτερος,
1345 4708 1568 4778 γενητὸς

36 4783 117 4854 ἆρα
140 4790 408 4864 ὲκάτερος.
429 4793 504 4845 Τὸ
530 4795 638 4867 γὰρ
680 4796 942 4869 ἀγένητον
963 4799 1032 4852 δι’
1064 4798 1217 4851 οὐδέν
1264 4800 1411 4851 ἐστιν
1435 4798 1566 4866 ἀγέ-

36 4894 177 4947 νητον,
218 4885 348 4941 ἀλλά
386 4886 456 4939 δι’
479 4887 611 4941 αὐτὸ
653 4889 833 4957 μόνον,
879 4891 1080 4962 μᾶλλον
1130 4892 1186 4945 δὲ
1221 4891 1279 4944 οὐ
1305 4890 1371 4944 δι’
1400 4891 1561 4944 αὐτό·

1673 4623 1727 4672 et
1756 4616 1801 4671 si
1829 4616 2026 4671 oculus
2072 4632 2183 4670 non
2227 4623 2374 4671 esset
2400 4654 2415 4680 ,
2460 4628 2900 4684 supervacaneus
2949 4618 3096 4667 esset
3143 4613 3247 4668 sol.

1675 4704 1782 4762 Sed
1813 4722 1938 4761 cum
1956 4717 2186 4779 uterque
2208 4716 2430 4778 propter
2458 4714 2754 4776 utrumque
2779 4705 2851 4759 sit
2878 4704 3246 4769 necessarius,

1674 4802 1889 4871 genitus
1924 4801 2172 4874 profecto
2203 4813 2452 4871 uterque.
2504 4800 2640 4855 Nam
2672 4800 2727 4855 id
2755 4799 2900 4870 quod
2942 4798 3245 4869 ingenitum

1672 4903 1776 4958 cst,
1810 4895 2016 4951 nullius
2062 4895 2237 4966 gratia
2273 4894 2572 4966 ingenitum
2605 4902 2724 4958 est,
2768 4892 2865 4949 sed
2896 4901 3116 4962 propter
3140 4891 3247 4946 sei-

36 4969 234 5031 ἀναίτιον
261 4980 372 5051 γὰρ
404 4978 466 5032 τὸ
492 4980 732 5035 ἀναίτιον
760 4982 894 5054 (17).

1746 5004 1830 5043 um
1869 4988 2156 5053 duntaxat,
2187 5003 2251 5042 ac
2280 4988 2461 5058 potius
2500 5002 2569 5042 ne
2599 4993 2822 5058 propter
2845 4986 3086 5055 seipsum
3118 4984 3244 5054 qui-

1671 5081 1815 5139 dem.
1842 5081 2047 5137 Practer
2073 5096 2297 5138 causam
2316 5081 2459 5137 enim
2489 5089 2592 5147 est,
2624 5080 2783 5151 cujus
2806 5094 2975 5135 causa
3001 5093 3109 5133 non
3132 5083 3239 5132 est.

1670 5255 1828 5295 verse
1853 5241 1916 5293 ὲκ
1941 5238 2035 5293 τοῦ
2058 5237 2253 5292 λευκοῦ
2301 5241 2381 5303 εἰς
2412 5239 2537 5293 ἄλλο
2577 5256 2650 5302 τι,
2695 5238 2807 5291 ἀλλ’
2830 5238 2909 5300 εἰς
2953 5235 3014 5287 τὸ
3049 5231 3233 5303 μέλαν.

1670 5308 1841 5382 Paulo
1869 5318 1994 5380 post
2031 5311 2214 5381 priore
2251 5311 2371 5366 loco
2402 5311 2600 5382 legitur
2628 5308 3017 5381 μεταϐλήσεται
3048 5312 3101 5358 et
3133 5319 3238 5372 μη-

1669 5380 1755 5433 δὲν
1787 5380 1911 5434 έγου
1919 5398 2004 5434 σα.

1742 5442 1853 5520 (13)
1887 5454 1953 5505 Εἰ
1976 5451 2044 5503 δὲ
2071 5492 2086 5504 .
2125 5493 2137 5504 .
2178 5492 2191 5504 .
2224 5451 2340 5505 τῶν
2370 5450 2595 5506 ὑλικῶν
2639 5452 2677 5519 ἡ
2715 5449 2850 5515 ὕλη.
2886 5442 3009 5497 Haec
3032 5442 3233 5497 desunt

1669 5522 1848 5591 priore
1868 5522 2007 5576 loco.

1741 5592 1850 5664 (16)
1872 5592 1983 5646 Καὶ
2015 5592 2133 5645 τῶν
2165 5593 2372 5664 ὄντων.
2404 5590 2711 5645 Posteriore
2758 5588 2879 5642 loco
2928 5590 2982 5639 et
3022 5583 3077 5637 in
3104 5581 3226 5637 aliis

1668 5663 2000 5718 editionibus
2034 5664 2157 5716 ἐπεὶ
2178 5664 2285 5717 τῶν
2306 5663 2490 5715 ὄντων.

1741 5732 1849 5805 (17)
1896 5735 2069 5791 Ἀλλὰ
2108 5776 2117 5787 .
2157 5775 2166 5787 .
2208 5776 2218 5787 .
2250 5732 2313 5786 τὸ
2338 5732 2619 5787 ἀναίτιον.
2646 5727 2771 5785 Haec
2802 5729 3024 5785 deerant
3046 5722 3233 5793 priore

1666 5803 1804 5859 loco.

88 5223 189 5306 (10)
218 5231 280 5306 ξι
299 5234 339 5306 ῥ
378 5233 798 5306 στερούμενος.
830 5234 894 5290 R.
922 5235 1234 5306 Stephanus
1265 5234 1569 5306 posteriore

143 5287 197 5387 Ie}
225 5287 553 5387 Sjl'burgius‘
586 5287 634 5356 ἐξ
654 5287 769 5387 Δδὲβ
798 5287 1174 5387 στερὂύῖεήγος·

36 5364 482 5497 ρὴξὶξιξ)ῐηξ1ἀντηῖ’
512 5371 673 5429 Deest
728 5375 782 5428 in
831 5364 1012 5446 priore
1066 5364 1190 5431 loco
1246 5382 1388 5448 apud
1444 5382 1569 5437 Stc-

155 5454 233 5491 11111
242 5480 256 5493 .

91 5504 373 5593 (βλ-Ἅλυς
399 5514 452 5566 εὶ
470 5514 542 5593 -ῄι
559 5514 714 5593 ﬁrm.
774 5515 1088 5593 Stephanus
1116 5519 1422 5588 posteriore
1442 5523 1567 5577 loco

36 5574 429 5656 etlﬁylbtirgius
458 5574 572 5656 ἀλλ’
605 5574 726 5656 ἐπεὶ
772 5574 894 5656 ὕληῖ

92 5644 185 5769 (ᾗ)
222 5644 607 5707 Οὐνδυνατόν.
648 5654 711 5711 R.
751 5644 1062 5725 Stephanus
1102 5660 1404 5728 posteriore
1441 5661 1565 5716 loco

97 5714 156 5769 δι’
179 5718 395 5769 humilis
426 5723 681 5769 ἀδύνατον
705 5736 759 5769 pl
781 5743 900 5769 mnu
925 5729 987 5769 οὐ
1015 5730 1220 5769 vium-ni
1244 5747 1289 5769 τι

36 5720 75 5762 t‘l
97 5714 681 5797 ξχιιὺιιξείυεκμάδῦνατον
705 5736 759 5779 et
781 5714 904 5781 mdx
925 5729 987 5779 οὐ
1015 5714 1220 5796 γίνὲταὶ
1240 5714 1312 5782 τι.

94 5785 185 5853 (Η)
219 5785 306 5847 ἘΞ
337 5792 461 5849 τοῦ.
493 5793 657 5854 Iidem
687 5797 885 5854 habent
916 5800 963 5851 εξ
984 5785 1059 5855 ,ἐκ
1084 5799 1199 5866 τοῦ,
1224 5809 1274 5856 et
1295 5817 1415 5857 mox
1440 5817 1564 5874 per-
