3662 6480
394 341 529 397 1463

380 549 527 619 quod
571 551 830 621 gignitur,
859 550 1113 621 gignatur
1135 551 1353 622 quidem
1384 550 1682 606 secundum
1708 565 1954 614 causam,

1147 335 1508 392 APPENDIX.
1544 365 1613 376 —
1647 334 1829 388 PARS
1860 333 1900 390 Ι.
1939 334 1998 389 S.
2034 333 2296 389 JUSTINI
2332 333 2557 389 ΟΡΕΒΑ
2598 331 2871 388 SPURIA.

455 456 541 510 16.
584 455 641 511 Si
675 455 791 513 fieri
823 472 932 513 non
965 465 1180 528 potest,
1212 466 1456 528 tempore
1486 466 1735 512 exstante
1758 496 1774 522 ,
1808 464 1867 510 nt
1899 457 1953 511 id
1982 458 2028 514 Δ

3484 337 3590 391 μω

2127 458 2223 516 ις’.
2266 451 2329 503 Εἰ
2359 450 2622 505 ἀδύνατον
2660 451 2858 523 χρόνου
2899 446 3055 511 ὄντος
3082 448 3145 502 τὸ
3173 450 3453 519 γενόμενον
3474 458 3591 520 γενέ-

2061 540 2185 594 σθαι
2214 542 2314 611 μὲν
2346 543 2467 594 κατ’
2494 541 2692 605 αἰτίαν;
2723 540 2784 593 οὑ
2811 540 2953 593 κατὰ
2980 540 3176 610 χρόνον
3200 539 3286 605 δὲ,
3304 541 3417 605 πῶς
3441 543 3591 611 λέγου-

383 657 491 695 non
536 658 668 698 vero
701 644 1003 698 secundum
1045 652 1293 714 tempus:
1343 642 1617 713 quomodo
1657 642 1831 697 Graeci
1872 644 1959 698 dir

2118 650 2144 687 ν
2172 635 2222 686 οἱ
2270 635 2533 706 Ἕλληνες
2569 634 2656 688 τὸν
2684 636 2893 706 κόσμον
2919 632 3251 704 γεγενῆσθαι
3290 634 3405 687 κατ’
3430 638 3591 702 αἰτίαν,

385 740 553 795 cunt,
596 732 860 787 mundum
901 732 1143 801 genitum
1178 748 1300 787 esse
1344 732 1644 787 secundum
1683 747 1906 788 causam
1935 772 1954 799 ,

386 839 494 877 non
518 832 697 879 autem
728 823 1027 878 secundum
1055 825 1307 895 tempus?

458 914 547 969 17.
582 914 638 967 Si
662 914 775 968 ﬁeri
801 928 910 967 non
941 922 1119 983 potest
1143 922 1201 968 ut
1217 916 1669 989 mundusahsque
1689 935 1833 977 anno
1852 923 1950 989 sit,

350 1006 662 1078 .quomodo
682 1014 918 1060 aeternus
940 1013 1025 1061 est
1056 1014 1111 1061 et
1143 1006 1437 1077 ingenitus,
1478 1025 1603 1066 cum
1637 1026 1816 1071 annus
1846 1031 1956 1071 non

388 1101 460 1153 sit
505 1107 780 1163 :cternus,
825 1097 920 1154 sed
952 1114 1019 1153 ex
1066 1101 1301 1155 circuitu
1336 1104 1545 1159 dierum
1592 1109 1958 1177 complurium

387 1200 602 1247 constet
619 1193 643 1245 ?

459 1285 545 1339 18.
574 1283 631 1339 Si
653 1301 828 1343 annus
850 1291 1086 1359 genitus,
1119 1293 1395 1362 quomodo
1418 1295 1657 1366 ingenita
1680 1308 1732 1351 et
1756 1310 1956 1355 aeterna

388 1392 509 1445 quae
534 1378 587 1432 in
618 1394 763 1435 anno
782 1382 946 1437 sunt?

2056 725 2152 777 καὶ
2176 724 2237 778 οὐ
2266 724 2407 778 κατὰ
2436 725 2625 797 χρόνον
2643 742 2660 791 ;

2131 940 2215 1005 ιζ’.
2260 941 2323 994 Εἰ
2354 941 2609 996 ἀδύνατον
2634 942 2727 998 τὸν
2749 944 2955 1016 κόσμον
2983 941 3124 1000 εἶναι
3167 948 3338 1019 χωρὶς
3367 951 3591 1016 ἐνιαυτοῦ,

2060 1030 2179 1095 πῶς
2207 1031 2376 1096 ἀΐδιος
2410 1032 2504 1085 καὶ
2531 1033 2801 1105 ἀγένητος,
2834 1037 2863 1088 ὁ
2891 1036 3115 1106 κόσμος,
3133 1038 3230 1091 τοῦ
3258 1041 3489 1096 ἐνιαυτοῦ
3518 1047 3590 1097 οὐκ

2061 1119 2213 1185 ὕντος
2242 1122 2435 1187 ἀϊδίου,
2474 1124 2585 1177 ἀλλ’
2623 1127 2687 1180 ἐκ
2713 1128 2812 1197 τῆς
2840 1127 3090 1198 περιόδου
3132 1130 3391 1186 πλειόνων
3415 1136 3591 1208 ἡμερῶν

2060 1213 2123 1265 τὸ
2149 1210 2293 1267 εἶναι
2319 1214 2570 1285 ἔχοντος

2133 1314 2223 1378 ιη’.
2242 1308 2306 1360 Εἰ
2330 1310 2604 1380 γενητὸςὸ
2637 1313 2909 1379 ἐνιαυτὸς,
2927 1314 3044 1379 πῶς
3082 1316 3328 1387 ἀγένητα
3367 1321 3452 1371 καὶ
3482 1321 3588 1375 m2:

2062 1398 2128 1452 τὰ
2153 1400 2213 1452 ὲν
2243 1400 2321 1471 τῷ
2344 1402 2613 1474 ὲνιαυτῴ;

396 1556 3586 1615 _______________________________.

1377 1712 1977 1801 ΕΡΩΤΗΣΕΙΣ
2050 1717 2659 1807 ΕΛΛΗΝΙΚΑΙ

1551 1891 1728 1944 ΠΡΟΣ
1755 1892 1931 1946 ΤΟΥΣ
1961 1894 2419 1950 ΧΡΙΣΤΙΑΝυΥΣ

753 2040 889 2106 Περὶ
918 2040 1025 2093 τοῦ
1056 2041 1391 2109 ἀσωμάτου,
1419 2043 1517 2097 καὶ
1547 2045 1677 2112 περὶ
1707 2046 1825 2099 τοῦν
1846 2048 1994 2102 Θεοῦ
2019 2048 2119 2103 καὶ
2150 2054 2283 2120 περὶ
2312 2051 2422 2122 τῆς
2450 2054 2841 2123 ἀναστάσεως
2871 2057 2991 2113 τῶν
3020 2062 3273 2130 νεκρῶν.

1351 2293 2146 2397 QUIESTIONES
2215 2304 2666 2395 GBIEC/E

1722 2487 1815 2542 AD
1845 2488 2306 2549 CHRISTIANOS

985 2638 1075 2697 De
1103 2640 1502 2721 incorporeo,
1543 2654 1599 2704 el
1634 2644 1708 2706 de
1738 2647 1889 2718 Deo,
1927 2656 1983 2707 et
2015 2648 2087 2709 de
2118 2651 2601 2714 Resurrectione
2630 2660 3047 2713 mortuorum.

470 2896 515 2953 i.
553 2897 708 2956 Unde
744 2914 959 2960 constat
995 2923 1063 2963 an
1103 2910 1311 2982 aliquid
1348 2915 1420 2969 sit
1454 2916 1868 2988 incorporeum,
1912 2930 1967 2976 et

2141 2928 2209 2975 a'.
2248 2921 2420 2975 Πόθεν
2462 2920 2619 2993 δῆλον
2657 2921 2706 2973 εὶ
2734 2918 2850 2972 ἐστι
2875 2935 2929 2971 τι
2954 2915 3273 2988 ἀσώματον,
3300 2917 3390 2969 καὶ
3422 2916 3462 2969 εἰ
3487 2915 3595 2966 ἐστίν

392 3006 459 3044 an
491 2994 563 3045 sit
586 2994 1001 3065 incorporeum?

463 3084 517 3138 2.
560 3083 717 3143 Unde
761 3098 1007 3157 constat,
1065 3094 1245 3164 ipsum
1290 3097 1347 3151 in
1402 3100 1587 3169 seipse
1643 3100 1767 3157 esse
1810 3118 1972 3173 posse

393 3185 545 3229 extra
579 3192 811 3250 corpus,
846 3191 901 3236 et
926 3198 1056 3237 num
1086 3186 1157 3240 sit
1186 3187 1366 3258 ipsum
1394 3191 1450 3245 in
1492 3193 1677 3263 seipse
1714 3194 1972 3266 incorpo-

395 3273 590 3326 reum?

466 3362 521 3420 5.
564 3363 721 3422 Unde
743 3376 891 3438 patet
918 3386 986 3426 an
1014 3387 1244 3444 corpore
1272 3374 1560 3442 pulchrius
1602 3378 1676 3432 sit
1718 3379 1976 3451 incorpo‘

397 3469 548 3509 reum
573 3498 595 3523 ,ν
623 3465 677 3513 et
705 3475 775 3514 an
805 3476 1033 3533 corpore
1057 3478 1166 3518 non
1198 3464 1483 3534 pulchrius
1512 3467 1938 3540 incorporeum?

466 3642 519 3697 4.
567 3641 708 3707 Quid
758 3652 846 3699 est
886 3644 1309 3715 incorporeum:
1359 3656 1617 3703 utrumne
1649 3649 1867 3717 anima,
1902 3667 1972 3705 an

396 3734 595 3789 melius
629 3735 832 3798 anima,
864 3738 1034 3791 veluti
1065 3736 1245 3793 Deus?

466 3829 521 3884 5.
558 3826 676 3894 Qua
704 3843 764 3883 re
793 3829 976 3885 diﬂ‘ert
1008 3832 1190 3885 anima
1223 3847 1253 3885 a
1294 3830 1447 3887 Deo?

467 3922 521 3979 6.
559 3922 625 3976 Et
646 3921 791 3977 unde
810 3922 980 3994 liquet
997 3938 1066 3978 an
1091 3940 1319 3996 prorsus
1348 3926 1420 3982 sit
1441 3925 1624 3982 Deus?

470 4013 521 4068 7.
554 4014 633 4068 Ac
659 4015 709 4068 si
740 4013 884 4070 Deus
919 4024 1038 4082 est,
1072 4018 1424 4087 quaerendum
1460 4034 1589 4073 num
1621 4017 1788 4075 faciat
1827 4020 1973 4077 fece-

2074 3015 2362 3084 ἀσώματον
2384 3029 2399 3078 ;

2145 3107 2211 3177 β’.
2253 3105 2424 3160 Πόθεν
2446 3106 2627 3177 δῆλον,
2652 3106 2735 3159 ὅτι
2761 3104 2894 3159 αὐτὸ
2922 3103 3008 3172 ἐφ’
3038 3100 3241 3155 ἑαυτοῦ
3269 3100 3473 3153 δύναται
3494 3093 3595 3149 εἶναι

2074 3200 2229 3265 ἐκτὸς
2272 3198 2524 3271 σώματος
2542 3240 2557 3265 ,
2600 3197 2694 3252 καὶ
2741 3198 2789 3249 εί
2819 3196 2967 3249 ἐστιν
3004 3194 3140 3249 αὐτὸ
3167 3193 3252 3263 ἐφ’
3281 3190 3458 3247 ἑαυτοῦ
3488 3190 3592 3244 ἀσώ-

2076 3310 2243 3364 ματον
2262 3310 2277 3358 ;
3575 3371 3590 3380 _

2144 3393 2212 3455 γ’.
2254 3384 2423 3439 Πόθεν
2452 3382 2608 3455 δῆλον
2644 3384 2693 3435 εί
2731 3380 2847 3433 ἔστι
2885 3379 3105 3434 κάλλιον
3147 3377 3208 3431 τδ
3248 3378 3510 3447 ἀσώματον
3530 3377 3594 3425 τοὶ

2076 3478 2345 3549 σώματος,
2391 3476 2487 3530 καὶ
2532 3477 2581 3528 εί
2620 3475 2679 3527 οὐ
2719 3472 2938 3527 κάλλιον
2978 3472 3038 3525 τὸ
3077 3472 3367 3541 ἀσώματον
3409 3467 3487 3521 τοῦ
3523 3463 3595 3516 σώ-

2077 3584 2244 3639 ματος
2264 3584 2278 3631 ;

2144 3658 2205 3710 δ’.
2249 3657 2315 3710 Τί
2340 3659 2455 3709 ἐστι
2483 3656 2543 3709 τὸ
2568 3654 2857 3725 ἀσώματον
2876 3671 2891 3683 ’
2934 3654 3168 3725 πότερον
3205 3650 3370 3721 ψυχὴ,
3411 3647 3440 3717 ἢ
3464 3645 3593 3716 κρεῖτ-

2075 3767 2165 3803 τον
2191 3748 2390 3817 ψυχῆς,
2420 3740 2530 3799 οἷον
2554 3745 2721 3809 Θεός;

2146 3845 2208 3891 ε’.
2249 3837 2361 3891 Καὶ
2386 3836 2489 3890 τίνι
2516 3834 2767 3906 διαφέρει
2793 3832 2941 3904 ψυχὴ
2970 3832 3107 3885 Θετδῦ
3129 3850 3144 3896 ;

2150 3938 2221 3995 ς’.
2263 3929 2375 3982 Καὶ
2402 3928 2564 3981 πόθεν
2586 3926 2743 3999 δῆλον
2768 3928 2817 3979 εί
2843 3925 2981 3989 ὅλως
3015 3924 3135 3977 ἐστὶ
3164 3923 3331 3986 Θεὸςξ

2144 4020 2210 4084 ξπ
2248 4019 2361 4072 καὶ
2399 4020 2447 4071 εἶ
2485 4017 2602 4071 ἔστι
2643 4016 2811 4081 θεὸς,
2860 4013 3125 4086 ζητητέον
3166 4012 3275 4065 εἴτε
3319 4012 3475 4073 ποιεῖ,
3518 4007 3591 4059 εἴτε

400 4106 535 4161 ritve
566 4106 884 4175 aliquando,
916 4107 1227 4165 facturusve
1250 4110 1321 4165 sit
1344 4110 1626 4181 quidpiam
1646 4112 1970 4182 aliquando?

2118 4110 2299 4183 ποίησέ
2324 4128 2457 4163 ποτε
2476 4150 2490 4175 ,
2522 4109 2631 4163 εἴτε
2658 4109 2753 4161 καὶ
2784 4107 2972 4177 μέλλει
2996 4108 3171 4158 ποιεῖν
3196 4105 3255 4157 τὸ
3292 4105 3319 4157 ὃ
3345 4102 3390 4155 τί
3411 4114 3542 4157 mea;

468 4198 523 4253 8.
556 4198 621 4253 Et
640 4214 709 4253 an
732 4198 943 4265 fecerit,
974 4200 1225 4266 faciatve,
1252 4200 1565 4258 facturusve
1586 4202 1692 4258 sit?

2145 4211 2218 4275 η’.
2256 4204 2368 4257 Καὶ
2407 4202 2517 4255 εἴτε
2545 4201 2821 4271 ἐποίησεν,
2850 4198 2962 4251 εἴτε
2988 4201 3169 4263 ποιεῖ,
3201 4195 3311 4249 εἴτε
3337 4194 3543 4262 ποιήσεις

468 4291 525 4347 9.
557 4291 625 4345 Et
651 4292 783 4363 quid
809 4293 995 4361 faciat,
1024 4303 1080 4349 et
1112 4294 1385 4364 quomodo
1417 4293 1578 4349 faciat
1606 4336 1622 4360 ,
1654 4310 1753 4350 sua
1778 4295 1970 4351 volun-

2144 4296 2210 4350 θ’.
2248 4297 2360 4350 Καὶ
2386 4295 2438 4349 τί
2464 4298 2640 4360 ποιεῖ,
2667 4294 2763 4348 καὶ
2790 4293 2907 4357 πῶς
2932 4294 3111 4356 ποιεῖ,
3141 4290 3255 4343 εἴτε
3281 4288 3409 4361 μετὰ
3430 4284 3591 4358 βουλῆς.

398 4391 534 4449 tate,
559 4399 628 4439 an
652 4392 846 4455 praeter
868 4387 1238 4442 voluntatem?

472 4475 638 4548 536
669 4477 759 4532 10.
795 4475 862 4532 Et
896 4477 943 4533 si
966 4486 1157 4548 suapte
1189 4479 1505 4545 voluntate,
1536 4478 1975 4535 instrumentone

402 4584 568 4632 usus,
594 4583 664 4623 an
693 4566 901 4639 absque
925 4569 1332 4626 instrumento?

476 4660 567 4714 11.
600 4659 669 4713 Et
702 4660 747 4717 si
779 4667 974 4729 prater
1005 4660 1357 4727 voluntatem,
1384 4669 1568 4717 utrum
1588 4661 1755 4717 etiam
1779 4670 1979 4733 praeter

2078 4388 2187 4445 εἴτε
2218 4389 2313 4443 καὶ⁸
2344 4388 2473 4442 ἄνευ
2504 4388 2726 4459 βουλῆς;

2151 4484 2202 4531 ι’.
2247 4478 2359 4532 Kal.
2395 4481 2441 4532 εἰ
2483 4478 2621 4549 μετὰ
2658 4476 2888 4549 βουλῆς,
2929 4475 3150 4548 ὀργάνῳ
3189 4472 3524 4547 κεχρημένος.
3564 4460 3585 4531 ἦ

2078 4570 2204 4625 ἄνευ
2232 4570 2461 4642 ὀργάνου
2482 4586 2497 4634 ;

2151 4670 2238 4716 ια’.
2291 4662 2403 4714 Καὶ
2447 4664 2495 4715 εἰ
2531 4661 2660 4715 ἄνευ
2714 4659 2933 4731 βουλῆς,
2986 4661 3217 4731 πότερον
3264 4658 3455 4725 ἀλόγως
3493 4649 3588 4703 ποιεῖ

405 4752 674 4805 rationem
707 4750 840 4806 facit
868 4751 988 4806 sine
1022 4752 1353 4822 cogitatione
1381 4760 1435 4807 et
1460 4754 1875 4824 deliberatione,
1906 4771 1970 4810 an

2118 4771 2204 4806 νευ
2231 4751 2468 4815 διανοίας
2500 4752 2597 4805 καὶ
2623 4752 2966 4821 ἐπισκέψεως
2985 4791 2999 4815 ,
3026 4750 3061 4821 ἣ
3095 4749 3237 4820 μετά
3272 4764 3407 4809 τινος
3429 4738 3585 4809 ἐπικρί-

406 4857 532 4895 cum
563 4841 746 4912 aliqua
776 4841 969 4910 judicii
1000 4844 1475 4899 consideratione?

478 4932 567 4987 12.
599 4932 667 4987 Ει
712 4934 758 4988 si
806 4950 930 4988 cum
962 4936 1432 5005 consideratione,
1475 4953 1582 5008 qua
1625 4953 1684 4993 re
1725 4937 1979 5007 indigens

406 5021 853 5079 consideratione
888 5039 1026 5094 opus
1058 5025 1262 5080 habet?
1298 5026 1392 5081 Sin
1426 5028 1631 5099 absque
1662 5027 1979 5083 considera-

404 5117 573 5178 tione,
601 5127 837 5183 quanam
862 5118 1074 5169 ratione
1097 5116 1553 5187 investigandum.

2079 4860 2252 4908 σεως

2148 4935 2237 4988 ιδ’.
2267 4934 2379 4987 Καὶ
2408 4936 2455 4987 εί
2487 4934 2626 5005 μετὰ
2653 4932 2986 5003 ἐπικρίσεως
3007 4971 3023 4995 ,
3053 4930 3204 4994 τίνος
3246 4927 3413 4999 ἐνδείᾳ
3437 4922 3585 4989 ἐπικρί-

2077 5045 2213 5092 σεως
2237 5027 2408 5080 δεῖται
2434 5044 2448 5094 ;
2474 5027 2525 5078 εἰ
2551 5025 2611 5078 δὲ
2635 5024 2876 5094 ἀκρίτως
2896 5063 2910 5087 ,
2946 5023 3088 5093 ποίῳ
3114 5022 3193 5093 τῷ
3217 5023 3359 5091 λόγῳ
3380 5019 3585 5089 διερευνη-

2076 5118 2216 5171 τέον.

476 5206 565 5261 15.
598 5203 666 5258 Et
696 5204 745 5258 si
777 5202 971 5259 demus
1011 5204 1125 5259 ﬁeri
1156 5206 1453 5276 quidquam
1494 5208 1564 5263 ab
1601 5223 1702 5272 eo,
1744 5224 1877 5264 num
1920 5209 1970 5265 id

2152 5216 2245 5277 ιγ’.
2282 5206 2394 5261 Καὶ
2420 5208 2468 5260 εί
2497 5205 2720 5277 δοίημεν
2742 5205 2993 5274 γίνεσθαί
3030 5224 3085 5259 τι
3113 5205 3243 5277 παρ’
3268 5200 3440 5264 αὑτοῦ,
3471 5195 3579 5249 τάπ’

405 5297 552 5366 quod
572 5296 651 5360 ﬁt,
687 5296 1100 5366 incorruptibile
1132 5312 1203 5351 an
1231 5300 1633 5368 corruptibile?
1665 5299 1741 5353 Ac
1775 5300 1819 5354 si
1854 5300 1977 5370 qui-

406 5388 529 5442 dem
558 5388 1002 5458 incorruptibile,
1040 5388 1353 5443 dubitamus
1382 5404 1450 5442 an
1479 5390 1623 5459 quod
1644 5391 1866 5445 omnino
1895 5392 1977 5446 fa-

2079 5317 2171 5373 ρον
2208 5300 2268 5352 τὸ
2306 5299 2591 5370 γινόμενον
2627 5297 2909 5370 ἄφθαρτον
2945 5297 2978 5367 ἢ
3010 5297 3285 5368 φθαρτόν;
3334 5293 3420 5345 καὶ
3450 5290 3488 5340 si
3516 5284 3581 5353 μὲν

2077 5392 2347 5464 φθαρτὸν,
2388 5390 2700 5462 ἀποροῦμεν
2741 5392 2787 5443 εἰ
2832 5390 2893 5443 τὸ
2933 5389 3069 5453 ὅλως
3107 5388 3332 5459 γενητὸν
3376 5381 3580 5451 ᾰοθαρτω

406 5485 557 5531 ctum
591 5480 683 5543 sit,
719 5479 1133 5551 incorruptibile
1155 5495 1278 5536 esse
1305 5480 1499 5550 possit,
1523 5487 1578 5535 et
1602 5496 1707 5551 qua
1735 5484 1970 5539 ratione?

2118 5480 2473 5549 ὂναταιεῖναι,
2490 5485 2585 5537 καὶ
2600 5484 2737 5554 ποίῳ
2757 5483 2838 5553 τῷ
2865 5484 3045 5553 λόγῳ;
3077 5481 3192 5535 Καὶ
3216 5483 3263 5534 εἰ
3290 5478 3580 5559 φθείρεταίνῗί

412 5567 549 5625 Etsi
578 5571 789 5637 interit,
823 5589 933 5643 qua
976 5589 1037 5629 re
1073 5572 1331 5628 differunt
1364 5573 1685 5630 immortalis
1710 5588 1877 5644 opera
1908 5575 1970 5629 ab

2118 5576 2322 5650 ‘.¢(pép€t
2348 5578 2416 5631 τὰ
2441 5576 2535 5631 τοῦ
2561 5575 2828 5632 ἀθανάτου
2856 5576 2994 5648 ἔργα
3016 5574 3127 5628 τῶν
3149 5559 3577 5645 ἀνθρωπίνων(ίὸλὲ

486 5703 595 5787 (18)
620 5707 1054 5787 θἈνθρωπινων.
1088 5712 1251 5771 Deest
1277 5714 1370 5768 καὶ
1400 5709 1522 5785 γάρ,
1538 5722 1628 5769 aut
1687 5714 1891 5786 aliquid
1937 5731 1966 5774 ε

2122 5758 2135 5773 .
2183 5716 2350 5777 Paulo
2403 5724 2528 5773 ante
2586 5718 2689 5787 leg.
2723 5718 2817 5770 καὶ
2869 5716 2918 5769 εἰ
2955 5716 3054 5786 μὲν
3110 5715 3446 5787 ἄφθαρτον..
3478 5698 3577 5757 ηκῧλ

413 5772 549 5840 ποίῳ
575 5772 736 5845 λόγῳ.
