3662 6500
65 344 185 399 1435

886 348 1351 416 ρυΕδΤΙΟΝΕΞ
1428 360 1713 420 GRAECA:
1787 364 1881 417 AD
1954 360 2434 422 CHRISTIANOS.

3150 383 3172 435 l
3183 384 3287 440 466

63 460 483 514 πολλαπὶασίονα
519 462 705 533 χρόνον
746 465 1004 532 πολλάκις
1041 472 1212 527 πολλὰ
1262 475 1463 529 τούτων
1501 476 1580 529 δια

1756 484 2012 539 umanis?
2040 501 2166 539 nam
2202 487 2394 542 horum
2437 488 2669 558 plurima
2720 506 2862 561 sape
2907 494 2973 549 ad
3023 499 3287 568 multipli-

65 550 197 619 μένει
272 550 371 603 τοῦ
436 554 754 621 ποιήσαντος
827 558 995 611 αὑτοῦ
1069 562 1409 636 φθαρέντος,
1471 566 1610 620 αὐτὰ

61 640 297 710 ἄφθαρτα
314 680 330 705 ,
360 641 425 711 ἢν
449 642 586 707 τέως
610 644 684 707 ὡς
699 642 787 699 ἐπ’
805 649 1171 722 οἰκοδόμων...
1197 655 1451 711 τοιούτων
1477 657 1607 729 (19).

122 815 192 866 ιδ’.
220 814 336 868 Καὶ
374 817 420 868 εί
447 817 726 889 φθείρεται
750 822 809 875 τὸ
833 825 1118 895 γινόμενον
1154 830 1306 898 παρά
1332 832 1423 885 τοῦ
1451 832 1609 898 Θεοῦ,

60 909 184 971 τίνος
224 910 398 980 κακίᾳ
439 910 746 982 φθείρεται,
786 916 879 969 τοῦ
920 920 1303 994 ποιήσαντοςῆ
1330 924 1424 977 τοῦ
1457 941 1613 993 γεγο-

60 1000 189 1059 νότος
207 1037 222 1059 ,
251 998 284 1068 ἧ
311 1016 458 1063 τινος
475 993 678 1065 ’ἔξωθεν
703 1004 1022 1059 ὑπεναντίου
1048 1011 1329 1080 γινομένου
1354 1013 1431 1084 τῷ
1457 1017 1613 1086 ποιή-

59 1107 229 1155 σαντις
261 1092 331 1143 Ὃ
382 1109 435 1144 τι
470 1091 516 1144 δ’
555 1093 621 1147 ἂν
660 1095 840 1150 αὐτῶν
890 1098 1252 1171 ὑποθώμεθα,
1304 1105 1481 1175 δῆλον,
1528 1111 1611 1162 ὅτι

55 1182 135 1235 τοῦ
173 1183 503 1253 ποιήσαντος
548 1187 799 1257 ἡκακία.
849 1190 974 1243 Εἴτε
1020 1193 1131 1264 γάρ
1172 1195 1231 1249 τὸ
1267 1200 1489 1265 γεγονὸς
1527 1202 1614 1256 διά

53 1291 157 1327 τινα
206 1274 454 1345 ἔμφυτον
497 1279 689 1334 ἑαυτοῦ
738 1283 938 1337 κακίαν
980 1284 1185 1354 ὀφείλει
1233 1290 1537 1364 φθαρῆναι,
1584 1297 1613 1348 6

55 1364 267 1434 ποιήσας
308 1364 518 1431 αἴτιος,
560 1369 641 1422 ὅτι
679 1370 915 1425 τοιοῦτον
965 1374 1102 1427 αὐτὸ
1153 1378 1428 1449 ἐποίησεν,
1473 1382 1613 1437 ὥστε

53 1455 511 1526 ὑπολιμπάνεσθαι
573 1463 631 1513 ἐν
681 1462 859 1534 ἑαυτῷ
913 1466 1080 1519 κακόν
1114 1485 1199 1521 τι·
1251 1471 1363 1524 εἴτε
1417 1473 1613 1540 ἔξωθέν

54 1548 151 1600 ἐστί
186 1566 237 1602 τι
278 1551 603 1607 ὑπεναντίον
640 1553 718 1624 τῷ
752 1558 1074 1628 ποιήσαντι,
1115 1561 1209 1614 καὶ
1246 1562 1419 1628 οὕτως
1450 1569 1614 1623 κακία

52 1640 128 1692 τοῦ
164 1644 567 1714 πεποιηκότος,
616 1646 705 1701 διά
739 1647 800 1701 τὸ
833 1649 907 1721 μὴ
948 1649 1208 1708 δύνασθαι
1244 1664 1614 1732 κατακρατεῖν

53 1731 141 1785 τῶν
183 1734 450 1789 ἐναντίων
480 1752 494 1767 ·
551 1739 661 1792 εἴτε
708 1741 773 1793 ἐκ
819 1740 910 1794 τοῦ
961 1745 1285 1815 ποιήσαντος
1332 1751 1365 1821 ἠ
1421 1731 1608 1818 κακία,

51 1822 312 1893 πρόδηλον,
340 1823 421 1888 ὡς
444 1825 607 1891 αὐτὸς
632 1829 660 1881 6
684 1830 871 1894 κακός.
899 1830 1081 1886 Ταῦτα
1109 1835 1206 1904 μὲν
1234 1838 1610 1909 περὶτούτων,
1646 1858 1686 1913 Β

51 1914 165 1979 τέως
207 1917 269 1969 ἐκ
313 1918 532 1973 πολλῶν
573 1920 760 1990 ὀλίγα*
800 1925 849 1975 εί
876 1923 982 1993 γὰρ
1020 1924 1310 1998 ἐθέλομεν,
1350 1932 1610 2005 ζητητέον

51 2007 128 2059 καὶ
162 2008 213 2060 τί
256 2012 380 2063 ἐστι
420 2011 584 2083 σῶμα
625 2014 722 2068 καὶ
760 2017 823 2069 ἐκ
864 2015 1025 2072 τίνων
1061 2020 1121 2073 τὸ
1159 2022 1351 2092 σῶμα,
1386 2026 1609 2092 καὶτὰς

52 2098 127 2152 ἐπὶ
158 2099 369 2165 τούτοις
416 2104 673 2174 ἀπορίας.
719 2108 902 2164 Ταῦτα
947 2111 1005 2165 δὲ
1055 2114 1192 2182 τέως
1237 2118 1495 2183 ἐάσαντες
1531 2120 1607 2185 ὡς

52 2190 287 2247 ἑνούντων
314 2195 429 2266 (20)
462 2198 627 2269 μηδὲν
654 2201 761 2254 τῶν
790 2203 1033 2274 ἀπόρων,
1063 2209 1203 2273 τέως
1235 2211 1609 2282 τῶνγενναιο-

51 2282 349 2377 τὲρωνᾲὸντι
390 2287 672 2361 θαύματος
711 2294 1017 2371 ἁξιουμένῳ
1058 2300 1167 2355 ἀπὸ
1204 2302 1310 2356 τῶν
1339 2306 1465 2377 περὶ
1505 2307 1606 2376 τῆς

50 2373 377 2467 ἀναστάσεως
426 2380 622 2449 λόγων.
685 2385 779 2439 Ἓν
829 2389 936 2461 γάρ
990 2409 1044 2445 τι
1090 2392 1200 2447 τῶν
1235 2373 1465 2451 εὐτελῶν
1491 2373 1604 2467 (2i)

49 2465 241 2537 ἀπόρων
264 2468 376 2525 τῶν
401 2474 555 2544 παρά
582 2478 694 2541 τοῖς
732 2477 1092 2552 λιθοκαρδίοις
1126 2488 1461 2558 κινουμένων
1487 2465 1605 2542 ἐστι

103 2648 156 2701 Ei
179 2651 285 2722 γὰρ
308 2652 414 2719 δεῖ,
460 2654 616 2727 φησὶ,
644 2656 815 2725 σώους
855 2662 1176 2721 ἀνίστασθαι
1203 2668 1329 2731 τοὺς
1361 2670 1604 2723 τετελευ-

51 2736 272 2803 τηκότας,
305 2738 451 2804 πῶς,
494 2742 543 2793 εί
574 2743 815 2817 συμϐαίη
865 2747 1153 2821 ἄνθρωπον
1198 2753 1491 2809 ἀποθανεῖν
1519 2760 1603 2824 είς

50 2824 307 2894 θάλατταν,
350 2827 475 2886 εἶτα
502 2832 783 2905 βρωθέντα
817 2839 1003 2893 τοῦτον
1050 2843 1155 2897 ὑπὸ
1196 2846 1413 2916 ἰχθύων,
1444 2846 1601 2917 αὖθις

50 2918 133 2971 ὑπὸ
158 2920 327 2975 ἀλλων
356 2922 665 2995 ἀνθρώπων
702 2934 1121 3009 καταϐρωθῆναι
1158 2938 1245 2993 διὰ
1272 2940 1454 3010 μέσων
1495 2943 1602 2998 τῶν

53 3009 238 3077 ἰχθύων,
257 3015 380 3079 πῶς
410 3016 478 3070 ἂν
507 3019 768 3074 ἀναλάϐοι
800 3024 900 3089 τὰς
928 3026 1139 3099 σάρκας
1166 3009 1377 3096 τάςείς
1404 3033 1600 3100 ἄλλους

49 3101 333 3173 ἀνθρώπους
356 3109 908 3184 καταδαπανηθείσας
928 3135 942 3183 ;
965 3121 1036 3173 Ἦ
1059 3122 1165 3192 γὰρ
1181 3122 1366 3177 τοῦτον
1388 3126 1598 3199 ἀνάγκη

50 3197 171 3265 παρὰ
214 3199 312 3263 τὰς
366 3201 582 3274 σάρκας
645 3206 941 3279 ἀναστῆναι
985 3211 1052 3276 ἃς
1101 3214 1304 3284 ἔφαγον
1355 3219 1403 3271 οἱ
1449 3196 1599 3274 ἄλλοι
1627 3196 1668 3252 C

49 3288 289 3361 ἄνθρωποι
326 3294 420 3348 διὰ
460 3296 642 3364 μέσων
690 3298 799 3351 τῶν
845 3302 1064 3373 ἰχθύων,
1115 3307 1298 3373 καθὼς
1344 3311 1604 3379 πολλάκις

46 3380 227 3452 είρηται
247 3402 261 3416 ’
297 3386 330 3457 ἦ
357 3387 623 3453 ἐκείνους,
661 3391 797 3463 μέλη
828 3394 935 3447 τῶν
963 3397 1171 3451 ἑαυτῶν
1207 3402 1602 3473 σαρκῶνάπαι-

49 3475 342 3543 τουμένους,
393 3479 699 3534 ἀποθέσθαι
747 3484 843 3536 καὶ
884 3485 1121 3553 ἐλλιπεῖς
1175 3491 1459 3558 γενέσθαι,
1512 3496 1601 3549 ἴνα

47 3565 461 3639 ἀποπληρώσωσι
508 3572 569 3625 τὸ
609 3573 855 3629 ἐλλεῖπον
908 3578 1015 3633 τῶν
1054 3582 1144 3634 ὑπ’
1180 3584 1361 3637 αὐτῶν
1400 3585 1600 3651 ἀδίκως

50 3657 508 3731 καταϐρωθέντων.
560 3665 673 3718 Καὶ
715 3669 888 3723 ταῦτα
931 3667 1019 3726 οἷα
1068 3673 1337 3741 γελῶντες
1374 3679 1421 3730 οί
1456 3678 1599 3732 λιθο-

49 3748 226 3819 κάρδιοί
264 3772 453 3823 φασιν.
517 3756 658 3825 Ἐγὼ
705 3758 763 3813 δὲ
812 3764 1117 3836 παρακαλῶ
1172 3768 1328 3831 ἐκτὸς
1364 3770 1597 3842 ἀπορίας

47 3849 520 3903 κατασκευαστικὸν
561 3848 718 3920 λόγον
746 3853 844 3923 τῆς
870 3858 1215 3923 ἀναστάσεως
1246 3861 1457 3931 μαθεῖν,
1506 3865 1596 3918 τὸν

47 3930 89 3995 ἐξ
126 3936 357 4009 ἀνάγκης
384 3939 802 4005 ἀποδεικνύντα,
828 3945 910 3998 ὅτι
939 3948 1150 4018 ἀνάγκη
1184 3930 1325 4002 εἶναι
1358 3950 1595 4004 ἀνάστα-

46 4038 109 4075 σιν
135 4025 215 4080 διά
235 4046 403 4082 τινων
429 4031 825 4086 ἀποδεικτικῶν
868 4036 961 4089 καὶ
990 4036 1205 4107 ἀληθῶν
1244 4039 1437 4108 λόγων.
1474 4041 1594 4095 Τῶν

45 4114 128 4185 γὰρ
155 4120 480 4188 ἀποδείξεων
523 4126 852 4196 ἐρρωμένων
885 4130 1006 4193 ταῖς
1054 4129 1354 4201 ἀληθείαις,
1402 4133 1593 4187 οὐδένα

44 4206 127 4260 τῶν
181 4212 427 4285 ἀποριῶν
473 4215 631 4285 λόγον
688 4213 746 4271 εὖ
803 4218 916 4273 ἴστε
962 4224 1291 4293 ποιήσομαιο
1336 4224 1431 4278 καὶ
1485 4226 1592 4297 γὰρ

44 4297 211 4356 ἄτοπον
254 4308 349 4359 καὶ
402 4307 707 4377 φιλόνεικον
754 4314 892 4385 πρὸς
943 4316 1263 4389 ἐρρωμένην
1322 4317 1592 4382 ἀπόδειξιν

43 4391 211 4450 ἐθέλειν
234 4399 460 4465 ἐρίζειν.

96 4632 739 4725 ΑΠΟΚΡΙΣΕΙΣ
777 4644 1521 4731 ΧΡΙΣΤΙΑΝΙΚΑΙ

42 4767 161 4834 πρὸς
185 4773 287 4839 τὰς
314 4777 762 4855 ξρίορῤηρείσας
789 4781 1112 4855 ἐρωτήσεις
1140 4785 1260 4855 ἀπὸ
1288 4786 1400 4855 τῆς
1425 4790 1593 4841 εὐσε-

315 4846 477 4911 ϐείας
509 4846 629 4900 τῶν
652 4846 926 4918 φυσικῶν
948 4846 1274 4924 λογιὸίμῶν.

96 4947 238 5009 Οὗτοι
262 4960 311 5012 οἱ
341 4960 492 5028 λόγοι
514 4962 614 5013 οὐκ
638 4963 743 5015 εἰσὶ
792 4963 1008 5034 λογικαὶ
1036 4967 1281 5038 ἀπορίαι,
1310 4969 1425 5023 ἀλλ’
1449 4974 1589 5043 ἐρω-

42 5042 192 5110 τήσεις
216 5048 450 5124 ἄτεχνοι.
483 5052 540 5106 '0
562 5053 670 5125 γὰρ
691 5054 846 5125 λόγος
867 5060 894 5111 6
924 5061 1344 5127 κατασκευάζων
1366 5042 1589 5132 λογικάς

42 5132 256 5207 ἀπορίας,
293 5146 352 5197 ἐν
409 5147 525 5208 τοῖς
577 5147 884 5214 ἀκολούθως
921 5168 1037 5215 πως
1089 5152 1399 5225 λεγομένοις
1434 5158 1590 5210 συνά-

43 5241 108 5318 ’ἷξε
139 5231 238 5306 (22)
268 5237 328 5291 τὸ
343 5239 548 5293 ἄτοπον
577 5257 590 5269 ·
612 5235 744 5305 οἷον,
782 5245 942 5313 μόνος
981 5247 1009 5297 6
1039 5246 1323 5317 ἄνθρωπος
1343 5249 1587 5318 γελαστι-

42 5317 133 5373 κόν*
150 5328 247 5380 πᾶν
262 5331 583 5398 γελαστικὸν
602 5333 758 5397 ξῶοψ
784 5336 944 5405 μόνος
959 5338 1065 5409 ἄρα
1077 5339 1105 5390 6
1120 5338 1404 5414 ἅνθρωπος
1423 5341 1581 5406 ζῶον⁸

47 5562 56 5579 ε
98 5498 194 5573 (l9)
234 5508 541 5579 Τοιούτων.
582 5506 896 5579 Legendum
928 5513 1153 5567 καὶτῶν
1174 5517 1432 5571 τοιούτων
1457 5519 1582 5572 ίδεῖν

44 5576 241 5659 Elii-tntum
269 5579 482 5659 monuit
511 5576 865 5659 Sylburgius,
916 5586 1009 5652 qui
1059 5585 1192 5641 illud
1225 5588 1290 5659 ἢν
1321 5589 1459 5652 τέως
1486 5606 1582 5659 pa-

44 5646 141 5691 rum
171 5642 271 5701 huc
301 5649 481 5703 facere
520 5642 793 5705 observat.

76 5708 198 5799 γμιὲθ)
240 5716 582 5799 Ἐνούγτων.
610 5718 756 5799 Lego
783 5722 1129 5799 ἀνυόντωνει
1160 5741 1285 5799 mo_x
1318 5728 1577 5799 ζητητέον

42 5787 128 5829 των
155 5790 531 5859 γενναιοτέρων
552 5808 603 5844 τι
621 5787 714 5843 καὶ
733 5790 1005 5865 θαύματος
1033 5793 1199 5860 ἄξιον.
1232 5787 1392 5855 [τοίιὲ
1414 5787 1581 5856 etiam,

1714 585 1836 630 cata
1856 585 2125 648 tempora,
2153 595 2217 635 eo
2244 595 2274 634 a
2302 597 2411 652 quo
2442 582 2585 636 facta
2611 594 2740 637 sunt
2762 594 3041 656 corrupto,
3074 605 3285 658 perma-

1712 679 1844 724 nent
1875 672 1993 741 ipsa
2020 673 2363 745 incorrupta,
2396 677 2538 731 sicut
2570 677 2625 730 in
2659 678 2976 736 architectis
2994 682 3286 739 similibus-

1712 777 1818 832 que
1850 777 2075 821 cernere
2106 774 2209 821 est.

1787 854 1874 908 ιιι.
1907 853 2040 911 Etsi
2064 857 2249 912 interit
2281 860 2423 929 quod
2457 876 2487 914 a
2520 860 2630 917 Deo
2652 871 2735 919 est
2771 864 2996 927 factum,
3022 865 3183 935 cujus
3210 867 3284 920 vi-

1713 945 1790 1001 tio
1825 946 2029 1015 interit,
2054 950 2370 1016 factorisne,
2403 968 2469 1006 an
2498 953 2618 1023 ejus
2656 957 2799 1025 quod
2836 957 3039 1011 factum
3073 966 3181 1022 est,
3211 973 3282 1012 an

1716 1038 2022 1108 cujuspiam
2057 1043 2310 1107 externi,
2346 1044 2491 1114 quod
2525 1047 2758 1100 creatori
2803 1048 2875 1101 sit
2904 1051 3237 1103 contrarium
3258 1050 3285 1105 ἲ

1715 1127 2092 1200 Quodcunque
2116 1148 2243 1188 vero
2274 1135 2466 1191 borum
2499 1141 2846 1209 posuerimus
2872 1181 2889 1205 ,
2930 1143 3281 1211 perspicuum

1713 1228 1797 1275 est
1813 1221 2113 1278 conditoris
2135 1222 2251 1279 fore
2274 1226 2484 1282 vitium.
2506 1230 2631 1286 Sive
2650 1232 2793 1286 enim
2818 1232 2894 1294 id,
2912 1235 3054 1301 quod
3076 1233 3279 1287 factum

1714 1315 1819 1373 est,
1855 1310 1925 1365 ob
1956 1312 2180 1367 insitum
2214 1315 2318 1371 sibi
2358 1318 2551 1373 vitium
2598 1322 2766 1375 exitio
2812 1330 2898 1377 est
2948 1323 3278 1391 obnoxium;

1715 1401 1968 1457 conditor
1997 1405 2053 1459 in
2098 1420 2287 1473 causa,
2332 1410 2477 1478 quod
2504 1411 2611 1465 tale
2641 1413 2817 1482 ipsum
2848 1415 3186 1479 condiderit,
3221 1428 3282 1471 ut

1715 1498 1842 1552 mali
1873 1500 2077 1569 aliquid
2103 1500 2158 1555 in
2188 1518 2253 1557 eo
2277 1503 2556 1559 residuum
2596 1519 2760 1563 esset.
2807 1509 2902 1563 Sin
2932 1510 3279 1566 extrinsecus

1714 1590 1918 1659 aliquid
1960 1590 2032 1644 sit
2074 1592 2219 1661 quod
2276 1595 2510 1649 creatori
2550 1596 2899 1661 adversetur,
2943 1600 3024 1653 sic
3063 1615 3279 1669 quoque

1713 1684 1979 1738 creatoris
2014 1685 2204 1737 vitium
2248 1686 2372 1751 erit,
2407 1694 2692 1756 propterea
2735 1689 2880 1760 quod
2903 1690 3121 1745 vincere
3149 1705 3281 1745 con-

1711 1774 1879 1828 traria
1912 1782 2163 1844 nequeat.
2189 1775 2326 1831 Tum
2362 1786 2563 1846 autem,
2591 1780 2637 1834 si
2670 1782 2933 1836 creatoris
2954 1783 3144 1836 vitium
3174 1783 3278 1848 sit,

1715 1866 1886 1935 liquet
1910 1882 2035 1920 eum
2064 1883 2188 1923 esse
2241 1870 2519 1927 vitiosum.
2572 1874 2749 1943 Atque
2787 1874 2901 1929 haec
2932 1875 2999 1929 de
3047 1874 3198 1930 hisce
3222 1876 3278 1931 in

1708 1958 1995 2026 praesentia
2026 1975 2091 2014 ex
2120 1962 2307 2015 multis
2342 1944 2513 2033 pauca
2543 1983 2558 2031 ;
2588 1979 2714 2019 nam
2746 1966 2792 2020 si
2819 1966 3102 2033 vellemus,
3134 1982 3282 2036 qua:—

1707 2050 1939 2106 rcndum
1978 2053 2141 2106 etiam
2175 2066 2322 2111 esset
2355 2057 2483 2126 quid
2514 2058 2586 2113 sit
2615 2074 2846 2128 corpus,
2888 2067 2940 2113 et
2982 2060 3182 2129 quibus
3213 2075 3277 2114 ex

1707 2146 1872 2202 rebus
1904 2163 2136 2219 corpus,
2166 2156 2222 2203 et
2253 2166 2375 2219 quae
2414 2150 2483 2205 de
2522 2150 2609 2206 his
2637 2159 2925 2206 moventur
2956 2152 3143 2207 dubia.
3175 2151 3278 2206 Ve-

1707 2251 1831 2292 rum
1875 2238 2027 2295 hisce
2057 2241 2298 2307 relictis,
2336 2251 2397 2298 ut
2433 2243 2639 2299 nullius
2668 2244 2929 2298 momenti
2962 2244 3278 2314 qurestioni-

1706 2326 1833 2393 bus,
1874 2328 2093 2397 gravius
2121 2330 2399 2401 quidpiam
2430 2339 2485 2386 et
2520 2332 2825 2387 mirabilius
2846 2349 2912 2387 ex
2935 2348 3029 2395 ea,
3062 2349 3184 2402 qua:
3211 2333 3279 2387 de

1706 2421 2111 2476 resurrectione
2157 2430 2271 2489 est,
2310 2422 2681 2491 disputatione
2721 2438 3110 2493 proponamus.
3153 2422 3279 2476 Ilaec

1704 2511 1850 2565 enim
1881 2527 1987 2566 una
2021 2519 2192 2568 estex
2223 2514 2479 2583 gravibus
2503 2515 2917 2584 quaestionibus,
2953 2529 3073 2585 quae
3095 2514 3162 2568 ab
3188 2514 3279 2569 ho~

1704 2602 1945 2658 minibus
1971 2618 2133 2659 saxeo
2163 2604 2328 2660 corde
2349 2606 2592 2675 praeditis
2617 2614 2924 2661 moventur.

1707 2709 1729 2757 ξ
1776 2695 1865 2750 15.
1901 2695 2035 2750 Nam
2065 2698 2134 2762 si,
2167 2699 2379 2769 inquit,
2426 2700 2678 2755 homines
2708 2708 2954 2757 mortuos
2988 2715 3275 2773 resurgere

1704 2797 1919 2859 oportet
1940 2790 2220 2862 integros:
2251 2792 2294 2846 si
2325 2792 2534 2847 accidat
2557 2802 2617 2848 ut
2640 2793 2801 2847 homo
2826 2795 2880 2848 in
2904 2795 3037 2847 mari
3063 2800 3273 2864 pereat,

1704 2895 1768 2935 ac
1797 2880 1993 2936 deinde
2039 2898 2072 2935 a
2119 2883 2366 2953 piscibus
2397 2892 2653 2950 voratus,
2690 2900 2908 2940 rursum
2949 2885 3070 2939 aliis
3099 2884 3277 2938 homi-

1703 2974 1890 3039 nibus,
1926 2976 2022 3045 qui
2052 2977 2233 3046 pisces
2277 2992 2373 3033 eos
2400 2978 2643 3043 ederint,
2673 2994 2797 3033 esca
2826 2978 2917 3032 ﬁat
2953 2997 2965 3033 :
3001 2977 3277 3048 quomodo

1702 3081 1898 3123 carnes
1925 3082 2056 3123 suas
2087 3068 2156 3122 ab
2182 3069 2304 3123 aliis
2332 3070 2645 3125 hominibus
2676 3078 3027 3141 consumptas
3057 3086 3275 3140 recupe~

1701 3158 1890 3213 rabit?
1921 3157 2019 3214 Vel
2045 3161 2188 3215 enim
2216 3162 2361 3216 hunc
2387 3178 2612 3219 necesse
2638 3171 2721 3219 est
2756 3164 2874 3218 sine
2905 3164 3162 3217 carnibus
3188 3178 3275 3217 re-

1707 3269 1966 3325 surgere,
2000 3271 2137 3327 quas
2179 3256 2271 3311 alii
2318 3255 2567 3312 homines
2618 3257 3010 3311 interveniente
3042 3256 3281 3326 piscium

1703 3361 1825 3411 esu,
1854 3355 1913 3401 ut
1947 3363 2089 3417 saepe
2112 3348 2317 3402 dictum
2346 3355 2451 3413 est,
2486 3349 2862 3413 comederunt,
2884 3350 2967 3404 vel
2999 3349 3132 3403 istos
3154 3363 3273 3402 car-

1702 3440 1852 3490 nium
1887 3452 2113 3492 suarum
2154 3439 2416 3508 repetitas
2448 3448 2631 3509 partes
2661 3440 2931 3509 deponere
2966 3447 3020 3493 et
3046 3454 3276 3493 mancos

1702 3529 1838 3594 ﬂeri,
1871 3540 1929 3583 ut
1959 3546 2097 3599 quos
2148 3530 2334 3601 inique
2375 3540 2737 3595 voraveruut,
2795 3532 2851 3586 in
2898 3532 2983 3586 his
3034 3532 3087 3585 id
3127 3531 3273 3601 quod

1701 3619 1855 3673 deest
1891 3620 2164 3689 expleant.
2197 3622 2373 3691 Atque
2406 3623 2516 3674 haec
2544 3622 2700 3691 quasi
2744 3637 2840 3691 per
2871 3620 3160 3674 ridiculum
3188 3621 3273 3672 di-

1699 3721 1833 3766 cunt
1859 3713 2107 3768 homines
2140 3729 2305 3768 saxeo
2338 3715 2523 3769 corde.
2558 3713 2671 3784 Ego
2699 3722 2880 3768 autem
2911 3713 3171 3774 obsecro,
3211 3718 3271 3762 ut

1699 3804 1907 3875 absque
1936 3803 2275 3860 dubitatione
2300 3806 2540 3861 ediscam
2560 3806 2849 3869 rationem,
2881 3819 3003 3874 quae
3027 3818 3269 3856 resurre-

1698 3901 1933 3954 ctionem
1960 3908 2189 3965 astruat,
2228 3915 2455 3969 eamque
2479 3897 2845 3953 necessariam
2873 3911 2996 3950 esse
3028 3893 3193 3948 certis
3214 3901 3268 3946 et

1696 3992 1842 4048 veris
1890 3994 2228 4064 argumentis
2265 3992 2619 4047 demonstret.
2672 3989 2806 4043 Nam
2844 3990 2896 4045 si
2931 4002 3058 4042 vere
3093 3986 3269 4041 solida

1697 4086 1809 4143 sint
1848 4091 2202 4157 argumenta,
2257 4084 2452 4139 scitote
2491 4099 2576 4138 me
2619 4082 2823 4136 nullam
2865 4078 3270 4135 dubitationum

1697 4176 1962 4229 rationem
2012 4174 2349 4228 habiturum.
2380 4172 2690 4227 Absurdum
2740 4171 2884 4227 enim
2924 4177 3009 4225 est
3058 4177 3111 4223 et
3156 4169 3273 4236 jur-

1694 4266 1945 4335 giosum,
2013 4273 2203 4321 contra
2272 4266 2485 4320 ﬁrmam
2546 4263 3067 4319 demonstrationem
3132 4260 3273 4315 velle

1665 4420 1669 4424 ,
1694 4357 1885 4413 rixari.

1724 4666 2371 4744 CHRISTIANZE
2446 4664 3209 4742 RESPONSIONES

1693 4802 1762 4857 ad
1788 4804 2101 4873 quastiones
2123 4804 2442 4873 propositas,
2468 4817 2533 4856 ex.
2562 4800 2897 4859 naturalibus
2928 4801 3139 4869 pietatis
3172 4818 3265 4855 ra-

2183 4872 2411 4927 tionibus
2443 4873 2751 4941 desumpta'.

1762 4986 1922 5057 537
1944 4986 2008 5041 Hi
2027 5003 2309 5042 sermones
2326 5003 2434 5042 non
2462 4990 2783 5059 suntpetitn
2800 5005 2863 5045 ex
2881 4992 3091 5045 ratione
3101 4991 3263 5045 dubi-

1689 5087 1940 5148 lationes,
1980 5086 2073 5141 sed
2098 5086 2555 5156 interrogationes
2583 5090 2699 5143 sine
2716 5098 2849 5144 arte.
2869 5089 3003 5144 Nam
3023 5105 3142 5160 qum
3159 5106 3258 5159 pe-

1689 5180 1817 5233 titas
1852 5193 1883 5233 e
1919 5177 2130 5232 ratione
2164 5177 2535 5234 dubitationes
2567 5180 2842 5234 construit
2872 5182 3075 5244 oratio,
3107 5196 3169 5234 ea
3201 5181 3257 5234 in

1686 5271 1774 5326 his
1795 5310 1810 5335 ,
1853 5286 1974 5340 qua:
2000 5271 2401 5341 quodammodo
2430 5274 2821 5342 consequentia
2869 5280 3027 5336 sunt,
3061 5273 3256 5325 absur-

1685 5363 1815 5418 dum
1846 5362 2077 5433 colligit,
2105 5363 2273 5428 velut,
2301 5363 2452 5418 solus
2481 5364 2645 5418 homo
2680 5364 2747 5417 ad
2784 5362 3068 5417 ridendum
3100 5362 3252 5417 habi-

1684 5524 1966 5593 lcgendum
2000 5527 2078 5587 είς
2099 5525 2252 5578 λύσιν
2279 5525 2386 5577 τῶν
2408 5525 2647 5595 ἀπόρων.

1754 5592 1861 5665 (2|)
1898 5595 2020 5650 Τῶν
2073 5597 2351 5651 εὐτελῶν.
2403 5592 2599 5649 Secum
2665 5592 2925 5664 pugnabit
2981 5597 3250 5651 sententia

1684 5666 1790 5719 nisi
1820 5667 2061 5737 legamus
2093 5668 2191 5719 οὐκ
2214 5666 2461 5737 εὐτελῶν.

1753 5735 2162 5809 (22)υνάγει.
2200 5736 2437 5791 Clarout.
2466 5735 2707 5805 συνάγοι.
