3662 6468
396 344 531 399 1467

1164 343 1526 400 APPENDIX.
1560 374 1629 385 ——
1666 341 1849 397 PARS
1882 342 1920 397 1.
1962 342 2017 396 S.
2051 342 2312 398 JUSTINI
2350 342 2575 399 OPERA
2611 341 2887 399 SPURIA.

3469 343 3575 398 illis

394 458 484 520 lis,
510 457 779 529 quidquid
820 460 888 513 ad
916 459 1203 515 ridendum
1238 460 1417 514 habile
1446 468 1561 520 est,
1606 458 1807 512 animal
1837 466 1921 511 est

2106 459 2231 529 ἴπερ
2273 458 2406 510 είσὶν
2450 457 2724 510 ἀκόλουθοι
2777 457 3081 527 προτάσεις
3113 454 3233 524 μὲν,
3265 452 3441 507 ἄτοπον
3464 452 3509 506 ὅὲ
3533 457 3578 508 τὸ

394 552 546 606 solus
568 567 697 623 ergo
728 551 895 607 homo
928 552 1161 618 animal;
1196 567 1316 621 quae
1351 551 1569 621 quidem
1608 558 1736 604 sunt
1764 563 1958 603 conse-

391 652 622 714 quentes
643 644 1059 715 prepositiones,
1075 643 1169 698 sed
1187 642 1422 698 absurda
1443 639 1743 695 conclusio.
1764 637 1820 692 ln
1842 653 1961 708 pro-

394 737 589 805 positis
607 748 785 790 autem
802 735 1146 790 sermonibus
1162 734 1297 788 nihil
1310 730 1533 787 absurdi
1546 728 1820 798 colligitur
1835 742 1962 781 con-

391 827 674 880 secutione
696 844 707 879 :
731 838 901 895 quare
918 823 1189 879 immerito
1219 821 1394 877 vocati
1413 829 1543 876 sunt
1564 818 1954 874 dubitationes.

464 920 523 975 Si
560 920 677 975 fieri
702 935 811 974 non
838 928 1035 989 potest,
1060 924 1120 971 ut
1143 917 1284 972 idem
1309 915 1499 970 eadem
1533 914 1747 983 ignoret
1774 919 1829 967 et
1855 926 1956 965 no-

389 1011 498 1076 rit,
554 1026 679 1065 nam
731 1012 785 1065 in
829 1025 888 1064 re
925 1009 1119 1079 quavis
1166 1006 1574 1061 allirmationem
1618 1017 1799 1057 veram
1837 1016 1960 1057 esse

387 1111 607 1174 oportet
654 1110 749 1156 aut
792 1101 1219 1157 inticiationem:
1269 1096 1544 1168 quomodo
1576 1094 1623 1149 is
1652 1094 1747 1164 qui
1785 1093 1960 1147 nescit

389 1210 521 1250 num
550 1195 935 1263 incorporeum
967 1193 1073 1256 sit,
1102 1192 1439 1246 voluntatem
1465 1196 1521 1242 et
1554 1186 1957 1241 consideratio-

385 1301 510 1341 nem
537 1325 553 1351 ,
591 1284 980 1355 cogitationem
1020 1291 1075 1337 et
1110 1279 1588 1345 deliberationem,
1631 1284 1867 1332 mentem
1905 1289 1959 1332 et

383 1377 651 1431 rationem
696 1377 831 1439 scit,
871 1391 992 1445 quae
1039 1382 1169 1430 sunt
1218 1372 1526 1443 incorporei
1574 1369 1956 1440 operationes?

381 1466 515 1521 Nam
546 1468 800 1536 ignorare
825 1467 1044 1537 quidem
1077 1466 1459 1535 incorporeum
1493 1476 1636 1526 esse,
1661 1474 1823 1515 nosse
1852 1473 1952 1512 au-

382 1564 493 1611 tem
524 1556 834 1627 incorporei
866 1555 1234 1626 operationes,
1264 1567 1453 1608 eorum
1482 1560 1567 1607 est
1597 1551 1689 1622 qui
1714 1550 1842 1620 quid
1865 1549 1953 1603 di-

380 1655 511 1701 cant
541 1647 814 1702 nesciunt.
866 1644 1271 1701 Dubitationem
1304 1644 1587 1698 instituere
1620 1649 1673 1696 et
1704 1642 1947 1705 solvere,

2064 546 2448 618 συμπέρασμα.
2496 547 2582 598 Ἐν
2613 545 2667 598 δὲ
2693 545 2809 609 τοῖς
2848 545 3231 615 προκειμένοις
3279 542 3437 610 λόγοις
3460 545 3579 597 οὐδὲν

2063 638 2263 691 ἄτοπον
2293 637 2435 690 κατά
2465 636 2781 691 ἀκολουθίαν
2818 636 3054 707 συνήχθη
3074 654 3088 666 ·
3122 635 3205 688 διὸ
3251 634 3352 687 οὐκ
3393 635 3579 703 εὐλόγως

2056 728 2362 800 ἐκλήθησαν
2395 728 2637 799 ἀπορίαι.

2132 905 2195 959 Ei
2219 905 2477 960 ἀδύνατον
2527 905 2591 958 τὸ
2623 906 2757 960 αὐτὸ
2804 905 2876 960 τὰ
2920 905 3060 960 αὐτὰ
3107 906 3207 959 καλ⁸
3266 906 3463 973 ἀγνοεῖν
3509 908 3582 960 καὶ

2060 995 2349 1065 γινώσκειν
2423 997 2548 1068 (ἐπὶ
2608 997 2812 1062 παντὸς
2889 996 2999 1070 γάρ
3064 996 3245 1067 ἀληθῆ
3310 996 3401 1067 τὴν
3444 998 3578 1049 κατάο

2062 1104 2226 1156 φασιν
2279 1084 2418 1143 εἶναι
2467 1089 2548 1142 δεῖ
2594 1089 2627 1159 ἢ
2679 1087 2777 1160 τὴν
2832 1090 3160 1158 ἀπόφασιν)·
3210 1088 3330 1151 πῶς
3368 1088 3584 1155 ὀάγνοῶν

2060 1181 2110 1231 εί
2166 1179 2310 1233 ἔστιν
2375 1180 2700 1251 ἀσώματον,
2767 1180 3026 1250 γινώσκει
3098 1180 3359 1251 βούλησίν
3411 1198 3461 1233 τε
3514 1183 3586 1233 καὶ

2060 1272 2372 1343 ἐπίκρισιν,
2425 1273 2663 1327 διάνοιάν
2729 1291 2791 1327 τε
2859 1274 2955 1327 καὶ
3005 1271 3335 1340 ἐπίσκεψιν,
3386 1273 3490 1326 νοῦν
3539 1291 3585 1327 τε

2060 1364 2153 1416 καί⁹
2204 1363 2380 1432 λόγον,
2413 1364 2572 1419 ἅτινά
2598 1368 2713 1417 ἐστι
2746 1364 2840 1418 τοῦ
2889 1364 3189 1435 ἀσωμάτου
3248 1366 3585 1436 ἐνεργήματας

2058 1456 2130 1509 Τὸ
2151 1455 2257 1528 γάρ
2283 1459 2341 1510 ἐν
2366 1458 2611 1528 ἀγνωσία
2638 1458 2740 1528 τῆς
2766 1457 2863 1511 τοῦ
2895 1459 3194 1527 ἀσωμάτου
3228 1457 3493 1529 ὑπάρξεως
3521 1477 3585 1527 γι-

2056 1545 2283 1601 νώσκειν
2311 1545 2405 1600 τοῦ
2432 1548 2724 1618 ἀσωμάτου
2765 1549 2834 1602 τά
2862 1550 3218 1620 ἐνεργήματα
3247 1548 3359 1601 τῶν
3377 1550 3461 1602 οὐκ
3479 1550 3585 1602 5166-

2054 1638 2209 1691 τωνὸ
2234 1638 2395 1708 φασίν
2450 1640 2586 1692 ἐστι.
2635 1640 2710 1693 Τὸ
2759 1640 3197 1705 κατασκευάζειν
3251 1641 3484 1713 ἀπορίαν,
3520 1646 3588 1695 καὶ

380 1753 493 1793 non
520 1746 605 1793 est
636 1754 856 1802 sensus,
890 1754 991 1792 nec
1019 1738 1287 1807 corporis.
1311 1734 1465 1801 Quod
1496 1742 1677 1789 autem
1703 1734 1940 1803 corporis

2102 1727 2202 1780 5ειν
2247 1729 2499 1800 ἀπορίαν,
2532 1732 2632 1785 οὐκ
2659 1730 2806 1785 ἐστιν
2830 1732 3143 1804 αἰσθήσεως
3167 1732 3352 1796 τοῦτο,
3380 1734 3482 1786 οὐδὲ
3510 1736 3586 1786 σώ-

382 1845 492 1885 non
514 1838 621 1895 εει,
654 1830 707 1885 id
738 1830 1047 1899 incorporei
1076 1844 1199 1884 esse
1226 1843 1450 1883 necesse
1479 1834 1582 1882 est.

450 2006 565 2062 Cur
594 2008 904 2076 incorporei
934 2005 1266 2061 exsistentiaa
1304 2004 1725 2060 declarationem
1757 2004 1954 2075 quatri-

377 2098 538 2153 ιηυεῖ
578 2097 709 2151 Nam
750 2099 795 2151 si
834 2112 1077 2169 quaerere
1121 2097 1187 2151 de
1225 2096 1407 2167 aliqua
1454 2112 1513 2151 re
1556 2104 1736 2149 utrum
1780 2112 1953 2151 necne

376 2191 471 2253 sit,
504 2190 804 2260 disputatio
843 2199 960 2255 est;
992 2189 1291 2260 disputatio
1318 2197 1499 2243 autem
1542 2188 1689 2245 illius
1716 2196 1800 2243 est
1823 2204 1952 2259 epe-

373 2284 536 2346 ratio,
556 2282 703 2352 quod
719 2282 930 2337 ratione
950 2282 1234 2353 praeditum
1249 2288 1361 2347 εει,
1382 2280 1609 2335 rationis
1632 2287 1813 2335 autem
1835 2294 1951 2335 cor-

374 2390 478 2444 pus
509 2390 603 2444 per
633 2390 693 2429 se
719 2389 947 2443 expers,
975 2374 1324 2444 perspicuum
1359 2379 1444 2427 est
1476 2372 1681 2442 aliquid
1712 2388 1835 2428 esse
1872 2373 1951 2426 in-

372 2478 719 2533 corporeum,
753 2462 912 2529 cujus
937 2463 1217 2533 preprium
1255 2471 1595 2531 estqumrere
1612 2460 1944 2525 etjudicare.

442 2554 628 2609 Aliud.
663 2553 722 2607 Ei
752 2555 846 2623 qui
884 2572 995 2611 non
1036 2554 1235 2609 fatetur
1274 2569 1400 2609 esse
1440 2552 1650 2623 aliquid
1693 2554 1949 2622 incorpo-

372 2660 551 2709 reum,
581 2662 691 2700 non
721 2648 973 2703 convenit
1004 2648 1215 2702 ratione
1239 2661 1488 2717 quarere
1510 2654 1566 2701 et
1595 2646 1847 2715 judicare
1876 2661 1944 2700 an

370 2736 581 2806 aliquid
622 2738 694 2793 sit
728 2738 1135 2808 incorporeum.
1162 2737 1363 2792 Praeter
1395 2738 1663 2792 rationem
1687 2738 1832 2791 enim
1855 2746 1944 2793 est

373 2831 453 2883 uti
482 2831 703 2901 quidem
736 2833 1047 2902 incorporei
1078 2833 1527 2903 operationibus,
1560 2832 1943 2901 incorporeum

368 2931 552 2979 autem
582 2941 704 2980 esse
733 2926 1006 2995 ignorare.

438 3012 623 3066 Aliud.
647 3013 772 3067 θυῖε
794 3014 997 3068 suntin
1021 3013 1180 3068 nobis
1203 3012 1836 3083 comprehendendarum
1855 3027 1944 3067 re-

2058 1820 2226 1889 ματός
2255 1822 2390 1875 ἐστι.
2427 1823 2501 1876 Τὸ
2525 1823 2581 1876 δὲ
2612 1823 2686 1897 μη
2717 1823 2777 1878 ὃν
2826 1824 3102 1897 σώματος,
3131 1826 3299 1881 τοῦτο
3326 1829 3509 1900 ἀνάγκη
3530 1826 3585 1881 εἷο

2054 1928 2141 1963 ναι
2172 1912 2266 1966 τοῦ
2287 1914 2599 1986 ἀσωμάτου.

2128 2003 2285 2057 Ὅθεν
2315 2004 2425 2076 (2'5)
2464 2006 2733 2078 ζητοῦμεν
2765 2008 2866 2080 τῆς
2890 2009 2987 2063 τοῦ
3020 2011 3323 2082 ἀσωμάτου
3356 2013 3587 2085 ὑπάρξεως

2050 2094 2146 2166 τὴν
2188 2096 2448 2167 δήλωσιν;
2487 2099 2537 2151 εί
2578 2100 2675 2169 μὲν
2710 2100 2819 2170 γάρ
2849 2101 2912 2153 τὸ
2946 2098 3135 2173 ζητεῖν
3194 2105 3327 2175 περί
3368 2122 3507 2167 τινος,
3551 2108 3587 2156 εξ

2051 2189 2195 2242 ἔστιν
2221 2190 2253 2261 ἢ
2278 2190 2377 2243 οὑκ
2412 2190 2551 2254 ἔστι,
2577 2190 2736 2261 λόγου
2768 2193 2915 2245 ἐστίν
2931 2209 2948 2224 ⁸
2971 2196 3000 2247 ό
3034 2194 3093 2248 δὲ
3114 2195 3277 2264 λόγος
3302 2196 3393 2249 τοῦ
3412 2197 3588 2264 λογικοῦ

2050 2284 2283 2355 ὑπάρχει
2317 2284 2594 2356 ἐνέργημα
2616 2302 2629 2315 ·
2662 2285 2854 2353 ἀλογον
2903 2286 2957 2339 δὲ
2987 2286 3051 2339 τὸ
3083 2288 3250 2359 σῶμα
3280 2289 3396 2342 καθ’
3427 2291 3587 2341 ἐαυτο-

2046 2374 2225 2444 δῆλον,
2253 2376 2333 2429 ὅτι
2374 2375 2489 2429 ἐστι
2510 2394 2564 2430 τι
2601 2374 2909 2448 ἀσώματον,
2936 2372 2981 2447 ᾧ
3010 2378 3143 2433 ἴδιον
3178 2380 3408 2453 ὑπάρχει
3431 2382 3485 2434 τὺ
3520 2382 3592 2451 ξη-

2046 2470 2157 2520 τεῖν
2187 2469 2281 2521 καὶ
2299 2469 2529 2541 κρίνειν.

2121 2560 2318 2613 Ἄλλο.
2367 2558 2461 2630 Τῷ
2511 2559 2584 2631 μὴ
2625 2544 2974 2629 όμολογοὺντι
3036 2554 3180 2613 εἷναί
3221 2578 3276 2613 τι
3324 2560 3590 2631 ἀσώματον.

2045 2652 2308 2706 ἀνοίκειον
2338 2652 2571 2723 ὑπάρχει
2626 2652 2688 2704 τὸ
2730 2651 2874 2722 λόγῳ
2920 2652 3109 2722 ζητεῖν
3162 2654 3259 2705 καὶ
3309 2652 3512 2724 κρίνειν,
3554 2655 3591 2703 εἰ

2043 2744 2157 2796 ἐστι
2190 2761 2244 2796 τι
2278 2743 2585 2814 ἀσώματον.
2644 2742 2870 2811 Ἀλογον
2900 2743 3013 2815 γάρ
3062 2744 3127 2797 τὸ
3182 2743 3472 2814 κεχρῆσθαι
3514 2746 3593 2811 μὲν

2043 2835 2167 2896 ταῖς
2197 2833 2292 2886 τοῦ
2327 2835 2620 2904 ἀσωμάτου
2654 2834 2977 2903 ἐνεργείαις,
3020 2834 3240 2903 ἀγνοεῖν
3272 2834 3329 2886 δὲ
3360 2833 3444 2885 τοῦ
3478 2833 3593 2884 ἀσω-

2045 2925 2216 2996 μάτου
2237 2926 2335 2997 τὴν
2363 2924 2613 2996 ὕπαρξιν.

2117 3018 2316 3072 ΙἈλλο.
2352 3017 2456 3069 Δύο
2490 3017 2627 3069 εἰσὶν
2659 3016 2718 3069 ἐν
2749 3016 2883 3086 ἡμῖν
2908 3014 3323 3085 καταληπτικαὶ
3340 3013 3440 3068 τῶν
3452 3032 3590 3086 πραγο

368 3117 490 3156 rum
518 3103 825 3169 facdtates,
850 3121 1046 3161 sensus
1065 3114 1120 3160 et
1149 3105 1522 3176 intelligentia,
1554 3120 1785 3176 quarum
1807 3104 1940 3185 ope-

2102 3108 2235 3161 ὶτων
2297 3110 2574 3180 δυνάμεις,
2606 3109 2639 3179 ἦ
2667 3124 2726 3160 τε
2754 3108 3008 3179 αἴσθησις
3030 3110 3128 3161 κα)⁵
3148 3112 3183 3178 ἡ
3214 3109 3426 3179 νόησις·
3454 3100 3522 3158 ὢν
3546 3106 3589 3156 αι

368 3193 610 3249 rationes
640 3204 852 3250 tantum
886 3197 1029 3251 inter
1060 3212 1119 3253 se
1146 3198 1392 3262 distant,
1421 3205 1686 3267 quantum
1718 3212 1783 3251 ea
1820 3211 1940 3266 quae

2102 3199 2315 3268 πέργειαι
2344 3200 2581 3270 τοσούτῳ
2612 3198 2857 3270 ἀλλήλων
2888 3198 3265 3269 διαφέρουσιν,
3296 3200 3400 3269 ὅσῳ
3418 3197 3482 3250 τὰ
3509 3196 3589 3248 ὑπὸ

368 3285 438 3339 ab
468 3286 638 3341 altera
670 3289 1233 3358 comprehenduntur,
1259 3289 1645 3359 comprehendi
1675 3288 1743 3342 ab
1771 3290 1940 3343 altera

2102 3291 2271 3361 ιτέρου
2300 3290 2820 3361 καταλαμβανόμενα
2854 3289 2930 3360 μὴ
2964 3290 3232 3343 δύνασθαι
3276 3290 3586 3358 καταλαμϐά-

368 3391 667 3451 nequeunt.
699 3384 806 3438 Sed
853 3399 980 3438 cum
1030 3400 1221 3439 omnes
1261 3383 1549 3437 facultates
1576 3383 1941 3438 essentiarum

369 3471 480 3525 sint
514 3471 807 3530 facultates
833 3514 850 3541 ,
898 3475 1036 3530 duas
1073 3490 1299 3530 necesse
1341 3482 1426 3529 est
1467 3474 1737 3529 essentias
1773 3489 1895 3529 esse
1923 3516 1938 3540 ,

366 3579 599 3633 quarum
629 3567 857 3623 alterius
901 3568 975 3623 sit
1010 3584 1235 3632 sensus,
1288 3566 1516 3621 alterius
1559 3566 1936 3635 intelligentia.

365 3655 523 3720 Quod
546 3657 593 3711 si
622 3658 695 3711 ita
722 3668 842 3723 est,
883 3661 989 3715 erit
1018 3667 1165 3714 certe
1202 3658 1443 3714 essentia
1478 3658 1722 3727 quaedam
1756 3657 1942 3711 incor-

366 3760 562 3814 porea,
610 3749 771 3818 cujus
800 3750 1081 3820 proprium
1129 3758 1215 3806 est
1248 3750 1587 3820 intelligere,
1631 3758 1692 3803 ut
1736 3751 1940 3805 sentire

366 3837 635 3905 corporis.
1600 3902 1603 3905 λ

435 3925 620 3981 Aliud.
676 3924 732 3979 Si
775 3929 907 3997 quid
934 3928 1233 3982 animatum
1263 3935 1384 3993 est,
1417 3927 1655 3981 animam
1685 3943 1810 3985 esse
1838 3946 1937 3986 ne-

364 4029 520 4070 cesse
550 4024 632 4071 est
658 4029 673 4077 ;
701 4018 893 4072 anima:
926 4018 1069 4075 enim
1101 4018 1594 4073 communicatione
1638 4020 1936 4076 animatum

361 4113 449 4162 est
472 4109 793 4165 animatum.
824 4109 882 4164 Si
905 4111 1133 4167 scicntia
1164 4115 1217 4164 in
1244 4126 1302 4166 se
1336 4110 1453 4181 ipsa
1484 4126 1594 4163 non
1617 4119 1721 4175 est,
1758 4112 1853 4166 sed
1880 4114 1937 4168 in

364 4197 548 4252 anima
567 4242 582 4265 ,
614 4215 839 4256 necesse
857 4216 989 4257 sane
1018 4208 1123 4265 est,
1158 4201 1398 4255 animam
1429 4202 1485 4255 in
1505 4200 1683 4270 seipsa
1709 4216 1852 4268 esse,
1879 4203 1937 4259 in

360 4307 469 4363 qua
495 4292 567 4347 sit
598 4296 854 4350 scientia.

430 4386 611 4441 Aliud.
655 4387 712 4440 Si
748 4402 949 4457 corpus
990 4388 1172 4443 anima
1203 4389 1412 4461 indiget
1452 4399 1513 4445 ut
1547 4392 1694 4447 vivat
1719 4397 1773 4446 et
1803 4404 1932 4445 sen—

2043 3384 2225 3437 νεσθαι
2264 3384 2367 3437 ὑπὸ
2406 3383 2500 3436 τοῦ
2536 3382 2739 3454 ἐτέρου.
2779 3382 2918 3435 Ἀλλ’
2942 3383 3135 3455 ἐπειδὴ
3174 3386 3347 3437 πᾶσαι
3374 3384 3586 3451 δυνάμεις

2045 3473 2243 3528 οὐσιῶν
2276 3475 2384 3526 είσι
2406 3472 2682 3543 δυνάμεις,
2710 3472 2801 3525 διά
2829 3472 2991 3525 τοῦτο
3021 3473 3240 3545 ἀνάγκη
3280 3470 3415 3526 εἶναι
3439 3473 3589 3525 casia;

2041 3566 2152 3631 δύο,
2174 3559 2249 3619 ὧν
2273 3564 2374 3634 τῆς
2404 3563 2501 3634 μὲν
2530 3563 2659 3616 ἴδιον
2678 3563 2740 3615 τὺ
2767 3562 3150 3627 αἰσθάνεσθαι,
3176 3565 3280 3634 τῆς
3304 3564 3359 3617 δὲ
3383 3564 3439 3616 τὸ
3458 3565 3584 3616 νοεῖν.

2056 3656 2191 3710 Ἀλλ’
2217 3657 2266 3708 εί
2307 3653 2485 3719 τοῦτο,
2524 3654 2669 3706 ἐστιν
2708 3654 2811 3724 ἄρα
2860 3654 3023 3706 οὑσία
3067 3671 3155 3717 τις
3208 3654 3503 3725 ἀσώματος,
3534 3650 3588 3723 ἧς

2042 3747 2170 3801 ἴδιον
2204 3746 2437 3815 ὑπάρχει
2457 3744 2519 3798 τὸ
2542 3747 2701 3808 νοεῖν,
2726 3742 2919 3815 ὥσπερ
2951 3745 3013 3797 τὸ
3039 3744 3394 3798 αἰσθάνεσθαι
3413 3744 3483 3815 τῷ
3508 3742 3587 3795 odi-
3620 3726 3634 3751 ⁸

2044 3854 2193 3907 ματι.

2112 3931 2310 3982 Ἄλλο.
2339 3928 2403 3980 El
2431 3926 2544 3979 ἔστι
2577 3944 2629 3979 τι
2663 3926 2924 3997 ἔμψυχον,
2978 3928 3205 3999 ἀνάγκη
3235 3927 3371 3982 εἶναι
3399 3928 3488 3998 τὴν
3503 3928 3583 3993 όν-

2037 4023 2157 4093 ΧήΨ
2184 4023 2250 4092 τῇ
2270 4019 2378 4091 γὰρ
2397 4020 2497 4090 τῆς
2507 4020 2683 4090 ψυχῆς
2701 4022 2899 4089 μετοχῇ
2919 4020 2981 4072 τὸ
3010 4021 3256 4091 ἔμψυχον
3277 4023 3493 4092 ὑπάρχει
3515 4020 3585 4087 ἐμ-

2035 4118 2223 4187 ψυχον.
2284 4117 2347 4169 Εί
2378 4120 2410 4187 ἡ
2448 4118 2722 4187 ἐπιστήμη
2755 4115 2854 4168 οὑκ
2880 4116 3030 4169 ἔστιν
3054 4119 3140 4186 ἐφ’
3165 4119 3381 4187 ἑαυτῆς,

2034 4211 2100 4278 τῇ
2118 4207 2286 4277 ψυχῇ,
2315 4208 2523 4277 ἀνάγκη
2564 4207 2674 4277 ἄρα
2702 4201 2840 4259 εἶναι
2866 4206 2967 4277 τὴν
2987 4207 3171 4279 ψυχὴν
3199 4210 3284 4278 ἐφ’
3306 4208 3505 4276 εαυτῆς,
3530 4206 3576 4255 ἐν

2039 4286 2073 4365 ᾖ
2096 4294 2376 4365 ὑπάρχειὴ
2400 4296 2696 4366 ἐπιστήμη.

2110 4385 2306 4437 ΙΆλλο.
2342 4385 2406 4436 Εἰ
2434 4384 2495 4436 τὸ
2523 4385 2619 4454 μὲν
2649 4384 2806 4456 σῶμα
2833 4386 3005 4438 δεῖται
3034 4385 3138 4457 τῆς
3175 4388 3354 4459 ψυχῆς
3397 4388 3515 4458 πρὸς
3537 4384 3581 4434 τὸ

359 4480 495 4541 tiat.
541 4482 723 4534 anima
760 4496 889 4536 vero
936 4497 1044 4535 non
1094 4483 1298 4552 indiget
1336 4498 1598 4554 corpore,
1649 4500 1826 4554 neque
1871 4491 1930 4537 ut

2105 4493 2132 4527 ν
2171 4492 2229 4527 τε
2258 4476 2350 4528 καὶ
2379 4478 2744 4541 αἰσθάνεσθαι,
2776 4482 2809 4549 ἡ
2840 4478 2895 4530 δὲ
2916 4478 3065 4550 ψυχὴ
3088 4480 3152 4532 οὑ
3182 4481 3353 4533 δεῖται
3384 4481 3468 4532 τοῦ

359 4573 507 4628 vivat
550 4589 727 4643 neque
772 4581 833 4627 ut
873 4574 1176 4645 intelligat:
1211 4575 1359 4630 aliud
1397 4575 1642 4647 profecto
1674 4575 1855 4629 anima
1902 4589 1933 4628 a

358 4680 609 4734 corpore.

430 4759 613 4813 Aliud.
646 4759 705 4814 Si
737 4761 919 4814 anima
962 4760 1193 4830 imperat
1220 4761 1474 4831 corpori,
1511 4776 1713 4831 corpus
1752 4768 1932 4815 autem

359 4846 556 4901 animae
585 4849 813 4919 imperio
844 4850 1085 4906 deservit
1110 4868 1126 4906 :
1172 4851 1320 4906 aliud
1350 4853 1539 4923 utique
1564 4853 1745 4906 anima
1770 4865 1931 4921 quam

356 4953 579 5007 corpus.
1612 5006 1613 5009 η

425 5029 608 5086 Aliud.
642 5030 701 5085 Si
731 5031 912 5085 anima
938 5032 1164 5089 artiﬁcis
1195 5033 1367 5089 instar
1392 5043 1496 5098 est,
1528 5050 1729 5105 corpus
1752 5042 1930 5089 autem

357 5122 727 5187 instrumenti,
746 5139 855 5177 non
872 5123 1013 5179 idem
1026 5133 1205 5180 autem
1227 5136 1311 5182 est
1331 5129 1495 5199 538
1510 5127 1707 5182 artiﬁci
1735 5127 1935 5182 instru—

355 5223 596 5269 mentum
619 5234 634 5272 :
666 5231 775 5271 non
804 5231 934 5287 ergo
962 5216 1105 5272 idem
1129 5219 1322 5275 anima:
1345 5236 1566 5289 corpus.

429 5393 611 5448 Aliud.
647 5392 705 5448 Si
734 5394 971 5464 primum
996 5404 1081 5451 est
1112 5394 1275 5462 ratio,
1303 5403 1357 5449 et
1378 5394 1653 5464 posterius
1672 5396 1818 5465 quod
1842 5410 1931 5450 ra-

358 5483 507 5539 tione
542 5486 599 5539 llt
650 5486 729 5555 (in
764 5488 948 5541 animo
984 5503 1218 5558 namque
1257 5496 1343 5542 est
1387 5487 1562 5551 ratio,
1609 5488 1664 5540 in
1702 5490 1931 5545 materia

360 5582 538 5628 autem
587 5577 733 5644 quod
777 5578 987 5633 ratione
1036 5579 1146 5649 lit);
1180 5578 1330 5634 aliud
1378 5586 1527 5633 certe
1578 5580 1806 5634 materia
1863 5583 1929 5638 ab

435 5721 735 5790 (‘25)“008r.
764 5728 890 5801 ch.
926 5732 1103 5787 πόθεν.
1131 5733 1250 5791 Mox
1283 5733 1387 5807 leg.
1413 5732 1567 5798 λόγος
1591 5733 1754 5788 ἐστίν.

2040 4586 2205 4639 ματος
2234 4568 2353 4621 οὕτε
2380 4571 2516 4641 πρὸς
2548 4572 2608 4623 τὸ
2637 4570 2737 4642 ζῇν
2769 4570 2894 4624 οὔτε
2944 4573 3083 4644 πρὸς
3113 4572 3175 4624 τὸ
3224 4576 3386 4636 νοεῖν,
3428 4573 3577 4639 ἕτερον

2035 4663 2145 4735 ἄρα
2172 4664 2205 4733 ἡ
2230 4662 2375 4733 ψυχὴ
2393 4662 2543 4733 παρὰ
2565 4664 2627 4715 τὸ
2657 4663 2835 4733 σῶμα.

2111 4756 2308 4807 Ἄλλο.
2342 4754 2406 4806 Ei
2435 4755 2468 4826 ὴ
2498 4755 2597 4825 μὲν
2626 4753 2772 4823 ψυχὴ
2812 4754 3149 4823 προστάσσει
3182 4755 3263 4825 τῷ
3296 4754 3510 4824 σώματι,
3533 4750 3579 4799 τὸ

2032 4847 2091 4900 δὲ
2122 4846 2278 4917 σῶμα
2300 4848 2563 4918 ὑπουργεῖ
2593 4849 2704 4907 τοίς
2718 4847 2816 4916 τῆς
2836 4845 3018 4914 ψυχῆς
3050 4849 3477 4917 προστάγμασιν,
3495 4844 3578 4893 ἓτε-

2036 4956 2129 5010 ρον
2163 4940 2272 5009 ἀρά
2298 4956 2350 4992 τι
2382 4940 2416 5009 ἡ
2443 4938 2584 5009 ψυχὴ
2611 4937 2762 5007 παρά
2787 4937 2849 4989 τὸ
2879 4937 3063 5006 σῶμα.

2109 5031 2306 5083 Ἄλλο.
2362 5029 2425 5081 Ei
2476 5031 2511 5099 ἡ
2559 5028 2657 5096 μὲν
2694 5026 2841 5097 ψυχὴ
2897 5028 3150 5098 τεχνίτου
3204 5027 3363 5095 λόγον
3406 5024 3573 5092 ἐπέχει,

2031 5120 2093 5173 τὸ
2127 5120 2183 5173 δὲ
2236 5120 2393 5191 σῶμα
2448 5118 2714 5189 ὀργάνου,
2773 5120 2836 5171 οὑ
2885 5119 3084 5171 ταύτὸν
3134 5118 3192 5172 δὲ
3248 5122 3471 5190 ὑπάρχει
3518 5112 3576 5179 tt}-

2030 5196 2251 5285 τεχνίτῃ
2308 5212 2377 5265 τά
2427 5213 2665 5283 ὄργανα,
2720 5209 2782 5262 οὑ
2836 5210 3039 5263 ταύτὸν
3085 5212 3197 5281 ἄρα
3248 5214 3311 5281 τῇ
3366 5211 3495 5278 gap},
3532 5203 3578 5254 τὸ

2036 5305 2211 5375 σῶμα.

2108 5398 2302 5449 Ἄλλο.
2343 5396 2407 5449 El
2441 5393 2649 5468 πρῶτος
2677 5395 2706 5446 ό
2736 5391 2919 5459 λόγος,
2973 5392 3069 5443 καὶ
3122 5391 3347 5462 ὕστερον
3385 5390 3440 5441 τὸ
3466 5383 3575 5438 uti

2030 5489 2123 5542 τὸν
2153 5488 2307 5557 λόγον
2354 5488 2372 5557 (
2384 5490 2443 5540 ἐν
2509 5487 2605 5557 μὲν
2651 5485 2761 5555 γάρ
2806 5488 2877 5557 τῇ
2928 5484 3077 5556 ψυχῇ
3106 5487 3137 5537 ό
3164 5486 3339 5551 λόγος,
3370 5485 3423 5534 ὲν
3448 5479 3495 5531 δὲ
3524 5478 3574 5542 τῇ

2032 5584 2132 5656 ὕλῃ
2172 5581 2235 5636 τὸ
2268 5580 2408 5636 κατά
2440 5581 2528 5634 τὸν
2555 5578 2753 5647 λόγον),
2806 5577 3001 5651 ἓτερον
3030 5580 3141 5655 ἄρα
3187 5596 3239 5631 τι
3275 5581 3306 5649 ἡ
3335 5576 3425 5645 ὕλη
3455 5570 3577 5639 παρὰ
