3662 6496
124 390 239 447 “(i9

990 385 1451 454 QUESTIONES
1489 388 1772 444 GRAECA}
1812 390 1903 444 AD
1941 390 2418 448 CIIRISTIANOS.

3194 392 3331 446 M70

117 508 199 578 τὴν
230 506 416 576 ψυχήν.
455 504 528 557 Tb
561 502 616 556 δὲ
661 500 792 573 ὑλης
823 499 1030 571 ἕτερον,
1059 498 1218 553 τοῦτο
1264 500 1356 553 καὶ
1406 498 1658 571 σώματος
1684 507 1731 562 Α
1760 515 1778 553 a

1821 499 1961 556 limo.
2006 500 2161 567 Quod
2202 516 2333 556 vero
2383 515 2413 554 a
2460 499 2689 557 materia
2724 499 2871 554 aliud
2921 511 3033 566 est,
3082 502 3135 555 id
3179 505 3328 557 aliud

118 600 187 651 ἒτε
196 614 295 667 ρον.

179 691 359 741 Ἄλλο.
402 684 549 739 Είτδ
581 682 653 757 μὴ
683 683 741 737 ὃν
789 682 949 754 σῶμα
992 682 1113 736 οὑδὲ
1154 682 1310 736 οὑσία
1361 682 1497 746 ἐστὶ,
1542 682 1658 745 πῶς

116 779 369 849 διαιρεῖται
411 778 445 846 ὴ
490 775 645 829 οὐσία
697 776 775 837 είς
830 773 989 843 σῶμα
1037 773 1132 827 καὶ
1194 771 1503 843 ἀσώματον,
1561 772 1656 826 τοῦ

115 867 463 939 διαιρουμένου
509 867 720 939 ἀνάγκῃ
768 863 1104 935 ὑπάρχοντος
1131 866 1188 919 ἐν
1212 868 1324 927 τοῖς
1350 865 1429 927 είς
1456 863 1491 918 ἀ
1520 864 1656 917 διαι-

145 976 260 1010 ;ιται
279 974 293 1021 ;

145 977 293 1021 ;ιται;

118 977 143 1031 ρ
180 1047 534 1100 ἘΡΩΤΗΣ1Σ.
566 1048 627 1100 Εί
655 1046 768 1099 ἐστι
792 1063 843 1099 τι
871 1044 1179 1117 ἀσώματον,
1199 1045 1359 1101 πόθεν
1378 1045 1556 1117 δῆλον,
1574 1047 1656 1099 ὅτι

112 1139 220 1193 αὑτὸ
240 1140 317 1208 ἐφ’
347 1138 539 1191 ἑαυτοῦ
569 1138 785 1192 δύναται
816 1134 987 1203 εἶναι;

178 1231 569 1286 ἈΠΟΚΡΙΣΙΣ.
641 1223 715 1286 OB
774 1234 849 1301 τῇ
903 1230 1177 1303 παρουσίᾳ
1248 1230 1310 1283 τὸ
1375 1230 1532 1301 σῶμα
1594 1230 1656 1284 τὸ

111 1324 210 1379 καθ’
231 1324 386 1377 ἐαυτὸ
413 1324 564 1395 ζωῆς
587 1341 643 1376 τε
670 1324 762 1377 καὶ
790 1323 1091 1395 αἰσθήσεως
1108 1324 1200 1377 καὶ
1226 1322 1461 1385 διανοίας
1479 1322 1653 1393 ἀμέτ-

108 1433 209 1486 οχον
248 1416 378 1487 (25),
439 1417 533 1470 καὶ
574 1419 639 1488 τῇ
694 1416 928 1487 ἀπουσίᾳ
1004 1415 1164 1469 πάλιν
1214 1414 1406 1487 νεκρόν
1458 1432 1519 1467 τε
1560 1415 1654 1468 καὶ

108 1507 398 1578 ἀναίσθητον
447 1510 543 1561 καὶ
594 1509 906 1579 ἀδιανόητον
955 1507 1183 1577 γίνεται,
1240 1506 1401 1560 τοῦτο
1438 1508 1651 1579 ἀνάγκη

108 1595 220 1651 εἶναι
246 1601 324 1668 ἐφ’
338 1599 639 1665 ἐαυτοῦ,ὼς
667 1603 732 1671 τῇ
757 1597 948 1653 ἑαυτοῦ
981 1598 1137 1668 φύσει
1167 1598 1408 1672 ὑπάρχον
1438 1599 1651 1671 ἀφθαρ-

106 1708 196 1745 τον.

165 1785 346 1837 Ἄλλο.
377 1783 453 1835 Tb
484 1782 908 1848 κατασκευάζειν
955 1781 1333 1853 ἐπιστημόνως
1360 1782 1461 1847 τὰς
1501 1785 1649 1853 λογι-

1757 609 1974 665 quoque
2003 610 2033 646 a
2068 608 2316 663 corpore.

1826 684 2008 739 Aliud.
2042 684 2101 738 Si
2130 684 2185 739 id
2214 683 2359 754 quod
2386 698 2589 753 corpus
2613 699 2721 738 non
2744 691 2851 747 est,
2883 698 3059 753 neque
3080 684 3333 739 substan-

1756 776 1830 830 tia
1861 786 1976 832 est:
2008 777 2283 847 quomodo
2320 776 2633 832 substantia
2660 776 2923 830 dividitur
2950 777 3005 830 in
3036 792 3236 846 corpus
3274 789 3332 833 et

1756 870 2137 938 incorporeum
2164 912 2178 935 ,
2212 883 2336 923 cum
2373 868 2425 923 id
2445 909 2461 935 ,
2492 867 2639 938 quod
2669 866 2932 923 dividitur
2953 908 2969 934 ,
3016 870 3331 925 necessario

1754 959 1811 1013 in
1840 959 1920 1014 eis
1947 960 2017 1013 sit
2048 958 2101 1013 in
2124 974 2245 1029 quae
2274 959 2577 1014 dividitur?

1826 1049 2105 1118 QUES'I‘.
2137 1049 2201 1107 ll.
2234 1050 2290 1105 Si
2324 1051 2455 1121 quid
2485 1060 2570 1106 est
2611 1052 2993 1121 incorporeum
3014 1092 3031 1117 ,
3071 1050 3216 1106 unde
3255 1051 3327 1104 li-

1754 1151 1885 1213 quet
1910 1142 1966 1196 id
1994 1142 2050 1195 in
2077 1142 2259 1212 seipso
2283 1156 2405 1197 esse
2433 1142 2630 1212 posse?

1825 1233 2025 1289 RESP.
2060 1233 2231 1305 Cujus
2274 1245 2327 1289 et
2366 1236 2659 1305 praesentia
2689 1250 2927 1305 corpus,
2964 1235 3108 1305 quod
3139 1249 3238 1305 per
3266 1250 3329 1289 se

1753 1326 1992 1392 exsistit,
2020 1326 2165 1391 vitae,
2196 1342 2393 1383 sensus
2422 1336 2474 1381 et
2500 1327 2741 1381 notionis
2776 1325 2834 1380 ﬁt
2874 1327 3145 1397 particeps
3185 1325 3324 1396 (24),

1753 1425 1809 1472 et
1836 1417 2085 1472 absentia
2107 1432 2302 1473 rursus
2333 1425 2632 1483 mortuum,
2661 1433 2723 1472 ac
2750 1418 2871 1472 sine
2900 1433 3064 1473 sensu
3087 1428 3141 1471 et
3171 1419 3330 1487 (ποεῖ-

1755 1509 1962 1564 latione
1987 1527 2001 1565 :
2026 1507 2080 1563 id
2113 1524 2337 1566 necesse
2368 1516 2452 1565 est
2480 1510 2535 1565 in
2558 1510 2740 1582 seipso
2766 1524 2892 1565 esse
2919 1517 2979 1564 ut
3007 1523 3107 1565 sua
3130 1516 3329 1563 natura

1752 1604 2185 1675 incorruptibile.

1820 1783 2005 1838 Aliud.
2040 1783 2244 1841 Petitas
2268 1800 2300 1841 e
2326 1784 2538 1840 ratione
2567 1781 2937 1838 dubitationes
2974 1781 3211 1836 scienter
3241 1780 3328 1834 in—

105 1875 188 1938 κάς
212 1876 457 1948 ἀπορίας,
488 1876 581 1929 καὶ
607 1875 809 1940 ταὺτας
837 1877 1037 1948 ὁμοίως
1065 1879 1447 1949 ἐπιστημόνως
1477 1879 1645 1943 λύειν,
1681 1855 1725 1916 Β
1754 1893 1778 1932 s

1828 1885 2001 1943 tuere,
2034 1876 2364 1947 easdemque
2406 1876 2595 1931 itidem
2639 1874 2877 1931 scienter
2910 1872 3123 1929 solvere
3148 1909 3163 1936 ,
3214 1885 3323 1924 non

104 1969 184 2021 οὐκ
208 1968 344 2022 ἐστιν
371 1969 679 2040 αἰσθήσεως
722 1969 899 2040 ἔργον.
947 1971 1301 2043 Ὠμολόγηται
1336 1972 1445 2044 γάρ
1485 1973 1546 2026 τὸ
1576 1973 1650 2045 μὴ

103 2060 327 2115 δῦνασθαι
353 2060 455 2133 τὴν
495 2062 745 2133 αἴσθησιν
772 2063 957 2127 οὐσίας
1009 2080 1069 2116 τε
1112 2065 1207 2117 καὶ
1235 2064 1490 2136 ἀληθείας
1519 2066 1652 2135 ἐφά-

104 2153 300 2206 πτεσθαι
334 2154 609 2223 γνώσεως.
656 2156 718 2207 Ei
756 2154 811 2208 δὲ
847 2154 1025 2220 τοῦτο,
1068 2156 1159 2209 καὶ
1192 2158 1499 2229 ἐπιστήμης
1552 2158 1650 2229 μὲν

104 2245 197 2298 ἔστι
244 2246 302 2298 τὸ
358 2245 697 2316 ἐφάπτεσθαι
743 2247 929 2312 οὐσίας
972 2265 1030 2301 τε
1071 2249 1164 2302 καὶ
1219 2248 1474 2320 ἀληθείας
1506 2248 1648 2319 γνὼ-

108 2354 237 2402 σεως,
290 2337 595 2411 αἰσθήσεως
646 2339 703 2393 δέ
755 2339 854 2393 οὐκ
910 2339 1025 2393 ἐστι
1054 2358 1068 2371 ·
1109 2341 1172 2394 τὸ
1221 2341 1277 2395 δέ
1329 2342 1403 2414 μὴ
1446 2342 1504 2396 ὃν
1550 2344 1650 2416 τῆς

104 2429 376 2501 αἰσθήσεως
460 2430 584 2484 οὑδὲ
664 2429 913 2502 σώματός
984 2433 1134 2486 ἐστιν
1171 2449 1185 2463 ·
1253 2434 1466 2507 ἀνάγκη
1540 2437 1647 2506 ἄρα

106 2516 216 2572 εἷναί
256 2539 304 2575 τι
355 2520 646 2594 ἀσώματον
677 2523 764 2593 ἐφ’
790 2522 1008 2590 ἑαυτοῦ,
1055 2524 1114 2578 ἐν
1136 2517 1179 2593 ᾧ
1211 2526 1437 2598 ὑπάρχει
1468 2529 1502 2599 ἡ
1530 2530 1648 2582 ἐπι-

106 2615 277 2684 στήμηο

162 2704 344 2759 Ἄλλο.
384 2704 450 2758 Ei
481 2704 563 2758 δεῖ
588 2705 686 2777 τὴν
713 2707 900 2760 οὐσίαν
924 2703 1060 2761 εἶναι
1086 2708 1170 2777 ἐφ’
1196 2707 1412 2781 ἑαυτῆς,
1435 2710 1649 2783 διαιρεῖ-

1752 1986 1951 2028 sensus
1973 1979 2058 2026 est
2086 1985 2246 2042 opus.
2276 1971 2505 2025 Constat
2536 1971 2682 2025 enim
2702 2008 2719 2035 ,
2762 1985 2868 2023 non
2906 1982 3069 2037 posse
3100 1981 3324 2021 sensum

1750 2064 2005 2120 essentia
2034 2073 2089 2120 et
2122 2063 2371 2119 veritatis
2405 2063 2675 2132 attingere
2709 2061 3098 2132 cognitionem.
3146 2057 3327 2127 Atque

1749 2155 1853 2212 hoc
1875 2156 1920 2211 si
1942 2157 2022 2212 sic
2040 2172 2100 2212 se
2120 2155 2303 2220 habet,
2329 2169 2392 2209 ac
2413 2153 2655 2209 scientia:
2674 2160 2758 2208 est
2788 2154 3054 2222 attingere
3070 2150 3327 2206 essentia:

1749 2256 1805 2306 et
1834 2248 2088 2304 veritatis
2119 2248 2485 2319 cognitionem
2504 2288 2521 2313 ,
2553 2262 2748 2302 sensus
2772 2260 2902 2300 vero
2928 2257 3270 2315 nequaquam
3306 2262 3323 2297 :

1747 2343 1891 2413 quod
1937 2352 2115 2398 autem
2152 2357 2350 2398 sensus
2378 2357 2489 2396 non
2520 2348 2637 2406 est,
2673 2340 2725 2395 id
2766 2354 2867 2394 nec
2908 2336 3157 2409 corporis
3187 2341 3271 2389 est
3306 2352 3321 2387 :

1748 2450 1975 2491 necesse
2013 2441 2098 2491 est
2141 2433 2386 2504 profecto
2426 2450 2547 2490 esse
2587 2431 2791 2503 aliquid
2837 2431 3219 2500 incorporeum
3264 2426 3321 2480 in

1748 2528 1953 2599 seipso,
1981 2527 2036 2582 in
2069 2542 2178 2597 quo
2200 2526 2428 2582 scientia
2457 2526 2548 2581 sit.

1817 2702 2001 2758 Aliud.
2036 2702 2093 2757 Si
2124 2702 2420 2758 essentiam
2450 2700 2505 2755 in
2538 2700 2717 2770 seipsa
2743 2714 2866 2754 esse
2891 2704 3127 2768 Oportet,
3158 2696 3323 2767 [ἀει-ἰ-

1747 2791 1895 2847 ditur
1925 2798 2106 2846 autem
2141 2790 2379 2846 essentia
2406 2829 2422 2853 ,
2466 2789 2767 2845 secundum
2807 2787 3041 2858 primam
3088 2786 3321 2841 divisio-

1747 2900 1870 2939 nem
1897 2923 1911 2946 ,
1954 2884 2008 2937 in
2054 2898 2379 2954 corporeum
2401 2889 2456 2937 et
2486 2879 3204 2953 incorporeum],quomodo
3234 2879 3322 2932 in-

102 2806 171 2841 ται
193 2790 296 2863 δέἡ
328 2794 488 2847 οὐσία
518 2795 658 2848 κατὰ
702 2795 799 2867 τὴν
828 2795 1049 2868 πρώτην
1082 2796 1341 2869 διαίρεσιν
1382 2802 1461 2863 είς
1487 2800 1647 2872 σῶμα

106 2884 179 2936 καὶ
214 2884 520 2957 ἀσώματον,
576 2888 693 2953 πῶς
740 2889 841 2943 οὑκ
888 2889 1004 2943 ἐστι
1043 2890 1101 2944 τὸ
1150 2891 1442 2963 ἀσώματον
1490 2894 1646 2946 οὐσία

104 2976 169 3044 ἐφ’
194 2977 378 3049 ἑαυτῆς
411 2979 732 3050 ὑπάρχουσα
755 2996 769 3045 i
1746 2989 1775 3029 ε

1821 2990 2070 3046 rporeum
2104 2974 2344 3030 essentia
2371 2989 2479 3027 non
2510 2982 2593 3028 est
2618 2973 2674 3026 in
2704 2972 2886 3042 seipsa
2918 2970 3235 3027 exsistens?

161 3069 343 3124 Ἄλλο.
380 3073 453 3125 Τὸ
478 3071 773 3142 δυνάμενον
813 3074 972 3128 ἐαυτὸ
1002 3073 1254 3148 χωρίζειν
1279 3074 1373 3129 τοῦ
1396 3078 1647 3149 προσπά-

1821 3066 1999 3122 Aliud.
2034 3066 2191 3133 Quod
2220 3075 2402 3138 potest
2423 3067 2662 3136 seipsum
2681 3079 2938 3134 separare
2977 3063 3045 3117 ab
3075 3062 3322 3116 aﬂ‘cctio—

105 3178 225 3265 σχειν
251 3162 478 3235 σώματι,
528 3166 622 3219 καὶ
650 3163 724 3236 μὴ
755 3166 1087 3239 φθείρεσθαι,
1117 3168 1337 3222 δύναται
1361 3170 1454 3222 καὶ
1480 3188 1643 3242 χωρι-
1674 3203 1718 3265 C
1749 3175 1778 3214 ιι

1821 3163 1933 3225 lius,
1967 3176 2089 3232 qua:
2114 3176 2239 3214 cum
2270 3174 2500 3231 corpore
2523 3158 2853 3219 sentiuntur,
2887 3170 2988 3211 nec
3016 3163 3198 3208 tamen
3228 3169 3326 3223 pe-

106 3250 265 3323 σθῆναι
298 3254 391 3308 τοῦ
444 3255 696 3327 σώματος
730 3258 823 3309 καὶ
855 3257 929 3330 μὴ
954 3258 1268 3331 φθείρεσθαι
1288 3278 1301 3290 ·
1326 3260 1405 3314 διὸ
1432 3262 1647 3315 κάλλιον
1676 3245 1718 3265 υ
1750 3265 1778 3304 ι’

1821 3265 1895 3315 'e,
1943 3250 1996 3305 id
2027 3257 2207 3322 potest
2240 3258 2294 3306 et
2326 3265 2356 3303 a
2386 3263 2614 3319 corpore
2657 3246 2897 3316 separari
2947 3261 3047 3301 nec
3095 3245 3274 3315 perire
3304 3260 3322 3297 :

104 3346 177 3397 καὶ
194 3346 505 3420 τιμιώτερόν
539 3348 771 3401 ἐστιτοῦ
801 3349 1071 3421 σώματος,
1099 3352 1174 3415 ὡς
1206 3354 1378 3407 αἴτιον
1406 3354 1650 3426 ὑπάρχον

100 3436 176 3489 τοῦ
196 3438 342 3492 καλὸν
368 3436 589 3493 εἶναιτὸ
610 3439 767 3511 σῶμα
784 3444 849 3511 τῇ
880 3443 1043 3497 αὑτοῦ
1066 3445 1355 3517 παρουσίᾳ.
1389 3446 1462 3499 Τὸ
1486 3447 1649 3500 τοιοῦ-

102 3528 174 3581 τόν
199 3548 367 3602 φαμεν
399 3527 539 3586 εἶναι
574 3533 672 3603 τὴν
705 3532 926 3604 λογικὴν
953 3534 1151 3607 ψυχὴν,
1198 3537 1415 3609 πνεῦμα
1460 3534 1645 3603 οὖσαν,

102 3621 274 3692 νοερὸν,
308 3623 548 3695 ζωτικήν
579 3642 639 3677 τε
666 3627 760 3679 κα)⁵
788 3628 1095 3700 γνωστικὴν
1141 3630 1233 3683 καὶ
1260 3629 1611 3701 αὐτοκίνητον
1630 3648 1642 3661 ·

101 3709 155 3786 ἦς
172 3718 473 3787 ὁμοουσίους
495 3714 632 3772 εἷναί
664 3737 843 3791 φαμεν
872 3722 996 3787 τούς
1018 3739 1077 3776 τε
1108 3722 1373 3791 ἀγγέλους
1406 3725 1498 3777 καὶ
1523 3725 1649 3789 τοὺς

102 3806 345 3879 δαίμονας.
381 3810 494 3864 Καὶ
527 3810 754 3865 καθόλου
805 3815 1000 3879 εἰπεῖν,
1039 3816 1147 3869 πᾶν
1190 3814 1429 3868 ἐνοὺσιον
1453 3816 1515 3868 τὸ
1544 3816 1647 3869 ὑπό

100 3913 219 3964 τινος
242 3903 311 3974 μὴ
351 3904 649 3974 δυνάμενον
681 3904 790 3976 (26)
825 3908 1163 3979 κρατεῖσθαι,
1200 3908 1361 3979 σῶμά
1410 3910 1526 3961 ἐστι
1569 3908 1646 3979 τῷ

102 3994 356 4062 κρατοῦντι
381 3998 536 4051 αὐτὸ.
565 3990 674 4051 Καὶ
697 3998 758 4050 τὸ
780 3998 931 4053 Θείόν
960 4018 1138 4071 φαμεν
1161 3997 1297 4054 εἶναι
1323 4000 1608 4072 ἀσώματον
1628 4042 1644 4067 ,

99 4083 177 4153 οὐχ
196 4085 267 4138 ὃτι
302 4087 445 4141 ἐστιν
478 4087 765 4158 ἀσώματον
824 4092 1099 4161 (ἐπέκεινα
1148 4092 1257 4164 γάρ
1289 4094 1434 4147 ἐστιν
1457 4095 1485 4145 ὁ
1515 4094 1647 4158 Θεὸς

99 4175 151 4243 τῇ
180 4176 329 4229 αὑτοῦ
355 4178 539 4249 οὐσίᾳ,
575 4178 763 4250 ὥσπερ
786 4180 880 4233 τοῦ
908 4180 1180 4253 σώματος,
1232 4183 1373 4238 οὑτω
1404 4186 1496 4237 καὶ
1548 4183 1643 4237 τοῦ

100 4262 377 4337 ἀσωμάτου,
408 4271 489 4333 ὡς
518 4271 776 4343 ἐκατέρου
825 4274 1030 4328 τούτων
1080 4276 1339 4347 ὑπάρχων
1384 4276 1644 4349 δημιουρ-

98 4353 201 4421 γός·
249 4361 363 4413 οὐδὲ
410 4358 523 4432 γὰρ
575 4361 828 4431 ἐποίησεν
868 4365 895 4416 ὁ
940 4364 1072 4427 Θεὸς
1100 4364 1317 4429 ἃαὺτὸς
1367 4366 1641 4437 ὑπάρχει),

99 4448 391 4526 malm?
424 4453 698 4525 εἰώθαμεν
731 4457 790 4508 ἐν
820 4459 933 4521 τοῖς
960 4460 1088 4530 παρ’
1130 4460 1262 4530 ἡμῖν
1300 4461 1645 4529 τιμιωτέροις

1751 3342 1896 3397 unde
1926 3342 2211 3414 pulchrius
2242 3349 2296 3396 et
2336 3339 2685 3411 praestantius
2704 3345 2790 3393 est
2819 3352 3087 3409 corpore;
3117 3335 3323 3406 quippe

1750 3452 1872 3493 cum
1904 3436 1959 3489 in
2003 3450 2169 3490 causa
2200 3434 2272 3489 sit
2301 3450 2400 3487 sua
2442 3431 2727 3503 praesentia
2749 3469 2764 3494 ,
2800 3444 2899 3483 cur
2936 3428 3222 3498 pulchrum
3251 3427 3325 3480 sit

1749 3536 1973 3591 corpus.
2008 3520 2142 3575 Rem
2180 3521 2451 3590 ejusmodi
2492 3520 2729 3573 dicimus
2776 3533 2898 3573 esse
2940 3517 3179 3571 animam
3226 3530 3320 3568 ra-

1749 3615 1897 3670 tione
1932 3614 2235 3684 praeditam,
2262 3628 2383 3681 qua:
2414 3620 2497 3666 est
2526 3611 2777 3681 spiritus,
2813 3608 3144 3679 intelligens,
3181 3608 3324 3661 vita-

1747 3708 1818 3763 lis
1841 3746 1856 3771 ,
1908 3706 2224 3760 nationibus
2270 3704 2554 3758 abundans
2587 3709 2641 3756 et
2670 3716 2767 3771 per
2815 3715 2873 3755 se
2904 3700 3145 3754 mobilis.
3181 3697 3323 3753 Huic

1748 3797 2247 3856 consubstantiales
2276 3810 2399 3850 esse
2422 3793 2657 3849 dicimus
2686 3791 2911 3861 angelos
2938 3800 2993 3845 et
3021 3790 3319 3846 daemones.

1745 3892 1943 3963 Atque,
1977 3897 2037 3944 ut
2082 3888 2248 3943 verbo
2294 3887 2473 3941 dicam
2499 3924 2514 3949 ,
2558 3882 2819 3955 quidquid
2861 3881 3224 3938 substantiale
3252 3882 3324 3934 ab

1748 3987 1931 4054 aliquo
1960 3981 2133 4038 teneri
2160 3987 2360 4051 potest,
2392 3978 2447 4033 id
2470 3993 2672 4047 corpus
2691 3985 2775 4033 est
2800 3976 2851 4031 ei
2881 3991 2912 4029 a
2944 3990 3054 4045 quo
3081 3982 3321 4031 tenetur.

1745 4076 1824 4132 Ac
1856 4076 2023 4131 Deum
2052 4072 2271 4144 quidem
2303 4071 2538 4125 dicimus
2568 4084 2693 4124 esse
2738 4068 3123 4136 incorporeum
3147 4105 3163 4130 ,
3210 4079 3320 4119 non

1747 4168 1891 4241 quod
1915 4169 2272 4236 incorporeus
2301 4164 2374 4220 sit
2404 4163 2509 4234 (est
2529 4161 2672 4217 enim
2708 4158 2851 4215 Deus
2880 4158 3117 4213 essentia
3138 4171 3237 4212 sua
3261 4164 3322 4211 ut

1745 4239 1889 4319 ultra
1919 4274 2139 4331 corpus,
2165 4259 2238 4312 ita
2270 4266 2324 4314 et
2350 4257 2491 4311 ultra
2519 4256 2923 4324 incorporeum,
2952 4259 3011 4305 ut
3036 4252 3323 4319 utriusque
3352 4239 3359 4245 ’

1746 4354 1996 4409 conditor
2027 4371 2041 4407 :
2074 4366 2250 4420 neque
2281 4350 2424 4403 enim
2458 4362 2520 4402 ea
2558 4345 2687 4400 fecit
2711 4343 2852 4398 Deus
2883 4357 3003 4412 qua?
3032 4342 3148 4411 ipse
3176 4347 3317 4407 est);

1748 4445 1843 4502 sed
1893 4440 2353 4515 quemadmodum
2404 4439 2648 4494 solemus
2694 4434 3070 4489 materialibus
3119 4434 3317 4495 rebus,

101 4540 274 4609 ὑλικοῖς
301 4549 385 4601 ἀεὶ
404 4547 683 4620 γεραίρειν
716 4547 777 4600 τὸ
817 4548 991 4615 Θεῖον,
1017 4527 1161 4602 οὑτω
1175 4527 1276 4603 καὶ
1304 4527 1500 4614 ἐντοῖς
1524 4527 1642 4605 δνὸ-
1676 4545 1719 4599 Ῑ)
1748 4555 1778 4610 q

1823 4554 1868 4593 se
1898 4535 2041 4608 apud
2070 4551 2172 4590 nos
2206 4534 2562 4605 pretiosiores
2593 4537 2744 4594 sunt,
2783 4527 2952 4583 Deum
2986 4541 3200 4597 semper
3227 4541 3320 4581 ve-

102 4650 261 4703 μασιν,
284 4640 377 4709 οὑχ
405 4640 485 4702 ὼς
515 4637 610 4691 τοῦ
634 4636 769 4691 Θεοῦ
793 4639 1000 4692 τούτων
1041 4639 1317 4710 δεομένου,
1348 4638 1461 4692 ἀλλ’
1489 4642 1644 4711 ἡμῶν

99 4725 179 4797 τὴν
204 4733 322 4803 περ).
355 4731 522 4785 αὑτοῦ
546 4731 753 4785 ἔννοιαν
778 4732 960 4794 αὑτοῖς
988 4730 1427 4801 ἐνδεικνυμένων.
1462 4733 1647 4804 Τούτῳ

100 4813 174 4871 οὖν
195 4822 265 4893 τῷ
290 4824 475 4895 τρόπῳ
528 4821 863 4893 ὀνομάζομεν
900 4822 1063 4876 αὑτὸν
1108 4820 1416 4893 ἀσώματον,
1468 4825 1644 4879 καίτοι

101 4910 271 4978 εἰδότες
298 4916 459 4968 αὑτὸν
490 4915 745 4967 ἐπέκεινα
778 4914 1089 4985 ὑπάρχοντα
1114 4911 1205 4964 τοῦ
1229 4914 1539 4983 ἀσωμάτου,
1568 4916 1644 4980 ὡς

101 4998 263 5054 τούτου
298 5002 647 5075 δημιουργόν.
679 5000 891 5053 Κείσθω
925 4999 981 5051 δὲ
1028 4998 1164 5063 ὅλως
1193 5000 1286 5052 καὶ
1309 4998 1466 5052 τοῦτο
1486 5002 1542 5052 ἐν
1569 5000 1646 5072 τῷ

101 5088 221 5163 λόγῳ
239 5094 500 5149 δεικτικὸν
527 5094 771 5165 ὑπάρχον
798 5088 890 5143 τοῦ
914 5085 1054 5143 εἶναί
1075 5107 1127 5142 τι
1147 5087 1451 5160 ἀσώματον.
1495 5090 1558 5142 Εἰ
1590 5090 1646 5143 δὲ

105 5184 244 5252 μηδὲν
266 5182 330 5258 ἦν
358 5190 414 5241 ἐν
454 5190 567 5250 τοῖς
597 5182 746 5239 οὑσιν
786 5184 1092 5255 ἀσώματον,
1143 5184 1249 5238 οὐδ’
1274 5185 1338 5239 ἂν
1373 5186 1434 5238 τὸ
1464 5184 1642 5255 σῶμα.

114 5272 228 5329 Ἀλλ’
254 5280 433 5353 ἐπειδή
468 5278 584 5334 ἐστί
611 5296 664 5331 τι
684 5276 993 5349 ἀσώματον,
1017 5277 1204 5349 ὥσπερ
1230 5275 1347 5331 ἐστί
1368 5293 1421 5329 τι
1464 5274 1644 5345 σῶμα,

163 5475 261 5549 (ει)
290 5479 443 5546 Quod
475 5495 677 5550 corpus
714 5480 954 5535 notionis
982 5488 1036 5535 et
1071 5478 1420 5549 cogitationis
1470 5480 1643 5549 parti-

105 5556 214 5624 ceps
239 5550 454 5624 dicitur,
503 5550 553 5624 id
582 5549 704 5604 non
739 5567 802 5605 ex
834 5551 1003 5624 hujus
1048 5549 1365 5624 Scriptoris,
1391 5551 1520 5624 __s_ed
1570 5565 1644 5624 ex

107 5614 232 5671 illius
278 5622 711 5676 adversariorum
775 5614 1044 5676 sententia
1104 5614 1325 5675 dicitur.
1391 5619 1454 5673 Hi
1498 5620 1641 5674 enim

106 5696 213 5739 cum
275 5692 629 5746 substantiam
687 5692 1093 5762 incorpoream,
1132 5692 1186 5745 in
1260 5690 1481 5762 homine
1534 5706 1643 5762 non

108 5764 459 5835 agnoscerent,
497 5760 1099 5835 cogebantur—corpori
1149 5761 1451 5819 attribuere
1485 5760 1642 5831 quid-

108 5825 220 5897 quid
248 5830 401 5892 homo
425 5825 627 5905 cogitat
670 5840 724 5889 et
751 5833 919 5891 novit.

1749 4628 1955 4693 nerari,
1989 4627 2060 4680 ita
2090 4632 2143 4680 et
2170 4624 2518 4687 nominibus,
2558 4636 2669 4676 non
2708 4618 2853 4689 quod
2888 4619 2968 4673 eis
3002 4617 3144 4671 Deus
3173 4615 3317 4669 indi-

1747 4728 1890 4793 geat,
1926 4720 2019 4776 sed
2049 4729 2107 4774 ut
2132 4725 2376 4773 nostram
2409 4716 2476 4770 de
2504 4713 2613 4769 Deo
2651 4711 2977 4769 sententiam
3009 4725 3105 4779 per
3130 4722 3195 4763 ea
3226 4706 3322 4761 de—

1747 4814 2040 4867 claremus.
2082 4808 2198 4863 Hoc
2238 4808 2404 4879 igitur
2433 4806 2597 4862 modo
2643 4805 2797 4860 illum
2828 4820 3089 4860 vocamus
3138 4805 3323 4859 incor-

1748 4920 2000 4979 poreum,
2035 4903 2287 4975 quamvis
2317 4903 2558 4956 sciamus
2587 4914 2710 4955 eum
2737 4913 2860 4954 esse
2893 4898 3039 4953 ultra
3066 4899 3323 4968 incorpo.

1748 5014 1927 5062 reum,
1976 5007 2035 5052 ut
2082 4996 2230 5051 illius
2274 4995 2636 5049 conditorem.
2673 4989 2888 5047 Maneat
2929 4998 3109 5045 autem
3137 4990 3323 5044 ethoc

1747 5092 1972 5148 omnino
2002 5091 2057 5144 in
2090 5089 2459 5161 disputatione
2484 5087 2672 5151 ﬁxum,
2704 5092 2765 5139 ut
2793 5084 2939 5155 quod
2962 5100 3085 5139 esse
3108 5083 3321 5153 aliquid

1747 5185 2133 5255 incorporeum
2178 5183 2538 5237 demonstret.
2576 5178 2731 5246 Quod
2778 5179 2825 5232 si
2867 5178 2922 5231 in
2968 5178 3131 5231 rebus
3183 5174 3320 5227 nihil

1748 5287 1896 5336 esset
1927 5279 2310 5348 incorporeum
2331 5315 2347 5342 ,
2378 5289 2557 5346 neque
2593 5275 2758 5329 etiam
2788 5286 2988 5340 corpus
3012 5276 3179 5323 esset.
3211 5264 3319 5319 Sed

1816 5478 1937 5549 (25)
1985 5475 2316 5549 ᾈμέτοχοντ
2343 5474 2573 5549 _Leger_e
2619 5470 2815 5549 malim.
2859 5466 3103 5549 μέτρχον,
3154 5477 3318 5549 quam

1742 5533 1871 5671 gum
1907 5533 2217 5620 Sylb'urgio'
2254 5533 2472 5601 adderev
2512 5543 2577 5613 ζῇ
2623 5557 2683 5592 τε
2733 5537 2827 5592 καὶ
2858 5533 3167 5589 αἰσθάνεται
3224 5533 3321 5587 καὶ

1777 5636 2054 5672 ιανοειται.

1817 5689 1929 5759 (26)
1982 5689 2049 5742 Τὸ
2080 5727 2095 5741 .
2145 5726 2157 5738 .
2216 5725 2229 5740 .
2260 5684 2360 5813 ἐιὴ
2414 5681 2768 5751 δυνάμενον.
2796 5675 3119 5761 :l‘ollendam
3155 5690 3319 5760 nega-

1817 5775 1952 5813 lnem
2009 5759 2203 5813 probat
2304 5754 2582 5813 vlbumius
2633 5767 2701 5809 ex
2756 5750 2842 5806 his
2883 5762 3007 5813 qua:
3037 5746 3181 5802 mira
3244 5762 3319 5801 ie~

1746 5746 1952 5814 tio‘nem
2009 5759 2203 5832 probat
2260 5746 2582 5830 Sylburgius
2633 5767 2701 5809 ex
2756 5750 2842 5806 his
2883 5762 3007 5819 qua:
3037 5746 3181 5802 infra
3244 5751 3319 5801 λιιι

1744 5844 1815 5901 gu
1825 5840 1970 5885 utur.
