3690 6508
329 381 460 436 ΗῚΙ

1098 376 1460 434 APPENDIX.
1500 408 1567 417 -—
1607 375 1786 432 PARS
1818 377 1861 431 Ι.

2079 378 2253 434 STlNl
2288 376 2515 434 οΡιςιιΑ
2556 374 2827 433 SPURlA.

3466 374 3585 429 L172

320 498 449 568 quia
476 497 679 568 aliquid
709 508 794 554 est
823 498 1224 570 incorporeum,
1258 500 1402 555 sicut
1430 498 1633 569 aliquid
1656 509 1740 555 est
1768 515 1891 555 cor-

2075 520 2079 553 :
2092 500 2247 553 τοῦτο
2259 500 2469 571 ἀνάγκη
2481 503 2591 562 τοῖς
2605 499 2864 561 ἐναντίοις
2874 496 3103 567 ὀνόμασι
3114 494 3187 548 τά
3198 492 3437 548 ἐναντία

322 606 457 659 pus,
488 601 771 660 propterea
797 608 1023 648 necesse
1070 601 1154 648 εει
1194 608 1316 661 qua:
1358 592 1634 647 contraria
1661 593 1804 648 inter
1831 608 1889 648 se

322 690 470 744 sunt,
495 682 809 737 nominibus
831 698 1114 739 secernere
1142 685 1453 740 contrariis.
1488 684 1699 741 Etenim
1723 685 1892 740 Deum

322 773 625 829 increatum
677 776 932 840 dicimus,
982 776 1206 830 increati
1250 776 1414 847 539
1457 778 1817 847 appellatione
1863 791 1893 829 a

322 866 487 920 rebus
521 870 718 922 creatis
752 883 875 922 eum
910 875 1278 922 secernentes.
1324 867 1388 920 Et
1428 869 1531 923 nisi
1573 884 1658 925 res
1699 879 1895 925 creata:

319 964 527 1019 essent,
562 973 741 1028 neque
771 957 913 1013 Deus
941 958 1010 1013 ab
1047 958 1127 1013 eis
1160 959 1387 1013 increati
1415 961 1681 1015 vocabulo
1714 976 1895 1015 secer-

323 1055 568 1102 neretur.
602 1047 711 1102 Hac
734 1064 864 1119 ergo
891 1049 1261 1115 distinctione,
1287 1066 1408 1121 quae
1429 1052 1648 1105 nomine
1668 1053 1895 1107 increati

321 1140 543 1207 nititur,
590 1140 758 1197 Deum
813 1142 951 1196 ultra
998 1157 1229 1212 corpora
1281 1151 1336 1197 et
1395 1144 1717 1213 incorporea
1772 1160 1895 1201 esse

320 1231 647 1286 ostenditur.
681 1230 815 1286 Nam
840 1233 886 1287 si
919 1247 1113 1287 nomen
1140 1234 1314 1287 creati
1354 1234 1668 1290 summatim
1698 1252 1895 1307 corpo—

318 1338 411 1377 rea
454 1330 509 1378 et
554 1324 873 1393 incorporea
917 1325 1324 1394 complectitur,
1373 1326 1467 1395 qui
1512 1326 1617 1382 hoc
1664 1328 1893 1383 iucreati

320 1413 539 1467 nomine
585 1428 615 1466 a
649 1414 849 1469 creatis
893 1416 1233 1481 secernitur,
1268 1416 1412 1470 hunc
1442 1418 1771 1488 perspicitur
1799 1437 1895 1478 ne-

318 1505 560 1559 cessario
588 1513 643 1558 et
670 1520 699 1557 a
725 1507 1049 1576 corporibus
1082 1515 1135 1563 et
1164 1507 1232 1563 ab
1271 1508 1612 1579 incorporeis
1650 1513 1887 1569 secerni.

318 1594 384 1649 Et
414 1598 558 1667 quod
592 1598 712 1652 aliis
732 1599 885 1653 adest
914 1599 1276 1669 incorporeis,
1300 1609 1359 1654 ut
1385 1616 1415 1656 a
1439 1603 1762 1672 corporibus
1784 1620 1891 1659 non

317 1694 614 1742 teneantur
638 1729 653 1753 ,
685 1690 737 1743 id
769 1698 823 1746 et
856 1689 966 1744 Deo
993 1690 1188 1758 adest,
1218 1708 1331 1747 non
1364 1693 1583 1763 quidem
1621 1702 1679 1749 ut
1712 1697 1893 1751 incor-

316 1795 507 1848 poreo,
539 1782 634 1836 sed
664 1789 721 1836 ut
749 1783 887 1836 ultra
920 1782 1260 1853 incorporea.
1292 1784 1359 1838 Et
1387 1786 1515 1856 quia
1551 1802 1659 1842 non
1693 1789 1893 1845 habere

1996 592 2101 646 λων
2124 592 2474 647 διαστέλλειν.
2489 592 2595 646 Καὶ
2610 590 2718 662 γὰρ
2732 590 2821 644 τὸν
2846 590 2978 642 Θεὸν
2999 586 3291 657 καλοῦμεν
3312 586 3586 645 bras-.9“

1992 682 2070 753 τῷ
2081 685 2173 737 τοῦ
2188 684 2440 738 ἀκτίστου
2461 682 2681 753 ὀνόματι
2698 681 2806 735 τῶν
2823 680 3055 733 κτιστῶν
3068 680 3246 733 αὑτὸν
3258 678 3589 731 διαστέλλει

1992 754 2101 839 τιες.
2128 777 2237 829 Καὶ
2260 778 2307 829 εἰ
2335 776 2409 847 μὴ
2434 771 2574 847 ἦσαν
2595 774 2663 827 τά
2684 773 2899 837 κτιστὰ,
2924 773 3042 827 οὐδὲ
3069 772 3213 834 Θεὸς
3252 770 3476 823 τούτων
3497 770 3589 821 διε.

1995 867 2241 921 στέλλετο
2267 867 2345 938 τῷ
2373 866 2467 920 τοῦ
2501 866 2757 920 ἀκτίστου
2787 865 3032 936 ὀνόματι.
3059 864 3232 919 Κατά
3270 862 3493 933 ταύτην
3510 858 3591 916 οἵη

1991 960 2091 1031 τὴν
2121 958 2413 1030 γινομένην
2448 958 2527 1029 τῷ
2574 957 2665 1011 τοῦ
2719 957 2974 1010 ἀκτίστου
3014 957 3256 1027 ὀνόματι
3307 954 3589 1024 διαστολὴ-ν

1992 1052 2262 1105 δείκνυται
2295 1052 2324 1103 ό
2356 1050 2489 1114 Θεὸς
2524 1052 2789 1121 σωμάτων
2819 1068 2879 1103 τε
2914 1051 3007 1103 καὶ
3050 1047 3391 1119 ἀσωμάτων
3426 1047 3591 1117 ὺπέρ»

1992 1160 2103 1213 χων
2135 1143 2408 1197 ἐπέκεινα.
2446 1142 2509 1195 Εἰ
2546 1142 2655 1214 γάρ
2687 1143 2747 1195 τὸ
2780 1144 2995 1195 κτιστὸν
3022 1142 3204 1212 ὄνομα
3250 1139 3449 1192 πάντα
3477 1141 3589 1191 πὶ-

1992 1234 2189 1306 λήϐδην
2220 1234 2459 1304 περιέχει
2494 1234 2562 1287 τά
2597 1233 2826 1305 σώματά
2856 1251 2913 1288 τε
2941 1236 3032 1288 καὶ
3055 1234 3127 1287 τὰ
3164 1231 3485 1301 ἀσώματα,
3516 1231 3591 1299 5?,-

1992 1328 2102 1392 λον,
2138 1327 2218 1379 ὅτι
2246 1327 2275 1378 ὁ
2307 1326 2480 1397 τούτῳ
2501 1326 2579 1398 τῷ
2611 1326 2837 1397 ὀνόματι
2863 1326 2970 1379 τῶν
3004 1325 3250 1380 κτιστῶν
3277 1324 3590 1377 διαστελλό-

1997 1434 2155 1489 μενος
2187 1417 2246 1483 ἐξ
2290 1417 2535 1488 ἀνάγκης
2564 1418 2658 1471 καὶ
2712 1420 2981 1489 σωμάτων
3012 1436 3070 1470 τε
3121 1418 3222 1471 καὶ
3276 1417 3590 1485 ἀσωμὰτεπ

1992 1506 2313 1561 διέσταλται.
2350 1507 2462 1561 Καὶ
2489 1509 2625 1580 ὅπερ
2654 1508 2915 1579 πρόσεστι
2961 1510 3075 1572 τοῖς
3114 1507 3324 1569 ἄλλοις
3371 1507 3589 1574 impio

1992 1614 2125 1661 τοις,
2152 1598 2211 1650 τὸ
2232 1598 2307 1669 μὴ
2336 1597 2653 1669 κρατεῖσθαι
2686 1598 2789 1651 ὑπὸ
2818 1598 3102 1670 σωμάτων,
3131 1596 3314 1649 τοῦτο
3337 1596 3587 1666 πρόσεστι

1995 1690 2088 1742 καὶ
2113 1689 2191 1760 τῷ
2223 1688 2361 1760 Θεῷ,
2393 1690 2468 1753 ὡς
2495 1689 2572 1762 τῷ
2598 1690 2873 1761 ἀσωμάτῳ
2904 1690 3041 1759 οὐχὶ,
3079 1689 3201 1743 ἀλλ’
3245 1689 3341 1750 ὡς
3374 1687 3456 1757 τῷ
3478 1689 3587 1739 ἐπέ-

1997 1779 2254 1835 κεινατοῦ
2278 1781 2591 1851 ἀσωμάτου.
2616 1783 2725 1835 Καὶ
2751 1781 2937 1849 ἐπειδὴ
2956 1779 3016 1832 τὸ
3044 1779 3117 1850 μὴ
3144 1778 3308 1848 ἔχειν
3350 1778 3587 1847 δημιουρ

316 1875 567 1943 opiﬁcem
591 1882 645 1929 et
668 1875 968 1940 dominum,
994 1878 1342 1947 praestantius
1360 1887 1444 1935 est
1464 1895 1625 1950 quam
1648 1883 1892 1952 opiﬁcem

2075 1888 2095 1923 ν
2128 1873 2222 1925 καὶ
2250 1872 2514 1944 δεσπότην
2534 1872 2628 1926 τοῦ
2660 1872 2804 1943 ἔχειν
2832 1872 3165 1943 δημιουργὸν
3190 1871 3301 1925 καὶ
3331 1869 3589 1937 δεσπότῃ

317 1968 521 2022 habere
564 1976 618 2022 et
648 1967 928 2022 dominum
988 1969 1110 2024 ideo
1166 1969 1334 2025 Deum
1370 1987 1630 2029 vocamus
1678 1974 1895 2029 increa-

315 2072 452 2114 tutu.
490 2059 622 2114 Nam
653 2062 800 2132 quod
834 2061 1140 2117 increatum
1165 2071 1277 2128 est,
1306 2081 1483 2136 neque
1513 2067 1765 2137 opiﬁcem
1806 2068 1897 2122 ha-

317 2153 447 2208 bere
481 2161 701 2223 potest,
746 2170 925 2225 neque
966 2155 1270 2211 dominum.
1316 2156 1580 2215 Similiter
1624 2160 1751 2230 quia
1783 2176 1894 2215 non

317 2243 489 2297 teneri
521 2259 548 2296 a
584 2245 862 2315 quopiam,
889 2260 1053 2315 quam
1078 2246 1271 2311 teneri,
1305 2248 1757 2308 honoriﬁcentius
1786 2259 1892 2317 est,

318 2331 525 2389 idcirco
551 2351 675 2389 eum
707 2352 968 2393 vocamus
999 2338 1404 2409 incorporeum.

387 2486 668 2554 QUIEST.
726 2487 812 2544 ΙΙΙ.
871 2489 925 2543 6.
989 2489 1144 2548 Unde
1191 2493 1362 2565 liquet
1418 2509 1486 2550 an
1545 2511 1774 2566 prorsus
1822 2498 1894 2554 sit

318 2575 497 2630 Deus?

389 2665 585 2720 RESP.
636 2667 712 2722 Ex
752 2685 935 2725 rerum
967 2688 1088 2741 qure
1130 2682 1350 2730 exstant
1387 2677 1808 2743 constitutione,
1840 2687 1894 2734 et

318 2762 745 2828 perseverantia.
783 2761 903 2816 Non
926 2765 1071 2819 enim
1100 2780 1161 2821 ea
1195 2775 1477 2823 exstarent
1502 2785 1621 2839 qua:
1653 2777 1891 2835 exstant,

314 2849 424 2904 .llsl
472 2849 614 2906 Deus
658 2853 812 2921 prius
850 2869 1014 2925 quam
1069 2857 1161 2911 illa
1203 2860 1537 2925 exstitisset,
1582 2861 1675 2931 qui
1708 2869 1893 2931 partes

314 2952 582 3000 creaturae
631 2962 822 3002 omnes
874 2948 1082 3003 utiliter
1122 2948 1189 3004 ad
1232 2950 1579 3005 commodum
1622 2952 1893 3007 universae

315 3044 582 3093 creaturae
615 3040 924 3104 constituit,
956 3055 1020 3093 ac
1050 3042 1304 3111 cognitus
1332 3044 1492 3098 nobis
1520 3050 1603 3098 est
1626 3058 1724 3113 per
1751 3058 1892 3113 pra}-

313 3127 609 3183 dictionem
636 3138 690 3183 et
720 3129 1027 3183 doctrinam
1077 3131 1464 3199 prophetarum
1497 3142 1551 3187 et
1583 3132 1798 3187 Domini
1834 3142 1888 3188 et

1998 1960 2320 2034 τιμιώτερόν
2347 1964 2485 2026 ἐστι,
2512 1961 2600 2015 διά
2621 1961 2781 2014 τοῦτο
2805 1962 2896 2015 τὸν
2938 1961 3070 2015 Θεὸν
3103 1960 3417 2030 καλοῦμεν
3452 1959 3589 2012 ἀκτι-

1998 2071 2143 2107 στον.
2170 2054 2243 2107 Τὸ
2267 2053 2374 2125 γὰρ
2424 2054 2666 2125 ὑπάρχον
2692 2055 2949 2108 ἀκτιστον
2982 2052 3101 2105 οῦτε
3124 2052 3496 2123 δημιουργὸν
3523 2052 3590 2103 δ’ὁ-

1994 2164 2150 2200 ναται
2183 2146 2324 2216 ἔχειν
2376 2146 2499 2200 οὔτε
2531 2146 2818 2217 δεσπότην.
2862 2145 3134 2208 Ὡσαύτως
3170 2144 3250 2208 δὲ,
3304 2143 3507 2213 ἐπειδὴ
3540 2144 3590 2196 τὸ

1998 2237 2073 2309 μὴ
2098 2237 2414 2309 κρατεῖσθαι
2459 2237 2563 2290 ὑπό
2602 2254 2747 2300 τινος
2778 2235 2873 2289 τοῦ
2909 2222 3230 2306 κρατεῖσθαι
3255 2234 3590 2306 τιμιώτερον

1994 2330 2131 2394 ἐστι,
2160 2328 2249 2383 διὰ
2273 2328 2429 2382 τοῦτο
2462 2327 2733 2400 καλοῦμεν
2752 2327 2913 2381 αὑτὸν
2946 2326 3259 2397 ἀσώματον.

2080 2504 2446 2557 ἘΡΩΤΗΣ1Σ.
2484 2503 2652 2557 Πόθεν
2677 2502 2833 2575 δῆλον
2854 2504 2903 2555 εί
2930 2502 3066 2567 ὅλως
3091 2502 3212 2555 ἔστι
3246 2502 3433 2567 Θεὰςς

2080 2682 2481 2735 ἈΠΟΚΡΙΣ1Σ.
2529 2682 2625 2735 Ἐκ
2655 2682 2755 2751 τῆς
2790 2680 2899 2735 τῶν
2944 2680 3114 2733 ὅντων
3163 2679 3505 2744 συστάσεως
3539 2698 3589 2733 τε

1996 2770 2090 2835 καί
2133 2768 2412 2840 διαμονῆς.
2447 2770 2519 2824 Οὐ
2567 2768 2675 2842 γὰρ
2712 2769 2778 2823 ἂν
2813 2765 2882 2840 ἦν
2922 2768 2991 2822 τά
3022 2768 3178 2833 ὄντα,
3213 2770 3293 2839 μὴ
3334 2770 3439 2821 τοῦ
3462 2770 3589 2821 Θεοῦ

1995 2864 2434 2935 προϋπάρχοντος
2482 2860 2684 2925 αὐτῶν,
2725 2861 2820 2913 τοῦ
2861 2860 3035 2913 πάντα
3067 2860 3135 2912 τά
3172 2861 3328 2931 μέρη
3358 2862 3465 2931 τῆς
3492 2864 3573 2913 ιττί

1996 2964 2134 3011 σεως
2178 2949 2454 3019 χρειωδῶς
2495 2950 2630 3022 πρὸς
2665 2951 2996 3009 λυσιτέλειαν
3028 2952 3127 3023 τῆς
3177 2952 3313 3022 ὅλης
3364 2953 3588 3015 κτίσεως

1994 3041 2459 3112 ὑποστησαμένου,
2480 3043 2574 3096 τοῦ
2601 3045 2730 3114 ἡμῖν
2754 3043 3084 3113 γνωσθέντος
3110 3043 3202 3096 διὰ
3220 3046 3589 3116 προρρήσεως

1994 3130 2088 3181 καὶ
2128 3130 2472 3196 διδασκαλίας
2505 3134 2611 3187 τῶν
2648 3134 2941 3207 προφητῶν
2983 3151 3043 3187 τε
3087 3135 3183 3187 καὶ⁸
3230 3135 3335 3188 τοῦ
3386 3138 3585 3208 Κυρίου

318 3218 623 3275 Salvatoris
650 3223 824 3275 nostri
848 3221 976 3276 Jesu
998 3220 1200 3276 Christi
1223 3262 1237 3285 ,
1268 3224 1748 3293 apostolorumque
1771 3225 1890 3294 ejus

2075 3234 2085 3273 ί
2136 3223 2386 3295 Σωτῆρος
2433 3224 2588 3296 ἡμῶν
2626 3226 2801 3297 Ἰησοῦ
2850 3225 3109 3298 Χριστοῦ,
3144 3228 3245 3279 καὶ
3277 3227 3399 3279 τῶν
3429 3230 3585 3281 αὑτοῦ

317 3313 781 3380 praedicationem,
816 3331 936 3384 quae
957 3317 1265 3377 divinarum
1285 3317 1548 3372 virtutum
1578 3319 1892 3374 testimonio

315 3403 638 3457 conﬁrmata
669 3413 772 3460 est.

388 3494 668 3561 QUASST.
702 3494 791 3551 IV.
826 3498 875 3565 7,
901 3498 957 3560 8,
992 3498 1041 3553 9.
1074 3496 1157 3553 An
1190 3498 1333 3557 Deus
1361 3500 1512 3564 facit,
1546 3516 1612 3554 an
1643 3499 1790 3566 fecit,
1823 3516 1892 3556 an

317 3585 567 3641 facturus
598 3588 721 3643 est?
746 3587 811 3642 Et
842 3589 889 3643 si
920 3588 1079 3654 fecit,
1111 3596 1292 3644 utrum
1323 3590 1603 3645 voluntate
1627 3630 1642 3656 ,
1673 3605 1741 3644 an
1772 3592 1893 3645 sine

313 3679 636 3734 voluntate?

386 3767 585 3823 RESP.
627 3767 778 3824 Fecit
802 3769 968 3830 Deus.
996 3779 1051 3827 et
1076 3770 1226 3834 facit,
1258 3779 1313 3826 et
1347 3769 1594 3827 facturus
1622 3778 1735 3836 est,
1768 3787 1891 3842 pro-

315 3862 433 3931 pria
457 3877 556 3916 sua
584 3863 884 3918 voluntate.
913 3862 1064 3918 Fecit
1096 3864 1241 3924 enim
1271 3874 1576 3918 creaturam
1598 3903 1611 3926 ,
1645 3880 1766 3933 quae
1792 3881 1891 3919 an-

315 3961 401 4006 tea
427 3968 536 4008 non
563 3961 703 4017 erat,
737 3955 853 4023 ipse
890 3954 1117 4009 volens:
1160 3952 1300 4008 hanc
1333 3969 1433 4009 sua
1479 3953 1652 4023 ipsius
1707 3955 1889 4025 provi-

314 4045 500 4099 dentia
540 4050 833 4100 conservat
888 4052 948 4098 ut
1005 4044 1107 4108 sit,
1139 4044 1287 4113 quod
1314 4043 1531 4113 quidem
1570 4054 1657 4099 est
1684 4045 1887 4102 facere.

313 4136 465 4190 Illam
494 4135 659 4190 etiam
678 4135 1086 4190 instauraturus
1111 4140 1197 4189 est
1222 4142 1276 4189 et
1300 4135 1355 4189 in
1384 4136 1663 4191 meliorem
1686 4144 1886 4191 statum

314 4226 673 4283 instaurando
705 4226 1099 4296 perducturus;
1145 4224 1290 4295 quod
1335 4224 1552 4294 quidem
1595 4234 1681 4280 est
1712 4225 1888 4280 l'actn-

313 4334 433 4374 rum
466 4334 612 4381 esse,
640 4325 700 4371 ut
729 4332 850 4373 eam
889 4323 1154 4387 expurget
1183 4316 1251 4370 ab
1280 4315 1430 4370 omni
1462 4315 1613 4380 labe,
1640 4332 1803 4387 quam
1835 4318 1886 4372 ei

311 4411 523 4467 ratione
554 4409 824 4465 utentium
852 4410 1107 4464 vecordia
1130 4408 1398 4479 aspersit;
1427 4423 1771 4478 nequaquam
1802 4410 1885 4463 di-

304 4502 603 4573 judicando
630 4510 684 4557 et
705 4500 1108 4557 considerando
1138 4502 1191 4555 id
1213 4501 1358 4571 quod
1381 4500 1574 4556 melius
1595 4508 1678 4555 est
1697 4508 1883 4571 postea

1995 3314 2307 3367 ἀποστόλων
2356 3314 2535 3384 λόγοις
2580 3316 2753 3380 θείαις
2815 3318 3079 3389 δυνάμεσι
3143 3320 3585 3389 μεμαρτυρημέ-

1992 3423 2123 3460 νοις.

2073 3424 2443 3551 ἒΡΩΤΗΣΙΣ.
2490 3500 2552 3552 Ei
2586 3503 2729 3553 ποιεῖ
2760 3500 2912 3565 Θεὸς,
2949 3500 2982 3572 ἢ
3012 3501 3297 3572 ἐποίησεν,
3328 3502 3367 3573 ἦ
3412 3500 3585 3573 μέλλει

1992 3590 2185 3652 ποιεῖν,
2225 3589 2360 3660 μετά
2391 3590 2604 3660 βουλῆς,
2635 3591 2667 3662 ἢ
2694 3590 2821 3644 ἄνευ
2847 3589 3073 3661 βουλῆς;

2074 3762 2474 3815 ἈΠΟΚΡΙΣΙΣ.
2518 3760 2804 3831 Ἐποίησεν
2853 3763 2882 3814 ὁ
2928 3759 3081 3824 Θεὸς,
3142 3761 3239 3813 καὶ
3294 3763 3469 3819 ποιεῖ,
3495 3760 3582 3811 καὶ

1991 3859 2203 3927 ποιήσει
2256 3853 2343 3907 διὰ
2384 3854 2480 3923 τῆς
2527 3854 2733 3917 οἰκείας
2782 3853 3106 3924 βουλήσεως.
3159 3853 3429 3923 Ἐποίησε
3476 3853 3578 3923 γὰρ

1989 3947 2086 4017 τὴν
2117 3946 2291 3998 κτίσιν
2324 3944 2422 3996 οὐκ
2447 3939 2611 3997 οὖσαν
2646 3944 2907 4015 πρότερον
2936 3942 3219 4013 βουληθεὶς
3247 3942 3421 4005 αὑτός
3450 3943 3574 4011 (Ξῖ-ξ·

1988 4038 2054 4108 ἠν
2096 4041 2162 4109 τῇ
2216 4036 2404 4089 ἑαυτοῦ
2437 4036 2663 4107 προνοίᾳ
2705 4036 2763 4088 ἐν
2811 4034 2888 4105 τῷ
2946 4030 3082 4087 εἴναι
3116 4034 3412 4104 διατηρεῖο
3450 4036 3577 4103 ὅπερ

1990 4130 2106 4182 ἐστὶ
2140 4132 2315 4183 ποιεῖ’
2348 4129 2415 4199 ἢν
2460 4128 2555 4181 καὶ
2592 4127 2775 4198 μέλλει
2820 4126 3152 4190 ἀνακτίζειν,
3197 4125 3301 4177 καὶ
3358 4127 3445 4188 είς
3489 4125 3575 4191 τὴν

1991 4222 2232 4291 βελτίονα
2278 4223 2507 4290 ἀγαγεῖν
2555 4220 2887 4274 κατάστασιν
2928 4218 3016 4272 διά
3065 4218 3165 4287 τῆς
3197 4217 3571 4279 ἁνακτίσεως·

1986 4316 2122 4385 ὅπερ
2168 4313 2285 4366 ἐστὶ
2322 4314 2537 4384 ποιήσει
2558 4329 2571 4341 ·
2604 4312 2691 4365 ἵνα
2728 4310 3003 4383 καθαρίσῃ
3032 4310 3204 4380 αὐτὴν
3256 4309 3373 4362 ἀπὸ
3406 4310 3572 4379 πάσης

1985 4404 2213 4468 ἀτοπίας
2242 4405 2340 4476 τῆς
2373 4406 2437 4458 ἐκ
2480 4406 2579 4474 τῆς
2629 4403 2738 4457 τῶν
2784 4400 3017 4469 λογικῶν
3052 4399 3339 4471 ῥᾳθυμίας
3375 4402 3573 4469 συμεά-

1988 4514 2087 4568 σης
2118 4497 2254 4567 αὐτῇ
2275 4512 2289 4524 ·
2319 4496 2419 4549 οὐκ
2442 4496 2505 4547 ὲκ
2531 4495 2629 4565 τῆς
2661 4489 2988 4562 ἐπικρίσεως
3015 4507 3074 4543 τε
3100 4491 3195 4542 καὶ
3231 4491 3570 4559 ἐπισκέψεως

311 4595 614 4656 inveniens,
653 4594 765 4649 sed‘
798 4593 867 4647 ab
900 4593 1055 4648 initio
1089 4600 1142 4647 ει
1173 4600 1299 4647 ante
1328 4591 1518 4646 mundi
1547 4594 1882 4646 creationem

2075 4604 2211 4657 τερον
2230 4563 2410 4658 εὑρὼν
2437 4587 2499 4638 τὸ
2528 4563 2753 4655 βέλτιον,
2786 4581 2921 4635 ἀλλά
2955 4581 3163 4634 ἄνωθεν
3197 4582 3301 4633 καὶ
3336 4581 3450 4653 πρὸ
3484 4581 3567 4649 τῆς

308 4696 573 4741 statutum
620 4687 696 4740 illi
728 4692 846 4742 erat
875 4684 1077 4741 facere.
1114 4683 1300 4754 Neque
1339 4686 1482 4739 enim
1517 4686 1583 4739 ad
1616 4684 1885 4754 cognitio-

308 4795 433 4835 nem
462 4787 556 4832 aut
586 4786 909 4847 potestatem
936 4777 1046 4832 Deo
1075 4777 1372 4847 quidquam
1395 4778 1657 4832 accedere
1681 4783 1882 4847 potest,

307 4870 451 4940 quod
490 4871 643 4940 prius
671 4885 781 4924 non
812 4869 1086 4927 habuerit.
1123 4869 1279 4937 Quod
1310 4878 1492 4925 autem
1527 4870 1717 4925 volens
1741 4870 1884 4924 Deus

309 4962 501 5017 fecerit
546 4962 807 5015 mundum
833 5002 849 5025 ,
895 4963 1028 5018 illud
1064 4970 1387 5033 argumento
1417 4970 1536 5025 est,
1579 4962 1725 5033 quod
1758 4978 1885 5017 cum

309 5054 494 5123 plures
527 5052 672 5107 soles
704 5051 883 5107 facere
905 5062 1091 5123 posset
1114 5093 1130 5117 ,
1162 5070 1270 5108 non
1306 5055 1489 5124 plures
1523 5054 1714 5110 fecerit
1737 5094 1752 5116 ,
1785 5054 1880 5109 sed

310 5161 478 5199 unutn
509 5144 795 5198 duntaxat.
842 5144 976 5199 Nam
1019 5146 1111 5215 qui
1147 5147 1330 5215 plures
1370 5164 1478 5202 non
1526 5147 1699 5217 possit
1736 5147 1882 5202 soles

308 5238 510 5303 facere,
536 5238 585 5293 is
613 5253 716 5293 nec
744 5254 913 5291 unum
948 5239 1143 5307 possit.
1174 5247 1228 5294 et
1270 5240 1361 5309 qui
1390 5255 1559 5294 unum
1589 5248 1765 5310 potest
1795 5238 1880 5293 fa-

307 5343 466 5392 cere,
514 5327 829 5383 necessario
867 5335 921 5383 et
946 5328 1129 5398 plures
1162 5319 1355 5398 poteSt.
1399 5328 1684 5394 Quomodo
1717 5330 1882 5399 igitur

311 5419 453 5476 Deus
480 5420 664 5490 plures
694 5421 841 5476 soles
878 5436 987 5475 non
1033 5418 1192 5485 fecit,
1236 5436 1374 5490 quos
1408 5428 1620 5490 poterat
1660 5420 1839 5476 facere
1862 5461 1877 5483 ,

312 5514 418 5567 nisi
448 5512 575 5582 quia
615 5514 789 5569 noluit
825 5513 1009 5584 plures
1041 5511 1262 5568 facere?
1306 5509 1463 5579 Quod
1499 5512 1548 5570 si
1590 5528 1730 5583 quos
1770 5529 1880 5567 non

1985 4677 2079 4730 τοῦ
2108 4678 2310 4748 κόσμου
2330 4678 2597 4749 ποιήσεως
2622 4670 2689 4746 ἦν
2720 4672 2867 4743 αὐτῷ
2889 4671 3209 4741 δεδογμένον
3262 4670 3343 4727 τὸ,
3382 4673 3564 4723 ποιεῖν.

1988 4771 2126 4826 Οὔτε
2170 4772 2278 4844 γὰρ
2326 4772 2461 4844 πρὸς
2506 4770 2704 4839 γνῶσιν
2750 4766 2873 4821 οὔτε
2915 4766 3049 4839 πρὸς
3082 4765 3322 4833 δύναμιν
3353 4763 3568 4817 δυνατὸν

1988 4864 2381 4935 προσγενέσθαι
2426 4862 2505 4933 τῷ
2545 4861 2663 4932 Θεῷ
2696 4859 2942 4931 ὕστερον,
2976 4858 3004 4909 ὃ
3038 4857 3111 4927 μὴ
3137 4856 3419 4925 πρότερον
3446 4851 3563 4922 εἶχε.

1987 4957 2194 5025 Δεῖγμα
2224 4954 2279 5007 δὲ
2312 4954 2404 5007 τοῦ
2442 4953 2692 5023 βουλήσει
2725 4952 2817 5003 τὸν
2852 4949 2985 5002 Θεὸν
3030 4949 3206 4999 ποιεῖν
3237 4946 3338 4997 τὸν
3372 4946 3565 5014 κόσμον

1984 5048 2142 5101 τοῦτό
2166 5050 2301 5111 ἐστι,
2334 5048 2415 5111 τὸ,
2461 5046 2759 5116 δυναμένου
2789 5042 2883 5096 τοῦ
2934 5039 3069 5094 Θεοῦ
3109 5039 3373 5101 πλείονας
3407 5042 3563 5091 ποιεῖν

1986 5141 2188 5211 ἡλίους,
2222 5140 2322 5192 οὐκ
2347 5138 2567 5208 ἐποίησε
2597 5136 2867 5198 πλείονας,
2896 5133 3008 5186 ἀλλ’
3039 5132 3135 5185 ἕνα
3176 5130 3341 5200 μόνον
3382 5131 3558 5198 ἐποίη-

1988 5250 2098 5285 σεν.
2136 5233 2193 5285 ’0
2236 5231 2345 5303 γάρ
2386 5230 2459 5302 μὴ
2497 5230 2789 5300 δυνάμενος
2818 5227 3066 5288 πλείονας
3094 5225 3327 5294 ποιῆσαι
3363 5226 3555 5296 ἡλίους,

1987 5324 2108 5378 οὔτε
2157 5324 2253 5377 ἕνα
2293 5323 2513 5377 δύναται
2550 5325 2753 5375 ποιεῖν·
2783 5320 2926 5374 καὶὸ
2949 5319 3040 5372 τὸν
3081 5318 3175 5371 ἕνα
3215 5316 3375 5386 ἥλιον
3416 5317 3558 5369 δυνάο

1991 5434 2147 5487 μενος
2197 5417 2438 5487 ποιῆσαι,
2489 5414 2549 5479 ἐξ
2606 5414 2850 5484 ἀνάγκης
2880 5412 2971 5465 καὶ
3029 5408 3286 5471 πλείονας
3342 5408 3554 5460 δύναται

1987 5514 2176 5564 ποιεῖν.
2204 5510 2329 5573 Πῶς
2357 5506 2449 5563 οὖν
2476 5509 2575 5562 οὐκ
2602 5506 2857 5578 ἐποίησεν
2874 5507 2902 5559 ὁ
2924 5501 3056 5566 Θεὸς
3081 5502 3340 5564 πλείονας
3362 5502 3550 5571 ἡλίους,

386 5691 855 5773 φηΒουληθεὶς
891 5689 1206 5773 apag-uad
1254 5690 1553 5773 margiqem
1599 5690 1883 5761 utriusque
1923 5690 2131 5747 codicis
2157 5690 2448 5761 apponitur
2472 5688 2578 5744 alia
2608 5686 2790 5754 lectio,
2817 5700 2939 5757 quae
2965 5684 3095 5741 huic
3154 5681 3419 5753 scriptori
3475 5677 3546 5733 fa-

314 5762 543 5817 miliaris
572 5772 677 5827 est,
713 5778 903 5833 nempe
935 5762 1276 5834 βουληθέντος
1309 5760 1493 5815 αὑτοῦ.
