3662 6502
88 352 204 408 um
989 350 1453 418 QUJESTIONES
1492 358 1773 417 GRAECAS
1814 363 1904 416 AD
1942 363 2421 430 CHRISTIANOS.
3025 430 3035 439 ς
3174 372 3312 435 ιιτι

82 466 158 527 οὒς
182 463 395 516 ἐδύνατο
425 466 614 528 ποιεῖν,
645 468 693 519 εί
718 470 791 539 μή
824 486 876 521 τι
905 471 1014 542 ἄρα
1039 472 1139 524 οὐκ
1170 472 1420 528 ἐϐούλετο
1454 475 1524 528 πλ

1897 483 2072 549 soles,
2107 486 2389 542 voluntate
2428 504 2537 544 non
2575 489 2701 546 fecit
2725 535 2737 559 ,
2778 492 2949 565 liquet
2982 498 3228 567 profecto
3261 515 3313 561 ct

84 575 163 621 νας
207 558 376 607 ποιεῖν
426 553 641 627 ήλίους;
692 560 755 611 El
797 560 854 613 δὲ
897 561 992 626 οὓς
1017 563 1120 616 οὐκ
1151 565 1408 637 ἐποίησεν
1431 567 1530 639 ἥλιε

1870 588 1900 625 n
1928 573 2088 640 fecit,
2126 578 2410 634 voluntate
2447 579 2650 636 factum
2679 553 2849 648 esse;
2878 594 2932 640 et
2961 553 3316 656 quemadmo—

84 648 303 720 βουλήσει
326 648 429 699 οὐκ
459 647 703 720 ἐποίησε,
727 650 882 722 δῆλον
914 653 1045 726 ἄρα,
1071 655 1153 708 ὅτι
1180 656 1277 709 καὶ
1303 657 1364 710 ὃν
1388 658 1530 712 ἐποίτ

1890 667 2057 722 solem
2084 710 2098 734 ,
2136 668 2211 723 ita
2251 678 2307 725 et
2356 672 2495 728 alias
2539 688 2730 729 omnes
2780 688 3045 733 creaturae
3096 692 3313 751 partes,

82 740 303 812 βουλήσει
333 759 396 809 γε
418 743 660 814 ἐποίησε·
696 747 789 799 καὶ
810 748 1060 821 καθάπερ
1086 750 1177 804 τὸν
1192 752 1362 823 ἥλιον,
1379 752 1521 808 οὕτω

1868 758 2080 827 uptioni
2109 776 2217 816 non
2250 764 2519 820 obnoxias
2546 766 2626 821 vel
2654 766 2941 834 obnoxias,
2967 786 3089 841 qua:
3114 788 3181 827 ex
3216 792 3314 829 vo-

78 833 133 884 τὰ
149 831 297 886 λοιπά
317 834 495 888 πάντα
522 836 591 889 τὰ
614 837 754 909 μέρη
783 840 881 910 τῆς
928 842 1174 908 κτίσεως,
1206 845 1275 898 τά
1297 861 1356 898 τε
1386 847 1524 915 άφθα

1735 848 1942 906 luntate
1967 850 2062 908 Dei
2087 854 2289 910 habent
2319 864 2378 911 ut
2407 858 2541 923 sint,
2572 870 2735 931 atque
2766 872 2823 917 ut
2850 831 3001 919 ιριιετε⁸
3017 864 3147 919 sint.

79 924 154 978 καὶ
192 923 255 977 τά
305 926 541 999 φθαρτά,
575 928 644 982 τὰ
687 932 751 983 ὲκ
796 932 897 1001 τῆς
932 933 1026 986 τοῦ
1064 935 1200 989 Θεοῦ
1246 936 1442 1010 βουλῆς
1474 940 1535 993 τό
1572 957 1632 994 τε

78 1014 191 1070 εἶναι
222 1018 329 1087 (ἓ8)
365 1020 461 1073 καὶ
499 1020 559 1074 τὸ
589 1021 766 1075 τοιάδε
795 1018 934 1077 εἶναι
959 1023 1170 1095 ἔχοντα.

145 1111 499 1164 ἘΡΩΤΗΣΙΣ.
533 1112 597 1165 El
630 1112 849 1167 κάλλιον
887 1115 950 1168 τὸ
1003 1115 1296 1188 ἀσώματον
1327 1118 1419 1173 τοῦ
1453 1120 1591 1193 σώμι

1864 1108 2083 1165 UZEST.
2120 1111 2183 1168 ν.
2217 1115 2303 1170 15.
2335 1117 2419 1170 Αη
2454 1118 2836 1190 incorporeum
2870 1121 3153 1192 pulchrius
3185 1139 3310 1177 cor-

75 1220 180 1267 τί)ςὶ

1730 1216 1862 1272 pore
1882 1204 1904 1256 ?

141 1295 538 1349 'AIIOKPIEIE.~
561 1298 624 1351 Εἰ
670 1296 902 1363 ζωοῦται
944 1300 1006 1353 τὸ
1048 1298 1209 1372 σῶμα
1236 1302 1331 1356 καὶ¹
1360 1302 1587 1377 διανοητι

1857 1294 1962 1366 ﬁo
1995 1296 2191 1354 RESP.
2243 1297 2300 1353 Si
2342 1315 2541 1371 corpus
2574 1301 2741 1357 vitam
2784 1313 2839 1359 et
2887 1305 3303 1377 intelligentiam

75 1388 148 1440 κὸν
167 1387 384 1456 γίνεται,
398 1390 460 1443 οὐ
476 1389 725 1462 σώματος
748 1393 936 1465 ἐτέρου
969 1395 1264 1467 παρουσίᾳ,
1291 1396 1428 1451 ἀλλά
1445 1402 1512 1470 τῇ

1854 1388 1947 1456 pit,
1980 1405 2089 1443 non
2124 1392 2371 1460 corporis
2417 1394 2672 1463 alterius,
2702 1396 2795 1451 sed
2830 1395 3139 1466 incorporei
3169 1414 3300 1465 pra).-

72 1478 355 1548 ἁσωμάτου,
391 1479 511 1544 πῶς
532 1482 633 1536 οὐκ
679 1482 793 1537 ἐστι
824 1483 885 1537 τὸ
916 1483 1209 1554 ἀσώματον
1248 1485 1344 1540 τοῦ
1378 1486 1518 1561 σώμι

1860 1479 1944 1534 ia:
1997 1482 2271 1551 quomodo
2314 1499 2423 1540 non
2454 1485 2737 1555 pulchrius
2779 1502 3009 1559 corpore
3050 1490 3306 1558 incorpo-

74 1570 285 1640 ὑπάρχον
311 1570 568 1639 κάλλιον;

471 1589 533 1625 ,ον
553 1589 568 1639 ;
1730 1573 1917 1626 reum?

131 1663 315 1716 Ἄλλο.
350 1664 416 1717 Εἰ
445 1665 509 1718 ἐκ
534 1664 632 1737 τῆς
658 1664 789 1737 ὕλης
811 1668 1017 1723 καὶτοῦ
1054 1671 1228 1737 εἴδους
1262 1673 1381 1727 ἐστὶ
1413 1674 1563 1728 πᾶσα

1857 1659 1982 1716 liud.
2020 1659 2078 1715 Si
2105 1662 2310 1733 quazvis
2338 1677 2605 1735 corporea
2635 1667 2941 1724 substantia
2975 1686 3042 1725 ex
3073 1672 3303 1726 materia

74 1754 328 1827 σωματικὴ
350 1756 536 1821 οὐσία,
562 1760 656 1813 καὶ
684 1760 785 1814 οὐκ
813 1762 879 1814 ἐκ
911 1762 1011 1834 τῆς
1060 1763 1195 1837 ὕλης
1222 1766 1286 1819 τὸ
1310 1761 1469 1832 εἶδος,
1502 1768 1520 1821 ε

1862 1768 1995 1807 mna
2043 1764 2290 1822 constat,
2332 1773 2507 1828 neque
2555 1774 2619 1813 ex
2669 1764 2895 1817 materia
2941 1763 3035 1817 sed
3083 1763 3308 1819 aliunde

72 1847 334 1917 ἁὶλαχόθεν
384 1850 752 1921 παραγίνεται
793 1855 859 1925 τῇ
917 1853 1040 1928 ὕλῃ,
1095 1857 1212 1922 πῶς
1264 1860 1366 1912 οὐκ
1414 1858 1518 1913 ἐστι

1867 1860 1896 1898 a
1943 1845 2165 1902 advenit
2211 1851 2493 1911 materiae:
2538 1854 2815 1924 quomodo
2857 1871 2969 1909 non
3017 1857 3306 1925 pulchrius

70 1938 326 2011 ἀσώματον
358 1942 577 1997 κάλλιον
610 1944 712 2015 τῆς
740 1943 891 2018 ὕλης,
923 1947 982 2015 ἐξ
1023 1941 1084 2001 οὗ
1142 1951 1504 2021 παραγίνεται

1858 1936 1951 1989 aria
1982 1937 2397 2009 incorporeum,
2441 1958 2474 1998 a
2517 1959 2627 2015 quo
2660 1946 2833 2001 forma
2866 1948 3085 2003 advenit
3128 1959 3304 2005 matc-

70 2031 148 2101 τὴν
176 2031 299 2102 ὕλην
325 2034 387 2086 τὸ
420 2030 594 2100 εἷδος;

420 2030 561 2098 εἶδος
579 2051 594 2100 ς
1724 2029 1852 2082 ι’ίωῖ

128 2124 307 2178 Ἄλλο.
338 2126 404 2178 El
454 2126 556 2179 οὐκ
610 2127 883 2200 ἐνδέχεται
919 2131 1228 2203 γνωσθῆναι
1273 2133 1335 2186 τὸ
1378 2132 1494 2186 ἴσον
1523 2151 1574 2187 τε

1860 2122 1976 2176 iud.
2006 2121 2063 2177 Si
2102 2125 2311 2195 aequale
2344 2127 2497 2181 nosci
2526 2142 2634 2183 non
2667 2136 2845 2199 potest
2872 2130 3123 2201 inaequali
3153 2133 3306 2203 igno-

69 2213 222 2266 ἀνίσου
275 2216 662 2289 ἀγνοουμένου,
722 2221 839 2285 πῶς
883 2222 1154 2294 ἐνδέχεται
1203 2223 1515 2294 γνωσθῆναι

1867 2235 1881 2272 :
1907 2220 2180 2287 quomodo
2209 2222 2361 2277 nosci
2386 2232 2565 2293 potest
2588 2240 2809 2295 corpus,
2841 2228 3163 2297 incorporeo
3189 2246 3296 2284 non

72 2305 202 2376 σῶμα
230 2308 319 2362 τοῦ
351 2310 649 2381 ἀσωμάτου
677 2313 1076 2385 ἀγνοουμένου;

538 2310 649 2365 ἱτου
677 2313 1040 2385 ἀγνοουμένου
1060 2332 1076 2381 ;
1721 2309 1984 2378 (ἰοειιίιοῖ

128 2404 309 2455 Ἄλλο.
344 2404 410 2456 Εἰ
468 2403 539 2458 τὰ
588 2407 875 2476 σωματικά
922 2407 1099 2461 πάντα
1150 2408 1209 2461 ἐν
1260 2406 1475 2480 σώματι
1523 2410 1574 2481 μί

1853 2400 1973 2455 liud.
2010 2402 2065 2456 Si
2092 2418 2356 2473 corporea
2379 2406 2561 2461 omnia
2584 2407 2757 2463 instar
2781 2407 2971 2463 formae
2992 2410 3045 2464 in
3069 2426 3299 2481 corpore

70 2490 271 2563 ὕπάρχει
322 2494 640 2560 εῖδωλικῶς,
683 2497 716 2567 ἡ
762 2496 908 2569 ψυχὴ
959 2498 1017 2552 δὲ
1064 2498 1319 2568 λογικῶς,
1356 2499 1473 2565 πῶς

1858 2532 1871 2554 ,
1901 2493 2082 2546 anima
2111 2502 2288 2549 autem
2308 2503 2365 2549 ut
2386 2497 2599 2552 ratione
2616 2506 2805 2565 utens,
2823 2501 3096 2570 quomodo
3116 2503 3298 2558 anima

70 2582 186 2636 ἔστιν
212 2586 243 2657 ἡ
274 2584 422 2657 ψυχὴ
458 2586 779 2658 ἀσώματοςς

1721 2584 2047 2654 incorporea
2078 2601 2187 2640 non
2211 2589 2331 2643 est?

126 2679 309 2734 Ἄλλο.
338 2681 403 2732 Et
434 2679 658 2734 δυνατὸν
702 2684 770 2753 τῇ
811 2680 955 2753 ψυχῇ
996 2682 1136 2735 κατά
1187 2681 1309 2735 νοῦν
1346 2682 1572 2755 ἐνεργείκ

1853 2676 1978 2729 liud.
2025 2676 2083 2732 Si
2128 2679 2309 2733 anima
2354 2680 2531 2736 instar
2571 2683 2774 2738 mentis
2808 2686 3024 2754 operari
3073 2693 3299 2756 potest,

70 2768 246 2838 ἐνεργεῖ
285 2771 343 2824 δὲ
385 2771 532 2825 κατὰ
581 2772 705 2826 νοῦν
746 2774 779 2843 ἡ
812 2772 977 2845 ψυχὴ,
1007 2774 1135 2827 ὅταν
1165 2774 1371 2848 χωρίζῃ
1422 2776 1516 2828 ἐαυ

1853 2775 1977 2822 atur
2006 2780 2187 2826 autem
2217 2773 2397 2826 anima
2427 2775 2602 2829 instar
2635 2776 2856 2839 mentis,
2892 2791 3018 2830 cum
3060 2778 3299 2848 seipsam

71 2858 219 2931 πάσης
240 2864 570 2935 αἰσθήσεως,
598 2865 718 2929 πῶς
742 2866 841 2919 οὐκ
868 2866 1014 2921 ἔστιν
1039 2867 1124 2937 ἐφ’
1153 2868 1351 2939 ἑαυτῆς
1382 2868 1417 2939 ἡ
1446 2867 1517 2939 ψυ

1854 2875 1943 2914 ηιειι
1979 2861 2129 2915 οηιηὶ
2167 2872 2443 2935 segregat:
2473 2866 2750 2936 quomodo
2774 2867 2828 2920 in
2868 2867 3047 2938 scipsa
3077 2885 3185 2924 non
3212 2878 3300 2927 est

1717 2949 1941 3003 anima?
2210 2958 2229 2977 ‘

134 3040 498 3097 ’EPDTHZIE.
528 3042 594 3096 Τί
623 3043 873 3115 διαφέρει
895 3046 1028 3112 Θεὸς
1055 3047 1265 3118 ψυχῆςῖ

1855 3040 2065 3098 3ᾹΞ5Τ.
2098 3041 2189 3098 Vl.
2228 3044 2275 3099 5.
2311 3044 2597 3111 Quomodo
2619 3048 2797 3105 dill‘ert
2816 3049 2962 3107 Deus
2984 3051 3053 3106 ab
3083 3051 3301 3106 anima?

133 3132 524 3188 ‘AIIOKPIZIZ.
541 3128 618 3206 Y1;]
632 3136 878 3209 διαφέρει
888 3138 949 3191 τὸ
963 3138 1026 3209 δη
1036 3157 1157 3209 μιου
1168 3139 1293 3210 ργὸν
1308 3138 1404 3192 καὶ
1427 3139 1579 3193 eam

1852 3133 1985 3190 ESP.
2020 3134 2089 3190 Ut
2116 3135 2297 3206 opifex
2345 3145 2399 3192 et
2434 3138 2690 3195 dominus
2721 3141 2791 3195 ab
2813 3156 2878 3197 eo
2916 3142 3115 3206 differt,
3151 3146 3298 3213 quod

69 3239 146 3292 την
171 3221 300 3279 εἶναι
333 3225 428 3279 τοῦ
469 3200 806 3298 δημιουργὸν
830 3231 924 3283 καὶ
961 3200 1224 3303 δευσπότῆν
1263 3230 1429 3302 ἔχειν,
1457 3249 1515 3286 κο

1851 3243 1970 3282 cem
2012 3235 2067 3283 ct
2108 3200 2391 3283 dominum
2440 3230 2637 3295 habet,
2690 3239 2745 3287 et
2779 3232 2848 3288 ab
2891 3244 3017 3288 cnte
3066 3200 3119 3288 id
3150 3200 3296 3304 quod

67 3314 275 3387 διαφέρει
298 3318 359 3371 τὸ
385 3318 531 3390 ὑπὲρ
558 3319 619 3371 τὸ
646 3320 703 3373 ὸν
727 3320 820 3374 τοῦ
850 3321 1018 3386 ὄντος.

700 3338 703 3359 ι
727 3320 820 3374 τοῦ
850 3321 1018 3386 ὄντος.
1722 3334 1887 3388 supra
1914 3335 2013 3375 ens
2042 3331 2146 3376 est.

132 3408 487 3463 ἘΡΩΤΗΣΙΣ.
520 3412 582 3464 Ei
619 3412 756 3483 μετὰ
785 3412 980 3486 βουλῆς
1008 3417 1154 3469 ποιεῖ
1178 3417 1206 3469 6
1227 3416 1380 3481 Θεὸς,
1401 3415 1578 3487 ὀργάν

1852 3409 2070 3466 ΗᾹΞΒΤ.
2108 3410 2215 3465 νη.
2247 3413 2335 3468 l0.
2371 3412 2427 3468 Si
2472 3414 2753 3471 voluntate
2788 3414 2933 3472 Deus
2963 3416 3125 3482 facit,
3166 3431 3298 3472 num

69 3504 369 3574 κεχρημένος
401 3504 436 3575 ἦ
466 3505 596 3559 ἄνευ
620 3505 887 3576 ὀργάνου;

1718 3502 2082 3559 instrumento
2115 3516 2293 3568 utens,
2325 3513 2419 3559 aut
2442 3507 2561 3560 sine
2594 3508 2994 3563 instrumento?

132 3594 522 3653 ‘AHOKPIEIE.
561 3599 840 3670 Ἀνενδεής
868 3603 1017 3654 ἐστιν
1041 3602 1069 3655 6
1095 3601 1227 3665 Θεὸς
1271 3603 1473 3666 παντὸς
1520 3620 1578 3656 το

1851 3592 1983 3646 ESP.
2016 3593 2133 3648 Non
2165 3595 2370 3665 indiget
2395 3593 2536 3650 Deus
2559 3597 2668 3649 ulla
2686 3613 2764 3661 re,
2798 3614 2919 3668 quae
2948 3605 3100 3652 extra
3123 3597 3297 3665 ipsius

67 3680 233 3746 ἔξωθεν
272 3689 371 3758 τῆς
421 3689 619 3742 ἑαυτοῦ
672 3689 919 3759 φύσεωςο
955 3693 1050 3746 καὶ
1076 3692 1266 3765 ὥσπερ
1293 3693 1420 3746 ἄνευ
1450 3694 1513 3765 ὀρ

1872 3699 1966 3737 am
1998 3685 2100 3753 sit,
2134 3694 2297 3755 atque
2327 3698 2386 3740 ut
2416 3688 2625 3757 absque
2659 3688 3030 3744 instrumento
3051 3689 3187 3751 vult,
3220 3689 3295 3741 ita

66 3790 136 3827 νου
166 3777 423 3846 βούλεται,
457 3780 600 3834 οὕτω
646 3783 741 3835 καὶ
793 3782 920 3836 ἄνευ
948 3784 1181 3856 ὀργάνου
1228 3788 1388 3838 ποιεῖ.
1416 3786 1480 3838 Et
1506 3804 1512 3814 ·

1848 3776 2010 3845 bsque
2059 3775 2430 3831 instrumento
2480 3777 2630 3834 facit.
2677 3780 2734 3833 Si
2765 3778 2912 3833 enim
2963 3780 3294 3850 simulatque

67 3866 160 3937 ἅμα
180 3870 251 3941 τῷ
278 3870 569 3942 βούλεσθαι
605 3874 768 3928 αὐτὸν
795 3875 1047 3944 γενέσθαι
1072 3894 1147 3943 τι,
1175 3877 1460 3946 ὑφίσταται
1490 3878 1513 3949 β

1878 3867 2121 3937 aliquid,
2168 3869 2224 3923 id
2261 3871 2478 3926 exsistit
2512 3886 2578 3929 co
2616 3873 2830 3928 volente
2853 3913 2868 3937 ,
2902 3874 3178 3942 quomodo
3210 3874 3293 3927 iu—

66 3955 283 4029 ληθέντος
336 3963 527 4028 αὐτοῦ,
578 3964 698 4029 πῶς
744 3966 804 4019 οὐ
855 3968 1087 4040 περιττὴ
1137 3968 1245 4023 τῶν
1293 3968 1512 4041 ὀργάνω*

1847 3968 2149 4014 mentorum
2207 3970 2521 4019 creatorum
2584 3980 3024 4036 supervacaneus
3057 3981 3169 4021 non
3222 3971 3293 4023 sit

65 4052 229 4123 χρῆσις
257 4056 367 4128 (29)
387 4057 499 4111 τῶν
524 4058 825 4129 γινομένων
845 4077 859 4127 ;

446 4057 499 4111 ὒν
524 4058 825 4129 γινομένων
845 4077 859 4127 ;
1714 4055 1892 4109 “SUS?

130 4149 487 4205 ἘΡΩΤΗΣῙΣ.
526 4152 590 4205 El
632 4152 760 4207 ἄνευ
804 4152 1000 4225 βουλῆς
1026 4154 1171 4207 ποιεῖ
1201 4154 1230 4207 ὁ
1262 4153 1412 4219 Θεὸς,
1450 4152 1576 4207 πότε

1847 4146 2067 4204 ΠᾹΞΒΤ.
2119 4148 2256 4205 Vill.
2291 4150 2350 4204 ll
2384 4190 2399 4212 ,
2448 4148 2539 4204 l2.
2576 4147 2633 4203 Si
2672 4150 2791 4205 sine
2833 4152 3114 4207 voluntate
3160 4150 3293 4205 facit

66 4253 139 4305 ρον
156 4239 354 4311 ἀλόγως
400 4246 549 4297 ποιεῖ
600 4244 729 4298 ἄνευ
776 4244 1016 4309 διανοίας
1061 4245 1157 4298 καὶ
1202 4244 1510 4314 ἐπισκέψεω

1847 4256 1877 4305 ς,
1906 4248 2089 4295 utrum
2117 4241 2254 4295 citra
2281 4243 2548 4295 rationem
2579 4239 2708 4294 facit
2733 4241 2852 4296 sine
2883 4241 3213 4310 cogitatione
3236 4249 3293 4296 et

68 4330 181 4396 μετά
228 4351 371 4400 τινος
418 4335 782 4407 ὲπικρίσεως;
820 4337 931 4390 Καὶ
974 4337 1024 4389 εἰ
1075 4334 1215 4407 μετά
1260 4336 1514 4408 ἐπικρίσει

1842 4332 2184 4398 .idcrationc,
2228 4348 2300 4387 an
2343 4348 2466 4387 cum
2500 4333 2684 4402 aliquo
2710 4333 2955 4402 judicio?
2981 4332 3046 4386 Et
3086 4333 3132 4388 si
3164 4349 3288 4388 cum

64 4422 180 4489 τίνος
236 4428 411 4500 ἐνδείᾳ
473 4427 804 4499 ἐπικρίσεως
868 4428 1075 4493 δεῖται;
1133 4428 1197 4480 Et
1242 4426 1300 4481 δὲ
1348 4427 1509 4501 ἁκρίτ

1852 4427 1947 4493 :io,
1979 4442 2215 4498 quanam
2242 4443 2301 4482 re
2331 4425 2539 4497 indiget
2585 4434 2644 4481 ut
2696 4427 2745 4481 ei
2776 4441 2915 4496 Opus
2948 4427 3019 4481 sit
3047 4426 3298 4496 judicio?

64 4515 176 4585 ποίῳ
203 4518 277 4588 τῷ
308 4518 456 4591 λόγῳ
471 4535 487 4584 ;

1644 4543 1686 4597 D
1718 4516 1773 4571 Si
1806 4518 2156 4585 sinejudicio
2184 4558 2198 4583 ,
2233 4534 2339 4588 qua
2373 4518 2591 4571 tandem
2624 4516 2866 4571 ratione?

129 4608 518 4665 ’AHOKPIEIE.
554 4610 618 4663 Εἰ
656 4610 875 4679 γνωστὰ
899 4609 977 4682 τῷ
1008 4608 1128 4681 Θεῷ
1160 4608 1228 4664 τὰ
1261 4611 1396 4683 ἔργα
1421 4612 1575 4666 αὐτοῐ

1841 4606 1984 4662 ESP.
2020 4606 2076 4661 Si
2112 4614 2240 4661 nota
2277 4617 2405 4663 sunt
2431 4606 2540 4662 Deo
2569 4622 2735 4676 opera
2765 4607 2917 4676 ejus,
2958 4620 3080 4691 qua:
3104 4612 3287 4661 autem

64 4696 117 4749 τὰ
143 4700 191 4753 δὲ
220 4701 436 4769 γνωστὰ
468 4700 613 4773 λόγῳ
647 4700 765 4753 ἐστὶ
805 4700 1024 4769 γνωοτά
1046 4717 1061 4730 ·
1098 4700 1217 4765 πῶς
1258 4703 1316 4754 οὐ
1350 4701 1492 4774 λόγῳ

1865 4705 2012 4764 sunt,
2044 4698 2255 4754 ratione
2286 4706 2414 4753 nota
2444 4703 2605 4754 sunt:
2641 4696 2916 4767 quomodo
2943 4713 3049 4752 non
3076 4698 3290 4752 ratione

64 4787 230 4846 νώσκει
275 4794 305 4847 6
350 4794 486 4857 Θεὸς
544 4792 582 4847 ἃ
636 4795 811 4860 ποιεῖ;
848 4795 922 4847 Τὸ
954 4793 1010 4847 δὲ
1047 4793 1186 4865 μετὰ
1233 4795 1470 4861 διανοίας

1842 4806 1857 4845 5
1889 4791 2173 4861 cognoscit
2202 4805 2264 4844 ea
2287 4806 2408 4861 qua:
2430 4789 2603 4844 facit?
2625 4788 2796 4844 Porro
2812 4804 2934 4845 cum
2957 4789 3288 4860 cogitatione

65 4879 368 4953 ἐπισκέψεως
402 4883 497 4937 καὶ
528 4884 859 4955 ἐπικρίσεως
890 4887 1064 4938 ποιεῖν
1095 4903 1169 4950 τι,
1191 4886 1300 4940 τῶν
1333 4889 1511 4960 παρ’ἡ

1845 4880 2235 4936 msideratione
2258 4889 2309 4936 et
2337 4881 2547 4952 judicio
2597 4879 2801 4951 aliquid
2842 4880 3047 4947 facere,
3076 4888 3291 4934 nostro.-

62 4975 291 5042 τεχνιτῶν
330 4978 480 5031 ἐστιν
515 4976 667 5040 ἴδιον,
710 4975 820 5029 τῶν
862 4975 1072 5041 τούτοις
1108 4977 1244 5048 πρὸς
1268 4978 1490 5049 ἄμεινον

1866 4981 1951 5029 est
1977 4974 2271 5041 artificum,
2294 4975 2387 5044 qui
2416 4990 2511 5045 per
2538 4975 2651 5029 hinc
2683 4975 2750 5029 ad
2795 4989 2982 5028 eorum
3003 5013 3018 5038 ,
3061 4987 3183 5044 qua:
3205 4972 3289 5026 fa-

64 5062 134 5128 λος
174 5068 275 5125 τῶν
321 5070 624 5141 γινομένων
675 5071 1120 5142 ἀφικνουμένων⁸
1163 5072 1193 5123 6
1230 5072 1286 5126 δὲ
1325 5070 1478 5136 Θεὸς,

1844 5074 1898 5129 ι,
1933 5064 2092 5122 finem
2126 5068 2403 5122 meliorem
2439 5068 2791 5137 pertingunt;
2824 5064 2964 5121 Deus
3004 5080 3163 5124 vero,
3195 5061 3284 5117 cui

66 5158 177 5227 μήτε
207 5161 638 5233 προσλαμϐάνων
664 5161 863 5231 γνῶσιν
896 5162 1030 5235 μήτε
1061 5163 1350 5218 ἀποϐαλὼν
1388 5164 1512 5233 γνῶ‹

1839 5172 1887 5212 ie
1914 5157 1982 5211 ad
2006 5159 2369 5228 cognitionem
2398 5157 2695 5228 quidquam
2721 5158 2950 5220 accedit,
2984 5170 3160 5225 neque
3186 5154 3285 5208 de-

62 5247 240 5315 οὑδενὸς
265 5253 469 5307 τούτων
499 5252 692 5307 δεῖται.

1710 5249 1873 5311 cedit,
1899 5248 2046 5302 nulla
2076 5249 2270 5303 harum
2299 5264 2483 5303 rerum
2514 5248 2737 5318 indiget.

130 5340 481 5399 ἘΡΩΤΗΣ1Σ.
518 5346 583 5398 Εἰ
611 5345 671 5398 τὸ
701 5343 836 5410 ὅλως
876 5345 1102 5417 γενητὸν
1141 5345 1363 5403 δύναται
1395 5346 1576 5418 ἄφθαρ

1835 5337 2057 5394 UIEST.
2089 5337 2180 5393 IX.
2213 5339 2299 5393 15.
2332 5337 2389 5393 Si
2410 5339 2463 5393 id
2493 5339 2639 5408 quod
2664 5338 2888 5393 omnino
2916 5334 3155 5415 genitum
3176 5342 3281 5393 est,

63 5446 135 5483 τον
163 5431 310 5501 εἶναι,
347 5438 488 5509 ποίῳ
524 5437 601 5509 τῷ
635 5436 812 5509 λόγῳ;

1712 5432 2128 5501 incorruptibile
2159 5447 2282 5487 esse
2307 5438 2517 5501 potest,
2549 5443 2785 5499 quanam
2817 5428 2867 5481 id
2897 5423 3140 5478 ratione?

129 5524 514 5582 ’ΔΠΟΚΡΙΣΙΣ.
549 5523 649 5582 Ὧν
678 5530 712 5600 ἡ
742 5529 1018 5603 ἀφθαρσία
1051 5530 1115 5583 ἐκ
1138 5529 1237 5602 τῆς
1268 5528 1454 5600 ἐτέρου
1480 5528 1571 5599 βου

1837 5523 1978 5579 LSP.
2011 5523 2254 5592 Quorum
2291 5521 2782 5590 incorruptibilitas
2813 5533 2878 5573 ex
2918 5517 3143 5571 alterius
3192 5514 3283 5568 de-

122 5662 413 5747 (3.3)“Td_re
438 5668 611 5747 εἶναι.
636 5666 716 5747 lt_a
756 5667 1073 5747 emendavit
1110 5666 1433 5739 Sylburgius
1459 5680 1567 5737 quo

1832 5667 1904 5736 Γὴ
1930 5664 2120 5747 φύσις,
2165 5672 2217 5747 et
2258 5663 2311 5716 in
2345 5662 2466 5733 ipso
2494 5667 2746 5716 contextu
2803 5658 3013 5730 χρῆσις.
3048 5655 3278 5727 Stepha-

66 5732 535 5810 apudnStephanum
559 5739 840 5810 legebatur
863 5739 994 5792 ποτὲ
1024 5732 1179 5792 εἶναί.
1271 5808 1282 5810 ῃ
1307 5732 1339 5810 θ
1476 5732 1492 5737 ’

883 5739 994 5792 τοτὲ
1024 5732 1179 5792 εἶναί.
1271 5808 1282 5810 ξ
1307 5732 1339 5810 θ
1476 5732 1492 5737 ’
1520 5807 1531 5810 _
1710 5732 1813 5793 nus
1835 5732 2053 5805 scripsit
2085 5737 2116 5806 ἡ
2151 5732 2329 5803 φύσις.

126 5802 221 5876 (29)
262 5802 319 5863 Ἠ
357 5802 691 5878 γρῆσις.’1η
733 5811 981 5883 margine
1011 5810 1215 5865 codicis
1257 5808 1492 5866 Clarom.
1520 5807 1601 5864 le-
