  <div class='ocr_page' id='page_1' title='image "/cluster/home/n/w/nwhite01/storage/ocr_20150623/6/hvd.32044019206606/746.png"; bbox 0 0 3662 6500; ppageno 0'>
   <div class='ocr_carea' id='block_1_1' title="bbox 64 355 177 411">
    <p class='ocr_par' dir='ltr' id='par_1_1' title="bbox 64 355 177 411">
     <span class='ocr_line' id='line_1_1' title="bbox 64 355 177 411; baseline -0.018 0"><span class='ocrx_word' id='word_1_1' title='bbox 64 355 177 411; x_wconf 76' lang='grc' dir='ltr'>ιιι-η</span> 
     </span>
    </p>
   </div>
   <div class='ocr_carea' id='block_1_2' title="bbox 927 358 2362 427">
    <p class='ocr_par' dir='ltr' id='par_1_2' title="bbox 927 358 2362 427">
     <span class='ocr_line' id='line_1_2' title="bbox 927 358 2362 427; baseline 0.008 -13"><span class='ocrx_word' id='word_1_2' title='bbox 927 358 1395 427; x_wconf 70' lang='grc' dir='ltr'><strong>ΟΙΙᾸΞΞΤΙΟΝΕΞ</strong></span> <span class='ocrx_word' id='word_1_3' title='bbox 1431 362 1714 419; x_wconf 63' lang='grc' dir='ltr'><strong>ϐΒλέΕΟᾹΞ</strong></span> <span class='ocrx_word' id='word_1_4' title='bbox 1755 364 1847 418; x_wconf 81' lang='grc' dir='ltr'><strong>ΑΙ)</strong></span> <span class='ocrx_word' id='word_1_5' title='bbox 1884 366 2362 427; x_wconf 78' lang='lat' dir='ltr'><strong>CHRISTIANOS.</strong></span> 
     </span>
    </p>
   </div>
   <div class='ocr_carea' id='block_1_3' title="bbox 3126 365 3264 422">
    <p class='ocr_par' dir='ltr' id='par_1_3' title="bbox 3126 365 3264 422">
     <span class='ocr_line' id='line_1_3' title="bbox 3126 365 3264 422; baseline 0.022 -3"><span class='ocrx_word' id='word_1_6' title='bbox 3126 365 3264 422; x_wconf 75' lang='lat' dir='ltr'><strong>H78</strong></span> 
     </span>
    </p>
   </div>
   <div class='ocr_carea' id='block_1_4' title="bbox 60 461 1743 549">
    <p class='ocr_par' dir='ltr' id='par_1_4' title="bbox 60 461 1743 539">
     <span class='ocr_line' id='line_1_4' title="bbox 60 461 1743 539; baseline -0.007 -14"><span class='ocrx_word' id='word_1_7' title='bbox 60 474 160 527; x_wconf 74' lang='grc' dir='ltr'>οὔτε</span> <span class='ocrx_word' id='word_1_8' title='bbox 184 471 245 522; x_wconf 80' lang='grc' dir='ltr'>ἐκ</span> <span class='ocrx_word' id='word_1_9' title='bbox 266 468 366 539; x_wconf 80' lang='grc' dir='ltr'>τῆς</span> <span class='ocrx_word' id='word_1_10' title='bbox 392 465 486 521; x_wconf 80' lang='grc' dir='ltr'>τοῦ</span> <span class='ocrx_word' id='word_1_11' title='bbox 515 464 831 519; x_wconf 85' lang='grc' dir='ltr'>ύπεναντίου</span> <span class='ocrx_word' id='word_1_12' title='bbox 855 463 1134 536; x_wconf 75' lang='grc' dir='ltr'><strong>φθείρεται</strong></span> <span class='ocrx_word' id='word_1_13' title='bbox 1152 461 1221 515; x_wconf 88' lang='grc' dir='ltr'><strong>τά</strong></span> <span class='ocrx_word' id='word_1_14' title='bbox 1248 461 1597 533; x_wconf 78' lang='grc' dir='ltr'><strong>φθειρόμενα,</strong></span> <span class='ocrx_word' id='word_1_15' title='bbox 1627 463 1675 519; x_wconf 77' lang='grc' dir='ltr'><strong>Δ</strong></span> <span class='ocrx_word' id='word_1_16' title='bbox 1702 462 1743 515; x_wconf 82' lang='lat' dir='ltr'><strong>vi</strong></span> 
     </span>
    </p>
   </div>
   <div class='ocr_carea' id='block_1_5' title="bbox 1763 461 3266 549">
    <p class='ocr_par' dir='ltr' id='par_1_5' title="bbox 1763 464 3266 549">
     <span class='ocr_line' id='line_1_5' title="bbox 1763 464 3266 549; baseline 0.011 -32"><span class='ocrx_word' id='word_1_17' title='bbox 1763 464 1837 518; x_wconf 90' lang='lat' dir='ltr'><strong>tio</strong></span> <span class='ocrx_word' id='word_1_18' title='bbox 1865 478 2311 538; x_wconf 62' lang='lat' dir='ltr'><strong>corrumpuntur,</strong></span> <span class='ocrx_word' id='word_1_19' title='bbox 2354 487 2477 542; x_wconf 65' lang='lat' dir='ltr'><strong>quae</strong></span> <span class='ocrx_word' id='word_1_20' title='bbox 2519 485 2962 545; x_wconf 82' lang='lat' dir='ltr'><strong>corrumpuntur,</strong></span> <span class='ocrx_word' id='word_1_21' title='bbox 3005 478 3099 533; x_wconf 88' lang='lat' dir='ltr'><strong>sed</strong></span> <span class='ocrx_word' id='word_1_22' title='bbox 3144 481 3266 549; x_wconf 91' lang='lat' dir='ltr'><strong>opi-</strong></span> 
     </span>
    </p>
   </div>
   <div class='ocr_carea' id='block_1_6' title="bbox 60 555 1598 633">
    <p class='ocr_par' dir='ltr' id='par_1_6' title="bbox 60 555 1598 633">
     <span class='ocr_line' id='line_1_6' title="bbox 60 555 1598 633; baseline -0.006 -17"><span class='ocrx_word' id='word_1_23' title='bbox 60 564 169 618; x_wconf 76' lang='grc' dir='ltr'><strong>ἀλλά</strong></span> <span class='ocrx_word' id='word_1_24' title='bbox 196 562 269 633; x_wconf 82' lang='grc' dir='ltr'>τῷ</span> <span class='ocrx_word' id='word_1_25' title='bbox 294 563 407 632; x_wconf 83' lang='grc' dir='ltr'><strong>ὅρῳ</strong></span> <span class='ocrx_word' id='word_1_26' title='bbox 430 560 521 613; x_wconf 82' lang='grc' dir='ltr'>τοῦ</span> <span class='ocrx_word' id='word_1_27' title='bbox 544 556 876 630; x_wconf 79' lang='grc' dir='ltr'><strong>δημιουργοῦ</strong></span> <span class='ocrx_word' id='word_1_28' title='bbox 896 556 991 609; x_wconf 80' lang='grc' dir='ltr'>τοῦ</span> <span class='ocrx_word' id='word_1_29' title='bbox 1021 555 1385 628; x_wconf 75' lang='grc' dir='ltr'><strong>ἐργαζομένου</strong></span> <span class='ocrx_word' id='word_1_30' title='bbox 1417 557 1473 608; x_wconf 81' lang='grc' dir='ltr'>ὲν</span> <span class='ocrx_word' id='word_1_31' title='bbox 1501 555 1598 626; x_wconf 80' lang='grc' dir='ltr'><strong>μὲν</strong></span> 
     </span>
    </p>
   </div>
   <div class='ocr_carea' id='block_1_7' title="bbox 58 648 1600 723">
    <p class='ocr_par' dir='ltr' id='par_1_7' title="bbox 58 648 1600 723">
     <span class='ocr_line' id='line_1_7' title="bbox 58 648 1600 723; baseline -0.006 -14"><span class='ocrx_word' id='word_1_32' title='bbox 58 662 148 719; x_wconf 66' lang='grc' dir='ltr'>τοῖς</span> <span class='ocrx_word' id='word_1_33' title='bbox 172 654 501 709; x_wconf 82' lang='grc' dir='ltr'>καθέκαστον</span> <span class='ocrx_word' id='word_1_34' title='bbox 534 653 631 723; x_wconf 83' lang='grc' dir='ltr'>τὴν</span> <span class='ocrx_word' id='word_1_35' title='bbox 675 650 900 722; x_wconf 83' lang='grc' dir='ltr'>φθορὰν,</span> <span class='ocrx_word' id='word_1_36' title='bbox 931 651 988 703; x_wconf 84' lang='grc' dir='ltr'><strong>ὲν</strong></span> <span class='ocrx_word' id='word_1_37' title='bbox 1014 650 1071 703; x_wconf 86' lang='grc' dir='ltr'><strong>δὲ</strong></span> <span class='ocrx_word' id='word_1_38' title='bbox 1108 653 1219 713; x_wconf 86' lang='grc' dir='ltr'>τοῖς</span> <span class='ocrx_word' id='word_1_39' title='bbox 1247 648 1472 702; x_wconf 85' lang='grc' dir='ltr'>καθόλου</span> <span class='ocrx_word' id='word_1_40' title='bbox 1500 648 1600 719; x_wconf 82' lang='grc' dir='ltr'>τὴν</span> 
     </span>
    </p>
   </div>
   <div class='ocr_carea' id='block_1_8' title="bbox 60 736 1600 817">
    <p class='ocr_par' dir='ltr' id='par_1_8' title="bbox 60 736 1600 817">
     <span class='ocr_line' id='line_1_8' title="bbox 60 736 1600 817; baseline -0.005 -18"><span class='ocrx_word' id='word_1_41' title='bbox 60 744 354 817; x_wconf 65' lang='grc' dir='ltr'>ἀφθαρσίαν.</span> <span class='ocrx_word' id='word_1_42' title='bbox 391 745 454 796; x_wconf 84' lang='grc' dir='ltr'>Εἰ</span> <span class='ocrx_word' id='word_1_43' title='bbox 500 742 607 814; x_wconf 78' lang='grc' dir='ltr'>γὰρ</span> <span class='ocrx_word' id='word_1_44' title='bbox 634 744 698 795; x_wconf 85' lang='grc' dir='ltr'>ὲκ</span> <span class='ocrx_word' id='word_1_45' title='bbox 732 741 840 793; x_wconf 84' lang='grc' dir='ltr'><strong>τῶν</strong></span> <span class='ocrx_word' id='word_1_46' title='bbox 881 741 1183 812; x_wconf 79' lang='grc' dir='ltr'><strong>εἰρημένων</strong></span> <span class='ocrx_word' id='word_1_47' title='bbox 1226 739 1369 802; x_wconf 83' lang='grc' dir='ltr'>τινὸς</span> <span class='ocrx_word' id='word_1_48' title='bbox 1403 736 1600 803; x_wconf 80' lang='grc' dir='ltr'>κακίας</span> 
     </span>
    </p>
   </div>
   <div class='ocr_carea' id='block_1_9' title="bbox 59 830 1597 904">
    <p class='ocr_par' dir='ltr' id='par_1_9' title="bbox 59 830 1597 904">
     <span class='ocr_line' id='line_1_9' title="bbox 59 830 1597 904; baseline -0.003 -18"><span class='ocrx_word' id='word_1_49' title='bbox 59 834 304 904; x_wconf 67' lang='grc' dir='ltr'>ἐφθείρετο</span> <span class='ocrx_word' id='word_1_50' title='bbox 328 833 397 889; x_wconf 84' lang='grc' dir='ltr'>τὰ</span> <span class='ocrx_word' id='word_1_51' title='bbox 424 832 769 904; x_wconf 80' lang='grc' dir='ltr'>φθειρόμενα,</span> <span class='ocrx_word' id='word_1_52' title='bbox 800 832 919 885; x_wconf 85' lang='grc' dir='ltr'>ὅλον</span> <span class='ocrx_word' id='word_1_53' title='bbox 943 831 1007 885; x_wconf 85' lang='grc' dir='ltr'><strong>ἂν</strong></span> <span class='ocrx_word' id='word_1_54' title='bbox 1031 831 1091 884; x_wconf 83' lang='grc' dir='ltr'>τὸ</span> <span class='ocrx_word' id='word_1_55' title='bbox 1118 830 1273 900; x_wconf 86' lang='grc' dir='ltr'>γένος</span> <span class='ocrx_word' id='word_1_56' title='bbox 1299 830 1597 901; x_wconf 79' lang='grc' dir='ltr'>ἐφθείρετο,</span> 
     </span>
    </p>
   </div>
   <div class='ocr_carea' id='block_1_10' title="bbox 62 923 1599 995">
    <p class='ocr_par' dir='ltr' id='par_1_10' title="bbox 62 923 1599 995">
     <span class='ocr_line' id='line_1_10' title="bbox 62 923 1599 995; baseline -0.001 -17"><span class='ocrx_word' id='word_1_57' title='bbox 62 927 132 978; x_wconf 67' lang='grc' dir='ltr'><strong>καὶ</strong></span> <span class='ocrx_word' id='word_1_58' title='bbox 154 925 207 978; x_wconf 81' lang='grc' dir='ltr'>τὸ</span> <span class='ocrx_word' id='word_1_59' title='bbox 233 923 564 978; x_wconf 84' lang='grc' dir='ltr'>καθέκαστον</span> <span class='ocrx_word' id='word_1_60' title='bbox 591 924 684 976; x_wconf 63' lang='grc' dir='ltr'><strong>κα)⁵</strong></span> <span class='ocrx_word' id='word_1_61' title='bbox 722 923 783 976; x_wconf 83' lang='grc' dir='ltr'>τὸ</span> <span class='ocrx_word' id='word_1_62' title='bbox 810 923 1056 977; x_wconf 88' lang='grc' dir='ltr'>καθόλου.</span> <span class='ocrx_word' id='word_1_63' title='bbox 1087 925 1150 976; x_wconf 71' lang='lat' dir='ltr'><strong>Et</strong></span> <span class='ocrx_word' id='word_1_64' title='bbox 1176 923 1284 995; x_wconf 76' lang='grc' dir='ltr'>γὰρ</span> <span class='ocrx_word' id='word_1_65' title='bbox 1310 923 1491 995; x_wconf 85' lang='grc' dir='ltr'>δῶμεν</span> <span class='ocrx_word' id='word_1_66' title='bbox 1535 923 1599 978; x_wconf 78' lang='grc' dir='ltr'>ἐκ</span> 
     </span>
    </p>
   </div>
   <div class='ocr_carea' id='block_1_11' title="bbox 64 1010 1598 1087">
    <p class='ocr_par' dir='ltr' id='par_1_11' title="bbox 64 1010 1598 1087">
     <span class='ocr_line' id='line_1_11' title="bbox 64 1010 1598 1087; baseline 0.001 -19"><span class='ocrx_word' id='word_1_67' title='bbox 64 1034 173 1078; x_wconf 70' lang='grc' dir='ltr'>τινος</span> <span class='ocrx_word' id='word_1_68' title='bbox 194 1016 389 1079; x_wconf 82' lang='grc' dir='ltr'>κακίας</span> <span class='ocrx_word' id='word_1_69' title='bbox 417 1010 665 1087; x_wconf 82' lang='grc' dir='ltr'>εἶναιτὴν</span> <span class='ocrx_word' id='word_1_70' title='bbox 691 1014 915 1086; x_wconf 88' lang='grc' dir='ltr'>φθοράν,</span> <span class='ocrx_word' id='word_1_71' title='bbox 942 1016 1042 1068; x_wconf 80' lang='grc' dir='ltr'><strong>οὐκ</strong></span> <span class='ocrx_word' id='word_1_72' title='bbox 1064 1015 1129 1070; x_wconf 84' lang='grc' dir='ltr'><strong>ἂν</strong></span> <span class='ocrx_word' id='word_1_73' title='bbox 1155 1014 1384 1087; x_wconf 78' lang='grc' dir='ltr'>διεσώθη</span> <span class='ocrx_word' id='word_1_74' title='bbox 1407 1018 1463 1069; x_wconf 81' lang='grc' dir='ltr'>ἐν</span> <span class='ocrx_word' id='word_1_75' title='bbox 1486 1019 1598 1080; x_wconf 86' lang='grc' dir='ltr'>τοῖς</span> 
     </span>
    </p>
   </div>
   <div class='ocr_carea' id='block_1_12' title="bbox 60 1106 1595 1179">
    <p class='ocr_par' dir='ltr' id='par_1_12' title="bbox 60 1106 1595 1179">
     <span class='ocr_line' id='line_1_12' title="bbox 60 1106 1595 1179; baseline 0.001 -20"><span class='ocrx_word' id='word_1_76' title='bbox 60 1106 403 1177; x_wconf 65' lang='grc' dir='ltr'>φθειρομένοις</span> <span class='ocrx_word' id='word_1_77' title='bbox 426 1107 490 1160; x_wconf 83' lang='grc' dir='ltr'><strong>τὸ</strong></span> <span class='ocrx_word' id='word_1_78' title='bbox 516 1107 670 1176; x_wconf 85' lang='grc' dir='ltr'>γένος</span> <span class='ocrx_word' id='word_1_79' title='bbox 702 1106 810 1160; x_wconf 91' lang='grc' dir='ltr'><strong>τῶν</strong></span> <span class='ocrx_word' id='word_1_80' title='bbox 839 1106 1135 1177; x_wconf 83' lang='grc' dir='ltr'>γινομένων</span> <span class='ocrx_word' id='word_1_81' title='bbox 1161 1106 1435 1179; x_wconf 81' lang='grc' dir='ltr'>ἄφθαρτον</span> <span class='ocrx_word' id='word_1_82' title='bbox 1463 1107 1595 1178; x_wconf 73' lang='lat'><strong>(32),</strong></span> 
     </span>
    </p>
   </div>
   <div class='ocr_carea' id='block_1_13' title="bbox 62 1198 1596 1272">
    <p class='ocr_par' dir='ltr' id='par_1_13' title="bbox 62 1198 1596 1272">
     <span class='ocr_line' id='line_1_13' title="bbox 62 1198 1596 1272; baseline 0.001 -20"><span class='ocrx_word' id='word_1_83' title='bbox 62 1202 133 1271; x_wconf 70' lang='grc' dir='ltr'>τῆς</span> <span class='ocrx_word' id='word_1_84' title='bbox 157 1199 343 1262; x_wconf 84' lang='grc' dir='ltr'>κακίας</span> <span class='ocrx_word' id='word_1_85' title='bbox 368 1198 660 1272; x_wconf 82' lang='grc' dir='ltr'>ῶσπερτοῦ</span> <span class='ocrx_word' id='word_1_86' title='bbox 677 1199 1030 1262; x_wconf 87' lang='grc' dir='ltr'>καθέκαστον,</span> <span class='ocrx_word' id='word_1_87' title='bbox 1062 1198 1201 1253; x_wconf 73' lang='grc' dir='ltr'>οὕτω</span> <span class='ocrx_word' id='word_1_88' title='bbox 1224 1202 1318 1252; x_wconf 79' lang='grc' dir='ltr'>καὶ</span> <span class='ocrx_word' id='word_1_89' title='bbox 1339 1199 1433 1253; x_wconf 78' lang='grc' dir='ltr'>τοῦ</span> <span class='ocrx_word' id='word_1_90' title='bbox 1464 1199 1596 1253; x_wconf 83' lang='grc' dir='ltr'>καθ-</span> 
     </span>
    </p>
   </div>
   <div class='ocr_carea' id='block_1_14' title="bbox 58 1291 1596 1364">
    <p class='ocr_par' dir='ltr' id='par_1_14' title="bbox 58 1291 1596 1364">
     <span class='ocr_line' id='line_1_14' title="bbox 58 1291 1596 1364; baseline 0.003 -21"><span class='ocrx_word' id='word_1_91' title='bbox 58 1292 150 1343; x_wconf 74' lang='grc' dir='ltr'>όλου</span> <span class='ocrx_word' id='word_1_92' title='bbox 199 1291 577 1363; x_wconf 82' lang='grc' dir='ltr'>κυριευούσης,</span> <span class='ocrx_word' id='word_1_93' title='bbox 646 1293 711 1345; x_wconf 76' lang='lat' dir='ltr'><strong>Ei.</strong></span> <span class='ocrx_word' id='word_1_94' title='bbox 754 1291 811 1345; x_wconf 86' lang='grc' dir='ltr'><strong>δέ</strong></span> <span class='ocrx_word' id='word_1_95' title='bbox 864 1309 1006 1355; x_wconf 91' lang='grc' dir='ltr'>τινος</span> <span class='ocrx_word' id='word_1_96' title='bbox 1055 1293 1225 1364; x_wconf 80' lang='grc' dir='ltr'>κακία</span> <span class='ocrx_word' id='word_1_97' title='bbox 1264 1292 1325 1345; x_wconf 84' lang='grc' dir='ltr'><strong>τὸ</strong></span> <span class='ocrx_word' id='word_1_98' title='bbox 1373 1293 1596 1348; x_wconf 84' lang='grc' dir='ltr'>καθόλου</span> 
     </span>
    </p>
   </div>
   <div class='ocr_carea' id='block_1_15' title="bbox 58 1379 1599 1453">
    <p class='ocr_par' dir='ltr' id='par_1_15' title="bbox 58 1379 1599 1453">
     <span class='ocr_line' id='line_1_15' title="bbox 58 1379 1599 1453; baseline 0 -18"><span class='ocrx_word' id='word_1_99' title='bbox 58 1384 287 1453; x_wconf 71' lang='grc' dir='ltr'>φθαρῆναι</span> <span class='ocrx_word' id='word_1_100' title='bbox 314 1382 593 1446; x_wconf 88' lang='grc' dir='ltr'>ἀδύνατον,</span> <span class='ocrx_word' id='word_1_101' title='bbox 622 1383 729 1436; x_wconf 82' lang='grc' dir='ltr'>οὐδ’</span> <span class='ocrx_word' id='word_1_102' title='bbox 759 1379 825 1436; x_wconf 83' lang='grc' dir='ltr'><strong>αὖ</strong></span> <span class='ocrx_word' id='word_1_103' title='bbox 852 1382 912 1436; x_wconf 75' lang='grc' dir='ltr'>τὸ</span> <span class='ocrx_word' id='word_1_104' title='bbox 933 1382 1266 1436; x_wconf 89' lang='grc' dir='ltr'>καθέκαστον</span> <span class='ocrx_word' id='word_1_105' title='bbox 1288 1382 1431 1446; x_wconf 83' lang='grc' dir='ltr'>τινὸς</span> <span class='ocrx_word' id='word_1_106' title='bbox 1458 1382 1599 1452; x_wconf 86' lang='grc' dir='ltr'>φθεί-</span> 
     </span>
    </p>
   </div>
   <div class='ocr_carea' id='block_1_16' title="bbox 56 1474 1598 1547">
    <p class='ocr_par' dir='ltr' id='par_1_16' title="bbox 56 1474 1598 1547">
     <span class='ocr_line' id='line_1_16' title="bbox 56 1474 1598 1547; baseline 0 -20"><span class='ocrx_word' id='word_1_107' title='bbox 56 1493 178 1545; x_wconf 79' lang='grc' dir='ltr'>ρεται</span> <span class='ocrx_word' id='word_1_108' title='bbox 204 1475 392 1546; x_wconf 76' lang='grc' dir='ltr'>κακία,</span> <span class='ocrx_word' id='word_1_109' title='bbox 418 1475 554 1528; x_wconf 89' lang='grc' dir='ltr'><strong>ἀλλά</strong></span> <span class='ocrx_word' id='word_1_110' title='bbox 579 1476 656 1546; x_wconf 82' lang='grc' dir='ltr'>τῷ</span> <span class='ocrx_word' id='word_1_111' title='bbox 682 1476 792 1547; x_wconf 85' lang='grc' dir='ltr'>ὅρῳ</span> <span class='ocrx_word' id='word_1_112' title='bbox 814 1474 907 1528; x_wconf 81' lang='grc' dir='ltr'>τοῦ</span> <span class='ocrx_word' id='word_1_113' title='bbox 930 1475 1085 1529; x_wconf 79' lang='grc' dir='ltr'>Θεοῦ.</span> <span class='ocrx_word' id='word_1_114' title='bbox 1114 1476 1176 1528; x_wconf 80' lang='grc' dir='ltr'><strong>Εἰ</strong></span> <span class='ocrx_word' id='word_1_115' title='bbox 1196 1475 1304 1547; x_wconf 85' lang='grc' dir='ltr'>γὰρ</span> <span class='ocrx_word' id='word_1_116' title='bbox 1329 1476 1428 1528; x_wconf 81' lang='grc' dir='ltr'><strong>οὐκ</strong></span> <span class='ocrx_word' id='word_1_117' title='bbox 1452 1475 1598 1528; x_wconf 76' lang='grc' dir='ltr'>ἔστιν</span> 
     </span>
    </p>
   </div>
   <div class='ocr_carea' id='block_1_17' title="bbox 56 1560 1596 1637">
    <p class='ocr_par' dir='ltr' id='par_1_17' title="bbox 56 1560 1596 1637">
     <span class='ocr_line' id='line_1_17' title="bbox 56 1560 1596 1637; baseline 0.001 -22"><span class='ocrx_word' id='word_1_118' title='bbox 56 1567 97 1615; x_wconf 81' lang='grc' dir='ltr'>ἐν</span> <span class='ocrx_word' id='word_1_119' title='bbox 125 1568 224 1627; x_wconf 79' lang='grc' dir='ltr'>τοῖς</span> <span class='ocrx_word' id='word_1_120' title='bbox 255 1560 375 1617; x_wconf 76' lang='grc' dir='ltr'>οὖσι</span> <span class='ocrx_word' id='word_1_121' title='bbox 408 1564 575 1618; x_wconf 84' lang='grc' dir='ltr'>κακία</span> <span class='ocrx_word' id='word_1_122' title='bbox 599 1583 684 1628; x_wconf 90' lang='grc' dir='ltr'><strong>τις</strong></span> <span class='ocrx_word' id='word_1_123' title='bbox 725 1565 995 1637; x_wconf 82' lang='grc' dir='ltr'>δυναμένη</span> <span class='ocrx_word' id='word_1_124' title='bbox 1037 1564 1277 1618; x_wconf 80' lang='grc' dir='ltr'>κωλῦσαι</span> <span class='ocrx_word' id='word_1_125' title='bbox 1316 1564 1413 1634; x_wconf 73' lang='grc' dir='ltr'>τὴν</span> <span class='ocrx_word' id='word_1_126' title='bbox 1443 1564 1596 1632; x_wconf 89' lang='grc' dir='ltr'>γένε-</span> 
     </span>
    </p>
   </div>
   <div class='ocr_carea' id='block_1_18' title="bbox 56 1652 1594 1727">
    <p class='ocr_par' dir='ltr' id='par_1_18' title="bbox 56 1652 1594 1727">
     <span class='ocr_line' id='line_1_18' title="bbox 56 1652 1594 1727; baseline 0 -20"><span class='ocrx_word' id='word_1_127' title='bbox 56 1673 135 1717; x_wconf 87' lang='grc' dir='ltr'>σιν,</span> <span class='ocrx_word' id='word_1_128' title='bbox 176 1656 277 1709; x_wconf 68' lang='grc' dir='ltr'>οὐδ’</span> <span class='ocrx_word' id='word_1_129' title='bbox 309 1657 419 1727; x_wconf 81' lang='grc' dir='ltr'>ἄρα</span> <span class='ocrx_word' id='word_1_130' title='bbox 463 1658 608 1710; x_wconf 76' lang='grc' dir='ltr'>ἐστὶν</span> <span class='ocrx_word' id='word_1_131' title='bbox 650 1658 709 1713; x_wconf 81' lang='grc' dir='ltr'>ὲν</span> <span class='ocrx_word' id='word_1_132' title='bbox 748 1659 862 1721; x_wconf 86' lang='grc' dir='ltr'>τοῖς</span> <span class='ocrx_word' id='word_1_133' title='bbox 885 1652 1003 1711; x_wconf 78' lang='grc' dir='ltr'>οὖσι</span> <span class='ocrx_word' id='word_1_134' title='bbox 1047 1656 1215 1711; x_wconf 84' lang='grc' dir='ltr'>κακία</span> <span class='ocrx_word' id='word_1_135' title='bbox 1255 1673 1340 1720; x_wconf 90' lang='grc' dir='ltr'><strong>τις</strong></span> <span class='ocrx_word' id='word_1_136' title='bbox 1379 1656 1414 1726; x_wconf 81' lang='grc' dir='ltr'><strong>ἡ</strong></span> <span class='ocrx_word' id='word_1_137' title='bbox 1444 1654 1594 1725; x_wconf 90' lang='grc' dir='ltr'>φθεί-</span> 
     </span>
    </p>
   </div>
   <div class='ocr_carea' id='block_1_19' title="bbox 58 1750 485 1819">
    <p class='ocr_par' dir='ltr' id='par_1_19' title="bbox 58 1750 485 1819">
     <span class='ocr_line' id='line_1_19' title="bbox 58 1750 485 1819; baseline 0.002 -18"><span class='ocrx_word' id='word_1_138' title='bbox 58 1767 194 1819; x_wconf 65' lang='lat' dir='ltr'><strong>poor;</strong></span> <span class='ocrx_word' id='word_1_139' title='bbox 220 1765 279 1802; x_wconf 89' lang='grc' dir='ltr'><strong>το</strong></span> <span class='ocrx_word' id='word_1_140' title='bbox 306 1750 485 1819; x_wconf 57' lang='grc' dir='ltr'>γένος.</span> 
     </span>
    </p>
   </div>
   <div class='ocr_carea' id='block_1_20' title="bbox 242 1902 1383 1960">
    <p class='ocr_par' dir='ltr' id='par_1_20' title="bbox 242 1902 1383 1960">
     <span class='ocr_line' id='line_1_20' title="bbox 242 1902 1383 1960; baseline 0.004 -5"><span class='ocrx_word' id='word_1_141' title='bbox 242 1902 672 1958; x_wconf 73' lang='grc' dir='ltr'><strong>ἈΙΙῸΚΡΙΣΕῘΣ</strong></span> <span class='ocrx_word' id='word_1_142' title='bbox 713 1906 870 1960; x_wconf 86' lang='grc' dir='ltr'><strong>ΠΕΡΙ</strong></span> <span class='ocrx_word' id='word_1_143' title='bbox 926 1906 1383 1960; x_wconf 82' lang='grc' dir='ltr'><strong>ἈΝΑΣΤΛΣΕΩΣ</strong></span> 
     </span>
    </p>
   </div>
   <div class='ocr_carea' id='block_1_21' title="bbox 53 2012 1588 2085">
    <p class='ocr_par' dir='ltr' id='par_1_21' title="bbox 53 2012 1588 2085">
     <span class='ocr_line' id='line_1_21' title="bbox 53 2012 1588 2085; baseline 0.003 -21"><span class='ocrx_word' id='word_1_144' title='bbox 53 2012 173 2080; x_wconf 73' lang='grc' dir='ltr'>πρὸς</span> <span class='ocrx_word' id='word_1_145' title='bbox 210 2014 307 2081; x_wconf 79' lang='grc' dir='ltr'>τὰς</span> <span class='ocrx_word' id='word_1_146' title='bbox 361 2016 803 2085; x_wconf 79' lang='grc' dir='ltr'>προρῤηθείσας</span> <span class='ocrx_word' id='word_1_147' title='bbox 845 2016 1165 2085; x_wconf 82' lang='grc' dir='ltr'><strong>ἐρωτήσεις</strong></span> <span class='ocrx_word' id='word_1_148' title='bbox 1204 2016 1336 2084; x_wconf 76' lang='grc' dir='ltr'>περὶ</span> <span class='ocrx_word' id='word_1_149' title='bbox 1383 2014 1588 2085; x_wconf 82' lang='grc' dir='ltr'>αὐτῆς.</span> 
     </span>
    </p>
   </div>
   <div class='ocr_carea' id='block_1_22' title="bbox 104 2129 1591 2206">
    <p class='ocr_par' dir='ltr' id='par_1_22' title="bbox 104 2129 1591 2206">
     <span class='ocr_line' id='line_1_22' title="bbox 104 2129 1591 2206; baseline 0.003 -22"><span class='ocrx_word' id='word_1_150' title='bbox 104 2137 162 2185; x_wconf 85' lang='grc' dir='ltr'>α’.</span> <span class='ocrx_word' id='word_1_151' title='bbox 189 2132 259 2184; x_wconf 81' lang='grc' dir='ltr'><strong>Τὸ</strong></span> <span class='ocrx_word' id='word_1_152' title='bbox 282 2132 376 2185; x_wconf 83' lang='grc' dir='ltr'><strong>τὸν</strong></span> <span class='ocrx_word' id='word_1_153' title='bbox 401 2133 685 2203; x_wconf 80' lang='grc' dir='ltr'>ἄνθρωπον</span> <span class='ocrx_word' id='word_1_154' title='bbox 711 2129 846 2187; x_wconf 75' lang='grc' dir='ltr'>εῖναι</span> <span class='ocrx_word' id='word_1_155' title='bbox 875 2133 908 2205; x_wconf 78' lang='grc' dir='ltr'><strong>ἢ</strong></span> <span class='ocrx_word' id='word_1_156' title='bbox 936 2134 1185 2202; x_wconf 88' lang='grc' dir='ltr'>γενέσθαι</span> <span class='ocrx_word' id='word_1_157' title='bbox 1214 2134 1591 2206; x_wconf 79' lang='grc' dir='ltr'>ίχθυόόρωτον,</span> 
     </span>
    </p>
   </div>
   <div class='ocr_carea' id='block_1_23' title="bbox 52 2221 1594 2296">
    <p class='ocr_par' dir='ltr' id='par_1_23' title="bbox 52 2221 1594 2296">
     <span class='ocr_line' id='line_1_23' title="bbox 52 2221 1594 2296; baseline 0.003 -23"><span class='ocrx_word' id='word_1_158' title='bbox 52 2221 123 2274; x_wconf 74' lang='grc' dir='ltr'>καὶ</span> <span class='ocrx_word' id='word_1_159' title='bbox 158 2223 243 2275; x_wconf 81' lang='grc' dir='ltr'><strong>τὸν</strong></span> <span class='ocrx_word' id='word_1_160' title='bbox 286 2222 443 2292; x_wconf 74' lang='grc' dir='ltr'>ἰχθὺν</span> <span class='ocrx_word' id='word_1_161' title='bbox 478 2222 962 2295; x_wconf 78' lang='grc' dir='ltr'>ἀνθρωπόόρωτον,</span> <span class='ocrx_word' id='word_1_162' title='bbox 1006 2222 1129 2277; x_wconf 75' lang='grc' dir='ltr'>οὔτε</span> <span class='ocrx_word' id='word_1_163' title='bbox 1171 2224 1261 2277; x_wconf 84' lang='grc' dir='ltr'><strong>τὸν</strong></span> <span class='ocrx_word' id='word_1_164' title='bbox 1309 2224 1594 2296; x_wconf 85' lang='grc' dir='ltr'>ἄνθρωπον</span> 
     </span>
    </p>
   </div>
   <div class='ocr_carea' id='block_1_24' title="bbox 50 2311 1595 2385">
    <p class='ocr_par' dir='ltr' id='par_1_24' title="bbox 50 2311 1595 2385">
     <span class='ocr_line' id='line_1_24' title="bbox 50 2311 1595 2385; baseline 0.005 -24"><span class='ocrx_word' id='word_1_165' title='bbox 50 2312 112 2374; x_wconf 75' lang='grc' dir='ltr'>εἰς</span> <span class='ocrx_word' id='word_1_166' title='bbox 139 2312 279 2381; x_wconf 80' lang='grc' dir='ltr'>ἰχθὺν</span> <span class='ocrx_word' id='word_1_167' title='bbox 307 2311 531 2367; x_wconf 82' lang='grc' dir='ltr'>ἀναλύει</span> <span class='ocrx_word' id='word_1_168' title='bbox 568 2311 692 2365; x_wconf 71' lang='grc' dir='ltr'>οὔτε</span> <span class='ocrx_word' id='word_1_169' title='bbox 718 2313 809 2366; x_wconf 77' lang='grc' dir='ltr'>τὸν</span> <span class='ocrx_word' id='word_1_170' title='bbox 841 2314 991 2385; x_wconf 76' lang='grc' dir='ltr'>ἰχθὺν</span> <span class='ocrx_word' id='word_1_171' title='bbox 1025 2316 1104 2377; x_wconf 77' lang='grc' dir='ltr'><strong>εἰς</strong></span> <span class='ocrx_word' id='word_1_172' title='bbox 1130 2313 1415 2385; x_wconf 80' lang='grc' dir='ltr'>ἄνθρωπον</span> <span class='ocrx_word' id='word_1_173' title='bbox 1434 2332 1447 2345; x_wconf 95' lang='grc'><strong>·</strong></span> <span class='ocrx_word' id='word_1_174' title='bbox 1479 2314 1595 2369; x_wconf 90' lang='grc' dir='ltr'>ἀλλ’</span> 
     </span>
    </p>
   </div>
   <div class='ocr_carea' id='block_1_25' title="bbox 51 2397 1595 2474">
    <p class='ocr_par' dir='ltr' id='par_1_25' title="bbox 51 2397 1595 2474">
     <span class='ocr_line' id='line_1_25' title="bbox 51 2397 1595 2474; baseline 0.005 -23"><span class='ocrx_word' id='word_1_175' title='bbox 51 2401 277 2472; x_wconf 76' lang='grc' dir='ltr'>ἐκατέρου</span> <span class='ocrx_word' id='word_1_176' title='bbox 322 2403 359 2473; x_wconf 76' lang='grc' dir='ltr'><strong>ἡ</strong></span> <span class='ocrx_word' id='word_1_177' title='bbox 403 2402 661 2466; x_wconf 83' lang='grc' dir='ltr'>ἀνάλυσις</span> <span class='ocrx_word' id='word_1_178' title='bbox 703 2404 910 2472; x_wconf 87' lang='grc' dir='ltr'>γίνεται</span> <span class='ocrx_word' id='word_1_179' title='bbox 938 2405 1018 2467; x_wconf 86' lang='grc' dir='ltr'><strong>είς</strong></span> <span class='ocrx_word' id='word_1_180' title='bbox 1056 2402 1127 2457; x_wconf 89' lang='grc' dir='ltr'><strong>τά</strong></span> <span class='ocrx_word' id='word_1_181' title='bbox 1173 2406 1408 2474; x_wconf 85' lang='grc' dir='ltr'>στοιχεῖα</span> <span class='ocrx_word' id='word_1_182' title='bbox 1435 2403 1493 2470; x_wconf 78' lang='grc' dir='ltr'><strong>ἐξ</strong></span> <span class='ocrx_word' id='word_1_183' title='bbox 1521 2397 1595 2458; x_wconf 80' lang='grc' dir='ltr'>ὧν</span> 
     </span>
    </p>
   </div>
   <div class='ocr_carea' id='block_1_26' title="bbox 52 2492 1596 2568">
    <p class='ocr_par' dir='ltr' id='par_1_26' title="bbox 52 2492 1596 2568">
     <span class='ocr_line' id='line_1_26' title="bbox 52 2492 1596 2568; baseline 0.005 -25"><span class='ocrx_word' id='word_1_184' title='bbox 52 2492 127 2561; x_wconf 77' lang='grc' dir='ltr'>τὴν</span> <span class='ocrx_word' id='word_1_185' title='bbox 165 2492 335 2564; x_wconf 82' lang='grc' dir='ltr'>ἀρχὴν</span> <span class='ocrx_word' id='word_1_186' title='bbox 384 2493 765 2565; x_wconf 87' lang='grc' dir='ltr'>συνετέθησαν.</span> <span class='ocrx_word' id='word_1_187' title='bbox 808 2496 872 2547; x_wconf 76' lang='lat' dir='ltr'><strong>Ei</strong></span> <span class='ocrx_word' id='word_1_188' title='bbox 915 2495 1009 2548; x_wconf 77' lang='grc' dir='ltr'><strong>καὶ</strong></span> <span class='ocrx_word' id='word_1_189' title='bbox 1053 2498 1082 2550; x_wconf 85' lang='grc' dir='ltr'><strong>ὁ</strong></span> <span class='ocrx_word' id='word_1_190' title='bbox 1123 2495 1324 2567; x_wconf 84' lang='grc' dir='ltr'>τρόπος</span> <span class='ocrx_word' id='word_1_191' title='bbox 1358 2496 1455 2568; x_wconf 83' lang='grc' dir='ltr'>τῆς</span> <span class='ocrx_word' id='word_1_192' title='bbox 1481 2497 1596 2550; x_wconf 78' lang='grc' dir='ltr'>ἐτέ-</span> 
     </span>
    </p>
   </div>
   <div class='ocr_carea' id='block_1_27' title="bbox 53 2583 1597 2661">
    <p class='ocr_par' dir='ltr' id='par_1_27' title="bbox 53 2583 1597 2661">
     <span class='ocr_line' id='line_1_27' title="bbox 53 2583 1597 2661; baseline 0.005 -27"><span class='ocrx_word' id='word_1_193' title='bbox 53 2600 136 2651; x_wconf 80' lang='grc' dir='ltr'><strong>ρων</strong></span> <span class='ocrx_word' id='word_1_194' title='bbox 161 2583 263 2654; x_wconf 78' lang='lat'><strong>(53)</strong></span> <span class='ocrx_word' id='word_1_195' title='bbox 294 2585 609 2650; x_wconf 87' lang='grc' dir='ltr'>ἀναλύσεως</span> <span class='ocrx_word' id='word_1_196' title='bbox 631 2588 841 2655; x_wconf 89' lang='grc' dir='ltr'>γίνεται</span> <span class='ocrx_word' id='word_1_197' title='bbox 858 2586 944 2641; x_wconf 80' lang='grc' dir='ltr'><strong>διὰ</strong></span> <span class='ocrx_word' id='word_1_198' title='bbox 962 2587 1062 2658; x_wconf 79' lang='grc' dir='ltr'>τῆς</span> <span class='ocrx_word' id='word_1_199' title='bbox 1084 2588 1175 2641; x_wconf 80' lang='grc' dir='ltr'>ὑπ’</span> <span class='ocrx_word' id='word_1_200' title='bbox 1195 2588 1434 2661; x_wconf 84' lang='grc' dir='ltr'>ἀλλήλων</span> <span class='ocrx_word' id='word_1_201' title='bbox 1465 2588 1597 2661; x_wconf 86' lang='grc' dir='ltr'><strong>βρώ-</strong></span> 
     </span>
    </p>
   </div>
   <div class='ocr_carea' id='block_1_28' title="bbox 52 2678 1595 2755">
    <p class='ocr_par' dir='ltr' id='par_1_28' title="bbox 52 2678 1595 2755">
     <span class='ocr_line' id='line_1_28' title="bbox 52 2678 1595 2755; baseline 0.008 -29"><span class='ocrx_word' id='word_1_202' title='bbox 52 2692 191 2740; x_wconf 74' lang='grc' dir='ltr'>σεωςο</span> <span class='ocrx_word' id='word_1_203' title='bbox 241 2678 381 2733; x_wconf 89' lang='grc' dir='ltr'><strong>ἀλλά</strong></span> <span class='ocrx_word' id='word_1_204' title='bbox 423 2680 606 2751; x_wconf 84' lang='grc' dir='ltr'><strong>πάσης</strong></span> <span class='ocrx_word' id='word_1_205' title='bbox 653 2681 964 2746; x_wconf 86' lang='grc' dir='ltr'>ἀναλύσεως</span> <span class='ocrx_word' id='word_1_206' title='bbox 1001 2683 1100 2754; x_wconf 83' lang='grc' dir='ltr'>τῆς</span> <span class='ocrx_word' id='word_1_207' title='bbox 1139 2682 1258 2737; x_wconf 85' lang='grc' dir='ltr'>καθ’</span> <span class='ocrx_word' id='word_1_208' title='bbox 1286 2684 1595 2755; x_wconf 84' lang='grc' dir='ltr'>οἱονδήποτε</span> 
     </span>
    </p>
   </div>
   <div class='ocr_carea' id='block_1_29' title="bbox 49 2769 1597 2847">
    <p class='ocr_par' dir='ltr' id='par_1_29' title="bbox 49 2769 1597 2847">
     <span class='ocr_line' id='line_1_29' title="bbox 49 2769 1597 2847; baseline 0.008 -29"><span class='ocrx_word' id='word_1_209' title='bbox 49 2769 215 2838; x_wconf 60' lang='grc' dir='ltr'>τῴπον</span> <span class='ocrx_word' id='word_1_210' title='bbox 240 2770 535 2842; x_wconf 79' lang='grc' dir='ltr'>γινομένης</span> <span class='ocrx_word' id='word_1_211' title='bbox 554 2770 615 2825; x_wconf 82' lang='grc' dir='ltr'><strong>τὸ</strong></span> <span class='ocrx_word' id='word_1_212' title='bbox 642 2772 793 2837; x_wconf 80' lang='grc' dir='ltr'>τέλος</span> <span class='ocrx_word' id='word_1_213' title='bbox 817 2773 934 2826; x_wconf 72' lang='grc' dir='ltr'>ἐστὶ</span> <span class='ocrx_word' id='word_1_214' title='bbox 957 2773 1020 2828; x_wconf 80' lang='grc' dir='ltr'>τὸ</span> <span class='ocrx_word' id='word_1_215' title='bbox 1042 2775 1122 2838; x_wconf 90' lang='grc' dir='ltr'><strong>είς</strong></span> <span class='ocrx_word' id='word_1_216' title='bbox 1146 2773 1216 2827; x_wconf 78' lang='grc' dir='ltr'>τὰ</span> <span class='ocrx_word' id='word_1_217' title='bbox 1241 2779 1473 2846; x_wconf 82' lang='grc' dir='ltr'>στοιχεῖα</span> <span class='ocrx_word' id='word_1_218' title='bbox 1499 2794 1597 2847; x_wconf 79' lang='grc' dir='ltr'><strong>χω·</strong></span> 
     </span>
    </p>
   </div>
   <div class='ocr_carea' id='block_1_30' title="bbox 53 2861 1595 2940">
    <p class='ocr_par' dir='ltr' id='par_1_30' title="bbox 53 2861 1595 2940">
     <span class='ocr_line' id='line_1_30' title="bbox 53 2861 1595 2940; baseline 0.006 -28"><span class='ocrx_word' id='word_1_219' title='bbox 53 2863 141 2929; x_wconf 80' lang='grc' dir='ltr'>ρεῖν</span> <span class='ocrx_word' id='word_1_220' title='bbox 162 2861 225 2915; x_wconf 75' lang='grc' dir='ltr'>τὰ</span> <span class='ocrx_word' id='word_1_221' title='bbox 253 2863 618 2933; x_wconf 90' lang='grc' dir='ltr'>ἀναλυόμενα.</span> <span class='ocrx_word' id='word_1_222' title='bbox 650 2865 724 2918; x_wconf 82' lang='grc' dir='ltr'>Οὐ</span> <span class='ocrx_word' id='word_1_223' title='bbox 753 2866 858 2938; x_wconf 83' lang='grc' dir='ltr'><strong>χρὴ</strong></span> <span class='ocrx_word' id='word_1_224' title='bbox 883 2861 975 2921; x_wconf 77' lang='grc' dir='ltr'><strong>οὖν</strong></span> <span class='ocrx_word' id='word_1_225' title='bbox 1001 2865 1089 2919; x_wconf 87' lang='grc' dir='ltr'>διά</span> <span class='ocrx_word' id='word_1_226' title='bbox 1112 2867 1209 2940; x_wconf 78' lang='grc' dir='ltr'><strong>τὴν</strong></span> <span class='ocrx_word' id='word_1_227' title='bbox 1235 2868 1326 2921; x_wconf 84' lang='grc' dir='ltr'>ὑπ’</span> <span class='ocrx_word' id='word_1_228' title='bbox 1352 2867 1595 2939; x_wconf 89' lang='grc' dir='ltr'>ἀλλήλων</span> 
     </span>
    </p>
   </div>
   <div class='ocr_carea' id='block_1_31' title="bbox 53 2951 1593 3032">
    <p class='ocr_par' dir='ltr' id='par_1_31' title="bbox 53 2951 1593 3032">
     <span class='ocr_line' id='line_1_31' title="bbox 53 2951 1593 3032; baseline 0.008 -29"><span class='ocrx_word' id='word_1_229' title='bbox 53 2951 222 3021; x_wconf 82' lang='grc' dir='ltr'>βρῶσιν</span> <span class='ocrx_word' id='word_1_230' title='bbox 262 2953 558 3026; x_wconf 83' lang='grc' dir='ltr'>ἀνθρώπου</span> <span class='ocrx_word' id='word_1_231' title='bbox 599 2957 694 3009; x_wconf 82' lang='grc' dir='ltr'>καὶ</span> <span class='ocrx_word' id='word_1_232' title='bbox 743 2957 925 3028; x_wconf 87' lang='grc' dir='ltr'>ίχθύος</span> <span class='ocrx_word' id='word_1_233' title='bbox 970 2960 1372 3032; x_wconf 86' lang='grc' dir='ltr'>σεσοφισμένην</span> <span class='ocrx_word' id='word_1_234' title='bbox 1422 2979 1593 3015; x_wconf 85' lang='grc' dir='ltr'>κατα-</span> 
     </span>
    </p>
   </div>
   <div class='ocr_carea' id='block_1_32' title="bbox 50 3046 1596 3122">
    <p class='ocr_par' dir='ltr' id='par_1_32' title="bbox 50 3046 1596 3122">
     <span class='ocr_line' id='line_1_32' title="bbox 50 3046 1596 3122; baseline 0.007 -26"><span class='ocrx_word' id='word_1_235' title='bbox 50 3046 300 3111; x_wconf 71' lang='grc' dir='ltr'>σκευάζειν</span> <span class='ocrx_word' id='word_1_236' title='bbox 354 3048 592 3118; x_wconf 86' lang='grc' dir='ltr'>ἀπορίαν</span> <span class='ocrx_word' id='word_1_237' title='bbox 646 3049 993 3122; x_wconf 84' lang='grc' dir='ltr'>ἀναιρετικὴν</span> <span class='ocrx_word' id='word_1_238' title='bbox 1047 3052 1411 3119; x_wconf 82' lang='grc' dir='ltr'>ἀναστάσεως,</span> <span class='ocrx_word' id='word_1_239' title='bbox 1462 3053 1596 3107; x_wconf 88' lang='grc' dir='ltr'><strong>ἀλλά</strong></span> 
     </span>
    </p>
   </div>
   <div class='ocr_carea' id='block_1_33' title="bbox 1708 554 3261 639">
    <p class='ocr_par' dir='ltr' id='par_1_33' title="bbox 1708 554 3261 639">
     <span class='ocr_line' id='line_1_33' title="bbox 1708 554 3261 639; baseline 0.012 -31"><span class='ocrx_word' id='word_1_240' title='bbox 1708 554 1824 610; x_wconf 79' lang='lat' dir='ltr'><strong>ﬁcis</strong></span> <span class='ocrx_word' id='word_1_241' title='bbox 1858 556 1914 611; x_wconf 81' lang='lat' dir='ltr'><strong>[it</strong></span> <span class='ocrx_word' id='word_1_242' title='bbox 1947 562 2282 632; x_wconf 62' lang='lat' dir='ltr'><strong>praescripto,</strong></span> <span class='ocrx_word' id='word_1_243' title='bbox 2319 565 2412 634; x_wconf 85' lang='lat' dir='ltr'><strong>qui</strong></span> <span class='ocrx_word' id='word_1_244' title='bbox 2460 565 2515 620; x_wconf 93' lang='lat' dir='ltr'><strong>in</strong></span> <span class='ocrx_word' id='word_1_245' title='bbox 2559 566 2789 635; x_wconf 85' lang='lat' dir='ltr'><strong>singulis</strong></span> <span class='ocrx_word' id='word_1_246' title='bbox 2836 571 3261 639; x_wconf 76' lang='lat' dir='ltr'><strong>corruptionem,</strong></span> 
     </span>
    </p>
   </div>
   <div class='ocr_carea' id='block_1_34' title="bbox 1701 645 3261 727">
    <p class='ocr_par' dir='ltr' id='par_1_34' title="bbox 1701 645 3261 727">
     <span class='ocr_line' id='line_1_34' title="bbox 1701 645 3261 727; baseline 0.01 -28"><span class='ocrx_word' id='word_1_247' title='bbox 1701 645 1756 701; x_wconf 90' lang='lat' dir='ltr'><strong>in</strong></span> <span class='ocrx_word' id='word_1_248' title='bbox 1786 649 2059 706; x_wconf 83' lang='lat' dir='ltr'><strong>universis</strong></span> <span class='ocrx_word' id='word_1_249' title='bbox 2088 660 2269 709; x_wconf 89' lang='lat' dir='ltr'><strong>autem</strong></span> <span class='ocrx_word' id='word_1_250' title='bbox 2303 655 2874 727; x_wconf 89' lang='lat' dir='ltr'><strong>incorruptibilitatem</strong></span> <span class='ocrx_word' id='word_1_251' title='bbox 2905 659 3084 716; x_wconf 77' lang='lat' dir='ltr'><strong>emcit.</strong></span> <span class='ocrx_word' id='word_1_252' title='bbox 3124 659 3261 715; x_wconf 81' lang='lat' dir='ltr'><strong>Nam</strong></span> 
     </span>
    </p>
   </div>
   <div class='ocr_carea' id='block_1_35' title="bbox 1702 736 3265 818">
    <p class='ocr_par' dir='ltr' id='par_1_35' title="bbox 1702 736 3265 818">
     <span class='ocr_line' id='line_1_35' title="bbox 1702 736 3265 818; baseline 0.008 -28"><span class='ocrx_word' id='word_1_253' title='bbox 1702 736 1748 791; x_wconf 91' lang='lat' dir='ltr'><strong>si</strong></span> <span class='ocrx_word' id='word_1_254' title='bbox 1778 738 2011 809; x_wconf 84' lang='lat' dir='ltr'><strong>alicujus</strong></span> <span class='ocrx_word' id='word_1_255' title='bbox 2040 756 2251 808; x_wconf 89' lang='lat' dir='ltr'><strong>eorum,</strong></span> <span class='ocrx_word' id='word_1_256' title='bbox 2282 760 2403 814; x_wconf 82' lang='lat' dir='ltr'><strong>quae</strong></span> <span class='ocrx_word' id='word_1_257' title='bbox 2431 744 2574 800; x_wconf 85' lang='lat' dir='ltr'><strong>dicta</strong></span> <span class='ocrx_word' id='word_1_258' title='bbox 2603 753 2752 809; x_wconf 89' lang='lat' dir='ltr'><strong>sunt,</strong></span> <span class='ocrx_word' id='word_1_259' title='bbox 2781 747 2914 802; x_wconf 89' lang='lat' dir='ltr'><strong>vitio</strong></span> <span class='ocrx_word' id='word_1_260' title='bbox 2947 761 3265 818; x_wconf 85' lang='lat' dir='ltr'><strong>corrumpe-</strong></span> 
     </span>
    </p>
   </div>
   <div class='ocr_carea' id='block_1_36' title="bbox 1700 837 3262 906">
    <p class='ocr_par' dir='ltr' id='par_1_36' title="bbox 1700 837 3262 906">
     <span class='ocr_line' id='line_1_36' title="bbox 1700 837 3262 906; baseline 0.006 -25"><span class='ocrx_word' id='word_1_261' title='bbox 1700 837 1889 883; x_wconf 88' lang='lat' dir='ltr'><strong>rentur</strong></span> <span class='ocrx_word' id='word_1_262' title='bbox 1929 847 2048 901; x_wconf 61' lang='lat' dir='ltr'><strong>quae</strong></span> <span class='ocrx_word' id='word_1_263' title='bbox 2079 846 2523 905; x_wconf 86' lang='lat' dir='ltr'><strong>corrumpuntur,</strong></span> <span class='ocrx_word' id='word_1_264' title='bbox 2566 853 2737 906; x_wconf 84' lang='lat' dir='ltr'><strong>genus</strong></span> <span class='ocrx_word' id='word_1_265' title='bbox 2771 845 2943 894; x_wconf 90' lang='lat' dir='ltr'><strong>totum</strong></span> <span class='ocrx_word' id='word_1_266' title='bbox 2992 838 3262 902; x_wconf 75' lang='lat' dir='ltr'><strong>interiret,</strong></span> 
     </span>
    </p>
   </div>
   <div class='ocr_carea' id='block_1_37' title="bbox 1698 919 3263 991">
    <p class='ocr_par' dir='ltr' id='par_1_37' title="bbox 1698 919 3263 991">
     <span class='ocr_line' id='line_1_37' title="bbox 1698 919 3263 991; baseline 0.006 -18"><span class='ocrx_word' id='word_1_267' title='bbox 1698 925 1753 973; x_wconf 88' lang='lat' dir='ltr'><strong>et</strong></span> <span class='ocrx_word' id='word_1_268' title='bbox 1784 919 2142 991; x_wconf 82' lang='lat' dir='ltr'><strong>singulorum,</strong></span> <span class='ocrx_word' id='word_1_269' title='bbox 2166 931 2220 979; x_wconf 91' lang='lat' dir='ltr'><strong>et</strong></span> <span class='ocrx_word' id='word_1_270' title='bbox 2249 925 2653 982; x_wconf 87' lang='lat' dir='ltr'><strong>universorum.</strong></span> <span class='ocrx_word' id='word_1_271' title='bbox 2682 926 2740 980; x_wconf 91' lang='lat' dir='ltr'><strong>Si</strong></span> <span class='ocrx_word' id='word_1_272' title='bbox 2769 927 2913 981; x_wconf 91' lang='lat' dir='ltr'><strong>enim</strong></span> <span class='ocrx_word' id='word_1_273' title='bbox 2942 928 3263 984; x_wconf 83' lang='lat' dir='ltr'><strong>concedere-</strong></span> 
     </span>
    </p>
   </div>
   <div class='ocr_carea' id='block_1_38' title="bbox 1698 1015 3263 1089">
    <p class='ocr_par' dir='ltr' id='par_1_38' title="bbox 1698 1015 3263 1089">
     <span class='ocr_line' id='line_1_38' title="bbox 1698 1015 3263 1089; baseline 0.005 -23"><span class='ocrx_word' id='word_1_274' title='bbox 1698 1027 1822 1068; x_wconf 87' lang='lat' dir='ltr'><strong>mus</strong></span> <span class='ocrx_word' id='word_1_275' title='bbox 1851 1015 2254 1084; x_wconf 77' lang='lat' dir='ltr'><strong>corruptionem</strong></span> <span class='ocrx_word' id='word_1_276' title='bbox 2283 1032 2345 1072; x_wconf 82' lang='lat' dir='ltr'><strong>ex</strong></span> <span class='ocrx_word' id='word_1_277' title='bbox 2380 1019 2615 1088; x_wconf 83' lang='lat' dir='ltr'><strong>alicujus</strong></span> <span class='ocrx_word' id='word_1_278' title='bbox 2637 1034 2760 1075; x_wconf 91' lang='lat' dir='ltr'><strong>esse</strong></span> <span class='ocrx_word' id='word_1_279' title='bbox 2787 1020 2955 1089; x_wconf 88' lang='lat' dir='ltr'><strong>vitio,</strong></span> <span class='ocrx_word' id='word_1_280' title='bbox 2993 1036 3102 1075; x_wconf 92' lang='lat' dir='ltr'><strong>non</strong></span> <span class='ocrx_word' id='word_1_281' title='bbox 3131 1035 3263 1075; x_wconf 52' lang='lat' dir='ltr'><strong>conv</strong></span> 
     </span>
    </p>
   </div>
   <div class='ocr_carea' id='block_1_39' title="bbox 1698 1110 3263 1185">
    <p class='ocr_par' dir='ltr' id='par_1_39' title="bbox 1698 1110 3263 1185">
     <span class='ocr_line' id='line_1_39' title="bbox 1698 1110 3263 1185; baseline 0.006 -28"><span class='ocrx_word' id='word_1_282' title='bbox 1698 1110 2007 1158; x_wconf 83' lang='lat' dir='ltr'><strong>servaretur</strong></span> <span class='ocrx_word' id='word_1_283' title='bbox 2053 1121 2240 1160; x_wconf 90' lang='lat' dir='ltr'><strong>eorum</strong></span> <span class='ocrx_word' id='word_1_284' title='bbox 2291 1124 2412 1178; x_wconf 63' lang='lat' dir='ltr'><strong>quae</strong></span> <span class='ocrx_word' id='word_1_285' title='bbox 2462 1110 2761 1185; x_wconf 73' lang='lat' dir='ltr'><strong>gignuntur</strong></span> <span class='ocrx_word' id='word_1_286' title='bbox 2809 1111 2864 1165; x_wconf 92' lang='lat' dir='ltr'><strong>in</strong></span> <span class='ocrx_word' id='word_1_287' title='bbox 2906 1112 3263 1180; x_wconf 85' lang='lat' dir='ltr'><strong>pereuntibus</strong></span> 
     </span>
    </p>
   </div>
   <div class='ocr_carea' id='block_1_40' title="bbox 1696 1193 3262 1272">
    <p class='ocr_par' dir='ltr' id='par_1_40' title="bbox 1696 1193 3262 1272">
     <span class='ocr_line' id='line_1_40' title="bbox 1696 1193 3262 1272; baseline 0.004 -25"><span class='ocrx_word' id='word_1_288' title='bbox 1696 1207 1867 1262; x_wconf 76' lang='lat' dir='ltr'><strong>genus</strong></span> <span class='ocrx_word' id='word_1_289' title='bbox 1893 1193 2322 1265; x_wconf 88' lang='lat' dir='ltr'><strong>incorruptibile,</strong></span> <span class='ocrx_word' id='word_1_290' title='bbox 2350 1200 2615 1269; x_wconf 81' lang='lat' dir='ltr'><strong>pravitate</strong></span> <span class='ocrx_word' id='word_1_291' title='bbox 2643 1200 2783 1255; x_wconf 84' lang='lat' dir='ltr'><strong>sicut</strong></span> <span class='ocrx_word' id='word_1_292' title='bbox 2806 1202 2859 1255; x_wconf 91' lang='lat' dir='ltr'><strong>in</strong></span> <span class='ocrx_word' id='word_1_293' title='bbox 2892 1202 3157 1272; x_wconf 80' lang='lat' dir='ltr'><strong>singulos,</strong></span> <span class='ocrx_word' id='word_1_294' title='bbox 3180 1202 3262 1256; x_wconf 89' lang='lat' dir='ltr'><strong>.ita</strong></span> 
     </span>
    </p>
   </div>
   <div class='ocr_carea' id='block_1_41' title="bbox 1698 1286 3261 1361">
    <p class='ocr_par' dir='ltr' id='par_1_41' title="bbox 1698 1286 3261 1361">
     <span class='ocr_line' id='line_1_41' title="bbox 1698 1286 3261 1361; baseline 0.008 -26"><span class='ocrx_word' id='word_1_295' title='bbox 1698 1299 1912 1354; x_wconf 92' lang='lat' dir='ltr'><strong>quoque</strong></span> <span class='ocrx_word' id='word_1_296' title='bbox 1961 1286 2017 1339; x_wconf 89' lang='lat' dir='ltr'><strong>in</strong></span> <span class='ocrx_word' id='word_1_297' title='bbox 2051 1288 2337 1345; x_wconf 87' lang='lat' dir='ltr'><strong>universos</strong></span> <span class='ocrx_word' id='word_1_298' title='bbox 2374 1290 2661 1360; x_wconf 90' lang='lat' dir='ltr'><strong>imperium</strong></span> <span class='ocrx_word' id='word_1_299' title='bbox 2714 1293 2967 1349; x_wconf 84' lang='lat' dir='ltr'><strong>habente.</strong></span> <span class='ocrx_word' id='word_1_300' title='bbox 3010 1293 3167 1361; x_wconf 87' lang='lat' dir='ltr'><strong>Quod</strong></span> <span class='ocrx_word' id='word_1_301' title='bbox 3214 1293 3261 1348; x_wconf 88' lang='lat' dir='ltr'><strong>si</strong></span> 
     </span>
    </p>
   </div>
   <div class='ocr_carea' id='block_1_42' title="bbox 1696 1372 3263 1453">
    <p class='ocr_par' dir='ltr' id='par_1_42' title="bbox 1696 1372 3263 1453">
     <span class='ocr_line' id='line_1_42' title="bbox 1696 1372 3263 1453; baseline 0.008 -28"><span class='ocrx_word' id='word_1_302' title='bbox 1696 1372 1929 1443; x_wconf 86' lang='lat' dir='ltr'><strong>alicujus</strong></span> <span class='ocrx_word' id='word_1_303' title='bbox 1952 1375 2083 1429; x_wconf 87' lang='lat' dir='ltr'><strong>vitio</strong></span> <span class='ocrx_word' id='word_1_304' title='bbox 2105 1378 2360 1433; x_wconf 89' lang='lat' dir='ltr'><strong>universa</strong></span> <span class='ocrx_word' id='word_1_305' title='bbox 2381 1381 2655 1451; x_wconf 86' lang='lat' dir='ltr'><strong>corrumpi</strong></span> <span class='ocrx_word' id='word_1_306' title='bbox 2680 1397 2789 1436; x_wconf 94' lang='lat' dir='ltr'><strong>non</strong></span> <span class='ocrx_word' id='word_1_307' title='bbox 2813 1390 3070 1453; x_wconf 86' lang='lat' dir='ltr'><strong>possunt,</strong></span> <span class='ocrx_word' id='word_1_308' title='bbox 3087 1398 3263 1447; x_wconf 86' lang='lat' dir='ltr'><strong>neque</strong></span> 
     </span>
    </p>
   </div>
   <div class='ocr_carea' id='block_1_43' title="bbox 1696 1464 3262 1543">
    <p class='ocr_par' dir='ltr' id='par_1_43' title="bbox 1696 1464 3262 1543">
     <span class='ocr_line' id='line_1_43' title="bbox 1696 1464 3262 1543; baseline 0.008 -26"><span class='ocrx_word' id='word_1_309' title='bbox 1696 1464 1859 1517; x_wconf 89' lang='lat' dir='ltr'><strong>etiam</strong></span> <span class='ocrx_word' id='word_1_310' title='bbox 1892 1464 2105 1537; x_wconf 82' lang='lat' dir='ltr'><strong>singula</strong></span> <span class='ocrx_word' id='word_1_311' title='bbox 2137 1468 2370 1539; x_wconf 86' lang='lat' dir='ltr'><strong>alicujus</strong></span> <span class='ocrx_word' id='word_1_312' title='bbox 2398 1471 2528 1525; x_wconf 90' lang='lat' dir='ltr'><strong>vitio</strong></span> <span class='ocrx_word' id='word_1_313' title='bbox 2558 1483 3006 1543; x_wconf 86' lang='lat' dir='ltr'><strong>corrumpuntur,</strong></span> <span class='ocrx_word' id='word_1_314' title='bbox 3038 1475 3134 1530; x_wconf 86' lang='lat' dir='ltr'><strong>sed</strong></span> <span class='ocrx_word' id='word_1_315' title='bbox 3166 1474 3262 1529; x_wconf 87' lang='lat' dir='ltr'><strong>Dei</strong></span> 
     </span>
    </p>
   </div>
   <div class='ocr_carea' id='block_1_44' title="bbox 1698 1556 3265 1637">
    <p class='ocr_par' dir='ltr' id='par_1_44' title="bbox 1698 1556 3265 1637">
     <span class='ocr_line' id='line_1_44' title="bbox 1698 1556 3265 1637; baseline 0.008 -29"><span class='ocrx_word' id='word_1_316' title='bbox 1698 1556 2038 1627; x_wconf 65' lang='lat' dir='ltr'><strong>prmscripto.</strong></span> <span class='ocrx_word' id='word_1_317' title='bbox 2085 1557 2219 1613; x_wconf 85' lang='lat' dir='ltr'><strong>Nam</strong></span> <span class='ocrx_word' id='word_1_318' title='bbox 2252 1561 2298 1615; x_wconf 89' lang='lat' dir='ltr'><strong>si</strong></span> <span class='ocrx_word' id='word_1_319' title='bbox 2344 1563 2489 1615; x_wconf 89' lang='lat' dir='ltr'><strong>nulla</strong></span> <span class='ocrx_word' id='word_1_320' title='bbox 2519 1564 2575 1617; x_wconf 91' lang='lat' dir='ltr'><strong>in</strong></span> <span class='ocrx_word' id='word_1_321' title='bbox 2619 1566 2784 1620; x_wconf 87' lang='lat' dir='ltr'><strong>rebus</strong></span> <span class='ocrx_word' id='word_1_322' title='bbox 2817 1565 3109 1629; x_wconf 86' lang='lat' dir='ltr'><strong>vitiositas,</strong></span> <span class='ocrx_word' id='word_1_323' title='bbox 3142 1581 3265 1637; x_wconf 69' lang='lat' dir='ltr'><strong>qua:</strong></span> 
     </span>
    </p>
   </div>
   <div class='ocr_carea' id='block_1_45' title="bbox 1697 1653 3264 1732">
    <p class='ocr_par' dir='ltr' id='par_1_45' title="bbox 1697 1653 3264 1732">
     <span class='ocr_line' id='line_1_45' title="bbox 1697 1653 3264 1732; baseline 0.008 -26"><span class='ocrx_word' id='word_1_324' title='bbox 1697 1653 2101 1721; x_wconf 79' lang='lat' dir='ltr'><strong>generationem</strong></span> <span class='ocrx_word' id='word_1_325' title='bbox 2142 1656 2433 1726; x_wconf 82' lang='lat' dir='ltr'><strong>prohibere</strong></span> <span class='ocrx_word' id='word_1_326' title='bbox 2482 1660 2694 1729; x_wconf 88' lang='lat' dir='ltr'><strong>possit,</strong></span> <span class='ocrx_word' id='word_1_327' title='bbox 2723 1676 2900 1732; x_wconf 90' lang='lat' dir='ltr'><strong>neque</strong></span> <span class='ocrx_word' id='word_1_328' title='bbox 2943 1663 3105 1718; x_wconf 87' lang='lat' dir='ltr'><strong>etiam</strong></span> <span class='ocrx_word' id='word_1_329' title='bbox 3155 1663 3264 1719; x_wconf 85' lang='lat' dir='ltr'><strong>ulla</strong></span> 
     </span>
    </p>
   </div>
   <div class='ocr_carea' id='block_1_46' title="bbox 1586 1746 2515 1814">
    <p class='ocr_par' dir='ltr' id='par_1_46' title="bbox 1586 1746 2515 1814">
     <span class='ocr_line' id='line_1_46' title="bbox 1586 1746 2515 1814; baseline 0.011 -24"><span class='ocrx_word' id='word_1_330' title='bbox 1586 1760 1609 1769; x_wconf 62' lang='grc' dir='ltr'><em>κ</em></span> <span class='ocrx_word' id='word_1_331' title='bbox 1698 1746 1801 1802; x_wconf 87' lang='lat' dir='ltr'><strong>est,</strong></span> <span class='ocrx_word' id='word_1_332' title='bbox 1831 1754 1953 1809; x_wconf 62' lang='lat' dir='ltr'><strong>quae</strong></span> <span class='ocrx_word' id='word_1_333' title='bbox 1976 1756 2150 1811; x_wconf 81' lang='lat' dir='ltr'><strong>genus</strong></span> <span class='ocrx_word' id='word_1_334' title='bbox 2178 1753 2515 1814; x_wconf 88' lang='lat' dir='ltr'><strong>corrumpat.</strong></span> 
     </span>
    </p>
   </div>
   <div class='ocr_carea' id='block_1_47' title="bbox 1770 1891 3197 1955">
    <p class='ocr_par' dir='ltr' id='par_1_47' title="bbox 1770 1891 3197 1955">
     <span class='ocr_line' id='line_1_47' title="bbox 1770 1891 3197 1955; baseline 0.006 -10"><span class='ocrx_word' id='word_1_335' title='bbox 1770 1891 1858 1946; x_wconf 81' lang='grc'><strong>15.</strong></span> <span class='ocrx_word' id='word_1_336' title='bbox 1900 1891 2422 1950; x_wconf 77' lang='lat' dir='ltr'><strong>RESPONSIONES</strong></span> <span class='ocrx_word' id='word_1_337' title='bbox 2470 1894 2561 1950; x_wconf 87' lang='lat' dir='ltr'><strong>DE</strong></span> <span class='ocrx_word' id='word_1_338' title='bbox 2613 1896 3197 1955; x_wconf 82' lang='lat' dir='ltr'><strong>RESURRECTIONE</strong></span> 
     </span>
    </p>
   </div>
   <div class='ocr_carea' id='block_1_48' title="bbox 1767 2006 3193 2082">
    <p class='ocr_par' dir='ltr' id='par_1_48' title="bbox 1767 2006 3193 2082">
     <span class='ocr_line' id='line_1_48' title="bbox 1767 2006 3193 2082; baseline 0.008 -22"><span class='ocrx_word' id='word_1_339' title='bbox 1767 2006 1837 2060; x_wconf 85' lang='lat' dir='ltr'><strong>ad</strong></span> <span class='ocrx_word' id='word_1_340' title='bbox 1863 2024 1951 2061; x_wconf 82' lang='lat' dir='ltr'><strong>eas</strong></span> <span class='ocrx_word' id='word_1_341' title='bbox 1976 2022 2093 2077; x_wconf 65' lang='lat' dir='ltr'><strong>quae</strong></span> <span class='ocrx_word' id='word_1_342' title='bbox 2132 2007 2196 2061; x_wconf 84' lang='lat' dir='ltr'><strong>de</strong></span> <span class='ocrx_word' id='word_1_343' title='bbox 2242 2009 2357 2076; x_wconf 79' lang='lat' dir='ltr'><strong>ipsa</strong></span> <span class='ocrx_word' id='word_1_344' title='bbox 2397 2011 2680 2078; x_wconf 75' lang='lat' dir='ltr'><strong>proposita:</strong></span> <span class='ocrx_word' id='word_1_345' title='bbox 2709 2021 2831 2066; x_wconf 76' lang='lat' dir='ltr'><strong>sunt</strong></span> <span class='ocrx_word' id='word_1_346' title='bbox 2859 2013 3193 2082; x_wconf 75' lang='lat' dir='ltr'><strong>quwstiones.</strong></span> 
     </span>
    </p>
   </div>
   <div class='ocr_carea' id='block_1_49' title="bbox 1766 2118 3266 2196">
    <p class='ocr_par' dir='ltr' id='par_1_49' title="bbox 1766 2118 3266 2196">
     <span class='ocr_line' id='line_1_49' title="bbox 1766 2118 3266 2196; baseline 0.006 -23"><span class='ocrx_word' id='word_1_347' title='bbox 1766 2120 1820 2174; x_wconf 73' lang='grc' dir='ltr'>Ι.</span> <span class='ocrx_word' id='word_1_348' title='bbox 1854 2118 2009 2185; x_wconf 84' lang='lat' dir='ltr'><strong>Quod</strong></span> <span class='ocrx_word' id='word_1_349' title='bbox 2035 2119 2196 2174; x_wconf 90' lang='lat' dir='ltr'><strong>homo</strong></span> <span class='ocrx_word' id='word_1_350' title='bbox 2219 2120 2291 2175; x_wconf 88' lang='lat' dir='ltr'><strong>sit</strong></span> <span class='ocrx_word' id='word_1_351' title='bbox 2321 2130 2415 2174; x_wconf 91' lang='lat' dir='ltr'><strong>aut</strong></span> <span class='ocrx_word' id='word_1_352' title='bbox 2446 2120 2538 2175; x_wconf 83' lang='lat' dir='ltr'><strong>ﬁat</strong></span> <span class='ocrx_word' id='word_1_353' title='bbox 2567 2136 2691 2177; x_wconf 91' lang='lat' dir='ltr'><strong>esca</strong></span> <span class='ocrx_word' id='word_1_354' title='bbox 2718 2123 2976 2193; x_wconf 89' lang='lat' dir='ltr'><strong>piscium,</strong></span> <span class='ocrx_word' id='word_1_355' title='bbox 3009 2133 3063 2179; x_wconf 91' lang='lat' dir='ltr'><strong>et</strong></span> <span class='ocrx_word' id='word_1_356' title='bbox 3097 2126 3266 2196; x_wconf 87' lang='lat' dir='ltr'><strong>piscis</strong></span> 
     </span>
    </p>
   </div>
   <div class='ocr_carea' id='block_1_50' title="bbox 1694 2211 3266 2289">
    <p class='ocr_par' dir='ltr' id='par_1_50' title="bbox 1694 2211 3266 2289">
     <span class='ocr_line' id='line_1_50' title="bbox 1694 2211 3266 2289; baseline 0.001 -22"><span class='ocrx_word' id='word_1_357' title='bbox 1694 2226 1823 2268; x_wconf 88' lang='lat' dir='ltr'><strong>esea</strong></span> <span class='ocrx_word' id='word_1_358' title='bbox 1865 2211 2166 2276; x_wconf 89' lang='lat' dir='ltr'><strong>hominum,</strong></span> <span class='ocrx_word' id='word_1_359' title='bbox 2203 2226 2381 2282; x_wconf 90' lang='lat' dir='ltr'><strong>neque</strong></span> <span class='ocrx_word' id='word_1_360' title='bbox 2424 2211 2696 2267; x_wconf 89' lang='lat' dir='ltr'><strong>hominem</strong></span> <span class='ocrx_word' id='word_1_361' title='bbox 2730 2213 2784 2267; x_wconf 90' lang='lat' dir='ltr'><strong>in</strong></span> <span class='ocrx_word' id='word_1_362' title='bbox 2832 2215 3057 2284; x_wconf 91' lang='lat' dir='ltr'><strong>piscem,</strong></span> <span class='ocrx_word' id='word_1_363' title='bbox 3105 2216 3266 2289; x_wconf 66' lang='grc'><strong>542</strong></span> 
     </span>
    </p>
   </div>
   <div class='ocr_carea' id='block_1_51' title="bbox 1695 2302 3266 2379">
    <p class='ocr_par' dir='ltr' id='par_1_51' title="bbox 1695 2302 3266 2379">
     <span class='ocr_line' id='line_1_51' title="bbox 1695 2302 3266 2379; baseline 0.004 -20"><span class='ocrx_word' id='word_1_364' title='bbox 1695 2318 1873 2374; x_wconf 89' lang='lat' dir='ltr'><strong>neque</strong></span> <span class='ocrx_word' id='word_1_365' title='bbox 1902 2303 2107 2373; x_wconf 88' lang='lat' dir='ltr'><strong>piscem</strong></span> <span class='ocrx_word' id='word_1_366' title='bbox 2136 2303 2192 2357; x_wconf 90' lang='lat' dir='ltr'><strong>in</strong></span> <span class='ocrx_word' id='word_1_367' title='bbox 2222 2302 2499 2358; x_wconf 85' lang='lat' dir='ltr'><strong>hominem</strong></span> <span class='ocrx_word' id='word_1_368' title='bbox 2540 2305 2805 2371; x_wconf 86' lang='lat' dir='ltr'><strong>resolvit,</strong></span> <span class='ocrx_word' id='word_1_369' title='bbox 2853 2306 2946 2361; x_wconf 90' lang='lat' dir='ltr'><strong>sed</strong></span> <span class='ocrx_word' id='word_1_370' title='bbox 2979 2308 3266 2379; x_wconf 85' lang='lat' dir='ltr'><strong>utriusque</strong></span> 
     </span>
    </p>
   </div>
   <div class='ocr_carea' id='block_1_52' title="bbox 1694 2394 3265 2469">
    <p class='ocr_par' dir='ltr' id='par_1_52' title="bbox 1694 2394 3265 2469">
     <span class='ocr_line' id='line_1_52' title="bbox 1694 2394 3265 2469; baseline 0.004 -19"><span class='ocrx_word' id='word_1_371' title='bbox 1694 2396 1960 2451; x_wconf 88' lang='lat' dir='ltr'><strong>resolutio</strong></span> <span class='ocrx_word' id='word_1_372' title='bbox 1987 2396 2043 2449; x_wconf 93' lang='lat' dir='ltr'><strong>in</strong></span> <span class='ocrx_word' id='word_1_373' title='bbox 2073 2394 2337 2450; x_wconf 88' lang='lat' dir='ltr'><strong>elementa</strong></span> <span class='ocrx_word' id='word_1_374' title='bbox 2369 2410 2432 2450; x_wconf 91' lang='lat' dir='ltr'><strong>ea</strong></span> <span class='ocrx_word' id='word_1_375' title='bbox 2466 2398 2689 2461; x_wconf 87' lang='lat' dir='ltr'><strong>transit,</strong></span> <span class='ocrx_word' id='word_1_376' title='bbox 2722 2398 2866 2453; x_wconf 90' lang='lat' dir='ltr'><strong>unde</strong></span> <span class='ocrx_word' id='word_1_377' title='bbox 2895 2411 2979 2454; x_wconf 85' lang='lat' dir='ltr'><strong>est</strong></span> <span class='ocrx_word' id='word_1_378' title='bbox 3009 2401 3265 2469; x_wconf 86' lang='lat' dir='ltr'><strong>primitus</strong></span> 
     </span>
    </p>
   </div>
   <div class='ocr_carea' id='block_1_53' title="bbox 1696 2487 3265 2563">
    <p class='ocr_par' dir='ltr' id='par_1_53' title="bbox 1696 2487 3265 2563">
     <span class='ocr_line' id='line_1_53' title="bbox 1696 2487 3265 2563; baseline 0.005 -22"><span class='ocrx_word' id='word_1_379' title='bbox 1696 2494 1990 2557; x_wconf 89' lang='lat' dir='ltr'><strong>utrumque</strong></span> <span class='ocrx_word' id='word_1_380' title='bbox 2029 2487 2413 2558; x_wconf 89' lang='lat' dir='ltr'><strong>compositum.</strong></span> <span class='ocrx_word' id='word_1_381' title='bbox 2464 2488 2725 2554; x_wconf 85' lang='lat' dir='ltr'><strong>Quamvis</strong></span> <span class='ocrx_word' id='word_1_382' title='bbox 2774 2490 2969 2547; x_wconf 90' lang='lat' dir='ltr'><strong>modus</strong></span> <span class='ocrx_word' id='word_1_383' title='bbox 3027 2494 3265 2563; x_wconf 88' lang='lat' dir='ltr'><strong>partium</strong></span> 
     </span>
    </p>
   </div>
   <div class='ocr_carea' id='block_1_54' title="bbox 1696 2578 3264 2652">
    <p class='ocr_par' dir='ltr' id='par_1_54' title="bbox 1696 2578 3264 2652">
     <span class='ocr_line' id='line_1_54' title="bbox 1696 2578 3264 2652; baseline 0.004 -19"><span class='ocrx_word' id='word_1_384' title='bbox 1696 2578 2047 2635; x_wconf 89' lang='lat' dir='ltr'><strong>resolutionis</strong></span> <span class='ocrx_word' id='word_1_385' title='bbox 2076 2579 2131 2633; x_wconf 90' lang='lat' dir='ltr'><strong>in</strong></span> <span class='ocrx_word' id='word_1_386' title='bbox 2173 2594 2240 2634; x_wconf 91' lang='lat' dir='ltr'><strong>eo</strong></span> <span class='ocrx_word' id='word_1_387' title='bbox 2288 2579 2501 2650; x_wconf 89' lang='lat' dir='ltr'><strong>positus</strong></span> <span class='ocrx_word' id='word_1_388' title='bbox 2543 2582 2636 2646; x_wconf 88' lang='lat' dir='ltr'><strong>sit,</strong></span> <span class='ocrx_word' id='word_1_389' title='bbox 2677 2582 2824 2652; x_wconf 83' lang='lat' dir='ltr'><strong>quod</strong></span> <span class='ocrx_word' id='word_1_390' title='bbox 2864 2584 3004 2640; x_wconf 88' lang='lat' dir='ltr'><strong>alter</strong></span> <span class='ocrx_word' id='word_1_391' title='bbox 3032 2586 3264 2640; x_wconf 89' lang='lat' dir='ltr'><strong>alterum</strong></span> 
     </span>
    </p>
   </div>
   <div class='ocr_carea' id='block_1_55' title="bbox 1695 2671 3263 2746">
    <p class='ocr_par' dir='ltr' id='par_1_55' title="bbox 1695 2671 3263 2746">
     <span class='ocr_line' id='line_1_55' title="bbox 1695 2671 3263 2746; baseline 0.004 -19"><span class='ocrx_word' id='word_1_392' title='bbox 1695 2671 1976 2738; x_wconf 89' lang='lat' dir='ltr'><strong>comedat;</strong></span> <span class='ocrx_word' id='word_1_393' title='bbox 2002 2680 2056 2725; x_wconf 91' lang='lat' dir='ltr'><strong>at</strong></span> <span class='ocrx_word' id='word_1_394' title='bbox 2085 2672 2265 2727; x_wconf 90' lang='lat' dir='ltr'><strong>omnis</strong></span> <span class='ocrx_word' id='word_1_395' title='bbox 2292 2673 2667 2738; x_wconf 86' lang='lat' dir='ltr'><strong>resolutionis,</strong></span> <span class='ocrx_word' id='word_1_396' title='bbox 2692 2690 3019 2746; x_wconf 89' lang='lat' dir='ltr'><strong>quocunque</strong></span> <span class='ocrx_word' id='word_1_397' title='bbox 3044 2678 3263 2733; x_wconf 88' lang='lat' dir='ltr'><strong>tandem</strong></span> 
     </span>
    </p>
   </div>
   <div class='ocr_carea' id='block_1_56' title="bbox 1696 2763 3265 2835">
    <p class='ocr_par' dir='ltr' id='par_1_56' title="bbox 1696 2763 3265 2835">
     <span class='ocr_line' id='line_1_56' title="bbox 1696 2763 3265 2835; baseline 0.003 -18"><span class='ocrx_word' id='word_1_398' title='bbox 1696 2764 1857 2818; x_wconf 90' lang='lat' dir='ltr'><strong>modo</strong></span> <span class='ocrx_word' id='word_1_399' title='bbox 1894 2764 2006 2828; x_wconf 82' lang='lat' dir='ltr'><strong>ﬁat,</strong></span> <span class='ocrx_word' id='word_1_400' title='bbox 2044 2763 2167 2820; x_wconf 83' lang='lat' dir='ltr'><strong>ﬁnis</strong></span> <span class='ocrx_word' id='word_1_401' title='bbox 2200 2773 2283 2820; x_wconf 89' lang='lat' dir='ltr'><strong>est</strong></span> <span class='ocrx_word' id='word_1_402' title='bbox 2323 2771 2382 2819; x_wconf 93' lang='lat' dir='ltr'><strong>ut</strong></span> <span class='ocrx_word' id='word_1_403' title='bbox 2420 2780 2543 2835; x_wconf 73' lang='lat' dir='ltr'><strong>quae</strong></span> <span class='ocrx_word' id='word_1_404' title='bbox 2584 2766 2940 2822; x_wconf 87' lang='lat' dir='ltr'><strong>resolvuntur</strong></span> <span class='ocrx_word' id='word_1_405' title='bbox 2983 2768 3181 2823; x_wconf 90' lang='lat' dir='ltr'><strong>abeant</strong></span> <span class='ocrx_word' id='word_1_406' title='bbox 3209 2770 3265 2822; x_wconf 90' lang='lat' dir='ltr'><strong>in</strong></span> 
     </span>
    </p>
   </div>
   <div class='ocr_carea' id='block_1_57' title="bbox 1695 2857 3265 2930">
    <p class='ocr_par' dir='ltr' id='par_1_57' title="bbox 1695 2857 3265 2930">
     <span class='ocr_line' id='line_1_57' title="bbox 1695 2857 3265 2930; baseline 0.003 -19"><span class='ocrx_word' id='word_1_407' title='bbox 1695 2857 1983 2912; x_wconf 88' lang='lat' dir='ltr'><strong>elementa.</strong></span> <span class='ocrx_word' id='word_1_408' title='bbox 2015 2857 2236 2913; x_wconf 82' lang='lat' dir='ltr'><strong>Minime</strong></span> <span class='ocrx_word' id='word_1_409' title='bbox 2274 2873 2405 2928; x_wconf 80' lang='lat' dir='ltr'><strong>ergo</strong></span> <span class='ocrx_word' id='word_1_410' title='bbox 2452 2865 2688 2929; x_wconf 85' lang='lat' dir='ltr'><strong>oportet,</strong></span> <span class='ocrx_word' id='word_1_411' title='bbox 2724 2874 2790 2914; x_wconf 89' lang='lat' dir='ltr'><strong>eo</strong></span> <span class='ocrx_word' id='word_1_412' title='bbox 2820 2860 2965 2930; x_wconf 91' lang='lat' dir='ltr'><strong>quod</strong></span> <span class='ocrx_word' id='word_1_413' title='bbox 3005 2861 3075 2915; x_wconf 90' lang='lat' dir='ltr'><strong>ab</strong></span> <span class='ocrx_word' id='word_1_414' title='bbox 3119 2860 3265 2915; x_wconf 86' lang='lat' dir='ltr'><strong>invi-</strong></span> 
     </span>
    </p>
   </div>
   <div class='ocr_carea' id='block_1_58' title="bbox 1696 2949 3266 3021">
    <p class='ocr_par' dir='ltr' id='par_1_58' title="bbox 1696 2949 3266 3021">
     <span class='ocr_line' id='line_1_58' title="bbox 1696 2949 3266 3021; baseline 0.003 -17"><span class='ocrx_word' id='word_1_415' title='bbox 1696 2963 1813 3004; x_wconf 90' lang='lat' dir='ltr'><strong>cem</strong></span> <span class='ocrx_word' id='word_1_416' title='bbox 1842 2949 2200 3004; x_wconf 88' lang='lat' dir='ltr'><strong>comedantur</strong></span> <span class='ocrx_word' id='word_1_417' title='bbox 2228 2949 2390 3005; x_wconf 92' lang='lat' dir='ltr'><strong>homo</strong></span> <span class='ocrx_word' id='word_1_418' title='bbox 2433 2957 2487 3005; x_wconf 90' lang='lat' dir='ltr'><strong>et</strong></span> <span class='ocrx_word' id='word_1_419' title='bbox 2516 2950 2705 3020; x_wconf 89' lang='lat' dir='ltr'><strong>piscis.</strong></span> <span class='ocrx_word' id='word_1_420' title='bbox 2740 2966 2836 3021; x_wconf 90' lang='lat' dir='ltr'><strong>per</strong></span> <span class='ocrx_word' id='word_1_421' title='bbox 2862 2952 3266 3009; x_wconf 89' lang='lat' dir='ltr'><strong>cavillationem</strong></span> 
     </span>
    </p>
   </div>
   <div class='ocr_carea' id='block_1_59' title="bbox 1696 3039 3264 3112">
    <p class='ocr_par' dir='ltr' id='par_1_59' title="bbox 1696 3039 3264 3112">
     <span class='ocr_line' id='line_1_59' title="bbox 1696 3039 3264 3112; baseline 0.004 -19"><span class='ocrx_word' id='word_1_422' title='bbox 1696 3039 1980 3096; x_wconf 88' lang='lat' dir='ltr'><strong>instituere</strong></span> <span class='ocrx_word' id='word_1_423' title='bbox 2008 3039 2425 3105; x_wconf 87' lang='lat' dir='ltr'><strong>dubitationem,</strong></span> <span class='ocrx_word' id='word_1_424' title='bbox 2454 3057 2575 3111; x_wconf 68' lang='lat' dir='ltr'><strong>quae</strong></span> <span class='ocrx_word' id='word_1_425' title='bbox 2596 3042 3055 3099; x_wconf 87' lang='lat' dir='ltr'><strong>resurrectionem</strong></span> <span class='ocrx_word' id='word_1_426' title='bbox 3077 3045 3264 3112; x_wconf 86' lang='lat' dir='ltr'><strong>tollat;</strong></span> 
     </span>
    </p>
   </div>
   <div class='ocr_carea' id='block_1_60' title="bbox 48 3133 1743 3234">
    <p class='ocr_par' dir='ltr' id='par_1_60' title="bbox 48 3137 1743 3234">
     <span class='ocr_line' id='line_1_60' title="bbox 48 3137 1743 3234; baseline -0.005 -28"><span class='ocrx_word' id='word_1_427' title='bbox 48 3137 160 3234; x_wconf 55' lang='grc' dir='ltr'><strong>ξηρὸς</strong></span> <span class='ocrx_word' id='word_1_428' title='bbox 197 3137 293 3210; x_wconf 83' lang='grc' dir='ltr'>τὴν</span> <span class='ocrx_word' id='word_1_429' title='bbox 330 3138 563 3210; x_wconf 86' lang='grc' dir='ltr'>δύναμιν</span> <span class='ocrx_word' id='word_1_430' title='bbox 596 3141 808 3213; x_wconf 76' lang='grc' dir='ltr'>ἀφορᾷν</span> <span class='ocrx_word' id='word_1_431' title='bbox 848 3142 942 3216; x_wconf 80' lang='grc' dir='ltr'>τοῦ</span> <span class='ocrx_word' id='word_1_432' title='bbox 980 3142 1135 3209; x_wconf 80' lang='grc' dir='ltr'>Θεοῦ,</span> <span class='ocrx_word' id='word_1_433' title='bbox 1177 3143 1272 3197; x_wconf 83' lang='grc' dir='ltr'>τοῦ</span> <span class='ocrx_word' id='word_1_434' title='bbox 1317 3144 1392 3216; x_wconf 80' lang='grc' dir='ltr'>μὴ</span> <span class='ocrx_word' id='word_1_435' title='bbox 1437 3145 1596 3216; x_wconf 90' lang='grc' dir='ltr'>μόνον</span> <span class='ocrx_word' id='word_1_436' title='bbox 1620 3175 1665 3234; x_wconf 67' lang='grc' dir='ltr'><em>α</em></span> <span class='ocrx_word' id='word_1_437' title='bbox 1699 3150 1743 3188; x_wconf 61' lang='lat' dir='ltr'><strong>St</strong></span> 
     </span>
    </p>
   </div>
   <div class='ocr_carea' id='block_1_61' title="bbox 1763 3133 3269 3234">
    <p class='ocr_par' dir='ltr' id='par_1_61' title="bbox 1763 3133 3269 3208">
     <span class='ocr_line' id='line_1_61' title="bbox 1763 3133 3269 3208; baseline 0.004 -20"><span class='ocrx_word' id='word_1_438' title='bbox 1763 3134 1792 3188; x_wconf 89' lang='lat' dir='ltr'><strong>d</strong></span> <span class='ocrx_word' id='word_1_439' title='bbox 1825 3133 1892 3189; x_wconf 92' lang='lat' dir='ltr'><strong>ad</strong></span> <span class='ocrx_word' id='word_1_440' title='bbox 1937 3135 2233 3204; x_wconf 89' lang='lat' dir='ltr'><strong>potentiam</strong></span> <span class='ocrx_word' id='word_1_441' title='bbox 2266 3134 2361 3191; x_wconf 87' lang='lat' dir='ltr'><strong>Dei</strong></span> <span class='ocrx_word' id='word_1_442' title='bbox 2387 3134 2809 3206; x_wconf 84' lang='lat' dir='ltr'><strong>respiciendum,</strong></span> <span class='ocrx_word' id='word_1_443' title='bbox 2843 3137 2938 3208; x_wconf 86' lang='lat' dir='ltr'><strong>qui</strong></span> <span class='ocrx_word' id='word_1_444' title='bbox 2968 3153 3076 3197; x_wconf 86' lang='lat' dir='ltr'><strong>non</strong></span> <span class='ocrx_word' id='word_1_445' title='bbox 3105 3139 3269 3194; x_wconf 87' lang='lat' dir='ltr'><strong>modo</strong></span> 
     </span>
    </p>
   </div>
   <div class='ocr_carea' id='block_1_62' title="bbox 48 3226 1592 3307">
    <p class='ocr_par' dir='ltr' id='par_1_62' title="bbox 48 3226 1592 3307">
     <span class='ocr_line' id='line_1_62' title="bbox 48 3226 1592 3307; baseline 0.009 -28"><span class='ocrx_word' id='word_1_446' title='bbox 48 3226 486 3302; x_wconf 70' lang='grc' dir='ltr'>ἐπαγγελλομένου</span> <span class='ocrx_word' id='word_1_447' title='bbox 532 3235 704 3285; x_wconf 85' lang='grc' dir='ltr'>ποιεῖν</span> <span class='ocrx_word' id='word_1_448' title='bbox 745 3232 854 3286; x_wconf 87' lang='grc' dir='ltr'><strong>τῶν</strong></span> <span class='ocrx_word' id='word_1_449' title='bbox 896 3236 1103 3306; x_wconf 87' lang='grc' dir='ltr'>νεκρῶν</span> <span class='ocrx_word' id='word_1_450' title='bbox 1138 3234 1237 3307; x_wconf 79' lang='grc' dir='ltr'><strong>τὴν</strong></span> <span class='ocrx_word' id='word_1_451' title='bbox 1278 3236 1592 3306; x_wconf 84' lang='grc' dir='ltr'>ἀνάστασιν,</span> 
     </span>
    </p>
   </div>
   <div class='ocr_carea' id='block_1_63' title="bbox 47 3320 1596 3398">
    <p class='ocr_par' dir='ltr' id='par_1_63' title="bbox 47 3320 1596 3398">
     <span class='ocr_line' id='line_1_63' title="bbox 47 3320 1596 3398; baseline 0.009 -25"><span class='ocrx_word' id='word_1_452' title='bbox 47 3320 156 3374; x_wconf 77' lang='grc' dir='ltr'><strong>ἀλλά</strong></span> <span class='ocrx_word' id='word_1_453' title='bbox 177 3324 267 3376; x_wconf 78' lang='grc' dir='ltr'>καὶ</span> <span class='ocrx_word' id='word_1_454' title='bbox 289 3323 381 3377; x_wconf 85' lang='grc' dir='ltr'><strong>διὰ</strong></span> <span class='ocrx_word' id='word_1_455' title='bbox 408 3324 511 3395; x_wconf 84' lang='grc' dir='ltr'>τῆς</span> <span class='ocrx_word' id='word_1_456' title='bbox 536 3324 636 3397; x_wconf 71' lang='grc' dir='ltr'><strong>ἤδη</strong></span> <span class='ocrx_word' id='word_1_457' title='bbox 664 3327 947 3398; x_wconf 73' lang='grc' dir='ltr'>ἠργμένης</span> <span class='ocrx_word' id='word_1_458' title='bbox 973 3328 1318 3395; x_wconf 85' lang='grc' dir='ltr'>ἀναστάσεως</span> <span class='ocrx_word' id='word_1_459' title='bbox 1346 3330 1441 3385; x_wconf 83' lang='grc' dir='ltr'>τοῦ</span> <span class='ocrx_word' id='word_1_460' title='bbox 1482 3333 1596 3388; x_wconf 87' lang='grc' dir='ltr'><strong>Σω-</strong></span> 
     </span>
    </p>
   </div>
   <div class='ocr_carea' id='block_1_64' title="bbox 46 3411 1595 3495">
    <p class='ocr_par' dir='ltr' id='par_1_64' title="bbox 46 3411 1595 3495">
     <span class='ocr_line' id='line_1_64' title="bbox 46 3411 1595 3495; baseline 0.008 -29"><span class='ocrx_word' id='word_1_461' title='bbox 46 3411 183 3482; x_wconf 78' lang='grc' dir='ltr'>τῆρος</span> <span class='ocrx_word' id='word_1_462' title='bbox 222 3415 384 3487; x_wconf 75' lang='grc' dir='ltr'>ἡμῶν</span> <span class='ocrx_word' id='word_1_463' title='bbox 436 3416 674 3488; x_wconf 81' lang='grc' dir='ltr'>Χριστοῦ</span> <span class='ocrx_word' id='word_1_464' title='bbox 727 3416 950 3487; x_wconf 80' lang='grc' dir='ltr'>βεϐαίαν</span> <span class='ocrx_word' id='word_1_465' title='bbox 1008 3422 1415 3493; x_wconf 84' lang='grc' dir='ltr'>παρεσχηκότος</span> <span class='ocrx_word' id='word_1_466' title='bbox 1463 3424 1595 3495; x_wconf 72' lang='grc' dir='ltr'>ἡμῖν</span> 
     </span>
    </p>
   </div>
   <div class='ocr_carea' id='block_1_65' title="bbox 44 3506 1595 3584">
    <p class='ocr_par' dir='ltr' id='par_1_65' title="bbox 44 3506 1595 3584">
     <span class='ocr_line' id='line_1_65' title="bbox 44 3506 1595 3584; baseline 0.009 -29"><span class='ocrx_word' id='word_1_467' title='bbox 44 3506 216 3578; x_wconf 81' lang='grc' dir='ltr'>ταύτης</span> <span class='ocrx_word' id='word_1_468' title='bbox 233 3508 332 3580; x_wconf 81' lang='grc' dir='ltr'>τὴν</span> <span class='ocrx_word' id='word_1_469' title='bbox 357 3508 564 3563; x_wconf 83' lang='grc' dir='ltr'>πίστιν.</span> <span class='ocrx_word' id='word_1_470' title='bbox 611 3509 748 3563; x_wconf 76' lang='grc' dir='ltr'>Ἀλλ’</span> <span class='ocrx_word' id='word_1_471' title='bbox 772 3512 820 3563; x_wconf 84' lang='grc' dir='ltr'><strong>εί</strong></span> <span class='ocrx_word' id='word_1_472' title='bbox 850 3511 922 3566; x_wconf 82' lang='grc' dir='ltr'>τὰ</span> <span class='ocrx_word' id='word_1_473' title='bbox 949 3516 1185 3584; x_wconf 83' lang='grc' dir='ltr'>στοιχεῖα</span> <span class='ocrx_word' id='word_1_474' title='bbox 1208 3515 1487 3568; x_wconf 86' lang='grc' dir='ltr'>ὑπόκειται</span> <span class='ocrx_word' id='word_1_475' title='bbox 1515 3517 1595 3581; x_wconf 89' lang='grc' dir='ltr'><strong>είς</strong></span> 
     </span>
    </p>
   </div>
   <div class='ocr_carea' id='block_1_66' title="bbox 44 3596 1593 3673">
    <p class='ocr_par' dir='ltr' id='par_1_66' title="bbox 44 3596 1593 3673">
     <span class='ocr_line' id='line_1_66' title="bbox 44 3596 1593 3673; baseline 0.01 -26"><span class='ocrx_word' id='word_1_476' title='bbox 44 3596 123 3666; x_wconf 76' lang='grc' dir='ltr'><strong>τὴν</strong></span> <span class='ocrx_word' id='word_1_477' title='bbox 160 3600 332 3654; x_wconf 81' lang='grc' dir='ltr'>κτίσιν</span> <span class='ocrx_word' id='word_1_478' title='bbox 380 3599 492 3654; x_wconf 88' lang='grc' dir='ltr'><strong>τῶν</strong></span> <span class='ocrx_word' id='word_1_479' title='bbox 538 3600 837 3673; x_wconf 88' lang='grc' dir='ltr'>γινομένων</span> <span class='ocrx_word' id='word_1_480' title='bbox 887 3604 982 3657; x_wconf 79' lang='grc' dir='ltr'>καὶ</span> <span class='ocrx_word' id='word_1_481' title='bbox 1034 3606 1114 3669; x_wconf 84' lang='grc' dir='ltr'><strong>είς</strong></span> <span class='ocrx_word' id='word_1_482' title='bbox 1162 3606 1443 3661; x_wconf 82' lang='grc' dir='ltr'>ἀνάκτισιν</span> <span class='ocrx_word' id='word_1_483' title='bbox 1486 3608 1593 3663; x_wconf 89' lang='grc' dir='ltr'><strong>τῶν</strong></span> 
     </span>
    </p>
   </div>
   <div class='ocr_carea' id='block_1_67' title="bbox 46 3687 1593 3769">
    <p class='ocr_par' dir='ltr' id='par_1_67' title="bbox 46 3687 1593 3769">
     <span class='ocr_line' id='line_1_67' title="bbox 46 3687 1593 3769; baseline 0.009 -29"><span class='ocrx_word' id='word_1_484' title='bbox 46 3687 349 3760; x_wconf 76' lang='grc' dir='ltr'>φθαρέντων,</span> <span class='ocrx_word' id='word_1_485' title='bbox 383 3689 525 3757; x_wconf 86' lang='grc' dir='ltr'>πῶς,</span> <span class='ocrx_word' id='word_1_486' title='bbox 560 3691 609 3745; x_wconf 82' lang='grc' dir='ltr'><strong>εί</strong></span> <span class='ocrx_word' id='word_1_487' title='bbox 636 3694 861 3748; x_wconf 85' lang='grc' dir='ltr'>ἄπιστον</span> <span class='ocrx_word' id='word_1_488' title='bbox 886 3696 979 3749; x_wconf 72' lang='grc' dir='ltr'>καὶ</span> <span class='ocrx_word' id='word_1_489' title='bbox 1003 3696 1261 3750; x_wconf 86' lang='grc' dir='ltr'>ἀδύνατον</span> <span class='ocrx_word' id='word_1_490' title='bbox 1292 3699 1503 3769; x_wconf 82' lang='grc' dir='ltr'>ἡγεῖται</span> <span class='ocrx_word' id='word_1_491' title='bbox 1533 3700 1593 3754; x_wconf 86' lang='grc' dir='ltr'>ὃν</span> 
     </span>
    </p>
   </div>
   <div class='ocr_carea' id='block_1_68' title="bbox 44 3782 1592 3858">
    <p class='ocr_par' dir='ltr' id='par_1_68' title="bbox 44 3782 1592 3858">
     <span class='ocr_line' id='line_1_68' title="bbox 44 3782 1592 3858; baseline 0.01 -27"><span class='ocrx_word' id='word_1_492' title='bbox 44 3782 123 3852; x_wconf 75' lang='grc' dir='ltr'>τὴν</span> <span class='ocrx_word' id='word_1_493' title='bbox 142 3784 421 3839; x_wconf 84' lang='grc' dir='ltr'>ἀνάκτισιν</span> <span class='ocrx_word' id='word_1_494' title='bbox 442 3785 551 3838; x_wconf 90' lang='grc' dir='ltr'><strong>τῶν</strong></span> <span class='ocrx_word' id='word_1_495' title='bbox 580 3785 915 3858; x_wconf 84' lang='grc' dir='ltr'>φθαρέντων,</span> <span class='ocrx_word' id='word_1_496' title='bbox 958 3788 1059 3843; x_wconf 88' lang='grc' dir='ltr'><strong>ούκ</strong></span> <span class='ocrx_word' id='word_1_497' title='bbox 1082 3790 1306 3855; x_wconf 82' lang='grc' dir='ltr'>ἄπιστος</span> <span class='ocrx_word' id='word_1_498' title='bbox 1339 3793 1433 3845; x_wconf 62' lang='grc' dir='ltr'><strong>καί⁵</strong></span> <span class='ocrx_word' id='word_1_499' title='bbox 1463 3792 1592 3846; x_wconf 88' lang='grc' dir='ltr'>ἀδύ-</span> 
     </span>
    </p>
   </div>
   <div class='ocr_carea' id='block_1_69' title="bbox 45 3875 1590 3957">
    <p class='ocr_par' dir='ltr' id='par_1_69' title="bbox 45 3875 1590 3957">
     <span class='ocr_line' id='line_1_69' title="bbox 45 3875 1590 3957; baseline 0.01 -32"><span class='ocrx_word' id='word_1_500' title='bbox 45 3890 172 3935; x_wconf 75' lang='grc' dir='ltr'>νατος</span> <span class='ocrx_word' id='word_1_501' title='bbox 202 3875 355 3931; x_wconf 77' lang='grc' dir='ltr'>ἔσται</span> <span class='ocrx_word' id='word_1_502' title='bbox 384 3878 481 3931; x_wconf 78' lang='grc' dir='ltr'>καὶ</span> <span class='ocrx_word' id='word_1_503' title='bbox 508 3878 543 3949; x_wconf 80' lang='grc' dir='ltr'>ἡ</span> <span class='ocrx_word' id='word_1_504' title='bbox 578 3878 752 3944; x_wconf 84' lang='grc' dir='ltr'>κτίσις</span> <span class='ocrx_word' id='word_1_505' title='bbox 772 3879 881 3935; x_wconf 88' lang='grc' dir='ltr'><strong>τῶν</strong></span> <span class='ocrx_word' id='word_1_506' title='bbox 912 3882 1211 3954; x_wconf 87' lang='grc' dir='ltr'>γινομένων</span> <span class='ocrx_word' id='word_1_507' title='bbox 1242 3882 1341 3956; x_wconf 78' lang='grc' dir='ltr'>τὴν</span> <span class='ocrx_word' id='word_1_508' title='bbox 1379 3884 1590 3957; x_wconf 75' lang='grc' dir='ltr'>ἀρχήνς</span> 
     </span>
    </p>
   </div>
   <div class='ocr_carea' id='block_1_70' title="bbox 46 3966 624 4041">
    <p class='ocr_par' dir='ltr' id='par_1_70' title="bbox 46 3966 624 4041">
     <span class='ocr_line' id='line_1_70' title="bbox 46 3966 624 4041; baseline 0.01 -22"><span class='ocrx_word' id='word_1_509' title='bbox 46 3966 159 4022; x_wconf 79' lang='grc' dir='ltr'>Ὀπε</span> <span class='ocrx_word' id='word_1_510' title='bbox 166 3988 194 4041; x_wconf 92' lang='grc' dir='ltr'><strong>ρ</strong></span> <span class='ocrx_word' id='word_1_511' title='bbox 226 3973 378 4025; x_wconf 78' lang='grc' dir='ltr'>ἐστὶν</span> <span class='ocrx_word' id='word_1_512' title='bbox 404 3972 624 4026; x_wconf 77' lang='grc' dir='ltr'>ἄτοπον.</span> 
     </span>
    </p>
   </div>
   <div class='ocr_carea' id='block_1_71' title="bbox 98 4126 1590 4205">
    <p class='ocr_par' dir='ltr' id='par_1_71' title="bbox 98 4126 1590 4205">
     <span class='ocr_line' id='line_1_71' title="bbox 98 4126 1590 4205; baseline 0.005 -26"><span class='ocrx_word' id='word_1_513' title='bbox 98 4126 153 4194; x_wconf 86' lang='grc' dir='ltr'><strong>β’.</strong></span> <span class='ocrx_word' id='word_1_514' title='bbox 178 4127 312 4182; x_wconf 74' lang='grc' dir='ltr'>Οὔτε</span> <span class='ocrx_word' id='word_1_515' title='bbox 336 4128 446 4200; x_wconf 86' lang='grc' dir='ltr'><strong>τὴν</strong></span> <span class='ocrx_word' id='word_1_516' title='bbox 466 4128 645 4182; x_wconf 87' lang='grc' dir='ltr'>κτίσιν</span> <span class='ocrx_word' id='word_1_517' title='bbox 676 4128 771 4184; x_wconf 76' lang='grc' dir='ltr'>τοῦ</span> <span class='ocrx_word' id='word_1_518' title='bbox 798 4131 1002 4204; x_wconf 88' lang='grc' dir='ltr'>κόσμου</span> <span class='ocrx_word' id='word_1_519' title='bbox 1029 4131 1151 4186; x_wconf 75' lang='grc' dir='ltr'>οὔτε</span> <span class='ocrx_word' id='word_1_520' title='bbox 1182 4131 1280 4205; x_wconf 77' lang='grc' dir='ltr'><strong>τὴν</strong></span> <span class='ocrx_word' id='word_1_521' title='bbox 1310 4133 1590 4190; x_wconf 83' lang='grc' dir='ltr'>ἀνάκτισιν</span> 
     </span>
    </p>
   </div>
   <div class='ocr_carea' id='block_1_72' title="bbox 43 4217 1589 4300">
    <p class='ocr_par' dir='ltr' id='par_1_72' title="bbox 43 4217 1589 4300">
     <span class='ocr_line' id='line_1_72' title="bbox 43 4217 1589 4300; baseline 0.01 -33"><span class='ocrx_word' id='word_1_522' title='bbox 43 4217 177 4270; x_wconf 72' lang='grc' dir='ltr'><strong>αὐτοῦ</strong></span> <span class='ocrx_word' id='word_1_523' title='bbox 204 4220 555 4274; x_wconf 84' lang='grc' dir='ltr'>πιστεύουσιν</span> <span class='ocrx_word' id='word_1_524' title='bbox 579 4222 856 4294; x_wconf 87' lang='grc' dir='ltr'>Ἕλληνες.</span> <span class='ocrx_word' id='word_1_525' title='bbox 896 4224 1035 4278; x_wconf 78' lang='grc' dir='ltr'>Ἀλλ’</span> <span class='ocrx_word' id='word_1_526' title='bbox 1060 4228 1109 4280; x_wconf 80' lang='grc' dir='ltr'><strong>εἰ</strong></span> <span class='ocrx_word' id='word_1_527' title='bbox 1138 4226 1236 4298; x_wconf 84' lang='grc' dir='ltr'><strong>μὲν</strong></span> <span class='ocrx_word' id='word_1_528' title='bbox 1269 4227 1589 4300; x_wconf 87' lang='grc' dir='ltr'>ἀληθεύουσι</span> 
     </span>
    </p>
   </div>
   <div class='ocr_carea' id='block_1_73' title="bbox 43 4307 1589 4390">
    <p class='ocr_par' dir='ltr' id='par_1_73' title="bbox 43 4307 1589 4390">
     <span class='ocr_line' id='line_1_73' title="bbox 43 4307 1589 4390; baseline 0.009 -32"><span class='ocrx_word' id='word_1_529' title='bbox 43 4307 329 4381; x_wconf 78' lang='grc' dir='ltr'>τὸπρῶτον,</span> <span class='ocrx_word' id='word_1_530' title='bbox 365 4311 539 4376; x_wconf 79' lang='grc' dir='ltr'>οὕτως</span> <span class='ocrx_word' id='word_1_531' title='bbox 571 4312 638 4367; x_wconf 80' lang='grc' dir='ltr'>ἂν</span> <span class='ocrx_word' id='word_1_532' title='bbox 662 4314 870 4383; x_wconf 89' lang='grc' dir='ltr'>γένοιτο</span> <span class='ocrx_word' id='word_1_533' title='bbox 901 4316 1081 4387; x_wconf 77' lang='grc' dir='ltr'>δῆλον.</span> <span class='ocrx_word' id='word_1_534' title='bbox 1108 4316 1339 4385; x_wconf 90' lang='grc' dir='ltr'>Λέγουσι</span> <span class='ocrx_word' id='word_1_535' title='bbox 1366 4316 1475 4390; x_wconf 83' lang='grc' dir='ltr'>γὰρ</span> <span class='ocrx_word' id='word_1_536' title='bbox 1499 4319 1589 4372; x_wconf 85' lang='grc' dir='ltr'><strong>τὸν</strong></span> 
     </span>
    </p>
   </div>
   <div class='ocr_carea' id='block_1_74' title="bbox 43 4401 1588 4480">
    <p class='ocr_par' dir='ltr' id='par_1_74' title="bbox 43 4401 1588 4480">
     <span class='ocr_line' id='line_1_74' title="bbox 43 4401 1588 4480; baseline 0.003 -23"><span class='ocrx_word' id='word_1_537' title='bbox 43 4403 201 4471; x_wconf 72' lang='grc' dir='ltr'>χρόνον</span> <span class='ocrx_word' id='word_1_538' title='bbox 233 4401 374 4459; x_wconf 81' lang='grc' dir='ltr'>εἶναι</span> <span class='ocrx_word' id='word_1_539' title='bbox 402 4404 591 4458; x_wconf 78' lang='grc' dir='ltr'>ἀΐδιον.</span> <span class='ocrx_word' id='word_1_540' title='bbox 643 4403 779 4458; x_wconf 87' lang='grc' dir='ltr'>Ἀλλ’</span> <span class='ocrx_word' id='word_1_541' title='bbox 817 4407 867 4460; x_wconf 84' lang='grc' dir='ltr'>εἰ</span> <span class='ocrx_word' id='word_1_542' title='bbox 915 4408 1013 4480; x_wconf 81' lang='grc' dir='ltr'><strong>μὲν</strong></span> <span class='ocrx_word' id='word_1_543' title='bbox 1044 4409 1074 4460; x_wconf 87' lang='grc' dir='ltr'><strong>ό</strong></span> <span class='ocrx_word' id='word_1_544' title='bbox 1103 4407 1292 4479; x_wconf 89' lang='grc' dir='ltr'>χρόνος</span> <span class='ocrx_word' id='word_1_545' title='bbox 1322 4407 1470 4461; x_wconf 74' lang='grc' dir='ltr'>ἐστὶν</span> <span class='ocrx_word' id='word_1_546' title='bbox 1501 4409 1588 4461; x_wconf 80' lang='grc' dir='ltr'><strong>ἀΐ-</strong></span> 
     </span>
    </p>
   </div>
   <div class='ocr_carea' id='block_1_75' title="bbox 1698 3226 3266 3299">
    <p class='ocr_par' dir='ltr' id='par_1_75' title="bbox 1698 3226 3266 3299">
     <span class='ocr_line' id='line_1_75' title="bbox 1698 3226 3266 3299; baseline 0.003 -20"><span class='ocrx_word' id='word_1_547' title='bbox 1698 3233 1946 3281; x_wconf 88' lang='lat' dir='ltr'><strong>mortuos</strong></span> <span class='ocrx_word' id='word_1_548' title='bbox 1981 3241 2042 3282; x_wconf 91' lang='lat' dir='ltr'><strong>se</strong></span> <span class='ocrx_word' id='word_1_549' title='bbox 2087 3226 2541 3282; x_wconf 86' lang='lat' dir='ltr'><strong>resuscitaturum</strong></span> <span class='ocrx_word' id='word_1_550' title='bbox 2586 3243 2709 3285; x_wconf 90' lang='lat' dir='ltr'><strong>esse</strong></span> <span class='ocrx_word' id='word_1_551' title='bbox 2739 3229 3046 3299; x_wconf 85' lang='lat' dir='ltr'><strong>pollicetur,</strong></span> <span class='ocrx_word' id='word_1_552' title='bbox 3075 3245 3266 3286; x_wconf 86' lang='lat' dir='ltr'><strong>verum</strong></span> 
     </span>
    </p>
   </div>
   <div class='ocr_carea' id='block_1_76' title="bbox 1696 3318 3266 3392">
    <p class='ocr_par' dir='ltr' id='par_1_76' title="bbox 1696 3318 3266 3392">
     <span class='ocr_line' id='line_1_76' title="bbox 1696 3318 3266 3392; baseline 0.002 -18"><span class='ocrx_word' id='word_1_553' title='bbox 1696 3318 1859 3374; x_wconf 89' lang='lat' dir='ltr'><strong>etiam</strong></span> <span class='ocrx_word' id='word_1_554' title='bbox 1904 3334 2002 3389; x_wconf 90' lang='lat' dir='ltr'><strong>per</strong></span> <span class='ocrx_word' id='word_1_555' title='bbox 2030 3335 2170 3384; x_wconf 91' lang='lat' dir='ltr'><strong>eam,</strong></span> <span class='ocrx_word' id='word_1_556' title='bbox 2207 3335 2327 3390; x_wconf 81' lang='lat' dir='ltr'><strong>quae</strong></span> <span class='ocrx_word' id='word_1_557' title='bbox 2348 3319 2460 3388; x_wconf 83' lang='lat' dir='ltr'><strong>jam</strong></span> <span class='ocrx_word' id='word_1_558' title='bbox 2492 3321 2795 3392; x_wconf 81' lang='lat' dir='ltr'><strong>praecessit,</strong></span> <span class='ocrx_word' id='word_1_559' title='bbox 2829 3319 3129 3377; x_wconf 88' lang='lat' dir='ltr'><strong>Salvatoris</strong></span> <span class='ocrx_word' id='word_1_560' title='bbox 3168 3337 3266 3377; x_wconf 90' lang='lat' dir='ltr'><strong>no-</strong></span> 
     </span>
    </p>
   </div>
   <div class='ocr_carea' id='block_1_77' title="bbox 1696 3408 3268 3480">
    <p class='ocr_par' dir='ltr' id='par_1_77' title="bbox 1696 3408 3268 3480">
     <span class='ocr_line' id='line_1_77' title="bbox 1696 3408 3268 3480; baseline 0.003 -17"><span class='ocrx_word' id='word_1_561' title='bbox 1696 3411 1798 3463; x_wconf 88' lang='lat' dir='ltr'><strong>stri</strong></span> <span class='ocrx_word' id='word_1_562' title='bbox 1827 3408 2030 3465; x_wconf 87' lang='lat' dir='ltr'><strong>Christi</strong></span> <span class='ocrx_word' id='word_1_563' title='bbox 2062 3412 2541 3480; x_wconf 87' lang='lat' dir='ltr'><strong>resurrectionem,</strong></span> <span class='ocrx_word' id='word_1_564' title='bbox 2574 3420 2778 3468; x_wconf 85' lang='lat' dir='ltr'><strong>certam</strong></span> <span class='ocrx_word' id='word_1_565' title='bbox 2824 3412 2985 3468; x_wconf 91' lang='lat' dir='ltr'><strong>nobis</strong></span> <span class='ocrx_word' id='word_1_566' title='bbox 3024 3413 3171 3468; x_wconf 90' lang='lat' dir='ltr'><strong>illius</strong></span> <span class='ocrx_word' id='word_1_567' title='bbox 3207 3412 3268 3467; x_wconf 81' lang='lat' dir='ltr'><strong>li-</strong></span> 
     </span>
    </p>
   </div>
   <div class='ocr_carea' id='block_1_78' title="bbox 1695 3500 3267 3573">
    <p class='ocr_par' dir='ltr' id='par_1_78' title="bbox 1695 3500 3267 3573">
     <span class='ocr_line' id='line_1_78' title="bbox 1695 3500 3267 3573; baseline 0.001 -18"><span class='ocrx_word' id='word_1_568' title='bbox 1695 3500 1817 3555; x_wconf 89' lang='lat' dir='ltr'><strong>dem</strong></span> <span class='ocrx_word' id='word_1_569' title='bbox 1840 3501 2227 3571; x_wconf 89' lang='lat' dir='ltr'><strong>suppeditavit.</strong></span> <span class='ocrx_word' id='word_1_570' title='bbox 2259 3500 2431 3557; x_wconf 88' lang='lat' dir='ltr'><strong>Porro</strong></span> <span class='ocrx_word' id='word_1_571' title='bbox 2454 3504 2501 3559; x_wconf 92' lang='lat' dir='ltr'><strong>si</strong></span> <span class='ocrx_word' id='word_1_572' title='bbox 2520 3504 2786 3559; x_wconf 89' lang='lat' dir='ltr'><strong>elementa</strong></span> <span class='ocrx_word' id='word_1_573' title='bbox 2807 3503 3174 3573; x_wconf 87' lang='lat' dir='ltr'><strong>subjiciuntur</strong></span> <span class='ocrx_word' id='word_1_574' title='bbox 3198 3502 3267 3557; x_wconf 89' lang='lat' dir='ltr'><strong>ad</strong></span> 
     </span>
    </p>
   </div>
   <div class='ocr_carea' id='block_1_79' title="bbox 1694 3594 3266 3663">
    <p class='ocr_par' dir='ltr' id='par_1_79' title="bbox 1694 3594 3266 3663">
     <span class='ocr_line' id='line_1_79' title="bbox 1694 3594 3266 3663; baseline -0.001 -16"><span class='ocrx_word' id='word_1_575' title='bbox 1694 3606 1883 3647; x_wconf 91' lang='lat' dir='ltr'><strong>eorum</strong></span> <span class='ocrx_word' id='word_1_576' title='bbox 1922 3607 2044 3662; x_wconf 82' lang='lat' dir='ltr'><strong>quae</strong></span> <span class='ocrx_word' id='word_1_577' title='bbox 2089 3602 2422 3663; x_wconf 78' lang='lat' dir='ltr'><strong>generantur</strong></span> <span class='ocrx_word' id='word_1_578' title='bbox 2469 3594 2825 3655; x_wconf 86' lang='lat' dir='ltr'><strong>creationem,</strong></span> <span class='ocrx_word' id='word_1_579' title='bbox 2873 3602 2926 3648; x_wconf 87' lang='lat' dir='ltr'><strong>et</strong></span> <span class='ocrx_word' id='word_1_580' title='bbox 2969 3595 3037 3648; x_wconf 83' lang='lat' dir='ltr'><strong>ad</strong></span> <span class='ocrx_word' id='word_1_581' title='bbox 3076 3608 3266 3649; x_wconf 91' lang='lat' dir='ltr'><strong>eorum</strong></span> 
     </span>
    </p>
   </div>
   <div class='ocr_carea' id='block_1_80' title="bbox 1694 3684 3266 3755">
    <p class='ocr_par' dir='ltr' id='par_1_80' title="bbox 1694 3684 3266 3755">
     <span class='ocr_line' id='line_1_80' title="bbox 1694 3684 3266 3755; baseline 0.001 -18"><span class='ocrx_word' id='word_1_582' title='bbox 1694 3699 1815 3753; x_wconf 74' lang='lat' dir='ltr'><strong>qua:</strong></span> <span class='ocrx_word' id='word_1_583' title='bbox 1841 3684 2115 3740; x_wconf 89' lang='lat' dir='ltr'><strong>intereunt</strong></span> <span class='ocrx_word' id='word_1_584' title='bbox 2143 3685 2579 3742; x_wconf 88' lang='lat' dir='ltr'><strong>restitutionem:</strong></span> <span class='ocrx_word' id='word_1_585' title='bbox 2617 3685 2912 3755; x_wconf 91' lang='lat' dir='ltr'><strong>quomodo,</strong></span> <span class='ocrx_word' id='word_1_586' title='bbox 2946 3685 2993 3739; x_wconf 91' lang='lat' dir='ltr'><strong>si</strong></span> <span class='ocrx_word' id='word_1_587' title='bbox 3026 3684 3266 3740; x_wconf 84' lang='lat' dir='ltr'><strong>incredi-</strong></span> 
     </span>
    </p>
   </div>
   <div class='ocr_carea' id='block_1_81' title="bbox 1670 3774 3265 3848">
    <p class='ocr_par' dir='ltr' id='par_1_81' title="bbox 1670 3774 3265 3848">
     <span class='ocr_line' id='line_1_81' title="bbox 1670 3774 3265 3848; baseline -0.001 -18"><span class='ocrx_word' id='word_1_588' title='bbox 1670 3774 1821 3830; x_wconf 83' lang='lat' dir='ltr'><strong>bilis</strong></span> <span class='ocrx_word' id='word_1_589' title='bbox 1851 3782 2015 3846; x_wconf 88' lang='lat' dir='ltr'><strong>atque</strong></span> <span class='ocrx_word' id='word_1_590' title='bbox 2044 3776 2398 3848; x_wconf 88' lang='lat' dir='ltr'><strong>impossibilis</strong></span> <span class='ocrx_word' id='word_1_591' title='bbox 2430 3792 2554 3833; x_wconf 86' lang='lat' dir='ltr'><strong>esse</strong></span> <span class='ocrx_word' id='word_1_592' title='bbox 2573 3792 2787 3840; x_wconf 91' lang='lat' dir='ltr'><strong>eorum,</strong></span> <span class='ocrx_word' id='word_1_593' title='bbox 2816 3790 2939 3845; x_wconf 85' lang='lat' dir='ltr'><strong>quae</strong></span> <span class='ocrx_word' id='word_1_594' title='bbox 2967 3774 3265 3838; x_wconf 88' lang='lat' dir='ltr'><strong>intereunt,</strong></span> 
     </span>
    </p>
   </div>
   <div class='ocr_carea' id='block_1_82' title="bbox 1692 3866 3266 3937">
    <p class='ocr_par' dir='ltr' id='par_1_82' title="bbox 1692 3866 3266 3937">
     <span class='ocr_line' id='line_1_82' title="bbox 1692 3866 3266 3937; baseline -0.001 -16"><span class='ocrx_word' id='word_1_595' title='bbox 1692 3867 2040 3922; x_wconf 78' lang='lat' dir='ltr'><strong>existimatur</strong></span> <span class='ocrx_word' id='word_1_596' title='bbox 2063 3868 2355 3931; x_wconf 90' lang='lat' dir='ltr'><strong>restitutio,</strong></span> <span class='ocrx_word' id='word_1_597' title='bbox 2381 3883 2492 3923; x_wconf 89' lang='lat' dir='ltr'><strong>non</strong></span> <span class='ocrx_word' id='word_1_598' title='bbox 2515 3866 2852 3922; x_wconf 88' lang='lat' dir='ltr'><strong>incredibilis</strong></span> <span class='ocrx_word' id='word_1_599' title='bbox 2874 3874 3035 3937; x_wconf 90' lang='lat' dir='ltr'><strong>atque</strong></span> <span class='ocrx_word' id='word_1_600' title='bbox 3063 3866 3266 3935; x_wconf 89' lang='lat' dir='ltr'><strong>impos-</strong></span> 
     </span>
    </p>
   </div>
   <div class='ocr_carea' id='block_1_83' title="bbox 1694 3956 3266 4031">
    <p class='ocr_par' dir='ltr' id='par_1_83' title="bbox 1694 3956 3266 4031">
     <span class='ocr_line' id='line_1_83' title="bbox 1694 3956 3266 4031; baseline -0.001 -17"><span class='ocrx_word' id='word_1_601' title='bbox 1694 3959 1871 4015; x_wconf 90' lang='lat' dir='ltr'><strong>sibilis</strong></span> <span class='ocrx_word' id='word_1_602' title='bbox 1903 3959 2068 4014; x_wconf 89' lang='lat' dir='ltr'><strong>etiam</strong></span> <span class='ocrx_word' id='word_1_603' title='bbox 2105 3960 2212 4015; x_wconf 89' lang='lat' dir='ltr'><strong>erit</strong></span> <span class='ocrx_word' id='word_1_604' title='bbox 2245 3973 2436 4015; x_wconf 89' lang='lat' dir='ltr'><strong>eorum</strong></span> <span class='ocrx_word' id='word_1_605' title='bbox 2481 3974 2601 4031; x_wconf 80' lang='lat' dir='ltr'><strong>quae</strong></span> <span class='ocrx_word' id='word_1_606' title='bbox 2656 3959 2793 4014; x_wconf 81' lang='lat' dir='ltr'><strong>ﬁunt</strong></span> <span class='ocrx_word' id='word_1_607' title='bbox 2821 3959 3074 4013; x_wconf 87' lang='lat' dir='ltr'><strong>creatio?</strong></span> <span class='ocrx_word' id='word_1_608' title='bbox 3105 3956 3266 4025; x_wconf 85' lang='lat' dir='ltr'><strong>Quod</strong></span> 
     </span>
    </p>
   </div>
   <div class='ocr_carea' id='block_1_84' title="bbox 1693 4052 2267 4121">
    <p class='ocr_par' dir='ltr' id='par_1_84' title="bbox 1693 4052 2267 4121">
     <span class='ocr_line' id='line_1_84' title="bbox 1693 4052 2267 4121; baseline 0.007 -15"><span class='ocrx_word' id='word_1_609' title='bbox 1693 4053 1911 4121; x_wconf 84' lang='lat' dir='ltr'><strong>quidem</strong></span> <span class='ocrx_word' id='word_1_610' title='bbox 1945 4052 2267 4110; x_wconf 90' lang='lat' dir='ltr'><strong>absurdum.</strong></span> 
     </span>
    </p>
   </div>
   <div class='ocr_carea' id='block_1_85' title="bbox 1762 4144 3265 4202">
    <p class='ocr_par' dir='ltr' id='par_1_85' title="bbox 1762 4144 3265 4202">
     <span class='ocr_line' id='line_1_85' title="bbox 1762 4144 3265 4202; baseline 0.001 -3"><span class='ocrx_word' id='word_1_611' title='bbox 1762 4145 1818 4201; x_wconf 77' lang='lat'><strong>2.</strong></span> <span class='ocrx_word' id='word_1_612' title='bbox 1853 4144 1964 4201; x_wconf 89' lang='lat' dir='ltr'><strong>Nec</strong></span> <span class='ocrx_word' id='word_1_613' title='bbox 1993 4147 2325 4202; x_wconf 89' lang='lat' dir='ltr'><strong>creationem</strong></span> <span class='ocrx_word' id='word_1_614' title='bbox 2357 4146 2551 4201; x_wconf 89' lang='lat' dir='ltr'><strong>mundi</strong></span> <span class='ocrx_word' id='word_1_615' title='bbox 2576 4161 2678 4201; x_wconf 89' lang='lat' dir='ltr'><strong>nec</strong></span> <span class='ocrx_word' id='word_1_616' title='bbox 2710 4145 3111 4201; x_wconf 88' lang='lat' dir='ltr'><strong>restitutionem</strong></span> <span class='ocrx_word' id='word_1_617' title='bbox 3144 4159 3265 4201; x_wconf 88' lang='lat' dir='ltr'><strong>cre-</strong></span> 
     </span>
    </p>
   </div>
   <div class='ocr_carea' id='block_1_86' title="bbox 1692 4237 3260 4308">
    <p class='ocr_par' dir='ltr' id='par_1_86' title="bbox 1692 4237 3260 4308">
     <span class='ocr_line' id='line_1_86' title="bbox 1692 4237 3260 4308; baseline -0.002 -13"><span class='ocrx_word' id='word_1_618' title='bbox 1692 4240 1830 4295; x_wconf 91' lang='lat' dir='ltr'><strong>dunt</strong></span> <span class='ocrx_word' id='word_1_619' title='bbox 1869 4238 2066 4295; x_wconf 72' lang='lat' dir='ltr'><strong>Gmci.</strong></span> <span class='ocrx_word' id='word_1_620' title='bbox 2109 4238 2193 4293; x_wconf 83' lang='lat' dir='ltr'><strong>An</strong></span> <span class='ocrx_word' id='word_1_621' title='bbox 2235 4247 2415 4293; x_wconf 90' lang='lat' dir='ltr'><strong>autem</strong></span> <span class='ocrx_word' id='word_1_622' title='bbox 2470 4237 2664 4293; x_wconf 89' lang='lat' dir='ltr'><strong>merito</strong></span> <span class='ocrx_word' id='word_1_623' title='bbox 2707 4238 2942 4308; x_wconf 90' lang='lat' dir='ltr'><strong>primum</strong></span> <span class='ocrx_word' id='word_1_624' title='bbox 2988 4237 3260 4307; x_wconf 90' lang='lat' dir='ltr'><strong>rejiciant,</strong></span> 
     </span>
    </p>
   </div>
   <div class='ocr_carea' id='block_1_87' title="bbox 1692 4327 3263 4401">
    <p class='ocr_par' dir='ltr' id='par_1_87' title="bbox 1692 4327 3263 4401">
     <span class='ocr_line' id='line_1_87' title="bbox 1692 4327 3263 4401; baseline 0 -16"><span class='ocrx_word' id='word_1_625' title='bbox 1692 4332 1796 4387; x_wconf 92' lang='lat' dir='ltr'><strong>hoc</strong></span> <span class='ocrx_word' id='word_1_626' title='bbox 1824 4330 1989 4387; x_wconf 90' lang='lat' dir='ltr'><strong>modo</strong></span> <span class='ocrx_word' id='word_1_627' title='bbox 2036 4331 2384 4401; x_wconf 90' lang='lat' dir='ltr'><strong>perspicuum</strong></span> <span class='ocrx_word' id='word_1_628' title='bbox 2414 4329 2526 4384; x_wconf 85' lang='lat' dir='ltr'><strong>ﬁat.</strong></span> <span class='ocrx_word' id='word_1_629' title='bbox 2559 4327 2759 4383; x_wconf 89' lang='lat' dir='ltr'><strong>Dicunt</strong></span> <span class='ocrx_word' id='word_1_630' title='bbox 2786 4343 3021 4400; x_wconf 86' lang='lat' dir='ltr'><strong>namque</strong></span> <span class='ocrx_word' id='word_1_631' title='bbox 3047 4336 3263 4400; x_wconf 84' lang='lat' dir='ltr'><strong>tempus</strong></span> 
     </span>
    </p>
   </div>
   <div class='ocr_carea' id='block_1_88' title="bbox 1691 4422 3262 4492">
    <p class='ocr_par' dir='ltr' id='par_1_88' title="bbox 1691 4422 3262 4492">
     <span class='ocr_line' id='line_1_88' title="bbox 1691 4422 3262 4492; baseline -0.003 -12"><span class='ocrx_word' id='word_1_632' title='bbox 1691 4440 1817 4481; x_wconf 86' lang='lat' dir='ltr'><strong>esse</strong></span> <span class='ocrx_word' id='word_1_633' title='bbox 1837 4433 2119 4480; x_wconf 62' lang='lat' dir='ltr'><strong>aeternum.</strong></span> <span class='ocrx_word' id='word_1_634' title='bbox 2160 4422 2266 4479; x_wconf 90' lang='lat' dir='ltr'><strong>Sed</strong></span> <span class='ocrx_word' id='word_1_635' title='bbox 2296 4422 2341 4477; x_wconf 92' lang='lat' dir='ltr'><strong>si</strong></span> <span class='ocrx_word' id='word_1_636' title='bbox 2374 4430 2589 4492; x_wconf 87' lang='lat' dir='ltr'><strong>tempus</strong></span> <span class='ocrx_word' id='word_1_637' title='bbox 2627 4428 2889 4476; x_wconf 67' lang='lat' dir='ltr'><strong>aeternum</strong></span> <span class='ocrx_word' id='word_1_638' title='bbox 2918 4427 3021 4487; x_wconf 87' lang='lat' dir='ltr'><strong>est,</strong></span> <span class='ocrx_word' id='word_1_639' title='bbox 3053 4428 3262 4492; x_wconf 87' lang='lat' dir='ltr'><strong>tempo-</strong></span> 
     </span>
    </p>
   </div>
   <div class='ocr_carea' id='block_1_89' title="bbox 43 4494 1743 4588">
    <p class='ocr_par' dir='ltr' id='par_1_89' title="bbox 43 4494 1743 4576">
     <span class='ocr_line' id='line_1_89' title="bbox 43 4494 1743 4576; baseline 0.005 -29"><span class='ocrx_word' id='word_1_640' title='bbox 43 4494 146 4560; x_wconf 77' lang='grc' dir='ltr'>ὄιος,</span> <span class='ocrx_word' id='word_1_641' title='bbox 172 4499 383 4571; x_wconf 86' lang='grc' dir='ltr'>ἀνάγκη</span> <span class='ocrx_word' id='word_1_642' title='bbox 410 4497 519 4569; x_wconf 83' lang='grc' dir='ltr'>ἄρα</span> <span class='ocrx_word' id='word_1_643' title='bbox 542 4497 731 4552; x_wconf 76' lang='grc' dir='ltr'>καὶτὰ</span> <span class='ocrx_word' id='word_1_644' title='bbox 754 4500 891 4572; x_wconf 85' lang='grc' dir='ltr'>μέρη</span> <span class='ocrx_word' id='word_1_645' title='bbox 926 4500 1021 4555; x_wconf 85' lang='grc' dir='ltr'>τοῦ</span> <span class='ocrx_word' id='word_1_646' title='bbox 1048 4502 1237 4573; x_wconf 92' lang='grc' dir='ltr'>χρόνου</span> <span class='ocrx_word' id='word_1_647' title='bbox 1259 4496 1397 4554; x_wconf 74' lang='grc' dir='ltr'>εἶναι</span> <span class='ocrx_word' id='word_1_648' title='bbox 1419 4501 1583 4564; x_wconf 80' lang='grc' dir='ltr'>ἀΐδια,</span> <span class='ocrx_word' id='word_1_649' title='bbox 1613 4514 1665 4576; x_wconf 77' lang='grc' dir='ltr'><strong>ι)</strong></span> <span class='ocrx_word' id='word_1_650' title='bbox 1691 4518 1743 4572; x_wconf 66' lang='grc' dir='ltr'><strong>η</strong></span> 
     </span>
    </p>
   </div>
   <div class='ocr_carea' id='block_1_90' title="bbox 1763 4494 3262 4588">
    <p class='ocr_par' dir='ltr' id='par_1_90' title="bbox 1763 4510 3262 4588">
     <span class='ocr_line' id='line_1_90' title="bbox 1763 4510 3262 4588; baseline -0.003 -17"><span class='ocrx_word' id='word_1_651' title='bbox 1763 4536 1769 4570; x_wconf 75' lang='grc' dir='ltr'><strong>ι</strong></span> <span class='ocrx_word' id='word_1_652' title='bbox 1801 4532 2016 4588; x_wconf 90' lang='lat' dir='ltr'><strong>quoque</strong></span> <span class='ocrx_word' id='word_1_653' title='bbox 2038 4522 2219 4586; x_wconf 88' lang='lat' dir='ltr'><strong>partes</strong></span> <span class='ocrx_word' id='word_1_654' title='bbox 2239 4522 2471 4570; x_wconf 78' lang='lat' dir='ltr'><strong>aeternas</strong></span> <span class='ocrx_word' id='word_1_655' title='bbox 2504 4527 2627 4569; x_wconf 87' lang='lat' dir='ltr'><strong>esse</strong></span> <span class='ocrx_word' id='word_1_656' title='bbox 2657 4526 2882 4566; x_wconf 90' lang='lat' dir='ltr'><strong>necesse</strong></span> <span class='ocrx_word' id='word_1_657' title='bbox 2910 4519 3014 4573; x_wconf 90' lang='lat' dir='ltr'><strong>est,</strong></span> <span class='ocrx_word' id='word_1_658' title='bbox 3045 4510 3148 4566; x_wconf 86' lang='lat' dir='ltr'><strong>hoc</strong></span> <span class='ocrx_word' id='word_1_659' title='bbox 3175 4517 3262 4567; x_wconf 86' lang='lat' dir='ltr'><strong>est</strong></span> 
     </span>
    </p>
   </div>
   <div class='ocr_carea' id='block_1_91' title="bbox 43 4589 1589 4665">
    <p class='ocr_par' dir='ltr' id='par_1_91' title="bbox 43 4589 1589 4665">
     <span class='ocr_line' id='line_1_91' title="bbox 43 4589 1589 4665; baseline 0.016 -24"><span class='ocrx_word' id='word_1_660' title='bbox 43 4591 277 4654; x_wconf 77' lang='grc' dir='ltr'>τουτέστι,</span> <span class='ocrx_word' id='word_1_661' title='bbox 313 4590 415 4653; x_wconf 87' lang='grc' dir='ltr'><strong>τάς</strong></span> <span class='ocrx_word' id='word_1_662' title='bbox 448 4607 509 4643; x_wconf 87' lang='grc' dir='ltr'><strong>τε</strong></span> <span class='ocrx_word' id='word_1_663' title='bbox 542 4589 711 4661; x_wconf 82' lang='grc' dir='ltr'>ὥρας,</span> <span class='ocrx_word' id='word_1_664' title='bbox 738 4592 950 4656; x_wconf 77' lang='grc' dir='ltr'>καὶτὰς</span> <span class='ocrx_word' id='word_1_665' title='bbox 975 4592 1207 4665; x_wconf 73' lang='grc' dir='ltr'>ἡμέρας,</span> <span class='ocrx_word' id='word_1_666' title='bbox 1242 4593 1367 4658; x_wconf 81' lang='grc' dir='ltr'>τούς</span> <span class='ocrx_word' id='word_1_667' title='bbox 1397 4610 1458 4646; x_wconf 82' lang='grc' dir='ltr'><strong>τε</strong></span> <span class='ocrx_word' id='word_1_668' title='bbox 1485 4593 1589 4664; x_wconf 72' lang='grc' dir='ltr'><strong>μῆ-</strong></span> 
     </span>
    </p>
   </div>
   <div class='ocr_carea' id='block_1_92' title="bbox 43 4682 1590 4744">
    <p class='ocr_par' dir='ltr' id='par_1_92' title="bbox 43 4682 1590 4744">
     <span class='ocr_line' id='line_1_92' title="bbox 43 4682 1590 4744; baseline 0.006 -14"><span class='ocrx_word' id='word_1_669' title='bbox 43 4696 134 4744; x_wconf 80' lang='grc' dir='ltr'>νας,</span> <span class='ocrx_word' id='word_1_670' title='bbox 160 4683 250 4735; x_wconf 70' lang='grc' dir='ltr'>καὶ</span> <span class='ocrx_word' id='word_1_671' title='bbox 279 4682 374 4737; x_wconf 78' lang='grc' dir='ltr'>τὸν</span> <span class='ocrx_word' id='word_1_672' title='bbox 416 4682 678 4737; x_wconf 78' lang='grc' dir='ltr'>ἐνιαυτόν.</span> <span class='ocrx_word' id='word_1_673' title='bbox 728 4683 792 4736; x_wconf 85' lang='grc' dir='ltr'><strong>Εἰ</strong></span> <span class='ocrx_word' id='word_1_674' title='bbox 824 4683 881 4737; x_wconf 81' lang='grc' dir='ltr'><strong>δὲ</strong></span> <span class='ocrx_word' id='word_1_675' title='bbox 911 4684 1086 4739; x_wconf 79' lang='grc' dir='ltr'>ταῦτα</span> <span class='ocrx_word' id='word_1_676' title='bbox 1116 4684 1216 4738; x_wconf 82' lang='grc' dir='ltr'>οὐκ</span> <span class='ocrx_word' id='word_1_677' title='bbox 1249 4684 1394 4738; x_wconf 80' lang='grc' dir='ltr'>ἐστιν</span> <span class='ocrx_word' id='word_1_678' title='bbox 1443 4684 1590 4739; x_wconf 77' lang='grc' dir='ltr'>ἀΐδια</span> 
     </span>
    </p>
   </div>
   <div class='ocr_carea' id='block_1_93' title="bbox 43 4769 1587 4848">
    <p class='ocr_par' dir='ltr' id='par_1_93' title="bbox 43 4769 1587 4848">
     <span class='ocr_line' id='line_1_93' title="bbox 43 4769 1587 4848; baseline 0.005 -27"><span class='ocrx_word' id='word_1_679' title='bbox 43 4769 108 4823; x_wconf 70' lang='grc' dir='ltr'><strong>διὰ</strong></span> <span class='ocrx_word' id='word_1_680' title='bbox 126 4774 182 4825; x_wconf 86' lang='grc' dir='ltr'>τὸ</span> <span class='ocrx_word' id='word_1_681' title='bbox 203 4771 341 4829; x_wconf 78' lang='grc' dir='ltr'>εἶναι</span> <span class='ocrx_word' id='word_1_682' title='bbox 372 4776 431 4827; x_wconf 86' lang='grc' dir='ltr'>ὲν</span> <span class='ocrx_word' id='word_1_683' title='bbox 455 4775 636 4839; x_wconf 80' lang='grc' dir='ltr'>αὐτοῖς</span> <span class='ocrx_word' id='word_1_684' title='bbox 661 4774 730 4829; x_wconf 84' lang='grc' dir='ltr'>τὰ</span> <span class='ocrx_word' id='word_1_685' title='bbox 763 4776 861 4846; x_wconf 86' lang='grc' dir='ltr'><strong>μὲν</strong></span> <span class='ocrx_word' id='word_1_686' title='bbox 896 4776 1154 4848; x_wconf 88' lang='grc' dir='ltr'>πρότερα,</span> <span class='ocrx_word' id='word_1_687' title='bbox 1181 4776 1250 4830; x_wconf 84' lang='grc' dir='ltr'>τὰ</span> <span class='ocrx_word' id='word_1_688' title='bbox 1276 4777 1334 4831; x_wconf 90' lang='grc' dir='ltr'><strong>δὲ</strong></span> <span class='ocrx_word' id='word_1_689' title='bbox 1366 4774 1587 4847; x_wconf 75' lang='grc' dir='ltr'>ὕστερα,</span> 
     </span>
    </p>
   </div>
   <div class='ocr_carea' id='block_1_94' title="bbox 43 4862 1588 4941">
    <p class='ocr_par' dir='ltr' id='par_1_94' title="bbox 43 4862 1588 4941">
     <span class='ocr_line' id='line_1_94' title="bbox 43 4862 1588 4941; baseline 0.003 -23"><span class='ocrx_word' id='word_1_690' title='bbox 43 4864 135 4918; x_wconf 76' lang='grc' dir='ltr'>οὐδὲ</span> <span class='ocrx_word' id='word_1_691' title='bbox 166 4869 272 4938; x_wconf 78' lang='grc' dir='ltr'>ἄρα</span> <span class='ocrx_word' id='word_1_692' title='bbox 303 4869 334 4921; x_wconf 85' lang='grc' dir='ltr'>ὁ</span> <span class='ocrx_word' id='word_1_693' title='bbox 375 4868 600 4932; x_wconf 67' lang='grc' dir='ltr'>κόσμος,</span> <span class='ocrx_word' id='word_1_694' title='bbox 638 4868 710 4925; x_wconf 82' lang='grc' dir='ltr'>ὢν</span> <span class='ocrx_word' id='word_1_695' title='bbox 742 4869 800 4922; x_wconf 79' lang='grc' dir='ltr'>ὲν</span> <span class='ocrx_word' id='word_1_696' title='bbox 844 4869 925 4939; x_wconf 84' lang='grc' dir='ltr'>τῷ</span> <span class='ocrx_word' id='word_1_697' title='bbox 963 4870 1160 4941; x_wconf 82' lang='grc' dir='ltr'>χρόνῳ.</span> <span class='ocrx_word' id='word_1_698' title='bbox 1194 4868 1414 4923; x_wconf 88' lang='grc' dir='ltr'>δύναται</span> <span class='ocrx_word' id='word_1_699' title='bbox 1447 4862 1588 4922; x_wconf 82' lang='grc' dir='ltr'>εἶναι</span> 
     </span>
    </p>
   </div>
   <div class='ocr_carea' id='block_1_95' title="bbox 43 4958 295 5032">
    <p class='ocr_par' dir='ltr' id='par_1_95' title="bbox 43 4958 295 5032">
     <span class='ocr_line' id='line_1_95' title="bbox 43 4958 295 5032; baseline 0.02 -20"><span class='ocrx_word' id='word_1_700' title='bbox 43 4958 295 5032; x_wconf 74' lang='grc' dir='ltr'>ἀγένητος.</span> 
     </span>
    </p>
   </div>
   <div class='ocr_carea' id='block_1_96' title="bbox 93 5074 1588 5152">
    <p class='ocr_par' dir='ltr' id='par_1_96' title="bbox 93 5074 1588 5152">
     <span class='ocr_line' id='line_1_96' title="bbox 93 5074 1588 5152; baseline -0.002 -21"><span class='ocrx_word' id='word_1_701' title='bbox 93 5087 153 5144; x_wconf 82' lang='grc' dir='ltr'>γ’.</span> <span class='ocrx_word' id='word_1_702' title='bbox 184 5082 284 5135; x_wconf 88' lang='grc' dir='ltr'>Διά</span> <span class='ocrx_word' id='word_1_703' title='bbox 326 5081 423 5135; x_wconf 85' lang='grc' dir='ltr'>δύο</span> <span class='ocrx_word' id='word_1_704' title='bbox 468 5079 769 5152; x_wconf 83' lang='grc' dir='ltr'>πράγματα</span> <span class='ocrx_word' id='word_1_705' title='bbox 800 5079 906 5152; x_wconf 83' lang='grc' dir='ltr'><strong>χρὴ</strong></span> <span class='ocrx_word' id='word_1_706' title='bbox 945 5079 1192 5133; x_wconf 84' lang='grc' dir='ltr'>ἀπιστεῖν</span> <span class='ocrx_word' id='word_1_707' title='bbox 1238 5077 1346 5131; x_wconf 91' lang='grc' dir='ltr'><strong>τῶν</strong></span> <span class='ocrx_word' id='word_1_708' title='bbox 1377 5074 1588 5147; x_wconf 85' lang='grc' dir='ltr'>νεκρῶν</span> 
     </span>
    </p>
   </div>
   <div class='ocr_carea' id='block_1_97' title="bbox 43 5166 1585 5244">
    <p class='ocr_par' dir='ltr' id='par_1_97' title="bbox 43 5166 1585 5244">
     <span class='ocr_line' id='line_1_97' title="bbox 43 5166 1585 5244; baseline 0.002 -26"><span class='ocrx_word' id='word_1_709' title='bbox 43 5166 116 5236; x_wconf 75' lang='grc' dir='ltr'><strong>τὴν</strong></span> <span class='ocrx_word' id='word_1_710' title='bbox 144 5170 456 5236; x_wconf 81' lang='grc' dir='ltr'>ἀνάστασιν,</span> <span class='ocrx_word' id='word_1_711' title='bbox 488 5172 523 5243; x_wconf 84' lang='grc' dir='ltr'>ἢ</span> <span class='ocrx_word' id='word_1_712' title='bbox 548 5172 635 5227; x_wconf 88' lang='grc' dir='ltr'>διά</span> <span class='ocrx_word' id='word_1_713' title='bbox 666 5172 728 5225; x_wconf 83' lang='grc' dir='ltr'><strong>τὸ</strong></span> <span class='ocrx_word' id='word_1_714' title='bbox 763 5172 838 5244; x_wconf 84' lang='grc' dir='ltr'>μὴ</span> <span class='ocrx_word' id='word_1_715' title='bbox 871 5169 1125 5224; x_wconf 88' lang='grc' dir='ltr'>δύνασθαι</span> <span class='ocrx_word' id='word_1_716' title='bbox 1156 5168 1246 5223; x_wconf 85' lang='grc' dir='ltr'><strong>τὸν</strong></span> <span class='ocrx_word' id='word_1_717' title='bbox 1279 5168 1411 5222; x_wconf 84' lang='grc' dir='ltr'>Θεὸν</span> <span class='ocrx_word' id='word_1_718' title='bbox 1441 5167 1585 5236; x_wconf 79' lang='grc' dir='ltr'>ἐγεί-</span> 
     </span>
    </p>
   </div>
   <div class='ocr_carea' id='block_1_98' title="bbox 43 5260 1585 5334">
    <p class='ocr_par' dir='ltr' id='par_1_98' title="bbox 43 5260 1585 5334">
     <span class='ocr_line' id='line_1_98' title="bbox 43 5260 1585 5334; baseline 0.002 -23"><span class='ocrx_word' id='word_1_719' title='bbox 43 5271 134 5325; x_wconf 80' lang='grc' dir='ltr'>ρειν</span> <span class='ocrx_word' id='word_1_720' title='bbox 162 5264 283 5327; x_wconf 78' lang='grc' dir='ltr'>τοὺς</span> <span class='ocrx_word' id='word_1_721' title='bbox 315 5262 565 5334; x_wconf 82' lang='grc' dir='ltr'>νεκροὺς,</span> <span class='ocrx_word' id='word_1_722' title='bbox 599 5264 634 5333; x_wconf 83' lang='grc' dir='ltr'><strong>ἢ</strong></span> <span class='ocrx_word' id='word_1_723' title='bbox 668 5262 757 5316; x_wconf 84' lang='grc' dir='ltr'>διά</span> <span class='ocrx_word' id='word_1_724' title='bbox 785 5263 846 5316; x_wconf 86' lang='grc' dir='ltr'><strong>τὸ</strong></span> <span class='ocrx_word' id='word_1_725' title='bbox 883 5261 957 5333; x_wconf 85' lang='grc' dir='ltr'>μὴ</span> <span class='ocrx_word' id='word_1_726' title='bbox 1000 5261 1291 5315; x_wconf 87' lang='grc' dir='ltr'>λυσιτελεῖν</span> <span class='ocrx_word' id='word_1_727' title='bbox 1321 5263 1438 5324; x_wconf 86' lang='grc' dir='ltr'>τοῖς</span> <span class='ocrx_word' id='word_1_728' title='bbox 1468 5260 1585 5315; x_wconf 86' lang='grc' dir='ltr'>ἀνι-</span> 
     </span>
    </p>
   </div>
   <div class='ocr_carea' id='block_1_99' title="bbox 95 5411 1586 5485">
    <p class='ocr_par' dir='ltr' id='par_1_99' title="bbox 95 5411 1586 5485">
     <span class='ocr_line' id='line_1_99' title="bbox 95 5411 1586 5485; baseline 0.001 -19"><span class='ocrx_word' id='word_1_729' title='bbox 95 5411 193 5485; x_wconf 74' lang='grc'><strong>(52)</strong></span> <span class='ocrx_word' id='word_1_730' title='bbox 243 5419 364 5472; x_wconf 81' lang='grc' dir='ltr'><strong>Οὐκ</strong></span> <span class='ocrx_word' id='word_1_731' title='bbox 406 5417 484 5470; x_wconf 79' lang='grc' dir='ltr'><strong>ἂν</strong></span> <span class='ocrx_word' id='word_1_732' title='bbox 512 5416 764 5485; x_wconf 83' lang='grc' dir='ltr'>διεσώθη</span> <span class='ocrx_word' id='word_1_733' title='bbox 820 5418 889 5470; x_wconf 75' lang='grc' dir='ltr'><strong>ἐν</strong></span> <span class='ocrx_word' id='word_1_734' title='bbox 937 5416 1062 5483; x_wconf 85' lang='grc' dir='ltr'>τοῖς</span> <span class='ocrx_word' id='word_1_735' title='bbox 1087 5413 1488 5485; x_wconf 72' lang='grc' dir='ltr'>φθειρομένοις</span> <span class='ocrx_word' id='word_1_736' title='bbox 1506 5412 1586 5485; x_wconf 12' lang='grc' dir='ltr'>,τὸ</span> 
     </span>
    </p>
   </div>
   <div class='ocr_carea' id='block_1_100' title="bbox 43 5480 1584 5556">
    <p class='ocr_par' dir='ltr' id='par_1_100' title="bbox 43 5480 1584 5556">
     <span class='ocr_line' id='line_1_100' title="bbox 43 5480 1584 5556; baseline -0.005 -10"><span class='ocrx_word' id='word_1_737' title='bbox 43 5480 187 5550; x_wconf 70' lang='grc' dir='ltr'><strong>Γένρῄ</strong></span> <span class='ocrx_word' id='word_1_738' title='bbox 210 5485 325 5540; x_wconf 78' lang='grc' dir='ltr'>τῶν</span> <span class='ocrx_word' id='word_1_739' title='bbox 347 5487 678 5556; x_wconf 75' lang='grc' dir='ltr'>γινομένων</span> <span class='ocrx_word' id='word_1_740' title='bbox 724 5480 1049 5555; x_wconf 61' lang='grc' dir='ltr'>ἄφθαρτον.</span> <span class='ocrx_word' id='word_1_741' title='bbox 1078 5480 1245 5540; x_wconf 78' lang='lat' dir='ltr'><strong>Multo</strong></span> <span class='ocrx_word' id='word_1_742' title='bbox 1274 5480 1475 5556; x_wconf 17' lang='lat' dir='ltr'><strong>A&#39;aptius</strong></span> <span class='ocrx_word' id='word_1_743' title='bbox 1502 5484 1584 5539; x_wconf 89' lang='lat' dir='ltr'><strong>le-</strong></span> 
     </span>
    </p>
   </div>
   <div class='ocr_carea' id='block_1_101' title="bbox 43 5553 1581 5627">
    <p class='ocr_par' dir='ltr' id='par_1_101' title="bbox 43 5553 1581 5627">
     <span class='ocr_line' id='line_1_101' title="bbox 43 5553 1581 5627; baseline -0.002 -19"><span class='ocrx_word' id='word_1_744' title='bbox 43 5566 261 5627; x_wconf 65' lang='lat' dir='ltr'><strong>geremus</strong></span> <span class='ocrx_word' id='word_1_745' title='bbox 309 5553 367 5609; x_wconf 81' lang='grc' dir='ltr'>ὲν</span> <span class='ocrx_word' id='word_1_746' title='bbox 426 5553 540 5619; x_wconf 86' lang='grc' dir='ltr'>τοῖς</span> <span class='ocrx_word' id='word_1_747' title='bbox 566 5553 891 5627; x_wconf 50' lang='grc' dir='ltr'>-γινομένοις</span> <span class='ocrx_word' id='word_1_748' title='bbox 919 5556 979 5610; x_wconf 85' lang='grc' dir='ltr'><strong>τὸ</strong></span> <span class='ocrx_word' id='word_1_749' title='bbox 1019 5557 1172 5624; x_wconf 86' lang='grc' dir='ltr'>γένος</span> <span class='ocrx_word' id='word_1_750' title='bbox 1217 5553 1581 5627; x_wconf 27' lang='grc' dir='ltr'>τῶνίφθειρο-</span> 
     </span>
    </p>
   </div>
   <div class='ocr_carea' id='block_1_102' title="bbox 43 5620 1583 5699">
    <p class='ocr_par' dir='ltr' id='par_1_102' title="bbox 43 5620 1583 5699">
     <span class='ocr_line' id='line_1_102' title="bbox 43 5620 1583 5699; baseline 0.002 -26"><span class='ocrx_word' id='word_1_751' title='bbox 43 5620 193 5685; x_wconf 79' lang='grc' dir='ltr'>μένων</span> <span class='ocrx_word' id='word_1_752' title='bbox 220 5628 516 5699; x_wconf 79' lang='grc' dir='ltr'>ἄφθαρτον.</span> <span class='ocrx_word' id='word_1_753' title='bbox 556 5620 681 5680; x_wconf 85' lang='grc' dir='ltr'>Νοη</span> <span class='ocrx_word' id='word_1_754' title='bbox 711 5620 1190 5699; x_wconf 56' lang='grc' dir='ltr'>ὶοηεεῖυογειίινίῃ</span> <span class='ocrx_word' id='word_1_755' title='bbox 1223 5628 1289 5680; x_wconf 78' lang='lat' dir='ltr'><strong>iis</strong></span> <span class='ocrx_word' id='word_1_756' title='bbox 1332 5620 1422 5699; x_wconf 52' lang='lat' dir='ltr'><strong>agi</strong></span> <span class='ocrx_word' id='word_1_757' title='bbox 1453 5620 1583 5699; x_wconf 36' lang='lat' dir='ltr'><strong>nos}</strong></span> 
     </span>
    </p>
   </div>
   <div class='ocr_carea' id='block_1_103' title="bbox 43 5692 1580 5766">
    <p class='ocr_par' dir='ltr' id='par_1_103' title="bbox 43 5692 1580 5766">
     <span class='ocr_line' id='line_1_103' title="bbox 43 5692 1580 5766; baseline -0.017 2"><span class='ocrx_word' id='word_1_758' title='bbox 43 5704 225 5766; x_wconf 45' lang='grc' dir='ltr'><strong>θωνα,</strong></span> <span class='ocrx_word' id='word_1_759' title='bbox 252 5692 411 5766; x_wconf 60' lang='lat' dir='ltr'><strong>domis</strong></span> <span class='ocrx_word' id='word_1_760' title='bbox 445 5700 776 5766; x_wconf 81' lang='lat' dir='ltr'><strong>pereuntium</strong></span> <span class='ocrx_word' id='word_1_761' title='bbox 818 5697 1228 5766; x_wconf 76' lang='lat' dir='ltr'><strong>incorruptibile.</strong></span> <span class='ocrx_word' id='word_1_762' title='bbox 1255 5726 1326 5740; x_wconf 74' lang='grc' dir='ltr'><strong>ν·-</strong></span> <span class='ocrx_word' id='word_1_763' title='bbox 1348 5692 1432 5751; x_wconf 74' lang='lat' dir='ltr'><strong>Ea:</strong></span> <span class='ocrx_word' id='word_1_764' title='bbox 1467 5694 1580 5752; x_wconf 77' lang='lat' dir='ltr'><strong>Ad.-</strong></span> 
     </span>
    </p>
   </div>
   <div class='ocr_carea' id='block_1_104' title="bbox 43 5764 700 5823">
    <p class='ocr_par' dir='ltr' id='par_1_104' title="bbox 43 5764 700 5823">
     <span class='ocr_line' id='line_1_104' title="bbox 43 5764 700 5823; baseline 0.02 -13"><span class='ocrx_word' id='word_1_765' title='bbox 43 5764 200 5818; x_wconf 70' lang='lat' dir='ltr'><strong>deudis</strong></span> <span class='ocrx_word' id='word_1_766' title='bbox 242 5764 289 5821; x_wconf 68' lang='lat' dir='ltr'><strong>et</strong></span> <span class='ocrx_word' id='word_1_767' title='bbox 320 5764 522 5823; x_wconf 76' lang='lat' dir='ltr'><strong>Emend</strong></span> <span class='ocrx_word' id='word_1_768' title='bbox 529 5768 700 5823; x_wconf 80' lang='lat' dir='ltr'><strong>audis.</strong></span> 
     </span>
    </p>
   </div>
   <div class='ocr_carea' id='block_1_105' title="bbox 1691 4601 3258 4664">
    <p class='ocr_par' dir='ltr' id='par_1_105' title="bbox 1691 4601 3258 4664">
     <span class='ocr_line' id='line_1_105' title="bbox 1691 4601 3258 4664; baseline -0.001 -1"><span class='ocrx_word' id='word_1_769' title='bbox 1691 4607 1857 4664; x_wconf 89' lang='lat' dir='ltr'><strong>horas</strong></span> <span class='ocrx_word' id='word_1_770' title='bbox 1883 4615 1938 4663; x_wconf 90' lang='lat' dir='ltr'><strong>et</strong></span> <span class='ocrx_word' id='word_1_771' title='bbox 1973 4608 2090 4663; x_wconf 85' lang='lat' dir='ltr'><strong>dies</strong></span> <span class='ocrx_word' id='word_1_772' title='bbox 2119 4614 2173 4662; x_wconf 91' lang='lat' dir='ltr'><strong>et</strong></span> <span class='ocrx_word' id='word_1_773' title='bbox 2202 4621 2420 4662; x_wconf 91' lang='lat' dir='ltr'><strong>menses</strong></span> <span class='ocrx_word' id='word_1_774' title='bbox 2448 4612 2502 4661; x_wconf 90' lang='lat' dir='ltr'><strong>et</strong></span> <span class='ocrx_word' id='word_1_775' title='bbox 2530 4618 2755 4660; x_wconf 90' lang='lat' dir='ltr'><strong>annum.</strong></span> <span class='ocrx_word' id='word_1_776' title='bbox 2790 4601 2885 4658; x_wconf 90' lang='lat' dir='ltr'><strong>Sin</strong></span> <span class='ocrx_word' id='word_1_777' title='bbox 2916 4602 3029 4659; x_wconf 78' lang='lat' dir='ltr'><strong>haec</strong></span> <span class='ocrx_word' id='word_1_778' title='bbox 3054 4612 3258 4663; x_wconf 83' lang='lat' dir='ltr'><strong>aeterna</strong></span> 
     </span>
    </p>
   </div>
   <div class='ocr_carea' id='block_1_106' title="bbox 1691 4694 3254 4769">
    <p class='ocr_par' dir='ltr' id='par_1_106' title="bbox 1691 4694 3254 4769">
     <span class='ocr_line' id='line_1_106' title="bbox 1691 4694 3254 4769; baseline -0.006 -12"><span class='ocrx_word' id='word_1_779' title='bbox 1691 4718 1803 4757; x_wconf 90' lang='lat' dir='ltr'><strong>non</strong></span> <span class='ocrx_word' id='word_1_780' title='bbox 1833 4706 1984 4763; x_wconf 88' lang='lat' dir='ltr'><strong>sunt,</strong></span> <span class='ocrx_word' id='word_1_781' title='bbox 2030 4705 2318 4769; x_wconf 87' lang='lat' dir='ltr'><strong>propterea</strong></span> <span class='ocrx_word' id='word_1_782' title='bbox 2360 4696 2507 4768; x_wconf 89' lang='lat' dir='ltr'><strong>quod</strong></span> <span class='ocrx_word' id='word_1_783' title='bbox 2548 4697 2604 4752; x_wconf 91' lang='lat' dir='ltr'><strong>in</strong></span> <span class='ocrx_word' id='word_1_784' title='bbox 2644 4697 2725 4753; x_wconf 89' lang='lat' dir='ltr'><strong>eis</strong></span> <span class='ocrx_word' id='word_1_785' title='bbox 2763 4696 3010 4769; x_wconf 70' lang='lat' dir='ltr'><strong>quaedam</strong></span> <span class='ocrx_word' id='word_1_786' title='bbox 3048 4694 3254 4765; x_wconf 88' lang='lat' dir='ltr'><strong>priora,</strong></span> 
     </span>
    </p>
   </div>
   <div class='ocr_carea' id='block_1_107' title="bbox 1689 4786 3254 4863">
    <p class='ocr_par' dir='ltr' id='par_1_107' title="bbox 1689 4786 3254 4863">
     <span class='ocr_line' id='line_1_107' title="bbox 1689 4786 3254 4863; baseline -0.004 -16"><span class='ocrx_word' id='word_1_787' title='bbox 1689 4792 1937 4863; x_wconf 61' lang='lat' dir='ltr'><strong>quadam</strong></span> <span class='ocrx_word' id='word_1_788' title='bbox 1968 4790 2270 4862; x_wconf 90' lang='lat' dir='ltr'><strong>posteriora</strong></span> <span class='ocrx_word' id='word_1_789' title='bbox 2296 4789 2431 4847; x_wconf 77' lang='lat' dir='ltr'><strong>sint,</strong></span> <span class='ocrx_word' id='word_1_790' title='bbox 2462 4803 2638 4861; x_wconf 88' lang='lat' dir='ltr'><strong>neque</strong></span> <span class='ocrx_word' id='word_1_791' title='bbox 2669 4787 2905 4845; x_wconf 89' lang='lat' dir='ltr'><strong>mundus</strong></span> <span class='ocrx_word' id='word_1_792' title='bbox 2924 4787 3132 4859; x_wconf 89' lang='lat' dir='ltr'><strong>utique,</strong></span> <span class='ocrx_word' id='word_1_793' title='bbox 3160 4786 3254 4859; x_wconf 90' lang='lat' dir='ltr'><strong>qui</strong></span> 
     </span>
    </p>
   </div>
   <div class='ocr_carea' id='block_1_108' title="bbox 1688 4882 2847 4955">
    <p class='ocr_par' dir='ltr' id='par_1_108' title="bbox 1688 4882 2847 4955">
     <span class='ocr_line' id='line_1_108' title="bbox 1688 4882 2847 4955; baseline -0.003 -16"><span class='ocrx_word' id='word_1_794' title='bbox 1688 4883 1743 4940; x_wconf 88' lang='lat' dir='ltr'><strong>in</strong></span> <span class='ocrx_word' id='word_1_795' title='bbox 1780 4893 2021 4955; x_wconf 87' lang='lat' dir='ltr'><strong>tempore</strong></span> <span class='ocrx_word' id='word_1_796' title='bbox 2054 4890 2160 4947; x_wconf 89' lang='lat' dir='ltr'><strong>est,</strong></span> <span class='ocrx_word' id='word_1_797' title='bbox 2192 4882 2465 4953; x_wconf 83' lang='lat' dir='ltr'><strong>ingenitus</strong></span> <span class='ocrx_word' id='word_1_798' title='bbox 2499 4895 2621 4937; x_wconf 88' lang='lat' dir='ltr'><strong>esse</strong></span> <span class='ocrx_word' id='word_1_799' title='bbox 2650 4887 2847 4950; x_wconf 88' lang='lat' dir='ltr'><strong>potest.</strong></span> 
     </span>
    </p>
   </div>
   <div class='ocr_carea' id='block_1_109' title="bbox 1758 5060 3254 5134">
    <p class='ocr_par' dir='ltr' id='par_1_109' title="bbox 1758 5060 3254 5134">
     <span class='ocr_line' id='line_1_109' title="bbox 1758 5060 3254 5134; baseline -0.007 -11"><span class='ocrx_word' id='word_1_800' title='bbox 1758 5069 1812 5123; x_wconf 78' lang='lat'><strong>3.</strong></span> <span class='ocrx_word' id='word_1_801' title='bbox 1847 5065 2067 5122; x_wconf 88' lang='lat' dir='ltr'><strong>Duabus</strong></span> <span class='ocrx_word' id='word_1_802' title='bbox 2095 5064 2161 5121; x_wconf 90' lang='lat' dir='ltr'><strong>de</strong></span> <span class='ocrx_word' id='word_1_803' title='bbox 2181 5065 2364 5120; x_wconf 88' lang='lat' dir='ltr'><strong>causis</strong></span> <span class='ocrx_word' id='word_1_804' title='bbox 2385 5070 2600 5134; x_wconf 88' lang='lat' dir='ltr'><strong>oportet</strong></span> <span class='ocrx_word' id='word_1_805' title='bbox 2621 5062 2871 5119; x_wconf 87' lang='lat' dir='ltr'><strong>homines</strong></span> <span class='ocrx_word' id='word_1_806' title='bbox 2896 5076 3004 5118; x_wconf 91' lang='lat' dir='ltr'><strong>non</strong></span> <span class='ocrx_word' id='word_1_807' title='bbox 3032 5060 3254 5118; x_wconf 86' lang='lat' dir='ltr'><strong>credere</strong></span> 
     </span>
    </p>
   </div>
   <div class='ocr_carea' id='block_1_110' title="bbox 1686 5154 3252 5226">
    <p class='ocr_par' dir='ltr' id='par_1_110' title="bbox 1686 5154 3252 5226">
     <span class='ocr_line' id='line_1_110' title="bbox 1686 5154 3252 5226; baseline -0.006 -9"><span class='ocrx_word' id='word_1_808' title='bbox 1686 5168 2028 5217; x_wconf 89' lang='lat' dir='ltr'><strong>mortuorum</strong></span> <span class='ocrx_word' id='word_1_809' title='bbox 2077 5158 2574 5215; x_wconf 89' lang='lat' dir='ltr'><strong>resurrectionem:</strong></span> <span class='ocrx_word' id='word_1_810' title='bbox 2628 5156 2713 5212; x_wconf 90' lang='lat' dir='ltr'><strong>vel</strong></span> <span class='ocrx_word' id='word_1_811' title='bbox 2768 5155 2913 5226; x_wconf 89' lang='lat' dir='ltr'><strong>quod</strong></span> <span class='ocrx_word' id='word_1_812' title='bbox 2953 5154 3095 5209; x_wconf 86' lang='lat' dir='ltr'><strong>Deus</strong></span> <span class='ocrx_word' id='word_1_813' title='bbox 3140 5168 3252 5207; x_wconf 88' lang='lat' dir='ltr'><strong>nou</strong></span> 
     </span>
    </p>
   </div>
   <div class='ocr_carea' id='block_1_111' title="bbox 1685 5246 3252 5327">
    <p class='ocr_par' dir='ltr' id='par_1_111' title="bbox 1685 5246 3252 5327">
     <span class='ocr_line' id='line_1_111' title="bbox 1685 5246 3252 5327; baseline -0.007 -15"><span class='ocrx_word' id='word_1_814' title='bbox 1685 5255 1861 5327; x_wconf 87' lang='lat' dir='ltr'><strong>possit</strong></span> <span class='ocrx_word' id='word_1_815' title='bbox 1886 5251 2214 5310; x_wconf 84' lang='lat' dir='ltr'><strong>resuscitare</strong></span> <span class='ocrx_word' id='word_1_816' title='bbox 2239 5250 2549 5316; x_wconf 79' lang='lat' dir='ltr'><strong>defunctos,</strong></span> <span class='ocrx_word' id='word_1_817' title='bbox 2583 5250 2668 5307; x_wconf 81' lang='lat' dir='ltr'><strong>vel</strong></span> <span class='ocrx_word' id='word_1_818' title='bbox 2699 5250 2846 5321; x_wconf 92' lang='lat' dir='ltr'><strong>quod</strong></span> <span class='ocrx_word' id='word_1_819' title='bbox 2881 5249 3010 5304; x_wconf 85' lang='lat' dir='ltr'><strong>utile</strong></span> <span class='ocrx_word' id='word_1_820' title='bbox 3039 5262 3145 5301; x_wconf 91' lang='lat' dir='ltr'><strong>non</strong></span> <span class='ocrx_word' id='word_1_821' title='bbox 3176 5246 3252 5301; x_wconf 83' lang='lat' dir='ltr'><strong>sit</strong></span> 
     </span>
    </p>
   </div>
   <div class='ocr_carea' id='block_1_112' title="bbox 1758 5400 3247 5484">
    <p class='ocr_par' dir='ltr' id='par_1_112' title="bbox 1758 5400 3247 5484">
     <span class='ocr_line' id='line_1_112' title="bbox 1758 5400 3247 5484; baseline -0.01 -15"><span class='ocrx_word' id='word_1_822' title='bbox 1758 5412 1867 5484; x_wconf 76' lang='grc'>(55)</span> <span class='ocrx_word' id='word_1_823' title='bbox 1927 5408 2492 5484; x_wconf 49' lang='grc' dir='ltr'>Ἐτέραωῇἶίιίοεαιη</span> <span class='ocrx_word' id='word_1_824' title='bbox 2544 5421 2667 5463; x_wconf 89' lang='lat' dir='ltr'><strong>esse</strong></span> <span class='ocrx_word' id='word_1_825' title='bbox 2726 5404 2866 5458; x_wconf 88' lang='lat' dir='ltr'><strong>bane</strong></span> <span class='ocrx_word' id='word_1_826' title='bbox 2917 5400 3247 5484; x_wconf 56' lang='lat' dir='ltr'><strong>scripturam</strong></span> 
     </span>
    </p>
   </div>
   <div class='ocr_carea' id='block_1_113' title="bbox 1684 5469 3246 5552">
    <p class='ocr_par' dir='ltr' id='par_1_113' title="bbox 1684 5469 3246 5552">
     <span class='ocr_line' id='line_1_113' title="bbox 1684 5469 3246 5552; baseline -0.012 -13"><span class='ocrx_word' id='word_1_827' title='bbox 1684 5469 2060 5552; x_wconf 72' lang='lat' dir='ltr'><strong>subederatus</strong></span> <span class='ocrx_word' id='word_1_828' title='bbox 2081 5491 2164 5537; x_wconf 89' lang='lat' dir='ltr'><strong>est</strong></span> <span class='ocrx_word' id='word_1_829' title='bbox 2198 5478 2548 5552; x_wconf 70' lang='lat' dir='ltr'><strong>Sylburgius,</strong></span> <span class='ocrx_word' id='word_1_830' title='bbox 2576 5491 2676 5546; x_wconf 91' lang='lat' dir='ltr'><strong>pro</strong></span> <span class='ocrx_word' id='word_1_831' title='bbox 2698 5488 2803 5552; x_wconf 83' lang='lat' dir='ltr'><strong>qua</strong></span> <span class='ocrx_word' id='word_1_832' title='bbox 2837 5469 3246 5552; x_wconf 47' lang='lat' dir='ltr'><strong>proporijtfxa-</strong></span> 
     </span>
    </p>
   </div>
   <div class='ocr_carea' id='block_1_114' title="bbox 1681 5540 3247 5625">
    <p class='ocr_par' dir='ltr' id='par_1_114' title="bbox 1681 5540 3247 5625">
     <span class='ocr_line' id='line_1_114' title="bbox 1681 5540 3247 5625; baseline -0.01 -18"><span class='ocrx_word' id='word_1_833' title='bbox 1681 5553 1875 5625; x_wconf 82' lang='grc' dir='ltr'>τέρων.</span> <span class='ocrx_word' id='word_1_834' title='bbox 1915 5551 2040 5625; x_wconf 28' lang='lat' dir='ltr'><strong>ASed</strong></span> <span class='ocrx_word' id='word_1_835' title='bbox 2067 5540 2262 5625; x_wconf 76' lang='lat' dir='ltr'><strong>sensus</strong></span> <span class='ocrx_word' id='word_1_836' title='bbox 2305 5540 2428 5625; x_wconf 43' lang='lat' dir='ltr'><strong>non?</strong></span> <span class='ocrx_word' id='word_1_837' title='bbox 2460 5540 2676 5625; x_wconf 53' lang='lat' dir='ltr'><strong>videtur</strong></span> <span class='ocrx_word' id='word_1_838' title='bbox 2715 5540 2834 5625; x_wconf 65' lang='lat' dir='ltr'><strong>hac</strong></span> <span class='ocrx_word' id='word_1_839' title='bbox 2867 5540 3247 5625; x_wconf 65' lang='lat' dir='ltr'><strong>emendatione</strong></span> 
     </span>
    </p>
   </div>
   <div class='ocr_carea' id='block_1_115' title="bbox 1684 5609 3244 5692">
    <p class='ocr_par' dir='ltr' id='par_1_115' title="bbox 1684 5609 3244 5692">
     <span class='ocr_line' id='line_1_115' title="bbox 1684 5609 3244 5692; baseline -0.008 -13"><span class='ocrx_word' id='word_1_840' title='bbox 1684 5609 1877 5679; x_wconf 75' lang='lat' dir='ltr'><strong>melior</strong></span> <span class='ocrx_word' id='word_1_841' title='bbox 1906 5622 2141 5678; x_wconf 81' lang='lat' dir='ltr'><strong>futurus.</strong></span> <span class='ocrx_word' id='word_1_842' title='bbox 2172 5619 2359 5692; x_wconf 89' lang='lat' dir='ltr'><strong>Itaque</strong></span> <span class='ocrx_word' id='word_1_843' title='bbox 2398 5616 2681 5691; x_wconf 75' lang='lat' dir='ltr'><strong>legendum</strong></span> <span class='ocrx_word' id='word_1_844' title='bbox 2724 5612 2907 5684; x_wconf 88' lang='lat' dir='ltr'><strong>potius</strong></span> <span class='ocrx_word' id='word_1_845' title='bbox 2937 5609 3244 5667; x_wconf 77' lang='lat' dir='ltr'><strong>existimem</strong></span> 
     </span>
    </p>
   </div>
   <div class='ocr_carea' id='block_1_116' title="bbox 1686 5692 2203 5766">
    <p class='ocr_par' dir='ltr' id='par_1_116' title="bbox 1686 5692 2203 5766">
     <span class='ocr_line' id='line_1_116' title="bbox 1686 5692 2203 5766; baseline -0.006 -19"><span class='ocrx_word' id='word_1_846' title='bbox 1686 5695 1862 5766; x_wconf 87' lang='grc' dir='ltr'>μελῶν</span> <span class='ocrx_word' id='word_1_847' title='bbox 1895 5695 1975 5749; x_wconf 85' lang='lat' dir='ltr'><strong>vel</strong></span> <span class='ocrx_word' id='word_1_848' title='bbox 2008 5710 2071 5763; x_wconf 88' lang='grc' dir='ltr'><strong>με</strong></span> <span class='ocrx_word' id='word_1_849' title='bbox 2080 5692 2203 5763; x_wconf 89' lang='grc' dir='ltr'>ρῶν.</span> 
     </span>
    </p>
   </div>
  </div>
