3662 6488
390 363 527 418 H79
1172 348 1534 406 APPENDIX.
1567 377 1637 389 —
1672 344 1853 401 PARS
1886 345 1927 399 l.
1969 342 2037 427 S.
2061 342 2329 399 JUSTINI
2364 340 2593 400 OPERA
2627 341 2900 399 SPURIA.
3508 349 3626 403 “an

388 473 800 545 resurgentibus
833 484 956 526 esse
983 465 1511 537 incorruptibilibus.
1541 460 1750 518 Horun.
1776 467 1956 514 autem

2144 456 2354 529 ιμένοις
2380 453 2512 511 εἶναι
2540 457 2736 522 αὑτοὺς
2768 457 3111 529 ἀφθάρτους.
3138 457 3362 511 Τούτων
3385 460 3439 513 δὲ
3462 463 3518 515 τὸ
3549 468 3629 531 μὲν

386 569 620 621 alterum
672 564 897 633 impium
947 568 1053 624 est,
1087 559 1317 613 alterum
1357 552 1668 609 ridiculum.
1722 547 1879 616 Quod
1916 549 1963 602 si

2144 569 2211 604 .'tV
2264 552 2477 615 ἀσεϐὲς,
2524 552 2585 605 τὸ
2630 551 2686 603 δὲ
2733 551 2966 619 γελοῖον.
3020 550 3164 603 Ἀλλ’
3212 553 3263 603 εί
3315 552 3483 616 τοῦτο,
3532 555 3631 621 πώς

390 662 465 717 ita
500 668 605 723 est,
640 657 914 729 quomodo
953 670 1063 709 non
1094 669 1161 709 ex
1192 651 1472 722 impietate
1498 657 1552 703 et
1585 647 1700 702 risu
1746 652 1965 700 constat

389 768 581 810 eorum
613 750 933 821 disputatio,
971 747 1064 817 qui
1101 752 1443 799 mortuorum
1474 754 1587 795 non
1612 738 1845 796 credunt
1878 753 1964 793 re-

391 862 455 901 su
464 842 824 901 rrectionem?

462 938 518 992 4.
553 937 685 1003 Quae
714 935 858 988 Deus
896 938 1050 985 creat
1093 939 1285 1000 suapte
1329 928 1381 982 vi
1413 935 1469 983 et
1500 932 1715 997 sponte,
1747 938 1812 980 ea
1841 923 1964 993 jus-

394 1030 548 1085 sione
576 1044 674 1083 sua
698 1034 884 1080 creat:
924 1024 1154 1093 ejusque
1179 1020 1420 1091 jussioni
1450 1028 1727 1075 cozetanea
1753 1026 1837 1071 est
1867 1030 1965 1071 eo-

392 1136 539 1183 rum,
575 1133 695 1189 quae
732 1117 800 1170 ab
850 1116 970 1185 ipso
1006 1121 1284 1176 creantur,
1324 1112 1667 1166 exsistentia.
1713 1107 1968 1164 Conside-

396 1215 550 1276 rasti,
575 1211 770 1281 inquit,
798 1218 846 1263 et
876 1208 1195 1276 produxisti.
1234 1204 1339 1262 Sed
1373 1205 1419 1259 si
1450 1206 1556 1260 hoc
1580 1202 1968 1258 convenienter

394 1308 463 1363 de
508 1306 618 1360 Deo
651 1303 885 1364 dicitur;
935 1300 1209 1371 quomodo
1238 1300 1333 1370 qui
1362 1297 1824 1353 resurrectionem
1856 1308 1967 1347 non

394 1400 589 1460 credit,
635 1412 744 1451 non
778 1396 826 1451 is
869 1394 1033 1450 etiam
1080 1392 1188 1447 Deo
1219 1391 1440 1448 credere
1470 1390 1754 1451 detrectat,
1802 1388 1968 1441 talem

395 1491 498 1562 ipsi
539 1492 718 1544 inesse
752 1488 1119 1559 potestatem?
1157 1485 1277 1540 Non
1309 1484 1454 1540 enim
1485 1484 1595 1537 ulla
1639 1497 1700 1536 re
1744 1480 1851 1535 alia
1881 1495 1968 1536 re-

395 1591 681 1655 surgentes
714 1598 781 1637 ex
810 1580 1040 1636 mortuis
1068 1586 1228 1651 egent
1258 1593 1421 1649 quam
1446 1575 1606 1646 jussu
1639 1573 1753 1630 Dei.

466 1764 520 1818 5.
550 1760 606 1817 Si
639 1777 825 1817 verum
856 1769 941 1815 est
970 1757 1133 1822 illud,
1158 1756 1381 1821 Eorum,
1412 1773 1528 1829 quae
1553 1763 1744 1826 praeter
1774 1754 1971 1823 opinio-

2062 642 2162 694 οὑκ
2211 642 2276 694 ἐκ
2325 642 2424 712 τῆς
2470 642 2733 711 ἀσαφείας
2783 642 2898 713 (54)
2951 644 3047 696 καὶ
3108 642 3349 711 γέλωτος
3401 648 3632 719 συνέστη.

2064 749 2159 785 κεν
2193 734 2222 785 6
2254 733 2409 803 λόγος
2442 735 2548 788 τῶν
2579 736 2954 789 ἀπιστούντων
2988 736 3102 789 τῶν
3147 738 3364 810 νεκρῶν
3396 740 3491 811 τὴν
3516 743 3632 798 ἀνά-

2068 842 2257 879 στασιν
2278 843 2291 889 ;

2136 918 2198 971 δ’.
2242 919 2309 970 Ἀ
2351 922 2493 972 ποιεί
2527 922 2556 973 6
2589 920 2719 985 Θεὸς
2759 921 3167 994 αὑτουργικῶς,
3201 929 3631 1001 ταῦτα

2067 1028 2197 1081 ματι
2296 1013 2475 1064 ποιεῖ’
2530 1012 2824 1084 σύγχρονος
2871 1015 2930 1067 δὲ
2979 1016 3060 1086 τῷ
3117 1019 3499 1090 προστάγματι
3550 1020 3631 1074 τοῦ

2066 1099 2260 1171 Θεοῦὴ
2298 1101 2527 1175 ὓπαρξις
2560 1105 2667 1158 τῶν
2695 1106 2783 1159 ὑπ’
2808 1107 2979 1160 αὑτοῦ
3016 1111 3385 1179 ποιουμένων.
3422 1114 3630 1178 Acer-mi-

2067 1195 2198 1257 θης,
2237 1194 2389 1263 φησὶ,
2439 1195 2534 1248 καὶ
2570 1196 2877 1264 παρέστης
2913 1198 3049 1269 (55).
3098 1201 3247 1253 Ἀλλ’
3282 1203 3330 1254 εἰ
3363 1203 3512 1255 τοῦτο
3548 1207 3631 1275 ἀρ-

2072 1283 2271 1353 μοδίως
2306 1284 2517 1355 εἴρηται
2552 1287 2677 1356 περὶ
2711 1286 2805 1339 τοῦ
2850 1288 3010 1351 Θεοῦ,
3048 1296 3173 1354 πῶς
3206 1292 3237 1342 6
3287 1292 3521 1346 ἀπιστῶν
3550 1299 3631 1367 τὴν

2069 1373 2364 1428 ἀνάστασιν
2409 1376 2508 1429 οὑκ
2554 1378 2773 1431 ἀπιστεῖ
2822 1380 2919 1432 καὶ
2966 1381 3047 1451 τῷ
3095 1382 3221 1452 Θεῷ
3268 1384 3332 1437 τὸ
3378 1385 3509 1455 ἔχειν
3548 1390 3631 1459 τὴν

2067 1468 2323 1539 τοιαύτην
2353 1466 2613 1540 δύναμινς
2647 1472 2778 1525 Οὐδὲ
2812 1473 2923 1545 γάρ
2958 1476 3151 1547 ἑτέρου
3187 1478 3338 1541 τινὸς
3370 1479 3557 1532 δέονται
3592 1485 3631 1533 οἱ

2069 1560 2414 1630 ἀνιστάμενοι
2449 1562 2513 1615 ὲκ
2544 1563 2651 1617 τῶν
2675 1566 2906 1637 νεκρῶν,
2944 1567 3086 1640 πλὴν
3108 1569 3210 1622 τοῦ
3238 1573 3631 1643 προστάγματος

2070 1649 2165 1703 τοῦ
2201 1650 2357 1707 Θεοῦ.

2142 1748 2207 1795 ε’.
2236 1744 2299 1796 Et
2334 1745 2529 1817 ἀληθές
2562 1747 2676 1801 ἐστι
2710 1749 2788 1813 τὸ,
2832 1752 2956 1806 Τῶν
2984 1751 3309 1820 ἀδοκήτων
3341 1756 3444 1826 (56)
3470 1757 3633 1825 πόρων

467 1806 520 1818 ν.
550 1806 606 1817 η..
651 1806 825 1817 ww...
858 1806 941 1815 ν--
1158 1806 1381 1821 _-----.-,
1414 1806 1517 1829 τ---
1780 1806 1849 1823 ην
1924 1806 1937 1808 _

397 1873 515 1911 nem
564 1862 709 1918 sunt,
762 1850 1195 1922 perﬁciendorum
1254 1851 1512 1904 rationem
1568 1849 1756 1916 reperit
1802 1846 1966 1910 Deus,

2144 1854 2211 1905 ρε
2246 1806 2691 1912 Θεὸςίκαθάπερ
2722 1806 2816 1897 οὑν
2851 1845 2945 1897 καὶ
2977 1806 3204 1916 ἀληθὲς,
3251 1806 3387 1911 πῶς

398 1946 561 2003 sicuti
605 1944 849 2017 profecto
884 1959 1076 1999 verum
1114 1950 1238 1998 est:
1290 1940 1566 2012 quomodo
1610 1940 1663 1994 id
1706 1939 1830 1993 falsi
1861 1954 1970 1992 non

398 2042 614 2113 arguit,
662 2038 754 2109 qui
808 2044 1153 2092 mortuorum
1211 2052 1320 2090 non
1378 2033 1555 2089 credit
1609 2031 1973 2088 resurrectio-

396 2152 522 2190 nem
543 2135 566 2187 ?

468 2228 523 2283 6.
561 2226 617 2281 Si
642 2226 783 2281 facta
810 2225 1175 2287 restitutione,
1211 2221 1527 2277 necessario
1556 2220 1737 2275 omnis
1766 2220 1832 2275 de
1855 2220 1971 2289 opi-

395 2319 500 2374 ﬂce
537 2319 727 2373 mundi
759 2325 812 2374 ct
846 2317 1109 2387 operibus
1152 2316 1271 2384 ejus
1304 2314 1445 2369 inter
1472 2313 1721 2368 homines
1762 2312 1974 2365 tollitur

395 2411 703 2467 dissensio:
737 2409 1010 2481 quomodo
1037 2407 1225 2461 mundi
1253 2406 1527 2462 restitutio
1558 2420 1667 2459 non
1694 2404 1975 2475 pulchrior

396 2503 503 2558 erit
538 2500 728 2555 mundi
771 2501 1086 2555 creatione?
1123 2498 1257 2552 Nam
1296 2506 1521 2569 propter
1568 2498 1970 2553 restitutionem

399 2593 626 2665 pulchra
661 2602 745 2649 est
784 2594 902 2663 ipsa
945 2594 1108 2647 etiam
1140 2591 1299 2663 543
1340 2592 1565 2646 creatio.
1601 2588 1696 2644 Illa
1738 2605 1868 2644 vero
1915 2597 1974 2644 ut

402 2683 725 2752 impossibili
772 2682 997 2753 rejecta,
1052 2679 1327 2752 quomodo
1373 2694 1484 2733 non
1534 2677 1831 2734 deterrima
1872 2677 1975 2731 erit

401 2777 591 2830 mundi
617 2775 823 2831 creatio
849 2776 873 2829 ?

473 2956 525 3010 7.
564 2956 725 3009 Aliud
762 2962 844 3010 est
900 2955 1047 3027 quod
1094 2955 1321 3010 omnino
1373 2963 1459 3010 est
1494 2953 1870 3025 impossibile,
1920 2960 1974 3008 et

399 3049 548 3103 aliud
583 3048 727 3118 quod
757 3048 921 3102 alicui
955 3056 1040 3104 est
1086 3048 1445 3118 impossibile.
1486 3046 1722 3104 Omnino
1767 3048 1975 3116 impos-

2069 1927 2162 1982 τὸν
2210 1929 2365 1999 λόγον
2411 1934 2555 1984 ποιεῖ
2594 1934 2623 1986 6
2668 1932 2775 1987 τῶν
2827 1936 3042 2007 νεκρῶν
3092 1938 3349 1991 ἀπιστῶν
3390 1939 3480 2011 τὴν
3525 1942 3633 1994 ἀνά-

2072 2037 2261 2075 στασιν
2282 2040 2295 2088 ;

2143 2204 2219 2262 ς’.
2281 2199 2367 2262 Et,
2420 2200 2710 2272 γινομένης
2740 2201 2840 2273 τῆς
2888 2203 3258 2269 ἀνακτίσεως,
3313 2206 3371 2272 ἐξ
3422 2207 3631 2277 ἀνάγκης

2072 2291 2373 2361 ἀναιρεῖται
2402 2292 2551 2344 πᾶσα
2586 2294 2618 2362 ἡ
2662 2294 2791 2363 περὶ
2823 2293 2917 2346 τοῦ
2953 2295 3302 2369 δημιουργοῦ
3329 2298 3421 2350 τοῦ
3456 2301 3633 2370 κόσμον

2072 2382 2215 2436 κατά
2246 2382 2354 2435 τῶν
2388 2382 2562 2452 ἔργων
2606 2386 2716 2455 (57)
2751 2387 2915 2440 αὑτοῦ
2952 2390 3010 2440 ὲν
3048 2389 3369 2461 ἀνθρώποις
3409 2392 3633 2462 διχόνοια.

2073 2474 2192 2537 πῶς
2223 2475 2324 2527 οὐκ
2356 2474 2505 2528 ἔσται
2538 2476 2631 2529 τοῦ
2669 2477 2875 2549 κόσμου
2910 2481 2943 2550 ἡ
2984 2480 3283 2547 ἀνάκτισις
3307 2484 3528 2539 καλλίων
3554 2487 3637 2557 τῆς

2071 2565 2166 2619 τοῦ
2218 2565 2424 2636 κόσμου
2459 2567 2724 2632 κτίσεως;
2758 2568 2857 2622 Διά
2899 2569 3011 2641 γὰρ
3055 2572 3161 2643 τὴν
3198 2573 3478 2629 ἀνάκτισιν
3520 2578 3636 2646 καλὴ

2073 2657 2167 2710 καὶ
2200 2659 2233 2729 ἡ
2278 2657 2455 2720 κτίσις
2480 2675 2492 2687 ·
2532 2659 2747 2730 ἐκείνης
2780 2660 2836 2713 δὲ
2888 2661 3310 2733 ἀπιστουμένης
3360 2665 3435 2729 ὡς
3474 2666 3637 2719 ἀὼνὰ-

2072 2767 2203 2812 του,
2254 2750 2371 2814 πῶς
2420 2749 2480 2803 οὑ
2532 2750 2790 2816 κάκιστος
2844 2751 2959 2823 (58)
3014 2752 3172 2809 ἔσται
3225 2759 3260 2827 ἡ
3316 2756 3409 2825 τοῦ
3462 2759 3635 2829 κόσμου

2074 2842 2253 2906 κτίσις
2280 2858 2294 2906 ;

2151 2934 2216 2998 ζ’.
2248 2934 2411 2989 ’Ἄλλο
2434 2934 2495 2988 τὸ
2528 2934 2703 3006 πάντη
2730 2934 3013 3001 ἀδύνατον,
3040 2937 3142 2992 καὶ
3170 2939 3304 2994 ἄλλο
3340 2940 3401 2993 τδ
3419 2943 3516 2993 τινὶ
3535 2942 3636 2994 ἁδύ-

2076 3042 2253 3077 νατον.
2288 3025 2469 3097 Πάντη
2506 3026 2605 3096 μὲν
2630 3025 2887 3080 ἀδύνατόν
2910 3028 3061 3081 ἐστιν
3085 3028 3167 3091 ὡς
3199 3033 3268 3100 τῇ
3307 3031 3566 3104 διαμέτρῳ
3588 3032 3635 3085 τὸ

400 3140 559 3194 sibile
587 3148 671 3194 est
692 3138 1019 3193 diametrum
1046 3130 1299 3208 ejusdem
1327 3155 1451 3194 cum
1470 3140 1641 3193 latere
1672 3153 1794 3194 esse
1818 3153 1972 3192 men-

2152 3137 2393 3191 μμετρον
2427 3115 2565 3172 εἶναι
2599 3122 2665 3190 τῇ
2711 3119 2952 3192 πλευρᾷ·
2989 3124 3102 3176 τινὶ
3141 3124 3201 3177 δὲ
3237 3124 3493 3177 ἀδύνατόν
3517 3126 3634 3177 ἐστιν

401 3248 565 3289 surae.
606 3233 782 3288 Alicui
829 3234 1167 3303 impossibile
1209 3242 1324 3298 est,
1362 3243 1420 3288 ut
1473 3242 1713 3298 naturae,
1763 3234 1970 3304 absque

398 3332 525 3379 satu
566 3326 767 3379 animal
815 3340 1125 3396 procreare.
1176 3324 1292 3380 Utri
1340 3327 1505 3397 igitur
1550 3326 1970 3398 impossibilium

400 3417 631 3471 istorum
670 3418 1127 3473 resurrectionem
1175 3418 1497 3489 subjiciunt,
1548 3418 1640 3489 qui
1686 3432 1806 3473 eam
1860 3433 1970 3472 non

397 3509 662 3564 credunt?
695 3508 753 3564 Si
803 3510 995 3581 priori,
1029 3509 1165 3566 falsa
1219 3511 1377 3575 ratio,
1414 3526 1524 3567 non
1556 3512 1699 3566 enim
1750 3510 1972 3566 restitu-

398 3601 568 3656 tionis
594 3603 816 3658 nomine
847 3609 1115 3673 repugnat
1144 3601 1398 3658 diametri
1432 3618 1557 3658 cum
1587 3604 1757 3659 latere
1789 3618 1972 3673 aequa-

400 3694 561 3761 litas;
598 3702 949 3765 resurgentes
991 3702 1172 3749 autem
1208 3710 1304 3764 per
1348 3695 1752 3751 restitutionem
1787 3711 1972 3750 resur-

398 3792 551 3854 gunt.
596 3782 691 3838 Sin
716 3785 1042 3852 posteriori:
1066 3793 1121 3838 at
1158 3784 1269 3839 Deo
1295 3786 1478 3839 omnia
1504 3784 1792 3857 possibilia
1822 3792 1971 3850 sunt,

398 3892 521 3946 quae
562 3876 727 3929 alicui
762 3875 1126 3945 impossibilia
1161 3886 1310 3932 sunt.

471 3968 526 4023 8.
573 3966 631 4021 Si
685 3968 743 4022 in
784 3969 1039 4038 praesenti
1088 3969 1200 4023 vita
1247 3968 1370 4038 pius
1414 3968 1482 4023 ab
1521 3967 1687 4038 impio
1735 3966 1849 4022 sola
1880 3980 1975 4035 spe

399 4056 581 4112 differt
612 4075 624 4111 :
661 4060 953 4127 quomodo,
989 4058 1083 4127 qui
1126 4058 1433 4112 futurorum
1485 4072 1638 4127 spem
1667 4054 1830 4118 tollit,
1864 4067 1975 4108 non

399 4148 565 4201 etiam
594 4147 671 4218 pii
693 4154 747 4203 et
776 4147 927 4219 impii
963 4149 1105 4203 tollit
1138 4147 1541 4203 differentiam?

469 4322 525 4378 9.
559 4321 615 4376 Si
664 4323 870 4395 absque
930 4323 1162 4394 singulis
1200 4339 1311 4379 non
1364 4334 1547 4397 potest
1590 4340 1713 4381 esse
1762 4325 1978 4380 univer-

400 4414 538 4470 sitas
568 4434 581 4469 :
614 4414 906 4485 quomodo,
936 4414 980 4469 si
1004 4415 1217 4485 singula
1248 4415 1356 4470 sint
1386 4425 1590 4483 creata,
1623 4433 1734 4474 non
1760 4433 1976 4487 quoque

2072 3212 2149 3276 ὡς
2178 3215 2244 3283 τῇ
2280 3212 2439 3282 φύσει
2471 3212 2533 3264 τὸ
2578 3214 2744 3285 χωρὶς
2785 3215 3111 3285 σπέρματος
3148 3220 3330 3269 ποιεῖν
3372 3217 3519 3281 ζῶον.
3541 3219 3632 3270 Τίνι

2070 3304 2278 3360 τούτων
2311 3305 2419 3359 τῶν
2461 3305 2738 3359 ἀδυνάτων
2764 3306 3132 3361 ὑποϐάλλουσι
3166 3311 3272 3381 τὴν
3300 3313 3572 3365 ἀνάστασιν
3594 3310 3634 3363 οἱ

2072 3397 2276 3470 ταύτην
2307 3398 2695 3464 ἀπιστοῦντεςς
2745 3398 2884 3451 Ἀλλ’
2907 3401 2957 3451 εἰ
2986 3400 3091 3471 μὲν
3114 3402 3196 3472 τῷ
3223 3400 3448 3474 πρώτῳ,
3469 3404 3632 3473 ψευδής

2074 3491 2219 3544 ἐστιν
2239 3493 2268 3544 6
2288 3486 2455 3558 λόγος’
2478 3492 2537 3544 οὑ
2568 3490 2677 3563 γὰρ
2696 3492 2838 3545 κατά
2862 3492 3153 3546 ἀνάκτισιν
3184 3495 3531 3566 ἀσύμμετρος
3546 3496 3628 3563 (59)

2074 3583 2283 3651 γίνεται
2315 3585 2347 3654 ἡ
2380 3583 2671 3655 διάμετρος
2717 3586 2783 3655 τῇ
2844 3574 3088 3657 πλευρᾷ’
3122 3588 3175 3639 οἱ
3219 3587 3280 3640 δὲ
3324 3590 3629 3656 ἀνιστάμενα

2075 3674 2216 3729 κατά
2268 3676 2551 3729 ἀνάκτισιν
2594 3675 2931 3730 ἀνίστανται.
2963 3678 3028 3730 Εἰ
3061 3677 3120 3731 δὲ
3154 3678 3239 3749 τῷ
3274 3679 3401 3744 τινὶ,
3428 3679 3549 3733 ἀλλὰ
3574 3678 3629 3747 τῷ

2074 3766 2195 3838 Θεῷ
2227 3767 2403 3821 πάντα
2431 3766 2632 3822 δυνατά
2662 3766 2731 3821 τά
2764 3768 2874 3820 τινὶ
2905 3768 3171 3823 ἀδύνατα.

2145 3950 2213 4017 η’.
2243 3946 2305 3999 Ei
2338 3946 2430 3997 ἐπὶ
2455 3944 2548 3998 τοῦ
2580 3946 2842 4016 παρόντος
2868 3946 2984 4015 βίου
3006 3949 3034 4001 6
3060 3948 3303 4020 εὐσεϐὴς
3327 3948 3418 4002 τοῦ
3438 3946 3626 4009 655665;

2075 4037 2249 4090 ἐλπίδι
2285 4038 2420 4110 μόνῃ
2449 4038 2715 4109 διαφέρει,
2740 4037 2856 4101 πῶς
2880 4040 2908 4091 6
2946 4040 3196 4111 ἀναιρῶν
3220 4043 3335 4095 τῶν
3369 4042 3622 4112 μελλόντων

2073 4131 2172 4203 τὴν
2197 4131 2390 4185 ἐλπίδα
2414 4132 2517 4185 οὑκ
2544 4133 2759 4204 ἀναιρεῖ
2789 4133 3055 4199 εὑσεὸοὖς
3084 4150 3148 4187 τε
3190 4137 3290 4189 καὶ
3314 4136 3528 4200 ἀσεϐοῦς
3548 4135 3623 4203 τὴν

2072 4224 2335 4297 διαφοράν
2356 4242 2371 4291 ;

2148 4318 2212 4371 θ’.
2246 4319 2308 4371 El
2340 4320 2506 4390 χωρὶς
2536 4318 2631 4373 τοῦ
2657 4318 2995 4374 καθέκαστον
3024 4319 3297 4375 ἀδύνατόν
3323 4323 3464 4375 ἐστιν
3484 4320 3622 4389 ὑπάρ-

2078 4431 2192 4483 χειν
2228 4414 2288 4466 τὸ
2318 4412 2568 4478 καθόλου,
2600 4413 2738 4477 πῶς,
2773 4414 2822 4466 εἰ
2865 4414 3088 4472 κτιστὸν
3116 4415 3183 4469 τὸ
3217 4416 3552 4477 καθέκαστον,
3573 4414 3619 4465 οὐ

400 4514 585 4561 creata
615 4507 718 4561 erit
749 4498 1079 4563 universitas
1100 4509 1123 4561 ‘i
1148 4508 1217 4561 At
1246 4508 1352 4563 hoc
1384 4507 1433 4564 si
1463 4509 1541 4563 ita
1570 4516 1673 4573 est,
1700 4509 1972 4580 quomodo

2144 4505 2296 4557 ἰστὸν
2334 4504 2486 4559 ἔσται
2521 4503 2617 4559 καὶ
2652 4506 2713 4558 τὸ
2745 4504 3001 4569 γαθόλου;
3038 4490 3191 4558 ’Ἀλλ’
3226 4507 3277 4559 εί
3332 4507 3493 4569 τοῦτο,
3529 4504 3619 4564 9:13;

403 4598 601 4654 falsum
633 4612 744 4653 non
771 4609 876 4663 est,
921 4599 1220 4665 hominem,
1248 4607 1303 4655 et
1329 4610 1513 4670 partes
1546 4608 1811 4656 creaturae
1842 4600 1975 4656 reli-

403 4704 542 4759 quas
582 4689 693 4745 Deo
717 4706 839 4747 esse
869 4700 1201 4758 coaeternas,
1243 4690 1414 4746 veluti
1453 4691 1501 4744 si
1534 4699 1752 4747 creatus
1793 4690 1972 4757 Plato,

404 4780 680 4848 quomodo
712 4795 821 4835 non
850 4788 1066 4836 creatus
1092 4781 1302 4836 homo?

477 4870 566 4923 10.
612 4868 896 4935 Quomodo
939 4872 1136 4939 Graeci,
1178 4872 1307 4927 dum
1354 4882 1666 4944 supponunt
1710 4884 1973 4930 aeternum

404 4976 528 5017 esse
545 4960 832 5026 mundum,
857 4978 919 5018 ea
945 4972 1277 5029 statuerunt,
1307 4980 1428 5034 qua:
1453 4968 1762 5022 necessario
1786 4983 1852 5022 ex
1871 4968 1975 5021 hac

406 5069 466 5107 re
495 5057 779 5125 supposita
811 5058 1152 5126 sequuntur?
1176 5056 1281 5113 Sed
1310 5059 1378 5122 si,
1416 5070 1473 5114 ut
1494 5061 1703 5125 volunt,
1735 5068 1973 5117 aeternus

475 5208 593 5289 (34);
632 5210 960 5289 ᾉσαςρείας.
994 5212 1320 5289 Sylburgjus
1348 5224 1405 5271 et
1447 5214 1663 5289 Langus
1692 5218 1863 5289 probe
1890 5220 1974 5274 vi-

404 5278 602 5351 derunt
634 5278 927 5351 legendum
959 5278 1080 5340 esse
1115 5278 1387 5349 ἀσέὁείας.

477 5350 586 5421 (55)
616 5350 727 5429 Kal
754 5353 1074 5429 παρέᾳτῃς.
1106 5355 1394 5429 Existimat
1446 5355 1768 5429 Sylburgius
1791 5358 1972 5429 legen-

406 5418 797 5495 ἀυτῇ-πάρεστι
822 5418 958 5495 utin
985 5418 1151 5495 Resp.
1181 5427 1247 5480 ad
1277 5418 1630 5492 Quzestflu.
1648 5418 1763 5482 'His
1789 5418 1969 5484 autem

408 5491 603 5566 :erbis
645 5491 1157 5566 PseudofJustinu'ru
1210 5498 1481 5566 respicere
1522 5506 1677 5565 putat
1720 5500 1787 5551 ad
1838 5499 1971 5555 illud

408 5556 606 5650 Psalmi
627 5576 763 5650 gul
795 5564 1035 5650 Ξρηιῖιὶα
1062 5556 1740 5650 ᾳαρςευηᾴηἰυοζυξι-[εεὶῑ.

483 5628 590 5748 (56)
776 5628 1101 5715 ἀδοκήτωτᾶ
1133 5628 1337 5718 versus
1363 5628 1661 5718 Euripidis.
1697 5645 1755 5690 ut
1788 5650 1972 5695 monet

415 5694 761 5775 Sy‘burgius,
786 5719 872 5775 ex_
895 5706 1106 5775 epilogo
1134 5706 1424 5762 Alcestulis
1453 5718 1507 5762 et
1540 5708 1753 5761 Medeze.

486 5766 596 5836 (57)
619 5766 776 5828 Κατὰ
804 5766 1141 5847 τᾶψέργῖυν.
1178 5775 1394 5847 Langus
1433 5786 1487 5833 et
1518 5778 1840 5851 Sylburgius
1876 5780 1968 5833 ml.

2076 4598 2175 4650 οὑκ
2204 4597 2318 4650 ἔστι
2346 4598 2536 4668 ψευδὲς
2558 4599 2619 4652 τὸ
2655 4594 2921 4652 ωναῖδιον
2953 4594 3096 4651 εἶναι
3126 4598 3223 4651 τὸν
3254 4598 3522 4670 ἄνθρωπον
3548 4595 3617 4647 καὶ

2073 4689 2145 4742 τά
2190 4688 2351 4742 λοιπά
2399 4691 2542 4763 μέρη
2584 4690 2683 4761 τῆς
2713 4692 2941 4754 κτίσεως
2970 4690 3050 4761 τῷ
3083 4690 3241 4761 Θεῷς
3280 4686 3412 4754 οἷον,
3450 4691 3490 4741 εί
3524 4703 3615 4737 κτι-

2075 4780 2200 4843 στὸς
2228 4782 2256 4833 6
2286 4780 2530 4844 Πλάτων,
2564 4781 2682 4845 πῶς
2709 4781 2769 4834 οὑ
2806 4781 3023 4845 κτιστὺς
3050 4782 3079 4834 6
3104 4781 3429 4853 ἀνθρωποςς

2146 4879 2195 4925 ι’.
2224 4872 2350 4937 Πῶς
2377 4874 2425 4926 οἱ
2456 4873 2735 4945 Ἕλληνες,
2767 4872 3093 4943 ὑποθέμενοι
3120 4874 3185 4926 τὺ
3211 4874 3382 4927 ἀΐδιον
3411 4867 3527 4924 εἶναι
3548 4868 3612 4918 τὸν

2075 4966 2297 5037 κόσμον,
2328 4966 2397 5020 τὰ
2428 4969 2494 5038 τῇ
2517 4966 2770 5021 ὑποθέσει
2796 4964 2854 5032 ἐξ
2878 4966 3126 5037 ἀνάγκης
3154 4966 3400 5037 ἑπόμενα
3428 4960 3610 5031 ὲδογμάο

2072 5076 2259 5127 τισαν;
2310 5058 2447 5111 Ἀλλ’
2476 5060 2527 5113 ει
2566 5058 2664 5130 μὲν
2690 5054 2758 5131 ἦν
2787 5058 2905 5113 κατ’
2933 5058 3137 5123 αὐτοὺς
3177 5061 3351 5116 ἀΐδιος
3379 5062 3407 5112 ὁ
3432 5059 3607 5127 κόσμκ.

2074 5220 2180 5275 τῶν
2212 5221 2405 5275 ἐογων.

2147 5238 2666 5362 ῗὸἓῗγαιξέκιστοςη
2695 5289 2861 5362 Miror
2912 5289 3059 5344 hanc
3110 5306 3304 5362 vocem
3367 5288 3605 5362 displicere

2077 5352 2387 5431 Sylburgio,
2412 5362 2507 5431 qui
2542 5352 2727 5416 mallet
2759 5360 3018 5431 ἀκτιστος
3068 5361 3157 5431 νει
3213 5352 3463 5422 ἄπιστος]
3497 5352 3603 5431 inin

2076 5429 2216 5489 idem
2251 5429 2445 5495 docet;
2464 5446 2658 5500 nempe
2690 5431 2734 5485 si
2770 5430 2923 5483 nulla
2960 5432 3033 5486 sit
3079 5429 3268 5485 futura
3302 5429 3603 5485 resurrectio.

2073 5504 2245 5558 multo
2303 5502 2549 5557 futurum
2582 5500 2750 5555 fuisse
2781 5501 3104 5558 praeclarius
3139 5518 3244 5557 nos
3291 5502 3496 5556 omnino
3523 5507 3603 5546 non

2072 5589 2215 5629 esse.
2244 5604 2315 5616 —-
2336 5572 2480 5643 Lege
2503 5572 2755 5643 κακίστηΣ
2788 5571 2954 5625 Ευιτ.
2980 5571 3053 5625 ΡΑ
3066 5588 3233 5628 τιιοι..

2145 5643 2252 5714 (59)
2291 5631 2697 5712 Ἀσύξὶιμετρος.
2722 5631 2958 5712 ἰσηευε
3003 5644 3138 5713 legit
3179 5643 3491 5714 σύμμετρος.
3522 5631 3600 5687 53d

2074 5730 2300 5787 prorsus
2336 5715 2625 5768 immerito.
