3662 6500
79 400 181 456 ιιδι
879 390 1344 462 QUAESTIONES
1385 399 1663 458 ϐῐὶᾹῖσίΕ

1704 405 1797 459 ΑΙ)
1835 405 2322 462 CIIRISTHNOS.
3154 414 3295 468 H52

75 517 270 584 εὐλόγως
317 513 380 566 ἂν
435 508 611 582 ἔλεγον
642 511 715 585 μὴ
743 512 962 565 ἔσεσθαι
983 513 1077 565 τοῦ
1113 514 1315 582 κόσμου
1347 515 1444 586 τὴν
1474 517 1562 569 ἀνά

1750 525 1856 572 sset
1905 519 2181 587 mundus,
2237 519 2434 576 merito
2496 533 2759 593 negarent
2813 523 3048 583 futuram
3107 534 3295 582 mumh

75 626 233 662 χτισιν.
261 605 363 658 Τοῦ
418 605 524 676 γὰρ
560 603 776 658 κτιστοῦ
819 606 1024 675 κόσμου
1065 606 1213 657 ἐστὶν
1239 609 1272 676 ἡ
1305 607 1605 670 ἀνάκτισις,

73 701 146 754 καὶ
189 697 298 768 οὐχὶ
334 697 427 750 τοῦ
472 699 764 751 ἀκτίστουο
801 698 883 750 ὅτι
912 697 969 750 δὲ
1015 699 1116 750 οὑκ
1166 698 1312 751 ἐστιν
1370 699 1534 763 ἀΐδιος
1581 701 1607 752 ὁ

71 794 256 863 κόσμος,
289 790 447 861 δῆλον
480 792 544 843 ὲκ
571 790 666 844 τοῦ
701 791 774 862 μὴ
806 786 944 844 εἶναι
980 790 1071 844 τὸν
1102 790 1387 862 ἄνθρωπον
1423 795 1606 846 συναῖ-

69 887 155 939 διον
177 883 246 954 τῷ
273 882 408 954 Θεῷ.
434 884 498 936 Εἰ
523 883 631 954 γάρ
661 883 924 936 συναῖδιον
945 884 1023 954 τῷ
1048 881 1167 953 Θεῷ
1193 883 1254 936 τὸ
1279 884 1527 947 καθόλου,
1549 884 1609 950 ἐξ

68 977 272 1046 ἀθάγκης
294 975 384 1028 καὶ
411 975 475 1028 τὸ
504 975 839 1029 καθέκαστον
858 992 872 1005 ·
901 978 949 1029 εἰ
979 975 1038 1029 δὲ
1065 974 1140 1047 μὴ
1169 975 1230 1028 τὸ
1247 967 1602 1043 καθέκαστον,

67 1069 159 1121 οὐδὲ
184 1067 238 1122 τὸ
260 1066 510 1120 καθόλου.

121 1157 193 1214 ια’.
223 1158 292 1212 Τὸ
337 1157 556 1228 ἐφάπαξ
603 1156 811 1222 πάντας
862 1156 988 1223 τοδῖ
1035 1159 1353 1232 ἀνθρώπω-’ς
1391 1158 1481 1213 διὰ
1504 1157 1603 1229 τῆς

65 1253 355 1315 ἀνακτίσεως
403 1253 484 1316 εἰς
523 1252 583 1305 τὸ
616 1241 754 1306 εἶναι
790 1254 987 1316 αὐτοὺς
1013 1252 1321 1323 ἀφθάρτους
1364 1269 1602 1323 μεταγαο

63 1349 169 1411 γεῐν,
193 1345 320 1398 πολὺ
344 1346 724 1418 θειωδέστερον
759 1348 993 1418 ὑπάρχει
1024 1345 1165 1398 κατά
1197 1363 1237 1417 μ
1265 1345 1398 1416 (40).
1435 1385 1448 1398 .
1487 1387 1500 1400 .
1537 1387 1548 1398 .
1585 1386 1597 1398 .

61 1437 133 1489 τοῦ
157 1437 340 1500 αὑτοὺς
379 1439 462 1502 εἰς
503 1438 603 1508 τὴν
634 1438 831 1511 θνητὴν
858 1438 1062 1510 ταύτην
1099 1437 1452 1500 κατάστασιν,
1479 1438 1536 1490 ἐν

61 1529 133 1583 νῦν
158 1531 330 1600 ἐσμεν,
347 1530 608 1599 εἰσάγειν.
627 1529 920 1601 Ἐφύλαττε
940 1525 996 1582 δὲ
1021 1533 1153 1601 ἡμῖν
1181 1522 1242 1583 ct
1269 1531 1600 1602 κατάλληλον

59 1623 129 1674 καὶ
156 1622 524 1695 θειωδέστερον
563 1624 639 1687 ὡς
671 1623 896 1696 ὕστερον
938 1624 1072 1695 (41),
1101 1617 1178 1688 ὡς
1210 1625 1268 1678 ὲν
1300 1623 1449 1695 αὐτῷ
1476 1618 1596 1678 τότε

57 1715 133 1784 τῆς
177 1715 321 1784 ἡμῶν
373 1716 726 1779 ὑποστάσεως
767 1717 1020 1788 κείμενον
1044 1729 1057 1746 ‘
1097 1711 1158 1770 οὗ
1204 1718 1252 1770 εί
1288 1718 1594 1788 ἀπεστερη-

58 1809 177 1878 μένοι
227 1805 366 1880 ἦμεν
418 1810 561 1865 κατά
598 1810 725 1874 τοὺς
758 1810 1118 1873 ἀπιστοῦντας
1155 1810 1254 1880 τὴν
1280 1810 1592 1872 ἀνάστασιν,

1713 612 2140 669 restitutionem.
2165 614 2301 668 Nam
2330 618 2496 672 creati
2527 620 2716 674 mundi
2740 622 3019 678 restitutio
3045 635 3150 688 est,
3185 642 3296 678 non

1713 700 1962 757 incrcati.
2000 703 2258 759 Mundum
2297 714 2478 762 autem
2510 724 2620 764 non
2649 725 2773 765 esse
2805 720 3090 780 mternum,
3119 732 3185 770 ex
3230 733 3297 771 eo

1710 799 1879 861 patet,
1912 795 2056 864 quod
2089 795 2251 851 homo
2287 813 2397 852 non
2438 799 2510 852 sit
2549 799 2662 855 Deo
2691 811 3018 862 coaeternus.
3056 804 3113 859 Si
3146 811 3291 864 enim

1708 881 1820 938 Deo
1866 894 2136 942 coaaterna
2175 896 2360 944 essent
2393 893 2670 957 universa,
2712 897 3030 952 necessario
3080 906 3136 952 et
3177 901 3291 954 sin-

1705 968 1856 1047 gula.
1893 977 1947 1032 Si
1974 980 2155 1036 minus
2181 980 2395 1053 singula
2415 1023 2428 1048 ,
2462 999 2639 1054 neque
2669 987 2834 1040 etiam
2868 991 3144 1048 universa.

1781 1155 1869 1210 11.
1920 1155 2099 1210 Semel
2147 1174 2339 1225 omnes
2382 1163 2632 1222 homines
2668 1173 2766 1236 per
2796 1168 3200 1226 restitutionem
3233 1174 3286 1228 in

1703 1263 1828 1303 eum
1861 1257 2064 1306 statum
2090 1251 2410 1318 transferre,
2446 1255 2500 1309 in
2534 1271 2644 1324 quo
2672 1258 3120 1331 incorruptibiles
3151 1267 3285 1330 sint,

1701 1344 1878 1396 multo
1913 1343 2152 1400 divinius
2182 1355 2234 1400 et
2284 1349 2700 1406 convenientius
2749 1359 2852 1417 est,
2884 1370 3049 1424 quam
3081 1374 3180 1413 eos
3227 1362 3282 1414 in

1701 1435 1989 1490 mortalem
2019 1436 2162 1491 lnmc
2205 1442 2429 1503 statum,
2463 1440 2516 1494 in
2558 1458 2666 1511 quo
2696 1460 2842 1500 nunc
2868 1461 3080 1516 sumus,
3107 1453 3281 1506 addu-

1699 1538 1850 1581 cere.
1883 1525 2131 1582 Servavit
2168 1539 2351 1585 autem
2404 1533 2561 1588 nobis
2606 1535 2661 1590 in
2708 1545 2988 1608 posterum
3033 1543 3088 1596 id
3133 1547 3281 1614 quod

1700 1619 2038 1675 conveniens
2077 1628 2131 1675 et
2169 1621 2410 1680 divinius
2439 1633 2544 1690 est,
2575 1629 2777 1700 quippe
2803 1638 2926 1686 cum
2958 1634 3011 1688 in
3039 1650 3105 1690 eo
3132 1638 3280 1706 posi-

1698 1718 1790 1768 tus
1826 1714 1898 1767 sit
1947 1722 2148 1770 nostra:
2189 1718 2607 1776 constitutionis
2640 1721 2780 1778 linis.
2816 1723 2936 1791 Quo
2972 1727 3193 1797 quidem
3229 1732 3278 1785 si

1698 1803 2064 1872 privarentur,
2097 1807 2397 1862 secundum
2421 1826 2516 1866 eos
2545 1813 2635 1882 qui
2672 1820 3134 1875 resurrectionem
3168 1838 3278 1877 non

56 1901 174 1970 πόσῳ
226 1901 423 1972 μᾶλλον
472 1903 538 1956 ἂν
586 1897 654 1973 ἦν
709 1901 924 1956 κάλλιον
961 1895 1024 1954 τὸ
1068 1902 1142 1976 μὴ
1174 1897 1310 1956 εἶναι
1337 1901 1430 1955 τοῦ
1459 1898 1562 1956 sive

1750 1898 1960 1952 'edunt:
2008 1906 2217 1969 quanto
2263 1903 2583 1970 praeclarius
2643 1906 2784 1963 foret
2831 1924 2932 1963 nos
2975 1927 3084 1965 non
3129 1929 3273 1977 esse,

54 1993 195 2059 ἡμᾶς
216 1994 521 2065 ’Δχρηστον
549 1993 656 2065 γὰρ
677 1994 784 2047 πᾶν
811 1991 1248 2066 τὸ-στερούμενον
1285 1992 1371 2047 τοῦ
1395 1993 1594 2047 οἰκείου

55 2082 225 2147 τέλους.

106 2175 178 2244 ιβ’.
199 2177 256 2229 Εἰ
275 2177 537 2230 δυνατόν’
568 2189 672 2231 τινι
707 2177 849 2250 ὑπὲρ
869 2177 963 2230 τοῦ
992 2178 1066 2249 μὴ
1094 2170 1244 2241 ὄντος
1276 2177 1595 2249 πράγματος

51 2268 127 2337 τῆς
157 2268 340 2322 ἑαυτοῦ
382 2269 534 2340 ζωῆς
587 2269 924 2341 προτιμῆσαι
953 2264 1044 2322 τὸν
1079 2267 1329 2333 θάνατον,
1363 2269 1498 2334 τῶς,
1545 2271 1593 2322 εί

53 2360 144 2413 καθ’
185 2362 321 2432 ὑμᾶς
353 2361 460 2415 οὑκ
499 2360 651 2424 ὄντος
679 2361 911 2432 ἀληθοῦς
939 2359 1034 2415 τοῦ
1077 2361 1204 2432 ’περὶ⁸
1233 2361 1333 2431 τῆς
1364 2361 1595 2415 ἀναστάεδ

53 2467 162 2515 σεως
189 2453 478 2524 δόγματος,
507 2444 649 2524 ὑπὲρ
678 2452 866 2505 τούτου
900 2453 997 2523 τῆς
1026 2447 1231 2505 ἑαυτῶν
1267 2450 1411 2522 ζωῆς
1433 2462 1593 2523 προε-

50 2544 246 2616 τίμησαν
274 2547 325 2599 οἱ
368 2546 648 2618 μάρτυρες
678 2544 768 2598 τὸν
799 2543 1006 2598 ἑαυτῶν
1049 2543 1308 2609 θάνάτονς
1342 2545 1505 2609 Ποίας
1537 2537 1594 2599 δὲ

50 2635 179 2706 ἄλλης
199 2637 491 2708 θρησκείας
511 2628 866 2708 πολυτρόποις
878 2635 1128 2706 βασάνοις
1156 2653 1214 2690 τε
1238 2637 1331 2690 καὶ
1346 2635 1591 2702 θᾶνάτοις

49 2728 307 2802 ἐϐεϐαιώθη
341 2729 411 2784 τὸ
441 2730 617 2802 δόγμα
648 2730 748 2801 τῆς
779 2729 984 2784 ἑαυτῶν
1015 2729 1330 2802 θρησκείας,
1358 2729 1500 2798 λέγω
1527 2731 1591 2802 δὴ

48 2820 131 2876 τῶν
163 2824 498 2895 Χριστιανῶν
535 2825 664 2896 περὶ
695 2824 795 2895 τῆς
824 2823 932 2876 τῶν
962 2824 1171 2895 νεκρῶν
1211 2822 1588 2888 ἀναστάσεως;

102 2921 173 2982 ιγ’.
198 2917 254 2969 Εἰ
273 2915 307 2970 ἃ
337 2916 417 2988 μὴ
447 2916 792 2970 πιστεύουσιν
809 2914 1274 2989 ⁸¹Ελληνες,ταῦτα
1298 2914 1422 2968 οὔτε
1441 2915 1591 2968 ἐστὶν

45 3009 139 3062 οὗτε
170 3006 338 3063 ἔσται’
372 3010 437 3061 ὲν
475 3009 541 3079 τῇ
591 3008 788 3076 γνώσει
822 3008 929 3079 ἄρα
957 3007 1066 3061 τῶν
1106 3007 1372 3079 Ἐλλήνων
1408 3001 1586 3061 κεῖται

44 3097 125 3149 τῶν
144 3098 299 3152 ὄντων
329 3095 364 3170 ἡ
397 3097 652 3169 ὑπαρξις.
678 3097 804 3161 Πῶς
830 3093 922 3151 οὖν
948 3099 1006 3151 ἐν
1035 3101 1147 3161 τοῖς
1179 3097 1452 3162 πλείστοις
1479 3098 1587 3153 τῶν

44 3189 354 3257 κυριωτάτων
410 3191 700 3260 δογμάτων
734 3191 947 3254 ἑαυτοῖς
978 3201 1038 3244 τε
1069 3191 1163 3244 καὶ
1192 3189 1441 3262 ἀλλήλοις
1481 3207 1584 3261 μα-
1611 3217 1654 3276 C

43 3279 219 3350 χόμενοι
268 3275 610 3347 δείκνυνται;
677 3281 741 3335 Ἥ
785 3283 895 3354 γάρ
950 3283 1173 3355 τοιαύτη
1213 3284 1359 3355 μάχη
1391 3275 1490 3338 ούκ
1522 3285 1586 3355 ἐᾷ

43 3373 214 3426 κεῖσθαι
253 3375 310 3429 ὲν
339 3378 412 3446 τῇ
437 3374 636 3444 γνώσει
684 3374 794 3428 τῶν
833 3374 1100 3447 Ἑλλήνων
1138 3376 1245 3430 τῶν
1288 3377 1455 3431 όντων
1485 3379 1584 3450 τὴν

43 3453 257 3537 ὓπαρξιν.

92 3559 159 3612 ιδ’.
189 3562 246 3614 Ei
383 3559 683 3633 παραδόσει
713 3559 1063 3632 θεασαμένων
1091 3561 1180 3614 τὸν
1209 3562 1450 3633 ἀρχηγὸν
1485 3565 1582 3635 τῆς

41 3651 343 3719 ἀναστάσεως
387 3655 699 3708 ἀναστάντα
741 3655 805 3707 ἐκ
845 3654 952 3706 τῶν
981 3654 1190 3724 νεκρῶν
1217 3655 1296 3717 είς
1318 3646 1582 3708 ἀθάνατον

41 3739 152 3814 ζωὴν
181 3746 523 3800 ἀπιστοῦσινο
551 3736 730 3816 ἀλύτῳ
773 3745 828 3798 δὲ
869 3745 1140 3810 ἀποδείξει
1189 3745 1336 3803 λύειν
1368 3739 1429 3798 τὸ
1481 3745 1580 3816 τῆς

41 3833 344 3902 ἀναστάσεως
379 3837 559 3909 δόγμα
608 3837 913 3892 ἀσθενοῦσι.
943 3833 1016 3891 Τὸ
1066 3839 1176 3911 γὰρ
1223 3840 1581 3912 ἰχθυόὸρωτον

41 3925 247 3992 γενέσθαι
275 3923 368 3984 τὸν
399 3929 685 4001 ἄνθρωπον
715 3929 946 4002 ἀπορίαν
961 3930 1095 4001 ἔχει,
1126 3930 1398 3996 ἀπόδειξιν
1417 3932 1470 3984 δὲ
1494 3931 1575 3986 οὗ.

47 4017 290 4075 Ἀδύνατον
319 4021 434 4095 γὰρ
462 4021 525 4076 τὸ
551 4012 683 4075 αὑτό
711 4024 941 4093 πρᾶγμα
972 4022 1067 4076 καὶ
1112 4019 1324 4094 θεότητι
1374 4025 1578 4077 ὑποπε-

41 4115 122 4166 σεῖν
148 4116 248 4186 (42)
290 4109 369 4181 ὡς
426 4106 647 4186 γεγονός
667 4125 680 4146 ⁸
712 4117 807 4170 τοῦ
853 4116 910 4171 δὲ
961 4117 1282 4189 πράγματος
1312 4121 1378 4190 τῇ
1422 4119 1579 4189 οὐσίᾳ

41 4204 222 4280 δυνάμει
279 4211 394 4281 (45)
450 4209 919 4280 ἀποδεδειγμένου,
990 4211 1163 4277 οὐδεὶς
1222 4202 1578 4283 συλλογισμὸς

41 4297 215 4356 εύναται
235 4300 569 4374 ποιήσασθαι
597 4302 696 4380 τὴν
729 4302 1059 4372 ἀνατροὴν.

84 4570 151 4617 ιε’.
190 4556 246 4619 ⁵0
275 4566 434 4637 ἥλιος
461 4565 549 4619 ὅτε
577 4557 724 4620 ἐστὶν
757 4566 900 4639 ὑπὲρ
931 4565 1027 4637 τὴν
1056 4564 1177 4638 γῆν,
1210 4558 1315 4620 ὑπὸ
1341 4566 1437 4638 τὴν
1466 4569 1570 4638 γῆν

41 4648 107 4701 uix
143 4651 281 4706 ἔστι·
317 4653 417 4707 καὶ
458 4655 545 4706 ὅτε
580 4656 726 4707 ἐστὶν
756 4656 862 4708 ὑπὸ
892 4657 990 4727 τὴν
1014 4657 1136 4726 γῆν,
1172 4657 1310 4729 ὑπὲρ
1341 4658 1438 4728 τὴν
1467 4659 1569 4729 γῆν

41 4739 106 4793 ὡκ
145 4743 272 4797 ἐστι.
338 4745 467 4808 Πῶς
505 4741 598 4799 οὖν
630 4746 796 4810 ἀΐδιος
825 4747 944 4800 καθ’
976 4747 1120 4818 ὑμᾶς
1145 4739 1317 4812 οὗτος,
1343 4742 1404 4802 τό
1431 4747 1569 4804 εἶναι

41 4833 161 4888 ιύτὺν
191 4839 331 4910 ὑπὲρ
357 4839 459 4909 τὴν
478 4839 579 4910 γῆν
608 4839 640 4910 ἦ
681 4839 785 4892 ὑπὸ
814 4840 913 4910 τὴν
937 4841 1038 4910 γῆν
1065 4833 1247 4906 ἀϊδίως
1274 4845 1373 4896 οὐκ
1400 4843 1566 4913 ἔχων;

41 4925 78 4979 ει
103 4929 151 4983 δὲ
179 4927 265 4984 τὸν
297 4934 397 4986 οὑκ
429 4932 596 4985 ἀΐδιον
628 4920 703 4996 ὡς
735 4929 900 4986 ἀΐδιον
932 4932 1399 5004 ὑπολαμϐάνουσιν
1440 4935 1568 4988 Ἔλ-

85 5079 98 5107 ⁷
128 5077 248 5151 Leg.
285 5082 570 5143 dolive-tow
585 5090 636 5137 et
673 5094 800 5136 mox
836 5082 953 5147 πῶς
987 5079 1103 5138 οὖν.

82 5211 178 5284 (40)
205 5217 384 5271 Κατὰ.
411 5257 425 5270 .
457 5257 470 5269 .
491 5235 554 5286 μ.
580 5216 771 5287 Expiet
799 5216 1208 5275 hanclacunam
1241 5220 1567 5345 Sylburgius‘

82 5285 222 5345 gendo
253 5287 396 5340 κατά
433 5288 660 5345 μέγεθος
712 5289 794 5342 νει
829 5287 970 5344 κατά
1004 5288 1417 5345 μεγαλειότητα.
1501 5293 1564 5345 vd

42 5285 222 5349 egendo
253 5287 396 5362 κατὰ
433 5285 690 5362 μέγεθοςξΔ
712 5289 794 5342 Vel
829 5285 1417 5362 xqed‘peyaletétﬁm.
1446 5285 1564 5345 Sed

42 5367 124 5405 'um
155 5371 275 5409 mox
308 5356 543 5441 legatur.
574 5356 840 5441 ἐφύλασσε
877 5360 934 5412 δὲ
966 5356 1097 5480 Ἷμίν
1138 5356 1202 5413 τὸ
1233 5356 1566 5443 κατάλληλον

42 5421 100 5473 ια).
145 5423 522 5480 θιιωδεστεοον
544 5467 560 5480 .
624 5429 711 5480 hic
767 5439 931 5480 etiam
1004 5430 1272 5480 edendum
1348 5433 1566 5480 Vldellll‘

41 5421 100 5500 ια).
133 5421 560 5500 θειωδέστερον,
616 5421 711 5482 hic
767 5429 931 5483 etiam
984 5421 1272 5500 legendum
1348 5421 1566 5488 videtur

41 5492 373 5571 θειωδέστερον
428 5492 662 5571 ὑπάρχει
711 5500 803 5552 καὶ
858 5492 1214 5571 κατάλληλον.
1264 5499 1565 5556 Cenﬁrmat

42 5575 167 5640 Ianc_
197 5566 484 5640 lectionem
541 5566 996 5640 Claronnontanus
1052 5566 1250 5640 codex.
1301 5573 1462 5640 cujus
1495 5574 1564 5627 ad

42 5633 294 5710 Ilarginem
325 5637 522 5710 legitur
553 5640 693 5710 κατᾲ
751 5639 886 5710 μέλη
921 5637 955 5710 ἢ
989 5639 1133 5694 κατά
1164 5633 1382 5709 μᾶλλον.

81 5697 181 5773 (Π)
214 5706 308 5784 Ὠς
338 5697 611 5784 ἤᾷντερον.
664 5697 815 5780 ιεέὶι
850 5697 1177 5784 Sylburgius
1226 5713 1306 5774 εὶς
1339 5709 1584 5784 ὕστερον,

41 5768 202 5840 τιιιιόι
234 5768 297 5828 τό
318 5768 497 5840 τέλοςῖ
739 5768 769 5780 ”
841 5829 844 5834 ,
891 5768 909 5782 ’
1053 5768 1085 5784 ν
1285 5768 1302 5774 ⁷
1409 5780 1416 5790 ⁸

81 5841 180 5916 (42)
196 5846 321 5900 Kal
349 5847 577 5917 θεότητι
604 5849 952 5904 ὑποπεσεῖν.
990 5849 1458 5914 Corruptissimus
1479 5853 1558 5908 io‘a

303 5943 572 6007 Ριτιιοι..
618 5944 734 6007 Gn.
784 5947 886 6010 γι.

1687 2003 1862 2058 quam
1913 1990 2076 2046 esse?
2123 1988 2318 2048 Inutile
2367 1996 2513 2050 enim
2564 1995 2830 2069 quidquid
2894 2005 3118 2074 proprio
3169 2009 3276 2061 line

1695 2081 1970 2150 privatur.

1766 2173 1853 2229 12.
1880 2172 1937 2228 Si
1965 2189 2128 2230 nemo
2151 2190 2251 2248 pro
2272 2194 2330 2234 re
2359 2183 2736 2238 commentitia
2759 2195 2987 2240 mortem
3011 2187 3136 2241 vitm
3160 2205 3274 2244 sine

1695 2273 2030 2336 anteponere
2059 2275 2241 2338 potest
2264 2314 2280 2338 ,
2305 2273 2600 2341 quomodo,
2634 2276 2680 2330 si
2712 2277 2771 2329 ut
2799 2277 2964 2333 vultis
2999 2296 3124 2333 vera
3161 2298 3271 2336 non

1693 2364 1780 2411 est
1811 2360 2230 2417 resurrectionis
2273 2361 2544 2430 doctrina,
2578 2380 2677 2434 pro
2711 2383 2774 2422 ea
2810 2369 2932 2425 vita:
2972 2376 3085 2426 sua:
3124 2388 3262 2426 mar-

1693 2457 1842 2521 tyres
1873 2460 2102 2509 mortem
2134 2445 2799 2523 praetulerunﬂQumnam
2837 2464 3017 2517 autem
3047 2466 3151 2518 alia
3183 2483 3270 2522 re~

1695 2541 1825 2612 ligio
1853 2550 1956 2607 est,
1993 2544 2148 2613 cujus
2181 2547 2430 2602 doctrina
2474 2551 2642 2605 rariis
2669 2553 3006 2610 cruciatibus
3033 2565 3086 2610 et
3122 2575 3269 2614 mora

1687 2633 1844 2688 tibus
1866 2635 2186 2692 conﬁrmata
2221 2637 2407 2702 fuerit.
2434 2640 2539 2697 nisi
2562 2639 3000 2700 Christianarum
3023 2648 3091 2702 de
3121 2666 3268 2703 mor-

1693 2733 1914 2782 tuorum
1943 2730 2384 2787 resurrectione?

1759 2907 1846 2965 15.
1884 2907 1964 2974 Si,
1995 2925 2115 2981 qum
2137 2909 2310 2966 Graeci
2343 2926 2452 2966 non
2485 2913 2734 2981 credunt,
2767 2931 2828 2971 ea
2857 2932 2959 2972 nec
2987 2927 3136 2983 sunt,
3167 2937 3266 2976 nec

1687 3010 1889 3071 erunt,
1931 3004 1986 3058 in
2013 3003 2326 3060 Graecorum
2357 3004 2607 3076 profecto
2636 3009 2950 3080 cognitione
2980 3014 3155 3082 posita
3180 3019 3264 3068 cst

1688 3109 1870 3151 rerum
1894 3097 2236 3153 exsistentia.
2267 3099 2553 3166 Quomodo
2582 3116 2716 3172 ergo
2745 3103 2799 3156 in
2829 3104 3108 3176 plerisque
3134 3123 3268 3176 pne-

1687 3184 1973 3256 cipuarum
2010 3189 2327 3257 opinionum
2359 3199 2413 3245 et
2450 3197 2638 3246 secum
2671 3193 2776 3263 ipsi
2809 3201 2863 3248 et
2891 3196 3035 3250 inter
3064 3213 3124 3252 se
3163 3213 3264 3267 pu-

1686 3291 1856 3354 gnare
1887 3284 2281 3352 reperiuntur?
2308 3283 2426 3338 Non
2461 3285 2607 3339 enim
2639 3285 2912 3354 ejusmodi
2949 3305 3130 3360 pugna
3174 3307 3268 3361 pa-

1685 3372 1819 3428 titur
1845 3373 1898 3428 in
1941 3372 2256 3430 Graecorum
2287 3377 2600 3448 cognitione
2635 3379 2864 3448 positam
2911 3396 3034 3436 esse
3081 3398 3263 3439 rerum

1685 3463 2084 3519 exsistentiam.

1754 3553 1916 3627 544
1945 3555 2032 3610 M.
2083 3553 2142 3609 Si
2176 3569 2364 3610 eorum
2401 3558 2703 3624 traditioni,
2732 3562 2827 3630 qui
2862 3569 3139 3618 auctorem
3169 3580 3260 3619 re-

1684 3645 2046 3702 surrectionis
2079 3661 2145 3700 ex
2195 3648 2429 3703 mortuis
2466 3648 2533 3703 ad
2574 3650 2737 3704 vitam
2783 3652 3145 3708 immortalem
3176 3671 3264 3709 re-

1684 3734 1990 3790 surrexisse
2030 3734 2304 3799 viderunt,
2356 3735 2514 3791 ﬁdem
2561 3753 2672 3792 non
2716 3738 2960 3806 habent;
3002 3750 3057 3795 at
3111 3753 3262 3800 certe

1683 3827 1884 3880 invicta
1914 3825 2384 3882 demonstratione
2417 3833 2843 3886 resurrectionis
2870 3832 3066 3903 dogma
3100 3835 3232 3891 refe!
3259 3866 3263 3870 -

1683 3916 1794 3972 lere
1821 3933 1931 3973 non
1956 3918 2159 3974 valent.
2180 3918 2313 3974 Nam
2335 3921 2482 3991 quod
2523 3921 2689 3976 homo
2728 3922 2970 3993 piscibus
2993 3940 3121 3981 esca
3145 3927 3257 3991 ﬁat,

1681 4007 2038 4078 quaestionem
2063 4008 2284 4079 quidem
2316 4010 2501 4076 habet,
2522 4008 3049 4071 demonstrationem
3075 4024 3256 4072 autem

1681 4101 1926 4158 minime.
1969 4101 2110 4157 Fieri
2153 4103 2300 4157 enim
2348 4118 2456 4158 non
2509 4111 2710 4174 potest,
2747 4113 2808 4160 ut
2839 4108 3031 4164 eadem
3074 4126 3164 4167 res
3203 4122 3257 4166 et

1681 4194 1786 4250 sub
1814 4194 2028 4259 oeulos,
2063 4202 2120 4247 ut
2153 4193 2318 4258 facta,
2352 4194 2533 4259 cadat,
2567 4203 2622 4250 et
2653 4197 2989 4255 incredibilis
3014 4217 3138 4258 esse
3166 4202 3256 4258 deo

1679 4294 2036 4342 monstretur.
2073 4284 2152 4341 Re
2178 4295 2358 4342 autem
2389 4303 2454 4342 ex
2489 4303 2580 4351 eo,
2603 4290 2746 4359 quod
2782 4293 3043 4357 evenerit,
3075 4297 3253 4364 possi-a

1679 4380 1774 4434 bili
1819 4379 2223 4448 demonstrata;
2279 4379 2428 4434 nulla
2481 4382 2628 4436 illam
2671 4384 3018 4440 ratiocinatio
3069 4398 3250 4456 potest

1677 4479 1942 4526 evertere.

1603 4553 1646 4608 D
1746 4561 1834 4616 15.
1869 4558 1962 4615 Sol
1997 4560 2216 4631 quando
2238 4575 2406 4632 supra
2436 4569 2638 4618 terram
2668 4573 2774 4629 est,
2816 4567 2920 4622 sub
2955 4575 3101 4622 terra
3135 4586 3247 4626 non

1670 4658 1792 4706 est:
1825 4657 1880 4706 et
1925 4653 2142 4722 quando
2185 4654 2289 4709 sub
2333 4663 2478 4708 terra
2521 4663 2640 4719 est,
2682 4673 2845 4728 supra
2883 4666 3084 4714 terram
3135 4675 3245 4716 non

1669 4752 1774 4798 est.
1804 4743 2052 4810 Quonam
2084 4761 2213 4816 ergo
2244 4747 2408 4801 modo
2438 4747 2506 4812 is,
2532 4749 2835 4804 secundum
2860 4765 2980 4816 vos,
3004 4761 3247 4811 αξιοι-συθ

1669 4845 1752 4892 est
1790 4857 1803 4893 :
1837 4853 1962 4892 cum
1992 4847 2228 4894 aeternus
2255 4839 2302 4893 ei
2334 4855 2441 4896 non
2472 4840 2543 4897 sit
2583 4842 2665 4896 vel
2704 4857 2868 4914 supra
2902 4851 3129 4910 terram,
3160 4848 3246 4903 vel

1671 4931 1774 4988 sub
1814 4941 1958 4987 terra
2007 4935 2226 4989 status?
2251 4933 2406 5000 Quod
2450 4934 2497 4991 si
2543 4950 2690 5001 eum,
2735 4937 2828 5007 qui
2860 4947 3099 4996 retentus
3133 4955 3243 4995 non

1669 5241 1769 5310 cu__s
1803 5223 2035 5310 fortasse
2068 5225 2378 5310 sanabitur,-
2436 5227 2482 5282 si
2503 5227 2779 5310 “legamus
2803 5223 2901 5309 θέα
2940 5239 3000 5282 τε
3025 5223 3240 5310 prterea

1671 5299 1803 5350 σεῖν.
1841 5294 1949 5351 Sed
1979 5312 2174 5351 manca
2225 5298 2402 5352 adimo
2437 5298 2543 5353 erit
2578 5294 2947 5362 ratiocinatio,
2985 5299 3090 5352 nisi
3143 5317 3240 5355 eri-

1661 5369 1917 5437 pleamus
1968 5383 2090 5437 qua:
2123 5367 2468 5431 exciderunt,
2513 5368 2568 5423 id
2602 5369 2748 5437 quod
2807 5370 2860 5438 in
2916 5370 3242 5438 interpreta;

1669 5439 1818 5492 tione
1865 5453 1988 5493 sum
2027 5447 2280 5495 conatus.
2336 5439 2539 5493 Eodem
2595 5438 2705 5493 fere
2741 5437 2902 5490 modo
2937 5437 3236 5494 Gelenius:

1669 5505 1819 5562 Fieri
1851 5509 1991 5562 enim
2021 5526 2125 5563 non
2153 5514 2348 5577 potest,
2393 5514 2449 5561 ut
2482 5507 2661 5562 eadem
2699 5524 2780 5561 res
2815 5515 2863 5560 et
2896 5508 3242 5575 impossibilia

1665 5577 2055 5634 demonstretur
2086 5590 2134 5633 et
2170 5582 2313 5648 facta
2342 5577 2670 5633 ostendatur.

1737 5648 2073 5720 (Αὖλοῠσίᾳ
2106 5649 2387 5720 δυνάμει.
2407 5648 2533 5720 llzee
2572 5660 2790 5715 quoque
2823 5648 3239 5716 corruptissima

1667 5717 1932 5792 sunt.'lta
1966 5719 2180 5792 reddidi
2237 5717 2392 5790 quasi
2430 5717 2694 5786 scriptum
2734 5720 2881 5771 esset
2931 5721 2999 5789 τῇ
3034 5736 3238 5792 meos-—

1667 5789 1757 5859 σία
1779 5789 2026 5846 δυνατοῦ.

2844 5936 2922 6012 Μ
