3662 6472
398 363 538 417 “83

1144 363 1508 420 AI’PENDIX.
1551 394 1619 404 -
1653 361 1828 417 PARS
1869 361 1904 416 Ι.
1947 361 2002 420 S.
2039 360 2298 418 JUSTINI
2333 362 2558 419 OPERA
2603 363 2873 421 SPURIA.

3504 373 3611 428 “8|

392 481 498 539 est,
531 481 794 530 :eternmr.
825 472 1119 544 opinantur
1145 476 1353 532 Grazci:
1387 475 1664 548 quomodo
1687 476 1792 530 [ide
1818 474 1946 546 dign

2128 494 2245 546 ινες,
2283 478 2397 540 πῶς
2431 478 2643 532 ἔσονται
2674 479 2976 545 ἀξιόπιστοι
3006 481 3299 551 νομοθέται
3327 485 3415 536 τοῦ
3438 486 3504 556 μὴ
3527 489 3617 542 ἐπε-

391 575 555 622 erunt
589 565 948 639 legislatores,
973 569 1100 622 dum
1133 568 1373 624 futuram
1405 585 1514 625 non
1555 584 1678 624 esse
1717 584 1964 623 resurre-

391 659 632 716 ctionem
665 673 1009 716 mortuorum
1039 663 1330 718 sanciunt?

465 753 550 808 16.
584 753 736 819 Quod
789 769 934 807 nunc
965 769 1153 823 supra,
1195 769 1342 808 nunc
1374 755 1514 808 intra
1541 763 1647 818 est,
1680 755 1732 810 id
1773 771 1836 811 ex
1873 771 1968 809 eo-

391 863 514 900 rum
539 862 768 901 numero
790 855 1028 915 est,qu:e
1051 847 1346 916 aliquando
1372 863 1478 900 non
1505 856 1654 910 sunt,
1676 863 1776 902 nec
1800 862 1966 918 supra

390 940 646 995 videlicet
695 945 795 993 nec
837 936 999 992 infra.
1037 937 1321 1002 Quomodo
1361 939 1526 1008 igitur
1577 939 1658 994 sol
1703 947 1963 998 aeternus,

390 1031 483 1100 qui
513 1039 803 1099 antequam
845 1044 1009 1098 supra
1039 1038 1186 1083 esset
1221 1039 1313 1082 aut
1345 1029 1508 1094 infra,
1542 1046 1648 1084 non
1692 1029 1832 1083 fuit?
1862 1029 1965 1096 Qui

389 1139 520 1192 ergo
552 1121 722 1177 solem
756 1127 950 1173 natura
985 1135 1082 1174 sua
1125 1121 1367 1190 genitum
1418 1122 1690 1190 ignorant,
1724 1122 1790 1176 iis
1820 1136 1967 1174 mor-

391 1224 515 1269 tuos
550 1226 837 1282 resurgere
887 1213 1214 1282 negantibus
1247 1212 1524 1281 quomodo
1572 1228 1680 1266 non
1731 1213 1966 1270 absurde

391 1308 464 1360 illi
522 1305 832 1367 crederent,
879 1319 1114 1374 quorum
1169 1304 1592 1358 resurrectionis
1621 1312 1814 1358 auctor
1851 1306 1964 1375 jam

388 1401 603 1454 illorum
641 1397 1038 1468 primogenitus
1073 1397 1478 1450 resurrectione
1509 1395 1686 1450 lactus
1717 1402 1842 1452 est?

457 1491 543 1545 l7.
575 1491 711 1545 Cum
762 1488 942 1543 valida
996 1497 1080 1543 est
1128 1487 1404 1542 eﬂectoris
1456 1489 1717 1555 potentia,
1751 1497 1865 1541 tum
1911 1495 1963 1541 et

386 1583 610 1637 materia
645 1581 712 1635 ad
747 1580 1088 1636 etl‘ectionem
1139 1579 1324 1648 operis
1358 1578 1572 1634 idonea.
1621 1579 1724 1634 Sed
1764 1581 1809 1635 si
1841 1581 1964 1650 quis

388 1683 639 1728 mortuus
681 1673 791 1729 Deo
821 1673 1049 1728 idoneus
1081 1681 1166 1727 est
1207 1671 1273 1726 ad
1302 1673 1778 1728 resuscitationem
1805 1716 1820 1738 ,
1861 1689 1962 1727 ne-

386 1767 634 1821 cessario
656 1775 710 1821 et
740 1767 943 1820 omnis.
973 1765 1042 1818 At
1070 1765 1116 1819 si
1141 1780 1250 1818 non
1292 1765 1493 1828 omnis,
1521 1781 1682 1819 nemo
1711 1781 1958 1835 prorsus.

386 1859 504 1914 Non
564 1870 690 1916 sunt
736 1866 916 1912 autem
967 1858 1393 1928 cogitationibus
1434 1859 1641 1913 nostris
1691 1858 1961 1912 metienda

387 1966 553 2022 opera
584 1951 675 2007 Dei
730 1950 864 2004 Nam
900 1966 1067 2019 supra
1099 1960 1334 2005 mentem
1363 1959 1416 2005 et
1447 1966 1670 2005 sensum
1711 1959 1764 2005 et
1794 1950 1964 2004 ratio—

389 2059 511 2099 nem
542 2052 669 2098 sunt
707 2059 871 2114 opera
901 2041 1017 2098 Dei.
1053 2042 1112 2095 ln
1145 2043 1344 2112 quibus
1374 2042 1477 2096 hoc
1523 2059 1741 2113 quoque
1767 2051 1872 2108 est,
1905 2053 1960 2096 ut

387 2138 550 2191 etiam
585 2145 809 2190 voratus
845 2150 874 2187 a
915 2135 1159 2206 piscibus
1191 2144 1441 2189 mortuus
1464 2136 1774 2191 necessario
1802 2136 1855 2190 in
1883 2135 1963 2188 vi-

385 2241 498 2282 tam
537 2229 742 2288 redeat,
768 2227 1022 2296 quamvis
1063 2226 1110 2280 ei
1153 2226 1220 2280 ab
1264 2225 1447 2296 aliquo
1475 2227 1753 2296 corrumpi
1788 2224 1962 2279 conti-

387 2320 540 2388 gerit.

458 2413 546 2467 l8.
581 2409 867 2477 Quomodo
913 2424 1103 2462 verum
1151 2423 1275 2464 esse
1321 2419 1525 2480 potest,
1577 2408 1866 2464 Dominum
1909 2418 1962 2462 et

388 2504 526 2557 vivis
557 2501 825 2557 dominari
858 2509 912 2553 et
943 2498 1196 2562 mortuis,
1229 2515 1352 2554 cum
1385 2515 1451 2554 ex
1487 2499 1752 2553 sententia
1782 2506 1960 2553 vestra

389 2597 682 2664 potentiam
710 2610 817 2647 non
848 2593 1040 2646 habeat
1070 2593 1296 2646 alterunt
1331 2596 1385 2647 in
1422 2593 1653 2647 alterum
1682 2599 1960 2646 transmu-

388 2689 580 2741 tondi?

457 2781 543 2834 49.
581 2779 636 2834 Si
665 2779 1002 2833 deteriorum
1032 2778 1252 2849 quidem
1283 2777 1426 2832 Deus
1464 2776 1735 2840 conditor,
1771 2777 1962 2832 melio-

387 2890 506 2926 rum
539 2882 719 2927 autem
757 2888 866 2926 non
897 2874 1057 2934 item,
1094 2870 1371 2940 quomodo
1404 2869 1454 2922 id
1483 2883 1591 2922 non
1621 2877 1705 2924 cst
1735 2867 1964 2922 inﬁmi—

385 2969 512 3020 tatis
555 2965 647 3019 Dei
681 2967 989 3020 indicium?
1019 2965 1163 3035 quod
1202 2979 1336 3020 sane
1388 2963 1536 3018 dictu
1580 2963 1827 3033 impium.
1865 2961 1962 3015 Sin

385 3074 537 3126 a-qua
580 3056 670 3110 Dei
722 3067 966 3127 potestas
1011 3068 1092 3111 est
1131 3055 1196 3109 ad
1249 3063 1542 3125 utrumque
1594 3052 1959 3115 condendum,

2072 568 2194 622 σθαι
2221 569 2329 623 τῶν
2362 571 2570 643 νεκρῶν
2600 572 2695 644 τὴν
2718 573 3054 636 ἀνάστασιν;

2142 759 2233 817 ις’.
2290 753 2363 806 Τὸ
2419 754 2549 807 ποτὲ
2596 755 2694 825 μὲν
2727 755 2860 820 ἀνω,
2899 757 3032 810 ποτὲ
3073 757 3132 810 δὲ
3172 757 3349 824 κάτω,
3382 760 3482 812 τῶν
3509 764 3618 814 ποτὲ

2067 847 2166 899 οῦκ
2197 846 2364 900 ὅντων
2394 847 2561 911 ἐστὶν,
2590 847 2714 902 οὔτε
2745 849 2883 912 ἀνω,
2911 849 3035 902 οῦτε
3079 851 3256 904 κάτω.
3294 850 3416 915 Πῶς
3447 851 3531 905 οὖν
3557 856 3619 906 ἀι-

2065 937 2174 1001 διος
2217 940 2246 991 6
2295 937 2464 1008 ἥλιος,
2508 941 2536 992 6
2569 939 2673 1011 πρὸ
2703 940 2799 994 τοῦ
2826 937 2964 994 εἶναι
2999 942 3114 995 ἀνω
3149 942 3182 1012 ἢ
3216 943 3370 996 κάτω
3398 944 3492 996 οὐκ
3534 945 3616 1004 t’uv;

2069 1027 2192 1093 Τοῖς
2233 1025 2325 1082 οὖν
2345 1031 2435 1084 τὸν
2470 1031 2618 1101 ἥλιον
2649 1033 2792 1085 κατά
2818 1032 2914 1104 τὴν
2944 1033 3158 1086 οἰκείαν
3193 1033 3360 1102 φύσιν
3397 1038 3618 1106 γεννητὸν

2066 1121 2192 1174 ὄντα
2245 1121 2318 1193 μὴ
2363 1123 2761 1193 ἐπισταμένοις,
2803 1124 2918 1188 πῶς
2955 1125 3058 1179 οῦκ
3094 1127 3304 1181 ἄτοπον
3326 1126 3524 1191 τούτοις
3547 1147 3616 1181 ττι-

2068 1215 2277 1268 στεύειν
2310 1215 2437 1285 περὶ
2464 1215 2556 1267 τοῦ
2595 1213 2669 1286 μὴ
2698 1216 3022 1270 ἀνίστασθαι
3059 1218 3192 1281 τοὺς
3242 1220 3484 1290 νεκροὺς,
3511 1216 3574 1274 ὧν
3595 1222 3621 1273 6

2067 1306 2304 1377 ἀρχηγὸς
2323 1305 2422 1375 τῆς
2444 1305 2786 1370 ἀναστάσεως
2804 1309 3152 1379 πρωτότοκος
3173 1309 3363 1364 αὐτῶν
3381 1311 3474 1383 ἤδη
3489 1313 3620 1381 γέγο-

2067 1415 2154 1450 νεν
2185 1399 2248 1451 ἐκ
2273 1398 2369 1468 τῆς
2397 1398 2774 1463 ἀναστάσεως;

2137 1489 2219 1554 ιζ’.
2259 1491 2383 1541 "Urs
2423 1491 2454 1560 ή
2487 1490 2709 1561 δύναμις
2743 1490 2917 1562 ἰσχύει
2949 1490 3044 1544 τοῦ
3077 1493 3388 1556 ποιοῦντος,
3417 1495 3523 1547 τότε
3549 1499 3618 1548 καὶ

2065 1585 2098 1653 ἡ
2150 1583 2247 1656 ῦλη
2292 1585 2590 1653 ἐπιτήδειος
2639 1583 2773 1655 πρὸς
2817 1583 2915 1654 τὴν
2954 1585 3178 1654 ποίησιν
3209 1586 3308 1638 τοῦ
3352 1588 3614 1656 γινομέκιι.

2079 1675 2215 1728 Ἀλλ’
2234 1676 2384 1738 εἴτις
2410 1676 2598 1747 νεκρὸς
2627 1675 2927 1746 ἐπιτήδειός
2953 1678 3070 1729 ἐστι
3102 1677 3185 1748 τῷ
3207 1678 3332 1748 Θεῷ
3358 1679 3488 1750 πρὸς
3506 1679 3618 1748 ἐγερρ

2068 1784 2169 1829 σιν,
2203 1767 2261 1834 ἐξ
2294 1768 2537 1838 ἀνάγκης
2586 1768 2677 1820 καὶ
2710 1769 2845 1830 πᾶς·
2881 1769 2975 1820 καὶ
3019 1771 3069 1821 εξ
3123 1768 3203 1839 μὴ
3253 1770 3351 1822 καὶ
3398 1773 3514 1833 πᾶς,
3551 1774 3617 1822 οὺ-

2065 1860 2191 1922 δείς.
2225 1861 2298 1913 Οὐ
2337 1859 2441 1932 χρὴ
2494 1859 2551 1912 δὲ
2584 1862 2696 1922 τοῖς
2721 1859 3013 1931 ἡμετέροις
3051 1860 3409 1932 ἐνθυμήμασι
3441 1866 3617 1932 μετρεῖν

2063 1952 2156 2005 τοῦ
2189 1952 2323 2006 Θεοῦ
2355 1952 2424 2005 τὰ
2454 1943 2609 2025 ἔργα.
2647 1952 2817 2022 ’Υπὲρ
2855 1951 2979 2004 νοῦν
3002 1952 3115 2024 γὰρ
3148 1955 3248 2005 καὶ
3288 1953 3525 2024 αἴσθησιν
3547 1956 3617 2006 καὶ

2064 2043 2218 2111 λόγον
2257 2041 2350 2094 τοῦ
2397 2041 2532 2094 Θεοῦ
2563 2041 2631 2094 τά
2661 2041 2828 2112 ἔργα·
2863 2042 2918 2092 ὲν
2957 2036 3039 2103 οἷς
3072 2043 3194 2094 ἐστι
3231 2044 3332 2094 καὶ
3360 2043 3447 2094 τὸν
3479 2043 3617 2112 ἰχθυο-

2065 2134 2273 2204 ϐρωτον
2317 2133 2508 2202 νεκρὸν
2559 2133 2770 2204 ἀνάγκῃ
2819 2131 2980 2185 πάλιν
3010 2133 3091 2195 εἰς
3118 2133 3180 2184 τὸ
3212 2128 3357 2186 εἶναι
3389 2133 3560 2197 ἐλθεῖν,
3583 2139 3616 2184 εξ

2065 2227 2158 2280 καὶ
2185 2226 2381 2296 συνέϐη
2415 2225 2574 2279 αὐτὸν
2604 2226 2878 2296 ψθαρῆναι
2907 2226 3014 2278 ὑπό
3040 2243 3212 2287 τινος.

2139 2416 2224 2480 ιη’.
2269 2410 2393 2472 Πῶς
2430 2412 2575 2462 ἐστιν
2612 2407 2814 2480 ἀληθὲς
2844 2409 2905 2460 τὸ
2936 2408 3160 2474 ζώντων
3189 2411 3287 2464 καὶ
3319 2411 3514 2482 νεκριῖιν
3542 2425 3618 2462 κιρ

2067 2504 2267 2574 ριεύειν
2291 2503 2382 2556 τὸν
2438 2503 2659 2573 Κύριον,
2713 2503 2835 2556 καθ’
2885 2504 3029 2572 ὑμᾶς
3062 2505 3168 2557 ούκ
3202 2504 3392 2574 ἔχοντα
3427 2503 3618 2572 δύναμιν

2065 2595 2292 2666 θατέρου
2319 2597 2398 2657 εἰς
2424 2595 2609 2665 ἕτερον
2645 2597 3113 2667 μεταποιητικήν;
3568 2580 3572 2584 ⁸

2139 2771 2221 2824 ιϐ’.
2271 2771 2333 2824 Εἰ
2377 2770 2604 2842 ποιητὴς
2647 2771 2754 2823 τῶν
2801 2770 2898 2841 μὲν
2941 2773 3211 2842 χειρόνων
3262 2774 3456 2826 ἐστὶνό
3494 2773 3618 2835 636;,

2062 2863 2170 2917 τῶν
2210 2864 2267 2917 δὲ
2305 2863 2588 2936 βελτιόνων
2621 2864 2719 2916 οὐκ
2750 2863 2884 2926 ἔστι,
2927 2864 3043 2926 πῶς
3077 2865 3183 2916 οῦκ
3218 2865 3333 2917 ἐστι
3364 2865 3621 2932 τοῦτοίεἰς.

2076 2977 2152 3027 μα
2198 2957 2297 3026 τῆς
2312 2954 2405 3008 τοῦ
2424 2955 2557 3007 Θεοῦ
2579 2953 2888 3019 ἀσθενείας;
2910 2956 3049 3027 ὅπερ
3071 2957 3224 3009 ἐστὶν
3246 2957 3432 3018 ἀσεϐὲς
3449 2957 3617 3024 λέγειν.

2063 3046 2126 3100 El
2164 3047 2220 3100 δὲ
2271 3047 2358 3116 ἴση
2415 3047 2562 3100 ἐστὶν
2618 3047 2650 3114 ἡ
2694 3046 2790 3098 τοῦ
2823 3046 2960 3098 Θεοῦ
3007 3047 3244 3118 δύναμις
3280 3050 3412 3119 πρὸς
3435 3050 3618 3119 ποίησις

386 3166 486 3204 cur
531 3151 988 3204 resurrectionem
1043 3165 1152 3202 non
1186 3146 1408 3201 creditis
1460 3154 1822 3211 mortuorum,
1869 3148 1948 3216 qui

2128 3138 2450 3209 ατέρουβιά
2472 3139 2524 3190 τί
2547 3139 2822 3191 ἀπιστεῖτε
2854 3139 2950 3208 τὴν
2982 3139 3288 3192 ἀνάστασιν
3315 3141 3418 3192 τῶν
3444 3141 3617 3208 νεκρὼ

387 3243 453 3295 ad
487 3240 1060 3308 iucorruptibilitatem
1098 3240 1435 3307 resurgunt?

451 3332 542 3385 20.
575 3331 630 3385 Si
669 3331 777 3384 Deo
805 3331 871 3384 ad
901 3330 1244 3386 efﬁciendum
1276 3337 1519 3398 potestas
1541 3337 1646 3392 est,
1679 3327 1837 3382 nobis
1863 3344 1960 3384 at:—

387 3429 495 3476 tem
526 3423 777 3492 accipere
807 3421 938 3474 utile
967 3428 1072 3480 est,
1103 3427 1161 3471 ut
1190 3434 1290 3474 nos
1327 3434 1392 3472 ex
1435 3419 1536 3470 hac
1567 3419 1885 3472 calamitosa
1910 3429 1963 3472 et

387 3514 736 3584 corruptilzili
779 3514 886 3566 vita
915 3513 978 3566 ad
1012 3513 1230 3566 beatum
1271 3519 1325 3564 et
1353 3510 1821 3578 incorruptibilem
1851 3517 1963 3563 sta-

388 3619 500 3664 tum
535 3625 630 3678 per
676 3604 1134 3661 resurrectionem
1171 3604 1348 3674 potius
1378 3601 1662 3673 perducat,
1699 3617 1859 3671 quam
1906 3613 1964 3657 ut

385 3721 452 3759 ex
501 3685 778 3758 laboriosa
825 3698 1276 3769 philosophorum
1321 3697 1453 3759 vita,
1491 3695 1543 3749 in
1591 3709 1961 3750 aerumnosum

388 3797 629 3851 laborem
663 3792 1038 3857 formicarum,
1066 3790 1286 3846 Grzecos
1331 3789 1684 3860 philosophos
1727 3787 1964 3842 transte-

386 3896 471 3942 rat
501 3903 597 3957 per
631 3881 1144 3954 metempsychosim
1189 3900 1204 3938 :
1249 3881 1379 3951 quid
1426 3881 1599 3950 magis
1642 3878 1960 3942 ridiculum,

385 3994 548 4049 quam
603 3977 705 4031 hoc
739 3973 968 4045 quidem
1013 3972 1342 4028 testimoniis
1393 3971 1805 4041 comprobatum
1853 3984 1961 4022 non

386 4069 633 4133 credere,
663 4067 796 4122 illud
843 4075 1048 4130 autem,
1079 4079 1205 4119 cum
1243 4063 1546 4119 subsistere
1573 4069 1827 4132 nequeat,
1860 4059 1963 4114 ﬁde

386 4161 696 4232 complecti,
722 4167 776 4214 et
820 4165 1062 4214 statuere
1095 4154 1399 4219 Platonem,
1429 4155 1521 4224 qui
1563 4153 1693 4208 olim
1735 4152 1964 4207 Athenis

387 4252 824 4326 philosophatus,
857 4249 1078 4305 tandem
1121 4247 1404 4302 formicam
1437 4247 1596 4301 ﬁeri?

457 4345 616 4418 555
652 4344 743 4400 2L
782 4341 839 4398 Si
875 4340 1176 4397 secundum
1215 4339 1436 4394 Graecos
1484 4337 1650 4400 Deus,
1695 4337 1822 4407 quia
1856 4344 1961 4402 est,

385 4449 437 4493 et
473 4455 581 4493 non
625 4434 752 4506 quia
790 4437 926 4497 vult,
978 4432 1228 4487 homines
1261 4431 1454 4488 ellicit:
1491 4429 1766 4497 quomodo
1809 4425 1963 4480 Plato

2064 3232 2170 3284 τῶν
2221 3235 2299 3293 εἰς
2353 3229 2658 3299 ἀφθαρσίαν
2704 3230 3122 3299 ἀνισταμένων;

2131 3329 2197 3374 κ’.
2224 3320 2284 3372 Εἰ
2313 3320 2431 3390 Θεῷ
2481 3321 2576 3390 μὲν
2606 3320 2739 3390 πρὸς
2759 3320 2819 3372 τὸ
2853 3323 3032 3372 ποιεῖν
3064 3323 3220 3376 ἐστιν
3253 3325 3351 3376 οὐκ
3374 3322 3616 3375 ἀδύνατον.

2063 3416 2193 3485 ἡμῖν
2233 3414 2288 3466 δὲ
2327 3416 2462 3484 πρὸς
2501 3414 2559 3464 τὸ
2602 3412 2852 3480 γενέσθαι
2897 3415 3019 3466 ἐστὶ
3054 3414 3339 3479 λυσιτελὲς
3369 3417 3426 3468 τὸ
3455 3419 3514 3467 ἐκ
3543 3415 3615 3481 τῆε

2064 3507 2494 3559 πολυστενάκτου
2523 3521 2579 3556 τε
2606 3504 2698 3556 καὶ
2731 3504 3053 3576 ὲμφθάρτου
3083 3507 3239 3577 ζωῆς
3267 3509 3485 3575 ἀγαγεῖν
3502 3507 3616 3576 ἡμᾶς

2063 3601 2142 3660 εἰς
2171 3598 2447 3668 μακαρίαν
2480 3611 2535 3647 τε
2585 3595 2676 3647 καὶ
2715 3595 2996 3667 ἄφθαρτον
3044 3598 3383 3651 κατάστασιν
3427 3598 3508 3650 διὰ

2063 3689 2408 3750 ἀναστάσεως
2458 3685 2654 3756 μᾶλλον
2697 3684 2730 3755 ἣ
2769 3687 2836 3739 ἐκ
2866 3686 2968 3757 τῆς
3011 3688 3125 3741 τῶν
3165 3689 3463 3759 φιλοσόφων
3500 3687 3616 3756 φιλο-

2064 3781 2253 3840 πονίας
2277 3783 2354 3844 εἰς
2385 3781 2483 3851 τὴν
2509 3783 2616 3834 τῶν
2659 3783 2967 3854 μυρμήκων
3015 3781 3335 3851 φιλοπονίαν
3363 3781 3616 3849 ἀναγαγεῖν

2055 3873 2188 3950 ’τοῦς
2211 3871 2633 3940 φιλοσοφοῦντας
2651 3871 2920 3942 ’Έλληνας
2936 3870 3027 3923 διὰ
3043 3871 3145 3942 τῆς
3165 3889 3292 3942 μετε
3301 3869 3614 3942 μῴυχὼσεως.

2063 3962 2116 4015 τί
2147 3961 2591 4033 γελοιωὸἐστερον
2637 3961 2731 4016 τοῦ
2783 3963 2980 4032 ἐκείνῳ
3025 3963 3127 4032 μὲν
3179 3960 3614 4034 μεμαρτυρημνῳ

2064 4055 2331 4117 ἀπιστεῖν,
2349 4054 2507 4108 τοῦτο
2544 4055 2599 4107 δὲ
2630 4053 2948 4118 ἀσυστάτως
2989 4056 3275 4109 πιστεύειν
3298 4057 3385 4108 καὶ
3401 4054 3614 4121 δογματί-

2064 4145 2202 4209 ζειν·
2227 4143 2367 4197 ὥστε
2406 4144 2496 4198 τὸν
2534 4145 2699 4198 πάλαι
2745 4143 3137 4214 Ἀθηναῖζοντα
3175 4145 3454 4214 φιλόσοφον
3495 4143 3608 4195 Πλά-

2063 4253 2207 4288 τωνα
2239 4236 2363 4288 ῦστε
2372 4254 2463 4307 ρον
2499 4255 2567 4308 μυ
2578 4235 2860 4308 ρμηκίζειν
2881 4254 2896 4300 ς

2133 4334 2238 4382 κα’,
2266 4329 2327 4380 Εἰ
2359 4329 2501 4381 κατά
2539 4330 2663 4391 τοὺς
2703 4327 2980 4398 Ἕλληνας
3014 4328 3096 4398 τῷ
3151 4325 3314 4395 εἶναι,
3343 4331 3427 4382 καὶ
3463 4328 3517 4379 οὗ
3549 4325 3610 4389 ταῖς

2067 4417 2346 4487 βούλεσθαι
2381 4422 2524 4471 ποιεῖ
2550 4419 2578 4469 6
2606 4419 2737 4482 Θεὸς
2764 4421 2891 4482 τοὺς
2920 4419 3273 4490 ἀνθρώπους,
3305 4421 3416 4484 πῶς
3445 4421 3470 4470 6
3500 4417 3608 4469 Illa-

386 4501 684 4600 aliquando
715 4533 801 4581 cst
841 4522 1044 4577 animal
1081 4521 1293 4575 ratione
1333 4519 1622 4591 praeditum
1671 4526 1726 4573 et
1770 4518 1948 4585 homo,

2128 4527 2168 4561 ιν
2212 4510 2342 4562 ποτὲ
2373 4509 2470 4580 μὲν
2499 4509 2613 4562 ἔστι
2644 4509 2780 4573 ζῶον
2810 4509 3032 4578 λογικὸν
3057 4513 3156 4564 καὶ
3186 4512 3474 4584 ἄνθρωπος,
3503 4505 3606 4557 ποτὲ

386 4619 682 4692 aliquando
730 4616 931 4672 animal
986 4613 1218 4668 rationis
1255 4628 1452 4682 expers
1505 4618 1558 4666 et
1608 4610 1833 4665 formica
1868 4625 1963 4680 per

386 4708 940 4782 metempsycbosini?
977 4705 1133 4773 Quod
1179 4706 1227 4760 si
1281 4721 1347 4760 ex
1394 4719 1458 4759 eo
1507 4703 1652 4774 quod
1688 4701 1832 4758 Deus
1866 4702 1958 4762 sit.

387 4804 636 4874 sequitur
669 4801 948 4856 l'latonem
993 4797 1267 4852 hominem
1304 4797 1418 4851 ﬁeri
1441 4838 1454 4855 .
1504 4809 1733 4850 necesse
1764 4794 1868 4850 erit
1900 4802 1960 4848 ut

386 4896 612 4950 l'latone
636 4907 702 4946 ex
740 4890 958 4946 homine
987 4889 1210 4944 formica
1235 4887 1400 4950 facto,
1435 4886 1580 4942 Deus
1611 4886 1775 4941 etiam
1798 4887 1867 4942 ab
1895 4900 1962 4941 eo

385 4987 532 5058 quod
556 4994 642 5041 est
669 4991 933 5039 mutetur.
965 4982 1061 5034 Sin
1099 4979 1255 5034 Plato
1290 4979 1510 5049 quidem
1535 4985 1958 5042 transmutatur,

387 5082 531 5134 Deus
559 5091 689 5131 vero
724 5075 793 5129 ab
824 5089 889 5128 eo
922 5071 1066 5144 quod
1097 5081 1181 5125 est
1217 5087 1323 5126 non
1354 5079 1788 5137 transmutatur,
1819 5087 1958 5140 quo-

387 5171 550 5225 modo
579 5167 712 5239 quia
743 5172 857 5225 est,
883 5173 937 5219 ct
966 5179 1075 5217 non
1108 5163 1238 5233 quia
1267 5165 1383 5216 vult
1415 5161 1558 5218 Deus
1590 5161 1838 5218 homines
1874 5161 1957 5218 et"-

377 5261 536 5316 ﬁcit?

451 5349 544 5403 22.
588 5347 646 5402 Si
681 5361 823 5417 opus
869 5344 964 5399 Dei
1018 5359 1126 5398 non
1175 5340 1383 5403 interit,
1417 5339 1580 5392 homo
1605 5347 1783 5394 autem
1818 5339 1959 5394 inte-

381 5445 489 5502 rit;
525 5456 636 5495 non
669 5453 800 5510 ergo
841 5436 946 5492 erit
990 5435 1155 5488 homo
1198 5431 1294 5486 Dei
1345 5447 1485 5501 opus
1513 5445 1581 5483 ex
1614 5444 1827 5496 eorum,
1865 5430 1958 5500 qui

386 5535 491 5587 hoc
523 5533 734 5594 dicunt,
771 5527 1066 5584 sententia.

455 5620 548 5675 25.
592 5618 649 5672 Si
673 5634 845 5689 genus
868 5627 1117 5671 nostrum
1148 5615 1217 5670 ad
1241 5612 1294 5667 id
1325 5619 1386 5665 ut
1420 5611 1492 5666 sit
1522 5611 1842 5680 producitur
1865 5625 1961 5679 per

391 5709 817 5778 generationem,
847 5717 901 5764 et
932 5707 997 5761 ab
1016 5723 1082 5762 eo
1107 5703 1254 5776 quod
1278 5709 1363 5758 est
1395 5701 1685 5758 abducitur
1713 5717 1808 5770 per
1836 5715 1960 5754 cor—

395 5800 697 5870 ruptionem
720 5842 732 5864 ,
770 5799 1040 5871 quomodo
1075 5797 1190 5855 lieri
1228 5802 1408 5868 potest
1447 5803 1500 5849 ut
1539 5793 1680 5850 Deus
1720 5808 1827 5847 non
1863 5806 1958 5846 vo-

2062 4601 2118 4654 es
2148 4601 2283 4666 ζῶον
2314 4600 2508 4669 ἄλογον
2530 4602 2622 4654 καὶ
2653 4599 2877 4672 μύρμηξ
2906 4601 2996 4654 διά
3013 4602 3117 4673 τῆς
3147 4601 3575 4674 μετεμψυχὼσεως
3593 4637 3604 4652 ς

2064 4693 2125 4745 Εἰ
2184 4692 2282 4762 μὲν
2325 4692 2514 4746 ἕπεται
2555 4694 2634 4764 τῷ
2677 4693 2796 4764 Θεῷ
2822 4693 2884 4746 τὸ
2936 4693 3195 4762 γενέσθαι
3253 4696 3341 4747 τὸν
3383 4691 3606 4744 Πλάτωνα

2063 4784 2369 4855 ἄνθρωπον,
2400 4787 2635 4856 ἀνάγκη,
2657 4786 3034 4856 μεταγομένου
3052 4786 3151 4839 τοῦ
3174 4786 3439 4844 Πλάτωνος
3451 4783 3504 4836 ἐκ
3526 4776 3600 4828 τολὲ

2063 4870 2198 4927 εἶναι
2225 4874 2387 4927 αὐτὸν
2408 4875 2690 4946 ἄνθρωπον
2705 4875 2787 4940 εἰς
2818 4875 2878 4928 τὸ
2898 4875 3157 4943 γενέσθαι
3175 4875 3336 4929 αὐτὸν
3362 4875 3600 4945 μύρμηκα.

2067 4964 2458 5034 μεταγενέσθαι
2487 4967 2580 5019 καὶ
2609 4957 2698 5019 τὸν
2731 4965 2864 5017 Θεὸν
2897 4964 2995 5017 τοῦ
3040 4961 3184 5020 εἶναι
3225 4968 3255 5021 ὃ
3296 4968 3428 5018 ἐστιν
3448 4979 3460 4991 ·
3491 4962 3527 5012 εξ

2062 5056 2091 5107 6
2141 5057 2366 5110 Πλάτων
2429 5057 2527 5127 μὲν
2583 5057 2970 5128 μεταφέρεται,
3019 5060 3048 5111 6
3079 5059 3139 5112 δὲ
3181 5060 3313 5121 Θεὸς
3331 5055 3412 5110 τοῦ
3435 5049 3546 5105 εἶναι
3575 5049 3600 5096 ἱ

2063 5151 2210 5202 ἐστιν
2229 5151 2290 5203 οὐ
2327 5150 2723 5220 μεταφέρεται,
2758 5150 2875 5212 πῶς
2901 5150 2980 5221 τῷ
3018 5147 3182 5213 εἶναι,
3209 5154 3303 5206 καὶ
3328 5151 3383 5204 οὐ
3410 5147 3478 5216 τῷ
3498 5140 3598 5211 $0;-

2064 5239 2251 5292 λεσθαι
2281 5243 2309 5293 6
2334 5239 2466 5303 Θεὸς
2494 5241 2638 5292 ποιεῖ
2663 5241 2789 5303 τοὺς
2831 5237 3194 5311 ἀνθρώπους;

2137 5333 2238 5385 κδ’.
2277 5333 2338 5385 Ei.
2371 5332 2432 5384 τὸ
2461 5331 2620 5402 ἔργον
2647 5330 2740 5384 τοῦ
2789 5331 2924 5384 Θεοῦ
2960 5332 3022 5384 οὐ
3075 5332 3367 5404 φθείρεται,
3395 5330 3420 5380 6
3446 5324 3492 5376 δὲ
3520 5321 3599 5371 ἀν-

2065 5426 2281 5496 θρωπος
2316 5423 2617 5494 φθείρεται,
2667 5423 2770 5475 οὐκ
2799 5423 2908 5495 ἀρα
2943 5425 3094 5476 ἐστὶν
3125 5427 3153 5476 6
3177 5423 3440 5494 ἄνθρωπος
3462 5415 3598 5482 ἔργον

2061 5517 2156 5570 τοῦ
2189 5516 2324 5569 Θεοῦ
2355 5515 2494 5569 κατὰ
2531 5515 2658 5578 τοὺς
2689 5514 2850 5568 τοῦτο
2874 5515 3155 5584 λέγοντας.

2133 5613 2236 5675 κγ’.
2275 5607 2337 5659 Εἰ
2367 5605 2428 5659 τὸ
2450 5605 2604 5674 γένος
2643 5606 2799 5676 ἡμῶν
2834 5607 2915 5668 εἰς
2940 5606 3003 5658 τὸ
3054 5602 3196 5658 εἶναι
3243 5604 3482 5670 εἰσάγεται
3517 5592 3596 5644 διὲ

2063 5699 2163 5770 τῆς
2180 5699 2466 5767 γενέσεως,
2495 5696 2707 5751 καὶτοῦ
2739 5693 2879 5752 εἶναι
2920 5698 3179 5767 ἐξάγεται
3227 5698 3310 5750 διά
3352 5711 3442 5765 ττης
3484 5691 3592 5759 φθε-

2070 5794 2184 5863 ρίςν
2220 5791 2335 5855 πῶς
2382 5790 2649 5861 ἐνδέχεται
2678 5790 2771 5845 τὸν
2804 5791 2939 5847 Θεὸν
2979 5791 3074 5846 τοῦ
3124 5787 3262 5846 εἶναι
3285 5789 3366 5845 καὶ
3403 5784 3482 5841 τοῦ
3519 5785 3594 5852 μὴ
