  <div class='ocr_page' id='page_1' title='image "/cluster/home/n/w/nwhite01/storage/ocr_20150623/6/hvd.32044019206606/750.png"; bbox 0 0 3690 6516; ppageno 0'>
   <div class='ocr_carea' id='block_1_1' title="bbox 48 408 123 465">
    <p class='ocr_par' dir='ltr' id='par_1_1' title="bbox 48 408 123 465">
     <span class='ocr_line' id='line_1_1' title="bbox 48 408 123 465; baseline 0.053 -4"><span class='ocrx_word' id='word_1_1' title='bbox 48 408 123 465; x_wconf 72' lang='lat'><strong>85</strong></span> 
     </span>
    </p>
   </div>
   <div class='ocr_carea' id='block_1_2' title="bbox 964 412 2396 480">
    <p class='ocr_par' dir='ltr' id='par_1_2' title="bbox 964 412 2396 480">
     <span class='ocr_line' id='line_1_2' title="bbox 964 412 2396 480; baseline 0.007 -13"><span class='ocrx_word' id='word_1_2' title='bbox 964 412 1426 479; x_wconf 61' lang='lat' dir='ltr'><strong>OUESTIONES</strong></span> <span class='ocrx_word' id='word_1_3' title='bbox 1466 420 1749 477; x_wconf 62' lang='lat' dir='ltr'><strong>GRAECA}</strong></span> <span class='ocrx_word' id='word_1_4' title='bbox 1790 422 1881 477; x_wconf 81' lang='lat' dir='ltr'><strong>AD</strong></span> <span class='ocrx_word' id='word_1_5' title='bbox 1918 419 2396 480; x_wconf 82' lang='lat' dir='ltr'><strong>CHRISTIANOS.</strong></span> 
     </span>
    </p>
   </div>
   <div class='ocr_carea' id='block_1_3' title="bbox 3164 436 3298 491">
    <p class='ocr_par' dir='ltr' id='par_1_3' title="bbox 3164 436 3298 491">
     <span class='ocr_line' id='line_1_3' title="bbox 3164 436 3298 491; baseline -0.007 -3"><span class='ocrx_word' id='word_1_6' title='bbox 3164 436 3298 491; x_wconf 66' lang='grc'><strong>1436</strong></span> 
     </span>
    </p>
   </div>
   <div class='ocr_carea' id='block_1_4' title="bbox 47 531 1705 624">
    <p class='ocr_par' dir='ltr' id='par_1_4' title="bbox 47 531 1700 612">
     <span class='ocr_line' id='line_1_4' title="bbox 47 531 1700 612; baseline 0.007 -29"><span class='ocrx_word' id='word_1_7' title='bbox 47 548 119 584; x_wconf 72' lang='grc' dir='ltr'>σαι</span> <span class='ocrx_word' id='word_1_8' title='bbox 149 531 353 589; x_wconf 83' lang='grc' dir='ltr'>αἴτιον</span> <span class='ocrx_word' id='word_1_9' title='bbox 389 532 569 599; x_wconf 73' lang='grc' dir='ltr'>εἰναι.</span> <span class='ocrx_word' id='word_1_10' title='bbox 612 539 675 594; x_wconf 82' lang='grc' dir='ltr'>οὐ</span> <span class='ocrx_word' id='word_1_11' title='bbox 720 538 796 611; x_wconf 89' lang='grc' dir='ltr'><strong>τῷ</strong></span> <span class='ocrx_word' id='word_1_12' title='bbox 834 538 1148 610; x_wconf 82' lang='grc' dir='ltr'>βούλεσθαι,</span> <span class='ocrx_word' id='word_1_13' title='bbox 1194 541 1327 596; x_wconf 81' lang='grc' dir='ltr'>ἀλλὰ</span> <span class='ocrx_word' id='word_1_14' title='bbox 1374 542 1451 612; x_wconf 81' lang='grc' dir='ltr'><strong>τῷ</strong></span> <span class='ocrx_word' id='word_1_15' title='bbox 1489 537 1623 593; x_wconf 79' lang='grc' dir='ltr'>εἶναι</span> <span class='ocrx_word' id='word_1_16' title='bbox 1655 545 1700 603; x_wconf 76' lang='grc' dir='ltr'>Α</span> 
     </span>
    </p>
   </div>
   <div class='ocr_carea' id='block_1_5' title="bbox 1772 531 3305 624">
    <p class='ocr_par' dir='ltr' id='par_1_5' title="bbox 1772 545 3305 624">
     <span class='ocr_line' id='line_1_5' title="bbox 1772 545 3305 624; baseline 0.008 -28"><span class='ocrx_word' id='word_1_17' title='bbox 1772 545 1911 609; x_wconf 71' lang='lat' dir='ltr'><strong>endo,</strong></span> <span class='ocrx_word' id='word_1_18' title='bbox 1943 551 2038 606; x_wconf 88' lang='lat' dir='ltr'><strong>sed</strong></span> <span class='ocrx_word' id='word_1_19' title='bbox 2071 553 2197 624; x_wconf 84' lang='lat' dir='ltr'><strong>quia</strong></span> <span class='ocrx_word' id='word_1_20' title='bbox 2230 552 2346 623; x_wconf 84' lang='lat' dir='ltr'><strong>ipse</strong></span> <span class='ocrx_word' id='word_1_21' title='bbox 2376 561 2479 617; x_wconf 84' lang='lat' dir='ltr'><strong>est,</strong></span> <span class='ocrx_word' id='word_1_22' title='bbox 2516 552 2571 606; x_wconf 89' lang='lat' dir='ltr'><strong>in</strong></span> <span class='ocrx_word' id='word_1_23' title='bbox 2607 566 2774 607; x_wconf 87' lang='lat' dir='ltr'><strong>causa</strong></span> <span class='ocrx_word' id='word_1_24' title='bbox 2809 553 2879 607; x_wconf 88' lang='lat' dir='ltr'><strong>sit</strong></span> <span class='ocrx_word' id='word_1_25' title='bbox 2907 569 3006 607; x_wconf 89' lang='lat' dir='ltr'><strong>cur</strong></span> <span class='ocrx_word' id='word_1_26' title='bbox 3038 555 3212 609; x_wconf 87' lang='lat' dir='ltr'><strong>simus</strong></span> <span class='ocrx_word' id='word_1_27' title='bbox 3251 563 3305 610; x_wconf 83' lang='lat' dir='ltr'><strong>et</strong></span> 
     </span>
    </p>
   </div>
   <div class='ocr_carea' id='block_1_6' title="bbox 48 639 194 686">
    <p class='ocr_par' dir='ltr' id='par_1_6' title="bbox 48 639 194 686">
     <span class='ocr_line' id='line_1_6' title="bbox 48 639 194 686; baseline 0.014 -13"><span class='ocrx_word' id='word_1_28' title='bbox 48 639 145 674; x_wconf 89' lang='grc' dir='ltr'><strong>τον</strong></span> <span class='ocrx_word' id='word_1_29' title='bbox 177 642 194 686; x_wconf 90' lang='lat'><strong>;</strong></span> 
     </span>
    </p>
   </div>
   <div class='ocr_carea' id='block_1_7' title="bbox 48 715 1621 799">
    <p class='ocr_par' dir='ltr' id='par_1_7' title="bbox 48 715 1621 799">
     <span class='ocr_line' id='line_1_7' title="bbox 48 715 1621 799; baseline 0.01 -31"><span class='ocrx_word' id='word_1_30' title='bbox 48 715 151 769; x_wconf 82' lang='grc' dir='ltr'>κδ’.</span> <span class='ocrx_word' id='word_1_31' title='bbox 218 719 293 772; x_wconf 76' lang='grc' dir='ltr'><strong>Εἰ</strong></span> <span class='ocrx_word' id='word_1_32' title='bbox 327 719 413 774; x_wconf 86' lang='grc' dir='ltr'><strong>τά</strong></span> <span class='ocrx_word' id='word_1_33' title='bbox 470 725 539 776; x_wconf 79' lang='grc' dir='ltr'><strong>ἐκ</strong></span> <span class='ocrx_word' id='word_1_34' title='bbox 582 727 691 779; x_wconf 85' lang='grc' dir='ltr'><strong>τῶν</strong></span> <span class='ocrx_word' id='word_1_35' title='bbox 739 726 1016 797; x_wconf 80' lang='grc' dir='ltr'><strong>στοιχείων</strong></span> <span class='ocrx_word' id='word_1_36' title='bbox 1071 727 1234 782; x_wconf 80' lang='grc' dir='ltr'>πάλιν</span> <span class='ocrx_word' id='word_1_37' title='bbox 1276 731 1534 799; x_wconf 88' lang='grc' dir='ltr'>στοιχεῖα,</span> <span class='ocrx_word' id='word_1_38' title='bbox 1569 727 1621 778; x_wconf 79' lang='grc' dir='ltr'>τε</span> 
     </span>
    </p>
   </div>
   <div class='ocr_carea' id='block_1_8' title="bbox 47 811 1621 887">
    <p class='ocr_par' dir='ltr' id='par_1_8' title="bbox 47 811 1621 887">
     <span class='ocr_line' id='line_1_8' title="bbox 47 811 1621 887; baseline 0.008 -26"><span class='ocrx_word' id='word_1_39' title='bbox 47 827 189 862; x_wconf 86' lang='grc' dir='ltr'>οπον</span> <span class='ocrx_word' id='word_1_40' title='bbox 215 811 253 882; x_wconf 79' lang='grc' dir='ltr'>ἢ</span> <span class='ocrx_word' id='word_1_41' title='bbox 278 814 577 871; x_wconf 82' lang='grc' dir='ltr'>ἀδύνατον</span> <span class='ocrx_word' id='word_1_42' title='bbox 611 820 856 887; x_wconf 84' lang='grc' dir='ltr'>φαίνεται</span> <span class='ocrx_word' id='word_1_43' title='bbox 887 820 948 874; x_wconf 84' lang='grc' dir='ltr'><strong>τὸ</strong></span> <span class='ocrx_word' id='word_1_44' title='bbox 976 822 1139 876; x_wconf 86' lang='grc' dir='ltr'>πάλιν</span> <span class='ocrx_word' id='word_1_45' title='bbox 1166 817 1303 876; x_wconf 79' lang='grc' dir='ltr'>εἶναι</span> <span class='ocrx_word' id='word_1_46' title='bbox 1335 822 1403 875; x_wconf 84' lang='grc' dir='ltr'>τὰ</span> <span class='ocrx_word' id='word_1_47' title='bbox 1424 824 1488 875; x_wconf 78' lang='grc' dir='ltr'><strong>ἐκ</strong></span> <span class='ocrx_word' id='word_1_48' title='bbox 1512 822 1621 874; x_wconf 85' lang='grc' dir='ltr'><strong>τῶν</strong></span> 
     </span>
    </p>
   </div>
   <div class='ocr_carea' id='block_1_9' title="bbox 47 903 318 973">
    <p class='ocr_par' dir='ltr' id='par_1_9' title="bbox 47 903 318 973">
     <span class='ocr_line' id='line_1_9' title="bbox 47 903 318 973; baseline 0.007 -19"><span class='ocrx_word' id='word_1_49' title='bbox 47 919 165 973; x_wconf 90' lang='grc' dir='ltr'>οιχε</span> <span class='ocrx_word' id='word_1_50' title='bbox 175 903 283 956; x_wconf 85' lang='grc' dir='ltr'>ίων</span> <span class='ocrx_word' id='word_1_51' title='bbox 301 921 318 969; x_wconf 91' lang='grc'><strong>;</strong></span> 
     </span>
    </p>
   </div>
   <div class='ocr_carea' id='block_1_10' title="bbox 56 999 1621 1078">
    <p class='ocr_par' dir='ltr' id='par_1_10' title="bbox 56 999 1621 1078">
     <span class='ocr_line' id='line_1_10' title="bbox 56 999 1621 1078; baseline 0.008 -30"><span class='ocrx_word' id='word_1_52' title='bbox 56 1005 163 1050; x_wconf 83' lang='grc' dir='ltr'>κε’.</span> <span class='ocrx_word' id='word_1_53' title='bbox 199 999 273 1051; x_wconf 79' lang='grc' dir='ltr'><strong>Εἰ</strong></span> <span class='ocrx_word' id='word_1_54' title='bbox 312 1002 435 1054; x_wconf 78' lang='grc' dir='ltr'><strong>οὐκ</strong></span> <span class='ocrx_word' id='word_1_55' title='bbox 468 1002 616 1057; x_wconf 78' lang='grc' dir='ltr'>ἔστιν</span> <span class='ocrx_word' id='word_1_56' title='bbox 645 1004 751 1057; x_wconf 80' lang='grc' dir='ltr'>ὑπὸ</span> <span class='ocrx_word' id='word_1_57' title='bbox 791 1006 884 1059; x_wconf 82' lang='grc' dir='ltr'><strong>τὸν</strong></span> <span class='ocrx_word' id='word_1_58' title='bbox 909 1007 1033 1078; x_wconf 82' lang='grc' dir='ltr'>ὅρον</span> <span class='ocrx_word' id='word_1_59' title='bbox 1067 1009 1095 1061; x_wconf 89' lang='lat'><strong>6</strong></span> <span class='ocrx_word' id='word_1_60' title='bbox 1135 1007 1289 1071; x_wconf 85' lang='grc' dir='ltr'>Θεὸς,</span> <span class='ocrx_word' id='word_1_61' title='bbox 1326 1007 1460 1061; x_wconf 84' lang='grc' dir='ltr'><strong>ἀλλά</strong></span> <span class='ocrx_word' id='word_1_62' title='bbox 1487 1025 1621 1061; x_wconf 79' lang='grc' dir='ltr'>παν-</span> 
     </span>
    </p>
   </div>
   <div class='ocr_carea' id='block_1_11' title="bbox 47 1092 1618 1171">
    <p class='ocr_par' dir='ltr' id='par_1_11' title="bbox 47 1092 1618 1171">
     <span class='ocr_line' id='line_1_11' title="bbox 47 1092 1618 1171; baseline 0.008 -29"><span class='ocrx_word' id='word_1_63' title='bbox 47 1107 71 1153; x_wconf 87' lang='grc' dir='ltr'><strong>ς</strong></span> <span class='ocrx_word' id='word_1_64' title='bbox 112 1092 256 1161; x_wconf 83' lang='grc' dir='ltr'>ὅρου</span> <span class='ocrx_word' id='word_1_65' title='bbox 297 1093 565 1166; x_wconf 80' lang='grc' dir='ltr'><strong>ὑπάρχει</strong></span> <span class='ocrx_word' id='word_1_66' title='bbox 612 1096 899 1168; x_wconf 84' lang='grc' dir='ltr'><strong>δεσπότης,</strong></span> <span class='ocrx_word' id='word_1_67' title='bbox 936 1100 1053 1162; x_wconf 80' lang='grc' dir='ltr'><strong>πῶς</strong></span> <span class='ocrx_word' id='word_1_68' title='bbox 1078 1099 1172 1153; x_wconf 78' lang='grc' dir='ltr'>τοῦ</span> <span class='ocrx_word' id='word_1_69' title='bbox 1220 1101 1318 1171; x_wconf 85' lang='grc' dir='ltr'><strong>μὲν</strong></span> <span class='ocrx_word' id='word_1_70' title='bbox 1367 1101 1618 1171; x_wconf 85' lang='grc' dir='ltr'>γενέσθαι</span> 
     </span>
    </p>
   </div>
   <div class='ocr_carea' id='block_1_12' title="bbox 47 1182 1616 1261">
    <p class='ocr_par' dir='ltr' id='par_1_12' title="bbox 47 1182 1616 1261">
     <span class='ocr_line' id='line_1_12' title="bbox 47 1182 1616 1261; baseline 0.008 -27"><span class='ocrx_word' id='word_1_71' title='bbox 47 1183 77 1234; x_wconf 62' lang='grc' dir='ltr'>μὶ</span> <span class='ocrx_word' id='word_1_72' title='bbox 125 1182 496 1256; x_wconf 78' lang='grc' dir='ltr'>φθείρεσθαι</span> <span class='ocrx_word' id='word_1_73' title='bbox 522 1188 649 1252; x_wconf 75' lang='grc' dir='ltr'>τοὺς</span> <span class='ocrx_word' id='word_1_74' title='bbox 687 1189 1011 1261; x_wconf 79' lang='grc' dir='ltr'><strong>ἀνθρώπους</strong></span> <span class='ocrx_word' id='word_1_75' title='bbox 1038 1191 1290 1256; x_wconf 76' lang='grc' dir='ltr'>δεσπόζει</span> <span class='ocrx_word' id='word_1_76' title='bbox 1315 1194 1469 1257; x_wconf 83' lang='grc' dir='ltr'>Θεὸς,</span> <span class='ocrx_word' id='word_1_77' title='bbox 1522 1193 1616 1246; x_wconf 75' lang='grc' dir='ltr'>τοῦ</span> 
     </span>
    </p>
   </div>
   <div class='ocr_carea' id='block_1_13' title="bbox 71 1274 1613 1354">
    <p class='ocr_par' dir='ltr' id='par_1_13' title="bbox 71 1274 1613 1354">
     <span class='ocr_line' id='line_1_13' title="bbox 71 1274 1613 1354; baseline 0.008 -29"><span class='ocrx_word' id='word_1_78' title='bbox 71 1274 351 1343; x_wconf 79' lang='grc' dir='ltr'>γίνεσθαι</span> <span class='ocrx_word' id='word_1_79' title='bbox 388 1278 501 1331; x_wconf 74' lang='grc' dir='ltr'><strong>καὶ</strong></span> <span class='ocrx_word' id='word_1_80' title='bbox 559 1279 633 1351; x_wconf 79' lang='grc' dir='ltr'>μὴ</span> <span class='ocrx_word' id='word_1_81' title='bbox 688 1279 1004 1351; x_wconf 75' lang='grc' dir='ltr'>φθείρεσθαι</span> <span class='ocrx_word' id='word_1_82' title='bbox 1056 1285 1202 1354; x_wconf 78' lang='grc' dir='ltr'>ἡμᾶς</span> <span class='ocrx_word' id='word_1_83' title='bbox 1236 1284 1297 1336; x_wconf 82' lang='grc' dir='ltr'><strong>οὐ</strong></span> <span class='ocrx_word' id='word_1_84' title='bbox 1330 1283 1613 1348; x_wconf 79' lang='grc' dir='ltr'>δεσπόζει;</span> 
     </span>
    </p>
   </div>
   <div class='ocr_carea' id='block_1_14' title="bbox 54 1366 1612 1447">
    <p class='ocr_par' dir='ltr' id='par_1_14' title="bbox 54 1366 1612 1447">
     <span class='ocr_line' id='line_1_14' title="bbox 54 1366 1612 1447; baseline 0.009 -32"><span class='ocrx_word' id='word_1_85' title='bbox 54 1371 177 1428; x_wconf 60' lang='grc' dir='ltr'><strong>κς.</strong></span> <span class='ocrx_word' id='word_1_86' title='bbox 207 1366 281 1418; x_wconf 68' lang='lat' dir='ltr'><strong>Et</strong></span> <span class='ocrx_word' id='word_1_87' title='bbox 344 1367 674 1434; x_wconf 76' lang='grc' dir='ltr'><strong>ἀνακτίζων</strong></span> <span class='ocrx_word' id='word_1_88' title='bbox 720 1373 868 1441; x_wconf 72' lang='grc' dir='ltr'>ἡμᾶς</span> <span class='ocrx_word' id='word_1_89' title='bbox 907 1375 935 1425; x_wconf 97' lang='lat'><strong>6</strong></span> <span class='ocrx_word' id='word_1_90' title='bbox 979 1374 1112 1438; x_wconf 74' lang='lat'><strong>856;</strong></span> <span class='ocrx_word' id='word_1_91' title='bbox 1153 1376 1233 1438; x_wconf 84' lang='grc' dir='ltr'><strong>είς</strong></span> <span class='ocrx_word' id='word_1_92' title='bbox 1282 1375 1612 1447; x_wconf 77' lang='grc' dir='ltr'>ἀφθαρσίαν,</span> 
     </span>
    </p>
   </div>
   <div class='ocr_carea' id='block_1_15' title="bbox 79 1457 1617 1539">
    <p class='ocr_par' dir='ltr' id='par_1_15' title="bbox 79 1457 1617 1539">
     <span class='ocr_line' id='line_1_15' title="bbox 79 1457 1617 1539; baseline 0.01 -33"><span class='ocrx_word' id='word_1_93' title='bbox 79 1457 498 1527; x_wconf 82' lang='grc' dir='ltr'>μεταμελείας</span> <span class='ocrx_word' id='word_1_94' title='bbox 518 1461 642 1514; x_wconf 84' lang='grc' dir='ltr'>καθ’</span> <span class='ocrx_word' id='word_1_95' title='bbox 673 1463 817 1534; x_wconf 81' lang='grc' dir='ltr'>ὑμᾶς</span> <span class='ocrx_word' id='word_1_96' title='bbox 842 1464 1002 1517; x_wconf 81' lang='grc' dir='ltr'>τοῦτο</span> <span class='ocrx_word' id='word_1_97' title='bbox 1045 1469 1208 1527; x_wconf 87' lang='grc' dir='ltr'>ποιεῖ,</span> <span class='ocrx_word' id='word_1_98' title='bbox 1240 1468 1356 1531; x_wconf 79' lang='grc' dir='ltr'><strong>πῶς</strong></span> <span class='ocrx_word' id='word_1_99' title='bbox 1387 1468 1449 1520; x_wconf 76' lang='grc' dir='ltr'><strong>οὐ</strong></span> <span class='ocrx_word' id='word_1_100' title='bbox 1490 1468 1617 1539; x_wconf 83' lang='grc' dir='ltr'><strong>μᾶλ-</strong></span> 
     </span>
    </p>
   </div>
   <div class='ocr_carea' id='block_1_16' title="bbox 48 1543 1420 1625">
    <p class='ocr_par' dir='ltr' id='par_1_16' title="bbox 48 1543 1420 1625">
     <span class='ocr_line' id='line_1_16' title="bbox 48 1543 1420 1625; baseline 0.012 -32"><span class='ocrx_word' id='word_1_101' title='bbox 48 1560 75 1593; x_wconf 91' lang='grc' dir='ltr'><strong>ν</strong></span> <span class='ocrx_word' id='word_1_102' title='bbox 102 1543 173 1595; x_wconf 82' lang='grc' dir='ltr'><strong>ὲκ</strong></span> <span class='ocrx_word' id='word_1_103' title='bbox 202 1547 608 1616; x_wconf 76' lang='grc' dir='ltr'>μεταμελείας</span> <span class='ocrx_word' id='word_1_104' title='bbox 640 1551 935 1625; x_wconf 86' lang='grc' dir='ltr'>συνεχώρει</span> <span class='ocrx_word' id='word_1_105' title='bbox 974 1554 1082 1625; x_wconf 67' lang='grc'><strong>(44)</strong></span> <span class='ocrx_word' id='word_1_106' title='bbox 1126 1553 1264 1609; x_wconf 71' lang='grc' dir='ltr'>εἶναι</span> <span class='ocrx_word' id='word_1_107' title='bbox 1294 1558 1381 1611; x_wconf 89' lang='grc' dir='ltr'><strong>ἀεί</strong></span> <span class='ocrx_word' id='word_1_108' title='bbox 1407 1575 1420 1621; x_wconf 90' lang='grc'><strong>;</strong></span> 
     </span>
    </p>
   </div>
   <div class='ocr_carea' id='block_1_17' title="bbox 58 1718 1611 1803">
    <p class='ocr_par' dir='ltr' id='par_1_17' title="bbox 58 1718 1611 1803">
     <span class='ocr_line' id='line_1_17' title="bbox 58 1718 1611 1803; baseline 0.014 -34"><span class='ocrx_word' id='word_1_109' title='bbox 58 1718 165 1781; x_wconf 77' lang='grc' dir='ltr'>κζ’.</span> <span class='ocrx_word' id='word_1_110' title='bbox 238 1720 312 1772; x_wconf 83' lang='grc' dir='ltr'><strong>Εἰ</strong></span> <span class='ocrx_word' id='word_1_111' title='bbox 370 1722 778 1797; x_wconf 77' lang='grc' dir='ltr'>ἀμεταμέλητα</span> <span class='ocrx_word' id='word_1_112' title='bbox 826 1727 897 1781; x_wconf 78' lang='grc' dir='ltr'>τὰ</span> <span class='ocrx_word' id='word_1_113' title='bbox 950 1731 1263 1803; x_wconf 80' lang='grc' dir='ltr'>χαρίσματα</span> <span class='ocrx_word' id='word_1_114' title='bbox 1310 1735 1405 1788; x_wconf 79' lang='grc' dir='ltr'>τοῦ</span> <span class='ocrx_word' id='word_1_115' title='bbox 1455 1737 1611 1798; x_wconf 82' lang='grc' dir='ltr'>Θεοῦ,</span> 
     </span>
    </p>
   </div>
   <div class='ocr_carea' id='block_1_18' title="bbox 48 1810 1614 1894">
    <p class='ocr_par' dir='ltr' id='par_1_18' title="bbox 48 1810 1614 1894">
     <span class='ocr_line' id='line_1_18' title="bbox 48 1810 1614 1894; baseline 0.015 -34"><span class='ocrx_word' id='word_1_116' title='bbox 48 1810 301 1881; x_wconf 68' lang='grc' dir='ltr'>[αρίσατο</span> <span class='ocrx_word' id='word_1_117' title='bbox 357 1814 425 1867; x_wconf 84' lang='grc' dir='ltr'><strong>δὲ</strong></span> <span class='ocrx_word' id='word_1_118' title='bbox 477 1818 608 1887; x_wconf 76' lang='grc' dir='ltr'>ἡμῖν</span> <span class='ocrx_word' id='word_1_119' title='bbox 650 1819 711 1871; x_wconf 85' lang='grc' dir='ltr'><strong>τὸ</strong></span> <span class='ocrx_word' id='word_1_120' title='bbox 761 1815 900 1875; x_wconf 77' lang='grc' dir='ltr'>εἶναι</span> <span class='ocrx_word' id='word_1_121' title='bbox 934 1827 1100 1894; x_wconf 75' lang='grc' dir='ltr'>ἡμᾶς,</span> <span class='ocrx_word' id='word_1_122' title='bbox 1132 1828 1249 1891; x_wconf 82' lang='grc' dir='ltr'><strong>πῶς</strong></span> <span class='ocrx_word' id='word_1_123' title='bbox 1297 1831 1359 1882; x_wconf 74' lang='grc' dir='ltr'><strong>οὐ</strong></span> <span class='ocrx_word' id='word_1_124' title='bbox 1418 1831 1510 1882; x_wconf 82' lang='grc' dir='ltr'><strong>τὸν</strong></span> <span class='ocrx_word' id='word_1_125' title='bbox 1555 1830 1614 1894; x_wconf 81' lang='grc' dir='ltr'><strong>ἐξ</strong></span> 
     </span>
    </p>
   </div>
   <div class='ocr_carea' id='block_1_19' title="bbox 1728 642 2083 699">
    <p class='ocr_par' dir='ltr' id='par_1_19' title="bbox 1728 642 2083 699">
     <span class='ocr_line' id='line_1_19' title="bbox 1728 642 2083 699; baseline 0.025 -9"><span class='ocrx_word' id='word_1_126' title='bbox 1728 653 1835 694; x_wconf 88' lang='lat' dir='ltr'><strong>non</strong></span> <span class='ocrx_word' id='word_1_127' title='bbox 1871 642 2083 699; x_wconf 87' lang='lat' dir='ltr'><strong>simus?</strong></span> 
     </span>
    </p>
   </div>
   <div class='ocr_carea' id='block_1_20' title="bbox 1794 729 3299 803">
    <p class='ocr_par' dir='ltr' id='par_1_20' title="bbox 1794 729 3299 803">
     <span class='ocr_line' id='line_1_20' title="bbox 1794 729 3299 803; baseline 0.009 -21"><span class='ocrx_word' id='word_1_128' title='bbox 1794 729 1884 784; x_wconf 72' lang='grc'><strong>24.</strong></span> <span class='ocrx_word' id='word_1_129' title='bbox 1928 730 1986 786; x_wconf 89' lang='lat' dir='ltr'><strong>Si</strong></span> <span class='ocrx_word' id='word_1_130' title='bbox 2017 748 2138 803; x_wconf 67' lang='lat' dir='ltr'><strong>qua:</strong></span> <span class='ocrx_word' id='word_1_131' title='bbox 2165 750 2228 790; x_wconf 83' lang='lat' dir='ltr'><strong>ex</strong></span> <span class='ocrx_word' id='word_1_132' title='bbox 2261 736 2546 791; x_wconf 89' lang='lat' dir='ltr'><strong>elementis</strong></span> <span class='ocrx_word' id='word_1_133' title='bbox 2596 745 2744 800; x_wconf 82' lang='lat' dir='ltr'><strong>sunt,</strong></span> <span class='ocrx_word' id='word_1_134' title='bbox 2800 753 2995 793; x_wconf 86' lang='lat' dir='ltr'><strong>rursus</strong></span> <span class='ocrx_word' id='word_1_135' title='bbox 3033 740 3299 798; x_wconf 88' lang='lat' dir='ltr'><strong>elementa</strong></span> 
     </span>
    </p>
   </div>
   <div class='ocr_carea' id='block_1_21' title="bbox 1725 820 3302 899">
    <p class='ocr_par' dir='ltr' id='par_1_21' title="bbox 1725 820 3302 899">
     <span class='ocr_line' id='line_1_21' title="bbox 1725 820 3302 899; baseline 0.008 -25"><span class='ocrx_word' id='word_1_136' title='bbox 1725 820 1892 879; x_wconf 86' lang='lat' dir='ltr'><strong>liunt:</strong></span> <span class='ocrx_word' id='word_1_137' title='bbox 1923 840 2053 879; x_wconf 89' lang='lat' dir='ltr'><strong>num</strong></span> <span class='ocrx_word' id='word_1_138' title='bbox 2101 828 2401 883; x_wconf 88' lang='lat' dir='ltr'><strong>absurdum</strong></span> <span class='ocrx_word' id='word_1_139' title='bbox 2452 836 2546 882; x_wconf 91' lang='lat' dir='ltr'><strong>aut</strong></span> <span class='ocrx_word' id='word_1_140' title='bbox 2593 830 2935 899; x_wconf 88' lang='lat' dir='ltr'><strong>impossibile</strong></span> <span class='ocrx_word' id='word_1_141' title='bbox 2976 832 3193 887; x_wconf 81' lang='lat' dir='ltr'><strong>videtur</strong></span> <span class='ocrx_word' id='word_1_142' title='bbox 3234 850 3302 889; x_wconf 86' lang='lat' dir='ltr'><strong>ea</strong></span> 
     </span>
    </p>
   </div>
   <div class='ocr_carea' id='block_1_22' title="bbox 1723 914 3008 990">
    <p class='ocr_par' dir='ltr' id='par_1_22' title="bbox 1723 914 3008 990">
     <span class='ocr_line' id='line_1_22' title="bbox 1723 914 3008 990; baseline 0.007 -23"><span class='ocrx_word' id='word_1_143' title='bbox 1723 914 1905 971; x_wconf 89' lang='lat' dir='ltr'><strong>denuo</strong></span> <span class='ocrx_word' id='word_1_144' title='bbox 1936 933 2079 985; x_wconf 88' lang='lat' dir='ltr'><strong>esse,</strong></span> <span class='ocrx_word' id='word_1_145' title='bbox 2111 935 2233 990; x_wconf 68' lang='lat' dir='ltr'><strong>quae</strong></span> <span class='ocrx_word' id='word_1_146' title='bbox 2262 936 2325 975; x_wconf 82' lang='lat' dir='ltr'><strong>ex</strong></span> <span class='ocrx_word' id='word_1_147' title='bbox 2356 921 2641 977; x_wconf 88' lang='lat' dir='ltr'><strong>elementis</strong></span> <span class='ocrx_word' id='word_1_148' title='bbox 2672 922 2815 976; x_wconf 79' lang='lat' dir='ltr'><strong>facta</strong></span> <span class='ocrx_word' id='word_1_149' title='bbox 2843 925 3008 977; x_wconf 91' lang='lat' dir='ltr'><strong>sunt?</strong></span> 
     </span>
    </p>
   </div>
   <div class='ocr_carea' id='block_1_23' title="bbox 1792 1007 3302 1089">
    <p class='ocr_par' dir='ltr' id='par_1_23' title="bbox 1792 1007 3302 1089">
     <span class='ocr_line' id='line_1_23' title="bbox 1792 1007 3302 1089; baseline 0.009 -28"><span class='ocrx_word' id='word_1_150' title='bbox 1792 1007 1882 1063; x_wconf 76' lang='lat'><strong>25.</strong></span> <span class='ocrx_word' id='word_1_151' title='bbox 1926 1008 1984 1064; x_wconf 89' lang='lat' dir='ltr'><strong>Si</strong></span> <span class='ocrx_word' id='word_1_152' title='bbox 2017 1011 2119 1067; x_wconf 90' lang='lat' dir='ltr'><strong>sub</strong></span> <span class='ocrx_word' id='word_1_153' title='bbox 2153 1011 2258 1067; x_wconf 84' lang='lat' dir='ltr'><strong>line</strong></span> <span class='ocrx_word' id='word_1_154' title='bbox 2293 1011 2435 1067; x_wconf 88' lang='lat' dir='ltr'><strong>Deus</strong></span> <span class='ocrx_word' id='word_1_155' title='bbox 2466 1029 2575 1067; x_wconf 91' lang='lat' dir='ltr'><strong>non</strong></span> <span class='ocrx_word' id='word_1_156' title='bbox 2610 1021 2716 1077; x_wconf 89' lang='lat' dir='ltr'><strong>est,</strong></span> <span class='ocrx_word' id='word_1_157' title='bbox 2746 1015 2840 1070; x_wconf 91' lang='lat' dir='ltr'><strong>sed</strong></span> <span class='ocrx_word' id='word_1_158' title='bbox 2877 1016 2999 1071; x_wconf 81' lang='lat' dir='ltr'><strong>linis</strong></span> <span class='ocrx_word' id='word_1_159' title='bbox 3033 1017 3302 1089; x_wconf 85' lang='lat' dir='ltr'><strong>cujusque</strong></span> 
     </span>
    </p>
   </div>
   <div class='ocr_carea' id='block_1_24' title="bbox 1722 1091 3296 1169">
    <p class='ocr_par' dir='ltr' id='par_1_24' title="bbox 1722 1091 3296 1169">
     <span class='ocr_line' id='line_1_24' title="bbox 1722 1091 3296 1169; baseline 0.011 -23"><span class='ocrx_word' id='word_1_160' title='bbox 1722 1091 1977 1150; x_wconf 88' lang='lat' dir='ltr'><strong>dominus</strong></span> <span class='ocrx_word' id='word_1_161' title='bbox 1999 1110 2111 1154; x_wconf 89' lang='lat' dir='ltr'><strong>est:</strong></span> <span class='ocrx_word' id='word_1_162' title='bbox 2138 1101 2415 1169; x_wconf 83' lang='lat' dir='ltr'><strong>quomodo</strong></span> <span class='ocrx_word' id='word_1_163' title='bbox 2439 1109 2495 1154; x_wconf 89' lang='lat' dir='ltr'><strong>nt</strong></span> <span class='ocrx_word' id='word_1_164' title='bbox 2524 1101 2775 1159; x_wconf 84' lang='lat' dir='ltr'><strong>homines</strong></span> <span class='ocrx_word' id='word_1_165' title='bbox 2799 1104 2928 1159; x_wconf 75' lang='lat' dir='ltr'><strong>[iant</strong></span> <span class='ocrx_word' id='word_1_166' title='bbox 2954 1116 3006 1160; x_wconf 88' lang='lat' dir='ltr'><strong>et</strong></span> <span class='ocrx_word' id='word_1_167' title='bbox 3044 1123 3296 1163; x_wconf 53' lang='lat' dir='ltr'><strong>currum.</strong></span> 
     </span>
    </p>
   </div>
   <div class='ocr_carea' id='block_1_25' title="bbox 1722 1188 3300 1258">
    <p class='ocr_par' dir='ltr' id='par_1_25' title="bbox 1722 1188 3300 1258">
     <span class='ocr_line' id='line_1_25' title="bbox 1722 1188 3300 1258; baseline 0.013 -22"><span class='ocrx_word' id='word_1_168' title='bbox 1722 1193 1924 1253; x_wconf 88' lang='lat' dir='ltr'><strong>pantur</strong></span> <span class='ocrx_word' id='word_1_169' title='bbox 1952 1188 2209 1247; x_wconf 85' lang='lat' dir='ltr'><strong>dominus</strong></span> <span class='ocrx_word' id='word_1_170' title='bbox 2242 1200 2346 1257; x_wconf 89' lang='lat' dir='ltr'><strong>est,</strong></span> <span class='ocrx_word' id='word_1_171' title='bbox 2386 1201 2445 1248; x_wconf 90' lang='lat' dir='ltr'><strong>ut</strong></span> <span class='ocrx_word' id='word_1_172' title='bbox 2479 1203 2660 1249; x_wconf 89' lang='lat' dir='ltr'><strong>autem</strong></span> <span class='ocrx_word' id='word_1_173' title='bbox 2695 1194 2888 1253; x_wconf 75' lang='lat' dir='ltr'><strong>fiamus</strong></span> <span class='ocrx_word' id='word_1_174' title='bbox 2919 1214 3017 1254; x_wconf 88' lang='lat' dir='ltr'><strong>nec</strong></span> <span class='ocrx_word' id='word_1_175' title='bbox 3050 1216 3300 1258; x_wconf 82' lang='lat' dir='ltr'><strong>corrum-</strong></span> 
     </span>
    </p>
   </div>
   <div class='ocr_carea' id='block_1_26' title="bbox 1722 1280 2881 1345">
    <p class='ocr_par' dir='ltr' id='par_1_26' title="bbox 1722 1280 2881 1345">
     <span class='ocr_line' id='line_1_26' title="bbox 1722 1280 2881 1345; baseline 0.014 -16"><span class='ocrx_word' id='word_1_176' title='bbox 1722 1291 1920 1345; x_wconf 84' lang='lat' dir='ltr'><strong>pamur</strong></span> <span class='ocrx_word' id='word_1_177' title='bbox 1951 1280 2211 1339; x_wconf 88' lang='lat' dir='ltr'><strong>dominus</strong></span> <span class='ocrx_word' id='word_1_178' title='bbox 2246 1301 2353 1339; x_wconf 89' lang='lat' dir='ltr'><strong>non</strong></span> <span class='ocrx_word' id='word_1_179' title='bbox 2381 1290 2500 1341; x_wconf 77' lang='lat' dir='ltr'><strong>est?</strong></span> <span class='ocrx_word' id='word_1_180' title='bbox 2878 1302 2881 1303; x_wconf 72' lang='lat'><strong><em>&#39;</em></strong></span> 
     </span>
    </p>
   </div>
   <div class='ocr_carea' id='block_1_27' title="bbox 1790 1370 3300 1451">
    <p class='ocr_par' dir='ltr' id='par_1_27' title="bbox 1790 1370 3300 1451">
     <span class='ocr_line' id='line_1_27' title="bbox 1790 1370 3300 1451; baseline 0.012 -27"><span class='ocrx_word' id='word_1_181' title='bbox 1790 1370 1879 1425; x_wconf 76' lang='grc'>26.</span> <span class='ocrx_word' id='word_1_182' title='bbox 1924 1370 1982 1426; x_wconf 89' lang='lat' dir='ltr'><strong>Si</strong></span> <span class='ocrx_word' id='word_1_183' title='bbox 2018 1373 2161 1431; x_wconf 88' lang='lat' dir='ltr'><strong>Deus</strong></span> <span class='ocrx_word' id='word_1_184' title='bbox 2193 1393 2292 1432; x_wconf 90' lang='lat' dir='ltr'><strong>nos</strong></span> <span class='ocrx_word' id='word_1_185' title='bbox 2312 1379 2368 1432; x_wconf 89' lang='lat' dir='ltr'><strong>in</strong></span> <span class='ocrx_word' id='word_1_186' title='bbox 2402 1379 2968 1451; x_wconf 87' lang='lat' dir='ltr'><strong>incorruptibilitatem</strong></span> <span class='ocrx_word' id='word_1_187' title='bbox 3002 1386 3300 1442; x_wconf 85' lang='lat' dir='ltr'><strong>restituens</strong></span> 
     </span>
    </p>
   </div>
   <div class='ocr_carea' id='block_1_28' title="bbox 1719 1465 3296 1545">
    <p class='ocr_par' dir='ltr' id='par_1_28' title="bbox 1719 1465 3296 1545">
     <span class='ocr_line' id='line_1_28' title="bbox 1719 1465 3296 1545; baseline 0.012 -31"><span class='ocrx_word' id='word_1_188' title='bbox 1719 1476 1787 1515; x_wconf 84' lang='lat' dir='ltr'><strong>ex</strong></span> <span class='ocrx_word' id='word_1_189' title='bbox 1820 1465 2165 1532; x_wconf 72' lang='lat' dir='ltr'><strong>paenitentia,</strong></span> <span class='ocrx_word' id='word_1_190' title='bbox 2222 1478 2280 1522; x_wconf 89' lang='lat' dir='ltr'><strong>ut</strong></span> <span class='ocrx_word' id='word_1_191' title='bbox 2333 1472 2518 1534; x_wconf 79' lang='lat' dir='ltr'><strong>vultis,</strong></span> <span class='ocrx_word' id='word_1_192' title='bbox 2566 1473 2620 1525; x_wconf 90' lang='lat' dir='ltr'><strong>id</strong></span> <span class='ocrx_word' id='word_1_193' title='bbox 2676 1473 2840 1528; x_wconf 82' lang='lat' dir='ltr'><strong>facit:</strong></span> <span class='ocrx_word' id='word_1_194' title='bbox 2876 1479 3153 1545; x_wconf 85' lang='lat' dir='ltr'><strong>quomodo</strong></span> <span class='ocrx_word' id='word_1_195' title='bbox 3188 1496 3296 1534; x_wconf 90' lang='lat' dir='ltr'><strong>non</strong></span> 
     </span>
    </p>
   </div>
   <div class='ocr_carea' id='block_1_29' title="bbox 1719 1557 3296 1635">
    <p class='ocr_par' dir='ltr' id='par_1_29' title="bbox 1719 1557 3296 1635">
     <span class='ocr_line' id='line_1_29' title="bbox 1719 1557 3296 1635; baseline 0.014 -30"><span class='ocrx_word' id='word_1_196' title='bbox 1719 1557 1897 1624; x_wconf 78' lang='lat' dir='ltr'><strong>potius</strong></span> <span class='ocrx_word' id='word_1_197' title='bbox 1927 1574 1993 1613; x_wconf 82' lang='lat' dir='ltr'><strong>ex</strong></span> <span class='ocrx_word' id='word_1_198' title='bbox 2041 1561 2359 1629; x_wconf 66' lang='lat' dir='ltr'><strong>pernitentia</strong></span> <span class='ocrx_word' id='word_1_199' title='bbox 2404 1572 2464 1617; x_wconf 91' lang='lat' dir='ltr'><strong>ut</strong></span> <span class='ocrx_word' id='word_1_200' title='bbox 2494 1580 2712 1635; x_wconf 84' lang='lat' dir='ltr'><strong>semper</strong></span> <span class='ocrx_word' id='word_1_201' title='bbox 2749 1569 2921 1624; x_wconf 87' lang='lat' dir='ltr'><strong>simus</strong></span> <span class='ocrx_word' id='word_1_202' title='bbox 2962 1586 3072 1624; x_wconf 91' lang='lat' dir='ltr'><strong>non</strong></span> <span class='ocrx_word' id='word_1_203' title='bbox 3097 1588 3296 1627; x_wconf 86' lang='lat' dir='ltr'><strong>conce-</strong></span> 
     </span>
    </p>
   </div>
   <div class='ocr_carea' id='block_1_30' title="bbox 1718 1646 1837 1701">
    <p class='ocr_par' dir='ltr' id='par_1_30' title="bbox 1718 1646 1837 1701">
     <span class='ocr_line' id='line_1_30' title="bbox 1718 1646 1837 1701; baseline 0 0"><span class='ocrx_word' id='word_1_204' title='bbox 1718 1646 1837 1701; x_wconf 81' lang='lat' dir='ltr'><strong>dit?</strong></span> 
     </span>
    </p>
   </div>
   <div class='ocr_carea' id='block_1_31' title="bbox 1787 1740 3294 1819">
    <p class='ocr_par' dir='ltr' id='par_1_31' title="bbox 1787 1740 3294 1819">
     <span class='ocr_line' id='line_1_31' title="bbox 1787 1740 3294 1819; baseline 0.014 -27"><span class='ocrx_word' id='word_1_205' title='bbox 1787 1740 1877 1796; x_wconf 72' lang='grc'><strong>27.</strong></span> <span class='ocrx_word' id='word_1_206' title='bbox 1924 1741 1979 1797; x_wconf 90' lang='lat' dir='ltr'><strong>Si</strong></span> <span class='ocrx_word' id='word_1_207' title='bbox 2015 1743 2106 1800; x_wconf 89' lang='lat' dir='ltr'><strong>Dei</strong></span> <span class='ocrx_word' id='word_1_208' title='bbox 2140 1746 2282 1802; x_wconf 79' lang='lat' dir='ltr'><strong>dona</strong></span> <span class='ocrx_word' id='word_1_209' title='bbox 2315 1749 2433 1804; x_wconf 80' lang='lat' dir='ltr'><strong>sine</strong></span> <span class='ocrx_word' id='word_1_210' title='bbox 2462 1750 2785 1819; x_wconf 63' lang='lat' dir='ltr'><strong>poenitentia</strong></span> <span class='ocrx_word' id='word_1_211' title='bbox 2823 1762 2972 1819; x_wconf 88' lang='lat' dir='ltr'><strong>sunt,</strong></span> <span class='ocrx_word' id='word_1_212' title='bbox 3011 1755 3157 1811; x_wconf 88' lang='lat' dir='ltr'><strong>dedit</strong></span> <span class='ocrx_word' id='word_1_213' title='bbox 3197 1774 3294 1812; x_wconf 89' lang='lat' dir='ltr'><strong>au-</strong></span> 
     </span>
    </p>
   </div>
   <div class='ocr_carea' id='block_1_32' title="bbox 1719 1832 3296 1914">
    <p class='ocr_par' dir='ltr' id='par_1_32' title="bbox 1719 1832 3296 1914">
     <span class='ocr_line' id='line_1_32' title="bbox 1719 1832 3296 1914; baseline 0.012 -32"><span class='ocrx_word' id='word_1_214' title='bbox 1719 1837 1828 1883; x_wconf 84' lang='lat' dir='ltr'><strong>tem</strong></span> <span class='ocrx_word' id='word_1_215' title='bbox 1861 1832 2021 1887; x_wconf 81' lang='lat' dir='ltr'><strong>nobis</strong></span> <span class='ocrx_word' id='word_1_216' title='bbox 2057 1834 2200 1889; x_wconf 90' lang='lat' dir='ltr'><strong>Deus</strong></span> <span class='ocrx_word' id='word_1_217' title='bbox 2232 1846 2289 1890; x_wconf 89' lang='grc' dir='ltr'><strong>ιιι</strong></span> <span class='ocrx_word' id='word_1_218' title='bbox 2319 1855 2596 1895; x_wconf 83' lang='lat' dir='ltr'><strong>essemus:</strong></span> <span class='ocrx_word' id='word_1_219' title='bbox 2639 1844 2914 1912; x_wconf 87' lang='lat' dir='ltr'><strong>quomodo</strong></span> <span class='ocrx_word' id='word_1_220' title='bbox 2956 1847 3190 1914; x_wconf 91' lang='lat' dir='ltr'><strong>primum</strong></span> <span class='ocrx_word' id='word_1_221' title='bbox 3228 1848 3296 1901; x_wconf 83' lang='lat' dir='ltr'><strong>de</strong></span> 
     </span>
    </p>
   </div>
   <div class='ocr_carea' id='block_1_33' title="bbox 47 1905 1705 2010">
    <p class='ocr_par' dir='ltr' id='par_1_33' title="bbox 47 1905 1688 1988">
     <span class='ocr_line' id='line_1_33' title="bbox 47 1905 1688 1988; baseline 0.015 -33"><span class='ocrx_word' id='word_1_222' title='bbox 47 1905 170 1975; x_wconf 65' lang='grc' dir='ltr'>ιχῆς</span> <span class='ocrx_word' id='word_1_223' title='bbox 232 1908 380 1978; x_wconf 72' lang='grc' dir='ltr'>περὶ</span> <span class='ocrx_word' id='word_1_224' title='bbox 425 1910 583 1979; x_wconf 80' lang='grc' dir='ltr'>ἡμᾶς</span> <span class='ocrx_word' id='word_1_225' title='bbox 630 1912 829 1985; x_wconf 85' lang='grc' dir='ltr'>πληροῖ</span> <span class='ocrx_word' id='word_1_226' title='bbox 860 1918 1061 1970; x_wconf 83' lang='grc' dir='ltr'>σκοπὸν</span> <span class='ocrx_word' id='word_1_227' title='bbox 1088 1919 1116 1969; x_wconf 84' lang='grc' dir='ltr'><strong>ὁ</strong></span> <span class='ocrx_word' id='word_1_228' title='bbox 1148 1919 1282 1985; x_wconf 83' lang='grc' dir='ltr'>Θεὸς</span> <span class='ocrx_word' id='word_1_229' title='bbox 1310 1924 1613 1988; x_wconf 79' lang='grc' dir='ltr'>ἀνακτίζων</span> <span class='ocrx_word' id='word_1_230' title='bbox 1648 1919 1688 1972; x_wconf 82' lang='grc' dir='ltr'><strong>Β</strong></span> 
     </span>
    </p>
   </div>
   <div class='ocr_carea' id='block_1_34' title="bbox 1772 1905 3294 2010">
    <p class='ocr_par' dir='ltr' id='par_1_34' title="bbox 1772 1923 3294 2010">
     <span class='ocr_line' id='line_1_34' title="bbox 1772 1923 3294 2010; baseline 0.012 -34"><span class='ocrx_word' id='word_1_231' title='bbox 1772 1923 1877 1979; x_wconf 70' lang='grc' dir='ltr'>ιδὶε</span> <span class='ocrx_word' id='word_1_232' title='bbox 1905 1928 2197 1981; x_wconf 90' lang='lat' dir='ltr'><strong>consilium</strong></span> <span class='ocrx_word' id='word_1_233' title='bbox 2236 1946 2343 1984; x_wconf 89' lang='lat' dir='ltr'><strong>non</strong></span> <span class='ocrx_word' id='word_1_234' title='bbox 2382 1934 2661 2004; x_wconf 89' lang='lat' dir='ltr'><strong>adimplet,</strong></span> <span class='ocrx_word' id='word_1_235' title='bbox 2694 1934 2823 1990; x_wconf 89' lang='lat' dir='ltr'><strong>dum</strong></span> <span class='ocrx_word' id='word_1_236' title='bbox 2855 1936 2909 1990; x_wconf 92' lang='lat' dir='ltr'><strong>in</strong></span> <span class='ocrx_word' id='word_1_237' title='bbox 2956 1940 3294 2010; x_wconf 89' lang='lat' dir='ltr'><strong>incorrupti-</strong></span> 
     </span>
    </p>
   </div>
   <div class='ocr_carea' id='block_1_35' title="bbox 47 1997 667 2069">
    <p class='ocr_par' dir='ltr' id='par_1_35' title="bbox 47 1997 667 2069">
     <span class='ocr_line' id='line_1_35' title="bbox 47 1997 667 2069; baseline 0.015 -24"><span class='ocrx_word' id='word_1_238' title='bbox 47 1997 141 2057; x_wconf 75' lang='grc' dir='ltr'>ιᾶς</span> <span class='ocrx_word' id='word_1_239' title='bbox 172 1997 260 2059; x_wconf 85' lang='grc' dir='ltr'><strong>είς</strong></span> <span class='ocrx_word' id='word_1_240' title='bbox 293 1997 630 2069; x_wconf 75' lang='grc' dir='ltr'>ἀφθαρσίαν</span> <span class='ocrx_word' id='word_1_241' title='bbox 653 2020 667 2066; x_wconf 88' lang='grc'><strong>;</strong></span> 
     </span>
    </p>
   </div>
   <div class='ocr_carea' id='block_1_36' title="bbox 60 2090 1613 2178">
    <p class='ocr_par' dir='ltr' id='par_1_36' title="bbox 60 2090 1613 2178">
     <span class='ocr_line' id='line_1_36' title="bbox 60 2090 1613 2178; baseline 0.016 -40"><span class='ocrx_word' id='word_1_242' title='bbox 60 2094 170 2157; x_wconf 78' lang='grc' dir='ltr'>κη’.</span> <span class='ocrx_word' id='word_1_243' title='bbox 211 2090 391 2142; x_wconf 78' lang='grc' dir='ltr'>Κατά</span> <span class='ocrx_word' id='word_1_244' title='bbox 438 2094 571 2156; x_wconf 77' lang='grc' dir='ltr'>τοὺς</span> <span class='ocrx_word' id='word_1_245' title='bbox 606 2097 960 2163; x_wconf 82' lang='grc' dir='ltr'>πιστεύοντας</span> <span class='ocrx_word' id='word_1_246' title='bbox 982 2101 1091 2153; x_wconf 83' lang='grc' dir='ltr'>τῶν</span> <span class='ocrx_word' id='word_1_247' title='bbox 1112 2106 1318 2173; x_wconf 83' lang='grc' dir='ltr'>νεκρῶν</span> <span class='ocrx_word' id='word_1_248' title='bbox 1342 2106 1441 2178; x_wconf 80' lang='grc' dir='ltr'><strong>τὴν</strong></span> <span class='ocrx_word' id='word_1_249' title='bbox 1485 2109 1613 2164; x_wconf 80' lang='grc' dir='ltr'>ἀνά-</span> 
     </span>
    </p>
   </div>
   <div class='ocr_carea' id='block_1_37' title="bbox 47 2181 1611 2269">
    <p class='ocr_par' dir='ltr' id='par_1_37' title="bbox 47 2181 1611 2269">
     <span class='ocr_line' id='line_1_37' title="bbox 47 2181 1611 2269; baseline 0.014 -39"><span class='ocrx_word' id='word_1_250' title='bbox 47 2197 190 2232; x_wconf 75' lang='grc' dir='ltr'>τασιν</span> <span class='ocrx_word' id='word_1_251' title='bbox 216 2184 288 2251; x_wconf 83' lang='grc' dir='ltr'>τῇ</span> <span class='ocrx_word' id='word_1_252' title='bbox 319 2181 430 2234; x_wconf 78' lang='grc' dir='ltr'>τοῦ</span> <span class='ocrx_word' id='word_1_253' title='bbox 470 2184 606 2237; x_wconf 77' lang='grc' dir='ltr'>Θεοῦ</span> <span class='ocrx_word' id='word_1_254' title='bbox 652 2186 1017 2263; x_wconf 78' lang='grc' dir='ltr'>δικαιοκρισίᾳ</span> <span class='ocrx_word' id='word_1_255' title='bbox 1057 2194 1151 2246; x_wconf 73' lang='grc' dir='ltr'><strong>καὶ</strong></span> <span class='ocrx_word' id='word_1_256' title='bbox 1201 2196 1611 2269; x_wconf 82' lang='grc' dir='ltr'>ἀποθνήσκομεν</span> 
     </span>
    </p>
   </div>
   <div class='ocr_carea' id='block_1_38' title="bbox 47 2272 1611 2361">
    <p class='ocr_par' dir='ltr' id='par_1_38' title="bbox 47 2272 1611 2361">
     <span class='ocr_line' id='line_1_38' title="bbox 47 2272 1611 2361; baseline 0.013 -38"><span class='ocrx_word' id='word_1_257' title='bbox 47 2273 93 2324; x_wconf 74' lang='lat' dir='ltr'><strong>x‘t</strong></span> <span class='ocrx_word' id='word_1_258' title='bbox 128 2272 704 2348; x_wconf 79' lang='grc' dir='ltr'>ἀναζωοποιούμεθα’</span> <span class='ocrx_word' id='word_1_259' title='bbox 742 2282 918 2335; x_wconf 77' lang='grc' dir='ltr'>ἐκεῖνο</span> <span class='ocrx_word' id='word_1_260' title='bbox 953 2285 1051 2354; x_wconf 81' lang='grc' dir='ltr'>μὲν</span> <span class='ocrx_word' id='word_1_261' title='bbox 1074 2287 1140 2356; x_wconf 80' lang='grc' dir='ltr'>τῇ</span> <span class='ocrx_word' id='word_1_262' title='bbox 1174 2287 1267 2340; x_wconf 81' lang='grc' dir='ltr'>τοῦ</span> <span class='ocrx_word' id='word_1_263' title='bbox 1322 2289 1611 2361; x_wconf 85' lang='grc' dir='ltr'>ἀνθρώπου</span> 
     </span>
    </p>
   </div>
   <div class='ocr_carea' id='block_1_39' title="bbox 47 2368 1611 2454">
    <p class='ocr_par' dir='ltr' id='par_1_39' title="bbox 47 2368 1611 2454">
     <span class='ocr_line' id='line_1_39' title="bbox 47 2368 1611 2454; baseline 0.012 -37"><span class='ocrx_word' id='word_1_264' title='bbox 47 2370 284 2438; x_wconf 79' lang='grc' dir='ltr'>αρακοῇ,</span> <span class='ocrx_word' id='word_1_265' title='bbox 322 2368 577 2424; x_wconf 78' lang='grc' dir='ltr'>τοῦτοδὲ</span> <span class='ocrx_word' id='word_1_266' title='bbox 608 2374 677 2443; x_wconf 82' lang='grc' dir='ltr'>τῇ</span> <span class='ocrx_word' id='word_1_267' title='bbox 714 2373 808 2426; x_wconf 77' lang='grc' dir='ltr'>τοῦ</span> <span class='ocrx_word' id='word_1_268' title='bbox 840 2375 1128 2447; x_wconf 83' lang='grc' dir='ltr'>ἀνθρώπου</span> <span class='ocrx_word' id='word_1_269' title='bbox 1180 2380 1412 2452; x_wconf 80' lang='grc' dir='ltr'>ὑπακοῇ.</span> <span class='ocrx_word' id='word_1_270' title='bbox 1474 2384 1611 2454; x_wconf 82' lang='grc' dir='ltr'>Παρ’</span> 
     </span>
    </p>
   </div>
   <div class='ocr_carea' id='block_1_40' title="bbox 48 2454 1612 2547">
    <p class='ocr_par' dir='ltr' id='par_1_40' title="bbox 48 2454 1612 2547">
     <span class='ocr_line' id='line_1_40' title="bbox 48 2454 1612 2547; baseline 0.012 -39"><span class='ocrx_word' id='word_1_271' title='bbox 48 2454 79 2519; x_wconf 84' lang='grc' dir='ltr'>’ς</span> <span class='ocrx_word' id='word_1_272' title='bbox 122 2454 217 2510; x_wconf 82' lang='grc' dir='ltr'><strong>οὖν</strong></span> <span class='ocrx_word' id='word_1_273' title='bbox 250 2459 554 2527; x_wconf 81' lang='grc' dir='ltr'>ἄγνωστον</span> <span class='ocrx_word' id='word_1_274' title='bbox 578 2463 641 2515; x_wconf 83' lang='grc' dir='ltr'>τὸ</span> <span class='ocrx_word' id='word_1_275' title='bbox 667 2464 839 2519; x_wconf 79' lang='grc' dir='ltr'>αἴτιον</span> <span class='ocrx_word' id='word_1_276' title='bbox 885 2468 979 2520; x_wconf 82' lang='grc' dir='ltr'><strong>τοῦ</strong></span> <span class='ocrx_word' id='word_1_277' title='bbox 1009 2467 1264 2537; x_wconf 82' lang='grc' dir='ltr'>θανάτου,</span> <span class='ocrx_word' id='word_1_278' title='bbox 1308 2474 1459 2547; x_wconf 76' lang='grc' dir='ltr'>παρὰ</span> <span class='ocrx_word' id='word_1_279' title='bbox 1491 2476 1612 2527; x_wconf 77' lang='grc' dir='ltr'>τού-</span> 
     </span>
    </p>
   </div>
   <div class='ocr_carea' id='block_1_41' title="bbox 47 2551 1612 2635">
    <p class='ocr_par' dir='ltr' id='par_1_41' title="bbox 47 2551 1612 2635">
     <span class='ocr_line' id='line_1_41' title="bbox 47 2551 1612 2635; baseline 0.012 -35"><span class='ocrx_word' id='word_1_280' title='bbox 47 2566 111 2611; x_wconf 67' lang='grc' dir='ltr'>)ις</span> <span class='ocrx_word' id='word_1_281' title='bbox 166 2551 268 2603; x_wconf 79' lang='grc' dir='ltr'><strong>καὶ</strong></span> <span class='ocrx_word' id='word_1_282' title='bbox 302 2552 334 2603; x_wconf 88' lang='lat'><strong>6</strong></span> <span class='ocrx_word' id='word_1_283' title='bbox 368 2551 481 2624; x_wconf 83' lang='grc' dir='ltr'>τῆς</span> <span class='ocrx_word' id='word_1_284' title='bbox 533 2553 748 2623; x_wconf 83' lang='grc' dir='ltr'>φύσεως</span> <span class='ocrx_word' id='word_1_285' title='bbox 801 2557 895 2610; x_wconf 84' lang='grc' dir='ltr'>τοῦ</span> <span class='ocrx_word' id='word_1_286' title='bbox 945 2559 1234 2631; x_wconf 83' lang='grc' dir='ltr'>ἀνθρώπου</span> <span class='ocrx_word' id='word_1_287' title='bbox 1283 2564 1612 2635; x_wconf 80' lang='grc' dir='ltr'>δημιουργός</span> 
     </span>
    </p>
   </div>
   <div class='ocr_carea' id='block_1_42' title="bbox 47 2644 1610 2715">
    <p class='ocr_par' dir='ltr' id='par_1_42' title="bbox 47 2644 1610 2715">
     <span class='ocr_line' id='line_1_42' title="bbox 47 2644 1610 2715; baseline 0.013 -23"><span class='ocrx_word' id='word_1_288' title='bbox 47 2658 148 2694; x_wconf 71' lang='grc' dir='ltr'>ττιν</span> <span class='ocrx_word' id='word_1_289' title='bbox 180 2644 505 2711; x_wconf 78' lang='grc' dir='ltr'>ἄγνωστος.</span> <span class='ocrx_word' id='word_1_290' title='bbox 552 2648 910 2715; x_wconf 79' lang='grc' dir='ltr'>Ἀγνοούντων</span> <span class='ocrx_word' id='word_1_291' title='bbox 941 2651 997 2703; x_wconf 83' lang='grc' dir='ltr'>δὲ</span> <span class='ocrx_word' id='word_1_292' title='bbox 1025 2654 1205 2707; x_wconf 78' lang='grc' dir='ltr'>αὐτῶν</span> <span class='ocrx_word' id='word_1_293' title='bbox 1228 2657 1292 2709; x_wconf 84' lang='grc' dir='ltr'>τὸ</span> <span class='ocrx_word' id='word_1_294' title='bbox 1322 2657 1497 2711; x_wconf 78' lang='grc' dir='ltr'>αἴτιον</span> <span class='ocrx_word' id='word_1_295' title='bbox 1516 2659 1610 2712; x_wconf 75' lang='grc' dir='ltr'>τοῦ</span> 
     </span>
    </p>
   </div>
   <div class='ocr_carea' id='block_1_43' title="bbox 47 2734 1607 2821">
    <p class='ocr_par' dir='ltr' id='par_1_43' title="bbox 47 2734 1607 2821">
     <span class='ocr_line' id='line_1_43' title="bbox 47 2734 1607 2821; baseline 0.012 -35"><span class='ocrx_word' id='word_1_296' title='bbox 47 2734 239 2786; x_wconf 79' lang='grc' dir='ltr'>ανάτου</span> <span class='ocrx_word' id='word_1_297' title='bbox 270 2736 374 2789; x_wconf 80' lang='grc' dir='ltr'>καὶ</span> <span class='ocrx_word' id='word_1_298' title='bbox 404 2737 508 2791; x_wconf 74' lang='grc' dir='ltr'><strong>τὸν</strong></span> <span class='ocrx_word' id='word_1_299' title='bbox 555 2739 887 2813; x_wconf 76' lang='grc' dir='ltr'>δημιουργὸν</span> <span class='ocrx_word' id='word_1_300' title='bbox 929 2745 1030 2814; x_wconf 85' lang='grc' dir='ltr'><strong>τῆς</strong></span> <span class='ocrx_word' id='word_1_301' title='bbox 1061 2748 1275 2814; x_wconf 78' lang='grc' dir='ltr'>φύσεως</span> <span class='ocrx_word' id='word_1_302' title='bbox 1303 2749 1607 2821; x_wconf 86' lang='grc' dir='ltr'>ἀνθρώπου,</span> 
     </span>
    </p>
   </div>
   <div class='ocr_carea' id='block_1_44' title="bbox 48 2827 1611 2917">
    <p class='ocr_par' dir='ltr' id='par_1_44' title="bbox 48 2827 1611 2917">
     <span class='ocr_line' id='line_1_44' title="bbox 48 2827 1611 2917; baseline 0.013 -39"><span class='ocrx_word' id='word_1_303' title='bbox 48 2827 121 2890; x_wconf 72' lang='grc' dir='ltr'>ὡς</span> <span class='ocrx_word' id='word_1_304' title='bbox 144 2830 248 2881; x_wconf 82' lang='grc' dir='ltr'>οὐκ</span> <span class='ocrx_word' id='word_1_305' title='bbox 283 2831 351 2894; x_wconf 77' lang='grc' dir='ltr'>ἐξ</span> <span class='ocrx_word' id='word_1_306' title='bbox 379 2832 612 2900; x_wconf 75' lang='grc' dir='ltr'>ἀγνοίας</span> <span class='ocrx_word' id='word_1_307' title='bbox 644 2834 863 2903; x_wconf 85' lang='grc' dir='ltr'>λέγουσι</span> <span class='ocrx_word' id='word_1_308' title='bbox 890 2837 950 2890; x_wconf 84' lang='grc' dir='ltr'>τὸ</span> <span class='ocrx_word' id='word_1_309' title='bbox 990 2839 1064 2909; x_wconf 84' lang='grc' dir='ltr'>μὴ</span> <span class='ocrx_word' id='word_1_310' title='bbox 1098 2835 1234 2894; x_wconf 82' lang='grc' dir='ltr'>εἶναι</span> <span class='ocrx_word' id='word_1_311' title='bbox 1266 2842 1373 2897; x_wconf 87' lang='grc' dir='ltr'><strong>τῶν</strong></span> <span class='ocrx_word' id='word_1_312' title='bbox 1401 2846 1611 2917; x_wconf 80' lang='grc' dir='ltr'>νεκρῶν</span> 
     </span>
    </p>
   </div>
   <div class='ocr_carea' id='block_1_45' title="bbox 47 2920 501 2991">
    <p class='ocr_par' dir='ltr' id='par_1_45' title="bbox 47 2920 501 2991">
     <span class='ocr_line' id='line_1_45' title="bbox 47 2920 501 2991; baseline 0.011 -18"><span class='ocrx_word' id='word_1_313' title='bbox 47 2920 104 2991; x_wconf 67' lang='grc' dir='ltr'>ἢν</span> <span class='ocrx_word' id='word_1_314' title='bbox 134 2922 451 2978; x_wconf 76' lang='grc' dir='ltr'>ἀνάστασιν</span> <span class='ocrx_word' id='word_1_315' title='bbox 487 2942 501 2989; x_wconf 90' lang='grc'><strong>;</strong></span> 
     </span>
    </p>
   </div>
   <div class='ocr_carea' id='block_1_46' title="bbox 79 3014 1609 3103">
    <p class='ocr_par' dir='ltr' id='par_1_46' title="bbox 79 3014 1609 3103">
     <span class='ocr_line' id='line_1_46' title="bbox 79 3014 1609 3103; baseline 0.012 -37"><span class='ocrx_word' id='word_1_316' title='bbox 79 3014 178 3068; x_wconf 70' lang='grc' dir='ltr'>κθν.</span> <span class='ocrx_word' id='word_1_317' title='bbox 212 3016 387 3069; x_wconf 79' lang='grc' dir='ltr'>Ἀλλο</span> <span class='ocrx_word' id='word_1_318' title='bbox 420 3017 487 3069; x_wconf 84' lang='grc' dir='ltr'>τὸ</span> <span class='ocrx_word' id='word_1_319' title='bbox 514 3017 689 3090; x_wconf 77' lang='grc' dir='ltr'>πάντη</span> <span class='ocrx_word' id='word_1_320' title='bbox 722 3020 797 3092; x_wconf 82' lang='grc' dir='ltr'>μὴ</span> <span class='ocrx_word' id='word_1_321' title='bbox 823 3020 901 3085; x_wconf 76' lang='grc' dir='ltr'>ὃν,</span> <span class='ocrx_word' id='word_1_322' title='bbox 934 3023 1029 3076; x_wconf 78' lang='grc' dir='ltr'>καὶ</span> <span class='ocrx_word' id='word_1_323' title='bbox 1054 3024 1181 3101; x_wconf 80' lang='grc' dir='ltr'>ἄλλο</span> <span class='ocrx_word' id='word_1_324' title='bbox 1208 3028 1269 3080; x_wconf 88' lang='grc' dir='ltr'><strong>τὸ</strong></span> <span class='ocrx_word' id='word_1_325' title='bbox 1300 3029 1501 3083; x_wconf 84' lang='grc' dir='ltr'>τοιόνδε</span> <span class='ocrx_word' id='word_1_326' title='bbox 1535 3032 1609 3103; x_wconf 81' lang='grc' dir='ltr'>μὴ</span> 
     </span>
    </p>
   </div>
   <div class='ocr_carea' id='block_1_47' title="bbox 47 3105 1608 3194">
    <p class='ocr_par' dir='ltr' id='par_1_47' title="bbox 47 3105 1608 3194">
     <span class='ocr_line' id='line_1_47' title="bbox 47 3105 1608 3194; baseline 0.011 -35"><span class='ocrx_word' id='word_1_327' title='bbox 47 3126 88 3159; x_wconf 87' lang='grc' dir='ltr'>ν·</span> <span class='ocrx_word' id='word_1_328' title='bbox 128 3105 240 3163; x_wconf 80' lang='grc' dir='ltr'>οἷον</span> <span class='ocrx_word' id='word_1_329' title='bbox 265 3110 405 3164; x_wconf 83' lang='grc' dir='ltr'>ἄλλο</span> <span class='ocrx_word' id='word_1_330' title='bbox 430 3112 497 3163; x_wconf 87' lang='grc' dir='ltr'>τὸ</span> <span class='ocrx_word' id='word_1_331' title='bbox 526 3111 623 3183; x_wconf 85' lang='grc' dir='ltr'><strong>τὴν</strong></span> <span class='ocrx_word' id='word_1_332' title='bbox 652 3113 827 3184; x_wconf 80' lang='grc' dir='ltr'>ἀρχὴν</span> <span class='ocrx_word' id='word_1_333' title='bbox 886 3116 959 3185; x_wconf 80' lang='grc' dir='ltr'><strong>μὴ</strong></span> <span class='ocrx_word' id='word_1_334' title='bbox 1012 3117 1261 3184; x_wconf 83' lang='grc' dir='ltr'>γενέσθαι</span> <span class='ocrx_word' id='word_1_335' title='bbox 1302 3120 1608 3194; x_wconf 76' lang='grc' dir='ltr'>ἄνθρωπον,</span> 
     </span>
    </p>
   </div>
   <div class='ocr_carea' id='block_1_48' title="bbox 52 3202 1677 3284">
    <p class='ocr_par' dir='ltr' id='par_1_48' title="bbox 52 3202 1677 3284">
     <span class='ocr_line' id='line_1_48' title="bbox 52 3202 1677 3284; baseline 0.01 -31"><span class='ocrx_word' id='word_1_336' title='bbox 52 3202 104 3252; x_wconf 77' lang='grc' dir='ltr'><strong>αὶ</strong></span> <span class='ocrx_word' id='word_1_337' title='bbox 130 3203 259 3255; x_wconf 77' lang='grc' dir='ltr'>ἀλλο</span> <span class='ocrx_word' id='word_1_338' title='bbox 287 3204 355 3257; x_wconf 87' lang='grc' dir='ltr'><strong>τὸ</strong></span> <span class='ocrx_word' id='word_1_339' title='bbox 383 3204 531 3275; x_wconf 87' lang='grc' dir='ltr'><strong>μετά</strong></span> <span class='ocrx_word' id='word_1_340' title='bbox 561 3206 621 3258; x_wconf 85' lang='grc' dir='ltr'><strong>τὸ</strong></span> <span class='ocrx_word' id='word_1_341' title='bbox 647 3206 898 3273; x_wconf 80' lang='grc' dir='ltr'>γενέσθαι</span> <span class='ocrx_word' id='word_1_342' title='bbox 932 3209 1094 3261; x_wconf 82' lang='grc' dir='ltr'>αὑτὸν</span> <span class='ocrx_word' id='word_1_343' title='bbox 1147 3211 1443 3284; x_wconf 82' lang='grc' dir='ltr'>φθαρῆναι.</span> <span class='ocrx_word' id='word_1_344' title='bbox 1501 3216 1609 3268; x_wconf 75' lang='grc' dir='ltr'>Καὶ</span> <span class='ocrx_word' id='word_1_345' title='bbox 1643 3265 1677 3284; x_wconf 61' lang='grc' dir='ltr'>ι,</span> 
     </span>
    </p>
   </div>
   <div class='ocr_carea' id='block_1_49' title="bbox 48 3293 1604 3379">
    <p class='ocr_par' dir='ltr' id='par_1_49' title="bbox 48 3293 1604 3379">
     <span class='ocr_line' id='line_1_49' title="bbox 48 3293 1604 3379; baseline 0.01 -35"><span class='ocrx_word' id='word_1_346' title='bbox 48 3293 197 3363; x_wconf 84' lang='grc' dir='ltr'>πειδὴ</span> <span class='ocrx_word' id='word_1_347' title='bbox 242 3297 349 3349; x_wconf 80' lang='grc' dir='ltr'>οὐκ</span> <span class='ocrx_word' id='word_1_348' title='bbox 376 3297 500 3350; x_wconf 77' lang='grc' dir='ltr'>ἔστι</span> <span class='ocrx_word' id='word_1_349' title='bbox 536 3297 613 3369; x_wconf 89' lang='grc' dir='ltr'><strong>τῷ</strong></span> <span class='ocrx_word' id='word_1_350' title='bbox 636 3298 754 3370; x_wconf 85' lang='grc' dir='ltr'><strong>Θεῷ</strong></span> <span class='ocrx_word' id='word_1_351' title='bbox 800 3300 962 3371; x_wconf 77' lang='grc' dir='ltr'>ἔργον</span> <span class='ocrx_word' id='word_1_352' title='bbox 989 3301 1150 3373; x_wconf 78' lang='grc' dir='ltr'>ἔργον</span> <span class='ocrx_word' id='word_1_353' title='bbox 1184 3304 1604 3379; x_wconf 79' lang='grc' dir='ltr'>ἐργωδέστερον,</span> 
     </span>
    </p>
   </div>
   <div class='ocr_carea' id='block_1_50' title="bbox 47 3385 1605 3474">
    <p class='ocr_par' dir='ltr' id='par_1_50' title="bbox 47 3385 1605 3474">
     <span class='ocr_line' id='line_1_50' title="bbox 47 3385 1605 3474; baseline 0.012 -37"><span class='ocrx_word' id='word_1_354' title='bbox 47 3385 127 3447; x_wconf 67' lang='grc' dir='ltr'><strong>πῶς</strong></span> <span class='ocrx_word' id='word_1_355' title='bbox 168 3388 269 3440; x_wconf 71' lang='grc' dir='ltr'><strong>οὐκ</strong></span> <span class='ocrx_word' id='word_1_356' title='bbox 302 3388 461 3443; x_wconf 78' lang='grc' dir='ltr'>ἐστιν</span> <span class='ocrx_word' id='word_1_357' title='bbox 488 3392 680 3460; x_wconf 80' lang='grc' dir='ltr'>ἄλογον</span> <span class='ocrx_word' id='word_1_358' title='bbox 713 3394 775 3446; x_wconf 88' lang='grc' dir='ltr'><strong>τὸ</strong></span> <span class='ocrx_word' id='word_1_359' title='bbox 822 3394 1097 3449; x_wconf 81' lang='grc' dir='ltr'>πιστεύειν</span> <span class='ocrx_word' id='word_1_360' title='bbox 1133 3398 1230 3467; x_wconf 86' lang='grc' dir='ltr'>μὲν</span> <span class='ocrx_word' id='word_1_361' title='bbox 1258 3399 1377 3471; x_wconf 90' lang='grc' dir='ltr'><strong>Θεῷ</strong></span> <span class='ocrx_word' id='word_1_362' title='bbox 1418 3402 1514 3456; x_wconf 72' lang='grc' dir='ltr'><strong>ἐπὶ</strong></span> <span class='ocrx_word' id='word_1_363' title='bbox 1540 3408 1605 3474; x_wconf 81' lang='grc' dir='ltr'>τῇ</span> 
     </span>
    </p>
   </div>
   <div class='ocr_carea' id='block_1_51' title="bbox 47 3482 1607 3565">
    <p class='ocr_par' dir='ltr' id='par_1_51' title="bbox 47 3482 1607 3565">
     <span class='ocr_line' id='line_1_51' title="bbox 47 3482 1607 3565; baseline 0.012 -35"><span class='ocrx_word' id='word_1_364' title='bbox 47 3482 225 3549; x_wconf 66' lang='grc' dir='ltr'>ποιήσει</span> <span class='ocrx_word' id='word_1_365' title='bbox 256 3483 370 3535; x_wconf 85' lang='grc' dir='ltr'><strong>τῶν</strong></span> <span class='ocrx_word' id='word_1_366' title='bbox 402 3485 581 3556; x_wconf 80' lang='grc' dir='ltr'>πάντη</span> <span class='ocrx_word' id='word_1_367' title='bbox 605 3488 704 3539; x_wconf 77' lang='grc' dir='ltr'>οὐκ</span> <span class='ocrx_word' id='word_1_368' title='bbox 730 3486 920 3549; x_wconf 75' lang='grc' dir='ltr'>ὄντων,</span> <span class='ocrx_word' id='word_1_369' title='bbox 958 3488 1207 3544; x_wconf 85' lang='grc' dir='ltr'>ἀπιστεῖν</span> <span class='ocrx_word' id='word_1_370' title='bbox 1238 3491 1293 3544; x_wconf 85' lang='grc' dir='ltr'>δὲ</span> <span class='ocrx_word' id='word_1_371' title='bbox 1337 3494 1485 3565; x_wconf 76' lang='grc' dir='ltr'>αὐτῷ</span> <span class='ocrx_word' id='word_1_372' title='bbox 1515 3498 1607 3551; x_wconf 76' lang='grc' dir='ltr'><strong>ἐπὶ</strong></span> 
     </span>
    </p>
   </div>
   <div class='ocr_carea' id='block_1_52' title="bbox 48 3574 1015 3652">
    <p class='ocr_par' dir='ltr' id='par_1_52' title="bbox 48 3574 1015 3652">
     <span class='ocr_line' id='line_1_52' title="bbox 48 3574 1015 3652; baseline 0.009 -27"><span class='ocrx_word' id='word_1_373' title='bbox 48 3574 78 3640; x_wconf 76' lang='grc' dir='ltr'>ᾖ</span> <span class='ocrx_word' id='word_1_374' title='bbox 115 3577 481 3646; x_wconf 80' lang='grc' dir='ltr'>μεταποιήσει</span> <span class='ocrx_word' id='word_1_375' title='bbox 512 3578 620 3631; x_wconf 82' lang='grc' dir='ltr'><strong>τῶν</strong></span> <span class='ocrx_word' id='word_1_376' title='bbox 663 3579 1015 3652; x_wconf 79' lang='grc' dir='ltr'>φθαρέντων;</span> 
     </span>
    </p>
   </div>
   <div class='ocr_carea' id='block_1_53' title="bbox 87 3751 1602 3835">
    <p class='ocr_par' dir='ltr' id='par_1_53' title="bbox 87 3751 1602 3835">
     <span class='ocr_line' id='line_1_53' title="bbox 87 3751 1602 3835; baseline 0.011 -33"><span class='ocrx_word' id='word_1_377' title='bbox 87 3751 146 3803; x_wconf 88' lang='grc' dir='ltr'><strong>λ’.</strong></span> <span class='ocrx_word' id='word_1_378' title='bbox 169 3754 251 3818; x_wconf 74' lang='lat' dir='ltr'><strong>Et,</strong></span> <span class='ocrx_word' id='word_1_379' title='bbox 270 3753 429 3810; x_wconf 83' lang='grc' dir='ltr'>ὥσπε</span> <span class='ocrx_word' id='word_1_380' title='bbox 439 3774 470 3827; x_wconf 94' lang='grc' dir='ltr'><strong>ρ</strong></span> <span class='ocrx_word' id='word_1_381' title='bbox 494 3758 601 3831; x_wconf 82' lang='grc' dir='ltr'><strong>πρὸ</strong></span> <span class='ocrx_word' id='word_1_382' title='bbox 628 3758 721 3813; x_wconf 82' lang='grc' dir='ltr'>τοῦ</span> <span class='ocrx_word' id='word_1_383' title='bbox 744 3761 993 3828; x_wconf 85' lang='grc' dir='ltr'>γενέσθαι</span> <span class='ocrx_word' id='word_1_384' title='bbox 1019 3763 1109 3816; x_wconf 79' lang='grc' dir='ltr'>τὸν</span> <span class='ocrx_word' id='word_1_385' title='bbox 1133 3763 1435 3835; x_wconf 84' lang='grc' dir='ltr'>ἄνθρωπον,</span> <span class='ocrx_word' id='word_1_386' title='bbox 1454 3766 1482 3817; x_wconf 88' lang='lat'><strong>6</strong></span> <span class='ocrx_word' id='word_1_387' title='bbox 1509 3768 1602 3819; x_wconf 76' lang='grc' dir='ltr'><strong>ἄν·</strong></span> 
     </span>
    </p>
   </div>
   <div class='ocr_carea' id='block_1_54' title="bbox 48 3844 1599 3925">
    <p class='ocr_par' dir='ltr' id='par_1_54' title="bbox 48 3844 1599 3925">
     <span class='ocr_line' id='line_1_54' title="bbox 48 3844 1599 3925; baseline 0.01 -29"><span class='ocrx_word' id='word_1_388' title='bbox 48 3858 226 3910; x_wconf 76' lang='grc' dir='ltr'>’ρωπος</span> <span class='ocrx_word' id='word_1_389' title='bbox 257 3845 495 3919; x_wconf 76' lang='grc' dir='ltr'>δυνάμει</span> <span class='ocrx_word' id='word_1_390' title='bbox 524 3844 592 3921; x_wconf 80' lang='grc' dir='ltr'>ἦν</span> <span class='ocrx_word' id='word_1_391' title='bbox 620 3850 677 3902; x_wconf 84' lang='grc' dir='ltr'>ὲν</span> <span class='ocrx_word' id='word_1_392' title='bbox 706 3854 818 3914; x_wconf 86' lang='grc' dir='ltr'>τοῖς</span> <span class='ocrx_word' id='word_1_393' title='bbox 850 3852 1134 3922; x_wconf 86' lang='grc' dir='ltr'>στοιχείοις</span> <span class='ocrx_word' id='word_1_394' title='bbox 1159 3852 1217 3919; x_wconf 81' lang='grc' dir='ltr'>ἐξ</span> <span class='ocrx_word' id='word_1_395' title='bbox 1240 3849 1315 3908; x_wconf 83' lang='grc' dir='ltr'>ὧν</span> <span class='ocrx_word' id='word_1_396' title='bbox 1359 3857 1599 3925; x_wconf 82' lang='grc' dir='ltr'>γέγονεν,</span> 
     </span>
    </p>
   </div>
   <div class='ocr_carea' id='block_1_55' title="bbox 48 3931 1600 4018">
    <p class='ocr_par' dir='ltr' id='par_1_55' title="bbox 48 3931 1600 4018">
     <span class='ocr_line' id='line_1_55' title="bbox 48 3931 1600 4018; baseline 0.01 -33"><span class='ocrx_word' id='word_1_397' title='bbox 48 3931 154 3986; x_wconf 63' lang='grc' dir='ltr'><strong>ιῦτω</strong></span> <span class='ocrx_word' id='word_1_398' title='bbox 182 3938 276 3990; x_wconf 82' lang='grc' dir='ltr'>καὶ</span> <span class='ocrx_word' id='word_1_399' title='bbox 314 3940 459 4009; x_wconf 83' lang='grc' dir='ltr'><strong>μετά</strong></span> <span class='ocrx_word' id='word_1_400' title='bbox 492 3940 553 3993; x_wconf 84' lang='grc' dir='ltr'><strong>τὸ</strong></span> <span class='ocrx_word' id='word_1_401' title='bbox 585 3941 857 4013; x_wconf 79' lang='grc' dir='ltr'>φθαρῆναι</span> <span class='ocrx_word' id='word_1_402' title='bbox 898 3945 1082 4009; x_wconf 77' lang='grc' dir='ltr'>αὐτὸν,</span> <span class='ocrx_word' id='word_1_403' title='bbox 1125 3945 1238 3998; x_wconf 79' lang='grc' dir='ltr'>ἐστι</span> <span class='ocrx_word' id='word_1_404' title='bbox 1277 3946 1501 4018; x_wconf 81' lang='grc' dir='ltr'>δυνάμει</span> <span class='ocrx_word' id='word_1_405' title='bbox 1544 3951 1600 4001; x_wconf 82' lang='grc' dir='ltr'><strong>ἐν</strong></span> 
     </span>
    </p>
   </div>
   <div class='ocr_carea' id='block_1_56' title="bbox 47 4027 1597 4111">
    <p class='ocr_par' dir='ltr' id='par_1_56' title="bbox 47 4027 1597 4111">
     <span class='ocr_line' id='line_1_56' title="bbox 47 4027 1597 4111; baseline 0.007 -29"><span class='ocrx_word' id='word_1_406' title='bbox 47 4027 126 4090; x_wconf 77' lang='grc' dir='ltr'>ῖοῖς</span> <span class='ocrx_word' id='word_1_407' title='bbox 168 4032 480 4101; x_wconf 83' lang='grc' dir='ltr'>στοιχείοις,</span> <span class='ocrx_word' id='word_1_408' title='bbox 531 4033 649 4098; x_wconf 87' lang='grc' dir='ltr'>πῶς</span> <span class='ocrx_word' id='word_1_409' title='bbox 699 4034 1020 4090; x_wconf 81' lang='grc' dir='ltr'>ἀπιστοῦσιν</span> <span class='ocrx_word' id='word_1_410' title='bbox 1074 4039 1121 4091; x_wconf 80' lang='grc' dir='ltr'>οἱ</span> <span class='ocrx_word' id='word_1_411' title='bbox 1168 4038 1424 4109; x_wconf 84' lang='grc' dir='ltr'>Ἓλληνες</span> <span class='ocrx_word' id='word_1_412' title='bbox 1459 4040 1597 4111; x_wconf 87' lang='grc' dir='ltr'>Θεῷ,</span> 
     </span>
    </p>
   </div>
   <div class='ocr_carea' id='block_1_57' title="bbox 48 4124 1599 4204">
    <p class='ocr_par' dir='ltr' id='par_1_57' title="bbox 48 4124 1599 4204">
     <span class='ocr_line' id='line_1_57' title="bbox 48 4124 1599 4204; baseline 0.013 -32"><span class='ocrx_word' id='word_1_413' title='bbox 48 4124 493 4197; x_wconf 73' lang='grc' dir='ltr'>ίπαγγειλαμένῳ,</span> <span class='ocrx_word' id='word_1_414' title='bbox 528 4128 753 4201; x_wconf 79' lang='grc' dir='ltr'>ἀνιστᾷν</span> <span class='ocrx_word' id='word_1_415' title='bbox 780 4133 906 4194; x_wconf 80' lang='grc' dir='ltr'>τοὺς</span> <span class='ocrx_word' id='word_1_416' title='bbox 930 4133 1176 4204; x_wconf 81' lang='grc' dir='ltr'>νεκροὺς,</span> <span class='ocrx_word' id='word_1_417' title='bbox 1202 4134 1277 4198; x_wconf 84' lang='grc' dir='ltr'>ὼς</span> <span class='ocrx_word' id='word_1_418' title='bbox 1299 4135 1385 4189; x_wconf 78' lang='grc' dir='ltr'><strong>ἐπ’</strong></span> <span class='ocrx_word' id='word_1_419' title='bbox 1403 4138 1599 4192; x_wconf 79' lang='grc' dir='ltr'>ἀδυνά-</span> 
     </span>
    </p>
   </div>
   <div class='ocr_carea' id='block_1_58' title="bbox 47 4214 1600 4295">
    <p class='ocr_par' dir='ltr' id='par_1_58' title="bbox 47 4214 1600 4295">
     <span class='ocr_line' id='line_1_58' title="bbox 47 4214 1600 4295; baseline 0.009 -27"><span class='ocrx_word' id='word_1_420' title='bbox 47 4226 93 4278; x_wconf 73' lang='grc' dir='ltr'>ῑῳ</span> <span class='ocrx_word' id='word_1_421' title='bbox 124 4214 433 4287; x_wconf 76' lang='grc' dir='ltr'>πράγματι,</span> <span class='ocrx_word' id='word_1_422' title='bbox 473 4218 569 4272; x_wconf 82' lang='grc' dir='ltr'>τοῦ</span> <span class='ocrx_word' id='word_1_423' title='bbox 602 4219 890 4291; x_wconf 84' lang='grc' dir='ltr'>ἀνθρώπου</span> <span class='ocrx_word' id='word_1_424' title='bbox 933 4223 1160 4295; x_wconf 86' lang='grc' dir='ltr'>δυνάμει</span> <span class='ocrx_word' id='word_1_425' title='bbox 1193 4225 1346 4291; x_wconf 76' lang='grc' dir='ltr'>ὄντος</span> <span class='ocrx_word' id='word_1_426' title='bbox 1394 4231 1452 4281; x_wconf 83' lang='grc' dir='ltr'>ὲν</span> <span class='ocrx_word' id='word_1_427' title='bbox 1488 4232 1600 4293; x_wconf 81' lang='grc' dir='ltr'>τοῖς</span> 
     </span>
    </p>
   </div>
   <div class='ocr_carea' id='block_1_59' title="bbox 47 4307 1597 4385">
    <p class='ocr_par' dir='ltr' id='par_1_59' title="bbox 47 4307 1597 4385">
     <span class='ocr_line' id='line_1_59' title="bbox 47 4307 1597 4385; baseline 0.012 -31"><span class='ocrx_word' id='word_1_428' title='bbox 47 4307 318 4374; x_wconf 73' lang='grc' dir='ltr'>ποιχείοις,</span> <span class='ocrx_word' id='word_1_429' title='bbox 361 4308 554 4382; x_wconf 79' lang='grc' dir='ltr'>ὥσπερ</span> <span class='ocrx_word' id='word_1_430' title='bbox 580 4312 748 4368; x_wconf 81' lang='grc' dir='ltr'>πάλαι</span> <span class='ocrx_word' id='word_1_431' title='bbox 795 4315 1133 4385; x_wconf 78' lang='grc' dir='ltr'>κτιζομένου,</span> <span class='ocrx_word' id='word_1_432' title='bbox 1172 4316 1341 4382; x_wconf 78' lang='grc' dir='ltr'>οὕτως</span> <span class='ocrx_word' id='word_1_433' title='bbox 1373 4320 1467 4373; x_wconf 80' lang='grc' dir='ltr'>καὶ</span> <span class='ocrx_word' id='word_1_434' title='bbox 1505 4319 1597 4373; x_wconf 77' lang='grc' dir='ltr'>νῦν</span> 
     </span>
    </p>
   </div>
   <div class='ocr_carea' id='block_1_60' title="bbox 47 4394 482 4470">
    <p class='ocr_par' dir='ltr' id='par_1_60' title="bbox 47 4394 482 4470">
     <span class='ocr_line' id='line_1_60' title="bbox 47 4394 482 4470; baseline 0.03 -28"><span class='ocrx_word' id='word_1_435' title='bbox 47 4394 438 4470; x_wconf 77' lang='grc' dir='ltr'>ινακτιζομένου</span> <span class='ocrx_word' id='word_1_436' title='bbox 467 4419 482 4467; x_wconf 90' lang='grc'>;</span> 
     </span>
    </p>
   </div>
   <div class='ocr_carea' id='block_1_61' title="bbox 94 4484 1595 4572">
    <p class='ocr_par' dir='ltr' id='par_1_61' title="bbox 94 4484 1595 4572">
     <span class='ocr_line' id='line_1_61' title="bbox 94 4484 1595 4572; baseline 0.009 -31"><span class='ocrx_word' id='word_1_437' title='bbox 94 4484 185 4540; x_wconf 86' lang='grc' dir='ltr'>λα’.</span> <span class='ocrx_word' id='word_1_438' title='bbox 221 4491 284 4544; x_wconf 78' lang='lat' dir='ltr'><strong>Et</strong></span> <span class='ocrx_word' id='word_1_439' title='bbox 326 4494 429 4547; x_wconf 81' lang='grc' dir='ltr'><strong>οὐκ</strong></span> <span class='ocrx_word' id='word_1_440' title='bbox 463 4493 692 4563; x_wconf 69' lang='grc' dir='ltr'>ἠδύνατο</span> <span class='ocrx_word' id='word_1_441' title='bbox 732 4498 760 4549; x_wconf 90' lang='lat'><strong>6</strong></span> <span class='ocrx_word' id='word_1_442' title='bbox 796 4496 928 4560; x_wconf 77' lang='grc' dir='ltr'>Θεὸς</span> <span class='ocrx_word' id='word_1_443' title='bbox 972 4497 1032 4563; x_wconf 79' lang='grc' dir='ltr'><strong>ἐξ</strong></span> <span class='ocrx_word' id='word_1_444' title='bbox 1070 4498 1246 4569; x_wconf 80' lang='grc' dir='ltr'>ἀρχῆς</span> <span class='ocrx_word' id='word_1_445' title='bbox 1286 4499 1595 4572; x_wconf 79' lang='grc' dir='ltr'>ἀφθάρτους</span> 
     </span>
    </p>
   </div>
   <div class='ocr_carea' id='block_1_62' title="bbox 1713 2015 2413 2078">
    <p class='ocr_par' dir='ltr' id='par_1_62' title="bbox 1713 2015 2413 2078">
     <span class='ocr_line' id='line_1_62' title="bbox 1713 2015 2413 2078; baseline 0.014 -10"><span class='ocrx_word' id='word_1_446' title='bbox 1713 2015 1981 2071; x_wconf 66' lang='grc' dir='ltr'>ὺὶιίιιιίειιι</span> <span class='ocrx_word' id='word_1_447' title='bbox 2010 2034 2110 2075; x_wconf 88' lang='lat' dir='ltr'><strong>nos</strong></span> <span class='ocrx_word' id='word_1_448' title='bbox 2136 2023 2413 2078; x_wconf 81' lang='lat' dir='ltr'><strong>restituit?</strong></span> 
     </span>
    </p>
   </div>
   <div class='ocr_carea' id='block_1_63' title="bbox 1784 2106 3295 2188">
    <p class='ocr_par' dir='ltr' id='par_1_63' title="bbox 1784 2106 3295 2188">
     <span class='ocr_line' id='line_1_63' title="bbox 1784 2106 3295 2188; baseline 0.012 -27"><span class='ocrx_word' id='word_1_449' title='bbox 1784 2106 1874 2163; x_wconf 77' lang='lat'><strong>28.</strong></span> <span class='ocrx_word' id='word_1_450' title='bbox 1919 2108 2229 2167; x_wconf 87' lang='lat' dir='ltr'><strong>Secundum</strong></span> <span class='ocrx_word' id='word_1_451' title='bbox 2257 2130 2372 2179; x_wconf 91' lang='lat' dir='ltr'><strong>eos,</strong></span> <span class='ocrx_word' id='word_1_452' title='bbox 2417 2120 2509 2188; x_wconf 91' lang='lat' dir='ltr'><strong>qui</strong></span> <span class='ocrx_word' id='word_1_453' title='bbox 2557 2129 2896 2177; x_wconf 90' lang='lat' dir='ltr'><strong>mortuorum</strong></span> <span class='ocrx_word' id='word_1_454' title='bbox 2931 2126 3295 2180; x_wconf 84' lang='lat' dir='ltr'><strong>resurrectio-</strong></span> 
     </span>
    </p>
   </div>
   <div class='ocr_carea' id='block_1_64' title="bbox 1716 2205 3294 2280">
    <p class='ocr_par' dir='ltr' id='par_1_64' title="bbox 1716 2205 3294 2280">
     <span class='ocr_line' id='line_1_64' title="bbox 1716 2205 3294 2280; baseline 0.011 -25"><span class='ocrx_word' id='word_1_455' title='bbox 1716 2218 1839 2256; x_wconf 89' lang='lat' dir='ltr'><strong>nem</strong></span> <span class='ocrx_word' id='word_1_456' title='bbox 1869 2205 2119 2270; x_wconf 88' lang='lat' dir='ltr'><strong>credunt,</strong></span> <span class='ocrx_word' id='word_1_457' title='bbox 2152 2206 2306 2275; x_wconf 88' lang='lat' dir='ltr'><strong>justo</strong></span> <span class='ocrx_word' id='word_1_458' title='bbox 2336 2208 2429 2264; x_wconf 89' lang='lat' dir='ltr'><strong>Dei</strong></span> <span class='ocrx_word' id='word_1_459' title='bbox 2474 2210 2684 2280; x_wconf 85' lang='lat' dir='ltr'><strong>judicio</strong></span> <span class='ocrx_word' id='word_1_460' title='bbox 2712 2222 2767 2269; x_wconf 89' lang='lat' dir='ltr'><strong>et</strong></span> <span class='ocrx_word' id='word_1_461' title='bbox 2806 2216 3071 2270; x_wconf 84' lang='lat' dir='ltr'><strong>morimur</strong></span> <span class='ocrx_word' id='word_1_462' title='bbox 3106 2226 3160 2272; x_wconf 87' lang='lat' dir='ltr'><strong>et</strong></span> <span class='ocrx_word' id='word_1_463' title='bbox 3208 2234 3294 2272; x_wconf 86' lang='lat' dir='ltr'><strong>re-</strong></span> 
     </span>
    </p>
   </div>
   <div class='ocr_carea' id='block_1_65' title="bbox 1716 2295 3291 2377">
    <p class='ocr_par' dir='ltr' id='par_1_65' title="bbox 1716 2295 3291 2377">
     <span class='ocr_line' id='line_1_65' title="bbox 1716 2295 3291 2377; baseline 0.01 -28"><span class='ocrx_word' id='word_1_464' title='bbox 1716 2295 2033 2353; x_wconf 85' lang='lat' dir='ltr'><strong>viviscituus</strong></span> <span class='ocrx_word' id='word_1_465' title='bbox 2066 2320 2078 2353; x_wconf 88' lang='lat'><strong>:</strong></span> <span class='ocrx_word' id='word_1_466' title='bbox 2118 2315 2181 2353; x_wconf 92' lang='lat' dir='ltr'><strong>ac</strong></span> <span class='ocrx_word' id='word_1_467' title='bbox 2216 2302 2347 2355; x_wconf 91' lang='lat' dir='ltr'><strong>illud</strong></span> <span class='ocrx_word' id='word_1_468' title='bbox 2384 2305 2602 2373; x_wconf 87' lang='lat' dir='ltr'><strong>quidem</strong></span> <span class='ocrx_word' id='word_1_469' title='bbox 2649 2316 2871 2377; x_wconf 86' lang='lat' dir='ltr'><strong>propter</strong></span> <span class='ocrx_word' id='word_1_470' title='bbox 2899 2309 3140 2365; x_wconf 83' lang='lat' dir='ltr'><strong>hominis</strong></span> <span class='ocrx_word' id='word_1_471' title='bbox 3173 2311 3291 2365; x_wconf 56' lang='lat' dir='ltr'><strong>iuo.</strong></span> 
     </span>
    </p>
   </div>
   <div class='ocr_carea' id='block_1_66' title="bbox 1714 2387 3290 2468">
    <p class='ocr_par' dir='ltr' id='par_1_66' title="bbox 1714 2387 3290 2468">
     <span class='ocr_line' id='line_1_66' title="bbox 1714 2387 3290 2468; baseline 0.011 -27"><span class='ocrx_word' id='word_1_472' title='bbox 1714 2387 2067 2454; x_wconf 85' lang='lat' dir='ltr'><strong>bedientiam,</strong></span> <span class='ocrx_word' id='word_1_473' title='bbox 2096 2394 2199 2448; x_wconf 89' lang='lat' dir='ltr'><strong>hoc</strong></span> <span class='ocrx_word' id='word_1_474' title='bbox 2227 2412 2357 2451; x_wconf 89' lang='lat' dir='ltr'><strong>vero</strong></span> <span class='ocrx_word' id='word_1_475' title='bbox 2392 2407 2615 2468; x_wconf 84' lang='lat' dir='ltr'><strong>propter</strong></span> <span class='ocrx_word' id='word_1_476' title='bbox 2638 2400 2876 2456; x_wconf 84' lang='lat' dir='ltr'><strong>hominis</strong></span> <span class='ocrx_word' id='word_1_477' title='bbox 2898 2403 3290 2459; x_wconf 83' lang='lat' dir='ltr'><strong>obedientiam.</strong></span> 
     </span>
    </p>
   </div>
   <div class='ocr_carea' id='block_1_67' title="bbox 1714 2476 3293 2558">
    <p class='ocr_par' dir='ltr' id='par_1_67' title="bbox 1714 2476 3293 2558">
     <span class='ocr_line' id='line_1_67' title="bbox 1714 2476 3293 2558; baseline 0.011 -27"><span class='ocrx_word' id='word_1_478' title='bbox 1714 2476 1926 2543; x_wconf 85' lang='lat' dir='ltr'><strong>Quibus</strong></span> <span class='ocrx_word' id='word_1_479' title='bbox 1955 2496 2087 2554; x_wconf 83' lang='lat' dir='ltr'><strong>ergo</strong></span> <span class='ocrx_word' id='word_1_480' title='bbox 2115 2486 2309 2542; x_wconf 90' lang='lat' dir='ltr'><strong>mortis</strong></span> <span class='ocrx_word' id='word_1_481' title='bbox 2338 2488 2521 2558; x_wconf 82' lang='lat' dir='ltr'><strong>ignota</strong></span> <span class='ocrx_word' id='word_1_482' title='bbox 2553 2505 2717 2545; x_wconf 86' lang='lat' dir='ltr'><strong>causa</strong></span> <span class='ocrx_word' id='word_1_483' title='bbox 2752 2500 2857 2556; x_wconf 82' lang='lat' dir='ltr'><strong>est,</strong></span> <span class='ocrx_word' id='word_1_484' title='bbox 2897 2493 2964 2549; x_wconf 89' lang='lat' dir='ltr'><strong>iis</strong></span> <span class='ocrx_word' id='word_1_485' title='bbox 2999 2501 3052 2548; x_wconf 91' lang='lat' dir='ltr'><strong>et</strong></span> <span class='ocrx_word' id='word_1_486' title='bbox 3084 2503 3293 2549; x_wconf 67' lang='lat' dir='ltr'><strong>natura:</strong></span> 
     </span>
    </p>
   </div>
   <div class='ocr_carea' id='block_1_68' title="bbox 1716 2571 3294 2649">
    <p class='ocr_par' dir='ltr' id='par_1_68' title="bbox 1716 2571 3294 2649">
     <span class='ocr_line' id='line_1_68' title="bbox 1716 2571 3294 2649; baseline 0.011 -25"><span class='ocrx_word' id='word_1_487' title='bbox 1716 2571 1953 2629; x_wconf 90' lang='lat' dir='ltr'><strong>hominis</strong></span> <span class='ocrx_word' id='word_1_488' title='bbox 2003 2577 2259 2632; x_wconf 90' lang='lat' dir='ltr'><strong>conditor</strong></span> <span class='ocrx_word' id='word_1_489' title='bbox 2292 2579 2531 2649; x_wconf 79' lang='lat' dir='ltr'><strong>ignotus.</strong></span> <span class='ocrx_word' id='word_1_490' title='bbox 2587 2583 2725 2636; x_wconf 82' lang='lat' dir='ltr'><strong>Cum</strong></span> <span class='ocrx_word' id='word_1_491' title='bbox 2772 2593 2953 2639; x_wconf 87' lang='lat' dir='ltr'><strong>autem</strong></span> <span class='ocrx_word' id='word_1_492' title='bbox 2998 2594 3053 2641; x_wconf 89' lang='lat' dir='ltr'><strong>et</strong></span> <span class='ocrx_word' id='word_1_493' title='bbox 3099 2588 3294 2641; x_wconf 88' lang='lat' dir='ltr'><strong>mortis</strong></span> 
     </span>
    </p>
   </div>
   <div class='ocr_carea' id='block_1_69' title="bbox 1714 2672 3289 2750">
    <p class='ocr_par' dir='ltr' id='par_1_69' title="bbox 1714 2672 3289 2750">
     <span class='ocr_line' id='line_1_69' title="bbox 1714 2672 3289 2750; baseline 0.011 -34"><span class='ocrx_word' id='word_1_494' title='bbox 1714 2677 1958 2727; x_wconf 86' lang='lat' dir='ltr'><strong>causam,</strong></span> <span class='ocrx_word' id='word_1_495' title='bbox 1990 2675 2043 2722; x_wconf 89' lang='lat' dir='ltr'><strong>et</strong></span> <span class='ocrx_word' id='word_1_496' title='bbox 2090 2676 2300 2724; x_wconf 70' lang='lat' dir='ltr'><strong>natum</strong></span> <span class='ocrx_word' id='word_1_497' title='bbox 2342 2672 2582 2729; x_wconf 90' lang='lat' dir='ltr'><strong>hominis</strong></span> <span class='ocrx_word' id='word_1_498' title='bbox 2619 2676 2961 2732; x_wconf 88' lang='lat' dir='ltr'><strong>conditorem</strong></span> <span class='ocrx_word' id='word_1_499' title='bbox 3003 2679 3289 2750; x_wconf 75' lang='lat' dir='ltr'><strong>ignorent,</strong></span> 
     </span>
    </p>
   </div>
   <div class='ocr_carea' id='block_1_70' title="bbox 1713 2757 3292 2841">
    <p class='ocr_par' dir='ltr' id='par_1_70' title="bbox 1713 2757 3292 2841">
     <span class='ocr_line' id='line_1_70' title="bbox 1713 2757 3292 2841; baseline 0.013 -34"><span class='ocrx_word' id='word_1_500' title='bbox 1713 2757 1991 2823; x_wconf 84' lang='lat' dir='ltr'><strong>quomodo</strong></span> <span class='ocrx_word' id='word_1_501' title='bbox 2013 2775 2125 2816; x_wconf 87' lang='lat' dir='ltr'><strong>non</strong></span> <span class='ocrx_word' id='word_1_502' title='bbox 2155 2762 2505 2818; x_wconf 90' lang='lat' dir='ltr'><strong>tribuendum</strong></span> <span class='ocrx_word' id='word_1_503' title='bbox 2546 2766 2894 2835; x_wconf 84' lang='lat' dir='ltr'><strong>ignorationi,</strong></span> <span class='ocrx_word' id='word_1_504' title='bbox 2933 2770 3077 2841; x_wconf 88' lang='lat' dir='ltr'><strong>quod</strong></span> <span class='ocrx_word' id='word_1_505' title='bbox 3104 2771 3292 2827; x_wconf 68' lang='lat' dir='ltr'><strong>dicunt</strong></span> 
     </span>
    </p>
   </div>
   <div class='ocr_carea' id='block_1_71' title="bbox 1714 2857 2873 2917">
    <p class='ocr_par' dir='ltr' id='par_1_71' title="bbox 1714 2857 2873 2917">
     <span class='ocr_line' id='line_1_71' title="bbox 1714 2857 2873 2917; baseline 0.013 -19"><span class='ocrx_word' id='word_1_506' title='bbox 1714 2857 2053 2905; x_wconf 87' lang='lat' dir='ltr'><strong>mortuorum</strong></span> <span class='ocrx_word' id='word_1_507' title='bbox 2088 2857 2548 2913; x_wconf 83' lang='lat' dir='ltr'><strong>resurrectionem</strong></span> <span class='ocrx_word' id='word_1_508' title='bbox 2583 2873 2691 2913; x_wconf 87' lang='lat' dir='ltr'><strong>non</strong></span> <span class='ocrx_word' id='word_1_509' title='bbox 2719 2862 2873 2917; x_wconf 86' lang='lat' dir='ltr'><strong>esse?</strong></span> 
     </span>
    </p>
   </div>
   <div class='ocr_carea' id='block_1_72' title="bbox 1784 3028 3287 3099">
    <p class='ocr_par' dir='ltr' id='par_1_72' title="bbox 1784 3028 3287 3099">
     <span class='ocr_line' id='line_1_72' title="bbox 1784 3028 3287 3099; baseline 0.012 -18"><span class='ocrx_word' id='word_1_510' title='bbox 1784 3028 1875 3082; x_wconf 67' lang='lat'><strong>9.9.</strong></span> <span class='ocrx_word' id='word_1_511' title='bbox 1916 3028 2079 3084; x_wconf 83' lang='lat' dir='ltr'><strong>Aliud</strong></span> <span class='ocrx_word' id='word_1_512' title='bbox 2111 3038 2197 3087; x_wconf 78' lang='lat' dir='ltr'><strong>est</strong></span> <span class='ocrx_word' id='word_1_513' title='bbox 2229 3033 2453 3088; x_wconf 90' lang='lat' dir='ltr'><strong>omnino</strong></span> <span class='ocrx_word' id='word_1_514' title='bbox 2495 3050 2604 3089; x_wconf 89' lang='lat' dir='ltr'><strong>non</strong></span> <span class='ocrx_word' id='word_1_515' title='bbox 2637 3052 2758 3093; x_wconf 83' lang='lat' dir='ltr'><strong>esse</strong></span> <span class='ocrx_word' id='word_1_516' title='bbox 2781 3046 2837 3092; x_wconf 91' lang='lat' dir='ltr'><strong>et</strong></span> <span class='ocrx_word' id='word_1_517' title='bbox 2871 3041 3019 3095; x_wconf 84' lang='lat' dir='ltr'><strong>aliud</strong></span> <span class='ocrx_word' id='word_1_518' title='bbox 3049 3043 3157 3098; x_wconf 88' lang='lat' dir='ltr'><strong>tale</strong></span> <span class='ocrx_word' id='word_1_519' title='bbox 3179 3060 3287 3099; x_wconf 84' lang='lat' dir='ltr'><strong>non</strong></span> 
     </span>
    </p>
   </div>
   <div class='ocr_carea' id='block_1_73' title="bbox 1712 3119 3291 3197">
    <p class='ocr_par' dir='ltr' id='par_1_73' title="bbox 1712 3119 3291 3197">
     <span class='ocr_line' id='line_1_73' title="bbox 1712 3119 3291 3197; baseline 0.011 -26"><span class='ocrx_word' id='word_1_520' title='bbox 1712 3131 1865 3184; x_wconf 89' lang='lat' dir='ltr'><strong>esse;</strong></span> <span class='ocrx_word' id='word_1_521' title='bbox 1892 3119 2043 3172; x_wconf 84' lang='lat' dir='ltr'><strong>velut</strong></span> <span class='ocrx_word' id='word_1_522' title='bbox 2076 3120 2227 3174; x_wconf 87' lang='lat' dir='ltr'><strong>aliud</strong></span> <span class='ocrx_word' id='word_1_523' title='bbox 2274 3130 2361 3177; x_wconf 91' lang='lat' dir='ltr'><strong>est</strong></span> <span class='ocrx_word' id='word_1_524' title='bbox 2393 3123 2672 3180; x_wconf 90' lang='lat' dir='ltr'><strong>hominem</strong></span> <span class='ocrx_word' id='word_1_525' title='bbox 2719 3128 3037 3184; x_wconf 85' lang='lat' dir='ltr'><strong>nullatenus</strong></span> <span class='ocrx_word' id='word_1_526' title='bbox 3068 3130 3205 3197; x_wconf 88' lang='lat' dir='ltr'><strong>ﬁeri,</strong></span> <span class='ocrx_word' id='word_1_527' title='bbox 3237 3147 3291 3189; x_wconf 88' lang='lat' dir='ltr'><strong>ct</strong></span> 
     </span>
    </p>
   </div>
   <div class='ocr_carea' id='block_1_74' title="bbox 1713 3208 3289 3292">
    <p class='ocr_par' dir='ltr' id='par_1_74' title="bbox 1713 3208 3289 3292">
     <span class='ocr_line' id='line_1_74' title="bbox 1713 3208 3289 3292; baseline 0.013 -31"><span class='ocrx_word' id='word_1_528' title='bbox 1713 3208 1883 3274; x_wconf 81' lang='lat' dir='ltr'><strong>aliud,</strong></span> <span class='ocrx_word' id='word_1_529' title='bbox 1916 3219 2204 3281; x_wconf 86' lang='lat' dir='ltr'><strong>postquam</strong></span> <span class='ocrx_word' id='word_1_530' title='bbox 2236 3212 2414 3269; x_wconf 77' lang='lat' dir='ltr'><strong>lactus</strong></span> <span class='ocrx_word' id='word_1_531' title='bbox 2442 3224 2546 3280; x_wconf 91' lang='lat' dir='ltr'><strong>est,</strong></span> <span class='ocrx_word' id='word_1_532' title='bbox 2581 3220 2884 3289; x_wconf 86' lang='lat' dir='ltr'><strong>corrumpi.</strong></span> <span class='ocrx_word' id='word_1_533' title='bbox 2918 3220 2982 3274; x_wconf 86' lang='lat' dir='ltr'><strong>Et</strong></span> <span class='ocrx_word' id='word_1_534' title='bbox 3020 3224 3149 3292; x_wconf 89' lang='lat' dir='ltr'><strong>quia</strong></span> <span class='ocrx_word' id='word_1_535' title='bbox 3180 3242 3289 3281; x_wconf 88' lang='lat' dir='ltr'><strong>non</strong></span> 
     </span>
    </p>
   </div>
   <div class='ocr_carea' id='block_1_75' title="bbox 1713 3299 3291 3380">
    <p class='ocr_par' dir='ltr' id='par_1_75' title="bbox 1713 3299 3291 3380">
     <span class='ocr_line' id='line_1_75' title="bbox 1713 3299 3291 3380; baseline 0.011 -26"><span class='ocrx_word' id='word_1_536' title='bbox 1713 3308 1797 3354; x_wconf 90' lang='lat' dir='ltr'><strong>est</strong></span> <span class='ocrx_word' id='word_1_537' title='bbox 1825 3299 1933 3355; x_wconf 87' lang='lat' dir='ltr'><strong>Deo</strong></span> <span class='ocrx_word' id='word_1_538' title='bbox 1961 3318 2100 3372; x_wconf 85' lang='lat' dir='ltr'><strong>opus</strong></span> <span class='ocrx_word' id='word_1_539' title='bbox 2132 3319 2297 3373; x_wconf 89' lang='lat' dir='ltr'><strong>opere</strong></span> <span class='ocrx_word' id='word_1_540' title='bbox 2336 3309 2654 3375; x_wconf 88' lang='lat' dir='ltr'><strong>operosius:</strong></span> <span class='ocrx_word' id='word_1_541' title='bbox 2688 3313 2963 3380; x_wconf 88' lang='lat' dir='ltr'><strong>quomodo</strong></span> <span class='ocrx_word' id='word_1_542' title='bbox 2993 3330 3103 3369; x_wconf 88' lang='lat' dir='ltr'><strong>non</strong></span> <span class='ocrx_word' id='word_1_543' title='bbox 3136 3332 3165 3369; x_wconf 86' lang='lat' dir='ltr'><strong>a</strong></span> <span class='ocrx_word' id='word_1_544' title='bbox 3201 3334 3291 3372; x_wconf 86' lang='lat' dir='ltr'><strong>ra-</strong></span> 
     </span>
    </p>
   </div>
   <div class='ocr_carea' id='block_1_76' title="bbox 1712 3392 3288 3475">
    <p class='ocr_par' dir='ltr' id='par_1_76' title="bbox 1712 3392 3288 3475">
     <span class='ocr_line' id='line_1_76' title="bbox 1712 3392 3288 3475; baseline 0.011 -30"><span class='ocrx_word' id='word_1_545' title='bbox 1712 3392 1859 3447; x_wconf 87' lang='lat' dir='ltr'><strong>tione</strong></span> <span class='ocrx_word' id='word_1_546' title='bbox 1909 3394 2147 3448; x_wconf 88' lang='lat' dir='ltr'><strong>alienum</strong></span> <span class='ocrx_word' id='word_1_547' title='bbox 2189 3406 2274 3449; x_wconf 91' lang='lat' dir='ltr'><strong>est</strong></span> <span class='ocrx_word' id='word_1_548' title='bbox 2322 3396 2432 3453; x_wconf 92' lang='lat' dir='ltr'><strong>Deo</strong></span> <span class='ocrx_word' id='word_1_549' title='bbox 2476 3402 2734 3470; x_wconf 83' lang='lat' dir='ltr'><strong>quidem,</strong></span> <span class='ocrx_word' id='word_1_550' title='bbox 2779 3406 2921 3474; x_wconf 91' lang='lat' dir='ltr'><strong>quod</strong></span> <span class='ocrx_word' id='word_1_551' title='bbox 2975 3415 3183 3475; x_wconf 83' lang='lat' dir='ltr'><strong>spectat</strong></span> <span class='ocrx_word' id='word_1_552' title='bbox 3220 3412 3288 3463; x_wconf 80' lang='lat' dir='ltr'><strong>ad</strong></span> 
     </span>
    </p>
   </div>
   <div class='ocr_carea' id='block_1_77' title="bbox 1709 3487 3291 3556">
    <p class='ocr_par' dir='ltr' id='par_1_77' title="bbox 1709 3487 3291 3556">
     <span class='ocr_line' id='line_1_77' title="bbox 1709 3487 3291 3556; baseline 0.011 -20"><span class='ocrx_word' id='word_1_553' title='bbox 1709 3498 1921 3545; x_wconf 79' lang='lat' dir='ltr'><strong>eorum,</strong></span> <span class='ocrx_word' id='word_1_554' title='bbox 1955 3500 2076 3554; x_wconf 71' lang='lat' dir='ltr'><strong>qua:</strong></span> <span class='ocrx_word' id='word_1_555' title='bbox 2134 3487 2359 3543; x_wconf 85' lang='lat' dir='ltr'><strong>omnino</strong></span> <span class='ocrx_word' id='word_1_556' title='bbox 2389 3505 2499 3544; x_wconf 84' lang='lat' dir='ltr'><strong>non</strong></span> <span class='ocrx_word' id='word_1_557' title='bbox 2543 3500 2735 3556; x_wconf 90' lang='lat' dir='ltr'><strong>erant,</strong></span> <span class='ocrx_word' id='word_1_558' title='bbox 2773 3496 3105 3550; x_wconf 90' lang='lat' dir='ltr'><strong>creationem</strong></span> <span class='ocrx_word' id='word_1_559' title='bbox 3167 3514 3291 3553; x_wconf 90' lang='lat' dir='ltr'><strong>cre-</strong></span> 
     </span>
    </p>
   </div>
   <div class='ocr_carea' id='block_1_78' title="bbox 1708 3576 3284 3659">
    <p class='ocr_par' dir='ltr' id='par_1_78' title="bbox 1708 3576 3284 3659">
     <span class='ocr_line' id='line_1_78' title="bbox 1708 3576 3284 3659; baseline 0.01 -28"><span class='ocrx_word' id='word_1_560' title='bbox 1708 3576 1869 3643; x_wconf 88' lang='lat' dir='ltr'><strong>dere;</strong></span> <span class='ocrx_word' id='word_1_561' title='bbox 1903 3579 2050 3646; x_wconf 88' lang='lat' dir='ltr'><strong>quod</strong></span> <span class='ocrx_word' id='word_1_562' title='bbox 2083 3586 2264 3634; x_wconf 89' lang='lat' dir='ltr'><strong>autem</strong></span> <span class='ocrx_word' id='word_1_563' title='bbox 2316 3581 2384 3635; x_wconf 90' lang='lat' dir='ltr'><strong>ad</strong></span> <span class='ocrx_word' id='word_1_564' title='bbox 2428 3598 2644 3647; x_wconf 89' lang='lat' dir='ltr'><strong>eorum,</strong></span> <span class='ocrx_word' id='word_1_565' title='bbox 2677 3600 2799 3655; x_wconf 78' lang='lat' dir='ltr'><strong>qua:</strong></span> <span class='ocrx_word' id='word_1_566' title='bbox 2843 3600 3100 3659; x_wconf 87' lang='lat' dir='ltr'><strong>corrupta</strong></span> <span class='ocrx_word' id='word_1_567' title='bbox 3133 3600 3284 3658; x_wconf 87' lang='lat' dir='ltr'><strong>sunt,</strong></span> 
     </span>
    </p>
   </div>
   <div class='ocr_carea' id='block_1_79' title="bbox 1708 3669 3011 3735">
    <p class='ocr_par' dir='ltr' id='par_1_79' title="bbox 1708 3669 3011 3735">
     <span class='ocr_line' id='line_1_79' title="bbox 1708 3669 3011 3735; baseline 0.01 -15"><span class='ocrx_word' id='word_1_568' title='bbox 1708 3669 2141 3735; x_wconf 82' lang='lat' dir='ltr'><strong>restitutionem,</strong></span> <span class='ocrx_word' id='word_1_569' title='bbox 2165 3672 2213 3726; x_wconf 90' lang='lat' dir='ltr'><strong>ei</strong></span> <span class='ocrx_word' id='word_1_570' title='bbox 2244 3688 2352 3726; x_wconf 89' lang='lat' dir='ltr'><strong>non</strong></span> <span class='ocrx_word' id='word_1_571' title='bbox 2385 3674 2642 3729; x_wconf 81' lang='lat' dir='ltr'><strong>credere?</strong></span> <span class='ocrx_word' id='word_1_572' title='bbox 3002 3726 3011 3733; x_wconf 90' lang='lat'><em>.</em></span> 
     </span>
    </p>
   </div>
   <div class='ocr_carea' id='block_1_80' title="bbox 1776 3761 3281 3839">
    <p class='ocr_par' dir='ltr' id='par_1_80' title="bbox 1776 3761 3281 3839">
     <span class='ocr_line' id='line_1_80' title="bbox 1776 3761 3281 3839; baseline 0.01 -25"><span class='ocrx_word' id='word_1_573' title='bbox 1776 3761 1868 3816; x_wconf 77' lang='lat'><strong>50.</strong></span> <span class='ocrx_word' id='word_1_574' title='bbox 1912 3762 2003 3826; x_wconf 89' lang='lat' dir='ltr'><strong>Si,</strong></span> <span class='ocrx_word' id='word_1_575' title='bbox 2057 3763 2519 3831; x_wconf 86' lang='lat' dir='ltr'><strong>quemadmodum</strong></span> <span class='ocrx_word' id='word_1_576' title='bbox 2563 3775 2855 3838; x_wconf 84' lang='lat' dir='ltr'><strong>antequam</strong></span> <span class='ocrx_word' id='word_1_577' title='bbox 2896 3769 3049 3827; x_wconf 81' lang='lat' dir='ltr'><strong>ﬁeret</strong></span> <span class='ocrx_word' id='word_1_578' title='bbox 3097 3773 3281 3839; x_wconf 87' lang='lat' dir='ltr'><strong>homo,</strong></span> 
     </span>
    </p>
   </div>
   <div class='ocr_carea' id='block_1_81' title="bbox 1705 3852 3281 3935">
    <p class='ocr_par' dir='ltr' id='par_1_81' title="bbox 1705 3852 3281 3935">
     <span class='ocr_line' id='line_1_81' title="bbox 1705 3852 3281 3935; baseline 0.011 -29"><span class='ocrx_word' id='word_1_579' title='bbox 1705 3862 1977 3922; x_wconf 86' lang='lat' dir='ltr'><strong>potestate</strong></span> <span class='ocrx_word' id='word_1_580' title='bbox 2006 3865 2126 3909; x_wconf 90' lang='lat' dir='ltr'><strong>erat</strong></span> <span class='ocrx_word' id='word_1_581' title='bbox 2161 3855 2216 3909; x_wconf 90' lang='lat' dir='ltr'><strong>in</strong></span> <span class='ocrx_word' id='word_1_582' title='bbox 2254 3856 2561 3922; x_wconf 86' lang='lat' dir='ltr'><strong>elementis,</strong></span> <span class='ocrx_word' id='word_1_583' title='bbox 2598 3876 2664 3915; x_wconf 79' lang='lat' dir='ltr'><strong>ex</strong></span> <span class='ocrx_word' id='word_1_584' title='bbox 2704 3863 2907 3931; x_wconf 88' lang='lat' dir='ltr'><strong>quibus</strong></span> <span class='ocrx_word' id='word_1_585' title='bbox 2934 3852 3140 3921; x_wconf 44' lang='lat' dir='ltr'><strong>&#39;factus</strong></span> <span class='ocrx_word' id='word_1_586' title='bbox 3174 3880 3281 3935; x_wconf 90' lang='lat' dir='ltr'><strong>est,</strong></span> 
     </span>
    </p>
   </div>
   <div class='ocr_carea' id='block_1_82' title="bbox 1707 3946 3279 4023">
    <p class='ocr_par' dir='ltr' id='par_1_82' title="bbox 1707 3946 3279 4023">
     <span class='ocr_line' id='line_1_82' title="bbox 1707 3946 3279 4023; baseline 0.01 -25"><span class='ocrx_word' id='word_1_587' title='bbox 1707 3946 1780 3999; x_wconf 90' lang='lat' dir='ltr'><strong>ita</strong></span> <span class='ocrx_word' id='word_1_588' title='bbox 1805 3954 1860 4000; x_wconf 92' lang='lat' dir='ltr'><strong>et</strong></span> <span class='ocrx_word' id='word_1_589' title='bbox 1888 3955 2179 4018; x_wconf 88' lang='lat' dir='ltr'><strong>postquam</strong></span> <span class='ocrx_word' id='word_1_590' title='bbox 2203 3959 2499 4020; x_wconf 88' lang='lat' dir='ltr'><strong>corruptus</strong></span> <span class='ocrx_word' id='word_1_591' title='bbox 2525 3961 2630 4019; x_wconf 86' lang='lat' dir='ltr'><strong>est,</strong></span> <span class='ocrx_word' id='word_1_592' title='bbox 2663 3962 2937 4023; x_wconf 86' lang='lat' dir='ltr'><strong>potestate</strong></span> <span class='ocrx_word' id='word_1_593' title='bbox 2969 3966 3053 4013; x_wconf 89' lang='lat' dir='ltr'><strong>est</strong></span> <span class='ocrx_word' id='word_1_594' title='bbox 3087 3960 3140 4013; x_wconf 88' lang='lat' dir='ltr'><strong>in</strong></span> <span class='ocrx_word' id='word_1_595' title='bbox 3165 3960 3279 4015; x_wconf 59' lang='lat' dir='ltr'><strong>ele.</strong></span> 
     </span>
    </p>
   </div>
   <div class='ocr_carea' id='block_1_83' title="bbox 1705 4038 3281 4118">
    <p class='ocr_par' dir='ltr' id='par_1_83' title="bbox 1705 4038 3281 4118">
     <span class='ocr_line' id='line_1_83' title="bbox 1705 4038 3281 4118; baseline 0.01 -27"><span class='ocrx_word' id='word_1_596' title='bbox 1705 4038 1939 4093; x_wconf 88' lang='lat' dir='ltr'><strong>mentis:</strong></span> <span class='ocrx_word' id='word_1_597' title='bbox 1982 4041 2258 4109; x_wconf 84' lang='lat' dir='ltr'><strong>quomodo</strong></span> <span class='ocrx_word' id='word_1_598' title='bbox 2291 4041 2466 4098; x_wconf 68' lang='lat' dir='ltr'><strong>Graeci</strong></span> <span class='ocrx_word' id='word_1_599' title='bbox 2514 4060 2622 4099; x_wconf 88' lang='lat' dir='ltr'><strong>non</strong></span> <span class='ocrx_word' id='word_1_600' title='bbox 2666 4047 2901 4103; x_wconf 91' lang='lat' dir='ltr'><strong>credunt</strong></span> <span class='ocrx_word' id='word_1_601' title='bbox 2953 4048 3083 4118; x_wconf 89' lang='lat' dir='ltr'><strong>Deo,</strong></span> <span class='ocrx_word' id='word_1_602' title='bbox 3133 4068 3281 4108; x_wconf 88' lang='lat' dir='ltr'><strong>mor-</strong></span> 
     </span>
    </p>
   </div>
   <div class='ocr_carea' id='block_1_84' title="bbox 1702 4138 3279 4215">
    <p class='ocr_par' dir='ltr' id='par_1_84' title="bbox 1702 4138 3279 4215">
     <span class='ocr_line' id='line_1_84' title="bbox 1702 4138 3279 4215; baseline 0.01 -29"><span class='ocrx_word' id='word_1_603' title='bbox 1702 4140 1828 4188; x_wconf 89' lang='lat' dir='ltr'><strong>tuos</strong></span> <span class='ocrx_word' id='word_1_604' title='bbox 1863 4149 1923 4190; x_wconf 89' lang='lat' dir='ltr'><strong>se</strong></span> <span class='ocrx_word' id='word_1_605' title='bbox 1973 4138 2432 4193; x_wconf 87' lang='lat' dir='ltr'><strong>resuscitaturum</strong></span> <span class='ocrx_word' id='word_1_606' title='bbox 2469 4142 2848 4209; x_wconf 89' lang='lat' dir='ltr'><strong>promittenti,</strong></span> <span class='ocrx_word' id='word_1_607' title='bbox 2892 4146 3047 4215; x_wconf 81' lang='lat' dir='ltr'><strong>quasi</strong></span> <span class='ocrx_word' id='word_1_608' title='bbox 3085 4161 3173 4201; x_wconf 84' lang='lat' dir='ltr'><strong>res</strong></span> <span class='ocrx_word' id='word_1_609' title='bbox 3208 4149 3279 4202; x_wconf 89' lang='lat' dir='ltr'><strong>sit</strong></span> 
     </span>
    </p>
   </div>
   <div class='ocr_carea' id='block_1_85' title="bbox 1704 4227 3279 4302">
    <p class='ocr_par' dir='ltr' id='par_1_85' title="bbox 1704 4227 3279 4302">
     <span class='ocr_line' id='line_1_85' title="bbox 1704 4227 3279 4302; baseline 0.01 -22"><span class='ocrx_word' id='word_1_610' title='bbox 1704 4227 2098 4299; x_wconf 83' lang='lat' dir='ltr'><strong>impossibilis,</strong></span> <span class='ocrx_word' id='word_1_611' title='bbox 2126 4247 2250 4287; x_wconf 89' lang='lat' dir='ltr'><strong>cum</strong></span> <span class='ocrx_word' id='word_1_612' title='bbox 2280 4234 2477 4297; x_wconf 88' lang='lat' dir='ltr'><strong>homo,</strong></span> <span class='ocrx_word' id='word_1_613' title='bbox 2512 4246 2572 4290; x_wconf 92' lang='lat' dir='ltr'><strong>ut</strong></span> <span class='ocrx_word' id='word_1_614' title='bbox 2601 4240 2731 4293; x_wconf 92' lang='lat' dir='ltr'><strong>olim</strong></span> <span class='ocrx_word' id='word_1_615' title='bbox 2764 4241 3036 4295; x_wconf 79' lang='lat' dir='ltr'><strong>creandos</strong></span> <span class='ocrx_word' id='word_1_616' title='bbox 3063 4280 3078 4302; x_wconf 87' lang='lat'><strong><em>.</em></strong></span> <span class='ocrx_word' id='word_1_617' title='bbox 3118 4242 3191 4294; x_wconf 81' lang='lat' dir='ltr'><strong>ita</strong></span> <span class='ocrx_word' id='word_1_618' title='bbox 3224 4252 3279 4295; x_wconf 84' lang='lat' dir='ltr'><strong>et</strong></span> 
     </span>
    </p>
   </div>
   <div class='ocr_carea' id='block_1_86' title="bbox 1701 4323 3129 4396">
    <p class='ocr_par' dir='ltr' id='par_1_86' title="bbox 1701 4323 3129 4396">
     <span class='ocr_line' id='line_1_86' title="bbox 1701 4323 3129 4396; baseline 0.006 -21"><span class='ocrx_word' id='word_1_619' title='bbox 1701 4336 1848 4377; x_wconf 88' lang='lat' dir='ltr'><strong>nunc</strong></span> <span class='ocrx_word' id='word_1_620' title='bbox 1874 4323 2274 4391; x_wconf 90' lang='lat' dir='ltr'><strong>restituendus,</strong></span> <span class='ocrx_word' id='word_1_621' title='bbox 2309 4333 2583 4396; x_wconf 85' lang='lat' dir='ltr'><strong>potestate</strong></span> <span class='ocrx_word' id='word_1_622' title='bbox 2618 4331 2672 4384; x_wconf 90' lang='lat' dir='ltr'><strong>in</strong></span> <span class='ocrx_word' id='word_1_623' title='bbox 2707 4330 2992 4386; x_wconf 89' lang='lat' dir='ltr'><strong>elementis</strong></span> <span class='ocrx_word' id='word_1_624' title='bbox 3023 4332 3129 4387; x_wconf 88' lang='lat' dir='ltr'><strong>sit?</strong></span> 
     </span>
    </p>
   </div>
   <div class='ocr_carea' id='block_1_87' title="bbox 1769 4505 3278 4578">
    <p class='ocr_par' dir='ltr' id='par_1_87' title="bbox 1769 4505 3278 4578">
     <span class='ocr_line' id='line_1_87' title="bbox 1769 4505 3278 4578; baseline 0.003 -18"><span class='ocrx_word' id='word_1_625' title='bbox 1769 4505 1932 4578; x_wconf 60' lang='lat'><strong>556</strong></span> <span class='ocrx_word' id='word_1_626' title='bbox 1968 4507 2055 4561; x_wconf 76' lang='grc'><strong>51.</strong></span> <span class='ocrx_word' id='word_1_627' title='bbox 2101 4506 2158 4561; x_wconf 91' lang='lat' dir='ltr'><strong>Si</strong></span> <span class='ocrx_word' id='word_1_628' title='bbox 2206 4523 2314 4562; x_wconf 91' lang='lat' dir='ltr'><strong>non</strong></span> <span class='ocrx_word' id='word_1_629' title='bbox 2346 4510 2521 4578; x_wconf 89' lang='lat' dir='ltr'><strong>potuit</strong></span> <span class='ocrx_word' id='word_1_630' title='bbox 2554 4508 2695 4565; x_wconf 90' lang='lat' dir='ltr'><strong>Deus</strong></span> <span class='ocrx_word' id='word_1_631' title='bbox 2737 4509 2805 4564; x_wconf 90' lang='lat' dir='ltr'><strong>ab</strong></span> <span class='ocrx_word' id='word_1_632' title='bbox 2830 4510 2984 4565; x_wconf 89' lang='lat' dir='ltr'><strong>initio</strong></span> <span class='ocrx_word' id='word_1_633' title='bbox 3026 4511 3278 4566; x_wconf 78' lang='lat' dir='ltr'><strong>homines</strong></span> 
     </span>
    </p>
   </div>
   <div class='ocr_carea' id='block_1_88' title="bbox 47 4582 1705 4673">
    <p class='ocr_par' dir='ltr' id='par_1_88' title="bbox 47 4582 1705 4664">
     <span class='ocr_line' id='line_1_88' title="bbox 47 4582 1705 4664; baseline 0.012 -36"><span class='ocrx_word' id='word_1_634' title='bbox 47 4582 187 4633; x_wconf 65' lang='grc' dir='ltr'>ποιεῖν</span> <span class='ocrx_word' id='word_1_635' title='bbox 210 4584 339 4647; x_wconf 82' lang='grc' dir='ltr'>τοὺς</span> <span class='ocrx_word' id='word_1_636' title='bbox 367 4585 711 4656; x_wconf 79' lang='grc' dir='ltr'>ἀνθρώπους,</span> <span class='ocrx_word' id='word_1_637' title='bbox 766 4587 930 4659; x_wconf 79' lang='grc' dir='ltr'>δῆλον</span> <span class='ocrx_word' id='word_1_638' title='bbox 958 4590 1039 4642; x_wconf 85' lang='grc' dir='ltr'>ὃτι</span> <span class='ocrx_word' id='word_1_639' title='bbox 1071 4590 1193 4643; x_wconf 80' lang='grc' dir='ltr'>οὐδὲ</span> <span class='ocrx_word' id='word_1_640' title='bbox 1227 4590 1320 4643; x_wconf 81' lang='grc' dir='ltr'>νῦν</span> <span class='ocrx_word' id='word_1_641' title='bbox 1348 4590 1589 4646; x_wconf 84' lang='grc' dir='ltr'>δύναται.</span> <span class='ocrx_word' id='word_1_642' title='bbox 1624 4603 1676 4664; x_wconf 78' lang='grc' dir='ltr'><strong><em>υ</em></strong></span> <span class='ocrx_word' id='word_1_643' title='bbox 1702 4599 1705 4650; x_wconf 84' lang='lat' dir='ltr'><strong>i</strong></span> 
     </span>
    </p>
   </div>
   <div class='ocr_carea' id='block_1_89' title="bbox 1772 4582 3275 4673">
    <p class='ocr_par' dir='ltr' id='par_1_89' title="bbox 1772 4599 3275 4673">
     <span class='ocr_line' id='line_1_89' title="bbox 1772 4599 3275 4673; baseline 0.004 -21"><span class='ocrx_word' id='word_1_644' title='bbox 1772 4599 2145 4667; x_wconf 82' lang='lat' dir='ltr'><strong>:orruptibiles</strong></span> <span class='ocrx_word' id='word_1_645' title='bbox 2172 4613 2381 4662; x_wconf 85' lang='lat' dir='ltr'><strong>creare,</strong></span> <span class='ocrx_word' id='word_1_646' title='bbox 2406 4601 2755 4670; x_wconf 84' lang='lat' dir='ltr'><strong>perspicuum</strong></span> <span class='ocrx_word' id='word_1_647' title='bbox 2778 4610 2860 4656; x_wconf 90' lang='lat' dir='ltr'><strong>est</strong></span> <span class='ocrx_word' id='word_1_648' title='bbox 2882 4617 2950 4657; x_wconf 90' lang='lat' dir='ltr'><strong>ne</strong></span> <span class='ocrx_word' id='word_1_649' title='bbox 2984 4619 3128 4658; x_wconf 91' lang='lat' dir='ltr'><strong>nunc</strong></span> <span class='ocrx_word' id='word_1_650' title='bbox 3150 4609 3275 4673; x_wconf 82' lang='lat' dir='ltr'><strong>qui-</strong></span> 
     </span>
    </p>
   </div>
   <div class='ocr_carea' id='block_1_90' title="bbox 47 4667 1595 4756">
    <p class='ocr_par' dir='ltr' id='par_1_90' title="bbox 47 4667 1595 4756">
     <span class='ocr_line' id='line_1_90' title="bbox 47 4667 1595 4756; baseline 0.014 -37"><span class='ocrx_word' id='word_1_651' title='bbox 47 4667 89 4720; x_wconf 75' lang='grc' dir='ltr'>Ξί</span> <span class='ocrx_word' id='word_1_652' title='bbox 118 4670 170 4723; x_wconf 83' lang='grc' dir='ltr'>δὲ</span> <span class='ocrx_word' id='word_1_653' title='bbox 199 4675 290 4728; x_wconf 72' lang='grc' dir='ltr'><strong>καὶ</strong></span> <span class='ocrx_word' id='word_1_654' title='bbox 320 4677 382 4742; x_wconf 74' lang='grc' dir='ltr'><strong>ἐξ</strong></span> <span class='ocrx_word' id='word_1_655' title='bbox 411 4679 586 4751; x_wconf 84' lang='grc' dir='ltr'>ἀρχῆς</span> <span class='ocrx_word' id='word_1_656' title='bbox 615 4680 740 4751; x_wconf 81' lang='grc' dir='ltr'>ἔσχε</span> <span class='ocrx_word' id='word_1_657' title='bbox 768 4680 996 4752; x_wconf 83' lang='grc' dir='ltr'>δύναμιν</span> <span class='ocrx_word' id='word_1_658' title='bbox 1017 4681 1174 4736; x_wconf 80' lang='grc' dir='ltr'>τοῦτο</span> <span class='ocrx_word' id='word_1_659' title='bbox 1198 4683 1422 4755; x_wconf 80' lang='grc' dir='ltr'>ποιῆσαι</span> <span class='ocrx_word' id='word_1_660' title='bbox 1447 4686 1595 4756; x_wconf 79' lang='grc' dir='ltr'>ἡμᾶς</span> 
     </span>
    </p>
   </div>
   <div class='ocr_carea' id='block_1_91' title="bbox 47 4761 1593 4846">
    <p class='ocr_par' dir='ltr' id='par_1_91' title="bbox 47 4761 1593 4846">
     <span class='ocr_line' id='line_1_91' title="bbox 47 4761 1593 4846; baseline 0.006 -24"><span class='ocrx_word' id='word_1_661' title='bbox 47 4761 344 4836; x_wconf 56' lang='grc' dir='ltr'>ἰφθάρτους,</span> <span class='ocrx_word' id='word_1_662' title='bbox 380 4773 477 4826; x_wconf 81' lang='grc' dir='ltr'>καὶ</span> <span class='ocrx_word' id='word_1_663' title='bbox 505 4773 605 4826; x_wconf 78' lang='grc' dir='ltr'>οὐκ</span> <span class='ocrx_word' id='word_1_664' title='bbox 637 4773 879 4828; x_wconf 77' lang='grc' dir='ltr'>ἀπέϐαλε</span> <span class='ocrx_word' id='word_1_665' title='bbox 912 4774 1133 4846; x_wconf 79' lang='grc' dir='ltr'>ταύτην,</span> <span class='ocrx_word' id='word_1_666' title='bbox 1168 4776 1284 4840; x_wconf 84' lang='grc' dir='ltr'><strong>πῶς</strong></span> <span class='ocrx_word' id='word_1_667' title='bbox 1314 4778 1415 4830; x_wconf 81' lang='grc' dir='ltr'>οὐκ</span> <span class='ocrx_word' id='word_1_668' title='bbox 1446 4777 1593 4831; x_wconf 81' lang='grc' dir='ltr'>ἔστιν</span> 
     </span>
    </p>
   </div>
   <div class='ocr_carea' id='block_1_92' title="bbox 47 4852 1593 4943">
    <p class='ocr_par' dir='ltr' id='par_1_92' title="bbox 47 4852 1593 4943">
     <span class='ocr_line' id='line_1_92' title="bbox 47 4852 1593 4943; baseline 0.011 -37"><span class='ocrx_word' id='word_1_669' title='bbox 47 4852 206 4924; x_wconf 69' lang='grc' dir='ltr'>ἱλογον</span> <span class='ocrx_word' id='word_1_670' title='bbox 224 4860 306 4927; x_wconf 77' lang='grc' dir='ltr'><strong>τὸ,</strong></span> <span class='ocrx_word' id='word_1_671' title='bbox 329 4863 405 4928; x_wconf 85' lang='grc' dir='ltr'>ὼς</span> <span class='ocrx_word' id='word_1_672' title='bbox 440 4865 525 4918; x_wconf 75' lang='grc' dir='ltr'><strong>ἐπ’</strong></span> <span class='ocrx_word' id='word_1_673' title='bbox 542 4866 790 4937; x_wconf 85' lang='grc' dir='ltr'>ἀδυνάτῳ</span> <span class='ocrx_word' id='word_1_674' title='bbox 808 4866 1092 4939; x_wconf 81' lang='grc' dir='ltr'>πράγματι</span> <span class='ocrx_word' id='word_1_675' title='bbox 1120 4869 1301 4923; x_wconf 88' lang='grc' dir='ltr'>πίστιν</span> <span class='ocrx_word' id='word_1_676' title='bbox 1335 4870 1447 4943; x_wconf 75' lang='grc'><strong>(45)</strong></span> <span class='ocrx_word' id='word_1_677' title='bbox 1474 4872 1593 4940; x_wconf 84' lang='grc' dir='ltr'><strong>Θεῷ</strong></span> 
     </span>
    </p>
   </div>
   <div class='ocr_carea' id='block_1_93' title="bbox 47 4948 1590 5033">
    <p class='ocr_par' dir='ltr' id='par_1_93' title="bbox 47 4948 1590 5033">
     <span class='ocr_line' id='line_1_93' title="bbox 47 4948 1590 5033; baseline 0.009 -31"><span class='ocrx_word' id='word_1_678' title='bbox 47 4948 464 5029; x_wconf 71' lang='grc' dir='ltr'>ἱπαγγειλαμένῳ</span> <span class='ocrx_word' id='word_1_679' title='bbox 492 4958 612 5012; x_wconf 87' lang='grc' dir='ltr'>καθ’</span> <span class='ocrx_word' id='word_1_680' title='bbox 639 4960 897 5029; x_wconf 87' lang='grc' dir='ltr'>ὁμοίωσιν</span> <span class='ocrx_word' id='word_1_681' title='bbox 923 4960 1016 5013; x_wconf 79' lang='grc' dir='ltr'>τοῦ</span> <span class='ocrx_word' id='word_1_682' title='bbox 1043 4960 1357 5033; x_wconf 80' lang='grc' dir='ltr'>ὲγερθὲντος</span> <span class='ocrx_word' id='word_1_683' title='bbox 1389 4965 1453 5015; x_wconf 78' lang='grc' dir='ltr'><strong>ἐκ</strong></span> <span class='ocrx_word' id='word_1_684' title='bbox 1484 4964 1590 5016; x_wconf 84' lang='grc' dir='ltr'><strong>τῶν</strong></span> 
     </span>
    </p>
   </div>
   <div class='ocr_carea' id='block_1_94' title="bbox 47 5044 1589 5127">
    <p class='ocr_par' dir='ltr' id='par_1_94' title="bbox 47 5044 1589 5127">
     <span class='ocr_line' id='line_1_94' title="bbox 47 5044 1589 5127; baseline 0.012 -26"><span class='ocrx_word' id='word_1_685' title='bbox 47 5044 225 5113; x_wconf 65' lang='grc' dir='ltr'>νεκρῶν</span> <span class='ocrx_word' id='word_1_686' title='bbox 278 5049 368 5103; x_wconf 84' lang='grc' dir='ltr'>ὑπ’</span> <span class='ocrx_word' id='word_1_687' title='bbox 415 5052 578 5105; x_wconf 78' lang='grc' dir='ltr'>αὐτοῦ</span> <span class='ocrx_word' id='word_1_688' title='bbox 626 5054 705 5116; x_wconf 84' lang='grc' dir='ltr'><strong>είς</strong></span> <span class='ocrx_word' id='word_1_689' title='bbox 752 5053 1024 5124; x_wconf 79' lang='grc' dir='ltr'>ἄφθαρτον</span> <span class='ocrx_word' id='word_1_690' title='bbox 1071 5053 1233 5126; x_wconf 80' lang='grc' dir='ltr'>ζωὴν,</span> <span class='ocrx_word' id='word_1_691' title='bbox 1282 5056 1589 5127; x_wconf 77' lang='grc' dir='ltr'>ἀφθάρτους</span> 
     </span>
    </p>
   </div>
   <div class='ocr_carea' id='block_1_95' title="bbox 47 5139 1065 5217">
    <p class='ocr_par' dir='ltr' id='par_1_95' title="bbox 47 5139 1065 5217">
     <span class='ocr_line' id='line_1_95' title="bbox 47 5139 1065 5217; baseline 0.027 -33"><span class='ocrx_word' id='word_1_692' title='bbox 47 5139 188 5191; x_wconf 76' lang='grc' dir='ltr'>ποιεῖν</span> <span class='ocrx_word' id='word_1_693' title='bbox 213 5143 303 5197; x_wconf 80' lang='grc' dir='ltr'><strong>καὶ</strong></span> <span class='ocrx_word' id='word_1_694' title='bbox 329 5146 454 5209; x_wconf 83' lang='grc' dir='ltr'>τοὺς</span> <span class='ocrx_word' id='word_1_695' title='bbox 476 5145 693 5209; x_wconf 85' lang='grc' dir='ltr'>λοιποὺς</span> <span class='ocrx_word' id='word_1_696' title='bbox 719 5144 1036 5217; x_wconf 80' lang='grc' dir='ltr'>ἀνθρώπους</span> <span class='ocrx_word' id='word_1_697' title='bbox 1051 5164 1065 5211; x_wconf 81' lang='grc'>;</span> 
     </span>
    </p>
   </div>
   <div class='ocr_carea' id='block_1_96' title="bbox 98 5311 1581 5399">
    <p class='ocr_par' dir='ltr' id='par_1_96' title="bbox 98 5311 1581 5399">
     <span class='ocr_line' id='line_1_96' title="bbox 98 5311 1581 5399; baseline 0.009 -33"><span class='ocrx_word' id='word_1_698' title='bbox 98 5311 183 5366; x_wconf 81' lang='grc' dir='ltr'>λ6’.</span> <span class='ocrx_word' id='word_1_699' title='bbox 218 5319 449 5392; x_wconf 83' lang='grc' dir='ltr'>Δυνάμει</span> <span class='ocrx_word' id='word_1_700' title='bbox 481 5327 541 5377; x_wconf 85' lang='grc' dir='ltr'>τὸ</span> <span class='ocrx_word' id='word_1_701' title='bbox 572 5322 710 5386; x_wconf 78' lang='grc' dir='ltr'>ξῷον</span> <span class='ocrx_word' id='word_1_702' title='bbox 759 5326 816 5375; x_wconf 84' lang='grc' dir='ltr'>ὲν</span> <span class='ocrx_word' id='word_1_703' title='bbox 850 5324 928 5394; x_wconf 89' lang='grc' dir='ltr'><strong>τῷ</strong></span> <span class='ocrx_word' id='word_1_704' title='bbox 970 5326 1244 5397; x_wconf 80' lang='grc' dir='ltr'>σπέρματι</span> <span class='ocrx_word' id='word_1_705' title='bbox 1277 5331 1341 5399; x_wconf 80' lang='grc' dir='ltr'>τῇ</span> <span class='ocrx_word' id='word_1_706' title='bbox 1392 5329 1581 5397; x_wconf 78' lang='grc' dir='ltr'>φύσει·</span> 
     </span>
    </p>
   </div>
   <div class='ocr_carea' id='block_1_97' title="bbox 47 5400 1580 5491">
    <p class='ocr_par' dir='ltr' id='par_1_97' title="bbox 47 5400 1580 5491">
     <span class='ocr_line' id='line_1_97' title="bbox 47 5400 1580 5491; baseline 0.016 -39"><span class='ocrx_word' id='word_1_707' title='bbox 47 5400 241 5477; x_wconf 75' lang='grc' dir='ltr'>δυνάμει</span> <span class='ocrx_word' id='word_1_708' title='bbox 266 5414 417 5485; x_wconf 80' lang='grc' dir='ltr'>κλίνη</span> <span class='ocrx_word' id='word_1_709' title='bbox 444 5417 502 5468; x_wconf 83' lang='grc' dir='ltr'>ὲν</span> <span class='ocrx_word' id='word_1_710' title='bbox 534 5415 613 5486; x_wconf 87' lang='grc' dir='ltr'><strong>τῷ</strong></span> <span class='ocrx_word' id='word_1_711' title='bbox 646 5415 787 5486; x_wconf 76' lang='grc' dir='ltr'><strong>ξύλῳ</strong></span> <span class='ocrx_word' id='word_1_712' title='bbox 818 5420 883 5487; x_wconf 77' lang='grc' dir='ltr'>τῇ</span> <span class='ocrx_word' id='word_1_713' title='bbox 914 5418 1093 5489; x_wconf 62' lang='grc' dir='ltr'>τέχντγ</span> <span class='ocrx_word' id='word_1_714' title='bbox 1130 5420 1355 5491; x_wconf 84' lang='grc' dir='ltr'>δυνάμει</span> <span class='ocrx_word' id='word_1_715' title='bbox 1381 5424 1429 5475; x_wconf 87' lang='grc' dir='ltr'>οἱ</span> <span class='ocrx_word' id='word_1_716' title='bbox 1464 5424 1580 5476; x_wconf 87' lang='grc' dir='ltr'>ἀνι-</span> 
     </span>
    </p>
   </div>
   <div class='ocr_carea' id='block_1_98' title="bbox 47 5500 1580 5586">
    <p class='ocr_par' dir='ltr' id='par_1_98' title="bbox 47 5500 1580 5586">
     <span class='ocr_line' id='line_1_98' title="bbox 47 5500 1580 5586; baseline 0.008 -27"><span class='ocrx_word' id='word_1_717' title='bbox 47 5500 270 5573; x_wconf 77' lang='grc' dir='ltr'>στάμενοι</span> <span class='ocrx_word' id='word_1_718' title='bbox 304 5513 360 5565; x_wconf 80' lang='grc' dir='ltr'>ἐν</span> <span class='ocrx_word' id='word_1_719' title='bbox 391 5516 502 5577; x_wconf 83' lang='grc' dir='ltr'>τοῖς</span> <span class='ocrx_word' id='word_1_720' title='bbox 535 5513 821 5584; x_wconf 82' lang='grc' dir='ltr'>στοιχείοις</span> <span class='ocrx_word' id='word_1_721' title='bbox 852 5515 929 5586; x_wconf 87' lang='grc' dir='ltr'><strong>τῷ</strong></span> <span class='ocrx_word' id='word_1_722' title='bbox 961 5516 1097 5586; x_wconf 86' lang='grc' dir='ltr'>Θεῷ.</span> <span class='ocrx_word' id='word_1_723' title='bbox 1147 5518 1285 5571; x_wconf 77' lang='grc' dir='ltr'>Ἀλλ’</span> <span class='ocrx_word' id='word_1_724' title='bbox 1318 5522 1366 5571; x_wconf 85' lang='grc' dir='ltr'>εἰ</span> <span class='ocrx_word' id='word_1_725' title='bbox 1399 5518 1580 5579; x_wconf 77' lang='grc' dir='ltr'>τοῦτο,</span> 
     </span>
    </p>
   </div>
   <div class='ocr_carea' id='block_1_99' title="bbox 48 5592 1581 5680">
    <p class='ocr_par' dir='ltr' id='par_1_99' title="bbox 48 5592 1581 5680">
     <span class='ocr_line' id='line_1_99' title="bbox 48 5592 1581 5680; baseline 0.008 -28"><span class='ocrx_word' id='word_1_726' title='bbox 48 5592 147 5659; x_wconf 73' lang='grc' dir='ltr'><strong>πῶς</strong></span> <span class='ocrx_word' id='word_1_727' title='bbox 169 5600 261 5654; x_wconf 80' lang='grc' dir='ltr'>οὐκ</span> <span class='ocrx_word' id='word_1_728' title='bbox 286 5604 426 5659; x_wconf 75' lang='grc' dir='ltr'>ἐστιν</span> <span class='ocrx_word' id='word_1_729' title='bbox 467 5607 666 5661; x_wconf 78' lang='grc' dir='ltr'>ἄτοπον</span> <span class='ocrx_word' id='word_1_730' title='bbox 697 5607 760 5660; x_wconf 82' lang='grc' dir='ltr'><strong>τὸ</strong></span> <span class='ocrx_word' id='word_1_731' title='bbox 788 5608 1063 5661; x_wconf 79' lang='grc' dir='ltr'>πιστεύειν</span> <span class='ocrx_word' id='word_1_732' title='bbox 1093 5610 1189 5680; x_wconf 89' lang='grc' dir='ltr'><strong>μὲν</strong></span> <span class='ocrx_word' id='word_1_733' title='bbox 1224 5613 1286 5680; x_wconf 83' lang='grc' dir='ltr'><strong>τῇ</strong></span> <span class='ocrx_word' id='word_1_734' title='bbox 1323 5610 1481 5679; x_wconf 79' lang='grc' dir='ltr'>φύσει</span> <span class='ocrx_word' id='word_1_735' title='bbox 1514 5613 1581 5665; x_wconf 75' lang='grc' dir='ltr'>τὰ</span> 
     </span>
    </p>
   </div>
   <div class='ocr_carea' id='block_1_100' title="bbox 107 5750 1579 5836">
    <p class='ocr_par' dir='ltr' id='par_1_100' title="bbox 107 5750 1579 5836">
     <span class='ocr_line' id='line_1_100' title="bbox 107 5750 1579 5836; baseline 0.004 -21"><span class='ocrx_word' id='word_1_736' title='bbox 107 5750 205 5824; x_wconf 54' lang='grc'><strong>(44)</strong></span> <span class='ocrx_word' id='word_1_737' title='bbox 237 5760 574 5836; x_wconf 65' lang='grc' dir='ltr'>Σιινεχώρει.</span> <span class='ocrx_word' id='word_1_738' title='bbox 614 5763 756 5834; x_wconf 76' lang='lat' dir='ltr'><strong>Lego</strong></span> <span class='ocrx_word' id='word_1_739' title='bbox 800 5766 859 5818; x_wconf 80' lang='grc' dir='ltr'>οὑ</span> <span class='ocrx_word' id='word_1_740' title='bbox 891 5764 1201 5836; x_wconf 81' lang='grc' dir='ltr'>συνεχώρει,</span> <span class='ocrx_word' id='word_1_741' title='bbox 1254 5765 1380 5835; x_wconf 85' lang='lat' dir='ltr'><strong>quia</strong></span> <span class='ocrx_word' id='word_1_742' title='bbox 1418 5768 1579 5821; x_wconf 78' lang='lat' dir='ltr'><strong>nimi-</strong></span> 
     </span>
    </p>
   </div>
   <div class='ocr_carea' id='block_1_101' title="bbox 51 5829 1579 5904">
    <p class='ocr_par' dir='ltr' id='par_1_101' title="bbox 51 5829 1579 5904">
     <span class='ocr_line' id='line_1_101' title="bbox 51 5829 1579 5904; baseline 0.017 -36"><span class='ocrx_word' id='word_1_743' title='bbox 51 5832 149 5904; x_wconf 79' lang='lat' dir='ltr'><strong>rum</strong></span> <span class='ocrx_word' id='word_1_744' title='bbox 202 5829 568 5904; x_wconf 10' lang='lat' dir='ltr'><strong>majot&#39;resset</strong></span> <span class='ocrx_word' id='word_1_745' title='bbox 618 5829 949 5904; x_wconf 65' lang='lat' dir='ltr'><strong>pteniteaztitu</strong></span> <span class='ocrx_word' id='word_1_746' title='bbox 1011 5829 1337 5904; x_wconf 74' lang='lat' dir='ltr'><strong>signiﬁcatio</strong></span> <span class='ocrx_word' id='word_1_747' title='bbox 1396 5840 1448 5892; x_wconf 84' lang='lat' dir='ltr'><strong>in</strong></span> <span class='ocrx_word' id='word_1_748' title='bbox 1484 5840 1579 5895; x_wconf 86' lang='lat' dir='ltr'><strong>de-</strong></span> 
     </span>
    </p>
   </div>
   <div class='ocr_carea' id='block_1_102' title="bbox 50 5896 1120 5977">
    <p class='ocr_par' dir='ltr' id='par_1_102' title="bbox 50 5896 1120 5977">
     <span class='ocr_line' id='line_1_102' title="bbox 50 5896 1120 5977; baseline 0.021 -37"><span class='ocrx_word' id='word_1_749' title='bbox 50 5896 275 5953; x_wconf 80' lang='lat' dir='ltr'><strong>struendo</strong></span> <span class='ocrx_word' id='word_1_750' title='bbox 306 5916 463 5972; x_wconf 76' lang='lat' dir='ltr'><strong>opere</strong></span> <span class='ocrx_word' id='word_1_751' title='bbox 485 5896 646 5977; x_wconf 80' lang='lat' dir='ltr'><strong>quam</strong></span> <span class='ocrx_word' id='word_1_752' title='bbox 677 5908 729 5961; x_wconf 90' lang='lat' dir='ltr'><strong>in</strong></span> <span class='ocrx_word' id='word_1_753' title='bbox 762 5896 1120 5963; x_wconf 68' lang='lat' dir='ltr'><strong>restituendo.</strong></span> 
     </span>
    </p>
   </div>
   <div class='ocr_carea' id='block_1_103' title="bbox 1702 4686 3271 4763">
    <p class='ocr_par' dir='ltr' id='par_1_103' title="bbox 1702 4686 3271 4763">
     <span class='ocr_line' id='line_1_103' title="bbox 1702 4686 3271 4763; baseline 0.005 -21"><span class='ocrx_word' id='word_1_754' title='bbox 1702 4689 1825 4742; x_wconf 86' lang='lat' dir='ltr'><strong>dem</strong></span> <span class='ocrx_word' id='word_1_755' title='bbox 1859 4703 2039 4758; x_wconf 88' lang='lat' dir='ltr'><strong>posse.</strong></span> <span class='ocrx_word' id='word_1_756' title='bbox 2081 4686 2176 4743; x_wconf 91' lang='lat' dir='ltr'><strong>Sin</strong></span> <span class='ocrx_word' id='word_1_757' title='bbox 2203 4690 2273 4743; x_wconf 88' lang='lat' dir='ltr'><strong>ab</strong></span> <span class='ocrx_word' id='word_1_758' title='bbox 2297 4691 2453 4745; x_wconf 88' lang='lat' dir='ltr'><strong>initio</strong></span> <span class='ocrx_word' id='word_1_759' title='bbox 2486 4705 2548 4744; x_wconf 91' lang='lat' dir='ltr'><strong>ea</strong></span> <span class='ocrx_word' id='word_1_760' title='bbox 2577 4691 2679 4746; x_wconf 85' lang='lat' dir='ltr'><strong>fuit</strong></span> <span class='ocrx_word' id='word_1_761' title='bbox 2706 4692 2969 4762; x_wconf 70' lang='lat' dir='ltr'><strong>praeditus</strong></span> <span class='ocrx_word' id='word_1_762' title='bbox 3007 4697 3271 4763; x_wconf 83' lang='lat' dir='ltr'><strong>potentia,</strong></span> 
     </span>
    </p>
   </div>
   <div class='ocr_carea' id='block_1_104' title="bbox 1700 4783 3274 4856">
    <p class='ocr_par' dir='ltr' id='par_1_104' title="bbox 1700 4783 3274 4856">
     <span class='ocr_line' id='line_1_104' title="bbox 1700 4783 3274 4856; baseline 0.004 -20"><span class='ocrx_word' id='word_1_763' title='bbox 1700 4788 1756 4836; x_wconf 92' lang='lat' dir='ltr'><strong>ut</strong></span> <span class='ocrx_word' id='word_1_764' title='bbox 1791 4796 1893 4837; x_wconf 88' lang='lat' dir='ltr'><strong>nos</strong></span> <span class='ocrx_word' id='word_1_765' title='bbox 1934 4790 2146 4837; x_wconf 85' lang='lat' dir='ltr'><strong>crearet</strong></span> <span class='ocrx_word' id='word_1_766' title='bbox 2195 4783 2663 4853; x_wconf 87' lang='lat' dir='ltr'><strong>incorruptibiles,</strong></span> <span class='ocrx_word' id='word_1_767' title='bbox 2706 4800 2936 4856; x_wconf 88' lang='lat' dir='ltr'><strong>eamque</strong></span> <span class='ocrx_word' id='word_1_768' title='bbox 2980 4801 3088 4841; x_wconf 88' lang='lat' dir='ltr'><strong>non</strong></span> <span class='ocrx_word' id='word_1_769' title='bbox 3122 4788 3274 4856; x_wconf 77' lang='lat' dir='ltr'><strong>abie-</strong></span> 
     </span>
    </p>
   </div>
   <div class='ocr_carea' id='block_1_105' title="bbox 1698 4875 3269 4944">
    <p class='ocr_par' dir='ltr' id='par_1_105' title="bbox 1698 4875 3269 4944">
     <span class='ocr_line' id='line_1_105' title="bbox 1698 4875 3269 4944; baseline 0.004 -15"><span class='ocrx_word' id='word_1_770' title='bbox 1698 4875 1807 4930; x_wconf 85' lang='lat' dir='ltr'><strong>cit:</strong></span> <span class='ocrx_word' id='word_1_771' title='bbox 1848 4876 2126 4944; x_wconf 91' lang='lat' dir='ltr'><strong>quomodo</strong></span> <span class='ocrx_word' id='word_1_772' title='bbox 2154 4891 2262 4930; x_wconf 90' lang='lat' dir='ltr'><strong>non</strong></span> <span class='ocrx_word' id='word_1_773' title='bbox 2295 4891 2325 4929; x_wconf 90' lang='lat' dir='ltr'><strong>a</strong></span> <span class='ocrx_word' id='word_1_774' title='bbox 2356 4877 2567 4931; x_wconf 88' lang='lat' dir='ltr'><strong>ratione</strong></span> <span class='ocrx_word' id='word_1_775' title='bbox 2608 4879 2866 4939; x_wconf 90' lang='lat' dir='ltr'><strong>alienum,</strong></span> <span class='ocrx_word' id='word_1_776' title='bbox 2893 4886 2951 4932; x_wconf 92' lang='lat' dir='ltr'><strong>ut</strong></span> <span class='ocrx_word' id='word_1_777' title='bbox 2984 4879 3038 4933; x_wconf 90' lang='lat' dir='ltr'><strong>in</strong></span> <span class='ocrx_word' id='word_1_778' title='bbox 3068 4897 3127 4936; x_wconf 88' lang='lat' dir='ltr'><strong>re</strong></span> <span class='ocrx_word' id='word_1_779' title='bbox 3165 4883 3269 4935; x_wconf 88' lang='lat' dir='ltr'><strong>im-</strong></span> 
     </span>
    </p>
   </div>
   <div class='ocr_carea' id='block_1_106' title="bbox 1699 4967 3271 5040">
    <p class='ocr_par' dir='ltr' id='par_1_106' title="bbox 1699 4967 3271 5040">
     <span class='ocr_line' id='line_1_106' title="bbox 1699 4967 3271 5040; baseline 0.005 -19"><span class='ocrx_word' id='word_1_780' title='bbox 1699 4968 1969 5037; x_wconf 86' lang='lat' dir='ltr'><strong>possibili,</strong></span> <span class='ocrx_word' id='word_1_781' title='bbox 2007 4967 2118 5023; x_wconf 84' lang='lat' dir='ltr'><strong>Deo</strong></span> <span class='ocrx_word' id='word_1_782' title='bbox 2143 4984 2249 5023; x_wconf 92' lang='lat' dir='ltr'><strong>non</strong></span> <span class='ocrx_word' id='word_1_783' title='bbox 2276 4969 2499 5025; x_wconf 84' lang='lat' dir='ltr'><strong>credere</strong></span> <span class='ocrx_word' id='word_1_784' title='bbox 2532 4970 2809 5040; x_wconf 85' lang='lat' dir='ltr'><strong>pollicenti</strong></span> <span class='ocrx_word' id='word_1_785' title='bbox 2834 4987 2892 5026; x_wconf 88' lang='lat' dir='ltr'><strong>se</strong></span> <span class='ocrx_word' id='word_1_786' title='bbox 2918 4973 2985 5027; x_wconf 91' lang='lat' dir='ltr'><strong>ad</strong></span> <span class='ocrx_word' id='word_1_787' title='bbox 3013 4974 3271 5030; x_wconf 80' lang='lat' dir='ltr'><strong>similitu-</strong></span> 
     </span>
    </p>
   </div>
   <div class='ocr_carea' id='block_1_107' title="bbox 1696 5059 3269 5131">
    <p class='ocr_par' dir='ltr' id='par_1_107' title="bbox 1696 5059 3269 5131">
     <span class='ocr_line' id='line_1_107' title="bbox 1696 5059 3269 5131; baseline 0.003 -18"><span class='ocrx_word' id='word_1_788' title='bbox 1696 5059 1878 5114; x_wconf 86' lang='lat' dir='ltr'><strong>dinem</strong></span> <span class='ocrx_word' id='word_1_789' title='bbox 1911 5060 2079 5122; x_wconf 84' lang='lat' dir='ltr'><strong>illius,</strong></span> <span class='ocrx_word' id='word_1_790' title='bbox 2105 5074 2266 5130; x_wconf 89' lang='lat' dir='ltr'><strong>quem</strong></span> <span class='ocrx_word' id='word_1_791' title='bbox 2303 5075 2367 5113; x_wconf 81' lang='lat' dir='ltr'><strong>ex</strong></span> <span class='ocrx_word' id='word_1_792' title='bbox 2410 5060 2643 5115; x_wconf 90' lang='lat' dir='ltr'><strong>mortuis</strong></span> <span class='ocrx_word' id='word_1_793' title='bbox 2684 5060 2752 5114; x_wconf 90' lang='lat' dir='ltr'><strong>ad</strong></span> <span class='ocrx_word' id='word_1_794' title='bbox 2796 5061 3269 5131; x_wconf 88' lang='lat' dir='ltr'><strong>incorruptibilem</strong></span> 
     </span>
    </p>
   </div>
   <div class='ocr_carea' id='block_1_108' title="bbox 1694 5152 3269 5224">
    <p class='ocr_par' dir='ltr' id='par_1_108' title="bbox 1694 5152 3269 5224">
     <span class='ocr_line' id='line_1_108' title="bbox 1694 5152 3269 5224; baseline 0.004 -20"><span class='ocrx_word' id='word_1_795' title='bbox 1694 5152 1859 5205; x_wconf 79' lang='lat' dir='ltr'><strong>vitam</strong></span> <span class='ocrx_word' id='word_1_796' title='bbox 1888 5153 2257 5215; x_wconf 82' lang='lat' dir='ltr'><strong>resuscitavit,</strong></span> <span class='ocrx_word' id='word_1_797' title='bbox 2288 5160 2514 5208; x_wconf 68' lang='lat' dir='ltr'><strong>caeteros</strong></span> <span class='ocrx_word' id='word_1_798' title='bbox 2560 5170 2776 5224; x_wconf 83' lang='lat' dir='ltr'><strong>quoque</strong></span> <span class='ocrx_word' id='word_1_799' title='bbox 2804 5155 3052 5209; x_wconf 80' lang='lat' dir='ltr'><strong>homines</strong></span> <span class='ocrx_word' id='word_1_800' title='bbox 3087 5156 3269 5211; x_wconf 88' lang='lat' dir='ltr'><strong>incor-</strong></span> 
     </span>
    </p>
   </div>
   <div class='ocr_carea' id='block_1_109' title="bbox 1692 5242 2317 5311">
    <p class='ocr_par' dir='ltr' id='par_1_109' title="bbox 1692 5242 2317 5311">
     <span class='ocr_line' id='line_1_109' title="bbox 1692 5242 2317 5311; baseline -0.002 -15"><span class='ocrx_word' id='word_1_801' title='bbox 1692 5258 1753 5297; x_wconf 90' lang='lat' dir='ltr'><strong>ru</strong></span> <span class='ocrx_word' id='word_1_802' title='bbox 1761 5242 1980 5311; x_wconf 88' lang='lat' dir='ltr'><strong>ptibiles</strong></span> <span class='ocrx_word' id='word_1_803' title='bbox 2010 5244 2317 5298; x_wconf 80' lang='lat' dir='ltr'><strong>facturum?</strong></span> 
     </span>
    </p>
   </div>
   <div class='ocr_carea' id='block_1_110' title="bbox 1761 5335 3264 5408">
    <p class='ocr_par' dir='ltr' id='par_1_110' title="bbox 1761 5335 3264 5408">
     <span class='ocr_line' id='line_1_110' title="bbox 1761 5335 3264 5408; baseline 0.001 -17"><span class='ocrx_word' id='word_1_804' title='bbox 1761 5335 1850 5391; x_wconf 72' lang='lat'><strong>32.</strong></span> <span class='ocrx_word' id='word_1_805' title='bbox 1888 5336 2154 5392; x_wconf 81' lang='lat' dir='ltr'><strong>Animans</strong></span> <span class='ocrx_word' id='word_1_806' title='bbox 2202 5338 2257 5392; x_wconf 88' lang='lat' dir='ltr'><strong>in</strong></span> <span class='ocrx_word' id='word_1_807' title='bbox 2313 5339 2521 5393; x_wconf 86' lang='lat' dir='ltr'><strong>semine</strong></span> <span class='ocrx_word' id='word_1_808' title='bbox 2572 5342 2815 5408; x_wconf 85' lang='lat' dir='ltr'><strong>potentia</strong></span> <span class='ocrx_word' id='word_1_809' title='bbox 2854 5350 2937 5394; x_wconf 89' lang='lat' dir='ltr'><strong>est</strong></span> <span class='ocrx_word' id='word_1_810' title='bbox 2985 5349 3198 5396; x_wconf 73' lang='lat' dir='ltr'><strong>naturze</strong></span> <span class='ocrx_word' id='word_1_811' title='bbox 3252 5363 3264 5393; x_wconf 78' lang='grc' dir='ltr'><em>τ</em></span> 
     </span>
    </p>
   </div>
   <div class='ocr_carea' id='block_1_111' title="bbox 1690 5430 3259 5502">
    <p class='ocr_par' dir='ltr' id='par_1_111' title="bbox 1690 5430 3259 5502">
     <span class='ocr_line' id='line_1_111' title="bbox 1690 5430 3259 5502; baseline 0.002 -19"><span class='ocrx_word' id='word_1_812' title='bbox 1690 5430 1864 5484; x_wconf 88' lang='lat' dir='ltr'><strong>lectus</strong></span> <span class='ocrx_word' id='word_1_813' title='bbox 1890 5430 1944 5484; x_wconf 90' lang='lat' dir='ltr'><strong>in</strong></span> <span class='ocrx_word' id='word_1_814' title='bbox 1970 5430 2117 5500; x_wconf 83' lang='lat' dir='ltr'><strong>ligno</strong></span> <span class='ocrx_word' id='word_1_815' title='bbox 2139 5433 2378 5500; x_wconf 86' lang='lat' dir='ltr'><strong>potentia</strong></span> <span class='ocrx_word' id='word_1_816' title='bbox 2405 5440 2489 5486; x_wconf 90' lang='lat' dir='ltr'><strong>est</strong></span> <span class='ocrx_word' id='word_1_817' title='bbox 2511 5433 2615 5485; x_wconf 89' lang='lat' dir='ltr'><strong>arti</strong></span> <span class='ocrx_word' id='word_1_818' title='bbox 2653 5451 2665 5485; x_wconf 90' lang='lat'>:</span> <span class='ocrx_word' id='word_1_819' title='bbox 2705 5433 2943 5500; x_wconf 85' lang='lat' dir='ltr'><strong>potentia</strong></span> <span class='ocrx_word' id='word_1_820' title='bbox 2975 5448 3259 5502; x_wconf 72' lang='lat' dir='ltr'><strong>resurgen~</strong></span> 
     </span>
    </p>
   </div>
   <div class='ocr_carea' id='block_1_112' title="bbox 1688 5521 3260 5587">
    <p class='ocr_par' dir='ltr' id='par_1_112' title="bbox 1688 5521 3260 5587">
     <span class='ocr_line' id='line_1_112' title="bbox 1688 5521 3260 5587; baseline 0.004 -13"><span class='ocrx_word' id='word_1_821' title='bbox 1688 5530 1773 5577; x_wconf 89' lang='lat' dir='ltr'><strong>tes</strong></span> <span class='ocrx_word' id='word_1_822' title='bbox 1826 5521 1879 5576; x_wconf 88' lang='lat' dir='ltr'><strong>in</strong></span> <span class='ocrx_word' id='word_1_823' title='bbox 1931 5522 2217 5578; x_wconf 86' lang='lat' dir='ltr'><strong>elementis</strong></span> <span class='ocrx_word' id='word_1_824' title='bbox 2252 5533 2381 5578; x_wconf 89' lang='lat' dir='ltr'><strong>sunt</strong></span> <span class='ocrx_word' id='word_1_825' title='bbox 2416 5523 2545 5579; x_wconf 89' lang='lat' dir='ltr'><strong>Deo.</strong></span> <span class='ocrx_word' id='word_1_826' title='bbox 2595 5525 2663 5577; x_wconf 88' lang='lat' dir='ltr'><strong>At</strong></span> <span class='ocrx_word' id='word_1_827' title='bbox 2697 5526 2800 5580; x_wconf 89' lang='lat' dir='ltr'><strong>hoc</strong></span> <span class='ocrx_word' id='word_1_828' title='bbox 2840 5526 2886 5580; x_wconf 89' lang='lat' dir='ltr'><strong>si</strong></span> <span class='ocrx_word' id='word_1_829' title='bbox 2919 5540 3105 5580; x_wconf 80' lang='lat' dir='ltr'><strong>verum</strong></span> <span class='ocrx_word' id='word_1_830' title='bbox 3159 5536 3260 5587; x_wconf 76' lang='lat' dir='ltr'><strong>est,</strong></span> 
     </span>
    </p>
   </div>
   <div class='ocr_carea' id='block_1_113' title="bbox 1686 5612 3263 5684">
    <p class='ocr_par' dir='ltr' id='par_1_113' title="bbox 1686 5612 3263 5684">
     <span class='ocr_line' id='line_1_113' title="bbox 1686 5612 3263 5684; baseline 0.003 -17"><span class='ocrx_word' id='word_1_831' title='bbox 1686 5612 1961 5684; x_wconf 86' lang='lat' dir='ltr'><strong>quomodo</strong></span> <span class='ocrx_word' id='word_1_832' title='bbox 1992 5614 2290 5671; x_wconf 85' lang='lat' dir='ltr'><strong>absurdqu</strong></span> <span class='ocrx_word' id='word_1_833' title='bbox 2320 5632 2427 5670; x_wconf 90' lang='lat' dir='ltr'><strong>non</strong></span> <span class='ocrx_word' id='word_1_834' title='bbox 2456 5627 2560 5681; x_wconf 84' lang='lat' dir='ltr'><strong>est,</strong></span> <span class='ocrx_word' id='word_1_835' title='bbox 2594 5616 2818 5672; x_wconf 88' lang='lat' dir='ltr'><strong>credere</strong></span> <span class='ocrx_word' id='word_1_836' title='bbox 2856 5624 3065 5671; x_wconf 56' lang='lat' dir='ltr'><strong>natura!</strong></span> <span class='ocrx_word' id='word_1_837' title='bbox 3092 5618 3148 5671; x_wconf 87' lang='lat' dir='ltr'><strong>in</strong></span> <span class='ocrx_word' id='word_1_838' title='bbox 3174 5632 3263 5673; x_wconf 78' lang='lat' dir='ltr'><strong>re-</strong></span> 
     </span>
    </p>
   </div>
   <div class='ocr_carea' id='block_1_114' title="bbox 1758 5770 3264 5847">
    <p class='ocr_par' dir='ltr' id='par_1_114' title="bbox 1758 5770 3264 5847">
     <span class='ocr_line' id='line_1_114' title="bbox 1758 5770 3264 5847; baseline 0.005 -23"><span class='ocrx_word' id='word_1_839' title='bbox 1758 5771 1867 5847; x_wconf 64' lang='lat'><strong>(65)</strong></span> <span class='ocrx_word' id='word_1_840' title='bbox 1897 5772 2126 5847; x_wconf 57' lang='lat' dir='ltr'><strong>ﬂiam-2</strong></span> <span class='ocrx_word' id='word_1_841' title='bbox 2188 5770 2352 5827; x_wconf 81' lang='lat' dir='ltr'><strong>Recte</strong></span> <span class='ocrx_word' id='word_1_842' title='bbox 2411 5772 2663 5827; x_wconf 81' lang='lat' dir='ltr'><strong>observat</strong></span> <span class='ocrx_word' id='word_1_843' title='bbox 2715 5772 3037 5845; x_wconf 69' lang='lat' dir='ltr'><strong>Sylburgius</strong></span> <span class='ocrx_word' id='word_1_844' title='bbox 3076 5774 3264 5847; x_wconf 55' lang='lat' dir='ltr'><strong>legatu-</strong></span> 
     </span>
    </p>
   </div>
   <div class='ocr_carea' id='block_1_115' title="bbox 1685 5840 2108 5897">
    <p class='ocr_par' dir='ltr' id='par_1_115' title="bbox 1685 5840 2108 5897">
     <span class='ocr_line' id='line_1_115' title="bbox 1685 5840 2108 5897; baseline -0.005 -2"><span class='ocrx_word' id='word_1_845' title='bbox 1685 5840 1811 5897; x_wconf 86' lang='lat' dir='ltr'><strong>dum</strong></span> <span class='ocrx_word' id='word_1_846' title='bbox 1842 5843 2108 5897; x_wconf 75' lang='grc' dir='ltr'>άπιστεῖν.</span> 
     </span>
    </p>
   </div>
  </div>
