3690 6502
384 400 518 453 1487

1195 390 1560 446 AI’PENDEX.
1604 420 1675 429 —-
1712 388 1893 443 PARS
1935 390 1964 443 Ι.

2141 387 2367 444 USTINI
2408 388 2636 444 OPEBA
2671 389 2941 448 SPURM.
3544 397 3630 453 uir

380 518 481 568 bus
515 508 883 572 naturalibus,
917 516 970 563 et
1005 509 1106 562 arti
1136 511 1187 563 in
1218 508 1381 564 rebus
1404 506 1816 570 artiﬁcialibus,
1857 506 1964 561 Deo

2138 510 2298 573 ισικὰ,
2335 512 2427 564 καὶ
2462 511 2524 578 τῇ
2558 507 2720 579 τέχνῃ
2768 508 2836 560 τὰ
2873 508 3136 579 τεχνητὰ,
3178 507 3457 562 άπιστεῖν
3484 509 3533 563 δὲ

377 615 559 660 autem
598 621 708 658 non
738 602 963 657 credere
990 602 1045 656 in
1079 602 1315 656 divinis?

453 699 547 753 55.
589 696 794 752 Divina:
839 694 1094 766 potestati
1150 694 1287 747 nihil
1345 690 1577 745 resistit.
1621 689 1677 744 Si
1724 706 1875 745 mare
1914 699 1967 745 et

380 798 527 841 terra
559 786 817 840 mandato
841 785 1030 840 divino
1060 800 1119 839 ea
1157 784 1287 837 olim
1319 783 1520 837 dedere
1544 798 1665 852 qua:
1687 798 1792 837 non
1820 799 1968 838 acce-

383 887 611 947 perant:
655 876 933 947 quomodo
972 893 1119 930 nunc.
1160 890 1268 929 non
1303 876 1475 944 magis
1532 890 1654 945 qua:
1711 890 1967 945 accepere

380 970 631 1031 reddent,
669 968 778 1024 Deo
804 968 1138 1022 mandante?

450 1062 538 1116 54.
584 1061 661 1125 Si,
696 1068 757 1114 ut
782 1076 959 1131 neque
995 1067 1190 1113 natura
1227 1074 1257 1112 e
1293 1058 1502 1113 semine
1535 1064 1797 1127 corrupto
1848 1057 1968 1112 ani-

382 1165 622 1210 mantem
656 1168 985 1224 procreare,
1015 1167 1191 1221 neque
1216 1166 1306 1204 ars
1340 1166 1370 1205 e
1397 1150 1548 1220 ligno
1576 1157 1836 1218 corrupto
1865 1150 1967 1204 lec-

380 1255 495 1302 tum
522 1246 701 1301 facere
725 1252 937 1315 potest,
966 1245 1040 1297 ita
1064 1260 1163 1298 nec
1191 1242 1334 1297 Dens
1364 1258 1432 1297 ex
1462 1243 1685 1297 homine
1706 1251 1967 1311 corrupto

380 1338 656 1395 hominem
708 1337 1182 1406 ineorruptibilem
1223 1335 1405 1390 facere
1455 1342 1664 1404 potest;
1706 1335 1965 1389 demensa

382 1432 593 1488 scilicet
624 1432 726 1485 erit
760 1431 1007 1501 potentia
1033 1429 1148 1493 Dei,
1185 1438 1244 1483 ut
1275 1441 1482 1483 natura:
1513 1435 1567 1481 et
1597 1427 1751 1481 artis.
1784 1426 1887 1479 Sed
1919 1427 1964 1481 si

381 1525 487 1580 hoc
519 1525 667 1580 dictu
709 1524 1011 1580 absurdum
1062 1530 1167 1587 est,
1199 1521 1497 1577 absurdum
1550 1522 1794 1589 prol‘ecto
1830 1536 1967 1589 quo-

381 1634 486 1689 que
518 1619 623 1672 erit
666 1617 775 1671 Deo
807 1633 916 1671 non
943 1616 1186 1681 credere,
1220 1632 1283 1670 ex
1317 1615 1537 1669 homine
1577 1620 1838 1684 corrupto
1869 1614 1967 1668 ho-

381 1711 586 1765 minem
616 1709 686 1764 ab
714 1725 779 1765 eo
810 1708 924 1763 ﬁeri
960 1708 1453 1778 incorruptibilem.

454 1885 544 1939 35.
586 1883 666 1947 Si,
700 1893 758 1937 ut
802 1880 1126 1938 hominibus
1170 1882 1471 1939 incredulis
1515 1883 1628 1938 ﬁeri
1662 1899 1771 1938 non
1806 1900 1964 1955 posse

2140 1890 2232 1943 λε’.
2260 1891 2345 1955 ΕΞ,
2382 1890 2572 1962 ὥσπερ
2604 1890 2858 1956 ἀπίστοις
2888 1891 3209 1965 ἀνθρώποις
3239 1895 3527 1948 ἀδύνατον
3559 1904 3637 1966 φεμ

382 1978 601 2033 videtur
632 1986 691 2031 ut
734 1979 804 2031 sit
851 1977 1204 2041 resurrectio,
1244 1977 1318 2030 ita
1369 1976 1711 2047 impossibile
1743 1979 1854 2035 Deo
1885 1987 1970 2036 est

380 2071 597 2127 ellicere
626 2072 1086 2126 resurrectionem
1122 2091 1135 2126 :
1172 2070 1310 2124 nihil
1342 2070 1590 2140 profecto
1622 2071 1842 2127 homine
1866 2073 1968 2127 hac

382 2167 438 2220 in
466 2179 523 2220 re
556 2170 779 2232 priestat
812 2162 973 2217 Deus.
1013 2165 1082 2216 At
1120 2163 1167 2217 si
1200 2161 1413 2216 inﬁnite
1446 2171 1689 2231 praestat,
1738 2172 1797 2217 ut
1839 2180 1968 2235 pro-

384 2255 528 2312 fecto
572 2264 817 2325 praestat,
870 2252 1147 2324 quomodo
1190 2269 1299 2307 non
1353 2254 1651 2308 absurdum
1696 2253 1807 2309 Deo
1858 2270 1966 2310 non

381 2349 608 2405 credere
640 2348 791 2403 illum
817 2363 879 2401 ea
908 2348 1205 2413 facturum,
1242 2363 1475 2418 quorum
1504 2348 1664 2403 habet
1690 2347 1967 2404 faciendo-

380 2456 502 2496 rum
529 2440 885 2510 potestatem?

452 2533 541 2589 36.
575 2533 724 2599 Quos
756 2532 899 2588 Deus
940 2546 1106 2603 supra
1129 2540 1381 2587 naturam
1413 2531 1651 2588 condere
1673 2532 1836 2597 valet,
1870 2548 1965 2588 eos

382 2643 492 2682 non
522 2627 748 2681 credere
771 2627 840 2681 ab
870 2641 935 2680 eo
955 2641 1120 2695 supra
1152 2634 1403 2680 naturam
1430 2625 1649 2681 restitui
1685 2640 1848 2696 posse
1875 2642 1968 2680 an-

382 2735 492 2773 non
523 2719 823 2773 absurdum
847 2718 967 2773 est?

452 2813 542 2867 57.
582 2810 641 2867 Si
687 2811 835 2882 quod
884 2827 995 2865 non
1047 2810 1351 2866 secundum
1408 2818 1662 2865 naturam
1719 2811 1964 2882 genitum

382 2912 489 2969 est,
524 2904 673 2960 illius
696 2904 1043 2959 incredibilis
1074 2915 1126 2958 et
1150 2903 1512 2974 impossibilis
1544 2903 1844 2973 iudicanda
1874 2920 1967 2975 ge-

383 2996 636 3054 neratio:
680 2997 956 3065 quomodo
990 3011 1099 3051 non
1148 2998 1313 3051 etiam
1364 2996 1526 3066 primi
1560 2996 1819 3061 hominis,
1869 2996 1963 3066 qui

383 3104 494 3142 non
545 3088 847 3143 secundum
885 3095 1138 3142 naturam
1191 3088 1408 3157 genitus
1460 3094 1580 3153 est,
1628 3088 1965 3143 incredibilis

382 3181 488 3233 erit
516 3188 570 3234 et
596 3180 955 3250 impossrbilis
986 3180 1226 3235 creatio?
1264 3178 1381 3233 Non
1414 3187 1593 3249 potest
1619 3180 1763 3234 enim
1800 3180 1964 3234 homo

366 3286 449 3325 ex
481 3272 701 3326 homine.
739 3272 907 3343 gigni,
940 3273 1048 3328 nisi
1082 3274 1293 3343 primus
1317 3274 1479 3328 homo
1510 3289 1675 3344 supra
1712 3283 1966 3328 naturam

383 3363 606 3433 genitus
635 3363 820 3420 fuerit.

453 3455 544 3510 '58.
586 3454 698 3510 Nisi
730 3471 927 3510 rursus
974 3456 1096 3509 ﬁam
1128 3454 1272 3526 quod
1311 3470 1487 3519 eram,
1512 3453 1789 3526 quomodo
1821 3452 1966 3507 acei-A

379 3546 528 3617 piam
558 3548 780 3603 virtutis
806 3555 902 3601 aut
928 3547 1044 3601 vitii
1074 3548 1403 3608 mercedem,
1432 3562 1594 3618 quam
1624 3546 1679 3599 in
1712 3544 1965 3615 prtesenti

379 3643 493 3697 vita
526 3650 869 3698 nactusnon
921 3644 1090 3699 sum?
1118 3643 1254 3698 Nam
1298 3644 1344 3698 si
1377 3658 1488 3697 non
1537 3643 1595 3697 lit
1623 3652 1965 3697 mortuorum

382 3734 748 3791 resurrectio:
786 3736 1065 3805 quomodo
1114 3736 1352 3807 aequales
1403 3736 1510 3791 sibi
1565 3736 1798 3789 invicem
1855 3750 1963 3789 non

379 3836 563 3891 erunt,
589 3837 644 3883 et
673 3828 768 3898 qui
801 3830 1042 3900 martyrii
1069 3844 1273 3899 agones
1302 3829 1603 3884 intulerunt
1631 3837 1684 3883 et
1712 3828 1804 3898 qui
1836 3842 1956 3882 sus-

380 3920 701 3974 tinuerunt?
753 3920 911 3987 Quod
968 3921 1015 3975 si
1071 3920 1175 3974 hoc
1225 3922 1475 3990 iniquum
1517 3930 1636 3987 est,
1691 3918 1965 3990 quomodo

381 4026 493 4066 non
519 4011 769 4081 iniquum
800 4024 884 4068 est
909 4029 1018 4068 non
1058 4030 1182 4070 esse
1223 4022 1567 4069 mortuorum
1603 4015 1961 4069 resurreCtio-

383 4119 530 4169 nem;
572 4102 627 4156 in
660 4118 765 4173 qua
801 4105 919 4159 sola
951 4106 1173 4161 evenire
1214 4113 1397 4175 potest
1426 4120 1640 4171 eorum,
1690 4105 1784 4175 qui
1821 4105 1963 4174 inju-

381 4193 519 4246 riam
555 4192 822 4256 fecerunt.
852 4202 909 4249 et
934 4211 1149 4258 eorum.
1180 4197 1273 4267 qui
1302 4198 1451 4267 passi
1483 4204 1633 4262 sunt,
1667 4196 1963 4251 discrimen

384 4301 481 4354 pro
515 4286 831 4343 honoris-et
864 4303 1040 4358 ρωιιιε
1061 4287 1382 4344 discrimine
1406 4289 1429 4342 ?

452 4379 542 4434 59.
572 4377 687 4435 Nisi
729 4381 859 4449 quid
915 4381 1079 4435 fuerit
1128 4381 1294 4436 homo
1326 4389 1380 4436 et
1424 4381 1554 4452 quid
1597 4381 1670 4434 sit
1716 4382 1964 4437 elabatur

380 4470 785 4539 quodammodo
819 4470 913 4526 Dei
944 4472 1246 4542 cognitioni
1276 4488 1341 4526 eo
1376 4480 1614 4535 mortuo,
1660 4488 1767 4527 non
1802 4489 1963 4543 repn-

2068 603 2134 654 τὰ
2170 602 2285 654 θεῖα
2307 620 2321 666 ;

2139 694 2239 761 λγ’.
2282 694 2358 764 Τῇ
2395 693 2515 764 θείᾳ
2547 692 2804 763 αὑθεντὶᾳ
2842 692 2994 745 οὐδέν
3047 694 3207 745 ἐστιν
3258 692 3519 755 ἁπιθὲς.
3552 695 3631 748 ες

2070 786 2312 839 θάλασσα
2341 787 2433 838 καὶ
2467 788 2499 857 ἡ
2538 786 2612 855 γῆ
2644 784 2722 855 τῷ
2756 784 2885 854 θείῳ
2930 786 3353 856 προστάγματι
3406 786 3558 839 πάλαι
3585 790 3633 841 ῖεη

2066 879 2236 933 δωκεν
2280 879 2315 933 ἃ.
2366 880 2466 932 οὐκ
2509 878 2689 942 ἔλαϐε,
2741 878 2857 941 πῶς
2904 880 2963 931 οὐ
3017 879 3115 932 νῦν
3169 881 3402 952 μᾶλλον
3451 880 3635 939 δὼεᾶ

2067 972 2246 1036 ἔλαϐε,
2278 971 2683 1044 προστάξαντος
2711 972 2804 1025 τοῦ
2831 972 2967 1025 Θεοῦ
2994 991 3008 1040 ;

2137 1064 2229 1116 λδθ.
2267 1064 2350 1130 Εἰ,
2386 1062 2576 1134 ὥσπερ
2606 1064 2638 1132 ἡ
2671 1063 2830 1132 φύσις
2862 1066 2926 1117 ἐκ
2953 1063 3049 1117 τοῦ
3077 1064 3419 1137 φθαρέντος

2064 1173 2155 1219 τος
2187 1155 2246 1208 οὐ
2287 1153 2507 1208 δύναται
2550 1158 2721 1207 ποιεῖν
2755 1154 2815 1207 τὸ
2848 1155 3006 1219 ζῶον,
3045 1158 3147 1209 καὶ
3188 1158 3225 1227 ή
3274 1156 3458 1227 τέχνη
3506 1160 3558 1209 ἐκ
3581 1162 3639 1210 τιὶ

2067 1246 2363 1317 φθαρέντος
2387 1246 2544 1312 ξύλου
2577 1247 2637 1299 οὐ
2667 1245 2889 1300 δύναται
2910 1252 3080 1301 ποιεῖν
3110 1250 3222 1319 τὴν
3261 1249 3492 1317 κλίνην,
3519 1249 3639 1311 οὒτε

2065 1338 2184 1391 οὐδὲ
2215 1338 2243 1390 ὁ
2269 1336 2401 1401 Θεὸς
2424 1337 2643 1391 δύναται
2673 1339 2737 1390 ὲκ
2767 1338 2867 1391 τοῦ
2900 1340 3213 1412 φθαρέντος
3251 1342 3553 1413 ἀνθρώπου

2066 1430 2263 1503 θαρτον
2298 1433 2468 1484 ποιεῖν
2500 1430 2812 1502 ἄνθρωπον·
2852 1432 3131 1505 ἔμμετρος
3170 1434 3296 1505 ἄρα
3341 1436 3505 1488 ἔσται
3535 1440 3563 1506 ἡ
3586 1439 3635 1487 ἐ.ο

2066 1537 2228 1587 ναμις
2261 1519 2353 1573 τοῦ
2384 1520 2540 1583 Θεοῦ,
2575 1520 2763 1593 ὥσπερ
2794 1522 2894 1593 τῆς
2924 1523 3146 1592 φύσεως
3185 1527 3296 1579 καὶ
3338 1527 3447 1597 τῆς

2067 1613 2130 1666 El
2163 1612 2221 1666 δὲ
2249 1612 2410 1665 τοῦτο
2452 1613 2650 1667 ἄτοπον
2684 1614 2882 1682 λέγειν,
2918 1616 3119 1671 ἄτοπον
3154 1619 3279 1690 ἄρα.
3322 1621 3430 1671 καὶ
3473 1621 3529 1671 τὲ
3560 1624 3639 1673 εῖν

2071 1705 2214 1756 στεῖν
2239 1703 2358 1773 Θεῷ
2391 1707 2563 1758 ποιεῖν
2590 1705 2653 1758 ὲκ
2687 1705 2780 1758 τοῦ
2805 1706 3103 1777 φθαρέντος
3133 1708 3242 1761 ἀνθ
3250 1706 3465 1780 ρώποω
3492 1710 3639 1781 5:55:3-

2071 1815 2161 1852 τον
2194 1796 2499 1868 ἄνθρωπον.

2071 2000 2220 2036 νεται
2255 1982 2508 2051 γενέσθαι
2540 1983 2638 2055 τὴν
2671 1984 2989 2047 ἀνάστασιν,
3024 1985 3210 2050 οὕτως
3249 1989 3535 2042 ἀδύνατόν

2068 2073 2146 2146 τῷ
2178 2075 2296 2145 Θεῷ
2342 2075 2404 2128 τὸ
2439 2078 2612 2128 ποιεῖν
2661 2075 2759 2147 τὴν
2798 2076 3133 2131 ἀνάστασιν
3175 2080 3357 2133 οὐδὲν
3398 2082 3510 2153 ἄρα
3549 2100 3641 2135 ut;

2067 2164 2227 2219 τοῦτο
2254 2166 2499 2238 διαφέρει
2532 2166 2664 2229 Θεὸς
2700 2166 3010 2239 ἀνθρώπου.
3041 2170 3103 2223 Ei
3140 2169 3204 2223 δὲ
3237 2172 3556 2243 ἀπειράκις
3574 2176 3644 2225 δσ-

2070 2257 2247 2328 φέρει,
2279 2256 2467 2329 ῶσπερ
2492 2255 2586 2311 οὖν
2616 2259 2710 2312 καὶ
2747 2259 3013 2333 διαφέρει,
3041 2262 3166 2326 πῶς
3208 2265 3330 2317 οὐκ
3380 2266 3529 2318 ἔστιν
3562 2268 3645 2319 ha-

2070 2366 2169 2401 πον
2201 2349 2261 2402 τὸ
2295 2350 2544 2403 ἀπιστεῖν
2593 2350 2713 2421 Θεῷ
2753 2352 2849 2424 τὴν
2891 2354 3109 2425 ποίησιν
3150 2355 3280 2425 (46)
3328 2350 3421 2411 ὧν
3450 2358 3556 2427 ἔχει
3588 2360 3649 2412 te;

2069 2443 2242 2493 ποιεῖν
2268 2441 2369 2513 τὴν
2395 2440 2658 2512 δύναμιν;

2137 2531 2243 2598 λς’.
2272 2526 2372 2586 Ὧν
2397 2534 2572 2605 ἰσχύει
2603 2534 2734 2598 Θεὸς
2754 2536 2851 2607 τὴν
2876 2537 3017 2608 ὑπὲρ
3048 2538 3222 2608 φύσιν
3266 2542 3534 2613 ποίησιν,
3566 2544 3649 2595 25-i—

2067 2641 2174 2678 των
2220 2625 2337 2689 πῶς
2383 2626 2483 2680 οὐκ
2524 2626 2672 2680 ἐστιν
2723 2628 2923 2682 ἄτοπον
2971 2628 3031 2682 τὸ
3078 2631 3363 2685 άπιστεῖν
3413 2634 3562 2703 αὐτῷ
3589 2653 3649 2699 try

2069 2714 2209 2785 ὑπὲρ
2242 2715 2404 2785 φύσιν
2439 2718 2795 2789 μεταποίησιν
2820 2736 2834 2783 ;

2136 2806 2234 2870 λζ’.
2266 2808 2331 2861 Εἰ
2360 2808 2420 2861 τὸ
2454 2809 2527 2881 μὴ
2575 2810 2718 2864 κατὰ
2760 2811 2920 2879 φύσιν
2953 2814 3273 2883 γινόμενον,
3325 2817 3531 2871 τούτου
3568 2820 3649 2871 ir..-

2070 2913 2193 2950 στον
2238 2900 2332 2952 καὶ
2365 2900 2621 2954 ἀδύνατον
2666 2901 2763 2973 τὴν
2814 2904 3030 2974 ποίησιν
3078 2904 3188 2976 χρὴ
3236 2908 3645 2979 ὑπολαμεὲιεειις

2068 2987 2186 3052 πῶς
2214 2989 2311 3042 οὐκ
2336 2987 2487 3043 ἔσται
2522 2992 2615 3045 καὶ
2648 2992 2741 3045 τοῦ
2789 2991 3004 3064 πρώτου
3033 2997 3347 3064 γεγονότος
3400 3000 3643 3071 ἀνθρώπω

2067 3081 2296 3146 ἄπιστος
2321 3084 2415 3137 καὶ
2448 3083 2709 3150 ἀδύνατος
2742 3089 2775 3159 ἡ
2812 3088 3047 3158 ποίησις,
3087 3090 3166 3161 μὴ
3207 3093 3376 3145 κατὰ
3403 3094 3562 3162 φύσιν
3591 3112 3647 3161 ’βε

2068 3174 2408 3245 γενημένου;
2474 3176 2755 3232 Ἀδύνατον
2806 3180 2914 3253 γὰρ
2964 3182 3223 3250 γενέσθαι
3277 3186 3351 3251 ἐξ
3396 3188 3646 3259 ἀνθμὲῖε.

2069 3262 2353 3335 ἄνθρωπον
2380 3266 2522 3319 κατὰ
2558 3268 2741 3337 φύσιν,
2775 3270 2849 3341 μὴ
2880 3271 3095 3342 πρῶτον
3126 3274 3231 3326 τοῦ
3265 3276 3575 3349 ἀνθρώπω
3597 3298 3649 3345 τι·

2068 3356 2293 3426 νομένου
2328 3358 2469 3430 ὑπὲρ
2502 3360 2686 3429 φύσιν.

2139 3446 2239 3518 λη’.
2276 3449 2338 3501 Ei
2374 3449 2450 3521 μὴ
2496 3450 2718 3522 γίνομαι
2765 3453 2924 3508 πάλιν
2966 3455 3105 3527 ὅπερ
3148 3458 3341 3529 ἥμην,
3387 3461 3513 3523 πῶς
3554 3463 3649 3513 ir:

2066 3539 2328 3609 λαμϐάνω
2362 3543 2461 3613 τῆς
2496 3544 2699 3615 ἀρετῆς
2728 3546 2761 3616 ἢ
2803 3547 2904 3617 τῆς
2936 3548 3135 3612 κακίας
3172 3550 3280 3613 τὰς
3309 3551 3578 3623 ἀμοιϐὰς,
3600 3548 3645 3605 ἐξω

2067 3632 2158 3684 ἐπὶ
2185 3631 2278 3685 τοῦ
2310 3634 2575 3705 παρόντος
2602 3636 2703 3689 οὐκ
2725 3636 2942 3708 ἔτυχον;
2979 3640 3040 3692 Εἰ
3068 3641 3181 3712 γὰρ
3218 3644 3280 3694 οὐ
3325 3645 3546 3713 γίνεται
3573 3647 3645 3697 τέι

2066 3724 2276 3795 νεκρῶν
2318 3726 2350 3795 ἡ
2381 3727 2682 3792 ἀνάστασις
2704 3767 2719 3792 ,
2756 3730 2873 3793 πῶς
2902 3730 3001 3784 οὐκ
3033 3732 3263 3786 ἔσονται
3288 3736 3409 3788 ἶσοι
3435 3737 3647 3808 ἀλλήλας

2065 3814 2197 3867 οἵτε
2234 3814 2470 3886 δρῶντες
2500 3818 2624 3882 τοὺς
2657 3822 3028 3891 μαρτυρικοὺς
3060 3822 3289 3891 ἀγῶνας
3326 3829 3432 3880 καὶ
3465 3832 3516 3882 οἱ
3549 3832 3642 3881 {nr

2070 3905 2322 3976 μένοντες
2347 3925 2360 3974 ;
2393 3910 2456 3963 Εἰ
2488 3910 2545 3963 δὲ
2577 3911 2759 3965 ἄδικον
2787 3913 2971 3978 τοῦτο,
3008 3917 3125 3979 πῶς
3153 3918 3263 3970 οὐκ
3291 3920 3495 3973 ἄδικον
3519 3924 3573 3973 τὸ
3598 3924 3647 3989 ξιή

2066 3998 2308 4067 γίνεσθαι
2330 4001 2437 4054 τῶν
2460 4002 2669 4073 νεκρῶν
2698 4005 2797 4076 τὴν
2831 4005 3148 4070 ἀνάστασιν,
3178 4010 3240 4061 ὲν
3352 4014 3499 4084 μόνῃ
3534 4014 3642 4065 ivi:-

2066 4109 2217 4161 χεται
2248 4092 2492 4161 γίνεσθαι
2522 4097 2631 4150 τῶν
2666 4098 3045 4169 πεποιηκότων
3087 4099 3156 4151 τά
3191 4101 3393 4165 ἄδικα,
3446 4108 3539 4156 καὶ
3565 4105 3643 4155 τίς»
3680 4090 3681 4147 ἒ

2066 4185 2562 4259 ὑπομεμενηκότων
2604 4190 2702 4261 τὴν
2735 4190 3032 4264 διάκρισιν,
3069 4192 3219 4246 κατά
3253 4195 3366 4265 τὴν
3415 4195 3643 4267 διαφορῇ
3680 4188 3681 4191 “

2063 4278 2232 4349 τιμῆς
2262 4297 2320 4332 τε
2350 4282 2444 4333 καὶ
2469 4284 2773 4354 τιμωρίας;

2136 4370 2235 4424 λθν.
2270 4372 2335 4425 El
2360 4373 2421 4425 τὸ
2460 4375 2514 4426 τί
2545 4369 2618 4443 ἦν
2647 4375 2675 4427 ὁ
2703 4375 2994 4448 ἄνθρωπος
3023 4375 3119 4429 καὶ
3147 4376 3296 4443 ἐστι,
3352 4380 3477 4444 πῶς
3510 4398 3639 4451 πρῖε

2065 4462 2312 4534 χώρησεν
2332 4465 2617 4520 ἀποθανὼν
2631 4466 2732 4537 τῆς
2753 4468 2848 4521 τοῦ
2864 4468 2997 4521 Θεοῦ
3017 4468 3301 4537 γνώσεως,
3330 4472 3439 4525 οὐκ
3463 4474 3562 4526 ἀπε
3572 4492 3637 4525 ςτ-

384 4572 513 4633 guat
544 4571 600 4617 ut
639 4564 835 4618 iterum
877 4566 954 4620 sit
985 4564 1132 4634 quod
1166 4571 1305 4620 erat.
1340 4563 1475 4617 Nam
1517 4578 1684 4633 opera
1715 4562 1808 4619 Dei
1836 4572 1963 4619 nota

2161 4551 2299 4609 εἶναι
2330 4558 2492 4610 αὐτὸν
2532 4559 2694 4612 πάλιν
2733 4560 2760 4613 ὅ
2796 4555 2884 4631 ἦν.
2921 4561 3002 4613 Τὰ
3047 4560 3157 4633 γὰρ
3196 4562 3345 4634 ἔργα
3382 4565 3478 4618 τοῦ

383 4658 459 4711 illi
501 4668 632 4713 sunt
667 4667 721 4713 et
752 4658 1036 4728 possibilia
1072 4674 1084 4708 :
1118 4667 1213 4712 aut
1246 4658 1294 4713 si
1322 4672 1432 4711 non
1463 4656 1775 4727 possibilia,
1815 4665 1963 4713 certe

384 4763 485 4803 nec
511 4758 660 4803 nuta.

453 4838 543 4892 40.
588 4836 645 4891 Si
669 4838 993 4908 praeclarum
1028 4847 1132 4903 est,
1159 4855 1262 4895 nos
1284 4855 1408 4895 esse
1436 4840 1489 4894 in
1511 4841 1767 4909 prmsenti
1802 4839 1961 4910 547

386 4930 497 4981 vita
538 4932 819 4991 mortales.
873 4933 1194 5001 praeclarius
1245 4940 1451 4997 autem,
1496 4947 1600 4987 nos
1640 4948 1764 4989 esse
1798 4934 1852 4986 in
1878 4932 1962 4986 fu-

386 5028 508 5075 tura
530 5022 869 5080 immortales
889 5067 903 5090 ,
933 5026 1210 5095 quomodo
1232 5025 1528 5081 absurdum
1556 5042 1668 5082 non
1687 5027 1958 5091 estdictu,

384 5115 553 5170 Deum
581 5116 794 5172 ellieere
824 5132 985 5187 posse
1012 5121 1160 5189 quod
1195 5119 1519 5190 prmclarum
1551 5130 1656 5186 est,
1694 5137 1804 5176 non
1830 5137 1959 5177 vero

382 5224 546 5279 posse
570 5208 717 5277 quod
755 5209 1112 5277 praclarius?

454 5297 541 5353 41.
594 5296 652 5352 Si
702 5314 811 5352 non
843 5307 1020 5369 potest
1051 5299 1193 5354 Deus
1224 5302 1454 5356 mortale
1499 5318 1701 5372 corpus
1750 5304 1960 5359 eﬂieere

382 5387 718 5446 immortale:
766 5391 1040 5462 quomodo
1088 5409 1200 5447 non
1249 5394 1352 5448 erit
1408 5410 1555 5450 mors
1585 5394 1696 5451 Deo
1742 5395 1957 5461 fortior,

379 5482 475 5553 Qui
512 5484 675 5538 morti
721 5485 932 5555 eripere
976 5500 1087 5539 non
1126 5487 1321 5555 possit,
1370 5502 1510 5556 quos
1549 5487 1641 5542 illa
1678 5489 1782 5544 sibi
1829 5490 1962 5546 sub-

378 5575 545 5644 jecit?

484 5667 539 5722 2.
574 5667 631 5722 Si
663 5667 804 5723 Deus
835 5672 1074 5740 potentia
1105 5671 1364 5741 prteditus
1397 5680 1480 5727 est
1511 5680 1847 5726 mortuorum
1880 5673 1962 5728 vi-

2067 4647 2283 4715 γνωστὰ
2316 4649 2465 4719 αὐτῷ
2496 4652 2591 4703 καὶ
2631 4650 2863 4704 δυνατά’
2913 4652 3007 4705 καὶ
3047 4654 3097 4705 εἰ
3139 4654 3218 4725 μὴ
3248 4654 3465 4709 δυνατὰ
3500 4657 3635 4724 αὖτέ.

2066 4738 2187 4791 οὐδὲ
2217 4740 2434 4809 γνωστὰ
2470 4742 2636 4813 αὐτῷ.

2140 4840 2211 4903 μ’.
2264 4835 2327 4887 Εἰ
2376 4834 2541 4887 καλὸν
2573 4835 2671 4906 μὲν
2702 4834 2763 4887 τὸ
2813 4832 2953 4888 εἶναι
3002 4837 3150 4905 ἡμᾶς
3189 4837 3255 4889 ἐν
3300 4838 3387 4907 τῷ
3442 4840 3633 4908 31967:

2068 4924 2316 4996 θνητοὺς,
2345 4925 2564 4981 κάλλιον
2595 4926 2650 4979 δὲ
2680 4925 2741 4978 τὸ
2770 4921 2909 4978 εἶναι
2942 4928 3093 4997 ἡμᾶς
3126 4926 3453 4991 ἀθανάτους
3495 4932 3546 4981 ἐν
3581 4928 3631 4993 εἷς

2072 5016 2345 5087 μέλλοντι·
2380 5017 2498 5081 πῶς
2526 5018 2628 5071 οὐκ
2662 5017 2807 5070 ἐστιν
2839 5019 3038 5072 ἄτοπον
3076 5017 3139 5069 τὸ
3176 5017 3373 5087 λέγειν
3405 5022 3496 5073 τὸν
3534 5020 3633 5070 θές

2067 5110 2288 5164 δυνατὸν
2338 5111 2435 5181 μὲν
2482 5112 2618 5183 πρὸς
2658 5112 2877 5181 ποίησιν
2918 5108 3013 5165 τοῦ
3055 5110 3251 5176 καλοῦ,
3307 5113 3565 5165 ἀδύνατον
3594 5111 3631 5162 ἐξ

2067 5203 2204 5273 πρὸς
2237 5203 2454 5275 ποίησιν
2477 5203 2571 5256 τοῦ
2598 5203 2875 5267 καλλίονος
2897 5222 2911 5270 ;

2140 5299 2248 5363 μα’.
2288 5295 2349 5347 Εἰ
2380 5294 2636 5349 ἀδύνατον
2667 5295 2746 5365 τῷ
2771 5295 2890 5366 Θεῷ
2918 5294 2981 5348 τὸ
3006 5293 3198 5366 θνητὸν
3238 5297 3414 5367 σῶμα
3450 5296 3633 5365 ποιῆπι

2068 5385 2354 5451 ἀθάνατον,
2388 5388 2504 5451 πῶς
2537 5390 2635 5442 οὐκ
2662 5388 2811 5442 ἔσται
2854 5391 2884 5441 ὁ
2916 5388 3147 5451 θάνατος
3178 5391 3535 5461 ἰσχυρότερος

2064 5480 2221 5545 θεοῦ,
2270 5481 2330 5546 ἐξ
2362 5481 2523 5536 αὑτοῦ
2560 5482 2637 5554 μὴ
2667 5481 2961 5554 δυναμένου
3012 5480 3287 5553 ῥύσασθαι
3340 5486 3473 5549 τοὺς
3522 5480 3633 5547 3.1:}

2068 5575 2459 5647 ὑποκειμένους
2479 5592 2494 5639 ;

2140 5668 2248 5739 με’,
2278 5669 2340 5720 Εἰ
2368 5671 2396 5722 ὁ
2422 5667 2556 5734 Θεὸς
2591 5667 2703 5739 ἔχει
2728 5668 2955 5743 δύναμιν
2989 5669 3408 5744 ζωοποιητικὴν
3446 5672 3545 5727 τῶν
3571 5685 3633 5723 re

462 5824 571 5893 (46)
609 5823 727 5895 Τὴν
748 5830 1011 5898 ποίησιν.
1060 5828 1203 5886 Idem
1229 5832 1356 5905 legit
1406 5832 1503 5904 τὴν
1549 5831 1821 5903 βούλησιν,
1856 5832 1949 5889 sed

2150 5846 2331 5887 causa.
