3690 6496
32 416 115 469 »ῑ9
718 423 1167 484 CONFUTATIO
1201 427 1645 495 QUORUMDAM
1679 432 2138 493 ARISTOTELIS
2170 437 2577 498 DOGMATUM.

3159 449 3302 504 1490

31 530 148 593 μῶν,
182 531 323 598 πῶς
364 536 480 591 οὐκ
527 538 663 593 εἰσιν
708 541 1003 614 ἐπιτήδειοι
1048 544 1181 616 πρὸς
1230 546 1524 601 ἀνάστασιν
1570 568 1595 602 ο

1764 553 2045 613 ilieatrice;
2069 558 2341 627 quomodo
2370 566 2715 630 resurgentes
2746 560 2815 614 ad
2844 563 3301 619 resurrectionem

35 625 404 695 ιστάμενοι;
466 630 560 683 τοῦ
589 631 724 685 Θεοῦ
756 634 812 686 δὲ
847 635 984 707 πρὸς
1013 634 1075 689 τὸ
1120 637 1344 709 ἀνιστᾷν
1383 640 1509 703 τοὺς
1542 658 1619 693 νε-

31 716 143 780 nit;
209 718 480 774 δυνατοῦ
540 724 895 797 ὑπάρχοντος,
946 729 1037 781 καὶ
1088 728 1195 781 τῶν
1247 730 1619 800 ἀνισταμένων

31 810 333 881 τιτηδείων
376 814 527 886 πρὸς
565 818 626 870 τὸ
669 820 989 874 ἀνίστασθαι
1041 822 1412 893 ὑπαρχόντων,
1460 823 1618 879 ποίαν

32 920 91 973 ρει
141 904 361 977 χώραν
420 912 460 981 ἡ
508 913 736 967 ἀπιστία
784 914 894 968 τῶν
939 916 1311 971 ἀπιστούντων
1341 918 1439 990 τὴν
1483 921 1615 975 ἀνά-

31 1013 176 1049 τασιν
199 1012 216 1061 ;

32 1095 151 1158 μγ’.
206 1088 286 1142 Εἰ
345 1091 461 1145 τοῦ
495 1090 750 1149 εἶναικαὶ
780 1095 874 1149 τοῦ
913 1096 987 1168 μὴ
1012 1091 1151 1150 εἶναι
1188 1099 1335 1169 ἡμᾶς
1365 1098 1613 1164 δεσπόζει

31 1180 130 1243 aeq,
163 1181 302 1247 πῶς
339 1184 461 1239 οὐκ
507 1187 660 1241 ἔσται
694 1187 803 1241 ἀπὸ
847 1189 946 1259 τῆς
994 1190 1167 1261 αὐτῆς
1218 1191 1382 1245 αὐτοῦ
1416 1193 1612 1247 δεσπο-

35 1272 123 1336 ίας
151 1273 221 1326 τὸ
245 1275 525 1343 γίνεσθαι
570 1281 720 1351 ἡμᾶς
754 1280 1087 1346 ἀθανάτους;
1115 1283 1177 1335 Ei
1201 1282 1257 1335 δὲ
1277 1284 1338 1337 τὸ
1363 1286 1612 1354 γενέσθαι

32 1366 125 1428 ιᾶς
175 1365 543 1436 ἀθανάτους,
593 1372 790 1438 ἔξωθεν
832 1373 932 1443 τῆς
967 1373 1061 1427 τοῦ
1113 1374 1248 1428 Θεοῦ
1299 1375 1612 1444 δεσποτείας

31 1456 331 1612 ιθὲἒηκε,
378 1462 506 1527 πῶς
538 1465 638 1517 οὐκ
656 1465 811 1519 ἔσται
835 1466 967 1531 Θεὸς
985 1467 1079 1520 τοῦ
1116 1468 1189 1539 μὴ
1218 1464 1355 1524 εἶναι
1372 1472 1518 1542 ἡμᾶς
1537 1472 1611 1545 μὴ

38 1564 116 1600 σπ
159 1548 317 1612 ’ων;

38 1564 275 1612 σποςων
296 1567 317 1615 ;

49 1640 157 1709 μδ⁹.
191 1642 262 1694 Ei
307 1644 385 1714 ἢν
422 1643 607 1715 ἔχουσι
633 1645 793 1715 φύσιν
825 1648 895 1702 τά
925 1649 1165 1705 ἀθάνατα
1195 1654 1285 1706 κα)⁸
1316 1652 1385 1707 τὰ
1418 1654 1606 1727 θνητὰ,

31 1752 42 1787 ι
66 1735 172 1805 τῆς
202 1735 309 1790 τοῦ
354 1737 507 1792 Θεοῦ
541 1740 722 1811 έχουσι
748 1742 1071 1815 βουλήσεως,
1098 1746 1225 1813 πῶς,
1246 1748 1348 1801 οὐκ
1372 1748 1487 1801 ἔστι
1518 1748 1611 1801 δυ-

31 1828 139 1880 ιτὸν
163 1828 230 1881 τὸ
254 1828 703 1895 ἀθανατίζεσθαι
726 1836 854 1899 τοὺς
883 1838 1109 1909 νεκροὺς
1140 1838 1488 1912 βουληθέντος
1512 1840 1606 1895 τοῦ

31 1937 117 1972 εου
142 1937 159 1987 ;

49 2020 154 2083 με’.
188 2009 302 2068 Ὧν
335 2015 419 2069 τὰ
451 2016 819 2091 ἀνθιστάμενα
849 2020 1085 2087 ἀσθενεῖ,
1112 2023 1318 2077 τούτων
1345 2026 1378 2096 ἡ
1414 2024 1604 2080 σύστα-

1726 648 1864 716 rapti
1891 664 1997 703 non
2030 652 2191 703 sunt?
2218 650 2388 706 Porro
2406 668 2528 707 cum
2565 653 2708 709 Deus
2729 652 2795 707 ad
2809 655 3130 709 excitandos
3157 672 3301 709 mor-

1722 745 1845 794 tuos
1880 751 2091 810 potens,
2123 752 2175 796 et
2208 753 2554 815 resurgentes
2600 744 2668 800 ad
2706 747 3103 817 resurgendum
3134 764 3301 817 appo-

1720 832 1811 886 siti
1853 835 1995 892 sint:
2025 836 2155 905 quid
2195 837 2359 891 habet
2398 840 2500 895 loci
2539 855 2728 894 eorum
2764 839 3141 906 incredulitas,
3205 841 3300 911 qui

1719 928 2177 983 resurrectionem
2209 945 2317 985 non
2347 930 2617 985 credunt?

1782 1103 1872 1159 45.
1912 1103 1967 1158 Si
2002 1120 2170 1175 penes
2211 1104 2379 1161 Deum
2408 1106 2573 1162 situm
2626 1114 2733 1168 est,
2782 1112 2839 1161 ut
2887 1104 3060 1161 simus
3093 1110 3147 1157 et
3188 1118 3295 1158 non

1714 1196 1911 1259 simus,
1960 1199 2235 1267 quomodo
2287 1214 2455 1268 penes
2511 1214 2635 1254 eum
2690 1200 2853 1254 situm
2911 1213 3020 1251 non
3062 1196 3189 1259 erit,
3238 1201 3297 1247 ut

1716 1288 1888 1344 simus
1918 1288 2293 1344 immortales?
2326 1289 2422 1344 Sin
2451 1296 2509 1344 ut
2561 1290 2734 1345 simus
2776 1288 3112 1344 immortales
3140 1295 3297 1343 extra

1714 1377 1809 1434 Dei
1840 1388 2163 1450 potestatem
2206 1382 2369 1437 situm
2415 1389 2501 1438 est
2525 1425 2539 1449 ,
2570 1381 2847 1453 quomodo
2876 1396 2985 1436 non
3016 1379 3159 1436 Deus
3194 1380 3295 1433 mi-

1713 1472 1859 1528 nimc
1891 1472 2147 1531 dominus
2176 1474 2301 1539 erit,
2340 1483 2400 1528 ut
2432 1489 2542 1528 non
2579 1474 2793 1529 simus?

1782 1653 1871 1708 44.
1906 1652 1985 1717 Si,
2022 1668 2187 1722 quam
2221 1653 2424 1709 habent
2457 1654 2784 1709 immortalia
2824 1664 2878 1709 et
2910 1652 3159 1707 mortalia
3189 1666 3292 1705 na-

1711 1754 1914 1811 turam,
1946 1762 2067 1802 eam
2085 1762 2152 1801 ex
2168 1746 2446 1802 voluntate
2475 1745 2571 1802 Dei
2606 1747 2841 1803 habent:
2876 1744 3150 1816 quomodo
3176 1741 3293 1797 ﬁeri

1710 1853 1819 1893 non
1870 1838 2046 1909 possit
2094 1847 2153 1894 ut
2206 1839 2407 1894 mortui
2463 1840 2801 1895 immortales
2850 1838 3002 1899 ﬁant,
3053 1835 3164 1891 Deo
3200 1850 3295 1889 vo-

1641 1930 1682 1985 B
1712 1930 1889 1985 lente?

1777 2022 1867 2077 45.
1917 2021 2128 2089 Quibus
2170 2031 2523 2093 opponuntur
2584 2023 2820 2083 intirtna,
2863 2034 3054 2075 eorum
3112 2017 3292 2073 valida

1706 2115 2058 2170 asseveratio.
2092 2112 2198 2170 Sed
2238 2117 2283 2170 si
2312 2116 2458 2170 omni
2493 2113 2845 2185 impugnandi
2886 2112 3047 2167 modo
3075 2118 3293 2167 utentes

1703 2205 1879 2262 Graeci
1937 2207 2004 2262 ad
2058 2208 2406 2264 evertendam
2474 2207 2895 2262 resurrectionis
2944 2205 3285 2263 doctrinam,

1703 2309 1948 2355 evertere
1975 2300 2121 2355 illam
2153 2317 2261 2357 non
2290 2302 2601 2364 valuerunt,
2645 2300 2773 2370 quia
2804 2298 2919 2362 Dei,
2964 2297 3059 2369 qui
3107 2310 3289 2351 resur-

1705 2393 2002 2449 rectionem
2039 2392 2191 2458 facit,
2226 2400 2496 2465 potestate
2531 2395 2862 2449 inconcussa
2897 2392 2953 2446 in
2988 2390 3155 2445 variis
3199 2404 3291 2458 op-

1705 2487 2129 2556 pugnationibus
2158 2496 2372 2542 servata
2407 2496 2491 2541 est
2516 2505 2530 2541 ε
2562 2502 2660 2540 cur
2682 2484 3020 2540 incredibilis
3050 2483 3121 2539 sit
3145 2497 3289 2539 mor-

1704 2585 1921 2632 tuorum
1951 2580 2307 2643 resurrectio,
2333 2594 2457 2633 cum
2492 2579 2765 2639 doctrina,
2800 2593 2922 2648 quae
2952 2577 3098 2630 illam
3130 2589 3288 2629 asse-

1702 2672 1794 2735 rit,
1823 2686 1923 2726 ncc
1956 2672 2208 2728 manibus
2233 2688 2331 2728 nec
2355 2673 2536 2741 lingua
2571 2686 2841 2726 concussa
2879 2668 3082 2725 fuerit?

31 2124 66 2169 ,ς
104 2105 335 2176 βεϐαία.
389 2110 539 2163 Ἀλλ’
571 2113 640 2175 εί,
696 2115 859 2167 παντὶ
906 2114 1271 2181 ἀντιστάσεως
1297 2117 1485 2189 τρόπῳ
1508 2135 1601 2172 κε-

31 2198 253 2268 οημένοι
288 2202 345 2254 οἱ
389 2202 657 2274 ’Έλληνες
691 2204 829 2276 πρὸς
870 2206 1147 2279 ἀναίρεσιν
1187 2208 1282 2262 τοῦ
1331 2208 1433 2279 τῆς
1468 2210 1600 2263 ἀνα-

31 2294 234 2357 τάσεως
268 2295 583 2367 δόγματος,
629 2299 870 2370 ἀναιρεῖν
902 2299 1059 2353 τοῦτο
1109 2300 1208 2355 οὐκ
1254 2300 1499 2372 ἴσχυσαν,
1534 2308 1600 2375 τῇ

31 2386 77 2437 r3
108 2386 413 2453 ποιοῦντος
449 2388 550 2460 τὴν
580 2389 875 2446 ἀνάστασιν
900 2391 1036 2446 Θεοῦ
1062 2391 1285 2464 δυνάμει
1308 2394 1601 2449 ἀσάλευτον

31 2495 45 2528 δ
92 2481 216 2544 ταῖς
264 2479 650 2552 πολυτρόποις
689 2484 1035 2539 ἀντιστάσεσι
1092 2486 1494 2558 φυλαττόμενον
1540 2488 1601 2541 τὸ

32 2568 194 2639 intr
231 2570 387 2624 κατά
433 2572 487 2624 τί
541 2572 769 2638 ἄπιστος
823 2574 932 2629 τῶν
962 2576 1171 2647 νεκρῶν
1219 2579 1251 2648 ἡ
1289 2578 1597 2643 ἀνάστασις,

31 2659 80 2711 οῦ
114 2662 249 2733 περὶ
272 2661 495 2733 ταύτης
520 2663 791 2735 δόγματος
822 2668 957 2737 μήτε
984 2668 1089 2721 ὑπὸ
1108 2668 1305 2739 χειρῶν
1336 2670 1473 2741 μήτε
1496 2670 1601 2723 ὑπὸ

32 2751 241 2825 λὼσσης
268 2754 648 2826 σαλευομένου
675 2774 690 2821 ;

66 2851 176 2915 μς.
213 2846 280 2898 Εἰ
320 2846 590 2918 μέγιστόν
620 2850 736 2902 ἐστι
767 2849 969 2921 δεῖγμα
990 2851 1089 2921 τῆς
1116 2850 1210 2905 τοῦ
1236 2852 1370 2907 Θεοῦ
1391 2854 1597 2926 ἀηττή-

32 2955 84 2990 uo
117 2940 211 2992 καὶ
243 2941 678 3013 ἀπεριγράπτου
721 2943 1002 3015 δυνάμεως
1046 2945 1106 2999 τὸ
1144 2942 1283 3001 εἶναι
1319 2947 1427 3019 (47)
1459 2948 1597 3002 πάν-

32 3049 98 3083 ων
143 3032 254 3086 τῶν
295 3034 615 3107 ἀνθρώπων
660 3036 878 3101 ζώντων
910 3056 969 3091 τε
1004 3040 1097 3092 καὶ
1148 3039 1357 3110 νεκρῶν
1407 3040 1506 3104 τάς
1537 3059 1596 3094 τε

1775 2850 1865 2905 46.
1904 2847 1961 2903 Si
2002 2849 2301 2904 maximum
2344 2856 2431 2904 est
2476 2847 2568 2904 Dei
2603 2845 2994 2916 insuperabilis
3036 2852 3091 2898 et
3122 2842 3289 2898 incir-

1703 2944 2053 3013 cumscripta:
2087 2943 2342 3014 potentia:
2370 2942 2611 3012 signum,
2645 2939 2793 3011 quod
2829 2938 3075 2993 omnium
3107 2936 3277 2990 homi-

1702 3052 1855 3102 num,
1887 3037 2133 3092 vivorum
2157 3044 2211 3091 et
2238 3042 2601 3097 mortuorum,
2640 3032 2787 3087 norit
2818 3030 3022 3086 formas
3042 3034 3096 3084 et
3125 3029 3292 3083 actio-

31 3122 142 3186 δέας
174 3124 269 3177 καὶ
302 3124 409 3190 τὰς
445 3126 676 3198 πράξεις
707 3128 917 3197 ἀγαθάς
953 3146 1012 3181 τε
1051 3131 1144 3182 καὶ
1176 3130 1415 3198 φαύλας·
1479 3131 1595 3197 πῶς

1764 3148 1800 3187 es
1821 3132 1996 3187 bonas
2026 3137 2081 3185 et
2104 3130 2306 3194 malas,
2333 3126 2608 3197 quomodo
2645 3132 2987 3180 mortuorum
3035 3136 3288 3178 resurre-

32 3215 91 3266 ύκ
123 3214 237 3269 ἐστι
270 3216 388 3272 τῶν
420 3218 636 3291 νεκρῶν
668 3220 701 3291 ἡ
735 3220 1031 3286 ἀνάστασις
1063 3221 1337 3289 ἀπόδειξις
1364 3223 1463 3294 τῆς
1498 3221 1592 3276 τοῦ

1764 3226 1830 3289 io,
1860 3223 1953 3279 Dei
1994 3221 2488 3290 incircumscriptze
2529 3217 2786 3290 potentiae
2822 3224 2876 3271 et
2907 3214 3149 3273 scientia:
3192 3212 3289 3268 de-

32 3306 128 3359 ieci
148 3308 577 3381 ἀπεριγράπτου
616 3312 898 3383 δυνάμεώς
928 3330 988 3366 τε
1020 3316 1115 3367 καὶ
1141 3312 1414 3383 γνώσεως,
1443 3308 1594 3388 δι’ἧς

1764 3318 2025 3373 onstratio
2072 3332 2181 3371 non
2230 3323 2335 3379 est,
2392 3329 2487 3386 per
2517 3328 2685 3385 quam
2717 3311 2899 3367 denuo
2934 3317 2994 3365 ut
3037 3309 3289 3365 homines

37 3401 78 3463 ἒς
104 3401 161 3454 τὸ
188 3399 327 3458 εἶναι
366 3406 535 3460 πάλιν
562 3406 902 3481 ἀποκαθιστᾷ
926 3410 1051 3474 τοὺς
1072 3408 1421 3481 ἀνθρώπους;
1457 3410 1594 3465 Ἀλλ’

1764 3418 1836 3474 nt,
1867 3409 2143 3465 restituit?
2191 3408 2259 3462 At
2302 3408 2347 3462 si
2402 3423 2492 3463 res
2543 3407 2619 3460 ita
2662 3420 2722 3460 se
2775 3403 2977 3459 liabet:
3012 3401 3289 3472 quomodo

40 3489 253 3560 ξτοῦτο,
303 3498 429 3563 πῶς
471 3501 572 3553 οὐκ
618 3499 772 3554 ἔσται
818 3501 1137 3575 ἀποστερῶν
1168 3502 1260 3556 τὸν
1312 3502 1445 3556 Θεὸν
1497 3503 1595 3573 τῆς

1764 3520 1869 3559 tum
1908 3501 2377 3559 demonstratione
2411 3498 2679 3569 ejusmodi
2713 3512 2822 3552 non
2855 3494 3166 3559 deiraudat,
3192 3494 3286 3565 qui

34 3586 249 3660 animi;
278 3590 621 3660 ἀποδείξεως
660 3597 689 3649 ὁ
720 3594 1041 3667 ἀποστερῶν
1072 3595 1197 3661 τοὺς
1230 3596 1455 3667 νεκροὺς
1497 3597 1595 3667 τῆς

1764 3595 2103 3652 surrectionc
2134 3602 2380 3647 mortuos
2411 3590 2737 3646 defraudat?

33 3682 349 3749 ιναστάσεως
370 3702 387 3750 ;

79 3775 177 3842 με’.
209 3775 272 3828 Et
304 3776 632 3843 ἐλπίσαντες
662 3779 918 3851 ’Έλληνες
967 3779 1210 3850 ἀναιρεῖν
1259 3777 1347 3832 διά
1375 3778 1473 3849 τῆς
1514 3780 1594 3831 οἰ-

33 3863 155 3928 ιεὶας
205 3869 581 3935 ἀντιστάσεως
612 3871 673 3925 τὸ
708 3872 838 3943 περὶ
878 3870 981 3941 τῆς
1003 3871 1353 3935 ἀναστάσεως
1395 3870 1592 3942 δόγμα,

33 3951 269 4026 ὶπέτυχον
301 3957 408 4029 τῆς
444 3958 680 4024 ἐλπίδος,
728 3961 844 4026 πῶς
890 3962 990 4015 ούκ
1038 3961 1248 4015 ἔσονται
1280 3962 1595 4032 ἀποτυγχά-

33 4060 181 4109 ιοντες
228 4048 391 4103 πάλιν
422 4051 523 4115 τῆς
555 4052 789 4117 ἐλπίδος,
826 4050 1137 4118 ἐλπίζοντες
1184 4052 1344 4107 πάλιν
1374 4054 1448 4125 μὴ
1474 4054 1592 4107 ἐπ’

33 4133 131 4187 σθαι
162 4138 268 4193 τῶν
300 4142 518 4215 νεκρῶν
550 4144 651 4217 τὴν
683 4146 1013 4212 ἀνάστασιν;

88 4235 189 4298 μη’.
238 4232 439 4307 Ἐχρῆν
478 4237 605 4299 τοὺς
655 4237 941 4308 Ἕλληνας,
987 4240 1400 4309 μαχεσαμένους
1455 4240 1597 4295 κατά

1770 3772 1859 3826 47.
1900 3769 1957 3824 Si
1999 3770 2196 3835 Graeci,
2246 3772 2376 3825 dum
2413 3777 2639 3841 sperant
2687 3783 2747 3824 se
2797 3765 3134 3837 argumentis
3166 3760 3288 3819 suis

1700 3864 2124 3919 resurrectionis
2147 3864 2454 3917 doctrinam
2481 3876 2795 3926 eversuros,
2817 3874 2914 3931 spe
2935 3858 3249 3914 exciderunt
3268 3900 3282 3922 ,

1698 3958 1976 4027 quomodo
2010 3973 2120 4012 non
2154 3972 2373 4012 rursum
2410 3971 2507 4027 5pc
2550 3957 2825 4017 excident,
2882 3953 3013 4007 dum
3064 3966 3284 4007 rursum

1699 4058 1922 4121 sperant
1950 4051 2153 4105 nullam
2189 4050 2304 4105 fore
2324 4060 2665 4103 mortuorum
2685 4046 3182 4103 resurrectionem?

1768 4237 1860 4292 48.
1895 4234 2192 4306 Oportebat
2239 4244 2297 4287 ut
2334 4231 2533 4297 Grmci,
2566 4231 2695 4286 dum
2730 4226 3152 4284 resurrectionis
3185 4224 3285 4279 do-

33 4315 106 4369 τοῦ
138 4323 259 4393 περὶ
306 4324 410 4395 τῆς
445 4326 795 4393 ἀναστάσεως
826 4329 1111 4401 δόγματος,
1146 4330 1179 4400 ἦ
1232 4331 1306 4401 μὴ
1331 4332 1594 4401 ἡττᾶσθαι

1764 4329 1931 4383 rinam
1965 4335 2305 4399 oppugnant,
2342 4327 2426 4381 vel
2459 4341 2568 4380 non
2598 4324 2954 4379 vincerentur
2986 4320 3039 4373 in
3077 4333 3281 4390 pugna,

35 4408 77 4459 ὲν
98 4415 159 4483 τῇ
184 4416 350 4489 μάχῃ,
376 4419 436 4490 ἢ,
465 4419 819 4490 ἡττηθέντας,
851 4424 923 4496 μὴ
951 4423 1199 4475 ἀπιστεῖν
1229 4422 1327 4493 τὴν
1358 4423 1594 4478 ἀνάστα-

1767 4422 1933 4475 lvicti
1967 4420 2423 4477 resurrectionem
2460 4434 2567 4473 non
2600 4418 2918 4487 rejtcerent;
2958 4413 3042 4467 sin
3076 4411 3281 4469 minus,

36 4515 119 4554 σιν.
153 4504 211 4557 ΕΞ
238 4507 295 4560 δὲ
330 4512 405 4582 μή
433 4511 682 4577 γε,ἔσται
721 4513 901 4566 αὐτῶν
932 4516 965 4585 ἡ
1002 4513 1191 4585 πρώτη
1238 4517 1595 4585 ματαιοπονία

1764 4514 1856 4568 imi
1885 4528 2074 4569 eorum
2096 4511 2549 4567 laborisinanitas
2579 4516 2960 4580 argumentum
2990 4512 3281 4561 esteorum

35 4589 223 4665 ἔλεγχος,
256 4601 354 4672 τῆς
378 4602 576 4672 ἀλόγου
611 4604 789 4657 αὐτῶν
818 4605 1091 4670 ἀπιστίας.

1764 4606 2101 4662 credulitatis
2139 4621 2170 4658 a
2203 4605 2415 4659 ratione
2444 4604 2653 4658 alien-.c.

93 4751 197 4817 (47)
231 4758 296 4809 Τὸ
328 4755 504 4815 εἶναι.
531 4760 844 4832 Legendum
875 4762 1088 4817 videtur
1104 4762 1163 4815 τὸ
1190 4761 1408 4827 εἰδέναι,
1435 4770 1595 4832 atque

1764 4760 1952 4831 egebat
1984 4758 2221 4830 Langus.

48 4896 3110 4937 Ἥκω
2998 4924 3021 4932 -
3050 4905 3281 4932 ...ηπ-ἐδ

1293 5032 1999 5128 ADMONITIO

676 5224 747 5284 In
783 5222 1308 5285 Confutationem
1339 5222 1768 5302 quorumdam
1802 5221 2170 5283 Aristotelis
2204 5224 2611 5300 Dogmatum.

107 5447 253 5523 548
283 5453 400 5528 Non
425 5458 579 5526 longa
609 5474 737 5522 opus
765 5467 841 5512 est
872 5459 1133 5521 oratione,
1174 5470 1228 5511 ιιι
1260 5460 1355 5513 hoc
1383 5476 1510 5528 opus
1536 5462 1700 5516 cidem
1735 5461 1981 5528 scriptori
2017 5458 2380 5528 adjudiretur,
2408 5460 2491 5510 mi
2514 5460 2808 5525 superiores
2847 5468 2953 5510 tum
2989 5457 3057 5510 nd
3105 5447 3278 5511 ortho-

46 5516 317 5599 {insumunt
339 5516 761 5581 Christianorum
790 5529 858 5581 ad
887 5528 1121 5591 Crwcos,
1144 5539 1189 5583 et
1217 5516 1519 5584 (ira'coi'um
1554 5535 1623 5585 ad
1652 5516 1984 5585 Christianos
2015 5516 2326 5598 qttit'sliones
2353 5516 2649 5582 tribuimus.
2675 5527 2819 5581 Idem
2850 5543 3064 5595 prorsus
3089 5531 3279 5596 aly/us,

52 5588 513 5672 intemnominntitji,
550 5601 655 5653 sive
683 5601 969 5672 accusativi
1001 5588 1257 5672 absoluti,
1285 5612 1339 5653 ut
1370 5602 1539 5656 ridere
1567 5612 1643 5657 est
1675 5621 1727 5656 lt.
1758 5603 1813 5665 2,
1843 5602 1934 5664 ‘28,
1966 5588 2059 5665 45,
2092 5602 2181 5664 57,
2215 5617 2277 5655 uc
2310 5601 2460 5655 initio
2498 5588 2862 5667 l’ru‘faliom'ti;
2884 5599 3065 5653 eadem
3094 5588 3279 5667 άίὶεριιὲ

54 5661 179 5738 luridi
206 5668 336 5738 ratio
368 5671 417 5721 in
447 5670 526 5723 Itis
564 5670 803 5723 omnibus
826 5671 1037 5738 scriptis
1070 5688 1130 5723 ac
1149 5671 1341 5724 cit-dem
1376 5676 1664 5728 sententiw.

115 5727 170 5807 in
200 5733 529 5812 Ermfatione,
554 5727 1005 5812 quwrdogmatiun
1030 5741 1486 5795 Aristotclicormn
1519 5743 1870 5812 confutationi
1889 5743 2111 5812 prwﬁa'a
2137 5752 2210 5795 csl
2242 5742 2498 5793 miracula
2522 5748 2770 5812 comntur
2807 5758 2824 5788 ι
2847 5740 3021 5792 divina
3045 5756 3222 5808 opera.
3257 5760 3273 5789 ι

130 5801 540 5884 itlﬂcnionsione
563 5801 630 5863 iui
660 5801 863 5884 Quaist.
895 5812 1015 5884 μ)οί
1043 5812 1345 5884 Uri/tedam.
1395 5816 1525 5879 thr
1562 5801 1628 5868 de.
1662 5816 1865 5884 generis
1889 5801 2145 5881 'cujiisque
2178 5812 2501 5880 principibus
2542 5810 2732 5884 ibidem
2764 5812 3032 5872 dicuntur,
3076 5801 3277 5865 similia

57 5879 156 5921 sunt
184 5879 241 5927 iis
267 5894 375 5948 qua:
406 5883 455 5936 in
482 5882 632 5951 Resp.
664 5882 731 5934 ad
764 5882 964 5950 Qua’st.
994 5883 1057 5938 44
1115 5882 1407 5938 Ott/milex.
1442 5879 1709 5940 habemus.
1765 5879 1961 5942 Cwlmn
1994 5893 2042 5938 cl
2069 5879 2295 5938 (wlcstia
2332 5880 2761 5951 im‘urrnplibiliu
2792 5897 2902 5937 esse
2924 5883 3069 5937 dat-ct
3100 5882 3278 5937 eodem
