3662 6480
52 421 172 475 1493

716 411 1159 472 CONFUTATIO
1197 411 1641 479 QCORUMDADI
1679 408 2135 467 ARISTOTELIS
2170 407 2575 465 DOGMATUM.

3144 404 3281 466 ΗΜ

50 538 154 600 σίας
204 534 408 607 τρόπον
452 534 743 604 ἀγέννητος
793 532 899 584 ὤν·
946 531 1079 583 Θεὸν
1124 530 1179 583 δὲ
1228 526 1399 599 (49)ἦ
1442 529 1574 581 Θεοὺ

1757 530 1946 584 ;sentia
1995 528 2295 596 corrumpi,
2348 543 2447 582 nee.
2505 526 2749 595 operatio
2785 526 3118 597 interpellari
3182 543 3279 596 po—

46 629 153 681 οὖτε
182 628 289 698 πρὸ
317 626 513 687 αὑτοῦ,
540 625 662 679 οὔτε
695 623 812 696 μεθ’
850 623 1012 676 αὐτόν
1040 621 1307 692 ἐσχηκὼς,
1341 621 1606 674 συναῒδιον

46 722 132 773 οὐκ
158 719 296 789 ἔχων
321 718 446 772 οὒτε
468 718 825 787 ὑποκείμενον
846 714 967 768 οὔτε
985 714 1378 783 ἀντικείμενον,
1397 712 1606 782 ἄφθαρ-

47 830 123 865 τον
150 813 289 882 ἔχων
318 812 419 883 τὴν
447 812 653 874 οὐσίαν,
712 810 803 863 καὶ
854 806 1243 878 ἀνεμπόδιστον
1298 805 1394 876 τὴν
1454 804 1607 874 ἐνέρ-

46 921 204 971 γειαν,
249 902 586 974 δημιουργὸς
628 900 704 954 ὢν
752 901 846 954 τοῦ
902 900 1107 970 κόσμου
1159 897 1380 960 παντὸς,
1435 896 1607 967 ἀρχὴν

46 999 239 1067 ἔχοντος
272 995 373 1049 τοῦ
403 995 567 1056 εἶναι,
597 994 689 1047 καὶ
715 993 808 1046 τοῦ
837 994 890 1045 τὶ
919 986 1079 1055 εἶναι,
1108 992 1201 1045 καὶ
1230 990 1323 1043 τοῦ
1355 989 1471 1052 πῶς
1494 989 1608 1042 δια-

46 1089 231 1156 μένειν,
280 1087 385 1159 τὴν
440 1088 645 1141 ἐκείνου
686 1085 921 1155 θέλησιν.
959 1084 1029 1137 Ἦ
1075 1082 1184 1154 γάρ
1225 1083 1281 1134 ὲν
1328 1081 1607 1152 ἀφθαρσίᾳ

39 1180 269 1251 διαμένει
299 1180 371 1233 τὰ
401 1180 540 1253 μέρη
571 1178 665 1232 τοῦ
696 1178 921 1249 κόσμου,
950 1176 1025 1240 ώς
1065 1178 1094 1229 ό
1122 1175 1347 1247 οὐρανὸς
1393 1173 1489 1228 καὶ
1538 1172 1608 1226 τὰ

42 1272 251 1343 οὺράνια
291 1271 524 1343 σώματα
546 1271 676 1341 (50),
711 1270 805 1322 καὶ
838 1270 894 1321 ai
916 1268 1132 1338 ἀόρατοι
1171 1265 1444 1336 δυνάμεις·
1480 1264 1513 1335 ἢ
1547 1265 1605 1317 ὲν

40 1365 106 1435 τῷ
135 1364 384 1433 γίνεσθαί
423 1381 481 1416 τε
514 1364 607 1416 καὶ
650 1360 989 1433 φθείρεσθαι,
1029 1358 1104 1422 ώς
1132 1358 1200 1411 τὰ
1228 1358 1319 1410 ἐπὶ
1358 1356 1463 1426 γῆς
1492 1355 1609 1420 ζ’ῶά

41 1476 87 1509 τε
116 1458 204 1510 καὶ
233 1457 401 1526 φυτά.
442 1458 550 1510 Καὶ
586 1454 775 1526 ὥσπερ
805 1454 867 1507 τὸ
898 1453 1117 1522 γεγονὸς
1149 1452 1249 1505 οὐκ
1281 1450 1347 1504 ἂν
1393 1449 1608 1519 ἐγένετο

44 1549 105 1619 μὴ
131 1547 343 1601 ἐκείνου
390 1547 814 1619 προστάξαντος,
856 1544 1160 1615 γενηθήτω
1186 1559 1198 1571 ’
1266 1541 1439 1605 οὕτως
1499 1540 1606 1594 οὐδ’

41 1642 95 1692 civ
126 1640 363 1711 διέμεινε
407 1639 482 1711 μὴ
510 1638 719 1692 ἐκείνου
757 1636 984 1707 θεμένου
1009 1634 1068 1687 τὸ
1106 1633 1456 1705 πρόσταγμα,
1496 1634 1607 1695 τοῖς

41 1735 124 1801 μὲν
146 1732 450 1803 ἀφθάρτοις
467 1730 560 1784 τοῦ
600 1729 821 1782 ἑστάναι
853 1728 931 1790 είς
953 1726 1051 1787 τὸν,
1075 1724 1245 1777 αίῶνα
1272 1723 1365 1779 τοῦ
1390 1723 1602 1786 αἰῶνος,

39 1827 132 1886 τοῖς
149 1824 203 1877 δὲ
224 1826 282 1876 ὲν
299 1823 511 1892 γενέσει
532 1822 624 1875 καὶ
644 1821 818 1891 φθορᾷ
833 1819 947 1880 τοῦ,
962 1815 1310 1881 Αὺξάνεσθε
1333 1815 1430 1868 καί
1454 1818 1608 1881 πλη-

1711 629 1849 685 test;
1917 620 2099 691 opifex
2151 622 2319 675 totius
2374 620 2592 681 nmmli,
2656 620 2747 688 qui
2792 635 2892 674 cur
2944 620 3017 675 sit
3068 630 3123 675 et
3178 635 3278 673 cur

1711 715 1833 770 talis
1857 715 1927 769 sit
1960 723 2013 769 et
2044 730 2145 768 cur
2180 715 2301 768 talis
2324 722 2657 784 permaneat,
2696 729 2917 770 causam
2948 715 3110 771 habet
3132 713 3278 768 illius

1708 806 2062 861 voluntatem.
2102 805 2198 860 Vel
2233 807 2376 861 enim
2412 808 2465 860 in
2502 806 2915 877 incorruptione
2956 812 3278 877 permanent

1709 897 1897 952 mundi
1943 906 2161 968 partes,
2200 909 2257 952 ut
2291 900 2489 953 ecelum
2534 910 2586 953 et
2629 900 2874 954 ccelestia
2921 914 3188 970 corpora,
3222 906 3278 953 et

1710 990 2015 1046 invisibiles
2049 992 2487 1061 potestates;vel
2516 992 2568 1045 in
2601 993 2950 1063 generatione
2974 1000 3029 1045 et
3082 1002 3245 1045 corru

1706 1084 1908 1155 ptione,
1930 1080 2063 1136 utin
2098 1089 2242 1136 terra
2280 1083 2534 1136 animalia
2570 1090 2624 1138 et
2658 1084 2874 1153 plantae.
2912 1081 2979 1135 Et
3012 1082 3277 1154 quemad-

1709 1172 1931 1227 modum
1967 1173 2112 1244 quod
2145 1174 2346 1229 factum
2393 1186 2476 1230 est
2521 1174 2721 1229 factum
2756 1190 2868 1231 non
2914 1174 3130 1241 fuisset,
3168 1174 3276 1231 nisi

1710 1265 1789 1319 illi
1818 1267 2185 1336 praecepisset,
2221 1268 2349 1336 ﬁat;
2384 1269 2455 1321 ita
2490 1282 2590 1323 nec
2620 1276 2985 1339 permaneret,
3008 1268 3114 1324 nisi
3140 1284 3278 1339 prae-

1708 1365 1923 1428 ceptum
1982 1359 2291 1429 posuisset,
2358 1362 2870 1431 incorruptibilibus
2926 1361 3151 1431 quidem
3217 1372 3278 1414 ut

1710 1457 1854 1505 stent
1889 1451 1945 1507 in
1980 1451 2238 1506 saxulum
2275 1453 2480 1517 saeculi,
2526 1454 2593 1508 iis
2627 1460 2829 1516 autem,
2866 1469 2987 1524 qua:
3022 1452 3075 1507 in
3109 1468 3276 1524 gene-

1709 1541 1922 1596 ratione.
1950 1548 2005 1597 et
2037 1543 2391 1612 corruptione
2424 1551 2732 1606 versantur,
2752 1543 2981 1599 Crescite
3012 1554 3060 1597 et
3090 1544 3275 1598 multi-

1706 1636 2046 1705 plicamini,et
2066 1636 2254 1705 replete
2278 1646 2472 1691 terram
2492 1637 2532 1689 ⁸.
2554 1635 2621 1692 Ut
2646 1646 2827 1693 autem
2852 1637 3094 1692 divinam
3117 1653 3273 1695 suam

1709 1737 2040 1798 potestatem
2074 1730 2420 1792 ostenderet,
2456 1746 2625 1801 seque
2673 1731 2881 1801 legibus
2908 1739 3130 1802 natura:
3163 1746 3272 1785 non

1710 1820 1936 1883 servire,
1971 1819 2070 1876 sed
2114 1814 2415 1876 voluntatis
2450 1822 2678 1891 imperio
2705 1823 2968 1893 quidquid
3010 1824 3126 1879 vult
3159 1824 3274 1877 etii-

39 1888 419 1977 υύνεσθείκαὶ
438 1888 803 1980 πληρώσατε*
822 1909 937 1977 τὴν
962 1907 1097 1977 γῆν.
1128 1906 1271 1978 Πρὸς
1306 1905 1523 1969 ἔνδειξιν
1553 1905 1575 1957 δ

1757 1926 1866 1976 are,
1903 1926 1971 1967 ex
2006 1912 2096 1975 iis,
2125 1928 2246 1983 qua:
2267 1914 2318 1966 in
2344 1916 2695 1983 generatione
2719 1924 2771 1971 et
2802 1918 3150 1986 corruptione
3180 1932 3275 1970 na-

40 2006 123 2074 τῆς
172 2004 326 2069 Θείας
360 2003 523 2058 αὑτοῦ
554 2002 854 2072 δυνάμεως,
881 1998 1088 2054 καὶτοῦ
1118 1999 1191 2070 μὴ
1226 1997 1375 2068 νόμῳ
1397 1996 1610 2065 φύσεως

41 2096 180 2150 ιὺτδν
210 2096 506 2158 δουλεύειν,
527 2094 662 2148 ἀλλά
711 2091 964 2160 αὐθεντίᾳ
996 2089 1301 2161 βουλήσεως
1328 2089 1388 2141 τὸ
1418 2087 1609 2141 δοκοῦν

40 2190 408 2261 ἐργαζόμενον,
436 2188 505 2242 τά
523 2190 618 2260 μὲν
641 2189 697 2240 ὲν
719 2188 861 2257 ἀρχῇ
878 2186 984 2237 τῶν
1006 2185 1062 2237 ἐν
1077 2182 1287 2252 γενέσει
1322 2181 1415 2234 καὶ
1437 2179 1610 2250 φθορᾷ

40 2283 233 2351 φύσεως
267 2285 335 2335 ὲκ
366 2282 469 2352 τῆς
498 2281 603 2351 γῆς
643 2280 737 2333 καὶ
774 2278 879 2331 τῶν
912 2277 1119 2330 ὑδάτων
1155 2275 1401 2344 ἐποίησε,
1436 2289 1609 2344 προσ-

43 2374 214 2440 τάξαςο
260 2371 625 2442 Ἐξαγπαγέτω
675 2371 713 2438 ἡ
759 2366 834 2438 γῆ
866 2366 1081 2437 ψυχὴν
1108 2365 1303 2427 ζῶσαν
1330 2362 1480 2418 κατὰ
1514 2361 1608 2431 γέ-

42 2484 147 2530 νος,
182 2465 279 2518 καὶ
312 2464 471 2534 φυτὰ
498 2463 720 2531 ἔχοντα
742 2462 812 2515 ἐν
844 2460 1079 2525 ἑαυτοῖς
1122 2458 1189 2513 τὸ
1216 2456 1475 2524 σπέρμα,
1510 2454 1605 2508 καὶ

41 2557 178 2620 ξύλα
204 2555 497 2610 ποιοῦντα
525 2555 811 2623 καρπούς.
838 2554 950 2607 Kal.
984 2551 1145 2605 πάλιν
1165 2566 1179 2580 ⁶
1244 2546 1608 2618 Ἐξαγηαγέτω

40 2652 96 2701 τὰ
122 2648 306 2701 ὕδατα
336 2646 554 2716 ψυχὴν
580 2645 776 2707 ζῶσαν
802 2644 951 2699 κατὰ
977 2641 1151 2714 γένος
1168 2657 1181 2671 ·
1216 2639 1287 2693 τά
1314 2639 1371 2692 δὲ
1400 2640 1464 2690 ἐκ
1500 2636 1606 2689 τῶν

41 2740 299 2811 γεναρχῶν
329 2737 693 2808 γεγενημένα,
740 2738 807 2790 ὲκ
835 2735 934 2806 τῆς
964 2731 1272 2802 καταϐολῆς
1298 2728 1394 2783 τοῦ
1440 2728 1607 2799 σπέρ-

44 2850 189 2900 ματος
209 2830 463 2898 γενέσθαι
492 2829 750 2900 ὡρίσατο.
778 2828 887 2879 Καὶ
915 2825 1045 2897 περὶ
1076 2823 1279 2877 τούτων
1332 2820 1530 2882 πάντες
1555 2819 1604 2871 οἱ

41 2922 172 2992 *ταρά
199 2920 294 2974 τοῦ
323 2920 459 2973 Θεοῦ
500 2920 636 2991 πρὸς
667 2918 875 2981 πάντας
916 2913 1238 2987 ἀνθρώπους
1271 2910 1604 2965 ἀποσταλέν-

44 3032 114 3076 τες
139 3015 411 3086 προφῆται
438 3012 613 3065 ταὺτά
650 3010 977 3083 φρονοῦντες
1017 3007 1306 3068 διετέλουν,
1355 3005 1450 3058 καὶ
1491 3003 1605 3056 δια-

41 3108 195 3174 φωνία
243 3110 300 3161 ὲν
349 3108 539 3169 αὐτοῖς
589 3104 814 3173 γέγονεν
861 3101 1108 3172 οὐδεμία.
1159 3098 1318 3152 Κατά
1368 3097 1425 3151 δὲ
1475 3097 1603 3160 τοὺς

40 3201 426 3271 ἁπιστήσαντας
460 3199 557 3268 μὲν
588 3199 701 3258 τοῖς
728 3194 836 3248 τῶν
869 3192 1161 3266 προφητῶν
1187 3191 1386 3261 λόγοις,
1417 3188 1603 3261 οἰκείῳ
1630 3226 1671 3283 C

42 3292 85 3343 ἐξ
114 3291 351 3362 εἰκασμῴ
385 3292 508 3361 περὶ
538 3288 673 3341 Θεοῦ
711 3288 806 3340 καὶ
834 3286 1064 3349 κτίσεως
1099 3286 1160 3338 τὸ
1203 3283 1391 3339 δοκοῦν
1434 3284 1597 3353 διορι-

46 3385 306 3453 σαμένους,
349 3383 521 3454 πολλή
564 3383 648 3444 τίς
681 3383 828 3434 ἐστιν
863 3383 895 3453 ἡ
930 3380 1065 3451 πρὸς
1102 3378 1367 3443 ἀλλήλους
1401 3397 1461 3432 τε
1506 3381 1599 3432 καὶ

43 3477 156 3546 πρὸς
191 3478 417 3540 ἑαυτοὺς
445 3474 710 3544 διαφωνία
742 3475 799 3527 ὲν
832 3476 944 3538 τοῖς
974 3474 1105 3544 περὶ
1132 3472 1240 3525 τῶν
1284 3474 1456 3525 όντων
1496 3473 1591 3524 καὶ

43 3569 122 3637 τῆς
149 3570 347 3622 τούτων
378 3570 552 3640 ἀρχῆς
590 3567 710 3621 κατ’
740 3567 927 3621 οὐσίαν
956 3583 1038 3628 τε,
1080 3567 1173 3619 καὶ
1204 3565 1453 3637 ἀριθμὸν,
1499 3564 1593 3617 καὶ

1711 2009 1849 2056 turre
1881 2011 2193 2066 versantur,
2217 2004 2320 2057 alia
2351 2005 2504 2057 initio
2527 2020 2590 2058 ex
2619 2016 2765 2061 terra
2795 2013 2849 2060 et
2881 2007 3040 2077 aquis
3073 2007 3273 2071 eﬁ'ecit,

1711 2093 2034 2164 praecipiens
2074 2110 2088 2149 :
2148 2093 2350 2147 Educet
2393 2106 2534 2149 terra
2567 2098 2803 2151 animam
2844 2098 3091 2153 viventem
3117 2098 3277 2166 juxta

1709 2200 1868 2253 genus
1899 2200 2051 2237 suum
2078 2194 2128 2237 et
2155 2185 2371 2253 plantas
2404 2186 2649 2241 habentes
2682 2190 2736 2241 in
2776 2204 2831 2243 se
2861 2190 2988 2257 ipsis
3018 2206 3189 2245 semen
3228 2202 3276 2243 et

1711 2276 1853 2345 ligna
1873 2276 2124 2345 facientia
2162 2277 2427 2345 fructus”.
2463 2277 2527 2331 Et
2563 2295 2759 2333 rursus
2797 2279 3092 2335 :-Educant
3125 2298 3278 2351 aqua

1710 2369 1943 2421 animum
1974 2369 2220 2423 viventem
2252 2370 2415 2439 juxta
2445 2387 2605 2441 genus
2633 2389 2786 2426 suum
2821 2373 2864 2404 "
2898 2392 2912 2429 :
2949 2374 3056 2427 alia
3091 2381 3274 2428 autem

1708 2478 1770 2517 et
1797 2463 2013 2532 generis
2038 2463 2375 2533 principibus
2406 2464 2586 2534 genita
2604 2480 2673 2520 ex
2695 2465 2923 2520 seminis
2942 2466 3092 2535 jactu
3121 2468 3275 2522 nasci

1710 2555 1902 2609 voluit.
1948 2554 2025 2609 Ac
2058 2556 2125 2611 de
2161 2556 2245 2612 his
2278 2556 2497 2627 quidem
2536 2573 2728 2613 omnes
2775 2559 2930 2613 missi
2966 2575 2997 2612 a
3042 2558 3153 2614 Deo
3207 2560 3274 2612 ad

1706 2662 1897 2704 omnes
1929 2650 2177 2706 homines
2206 2651 2484 2722 praphetaz
2530 2652 2673 2707 idem
2706 2652 2993 2708 sentiendo
3025 2669 3277 2723 perseve-

1706 2745 1922 2802 rarunt,
1961 2755 2060 2795 nec
2093 2740 2369 2798 dissensio
2400 2742 2542 2799 inter
2572 2743 2735 2815 550
2771 2760 2865 2802 eos
2891 2746 3001 2800 ulla
3039 2745 3272 2802 exstitit.

1705 2830 1862 2901 Apud
1892 2848 1988 2889 eos
2023 2840 2224 2901 autem,
2253 2836 2347 2906 qui
2385 2835 2604 2906 rejectis
2640 2837 3029 2909 prophetarum
3064 2854 3277 2894 sermo-

1706 2920 1902 2984 nibus,
1935 2923 2157 2991 propria
2185 2924 2503 2993 conjectura
2547 2926 2615 2981 de
2645 2925 2756 2981 Deo
2786 2936 2840 2982 et
2884 2927 2951 2982 de
2996 2943 3053 2983 re
3091 2939 3276 2983 creata

1706 3011 1971 3082 quidquid
2007 3012 2136 3067 libet
2164 3012 2518 3079 deﬁnierunt,
2544 3014 2778 3084 plurima
2813 3023 2898 3072 est
2932 3016 3072 3071 inter
3098 3032 3193 3072 eos
3222 3028 3276 3071 et

1708 3119 1894 3159 secum
1938 3104 2072 3175 ipsis
2114 3104 2391 3161 dissensio
2425 3104 2493 3160 de
2526 3106 2691 3161 rebus
2736 3121 3034 3178 earumque
3067 3107 3275 3177 princi—

1709 3196 1812 3265 piis
1844 3195 2145 3251 sccundum
2177 3196 2542 3253 substantiam
2571 3205 2625 3253 et
2654 3214 2941 3254 numerum
2976 3206 3030 3255 et
3064 3206 3275 3254 motum

1702 3295 1757 3341 et
1794 3287 1950 3342 ﬁnem
1970 3330 1985 3354 ,
2018 3289 2477 3359 quemadmodum
2502 3289 2814 3344 ostenditur
2844 3305 2909 3345 ex
2944 3291 3120 3360 primo
3151 3289 3279 3343 Δι’ἰο

1700 3378 1913 3433 stotelis
1945 3380 2085 3435 libro
2122 3378 2405 3434 Naturalis
2440 3380 2877 3443 Auscultationis,
2913 3390 3277 3452 praeterquam

1699 3471 1846 3539 quod
1872 3472 2009 3525 nihil
2038 3471 2151 3525 veri
2182 3472 2423 3542 loquitur
2452 3471 2520 3526 de
2546 3472 2636 3536 iis,
2671 3487 2792 3543 qua:
2820 3472 3129 3528 deﬁnienda
3156 3488 3279 3527 sus-

1699 3566 1863 3633 cepit.

43 3660 247 3729 κίνησιν,
277 3661 374 3714 καὶ
405 3661 613 3731 πέρας·
642 3660 826 3725 καθὼς
851 3660 1125 3713 δείκνυται
1168 3659 1232 3709 ὲκ
1292 3658 1386 3710 τοῦ
1432 3656 1651 3727 πρώτου
1690 3655 1848 3722 λόγου
1906 3654 2015 3723 τῆς
2073 3654 2344 3723 Φυσικῆς
2418 3657 2774 3724 Ἀκροάσεως
2850 3656 3271 3728 Ἀριστοτέλους,

43 3754 162 3825 μετά
198 3755 290 3808 τοῦ
335 3753 501 3826 μηδὲν
552 3754 714 3808 αὑτὸν
756 3753 1039 3825 ἀληθεύειν
1075 3752 1202 3823 περὶ
1239 3744 1315 3805 ὧν
1361 3751 1601 3823 διείληφε
1633 3750 1973 3824 διορίσασθαι
2004 3750 2366 3822 πραγμάτων.

97 3876 134 3927 ι.
172 3876 269 3929 Ἐκ
300 3873 409 3927 τοῦ
438 3872 672 3941 πρώτου
705 3875 892 3943 λόγου
924 3870 1032 3943 τῆς
1060 3870 1328 3940 Φυσικῆς
1364 3872 1593 3941 Ἀκροά-

474 3957 626 4007 σεως
669 3941 1125 4012 Ἀριστοτέλους-

100 4125 121 4157 ε
168 4108 275 4160 Ἀεὶ
298 4108 409 4179 γὰρ
438 4106 555 4162 ὲστί
595 4127 649 4161 τι
689 4110 717 4162 ὃ
743 4110 1051 4176 ὑπόκειται,
1097 4110 1156 4176 ἐξ
1196 4104 1257 4165 οῦ
1296 4114 1506 4182 γίνεται
1539 4112 1600 4167 τὸ

42 4198 296 4267 γινόμενον
315 4217 327 4229 ·
374 4198 484 4252 οἷον
511 4200 578 4252 τά
609 4201 749 4269 φυτά
790 4203 883 4254 κα)⁵
913 4202 982 4255 τά
1015 4202 1127 4267 ζῶα
1171 4204 1234 4256 ὲκ
1263 4204 1596 4275 σπέρματος.

44 4287 268 4355 Γίγνεται
288 4289 347 4342 δὲ
376 4290 445 4342 τὰ
470 4292 762 4362 γιγνόμενα
790 4292 995 4355 ἁπλῶς,
1020 4294 1089 4347 τά
1115 4295 1212 4366 μὲν
1243 4312 1595 4367 μετασχημα-

42 4381 179 4445 tim,
216 4378 325 4435 οἷον
348 4383 574 4454 ἀνδριάς
595 4401 608 4414 σ
642 4384 710 4437 τά
742 4386 797 4438 δὲ
830 4386 1145 4457 προσθέσει,
1184 4383 1293 4441 οἷον
1328 4389 1395 4441 τά
1429 4389 1594 4451 αὐξα-

44 4471 234 4539 νόμενα·
262 4475 328 4527 τά
356 4474 413 4526 δὲ
437 4475 747 4547 ἀφαιρέσει,
774 4471 885 4529 οἷον
910 4479 973 4530 ἐκ
1004 4477 1097 4530 τοῦ
1118 4478 1266 4532 λίθου
1293 4481 1321 4533 ό
1365 4481 1587 4551 Ἑρμῆς·

45 4564 96 4615 τὰ
124 4564 175 4617 δὲ
200 4566 464 4628 συνθέσει,
491 4561 601 4619 οἷον
626 4568 773 4621 οἰκία
796 4586 809 4598 ·
844 4568 911 4621 τὰ
940 4568 997 4621 δὲ
1034 4569 1335 4632 ἀλλοιώσει,
1374 4566 1485 4625 οἷον
1525 4572 1595 4625 τά

43 4657 324 4728 τρεπόμενα
350 4657 491 4711 κατά
518 4659 617 4730 τὴν
659 4658 810 4730 ὓλην.
844 4660 1025 4713 Πάντα
1064 4660 1119 4712 δὲ
1157 4660 1226 4714 τά
1265 4661 1407 4715 οὕτω
1448 4664 1593 4732 γινό-

46 4765 182 4812 μενα,
226 4752 475 4823 φανερὸν,
522 4752 603 4804 ὅτι
657 4753 716 4817 ἐξ
762 4753 1141 4825 ὑποκειμένων
1187 4755 1419 4823 γίνεται.
1484 4757 1593 4810 Καὶ

42 4840 178 4893 τοῦτο
202 4844 373 4896 διττόν
412 4844 558 4915 (51)*
589 4845 620 4915 ἢ
666 4845 772 4917 γάρ
808 4846 868 4899 τὸ
898 4847 1331 4919 ὑποκείμενον,ἢ
1360 4848 1419 4900 τὸ
1447 4850 1595 4902 ἀντι·
1626 4886 1636 4901 .

44 4932 288 5000 κείμενον.
320 4934 476 5004 Λέγω
504 4936 559 4989 δὲ
598 4936 930 4990 ἀντικεῖσθαι
960 4938 1058 5008 μὲν
1086 4938 1147 4991 τὸ
1186 4940 1423 5010 ἄμουσον
1457 4939 1588 5011 (52),

44 5020 335 5079 ὑποκεῖσθαι
372 5026 429 5081 δὲ
454 5027 545 5079 τὸν
578 5027 885 5091 ἄνθρωπον.
919 5048 937 5080 ι

109 5112 165 5162 Εἰ
194 5114 403 5183 πρῶτόν
436 5116 551 5167 ἐστι
580 5116 641 5167 τὸ
677 5118 897 5187 σπεῖρον
947 5117 1187 5189 σπέρμα,
1231 5120 1324 5172 καὶ
1373 5119 1597 5191 ὕστερον

49 5200 99 5252 τὸ
127 5204 183 5255 ἐκ
210 5206 518 5276 σπέρματος
548 5207 863 5277 γιγνόμενον
884 5248 898 5273 ,
936 5211 1026 5263 καὶ
1059 5210 1260 5282 γενητὰ
1291 5212 1592 5283 ἀμφότερα,

92 5344 112 5376 ⁸
146 5342 272 5402 Gen.
308 5345 463 5410 ι,18.
540 5345 561 5375 ⁹
596 5340 729 5397 Ibid.
766 5343 851 5396 12.
933 5344 974 5374 ¹⁰
1011 5342 1145 5396 Ibid.
1183 5342 1275 5395 20.

94 5457 374 5517 (iiii-Geér
401 5457 488 5512 δέ.
523 5457 683 5513 Deest
708 5458 898 5514 vocula
930 5458 981 5512 in
1010 5457 1143 5517 Rea.
1170 5458 1223 5513 1.

94 5458 374 5593 uagam»
401 5458 488 5512 δέ.
523 5458 683 5513 Deest
708 5458 898 5514 vocula
930 5458 981 5512 in
1010 5458 1143 5583 Reg.
1170 5458 1243 5539 1.⁸

93 5528 175 5599 (50
228 5529 490 5598 Σώματα.
516 5527 668 5599 Hanc
697 5545 883 5584 vocem
909 5544 1080 5599 suppe
1124 5535 1273 5581 itavtt
1302 5525 1435 5597 Reg.
1462 5528 1511 5580 l.

94 5598 193 5666 (5|)
224 5595 327 5654 Kal
368 5598 544 5652 τοῦτο
578 5598 795 5652 διττόν.
821 5598 960 5653 Ante
978 5595 1090 5653 has
1124 5614 1285 5652 voces
1318 5595 1578 5651 nonnulla

41 5677 90 5717 ex
116 5668 221 5735 ipso
244 5669 552 5724 Aristotelis
576 5675 727 5723 textu
761 5672 1062 5725 inseruerat
1092 5667 1433 5739 Sylburgius,
1459 5680 1580 5739 qua:

41 5747 146 5789 cum
174 5740 387 5810 minime
434 5740 749 5810 necessaria
780 5741 890 5793 sint
921 5739 987 5793 ad
1030 5738 1368 5810 propositum
1415 5738 1577 5810 hujus

42 5808 188 5860 nostri
218 5809 524 5879 scriptoris,
556 5808 809 5866 videntur
842 5810 909 5866 ab
929 5824 992 5866 co
1014 5807 1080 5865 de
1108 5807 1377 5864 industria
1410 5807 1577 5863 fuisse

42 5882 393 5941 prrtermissa.

1722 3871 1774 3924 Ι.
1817 3867 1899 3921 Ea:
1949 3868 2082 3922 libro
2125 3867 2151 3921 1
2193 3870 2456 3923 naturalis
2499 3870 2914 3923 Auscultationis
2958 3872 3284 3938 Aristowlis,

1789 3940 1883 3993 lib.
1919 3958 1955 4001 ι,
1993 3954 2041 3993 c.
2083 3938 2132 4002 7,
2168 3954 2226 4011 p.
2262 3939 2363 3993 15)
2390 3941 2519 3993 edit.
2558 3938 2607 3994 J.
2636 3939 2861 3995 Bekker.
2890 3939 3089 4011 (Berol.
3128 3943 3299 4009 1851,

1791 4011 1844 4064 in
1861 4011 1974 4075 Λα),
2004 4025 2055 4079 p.
2093 4009 2210 4063 190.

1780 4127 1798 4159 ι
1841 4108 2069 4180 Semper
2103 4112 2247 4166 enim
2280 4122 2366 4169 est
2396 4114 2603 4185 aliquid
2632 4117 2777 4187 quod
2815 4118 3109 4188 subjicitur
3130 4121 3276 4178 unde

1708 4200 1765 4255 ﬁt
1801 4202 1854 4256 id
1887 4202 2030 4272 quod
2080 4202 2137 4257 lit
2163 4222 2175 4258 :
2206 4210 2265 4258 ut
2312 4204 2510 4275 planta:
2542 4213 2596 4261 et
2629 4207 2934 4263 animantes
2968 4224 2998 4263 e
3042 4210 3272 4267 semine.

1706 4290 1869 4346 Fiunt
1904 4302 2085 4347 autem
2121 4293 2345 4350 omnino
2371 4310 2493 4364 qua:
2524 4295 2680 4361 ﬁunt,
2716 4298 2963 4367 quaedam
2998 4300 3273 4353 transfor-

1704 4385 1978 4446 matione,
2029 4393 2087 4438 ut
2138 4392 2323 4440 statua
2364 4405 2379 4442 :
2416 4387 2677 4442 nonnulla
2711 4389 3063 4454 accessione,
3118 4399 3273 4446 utea

1690 4490 1824 4545 qua:
1855 4482 2112 4529 crescunt
2148 4495 2159 4529 :
2199 4475 2383 4545 aliqua
2416 4476 2769 4542 decessione,
2819 4483 2878 4532 ut
2906 4492 2937 4531 e
2962 4493 3094 4533 saxo
3129 4477 3271 4533 Mer-

1702 4566 1890 4621 curius
1921 4586 1933 4621 :
1972 4567 2078 4621 alia
2112 4568 2533 4637 compositione,
2570 4578 2629 4623 ut
2662 4568 2857 4624 domus
2885 4588 2898 4624 :
2930 4569 3037 4623 alia
3071 4564 3275 4627 alterm

1705 4657 1852 4713 tione
1874 4696 1889 4721 ,
1933 4665 1993 4711 ut
2025 4674 2087 4713 ea
2140 4674 2263 4728 qua:
2297 4660 2601 4716 secundum
2636 4661 2920 4717 materiam
2967 4668 3253 4717 mutantur

1702 4747 1831 4814 Quae
1861 4757 2039 4804 autem
2083 4750 2155 4804 ita
2190 4750 2344 4815 ﬁunt,
2376 4768 2439 4808 ea
2472 4752 2823 4809 manifestum
2852 4765 2936 4811 est
2983 4771 3051 4812 ex
3093 4756 3253 4827 subje

1700 4840 1805 4896 ctis
1824 4842 2007 4895 omnia
2028 4842 2163 4899 ﬁeri.
2189 4843 2366 4915 Atque
2402 4845 2535 4900 illud
2562 4845 2781 4917 quidem
2816 4847 3017 4919 duplex
3037 4856 3158 4916 est;
3188 4849 3275 4905 vel

1698 4934 1844 4988 enim
1880 4936 2185 5006 subjectum
2214 4948 2321 5003 est,
2343 4939 2429 4993 vel
2457 4940 2789 5010 oppositum.
2820 4940 2953 4997 Dico
2978 4950 3159 4998 autem
3184 4959 3274 5012 op-

1695 5028 1822 5094 poni
1858 5044 1967 5082 non
2004 5029 2299 5095 musicum,
2339 5032 2539 5102 subjici
2574 5049 2703 5088 vero
2738 5033 3038 5090 hominem.
3072 5056 3092 5089 υ

1765 5118 1822 5174 Si
1858 5123 2091 5191 primum
2125 5130 2208 5177 est
2241 5124 2387 5193 quod
2437 5140 2625 5181 semen
2672 5127 2944 5191 seminat,
2980 5137 3034 5183 et
3083 5136 3271 5198 postea

1690 5214 1742 5271 id
1776 5217 1922 5287 quod
1957 5232 1988 5272 e
2017 5218 2226 5273 semine
2256 5217 2341 5283 ﬁt,
2374 5228 2428 5275 et
2472 5230 2702 5292 utraque
2735 5220 2917 5292 genita
2953 5230 3118 5275 sunt:
3152 5218 3275 5288 ejus

1758 5457 1879 5530 (52)Δ
1915 5459 1980 5511 Τὸ
2015 5458 2307 5527 ἄμουσον.
2342 5458 2466 5517 Haec
2505 5460 2752 5530 apposita
2781 5466 2909 5513 sunt
2938 5460 3006 5514 ad
3041 5466 3262 5516 senten-

1688 5528 1819 5600 tiam
1855 5528 2194 5594 Aristotelis,
2236 5530 2329 5600 qui
2370 5548 2493 5585 cum
2545 5528 2901 5600 privationem
2939 5531 3080 5585 inter
3114 5533 3256 5600 prin-

1687 5599 1829 5667 cipia
1857 5610 2123 5661 numeret,
2148 5598 2319 5654 utitur
2338 5598 2586 5669 exemplo
2618 5598 2852 5669 hominis
2881 5615 2990 5653 non
3034 5598 3260 5668 musici,

1686 5671 1778 5737 qui
1814 5672 2057 5725 musicus
2101 5672 2184 5731 lit,
2224 5680 2278 5725 et
2316 5668 2588 5725 hominem
2636 5668 2940 5735 subjectum
2983 5684 3107 5725 esse
3148 5682 3260 5726 sta-

1686 5740 1811 5801 tuit,
1846 5742 2178 5795 contrarium
2206 5750 2405 5805 autem,
2434 5744 2547 5795 sive
2576 5739 2958 5809 privationem,
2991 5755 3099 5795 non
3139 5760 3251 5798 mn-

1688 5826 1883 5865 SH'lllll.
