3662 6466
364 421 492 478 ,415

1180 427 1539 484 ΑΡΡΕΝυιΧ.
1576 460 1642 469 —-
1683 427 1862 484 PARS
1903 430 1944 487 l.
1983 429 2038 485 S.
2081 429 2345 486 JL'STINI
2379 431 2607 486 ΟΡΕΒΑ

1477 428 1539 484 Χ.
1576 460 1642 469 —-
1683 427 1862 484 PARS
1903 430 1944 487 l.
1983 429 2038 485 S.
2081 429 2345 486 ιυδτιιςι
2379 431 2607 486 ΟΡΕΒΑ
2647 428 2917 485 SPUBIA.

3477 429 3579 483 ηπ

361 558 515 604 sane,
538 541 680 609 quod
702 550 821 595 satu
849 542 962 595 ﬁeri
996 547 1236 614 ponitur,
1255 547 1587 615 generationi
1612 562 1794 600 semen

2137 550 2236 619 μὲν
2267 549 2475 616 γενέσει
2506 549 2598 602 τοῦ
2635 547 2887 618 κειμένου
2927 547 2991 597 ὲκ
3019 543 3336 614 σπέρματος
3369 547 3578 612 γιγνομὲ.

355 633 567 702 jicitur;
584 631 702 702 ejus
715 643 892 688 autem
907 631 1054 703 quod
1069 635 1378 697 seminavit,
1394 636 1728 704 generationi
1747 651 1934 691 semen

362 721 636 792 subjicere
671 741 779 778 non
821 732 924 780 est.
963 725 1199 781 Proinde
1233 745 1341 782 non
1380 743 1594 796 semper
1629 727 1935 783 animantes

360 823 414 865 et
451 815 650 882 planta:
679 823 800 871 satu
827 815 980 872 ﬁunt.
1007 815 1274 873 Przeterea
1298 819 1344 873 si
1375 828 1668 890 utrumque
1694 823 1935 890 genitum

362 909 566 961 animal
599 917 718 974 est,
768 919 821 965 et
871 899 1017 980 quod
1067 913 1340 976 seminat,
1389 915 1621 984 etquod
1667 931 1697 968 e
1727 915 1936 970 semine

359 1000 603 1068 gignitur
643 1021 654 1055 ε
691 1011 744 1056 et
777 1011 1071 1072 utrumque
1101 1020 1210 1058 non
1239 1020 1304 1058 ex
1331 1004 1520 1060 eodem
1545 1015 1630 1060 est
1663 1006 1934 1074 subjecto,

360 1091 456 1143 sed
489 1094 720 1147 alterum
749 1110 780 1148 e
812 1097 1040 1159 semine,
1077 1096 1310 1150 alterum
1344 1114 1450 1152 non
1491 1113 1522 1152 c
1553 1099 1792 1154 semine:
1829 1113 1937 1169 quo

361 1189 525 1250 pacto
561 1183 755 1239 falsum
789 1203 896 1240 non
926 1197 1034 1248 est,
1073 1204 1290 1266 semper
1317 1189 1627 1245 animantes
1658 1198 1779 1245 satu
1805 1206 1932 1260 pro-

360 1276 578 1328 creari?
613 1275 811 1331 Eadem
842 1290 925 1332 est
954 1278 1022 1333 de
1053 1281 1253 1350 plantis
1286 1281 1448 1335 ratio.
1500 1280 1632 1336 Item
1655 1322 1670 1346 ,
1709 1282 1754 1337 si
1787 1281 1938 1353 prin-

361 1363 564 1432 cipium
599 1367 719 1434 ejus
754 1367 899 1436 quod
946 1377 1066 1422 satu
1106 1368 1195 1431 ﬁt,
1232 1377 1316 1424 est
1352 1378 1530 1434 sator;
1583 1371 1630 1426 is
1663 1380 1844 1425 autem
1880 1373 1937 1428 in

361 1461 822 1513 commentatione
857 1458 1143 1518 Naturalis
1167 1462 1588 1517 Auscultationis
1625 1464 1938 1522 Aristotelis

364 1546 583 1616 ignotus
617 1557 672 1604 et
708 1550 1026 1608 indeﬁnitus
1055 1561 1139 1607 est
1168 1573 1180 1607 :
1215 1569 1452 1623 quanam
1489 1554 1557 1610 de
1590 1571 1760 1610 causa
1791 1573 1938 1612 com-

363 1642 630 1695 mentatio
660 1658 722 1696 ea
756 1642 1010 1698 instituta
1049 1655 1159 1709 est,
1197 1661 1322 1700 eum
1353 1647 1683 1718 principium
1720 1648 1938 1719 ignore-

361 1741 452 1786 tur
473 1736 633 1804 primi
663 1736 918 1792 auimalis
936 1747 990 1792 et
1008 1739 1248 1806 planta)?
1275 1738 1538 1809 Sequitur
1555 1741 1701 1795 enim
1718 1742 1940 1811 ignora-

363 1829 566 1883 tionem
604 1831 855 1902 principii
894 1833 1372 1904 ignoratioeorum
1390 1850 1510 1908 quae
1530 1850 1598 1889 ex
1638 1835 1936 1906 principio.

364 1922 420 1975 Si
453 1923 675 1989 animal,
711 1923 859 1994 quod
886 1927 942 1977 ﬁt
976 1940 1040 1979 ex
1072 1925 1312 1988 semine,
1343 1925 1645 1981 secundum
1683 1937 1937 1981 naturam

364 2018 453 2080 tit,
491 2017 661 2088 liquet
689 2017 830 2072 idem
866 2019 1090 2082 animal,
1127 2018 1174 2073 si
1211 2019 1305 2072 ﬁat
1341 2019 1587 2089 quidem,
1613 2036 1723 2074 non
1757 2029 1938 2075 tamen

359 2127 425 2163 ex
471 2112 714 2177 semine,
767 2127 878 2166 non
927 2112 1043 2166 ﬁeri
1095 2112 1396 2167 secundum
1433 2122 1708 2172 naturam.
1747 2112 1939 2168 Dicant

361 2203 528 2273 igitur
559 2202 893 2258 Aristotelici
927 2203 1229 2259 secundum
1273 2204 1404 2276 quid
1441 2205 1531 2266 ﬁat
1563 2206 1763 2259 animal
1792 2205 1938 2276 quod

361 2313 468 2352 non
533 2298 588 2351 tit
641 2299 946 2352 secundum
993 2306 1270 2353 naturam.
1308 2297 1514 2354 Deinde
1561 2299 1605 2353 si
1658 2298 1941 2367 assignato

362 2391 616 2444 animalis
639 2391 859 2448 diverso
883 2390 1145 2445 nascendi
1171 2390 1355 2452 modo.
1381 2406 1576 2460 nempe
1598 2389 1765 2453 illius,
1792 2389 1936 2460 quod

361 2499 425 2535 ex
463 2480 669 2537 semine
715 2488 769 2537 et
803 2482 1107 2537 secundum
1156 2492 1439 2545 naturam,
1483 2489 1537 2536 et
1580 2481 1747 2544 illius,
1791 2479 1938 2550 quod

361 2585 470 2624 non
501 2585 567 2622 ex
597 2569 805 2624 semine
838 2585 935 2624 nec
976 2567 1279 2624 secundum
1313 2577 1568 2621 naturam
1597 2568 1676 2631 tit,
1712 2581 1940 2621 necesse

358 2670 444 2715 est
489 2661 696 2714 ﬁnitam
727 2677 851 2717 esse
891 2661 1329 2729 generationem:
1376 2663 1652 2731 quomodo
1695 2676 1825 2730 ergo
1856 2659 1942 2713 di-

361 2763 492 2808 cunt
534 2733 707 2810 Grazci
756 2754 1014 2808 animalia
1052 2769 1116 2807 ac
1169 2753 1418 2824 plantas,
1467 2769 1588 2824 qua:
1635 2752 1938 2808 secundum

361 2859 612 2903 naturam
648 2845 789 2900 facta
835 2854 983 2909 sunt,
1015 2862 1168 2917 aeque
1209 2861 1273 2900 ac
1318 2844 1485 2901 Deum
1511 2861 1699 2900 carere
1730 2844 1936 2915 princi-

362 2940 492 3008 pio,
544 2952 670 2994 cum
723 2952 791 2991 ne
853 2936 1031 3006 primo
1089 2937 1310 3004 quidem
1356 2935 1580 2989 animali
1629 2944 1683 2989 et
1739 2936 1939 3006 planta:

361 3031 592 3102 iequalia
651 3047 776 3085 esse
822 3028 1071 3104 possint?
1117 3028 1416 3094 Praeterea,
1467 3028 1514 3082 si
1563 3028 1832 3098 quidquid
1881 3029 1941 3084 ﬁt

363 3140 579 3194 semper
639 3124 1007 3195 compositum
1043 3129 1166 3186 est,
1217 3120 1494 3191 quomodo
1529 3120 1784 3188 modum,
1829 3137 1940 3192 quo

365 3217 503 3270 tiuut
547 3232 667 3288 qua:
712 3231 809 3285 per
840 3215 1298 3285 compositionem
1344 3212 1504 3277 ﬁunt,
1539 3213 1762 3283 proprio
1791 3213 1937 3268 modi

363 3310 687 3366 discrimine
739 3311 808 3366 ab
853 3312 976 3366 aliis
1018 3309 1390 3379 generationis
1437 3308 1613 3365 modis
1651 3310 1943 3382 segregas?

365 3400 497 3456 Nam
523 3404 568 3456 si
599 3402 966 3471 compositum
993 3413 1076 3456 est
1108 3400 1373 3470 quidquid
1403 3401 1643 3471 genitum
1673 3445 1686 3469 ,
1719 3418 1945 3457 necesse

367 3497 525 3568 551
566 3507 624 3551 ut
659 3514 755 3567 per
787 3496 1243 3566 compositionem
1289 3495 1562 3566 gignatur.
1608 3493 1713 3551 Sed
1757 3497 1802 3551 si
1853 3513 1944 3567 ge-

366 3591 670 3647 nerationis
706 3606 802 3660 per
843 3589 1301 3660 compositionem
1348 3589 1544 3645 modus
1601 3590 1941 3660 generatioui

369 3682 516 3736 omni
551 3680 840 3748 convenit,
877 3680 1078 3735 frustra
1110 3679 1179 3733 ab
1213 3679 1340 3738 aliis
1362 3680 1736 3750 generationis
1763 3681 1944 3736 modis

368 3781 690 3842 segregatur
719 3773 944 3842 proprio
982 3771 1324 3826 discrimine.
1371 3769 1526 3833 ltem,
1575 3770 1620 3824 si
1657 3785 1778 3840 qua:
1811 3771 1944 3825 sub.

362 3866 506 3933 jecta
555 3871 684 3918 sunt
715 3865 805 3928 iis,
838 3880 979 3934 quas
1015 3864 1278 3926 diximus,
1315 3863 1782 3933 generationibus,
1813 3863 1944 3918 sub-

368 3957 583 4010 stantia:
607 3965 758 4020 sunt,
795 3970 857 4010 ac
889 3957 942 4010 in
967 3956 1047 4010 eis
1068 3955 1378 4024 subjectum
1410 3953 1662 4008 bifariam
1688 3955 1943 4010 conside-

366 4060 541 4114 ratur,
561 4051 615 4106 id
634 4059 717 4106 est
735 4051 1043 4120 subjectum
1061 4057 1115 4104 et
1139 4048 1452 4120 oppositum
1475 4090 1488 4113 ,
1515 4047 1743 4102 materia
1759 4055 1940 4102 autem

367 4147 675 4206 substantia
694 4162 803 4209 non
827 4155 907 4201 est
925 4163 940 4202 ;
955 4145 1233 4216 quomodo
1250 4143 1485 4214 quadrat
1502 4143 1697 4198 modus
1715 4157 1940 4214 genera-

367 4240 535 4296 tionis
575 4256 765 4296 eorum
789 4279 804 4303 ,
836 4254 958 4309 quae
991 4253 1055 4294 ex
1113 4237 1442 4294 substantiis
1483 4237 1785 4308 gignuntur
1813 4252 1939 4292 cum

367 4337 530 4392 modo
559 4336 928 4408 generationis
959 4350 1172 4397 eorum,
1208 4350 1329 4404 qua:
1377 4349 1484 4387 non
1511 4348 1576 4386 ex
1612 4332 1940 4388 substantiis

366 4427 737 4498 generantur?
763 4424 998 4481 Necesse
1021 4440 1151 4493 ergo
1181 4432 1265 4477 est
1299 4423 1381 4477 vel
1417 4424 1782 4477 substantiam
1816 4438 1942 4478 esse

367 4519 676 4583 materiam,
707 4517 792 4578 vel
822 4534 943 4588 quae
973 4534 1038 4571 ex
1072 4515 1300 4570 materia
1324 4515 1625 4586 gignuntur
1647 4515 1755 4568 alio
1778 4513 1939 4568 modo

2037 660 2126 693 νου
2155 641 2440 694 ὑπόκειται
2465 641 2526 693 τὸ
2559 640 2799 711 σπέρμα,
2821 640 2891 708 τῇ
2919 636 2975 688 δὲ
2998 636 3211 705 γενέσει
3238 634 3334 688 τοῦ
3369 636 3585 706 σπείραν-

2035 750 2126 796 to;
2154 733 2476 786 ὑποκεῖσθαι
2514 731 2574 784 τὸ
2609 732 2831 804 σπέρμα
2868 731 2930 782 οὐ
2957 728 3216 782 δυνατόν·
3253 728 3356 780 οὐκ
3401 726 3497 798 ἄρα
3522 729 3586 781 ἀεὶ

2037 828 2105 881 τὰ
2140 827 2254 892 ζῶα
2294 827 2388 880 καὶ
2413 825 2481 879 τὰ
2513 824 2655 894 φυτά
2680 827 2744 877 ἐκ
2777 823 3097 894 σπέρματος
3129 821 3363 888 γίνεται.
3389 819 3518 878 Ἔτι,
3550 821 3586 871 ει

2039 919 2173 985 ζῶον
2204 920 2429 990 γενητὸν
2463 919 2751 989 ἑκάτερον,
2787 916 2854 969 τὸ
2881 917 3106 987 σπεῖρον
3138 913 3236 966 καὶ
3267 911 3330 964 τδ
3362 912 3423 964 ὲκ
3453 912 3586 981 σπέρ-

2041 1030 2208 1084 ματος
2242 1012 2582 1083 γιγνόμενον,
2615 1010 2708 1063 καὶ
2747 1010 2854 1062 οὐκ
2889 1007 2954 1060 ὲκ
2987 1005 3082 1062 τοῦ
3118 1004 3288 1058 αὐτοῦ
3333 1004 3587 1072 ὑποκειμέ-

2037 1125 2128 1160 νου
2159 1107 2440 1177 ἑκάτερον,
2475 1102 2609 1158 ἀλλά
2649 1102 2878 1172 θάτερον
2915 1101 3013 1170 μὲν
3051 1100 3118 1151 ὲκ
3153 1096 3252 1150 τοῦ
3290 1097 3584 1166 σπέρματος,

2036 1198 2222 1270 ἕτερον
2255 1197 2310 1252 δὲ
2341 1197 2441 1250 οὐκ
2482 1198 2544 1249 ὲκ
2578 1194 2672 1248 τοῦ
2706 1193 3024 1264 σπέρματος
3044 1208 3056 1220 ”
3097 1189 3218 1252 πῶς
3247 1189 3308 1241 οὗ
3348 1187 3521 1257 deuia;
3545 1189 3588 1238 τδ

2037 1291 2123 1344 ἀεὶ
2163 1290 2230 1344 τὰ
2265 1288 2380 1355 ζῶα
2411 1288 2651 1358 γίνεσθαι
2683 1289 2747 1340 ὲκ
2784 1287 2881 1339 τοῦ
2925 1285 3291 1354 σπέρματος;
3345 1282 3450 1334 Καὶ
3491 1282 3588 1349 περὶ

2036 1383 2145 1437 τῶν
2181 1384 2364 1453 φυτῶν
2395 1386 2423 1438 ὁ
2447 1382 2604 1444 αὐτὸς
2637 1381 2813 1450 λόγος.
2856 1380 3003 1442 Ἔτι,
3035 1380 3085 1430 εί
3112 1377 3262 1450 ἀρχὴ
3300 1375 3398 1445 μὲν
3430 1372 3515 1426 τοῦ
3542 1376 3588 1425 ἐκ

2041 1477 2352 1549 σπέρματος
2385 1473 2702 1544 γιγνομένου
2740 1473 2859 1524 ἐστὶ
2883 1471 2944 1524 τὺ
2978 1472 3231 1541 σπεῖρον,
3261 1468 3522 1536 ἄγνωστον

2038 1569 2196 1622 τοῦτο
2229 1569 2322 1622 καὶ
2350 1567 2651 1640 ἀδιὸριστον
2693 1566 2750 1618 ὲν
2788 1567 2856 1635 τῇ
2895 1562 3261 1635 πραγματείᾳ
3302 1557 3409 1627 τῆς
3445 1561 3586 1611 hic:-

2039 1660 2152 1728 κῆς
2200 1658 2566 1729 Ἀκροάσεως
2595 1654 3018 1729 Ἀριστοτέλους,
3051 1654 3199 1716 τίνος
3233 1651 3422 1704 ’ἐνεκεν
3460 1647 3587 1717 ἐγρά-

2040 1772 2114 1825 φη
2170 1753 2307 1825 αὕτη
2357 1754 2389 1824 ὴ
2457 1748 2844 1822 πραγματεία,
2901 1747 2999 1816 τῆς
3039 1743 3223 1816 ἀρχῆς
3262 1740 3587 1809 ἀγνοουμένης

2041 1844 2134 1897 τοῦ
2162 1842 2379 1915 πρώτου
2409 1840 2547 1906 ζώου
2576 1858 2634 1893 τε
2671 1841 2765 1893 καὶ
2803 1836 3006 1908 φυτοῦ;
3065 1835 3380 1889 Ἀκολουθεῖ
3418 1832 3514 1902 γὰρ
3539 1833 3584 1900 τῇ

2043 1935 2286 2005 ἀγνωσίξν⁵
2315 1933 2415 2004 τῆς
2442 1931 2673 2003 ἀρχῆςὴ
2708 1930 2956 2000 ἀγνωσία
2994 1928 3105 1982 τῶν
3139 1926 3205 1991 ὲξ
3248 1925 3456 1997 ἀρχῆς
3481 1924 3520 1976 εί
3545 1922 3589 1974 τὸ

2044 2027 2179 2092 ζῶον
2203 2027 2265 2079 τὸ
2305 2028 2369 2078 ὲκ
2404 2024 2716 2096 σπέρματος
2754 2022 3101 2093 γιγνόμενον,
3141 2019 3358 2089 γίνεται
3398 2017 3453 2069 δὲ
3485 2015 3588 2067 κατὰ

2041 2119 2222 2186 φύσιν,
2255 2116 2410 2188 δῆλον
2453 2117 2533 2170 ὅτι
2556 2115 2652 2170 τοῦ
2678 2115 2841 2170 αὑτοῦ
2871 2113 3008 2179 ζὼου
3033 2111 3360 2182 γιγνομένου
3396 2109 3506 2180 μὲν,
3536 2105 3588 2174 μὴ

2041 2212 2106 2264 ἐκ
2141 2210 2452 2282 σπέρματος
2483 2209 2560 2272 δὲ,
2590 2208 2650 2261 οὐ
2679 2208 2892 2277 γίνεται
2924 2206 3066 2260 κατά
3093 2204 3281 2274 φύσιν.
3306 2202 3589 2255 Είπάτωσαν

2041 2299 2135 2356 οὖν
2169 2303 2218 2355 οι
2272 2299 2710 2373 Ἀριστοτελικοῖ,
2760 2299 2906 2352 κατά
2943 2298 2996 2350 τί
3035 2298 3252 2366 γίνεται
3293 2294 3354 2347 τὸ
3387 2290 3513 2356 ζῶον
3545 2292 3591 2340 τὸ

2045 2394 2119 2466 μὴ
2145 2393 2284 2446 κατὰ
2316 2393 2476 2463 φύσιν
2504 2392 2841 2463 γιγνόμενον.
2883 2392 3028 2454 Ἔτι,
3069 2392 3141 2451 εί,
3182 2387 3443 2457 διαφορᾶς
3484 2382 3590 2435 κατὰ

2041 2488 2252 2556 γένεσιν
2290 2486 2385 2542 τοῦ
2413 2486 2550 2552 ζώου
2578 2485 2846 2556 δοθείσης,
2887 2484 2982 2537 τοῦ
3011 2501 3072 2535 τε
3107 2483 3173 2534 ὲκ
3199 2480 3498 2551 σπέρματος
3521 2476 3592 2533 καὶ

2043 2580 2182 2633 κατά
2212 2580 2395 2652 φύσιν,
2440 2581 2533 2633 καὶ
2577 2577 2670 2632 τοῦ
2707 2577 2783 2655 μὴ
2816 2579 2883 2630 ὲκ
2922 2575 3264 2647 σπέρματος,
3308 2573 3440 2644 μήτε
3483 2567 3592 2620 κατὰ

2043 2675 2202 2740 φύσιν
2237 2674 2577 2745 γιγνομένου,
2621 2673 2834 2744 ἀνάγκη
2877 2669 3308 2741 πεπερασμένην
3350 2659 3480 2717 εἶναι
3518 2663 3590 2730 τὴν

2042 2767 2255 2834 γένεσιν
2279 2783 2290 2795 '
2325 2765 2443 2830 πῶς
2479 2762 2573 2819 οὖν
2607 2763 2852 2834 σύναρχα
2882 2763 3132 2830 λέγουσιν
3179 2758 3440 2828 Ἕλληνες
3467 2755 3524 2806 τά
3550 2769 3592 2804 τε

2043 2859 2156 2924 ζῶα
2183 2860 2274 2912 καὶ
2303 2857 2369 2912 τά
2404 2857 2543 2928 φυτά
2571 2856 2649 2928 τῷ
2692 2856 2833 2926 θεῷ,
2867 2856 2934 2907 τὰ
2968 2854 3110 2907 κατά
3148 2851 3311 2924 φύσιν
3349 2846 3589 2918 γεγονότα.

2042 2951 2110 3006 τὰ
2137 2957 2272 3024 μήτε
2301 2951 2378 3022 τῷ
2415 2950 2614 3022 πρώτῳ
2638 2947 2761 3020 ζώῳ
2791 2965 2852 3000 τε
2879 2949 2972 3000 καὶ
2998 2945 3150 3016 φυτῷ
3179 2945 3451 3014 σύγχρονα
3485 2935 3591 2992 εἶναι

2042 3044 2348 3114 δυνάμενα;
2375 3045 2516 3107 Ἔτι,
2541 3045 2590 3095 εί
2617 3042 2763 3104 ἅπαν
2798 3040 2861 3093 τὸ
2899 3039 3225 3109 γιγνόμενον
3264 3036 3350 3089 ἀεὶ
3377 3031 3591 3086 σύνθετόν

2043 3139 2179 3201 ἐστι,
2213 3135 2330 3200 πῶς
2356 3136 2446 3190 τὸν
2478 3135 2674 3208 τρόπον
2711 3133 2820 3187 τῶν
2853 3132 2994 3186 κατὰ
3040 3130 3290 3184 σύνθεσιν
3334 3125 3591 3195 γινομένων

1991 3242 2012 3301 ζ
2043 3231 2110 3300 τῇ
2146 3229 2324 3301 οἰκεία
2369 3228 2463 3282 τοῦ
2509 3228 2712 3298 τρόπου
2757 3225 2995 3300 διαφορᾷ
3033 3224 3145 3277 τῶν
3188 3222 3362 3277 ἄλλων
3387 3221 3488 3273 τιῶν
3517 3219 3590 3285 τῆς

2047 3321 2312 3389 γενέσεως
2330 3321 2541 3393 τρόπων
2569 3316 2906 3381 διέστειλας;
2951 3319 3013 3370 ΕΞ
3060 3317 3174 3388 γάρ
3208 3317 3354 3370 ἅπαν
3401 3311 3588 3383 γενητὸν

2049 3413 2324 3477 σύνθετον,
2375 3411 2514 3464 κατά
2558 3408 2808 3464 σύνθεσιν
2838 3409 3053 3477 ἀνάγκη
3091 3406 3360 3476 γίνεσθαι.
3401 3403 3526 3456 Ἀλλ’
3556 3402 3588 3451 εξ

2045 3511 2073 3562 ὁ
2103 3507 2301 3578 τρόπος
2342 3507 2440 3576 τῆς
2477 3503 2616 3558 κατά
2647 3501 2898 3556 σύνθεσιν
2931 3500 3205 3569 γενέσεως
3241 3499 3387 3567 πάσῃ
3416 3494 3588 3564 γενέσει

2046 3598 2324 3669 ἁρμόττει,
2345 3596 2612 3668 περιττῶς
2645 3594 2752 3646 τῶν
2785 3593 2963 3648 ἄλλων
2985 3593 3083 3665 τῆς
3118 3592 3381 3660 γενέσεως
3413 3588 3588 3658 τρόπων

2045 3689 2347 3752 διέσταλται
2384 3692 2451 3759 τῇ
2497 3688 2674 3758 οἰκεία
2705 3685 2962 3756 διαφορᾷ.
3017 3685 3159 3748 Ἔτι,
3198 3684 3246 3734 εἰ
3292 3681 3359 3735 τὰ
3403 3676 3585 3733 ὑποκεί-

2048 3799 2183 3853 μενα
2221 3782 2342 3843 ταῖς
2377 3779 2654 3850 ῥηθείσαις
2689 3775 2972 3845 γενέσεσιν
3021 3773 3207 3828 οὐσίαι
3249 3773 3376 3835 εἰσὶ,
3426 3771 3509 3824 καὶ
3546 3769 3586 3817 ἐν

2044 3875 2232 3938 αὑταῖς
2260 3873 2540 3944 θεωρεῖται
2568 3871 2629 3924 τὸ
2649 3870 2823 3924 διττὸν
2845 3869 2940 3922 τοῦ
2971 3867 3357 3937 ὑποκειμένου,
3383 3861 3586 3916 τουτέστι

2044 3969 2103 4022 τὸ
2133 3965 2488 4036 ὑποκείμενον
2521 3964 2616 4016 καὶ
2645 3964 2706 4017 τὸ
2743 3960 3145 4032 ἀντικείμενον,
3175 3959 3208 4028 ὴ
3244 3958 3304 4010 δὲ
3338 3955 3430 4024 ὕλη
3460 3951 3585 4005 οὐσία

2043 4061 2142 4114 οὐκ
2175 4059 2311 4122 ἔστι,
2349 4057 2465 4120 πῶς
2495 4055 2756 4128 ἁρμόττει
2787 4056 2816 4106 ὁ
2847 4053 3049 4125 τρόπος
3081 4051 3183 4121 τῆς
3217 4049 3469 4120 γενέσεως
3504 4041 3584 4093 τῶν

2043 4152 2102 4220 ἐξ
2133 4149 2329 4206 οὐσιῶν
2361 4148 2694 4220 γιγνομένων
2728 4146 2806 4216 τῷ
2853 4146 3042 4218 τρόπῳ
3079 4144 3179 4223 τῆς
3224 4143 3477 4211 γενέσεως
3503 4134 3584 4186 τῶι

2046 4245 2120 4317 μὴ
2167 4245 2225 4312 ἐξ
2269 4245 2456 4307 οὐσίας
2489 4241 2862 4311 γιγνομένωνς
2924 4237 3168 4306 ’Λνάγκη
3213 4235 3321 4316 ἄρα
3360 4231 3391 4303 ἦ
3433 4227 3582 4282 οὐσίαν

2043 4338 2178 4394 εἶναι
2205 4341 2302 4411 τὴν
2327 4340 2478 4410 ὓλην,
2512 4338 2545 4410 ἢ
2580 4335 2766 4408 τρόπῳ
2799 4333 2975 4406 ἑτέρῳ
3017 4330 3302 4400 γίγνεσθαι
3331 4327 3396 4380 τὰ
3421 4327 3478 4385 ὲκ
3509 4325 3583 4389 τῆς

2043 4435 2174 4504 ὕλης
2221 4434 2515 4504 γιγνόμενα
2563 4429 2712 4500 παρά
2743 4429 2872 4492 τοὺς
2925 4426 3192 4498 ῥηθέντας
3247 4423 3466 4504 τρόπους

2043 4526 2328 4595 γενέσεως.
2371 4523 2506 4578 Ἀλλ’
2533 4521 2720 4592 ἐπειδὴ
2743 4523 2811 4592 τῇ
2847 4517 3204 4594 πραγματεία
3233 4514 3337 4579 τῆς
3359 4514 3581 4569 φυσικῆς

365 4611 515 4681 gigni
554 4624 618 4664 ac
645 4609 924 4681 pratdictis
954 4609 1329 4680 generationis
1358 4607 1556 4662 modis.
1589 4605 1694 4662 Sed
1729 4607 1811 4680 qui

2133 4618 2424 4687 ’φράσεως
2456 4620 2489 4690 ὴ
2526 4617 2622 4687 ὒλη
2656 4614 2934 4686 διώρισται
2980 4611 3056 4682 μὴ
3089 4605 3232 4664 εἶναι
3265 4606 3429 4662 οὐσία,
3457 4601 3532 4653 καὶ
3559 4598 3579 4645 ὁ

369 4705 796 4781 pertractatione
842 4700 1128 4756 Naturalis
1178 4701 1604 4756 Auscultatiunis
1661 4699 1942 4754 materiam

367 4797 630 4850 statuitur
667 4811 775 4848 non
805 4810 929 4848 esse
966 4793 1332 4850 substantiam
1359 4836 1373 4858 ,
1411 4809 1510 4847 nec
1551 4794 1747 4847 modus
1780 4807 1942 4861 gene-

367 4891 597 4948 rationis
625 4904 836 4952 eorum,
858 4904 978 4956 quae
1007 4904 1070 4946 ex
1093 4887 1181 4941 illa
1215 4888 1368 4949 ﬁunt,
1391 4888 1718 4956 exponitur:
1757 4902 1939 4939 annon

367 4983 578 5038 inutilis
626 4983 744 5053 ipsa
812 4982 1166 5052 pertractatio
1195 5024 1207 5047 ,
1259 4984 1314 5036 in
1373 4997 1480 5052 qua
1515 4998 1624 5037 non
1671 4983 1940 5052 reperitur

366 5076 494 5148 quid
539 5077 784 5147 liqueat?
813 5075 1006 5129 Adhuc
1037 5075 1203 5130 etiam
1235 5078 1318 5138 si,
1355 5083 1413 5128 ut
1447 5091 1672 5131 necesse
1709 5085 1791 5129 est
1838 5090 1933 5128 na-

365 5179 501 5226 tura:
533 5180 586 5222 et
615 5169 719 5223 arti
753 5185 860 5221 non
900 5168 1157 5240 quaelibet
1206 5183 1274 5220 ex
1318 5168 1689 5236 quibuslibet,
1734 5165 1827 5220 scd
1876 5181 1942 5224 ex

365 5265 529 5320 certis
556 5271 609 5317 et
649 5261 890 5324 deﬁnitis
920 5272 1069 5315 certa
1103 5269 1158 5316 et
1199 5260 1422 5313 deﬁnita
1468 5261 1681 5324 facere,
1717 5261 1790 5313 ita
1831 5257 1942 5312 Deo

316 5423 319 5426 ί
366 5354 669 5413 necessitas
698 5351 853 5408 adest
879 5367 944 5406 ex
979 5351 1149 5404 certis
1192 5357 1248 5403 et
1277 5350 1523 5404 deﬁnitis
1557 5359 1702 5403 ceita
1726 5358 1780 5404 et
1808 5350 1942 5404 deﬁ-

366 5446 480 5499 nita
519 5444 785 5504 faciendi:
823 5444 946 5514 quis
977 5452 1060 5498 est
1094 5445 1186 5515 qui
1221 5445 1365 5496 hanc
1412 5441 1524 5496 Deo
1558 5442 1727 5508 legem
1760 5440 1937 5508 impo-

366 5545 514 5597 suit?
550 5543 626 5595 Ac
661 5554 872 5597 natura:
898 5541 1115 5613 quidem
1157 5550 1210 5596 et
1240 5542 1346 5596 arti
1391 5542 1531 5595 hane
1557 5555 1586 5591 a
1619 5537 1728 5591 Deo
1766 5539 1938 5607 legem

367 5633 677 5702 llupositaui
712 5633 884 5688 fuisse
922 5632 1274 5693 manifestum
1308 5638 1414 5686 est.
1453 5629 1555 5684 Sed
1590 5629 1635 5684 si
1670 5629 1811 5683 Deus
1837 5630 1936 5698 legi

369 5739 472 5779 run
509 5725 731 5787 subest,
765 5727 858 5779 sed
897 5743 959 5783 ex
1001 5729 1247 5796 quolibet
1292 5727 1545 5797 quaslibet
1577 5725 1743 5789 facit,
1793 5727 1939 5782 nulla

364 5825 484 5865 "um
535 5816 667 5882 tegis
716 5820 1039 5870 necessitate.
1073 5819 1397 5887 prohibente
1439 5819 1735 5887 quominus
1781 5822 1940 5890 quid—

2039 4712 2238 4784 τρόπος
2266 4712 2364 4781 τῆς
2411 4711 2677 4779 γενέσεως
2717 4707 2826 4761 τῶν
2872 4705 2932 4772 ἐξ
2974 4704 3147 4774 αὐτῆς
3189 4698 3498 4771 γιγνομὲνων
3525 4707 3578 4784 ὀυ

2042 4799 2422 4872 παραδέδοται,
2448 4798 2562 4862 πῶς
2615 4797 2676 4850 οὐ
2725 4795 2953 4866 περιττὴ
2994 4793 3134 4862 αὔτη
3181 4795 3214 4862 ἡ
3258 4779 3573 4860 πραγματείί,

2037 4895 2095 4944 ὲν
2167 4892 2227 4944 τὸ
2250 4891 2422 4960 σαφὲς
2440 4890 2662 4963 ἄπορονς
2689 4889 2832 4951 Ἔτι,
2852 4886 3010 4949 Siue;
3033 4885 3248 4954 ἀνάγκη
3265 4886 3326 4952 τῇ
3343 4879 3483 4946 φύσει
3505 4873 3574 4923 καὶ

2037 4989 2102 5055 τῇ
2137 4984 2299 5055 τέχνῃ
2326 4983 2386 5034 τὸ
2435 4983 2509 5053 μὴ
2551 4984 2614 5034 ἐκ
2643 4979 2734 5032 τοῦ
2767 4977 3017 5047 τυχόντος
3063 4979 3240 5028 ποιεῖν
3280 4973 3342 5024 τὰ
3365 4967 3570 5038 τυχόντα,

2037 5076 2148 5129 ἀλλ’
2184 5077 2247 5130 ὲκ
2279 5073 2388 5125 τῶν
2415 5071 2734 5144 ὡρισμένων
2757 5068 2823 5120 τὰ
2855 5066 3161 5146 ὡρισμένα,
3197 5063 3360 5122 οὕτως
3399 5055 3571 5125 ᾇνάτκτὶ

2042 5170 2134 5224 καὶ
2156 5169 2231 5238 τῷ
2257 5169 2376 5239 Θεῷ
2399 5170 2459 5220 ἐκ
2475 5168 2580 5218 τῶν
2596 5163 2914 5235 ὡρισμένων
2945 5163 3120 5212 ποιεῖν
3140 5151 3499 5227 τάὼρισμένι,
3513 5143 3571 5196 τίέ

2040 5263 2186 5315 ἐστιν
2218 5265 2246 5315 ὁ
2292 5261 2372 5331 τῷ
2402 5259 2522 5330 Θεῷ
2564 5258 2752 5310 τοῦτον
2789 5255 2880 5306 τὸν
2926 5254 3051 5324 ὅρον
3091 5252 3339 5320 θέμενοςς
3388 5246 3494 5307 Ὀτι
3529 5235 3568 5288 δὲ

2037 5357 2102 5426 τῇ
2123 5356 2280 5423 φύσει
2315 5355 2409 5405 καὶ
2439 5354 2504 5422 τῇ
2538 5349 2742 5420 τέχνῃὸ
2774 5347 2907 5408 Θεὸς
2940 5344 3104 5418 ἔθηκε
3129 5342 3312 5395 τοῦτον
3341 5338 3427 5389 τὸν
3454 5334 3567 5401 ὅρος.

2039 5447 2290 5516 φανερόν.
2323 5446 2384 5498 Εἰ
2415 5445 2472 5498 δὲ
2505 5445 2532 5495 ὁ
2564 5442 2692 5502 Θεὸς
2726 5439 2829 5492 ὑπὸ
2860 5438 2952 5489 τὸν
2986 5437 3114 5505 ὅρον
3143 5435 3244 5487 οὐκ
3279 5432 3433 5487 ἐστιν,
3466 5421 3570 5476 ἁὶλκ

2040 5543 2181 5592 ποιεῖ
2204 5541 2267 5590 ὲκ
2292 5538 2385 5589 τοῦ
2404 5537 2652 5605 τυχόντος
2685 5532 2752 5585 τὰ
2776 5531 3028 5600 τυχόντα.
3052 5531 3118 5599 τῇ
3144 5526 3238 5579 τοῦ
3259 5526 3374 5594 ὅρου
3393 5518 3568 5583 ἀνᾲτιῖί

2044 5633 2118 5702 μὴ
2148 5630 2486 5700 κωλυόμενος
2507 5627 2598 5679 τοῦ
2627 5627 2797 5676 ποιεῖν
2819 5622 2852 5676 ἃ
2876 5621 3124 5691 βούλεται
3144 5637 3156 5647 °
3185 5618 3296 5679 πῶς
3320 5615 3414 5666 οὐκ
3445 5609 3566 5678 ἠλευ-

2043 5725 2272 5794 θέρωται
2299 5726 2393 5775 καὶ
2423 5720 2515 5774 τοῦ
2547 5721 2671 5791 ὅρου
2705 5717 2798 5771 τοῦ
2826 5719 2996 5769 ποιεῖν
3025 5717 3087 5767 ἐκ
3111 5714 3218 5770 τῶν
3244 5703 3565 5773 ὑποκειμέῖων

2043 5821 2178 5872 κατὰ
2218 5819 2488 5889 ἑνάγκῃνς

371 5903 497 5982 vim
535 5909 638 5972 \‘Ull
676 5910 897 5975 (ῖίῐὶιίὶιιῖ
930 5914 1197 5992 imminit!
1233 5929 1339 5979 non
1380 5914 1585 5979 5031:1111:
1624 5917 1784 5983 etiam
1819 5923 1867 5970 et
1905 5917 2039 5982 llei"
2070 5923 2146 5969 est
2181 5930 2206 5970 a
2240 5914 2357 5998 lege
2385 5933 2448 5970 ex
2487 5911 2752 5984 subjectis
2780 5912 3096 5976 necessario
3134 5900 3389 5969 faciendi?
