3662 6486
43 390 58 440 l
79 387 173 440 397

718 387 1582 458 coarcraruiouoncuna

1793 396 2129 454 STOTELIS
2161 398 2576 458 DUGMATUM.

3158 405 3297 462 i498

39 501 84 552 '3.
124 501 237 553 Τοῦ
263 502 453 554 αὐτοῦ
491 503 923 570 Ἀριστοτέλους
953 505 1021 557 ἐκ
1049 506 1152 559 τοῦ
1175 506 1362 560 αὑτοῦ
1397 507 1582 576 λόγου

1792 517 2033 586 Ejusdem
2057 517 2354 571 Aristotelis
2372 534 2436 572 ea:
2457 519 2634 572 eodem
2657 519 2814 580 libra,
2833 518 2929 580 ib.,
2954 534 3005 586 p.
3036 519 3154 582 190,
3177 521 3265 572 ΞΩ.

109 613 125 642 ‹
163 594 327 646 Ἐστι
354 593 491 646 δὲτὸ
523 594 876 664 ὑποκείμενον
902 595 1121 667 ἀριθμῴ
1153 598 1252 667 μὲν
1289 597 1366 661 ἓν,
1401 597 1530 650 εἴδει
1556 599 1612 651 δέ

35 685 139 735 δύο.
192 685 255 738 Ὀ
295 685 394 755 μὲν
427 685 533 756 γὰρ
566 685 866 756 ἄνθρωπος,
907 687 999 738 καὶ
1031 690 1059 739 ὁ
1105 689 1321 758 χρυσὸς,
1356 691 1448 742 καὶ
1480 689 1612 750 ὅλως

38 780 64 844 ἡ
93 776 215 847 ὕλη,
268 777 574 849 ἀριθμητήο
610 778 726 831 τόδε
776 779 885 849 γάρ
917 797 969 831 τι
1017 779 1236 849 μᾶλλον,
1268 781 1362 834 καὶ
1386 782 1445 832 οὕ
1473 780 1616 833 κατὰ

39 870 386 940 συμϐεϐηκὸς
424 872 479 936 ἐξ
513 871 676 923 αὑτοῦ
728 872 933 939 γίνεται
982 872 1045 924 τὸ
1095 873 1444 942 γιγνόμενον*
1480 875 1512 942 ἡ
1557 873 1612 924 δὲ

40 963 292 1033 στέρησις
337 963 429 1016 καὶ
481 965 513 1034 ἡ
565 964 877 1028 ἐναντίωσις
930 964 1292 1034 συμϐεϐηκός.
1333 965 1426 1016 ’Ἑν
1456 964 1514 1017 δὲ
1552 964 1614 1017 τὸ

37 1049 187 1115 εἶδος,
215 1048 329 1105 οἷον
362 1056 393 1124 ἡ
437 1054 610 1118 τάξις,
637 1055 670 1124 ἡ
721 1054 974 1126 μουσικὴ,
1009 1055 1041 1126 ἢ
1075 1056 1182 1107 τῶν
1215 1055 1389 1108 ἄλλων
1420 1073 1472 1108 τι
1504 1054 1614 1108 τῶν

36 1146 170 1197 οὕτω
205 1148 728 1218 κατηγορουμένωνο
785 1149 850 1201 δι’
884 1143 958 1201 ὧν
985 1148 1098 1200 ἔστι
1149 1149 1247 1219 μὲν
1279 1149 1354 1212 ὼς
1396 1148 1490 1201 δύο
1527 1149 1615 1200 λε-

37 1239 185 1290 κτέον
247 1234 386 1291 εἶναι
432 1239 529 1302 τὰς
568 1239 760 1309 ἀρχὰς,
803 1239 917 1291 ἐστι
949 1240 1005 1292 δὲ
1031 1239 1106 1302 ὡς
1147 1242 1314 1309 τρεῖς.
1349 1239 1459 1290 Καὶ
1499 1239 1615 1290 ἔστι

40 1334 129 1399 μὲν
152 1333 230 1395 ὡς
255 1333 323 1384 τὰ
355 1334 590 1393 ἐναντία,
625 1328 734 1386 οἷον
767 1333 821 1386 εἴ
853 1352 934 1396 τις
960 1333 1105 1401 λέγοι
1137 1333 1197 1385 τὸ
1233 1332 1488 1403 μουσικὸν
1523 1332 1615 1384 καὶ

36 1427 86 1476 τὸ
113 1427 375 1493 ἄμουσον,
410 1425 442 1496 ἧ
475 1427 536 1478 τὸ
572 1425 772 1497 θερμὸν
801 1428 894 1480 καὶ¹
927 1427 986 1479 τὸ
1019 1425 1247 1497 ψυχρὸν,
1283 1424 1315 1494 ἢ
1350 1425 1411 1477 τὸ
1443 1427 1615 1495 ἡρμο-

39 1518 226 1586 σμένον
265 1518 355 1569 καὶ
388 1518 759 1587 ἀνάρμοστον·
806 1517 920 1570 ἐστι
966 1517 1023 1570 δέ
1055 1516 1131 1579 ὼς
1173 1515 1256 1569 οὕ.
1295 1516 1415 1568 Ὑπ⁹
1452 1515 1616 1586 ἀλλή-

36 1611 131 1660 λων
160 1609 273 1679 γὰρ
306 1608 534 1679 πάσχειν
561 1609 626 1662 τὰ
655 1609 870 1662 ἐναντία
904 1609 1180 1662 ἀδύνατον.
1215 1608 1415 1661 Λύεται
1436 1609 1492 1661 δὲ
1525 1608 1616 1660 καὶ

36 1700 184 1753 τοῦτο
212 1701 306 1753 διὰ
336 1701 398 1753 τὸ
442 1702 569 1754 ἄλλο
601 1697 738 1755 εἶναι
769 1701 832 1755 τὸ
875 1701 1266 1772 ὑποκείμενον·
1301 1698 1460 1777 τοῦτο
1507 1699 1614 1770 γὰρ

33 1795 125 1845 οὐκ
174 1793 441 1846 ἐναντίον.
486 1795 647 1846 Ὥστε
681 1793 803 1847 οὕτε
853 1794 1071 1856 πλείους
1114 1792 1223 1845 τῶν
1270 1792 1526 1846 ἐναντίων
1559 1793 1616 1845 αἱ

1793 622 1809 652 ι
1855 602 1947 654 Est
1976 611 2157 656 autem
2209 606 2518 674 subjectum
2555 624 2783 662 numero
2832 608 3049 677 quidem
3081 627 3250 664 unum
3278 653 3292 675 ,

1719 692 1890 747 forma
1924 703 2106 748 autem
2142 695 2270 750 duo.
2307 697 2441 752 Nam
2469 699 2633 752 homo
2658 706 2711 754 et
2745 715 2940 753 aurum
2971 715 3035 754 ac
3068 717 3290 770 genera-

1715 787 1810 839 tim
1838 787 2066 840 materia
2105 805 2336 844 numero
2379 792 2661 859 subjecta:
2707 793 2757 846 id
2790 793 2937 846 enim
2971 795 3116 862 quod
3145 796 3203 847 tit
3231 811 3298 848 ex

1716 877 1987 946 subjecto,
2036 880 2239 948 aliquid
2285 883 2523 935 maxime
2567 900 2631 936 ex
2663 899 2729 936 eo
2766 883 2855 949 lit,
2895 900 2996 937 nec
3029 899 3126 954 per
3152 885 3299 939 acci-

1714 971 1871 1025 dens.
1916 971 2012 1026 Est
2052 985 2235 1028 autem
2285 974 2540 1030 accidens
2589 977 2818 1046 privatio
2847 983 2901 1030 et
2931 979 3294 1035 contrarium.

1718 1059 1894 1115 Unum
1921 1071 2099 1116 autem
2132 1073 2216 1118 est
2248 1063 2447 1128 forma,
2473 1067 2620 1120 velut
2650 1067 2788 1121 ordo
2810 1074 2864 1120 et
2888 1069 3099 1123 musica
3134 1078 3187 1123 et
3206 1083 3300 1122 eo-

1717 1170 1836 1207 rum
1884 1155 2162 1224 quidpiam
2213 1174 2335 1226 qum
2370 1158 2546 1212 .simili
2593 1159 2755 1214 modo
2790 1161 3071 1217 dicuntur.
3116 1161 3302 1227 Quare

1715 1246 1841 1300 licet
1869 1247 2094 1316 quidem
2125 1249 2234 1302 duo
2265 1250 2450 1305 dicere
2480 1252 2771 1321 principia,
2800 1252 2928 1307 licet
2960 1253 3126 1308 etiam
3152 1253 3299 1307 tria:

1716 1338 1842 1392 licet
1867 1339 2028 1393 etiam
2054 1342 2327 1394 contraria
2359 1343 2563 1405 dicere,
2599 1346 2748 1399 velut
2781 1345 2827 1399 si
2854 1345 2980 1414 quis
3008 1344 3158 1398 dicat
3189 1361 3302 1398 mu-

1717 1432 1891 1484 sicum
1922 1441 1974 1486 et
2006 1432 2380 1500 immusicum,
2421 1444 2512 1489 aut
2541 1436 2780 1489 calidum
2809 1444 2864 1490 et
2902 1437 3180 1507 frigidum,
3208 1447 3302 1492 aut

1716 1531 2095 1578 constructum
2127 1535 2180 1579 et
2210 1527 2671 1582 inconstructum.
2707 1527 2920 1583 ltursus
2961 1530 3125 1583 etiam
3173 1530 3302 1584 licet

1717 1631 1826 1669 non
1851 1615 2053 1671 dicere.
2089 1617 2379 1673 Contraria
2407 1620 2554 1673 enim
2581 1636 2610 1673 a
2663 1637 2722 1675 se
2771 1622 3004 1676 invicem
3036 1622 3146 1691 pati
3192 1638 3301 1676 non

1717 1716 1969 1776 possunt.
2005 1707 2249 1764 Solvitur
2278 1718 2460 1766 autem
2491 1721 2542 1766 et
2579 1713 2703 1775 hoc,
2730 1715 2858 1783 quia
2891 1713 3039 1766 aliud
3066 1721 3148 1768 est
3180 1713 3305 1767 sub-

1713 1798 1918 1868 jectum
1947 1821 1958 1855 :
1994 1801 2126 1855 illud
2161 1803 2308 1858 enim
2344 1811 2560 1859 nonest
2590 1806 2956 1860 contrarium.
2993 1806 3174 1871 Quare
3204 1823 3304 1860 nec

35 1883 194 1949 ἀρχαὶ
223 1883 428 1953 τρόπον
459 1882 600 1944 τινὰ,
647 1883 784 1936 ἀλλὰ
815 1882 909 1936 δύο
949 1883 1024 1946 ὼς
1049 1883 1223 1935 εἰπεῖν
1253 1883 1330 1953 τῷ
1361 1880 1579 1952 ἀριθμῷ

1792 1909 1873 1947 ira
1923 1896 2218 1951 contrariis
2251 1898 2519 1967 principia
2571 1899 2998 1969 quodammodo,
3051 1899 3148 1955 sed
3203 1915 3304 1953 nu-

35 1973 144 2025 οὕτε
169 1971 239 2027 αὖ
264 1973 542 2037 παντελῶς
573 1974 664 2027 δύο
689 1975 776 2029 διὰ
803 1977 863 2029 τὸ
898 1976 1082 2048 ἕτερον
1110 1976 1374 2047 ὑπάρχειν
1406 1975 1466 2027 τὸ
1481 1973 1616 2027 εἶναι

35 2067 228 2129 αὐτοῖς,
268 2066 407 2120 ἀλλὰ
438 2071 605 2139 τρεῖς.
650 2088 668 2118 ι

100 2161 157 2210 Ei
207 2159 331 2212 ἔστι
380 2161 441 2213 τὸ
493 2161 849 2232 ὑποκείμενον
883 2159 1102 2232 ἀριθμῷ
1139 2161 1236 2230 μὲν
1274 2162 1353 2224 ἓν,
1401 2161 1530 2214 εῖδει
1559 2161 1617 2214 δὲ

33 2254 135 2312 δύο,
173 2253 272 2322 ἀφ’
317 2246 392 2305 ὧν
428 2254 509 2305 δεῖ
539 2253 597 2305 ἐν
625 2254 700 2323 τῷ
734 2254 813 2306 ἐνὶ
847 2251 1188 2316 ὑποκεῖσθαι,
1225 2252 1342 2315 πῶς
1369 2253 1470 2305 οὐκ
1501 2252 1616 2304 ἔστι

37 2345 86 2395 τὸ
113 2345 475 2416 ὑποκείμενον
506 2346 636 2398 αὐτὸ
659 2347 834 2417 ἐαυτῷ
864 2347 1255 2416 ὕποκείμενον;
1285 2346 1347 2397 Εἰ
1370 2345 1427 2396 δὲ
1460 2343 1618 2397 τοῦτο

40 2441 315 2504 ἁόύνατον,
353 2439 470 2503 πῶς
503 2441 602 2492 οὕκ
629 2439 744 2492 ἔστι
789 2440 981 2509 ψευδὲς
1016 2439 1075 2491 τὸ
1109 2440 1237 2492 εἴδει
1265 2438 1357 2492 δύο
1391 2434 1531 2491 εἶναι
1558 2438 1616 2490 τὸ

37 2533 425 2602 ὑποκείμενονς
462 2533 601 2593 Ἔτι,
631 2533 678 2583 εί
710 2531 791 2583 δεῖ
819 2530 1138 2584 ὑποκεῖσθαι
1180 2547 1230 2581 τι
1264 2530 1350 2581 ἀεὶ
1383 2528 1490 2581 τῶν
1535 2544 1618 2595 γι-

39 2625 329 2693 γνομὲνων,
375 2625 489 2676 ἐστι
512 2624 568 2676 δὲ
591 2623 747 2676 τοῦτο
781 2626 813 2694 ἡ
839 2622 961 2694 ὕλη,
1011 2623 1127 2686 πῶς
1155 2624 1254 2674 οὐκ
1289 2621 1433 2673 ἔστιν
1458 2623 1491 2690 ἡ
1519 2619 1615 2689 ὕλη

40 2715 114 2766 ἀεὶ
138 2716 346 2785 γενητή
370 2732 383 2778 ;
420 2715 533 2767 Ἀεὶ
566 2716 676 2787 γὰρ
699 2715 774 2785 τῷ
793 2715 872 2767 ἐνὶ
900 2714 1007 2766 τῶν
1033 2715 1288 2766 ἐναντίων
1313 2715 1613 2766 ὑπόκειται.

42 2806 98 2856 ’11
129 2805 236 2876 γὰρ
270 2809 341 2876 τῇ
392 2809 640 2877 στερήσει
683 2806 987 2858 ὑπόκειται.
1021 2805 1052 2874 ἣ
1099 2804 1175 2874 τῷ
1205 2803 1355 2866 εἴδει,
1392 2801 1618 2869 ἐναντίῳ

40 2897 136 2949 δντι
176 2901 243 2968 τῇ
285 2900 566 2968 στερήσειο
619 2901 710 2952 καὶ
742 2898 819 2969 τῷ
859 2899 987 2952 εἴδει
1024 2897 1121 2968 μὲν
1173 2897 1377 2964 γίνεται
1423 2894 1619 2965 εὕμορ-

43 3009 124 3056 σος
158 2992 301 3062 (55),
329 2995 393 3063 τῇ
417 2993 668 3063 στερήσει
693 2992 749 3044 δὲ
775 2992 1040 3062 ἄμορφος.
1075 2989 1198 3052 Πῶς
1223 2986 1314 3042 οὖν
1341 2990 1440 3040 οὐκ
1473 2987 1619 3039 ἐστιν

39 3084 180 3135 cisia
222 3085 431 3153 γενητὴ
483 3086 513 3152 ἡ
551 3083 682 3152 ὕλη,
725 3084 811 3136 ἀεὶ
838 3083 896 3136 τὺ
929 3078 1067 3136 εἶναι
1114 3081 1356 3152 γενητῶς
1383 3081 1615 3150 ἕχουσας

1716 2002 1890 2049 mero,
1924 1993 1982 2040 ut
2023 1987 2095 2040 ita
2126 1989 2328 2050 dicam,
2362 1989 2471 2042 duo
2499 2010 2510 2044 :
2543 2006 2644 2046 nec
2687 2007 2885 2047 rursus
2915 1993 3024 2046 duo
3054 1991 3301 2054 omnino,

1717 2078 1843 2147 quia
1868 2078 1973 2131 alia
2001 2079 2084 2134 eis
2103 2080 2243 2134 inest
2271 2082 2533 2144 essentia,
2571 2082 2665 2137 sed
2693 2084 2817 2138 tria.
2860 2103 2878 2136 ι

1791 2169 1847 2224 Si
1876 2173 2188 2240 subjectum
2225 2189 2455 2228 numero
2483 2174 2704 2242 quidem
2739 2192 2932 2239 unum,
2982 2176 3155 2230 forma
3199 2191 3305 2229 au-

1718 2270 1822 2317 tem
1873 2264 2016 2318 duo:
2063 2280 2186 2318 cum
2226 2274 2476 2334 Oporteat
2508 2275 2564 2318 ut
2600 2282 2768 2319 unum
2813 2267 2910 2321 uni
2951 2267 3302 2336 subjiciatur,

1717 2355 1990 2423 quomodo
2032 2356 2342 2425 subjectum
2395 2374 2505 2412 non
2555 2366 2639 2413 est
2673 2360 2775 2413 sibi
2810 2359 2915 2428 ipsi
2950 2357 3305 2427 subjectum?

1717 2446 1872 2512 Quod
1917 2449 1964 2501 si
2013 2449 2064 2502 id
2103 2448 2216 2503 ﬁeri
2251 2465 2358 2503 non
2401 2457 2620 2519 potest;
2656 2449 2931 2519 quomodo
2957 2449 3156 2504 falsum
3191 2465 3301 2503 non

1717 2548 1802 2593 est
1845 2539 2019 2594 forma
2069 2541 2178 2596 duo
2228 2557 2351 2596 esse
2384 2541 2732 2610 subjectum?
2766 2541 2972 2596 Deinde
3004 2543 3049 2596 si
3075 2557 3304 2597 necesse

1719 2641 1801 2686 est
1853 2649 2070 2702 semper
2121 2634 2317 2702 subjici
2365 2635 2572 2704 aliquid
2598 2650 2786 2689 eorum
2819 2652 2942 2704 qua:
2977 2636 3134 2698 iiunt,
3168 2635 3304 2689 illud

1719 2734 1899 2780 autem
1929 2727 2159 2780 materia
2189 2735 2310 2782 est:
2341 2727 2617 2797 quomodo
2646 2744 2754 2782 non
2774 2729 2957 2798 genita
2982 2744 3198 2799 semper
3219 2736 3308 2784 est

1718 2820 1990 2873 materia?
2021 2820 2247 2889 Semper
2276 2822 2421 2876 enim
2450 2822 2542 2874 uni
2561 2823 2963 2876 contrariorum
2988 2822 3306 2890 subjicitur.

1721 2910 1813 2965 Vel
1850 2913 1994 2965 enim
2018 2912 2311 2980 privationi
2339 2913 2652 2981 subjicitur,
2677 2914 2758 2966 vel
2786 2913 2992 2978 formae,
3022 2929 3145 2982 qua:
3174 2929 3310 2968 eou-

1720 3004 1888 3056 traria
1925 3013 2010 3058 est
2045 3005 2340 3072 privationi
2369 3024 2381 3059 :
2413 3020 2477 3059 ac
2513 3006 2686 3059 forma
2707 3005 2927 3075 quidem
2960 3005 3016 3058 lit
3046 3005 3306 3070 formata,

1722 3099 2028 3169 privatione
2058 3106 2238 3152 autem
2274 3097 2545 3152 informis.
2581 3088 2865 3164 Quomodo
2897 3113 3028 3167 ergo
3079 3098 3308 3152 materia

45 3175 170 3235 Ἔτι,
215 3177 269 3226 εἰ
321 3175 642 3245 ὴστέρησις
695 3175 844 3226 οὐδέν
896 3176 1043 3226 ἐστιν
1083 3173 1270 3243 ἕτερον
1323 3171 1473 3242 παρὰ
1523 3170 1582 3242 τὴ

1792 3208 1832 3244 »ιι
1863 3199 1949 3245 est
1995 3191 2303 3246 substantia
2346 3191 2549 3261 genita,
2586 3206 2708 3260 qua
2738 3205 2957 3260 semper
2989 3204 3114 3244 esse
3145 3189 3310 3243 habet

39 3268 310 3339 ἀναίρεσιν
341 3268 541 3330 παντὸς
569 3268 662 3320 τοῦ
692 3268 862 3331 ὄντος,
887 3268 1084 3338 ἔχουσα
1114 3267 1167 3320 δὲ
1198 3265 1398 3335 ταύτην
1428 3268 1459 3336 ἡ
1493 3264 1615 3335 ὕλη,

45 3365 144 3426 πῶς
172 3366 277 3417 οὐκ
324 3363 590 3433 ἀνῄρηται
619 3361 789 3430 αὐτῆς
836 3362 929 3413 καὶ
955 3360 1015 3412 τὸ
1056 3355 1191 3412 εἷναι
1231 3359 1400 3428 αὐτὴν
1450 3356 1617 3427 ὕλην;

48 3457 171 3516 Ἔτι,
202 3459 252 3508 εἰ
286 3456 517 3517 ἀπόντος
545 3454 636 3507 τοῦ
684 3454 855 3516 εἴδους
884 3454 982 3523 τῆς
1011 3452 1161 3522 ὕλης,
1195 3451 1418 3504 ἄπεστιν
1449 3449 1621 3518 αὐτῆς

46 3552 124 3601 καί
148 3551 206 3602 τὸ
236 3546 377 3603 εἶναι
417 3548 584 3618 αὐτὴν
629 3549 837 3610 οὐσίαν,
869 3548 963 3600 καὶ
1003 3545 1064 3598 τὺ
1089 3545 1206 3597 τόδε
1251 3562 1302 3597 τι
1333 3544 1426 3596 καὶ
1453 3542 1512 3594 τὸ
1539 3542 1619 3604 ὃν,

43 3642 266 3711 οὐδαμοῦ
299 3643 406 3709 ἄρα
437 3644 468 3711 ἡ
502 3641 600 3711 ὕλη
626 3641 858 3703 ἀπόντος
901 3638 1074 3708 αὐτῆς
1118 3635 1211 3690 τοῦ
1243 3636 1432 3698 εἴδους,
1479 3637 1618 3695 Ἔτι,

45 3738 84 3784 εἰ
111 3735 386 3806 ἀριθμητὴ
416 3737 449 3805 ὴ
481 3735 602 3805 ὕλη,
632 3735 700 3786 τὰ
727 3734 782 3786 δὲ
812 3734 1030 3786 ἐναντία
1060 3731 1128 3784 τὰ
1156 3730 1460 3801 ταύτῃ
1486 3747 1621 3798 συμ-

44 3827 301 3898 ϐεϐηκότα
338 3830 440 3882 οὕκ
486 3827 783 3898 ἀριθμητὰ,
816 3827 931 3890 πῶς
958 3827 1106 3896 τρεῖς
1147 3825 1332 3895 ἁρχαὶ,
1363 3823 1397 3893 ἦ
1430 3841 1488 3874 τε
1520 3822 1619 3892 ὕλη

49 3923 127 3974 καὶ
150 3923 215 3975 τὰ
265 3921 440 3992 ταύτῃ
497 3919 880 3992 συμϐεϐηκότα
905 3936 918 3982 ;
949 3920 1012 3970 Εἰ
1040 3917 1190 3971 οὐδὲν
1219 3909 1293 3968 ὧν
1325 3915 1434 3985 (55)
1467 3916 1522 3967 ἐν
1552 3918 1618 3985 τῇ

49 4015 290 4067 συστάσει
319 4014 430 4066 τῶν
459 4013 671 4083 φύσεων
700 4011 1034 4083 γιγνομένων
1075 4008 1442 4080 θεωρούμενόν
1472 4008 1620 4058 ἐστιν

48 4106 102 4156 ἐκ
126 4107 221 4176 τῆς
251 4107 405 4175 ὕλης,
455 4106 574 4158 οὐδὲ
628 4106 688 4158 τὸ
718 4106 869 4158 ποιὸν
914 4103 1033 4156 οὐδὲ
1079 4102 1140 4155 τὸ
1187 4101 1373 4160 ποσὸν,
1406 4100 1522 4161 πῶς
1562 4099 1622 4162 ἐξ

50 4199 199 4268 αὑτῆς
227 4199 298 4251 τὰ
327 4199 623 4268 γιγνόμενα
655 4198 899 4266 γίγνεται
947 4196 1068 4249 καθ’
1125 4195 1303 4257 αὐτάς
1335 4195 1397 4246 Εἰ
1427 4193 1622 4245 ἀδύνα-

48 4291 124 4341 τόν
142 4309 188 4344 τι
221 4288 355 4343 εἶναι
393 4290 467 4361 μὴ
497 4287 634 4342 εἶναι
665 4290 756 4342 καὶ
783 4289 900 4340 vias
928 4307 978 4341 τι
1010 4290 1074 4350 ¹¹,
1107 4288 1222 4350 πῶς
1251 4287 1337 4339 διὰ
1366 4286 1462 4357 τὴν
1496 4286 1619 4338 στε-

51 4399 188 4450 ρησιν
214 4384 335 4435 τόδε
365 4400 416 4434 τι
451 4382 522 4452 μὴ
543 4379 675 4434 οὖσα
704 4385 736 4452 ἡ
769 4381 888 4450 ὕλη,
919 4382 978 4432 τὸ
1008 4377 1144 4433 εἶναι
1163 4380 1273 4450 ἔχει
1300 4396 1313 4444 ;
1345 4380 1406 4430 Εἰ
1435 4381 1467 4448 ἡ
1503 4377 1620 4430 στέ-

51 4492 190 4542 {li-pi;
236 4477 332 4527 καὶ
360 4474 420 4525 τὸ
449 4474 583 4538 εἶδος
609 4478 673 4544 τῇ
705 4473 804 4545 ὕλῃ
837 4473 1200 4543 συμϐέϐηκεν,
1233 4472 1390 4523 οὐσία.
1423 4470 1478 4523 δὲ
1520 4470 1620 4522 οὐκ

1723 3285 1948 3353 genite?
1977 3283 2112 3338 Item
2149 3282 2308 3352 552
2341 3283 2386 3336 si
2418 3284 2653 3352 privatio
2680 3283 2816 3337 nihil
2848 3282 2997 3336 aliud
3026 3293 3111 3336 est
3145 3299 3310 3352 quam

1723 3375 1948 3430 abolitio
2007 3379 2187 3431 omnis
2244 3378 2411 3441 eritis,
2454 3378 2568 3431 haec
2599 3384 2780 3430 autem
2842 3378 2986 3432 inest
3031 3377 3307 3431 materie:

1723 3471 1999 3538 quomodo
2032 3485 2139 3524 non
2172 3471 2239 3523 ab
2262 3487 2325 3524 ea
2352 3472 2603 3526 aufertur
2632 3470 2847 3540 etquod
2879 3471 2997 3539 ipsa
3025 3479 3110 3524 est
3141 3479 3310 3525 mate-

1723 3558 1847 3611 ria?
1875 3559 2004 3613 ltem
2037 3561 2105 3623 si,
2136 3560 2361 3614 absente
2397 3560 2569 3613 forma
2604 3575 2631 3611 a
2672 3560 2924 3622 materia,
2957 3560 3114 3613 abest
3141 3560 3307 3613 etiam

1723 3651 1792 3705 ab
1823 3667 1884 3704 ea
1927 3654 2222 3721 quominus
2254 3654 2325 3705 sit
2376 3652 2684 3706 substantia
2729 3658 2783 3704 et
2835 3658 3045 3704 certum
3093 3651 3225 3720 quid
3255 3661 3310 3705 et

1721 3760 1853 3809 ens;
1901 3745 2092 3799 nullibi
2142 3760 2274 3813 ergo
2319 3745 2544 3798 materia
2577 3744 2803 3797 absente
2845 3741 3039 3796 forma.
3073 3742 3224 3802 Item,
3259 3743 3305 3796 si

1722 3837 2078 3897 numerabilis
2102 3837 2351 3899 materia,
2373 3852 2494 3905 quae
2516 3846 2696 3890 autem
2727 3835 2776 3888 ei
2806 3835 3062 3888 accidunt
3083 3835 3309 3889 minime

1724 3929 2124 3984 numerabilia:
2161 3929 2437 3998 quomodo
2484 3930 2584 3982 tria
2627 3937 2757 3981 sunt
2796 3926 3089 3996 principia,
3135 3935 3307 3981 mate-

1724 4024 1804 4077 ria
1853 4030 1907 4077 el
1955 4038 2076 4092 quae
2125 4022 2201 4075 illi
2247 4020 2546 4075 accidunt?
2597 4017 2654 4072 Si
2689 4019 2823 4072 nihil
2853 4034 3067 4080 eorum,
3105 4033 3227 4086 quae
3253 4018 3308 4072 in

1723 4113 2115 4167 constitutione
2162 4120 2484 4165 naturarum
2534 4109 2842 4179 genitarum
2885 4110 3188 4170 cernimus,
3239 4123 3308 4162 ex

1724 4206 1950 4258 materia
1985 4212 2090 4269 est,
2123 4220 2223 4257 nec
2255 4203 2525 4272 qualitas,
2561 4218 2660 4256 nec
2691 4203 3001 4270 quantitas:
3032 4200 3309 4269 quomodo

1722 4311 1844 4364 qua:
1869 4311 1936 4348 ex
1980 4310 2042 4347 ea
2078 4294 2233 4360 ﬁunt,
2267 4310 2362 4362 per
2393 4293 2573 4361 seipsa
2616 4292 2795 4346 tiunt?
2837 4289 2892 4344 Si
2927 4291 3043 4346 ﬁeri
3073 4307 3178 4345 non
3210 4307 3308 4360 po-

1724 4394 1830 4442 test
1878 4396 1935 4438 ut
1965 4386 2170 4455 aliquid
2221 4387 2292 4440 sit
2336 4401 2437 4440 nec
2483 4392 2692 4440 certum
2721 4385 2852 4454 quid
2889 4384 2999 4441 sit:
3031 4385 3307 4452 quomodo

1726 4478 1975 4540 materia,
2025 4492 2150 4529 cum
2182 4484 2405 4545 propter
2436 4477 2794 4545 privationem
2830 4491 2938 4528 non
2980 4476 3051 4528 sit
3094 4482 3303 4529 certum

51 4566 175 4619 ἔστιν
205 4573 238 4639 ἡ
269 4570 392 4639 ὕλη,
427 4568 542 4630 πῶς
580 4567 752 4639 ταύτῃ
781 4566 1092 4636 συμϐέϐηκε
1138 4565 1205 4616 τὰ
1251 4564 1507 4625 ἐναντία;
1539 4563 1580 4614 Τ

1792 4571 1873 4634 id,
1909 4587 2032 4625 esse
2066 4571 2262 4624 habet?
2293 4569 2347 4623 Si
2385 4571 2618 4638 privatio
2645 4576 2700 4623 et
2733 4568 2904 4622 forma
2945 4568 3186 4622 materia:
3213 4583 3306 4622 ac-

51 4661 142 4730 γᾶρ
169 4664 328 4734 οὐσίᾳ
379 4661 663 4732 συμϐαίνει
701 4660 769 4712 τὰ
808 4657 1208 4729 συμϐεϐηκότα.
1262 4658 1322 4708 Εἰ
1352 4655 1539 4725 ὥσπερ
1587 4657 1619 4724 ἡ

50 4753 182 4816 τάξις
211 4757 269 4807 ἐν
326 4758 440 4816 τοῖς
487 4753 860 4821 τεταγμένοις,
891 4751 1034 4803 οὕτω
1076 4751 1169 4802 καὶ
1207 4748 1268 4800 τὸ
1295 4744 1433 4809 εἶδος
1471 4748 1526 4798 ἐν
1556 4749 1621 4816 τῇ

51 4843 154 4914 ain.
209 4847 330 4908 πῶς
386 4845 453 4897 τὰ
487 4845 583 4914 μὲν
637 4845 844 4897 ἄτακτα
888 4842 994 4912 πρὸ
1023 4840 1122 4909 τῆς
1162 4840 1368 4905 τάξεως
1396 4839 1455 4890 τδ
1485 4834 1622 4890 εἶναι

49 4938 147 4989 τάδε
173 4957 225 4991 τι
257 4939 405 5008 ἔχει;
457 4940 488 5006 ἠ
519 4937 626 5008 γὰρ
657 4937 756 5006 ὕλη
789 4936 898 5005 (56)
931 4935 1036 5005 πρὸ
1080 4933 1174 4986 τοῦ
1205 4933 1378 4995 εἴδους
1397 4933 1457 4984 τὸ
1486 4927 1622 4984 εἶναι

49 5030 150 5081 τάδε
182 5031 254 5101 μὴ
285 5032 505 5100 ἔχουσα,
549 5029 778 5091 σώζεται
824 5031 880 5080 ἐν
910 5030 974 5098 τῇ
1007 5027 1104 5097 ὕλῃ
1151 5028 1184 5096 ἡ
1227 5024 1487 5092 ἀναλογία
1526 5023 1624 5092 τῆς

49 5123 238 5189 τάξεως
265 5126 342 5187 ὡς
374 5125 510 5195 πρὸς
543 5125 603 5175 τὸ
632 5119 788 5186 εἶδος.
823 5124 884 5175 Εἰ
915 5124 972 5173 ἐν
1010 5125 1076 5192 τῇ
1111 5120 1355 5174 συνθέσει
1389 5121 1486 5189 μὲν
1515 5118 1622 5172 τῶν

51 5220 371 5289 ἰίγνομένων
426 5218 519 5270 δύο
563 5217 889 5287 θεωροῦνται
933 5216 1090 5286 μόναι
1136 5216 1322 5285 ἀρχαὶ,
1353 5215 1386 5283 ἦ
1415 5231 1472 5265 τε
1520 5212 1618 5281 ὕλη

54 5311 132 5362 ῖιαὶ
159 5313 215 5364 τὸ
235 5308 402 5374 εἷδος“
435 5313 604 5382 χωρὶς
636 5311 692 5362 δὲ
740 5309 1039 5372 συνθέσεως
1081 5312 1230 5379 τρεῖς
1268 5309 1403 5360 εἰσιν
1434 5307 1619 5377 ἁρχαὶ,

51 5403 78 5467 ἦ
105 5422 154 5455 τε
188 5405 288 5476 ὕλη
319 5405 412 5456 καὶ
437 5407 469 5473 ἡ
507 5405 760 5474 στέρησις
789 5404 881 5455 καὶ
908 5403 966 5454 τὸ
996 5399 1165 5465 εἷδος’
1195 5401 1350 5470 δῆλον
1381 5401 1488 5471 ἄρα
1518 5401 1620 5462 ὅτι,

120 5517 155 5547 ¹¹
187 5517 318 5587 Leg.
359 5519 449 5570 καὶ
576 5515 717 5570 εἶναι
737 5517 855 5570 τόδε
885 5534 956 5568 τι.

117 5652 219 5717 (35)
264 5653 597 5720 Εὒμρρέεος.
639 5651 817 5704 Mallet
851 5651 1128 5721 ἕμμορφος
1163 5647 1502 5721 Sylburgius.

117 5722 218 5783 (Pii)
269 5717 574 5785 'm‘zmrim.
616 5717 1314 5789 Articulumsripj'iei,litavit
1347 5717 1476 5786 Reg.
1508 5719 1555 5789 I.

118 5792 222 5850 ί,ἶὶἶῆ
270 5792 462 5843 Οὐδὲν
489 5789 591 5846 ὧν.
633 5793 746 5844 Non
781 5793 993 5844 dubitat
1021 5787 1351 5860 Sylburgins
1389 5789 1518 5856 quin
1546 5787 1624 5840 le-

59 5864 274 5922 r-«idmn
324 5865 393 5918 sit
441 5865 588 5916 οὐδὲν
636 5864 758 5915 τὼν.
805 5863 909 5918 Sed
946 5863 990 5917 si
1043 5864 1093 5917 id
1148 5862 1447 5930 squIimUI‘,
1497 5873 1622 5922 mox

1725 4663 1935 4726 cidunt,
1961 4662 2268 4717 substantia
2295 4671 2474 4715 autem
2497 4678 2602 4715 non
2627 4670 2715 4716 cst
2738 4663 2962 4716 materia
2986 4681 2999 4719 :
3031 4661 3310 4732 quomodo

1723 4757 1773 4810 ei
1809 4754 2083 4808 contraria
2119 4754 2422 4807 accidunt?
2467 4753 2602 4806 Nam
2655 4770 2776 4822 qua:
2817 4753 3122 4808 accidentia
3153 4764 3306 4818 sunt,

1726 4848 2046 4902 substantia:
2071 4846 2348 4900 accidunt.
2380 4846 2435 4899 Si
2471 4858 2528 4899 ut
2557 4846 2692 4899 ordo
2723 4847 2776 4899 in
2805 4846 2873 4899 iis
2905 4863 3026 4914 qua:
3048 4845 3310 4900 Ordinan-

1725 4948 1834 5000 tur,
1871 4939 1942 4992 ita
1976 4939 2149 4992 forma
2183 4939 2238 4992 in
2277 4939 2501 4992 materia
2534 4955 2547 4994 :
2581 4939 2858 5008 quomodo
2887 4954 2950 4992 ea
2972 4954 3093 5008 qua:
3120 4945 3311 4992 carent

1723 5033 1940 5095 ordine,
1975 5032 2176 5085 habent
2216 5041 2343 5086 ante
2385 5031 2634 5085 ordinem
2665 5038 2722 5084 ut
2756 5039 2966 5084 certum
3002 5030 3132 5100 quid
3164 5031 3308 5096 sint';

1725 5122 1953 5176 materia
1978 5130 2156 5175 autem
2188 5123 2290 5176 etsi
2319 5131 2442 5175 ante
2475 5121 2707 5175 formam
2736 5139 2843 5175 non
2875 5123 3058 5183 habet,
3099 5130 3157 5174 ut
3185 5136 3310 5175 cer-

1725 5225 1840 5270 tum
1877 5216 2006 5284 quid
2043 5216 2135 5277 sit,
2171 5215 2222 5268 in
2259 5230 2323 5269 ea
2355 5222 2535 5268 tamen
2566 5222 2820 5269 servatur
2852 5213 3130 5284 proportio
3161 5211 3310 5265 ordi-

1725 5310 1812 5364 nis
1859 5309 1926 5361 ad
1981 5309 2258 5360 formam?
2304 5307 2360 5361 Si
2409 5307 2463 5360 in
2492 5307 2892 5377 compositione
2937 5320 3148 5366 eorum,
3187 5320 3309 5374 quae

1728 5401 1884 5466 lium,
1922 5401 2031 5456 duo
2072 5409 2283 5461 tantum
2317 5410 2634 5469 spectantur
2659 5398 2952 5468 principia,
3000 5396 3227 5448 materia
3255 5403 3310 5450 et

1723 5646 1886 5698 etiam
1930 5643 2215 5712 legendum
2244 5642 2349 5693 erit
2375 5634 2947 5716 _05mpoupévmvl‘Non
2993 5634 3307 5716 l'll:tit5,nlll93

1727 5716 1945 5786 quidem
1973 5705 2313 5770 'usenteutia,
2375 5705 2662 5786 legeretur,
2706 5706 2859 5786 ρῦδέν
2915 5705 3022 5755 ὼν.
3056 5745 3101 5754 ..
3169 5705 3277 5756 θεω

1728 5777 1949 5858 ροῦμεν,
1978 5791 2246 5858 expuncta
2283 5780 2532 5858 sequ-culi
2565 5777 2793 5858 syllaba.

1801 5845 1912 5930 (56)
1959 5856 2024 5909 Ἠ
2052 5845 2181 5925 ’γὰρ
2219 5845 2372 5919 iam.-
2404 5848 2542 5920 Lege
2596 5849 2626 5918 ἡ
2679 5846 2732 5898 δὲ
2795 5845 2913 5916 ὕλη.
