3662 6478
367 402 504 458 “99

1127 388 1489 446 APPENDIX.
1526 420 1542 427 -
1571 417 1594 426 ~
1635 383 1815 438 PARS
1853 381 1891 433 l.
1932 379 1989 436 S.
2032 373 2296 432 JUSTlNI
2328 370 2557 429 ΟΡΕΠΛ
2601 366 2857 423 SPURIA

3477 363 3591 418 iam
3608 420 3614 428 ,

367 522 564 585 forma,
599 518 808 587 absque
842 521 1020 570 autem
1050 509 1449 581 compositione
1478 505 1585 559 tria
1612 507 1741 558 sunt
1780 498 1930 569 priu-

2086 494 2119 564 ὴ
2168 492 2318 555 ὄντος
2376 489 2471 561 μὲν
2496 486 2591 541 τοῦ
2635 482 2981 555 γιγνομένου,
3025 478 3273 550 κείμεναι
3312 480 3453 548 τρεῖς
3477 474 3612 548 ἦσαν.

363 613 531 684 cipia,
567 610 818 671 materia,
853 606 1025 661 forma
1058 611 1113 659 et
1154 603 1386 674 privatio
1410 642 1423 664 ,
1468 598 1638 667 liquet
1666 592 1933 665 profecto,

367 706 412 760 si
440 720 551 758 non
578 702 808 757 exsistat
842 698 896 753 id
934 696 1079 767 quod
1113 694 1217 759 fit,
1246 693 1351 746 tria
1383 689 1510 762 poni
1544 686 1810 758 principia
1838 702 1852 747 ;
1888 684 1934 738 si

364 796 614 857 exsistat,
650 808 758 847 non
792 791 917 854 tria,
950 787 1045 843 sed
1082 786 1209 841 duo.
1245 781 1531 850 Quomodo
1559 793 1692 851 ergo
1714 792 1823 831 non
1851 784 1936 831 est

367 888 445 951 id,
469 885 617 957 quod
648 885 725 945 fit,
762 881 1090 953 principium
1124 874 1437 931 abolitionis
1471 873 1635 927 unius
1657 866 1933 939 principii.

365 980 512 1047 quod
543 976 761 1049 quidem
793 974 839 1029 si
874 989 983 1027 non
1015 971 1236 1041 periret,
1268 983 1377 1023 non
1400 966 1551 1021 fieret
1577 963 1630 1018 id
1660 962 1805 1034 quod
1840 960 1938 1015 fit?

370 1069 429 1124 Si
471 1078 531 1124 ut
584 1070 745 1125 homo
798 1065 1029 1119 allicitur
1063 1078 1093 1116 a
1124 1060 1333 1116 musico
1374 1066 1429 1113 et
1456 1058 1524 1113 ab
1558 1055 1847 1111 immusico
1883 1060 1938 1109 et

369 1174 571 1230 corpus
600 1173 631 1211 a
661 1155 860 1227 frigido
881 1162 935 1209 et
961 1169 991 1206 ιι
1020 1151 1221 1215 calido,
1257 1158 1313 1206 et
1342 1164 1440 1205 vox
1474 1164 1505 1203 a
1537 1162 1782 1203 consono
1825 1153 1879 1201 et
1906 1160 1937 1198 a

367 1253 593 1307 dissono
617 1294 630 1315 ,
676 1250 749 1303 ita
798 1245 1026 1302 materia
1056 1244 1288 1300 adicitur
1335 1260 1365 1298 a
1415 1243 1588 1298 forma
1622 1252 1675 1296 et
1702 1255 1731 1294 a
1757 1240 1939 1310 priva-

370 1347 552 1397 tione:
582 1342 653 1395 sit
681 1356 811 1411 ergo
836 1338 1064 1393 materia
1094 1336 1427 1400 substantia,
1455 1344 1513 1389 ut
1536 1335 1699 1388 homo
1729 1340 1783 1387 et
1816 1346 1939 1387 cor-

370 1450 470 1503 pus
495 1476 509 1500 ,
534 1434 615 1487 vel
646 1432 905 1486 accidens
933 1441 992 1486 ut
1013 1446 1138 1494 vox,
1166 1437 1226 1483 ut
1258 1428 1630 1500 proportionis
1661 1427 1801 1479 ratio
1830 1439 1940 1481 ser-

368 1534 541 1580 vetur.
572 1519 725 1591 Quod
755 1523 801 1578 si
825 1538 923 1577 nec
951 1521 1257 1577 substantia
1291 1529 1375 1574 est
1404 1518 1631 1573 materia
1664 1533 1764 1573 nec
1798 1518 1940 1573 acci-

366 1617 500 1673 dens
529 1637 544 1673 :
573 1630 752 1685 neque
780 1612 1024 1683 profecto
1055 1611 1288 1665 abicitur
1312 1624 1342 1663 a
1370 1608 1689 1664 contrariis.

554 1704 606 1757 ὅ.
638 1702 885 1771 Ejusdem
912 1718 975 1756 ex
1000 1701 1178 1756 eodeni
1204 1701 1361 1766 libro,
1395 1702 1493 1765 ib.,
1525 1717 1577 1769 p.
1613 1702 1731 1755 l9l.

441 1814 461 1845 ι
504 1794 648 1860 Quot
687 1795 853 1864 igitur
896 1793 1008 1848 sint
1057 1792 1325 1861 principia
1369 1806 1549 1844 rerum
1581 1789 1933 1855 naturalium,

2042 583 2244 657 ἀρχαί·
2277 582 2428 644 ὄντος
2453 582 2507 633 δὲ
2548 578 2642 632 τοῦ
2680 573 3025 646 γιγνομένου,
3055 572 3115 625 οὐ
3145 572 3314 641 τρεῖς,
3342 569 3470 622 ἀλ.λά
3501 571 3588 624 δίο.

2039 676 2164 739 Πῶς
2183 671 2276 727 οὖν
2302 674 2405 726 οὐκ
2445 672 2560 724 ἐστι
2588 670 2649 722 rb
2682 666 3002 737 γιγνόμενον
3028 661 3172 735 ἀρχὴ
3215 661 3318 731 τῆς
3354 661 3593 724 ἀπωλείας

2037 771 2135 843 τῆς
2160 771 2286 841 μιᾶς
2310 767 2506 839 ἀρχῆς,
2535 766 2569 836 ὴ
2609 765 2657 817 εί
2689 762 2763 833 μὴ
2792 757 3062 819 ἀπώλετο,
3098 755 3200 808 οὐκ
3226 753 3294 806 ἀν
3321 752 3515 821 ἐγίνετο
3544 755 3593 807 rb

2038 861 2389 933 γιγνόμενονς
2428 859 2489 911 El
2531 856 2719 925 ὥσπερ
2750 852 2948 922 πάσχει
2984 850 3014 900 ὁ
3059 846 3349 918 ἄνθρωπος
3389 844 3484 898 ὑπὸ
3514 846 3591 899 τοῦ

2041 952 2298 1027 μουσικοῦ
2329 952 2423 1006 καὶ
2450 949 2544 1003 τοῦ
2573 947 2836 1020 ἀμούσου,
2867 941 2961 997 καὶ
2986 940 3046 993 τὸ
3075 938 3237 1009 σῶμα
3282 936 3390 991 ὑπὸ
3414 936 3593 1009 ψυχροῦ

2038 1048 2133 1100 καὶ
2161 1042 2387 1116 θερμοῦ,
2417 1042 2511 1095 καὶ
2549 1042 2582 1112 ὴ
2614 1038 2767 1110 φωνὴ
2824 1036 2930 1091 ὑπὸ
2980 1034 3082 1105 τῆς
3123 1031 3393 1104 ἁρμονίας
3417 1048 3471 1084 τε
3515 1050 3594 1084 και

2039 1136 2410 1209 ἀναρμοστίας
2428 1150 2441 1163 υ
2472 1131 2615 1185 οὕτω
2644 1130 2846 1199 πάσχει
2873 1129 2906 1199 ἡ
2937 1126 3038 1197 ὕλη
3067 1125 3175 1179 ὑπὸ
3201 1122 3300 1177 τοῦ
3320 1122 3482 1185 εἴδους
3514 1125 3596 1177 καὶ

2038 1231 2137 1301 τῆς
2166 1229 2471 1300 στερήσεως
2490 1244 2502 1257 ·
2535 1224 2675 1278 ἔστω
2701 1226 2734 1294 ἡ
2767 1222 2869 1293 ὕλη
2897 1220 3076 1283 οὐσία,
3107 1218 3183 1281 ὡς
3222 1217 3495 1289 ἄνθρωπος
3516 1219 3596 1271 καὶ

2039 1322 2099 1375 rb
2139 1321 2326 1391 σῶμαο
2375 1319 2409 1390 ἢ
2456 1315 2822 1388 συμϐεϐηκὸς,
2864 1313 2940 1376 ὡς
2966 1314 3000 1384 ἡ
3052 1310 3229 1381 φωνὴ,
3259 1310 3349 1363 ἵνα
3377 1309 3508 1379 σωθῇ
3545 1310 3596 1360 rb

2038 1415 2139 1485 τῆς
2167 1414 2455 1481 ἀναλογίας
2488 1408 2797 1464 ἀκόλουθον.
2846 1408 2909 1460 Εἰ
2939 1407 2997 1460 δὲ
3022 1405 3148 1458 οὕτε
3188 1405 3351 1457 οὐσία
3402 1403 3529 1455 ἐστὶν
3565 1406 3593 1469 ἡ

2041 1506 2141 1576 ὕλη
2187 1505 2309 1559 οὕτε
2357 1501 2721 1574 συμϐεὸηκὺς,
2776 1500 2886 1554 οὐδ’
2941 1499 3051 1570 ἄρα
3107 1495 3312 1566 πάσχει
3365 1494 3464 1548 ὑπὸ
3506 1494 3597 1546 τῶν

2040 1598 2321 1652 ἐναντίων.

2266 1693 2318 1746 5.
2355 1688 2465 1743 Τοῦ
2494 1686 2680 1742 αὐτοῦ
2718 1684 2790 1739 ἐκ
2834 1681 2943 1736 τοῦ
2973 1680 3161 1735 αὑτοῦ
3189 1679 3397 1747 λόγου.

2118 1805 2135 1836 ι
2184 1784 2350 1837 Πόσαι
2377 1782 2472 1853 μὲν
2500 1776 2594 1832 οὖν
2620 1778 2679 1830 αἱ
2712 1775 2880 1847 ἀρχαὶ
2907 1773 3015 1826 τῶν
3069 1773 3201 1843 περ)⁵
3228 1773 3438 1839 γένεσιν
3470 1784 3595 1837 φυσι-

366 1904 489 1958 qua:
516 1896 865 1958 generantur,
892 1896 946 1941 et
973 1885 1268 1957 quomodo,
1293 1885 1498 1939 dictum
1527 1892 1631 1940 est.
1661 1885 1737 1939 Ac
1766 1887 1930 1940 mani-

2084 1878 2173 1939 ὦν,
2196 1878 2290 1930 καὶ
2318 1875 2456 1939 πῶς,
2485 1874 2717 1945 είρηται.
2749 1870 2860 1922 Καὶ
2886 1866 3041 1939 δῆλον
3099 1867 3249 1919 ἐστιν
3277 1866 3362 1917 ὅτι
3392 1864 3464 1916 δεῖ
3485 1864 3594 1915 ὑπο-

370 1981 567 2036 festutn
602 1988 684 2033 est
708 1993 935 2034 necesse
964 1993 1087 2033 esse
1118 1984 1176 2031 ut
1209 1977 1414 2047 aliquid
1449 1975 1772 2043 subjiciatur
1808 1992 1930 2031 con-

2084 1968 2256 2022 εἶσθαί
2284 1986 2336 2021 τι
2363 1969 2474 2029 τοῖς
2520 1964 2804 2025 ἐναντίοις,
2855 1961 2949 2014 καὶ
2972 1959 3042 2012 τὰ
3068 1959 3292 2011 ἐναντία
3321 1956 3411 2009 δύο
3451 1951 3591 2007 εἶναι’

370 2073 578 2135 trariis,
614 2086 677 2124 ac
707 2070 817 2124 duo
852 2070 963 2125 sint
995 2069 1293 2125 contraria.
1328 2069 1449 2122 Alia
1483 2077 1663 2123 autem
1706 2068 1930 2137 quadam

2084 2063 2243 2135 ρόπον
2263 2061 2318 2113 δέ
2346 2075 2466 2112 τινα
2484 2056 2661 2116 ἄλλον,
2692 2053 2790 2107 οὐκ
2810 2052 3133 2119 ἀναγκαῖον.
3164 2048 3371 2101 Ἱκανὸν
3397 2046 3593 2117 τὰρβῖ)

371 2164 600 2226 ratione,
632 2163 684 2217 id
705 2180 815 2218 non
830 2177 1071 2217 necesse.
1100 2161 1356 2215 Idoneum
1382 2160 1527 2215 enim
1554 2160 1785 2213 alterum
1810 2174 1930 2213 con-

2084 2156 2103 2207 5
2130 2155 2314 2224 ἓτερον
2340 2150 2448 2204 τῶν
2476 2147 2729 2201 ἐναντίων
2751 2147 2925 2197 ποιεῖν
2940 2146 3006 2214 τῇ
3037 2142 3317 2212 παρουσία
3346 2141 3435 2193 καὶ
3458 2141 3597 2192 am.

368 2256 665 2310 trariorum
704 2263 765 2310 ιιι
794 2255 989 2310 efficiat
1028 2254 1317 2323 praesentia
1347 2261 1442 2307 aut
1482 2253 1727 2308 absentia
1758 2260 1930 2306 muta-

2084 2251 2138 2321 ία
2167 2250 2266 2319 τὴν
2299 2244 2597 2317 μταῦολήν
2619 2260 2633 2273 ⁸
2666 2244 2700 2313 ἠ
2725 2241 2781 2294 δὲ
2809 2238 3148 2309 ὑποκειμένη
3180 2236 3345 2305 φύσις
3369 2234 3596 2303 ἐπιστῇ

368 2350 570 2403 tionem
596 2367 609 2403 :
644 2348 891 2416 subjecta
918 2354 1098 2401 autem
1134 2355 1327 2400 natura
1360 2346 1461 2400 sub
1480 2345 1767 2400 scientiam
1798 2344 1930 2398 cadit

2084 2342 2186 2395 ατά
2213 2338 2525 2406 ἀναλογίαν.
2562 2336 2649 2398 Ὧς
2687 2333 2796 2404 γὰρ
2829 2332 2968 2403 πρὸς
3010 2328 3309 2401 ἀνδριάντα
3333 2326 3535 2397 χαλκὸς,
3570 2326 3595 2395 ἦ

369 2438 667 2495 secundum
703 2439 1033 2511 analogiam.
1067 2437 1536 2503 Quemadmodum
1573 2437 1718 2491 enim
1754 2452 1813 2493 se
1844 2436 1945 2490 ha-

370 2534 459 2588 bet
487 2547 562 2587 tes
589 2532 657 2585 ad
687 2538 947 2593 statuam,
982 2538 1077 2584 aut
1120 2530 1326 2600 lignum
1359 2530 1427 2583 ad
1475 2529 1671 2583 lectum
1698 2572 1713 2585 .
1748 2536 1841 2583 aut
1871 2528 1937 2583 ad

368 2624 513 2680 aliud
554 2623 836 2695 quidpiam
885 2638 1100 2689 eorum,
1148 2638 1270 2694 qua:
1301 2621 1531 2677 formam
1564 2622 1789 2683 habent,
1824 2636 1939 2675 ma-

371 2720 508 2775 teria
556 2726 611 2774 et
642 2717 879 2772 informe
910 2724 1202 2787 antequam
1250 2715 1474 2770 accedat
1502 2714 1674 2768 forma
1702 2758 1715 2781 ,
1764 2714 1840 2769 ita
1882 2729 1942 2770 se

370 2812 533 2866 habet
578 2810 696 2880 ipsa
745 2808 813 2862 ad
857 2809 1223 2864 substantiam
1268 2808 1516 2870 materia,
1550 2814 1605 2861 et
1632 2806 1700 2861 ad
1731 2816 1941 2862 eertum

369 2905 501 2977 quid
547 2911 603 2959 et
648 2905 716 2959 ad
758 2919 877 2960 ens.
911 2900 1088 2956 Unum
1141 2903 1305 2971 igitur
1342 2901 1458 2971 ipsa
1485 2900 1810 2971 principium
1836 2911 1941 2963 est,

371 3013 479 3052 non
519 3005 701 3051 tamen
744 2996 821 3051 ita
870 3009 1059 3059 unum,
1097 3002 1154 3047 ut
1194 3000 1403 3048 certum
1438 2992 1569 3063 quid
1620 2993 1711 3047 sit.
1763 2990 1944 3048 Unum

2046 2435 2183 2507 πρὸς
2201 2433 2387 2502 κλίνην
2418 2429 2590 2495 ξύλον,
2621 2427 2653 2498 ἢ
2684 2426 2819 2498 πρὸς
2847 2424 2957 2477 τῶν
2984 2422 3161 2478 ἀλλων
3189 2439 3243 2474 τι
3270 2421 3378 2473 τῶν
3403 2420 3597 2490 ἐχόντων

2050 2524 2263 2598 μορφὴν
2288 2526 2321 2595 ὴ
2369 2522 2467 2592 ὕλη
2520 2521 2612 2574 καὶ
2637 2518 2699 2571 rb
2726 2518 2971 2589 ἄμορφον
3000 2515 3115 2585 ἔχει
3144 2515 3277 2585 πρὶν
3312 2513 3483 2566 λαϐεῖν
3521 2513 3599 2581 τὴν

2051 2618 2265 2691 μορφήν
2320 2615 2467 2687 (58)·
2510 2612 2681 2674 οὕτως
2709 2609 2847 2680 αὕτη
2880 2608 3018 2678 πρὸς
3048 2607 3241 2660 οὐσίαν
3272 2605 3400 2675 ἔχει,
3429 2605 3512 2656 καὶ
3552 2604 3598 2653 rb

2046 2710 2163 2765 τόδε
2190 2727 2242 2762 τι
2262 2709 2354 2762 κα)⁸
2384 2708 2444 2761 rb
2470 2706 2548 2759 ὅν.
2579 2704 2693 2758 Μία
2725 2702 2822 2773 μὲν
2867 2697 2961 2753 οὖν
2991 2699 3138 2771 ἀρχὴ
3170 2697 3336 2767 αὕτη,
3370 2696 3461 2766 οὐχ
3483 2694 3601 2747 οὕτω

2053 2804 2150 2875 μία
2176 2798 2333 2864 οὖσα,
2368 2799 2486 2853 οὐδὲ
2514 2797 2571 2851 ἓν
2599 2797 2673 2859 ὡς
2702 2795 2762 2847 τὸ
2790 2794 2904 2865 (59)
2934 2792 3051 2845 τόδε
3078 2808 3157 2853 τι,
3191 2790 3292 2861 μία
3319 2789 3374 2842 δὲ

2051 2897 2166 2950 ἐστι
2192 2895 2249 2947 δέ
2292 2894 2353 2947 rb
2381 2891 2617 2946 ἐναντίον
2644 2888 2818 2958 τούτῳ
2864 2884 2975 2956 (60)
3006 2886 3041 2955 ἡ
3072 2884 3349 2954 στέρησις.
3404 2881 3600 2951 Πότερον

2051 2991 2107 3044 δέ
2134 2990 2292 3044 οὕσία
2319 2988 2379 3041 τὸ
2408 2981 2669 3057 είδοςῆτὸ
2698 2983 3080 3053 ὑποκείμενον,
3110 2978 3268 3032 οὔπω
3295 2977 3444 3048 δῆλον
3462 2976 3594 3047 (61).»

371 3098 551 3144 autem
600 3097 873 3159 quatenus
922 3102 1089 3142 unum
1139 3094 1223 3143 est
1273 3087 1414 3140 ratio
1476 3087 1592 3143 sive
1650 3087 1770 3142 idea
1806 3122 1823 3151 ,
1883 3092 1939 3141 et
2002 3085 2147 3157 quod
2217 3084 2349 3139 huic
2412 3080 2748 3137 contrarium
2804 3084 2893 3133 est
2956 3074 3215 3147 privatio.
3278 3070 3462 3127 Utrum
3522 3085 3595 3123 au-

372 3191 477 3237 tem
524 3181 836 3235 substantia
877 3181 949 3237 sit
999 3180 1172 3234 forma
1200 3196 1269 3233 an
1301 3180 1665 3250 suppositum,
1696 3180 1940 3236 nondum
1975 3180 2166 3250 liquet.
2211 3197 2231 3231 ι

441 3273 600 3345 553
642 3273 699 3327 Si
736 3274 905 3329 forma
945 3273 1234 3343 prmscntia
1264 3286 1363 3327 sua
1416 3272 1614 3327 format
1645 3275 1926 3328 materiam

2127 3272 2189 3323 Εί
2214 3270 2274 3323 rb
2304 3264 2440 3333 εἶδος
2463 3270 2529 3338 τῇ
2566 3263 2836 3337 παρουσία
2878 3259 3045 3317 αὑτοῦ
3072 3259 3332 3313 είδοποιεῖ
3360 3258 3455 3327 τὴν
3476 3254 3595 3323 ὕλην,

371 3376 425 3423 et
459 3369 706 3423 absentia
736 3368 1024 3422 informem
1056 3365 1207 3430 facit,
1241 3374 1369 3420 sunt
1394 3376 1577 3421 autem
1606 3365 1715 3420 duo
1746 3366 1951 3436 princi-

377 3461 485 3530 pia,
523 3459 698 3514 forma
748 3468 803 3515 et
862 3458 1117 3521 informe,
1148 3458 1447 3527 eademque
1502 3459 1665 3513 etiam
1718 3458 1952 3528 privatio

376 3554 665 3623 praesentia
712 3562 766 3607 et
799 3552 1045 3607 absentia
1098 3566 1197 3606 sua
1246 3552 1437 3619 ellicit;
1498 3552 1766 3622 principia
1821 3566 1952 3621 ergo

375 3663 496 3704 sese
538 3647 767 3701 invicem
803 3645 1143 3716 generabant
1172 3659 1236 3698 ac
1273 3644 1579 3708 destruent,
1614 3660 1714 3699 nec
1750 3654 1952 3699 aeterna

374 3747 553 3795 erunt.
585 3738 741 3805 Quod
770 3738 915 3791 enim
949 3745 1233 3800 aeternum,
1269 3737 1321 3790 id
1354 3746 1411 3790 ut
1446 3736 1539 3800 sit,
1578 3736 1785 3813 nullius
1811 3750 1951 3804 pra:-

376 3833 549 3886 sentia
586 3830 790 3901 indiget
824 3836 918 3883 aut
955 3827 1223 3883 absentia.
1257 3826 1313 3881 Si
1348 3831 1636 3897 prmseutia
1673 3836 1724 3881 et
1756 3827 1953 3881 absen-

376 3923 451 3975 tia
477 3921 885 3975 contrariorum
931 3919 990 3973 fit
1040 3918 1433 3988 principiorum
1480 3918 1735 3983 mutatio;
1784 3918 1952 3986 liquet

378 4016 501 4068 ideo
545 4014 902 4068 mutationem
956 4013 1092 4077 fieri,
1138 4014 1267 4083 quia
1321 4014 1438 4082 ipsa
1490 4020 1617 4067 sunt
1662 4012 1948 4081 principia.

377 4108 667 4175 Quomodo
722 4123 854 4178 ergo
910 4116 1142 4178 possunt
1201 4123 1425 4162 manere
1482 4106 1771 4176 principia,
1831 4121 1953 4175 qua:

381 4201 646 4271 principia
675 4216 798 4255 esse
839 4200 1153 4254 desierunt?
1186 4198 1241 4252 Si
1288 4199 1640 4270 principium,
1676 4198 1820 4267 quod
1857 4199 1953 4250 ha-

382 4296 471 4347 bet
523 4293 893 4363 principium,
960 4308 1068 4345 non
1114 4299 1198 4345 est
1250 4292 1609 4361 principium:
1679 4289 1952 4361 quomodo

380 4388 628 4447 materia,
664 4404 786 4457 qua:
817 4392 875 4439 ut
898 4386 988 4449 sit,
1030 4384 1359 4455 principium
1392 4384 1556 4438 habet
1602 4382 1854 4445 formam,
1892 4390 1952 4438 ut

382 4495 489 4532 non
521 4478 611 4541 sit,
646 4479 1026 4548 privationem,
1075 4483 1254 4546 potest
1284 4491 1407 4530 esse
1450 4475 1818 4544 principium?
1844 4474 1953 4530 Na-

383 4582 557 4625 turam
592 4573 865 4642 appellare
900 4571 951 4625 id
985 4572 1129 4642 quod
1165 4568 1458 4640 privationi
1492 4567 1797 4637 subjectum
1841 4574 1947 4631 est,

2055 3365 2150 3418 καὶ
2169 3368 2234 3435 τῇ
2276 3363 2511 3433 ἀπουσία
2544 3358 2710 3414 αὐτοῦ
2757 3360 2907 3409 ποιεῖ
2937 3354 3202 3415 ἀνείδεον,
3243 3352 3349 3405 εἰσὶ
3379 3350 3433 3403 δὲ
3466 3348 3597 3418 ἀρχαὶ

2052 3456 2165 3520 δύο,
2197 3456 2258 3508 τό
2282 3472 2342 3507 τε
2368 3450 2505 3516 εἶδος
2542 3452 2635 3505 κα)⁵
2665 3450 2727 3502 rb
2750 3447 3012 3510 ἀνείδεον,
3048 3449 3197 3499 ποιεῖ
3214 3445 3272 3497 δὲ
3307 3441 3440 3495 αὑτά
3465 3439 3597 3493 ταῦτα

2054 3549 2147 3603 καὶ
2174 3549 2206 3619 ἡ
2234 3547 2483 3618 στέρησις
2530 3545 2595 3614 τῇ
2643 3541 2917 3613 παρουσίᾳ
2946 3539 3117 3609 αὐτῆς
3146 3539 3243 3591 καὶ
3268 3539 3333 3607 τῇ
3370 3532 3592 3601 ἀπυυτίᾳ·

2053 3642 2261 3695 ἔσονται
2287 3641 2393 3711 ἄρα
2418 3638 2473 3690 αἱ
2514 3635 2679 3706 ἀρχαὶ
2711 3633 2799 3686 ὑπ’
2824 3631 3074 3702 ἀλλήλων
3106 3627 3420 3699 γιγνόμεναι
3445 3643 3496 3678 τε
3530 3624 3596 3675 καὶ

2052 3735 2462 3807 ἀναιρούμεναι,
2500 3729 2593 3782 καὶ
2619 3728 2717 3780 οὐκ
2758 3725 2941 3779 ἀΐδιοι.
2981 3725 3057 3777 Tb
3099 3724 3211 3795 γὰρ
3232 3723 3400 3776 ἀΐδιον
3426 3734 3593 3787 παρω-

2056 3827 2175 3890 σίας
2197 3826 2340 3889 τινος
2364 3826 2457 3878 καὶ
2473 3821 2737 3883 ἀπουσίας
2761 3819 2821 3871 οὐ
2840 3816 3036 3889 χρῄζει
3066 3817 3209 3889 πρὸς
3223 3816 3286 3869 τὸ
3313 3810 3527 3867 είναι.Εί
3546 3810 3592 3875 τῇ

2054 3916 2323 3988 παρουσία
2344 3916 2437 3968 καὶ
2453 3913 2689 3983 ἀπουσίᾳ
2700 3910 2804 3964 τῶν
2824 3909 3088 3964 ἐναντίων
3107 3908 3319 3977 γίνεται
3335 3905 3434 3958 τῶν
3454 3900 3593 3973 ἀρχῶν

2053 4009 2085 4079 ἡ
2113 4007 2399 4079 μεταϐολὴ,
2448 4006 2601 4075 δῆλον
2616 4002 2924 4071 ὃτιγίνεται
2951 4003 2983 4072 ἡ
3012 3999 3284 4071 μεταϐολὴ
3297 4001 3359 4051 ἐκ
3380 3995 3464 4050 τοῦ
3491 3988 3593 4045 εἶναι

2052 4101 2218 4163 αὐτὰς
2236 4100 2429 4169 ἀρχάς.
2450 4096 2573 4161 Πῶς
2585 4092 2676 4149 οὖν
2694 4094 2951 4147 δύνανται
2981 4093 3169 4164 μένειν
3185 4091 3355 4163 ἀρχαὶ
3372 4091 3423 4142 αἱ
3440 4084 3591 4141 b.162-

2054 4195 2304 4264 ὅληκυῖαι
2337 4190 2397 4243 rb
2422 4185 2557 4243 εἶναι
2572 4188 2766 4260 ἀρχαί;
2787 4187 2894 4257 EH)
2918 4186 3084 4257 ἀρχὴ,
3106 4185 3286 4255 ἀρχὴν
3310 4183 3507 4253 ἔχουσα,
3520 4177 3591 4228 οὐκ

2052 4290 2198 4343 ἐστιν
2234 4288 2400 4356 ἀρχὴ,
2437 4284 2555 4348 πῶς
2581 4286 2615 4355 ἡ
2652 4282 2775 4352 ὕλη,
2816 4281 2912 4334 τοῦ
2950 4281 3051 4350 μὲν
3071 4275 3215 4331 εἶναι
3242 4276 3412 4347 ἀρχὴν
3441 4273 3590 4343 ἔχουσα

2050 4380 2113 4434 τὸ
2146 4374 2304 4443 εἶδος,
2327 4377 2419 4430 τοῦ
2442 4377 2498 4429 δὲ
2543 4375 2616 4447 μὴ
2646 4370 2781 4427 εἶναι
2806 4374 2905 4443 τὴν
2932 4371 3211 4443 στέρησιν,
3247 4368 3456 4421 δύναται
3490 4361 3588 4416 εἶναι

2052 4472 2229 4545 ἀρχή;
2258 4471 2331 4523 Tb
2356 4468 2514 4539 φύσιν
2542 4464 2824 4536 ὀνομάζειν
2850 4463 2912 4516 rb
2940 4461 3304 4532 ὑποκείμενον
3345 4462 3406 4528 τῇ
3442 4453 3588 4545 περιῇς

2056 4541 2159 4627 σει,
2185 4541 2251 4614 τὺ
2287 4562 2422 4631 μήτε
2446 4557 2601 4611 οὐσία
2643 4556 2737 4617 ὃν,
2796 4554 2931 4625 μήτε
2963 4552 3082 4604 τοδε
3122 4568 3198 4614 τι,
3238 4551 3369 4621 μήτε
3409 4547 3477 4609 ὃν,

381 4662 524 4731 quod
554 4631 775 4731 quidem
809 4678 910 4716 nec
942 4631 1261 4728 substantia
1289 4667 1394 4720 est,
1432 4673 1532 4711 nec
1560 4631 1770 4711 certum
1802 4655 1930 4724 quid

2084 4656 2161 4709 ιὺκ
2188 4654 2302 4707 ἐστι
2347 4648 2629 4721 περιττόν;
2675 4647 2737 4700 Εἰ
2777 4645 2942 4715 ἀρχαὶ
2966 4641 3093 4694 οὕτε
3152 4641 3214 4705 ἐξ
3276 4640 3440 4693 ἄλλων
3488 4631 3587 4731 εἰσὶν

387 4769 484 4809 nec
509 4771 628 4818 ens,
660 4753 933 4824 quomodo
954 4770 1061 4807 non
1081 4761 1165 4807 est
1192 4749 1691 4820 supervacaneum?
1731 4748 1785 4800 Si
1811 4748 1960 4817 prin-

384 4847 525 4915 cipia
552 4863 725 4916 neque
756 4863 818 4900 ex
847 4848 994 4911 aliis,
1028 4861 1206 4914 neque
1226 4860 1292 4897 ex
1322 4859 1381 4897 se
1413 4842 1644 4895 invicem
1676 4848 1835 4902 sunt;
1873 4846 1958 4894 est

388 4948 566 4994 autem
594 4956 657 4993 ex
696 4940 881 4993 formae
914 4940 1160 4993 absentia
1190 4935 1445 5006 privatio,
1492 4942 1546 4989 et
1588 4949 1652 4987 ex
1712 4932 1961 4986 absentia

388 5033 709 5101 privationis
745 5032 951 5085 forma:
1003 5030 1279 5101 quomodo
1332 5044 1441 5082 non
1491 5042 1556 5081 ex
1604 5042 1663 5081 se
1724 5025 1959 5080 invicem

390 5126 655 5195 principia
695 5133 842 5189 sunt,
879 5124 1052 5178 forma
1094 5130 1147 5178 et
1183 5122 1454 5192 privatio?
1483 5120 1593 5174 Sua
1627 5119 1772 5175 enim
1818 5117 1961 5173 invi-

389 5232 504 5273 cem
537 5218 783 5273 abscntia
806 5232 929 5273 sese
959 5216 1193 5271 invicem
1226 5214 1484 5270 elliciunt.
1524 5213 1583 5267 Si
1608 5228 1771 5284 quam
1799 5211 1965 5266 habet

460 5355 569 5477 (57)
618 5355 852 5439 ’μιαν-ὸν
873 5352 1002 5423 γάρ.
1028 5352 1106 5406 Ex
1132 5359 1389 5407 contextu
1412 5348 1724 5407 Aristotelis
1746 5347 1969 5417 scripsit

460 5443 462 5448 '
489 5428 717 5477 burmus
747 5426 927 5477 ικανὺν
956 5425 1063 5477 γάο
1088 5422 1259 5475 ἔσται.

390 5422 717 5496 Sylburgius
747 5422 927 5478 ἰκανὸν
956 5425 1063 5496 γὰρ
1088 5422 1259 5475 ἔσται.

461 5496 574 5567 (58)
596 5486 697 5551 ”Ἡ
724 5496 841 5561 ὕλη
864 5536 875 5547 .
900 5535 912 5547 .
938 5486 1098 5567 [thr
1125 5488 1385 5561 μορφήν.
1422 5490 1547 5544 Haec
1580 5487 1789 5567 desunt
1818 5486 1965 5557 apud

389 5558 739 5619 Aristotelem
773 5558 881 5619 non
916 5558 1358 5620 siue'co'ntestus
1390 5558 1818 5631 perturbatione.

463 5635 576 5704 (59)
612 5638 721 5689 Ἓν
757 5636 837 5699 ὡς
886 5637 971 5688 τό.
1024 5634 1169 5687 Editi
1204 5622 1407 5704 nostri'
1436 5632 1492 5681 ἐν
1519 5622 1564 5696 ᾧ
1593 5631 1730 5704 ἐστι.
1774 5625 1967 5680 Emen-

391 5699 826 5780 d.:ivi,'_utapud‘
854 5706 1203 5780 Aristotelem
1253 5701 1488 5780 legitur;_
1514 5699 1607 5754 sed
1653 5706 1711 5780 nt
1740 5712 1967 5780 accura-

393 5770 519 5841 tior
544 5769 788 5841 sititotus
813 5775 899 5827 hic
928 5777 1102 5833 locus.
1150 5787 1273 5825 mox
1303 5772 1587 5841 legendum
1620 5769 1833 5841 videtur
1871 5769 1967 5835 μία

395 5838 453 5890 δὲ
563 5844 589 5892 ὁ
624 5840 807 5909 λόγος,
846 5844 924 5897 ir:
950 5846 1005 5898 δὲ
1036 5845 1095 5900 τὸ
1141 5836 1377 5899 ἐναντίον
1426 5841 1596 5911 τούτῳ
1628 5841 1658 5911 ἡ
1693 5838 1965 5908 στέρησις-

2062 4746 2185 4800 οὕτε
2211 4746 2267 4811 ἐξ
2298 4742 2558 4813 ἀλλήλων·
2586 4739 2701 4791 ἔστι
2727 4736 2783 4790 δὲ
2808 4738 2870 4788 ἐκ
2894 4734 2994 4805 τῆς
3017 4734 3290 4795 ἀπουσίας
3312 4729 3401 4783 τοῦ
3416 4722 3584 4813 εἷδουςή

2066 4836 2338 4907 στέρησις,
2359 4833 2452 4887 καὶ
2479 4833 2543 4885 ἐκ
2558 4832 2655 4902 τῆς
2671 4827 2935 4889 ἀπουσίας
2948 4826 3047 4895 τῆς
3072 4826 3379 4895 στερήσεως
3390 4820 3446 4872 τὸ
3458 4812 3582 4875 εἴδοις⁸

2064 4904 2306 4993 πῶςοὺκ
2333 4926 2469 4979 εισιν
2499 4922 2559 4987 εξ
2607 4920 2850 4992 ἀλλήλων
2896 4919 3088 4988 ἀρχαὶ,
3120 4917 3181 4969 τό
3229 4932 3291 4967 τε
3331 4908 3456 4973 emo;
3474 4904 3581 4967 καὶή

2067 5020 2319 5091 στέρησις
2342 5033 2356 5081 ;
2390 5016 2468 5086 Τῇ
2502 5012 2612 5085 γάρ
2640 5008 2875 5080 ἀπουσία
2901 5007 3151 5078 ἀλλήλων
3180 5003 3448 5077 ποιητικαὶ

2063 5114 2189 5167 λων.
2226 5113 2289 5164 Εἰ
2316 5110 2374 5163 ὃν
2429 5108 2542 5178 ἔχει
2582 5105 2736 5172 λόγον
2768 5103 2796 5155 ὁ
2837 5100 3039 5172 χαλκὸς
3080 5098 3221 5171 πρὸς
3260 5098 3349 5151 τὸν

2064 5206 2124 5274 ἐξ
2153 5203 2318 5258 αὐτοῦ
2346 5198 2590 5271 γίνεσθαι
2620 5195 2930 5267 ἀνδριάντα,
2959 5192 3151 5246 τοῦτον
3179 5191 3342 5262 ἔχειὴ
3375 5187 3462 5255 ὕλη
3485 5179 3582 5251 πρὶς

2069 5341 2240 5394 Totus
2269 5336 2414 5393 enim
2461 5344 2542 5391 est
2575 5338 2674 5388 hoc
2707 5332 2829 5385 loco
2881 5329 3232 5402 Aristoteles,
3279 5333 3336 5402 ut
3373 5322 3466 5402 tria
3494 5327 3580 5402 esst?

2061 5410 2333 5483 principia
2356 5408 2568 5483 probet:
2597 5400 3163 5483 materiam,_form'atit
3181 5405 3237 5479 et
3259 5396 3577 5483 privationem“-

2142 5468 2262 5552 (60)
2296 5468 2503 5552 Τοῦτῳτ
2548 5474 2621 5552 Ita
2671 5472 3014 5552 Aristoteles.
3064 5468 3210 5524 Editi
3253 5468 3417 5522 nostri
3449 5469 3577 5512 τωτο-

2073 5543 2322 5607 ῡρὲειεει
2353 5564 2456 5601 vox
2490 5548 2542 5599 iu
2578 5544 2708 5613 Reg.
2744 5543 2793 5613 ί,

2750 5593 2872 5687 llmc
2898 5610 3099 5687 desunt
3146 5604 3289 5687 apud
3318 5604 3379 5657 Β.

2084 5673 2223 5745 mh};
2294 5686 2385 5740 sed
2423 5699 2486 5738 ea
2524 5673 2843 5753 S'ylburgius
2881 5696 2989 5753 non
3025 5673 3294 5753 immerito
3320 5673 3579 5753 -mutuatus

2071 5769 2154 5816 est
2188 5744 2252 5813 ex
2297 5744 2604 5812 Aristotele.
2640 5744 2783 5804 Infra
2824 5750 2969 5806 cnim
3013 5766 3043 5804 a
3072 5744 3500 5804 Pseudo—Justino
3526 5746 3580 5784 ω·

2070 5841 2273 5889 tantur.
