3662 6500
50 419 174 476 1501

729 415 1172 472 CONFUTATIO
1206 415 1644 484 ρυοιιυΜῡΑΜ
1687 416 2150 476 ARISTOTELIS
2188 419 2597 478 DOGMATUM.

3175 425 3316 482 1502

49 541 137 603 την
165 531 371 583 οΰσίαν
403 533 491 584 καὶ
522 532 579 583 τὸ
609 532 722 585 τόδε
761 549 813 584 τι
844 533 936 586 καὶ
965 533 1025 586 τὸ
1054 533 1135 592 ὃν,
1167 533 1284 597 πῶς
1313 535 1342 587 ὁ
1385 534 1482 605 μὲν
1515 533 1643 604 χαλ-

1818 536 2008 592 tionem
2053 553 2127 593 aes
2169 538 2235 592 ad
2278 538 2519 594 futuram
2567 556 2633 596 ex
2677 555 2745 595 eo
2789 547 3048 606 statuam,
3072 543 3318 598 eamdem

49 628 157 686 x?.;,
189 625 294 676 ὲάν
325 625 402 694 μὴ
499 625 672 686 οὐσία,
713 626 806 677 καὶ
833 625 948 677 τόδε
986 643 1038 677 τι
1073 627 1166 679 καὶ
1193 625 1274 688 ὃν,
1304 625 1459 694 λόγον
1489 625 1632 697 ἔχειν

51 716 180 783 πρὸς
207 715 307 768 τὸν
328 716 616 788 ἀνδριάντα
643 719 703 771 οὐ
733 717 954 771 δῦναται
973 735 986 747 ·
1021 719 1053 787 ἡ
1081 718 1139 771 δὲ
1170 717 1290 788 ὕλη,
1313 719 1447 790 μήτε
1477 719 1634 772 οὐσία

46 803 199 868 οὖσα,
235 810 380 878 μήτε
413 807 530 860 τόδε
569 827 644 871 τι,
681 810 816 881 μήτε
861 809 942 874 ὂν,
981 809 1274 880 ἀναλογίαν
1323 810 1466 881 ἔχειν
1498 811 1635 882 πρὸς

47 899 133 950 τὸν
168 899 378 970 χαλκὸν
405 900 664 967 δύναταις
709 903 771 954 Εἰ
804 903 980 956 πάντα
1008 901 1078 954 τά
1109 903 1166 955 ὲν
1209 903 1501 957 συστάσεσι
1526 903 1635 958 τῶν

49 991 297 1055 ςυσικῶν
328 990 675 1064 θεωρούμενα
717 993 967 1066 αἰσθήσει
1006 995 1153 1047 ἐστὶν
1199 993 1487 1065 ἐπιστητὰ,
1519 994 1636 1058 πῶς

50 1081 78 1149 ἡ
107 1079 233 1150 ὕλη,
283 1081 345 1147 ἐξ
373 1078 442 1154 ἦς
481 1083 550 1136 τά
577 1083 832 1155 αἰσθητὰ,
874 1085 1137 1156 ἀναλογίᾳ
1174 1087 1322 1140 ἐστὶν
1348 1087 1633 1159 ὲπιστητὴ.

48 1177 137 1229 καὶ
182 1177 294 1230 οὐκ
348 1177 626 1250 αἰσθήσει’
659 1176 692 1247 ἢ
726 1176 843 1240 πῶς
868 1177 1006 1240 ὅλως
1051 1177 1117 1230 ἐκ
1147 1178 1221 1248 μὴ
1251 1178 1511 1250 αἰσθητοῦ
1547 1179 1638 1231 δυ-

45 1266 202 1320 νατὸν
233 1267 489 1335 γενέσθαι
533 1267 601 1321 τὰ
638 1267 909 1340 αἰσθητά;
948 1269 1012 1322 Εἰ
1047 1269 1165 1322 τόδε
1198 1269 1253 1322 τί
1282 1272 1398 1324 ἐστι
1438 1273 1534 1325 καὶ
1574 1272 1637 1325 τὸ

51 1359 175 1427 μίαν
194 1359 377 1430 ἀρχὴν
414 1355 576 1424 εἶναι,
609 1360 726 1423 πῶς
754 1361 787 1430 ἠ
819 1359 919 1431 ὕλη
936 1360 996 1413 τὸ
1028 1360 1128 1431 μὲν
1149 1356 1288 1414 εἶναι
1308 1363 1436 1433 μίαν
1463 1363 1638 1435 ἀρχὴν

47 1452 177 1520 ἔχει,
209 1452 364 1506 τὸιδὲ
391 1449 530 1506 εἶναι
569 1453 737 1525 αὐτὴν
781 1453 897 1506 τόδε
946 1471 998 1506 τι
1043 1455 1142 1508 οὐκ
1183 1453 1334 1525 έχει;
1365 1455 1473 1508 Καὶ
1502 1456 1638 1509 εἰτὸ

49 1541 182 1596 εἶναι
212 1544 336 1596 τόδε
363 1561 439 1608 τι,
468 1546 562 1598 καί
587 1545 648 1598 τὸ
673 1544 790 1597 τόδε
816 1562 870 1598 τι
902 1545 976 1617 μὴ
1007 1540 1145 1599 εἶναι
1164 1546 1320 1599 οὐσία
1350 1546 1487 1610 ἐστὶ,
1520 1546 1638 1611 πῶς

48 1638 76 1703 ὴ
112 1634 214 1706 ῦλη
253 1637 298 1667 ¹²
320 1636 381 1688 τὸ
413 1637 516 1706 μὲν
543 1636 659 1688 τόδε
713 1653 765 1688 τι
797 1636 871 1708 μὴ
901 1632 1040 1690 εἷναί
1074 1638 1244 1698 ἐστιν,
1275 1637 1437 1691 οὐσία
1462 1637 1517 1690 δὲ
1537 1639 1637 1691 οὐκ

48 1728 188 1793 Ean;
223 1727 422 1786 πῶςδὲ
450 1727 669 1780 δύναταί
697 1745 780 1792 τις
809 1727 1090 1782 ἐκϐάλλειν
1117 1729 1216 1800 τὴν
1238 1729 1369 1802 ὓλην
1384 1729 1477 1783 τοῦ
1500 1727 1636 1784 εἶναι

50 1823 101 1873 ἓν
137 1824 203 1882 ³³,
238 1823 272 1873 ὁ
299 1820 488 1874 διελὼν
510 1821 684 1892 αὐτὴν
715 1823 796 1885 είς
823 1821 916 1874 δύο
943 1821 1078 1892 εῖδη,
1110 1821 1191 1884 εἷς
1217 1839 1277 1874 τε
1307 1822 1368 1874 τὸ
1415 1822 1638 1876 ὑποκεί-

51 1932 206 1983 μενον
264 1914 349 1986 τῷ
403 1913 710 1986 γιγνομένῳ
755 1915 850 1968 καὶ
904 1916 983 1978 εἰς
1018 1913 1081 1966 τὺ
1131 1914 1531 1984 ἀντικείμενον;
1574 1916 1638 1969 Εἰ
1671 1897 1712 1952 Β

46 2009 194 2060 οὔπω
223 2007 388 2077 δῆλον
418 2009 482 2061 ἐκ
511 2007 618 2060 τῶν
646 2006 970 2078 εἰρημένων,
1002 2006 1051 2058 εἰ
1081 2000 1239 2058 οὐσία
1270 2007 1388 2059 ἐστὶ
1415 2006 1476 2059 τὸ
1492 2001 1633 2071 εἶδος

46 2100 76 2167 ἢ
105 2100 165 2152 τὸ
190 2100 578 2170 ὑποκείμενον,
611 2099 729 2163 πῶς
757 2099 1141 2170 ἀποφαντικῶς
1169 2100 1356 2171 εἴρηκε
1387 2099 1516 2171 περὶ
1533 2099 1636 2170 τῆς

49 2191 195 2260 ὓλης,
226 2192 294 2244 τὸ
325 2191 399 2262 μὴ
427 2187 564 2245 εἶναι
610 2191 779 2262 αὐτὴν
835 2191 1026 2244 οὐσίαν
1061 2191 1197 2262 μήτε
1239 2191 1360 2244 τόδε
1387 2209 1460 2254 τι,
1499 2193 1638 2263 μήτε

47 2282 132 2342 (rt;
167 2284 212 2334 Τ
215 2284 248 2336 δ
265 2283 376 2354 γὰρ
395 2284 750 2355 ὑποκείμενον
788 2284 1008 2355 εἴρηκεν
1036 2279 1173 2336 εἶναι
1201 2284 1302 2355 τὴν
1333 2283 1639 2354 ὓληνηηοτὲ

53 2378 142 2444 μὲν
174 2377 254 2447 μὴ
289 2371 430 2430 εἶναι
475 2377 644 2446 αὐτὴν
689 2375 901 2438 οὐσίαν,
937 2377 1072 2447 μήτε
1101 2376 1218 2429 τόδε
1247 2394 1321 2437 τι,
1367 2377 1504 2448 μήτε
1543 2377 1635 2430 ὄν·

50 2470 172 2520 ποτὲ
201 2468 263 2521 δὲ
291 2468 486 2539 ἄδηλον
513 2469 561 2520 εἰ
589 2468 746 2521 οὐσία
785 2468 923 2531 ἐστὶ,
955 2453 1074 2530 πῶς
1103 2469 1204 2522 οὐκ
1248 2467 1364 2522 ἐστι
1391 2468 1499 2522 τῶν
1539 2470 1640 2522 οὐκ

51 2559 267 2614 εἰδότων
289 2560 322 2614 ὃ
350 2577 512 2628 φασιν
536 2576 550 2623 ;

1738 626 1901 681 habet
1932 629 2160 683 materia
2189 629 2256 685 ad
2290 630 2520 686 formam
2556 639 2613 686 et
2660 630 2727 685 ad
2759 643 2968 687 certum
3007 633 3138 704 quid
3168 642 3223 689 ct
3251 634 3318 689 ad

1734 732 1868 773 ens:
1920 720 2197 789 quomodo
2234 737 2330 782 ass,
2380 722 2488 778 nisi
2536 722 2609 778 sit
2656 723 2967 779 substantia
3011 733 3066 778 et
3107 733 3319 779 certum

1736 807 1866 877 quid
1906 817 1962 862 et
2009 824 2130 876 ens,
2169 811 2440 867 rationem
2475 811 2681 868 habere
2717 828 2842 868 cum
2872 820 3052 868 statua
3083 830 3191 869 non
3222 831 3319 886 po-

1736 908 1878 968 test;
1904 901 2133 958 materia
2166 911 2369 968 autem,
2415 920 2539 975 quae
2589 921 2693 962 nec
2725 907 3035 962 substantia
3062 915 3168 974 est,
3213 923 3322 964 nec

1737 1000 1946 1047 eertum
1986 994 2138 1064 quid,
2173 1009 2274 1050 nec
2305 1011 2427 1060 ens,
2463 996 2730 1052 rationem
2752 997 2956 1053 habere
2986 1005 3165 1068 potest
3193 1013 3320 1052 cum

1735 1087 1873 1140 aere?
1906 1085 1964 1140 Si
1998 1103 2339 1158 quaecunque
2368 1089 2423 1143 in
2465 1091 2965 1148 constitutionibus
3003 1107 3187 1147 rerum
3219 1107 3320 1146 na‘

1738 1179 1996 1234 toralium
2051 1180 2496 1247 considerantur,
2554 1198 2618 1239 ea
2673 1199 2841 1240 sensu
2899 1185 3318 1256 percipiuntur:

1737 1271 2011 1338 quomodo
2032 1272 2283 1338 materia,
2320 1289 2386 1328 ex
2415 1289 2523 1344 qua
2552 1290 2616 1330 ea
2643 1283 2795 1340 sunt,
2833 1287 2957 1347 qua:
2999 1292 3166 1333 sensu
3196 1292 3308 1348 per-

1737 1363 2046 1432 cipiuntur,
2098 1365 2346 1436 analogia
2394 1369 2769 1437 cognoscitur,
2815 1386 2923 1426 non
2974 1371 3177 1426 sensu?
3211 1370 3320 1423 Aut

1737 1455 2015 1524 quomodo
2044 1456 2270 1512 omnino
2293 1472 2359 1513 ex
2380 1473 2467 1524 eo,
2490 1457 2635 1530 quod
2667 1475 2832 1516 sensu
2855 1476 2964 1515 non
2994 1460 3317 1531 percipitur,

1739 1545 1856 1600 ﬁeri
1894 1555 2126 1616 possunt
2154 1563 2276 1618 qua;
2298 1565 2463 1605 sensu
2506 1551 2915 1621 percipiuntur?
2949 1550 3006 1606 Si
3037 1552 3118 1608 vel
3148 1567 3318 1606 unum

1737 1653 1861 1694 esse
1885 1638 2238 1708 principium,
2288 1649 2373 1696 est
2418 1649 2633 1696 certum
2681 1643 2811 1713 quid
2854 1658 2999 1710 esse,
3044 1642 3320 1713 quomodo

1739 1729 1969 1782 materia
2002 1729 2166 1785 habet
2213 1739 2273 1785 ut
2326 1747 2496 1786 unum
2538 1731 2610 1786 sit
2644 1734 3000 1805 principium,
3051 1742 3110 1789 ut
3139 1740 3318 1787 autem

1739 1829 1948 1876 certum
1981 1821 2110 1890 quid
2138 1823 2231 1888 sit,
2268 1837 2376 1877 non
2409 1823 2610 1880 habet?
2631 1825 2696 1879 Et
2733 1826 2778 1880 si
2810 1834 3021 1880 certum
3043 1823 3175 1895 quid
3197 1839 3322 1880 esse

1739 1921 1794 1968 et
1827 1923 2036 1969 certum
2066 1913 2197 1982 quid
2239 1932 2348 1971 non
2378 1933 2524 1981 esse,
2556 1917 2862 1974 substantia
2899 1924 3016 1974 est:
3047 1915 3324 1987 quomodo

1738 2005 1986 2071 materia,
2025 2022 2148 2076 qua:
2179 2007 2364 2071 habet,
2420 2018 2480 2062 ut
2513 2017 2723 2064 certum
2763 2010 2892 2080 quid
2934 2025 3044 2064 non
3083 2009 3178 2075 sit,
3212 2023 3322 2062 non

1737 2103 1823 2153 est
1869 2098 2218 2153 substantia?
2264 2100 2553 2166 Quomodo
2602 2111 2781 2172 potest
2820 2101 3062 2157 materiae
3111 2100 3325 2170 eripere

1738 2189 2034 2259 quominus
2060 2207 2161 2246 ens
2198 2192 2293 2256 sit,
2323 2193 2417 2262 qui
2445 2207 2565 2247 eam
2594 2193 2789 2248 dividit
2822 2195 2876 2248 in
2908 2193 3047 2248 duas
3085 2191 3319 2264 species.

1739 2281 1794 2336 in
1827 2281 1881 2336 id
1903 2281 2048 2351 quod
2091 2283 2399 2353 subjectum
2443 2296 2528 2341 est
2558 2286 2608 2341 ei
2640 2285 2791 2356 quod
2823 2285 2882 2338 ﬁt
2912 2292 2967 2340 et
3005 2285 3061 2339 in
3099 2290 3320 2338 contra.

1738 2375 1915 2428 rium?
1945 2373 2003 2428 Si
2037 2374 2280 2429 nondum
2314 2391 2382 2430 ex
2407 2376 2572 2433 dictis
2610 2377 2802 2448 liquet,
2835 2384 3017 2431 utrum
3061 2376 3288 2431 substan

1739 2468 1813 2521 tia
1837 2468 1909 2524 sit
1938 2449 2217 2522 forma'an
2256 2468 2598 2539 subjectum:
2630 2469 2904 2540 quomodo
2941 2475 3318 2523 asseveranter

1738 2558 1807 2616 de
1836 2559 2060 2615 materia
2111 2558 2252 2614 dixit
2301 2575 2423 2616 eam
2470 2577 2580 2616 non
2623 2577 2749 2617 esse
2792 2559 3183 2623 substantiam,
3218 2571 3324 2613 nec

53 2661 257 2707 certum
293 2653 449 2724 quid,
483 2668 584 2708 nec
625 2652 760 2708 ens?
791 2651 1112 2723 Subjectum
1143 2654 1290 2709 enim
1334 2652 1475 2708 dixit
1531 2667 1656 2707 esse
1707 2653 2017 2708 materiam.
2069 2651 2228 2708 Nunc
2279 2653 2454 2724 ipsam
2501 2670 2610 2710 non
2661 2669 2785 2710 esse
2839 2652 3203 2710 substantiam
3235 2650 3324 2705 di-

55 2760 188 2810 cere,
224 2759 332 2800 nec
362 2752 568 2799 certum
598 2744 752 2814 quid,
792 2760 894 2800 nec
922 2760 1045 2810 ens,
1075 2759 1224 2800 nunc
1255 2761 1364 2800 non
1394 2745 1630 2816 liquere,
1663 2759 1733 2800 an
1769 2745 2080 2801 substantia
2110 2745 2212 2800 sit:
2237 2745 2518 2816 quomodo
2569 2761 2678 2801 non
2727 2755 2813 2802 est
2871 2745 3150 2800 hominum
3188 2742 3319 2814 quid

54 2837 233 2892 dicant
261 2837 668 2893 nescientium?

454 2954 510 3010 4.
543 2957 638 3009 Ἐκ
667 2957 773 3010 τοῦ
801 2955 988 3009 αὐτοῦ
1017 2955 1221 3025 λόγου.

1970 2946 2025 3002 4.
2059 2941 2144 2998 Ea:
2163 2943 2340 2998 eodem
2369 2941 2530 3009 libro,
2554 2939 2722 3004 libat,
2749 2952 2798 2992 c.
2828 2934 2885 3001 8,
2912 2949 2966 3005 p.
2996 2931 3118 2986 19!.

122 3069 139 3100 ι
169 3049 521 3119 Ζητήσαντες
549 3049 596 3100 οἱ
628 3047 770 3101 κατά
797 3047 1116 3116 φιλοσοφίαν
1145 3045 1353 3117 πρῶτοι
1380 3046 1480 3117 τὴν
1507 3042 1641 3116 ἀλή-

1819 3057 1839 3090 ‹
1885 3037 2055 3093 Primi
2103 3038 2436 3110 philosophi,
2470 3037 2601 3093 dum
2641 3035 2924 3092 veritatem
2967 3037 3023 3088 et
3065 3038 3319 3087 naturam

58 3143 197 3194 35m
260 3140 362 3194 καὶ
416 3141 514 3212 τὴν
559 3140 720 3210 φύσιν
759 3140 857 3212 τὴν
893 3137 1001 3192 τῶν
1041 3138 1231 3202 ὄντων,
1262 3138 1642 3212 ἐξετράπησαν

62 3231 158 3287 υἷον
183 3232 310 3286 ὁδόν
337 3249 455 3285 τινα
508 3230 671 3300 ἀλλην
713 3229 1058 3293 ἀπωσθέντες
1098 3230 1204 3284 ὑπὸ
1232 3230 1510 3302 ἀπειρίας,
1544 3230 1640 3284 καί

63 3342 217 3392 φασιν
243 3321 374 3376 οὔτε
403 3320 682 3391 γίγνεσθαι
715 3321 823 3373 τῶν
851 3320 1018 3374 ὄντων
1063 3321 1232 3384 οὐδὲν,
1271 3319 1396 3375 οὔτε
1427 3322 1644 3395 φθείρε-

65 3415 211 3475 σθαι,
273 3411 366 3464 διὰ
423 3410 486 3463 τὸ
538 3410 832 3477 ἀναγκαῖον
897 3409 993 3478 μὲν
1036 3405 1175 3460 εἶναι
1231 3407 1516 3477 γίγνεσθαι
1581 3407 1642 3461 τὸ

62 3505 379 3575 ’γιγνόμενον
407 3503 439 3573 ἢ
471 3501 530 3565 ἐξ
583 3502 735 3564 ὄντος
765 3500 798 3572 ἦ
830 3502 894 3554 ὲκ
927 3501 1001 3572 μὴ
1032 3499 1214 3563 ὄντοςο
1247 3501 1314 3553 ὲκ
1349 3500 1405 3553 δὲ
1434 3500 1638 3555 τούτων

61 3597 384 3666 ἀμφοτέρων
410 3593 663 3646 ἀδύνατον
685 3589 819 3646 εἶναι
843 3610 856 3622 ·
887 3591 1011 3645 οὔτε
1039 3591 1149 3663 γὰρ
1169 3591 1230 3644 τὸ
1248 3591 1306 3649 ὃν
1337 3591 1640 3660 γίγνεσθαι,

59 3685 184 3740 εἶναι
240 3686 360 3757 γὰρ
416 3685 514 3756 ἤδη
541 3703 553 3714 ·
588 3685 650 3737 ἐκ
678 3702 736 3736 τε
772 3685 846 3757 μὴ
871 3683 1023 3746 ὄντος
1050 3682 1206 3736 οὐθὲν
1254 3683 1320 3736 ἂν
1367 3683 1642 3750 γενέσθαι,

60 3778 381 3833 ὑποκεῖσθαι
410 3778 517 3849 γάρ
550 3795 602 3829 τι
629 3777 725 3829 δεῖ.
759 3777 867 3830 Καὶ
909 3775 1050 3829 οὕτω
1076 3773 1140 3845 δὴ
1168 3774 1229 3828 τὸ
1268 3775 1467 3842 ἐφεξῆς
1502 3792 1642 3845 συμ-

61 3875 234 3926 ϐαῖνον
265 3871 545 3935 αὔξοντες,
572 3869 692 3924 οὐδὲ
723 3866 858 3922 εἶναι
891 3867 1063 3922 πολλά
1091 3882 1275 3934 φασιν,
1320 3865 1455 3918 ἀλλὰ
1487 3866 1644 3937 μόνον

62 3967 184 4018 αὐτὸ
211 3965 278 4017 τὸ
310 3963 388 4017 ὄν.
432 3981 450 4014 ι

136 4140 324 4195 Ἰκανά
351 4140 445 4193 καὶ
476 4137 647 4192 ταῦτα
681 4137 1027 4209 μαρτυρῆσαι
1071 4140 1138 4208 τῇ
1169 4135 1398 4208 ἀληθείᾳ
1430 4135 1524 4188 τοῦ
1556 4136 1644 4204 ὑφ’

65 4217 234 4306 ἡμῶν⁹
262 4234 523 4307 ῥηθέντος
567 4233 694 4301 περὶ
738 4231 846 4283 τῶν
901 4234 1031 4303 παρ’
1065 4231 1286 4301 Ἕλλησι
1320 4222 1644 4299 φιλοσόφων,

67 4329 134 4389 ὼς
161 4326 307 4381 κατὰ
335 4325 432 4396 τὴν
460 4323 840 4394 ἀποδεικτικὴν
895 4324 1203 4394 ἐπιστήμην
1246 4325 1373 4393 περὶ
1400 4323 1507 4375 τῶν
1560 4321 1646 4372 ὄν-

1742 3145 1926 3186 rerum
1949 3130 2302 3202 investigarit,
2336 3119 2755 3192 aberraverunt,
2787 3127 2843 3182 in
2870 3125 3032 3182 aliam
3066 3124 3316 3196 quodam-

1743 3222 1905 3277 modo
1947 3222 2093 3276 viam
2127 3223 2400 3294 imperitia
2447 3220 2684 3293 depulsi,
2727 3234 2792 3274 ac
2824 3218 3015 3272 dicunt
3046 3217 3182 3272 nihil
3225 3233 3323 3272 eo-

1742 3328 1888 3376 rum,
1925 3329 2047 3383 qua:
2079 3323 2229 3379 sunt,
2267 3317 2518 3386 generari
2549 3323 2643 3369 aut
2681 3311 2959 3382 corrumpi
2992 3325 3006 3360 :
3038 3319 3323 3382 propterea

1745 3404 1893 3474 quod
1956 3421 2184 3462 necesse
2240 3417 2326 3463 est
2375 3408 2429 3462 id
2479 3406 2626 3477 quod
2662 3412 2979 3476 generatur,
3023 3403 3108 3458 vel
3136 3419 3203 3458 ex
3235 3418 3322 3470 eo,

1742 3495 1887 3564 quod
1927 3505 2032 3560 est,
2078 3499 2352 3567 generari,
2407 3498 2491 3552 vel
2531 3513 2597 3552 ex
2645 3510 2712 3550 eo
2751 3495 2898 3565 quod
2946 3508 3058 3549 non
3107 3502 3225 3562 est;
3255 3509 3319 3550 ex

1744 3592 1940 3640 neutro
1972 3593 2155 3640 autem
2201 3587 2252 3642 id
2301 3587 2418 3642 ﬁeri
2451 3603 2611 3657 posse
2644 3604 2655 3639 :
2692 3602 2870 3656 neque
2906 3587 3051 3642 extim
3083 3586 3138 3640 id
3176 3587 3323 3655 quod

1741 3685 1825 3733 est
1855 3679 2126 3748 generari,
2151 3679 2264 3748 jam
2293 3680 2435 3734 enim
2459 3690 2573 3742 est;
2621 3695 2686 3733 ex
2709 3693 2774 3732 eo
2803 3686 3004 3743 autem,
3041 3676 3187 3747 quod
3214 3693 3323 3732 non

1741 3780 1846 3837 est,
1879 3773 2016 3826 nihil
2044 3771 2326 3843 generari:
2366 3769 2570 3839 aliquid
2622 3768 2771 3823 enim
2826 3767 3024 3836 subjici
3082 3775 3320 3837 oportet.

1741 3865 1919 3934 Atque
1941 3865 2017 3918 ita
2049 3864 2450 3932 amplilieantes
2469 3859 2631 3932 555
2645 3875 2708 3914 ea
2736 3875 2858 3930 quae
2887 3865 3326 3928 consequuntur,

1743 3973 1812 4012 ne
1841 3957 2010 4010 multa
2039 3955 2258 4025 quidem
2290 3969 2411 4010 esse
2447 3955 2826 4024 pronuntiant,
2858 3951 2954 4009 sed
2985 3949 3039 4005 id
3085 3958 3323 4006 tantum-

1744 4049 1906 4103 modo
1936 4047 2080 4117 quod
2111 4053 2213 4102 est.
2257 4065 2276 4098 ι

1815 4138 1912 4192 Vel
1952 4139 2066 4192 haec
2104 4138 2220 4208 ipsa
2253 4136 2388 4192 satis
2415 4134 2610 4189 idonea
2654 4133 2766 4189 sint
2795 4147 2917 4203 qua:
2947 4132 3231 4188 veritatem
3263 4130 3326 4185 ll-

1746 4226 1875 4290 lius,
1907 4225 2052 4295 quod
2097 4225 2165 4280 de
2215 4223 2420 4278 Graecis
2456 4223 2799 4293 philosophis
2835 4221 3097 4286 diximus,
3127 4219 3328 4276 conﬁr-

1749 4324 1927 4384 ment;
1973 4317 2232 4371 uimirum
2289 4331 2389 4370 eos
2427 4330 2535 4370 non
2569 4314 2636 4368 ad
2689 4331 2811 4370 eam
2858 4313 3166 4376 scientiam,
3207 4328 3330 4384 qua

68 4435 164 4470 των
195 4420 328 4481 τοὺς
382 4390 571 4484 λόγους
604 4416 677 4486 μὴ
709 4390 1108 4486 πεποιηκότων,
1133 4390 1250 4468 ἀλλ’
1296 4390 1545 4484 εἰκασμῷ
1586 4411 1648 4464 τὸ

1823 4409 2219 4463 monstratione
2256 4407 2626 4469 contineatur,
2659 4404 2993 4461 disseruisse
3033 4404 3102 4459 de
3138 4404 3325 4469 rebus,

65 4510 252 4563 δοκοῦν
272 4508 688 4580 διορισαμένων.

459 4601 512 4653 5.
558 4602 650 4651 Ἐκ
682 4598 786 4652 τοῦ
829 4597 1016 4651 αὑτοῦ
1048 4597 1254 4662 λόγου.

139 4715 155 4746 ι
197 4695 394 4765 Ἡμεῖς
443 4693 498 4744 δὲ
543 4691 772 4761 λέγομεν
822 4689 903 4743 ὅτι
944 4689 1004 4740 τὸ
1044 4687 1103 4754 ἐξ
1151 4687 1302 4750 ὄντος
1329 4687 1363 4757 ἢ
1399 4685 1471 4757 μὴ
1499 4687 1651 4751 ὄντος

71 4786 336 4853 τίνεσθαι,
381 4785 414 4855 ἢ
461 4783 522 4836 τὸ
552 4782 625 4853 μὴ
653 4781 733 4844 ὃν,
761 4782 794 4852 ἢ
837 4781 898 4834 τὸ
923 4780 982 4834 ὃν
1028 4780 1200 4831 ποιεῖν
1228 4795 1280 4831 τι
1315 4778 1349 4849 ἢ
1396 4779 1648 4848 πάσχειν,

73 4878 102 4948 ἦ
129 4878 307 4932 ὁτιοῦν
336 4876 454 4929 τόδε
475 4874 774 4944 γίγνεσθαι,
805 4873 903 4926 ἕνα
934 4873 1030 4942 μὲν
1067 4871 1266 4941 τρόπον
1290 4869 1440 4922 οὐδὲν
1467 4870 1653 4938 διαφέ-

75 4988 171 5040 ρει,
203 4971 237 5041 ἢ
264 4969 327 5022 τὸ
347 4969 439 5020 τὸν
472 4968 656 5037 ἰατρὸν
685 4968 856 5018 ποιεῖν
883 4982 935 5016 τι
962 4963 994 5034 ἢ
1026 4963 1274 5032 πάσχειν,
1319 4963 1352 5032 ἢ
1385 4963 1445 5014 τὸ
1481 4961 1540 5027 ἐξ
1572 4965 1654 5015 ἰα-

71 5062 197 5133 τροῦ
228 5059 369 5114 εἷναί
399 5077 450 5111 τι
481 5059 514 5129 ἦ
543 5057 805 5126 γίνεσθαι.
852 5058 1035 5118 Ὥστε,
1067 5054 1254 5125 ἐπειδὴ
1298 5053 1456 5107 τοῦτο
1496 5053 1657 5123 διχῶς

77 5157 104 5226 ἦ
136 5155 450 5224 πλεοναχῶς
476 5152 586 5222 (62)
622 5151 858 5219 λέγεται,
887 5147 1064 5218 δῆλον,
1095 5147 1176 5200 ὅτι
1193 5146 1287 5198 καὶ
1313 5146 1375 5198 τὸ
1398 5146 1458 5210 ἐξ
1484 5145 1656 5207 ὄντος,

79 5250 165 5302 καὶ
182 5249 243 5302 τὸ
273 5248 353 5309 δν,
388 5247 422 5315 ἢ
453 5246 624 5297 ποιεῖν
647 5241 756 5312 (65)
787 5240 820 5311 ἢ
849 5239 1095 5309 πάσχειν.
1131 5237 1416 5308 Οἰκοδομεῖ
1441 5239 1537 5308 μὲν
1567 5234 1659 5291 οὖν

75 5342 103 5390 ὀ
126 5339 331 5411 ἰατρδς,
362 5338 463 5406 οὐχ
557 5334 739 5404 ἰατρὸς
767 5332 844 5394 δὲ,
875 5330 988 5384 ἀλλ’
1019 5324 1380 5403 ᾖοίκοδόμοςο
1417 5331 1510 5382 καὶ
1538 5329 1661 5380 λευ-

1753 4500 1847 4558 sed
1875 4499 2222 4571 conjiciendo
2251 4499 2515 4570 quidquid
2545 4499 2753 4568 placuit
2776 4496 3086 4552 detinivissc

2184 4598 2238 4653 5.
2273 4596 2356 4650 Ea:
2386 4596 2561 4650 eodem
2585 4595 2741 4658 libro,
2778 4590 2907 4646 ibid.

1822 4705 1843 4736 ‹
1885 4683 1996 4739 Nos
2041 4692 2225 4739 autem
2254 4682 2492 4736 dicimus
2539 4695 2606 4735 ex
2649 4685 2776 4733 ente
2819 4683 3017 4731 aut~ex
3048 4690 3158 4731 non
3203 4681 3331 4731 ente

1752 4778 1886 4842 ﬁeri,
1920 4785 2015 4830 aut
2058 4777 2111 4832 id
2145 4775 2291 4846 quod
2333 4789 2442 4828 non
2472 4780 2578 4834 est,
2620 4771 2704 4826 vel
2745 4769 2800 4824 id
2829 4767 2977 4839 quod
3007 4779 3092 4824 est
3124 4766 3328 4840 aliquid

1761 4868 1938 4922 facere
1967 4875 2061 4920 aut
2089 4866 2222 4936 pati,
2257 4872 2352 4918 aut
2383 4860 2666 4933 quodlibet
2708 4858 2824 4914 ﬁeri
2869 4855 3075 4926 aliquid
3119 4856 3251 4912 certi
3278 4861 3332 4910 et

1753 4959 1986 5020 deﬁniti,
2023 4957 2162 5012 nihil
2215 4971 2444 5026 prorsus
2489 4952 2732 5016 diﬂ‘erre,
2767 4965 2875 5005 una
2907 4947 3140 5011 ratione,
3177 4961 3242 5001 ac
3283 4949 3328 5006 si

1755 5051 2002 5106 medicus
2028 5049 2207 5104 facere
2236 5045 2443 5118 aliquid
2476 5045 2693 5100 dicatur
2717 5052 2811 5097 aut
2838 5041 2973 5112 pati,
2999 5047 3095 5096 aut
3121 5055 3186 5093 ex
3221 5053 3334 5092 me-

1754 5145 1880 5199 dico
1908 5158 2030 5198 esse
2059 5140 2267 5211 aliquid
2295 5147 2390 5194 aut
2422 5137 2558 5194 ﬁeri.
2595 5135 2735 5203 Quia
2763 5151 2893 5206 ergo
2915 5133 3130 5188 duobus
3161 5130 3216 5185 id
3240 5133 3336 5182 aut

1757 5235 2007 5308 pluribus
2053 5233 2312 5290 sensibus
2347 5231 2570 5294 dicitur,
2614 5228 2696 5284 sic
2724 5227 2888 5282 etiam
2911 5232 2966 5279 et
2993 5222 3043 5276 id
3082 5218 3226 5289 quod
3251 5225 3336 5274 est

1756 5347 1820 5385 ex
1851 5335 2001 5394 ente,
2031 5334 2086 5383 et
2108 5342 2230 5391 ens,
2260 5336 2314 5382 et
2339 5325 2518 5381 facere
2541 5331 2635 5376 aut
2661 5319 2772 5390 pati
2810 5336 2824 5372 :
2856 5313 3088 5370 aediﬁcat
3115 5309 3334 5380 quidem

79 5430 168 5494 κδς
195 5407 428 5499 γίνεται,
451 5407 602 5498 οῦχῇ
636 5423 838 5495 ἰατρὸς,
871 5421 986 5475 ἀλλ’
1083 5420 1270 5492 μέλας.
1317 5420 1576 5492 ’ἰατρεύει
1607 5419 1650 5473 δὲ

1818 5420 2030 5487 edicus,
2063 5435 2171 5475 non
2208 5426 2482 5491 quatenus
2517 5414 2783 5476 medicus,
2821 5407 2916 5466 sed
2943 5411 3216 5476 quatenus
3245 5415 3308 5460 ar

150 5587 192 5617 ¹²
230 5584 359 5654 Leg.
395 5584 463 5652 τῇ
491 5580 613 5651 ὕλῃ.
689 5579 732 5612 ⁸³
765 5577 896 5648 ch.
931 5572 1070 5629 εἶναι
1108 5574 1189 5628 ὄν.

149 5739 267 5809 (62)
311 5739 378 5793 Ἢ
408 5732 776 5804 πλεοναχῶς.
824 5731 946 5792 "me
974 5731 1173 5785 desunt
1209 5728 1349 5798 apud
1388 5726 1657 5781 Aristote-

85 5809 268 5950 ιὲὶῗθῧ)
297 5849 389 5935 ’Ἡ
422 5874 612 5930 ποιεῖν
675 5865 903 5944 Scripsit
941 5868 1264 5942 Sylburgius
1309 5867 1340 5940 ἢ
1384 5869 1548 5921 ποιεῖν
1586 5882 1656 5929 τι,

1769 5725 1864 5782 sed
1901 5725 2219 5796 particulam
2254 5739 2351 5780 nec
2385 5720 2448 5776 Ii.
2479 5719 2785 5790 Stephanus
2820 5732 2920 5774 nec
2947 5731 3081 5772 mss.
3119 5711 3336 5771 codices

1769 5805 2092 5868 agnoscunt.
3293 5807 3295 5810 ⁴
