3662 6482
356 389 497 445 I503

1100 382 1467 440 menum.
1503 413 1571 423 —
1610 378 1789 436 esas
1826 380 1867 435 ι.
1908 378 1966 435 s.
2008 380 2274 437 JUSTINI
2312 379 2538 437 orem
2570 362 2844 436 Spuma;

3476 382 3590 439 1504

356 503 651 567 chitectus,
684 506 736 556 et
763 500 920 556 albus
951 498 1028 565 lit,
1072 515 1180 553 non
1213 506 1484 568 quatenus
1526 496 1794 559 medicus,
1840 511 1912 551 sei

2099 498 2131 549 L).
2151 496 2402 568 ἀνίατρος
2456 496 2565 567 (64)
2594 497 2800 565 γίνεται
2897 493 3080 567 ἱατρός
3099 513 3114 525 ⁸
3158 493 3347 566 ἐπειδὴ
3386 495 3588 566 μάλιστα

354 602 628 665 quatenus
656 592 841 662 niger;
874 590 1124 645 medetur
1148 598 1329 643 autem
1356 592 1410 637 cl
1439 584 1495 635 [ει
1532 602 1641 640 non
1666 584 1935 647 medicus.

354 695 633 758 quatenus
678 685 947 740 medicus.
991 683 1263 749 Quoniam
1287 688 1471 734 autem
1515 680 1751 732 maxime
1800 677 1939 731 dici-

356 795 480 834 mus
508 778 779 832 medicum
813 777 1032 846 proprie
1076 774 1256 828 facere
1309 769 1516 841 aliquid
1559 777 1652 823 aut
1686 770 1819 839 pati,
1844 776 1940 823 aut

353 887 417 925 et
450 870 662 925 medico
708 869 915 938 aliquid
972 866 1108 929 ﬁeri,
1140 866 1188 921 si
1236 873 1523 935 quatenus-
1552 864 1797 919 medicus
1824 863 1941 919 bzec

356 961 523 1015 faciat
550 968 643 1015 aut
675 960 941 1031 patiatur;
987 957 1318 1029 perspicitur
1342 964 1397 1012 et
1442 956 1495 1012 id
1532 955 1679 1025 quod
1713 954 1829 1010 ﬁeri
1854 955 1940 1009 di-

355 1050 502 1103 citur
533 1067 599 1106 ex
623 1066 689 1104 eo
714 1049 859 1120 quod
896 1066 1001 1103 non
1029 1056 1135 1111 est,
1162 1046 1353 1102 eodem
1385 1062 1549 1102 sensu
1585 1044 1935 1107 sumendum,

356 1158 552 1213 nempe
578 1153 849 1213 quatenus
870 1157 975 1195 non
1008 1151 1112 1195 est.
1137 1138 1294 1205 Quod
1321 1138 1542 1209 quidem
1574 1138 1650 1192 illi
1674 1153 1799 1192 cum
1826 1152 1936 1192 non

356 1237 788 1306 distinguerent,
837 1235 1258 1298 abscesserunt,
1305 1240 1360 1287 et
1403 1232 1474 1287 ob
1524 1232 1667 1285 hanc
1692 1230 1939 1285 inscien-

356 1327 485 1379 tiam
520 1326 655 1380 adeo
673 1326 1049 1387 cmentierunt,
1084 1334 1142 1379 ut
1172 1325 1308 1380 nihil
1335 1325 1571 1380 aliarum
1604 1337 1792 1377 rerqu
1820 1319 1939 1376 ﬁeri

355 1426 450 1470 aut
478 1432 600 1472 esse
619 1417 929 1481 crederent,
969 1417 1065 1471 sed
1096 1433 1313 1472 omnem
1340 1415 1753 1487 generationem
1780 1414 1938 1470 tolle-

356 1518 497 1565 rent.
532 1508 643 1565 Nos
682 1519 863 1565 antem
894 1518 947 1565 et
980 1511 1083 1583 ipsi
1128 1512 1364 1566 dicimus
1406 1510 1541 1564 nihil
1571 1509 1791 1579 quidem
1824 1510 1939 1564 lieri

352 1618 419 1656 ex
441 1618 508 1657 eo
530 1602 675 1672 quod
705 1617 935 1673 prorsus
968 1619 1078 1656 non
1106 1610 1215 1667 est,
1248 1602 1362 1657 ﬁeri
1394 1609 1573 1656 tamen
1607 1617 1675 1656 ex
1706 1616 1770 1656 eo
1791 1600 1940 1671 quod

354 1712 463 1751 non
493 1706 599 1760 est,
650 1696 819 1751 veluti
854 1712 953 1766 per
1004 1695 1283 1749 accidens.
1322 1694 1401 1747 Ex
1436 1693 1740 1764 privatione
1770 1692 1938 1759 enim,

352 1805 475 1859 qua:
504 1798 590 1845 est
625 1805 720 1859 per
754 1805 814 1845 se
856 1804 965 1843 non
996 1803 1117 1848 ens.
1144 1802 1323 1858 neque
1355 1784 1710 1847 inexsistens,
1751 1784 1808 1837 lit
1837 1784 1939 1837 ali-

2042 588 2272 659 λέγομεν
2317 589 2406 641 τὸν
2468 589 2647 661 ἰατρὸν
2691 590 2897 661 κυρίως
2938 590 3109 641 ποιεῖν
3152 606 3207 640 τι
3240 587 3275 659 ἢ
3305 588 3592 659 πάσχειηῆ

2039 681 2321 750 γίγνεσθαι
2350 680 2409 745 ἐξ
2450 682 2651 752 ἰατροῦ,
2683 683 2779 735 ἐὰν
2816 675 2850 754 ᾖ
2884 680 3066 751 ἰατρὸς
3092 678 3269 733 ταῦτα
3296 684 3424 750 ποιῇ
3452 681 3482 751 ἦ
3509 684 3590 736 τιάο

2040 791 2173 845 τοίη·
2232 774 2470 845 δηλονότι
2515 776 2609 828 καὶ
2644 775 2703 829 τδ
2756 776 2831 846 μὴ
2876 774 2933 839 ἐξ
2974 773 3128 836 ὄντος
3151 773 3434 841 γίγνεσθαι
3462 773 3595 828 τοῦτο

2040 867 2390 937 σημαίνει,τό
2477 868 2549 937 μὴ
2592 867 2670 920 ὄν.
2692 869 2871 938 Ὅπερ
2917 869 3119 919 ἐκεῖνοι
3144 866 3325 937 μὲνού
3340 866 3594 930 διελόντες.

2038 958 2385 1028 ἀπέστησαν
2436 959 2528 1011 καὶ
2582 958 2668 1012 διὰ
2704 960 2909 1028 ταύτην
2952 958 3051 1029 τὴν
3092 957 3319 1026 ἄγνοιαν
3370 958 3598 1013 τοσοῦτον

2039 1049 2476 1121 προσηγνόησαν,
2525 1049 2665 1104 ὥστε
2721 1050 2891 1121 μηθὲν
2935 1049 3146 1103 οἴεσθαι
3184 1050 3467 1118 γίγνεσθαι
3492 1052 3593 1121 μήτ’

2038 1136 2313 1195 εἶναιτῶν
2355 1142 2548 1205 ἀλλων,
2603 1142 2718 1196 ἀλλ’
2773 1142 2983 1195 ἀνελεῖν
3028 1143 3214 1196 πᾶσαν
3241 1141 3343 1213 τὴν
3387 1141 3592 1210 γένεσιν.

2051 1234 2240 1305 Ἡμεῖς
2266 1234 2322 1289 δὲ
2351 1236 2444 1289 καὶ
2471 1234 2621 1288 αὐτοί
2645 1252 2827 1306 φαμεν
2853 1234 3101 1303 γενέσθαι
3130 1235 3232 1305 μὲν
3258 1234 3412 1287 οὐδὲν
3438 1236 3594 1298 ἁπλῶς

2036 1326 2103 1380 ὲκ
2148 1326 2223 1398 μὴ
2280 1326 2463 1391 ὄντος·
2495 1327 2645 1398 ὅμως
2705 1326 2891 1397 μέντοι
2931 1326 3219 1395 γίγνεσθαι
3251 1328 3320 1380 ὲκ
3347 1327 3421 1398 μὴ
3446 1326 3591 1389 ὄντος,

2038 1414 2150 1473 οἷον
2180 1418 2323 1473 κατά
2356 1418 2717 1490 συμϐεϐηκός.
2746 1420 2844 1472 Ἐκ
2869 1417 3087 1490 γάρτῆς
3109 1419 3419 1489 στερήσεως
3446 1418 3474 1470 ὅ
3497 1420 3592 1470 ἐστι

2040 1512 2161 1567 καθ’
2191 1512 2323 1565 αὐτὸ
2354 1512 2427 1583 μὴ
2456 1511 2539 1575 ὄν,
2569 1513 2669 1566 οὐκ
2695 1511 3097 1583 ἐνυπάρχοντος
3130 1512 3372 1579 γίνεται.
3401 1510 3593 1580 Θαυμά-

2040 1603 2192 1668 ζεται
2219 1603 2463 1668 ἃτοῦτο,
2506 1604 2601 1657 καὶ
2651 1604 2913 1657 ἀδύνατον
2946 1602 3094 1656 οὕτω
3134 1603 3306 1665 δοκεῖ,
3346 1600 3593 1671 γίγνεσθαί

2039 1714 2092 1751 τι
2122 1699 2186 1751 ὲκ
2205 1697 2279 1769 μὴ
2307 1697 2477 1760 ὄντος.
2513 1696 2786 1760 Ὡσαύτως
2810 1696 2867 1749 δὲ
2895 1696 3015 1749 οὐδὲ
3043 1694 3105 1759 ἐξ
3131 1696 3311 1758 ὄντος,
3334 1694 3453 1748 οὐδὲ
3473 1696 3525 1746 τδ
3547 1695 3594 1747 ὃν

2041 1788 2349 1859 γίγνεσθαι,
2409 1788 2547 1859 πλὴν
2601 1787 2741 1841 κατὰ
2785 1786 3158 1858 συμϐεϐηκός.
3211 1785 3371 1839 Οὕτω
3418 1786 3472 1838 δὲ
3519 1786 3592 1838 καὶ

352 1883 505 1953 quid.
536 1881 595 1937 ιιι
626 1892 811 1936 autem
840 1881 1198 1936 admirationi
1228 1886 1335 1943 est,
1370 1894 1472 1934 nec
1507 1878 1623 1933 ﬁeri
1652 1893 1817 1948 posse
1855 1878 1912 1931 vi

2102 1882 2197 1935 ὖτο
2220 1880 2501 1950 γίγνεσθαι
2542 1879 2633 1933 τὸν
2679 1879 2846 1933 αὑτὸν
2872 1878 3098 1951 τρόπον,
3130 1873 3251 1931 οἷον
3290 1880 3339 1930 εἰ
3366 1878 3428 1929 ἐκ
3478 1876 3591 1940 ζώω

351 1975 531 2040 detur,
567 1984 626 2030 ut
655 1992 723 2031 ex
753 1991 840 2040 eo,
884 1975 1029 2047 quod
1075 1990 1184 2029 non
1216 1982 1324 2035 est,
1369 1972 1575 2043 aliquid
1610 1971 1724 2025 liat.
1767 1970 1933 2024 Simi-

355 2069 477 2123 liter
496 2069 662 2123 etiam
694 2083 869 2138 neque
889 2083 953 2122 ex
984 2082 1051 2122 eo
1077 2066 1224 2137 quod
1250 2074 1356 2130 est,
1387 2081 1565 2135 neque
1596 2064 1648 2118 id
1681 2064 1829 2134 quod
1851 2072 1937 2119 est

354 2161 471 2214 ﬁeri
514 2160 775 2224 dicimus,
819 2161 927 2215 nisi
974 2175 1072 2230 per
1117 2158 1379 2214 accidens
1412 2177 1424 2211 :
1461 2158 1542 2214 sic
1575 2165 1758 2212 autem
1794 2156 1935 2221 ﬁeri,

353 2255 503 2309 velut
525 2255 572 2309 si
600 2269 669 2310 ex
692 2254 917 2308 animali
946 2253 1149 2308 animal
1184 2252 1298 2317 ﬁat,
1316 2260 1370 2307 et
1400 2268 1467 2307 ex
1496 2252 1681 2321 aliquo
1710 2250 1935 2305 animali

350 2346 572 2414 aliquod
601 2346 839 2411 animal;
875 2354 1003 2415 puta
1035 2345 1191 2400 canis
1224 2360 1289 2399 ex
1325 2359 1469 2414 equo
1494 2359 1507 2395 :
1535 2344 1625 2397 liet
1650 2341 1797 2397 enim
1827 2358 1936 2397 non

350 2439 528 2495 solum
561 2454 629 2493 ex
668 2438 853 2508 aliquo
880 2439 1104 2492 animali
1130 2438 1308 2501 canis,
1353 2437 1450 2492 sed
1502 2426 1667 2492 etiam
1716 2450 1785 2490 ex
1815 2435 1937 2489 ani-

351 2530 527 2595 mali;
563 2529 659 2585 sed
695 2546 805 2584 non
834 2539 1108 2600 quatenus
1140 2530 1365 2591 animal,
1400 2528 1513 2598 jam
1549 2529 1694 2584 enim
1718 2528 1823 2581 hoc
1858 2527 1939 2596 ip-

351 2636 473 2676 sum
504 2630 610 2678 est.
637 2622 695 2677 Si
728 2623 875 2693 quod
911 2632 1094 2677 autem
1138 2629 1429 2693 generetur
1466 2621 1669 2675 animal
1697 2637 1804 2675 non
1839 2618 1936 2689 per

352 2715 633 2781 accidens,
664 2733 773 2772 non
806 2717 910 2771 erit
941 2732 1005 2772 ex
1039 2715 1299 2781 animali;
1331 2725 1385 2769 et
1413 2716 1460 2770 si
1495 2714 1628 2784 quid
1662 2714 1809 2784 quod
1838 2714 1935 2779 sit,

2040 1972 2179 2038 ζῶον
2207 1975 2273 2028 ἀν
2310 1972 2532 2042 γίνοιτο,
2563 1973 2657 2028 καὶ
2682 1975 2731 2027 εἰ
2781 1972 2897 2044 (65)
2941 1973 3006 2027 ἐκ
3027 1990 3177 2036 τινος
3209 1971 3351 2036 ζώου
3381 1990 3433 2025 τι
3462 1972 3592 2037 ζῶον,

2038 2062 2151 2121 οἷον
2205 2069 2254 2120 εἰ
2306 2067 2451 2121 κύων
2499 2066 2560 2133 ἐξ
2600 2068 2769 2120 ἵππου
2813 2066 3055 2135 γίγνοιτο
3080 2082 3097 2098 ·
3127 2067 3371 2135 γίγνοιτο
3404 2065 3595 2136 μὲνγὰρ

2041 2161 2108 2216 ἂν
2140 2160 2248 2233 (66)
2278 2163 2340 2215 οὐ
2390 2163 2546 2232 μόνον
2580 2161 2643 2216 ἐκ
2674 2178 2820 2224 τινος
2850 2160 2989 2225 ζώου
3018 2162 3047 2213 ὁ
3077 2160 3253 2220 κύων,
3283 2159 3415 2212 ἀλλά
3442 2160 3525 2211 καὶ
3546 2160 3594 2209 ἐκ

2041 2254 2205 2317 (dion,
2235 2254 2347 2307 ἀλλ’
2377 2255 2475 2324 οὐχ
2573 2251 2739 2316 ζῶον
2782 2252 3022 2323 ὑπάρχει
3069 2250 3182 2323 γάρ
3215 2251 3318 2320 ἢδη
3350 2250 3518 2305 τοῦτο.
3548 2252 3596 2303 ΕΞ

2040 2347 2097 2399 δέ
2128 2364 2182 2399 τι
2219 2346 2401 2417 μέλλοι
2444 2344 2725 2413 γίγνεσθαι
2769 2342 2910 2407 ζῶον
2960 2342 3036 2413 μὴ
3082 2342 3228 2395 κατά
3269 2340 3596 2411 συμϐεὸηκξ,

2042 2440 2142 2493 οὐκ
2171 2442 2235 2493 ὲκ
2270 2438 2409 2503 ζώου
2448 2439 2627 2491 ἔσται·
2659 2439 2753 2491 καὶ
2797 2438 2929 2490 εἴτι
2961 2438 3020 2489 ὃν
3043 2436 3182 2506 (67),
3227 2436 3329 2487 οὐκ
3368 2432 3428 2498 ἐξ
3452 2433 3595 2494 ὄντος,

2036 2532 2159 2585 οὐδὲ
2188 2531 2250 2585 ὲκ
2284 2532 2357 2601 μὴ
2386 2531 2553 2593 ὄντος.
2593 2532 2665 2583 Τὸ
2694 2530 2803 2601 γὰρ
2834 2530 2901 2582 ἐκ
2928 2528 3013 2598 μὴ
3044 2528 3230 2594 ὄντος
3266 2525 3474 2597 εἴρηται
3496 2526 3601 2595 ἡμῖν

2040 2623 2093 2675 τί
2138 2623 2413 2694 σημαίνει,
2443 2623 2525 2675 ὄτι
2552 2618 2592 2693 ᾖ
2612 2622 2696 2691 μὴ
2726 2620 2801 2673 ὅν
2824 2639 2838 2651 ο
2860 2621 2940 2673 ἐτι
2977 2620 3035 2674 δὲ
3062 2622 3162 2675 καὶ
3199 2620 3265 2674 τὺ
3298 2616 3433 2674 εἶναι
3461 2619 3598 2679 ἅπαν,

2042 2714 2074 2785 ἢ
2098 2715 2171 2785 μὴ
2202 2710 2361 2777 εἶναι,
2390 2716 2489 2767 οὐκ
2518 2713 2867 2785 ἀναιροῦμεν.
2898 2733 2916 2763 ι

350 2818 659 2878 generetur,
701 2827 810 2865 non
843 2811 948 2866 erit
990 2828 1053 2865 ex
1092 2826 1157 2865 eo
1200 2810 1342 2880 quod
1387 2818 1493 2874 est,
1530 2823 1708 2879 neque
1755 2823 1821 2862 ex
1857 2824 1922 2861 eo
1955 2809 2100 2877 quod
2136 2824 2243 2862 non
2276 2816 2378 2863 est.
2404 2807 2544 2874 Quid
2588 2807 2732 2862 enim
2766 2804 3037 2877 signiticet
3092 2804 3256 2869 illud,
3284 2820 3348 2859 ex
3376 2821 3437 2858 eo
3488 2801 3596 2871 quod

352 2912 458 2949 non
488 2908 588 2965 est,
626 2898 888 2960 diximus.
925 2915 1141 2969 nempe,
1174 2907 1433 2968 quatenus
1484 2914 1588 2952 non
1637 2906 1717 2952 est
1747 2912 1763 2949 :
1796 2904 1962 2967 atque
2015 2899 2181 2953 etiam
2234 2914 2412 2969 neque
2457 2898 2513 2953 id
2546 2897 2689 2969 quod
2722 2905 2830 2961 est,
2865 2912 3044 2968 neque
3096 2898 3151 2951 id
3186 2897 3336 2968 quod
3384 2913 3487 2951 non
3516 2905 3595 2961 εει,

355 3006 584 3059 prorsus
615 2992 879 3047 tollimus.
913 3012 934 3045 ι

426 3084 484 3139 Si
522 3085 680 3151 illud,
706 3084 893 3155 Neque
924 3101 989 3140 ex
1024 3100 1091 3139 eo
1111 3085 1255 3155 quod
1288 3084 1515 3139 omnino
1533 3092 1640 3148 est,
1665 3098 1843 3154 neque
1871 3098 1938 3138 ex

2116 3082 2178 3135 El
2217 3081 2297 3143 τὸ,
2334 3083 2487 3153 Μήτε
2540 3082 2603 3133 ἐκ
2642 3080 2733 3133 τοῦ
2799 3080 2988 3144 ἀτελῶς
3020 3080 3195 3145 ὄντος,
3246 3081 3379 3151 μήτε
3412 3081 3475 3133 ἐκ
3526 3081 3598 3132 τοῦ

352 3193 419 3232 eo
459 3176 605 3248 quod
641 3172 867 3231 omniino
906 3193 1017 3231 non
1066 3184 1172 3241 est,
1218 3176 1333 3231 ﬁeri
1382 3176 1682 3246 quidquam
1735 3184 1912 3245 potest

2099 3170 2231 3235 τλῶς
2265 3173 2337 3243 μὴ
2368 3172 2517 3235 ὄντος
2544 3170 2764 3224 δυνατόν
2792 3171 2909 3223 ἐστι
2938 3170 3200 3238 γενέσθαι
3224 3188 3299 3235 τι,
3322 3172 3490 3224 κοινόν
3510 3172 3597 3222 ἐστι

354 3284 645 3322 commune
673 3276 759 3323 est
801 3284 1013 3331 eorum,
1047 3270 1143 3339 qui
1179 3284 1289 3340 prae
1324 3268 1600 3340 imperitia
1630 3277 1686 3323 et
1724 3269 1943 3338 ignora-

356 3362 505 3416 tione
531 3361 935 3431 generationem
988 3362 1212 3425 tollunt,
1258 3370 1312 3416 et
1345 3361 1515 3423 illius,
1559 3360 1654 3431 qui
1696 3370 1944 3415 errantes

354 3454 613 3525 corrigit:
646 3452 925 3524 quomodo
964 3469 1073 3508 non
1108 3454 1325 3510 sublata
1367 3470 1397 3507 a
1432 3460 1745 3508 correctore
1780 3469 1942 3523 gene-

357 3546 521 3609 ratio,
551 3546 1015 3616 qucmadmodum
1047 3547 1262 3602 sublata
1296 3554 1381 3602 est
1402 3546 1469 3601 ab
1506 3545 1855 3601 errantibus?
1886 3543 1943 3598 Si

357 3636 493 3691 nihil
527 3637 642 3692 ﬁeri
676 3645 855 3707 potest
886 3654 985 3709 per
1019 3639 1278 3695 accidens
1306 3656 1370 3695 ex
1407 3655 1474 3694 eo
1508 3639 1651 3709 quod
1676 3647 1763 3694 est
1796 3648 1849 3693 et
1876 3655 1941 3692 ex

357 3742 423 3782 eo
450 3730 597 3799 quod
651 3745 763 3784 non
791 3738 898 3797 est,
933 3732 1042 3788 nisi
1087 3732 1241 3802 prius
1295 3732 1633 3803 intelligatur
1667 3730 1946 3802 generatio

360 3822 507 3877 illius
539 3822 686 3892 quod
740 3839 837 3894 per
890 3841 950 3880 se
985 3825 1078 3893 tit;
1115 3826 1282 3880 veluti
1328 3825 1445 3879 ﬁeri
1498 3841 1613 3880 non
1663 3832 1844 3895 potest
1889 3832 1948 3877 ut

360 3914 607 3972 medicus
632 3914 920 3982 ﬁatalbus,
947 3918 1053 3971 nisi
1077 3919 1294 3987 nigrum
1320 3917 1482 3988 555
1502 3918 1592 3971 ﬁat
1610 3918 1792 3972 album
1814 3934 1828 3983 ;
1852 3925 1947 3969 aut

360 4005 609 4062 medicus
631 4008 882 4072 :edilieet,
916 4009 1021 4063 nisi
1064 4011 1401 4065 architectus
1434 4009 1686 4074 aediﬁcet,
1716 4010 1761 4065 si
1794 4009 1948 4079 niger

358 4110 416 4155 et
449 4100 787 4158 architectus
812 4102 885 4157 sit
914 4102 1195 4169 medicus;
1237 4100 1513 4172 quomodo
1547 4101 1829 4172 quidpiam
1855 4100 1947 4154 ﬁat

362 4207 458 4261 per
497 4192 756 4249 accidens
793 4209 857 4249 ex
898 4203 1025 4250 ente
1058 4203 1153 4249 aut
1188 4211 1255 4250 ex
1297 4213 1409 4250 non
1452 4204 1601 4258 ente.
1652 4196 1758 4251 nisi
1794 4196 1946 4266 prius

362 4286 568 4356 aliquid
605 4302 700 4356 per
732 4303 793 4343 se
824 4288 1127 4359 gignatur?
1151 4288 1207 4343 Si
1259 4290 1413 4360 prius
1453 4291 1671 4360 quidem
1718 4289 1943 4351 animal,

364 4381 639 4451 posterius
675 4390 857 4437 autem
889 4383 1092 4437 animal
1123 4399 1191 4438 ex
1216 4383 1461 4445 animali,
1487 4391 1541 4437 et
1575 4382 1796 4451 aliquod
1826 4380 1949 4433 ani-

364 4475 471 4527 mal
494 4489 560 4529 ex
586 4476 772 4544 aliquo
806 4476 1051 4537 animali,
1085 4491 1147 4529 ac
1191 4475 1533 4545 generationi
1565 4474 1787 4544 quidem
1827 4472 1948 4525 ani-

2043 3265 2151 3317 τῶν
2192 3265 2250 3331 ἐξ
2303 3266 2559 3335 ἀπειρίας
2610 3281 2668 3316 τε
2719 3264 2817 3317 καὶ
2862 3265 3090 3332 ἀγνοίας
3124 3264 3486 3335 ἀναιρούντων
3524 3263 3597 3331 τὴν

2044 3356 2278 3425 γένεσιν,
2317 3356 2411 3409 καὶ
2436 3355 2628 3408 τούτου
2656 3354 2749 3407 τοῦ
2779 3354 2893 3424 (68)
2921 3356 3051 3417 τοὺς
3069 3356 3469 3426 σφαλλομένους
3488 3355 3596 3423 διορ-

2046 3449 2386 3519 θωσαμένου,
2417 3447 2534 3511 πῶς
2591 3448 2691 3501 οὐκ
2735 3447 3008 3518 ἀνῄρηται
3046 3447 3079 3515 ἡ
3117 3446 3335 3515 γένεσις
3364 3444 3498 3498 κατὰ
3530 3444 3596 3495 τὸν

2044 3540 2502 3612 διορθωσάμενον,
2534 3538 2610 3602 ὡς
2655 3536 2926 3607 ἀνῄρηται
2970 3536 3116 3589 κατά
3161 3540 3290 3599 τοὺς
3333 3534 3594 3605 σφαλλομέ-

2044 3650 2168 3695 νους
2195 3649 2208 3697 ;
2249 3632 2308 3684 Εἰ
2329 3630 2587 3684 ἀδύνατόν
2623 3630 2737 3682 ἐστι
2759 3629 3017 3697 γενέσθαι
3040 3646 3094 3682 τι
3117 3628 3269 3682 κατά
3298 3628 3595 3699 συμϐεϐηκὸς

2046 3724 2106 3788 ἐξ
2131 3724 2282 3787 ὄντος
2316 3724 2411 3777 καὶ
2449 3727 2513 3777 ὲκ
2560 3722 2635 3794 μὴ
2668 3722 2841 3786 ὄντος,
2880 3722 2955 3792 μὴ
2998 3721 3490 3793 προεπινοουμένης
3523 3719 3595 3786 τῆς

2046 3820 2312 3887 γενέσεως
2360 3815 2455 3870 τοῦ
2502 3815 2623 3868 καθ’
2658 3814 2791 3867 αὐτὸ
2823 3814 3151 3884 γιγνομένου
3174 3831 3189 3844 ·
3221 3808 3333 3867 οἷον
3379 3812 3593 3866 ἀδύνατον

2045 3912 2135 3963 τὸν
2173 3910 2356 3981 ἰατρὸν
2390 3907 2641 3977 γενέσθαι
2683 3904 2897 3967 λευκὸν,
2927 3903 3003 3974 μὴ
3036 3904 3134 3957 τοῦ
3181 3905 3405 3975 μέλανος
3442 3899 3592 3954 λευκώ

2046 4002 2369 4073 γιγνομένου
2392 4041 2405 4063 ,
2434 4001 2528 4053 καὶ
2557 3998 2818 4053 ἀδύνατον
2869 3997 2961 4049 τὸν
3007 3997 3197 4066 ἰατρὸν
3230 3996 3510 4065 οἰκοδομεῖν
3537 3990 3591 4061 μὴ

2045 4094 2141 4148 τοῦ
2169 4092 2452 4163 οἰκοδόμου
2486 4089 2918 4161 οἰκοδομοῦντος,
2942 4089 3038 4141 ἐὰν
3131 4088 3302 4160 μέλας
3329 4089 3415 4140 καὶ
3433 4084 3593 4139 οἰκοδό-

2049 4206 2150 4258 μος
2176 4189 2204 4241 ὁ
2237 4185 2417 4256 ἰατρός
2441 4202 2453 4215 ’
2488 4184 2605 4247 πῶς
2641 4182 2851 4251 γίνεταί
2896 4200 2949 4235 τι
2998 4182 3145 4235 κατά
3195 4180 3515 4253 συμϐεϐηκὸς
3548 4175 3589 4239 ἐξ

2046 4280 2199 4342 ὄντος
2228 4279 2320 4332 καὶ
2352 4279 2417 4330 ὲκ
2453 4277 2527 4347 μὴ
2556 4278 2705 4339 ὄντος
2724 4315 2739 4340 ,
2774 4274 3009 4345 μηδενὸς
3054 4272 3475 4344 προηγουμένως
3497 4265 3588 4321 καθ’

2048 4372 2180 4424 αὐτὸ
2207 4371 2561 4441 γιγνομένου;
2583 4369 2644 4422 Εἰ
2666 4366 2883 4436 πρῶτον
2920 4367 3020 4437 μὲν
3053 4365 3116 4418 τὸ
3144 4366 3309 4429 ζῶον,
3336 4363 3531 4434 ὕστερον
3548 4358 3588 4409 δὲ

2048 4466 2108 4517 τὸ
2140 4465 2276 4529 ζῶον
2307 4465 2372 4516 ὲκ
2405 4461 2564 4528 ζώου,
2601 4463 2693 4515 καὶ
2722 4460 2782 4513 τό
2812 4478 2864 4514 τι
2898 4459 3040 4524 ζῶον
3066 4459 3133 4512 ἒκ
3161 4477 3310 4523 τινος
3341 4456 3493 4522 {their
3519 4450 3587 4505 ita!

365 4567 524 4621 malis
553 4583 620 4622 ex
670 4568 893 4622 animali
941 4568 1250 4637 subjectum
1301 4576 1385 4623 est
1432 4582 1640 4630 semen,
1677 4572 1912 4635 potestat

2099 4558 2117 4627 ᾖ
2172 4556 2269 4626 μὲν
2315 4556 2526 4624 γενέσει
2577 4553 2673 4607 τοῦ
2722 4552 2863 4619 ζώου
2914 4554 2981 4606 ὲκ
3039 4552 3186 4618 {dion
3247 4553 3505 4606 ὑπόκειται
3544 4543 3586 4596 τὸ

364 4659 586 4726 quidem
621 4660 844 4724 animal,
880 4669 1004 4714 actu
1036 4677 1166 4715 vero
1195 4677 1305 4714 non
1338 4662 1540 4715 animal
1562 4680 1576 4728 ;
1602 4661 1942 4732 generationi

366 4758 549 4803 autem
586 4750 755 4813 illius,
804 4750 950 4819 quod
1000 4760 1085 4805 est
1129 4753 1457 4823 simpliciter
1491 4754 1717 4816 animal,
1760 4753 1948 4821 subje-

366 4850 513 4894 ctum
549 4858 657 4896 non
691 4852 810 4898 erat
844 4860 1060 4899 semen:
1101 4846 1378 4914 quomodo
1421 4862 1528 4901 non
1566 4855 1762 4917 praeter
1791 4857 1950 4899 natu-

369 4947 484 4985 ram
516 4935 759 5002 genitum
794 4935 897 4989 fuit
927 4937 1129 4990 animal
1159 4953 1225 4991 ex
1256 4952 1365 4991 non
1405 4939 1668 4992 animali?
1698 4937 1755 4992 Si
1792 4947 1951 4993 ante-

368 5039 534 5093 quam
566 5026 721 5081 tieret
755 5027 807 5081 id
842 5029 989 5096 quod
1022 5030 1101 5092 ﬁt,
1136 5030 1367 5085 materia
1405 5040 1554 5099 erat,
1586 5034 1731 5102 quod
1765 5040 1949 5085 autem

368 5133 435 5171 ex
470 5132 535 5172 ea
573 5119 776 5173 factum
820 5129 907 5176 est
954 5137 1063 5176 non
1109 5130 1250 5185 erat,
1302 5125 1435 5194 quid
1486 5134 1626 5193 erat,
1679 5128 1952 5181 materia?

370 5208 615 5280 Exempli
635 5213 828 5282 gratia,
860 5214 905 5267 si
937 5214 1161 5268 materia
1180 5223 1298 5270 erat
1314 5219 1439 5286 equi
1463 5227 1753 5288 antequam
1776 5234 1951 5289 equus

373 5298 546 5365 ﬁeret,
584 5303 629 5356 si
665 5307 867 5371 omnia,
894 5320 1016 5373 quae
1043 5315 1343 5360 cernuntur
1376 5309 1429 5361 iu
1462 5312 1586 5379 equi
1617 5311 1951 5374 substantia,

375 5393 557 5459 genita
581 5402 730 5459 sunt,
764 5397 1043 5465 quomodo
1070 5397 1313 5468 ingenita
1341 5408 1460 5454 erat
1495 5401 1727 5455 materia
1756 5417 1822 5455 ex
1845 5416 1952 5472 qua

602 5572 711 5654 {fui
745 5575 1043 5654 ἀγίᾳτρος.
1082 5575 1329 5654 _U_ter_que
1362 5577 1490 5646 Reg.
1522 5577 1614 5630 ml
1648 5576 1847 5647 ἰατρός.

473 5641 565 5706 65)
602 5644 707 5695 Kal
742 5648 813 5696 εὶ.
860 5641 1018 5699 [)eest
1048 5649 1096 5698 εἰ
1132 5648 1184 5698 in
1218 5641 1409 5701 iisdem
1444 5641 1580 5701 inss.

475 5707 565 5775 66)
604 5713 875 5785 Γίγνοιτο
917 5716 1031 5781 μὲν
1070 5717 1177 5785 γὰρ
1217 5719 1311 5769 ἄν.
1354 5716 1632 5771 Postrema
1665 5718 1855 5771 vocula
1890 5733 1953 5770 cx

386 5775 993 5855 Aristoteleﬁesumpta
1030 5804 1055 5838 a
1076 5775 1405 5855 'SS'llmrgio.

458 5842 569 5908 (67)
608 5850 713 5909 Καὶ
742 5852 869 5907 εἴτι
896 5842 982 5909 δι’.
1027 5847 1155 5928 Βρεῖ
1184 5857 1245 5912 ﬂ;
1280 5842 1369 5910 κυαὶ
1398 5860 1443 5910 εἰ
1474 5857 1531 5910 τὸ
1558 5857 1632 5910 ὄν.

2051 4650 2295 4720 σπέρμα,
2335 4651 2402 4719 τῇ
2434 4647 2661 4717 δυνάμει
2692 4647 2791 4718 μὲν
2821 4646 2980 4711 ζῶον,
3017 4646 3277 4717 ἐνεργείᾳ
3304 4645 3357 4698 δὲ
3383 4644 3438 4695 οὐ
3463 4640 3583 4705 ζῶον,

2048 4745 2114 4813 τῇ
2147 4742 2203 4794 δὲ
2236 4742 2449 4811 γενέσει
2480 4741 2574 4794 τοῦ
2624 4740 2811 4802 ἀπλῶς
2836 4738 2976 4803 ζὼου
3019 4739 3082 4791 τὸ
3124 4739 3489 4807 ὑποκείμενον,
3512 4730 3585 4783 οὐκ

2049 4832 2118 4907 ἦν
2151 4836 2404 4906 σπέρμα⁸
2438 4835 2557 4897 πῶς
2583 4833 2683 4886 οὐκ
2709 4832 2825 4885 ἐστι
2853 4832 3007 4903 ποιρά
3036 4830 3204 4899 φύσιν
3234 4828 3519 4898 γιγνόμενον
3540 4818 3583 4872 τὸ

2051 4926 2189 4991 ζῶον
2217 4929 2282 4980 ἐκ
2312 4926 2455 4991 ζῴου
2476 4928 2622 4995 (69);
2652 4928 2713 4979 Εἰ
2751 4924 2858 4996 πρὸ
2883 4923 2977 4978 τοῦ
3002 4922 3262 4993 γενέσθαι
3293 4921 3351 4974 τὸ
3374 4917 3578 4988 γιγνόμε-

2051 5038 2139 5075 νον
2165 5024 2197 5091 ὴ
2236 5020 2334 5090 μὲν
2363 5020 2465 5091 ὕλη
2492 5016 2581 5090 ἦν,
2606 5020 2666 5071 τὸ
2691 5019 2747 5071 δὲ
2775 5016 3098 5086 γιγνόμενον
3129 5016 3189 5082 ἐξ
3222 5015 3383 5084 αὐτῆς
3411 5012 3495 5063 οὐκ
3517 5003 3579 5075 ἦν.

2050 5116 2103 5168 τί
2130 5110 2252 5186 ἦνή
2284 5112 2421 5183 "ulva;
2454 5111 2579 5165 υἱον
2605 5114 2652 5165 ει
2682 5110 2779 5181 ὕλη
2815 5106 2883 5182 ἦν
2911 5107 3007 5162 τοῦ
3038 5110 3211 5161 ῖππηυ
3236 5108 3337 5178 πρὸ
3356 5102 3440 5157 τος
3466 5099 3579 5169 γενέ-

2054 5207 2179 5261 σθαι
2206 5207 2297 5259 τὸν
2326 5206 2492 5259 ἵππον
2512 5246 2527 5267 ,
2571 5207 2618 5257 εἰ
2648 5204 2823 5257 πάντα
2854 5206 2923 5255 τὰ
2962 5203 3022 5254 ὲν
3055 5204 3121 5271 τῇ
3153 5200 3311 5272 οὐσίᾳ
3343 5197 3428 5251 τοῦ
3454 5194 3579 5247 ἵππω

2055 5299 2405 5371 θεωρούμενά
2429 5301 2546 5352 ἐστι
2575 5298 2796 5367 γενητὰ,
2823 5296 2937 5358 πῶς
2966 5291 3035 5365 ἦν
3067 5296 3331 5364 ἀγένητος
3364 5295 3394 5361 ἠ
3426 5289 3507 5356 ὖλη
3538 5280 3579 5343 ἐξ

2052 5388 2120 5463 ἧς
2152 5392 2373 5461 γέγονεν
2400 5392 2564 5455 ἵππος
2590 5408 2604 5455 ;
2640 5392 2700 5443 Εἰ
2726 5389 2847 5443 καθ’
2878 5388 3011 5443 αὐτὸ
3042 5388 3143 5458 μὲν
3168 5386 3291 5439 οὔτε
3318 5388 3348 5454 ἡ
3378 5380 3579 5449 στέρησις

2128 5568 2239 5635 (68)
2285 5568 2509 5621 Τούτου
2530 5566 2654 5621 τοῦ.
2672 5564 3003 5639 “Articulum
3030 5563 3390 5639 suppeditavit
3403 5551 3575 5639 Si:

2130 5631 2244 5705 (69)
2288 5638 2355 5691 Τὸ
2393 5638 2535 5698 ζῶον
2564 5639 2629 5690 ἐκ
2662 5636 2823 5697 ζῴου.
2871 5636 3023 5706 Legit
3069 5631 3285 5706 lja'ngus
3316 5634 3370 5685 τὸ
3398 5631 3509 5694 ζῶον

2061 5694 2317 5780 μὴ’ζώου.
2377 5694 2553 5778 Atque
2607 5694 2681 5760 ita
2717 5694 3004 5776 legendum
3052 5694 3352 5775 essevpatet
3382 5718 3438 5755 ex
3468 5714 3512 5751 ιι.
3541 5694 3575 5780 ἲν.

2060 5776 2147 5835 ubi
2179 5780 2382 5849 pariter
2415 5776 2607 5848 probat
2639 5781 2873 5849 primum
2906 5779 3111 5833 animal
3153 5788 3341 5848 prtem
3376 5776 3575 5828 naturam

2059 5848 2299 5921 genitum
2334 5848 2524 5906 fuisse.
