3662 6462
61 364 198 419 1505

763 360 1206 418 CONFUTATIO
1226 320 1632 429 iouonuuoa

1820 363 2182 422 ISTOTELIS
2230 367 2637 429 DOGMATUM.

3194 382 3330 434 Ηὶιξῦ

58 480 111 531 ὸν
138 479 293 530 ἐστιν
319 474 443 529 οὕτε
471 478 503 547 ἡ
534 474 631 547 ὕλη
650 516 665 540 ,
694 477 753 531 τὸ
784 478 842 532 δὲ
874 478 1219 550 συμϐεϐηκὸς
1260 479 1337 550 τῷ
1368 482 1490 534 καθ’
1516 483 1634 535 αὐτὶ

1816 499 1930 552 μιιιε
1958 484 2214 554 genitus?
2247 484 2302 540 Si
2350 503 2446 556 per
2488 503 2548 543 se
2577 505 2753 560 neque
2785 491 3020 561 privatio
3048 506 3125 550 est
3155 513 3333 567 neque

59 573 165 624 δντι
195 570 514 642 συμϐαίνει·
547 570 663 633 πῶς
698 571 839 624 κατά
869 571 1219 642 συμϐεϐηκὸς
1245 572 1468 625 δυνατὸν
1493 575 1649 642 γενέ-

64 662 181 715 σθαι
202 679 260 715 τι
291 663 357 716 ὲκ
385 663 482 732 τῆς
511 663 839 735 στερήσεως,
864 665 1000 735 μήτε
1020 664 1138 718 καθ’
1160 665 1475 737 αὐτὸ,ομήτε
1505 666 1648 720 κατά

64 752 415 827 συμϐεϐηκὸς
442 754 643 826 οὕσης;
675 748 774 808 Ὦν
803 755 1205 827 διεζευγμένων
1232 757 1425 823 ὄντων,
1456 756 1650 811 ἀδύνα-

62 850 149 902 τόν
190 850 313 902 ἐστι
342 848 593 918 γενέσθαι
637 866 689 901 τι
716 846 776 913 ἐξ
802 848 1019 912 οὐδενὸς
1046 848 1225 902 αὐτῶν
1246 888 1261 913 ,
1292 848 1496 903 τούτων
1524 850 1649 903 οὕτε

64 941 566 1013 συμπεπλεγμένων
610 941 832 995 δυνατὸν
878 940 1132 1010 γενέσθαι
1174 959 1258 995 τι·
1291 936 1404 996 οἷον
1444 944 1508 996 ὲκ
1552 942 1648 996 τοῦ

60 1035 207 1097 δντος
238 1033 429 1098 ἀπλῶς
448 1034 511 1087 οὐ
535 1032 754 1087 δυνατὸν
784 1033 1037 1102 γενέσθαι
1063 1051 1148 1087 τι·
1173 1034 1435 1101 ὡσαύτως
1462 1038 1558 1091 καὶ
1583 1039 1648 1091 ὲκ

61 1125 151 1181 τοῦ
184 1126 375 1189 ἀπλῶς
406 1126 483 1198 μὴ
510 1126 683 1192 ὄντος,
717 1126 804 1180 ἵνα
831 1127 955 1190 ταῖς
995 1127 1401 1199 Ἀριστοτέλους
1432 1129 1649 1201 χρησώ-

64 1219 198 1289 μεθα
226 1221 453 1288 φωναῖς.
495 1219 620 1282 Πῶς
659 1219 949 1290 ἀμφότερα
975 1219 1168 1288 γέγονε
1197 1219 1398 1275 δυνατά
1417 1264 1432 1287 ,
1464 1223 1559 1275 καὶ
1585 1224 1648 1275 τὸ

62 1311 311 1381 γενέσθαι
338 1310 400 1376 έξ
427 1311 608 1374 ὄντος,
641 1310 736 1364 καὶ
763 1310 825 1363 τὸ
859 1310 1111 1379 γενέσθαι
1143 1313 1208 1364 ἐκ
1242 1312 1315 1383 μὴ
1358 1313 1546 1379 ὅντοςς
1583 1314 1646 1367 Εἰ

60 1407 115 1459 τὸ
159 1405 524 1475 ὑποκείμενον
567 1404 628 1469 ἐξ
667 1400 729 1460 οὕ
776 1405 1023 1474 γίγνεται
1068 1406 1128 1459 τὸ
1168 1407 1489 1477 γιγνόμενον
1533 1412 1646 1473 τοίς

61 1497 319 1561 ἐναντίοις
346 1498 562 1568 ἀνάγκη
594 1498 935 1566 ὑποκεῖσθαι,
965 1500 1066 1553 οὐκ
1086 1502 1196 1570 ἄρα
1225 1500 1472 1569 γίγνεταί
1499 1518 1553 1553 τι
1581 1503 1645 1555 ἐκ

60 1590 153 1660 τῆς
184 1588 496 1663 στερήσεως
545 1591 689 1645 κατὰ
734 1591 1083 1663 συμϐεϐηκὸς
1110 1595 1224 1657 τοῖς
1255 1594 1519 1657 ἐναντίοις
1568 1596 1643 1667 μὴ

64 1682 442 1755 ὑποκειμένοις
462 1683 594 1753 (70).
620 1684 679 1738 '0
707 1685 769 1738 τὸ
799 1686 907 1739 πᾶν
937 1685 1011 1757 μὴ
1034 1685 1298 1758 ἀναιρῶν,
1322 1688 1459 1759 μήτε
1480 1687 1540 1740 τὸ
1566 1682 1645 1741 εἷ-

63 1793 163 1839 ναι,
200 1777 338 1845 μήτε
368 1776 430 1829 τὸ
462 1775 536 1847 μὴ
561 1770 723 1842 εἶναι,
755 1776 890 1831 ἀλλά
920 1778 1220 1847 συγχωρῶν
1246 1779 1307 1831 τὸ
1336 1781 1445 1833 πᾶν
1476 1774 1638 1845 εἶναι,

62 1868 149 1919 ttat
178 1868 256 1939 μὴ
284 1864 449 1931 εἶναι,
492 1868 609 1931 πῶς
636 1868 857 1922 δύναται
877 1869 1165 1941 ἀληθεύειν
1191 1869 1363 1939 λέγων
1384 1871 1482 1942 τὴν
1511 1871 1643 1943 ὕλην

65 1959 133 2029 μὴ
161 1954 304 2012 εἶναι
330 1999 344 2022 ,
395 1961 532 2031 μήτε
562 1961 750 2013 οὐσίαν
773 2004 788 2028 ,
835 1962 971 2033 μήτε
1016 1960 1135 2013 τόδε
1168 1979 1221 2015 τι
1246 2004 1260 2028 ,
1295 1964 1431 2034 μήτε
1460 1963 1551 2029 ὕν;
1580 1966 1643 2018 Εἰ

61 2053 305 2118 γίγνεται
337 2051 437 2121 μὲν
462 2051 523 2104 τὸ
551 2053 898 2123 γιγνόμενον,
926 2053 1028 2106 οὐκ
1060 2052 1121 2117 ἐξ
1151 2053 1338 2117 ἁπλῶς
1364 2054 1421 2107 δὲ
1452 2056 1526 2126 μὴ
1556 2055 1642 2108 ὅν-

60 2162 163 2211 τος,
192 2143 321 2197 οὕτε
344 2145 403 2210 ἐξ
425 2144 610 2208 ἁπλῶς
640 2144 813 2211 ὄντος,
836 2145 972 2199 ἀλλά
999 2144 1057 2211 ἐξ
1086 2146 1438 2219 ἀμφοτέρων·
1462 2149 1644 2216 γίγνε-

58 2254 139 2289 ται
169 2238 278 2307 ἄρα
307 2238 401 2290 καὶ
431 2239 496 2291 ἐκ
527 2237 629 2308 τῆς
661 2237 791 2309 ὕλης
816 2238 893 2302 ὡς
922 2239 987 2291 ὲκ
1011 2237 1106 2291 τοῦ
1138 2239 1292 2303 ὄντος
1329 2240 1425 2294 καλ⁵
1454 2240 1517 2293 ὲκ
1546 2238 1641 2292 τοῦ

65 2329 131 2399 μὴ
156 2329 344 2392 ὄντος,
375 2330 471 2383 καὶ
506 2330 583 2393 ὼς
614 2332 677 2383 ὲκ
722 2328 817 2383 τοῦ
858 2329 975 2383 τόδε
1020 2347 1073 2384 τι
1104 2330 1256 2394 ὄντος
1278 2373 1292 2396 ,
1324 2331 1419 2385 καὶ
1444 2331 1561 2385 τόδε
1587 2349 1642 2385 τι

63 2422 131 2493 μὴ
164 2421 343 2486 ὄντος.
380 2422 521 2476 Ἀλλ’
551 2425 601 2477 εί
632 2424 805 2477 ταῦτα
834 2423 1009 2488 οὕτως
1036 2424 1151 2494 ἔχει
1173 2466 1187 2491 ,
1227 2424 1421 2494 ψευδὲς
1448 2425 1555 2495 ἄρα
1580 2425 1642 2478 τὸ

63 2513 219 2585 ῥηθὲν
263 2517 396 2587 περὶ
431 2516 531 2588 τῆς
580 2516 741 2589 ὕλης,
790 2518 851 2570 τὸ
900 2519 1033 2589 μήτε
1065 2518 1235 2589 αὐτὴν
1263 2515 1401 2571 εἶναι
1431 2518 1638 2587 οὐσίαν,

63 2609 191 2677 μήτε
221 2608 347 2660 τόδε
375 2625 448 2673 τι,
484 2610 619 2680 μήτε
648 2610 729 2662 ὃν.
756 2610 963 2681 Ὠσπερ
993 2612 1025 2681 ἡ
1058 2608 1158 2681 ὕλη
1190 2611 1334 2664 ἐστὶν
1372 2610 1636 2681 ἄμορφος,

61 2698 193 2751 οὕτω
220 2700 324 2753 καὶ
353 2700 414 2753 τὸ
444 2696 583 2764 εἶδός
604 2702 753 2753 ἐστιν
775 2701 954 2755 ἀύλον.
995 2701 1135 2754 Ἀλλ’
1158 2704 1205 2754 εἰ
1235 2702 1333 2772 μὲν
1361 2703 1395 2773 ἠ
1424 2701 1521 2773 ὕλη
1545 2704 1640 2757 καὶ

60 2794 115 2844 τὸ
138 2793 394 2864 ἄμορφον
422 2794 595 2863 αὐτῆς
624 2798 728 2848 είσι
759 2795 851 2848 δύο
880 2795 1078 2866 ἀρχαὶ,
1112 2795 1205 2848 καὶ
1246 2796 1309 2849 τὸ
1355 2791 1494 2859 εἶδος
1529 2795 1639 2868 ἀρα

63 2884 147 2936 καὶ
187 2883 251 2937 τὸ
301 2885 460 2939 ἀύλον
504 2886 669 2939 αὐτοῦ
714 2887 808 2941 δύο
854 2886 1064 2941 ἔσονται
1112 2889 1298 2959 ἀρχαί.
1349 2889 1474 2952 Πῶς
1512 2886 1635 2959 οὖν,

62 2978 340 3048 τεσσάρων
379 2978 555 3033 οὐσῶν
593 2979 703 3033 τῶν
728 2980 913 3051 ἀρχῶν
938 3020 952 3045 ,
987 2982 1137 3053 τρεῖς
1184 2980 1343 3052 μόναι
1376 2982 1639 3054 ἐτέθησαν

63 3070 214 3141 ἀρχαί
236 3088 255 3137 ;

461 3250 516 3306 6.
554 3250 651 3303 Ἐκ
679 3250 786 3305 τοῦ
804 3251 992 3305 αὑτοῦ
1020 3253 1225 3322 λόγου.

127 3361 145 3393 ι
166 3341 366 3414 Ἡμεῖς
389 3342 498 3413 γάρ
519 3342 650 3415 ὕλην
671 3344 764 3397 καὶ
786 3344 1038 3415 στέρησιν
1066 3344 1152 3396 ἓτε
1161 3361 1250 3415 ρον
1278 3339 1413 3398 εἷναί
1439 3363 1637 3417 φαμεν·

61 3434 383 3488 καὶτούτων
427 3435 490 3489 τὸ
538 3435 637 3506 μὲν
672 3435 773 3488 οὐκ
819 3435 878 3488 ὃν
904 3431 1044 3489 εἷναι
1086 3439 1228 3490 κατά
1261 3439 1636 3512 συμϐεϐηκὸς,

63 3526 151 3597 τὴν
178 3526 318 3597 ὕλην
340 3570 355 3593 ,
386 3526 482 3598 τὴν
511 3526 568 3579 δὲ
608 3528 860 3599 στέρησιν
890 3530 984 3581 καὶ
1028 3529 1149 3582 καθ’
1180 3530 1377 3601 αὐτήν·
1422 3533 1515 3585 καὶ
1541 3533 1639 3604 τὴν

67 3621 153 3687 μὲν
178 3620 356 3688 ἐγγὺς
382 3622 475 3673 καὶ
502 3620 689 3674 οὐσίαν
722 3639 858 3687 πως,
888 3621 986 3693 τὴν
1015 3621 1072 3675 δὲ
1102 3622 1372 3693 οὐδαμῶς.
1405 3626 1469 3677 Οἱ
1495 3625 1551 3678 δὲ
1579 3626 1640 3679 τὸ

67 3712 133 3781 μὴ
158 3712 215 3765 ὃν
243 3708 389 3765 εἷναί
422 3729 589 3782 φασι,
638 3712 699 3765 τὸ
730 3712 874 3784 μέγα
920 3713 1015 3766 καὶ
1057 3713 1117 3767 τὸ
1160 3715 1354 3785 μικρὸν
1378 3754 1392 3778 ,
1436 3717 1639 3787 ὁμοίως

62 3801 114 3854 ἓν
153 3804 214 3857 τὸ
267 3804 703 3876 συναμφότερον,
749 3806 783 3875 ἢ
830 3806 891 3859 τὸ
933 3807 1103 3877 χωρὶς
1148 3807 1424 3880 έκάτερον.
1476 3810 1637 3862 Ὥστε

63 3897 335 3961 παντελῶς
388 3897 575 3969 ἔτερος
614 3898 642 3950 ὁ
692 3898 892 3969 τρόπος
933 3893 1090 3963 οὕτος
1130 3899 1233 3970 τῆς
1278 3899 1497 3972 τριάδος
1539 3902 1639 3954 κά-

65 4006 252 4055 κεινος.
294 4010 314 4043 ι

126 4174 187 4226 El
218 4171 365 4227 κατά
405 4171 751 4243 συμϐεϐηκὸς
786 4172 886 4227 οὐκ
930 4172 992 4226 ὸν
1038 4168 1177 4227 εἶναι
1220 4175 1288 4244 τῇ
1335 4173 1434 4244 ὕλῃ
1490 4175 1631 4240 ἐστὶ,

63 4264 294 4336 δηλονότι
321 4266 466 4320 κατά
493 4266 840 4337 συμϐεϐηκὸς
869 4268 903 4337 ἡ
935 4265 1035 4335 ὕλη
1061 4264 1186 4317 οὕτε
1218 4264 1317 4336 ὕλη
1347 4266 1494 4318 ἐστὶν
1515 4264 1638 4318 οὕτε

65 4359 220 4432 ἀρχή.
242 4361 438 4422 Ὄντος
461 4358 571 4430 γάρ
590 4360 707 4411 ἐστι
728 4358 789 4410 τὸ
814 4354 952 4411 εἶναι
975 4358 1075 4429 ὕλη
1105 4359 1197 4411 καὶ
1226 4358 1287 4411 τὸ
1312 4354 1450 4411 εἶναι
1470 4359 1634 4429 ἀρχή.

68 4452 167 4504 Καὶ
191 4455 241 4506 εἰ
266 4452 411 4507 κατὰ
438 4450 783 4523 συμϐεϐηκὸς
809 4451 909 4505 οὐκ
939 4450 998 4505 ὃν
1029 4447 1167 4504 εἶναι
1197 4451 1311 4504 ἔστι
1330 4453 1396 4521 τῇ
1426 4450 1527 4523 ὕλῃ
1552 4450 1639 4503 διά

1756 578 2003 642 materia,
2041 578 2299 633 accidens
2335 587 2517 635 autem
2562 581 2635 643 ei,
2660 583 2804 651 quod
2836 600 2933 653 per
2962 601 3022 639 se
3046 595 3151 649 est,
3180 593 3323 642 acci-

1753 668 1863 721 dit:
1896 669 2174 739 quomodo
2204 671 2504 742 quidquam
2547 690 2646 743 per
2686 675 2941 731 accidens
2983 676 3097 732 ﬁeri
3153 687 3332 749 potest

1751 774 1817 812 ex
1853 760 2178 828 privatione,
2226 777 2347 830 qua:
2392 777 2497 817 nec
2544 780 2639 833 per
2669 780 2727 820 se
2755 774 2861 829 est,
2912 782 3011 822 nec
3042 783 3140 839 per
3183 771 3332 824 acci-

1750 849 1924 905 dens?
1958 851 2089 917 Qua:
2128 869 2252 909 cum
2280 854 2561 923 disjuncta
2610 865 2763 920 sunt,
2798 858 2992 912 horum
3021 876 3087 913 ex
3135 868 3333 916 neutro

1752 940 1871 997 ﬁeri
1898 943 2197 1015 quidquam
2241 956 2442 1015 potest,
2471 964 2649 1018 neque
2686 951 2851 1006 etiam
2884 969 2951 1008 ex
2986 954 3071 1010 his
3100 957 3333 1027 compli-

1750 1037 1889 1093 catis
1921 1038 2038 1094 ﬁeri
2087 1040 2388 1111 quidquam
2434 1051 2614 1112 potest
2644 1062 2657 1099 :
2704 1044 2853 1099 velut
2881 1063 2947 1102 ex
2979 1064 3046 1103 eo
3076 1050 3223 1119 quod
3246 1062 3331 1105 est

1748 1129 2073 1199 simpliciter
2105 1131 2221 1187 ﬁeri
2268 1135 2406 1189 nihil
2434 1144 2645 1205 potest,
2684 1138 2766 1194 sic
2818 1140 2983 1194 etiam
3019 1158 3120 1197 nec
3151 1160 3218 1198 ex
3264 1161 3331 1199 eo

1748 1220 1894 1288 quod
1936 1221 2259 1289 simpliciter
2300 1239 2411 1278 non
2445 1234 2551 1287 est.
2590 1238 2647 1280 ut
2678 1226 2990 1285 Aristotelis
3029 1244 3152 1285 utar
3181 1236 3329 1288 voci-

1748 1308 1876 1365 bus.
1910 1310 2197 1376 Quomodo
2228 1326 2522 1387 utrumque
2570 1318 2690 1374 ﬁeri
2736 1330 2936 1391 potest.
2969 1332 3029 1377 ut
3073 1334 3126 1378 et
3162 1341 3227 1378 ex
3261 1342 3328 1381 eo

1746 1401 1895 1470 quod
1923 1412 2006 1458 est
2036 1412 2090 1459 et
2116 1423 2185 1459 ex
2213 1422 2278 1461 eo
2294 1409 2440 1477 quod
2473 1425 2581 1464 non
2611 1421 2695 1466 est
2716 1414 2920 1484 aliquid
2952 1416 3079 1468 ﬁat?
3110 1416 3165 1469 Si
3196 1418 3328 1471 sub.

1741 1492 1972 1562 jectum,
2010 1512 2075 1551 ex
2118 1514 2229 1567 quo
2254 1499 2313 1552 lit
2352 1499 2407 1553 id
2438 1501 2585 1571 quod
2634 1504 2715 1567 ﬁt,
2751 1520 2977 1561 necesse
3008 1514 3094 1562 est
3125 1507 3323 1575 subjici

1744 1588 2070 1655 contrariis;
2101 1604 2211 1643 non
2233 1605 2363 1660 ergo
2385 1590 2444 1647 ﬁt
2466 1592 2764 1663 quidquam
2792 1611 2859 1649 ex
2897 1597 3203 1666 privatione
3232 1613 3327 1668 per

1745 1677 2025 1745 accidens,
2060 1696 2182 1751 qua:
2203 1682 2448 1751 subjecta
2478 1700 2587 1739 non
2615 1694 2698 1741 est
2715 1686 3049 1741 contrariis?
3082 1688 3186 1755 Qui
3215 1706 3324 1743 non

1745 1770 1929 1825 obstat
1961 1773 2257 1841 quominus
2287 1774 2555 1843 quidlibet
2585 1777 2654 1831 sit
2679 1785 2772 1832 aut
2800 1795 2908 1833 non
2941 1781 3035 1843 sit,
3068 1780 3163 1835 sed
3193 1796 3325 1835 con-

1746 1863 1892 1917 cedit
1927 1865 2169 1935 quidque
2199 1882 2321 1922 esse
2346 1876 2401 1922 et
2432 1884 2543 1923 non
2570 1885 2693 1925 esse
2715 1888 2730 1926 :
2756 1871 3031 1940 quomodo
3078 1887 3206 1927 vera
3242 1871 3325 1927 di-

1745 1968 1871 2008 cere
1901 1963 2101 2024 potest,
2127 1956 2257 2011 dum
2305 1960 2617 2024 materiam,
2647 1976 2749 2015 nec
2774 1962 3142 2015 substantiam
3174 1978 3318 2022 esse.

1745 2062 1845 2101 nec
1872 2055 2082 2102 certum
2116 2050 2269 2120 quid,
2305 2068 2483 2123 neque
2527 2070 2627 2110 ens
2677 2056 3054 2126 pronuntiat?
3087 2054 3144 2110 Si
3180 2056 3238 2109 iit
3269 2058 3322 2110 id

1744 2136 1889 2206 quod
1930 2137 1988 2190 ﬁt
2004 2153 2115 2193 non
2143 2154 2207 2193 ex
2239 2156 2305 2195 eo
2338 2142 2482 2211 quod
2516 2159 2623 2198 non
2650 2153 2735 2199 est
2765 2146 3109 2215 simpliciter,
3148 2164 3323 2218 neque

1743 2244 1897 2283 exeo
1926 2230 2071 2299 quod
2116 2232 2464 2303 simpliciter,
2510 2235 2606 2289 sed
2642 2252 2710 2289 ex
2752 2244 3022 2306 utroque;
3054 2237 3111 2290 lit
3154 2239 3320 2293 etiam

1744 2320 1990 2390 profecto
2026 2337 2093 2377 es
2140 2325 2390 2389 materia,
2420 2333 2681 2396 tanquam
2712 2344 2778 2383 ex
2807 2340 2931 2383 ente
2954 2338 3007 2385 et
3032 2345 3139 2385 non
3171 2340 3319 2395 ente,

1742 2418 1798 2463 et
1823 2427 1887 2465 ex
1922 2427 1989 2467 eo
2020 2415 2166 2484 quod
2203 2423 2289 2470 est
2334 2425 2542 2471 certum
2577 2419 2707 2488 quid
2746 2427 2800 2475 et
2831 2436 2940 2476 non
2979 2430 3066 2477 est
3108 2432 3319 2478 centum

1743 2503 1896 2573 quid.
1931 2502 2038 2559 Sed
2085 2506 2130 2560 si
2163 2506 2276 2561 haec
2322 2507 2395 2562 ita
2446 2524 2507 2564 se
2545 2511 2779 2576 habent,
2811 2512 3007 2567 falsum
3056 2530 3189 2585 ergo
3237 2524 3321 2570 est

1742 2597 1889 2665 quod
1920 2597 1987 2652 de
2018 2599 2246 2653 materia
2276 2600 2485 2655 dictum
2525 2610 2631 2667 est,
2663 2620 2783 2658 eam
2828 2620 3006 2676 neque
3054 2608 3314 2662 substan-

1742 2690 1873 2745 tiam
1903 2707 2047 2755 esse,
2076 2708 2255 2762 neque
2299 2702 2511 2749 certum
2541 2697 2696 2766 quid,
2728 2713 2907 2767 neque
2946 2714 3067 2754 ens.
3118 2700 3322 2773 Quem-

1743 2780 2036 2836 admodum
2064 2786 2291 2838 materia
2317 2797 2401 2839 est
2432 2786 2706 2851 informis,
2740 2788 2813 2841 ita
2843 2796 2897 2843 et
2920 2788 3091 2842 forma
3130 2790 3322 2842 imma-

1742 2874 1975 2929 terialis.
2012 2873 2119 2929 Sed
2171 2876 2219 2931 si
2250 2878 2477 2933 materia
2505 2887 2558 2934 et
2604 2880 2725 2948 ejus
2773 2880 3006 2937 informe
3042 2880 3152 2936 duo
3191 2891 3321 2939 sunt

1742 2964 2031 3033 principia,
2062 2966 2227 3021 etiam
2249 2966 2421 3021 forma
2452 2969 2697 3040 profecto
2725 2979 2780 3025 et
2809 2972 2930 3040 ejus
2960 2972 3322 3028 immateriale

1742 3059 1853 3113 duo
1888 3068 2049 3113 erunt
2076 3062 2368 3132 principia.
2420 3063 2706 3129 Quomodo
2743 3081 2873 3136 ergo
2906 3082 3032 3120 cum
3085 3076 3323 3137 quatuor

1667 3176 1711 3235 ο
1744 3151 1855 3208 sint
1876 3154 2167 3223 principia,
2198 3156 2303 3209 tria
2333 3165 2543 3209 tantum
2574 3158 2753 3226 posita
2786 3157 2970 3211 fuere?

1954 3252 2006 3307 6.
2041 3253 2124 3309 Ex
2157 3272 2336 3309 cenem
2365 3255 2520 3321 libro,
2557 3257 2651 3312 lib.
2683 3272 2722 3320 ι,
2755 3270 2805 3310 c.
2835 3252 2889 3315 9,
2919 3268 2974 3322 p.
3004 3249 3125 3306 192.

1819 3355 1838 3388 ι
1876 3335 1986 3393 Nos
2030 3345 2213 3393 autem
2253 3340 2539 3394 materiam
2589 3347 2642 3393 et
2685 3341 3047 3408 privationem
3100 3339 3319 3396 dill'erre

1741 3430 2009 3495 dicimus,
2044 3439 2207 3501 atque
2263 3431 2460 3485 horum
2495 3430 2713 3501 quidem
2774 3433 3006 3487 alterum
3057 3448 3168 3487 non
3199 3449 3324 3489 esse

1740 3539 1843 3579 ens
1876 3540 1970 3593 per
2010 3524 2290 3590 accidens,
2346 3539 2543 3594 nempe
2591 3524 2903 3591 materiam;
2956 3526 3319 3596 privationem

1739 3630 1870 3669 vero
1915 3616 2081 3669 etiam
2126 3630 2221 3684 per
2253 3629 2333 3678 se,
2369 3629 2433 3668 ac
2464 3616 2749 3669 materiam
2778 3616 2997 3685 quidem
3029 3631 3320 3685 propemo-

1740 3706 1871 3761 dum
1901 3717 1955 3761 et
1974 3705 2374 3777 quodammodo
2403 3722 2522 3762 esse
2542 3706 2927 3772 substantiam,
2957 3708 3319 3778 privationem

1739 3813 1871 3854 vero
1901 3813 2269 3867 nequaquam.
2307 3796 2391 3851 llli
2420 3806 2603 3854 autem
2634 3798 2687 3852 id
2738 3800 2883 3868 quod
2918 3814 3028 3852 non
3076 3809 3160 3854 est
3197 3814 3319 3853 esse

1738 3892 1949 3957 dicunt,
1984 3907 2240 3962 magnum
2267 3899 2322 3946 et
2350 3907 2579 3962 parvum
2630 3892 2853 3962 pariter,
2886 3907 3055 3945 unum
3089 3900 3319 3962 utraque

1740 3985 1923 4049 simul,
1966 3985 2051 4041 vel
2092 3993 2385 4055 utrumque
2425 3984 2739 4054 separatim.
2772 3984 2955 4050 Quare
2994 3984 3083 4040 hic
3124 3986 3319 4041 modus

1738 4077 2003 4133 trinitatis
2038 4076 2263 4130 omnino
2290 4076 2542 4132 diversus
2573 4076 2641 4130 ab
2673 4077 2803 4132 alio.
2836 4094 2857 4129 ι

1814 4166 1871 4221 Si
1900 4183 1994 4238 per
2019 4166 2278 4222 accidens
2300 4167 2529 4222 materia
2558 4182 2667 4221 non
2695 4174 2780 4223 est
2808 4181 2930 4231 ens,
2960 4165 3131 4238 liquet
3158 4164 3321 4237 556

1741 4284 1838 4339 per
1854 4269 2113 4325 accidens
2138 4270 2422 4323 materiam
2448 4283 2548 4323 nec
2579 4269 2867 4322 materiam
2896 4282 3020 4323 esse
3040 4281 3143 4321 nec
3167 4267 3321 4335 prin-

1740 4361 1966 4430 cipium.
2004 4360 2160 4415 Entis
2185 4360 2330 4415 enim
2359 4369 2442 4415 est
2475 4375 2600 4414 esse
2624 4359 2907 4413 materiam
2937 4365 2992 4412 et
3017 4372 3139 4413 esse
3168 4357 3323 4426 prin-

1742 4453 1966 4523 cipium.
1999 4452 2066 4506 Et
2113 4454 2158 4507 si
2200 4468 2298 4522 per
2356 4453 2615 4507 accidens
2665 4451 2892 4506 materia
2936 4465 3045 4504 non
3092 4458 3177 4505 est
3220 4466 3320 4505 ens

66 4543 155 4612 τὴν
185 4544 465 4615 στέρησιν,
498 4542 740 4613 δηλονότι
769 4543 909 4597 κατὰ
943 4542 1291 4614 συμϐεϐηκὸς
1317 4544 1376 4596 δν
1405 4544 1522 4596 ἐστι
1548 4542 1634 4595 διὰ

1816 4555 1965 4615 opter
1994 4545 2389 4616 privationem;
2422 4560 2519 4615 per
2545 4544 2803 4599 accidens
2831 4543 3085 4599 videlicet
3111 4552 3196 4599 est
3219 4558 3319 4597 ens

61 4634 119 4685 τὸ
148 4631 307 4699 εἶδος.
335 4637 532 4689 Ἔσται
560 4637 668 4708 ἀρα
692 4639 725 4707 ἡ
755 4635 855 4707 ὕλη
879 4636 924 4669 ⁸⁸
952 4635 1073 4689 καθ’
1093 4635 1226 4688 αὐτὸ
1257 4634 1356 4705 μὲν
1382 4633 1638 4688 οὐδέποτε

65 4726 146 4794 ὃν,
176 4729 319 4783 κατά
351 4728 696 4802 συμϐεϐηκὸς
729 4730 784 4783 δὲ
816 4730 905 4784 ἀεὶ
935 4730 1065 4782 ποτὲ
1106 4728 1205 4799 μὲν
1245 4729 1348 4782 οὐκ
1378 4727 1437 4781 ὃν
1464 4724 1601 4781 εἶναι
1621 4768 1637 4792 ,

68 4822 187 4875 ποτὲ
214 4822 271 4876 δὲ
290 4822 351 4875 ὃν
379 4820 538 4876 εἶναι.
565 4823 689 4885 Πῶς
718 4817 810 4875 οὖν
839 4822 939 4874 οὐκ
968 4821 1113 4874 ἔστιν
1142 4820 1344 4874 ἄτοπον
1372 4820 1435 4873 τὸ
1461 4819 1639 4887 λέγειν

67 4912 224 4980 ὲγγύς
252 4909 391 4968 εἶναι
419 4914 605 4978 οὐσίας
633 4917 726 4968 καὶ
753 4915 941 4967 οὐσίαν
973 4931 1091 4977 πως
1122 4912 1183 4965 τὸ
1217 4912 1483 4984 μηδέποτε
1517 4912 1639 4965 καθ’

66 5003 188 5057 αὐτὸ
216 5006 310 5070 ὸν;
344 5007 409 5059 El
437 5006 565 5061 ἄλλο
592 5008 653 5060 τὸ
680 5006 813 5078 ὕλην
841 5002 1002 5073 εἶναι,
1033 5005 1126 5060 καὶ
1157 5004 1284 5058 ἀλλο
1310 5004 1371 5057 τὸ
1402 5003 1546 5066 τινὸς
1575 4999 1645 5055 εῖ-

65 5111 150 5148 ναι
174 5096 310 5169 ὕλην
333 5114 348 5131 ·
384 5098 481 5152 κα).
510 5104 782 5171 στερεῖται
818 5100 916 5171 μὲν
957 5102 992 5171 ἡ
1045 5098 1145 5169 ὕλη
1194 5097 1289 5151 τοῦ
1329 5096 1473 5161 τινὸς
1505 5092 1641 5149 εἶναι

68 5186 227 5261 ὕλην,
272 5190 372 5246 τοῦ
413 5191 469 5245 δὲ
504 5187 642 5245 εἶναι
674 5192 844 5264 αὐτὴν
886 5192 1018 5263 ὕλην
1062 5191 1125 5244 οὐ
1156 5192 1459 5262 στερεῖται·
1488 5187 1640 5240 ἔσται

68 5280 169 5351 ἀρα
210 5285 244 5355 ἡ
277 5283 379 5354 ὕλη
412 5283 472 5338 ὃν
501 5284 595 5337 καὶ
623 5284 723 5337 οὐκ
762 5285 848 5338 ὸν·
881 5283 941 5337 ὸν
974 5284 1071 5354 μὲν
1100 5282 1188 5336 διὰ
1218 5282 1281 5335 τὸ
1310 5278 1446 5334 εἶναι
1475 5276 1643 5347 αὐτὴν

68 5372 225 5445 ὕλην,
270 5376 372 5430 οὐκ
398 5376 458 5430 ὃν
483 5376 539 5430 δὲ
566 5376 655 5430 διὰ
697 5377 758 5430 τὸ
790 5377 863 5448 μὴ
894 5372 1033 5429 εἶναι
1072 5376 1244 5446 αὐτὴν
1290 5375 1435 5437 τινὸς
1486 5372 1639 5442 ὕλην-

80 5463 214 5520 ’Λλλ’
244 5470 293 5521 εί
316 5469 541 5541 μηδενός
569 5470 718 5523 ἐστιν
745 5472 780 5540 ἡ
809 5470 930 5539 ὕλη,
952 5468 1072 5523 οὐδὲ
1099 5466 1208 5537 ἄρα
1236 5466 1337 5537 τῆς
1366 5465 1643 5536 ἀμορφίας

68 5554 207 5612 ἐστὶν
233 5562 267 5631 ἡ
309 5559 431 5632 ὕλη.
464 5562 527 5615 Et
555 5561 609 5615 δὲ
637 5561 737 5632 τῆς
782 5560 1058 5633 ἀμορφίας
1087 5559 1234 5612 ἐστὶν
1267 5560 1300 5629 ή
1333 5557 1463 5627 ὕλη,
1492 5554 1643 5609 οὐδέφ

136 5692 180 5726 ⁸⁸
203 5695 332 5768 Leg.
367 5697 435 5765 τῇ
468 5692 588 5768 ὕλῃ.

1744 4650 1966 4710 propter
1996 4639 2248 4695 formam.
2280 4637 2398 4693 Erit
2428 4654 2560 4706 ergo
2608 4636 2838 4691 materia
2864 4651 2962 4705 per
2994 4651 3053 4690 se
3098 4636 3318 4705 quidem

1746 4746 2026 4802 nunquam
2066 4747 2200 4797 ens;
2245 4746 2341 4803 per
2389 4729 2649 4785 accidens
2691 4736 2873 4783 autem
2916 4744 3133 4799 semper
3174 4744 3320 4782 nunc

1747 4823 1966 4895 quidem
1996 4839 2108 4878 non
2147 4839 2267 4887 ens,
2307 4838 2457 4878 nunc
2495 4830 2677 4877 autem
2719 4836 2839 4877 ens.
2873 4820 3158 4887 Quomodo
3194 4838 3322 4891 ergo

1742 4933 1852 4971 non
1899 4916 2196 4973 absurdum
2241 4924 2327 4970 est
2378 4913 2769 4984 propemodum
2820 4924 2875 4970 et
2918 4912 3321 4985 quodammodo

1743 5009 2107 5065 substantiam
2149 5006 2334 5063 dicere
2369 5006 2420 5061 id
2454 5007 2600 5078 quod
2643 5023 2739 5078 per
2784 5023 2843 5063 se
2875 5024 3155 5079 nunquam
3194 5008 3324 5062 est?

1748 5101 1807 5157 Si
1840 5101 1986 5155 aliud
2035 5108 2120 5156 est
2160 5100 2448 5155 materiam
2479 5115 2603 5155 esse
2647 5109 2702 5154 et
2737 5100 2885 5154 aliud
2927 5100 3160 5168 alicujus
3201 5115 3323 5153 esse

1748 5193 2058 5255 materiam,
2094 5206 2160 5247 ac
2204 5193 2450 5247 materia:
2500 5192 2721 5262 quidem
2771 5207 2881 5246 non
2932 5192 3116 5256 datur,
3164 5200 3223 5243 ut
3252 5191 3323 5242 sit

1747 5282 1983 5352 alicujus
2014 5281 2267 5345 materia,
2302 5289 2361 5335 ut
2388 5290 2568 5337 autem
2608 5282 2724 5352 ipsa
2760 5281 2832 5336 sit
2870 5278 3116 5339 materia,
3148 5277 3196 5331 ei
3229 5277 3323 5329 da-

1745 5383 1869 5441 tur;
1901 5373 2004 5429 erit
2032 5388 2162 5444 ergo
2190 5374 2420 5428 materia
2448 5390 2547 5429 ens
2576 5384 2629 5428 et
2661 5388 2769 5427 non
2798 5386 2932 5434 ens;
2968 5384 3067 5423 ens
3103 5369 3321 5437 quidem

1747 5467 1875 5537 quia
1907 5466 2132 5521 materia
2157 5484 2172 5533 ;
2197 5481 2303 5521 non
2332 5481 2431 5521 ens
2461 5473 2664 5530 autem,
2687 5464 2815 5535 quia
2838 5476 2945 5516 non
2973 5468 3057 5515 est
3090 5460 3323 5528 alicujus

1748 5558 1999 5613 materia.
2037 5554 2144 5612 Sed
2184 5558 2229 5613 si
2263 5558 2494 5612 materia
2524 5556 2729 5609 nullius
2758 5553 2983 5607 materia
3008 5558 3112 5617 est,
3147 5567 3322 5621 neque

136 5810 246 5882 (7οὶ
295 5811 744 5879 Ὑποκειμένοις.
788 5811 915 5887 Leg.
954 5811 1335 5883 ὑποκειμένης,
1373 5810 1535 5881 idque
1576 5806 1634 5863 In

1816 5813 1907 5865 :tes
1936 5805 2108 5862 secuti
2144 5812 2287 5861 sunt.
