3662 6468
101 354 221 411 i509

737 350 1181 409 CONFUTATIO
1216 353 1659 421 QUORUMDAM
1697 354 2154 411 ARISTOTELIS
2204 356 2616 416 DOGMATUM.

3187 363 3327 418 ibit)

94 473 165 526 διά
188 470 340 523 τοῦτο
368 470 537 542 ἀρχὴ,
571 470 754 543 ἐπειδὴ
784 472 848 525 δι’
870 473 1042 545 αὐτὴν
1071 475 1132 527 τὸ
1165 475 1237 546 μὴ
1273 472 1410 529 εἶναι
1445 476 1523 546 τῷ

1896 476 2076 529 evenit
2115 476 2162 529 ei
2208 476 2352 545 quod
2396 477 2482 542 ﬁt;
2527 476 2783 531 videlicet
2812 485 2867 533 et
2917 478 3151 549 privatio
3202 494 3330 549 pro-

93 562 333 633 γνομένῳ.
376 561 495 625 Πῶς
530 557 622 614 οὖν
665 561 807 633 ἀρχὴ
846 562 1060 629 λέγεται
1089 562 1197 616 τῶν
1244 563 1577 633 γιγνομένων
1607 565 1641 633 ἡ

24 668 25 671 ‘
96 657 351 727 στέρησις
390 656 471 721 Et,
501 655 587 708 ὅτε
617 655 852 725 πάρεστι
880 656 943 708 τὸ
971 652 1136 721 εἶδος,
1169 656 1290 709 τότε
1321 658 1352 727 ή
1388 657 1643 728 στέρησις

91 748 173 816 οὐχ
208 746 491 817 ὑπομένει,
526 745 683 815 δῆλον
720 747 826 813 ὅτι,
878 746 953 818 μὴ
1002 748 1269 820 παρόντος
1307 747 1402 801 τοῦ
1433 748 1639 813 εἴδους,

91 839 385 910 ὐπομὲνειή
427 837 698 909 στέρησις.
729 838 853 903 Πῶς
896 835 987 893 οὖν
1021 841 1122 893 οὐκ
1167 839 1312 895 ἔστιν
1353 842 1551 896 ἄτοπον
1581 841 1642 894 τὸ

22 972 29 977 .
89 932 241 999 λέγειν
282 931 355 1001 μὴ
388 927 525 985 εἶναι
569 931 630 985 τὸ
684 931 988 1002 ὑπομένον;
1026 935 1216 997 Ὅντος
1260 935 1367 1006 γάρ
1418 936 1535 987 ἐστι
1579 934 1641 988 τὸ

88 1024 369 1094 ὑπομένειν.
400 1025 463 1077 Εἰ
500 1024 660 1096 ἑτέρα
692 1027 853 1097 μοῖρα
890 1025 989 1096 τῆς
1020 1025 1385 1091 ἐναντιώσεως
1424 1028 1573 1080 ἐστιν
1602 1028 1636 1098 ἡ

89 1115 349 1185 στέρησις,
398 1115 588 1168 καὶτὸ
630 1116 920 1169 κακοποιὸν
965 1115 1169 1187 ταύτης
1214 1117 1330 1169 ἐστὶ
1372 1117 1433 1170 τὸ
1476 1111 1635 1183 ε’ίδος,

83 1207 184 1268 πῶς
207 1206 302 1259 οὐκ
330 1205 446 1258 ἔστι
479 1206 541 1259 τὸ
586 1202 725 1270 εἶδος
772 1206 978 1277 ἀγαθόν
1008 1225 1066 1260 τε
1100 1210 1192 1262 καὶ
1231 1209 1428 1273 κακόν;
1476 1211 1637 1277 Ἀγα-

85 1297 158 1349 06v
199 1298 293 1367 μὲν
320 1300 386 1369 τῇ
427 1297 558 1371 ὕλῃ,
587 1299 663 1362 ὼς
703 1299 769 1352 δι’
798 1299 964 1353 αὑτοῦ
1009 1301 1273 1371 ὑπάρχειν
1309 1305 1375 1373 τῇ
1432 1302 1530 1373 ὕλῃ
1576 1304 1637 1356 τὸ

80 1388 218 1440 οὐσία
268 1382 434 1441 εἶναι·
484 1389 652 1442 κακὸν
703 1390 759 1444 δὲ
810 1393 877 1461 τῇ
935 1393 1217 1463 στερήσει,
1252 1393 1328 1457 ὼς
1373 1396 1439 1448 δι’
1470 1393 1635 1448 αὑτοῦ

78 1483 442 1556 ἀναιρουμένη.
484 1484 548 1535 Et
603 1483 718 1536 ἔστι
757 1500 809 1537 τι
867 1484 1007 1538 θεῖόν
1050 1502 1110 1538 τε
1148 1489 1242 1541 καὶ
1294 1490 1497 1558 ἀγαθὸν
1544 1495 1637 1547 καὶ

76 1573 263 1641 ἐςετὸν,
294 1574 387 1626 καὶ
420 1573 531 1644 ἔχει
559 1573 619 1627 τὸ
663 1574 926 1643 ἐναντίον,
956 1575 985 1626 ὃ
1020 1578 1120 1632 οὐκ
1159 1578 1305 1633 ἔστιν
1332 1580 1453 1634 οὔτε
1496 1584 1634 1651 ἀγα-

76 1663 150 1716 θὸν
176 1663 292 1716 οὕτε
334 1665 557 1734 ὲφετόψ
590 1664 741 1719 ἔσται
789 1666 897 1737 ἄρα
925 1668 986 1721 τὸ
1015 1669 1157 1723 θεῖον
1201 1671 1401 1738 ἀγαθόν
1444 1690 1504 1726 τε
1542 1674 1635 1726 καὶ

71 1756 156 1809 οὐκ
182 1758 402 1825 ἀγαθὸν,
434 1758 625 1826 ὲφετὸν
653 1776 712 1811 τε
746 1760 841 1814 καὶ
876 1762 977 1815 οὐκ
1008 1762 1223 1831 έφετόν·
1259 1764 1337 1817 διὸ
1368 1766 1461 1819 καὶ
1492 1768 1632 1821 θετόν

1748 570 1928 632 pterea
1960 564 2321 633 principium,
2364 566 2491 635 quia
2524 582 2621 636 per
2665 582 2784 621 eam
2818 570 2997 621 evenit
3049 585 3157 622 non
3202 584 3329 623 esse

1743 652 1793 706 ei
1830 653 1972 722 quod
2022 654 2097 707 ﬁt.
2130 653 2418 720 Quomodo
2450 672 2582 725 ergo
2618 658 2946 727 principium
2983 658 3186 713 dicitur
3231 676 3327 713 eo-

1744 758 1887 806 rum,
1921 762 2042 814 qua:
2087 746 2243 812 ﬁunt,
2279 748 2547 816 privatio?
2587 748 2665 815 Si,
2692 750 2915 818 quando
2943 750 3097 806 adest
3129 751 3327 814 forma,

1743 844 1871 890 tunc
1904 839 2141 906 privatio
2178 855 2286 892 non
2337 849 2641 910 permanet,
2695 842 3048 911 perspicuum
3085 849 3168 896 est
3217 856 3327 896 non

1742 936 2097 997 permanente
2149 929 2323 984 forma
2371 946 2693 1000 permanere
2742 934 3126 1003 privationem.
3174 932 3326 999 Quor

1742 1016 1905 1071 modo
1936 1034 2066 1088 ergo
2096 1035 2203 1073 non
2230 1020 2468 1075 absurde
2494 1020 2695 1075 dicitur
2722 1038 2829 1075 non
2872 1037 2995 1079 esse
3024 1023 3169 1094 quod
3207 1039 3330 1093 per—

1741 1108 2138 1166 manet?Entis
2170 1112 2314 1166 enim
2354 1120 2437 1166 est
2486 1127 2827 1181 permanere.
2880 1113 2937 1167 Si
2984 1116 3154 1169 altera
3200 1131 3325 1185 pars

1739 1202 2145 1259 contrarietatis
2176 1215 2259 1260 est
2288 1206 2528 1275 privatio
2548 1249 2563 1273 ,
2596 1212 2649 1261 et
2684 1207 2828 1276 quod
2862 1207 2990 1261 huic
3030 1210 3323 1273 malefacit,

1740 1294 1912 1349 forma
1943 1302 2060 1351 est:
2098 1298 2372 1366 quomodo
2410 1298 2585 1351 forma
2622 1314 2732 1352 non
2764 1305 2849 1353 est
2889 1299 3032 1354 bona
3059 1309 3113 1355 et
3156 1303 3322 1363 mala,

1738 1388 1881 1442 bona
1930 1390 2147 1459 quidem
2187 1390 2464 1455 materiae,
2511 1392 2715 1462 quippe
2756 1394 2844 1445 cui
2894 1399 3115 1462 prmstet
3152 1403 3209 1447 ut
3254 1395 3324 1449 sit

1739 1480 2070 1544 substantia,
2127 1482 2270 1535 mala
2324 1490 2506 1537 autem
2557 1483 2881 1552 privationi,
2918 1485 3119 1553 quippe
3158 1499 3321 1555 quam

1737 1573 1974 1628 aboleat.
2020 1574 2077 1627 Si
2110 1574 2356 1628 divinum
2393 1576 2672 1646 quidpiam
2701 1586 2787 1633 est
2830 1584 2884 1631 et
2916 1577 3115 1631 bonum
3149 1587 3202 1632 et
3228 1593 3324 1631 ex—

1736 1666 2055 1736 petendum,
2085 1674 2139 1721 et
2170 1666 2511 1721 contrarium
2544 1669 2729 1732 habet,
2773 1669 2919 1738 quod
2967 1686 3068 1724 nec
3116 1670 3320 1724 bonum

1735 1768 1819 1811 est
1852 1774 1952 1813 nec
1999 1758 2395 1828 expetendum;
2429 1759 2534 1814 erit
2578 1775 2709 1831 ergo
2740 1760 2984 1815 divinum
3036 1762 3236 1816 bonum
3268 1770 3321 1818 et

20 1886 25 1892 .
75 1865 124 1900 τε
153 1848 241 1902 καὶ
284 1848 346 1901 οὐ
403 1847 563 1902 θεῖον.
613 1851 675 1903 Εί
716 1851 774 1904 δὲ
818 1852 1017 1906 ἄτοπον
1064 1852 1240 1921 τοῦτο,
1283 1855 1383 1909 οὐκ
1425 1858 1460 1911 ἀ

1877 1849 2107 1913 bonum,
2133 1850 2497 1918 expetendum
2532 1859 2586 1905 et
2611 1867 2718 1905 non
2748 1853 3141 1923 expetendum;
3179 1854 3320 1908 unde

75 1942 196 1993 Θεῖον
221 1941 282 1993 τὸ
325 1940 526 2009 ἀγαθόν
553 1958 613 1994 τε
665 1943 761 1995 καὶ
800 1944 1009 2012 ἐφετὸν,
1041 1944 1151 2015 ἔχει
1180 1962 1231 1997 τι
1270 1946 1528 2001 ἐναντίον.
1562 1949 1634 2001 Τὸ

70 2032 163 2103 γάρ
188 2032 373 2096 ἁπλῶς
416 2033 617 2101 ἀγαθὸν
662 2036 831 2088 πᾶσιν
857 2035 1080 2103 ἀγαθὸν,
1112 2036 1173 2089 οὕ
1213 2055 1323 2090 τισι
1358 2037 1535 2108 μόνον.
1570 2040 1632 2091 Ei

68 2122 117 2174 τὸ
149 2122 385 2176 ἐναντίον
438 2122 533 2176 τοῦ
591 2123 797 2192 ἀγαθοῦ
841 2125 943 2178 οὐκ
993 2126 1202 2195 ἐφίεται
1241 2127 1335 2180 τοῦ
1385 2128 1591 2195 ἀγαθοῦ
1615 2145 1629 2157 ·

68 2214 251 2285 φθορᾶς
279 2214 390 2286 γὰρ
436 2214 535 2284 τῆς
579 2215 746 2269 αὐτοῦ
794 2216 1008 2286 φύσεως
1062 2217 1300 2287 ἐφίεται,
1333 2222 1379 2273 εί
1426 2221 1633 2288 ἐφίεται

66 2305 142 2357 τοῦ
171 2304 403 2374 ἀγαθοῦ·
438 2308 532 2360 καὶ
560 2306 620 2361 τὸ
661 2303 798 2371 εἶδος
830 2308 1021 2362 ἑαυτοῦ
1068 2310 1167 2363 οὐκ
1210 2312 1446 2380 ἐφίεται·
1478 2313 1633 2365 ἀνεν-

63 2396 163 2459 δεὲς
189 2396 299 2467 γάρ
329 2396 388 2449 τὸ
427 2393 595 2459 εἶδος·
630 2396 744 2451 ἐστι
789 2397 846 2451 δὲ
890 2398 951 2451 τὸ
998 2392 1139 2453 θεῗᾱν
1194 2402 1382 2470 ὲφετόν
1419 2421 1478 2456 τε
1539 2404 1634 2457 καὶ

63 2486 293 2554 ὀρεκτόν·
328 2487 433 2539 τίνι
460 2488 517 2541 δὲ
547 2488 736 2556 ὲφετόν
764 2505 823 2540 τε
854 2488 949 2541 καὶ
976 2489 1197 2559 ὀρεκτὸν
1226 2494 1273 2545 εί
1306 2492 1379 2564 μὴ
1408 2497 1472 2564 τῇ
1500 2494 1629 2568 ὕλῃ;

72 2580 345 2650 Ἐμψυχος
365 2581 472 2653 ἄρα
498 2582 529 2650 ἡ
564 2579 684 2651 ὕλη.
723 2580 995 2652 Ἑμψύχου
1022 2582 1130 2654 γάρ
1160 2583 1275 2636 ἐστι
1298 2586 1358 2638 τὸ
1388 2586 1632 2655 ἐφίεσθαι

61 2672 141 2723 καὶ
166 2670 476 2742 ὀρέγεσθαι.
512 2671 575 2724 El
619 2671 676 2724 δὲ
722 2670 962 2743 ἔμψυχος
991 2676 1023 2744 ἡ
1056 2672 1187 2746 ὕλη,
1236 2677 1353 2740 πῶς
1387 2678 1487 2731 οὐκ
1518 2678 1631 2733 ἐστι

60 2762 231 2829 ψευδὲς
271 2762 337 2816 τὸ
368 2764 469 2816 οὐκ
505 2762 565 2814 ὃν
595 2760 733 2816 εἶναι
764 2764 905 2817 κατά
951 2766 1294 2837 ωμὸεόηκὸς
1333 2770 1432 2840 τὴν
1463 2771 1630 2843 ὕλην;

70 2854 122 2905 Ἠ
145 2853 251 2925 γὰρ
302 2853 447 2925 ψυχὴ
503 2854 561 2906 6v
591 2855 737 2916 ἐστι,
782 2856 959 2909 καὶτὸ
994 2856 1170 2928 ψυχὴν
1210 2856 1333 2928 ἕχον
1361 2860 1419 2912 6v
1457 2862 1628 2915 ἐστιν.

61 2948 128 3011 Εἰ,
159 2950 233 3011 ὡς
262 2948 401 3018 Θῆλυ
441 2948 650 3015 ἐφίεται
679 2946 772 2999 τοῦ
802 2948 1050 3021 ἄρρενος,
1083 2952 1265 3015 xxiii);
1284 2952 1506 3024 αἰσχρὸν
1533 2952 1629 3007 τοῦ

58 3041 225 3105 καλοῦ,
256 3044 293 3110 ἡ
330 3040 425 3111 ὕλη
466 3040 674 3110 ἐφίεται
720 3040 813 3094 τοῦ
869 3041 1097 3109 ἀγαθοῦ,
1130 3045 1222 3097 καὶ
1264 3045 1365 3098 οὐκ
1411 3044 1558 3099 ἐστιν
1597 3047 1630 3119 ἡ

57 3133 139 3203 ὕλη
180 3133 307 3186 καθ’
334 3134 463 3187 αὐτὸ
492 3133 624 3202 θῆλυ
658 3136 751 3189 καί
782 3135 1026 3206 αίσχρὸν,
1076 3134 1209 3190 ἀλλά
1243 3136 1384 3191 κατὰ
1427 3138 1630 3210 συμϐε-

56 3224 223 3293 ϐηκὸς,
253 3225 498 3296 δηλονότι
538 3226 659 3280 οὐδὲ
706 3226 827 3280 καθ’
864 3228 997 3280 αὐτὸ
1037 3228 1246 3296 ἐφίεται
1275 3229 1369 3282 τοῦ
1399 3230 1625 3298 ἀγαθοῦ,

53 3318 171 3370 ἀλλά
216 3318 363 3371 κατὰ
409 3318 773 3388 συμϐεϐηκός.
812 3320 1002 3372 Ἔσται
1036 3320 1142 3391 ἄρα
1188 3322 1368 3375 καὶτὸ
1399 3322 1538 3375 Θεῖον
1566 3325 1627 3376 οὐ

53 3410 158 3461 καθ’
171 3411 309 3464 αὐτὸ
328 3411 529 3479 ἀγαθόν
546 3429 603 3464 τε
622 3413 714 3465 καὶ
743 3414 934 3482 ἐφετὸν
955 3414 1048 3466 καὶ
1066 3414 1309 3485 ὀρεκτὸν,
1325 3414 1458 3467 ἀλλά
1488 3415 1629 3469 κατά

54 3501 421 3573 συμϐεϐηκόςθ
454 3502 589 3573 ὅπερ
628 3502 775 3556 ἐστὶν
821 3504 1019 3557 ἄτοπον
1049 3503 1245 3571 λέγειν.
1289 3505 1350 3556 Et
1406 3504 1551 3557 ἔστιν
1595 3506 1627 3576 ή

53 3592 137 3663 ὕλη
168 3593 373 3665 γενητὴ
406 3595 503 3665 μὲν
540 3594 626 3647 διὰ
665 3595 725 3647 τὸ
754 3589 911 3659 εἶδος,
938 3595 1149 3667 φθαρτὴ
1178 3595 1233 3648 δὲ
1265 3594 1351 3647 διὰ
1381 3595 1478 3666 τὴν
1510 3597 1629 3649 στέ-

53 3704 195 3756 ρησιν
216 3728 229 3751 ,
261 3688 530 3759 ἀγένητος
566 3687 621 3742 δὲ
663 3688 728 3742 δι’
758 3689 958 3761 ἑαυτὴν
997 3691 1088 3742 καὶ
1139 3688 1441 3761 ἄφθαρτος·
1475 3690 1627 3743 ἔσται

52 3780 201 3852 ἅρπη
238 3781 338 3851 ὕλη
380 3781 467 3833 ἀεὶ
509 3781 605 3851 μὲν
649 3780 862 3853 φθαρτὴ
904 3781 937 3852 ἢ
979 3780 1216 3852 γενητὴ,
1260 3781 1535 3853 ἄφθαρτος
1570 3783 1625 3835 δὲ

53 3873 133 3925 καὶ
180 3873 449 3943 ἀγένητος
500 3872 774 3925 οὐδέποτε.
820 3873 931 3925 Ἀεὶ
965 3873 1074 3944 γὰρ
1120 3872 1152 3943 ἢ
1193 3874 1446 3944 στερήσει
1494 3874 1627 3927 ὑπό-

50 3980 212 4019 κειται
262 3968 330 4036 τῇ
378 3966 437 4018 ὲν
486 3965 622 4035 αὐτῇ
669 3965 1024 4037 φθειρομένη,
1072 3966 1104 4037 ἢ
1147 3966 1223 4036 τῷ
1261 3966 1392 4018 εἴδει
1444 3966 1522 4036 τῷ
1568 3967 1625 4019 ὲν

50 4058 175 4128 αὐτῇ
206 4057 537 4128 γιγνομένῳ.
567 4057 639 4110 Τὸ
684 4058 948 4128 ἀγένητον
992 4058 1085 4110 ἐπὶ
1123 4059 1219 4129 μὲν
1247 4058 1354 4112 τῶν
1382 4058 1625 4129 γενητῶν

46 4151 133 4220 τὴν
164 4152 423 4222 στέρησιν
455 4150 708 4221 σημαίνει
747 4151 1010 4219 γενέσεως
1052 4151 1358 4223 δυναμένης
1384 4152 1622 4216 ἔσεσθαι,

47 4242 129 4293 ἐπὶ
160 4242 217 4296 δὲ
246 4243 356 4296 τῶν
386 4242 573 4295 ἀϊδίων
603 4243 702 4314 τὴν
738 4244 1009 4312 ἀπόφασιν
1038 4246 1219 4316 πάσης
1249 4247 1503 4319 σημαίνει
1533 4265 1625 4317 γε-

45 4333 265 4399 νέσεως,
315 4334 419 4404 τῆς
475 4351 535 4387 τε
593 4336 983 4405 προγεγονυίας
1030 4339 1123 4392 καὶ
1168 4340 1268 4409 τῆς
1326 4339 1624 4411 μελλούσης

46 4425 285 4480 ἔσεσθαι’
335 4425 447 4479 οἷον
474 4428 504 4479 6
548 4428 746 4497 χαλκὸς
784 4430 813 4482 6
848 4428 1054 4501 μέλλων
1100 4429 1318 4485 ἔσεσθαι
1364 4432 1619 4505 ἀνδριὰς,

1735 1940 1898 1994 etiam
1928 1940 2173 1994 divinum
2218 1950 2270 1995 et
2302 1956 2411 1994 non
2454 1940 2721 1997 divinum.
2749 1940 2905 2008 Quod
2937 1944 2983 1999 si
3027 1943 3083 1997 id
3126 1944 3317 1998 absur-

1736 2031 1863 2086 dum
1908 2042 2024 2099 est,
2075 2049 2184 2086 non
2215 2048 2347 2103 ergo
2394 2035 2662 2098 divinum,
2697 2037 2840 2105 quod
2876 2037 3079 2091 bonum
3122 2046 3176 2091 et
3220 2054 3318 2091 ex"

1737 2123 2027 2194 petendum
2062 2132 2182 2187 est,
2231 2125 2394 2179 habet
2438 2128 2803 2182 contrarium.
2849 2127 3005 2194 Quod
3039 2128 3183 2183 enim
3222 2129 3317 2183 bo-

1736 2231 1865 2269 num
1896 2223 1977 2271 est
2011 2216 2358 2286 simpliciter,
2388 2217 2646 2273 omnibus
2679 2220 2882 2273 bonum
2909 2228 3022 2285 est,
3057 2236 3163 2275 non
3195 2222 3318 2291 qui-

1734 2307 1963 2361 busdam
1994 2314 2229 2361 tantum.
2264 2306 2322 2361 Si
2353 2308 2497 2378 quod
2532 2309 2678 2363 bono
2703 2311 3043 2364 contrarium
3074 2319 3180 2376 est,
3207 2328 3315 2367 non

1736 2402 1937 2470 appetit
1978 2401 2211 2467 bonum;
2244 2416 2356 2455 suae
2388 2402 2533 2457 enim
2565 2402 2741 2472 ipsius
2766 2412 2977 2459 natura:
3009 2406 3314 2475 corruptio-

1737 2507 1860 2546 nem
1895 2494 2117 2562 appetit.
2163 2493 2208 2548 si
2238 2495 2443 2564 appetit
2492 2496 2734 2561 bonum;
2770 2498 2913 2566 quod
2948 2496 2993 2550 si
3035 2498 3197 2551 etiam
3231 2498 3312 2551 sui

1736 2600 1844 2638 non
1890 2594 2148 2656 appetens
2179 2595 2262 2640 est
2309 2585 2521 2649 forma,
2561 2595 2645 2642 est
2690 2588 2834 2641 enim
2873 2588 3049 2641 forma
3093 2588 3316 2641 minime

1735 2676 2020 2748 indigens;
2052 2689 2135 2732 est
2167 2686 2349 2732 autem
2380 2679 2624 2733 divinum
2665 2680 3028 2749 expetendum
3068 2686 3123 2733 et
3169 2679 3311 2733 desi-

1734 2766 1976 2821 derabile
2012 2784 2025 2821 :
2058 2769 2276 2821 cuinam
2316 2776 2498 2824 autem
2544 2770 2906 2839 expetendum
2942 2776 2996 2823 et
3033 2768 3316 2825 desidera-

1735 2859 1871 2923 bile,
1920 2858 2031 2913 nisi
2085 2858 2370 2913 materize?
2420 2860 2676 2914 Animata
2726 2874 2856 2930 ergo
2899 2860 3145 2915 materia.
3178 2860 3316 2914 Ani-

1735 2950 1867 3005 nrati
1903 2952 2049 3005 enim
2087 2957 2172 3006 est
2216 2958 2473 3020 expetere
2505 2958 2558 3006 et
2586 2952 2922 3007 drsiderare.
2963 2950 3069 3006 Sed
3098 2952 3146 3006 si
3194 2951 3314 3004 ani-

1736 3049 1879 3094 mata
1912 3052 2175 3104 materia,
2215 3042 2492 3111 quomodo
2536 3057 2646 3095 non
2685 3043 2881 3097 falsum
2913 3053 2997 3098 est
3029 3044 3312 3097 materiam

1735 3149 1831 3203 per
1860 3135 2116 3189 accidens
2147 3150 2255 3188 non
2288 3150 2411 3189 esse
2446 3136 2585 3190 ens?
2628 3134 2760 3189 Nam
2788 3135 2970 3189 anima
2999 3151 3096 3190 ens
3125 3144 3228 3198 est,
3259 3145 3313 3190 et

1734 3226 1880 3297 quod
1911 3227 2149 3281 animam
2184 3228 2368 3290 habet,
2400 3244 2500 3283 ens
2534 3237 2640 3284 est.
2689 3228 2743 3283 Si
2782 3238 2840 3283 ut
2876 3228 3077 3283 femina
3111 3230 3310 3301 appetit

1731 3320 2037 3373 masculum
2069 3330 2122 3373 et
2152 3328 2311 3391 turpe
2347 3321 2632 3390 pulchrum
2656 3363 2669 3386 ,
2722 3322 2796 3374 ita
2846 3322 3074 3375 materia
3110 3321 3313 3390 appeti:

1731 3412 1956 3478 bonum,
1986 3428 2087 3468 nec
2114 3422 2199 3469 est
2227 3416 2455 3468 materia
2488 3431 2582 3484 per
2614 3432 2671 3469 se
2705 3414 2904 3469 femina
2932 3423 2983 3469 et
3012 3425 3191 3483 turpe,
3220 3415 3313 3469 scd

1730 3520 1825 3575 per
1860 3505 2115 3561 accidens
2141 3550 2155 3571 ,
2195 3507 2366 3577 liquet
2416 3524 2516 3561 nec
2552 3524 2648 3577 per
2689 3524 2749 3563 se
2795 3515 3142 3578 appetentem
3190 3524 3310 3563 esse

1729 3596 1881 3656 boni,
1915 3598 2007 3651 sed
2045 3613 2142 3665 per
2186 3598 2465 3652 accidens.
2510 3596 2627 3650 Erit
2676 3614 2807 3668 ergo
2840 3608 2895 3652 et
2924 3599 3167 3651 divinum
3201 3613 3310 3650 non

1730 3703 1827 3757 per
1867 3704 1925 3743 se
1966 3690 2249 3743 bonumet
2300 3690 2664 3758 expetendum
2707 3698 2760 3743 et
2790 3688 3177 3751 desiderabile,
3216 3688 3310 3742 sed

1729 3797 1827 3852 per
1859 3780 2113 3835 accidens
2152 3799 2165 3836 :
2208 3781 2353 3851 quod
2389 3782 2609 3851 quidem
2661 3781 2960 3836 absurdum
3010 3780 3159 3835 dictu
3204 3786 3309 3835 est.

1730 3872 1786 3928 Si
1818 3883 1903 3929 est
1934 3874 2161 3929 materia
2206 3873 2388 3944 genita
2419 3874 2638 3943 quidem
2690 3883 2917 3943 propter
2962 3870 3217 3935 formam,
3254 3882 3305 3926 et

1727 3966 2101 4036 corruptibilis
2140 3974 2361 4037 propter
2408 3966 2791 4035 privationem,
2839 3966 3080 4035 ingenita
3126 3974 3309 4019 autem

1727 4073 1825 4127 per
1870 4074 1930 4114 se
1979 4066 2035 4113 et
2087 4058 2564 4128 incorruptibilis;
2614 4058 2719 4111 erit
2782 4056 3030 4127 profecto
3084 4057 3309 4112 materia

1725 4166 1940 4221 semper
1968 4150 2187 4221 quidem
2232 4150 2611 4220 corruptibilis
2641 4157 2697 4203 et
2727 4150 2908 4219 genita
2928 4188 2943 4213 ,
2980 4146 3309 4218 incorrupti-

1726 4243 1852 4298 bilis
1886 4251 2067 4298 autem
2097 4250 2151 4298 et
2191 4244 2434 4315 ingenita
2457 4257 2760 4311 nunquam.
2787 4239 3012 4310 Semper
3038 4241 3183 4295 enim
3217 4246 3310 4293 aut

1724 4334 2019 4405 privationi
2047 4333 2294 4403 subjecta
2320 4340 2426 4394 est,
2457 4348 2577 4402 qua:
2601 4334 2655 4387 in
2687 4348 2751 4387 ea
2780 4332 3180 4401 corrumpitur,
3214 4340 3309 4385 aut

1726 4428 1915 4483 formae
1954 4442 2074 4497 qua:
2120 4427 2175 4479 in
2211 4441 2273 4481 ea
2316 4434 2628 4495 generatur.
2664 4425 2966 4495 lugenitum
3010 4426 3065 4478 in
3111 4424 3310 4479 creatis

44 4520 163 4587 πρὶν
199 4520 428 4590 γένηται
477 4520 725 4593 ἀνδριὰς,
758 4521 1020 4592 ἀγένητος
1054 4521 1271 4591 λέγεται
1318 4524 1457 4577 κατά

1871 4536 1897 4574 s
1927 4519 2289 4590 privationem
2324 4519 2592 4590 signiﬁcat
2625 4516 3018 4588 generationis,
3045 4532 3165 4587 qua:
3188 4530 3309 4571 esse

46 4628 215 4681 ρησιν,
249 4612 340 4665 διά
384 4612 447 4665 τὸ
490 4612 746 4666 δύνασθαι
792 4613 954 4666 αὐτὸν
996 4613 1248 4683 γενέσθαι
1294 4615 1620 4687 ἀνδριάντα·

44 4704 126 4755 ἐπὶ
154 4704 211 4757 δὲ
261 4703 401 4756 Θεοῦ
442 4704 504 4756 τὸ
548 4704 809 4773 ἀγένητον
848 4704 1030 4777 πάσης
1054 4706 1327 4775 ἀπόφασιν
1372 4708 1625 4779 σημαίνει

42 4793 134 4863 τῆς
166 4798 294 4849 κατ’
323 4796 516 4849 οὐσίαν
553 4797 819 4864 γενέσεως
852 4796 1242 4867 προγεγονυίας
1268 4815 1327 4851 τε
1358 4798 1453 4852 καὶ
1501 4799 1627 4869 μελ-

41 4886 255 4959 λούσης.
288 4889 393 4942 Δύο
431 4890 610 4943 τοίνυν
653 4890 820 4942 ὄντων
865 4889 974 4943 τῶν
1023 4890 1123 4960 τῆς
1168 4891 1461 4961 ἀγενησίας
1504 4892 1627 4963 τρό-

41 4998 152 5033 πων
172 5023 188 5047 ,
213 4980 358 5034 κατά
378 4980 529 5033 ποῖόν
558 4982 704 5033 ἐστιν
747 4980 1007 5050 ἀγένητος
1032 4984 1063 5051 η
1097 4980 1231 5052 ὕλη;
1264 4983 1326 5034 Εἰ
1360 4983 1457 5053 μὲν
1487 4982 1626 5035 κατὰ

41 5074 329 5143 στέρησιν,
360 5073 624 5141 ἀγένητος
669 5072 777 5142 ἄρα
804 5074 835 5142 ὴ
874 5071 1004 5141 ὕλη,
1044 5071 1232 5143 ὥσπερ
1260 5074 1288 5125 6
1314 5073 1513 5144 χαλκός
1534 5091 1547 5103 ·
1578 5075 1625 5125 εί

38 5164 90 5217 δὲ
120 5165 268 5218 κατά
304 5165 581 5234 ἀπόφασίν
621 5166 767 5217 ἐστιν
809 5166 841 5235 ἡ
888 5165 984 5235 ὕλη
1025 5165 1315 5236 ἀγένητος,
1344 5166 1495 5219 οὐδὲν
1518 5164 1625 5236 ἄρα

39 5258 248 5325 γίνεται
278 5259 312 5329 ἡ
343 5257 442 5329 ὕλη
460 5275 473 5287 ·
506 5256 629 5310 οὕτε
668 5258 726 5311 ὃν
753 5258 908 5326 λόγον
938 5257 1049 5326 ἔχει
1077 5259 1106 5310 6
1143 5257 1341 5327 χαλκὸς
1372 5258 1509 5328 πρὸς
1535 5257 1625 5309 τὸν

39 5350 367 5421 ἀνδριάντα,
417 5349 605 5402 τοῦτον
644 5349 867 5402 δύναται
923 5349 1066 5419 ἔχειν
1101 5352 1134 5419 ἡ
1182 5349 1279 5421 ὕλη
1340 5349 1475 5421 πρὸς
1524 5348 1625 5420 τὴν

36 5444 251 5506 οὐσίαν,
294 5442 440 5496 καθά
473 5438 625 5495 εἶπεν
669 5442 1061 5513 Ἀριστοτέλης.
1094 5442 1156 5495 Εἰ
1199 5440 1373 5504 οὕτως
1404 5441 1549 5493 ἐστὶν
1592 5441 1625 5509 ή

40 5536 136 5607 ὕλη
165 5536 436 5607 ἀγένητος
458 5575 472 5596 ,
503 5534 579 5596 ὡς
604 5536 632 5587 ὁ
661 5535 813 5598 Θεὸς,
845 5536 937 5588 καὶ
979 5534 1198 5588 δύναται
1225 5536 1254 5586 6
1283 5534 1414 5596 Θεὸς
1439 5534 1503 5585 ὲκ
1531 5532 1625 5585 τοῦ

36 5628 308 5699 ἀγενήτου
349 5626 574 5696 ποιῆσαί
604 5644 686 5689 τι,
720 5626 876 5697 δῆλον
922 5626 997 5688 ὼς
1024 5625 1247 5679 δύναται
1289 5627 1317 5677 6
1358 5625 1488 5680 Θεὸς
1532 5626 1627 5679 καὶ

37 5720 100 5772 ἐκ
136 5721 238 5774 τοῦ
284 5720 475 5783 ἁπλῶς
519 5720 593 5792 μὴ
638 5720 791 5784 ὄντος
836 5719 1058 5789 ποιῆσαί
1112 5737 1183 5771 τι.
1226 5719 1328 5771 Ἦν
1357 5718 1466 5789 γὰρ
1513 5717 1625 5789 ἔχει

36 5813 530 5886 ἀνεπιτηδειότητα
560 5812 619 5868 τὸ
653 5814 726 5885 μὴ
755 5812 813 5870 ὃν
845 5813 979 5886 πρὸς
1007 5813 1066 5865 τὸ
1100 5812 1172 5885 μὴ
1203 5811 1453 5880 γενέσθαι
1481 5830 1533 5866 τι
1567 5811 1625 5878 ἐξ

1728 4612 1931 4684 possit;
1967 4612 2023 4666 in
2056 4612 2279 4666 aeternis
2310 4618 2491 4665 autem
2529 4611 2874 4680 negationem
2914 4610 3095 4665 omnis
3142 4608 3306 4679 signi-

1729 4705 1856 4759 ﬁcat
1899 4703 2269 4775 generationis
2307 4711 2362 4758 et
2391 4703 2680 4774 praeterita:
2718 4711 2773 4755 et
2812 4702 3028 4757 futurae.
3064 4700 3308 4771 Exempli

1726 4796 1903 4870 gratia
1935 4811 2031 4859 aes,
2062 4796 2208 4867 quod
2243 4796 2489 4850 futurum
2526 4803 2612 4851 est
2653 4802 2858 4857 statua,
2888 4802 3182 4863 antequam
3218 4792 3308 4847 ﬁat

1728 4896 1932 4952 statua,
1966 4887 2228 4943 infectum
2265 4886 2429 4958 558
2456 4887 2658 4942 dicitur
2704 4886 3007 4941 secundum
3049 4884 3311 4956 privatio-

1728 4997 1885 5046 nem,
1928 4981 2058 5051 quia
2096 4988 2280 5053 potest
2317 4980 2435 5037 ﬁeri
2481 4989 2683 5037 statua.
2716 4981 2775 5034 In
2809 4979 2919 5034 Deo
2949 4986 3131 5034 autem
3160 4980 3309 5047 inge-

1727 5076 1903 5128 nitum
1936 5073 2277 5144 negationem
2310 5072 2489 5129 omnis
2520 5072 2795 5144 signiﬁcat
2824 5070 3193 5141 generationis
3224 5082 3284 5122 se

1728 5166 1966 5221 cundum
2009 5166 2400 5231 substantiam,
2439 5173 2552 5221 tum
2600 5166 2909 5235 praeteritae,
2940 5175 3052 5219 tum
3091 5161 3304 5215 futurae.

1727 5258 1863 5314 Cum
1898 5274 2028 5328 ergo
2059 5260 2168 5312 duo
2200 5259 2312 5313 sint
2347 5259 2577 5330 ingeniti’
2602 5258 2772 5311 modi:
2805 5268 2926 5310 utro
2960 5253 3198 5324 ingenita
3226 5261 3308 5307 est

1727 5352 1995 5406 materia?
2036 5349 2091 5405 Si
2128 5350 2349 5421 quidem
2380 5350 2680 5406 secundum
2716 5348 3115 5418 privationem;
3165 5345 3307 5413 inge-

1727 5445 1843 5498 nita
1878 5459 2010 5515 ergo
2051 5444 2302 5509 materia,
2332 5453 2389 5498 ut
2417 5460 2511 5498 res.
2541 5441 2597 5496 Si
2629 5440 2929 5495 secundum
2962 5435 3305 5506 negationem

1728 5536 1967 5607 ingenita
2004 5536 2233 5591 materia
2275 5544 2393 5600 est;
2439 5534 2574 5588 nihil
2620 5549 2753 5601 ergo
2800 5530 2856 5584 ﬁt
2898 5528 3124 5582 materia
3150 5545 3168 5583 ,:
3205 5542 3309 5581 nec

1728 5645 1892 5700 quam
1937 5629 2102 5684 habet
2131 5628 2400 5683 rationem
2430 5642 2506 5679 res
2535 5624 2602 5678 ad
2645 5631 2905 5685 statuam,
2936 5635 3055 5675 eam
3102 5619 3307 5675 habere

1728 5727 1941 5791 potest,
1984 5727 2045 5771 ut
2094 5718 2234 5772 dixit
2276 5714 2628 5774 Aristoteles,
2675 5712 2900 5765 materia
2938 5711 3004 5764 ad
3052 5712 3309 5767 substan-

1730 5814 1882 5870 tiam.
1912 5812 1968 5883 Si
2011 5812 2084 5867 ita
2115 5819 2197 5877 est
2241 5809 2478 5881 ingenita
2508 5806 2758 5873 materia,
2797 5814 2853 5861 ut
2887 5804 3055 5873 Deus,
3101 5821 3165 5861 ac
3210 5822 3311 5879 pe-
