3690 6528
34 406 222 468 513
765 415 1211 476 CONFUTATIO
1252 406 1693 490 QUORUMDAM
1728 424 2188 488 ARISTOTELIS
2223 432 2635 493 DOGMATUM‘.
3206 443 3345 502 isti

36 562 63 576 -
146 527 287 585 ἐκ
335 531 442 587 τοῦ
469 529 968 622 δετζτέροιςλλότου
1012 533 1125 622 τῇς
1152 535 1413 606 Φυσικῆς
1456 539 1614 608 Ἄκρο

1852 543 1904 599 8.
1960 543 2043 598 Ea:
2089 548 2316 601 senmdo
2374 550 2509 622 libro
2565 550 2849 610 Naturalis
2927 553 3352 622 Auscultationis

539 614 696 668 σεως
740 604 1202 673 Ἀριστοτέλους.
1372 604 1378 606 “
1397 604 1405 605 ί
1542 604 1556 608 ’

2054 622 2388 681 Aristotelis,
2420 621 2515 674 lib.
2543 635 2605 685 tt,
2874 604 2997 683 193:

101 730 154 810 ι-
190 718 353 773 ’Ἕνα
390 721 488 791 μὲν
526 714 623 775 οὖν
657 721 860 795 τρόπον
902 724 937 796 ή
989 724 1149 795 φύσις
1187 722 1330 781 οὕτω
1351 728 1591 799 λέγεται,

1844 748 1863 781 ι
1909 730 2026 786 Uno
2053 731 2273 801 quidem
2324 734 2489 788 modo
2525 743 2724 791 natura
2754 736 2980 801 dicitur.
3018 736 3194 810 prima
3228 742 3349 796 cui-

333 814 548 885 ἑκάστῳ
612 814 945 888 ὑποκειμένη
998 817 1120 889 ὖλη,
1163 810 1272 872 τῶν
1327 822 1559 891 ἐχόντων
1610 844 1614 873 ε

1797 838 1875 891 [ue
1906 823 2155 893 subjecta
2184 826 2436 891 materia,
2466 844 2658 883 eorum
2689 844 2810 899 qua:
2830 830 2884 883 in
2920 830 3117 900 seipsis
3150 832 3350 886 habent

33 897 261 965 ὐτοῖς
328 904 500 975 ἀρχὴν
546 907 815 993 κινήσεως
860 906 955 962 καὶ
1012 910 1313 982 μεταϐολῆς
1334 929 1347 942 ’
1401 912 1559 967 ἄλλον
1608 937 1614 962 ε

1797 914 2095 985 ιτὶηεὶρίιιω
2130 927 2313 972 motus
2356 924 2411 971 et
2440 897 2763 975 mutationis
2793 936 2807 975 :
2838 920 2948 976 alio
2979 897 3162 975 autem
3189 922 3344 977 modc

30 995 275 1060 ρόπον
310 998 344 1067 ἡ
378 995 558 1069 μορφὴ
610 999 705 1051 καὶ
751 999 813 1052 τὸ
864 996 1004 1065 εἶδος
1044 998 1108 1057 τὸ
1138 1003 1278 1057 κατὰ
1328 1004 1421 1059 τὸν
1485 1005 1614 1074 λόγο·

1797 1020 1941 1060 arma
1974 1014 2029 1062 et
2074 1009 2309 1077 species,
2346 1024 2468 1080 qua:
2495 1020 2579 1066 est
2620 1012 2923 1068 secundum
2956 1015 3245 1070 rationem.
3280 1013 3351 1069 Ut

27 1084 292 1161 Ωσοοτερ
337 1090 444 1163 γὰρ
482 1090 644 1162 τέχνη
672 1091 888 1160 λέγεται
917 1092 979 1147 ca
1026 1094 1167 1149 κατὰ
1197 1096 1297 1167 τὴν
1342 1094 1537 1170 τέχνην
1569 1116 1614 1152 κι

1798 1098 1909 1153 nim
1934 1114 2027 1155 ars
2058 1099 2265 1155 dicitur
2295 1102 2349 1155 id
2381 1102 2527 1172 quod
2562 1104 2865 1159 secundum
2896 1113 3068 1161 artem
3099 1114 3155 1162 et
3182 1108 3351 1161 artiﬁ-

28 1188 73 1229 Ο
134 1172 445 1253 τεχνικὸν.
474 1170 618 1238 ούτω
650 1185 744 1239 καὶ
773 1186 934 1257 φύσις
972 1187 1034 1241 τὸ
1062 1187 1203 1241 κατά
1238 1182 1398 1259 φύσιν
1443 1190 1614 1260 λέγετε

1797 1190 1900 1246 iale
1927 1200 2013 1247 est
2044 1208 2057 1243 :
2088 1192 2167 1248 sic
2205 1201 2260 1247 et
2295 1170 2493 1248 natura
2522 1194 2577 1250 id
2615 1195 2820 1252 dicitur
2858 1196 3005 1268 quod
3040 1198 3347 1255 secundum

36 1270 127 1324 αὶ
194 1276 268 1329 τὸ
304 1277 548 1345 φυσικόν.
586 1296 606 1329 ι

1801 1287 2015 1334 aturam
2043 1290 2129 1337 est
2147 1291 2201 1338 et
2235 1285 2507 1340 naturale.
2544 1304 2562 1335 ι

80 1367 193 1419 Τί
225 1364 335 1422 οὖν
373 1371 438 1423 ἂν
472 1369 722 1440 εἴποιμεν
757 1368 817 1423 τὸ
850 1371 994 1425 κατὰ
1030 1371 1129 1443 τὴν
1165 1372 1296 1443 ὓλην
1324 1373 1419 1426 καὶ
1451 1374 1511 1427 τὸ
1539 1374 1614 1429 et,

1832 1366 1975 1434 Quid
2006 1385 2138 1440 ergo
2160 1370 2409 1427 dicemus
2439 1373 2494 1427 id
2522 1374 2666 1444 quod
2712 1376 3013 1431 secundum
3057 1378 3342 1433 materiam

28 1457 122 1511 ὸν
169 1462 231 1513 εί
278 1462 357 1533 μὴ
391 1462 551 1534 ὓληνς
588 1456 743 1529 Εἰπὲ,
771 1464 823 1515 τί
853 1464 1071 1535 ἓτερον;
1104 1466 1166 1518 Ei
1209 1465 1266 1518 δὲ
1314 1464 1445 1537 ὓλην
1484 1466 1608 1535 λέγο

1797 1467 1842 1512 ει
1868 1466 1922 1513 et
1964 1462 2265 1525 materiale,
2312 1464 2415 1519 nisi
2447 1467 2779 1521 materiam?
2823 1466 2942 1533 Dic,
2974 1469 3109 1540 quid
3153 1470 3345 1525 aliud?

27 1568 133 1603 ,εν
174 1552 377 1620 τοῦτο,
408 1553 561 1610 ἔσται
582 1556 689 1627 ἄρα
709 1548 829 1608 τότε
858 1554 989 1627 ὓλην
1010 1554 1265 1628 εἶναιτὴν
1295 1556 1449 1629 ὕλην,
1479 1560 1568 1612 ὅτε
1596 1577 1614 1613 1

1797 1551 1869 1607 ed
1899 1553 1947 1607 si
1984 1553 2038 1607 id
2063 1558 2350 1612 materiam
2372 1557 2658 1626 dicamus;
2684 1569 2797 1615 tum
2824 1576 2954 1633 ergo
2985 1565 3213 1619 materia
3237 1569 3343 1620 erit

28 1644 191 1698 ατὰ
243 1647 355 1718 τὴν
393 1646 525 1718 ὓλην
572 1649 666 1702 καὶ
694 1648 755 1702 τὸ
784 1649 985 1703 ὑλικόν.
1018 1650 1127 1702 Καὶ
1154 1649 1321 1721 γὰρὴ
1355 1650 1515 1719 φύσις
1529 1638 1614 1705 τότ

1797 1646 2009 1712 tateria,
2035 1660 2162 1701 cum
2194 1648 2246 1702 id
2268 1649 2415 1719 quod
2437 1652 2738 1705 secundum
2766 1654 3050 1708 materiam
3082 1663 3137 1710 et
3168 1666 3340 1713 mate-

34 1737 237 1803 ὑσις,
277 1741 369 1794 ὅτε
396 1738 457 1795 τὸ
485 1742 625 1796 κατὰ
664 1740 826 1811 φύσιν
870 1744 964 1797 καὶ
998 1740 1061 1796 τὸ
1103 1743 1360 1812 φυσικόνδ
1391 1744 1614 1799 ὡσαύτω

1797 1739 1889 1794 .ale
1915 1747 2035 1807 est;
2060 1755 2185 1795 nam
2210 1748 2266 1796 et
2290 1751 2486 1797 natura
2509 1751 2625 1797 tum
2658 1751 2854 1798 natura
2882 1745 3108 1811 dicitur,
3127 1764 3251 1803 cum
3282 1751 3339 1805 id

27 1833 49 1881 ε
82 1834 216 1886 καὶ
247 1837 289 1905 ἡ
315 1834 496 1906 τέχνη.
529 1833 610 1887 Τὰ
634 1834 745 1907 γὰρ
773 1835 915 1889 κατὰ
941 1828 1032 1888 τὸν
1062 1835 1224 1889 αὐτὸν
1252 1836 1451 1907 τρόπον
1478 1838 1614 1907 ὲκφιι

1797 1833 1901 1889 uod
1938 1833 2239 1890 secundum
2274 1842 2528 1890 naturam
2558 1845 2643 1891 est
2666 1844 2720 1891 et
2751 1839 3003 1894 naturale
3037 1856 3049 1892 :
3084 1841 3338 1899 similiter

27 1923 108 1975 οὐ
122 1894 320 1994 μενά,
349 1894 441 1979 τ’ὀν
462 1894 798 1999 ἀὐτὸνυπρὸς
827 1927 1029 1999 ἄλληλα
1076 1928 1190 1999 ἔχει
1225 1894 1401 1998 λόγον.
1444 1894 1614 1985 Ἀλλέ

1797 1933 1811 1980 ι
1840 1940 1953 1980 ars.
1981 1924 2112 1991 Qua;
2152 1941 2391 1998 namque
2414 1927 2607 1984 eodem
2638 1927 2945 1985 efferuntur
2972 1932 3157 1997 modo,
3185 1948 3336 1989 eam-

27 2015 158 2069 ἁτε
214 2020 258 2089 ἠ
300 2013 399 2091 ὕλη
447 2016 705 2091 ὑπάρχει,
747 2020 837 2073 ὅτε
872 2015 934 2073 τὸ
979 2019 1122 2075 κατὰ
1164 2021 1264 2092 τὴν
1295 2016 1427 2093 ὓλην
1455 2024 1550 2079 καὶ
1584 2041 1614 2077 τ

1797 2030 1872 2071 em
1903 2015 2046 2072 inter
2076 2031 2137 2072 se
2167 2016 2402 2072 invicem
2424 2018 2630 2074 habent
2652 2020 2944 2076 rationem.
2967 2019 3259 2087 Ceterum,
3283 2020 3334 2078 si

28 2107 260 2177 λικδν,
297 2111 397 2165 οὐκ
426 2112 537 2184 ἄρα
562 2112 826 2184 ἀγένητος
850 2113 883 2186 ὴ
909 2112 1029 2185 ὕλη.

1797 2124 1861 2161 tm
1905 2107 2130 2163 demum
2177 2109 2409 2166 materia
2444 2117 2551 2177 est,
2588 2127 2713 2167 cum
2762 2112 2817 2168 id
2851 2115 2997 2184 quod
3026 2117 3333 2173 secundum

1747 2200 2033 2256 materiam
2062 2208 2118 2257 et
2148 2204 2437 2259 materiale
2467 2223 2481 2258 :
2514 2220 2623 2259 non
2646 2218 2778 2277 ergo
2804 2207 3035 2262 materia
3065 2208 3325 2279 ingenita.

266 2288 325 2343 9.
362 2288 476 2344 Τοῦ
507 2288 694 2344 αὐτοῦ
720 2291 790 2345 ἐκ
822 2288 927 2346 τοῦ
955 2292 1142 2347 αὐτοῦ
1172 2293 1380 2364 λόγου.

1999 2298 2055 2350 9.
2090 2295 2340 2365 Ejusdem
2376 2311 2440 2350 ex
2474 2296 2652 2351 eodem
2685 2298 2995 2363 libro.ibid.

91 2400 118 2432 ι
142 2382 333 2435 "Qa-:5
351 2379 508 2436 ἄλλον
524 2382 724 2455 τρόπον
744 2384 776 2455 ἠ
799 2383 958 2454 φύσις
988 2383 1053 2439 ἂν
1084 2386 1168 2457 εἴη
1187 2385 1295 2439 τῶν
1323 2386 1554 2457 ἐχόντων
1582 2387 1614 2440 ιη

1817 2401 1838 2435 ι
1876 2382 2112 2439 Proinde
2159 2391 2270 2439 alto
2299 2392 2463 2440 modo
2516 2392 2716 2441 natura
2756 2401 2969 2455 eorum,
3003 2402 3125 2457 qua:
3164 2386 3221 2441 in
3267 2402 3328 2441 se

27 2474 237 2538 ,ὐτοῖς
298 2476 563 2547 κινήσεως
622 2476 818 2547 ἀρχὴν,
875 2477 909 2548 ὴ
969 2476 1149 2549 μορφὴ
1170 2479 1264 2532 καὶ
1290 2478 1352 2533 τὸ
1388 2474 1547 2545 εἶδος,
1577 2496 1614 2532 οι

1797 2477 1947 2532 tbent
1978 2478 2240 2535 motionis
2271 2479 2629 2549 principium,
2662 2479 2770 2535 erit
2797 2479 2974 2535 forma
3003 2488 3059 2536 et
3089 2480 3321 2553 species;

32 2560 322 2639 ωριστδν
361 2566 440 2632 ὃν,
490 2565 604 2619 ἀλλ’
634 2567 667 2639 ἢ
712 2567 854 2621 κατὰ
889 2566 983 2621 τὸν
1021 2568 1198 2639 λόγον.
1231 2568 1306 2624 Τὸ
1335 2570 1391 2624 δὲ
1422 2572 1485 2625 ὲκ
1512 2562 1614 2624 τού-

1802 2570 2123 2640 separahilis
2150 2570 2375 2641 quidem
2408 2570 2501 2625 illa
2526 2579 2891 2643 praeterquam
2920 2572 3133 2627 ratione
3155 2582 3210 2628 et
3236 2587 3326 2626 co-

27 2676 135 2712 ων
180 2658 356 2729 φύσις
386 2658 482 2731 μὲν
510 2658 611 2713 οὐκ
640 2658 777 2729 ἔστι,
801 2656 961 2729 φύσει
988 2660 1065 2726 δὲ,
1095 2654 1208 2717 οἷον
1234 2661 1536 2734 ἄνθρωπος.
1559 2682 1579 2717 ι

1799 2663 2026 2719 tatione.
2059 2662 2216 2729 Quod
2261 2669 2444 2718 autem
2485 2678 2551 2719 ex
2601 2663 2688 2719 his
2734 2671 2841 2729 est,
2871 2675 3070 2719 natura
3099 2664 3320 2734 quidem

1736 2770 1848 2809 non
1880 2763 1984 2820 est,
2011 2756 2107 2811 sed
2132 2755 2435 2810 secundum
2461 2764 2735 2821 naturam,
2775 2768 2832 2812 ut
2864 2757 3050 2812 homo.
3083 2774 3103 2809 ι

80 2838 176 2895 ει
226 2839 378 2896 κατὰ
420 2834 581 2911 φύσιν
619 2840 767 2896 ἐστὶν
805 2842 834 2895 ὁ
870 2840 1178 2915 ἄνθρωπος,
1203 2843 1300 2897 καὶ
1327 2844 1554 2914 φυσικόν
1581 2861 1611 2897 τ

1811 2848 1870 2905 Si
1921 2850 2225 2906 secundum
2273 2862 2528 2905 naturam
2582 2857 2668 2905 est
2721 2850 2907 2916 homo,
2960 2859 3016 2906 et
3068 2850 3321 2904 naturale

28 2934 203 3000 ac»,
240 2933 363 2999 πῶς
398 2934 500 2989 οὐκ
544 2934 660 2989 ἔστι
700 2934 864 3005 φύσις
893 2935 921 2988 ὁ
959 2935 1282 3009 ἄνθρωπος;
1310 2936 1614 3010 Διορισάμε-

1797 2940 2009 2997 toddam
2042 2942 2290 3007 animal,
2326 2940 2603 3013 quomodo
2636 2942 2798 2999 homo
2827 2951 3025 2998 natura
3059 2958 3169 2997 non
3195 2941 3321 2997 est?

34 3044 115 3089 ος
160 3026 283 3099 γὰρ
311 3026 463 3096 ιλεγε
484 3043 499 3057 ο
537 3027 733 3091 ιΦύσις
759 3026 978 3097 λέγεται
1005 3026 1066 3083 τὸ
1094 3028 1236 3082 κατὰ
1265 3022 1423 3099 φύσιν
1451 3030 1546 3084 καὶ
1572 3030 1614 3082 τί

1797 3032 2054 3089 :ﬁniendo
2075 3033 2222 3089 enim
2249 3032 2390 3089 dixit
2418 3053 2431 3088 :
2466 3052 2484 3085 ι
2513 3031 2722 3087 Natura
2752 3034 2951 3090 dicitur
2978 3034 3030 3090 id
3060 3033 3205 3106 quod
3229 3047 3319 3090 se-

27 3117 297 3173 matxév.
310 3138 330 3171 ι

422 3211 505 3267 10.
550 3208 645 3265 Ἐκ
680 3211 793 3266 τοῦ
820 3213 1007 3267 αὑτοῦ
1038 3215 1244 3285 λόγου.

90 3320 119 3354 ι
180 3302 279 3355 Ἐν
311 3302 407 3373 μὲν
427 3299 520 3357 οὖν
538 3304 651 3367 τοῖς
671 3304 812 3358 κατὰ
838 3304 1035 3378 τέχνην
1054 3308 1217 3378 ἡμεῖς
1246 3307 1507 3380 ποιοῦμεν
1528 3310 1627 3381 τὴν

30 3396 168 3467 ιλην
216 3396 317 3449 τοῦ
365 3396 525 3468 ἔργον
570 3396 754 3465 ἕνεκα,
785 3398 844 3451 ὲν
870 3396 928 3451 δὲ
964 3402 1077 3463 τοῖς
1113 3404 1364 3471 φυσικοῖς
1393 3401 1627 3474 ὑπάρχει

36 3506 192 3543 υσα.
229 3507 251 3540 ι

100 3582 343 3654 Ἐπειδή
392 3583 543 3635 ἐστιν
586 3580 744 3655 ἔργον
790 3581 977 3655 ἕτερον
1012 3583 1074 3637 τὸ
1125 3585 1262 3656 μήτε
1295 3586 1436 3642 κατὰ
1466 3588 1625 3658 φύσιν

29 3676 173 3747 ιήτε
221 3675 366 3729 κατὰ
408 3674 626 3747 τέχνην,
658 3674 766 3728 πού
809 3675 1001 3728 τούτου
1028 3676 1123 3730 τοῦ
1170 3676 1333 3749 ἔργου
1362 3681 1463 3752 τὴν
1493 3679 1625 3752 ὕλην

29 3767 220 3820 θετέον
247 3783 261 3832 ;
292 3766 507 3820 Γίνεται
538 3767 648 3840 γὰρ
677 3768 814 3832 ζῶον
843 3769 908 3822 ὲκ
940 3767 1102 3833 ζώου,
1138 3770 1233 3824 καὶ
1266 3772 1316 3823 εί
1360 3772 1435 3843 μὴ
1476 3773 1625 3844 πρῶδ

30 3878 111 3913 ςον
146 3858 213 3913 τὸ
244 3859 403 3928 ζῶον,
433 3859 553 3913 οὔτε
585 3858 723 3925 ζῶον
753 3862 817 3915 ὲκ
842 3860 1001 3925 ζὼου.
1034 3863 1143 3916 Καὶ
1172 3864 1315 3917 κατὰ
1341 3864 1500 3934 φύσιν
1524 3864 1622 3935 μὲν

29 3956 243 4007 ’ίνεται
287 3952 349 4007 τὸ
393 3956 458 4008 ὲκ
501 3953 641 4018 ζώου
672 3954 829 4022 ζῶον,
864 3955 925 4009 ού
955 3955 1095 4009 κατὰ
1124 3956 1283 4025 φύσιν
1310 3956 1366 4012 δὲ
1392 3954 1453 4010 τὸ
1482 3956 1621 4022 ζῶον

29 4045 245 4109 ιπλῶς.
286 4046 427 4099 Ἀλλ’
456 4047 504 4101 εί
543 4045 643 4117 μὲν
684 4048 741 4100 ὲν
767 4051 883 4111 τοῖς
912 4049 1055 4103 κατὰ
1082 4048 1277 4121 τέχνην
1306 4051 1339 4122 ὴ
1369 4049 1468 4123 ὕλη
1491 4048 1623 4115 ἔξω·

29 4148 137 4207 θεν,
166 4141 229 4192 ὲν
258 4139 315 4192 δὲ
343 4140 456 4202 τοῖς
512 4138 654 4193 κατὰ
697 4139 859 4209 φύσιν
890 4142 923 4213 ή
954 4141 1053 4213 ὕλη
1106 4143 1165 4194 ὲν
1208 4146 1320 4207 τοῖς
1348 4143 1616 4213 φυσικοῖς,

32 4232 273 4302 ζηλονότι
304 4232 361 4285 ὲν
391 4234 504 4295 τοῖς
534 4233 670 4304 μήτε
700 4231 842 4286 κατὰ
869 4233 1067 4304 τέχνην
1107 4234 1243 4305 μήτε
1285 4234 1426 4289 κατὰ
1457 4233 1618 4304 φύσιν

32 4326 262 4397 ργοιςή
293 4321 392 4395 ύλη
424 4326 624 4397 ἑτέρως
654 4324 890 4396 ὑπάρχει
912 4342 926 4356 ο
962 4321 1030 4397 ἧς
1058 4329 1105 4379 εί
1138 4326 1213 4399 μὴ
1244 4328 1615 4402 ποιήσεις(75)

32 4420 111 4471 ’ὸν
136 4415 441 4489 διορισμὸν,
468 4419 496 4470 ὁ
524 4418 652 4489 περὶ
679 4416 787 4471 τῶν
817 4418 1061 4489 φυσικῶν
1091 4418 1190 4493 τὴν
1233 4421 1615 4492 πραγματείαν

40 4528 186 4582 χων,
239 4510 519 4564 ἀσύστατα
564 4511 707 4563 ποιεῖ
749 4510 843 4564 καὶ
882 4510 953 4563 τὰ
997 4510 1099 4583 ήδη
1146 4509 1506 4584 διορισθέντα.
1551 4515 1615 4569 Εἰ

1733 3122 1975 3178 cundum
2006 3133 2257 3180 naturam
2283 3133 2390 3187 est,
2421 3132 2476 3178 et
2512 3125 2784 3182 naturale.
2830 3143 2850 3178 ι

1937 3224 2022 3270 tu.
2057 3221 2141 3270 lia:
2155 3222 2335 3274 eodem
2368 3220 2525 3279 libro.
2561 3225 2718 3292 ibid.,
2743 3241 2793 3280 ε.
2824 3225 2880 3288 2,
2907 3238 2961 3293 p.
2992 3220 3113 3277 19L

1806 3328 1826 3362 ι
1872 3306 1931 3364 In
1960 3309 2049 3366 his
2079 3325 2202 3381 qua:
2233 3318 2352 3365 arte
2384 3314 2543 3376 ﬁunt,
2575 3325 2677 3368 nos
2730 3310 2836 3382 ipsi
2887 3312 3177 3366 materiam
3236 3308 3317 3364 ιε.

1732 3404 1911 3460 cimus
1947 3403 2131 3475 operis
2171 3402 2383 3475 gratia;
2418 3403 2473 3458 in
2504 3404 2851 3460 naturalibus
2878 3410 3064 3460 autem
3109 3413 3311 3469 exstat,

1730 3504 1785 3552 et
1818 3505 1923 3553 est.
1956 3516 1976 3549 ι

1802 3588 2036 3654 Quando
2082 3586 2305 3659 quidem
2336 3603 2475 3659 opus
2503 3587 2652 3642 aliud
2680 3595 2765 3644 est
2811 3588 2956 3658 quod
2990 3600 3168 3658 neque
3213 3602 3313 3641 na-

1730 3691 1858 3737 tura
1887 3698 2067 3752 neque
2098 3689 2217 3737 arte
2256 3681 2314 3735 ﬁt
2345 3702 2357 3737 :
2389 3680 2483 3737 ubi
2532 3680 2695 3751 hujus
2729 3680 2913 3751 aperis
2940 3680 3185 3734 materia-
3213 3694 3311 3749 po-

1729 3770 1959 3827 nenda?
2003 3770 2257 3841 Gignitur
2302 3785 2541 3840 namque
2586 3769 2788 3823 animal
2830 3782 2897 3825 ex
2945 3769 3203 3834 animali,
3243 3782 3310 3824 ac

1728 3862 1837 3919 nisi
1867 3865 1939 3918 sit
1972 3861 2212 3933 primum
2251 3861 2478 3925 animal,
2518 3875 2698 3931 neque
2744 3861 2949 3915 animal
2986 3876 3054 3917 ex
3083 3861 3306 3915 animali

1725 3956 1853 4012 erit.
1897 3954 1963 4008 Et
2003 3956 2309 4011 secundum
2337 3961 2590 4010 naturam
2626 3954 2847 4025 quidem
2883 3953 2943 4008 ﬁt
2991 3954 3194 4008 animal
3235 3969 3306 4007 ex

1726 4046 1949 4103 animali
1993 4063 2011 4105 :
2058 4062 2170 4102 non
2215 4054 2399 4103 tamen
2452 4046 2753 4103 secundum
2800 4053 3053 4100 naturam
3100 4044 3306 4100 animal

1722 4138 2069 4210 simpliciter.
2104 4139 2276 4195 Porro
2301 4139 2348 4195 si
2388 4140 2442 4193 in
2466 4138 2552 4194 his
2578 4155 2700 4210 quae
2736 4149 2852 4195 arte
2878 4138 3034 4203 ﬁunt,
3070 4138 3304 4194 materia

1722 4230 2071 4288 extrinsecus
2093 4240 2212 4301 est;
2246 4233 2301 4290 in
2346 4232 2434 4288 his
2470 4247 2622 4296 vero,
2656 4247 2778 4303 qum
2816 4240 3014 4286 natura
3054 4232 3211 4293 ﬁunt,
3247 4233 3300 4285 in

1721 4323 1858 4395 ipsis
1897 4325 2062 4381 rebus
2103 4329 2188 4380 est
2218 4326 2565 4380 naturalibus
2596 4343 2609 4379 :
2650 4324 2904 4379 videlicet
2949 4326 3003 4378 in
3035 4323 3145 4387 his,
3181 4338 3303 4393 quae

1722 4432 1826 4471 nec
1868 4423 2011 4481 arte,
2044 4431 2147 4471 nec
2174 4428 2370 4471 natura
2398 4416 2554 4479 ﬁunt,
2574 4416 2857 4485 operibus,
2881 4414 3110 4470 materia
3139 4415 3303 4469 aliter

1721 4523 1781 4563 se
1810 4507 2016 4563 habet:
2049 4524 2213 4578 quam
2258 4508 2367 4563 nisi
2397 4508 2643 4571 deﬁniat,
2682 4508 2775 4578 qui
2823 4508 2892 4562 de
2928 4516 3128 4561 natura
3174 4522 3301 4578 per-

32 4605 133 4674 τὰρ
187 4603 313 4655 τότε
362 4601 585 4674 οἰόμεθα
644 4602 843 4656 εἰδέναι
895 4604 1147 4669 ἕκαστον,
1178 4605 1306 4659 ὅταν
1352 4605 1422 4659 τὰ
1464 4606 1613 4661 αἴτια

1797 4607 1945 4665 tctat,
1978 4600 2258 4655 instabilia
2290 4599 2459 4655 efﬁcit
2488 4615 2552 4653 ea
2599 4600 2790 4663 etiam,
2825 4598 2987 4671 560
3022 4614 3144 4670 qua:
3182 4600 3297 4669 jam

32 4697 382 4767 γνωρίζωμεν
427 4695 498 4749 τὰ
538 4696 750 4767 πρῶτα,
783 4698 879 4748 καὶ
905 4695 1003 4758 τὰς
1029 4694 1205 4767 ἀρχὰς
1227 4696 1327 4760 τὰς
1355 4697 1607 4769 πρώτας’

31 4792 141 4853 τῶς
190 4789 256 4843 ἂν
294 4790 610 4861 γνωρίσειεν
656 4789 719 4843 ἄν
758 4803 840 4852 τις
879 4782 940 4841 τὸ
980 4788 1046 4841 ὲκ
1089 4787 1228 4851 ζώου
1276 4788 1434 4857 ζῶον,
1483 4792 1513 4843 ὁ
1547 4790 1611 4844 τὸ

31 4881 161 4945 ζῶον
217 4880 427 4949 ἀγνοῶν
484 4881 548 4933 τὸ
597 4881 671 4953 μὴ
709 4882 773 4933 ὲκ
828 4878 999 4945 (dico;
1041 4879 1248 4934 Ἐκεῖνο
1274 4879 1386 4953 γὰρ
1414 4881 1606 4937 τούτου

31 4974 168 5046 ὶρχή
198 4989 256 5026 τε
286 4973 378 5027 καὶ
405 4972 597 5027 αἴτιον.

407 5151 495 5206 Η.
540 5153 636 5206 Ἐκ
668 5152 774 5206 τοῦ
802 5149 991 5206 αὐτοῦ
1021 5151 1226 5221 λόγου.

99 5261 119 5296 ι
159 5243 376 5316 Ἔπειδή
419 5246 536 5299 ἐστι
571 5241 635 5298 τὸ
676 5245 979 5317 αὐτόματον
1003 5245 1098 5299 καὶ
1127 5246 1161 5316 ἡ
1191 5244 1330 5315 τύχη
1354 5240 1502 5297 αῖτία
1526 5240 1603 5299 ὧν

33 5336 92 5389 tv
117 5330 241 5400 νοῦς
264 5337 473 5407 γένοιτο
505 5339 697 5404 αἴτιος,
727 5337 761 5410 ἢ
792 5338 973 5408 φύσις,
1003 5338 1131 5393 ὅταν
1159 5336 1300 5391 κατὰ
1324 5336 1603 5407 συμϐεϐη-

33 5430 123 5493 ιδς
170 5430 337 5485 αἴτιόν
379 5447 433 5485 τι
465 5431 688 5503 γένηται
718 5431 925 5485 τούτων
962 5430 1162 5497 αὐτῶν,
1187 5429 1344 5484 οὐθὲν
1374 5430 1433 5483 δὲ
1460 5429 1603 5483 κατὰ

33 5521 367 5595 τυμὸεόηκός
395 5525 511 5577 ἐστι
538 5518 803 5595 πρότερον
826 5522 934 5577 τῶν
964 5522 1086 5577 καθ’
1119 5522 1271 5589 αὐτὸ,
1305 5520 1487 5593 δῆλον,
1517 5521 1601 5574 ὅτι

33 5615 144 5669 δύδὲ
184 5612 242 5669 τὸ
278 5618 421 5671 κατὰ
466 5612 812 5689 συμϐεϐηκὸς
840 5616 1009 5671 αἴτιον
1056 5614 1321 5688 πρότερον
1350 5613 1444 5667 τοῦ
1474 5612 1601 5667 καθ’

33 5708 183 5763 ιύτό⁸
237 5708 461 5782 ὕστερον
512 5710 620 5781 ἄρα
672 5710 733 5764 τὸ
793 5710 1095 5781 αὐτόματον
1145 5709 1238 5763 καὶ
1264 5710 1298 5780 η
1334 5705 1472 5777 τύχη
1506 5702 1598 5759 καὶ

1715 4691 1939 4747 deﬁnita
1970 4690 2375 4747 fuerant.'Nam
2409 4692 2455 4746 si
2486 4699 2600 4744 tum
2636 4692 2854 4752 demum
2880 4706 2997 4745 rem
3022 4705 3299 4762 quamque

1715 4797 1817 4839 nos
1847 4785 1989 4840 scire
2011 4791 2291 4856 putamus,
2330 4799 2456 4839 cum
2489 4784 2696 4855 primas
2729 4784 2979 4838 norimus
3014 4797 3214 4839 causas
3240 4793 3297 4839 et

1713 4878 1889 4948 prima
1935 4876 2253 4948 principia:
2289 4876 2566 4946 quomodo
2613 4876 2758 4930 norit
2796 4876 2921 4945 quis
2970 4875 3176 4929 animal
3226 4891 3293 4931 ex

1713 4970 1959 5034 animali,
1992 4970 2087 5040 qui
2133 4969 2336 5023 animal
2362 4982 2437 5023 ex
2465 4982 2577 5022 non
2611 4968 2838 5023 animali
2872 4968 3126 5039 ignoret?
3150 4965 3290 5021 Illud

1707 5062 1854 5117 enim
1891 5062 2056 5132 huius
2086 5061 2415 5133 principium
2443 5068 2500 5116 et
2530 5074 2722 5117 causa.

1895 5154 1981 5213 Η.
2012 5155 2095 5211 Ea:
2123 5154 2302 5211 eodem
2329 5153 2487 5217 libro,
2519 5151 2676 5211 ibid.,
2707 5164 2753 5204 c.
2787 5148 2842 5213 6,
2875 5160 2929 5207 ι).
2965 5143 3091 5200 198.

1785 5263 1804 5297 ι
1833 5242 2290 5315 Quandoquidem
2320 5256 2486 5297 casus
2517 5251 2573 5297 et
2602 5255 2723 5296 sors
2762 5236 3083 5295 eorumdem
3115 5247 3284 5287 causa

1708 5347 1839 5395 sunt
1878 5350 1944 5391 ac
1981 5350 2139 5391 mens
2165 5341 2222 5389 et
2263 5342 2479 5400 natura,
2520 5332 2613 5390 ubi
2656 5329 2870 5388 scilicet
2906 5328 3103 5383 horum
3135 5326 3281 5394 ipso-

1708 5446 1829 5485 rum
1866 5442 2033 5484 causa
2063 5427 2244 5497 aliqua
2272 5426 2568 5491 acciderit;
2596 5424 2735 5480 nihil
2772 5430 2974 5485 autem,
3005 5415 3151 5489 quod
3184 5429 3281 5486 per

1707 5521 1987 5586 accidens,
2032 5520 2186 5591 prius
2234 5525 2320 5574 εει
2357 5518 2426 5572 iis
2467 5531 2588 5589 quae
2631 5529 2729 5585 per
2772 5528 2865 5577 se,
2906 5512 3076 5580 liquet
3100 5520 3280 5577 neque

1706 5631 1929 5673 causam
1955 5629 2054 5684 per
2088 5613 2345 5668 accidens
2376 5611 2613 5682 priorem
2655 5621 2779 5662 esse
2821 5619 2884 5660 ea
2915 5618 3035 5673 qua:
3080 5615 3177 5671 per
3217 5611 3280 5654 se

1704 5718 1811 5763 est.
1854 5704 2135 5762 Posterior
2157 5720 2290 5776 ergo
2327 5718 2493 5758 casus
2524 5707 2581 5757 et
2606 5713 2729 5755 sors
2768 5703 2951 5752 mente
2970 5703 3029 5749 et
3055 5698 3275 5747 natura.

101 5847 205 5916 I75)
240 5846 533 5914 Ποιήσεις.
567 5846 696 5919 Leg.
716 5846 1087 5921 mﬁmﬁox
1117 5846 1439 5919 Sylhurgius
1461 5845 1614 5915 scrip

1797 5848 1904 5909 εἷς,
1928 5843 2336 5899 accommodate
2362 5840 2429 5895 ad
2460 5839 2773 5911 praacedcns
2808 5833 3057 5891 verbum.

348 5942 615 6005 ΡΑτιιοι..
661 5944 779 6004 Gtt.
824 5943 925 6003 γι.

2953 5925 3034 5987 1ιὸ
