3662 6498
277 369 293 383 ”
345 385 480 443 ςδιδ

1085 379 1449 440 ΛΡΡΕΝΒΙΧ.
1492 412 1559 422 ——
1599 378 1779 434 PARS
1812 379 1849 435 Ι.
1886 383 1890 430 ε

2115 377 2250 434 ΤΙΝΙ
2282 379 2514 438 OPERA
2547 381 2830 443 SPURIA.

3464 385 3570 440 4316

339 510 520 575 Quare
542 507 707 562 etiam
731 504 777 561 si
811 520 974 560 casus
1002 519 1166 575 quam
1209 504 1444 558 maxime
1468 503 1591 558 coeli
1622 517 1790 558 causa
1814 501 1883 555 sit

2115 527 2118 544 >
2151 499 2262 571 (76)
2296 502 2387 555 καὶ
2441 503 2676 572 φύσεως.
2716 502 2909 566 Ὥστε,
2941 499 2988 553 at
3040 498 3126 552 ὅτι
3160 497 3390 570 μάλιστα
3420 500 3577 553 1960'}-

341 615 570 656 neeesse
595 607 681 654 est
712 600 946 670 priorem
989 613 1212 653 causam
1250 613 1373 653 esse
1421 604 1655 650 mentem
1681 605 1733 649 et
1766 605 1924 650 natu-

341 709 482 755 ram,
519 707 644 746 cum
671 693 971 745 multorum
997 691 1254 750 aliorum,
1281 696 1396 742 tum
1424 689 1587 757 hujus
1621 689 1885 743 universi.
1904 707 1921 738 ι

414 897 471 947 ln
505 895 592 948 his
627 910 736 948 non
762 893 938 948 solum
968 892 1271 960 primarum
1318 897 1374 944 et
1403 889 1771 944 secundarum
1797 905 1928 942 ean—

349 997 560 1043 sarnm.
587 998 747 1052 quem
782 996 890 1036 non
923 980 1183 1045 servavit,
1209 979 1457 1034 ordinem
1483 980 1805 1038 declaravit.
1835 979 1930 1034 sed

345 1078 512 1132 etiam
548 1078 771 1140 emtum,
804 1076 1034 1146 quod-et
1064 1076 1242 1146 ipsum
1291 1074 1343 1127 in
1377 1073 1620 1128 secundo
1663 1073 1804 1126 libro
1834 1088 1921 1125 na-

347 1170 540 1223 turalis
584 1169 1022 1223 Auscultalionis
1070 1181 1237 1240 supra
1289 1165 1531 1220 fortuita:
1586 1165 1930 1236 generationi

349 1261 572 1323 ademit,
607 1260 692 1314 hic
715 1259 950 1330 subjecit
974 1260 1314 1331 generationi
1342 1275 1450 1314 non
1483 1258 1720 1312 fortuitae
1748 1257 1930 1319 modo,

351 1352 447 1408 sed
478 1363 532 1405 et
578 1353 626 1407 ei
667 1369 788 1423 quae
834 1361 1016 1408 mente
1049 1360 1102 1408 et
1150 1362 1347 1407 natura
1379 1352 1438 1406 fit
1472 1369 1484 1403 :
1519 1352 1664 1425 quod
1713 1352 1932 1422 quidem

349 1446 639 1501 manifeste
662 1446 962 1500 absurdum
987 1457 1071 1500 est
1099 1455 1156 1500 ut
1185 1446 1330 1517 quod
1365 1461 1461 1516 per
1491 1453 1728 1500 mentem
1749 1454 1802 1498 et
1837 1460 1934 1497 na-

349 1545 552 1602 turam,
593 1540 873 1610 principes
915 1555 1136 1602 causas,
1185 1540 1592 1612 generationem
1629 1537 1932 1593 secundum

349 1633 714 1687 substantiam
749 1633 981 1702 accepit,
1015 1633 1067 1686 id
1091 1648 1284 1687 rursus
1318 1648 1412 1702 per
1436 1629 1708 1686 secundas
1739 1645 1936 1684 causas

349 1725 598 1779 eamdem
633 1725 867 1795 accipiat
910 1727 1341 1795 generationem.
1396 1722 1600 1776 Deinde
1634 1737 1764 1776 vero
1798 1737 1936 1791 quo-

350 1819 512 1872 modo
540 1835 649 1873 nnn
675 1818 1136 1872 absurdissimum
1170 1827 1276 1878 est,
1303 1816 1444 1870 idem
1483 1829 1629 1868 nunc
1657 1829 1939 1868 removere

2031 592 2192 664 ρανοῦ
2250 593 2361 664 (77)
2405 591 2671 648 αἴτιονστὸ
2721 594 3056 664 αὐτόματον,
3116 591 3332 663 ἀνάγκη
3367 594 3577 663 πρότερον

2030 686 2154 740 νοῦν
2193 684 2369 740 αἴτιον
2414 690 2509 740 καὶ
2547 689 2708 756 φύσιν
2739 682 2885 741 εἶναι
2926 685 3022 740 καὶ
3054 684 3234 740 ἄλλων
3281 684 3483 751 πολλῶν,
3506 690 3575 739 ni

2028 780 2182 832 τοῦδε
2216 780 2307 832 τοῦ
2340 781 2558 844 παντὸς.
2587 803 2604 831 ι

2116 895 2201 946 Ἐν
2230 895 2438 956 τούτοις
2465 895 2524 946 οὐ
2565 894 2722 962 μόνον
2751 891 2861 945 τῶν
2891 888 3128 962 πρώτων
3162 890 3257 941 καὶ
3299 891 3401 942 τῶν
3442 891 3583 943 δευτέ-

2036 1004 2142 1057 ρων
2182 987 2370 1038 αἰτίων
2411 987 2476 1056 ῆν
2517 989 2615 1038 οὑκ
2654 983 2922 1054 ἐφύλαξεν
2962 977 3090 1036 εἷπε
3143 982 3242 1053 τὴν
3283 981 3446 1046 τάξιν,

2032 1079 2125 1130 καὶ
2167 1079 2257 1130 τὸν
2301 1077 2547 1148 οὐρανὸν,
2592 1077 2651 1128 ὃν
2693 1077 2783 1129 καὶ
2814 1073 2983 1128 αὑτὸν
3013 1075 3074 1127 ἐν
3109 1073 3192 1144 τῷ
3223 1073 3447 1144 δευτέρῳ
3471 1074 3584 1144 λόγῳ

2040 1169 2142 1238 τῆς
2172 1168 2409 1238 φυσικῆς
2451 1168 2787 1240 Ἀκροάσεως
2826 1169 2884 1220 ὲν
2913 1169 3026 1228 τοῖς
3048 1165 3316 1234 ἀνωτέρω
3357 1166 3580 1230 ὑπεξεῦε-

2033 1279 2093 1313 το
2127 1261 2227 1330 τῆς
2269 1261 2572 1330 αὐτομάτου
2619 1260 2922 1329 γενέσεως,
2976 1257 3221 1311 ἐνταῦθα
3282 1257 3491 1311 ὑπέϐαλε
3532 1260 3582 1325 τῇ

2035 1353 2246 1422 γενέσει
2284 1354 2344 1406 οὺ
2393 1353 2526 1423 μόνη
2566 1355 2631 1422 τῇ
2675 1352 2994 1422 αὐτομάτῳ,
3030 1350 3168 1404 ἀλλὰ
3213 1353 3308 1404 καὶ
3335 1355 3395 1421 τῇ
3421 1352 3493 1405 διὰ
3514 1353 3584 1403 νοῦ

2033 1465 2092 1501 τε
2124 1449 2217 1501 καὶ
2261 1447 2474 1516 φύσεως
2497 1463 2509 1475 ·
2544 1446 2683 1517 ὅπερ
2727 1446 2848 1498 ἐστί
2877 1444 3169 1515 πρώἡλως
3214 1445 3428 1508 ἄτοπον,
3451 1447 3498 1497 τι
3519 1447 3586 1497 τὸν

2036 1540 2294 1612 εἰληφότα
2339 1540 2427 1592 διὰ
2478 1537 2570 1592 νοῦ
2616 1556 2678 1590 τε
2736 1538 2832 1591 καὶ
2873 1538 3094 1606 φύσεως
3139 1537 3244 1607 τὴν
3282 1540 3396 1590 κατ’
3440 1540 3585 1592 οὐσία-ι

2036 1634 2250 1702 γένεσιν
2284 1631 2373 1686 διὰ
2418 1631 2528 1684 τῶν
2569 1629 2800 1703 πρώτων
2848 1630 3063 1693 αἰτίων,
3105 1628 3302 1682 τοῦτον
3348 1629 3486 1682 πάλιν
3519 1632 3586 1682 διὰ

2037 1727 2145 1779 τῶν
2172 1725 2441 1797 δευτέρων
2466 1726 2655 1777 αἰτίων
2696 1723 2798 1792 τὴν
2828 1723 3000 1792 αὐτὴν
3027 1722 3220 1774 λαϐεῖν
3245 1723 3464 1790 γένεσιν.
3492 1726 3586 1777 Ἐτι

2038 1819 2096 1872 δὲ
2126 1818 2244 1881 πῶς
2270 1819 2369 1870 οὐκ
2399 1817 2512 1870 ἔστι
2539 1817 2646 1869 τῶν
2676 1816 3047 1868 ἀτοπωτάτων
3074 1816 3138 1868 τὸ
3179 1816 3271 1868 τὸν
3318 1818 3462 1870 αὑτὸν
3484 1835 3589 1870 ποτε

351 1928 381 1962 a
411 1909 634 1965 fortuita
664 1910 1036 1981 generatione,
1081 1923 1227 1962 nunc
1255 1908 1304 1962 ei
1337 1906 1631 1975 subjicere,
1663 1919 1728 1959 ac
1770 1904 1890 1958 mod

2115 1930 2143 1963 ν
2188 1910 2386 1976 ἐξελεῖν
2431 1909 2532 1980 τῆς
2580 1910 2892 1978 αὐτομάτου
2923 1910 3218 1977 γενέσεως,
3251 1912 3378 1964 ποτὲ
3413 1911 3462 1964 δὲ
3482 1914 3590 1964 ὐτο-

353 2003 651 2074 ingenitum
687 2003 984 2072 appellare,
1019 2000 1180 2055 modo
1229 1999 1472 2070 genitum
1503 2013 1532 2051 a
1561 1996 1798 2051 natura?
1833 1995 1932 2049 Ex-

354 2112 550 2167 ponam
582 2095 750 2151 verba
784 2096 836 2149 in
883 2095 1086 2165 quibus
1125 2096 1198 2148 ita
1238 2109 1298 2148 se
1339 2094 1499 2164 gerit,
1526 2103 1587 2146 ut
1628 2108 1695 2146 ex
1741 2100 1930 2144 mutua

351 2193 646 2247 collatione
674 2192 806 2262 quid
844 2191 965 2247 falsi
1003 2191 1343 2255 contineant,
1379 2188 1734 2259 intelligatur.

519 2457 600 2508 12.
641 2452 723 2506 Ex
748 2455 926 2508 eodem
955 2450 1109 2504 libro.
1133 2447 1290 2510 ibid.,
1315 2464 1364 2503 c.
1396 2448 1449 2513 4,
1482 2465 1535 2520 p.
1571 2450 1696 2506 196.

433 2590 448 2621 ι
486 2570 626 2626 Sunt
654 2579 836 2627 autem
869 2572 962 2642 qui
994 2580 1047 2626 et
1079 2571 1243 2641 hujus
1272 2572 1419 2636 coeli,
1443 2580 1496 2626 et
1514 2570 1782 2636 omnium,
1812 2588 1934 2642 quae

351 2665 591 2720 mundus
636 2666 901 2731 continet,
939 2679 1164 2721 causam
1200 2664 1487 2719 conferant
1516 2665 1570 2718 in
1611 2678 1838 2732 casum;
1869 2680 1934 2718 ex

353 2757 580 2812 fortuito
608 2759 754 2815 enim
789 2775 922 2815 casu
941 2760 1056 2813 fieri
1083 2761 1274 2814 dicunt
1300 2760 1717 2814 conversionem
1749 2765 1804 2814 et
1828 2774 1940 2811 mo-

353 2853 582 2917 tionem,
610 2869 730 2923 qua:
776 2853 1039 2908 discrevit
1071 2860 1126 2908 et
1154 2852 1441 2909 constituit
1487 2853 1542 2908 in
1592 2853 1696 2908 hoc
1743 2852 1936 2907 ordine

353 2947 628 3000 universa.
653 2946 830 3016 Atque
865 2945 918 2999 id
954 2946 1174 3015 quidem
1201 2961 1326 2999 cum
1363 2944 1573 3007 dicunt,
1598 2945 1755 2998 valde
1785 2943 1934 3014 digni

353 3053 482 3098 sum
535 3061 673 3114 quos
703 3047 970 3100 miremur
999 3064 1011 3098 :
1045 3044 1305 3098 nimirum
1338 3042 1597 3096 animalia
1640 3050 1695 3097 et
1721 3043 1938 3113 plantas

354 3134 584 3189 fortuito
627 3151 804 3205 neque
851 3151 994 3199 esse,
1042 3149 1143 3189 nec
1193 3133 1335 3189 facta
1381 3151 1524 3196 esse,
1576 3131 1673 3188 sed
1713 3147 1936 3188 causam

2044 2002 2258 2057 ϐάλλειν
2308 2002 2507 2075 ταύτῃ·
2555 2003 2648 2056 καὶ
2701 2003 2835 2054 ποτὲ
2891 2003 2990 2072 μὲν
3030 2003 3302 2074 ἀγένητον
3331 2004 3589 2074 ὀνομάζειν.

2044 2096 2173 2149 ποτὲ
2219 2095 2276 2148 δὲ
2327 2094 2551 2167 γενητὸν
2598 2095 2704 2148 ὑπὸ
2756 2094 3015 2164 φύσεως;
3069 2096 3380 2166 Ποιήσομαι
3423 2096 3472 2150 δὲ
3507 2095 3592 2148 τιίν

2045 2188 2238 2258 φωνῶν
2259 2187 2464 2242 τούτων
2502 2187 2598 2259 τὴν
2629 2188 2848 2241 ἔκθεσιν
2875 2189 2934 2240 ὲν
2966 2182 3054 2251 αἷς
3079 2187 3258 2242 ταῦτα
3288 2190 3438 2251 ποιεῖ,
3463 2188 3520 2240 ἶν’
3543 2189 3596 2239 ὲκ

2044 2280 2388 2354 παραλλήλου
2426 2280 2641 2352 γνωσθῇ
2684 2281 2741 2334 τὸ
2784 2283 2844 2333 ὲν
2889 2280 3040 2351 αὐτῷ
3086 2282 3462 2352 περιεχόμενον
3484 2280 3596 2351 ψεῦ-

2040 2373 2130 2438 δος
2143 2414 2152 2421 .

2423 2484 2506 2538 ιε.
2558 2486 2651 2539 Ἐκ
2680 2486 2787 2540 τοῦ
2821 2486 3010 2541 αὑτοῦ
3044 2490 3263 2557 λόγου.

2119 2617 2138 2648 ι
2166 2597 2287 2651 Εἰσὶ
2315 2597 2372 2651 δὲ
2398 2598 2446 2652 οἳ
2483 2599 2593 2670 (78)
2637 2601 2730 2655 καὶ
2777 2601 2875 2655 τοῦ
2913 2600 3150 2674 οὐρανοῦ
3205 2601 3376 2664 τοῦδε,
3406 2604 3488 2655 καὶ
3511 2602 3602 2654 τῶν

2043 2687 2324 2758 κοσμικῶν
2357 2689 2573 2743 πάντων
2602 2691 2884 2746 αἰτιῶνται
2907 2692 2970 2746 τὸ
3003 2693 3342 2764 αὐτόματον·
3369 2690 3469 2746 ἀπὸ
3489 2695 3604 2746 ταὺ-

2043 2782 2278 2852 τομάτου
2306 2783 2416 2856 γάρ
2440 2801 2570 2854 φασι
2590 2784 2971 2857 γενέσθαιγτὴν
3003 2785 3160 2858 δίνην
3181 2788 3276 2840 καὶ
3293 2786 3386 2858 τὴν
3398 2787 3605 2856 κίνησιν.

2044 2875 2141 2946 τὴν
2187 2875 2536 2948 διακρίνασαν
2580 2877 2674 2931 καὶ
2720 2879 3154 2949 καταστήσασαν
3188 2881 3267 2942 εἰς
3311 2879 3500 2948 ταύτην
3524 2879 3607 2945 τὴν·

2044 2968 2197 3032 τάξιν
2243 2970 2303 3021 τὸ
2345 2972 2471 3022 πᾶν.
2507 2971 2618 3022 Καὶ
2669 2969 2817 3041 μάλα
2865 2970 3028 3024 τοῦτό
3066 2988 3132 3040 γε
3185 2973 3315 3024 αὐτὸ
3357 2971 3607 3042 θαυμάσει

2047 3059 2195 3121 ἄξιον
2246 3061 2534 3129 λέγοντας’
2577 3061 2640 3114 τὸ
2693 3062 2808 3132 γάρ
2849 3061 2920 3115 τὰ
2971 3063 3073 3132 μὲν
3113 3063 3231 3127 ζῶα
3272 3065 3361 3117 καὶ
3396 3064 3458 3116 τὰ
3484 3066 3606 3130 τοτὲ

2047 3151 2154 3205 ἀπὸ
2175 3152 2341 3222 τύχης
2359 3155 2495 3222 μήτε
2521 3149 2657 3206 εἶναι
2685 3154 2833 3225 μήτε
2867 3154 3138 3224 γίνεσθαι,
3173 3157 3285 3209 ἀλλ’
3315 3156 3608 3226 ητοιςξὺσιν.

354 3227 555 3282 habere
602 3239 838 3281 mentem
885 3235 980 3282 aut
1026 3235 1277 3281 naturam
1327 3233 1420 3280 aut
1470 3224 1616 3279 aliud
1667 3226 1890 3295 ejusmm

2115 3241 2274 3314 μοι]νῆ
2297 3260 2348 3295 τι
2382 3242 2620 3296 τοιοῦτον
2639 3245 2746 3314 (79)
2775 3245 2864 3298 ’ἐτε
2875 3261 2966 3317 ρον
2989 3242 3132 3301 εἶναι
3159 3247 3221 3301 τὸ
3237 3248 3400 3302 αἴτιον
3427 3250 3498 3316 (οὐ
3514 3249 3606 3315 vi;

355 3321 488 3391 (non
517 3321 664 3374 enim
701 3320 986 3390 quodlibet
1033 3336 1098 3375 ex
1139 3334 1358 3390 quoque
1392 3318 1601 3373 semine
1637 3317 1716 3380 fit,
1745 3316 1840 3372 sed
1872 3332 1939 3371 ex

354 3415 460 3468 hoc
480 3415 620 3477 olea,
654 3430 719 3469 ex
752 3413 855 3468 hoc
887 3414 1108 3484 homo);
1136 3429 1256 3484 quae
1285 3421 1467 3467 autem
1492 3413 1547 3466 in
1573 3411 1681 3474 his,
1716 3427 1836 3480 quae
1859 3413 1941 3470 vi-

352 3507 577 3571 dentur,
616 3507 886 3562 diviniora
919 3516 1071 3570 sunt,
1104 3523 1166 3561 ea
1209 3507 1434 3561 fortuito
1457 3521 1590 3561 casu
1615 3506 1758 3560 facta
1790 3522 1935 3566 esse.

354 3615 455 3654 nec
481 3614 706 3654 causam
735 3599 1003 3669 ejusmodi
1042 3599 1207 3651 ullam
1238 3597 1460 3661 habere,
1488 3597 1704 3667 qualem
1735 3597 1938 3650 habent

349 3695 623 3748 elementa
657 3701 712 3748 et
747 3693 965 3763 plantaa.
1003 3692 1180 3762 Atque
1217 3693 1268 3746 id
1305 3690 1526 3761 quidem
1563 3691 1610 3745 si
1648 3691 1718 3745 ita
1751 3706 1809 3743 se
1841 3690 1938 3743 ha-

353 3787 466 3850 bet,
505 3785 617 3838 hazc
647 3785 762 3854 ipsa
790 3785 897 3838 erit
930 3784 1248 3849 quaastionis
1283 3798 1472 3846 causa,
1510 3797 1573 3835 ac
1608 3799 1787 3852 opera:
1817 3799 1936 3852 pre-

351 3882 486 3934 tium
521 3880 725 3949 aliquid
744 3895 808 3934 ea
833 3881 899 3934 de
921 3897 978 3934 re
1008 3879 1208 3934 dicere.
1239 3877 1374 3933 Nam
1405 3888 1768 3950 praztcrquam
1793 3877 1937 3949 quod

351 3979 406 4022 et
442 3969 662 4023 aliunde
688 3969 926 4023 alienum
946 3984 976 4022 a
1011 3969 1222 4022 ratione
1244 3976 1326 4023 est
1345 3967 1490 4037 quod
1513 3967 1726 4030 dicunt,
1758 3966 1937 4020 adlmc

353 4063 650 4117 absurdius
686 4062 799 4116 lizec
831 4062 1035 4124 dicere,
1071 4077 1195 4116 cum
1232 4061 1514 4117 videamus
1550 4062 1605 4115 in
1641 4060 1782 4116 C(elo
1816 4059 1938 4130 qui-

353 4157 478 4211 dem
509 4155 646 4209 nihil
693 4169 828 4211 casu
870 4154 1010 4216 ﬁeri,
1051 4154 1105 4209 in
1161 4154 1248 4208 his
1283 4163 1492 4217 autem,
1525 4168 1647 4224 qum
1693 4169 1756 4208 ex
1802 4169 1936 4206 casu

355 4264 467 4303 non
515 4247 775 4317 pendent,
811 4248 982 4300 multa
1034 4261 1168 4301 casu
1213 4247 1436 4302 evenire
1475 4265 1486 4300 :
1525 4243 1672 4316 quod
1715 4243 1934 4315 quidem

354 4339 694 4394 contrarium
732 4336 847 4393 ﬁeri
884 4353 983 4408 par
1015 4347 1155 4393 erat.
1202 4357 1218 4388 ι

425 4452 559 4506 Eum
577 4468 894 4508 asseverare
918 4452 1117 4506 cmlum
1150 4449 1376 4505 fortuito
1412 4451 1613 4505 factum
1634 4453 1789 4523 561
1811 4468 1934 4508 esse

2044 3334 2125 3387 ὅτι
2159 3334 2345 3404 ἔτυχεν
2378 3336 2442 3389 ἐκ
2481 3335 2572 3388 τοῦ
2609 3337 2926 3408 σπέρματος
2960 3339 3194 3394 ἑκάστου
3228 3340 3476 3410 γίνεσθαι,
3507 3342 3605 3393 ἀλλ’

2043 3427 2105 3478 ὲκ
2157 3427 2255 3497 μὲν
2296 3427 2391 3480 τοῦ
2436 3428 2633 3481 τοιουδὶ
2679 3429 2893 3498 ἐλαίαν,
2939 3432 3002 3485 ἐκ
3049 3430 3105 3486 δὲ
3152 3433 3247 3486 τοῦ
3295 3433 3402 3502 (80)
3431 3433 3610 3484 τωο-,ξι

2042 3518 2381 3590 άνθρωπον)·
2437 3519 2502 3572 τὰ
2546 3520 2602 3573 δὲ
2651 3521 2902 3595 θειότερα
2944 3524 3052 3577 τῶν
3097 3526 3343 3597 φανερῶν
3384 3525 3480 3577 ἀπὸ
3527 3524 3609 3576 τοῦ

2041 3607 2348 3680 αὐτομάτου
2395 3611 2674 3680 γίνεσθαι·
2733 3616 2992 3688 τοιαύτην
3039 3617 3095 3669 δὲ
3145 3619 3318 3670 αἰτίαν
3363 3617 3608 3688 μηδεμίαν

2041 3699 2178 3756 εἶναι
2217 3705 2334 3758 οἵαν
2375 3704 2685 3782 τῶνιζώων
2728 3704 2764 3779 ἢ
2805 3709 2912 3762 τῶν
2953 3710 3141 3779 φυτῶν
3193 3713 3317 3782 (81).
3356 3713 3541 3764 Καίτοι
3572 3713 3608 3761 εἰ

2042 3797 2214 3862 οὕτως
2259 3799 2392 3870 ἔχει,
2436 3775 2596 3853 τοιῦτό
2641 3801 2692 3869 γ’
2739 3801 2876 3855 αὐτὸ
2919 3805 3090 3856 αἴτιον
3120 3806 3205 3876 εἴη
3237 3805 3297 3857 ἂν
3329 3805 3604 3873 ζητήσεως.

2040 3891 2134 3942 καὶ
2164 3890 2345 3954 καλῶς
2363 3891 2472 3961 ἔχει
2501 3891 2762 3963 λεχθῆναί
2791 3912 2843 3948 τι
2879 3896 3007 3968 περὶ
3038 3898 3205 3951 αὐτοῦ
3238 3898 3437 3951 τούτου.
3475 3897 3608 3967 Πῴς

2039 3980 2148 4052 γάρ
2191 3982 2270 4053 τῷ
2303 3985 2396 4037 καὶ
2452 3985 2628 4050 ἄλλως
2661 3985 2855 4056 ἄλογον
2887 3990 3000 4060 (82)
3037 3989 3176 4044 εἶναι
3215 3992 3273 4044 τὸ
3315 3989 3607 4060 λεγόμπν.

2039 4072 2119 4125 ἔτι
2141 4074 2484 4148 ἀτοπώτερον
2513 4076 2575 4130 τὸ
2609 4077 2788 4147 λέγειν
2811 4081 3007 4146 ταῦτα,
3043 4083 3281 4152 ὁρῶντας
3311 4086 3365 4136 ἐν
3404 4083 3500 4150 μὲν

2038 4166 2250 4238 οὐρανῷ
2281 4170 2436 4223 οὐθὲν
2472 4171 2581 4224 ἀπὸ
2609 4173 2952 4243 ταύτομάτου
2975 4174 3310 4246 γιγνόμενον,
3344 4177 3395 4227 ἐν
3421 4173 3479 4225 δὲ
3507 4177 3609 4232 τοῖς

2039 4255 2138 4308 οὑκ
2172 4257 2278 4310 ἀπὸ
2309 4258 2479 4331 τύχης
2525 4261 2696 4314 πολλά
2746 4259 3118 4333 συμϐαίνοντα
3161 4266 3264 4319 ἀπὸ
3290 4265 3445 4335 τύχης
3469 4281 3483 4291 ⁸
3525 4263 3606 4312 καί

2038 4349 2120 4402 τοι
2152 4367 2215 4420 γε
2249 4347 2395 4416 εἷκός
2423 4370 2484 4421 γε
2510 4349 2578 4425 ἦν
2605 4350 2666 4406 τὸ
2696 4355 2939 4408 ἐναντίον
2973 4356 3108 4426 (85).
3143 4378 3162 4408 ι

2112 4467 2234 4519 Ὅτι
2277 4467 2374 4537 μὲν
2409 4468 2518 4522 ἀπὸ
2561 4469 2904 4540 ταύτομάτου
2945 4473 3228 4542 γεγονέναι
3265 4472 3348 4526 τὸν
3368 4470 3608 4542 οὐρανὸν,

3451 4582 3610 4627 εςεις.

353 4561 419 4598 ac
439 4560 635 4600 rursus
665 4561 774 4600 non
807 4543 1054 4607 fortuito,
1081 4543 1459 4598 demonstrant
1478 4546 1665 4609 verba,
1698 4562 1818 4616 quae
1843 4545 1890 4599 dt

2115 4559 2134 4610 ὶ
2174 4558 2335 4612 πάλιν
2381 4558 2455 4630 μὴ
2504 4561 2612 4614 ἀπὸ
2656 4561 3021 4633 ταύτομάτου,
3069 4565 3310 4635 δηλοῦσιν
3338 4565 3386 4616 αἱ
3411 4563 3592 4627 λέξεις

357 4643 574 4705 sumpta
624 4638 1011 4706 proposuimus
1056 4654 1125 4693 ex
1173 4638 1312 4692 lihro
1358 4639 1600 4694 secundo
1648 4638 1932 4694 Naturalis

356 4722 778 4778 Auscultationis
820 4727 874 4778 in
919 4725 1136 4780 duobus
1189 4726 1484 4796 capitibus.
1538 4725 1830 4782 undecimo
1881 4735 1935 4781 et

356 4812 702 4872 duodecimo.
737 4815 972 4871 Alferam
1002 4818 1165 4871 etiam
1185 4819 1368 4881 verba,
1397 4821 1600 4889 quibus
1630 4819 1933 4890 ingenitum

356 4915 410 4960 et
442 4922 635 4964 rursus
668 4910 910 4979 genitum
946 4927 975 4964 a
1008 4922 1202 4967 natura
1230 4914 1382 4968 illum
1416 4915 1757 4983 pronuntiat.
1854 4919 1859 4924 '

429 5300 540 5373 (76)
575 5305 840 5378 Καὶ-νοῦ.
884 5306 1339 5378 Conjunctionem
1370 5328 1436 5367 ex
1465 5312 1775 5371 Aristotelis
1798 5317 1937 5372 libro

357 5371 660 5457 tlesliliapsit
691 5371 1034 5457 Syllmrgjus,
1067 5388 1121 5435 et
1140 5382 1485 5457 mox_aliam,
1518 5401 1712 5457 nempe
1742 5389 1809 5440 εἰ.

427 5444 538 5512 (77)
576 5444 866 5530 ρρηαιςοᾷ.
895 5444 993 5530 Ἰιο
1023 5444 1555 5530 ’.εει-ἱιιοιιᾱιιηιιίιιξί
1585 5444 1681 5530 pro
1731 5457 1938 5530 άνορὼ-

355 5526 481 5584 που,
511 5517 656 5584 (ιυὸᾱ
685 5517 956 5574 habebant
986 5521 1119 5574 editi
1144 5525 1337 5578 nosui.
1379 5523 1469 5578 Sic
1519 5526 1677 5579 habet
1719 5517 1936 5583 Aristo-

359 5583 652 5668 teles,’nee
699 5589 882 5668 aliter_
909 5592 1038 5662 legit
1089 5592 1204 5661 ipse
1239 5594 1748 5663 pseudo-Justinus,
1781 5612 1840 5652 ut
1868 5615 1937 5654 ex

357 5657 475 5715 ejus
507 5657 687 5711 verbis
709 5657 1056 5715 manifestum
1089 5658 1194 5717 est.

359 5723 702 5844 ρὶσζ
736 5727 804 5779 δὲ
832 5731 905 5783 οἵ.
943 5731 1162 5802 Legitur
1212 5734 1352 5805 apud
1371 5735 1720 5790 Aristotelem
1754 5740 1859 5792 εἰσὶ
1882 5740 1939 5793 δέ

430 5861 538 5928 (79)
579 5866 646 5920 Ἠ
674 5884 728 5918 τι
760 5869 1044 5923 τοιοῦτον.
1081 5870 1156 5924 Ex
1181 5873 1472 5932 Aristotele
1495 5879 1770 5948 desumpsi
1807 5879 1938 5936 illud

2036 4642 2111 4703 ὧν
2140 4651 2237 4722 τὴν
2271 4651 2488 4706 ἔκθεσιν
2521 4655 2904 4727 πεποιήκαμεν
2936 4658 3003 4710 ἐκ
3033 4656 3128 4710 τοῦ
3189 4658 3412 4726 δευτέρου
3450 4654 3608 4720 λέγε-ν

2036 4743 2147 4811 τῆς
2179 4742 2446 4810 Φυσικῆς
2492 4746 2855 4815 Ἀκροάσεως
2886 4751 2943 4802 ἐν
2972 4754 3086 4815 τοῖς
3129 4752 3246 4805 δυσὶ
3284 4748 3604 4818 κεφαλαίοις,

2036 4835 2115 4905 τῷ
2145 4852 2202 4888 τε
2236 4837 2516 4908 ἑνδεκάτῳ
2548 4839 2642 4891 καὶ
2689 4839 2767 4910 τῷ
2797 4841 3117 4913 δωδεκάτην
3144 4845 3222 4897 ὅτι
3252 4843 3302 4896 δὲ
3327 4840 3602 4908 ἀγένηττν.

2039 4928 2130 4980 καὶ
2164 4928 2325 4982 πάλιν
2355 4929 2583 5001 γενητὸν
2613 4929 2718 4983 ὑπὸ
2748 4931 2966 5000 φύσεως
3000 4932 3150 5001 λέγει
3177 4933 3342 4985 αὑτὸν.
3377 4932 3582 4995 amni-:3

2043 5036 2138 5089 μαι
2170 5020 2263 5072 καὶ
2289 5020 2493 5074 τούτων
2519 5020 2628 5075 τῶν
2656 5021 2854 5088 λέξεων
2881 5024 2980 5096 τὴν
3013 5025 3240 5090 ἔκθεσιν,
3261 5027 3310 5076 ἐν
3334 5014 3416 5084 αἷς
3453 5020 3605 5071 τςίτῡ

2041 5114 2360 5186 πεποίηκεν.

2041 5337 2091 5404 τι
2121 5329 2178 5406 ει,
2210 5337 2331 5375 mox
2379 5323 2441 5375 τὸ
2484 5325 2675 5378 αἴτιον.
2727 5326 2869 5382 Editi
2920 5328 3096 5383 nostri
3125 5329 3156 5398 ἢ
3186 5323 3363 5380 τοιοῦτο
3415 5324 3604 5390 ἕτερον

2041 5407 2177 5443 εῖναι
2205 5408 2277 5446 τι.

2114 5460 2224 5530 (80)
2267 5464 2360 5516 Ἐκ
2412 5464 2480 5516 δὲ
2531 5465 2656 5519 τοῦ.
2711 5467 3023 5522 Articulum
3081 5484 3147 5522 ex
3198 5462 3480 5519 Aristotele
3517 5461 3608 5512 «ἰρ-

2045 5533 2282 5607 sumpsit
2332 5531 2679 5606 Sylburgius,
2717 5553 2745 5590 a
2779 5554 2888 5607 quo
2917 5547 2973 5593 et
3017 5542 3305 5599 varietates,
3332 5548 3491 5601 quas
3521 5534 3604 5584 his:

2042 5605 2389 5671 apponimus;
2421 5607 2726 5662 observata:
2758 5605 2996 5664 fuerunt.

2114 5673 2223 5742 (81)
2257 5674 2469 5745 Ἡλτῶιν
2497 5675 2717 5745 φυτῶν.
2755 5680 3074 5734 Aristoteles
3130 5679 3215 5732 καὶ
3260 5674 3352 5726 τῶν
3391 5673 3604 5741 τρυε-τῖες,

2041 5751 2094 5796 et
2117 5759 2239 5814 mox
2270 5743 2426 5800 τοῦτο
2453 5743 2513 5814 γε
2545 5747 2675 5800 αὐτὸ
2703 5748 2847 5812 ἄξιον
2877 5751 3217 5811 ἐπιστάσεως.

2041 5867 2044 5870 .
2117 5813 2226 5885 ($2)
2267 5813 2531 5885 Ἀλοτον.
2577 5817 2900 5875 Ατὶειοιειοε
2929 5821 3145 5874 ἄτοπον.

2116 5876 2222 5956 (85)
2249 5885 2316 5940 Τὸ
2333 5876 2627 5942 ὲνὰντίον.
2661 5889 2981 5947 Aristoteles
3011 5885 3289 5944 τούναντίον
3308 5876 3598 5943 γενέσθαι.
