3662 6500
98 415 243 472 1517

190 532 275 586 15.
330 525 423 585 Ἐθὶ
452 528 555 587 τοῦ
586 533 867 613 δευτέρου
896 539 1037 613 ῌερὶ
1077 540 1335 609 οὑρὰνοῦ
1364 544 1549 613 λόγου

630 605 1100 675 Ἀριστοτέλους.
1144 605 1158 609 ⁷
1448 605 1461 613 ⁷
1630 682 1637 689 ο

157 714 308 768 «Ὅτι
348 706 447 786 μὲν
475 713 571 769 οὖν
601 717 663 770 οὐ
692 719 911 786 γέγονεν
943 722 971 773 ὁ
1004 723 1114 786 πᾶς
1139 724 1385 795 οὐρανὸς,
1415 725 1540 779 οὕτε
1569 730 1658 781 ὲν-

87 804 284 877 δέχεται
335 806 625 880 φθαρῆναι,
665 810 915 884 καθάπερ
958 813 1102 877 τινές
1144 832 1327 883 φασιν,
1362 816 1480 870 ἀλλ’
1513 817 1659 873 ἔστιν

90 892 160 960 εἷς
189 898 281 950 καὶ
314 898 503 962 ἀΐδιος,
535 898 711 972 ἀρχὴν
740 900 839 971 μὲν
871 903 964 955 καὶ
990 903 1243 977 τελευτὴν
1274 906 1372 960 οὐκ
1406 907 1542 978 ἔχων
1562 911 1656 965 τοῦ

90 987 277 1051 παντὸς
309 988 522 1053 αἰῶνος,
560 989 700 1060 ἔχων
742 992 799 1045 δὲ
847 994 941 1046 καὶ
974 995 1238 1065 περιέχων
1267 998 1325 1049 ὲν
1355 998 1532 1070 ἑαυτῷ
1558 1004 1655 1055 τον

87 1080 299 1161 ἄπειρον
336 1080 547 1152 χρόνον,
590 1082 655 1134 ἐκ
691 1099 749 1134 τε
783 1082 890 1135 τῶν
924 1085 1228 1156 εἰρημένων
1268 1088 1483 1154 ἐξέσται
1515 1090 1655 1161 λαμ-

88 1171 255 1225 ϐάνειν
282 1171 383 1243 τὴν
415 1173 615 1225 πίστιν.
648 1193 666 1225 ι

148 1262 332 1316 Ταῦτα
381 1266 510 1336 περὶ
555 1266 653 1337 τῆς
684 1268 980 1336 ἀγενησίας
1022 1267 1115 1321 τοῦ
1160 1269 1390 1341 οὐρανοῦ
1429 1270 1596 1324 εἰπὼν
1628 1275 1657 1325 ὁ

95 1356 460 1427 Ἀριστοτέλης
494 1356 627 1428 (84),
657 1358 759 1429 ὅρα
788 1359 874 1412 οἶα
916 1360 1075 1413 πάλιν
1110 1362 1363 1432 περὶτῆς
1394 1363 1657 1431 γενέσεως

84 1451 236 1503 αὐτοῦ
259 1451 408 1519 λέγει
436 1453 492 1503 ὲν
521 1448 601 1521 τῷ
629 1433 831 1522 πρώτῳ
849 1451 989 1519 Περὶ
1022 1451 1281 1520 οὐρανοῦ
1317 1453 1477 1525 λόγῳ.

144 1539 253 1612 [14.
297 1542 403 1595 Ἐκ
444 1542 552 1596 τοῦ
591 1543 826 1613 πρώτου
857 1544 997 1611 Περὶ
1025 1545 1283 1612 οὐρανοῦ
1315 1546 1548 1618 λόγουι]

146 1650 163 1681 ι
194 1632 302 1687 Καὶ
331 1632 506 1703 ὀρθῶς
533 1633 706 1688 ἔοικεν
738 1637 771 1706 ἡ
800 1635 960 1705 φύσις
988 1636 1048 1689 τὸ
1072 1636 1261 1707 μέλλον
1291 1637 1508 1692 ἔσεσθαι
1537 1640 1657 1707 ἀγέ-

79 1741 225 1795 νητον
253 1726 350 1779 καὶ
382 1725 681 1798 ἄφθαρτον,
710 1727 987 1795 ἐξελέσθαι
1021 1731 1087 1782 ὲκ
1117 1729 1226 1783 τῶν
1266 1732 1524 1785 ἐναντίων
1543 1748 1557 1760 ι
1595 1733 1654 1783 ἐν

78 1818 474 1882 τοῖς,ὲναντίοις
499 1818 666 1891 γὰρὴ
695 1819 908 1889 γένεσις
944 1821 1037 1874 καὶ
1072 1824 1105 1893 ή
1139 1822 1332 1894 φθοράδ
1367 1838 1386 1874 ι

754 416 1197 481 CONFUTATlO
1232 426 1674 493 QUORUMDAM
1715 432 2174 492 ARISTOTELIS
2208 438 2619 498 DOGMATUM.

1680 552 1730 608 Α

3190 446 3329 507 1518

1933 551 2019 608 l3;
2059 552 2145 606 Ea:
2168 557 2393 611 secundo
2425 558 2559 612 libro
2579 558 2879 616 Aristotelis
2899 561 2976 618 De
3006 564 3152 623 caelo.

2248 624 2342 678 lib.
2376 640 2442 688 ιι,
2472 643 2522 679 c.
2560 627 2608 686 1.
2647 630 2698 696 p.
2727 629 2849 686 283.

1833 747 1853 780 ‹
1882 728 2092 786 Caelum
2128 735 2442 793 universum
2466 742 2709 809 genitum
2737 758 2844 797 non
2878 759 3022 810 esse,
3039 763 3214 818 neque
3246 752 3328 806 in-

1760 823 1927 877 terire
1954 840 2137 896 posse,
2173 836 2232 882 ut
2261 833 2510 885 nonnulli
2550 834 2760 899 dicunt,
2802 838 2897 892 sed
2925 855 3092 894 unum
3125 857 3249 898 esse
3277 851 3331 899 et

1757 922 2041 981 aeternum,
2076 920 2403 990 principium
2440 925 2658 993 quidem
2691 935 2744 981 et
2778 929 2939 983 ﬁnem
2974 942 3083 985 non
3123 933 3330 990 habens

1757 1006 1856 1059 aevi
1887 1009 2149 1075 universi,
2176 1012 2446 1068 inﬁnitum
2476 1025 2657 1071 autem
2693 1025 2905 1089 tempus
2931 1022 2985 1074 in
3019 1024 3203 1094 seipse
3234 1024 3330 1079 hae

1756 1098 1891 1157 hens
1911 1109 1964 1155 et
1990 1105 2380 1174 complectens,
2407 1108 2568 1164 ﬁdem
2591 1126 2653 1165 ea
2680 1128 2800 1181 qum
2819 1125 2948 1169 sunt
2973 1113 3121 1171 dicta
3148 1118 3333 1176 facere

1758 1202 2005 1260 possunt.
2043 1214 2063 1246 ι

1828 1282 1955 1375 llaec
1987 1284 2309 1344 Aristoteles
2340 1291 2407 1345 de
2436 1293 2575 1347 caelo
2605 1294 2847 1364 ingenito
2870 1295 3023 1352 dixit.
3045 1297 3179 1353 Vide
3208 1314 3330 1371 quae

1756 1376 1823 1429 dc
1853 1379 2203 1446 generatione
2234 1381 2381 1439 illius
2409 1384 2556 1439 dicat
2586 1389 2640 1440 in
2670 1388 2847 1456 primo
2876 1388 2952 1443 De
2977 1392 3106 1445 cwlo
3130 1393 3290 1449 libro.

1915 1538 2043 1630 [14.
2086 1543 2171 1594 Ea:
2191 1546 2358 1598 vrimo
2382 1547 2515 1603 libro
2539 1553 2611 1609 De
2639 1556 2788 1618 caelo.
2818 1557 2911 1613 lib.
2944 1577 2982 1623 ι,
3010 1578 3059 1614 c.
3093 1552 3200 1630 12.]

1831 1646 1849 1677 ι
1878 1626 1944 1682 Et
1972 1645 2121 1687 reete
2149 1641 2361 1688 Videtur
2404 1648 2599 1688 natura
2633 1652 2687 1691 tu
2718 1651 2863 1709 quoa
2891 1655 3132 1697 tuturum
3178 1626 3325 1701 esset

1755 1718 2059 1789 ingenitum
2084 1732 2137 1779 et
2161 1724 2599 1797 incorruptibile,
2629 1733 2917 1788 contrariis
2943 1736 3231 1792 exemisse.
3264 1737 3324 1791 ln

1755 1815 2049 1869 contrariis
2086 1812 2229 1871 enim
2259 1822 2539 1888 generatio
2568 1830 2621 1876 et
2654 1822 2932 1879 interitus.
2965 1844 2983 1876 ι

139 1908 197 1960 Et
218 1908 331 1961 τῶν
358 1910 635 1964 ἀδυνάτων
664 1912 761 1982 μὲν
791 1912 940 1965 οὐδὲν
967 1911 1088 1966 οὔτε
1110 1915 1275 1978 ἐστὶν,
1292 1913 1415 1967 οὔτε
1432 1914 1604 1968 ἔσεσθε

1825 1903 1882 1959 Si
1912 1922 2093 1961 rerum
2116 1896 2536 1979 impossibilium
2562 1914 2711 1967 nulla
2741 1924 2825 1971 est
2847 1925 2939 1970 aut
2968 1933 3091 1974 esse
3107 1928 3319 1989 potest:

78 1988 284 2053 δυνατόν
300 2018 312 2030 ·
338 2000 456 2054 ἐστὶ
478 2000 537 2055 δὲ
559 1998 667 2056 τῶν
684 2003 957 2057 ἀδυνάτων
976 2005 1038 2057 τὸ
1063 2004 1250 2073 μέλλον
1277 2006 1489 2059 ἔσεσθαι
1522 2004 1649 2077 ἀγέ-

78 2107 221 2160 νητον
252 2091 367 2162 (85)
404 2084 543 2146 εἶναι
567 2094 799 2165 ἄναρχον
825 2112 885 2146 τε
914 2096 1007 2149 καὶ
1032 2095 1404 2166 ἀτελεύτητον,
1440 2096 1561 2167 ἔχον
1586 2096 1647 2149 τε

77 2182 159 2234 καὶ
177 2183 430 2253 περιέχον
459 2186 516 2236 ὲν
538 2184 714 2255 ἐαυτῷ
746 2186 837 2240 τὸν
868 2187 1093 2258 ἄπειρον
1122 2188 1310 2258 χρόνον
1329 2203 1343 2216 ⁸
1366 2187 1515 2241 ἔσται
1539 2187 1647 2260 ἄρα

77 2271 291 2325 ὀταῦτα
337 2274 513 2343 λέγων
546 2275 770 2329 δυνατοῦ
804 2294 863 2329 τε
897 2277 989 2330 καὶ
1025 2276 1286 2331 ἀδυνάτου
1321 2278 1645 2351 πράγματος

76 2364 269 2431 ἀγνοῶν
301 2367 403 2439 τὴν
435 2365 717 2439 διαφορὰν.

82 2477 153 2531 15.
186 2478 279 2533 Ἐκ
310 2480 421 2555 τοῆ
450 2466 683 2555 πρώτου
712 2484 849 2555 Περὶ
881 2477 1141 2555 οὐρανοῦ
1169 2486 1356 2553 λόγου
1384 2487 1644 2555 Ἀριστοέ-

350 2549 588 2617 τέλους,
621 2550 690 2605 ἐν
721 2549 800 2618 τῷ
830 2549 985 2607 tua}
1013 2554 1119 2608 τοῦ
1139 2549 1344 2624 λόγου.

139 2661 156 2694 ι
182 2641 351 2698 Οὐθὲν
383 2645 493 2717 γὰρ
526 2645 634 2699 ἀπὸ
678 2647 1015 2717 ταύτομάτου
1059 2645 1487 2719 οὗτειᾶφθαρτον
1519 2647 1643 2702 οὕτε

76 2732 318 2805 ἀγένητον
350 2730 464 2789 οἷόν
490 2754 549 2789 τε
583 2733 738 2790 εἶναι.
771 2757 789 2789 ι

134 2825 252 2890 Πῶς
288 2823 384 2901 οὖν
433 2829 499 2882 ἄν
540 2847 622 2893 τις
663 2826 970 2885 πιστεύσειε
1000 2830 1080 2903 τῷ
1110 2834 1395 2907 ἀμφότερα
1432 2835 1641 2905 λέγοντι

76 2919 186 2989 περὶ
210 2920 302 2974 τοῦ
335 2922 602 2993 οὐρανοῦ;
644 2924 730 2976 Ἐν
763 2922 859 2994 μὲν
887 2923 962 2996 τῷ
990 2925 1256 2997 ἑνδεκάτῳ
1280 2927 1557 2999 κεφαλαίῳ
1580 2929 1641 2984 τὸ

75 3008 361 3081 αὐτόματον
404 3013 577 3093 αἴτιον
603 3010 737 3068 εἶναι
772 3012 919 3086 λέγει
954 3019 1047 3071 τοῦ
1082 3009 1333 3091 ούρανοῦ,
1374 3022 1430 3074 ὲν
1468 3021 1524 3074 δὲ
1561 3021 1641 3093 τῷ

74 3104 492 3176 τρισκαιδεκάτῳ
524 3107 757 3178 ἄναρχον
786 3126 844 3161 τε
886 3110 980 3163 καὶ
1009 3111 1267 3181 ἀγένητον
1298 3113 1389 3166 τὸν
1413 3113 1639 3184 οὐρανὸν

74 3190 188 3249 εἶναι
214 3196 387 3266 λέγει.

174 3309 257 3365 16.
316 3312 414 3364 Ἐκ
448 3298 553 3366 τοῦ
585 3313 865 3385 δευτέρου
896 3315 1081 3383 λόγου
1114 3312 1223 3383 τῆς
1255 3310 1521 3385 Φυσικῆς

664 3383 1042 3452 Ἀκροάσεως.

135 3485 151 3515 ι
179 3469 364 3523 Διτταὶ
387 3460 443 3523 δὲ
472 3470 640 3544 ἀρχαὶ
669 3466 725 3524 αἱ
754 3472 1001 3526 κινοῦσαι
1027 3472 1300 3542 φυσικῶς⁴
1324 3467 1398 3527 ὧν
1417 3477 1450 3545 ἡ
1476 3475 1637 3547 ἑτέρα

71 3546 120 3637 οὗ
162 3563 390 3633 φυσική·
429 3564 488 3615 οὐ
533 3564 640 3636 γὰρ
686 3564 798 3634 ἔχει
844 3566 1107 3636 κινήσεως
1137 3565 1314 3637 ἀρχὴν
1349 3567 1406 3619 ὲν
1446 3546 1632 3639 ἑαυτῇ.

72 3648 297 3705 Τοιοῦτον
326 3653 383 3705 δέ
411 3654 558 3706 ἐστιν
591 3653 715 3707 εἴτι
746 3656 887 3708 κινεῖ
927 3655 1000 3725 μὴ
1031 3654 1376 3725 κινούμενον·
1408 3655 1548 3710 ὥστε
1574 3658 1637 3711 τό

70 3755 117 3791 τε
148 3745 422 3809 παντελῶς
455 3747 710 3818 ἀκίνητον
740 3748 833 3801 καὶ
864 3748 925 3801 τὸ
952 3747 1171 3802 πάντων
1197 3748 1431 3821 πρῶτονε
1459 3767 1479 3802 ι

126 3916 240 3987 Πῶς
268 3924 337 3977 ἂν
371 3920 466 3977 οὖν
498 3926 740 3996 κινήσειε
768 3925 1013 3994 φυσικῶς
1040 3926 1073 3996 ἡ
1107 3920 1269 3997 ἀρχὴ,
1301 3926 1334 3996 ή
1368 3925 1505 3997 μήτε
1533 3943 1633 3993 (pu-

70 4017 174 4086 εῖκὴ
213 4014 371 4080 οὖσα,
412 4019 549 4089 μήτε
597 4018 737 4072 κατὰ
766 4019 925 4087 φύσιν
960 4018 1216 4083 κινοῦσας
1249 4020 1326 4089 Τῇ
1358 4018 1469 4087 γὰρ
1496 4018 1631 4091 μόνῃ

67 4111 242 4178 φυσικῇ
274 4102 421 4181 ἀρχῇ
461 4112 526 4180 τῇ
563 4110 703 4163 κατὰ
736 4109 895 4179 φύσιν
935 4108 1157 4180 κινούσῃ
1194 4108 1485 4162 ἀκόλουθόν
1514 4110 1630 4165 ἐστι

66 4194 115 4245 τὸ
151 4200 393 4265 φυσικῶς
441 4202 629 4254 κινεῖν.
664 4203 727 4254 Et
773 4201 915 4272 ἀρχὴ
946 4203 978 4272 ὴ
1017 4201 1090 4272 μὴ
1121 4198 1259 4255 οὖσα
1292 4202 1493 4273 φυσικὴ
1530 4203 1630 4257 οὐκ

67 4286 159 4357 ἔχει
188 4294 244 4344 ὲν
272 4286 443 4365 ἑαυτῇ
478 4294 654 4366 ἀρχὴν
699 4296 987 4365 κινήσεως,
1016 4294 1194 4365 δῆλον,
1238 4294 1321 4347 ὅτι
1354 4295 1386 4365 ἡ
1427 4296 1626 4366 φυσικὴ

65 4385 186 4456 ἁρχὴ
218 4387 334 4460 ἔχει.
374 4390 431 4441 ὲν
467 4389 631 4460 ἑαυτῇ
672 4390 845 4461 ἀρχὴν
876 4390 1160 4460 κινήσεως.
1180 4390 1316 4442 Ἀλλ’
1342 4393 1376 4461 ἡ
1412 4390 1553 4461 ἀρχὴ
1590 4392 1623 4462 ἠ

63 4477 213 4551 ἀρχὴν
242 4482 443 4552 ἔχουσα
472 4483 571 4535 οὐκ
601 4482 747 4535 ἔστιν
774 4483 937 4554 ἀρχή.
976 4484 1037 4535 Εἰ
1068 4485 1123 4534 ὲν
1156 4486 1269 4545 τοῖς
1294 4483 1476 4545 ἁῖδίως
1500 4483 1627 4551 ἀγε-

1748 2006 1833 2054 est
1861 2007 2040 2054 autem
2074 2016 2162 2057 res
2187 2002 2564 2072 impossibilis,
2597 2014 2657 2059 ut
2680 2004 2826 2077 quod
2854 2007 3096 2063 futurum
3123 2018 3209 2066 est
3237 2012 3324 2066 in-

1748 2091 1989 2160 genitum
2020 2092 2091 2147 sit
2126 2108 2189 2147 ac
2233 2095 2504 2165 principio
2543 2105 2596 2152 et
2642 2099 2747 2153 ﬁne
2777 2108 2983 2166 careat,
3016 2102 3322 2174 habeatque

1746 2192 1799 2240 et
1848 2185 2243 2255 complectatur
2289 2188 2343 2241 in
2386 2191 2566 2259 seipso
2609 2177 2878 2246 inﬁnitum
2932 2201 3183 2265 tempus;
3215 2190 3321 2251 erit

1744 2292 1874 2350 ergo
1923 2279 2016 2350 qui
2060 2279 2175 2335 haec
2218 2281 2372 2346 dicit,
2405 2283 2746 2352 possibilium
2794 2278 2848 2339 et
2896 2286 3315 2355 impossibilium

1744 2370 2060 2428 diﬁ‘erentia:
2082 2374 2324 2445 ignarus.

1798 2487 1886 2542 15.
1929 2487 2012 2541 Ea:
2036 2490 2205 2559 primo
2237 2490 2375 2543 libro
2404 2491 2711 2547 Aristotelis
2743 2492 2818 2547 De
2846 2494 2974 2548 coelo
3000 2534 3015 2559 ,
3050 2495 3105 2548 in
3132 2496 3256 2565 ﬁne.

1820 2666 1837 2698 ι
1868 2644 2013 2700 Nihil
2041 2647 2187 2701 enim
2212 2648 2355 2717 quod
2386 2648 2613 2703 fortuito
2648 2649 2725 2713 ﬁt,
2765 2649 3180 2719 incorruptibile
3220 2658 3316 2706 aut

1743 2740 2045 2809 ingenitum
2076 2754 2197 2795 esse
2222 2750 2421 2811 potest.
2456 2762 2474 2794 ι

1809 2834 2096 2901 Quomodo
2142 2852 2271 2906 ergo
2304 2834 2463 2890 ﬁdem
2495 2835 2620 2904 quis
2651 2835 2700 2890 ei
2729 2829 2945 2900 habeat,
2977 2834 3073 2904 qui
3101 2844 3316 2889 utrum~

1739 2942 1848 2996 que
1878 2927 1945 2983 de
1976 2929 2117 2983 cmlo
2148 2928 2502 2999 pronuntiat?
2550 2926 2684 2982 Nam
2719 2927 2774 2981 in
2818 2927 3107 2982 undecimo
3137 2927 3316 2997 capite

1740 3017 2025 3075 fortuitum
2055 3032 2245 3076 caSum
2280 3020 2413 3075 dicit
2441 3036 2565 3076 esse
2588 3020 2714 3075 coeli
2740 3035 2961 3075 causam
2997 3039 3010 3074 :
3048 3028 3103 3074 at
3132 3020 3187 3073 in
3218 3019 3315 3075 de-

1740 3113 1882 3168 cimo
1913 3117 2073 3169 tertio
2104 3115 2304 3168 coelum
2336 3112 2603 3182 principio
2636 3119 2689 3166 et
2730 3112 3077 3181 generatione
3109 3111 3185 3164 ait
3214 3125 3308 3165 ca-

1740 3221 1883 3262 rere.

1815 3320 1903 3375 16.
1945 3324 2031 3375 Ea:
2067 3318 2295 3374 secundo
2325 3316 2461 3371 libro
2495 3314 2778 3369 Naturalis
2800 3313 3239 3371 Auscultationis.

2205 3379 2300 3435 lib.
2337 3395 2376 3446 ι,
2401 3393 2450 3432 c.
2482 3377 2571 3441 1‘2,
2599 3393 2655 3445 p.
2683 3378 2811 3431 9.85.

1818 3476 1836 3508 ι
1867 3457 1983 3512 Duo
2011 3464 2190 3512 autem
2223 3461 2351 3511 sunt
2384 3456 2651 3525 principia
2685 3469 2806 3523 qua:
2837 3453 3163 3509 naturaliter
3194 3468 3313 3509 mo-

1738 3560 1866 3606 veut
1903 3570 1916 3604 :
1953 3565 2185 3620 quorum
2217 3550 2448 3603 alterum
2478 3546 2725 3601 naturale
2756 3561 2864 3599 non
2893 3554 2998 3609 est,
3032 3560 3140 3599 non
3166 3545 3310 3600 enim

1738 3646 1794 3698 in
1812 3644 2002 3713 'seipso
2026 3630 2188 3697 habet
2212 3640 2472 3695 motionis
2494 3636 2845 3709 principium.
2868 3632 3149 3707 Ejusmodi
3179 3651 3311 3691 vero

1736 3746 1821 3793 est
1854 3738 1898 3791 si
1933 3736 2065 3807 quid
2095 3738 2331 3797 moveat,
2368 3747 2492 3787 cum
2530 3733 2709 3801 ipsum
2742 3745 2853 3784 non
2884 3734 3190 3789 moveatur,
3223 3742 3309 3781 ιιι-

1735 3836 1862 3899 pote
1890 3826 2167 3881 immobile
2195 3830 2442 3895 prorsus,
2475 3830 2530 3877 et
2562 3822 2805 3877 omnium
2837 3819 3095 3891 primum.
3123 3841 3142 3873 ι

1806 3917 2089 3984 Quomodo
2139 3916 2308 3986 igitur
2354 3919 2570 3968 moveat
2601 3912 2924 3965 naturaliter
2951 3910 3305 3981 principium,

1731 4011 1879 4084 quod
1898 4025 2075 4087 neque
2101 3991 2349 4063 naturale
2376 4013 2480 4070 est,
2518 4008 2694 4075 neque
2722 4003 3021 4060 secundum
3052 4007 3305 4056 naturam

1731 4104 1955 4159 movet?
1986 4102 2097 4156 Soli
2124 4101 2269 4156 enim
2297 4099 2535 4154 naturali
2569 4096 2837 4168 principio
2876 4094 3177 4149 secundum
3209 4109 3310 4148 na-

1730 4206 1909 4252 turam
1945 4195 2183 4250 moventi
2215 4192 2533 4262 adjunctum
2579 4197 2661 4244 est
2696 4189 3020 4243 naturaliter
3064 4201 3300 4241 movere.

1733 4290 1791 4345 Si
1834 4288 2184 4360 principium,
2228 4285 2372 4356 quod
2422 4283 2671 4338 naturale
2720 4297 2826 4335 non
2872 4286 2976 4344 est,
3013 4279 3069 4331 in
3122 4278 3307 4347 seipso

1729 4382 2060 4453 principium
2088 4377 2353 4455 motionis
2382 4391 2492 4429 non
2540 4374 2729 4439 habet,
2770 4372 2940 4442 liquet
2968 4369 3301 4440 principium

1729 4474 1977 4529 naturale
2008 4473 2224 4541 habere
2268 4470 2321 4522 in
2371 4484 2430 4523 se
2478 4465 2806 4537 principium
2862 4462 3140 4517 motionis.
3195 4460 3304 4515 Sed

64 4567 222 4633 νήτοις
246 4572 401 4626 οὐδὲν
441 4570 657 4635 οὐδενὸς
689 4568 951 4644 πρότερον
989 4568 1021 4643 ἢ
1057 4561 1280 4643 ὕστερον
1309 4570 1443 4626 εἶναι
1470 4572 1604 4625 δύνα

1798 4567 2078 4636 incipium,
2110 4562 2256 4633 quod
2298 4560 2624 4631 principium
2664 4558 2847 4621 habet,
2885 4572 2995 4610 non
3028 4563 3112 4610 est
3152 4554 3305 4625 prin-

64 4672 155 4719 ται,
182 4663 298 4726 πῶς
393 4663 538 4735 ἀρχὴ
566 4665 838 4735 ἀκίνητος,
869 4666 901 4734 ή
936 4664 1009 4736 μὴ
1039 4665 1350 4735 κινουμένη,
1374 4664 1620 4730 κινοῦσα,

64 4749 256 4805 πάντων
282 4754 499 4826 πρῶτόν
526 4756 695 4818 ἐστιν,
724 4755 756 4825 ἢ
790 4754 925 4817 ὅλως
952 4755 1125 4826 ἀρχή;

1726 4660 1951 4730 cipium.
2005 4654 2063 4710 Si
2092 4657 2146 4710 in
2180 4655 2286 4718 bis,
2320 4669 2442 4723 qua:
2490 4651 2819 4721 sempiterno
2867 4647 3108 4718 ingenita
3151 4659 3300 4707 sunt,

1726 4752 1939 4807 nullum
1984 4750 2090 4803 alio
2140 4749 2292 4818 prius
2328 4756 2421 4801 aut
2464 4746 2741 4817 posterius
2773 4760 2894 4801 esse
2923 4751 3136 4816 potest:
3166 4756 3303 4811 quo-

64 4843 203 4896 modo
228 4846 583 4917 principium,
615 4846 758 4915 quod
787 4845 1064 4900 immobile
1121 4853 1226 4909 est,
1260 4853 1354 4899 aut
1409 4860 1519 4899 non
1570 4852 1839 4908 movetur,
1900 4842 2150 4912 quamvis
2197 4848 2432 4902 moveat,
2490 4841 2737 4893 omnium
2777 4839 3014 4907 primum
3066 4845 3169 4899 εει,
3209 4843 3303 4887 θυι

68 4936 273 4990 ummno
306 4937 679 5008 principium?

64 5023 133 5077 l7.
180 5029 273 5082 Ἐκ
304 5029 412 5083 τοῦ
440 5030 639 5097 τρίτου
657 5027 842 5099 λόγου
868 5029 976 5097 τῆς
994 5026 1180 5095 αὐτῆς
1199 5028 1612 5098 πραγματείας·

123 5134 139 5166 ι
165 5119 266 5171 Τοῦ
297 5121 354 5174 δὲ
382 5117 517 5173 εἶναι
548 5119 773 5192 ἄπειρον
802 5121 900 5190 τὴν
933 5120 1115 5172 πίστιν
1159 5119 1520 5190 λαμϐάνουσιν
1551 5117 1614 5171 ἔκ

58 5220 106 5256 τε
132 5209 217 5262 τοῦ
245 5213 437 5283 χρόνου
458 5229 472 5242 ’
502 5204 656 5275 οὗτος
684 5211 793 5282 γὰρ
824 5211 1047 5281 ἄπειρός
1074 5212 1251 5263 ἐστιν·
1285 5209 1364 5263 ἔτι
1398 5208 1510 5280 (86)
1534 5208 1615 5279 τῷ

58 5296 208 5362 οὕτως
236 5301 300 5354 ἂν
333 5302 510 5373 μόνως
534 5303 609 5373 μὴ
638 5302 949 5355 ὑπολείπειν
974 5302 1188 5369 γένεσιν
1217 5302 1311 5355 καὶ
1333 5300 1539 5372 φθορὰν
1567 5301 1616 5353 εἰ

58 5387 261 5462 ἄπειρον
288 5394 396 5465 εἴη,
422 5386 545 5447 ὅθεν
576 5396 890 5463 ἀφαιρεῖται
923 5390 985 5446 τὸ
1016 5393 1316 5463 γινόμενον.
1344 5413 1362 5445 ι

118 5481 171 5533 Et
200 5488 226 5537 ὁ
251 5487 442 5556 χρόνος
470 5485 555 5538 ἀεὶ
597 5487 654 5538 ὲν
683 5485 760 5555 τῷ
787 5485 1029 5553 γίνεσθαι
1057 5483 1116 5536 τὸ
1143 5479 1280 5535 εἶναι
1309 5482 1442 5553 ἔχει,
1472 5482 1533 5535 τὸ
1555 5483 1611 5536 δὲ

56 5573 346 5644 γιγνόμενον
387 5576 494 5650 πρὸ
529 5575 624 5627 τοῦ
662 5575 906 5643 γίνεσθαι
940 5575 1040 5627 οὐκ
1073 5569 1161 5644 ἦν,
1193 5572 1311 5635 πῶς
1339 5573 1564 5642 ἄπειρος
1586 5575 1613 5625 ὁ

60 5708 223 5846 “vigil
266 5712 331 5766 '0
388 5712 814 5807 Ἀριστοτέλης.
876 5713 1181 5767 Articulum
1238 5708 1603 5780 suppeditavit

119 5849 220 5921 \85)
270 5852 595 5922 Ἁτένητον.
635 5852 768 5925 Reg.
821 5855 843 5908 1
896 5853 1187 5923 ἀγέννητον
1232 5859 1285 5906 ει
1314 5852 1393 5906 sic
1424 5852 1475 5905 in
1508 5868 1599 5907 εει

1735 4954 1893 5026 562
1930 4951 2017 5005 17.
2047 4946 2131 5002 Ex
2159 4950 2312 5026 tertio
2349 4948 2483 5001 libro
2528 4931 3302 5026 εριιδτίοῃ-εοηιηιειιιαιιοηὶεε.

2225 5020 2320 5076 lib.
2354 5034 2435 5079 ιιι,
2459 5034 2508 5073 c.
2540 5016 2594 5079 4,
2623 5032 2675 5085 p.
2699 5015 2826 5069 ‘205.

1797 5131 1817 5165 ι
1837 5110 2108 5166 Inﬁnitum
2129 5125 2273 5174 esse,
2294 5109 2452 5163 ﬁdem
2478 5109 2639 5162 etiam
2663 5113 2919 5161 astruunt
2940 5122 3005 5160 ex
3027 5113 3296 5172 tempore;

1723 5206 1775 5260 id
1805 5204 1952 5259 enim
1983 5203 2254 5257 inﬁnitum
2290 5222 2305 5256 :
2336 5201 2535 5257 deinde
2565 5202 2671 5255 hoc
2701 5197 3081 5254 tantummodo
3135 5210 3295 5263 gene-

1717 5293 1859 5347 ratio
1889 5304 1943 5347 et
1969 5293 2254 5369 corruptio
2286 5293 2700 5355 nonpdeﬁcient,
2734 5293 2780 5347 si
2813 5289 3084 5343 inﬁnitum
3109 5284 3202 5348 sit,
3229 5300 3296 5339 ex

1717 5402 1828 5457 quo
1859 5387 1933 5451 id,
1964 5387 2109 5457 quod
2142 5403 2237 5457 per
2262 5387 2667 5458 generationem
2701 5385 2782 5449 ﬁt,
2813 5389 3055 5440 eruatur.
3093 5398 3111 5429 ι

1790 5479 1846 5533 Si
1881 5488 2097 5550 tempus
2126 5496 2343 5550 semper
2366 5481 2419 5534 in
2450 5496 2515 5534 eo
2545 5478 2690 5549 quod
2711 5483 3018 5547 generetur,
3051 5488 3171 5529 esse
3198 5475 3289 5526 ha-

1718 5574 1839 5639 bet;
1875 5574 2021 5643 quod
2063 5582 2245 5629 autem
2276 5581 2585 5644 generatur,
2617 5581 2907 5639 antequam
2941 5574 3296 5638 generaretur

1713 5711 2013 5781 quentibus
2044 5711 2200 5781 locis.

1780 5781 1890 5849 (86)
1935 5784 2062 5834 Ἔτι
2129 5780 2279 5833 [lane
2308 5794 2494 5832 vocem
2517 5792 2580 5830 ex
2610 5776 2901 5832 Aristotele
2948 5773 3289 5841 desumpta“:

1708 5852 1944 5908 restituit
1971 5850 2315 5921 Sylburgius.
