3662 6498
95 382 251 440 issi
730 373 1179 434 conrnune
1214 365 1657 441 ouonunmu
1693 360 2170 418 ARISTOTELIS
2202 362 2609 421 poenarum.
3191 366 3331 423 1522

87 498 204 552 ἐστὶ
230 496 295 557 τὸ
321 482 568 566 ἄίπειρον,
587 494 665 566 τῷ
686 494 784 547 ’ἀεὶ
811 492 953 549 τᾶλλο
986 490 1082 547 καὶ
1112 489 1238 546 ἄλλο
1263 483 1619 560 λαμϐάνεσθαι

1813 475 1920 530 ibet
1950 484 2104 531 actus
2134 484 2187 532 et
2217 476 2480 547 potentia.
2512 476 2715 533 Eodem
2753 494 2976 548 prorsus
3012 479 3171 534 modo
3199 482 3325 537 inﬁ-

89 591 179 643 καὶ
203 589 266 642 τὸ
290 587 698 658 λαμϐανόμενον
723 587 820 657 μὲν
847 583 964 656 (90)
1009 583 1098 638 ἀεὶ
1141 580 1550 652 πεπερασμένον
1582 574 1619 630 εἲ

1819 572 1932 620 tum
1964 574 2069 628 est,
2105 582 2171 621 eo
2191 566 2337 636 quod
2366 566 2519 631 aliud
2544 582 2760 637 semper
2792 575 2952 638 atque
2972 569 3117 623 aliud
3143 586 3331 627 suma-

87 699 191 744 vat,
221 680 335 735 ἀλλ’
369 679 457 733 ἀεὶ
484 677 670 749 ἕτερον
697 680 790 732 καὶ
816 679 1020 750 ἕτερον.
1048 697 1069 730 ο

1818 676 1863 724 r,
1902 667 1956 714 et
1984 659 2130 730 quod
2160 660 2399 714 sumitur
2425 674 2641 730 semper
2682 659 2893 714 ﬁnitum
2923 668 3029 727 est,
3058 662 3155 718 sed
3180 664 3327 718 aliud

1758 763 1975 817 semper
2000 759 2165 817 atque
2191 748 2361 803 aliud.
2390 768 2409 801 ι

153 840 216 891 Et
258 838 380 891 κατ’
412 837 690 909 ἐνέργειαν
739 839 841 894 οὐκ
878 838 994 892 ἔστι
1032 855 1085 892 τι
1125 837 1373 910 ἄπειρον,
1413 834 1619 905 δηλονόπ

1826 838 1885 892 Si
1917 840 2052 893 nihil
2084 847 2208 893 actu
2243 839 2539 904 inﬁnitum,
2589 839 2846 894 nimirum
2886 839 3153 913 quidquid
3201 851 3326 896 actu

86 932 190 984 πᾶν
223 931 283 983 τὸ
312 930 564 1003 ἐνεργείᾳ
601 929 662 984 ὃν
696 932 783 985 ἀεὶ
828 932 1239 1003 πεπερασμένον
1286 930 1401 982 ent
1435 946 1448 960 ·
1486 946 1619 982 πεπε

1818 939 1856 992 ι,
1882 944 2095 1001 semper
2126 930 2335 985 ﬁnitum
2358 940 2483 997 est;
2517 930 2730 985 ﬁnitum
2752 948 2880 987 vero
2910 948 3033 986 cum
3054 934 3145 997 sit,
3176 933 3328 1004 prin-

88 1026 351 1094 ρασμένον
384 1024 442 1078 δὲ
486 1024 565 1089 ὃν,
601 1022 661 1090 ὲιξ
693 1024 936 1095 ἀνάγκης
983 1024 1156 1097 ἀρχὴν
1200 1023 1349 1093 ἔχει’
1383 1022 1555 1093 ἀρχὴν
1595 1021 1619 1073 δ

1813 1022 1953 1091 pium
1986 1021 2180 1076 habeat
2204 1036 2430 1077 necesse
2458 1029 2563 1077 est.
2604 1020 2777 1077 Porro
2827 1038 2951 1077 cum
2996 1023 3324 1095 principium

84 1114 220 1183 ἕχον,
267 1114 327 1179 ἐξ
360 1115 605 1185 ἀνάγκης
651 1115 767 1168 ἐστὶ
800 1114 1024 1186 γενητόν
1100 1116 1323 1183 γενητὸν
1369 1111 1425 1166 δὲ
1458 1115 1536 1175 ὃν,
1583 1107 1618 1183 ἦ

1813 1114 1981 1176 ιὺεοι,
2032 1114 2349 1167 necessario
2390 1114 2632 1184 genitum
2682 1122 2804 1182 est;
2851 1115 3093 1185 genitum
3142 1124 3323 1171 autem

83 1205 185 1275 ἄρα
238 1206 369 1258 ποτὲ
414 1207 504 1260 ὅτε
551 1207 651 1260 οὐκ
692 1202 780 1276 ἦν.
834 1206 1004 1261 Τοῦτο
1048 1206 1139 1258 ἐπὶ
1178 1202 1375 1269 παντὸς
1422 1202 1616 1273 ἀπείρο

1813 1220 1874 1256 im
1910 1205 2001 1266 sit,
2037 1204 2137 1259 fuit
2165 1204 2459 1276 aliquando
2485 1222 2609 1259 cum
2633 1221 2743 1261 non
2765 1219 2927 1263 esset.
2950 1207 3065 1264 Hoc
3096 1210 3149 1264 in
3176 1211 3328 1265 omni

83 1297 367 1367 προσθέσει
399 1315 457 1351 τε
493 1298 583 1351 καὶ⁵
621 1298 931 1370 ἀφαιρέσει,
966 1296 1192 1367 δυνάμει
1224 1312 1284 1349 τε
1322 1294 1418 1349 καὶ
1449 1293 1619 1366 διαιρέ

1815 1296 2093 1363 tinﬁnito,
2124 1296 2237 1351 sive
2282 1298 2599 1352 accessione
2633 1307 2687 1352 et
2717 1298 3056 1365 decessione,
3093 1301 3207 1355 sive
3238 1318 3326 1371 pn-

82 1409 158 1445 σει
182 1391 499 1462 λεγομένου.

1813 1390 1920 1444 ntia
1955 1398 2007 1445 et
2036 1389 2305 1445 divisione
2331 1389 2570 1446 dicatur.

440 1480 531 1535 21.
580 1481 672 1533 Ἐκ
718 1480 821 1533 τοῦ
858 1479 1044 1534 αὑτοῦ
1073 1480 1276 1549 λόγου.

1846 1481 1936 1537 21.
1970 1482 2052 1538 Ex
2082 1484 2257 1541 eodem
2291 1483 2446 1551 libra,
2477 1485 2550 1540 cl'.
2585 1486 2677 1542 lib.
2712 1502 2789 1549 ιιι,
2824 1498 2873 1538 c.
2900 1482 2953 1545 6,
2986 1499 3037 1553 p.
3068 1480 3191 1537 207.

146 1591 166 1622 ε
213 1571 336 1625 Οὐδ’
368 1571 425 1625 εἴ
456 1588 505 1625 τι
550 1571 654 1636 ἔξω
686 1573 822 1634 ἐστὶ,
857 1571 1016 1625 τοῦτο
1047 1571 1273 1643 ἀπειρόν
1306 1571 1454 1621 ἐστιν
1474 1585 1486 1598 ο
1514 1566 1619 1621 ἀλλ

1828 1591 1847 1623 ι
1883 1570 2070 1641 Neque
2113 1573 2159 1629 si
2203 1573 2332 1645 quid
2366 1583 2519 1628 extra
2563 1581 2666 1639 est,
2699 1571 2750 1626 id
2780 1571 3048 1626 inﬁnitum
3080 1578 3182 1626 est.
3217 1566 3322 1623 Sed

76 1665 133 1716 τὸ
162 1664 450 1734 δεχόμενον
475 1664 536 1717 τὸ
567 1663 765 1728 ἔξωθεν
793 1664 973 1733 μεῖζον
998 1663 1205 1731 γίνεται
1239 1656 1301 1716 οὗ
1333 1655 1401 1732 ἧν
1430 1660 1533 1730 πρὸ
1553 1676 1619 1711 το

1813 1661 1897 1716 Iod
1944 1663 2137 1733 recipit
2183 1662 2237 1718 id
2282 1665 2427 1735 quod
2471 1665 2818 1719 extrinsecus
2851 1665 3017 1726 venit,
3056 1663 3234 1733 majus
3264 1663 3323 1717 ﬁt

74 1755 325 1820 δέξασθαι
352 1756 415 1810 τὸ
458 1755 674 1820 ἔξωθεν.
704 1756 777 1808 Τὸ
809 1755 865 1808 δὲ
891 1758 959 1826 τῇ
1002 1754 1287 1827 προσθήκῃ
1319 1752 1414 1806 τοῦ
1449 1751 1619 1819 ἔξωθε

1813 1770 1912 1808 iam
1952 1765 2243 1825 antequam
2287 1756 2420 1810 illud
2462 1757 2809 1811 extrinsecus
2850 1756 3133 1825 reciperet.
3166 1754 3322 1821 Quod

79 1817 254 1916 μείζον
281 1849 478 1902 ἑαυτοῦ
500 1817 848 1920 γιγνόμενον,
871 1817 959 1901 ἀεῖ
980 1817 1390 1919 πεσιερασμῖένον
1422 1817 1587 1901 ἐστίν.

1813 1856 1928 1900 item
1981 1848 2298 1903 accessione
2346 1850 2533 1911 illius,
2568 1848 2715 1918 quod
2766 1848 3110 1904 extrinsecus
3153 1849 3320 1911 venit,

1749 1939 1927 2007 majus
1954 1940 2134 2009 seipse
2170 1940 2244 2006 ﬁt,
2279 1956 2494 2011 semper
2525 1941 2734 1995 ﬁnitum
2768 1948 2869 1996 est.
2920 1958 2938 1991 ι

139 2026 197 2078 Ei
248 2023 313 2077 τδ
361 2023 586 2095 ἄπειρον
633 2025 720 2078 ἀεὶ
764 2026 821 2078 ἐν
866 2026 1151 2099 προσθήκῃ
1198 2028 1293 2097 καὶ
1337 2026 1619 2098 ἀφαιρέσει

1818 2030 1877 2102 Si
1909 2032 2180 2087 inﬁnitum
2211 2042 2426 2106 semper
2449 2035 2504 2089 in
2541 2035 2859 2089 accessione
2893 2042 2946 2089 et
2970 2033 3321 2099 decessione;

73 2114 151 2173 ἀεὶ
183 2117 294 2186 ἀρα
316 2118 374 2169 ἒν
406 2117 617 2185 γενέσει
649 2117 836 2188 (91)τὸ
852 2116 1097 2190 ἄπειρον.
1135 2117 1258 2182 Πῶς
1288 2114 1380 2172 οὖν
1412 2118 1619 2190 άναρχοπ

1813 2140 1958 2194 ntper
1990 2141 2119 2195 ergo
2166 2137 2459 2196 generatur
2510 2126 2803 2181 inﬁnitum.
2837 2125 3121 2191 Quomodo
3159 2126 3324 2197 igitur

73 2208 126 2261 τὸ
155 2208 243 2260 ἀεὶ
289 2210 348 2261 ὲν
373 2208 454 2278 τῷ
505 2209 748 2277 γίνεσθαι
788 2210 852 2263 τὺ
893 2206 1030 2265 εἶναι
1063 2210 1214 2282 ἔχον;
1252 2209 1483 2282 Γενητδν
1536 2210 1619 2281 γάι

1814 2216 2012 2288 incipio
2078 2226 2250 2280 caret,
2302 2218 2449 2288 quod
2502 2233 2718 2286 semper
2771 2218 2823 2271 in
2875 2233 2940 2272 eo
2991 2233 3112 2275 esse
3159 2218 3324 2271 habet

72 2303 300 2375 ἄναρχον
332 2303 436 2357 οὐκ
470 2304 637 2357 ἔστιν.

1813 2310 1887 2363 .od
1920 2309 2216 2380 gignatur?
2239 2308 2494 2364 Genitum
2521 2310 2664 2362 enim
2701 2310 2971 2379 principio
3010 2323 3117 2362 non
3149 2319 3319 2364 caret.

430 2392 517 2449 9.9..
572 2395 666 2447 Ἐκ
702 2394 807 2448 τοῦ
847 2393 1032 2448 αὐτοῦ
1068 2396 1275 2464 λόγου.

1949 2403 2042 2458 22.
2070 2403 2152 2458 Ea:
2180 2403 2360 2460 eodem
2386 2405 2541 2469 libro,
2565 2405 2719 2469 ibid...
2750 2419 2797 2459 c.
2826 2404 2877 2458 7.
2904 2419 2957 2460 0.
2992 2401 3119 2455 207.

138 2501 156 2532 ι
204 2484 457 2555 Ἀπειροι
486 2486 541 2538 αἱ
574 2485 873 2556 διχοτομίαι
906 2486 999 2539 τοῦ
1048 2486 1339 2557 μεγέθουςο
1378 2485 1518 2540 ὥστε
1547 2486 1641 2541 δυ-

72 2572 220 2641 νάμει
257 2574 358 2643 μὲν
394 2574 559 2639 ἐστιν,
592 2576 839 2648 ἐνεργείᾳ
871 2576 927 2629 δὲ
962 2576 1022 2628 οὗ
1048 2594 1061 2606 ·
1102 2577 1218 2629 ἀλλ’
1251 2577 1338 2631 ἀεὶ
1373 2575 1644 2648 ὑπερϐάλ-

72 2661 142 2717 λει
180 2665 243 2717 τὸ
290 2664 703 2738 λαμϐανόμενον
762 2669 959 2731 παντὸς
996 2668 1305 2741 ὡρισμένου
1361 2668 1597 2741 πλήθους
1624 2685 1637 2698 ·

74 2756 177 2807 ἀλλ’
205 2757 307 2826 οὐχ
329 2757 546 2828 ὁριστὸς
567 2754 719 2825 οὗτος
753 2760 780 2811 ὁ
814 2759 1064 2831 ἀριθμὸς,
1091 2760 1209 2813 οὐδὲ
1247 2759 1395 2830 μένει
1422 2762 1457 2831 ή
1488 2760 1644 2813 ἀπει-

74 2849 176 2919 pia,
210 2849 352 2902 ἀλλά
392 2850 621 2918 γίνεται,
664 2850 853 2923 ὥσπερ
891 2854 983 2906 καὶ
1029 2853 1058 2904 6
1095 2853 1305 2924 χρόνος,
1340 2852 1432 2907 καὶ
1461 2855 1491 2906 6
1524 2853 1644 2923 ἀρι-

72 2942 194 3011 θμὸς
225 2943 322 2996 τοῦ
349 2944 566 3015 χρόνον.
614 2962 633 2995 ι

132 3034 191 3086 El
225 3035 292 3088 οὐ
325 3036 532 3107 μένειή
568 3035 810 3107 ἀπειρία,
846 3035 982 3090 ἀλλά
1014 3036 1221 3103 γίνεται
1256 3034 1445 3106 ὥσπερ
1479 3035 1571 3087 καὶ
1610 3035 1641 3087 6

1820 2504 1839 2539 ι
1881 2486 2107 2543 Inﬁnita:
2159 2488 2459 2542 divisiones
2494 2485 2929 2557 magnitudinis:
2989 2499 3162 2554 quare
3222 2498 3323 2554 po-

1744 2590 1942 2637 testate
2005 2582 2222 2652 quidem
2286 2590 2375 2637 eSt
2430 2580 2725 2642 inﬁnitum,
2762 2587 2893 2634 actu.
2945 2594 3076 2633 vero
3111 2593 3321 2648 nequa—

1744 2690 1929 2745 quam.
1963 2671 2070 2729 Sed
2105 2690 2322 2745 semper
2360 2674 2409 2728 id
2447 2673 2591 2744 quod
2630 2672 2929 2727 assumitur
2962 2670 3169 2725 ﬁnitam
3203 2686 3321 2725 om-

1744 2784 1865 2824 nem
1901 2766 2307 2822 multitudinem
2342 2766 2576 2821 excedit.
2609 2766 2677 2819 At
2715 2765 2857 2821 ﬁniri
2881 2778 2990 2817 non
3025 2769 3205 2833 potest
3229 2762 3322 2817 ille

1743 2877 2038 2927 numerus;
2074 2876 2173 2915 nec
2208 2869 2391 2915 manet
2425 2860 2689 2922 inﬁnitas,
2725 2858 2819 2912 sed
2853 2859 2932 2921 ﬁt,
2967 2854 3321 2927 quemadmo-

1742 2956 1870 3010 dum
1906 2964 1961 3011 et
1995 2963 2212 3025 tempus
2243 2961 2299 3007 et
2331 2968 2595 3008 numerus
2624 2952 2915 3022 temporis.
2952 2969 2970 3001 ι

1820 3049 1878 3104 Si
1917 3067 2027 3104 non
2062 3056 2246 3103 manet
2280 3047 2544 3113 inlinitas,
2581 3044 2675 3101 sed
2730 3036 2809 3107 ﬁt,
2862 3040 3321 3113 quemadmodum

72 3126 271 3195 χρόνος.
309 3128 405 3179 καὶ
438 3129 466 3180 6
499 3126 726 3197 ἀριθμὸς
755 3126 847 3179 τοῦ
894 3127 1107 3199 χρόνον,
1143 3126 1291 3179 οὐδὲν
1325 3126 1433 3198 ἄρα
1477 3126 1619 3180 ἀπει-

1843 3152 2059 3212 tempus
2092 3149 2145 3196 et
2195 3155 2457 3196 numerus
2495 3138 2790 3208 temporis;
2827 3138 3037 3191 nullum
3074 3148 3204 3205 ergo
3236 3134 3321 3188 in-

74 3231 153 3283 ,ςον
175 3216 464 3287 ἀγένητον.
492 3218 553 3269 Εί
578 3217 634 3271 δὲ
659 3219 763 3271 πᾶν
786 3218 1011 3289 ἄπειρον
1036 3218 1281 3289 γενητὸν,
1302 3216 1504 3289 γενητὰ
1532 3218 1638 3288 ἄρα

73 3308 154 3358 xz‘t
189 3305 262 3359 τά
294 3306 431 3360 ἄλλα
466 3308 641 3360 πάντα
674 3308 732 3359 ὲν
762 3302 842 3371 οἷς
877 3307 1091 3375 λέγεται
1125 3303 1264 3361 εἶναι
1295 3307 1356 3360 τὸ
1388 3307 1635 3379 ἄπειρον.

74 3396 126 3447 Ei
154 3401 211 3448 τὸ
248 3398 550 3468 συμϐαῖνον
592 3398 671 3472 τῷ
702 3399 913 3470 ἀπείρῳ
955 3399 1014 3466 ἐξ
1063 3400 1307 3471 ἀνάγκης
1356 3400 1638 3471 συμϐαίνει

74 3486 333 3550 κάκείνοις
367 3490 425 3541 ὲν
459 3484 540 3553 οἷς
585 3490 732 3543 ἐστιν
770 3492 802 3562 ή
852 3491 1073 3562 ἀπειρία
1096 3507 1110 3521 ’
1150 3491 1436 3562 συμϐαίνει
1467 3491 1523 3545 δὲ
1562 3492 1639 3563 τῷ

73 3578 273 3649 ἀπείρῳ
303 3579 370 3632 τὸ
399 3580 650 3649 γενέσθαι
684 3582 776 3633 καὶ
807 3582 867 3634 τὸ
902 3577 1038 3635 εἶναι
1074 3583 1345 3653 ἠργμένον
1365 3599 1377 3612 ⁶
1415 3583 1638 3652 γενητὸς

72 3670 164 3740 ἄρα
187 3674 215 3724 6
239 3671 434 3744 χρόνος
459 3673 553 3726 καὶ⁸
573 3673 846 3744 ἠργμένος
867 3690 879 3703 ·
916 3672 1175 3737 ὡσαύτως
1206 3673 1261 3727 δὲ
1294 3678 1387 3728 καὶ
1418 3678 1450 3747 η
1486 3673 1639 3746 κίνη-

74 3778 162 3825 σις,
188 3759 260 3836 ἦς
296 3766 325 3817 6
356 3764 549 3835 χρόνος
576 3766 725 3818 ἐστὶν
754 3765 1006 3837 ἀριθμός.

70 3942 261 3998 ἓῦ.Ὲκ
309 3945 418 3999 τοῦ
462 3944 744 4014 τετάρτου
780 3948 966 4069 λῗνου
1003 3945 1111 4014 τῆς
1149 3946 1336 4015 αὐτῆς
1369 3962 1634 4016 πραγμα-

756 4034 819 4069 τε
845 4034 936 4069 ac.

756 4034 936 4082 τείας.

135 4125 153 4157 ι
196 4107 271 4159 Τὸ
301 4105 414 4177 γάρ
448 4105 524 4177 μὴ
558 4107 617 4159 ὃν
648 4107 883 4179 οὐδαμοῦ
904 4102 1060 4160 εἶναι.
1113 4126 1131 4159 ι

132 4195 251 4262 Πῶς
284 4193 379 4251 οὖν
405 4196 516 4267 (9‘2)
544 4198 575 4267 ή
614 4196 735 4267 ὕλη,
775 4198 941 4269 μηδὲν
967 4194 1121 4263 οὖσα,
1153 4200 1290 4271 μήτε
1318 4198 1474 4253 οὐσία
1501 4199 1638 4271 μήτε

69 4287 137 4351 ἰν,
175 4290 311 4360 μήτε
337 4288 458 4342 τόδε
490 4305 542 4340 τι
570 4304 583 4351 ;

411 4379 501 4433 24.
556 4381 652 4432 Ἐκ
686 4379 791 4433 τοῦ
820 4379 1005 4433 αὑτοῦ
1041 4380 1246 4449 λόγου.

136 4491 153 4522 ι
198 4472 380 4538 Adicis
422 4470 536 4543 (95)
590 4470 633 4523 δ’
681 4472 746 4524 ἂν
793 4474 887 4529 καὶ
934 4471 1173 4536 Ἠσίοδος
1216 4472 1389 4544 ὀρθῶς
1436 4473 1633 4542 λέγειν,

71 4567 290 4635 ποιήσας
325 4564 555 4636 πρῶτον,
576 4563 638 4615 τὸ
666 4564 824 4633 χάος·
854 4563 1001 4632 λέγει
1034 4564 1165 4633 γοῦν
1183 4578 1199 4595 ⁵

70 4654 304 4709 Πάντων
331 4656 450 4724 μὲν
474 4652 776 4722 πρώτιστα
806 4654 959 4721 Χάος
991 4655 1199 4725 γένετ’,
1222 4654 1409 4723 αὐτὰρ
1433 4656 1636 4708 ἔπειτα

132 4726 255 4778 Γαῖ’
287 4728 712 4795 εὐρύστερνος.

80 4836 155 4898 Ὠς
189 4838 308 4892 δέον
349 4838 569 4910 πρῶτον
604 4838 841 4911 ὑπάρξαι
884 4838 1069 4911 χώραν
1113 4843 1225 4903 τοῖς
1265 4835 1403 4903 οὖσι,
1443 4839 1531 4892 διὰ
1573 4840 1635 4893 τὸ

79 4928 320 4998 κομίζειν,
365 4930 556 5001 ὥσπερ
589 4930 637 4982 οἱ
674 4930 880 4995 πολλοὶ,
917 4932 1093 4984 πάντα
1126 4927 1264 4984 εἷναί
1301 4949 1402 4985 που
1452 4932 1546 4984 καὶ
1578 4934 1634 4984 ἐν

68 5020 223 5093 τόπῳ.
253 5023 316 5076 Εἰ
350 5022 409 5077 δέ
442 5025 558 5077 ἐστι
590 5023 828 5077 τοιοῦτον
864 5024 995 5092 (94),
1025 5024 1307 5095 θαυμαστή
1341 5041 1423 5087 τις
1459 5024 1523 5076 ἂν
1548 5022 1632 5093 εἴη

69 5115 97 5183 ή
134 5116 223 5168 τοῦ
260 5116 428 5169 τόπον
461 5116 709 5187 δύναμις,
746 5117 841 5171 καὶ
874 5117 1116 5189 προτέρα
1148 5117 1383 5170 πάντων.
1420 5111 1494 5171 Ob
1525 5116 1634 5187 γὰρ

69 5206 183 5259 ἄνευ
203 5208 312 5262 τῶν
336 5209 512 5263 ἄλλων
537 5209 688 5267 οὐδέν
714 5210 881 5273 ἐστιν,
902 5211 1077 5262 ἐκεῖνο
1098 5208 1205 5261 τῶν
1227 5208 1399 5264 ἄλλων
1420 5209 1631 5280 ἀνάγκη

71 5300 272 5368 πρῶτον
305 5297 465 5355 εἶναι.
516 5320 537 5357 ι

133 5499 239 5573 (90)
279 5503 741 5572 Λαμϐανόμενον
761 5504 892 5573 μέν.
942 5502 1145 5559 Vocula
1201 5504 1381 5558 addita
1434 5519 1462 5556 a
1512 5501 1632 5574 Syl-

73 5568 257 5639 burgio
280 5591 344 5627 ex
364 5568 499 5628 edit.
536 5568 869 5631 Aristotelis.

137 5643 242 5715 (ﬁt)
279 5645 543 5697 Γενὲσει.
571 5645 645 5697 Ita
668 5644 801 5715 Reg.
832 5646 856 5698 l
890 5645 1033 5699 haud
1066 5644 1235 5713 paulo
1252 5644 1445 5698 melius
1467 5660 1629 5712 quam

72 5711 191 5787 editi
224 5715 525 5787 προσθήκῃ.
552 5711 816 5787 Caeterum
842 5711 1078 5787 monebe
1097 5716 1149 5767 in
1183 5715 1283 5769 hoc
1310 5725 1357 5767 et
1381 5711 1629 5787 sequenti

76 5781 370 5840 Aristotelis
406 5781 526 5841 loco
560 5802 669 5840 non
699 5785 885 5851 verba,
920 5786 1014 5841 sed
1048 5801 1270 5841 sensum
1312 5785 1521 5840 referri.

1668 4522 1718 4576 ll

1743 3234 1955 3289 ﬁnitum
2008 3234 2152 3305 quod
2194 3234 2466 3304 principio
2514 3240 2721 3287 careat.
2760 3230 2917 3298 Quod
2966 3230 3012 3285 si
3050 3228 3318 3305 inﬁnitum

1742 3341 1905 3381 omne
1936 3327 2181 3397 genitum
2215 3334 2343 3392 est;
2396 3325 2578 3395 genita
2613 3338 2743 3394 ergo
2776 3330 2829 3378 ct
2863 3322 2969 3376 alia
3021 3321 3226 3384 omnia,
3264 3321 3322 3376 in

1741 3421 1941 3491 quibus
1991 3420 2193 3475 dicitur
2223 3434 2345 3474 esse
2380 3419 2677 3472 inﬁnitum.
2716 3416 2773 3471 Si
2808 3416 2954 3487 quod
2986 3415 3185 3469 accidit
3236 3415 3323 3469 in~

1742 3513 1917 3577 ﬁnito,
1955 3513 2008 3567 id
2042 3527 2267 3567 necesse
2293 3519 2376 3565 est
2404 3520 2459 3565 et
2491 3511 2559 3564 iis
2588 3509 2854 3572 accidere,
2900 3508 2955 3561 in
3003 3507 3203 3576 quibus
3235 3515 3321 3559 est

1743 3605 2006 3669 inﬁnitas;
2039 3605 2237 3659 accidit
2294 3611 2476 3658 autem
2550 3602 2784 3663 inﬁnito,
2839 3609 2900 3655 ut
2952 3607 3319 3670 genereturet

1743 3698 2056 3751 inchoatum
2132 3698 2254 3762 sit;
2331 3696 2574 3765 genitum
2655 3709 2786 3763 ergo
2846 3702 3057 3760 tempus
3115 3699 3169 3746 et
3234 3692 3314 3745 in-

1740 3800 2019 3856 cnoatuiu,
2056 3789 2306 3843 similiter
2337 3796 2391 3841 et
2423 3795 2627 3851 motus,
2664 3786 2822 3855 cujus
2855 3795 3069 3854 tempus
3092 3795 3175 3839 est
3210 3800 3314 3837 nu-

1742 3895 1945 3933 merus.
2007 3947 2100 4001 23.
2133 3946 2217 4001 Ea:
2256 3946 2388 4001 libro
2418 3956 2609 4015 quarto
2639 3946 2874 4015 ejusdem
2910 3946 3102 4015 operis.

2226 4016 2320 4069 ιιι).
2357 4030 2431 4078 tv,
2457 4029 2510 4068 c.
2546 4014 2598 4079 1,
2630 4013 2684 4084 ρ.
2713 4013 2841 4069 208.

1816 4126 1837 4157 ι
1867 4105 2022 4172 Quod
2055 4105 2203 4160 enim
2236 4117 2344 4157 non
2377 4112 2481 4166 est,
2515 4116 2790 4171 nusquam
2823 4108 2927 4155 est.

1812 4199 1913 4255 Ubi
1944 4215 2073 4269 ergo
2096 4196 2344 4259 materia,
2380 4211 2502 4264 qua:
2529 4194 2668 4248 nihil
2700 4203 2805 4255 est,
2843 4208 3031 4261 neque
3054 4192 3313 4246 substan-

1742 4304 1839 4357 tia,
1875 4308 2048 4362 neque
2080 4306 2209 4354 ens,
2240 4304 2416 4358 neque
2449 4295 2661 4342 certum
2696 4284 2861 4353 quid?

1882 4388 2043 4460 564
2070 4388 2160 4442 ει.
2199 4389 2283 4439 κω
2309 4382 2485 4437 eodem
2514 4379 2673 4442 libro,
2702 4371 2857 4435 ibid,
2892 4381 2946 4436 ι).
2976 4363 3082 4418 ΞΟΒ
3104 4378 3189 4424 sq.

1816 4459 2043 4529 Videtur
2075 4487 2208 4528 sane
2231 4481 2288 4526 et
2319 4468 2588 4525 Hesiodus
2619 4474 2765 4522 recte
2798 4466 3003 4529 dicere,
3039 4476 3165 4515 cum
3202 4459 3312 4529 pri-

1741 4584 1888 4621 mum
1925 4566 2097 4621 chaos
2122 4578 2245 4619 esse
2278 4562 2489 4617 statuit.
2527 4562 2617 4614 Ait
2654 4560 2851 4630 igitur:

1738 4660 1992 4713 Omnium
2004 4656 2210 4728 quidem
2223 4656 2448 4724 primum
2467 4654 2668 4720 {actum
2683 4660 2759 4705 est
2777 4648 2952 4707 Chaos
2967 4665 2985 4702 .'
3000 4644 3186 4700 demde
3198 4660 3314 4699 vero

1812 4731 1974 4783 Terra
2008 4730 2111 4781 late
2148 4736 2351 4797 patens.

1807 4846 2019 4914 Quippe
2053 4858 2175 4898 eum
2212 4857 2311 4913 par
2344 4840 2437 4905 sit,
2470 4850 2531 4895 ut
2564 4840 2803 4910 primum
2834 4839 2991 4892 locus
3035 4833 3180 4888 adsit
3228 4833 3315 4885 bis

1734 4950 1856 5007 tmte
1889 4944 2035 4991 sunt.
2074 4934 2435 4991 Existimabat
2468 4934 2643 4997 enim,
2661 4942 2720 4986 ut
2760 4930 2937 4997 inulti,
2972 4929 3157 4983 omnia
3191 4943 3314 4981 esse

1736 5029 1936 5084 alicubi
1970 5036 2025 5083 et
2069 5029 2122 5083 in
2159 5030 2297 5083 loco.
2347 5027 2505 5094 Quod
2554 5028 2601 5082 si
2637 5026 2709 5081 ita
2744 5034 2851 5088 est,
2890 5023 3159 5079 mirabilis
3183 5035 3314 5077 sane

1736 5123 1900 5178 fuerit
1930 5123 2035 5177 loci
2068 5122 2247 5177 virtus
2275 5130 2341 5179 et.
2361 5122 2605 5176 omnium
2640 5120 2836 5191 prima.
2865 5118 2996 5172 Sine
3022 5132 3133 5186 quo
3165 5114 3310 5168 enim

1736 5216 1872 5270 nihil
1912 5224 2000 5271 est
2038 5232 2104 5269 ex
2137 5216 2263 5271 aliis
2308 5215 2496 5279 rebus,
2533 5214 2585 5268 id
2634 5213 2787 5283 prius
2820 5226 2943 5267 esse
2990 5209 3112 5263 aliis
3146 5206 3310 5261 rebus

1735 5322 1963 5364 necesse
1993 5316 2095 5363 est.
2140 5328 2158 5360 ι

1806 5509 1919 5590 (9ξ)
1953 5507 2083 5574 Πῶς
2116 5504 2249 5565 οὖν.
2286 5506 2394 5560 Pro
2425 5502 2528 5556 ποῦ
2561 5499 2674 5563 οὖν,
2722 5508 2779 5554 ιιι
2827 5494 3136 5552 observavit
3186 5491 3308 5562 Syl-

1734 5581 1982 5649 burgius.

1808 5651 1921 5717 (95)
1957 5650 2171 5721 Δόξείε.
2225 5645 2357 5721 Reg.
2396 5645 2418 5697 ί
2482 5641 2624 5721 δόξῃ-

1807 5715 1920 5794 (9b)
1961 5720 2253 5775 Τοιοῦτον.
2289 5715 2433 5770 Idem
2466 5715 2691 5765 τοιοῦτο.
