3662 6478
71 374 198 426 i323

731 364 1170 422 CONFUTATIO
1202 365 1646 433 QUORUMDAMP
1676 363 2134 418 ARISTOTELIS
2175 361 2589 418 DOGMATUM.

3162 361 3182 411 l
3195 356 3297 412 3‘26

68 483 331 554 ἀναιρέσει
357 483 452 538 τοῦ
475 485 702 557 Θατέρου
735 485 1010 540 ἀκολουθεῖ
1035 490 1066 557 ἡ
1091 485 1184 538 τοῦ
1212 486 1459 558 δευτέρου
1486 486 1635 540 ἀναί-

1807 483 1917 536 velli
1966 499 2078 537 non
2133 489 2381 551 possunt,
2429 490 2483 535 et
2532 480 2745 536 sublato
2787 479 3045 533 alterutro
3090 478 3296 530 tollitur

71 594 223 646 ρεσις.
255 575 318 629 Εἰ
371 577 473 630 οὐκ
528 578 672 631 ἔστιν
699 580 726 632 6
772 579 994 650 οὐρανὸς
1047 581 1104 631 ἐν
1143 579 1290 650 τόπῳ
1336 580 1454 632 καθ’
1482 579 1632 642 αὐτὸ,

69 669 191 733 πῶς,
242 668 509 740 κυκλικὴν
547 669 718 741 φορὰν
759 670 1072 742 φερόμενος,
1121 671 1227 723 τῶν
1261 672 1438 742 μερῶν
1469 672 1632 725 αὑτοῦ

67 760 125 812 τὰ
153 761 246 830 μὲν
279 761 392 814 ἄνω
424 763 634 830 γίνεται
665 762 831 825 κάτω,
862 763 929 815 τὰ
972 762 1028 816 δὲ
1059 763 1206 816 κάτω
1235 765 1438 833 γίνεται
1483 766 1632 829 dvo);

70 853 202 904 Ἃνω
248 853 305 906 δὲ
362 855 460 906 καὶ
516 855 666 908 κάτω
717 853 790 906 ὢν
835 859 947 918 τοῖς
999 855 1191 908 ἑαυτοῦ
1252 857 1460 928 μέρεσι,
1518 858 1634 921 πῶς

66 944 155 995 οὐκ
199 943 315 996 ἔστι
358 943 554 1013 ψευδὲς
596 946 657 999 τὸ
699 946 873 1014 λέγειν
915 947 1003 999 τὸν
1041 947 1263 1018 οὐρανὸν
1313 950 1385 1020 μὴ
1413 945 1549 1002 εἶναι
1576 950 1636 1003 ἐν

65 1035 206 1106 τόπῳ
228 1052 253 1102 ί,

446 1129 536 1183 29.
584 1131 680 1183 Ἐκ
706 1130 811 1185 τοῦ
836 1132 1020 1186 αὑτοῦ
1042 1133 1248 1201 λόγου.

130 1239 148 1270 ι
183 1220 434 1291 Στιγμῆς
455 1223 556 1275 οὐκ
586 1221 729 1275 ἔστιν
756 1225 783 1276 6
811 1223 992 1286 τόπος.
1033 1243 1051 1274 ι

125 1313 333 1366 Οὐκοῦν
362 1316 466 1367 οὐκ
497 1314 610 1368 ἐστι
640 1317 740 1369 ποὺ
767 1318 800 1386 ἡ
845 1317 1064 1386 στιγμὴ,
1113 1314 1302 1387 ὥσπερ
1331 1319 1424 1370 καὶ
1469 1318 1528 1370 τὸ
1559 1318 1634 1389 μὴ

65 1409 132 1458 ὗν.
172 1407 234 1458 Et
261 1407 318 1458 δὲ
346 1407 539 1476 ψευδὲς
565 1407 742 1469 τοῦτο,
772 1408 830 1461 ὃν
870 1410 978 1480 ἄρα
1018 1409 1165 1462 ἐστὶν
1194 1412 1226 1480 ἡ
1262 1410 1482 1481 στιγμὴ,
1543 1413 1634 1464 καὶ

67 1498 175 1552 πού.
195 1499 257 1550 Εἰ
286 1498 344 1552 δὲ
375 1501 503 1563 ποὺ,
522 1502 618 1554 καὶ
629 1502 791 1553 τόπον
817 1493 986 1571 αὐτῆς
1004 1497 1139 1555 εἶναι
1159 1501 1218 1566 ἐξ
1233 1503 1474 1574 ἀνάγκης
1500 1504 1629 1575 (97).

445 1681 534 1735 50.
582 1683 676 1733 Ἐκ
703 1682 806 1734 τοῦ
832 1683 1017 1737 αὐτοῦ
1043 1685 1246 1752 λόγου.

129 1793 145 1824 ι
181 1775 289 1826 Καὶ
319 1773 470 1826 ἐστιν
497 1776 524 1826 6
565 1773 727 1836 τόπος
767 1775 860 1827 καὶ
889 1775 1014 1837 ποὺ,
1044 1776 1141 1845 οὐχ
1171 1776 1246 1838 ὡς
1279 1779 1338 1828 έν
1379 1776 1528 1846 τόπῳ
1553 1776 1630 1838 δὲ,

1737 573 1965 626 alterum
1992 581 2407 642 consequenter.
2461 569 2518 624 Si
2553 570 2749 623 coelum
2782 585 2889 623 non
2916 578 2998 624 est
3043 584 3136 638 per
3162 584 3220 621 se
3241 570 3294 620 in

1736 663 1888 716 loco:
1927 663 2198 731 quomodo
2231 662 2360 716 dum
2395 661 2648 715 circitlari
2698 661 2878 730 agitur
2905 669 3074 722 motu,
3115 666 3297 728 partes

1735 755 1854 822 ejus
1903 755 2213 824 superiores
2254 755 2538 816 deorsum,
2570 761 2624 808 et
2659 753 2943 806 inferiores
2973 767 3189 806 sursum
3219 749 3299 802 fc-

1735 848 1966 900 runtur?
1992 847 2125 901 Cum
2163 856 2342 900 autem
2366 845 2612 914 partibus
2648 846 2763 899 suis
2792 860 3011 899 sursum
3053 852 3109 896 et
3139 842 3299 896 deor-

1733 954 1852 992 sum
1887 940 1978 1001 sit,
2011 939 2282 1008 quomodo
2322 955 2430 992 non
2477 938 2672 994 falsum
2703 944 2808 1000 est,
2846 937 2990 1006 quod
3019 937 3216 990 cuslum
3243 936 3295 989 in

1734 1031 1855 1086 loco
1885 1030 2085 1084 dicitur
2115 1046 2222 1085 non
2257 1031 2414 1086 esse?
2461 1058 2463 1060 -

1898 1125 1990 1180 29.
2021 1123 2102 1176 Ex
2122 1121 2300 1175 eodem
2328 1121 2484 1176 libro.
2505 1121 2600 1176 lib.
2634 1137 2706 1188 ιν,
2740 1138 2788 1178 c.
2818 1123 2870 1187 5,
2901 1139 2952 1193 p.
2980 1125 3106 1179 212.

1809 1231 1827 1263 ι
1867 1211 2064 1265 Puncti
2090 1213 2244 1272 locus
2267 1223 2384 1265 non
2411 1218 2512 1264 est.

1802 1303 1919 1358 Non
1953 1319 2080 1373 ergo
2120 1303 2319 1356 alicubi
2364 1311 2643 1372 punctum,
2680 1296 3132 1369 quemadmodum
3156 1300 3209 1347 ct
3242 1292 3297 1345 id

1735 1396 1879 1465 quod
1919 1411 2027 1448 non
2057 1403 2160 1449 est.
2192 1393 2296 1447 Sed
2332 1394 2375 1447 si
2404 1394 2455 1447 id
2486 1392 2703 1454 falsum,
2741 1404 2838 1445 ens
2873 1403 3002 1458 ergo
3035 1396 3118 1440 cst
3157 1400 3295 1454 pun-

1735 1494 1880 1539 ctmn
1910 1491 1962 1539 et
1993 1484 2206 1538 alicubi.
2231 1482 2384 1548 Quod
2423 1482 2467 1536 si
2495 1481 2727 1544 alicubi,
2764 1492 2988 1533 necesse
3013 1480 3098 1530 est
3127 1482 3181 1529 et
3209 1474 3292 1527 lo-

1735 1593 1857 1631 cum
1881 1576 1999 1646 ejus
2019 1591 2161 1630 esse.

2097 1667 2185 1721 ⁸50.
2221 1665 2306 1718 Ex
2333 1663 2510 1720 eodem
2548 1663 2700 1716 libro.
2725 1659 2853 1715 ibid.

1813 1776 1830 1806 ι
1863 1755 1928 1810 Ει
1960 1757 2112 1812 locus
2150 1765 2233 1811 est
2263 1763 2316 1812 et
2350 1755 2567 1814 alicubi,
2595 1770 2703 1809 non
2735 1767 2910 1807 tamen
2956 1747 3101 1806 utin
3151 1750 3292 1811 loci),

63 1866 161 1918 ἀλλ’
191 1866 267 1928 ὡς
295 1867 360 1918 τὸ
418 1867 593 1938 πέρας
634 1867 691 1920 ὲν
743 1867 821 1938 τῷ
859 1869 1274 1939 πεπερασμένῳ.
1321 1869 1394 1922 Οὐ
1439 1867 1546 1939 γὰρ
1573 1870 1632 1922 ὲν

1807 1846 1919 1899 lut
1941 1845 2061 1900 ﬁnis
2106 1847 2159 1900 in
2188 1846 2360 1900 ﬁnito.
2408 1845 2592 1914 Neque
2631 1845 2772 1898 enim
2809 1846 2861 1897 in
2902 1843 3020 1898 loco
3058 1849 3142 1896 est
3176 1857 3295 1902 ens,

63 1959 197 2029 τόπῳ
223 1959 285 2011 τὸ
313 1959 396 2020 ὃν,
431 1960 565 2013 ἀλλὰ
594 1960 652 2013 τὸ
672 1961 888 2031 κινητὸν
919 1962 1095 2032 σῶμα.
1137 1981 1155 2012 ›

123 2052 181 2102 Εἰ
211 2053 321 2104 πᾶν
341 2051 406 2104 τὸ
432 2053 492 2103 ὲν
520 2053 667 2122 τόπῳ
697 2052 796 2106 πού
827 2055 962 2117 ἐστι,
995 2056 1087 2107 καὶ
1113 2054 1172 2107 οὐ
1210 2057 1316 2108 πᾶν
1355 2056 1413 2106 τὸ
1442 2056 1543 2106 ποὺ
1573 2057 1630 2107 έν

63 2143 197 2213 τόπῳ
225 2144 368 2205 ἐστὶ,
413 2145 572 2198 πλέον
601 2147 706 2216 ἄρα
737 2147 796 2199 τὸ
825 2149 926 2200 ποὺ
953 2146 1046 2200 τοῦ
1091 2149 1147 2199 ἐν
1177 2149 1342 2219 τόπῳ.
1373 2148 1496 2210 Πῶς
1539 2145 1631 2200 οὖν

66 2237 181 2302 μιᾶς
227 2239 572 2310 κατηγορίας
609 2236 746 2292 εἶναι
783 2239 997 2308 λέγεται
1051 2241 1110 2293 τὸ
1163 2242 1266 2294 ποὺ
1318 2241 1412 2294 καὶ
1461 2240 1520 2292 τὸ
1573 2242 1630 2293 ὲν

65 2328 215 2399 τόπῳ,
245 2329 316 2382 τά
344 2331 604 2384 τοσοῦτον
625 2331 866 2402 ἀλλήλων
889 2332 1230 2402 διαφέροντα,
1259 2330 1398 2384 ὥστε
1426 2332 1518 2385 καὶ
1542 2331 1632 2386 τὸν

65 2420 209 2472 τόπον
237 2421 422 2490 λέγειν
461 2417 597 2475 εἶναι
630 2423 725 2494 μὲν
755 2424 883 2487 ποὺ,
926 2424 1025 2476 οὐκ
1054 2425 1110 2474 ἐν
1151 2424 1299 2493 τόπῳ
1323 2423 1416 2487 δέ;
1447 2424 1556 2476 Kal
1583 2425 1630 2476 εἰ

65 2517 114 2566 τ’)
139 2515 312 2587 πέρας
329 2517 428 2569 τοῦ
467 2517 882 2587 πεπερασμένου
929 2517 1114 2587 ἐτέρου
1147 2516 1244 2585 μὲν
1286 2515 1631 2587 πεπερασμέ-

66 2626 142 2659 νου
186 2610 304 2662 ἐστὶ
347 2609 535 2672 τόπος,
592 2610 777 2680 ἐτέρου
809 2609 863 2660 δὲ
915 2607 1122 2678 πέρας”
1172 2608 1289 2670 πῶς
1333 2609 1432 2662 οὐκ
1487 2607 1630 2660 ἔστιν

66 2699 260 2770 ἀνάγκη
292 2702 382 2753 ἀεὶ
429 2700 519 2753 τὸν
575 2701 736 2754 τόπον
765 2695 902 2753 εἶναι
952 2700 1046 2752 καὶ
1087 2701 1249 2753 τόπον
1283 2701 1377 2754 καὶ
1422 2700 1628 2770 πέρας;

68 2794 160 2845 Καὶ
195 2796 241 2846 εἰ
272 2794 386 2864 πρὸ
413 2793 518 2846 τῶν
550 2793 606 2845 ὲν
634 2794 783 2865 τόπῳ
810 2796 838 2846 6
865 2794 1026 2858 τόπος
1067 2794 1201 2856 ἐστὶ,
1251 2793 1367 2856 πῶς
1393 2793 1453 2846 οὐ
1482 2793 1632 2852 λέλυ-

66 2901 139 2936 ται
166 2887 196 2955 ἡ
225 2885 448 2954 ἀνάγκη
476 2884 568 2937 τοῦ
599 2886 684 2938 ἀεὶ
723 2886 813 2940 τὸν
864 2887 1025 2939 τόπον
1054 2882 1189 2939 εἶναι
1217 2887 1379 2940 τόπον
1412 2887 1508 2957 μὲν
1539 2887 1631 2941 ἆλ-

66 2976 161 3038 λου,
190 2979 368 3050 πέρας
387 2979 444 3031 δὲ
474 2978 667 3044 mou;
697 2979 806 3041 Καὶ
833 2979 958 3031 εἰτὸ
991 2979 1249 3052 μηδαμῶς
1275 2983 1333 3035 ὃν
1363 2981 1460 3032 οὐκ
1489 2979 1631 3032 ἔστιν

65 3069 112 3119 ὲν
132 3071 305 3140 τόπῳ·
342 3071 428 3140 εἴη
460 3070 568 3142 γὰρ
599 3072 664 3125 ἂν
703 3073 826 3134 ποὺ,
865 3072 1046 3135 καθὼς
1075 3068 1192 3124 εἶπε
1213 3089 1224 3102 ·
1261 3072 1376 3134 πῶς
1400 3072 1634 3124 οὐκέστι

67 3161 239 3214 ταύτὸν
267 3164 332 3215 τὸ
363 3165 468 3216 ποὺ
495 3163 573 3234 τῷ
601 3165 658 3216 ὲν
686 3165 867 3235 τόπῳ;
904 3166 1012 3218 Καὶ
1045 3167 1091 3217 εἰ
1124 3165 1196 3235 μὴ
1226 3163 1370 3217 ἆπαν
1398 3165 1454 3216 ὲν
1482 3164 1630 3233 τόπῳ

65 3253 213 3317 166v,
243 3254 369 3317 πῶς
396 3255 498 3307 οὐκ
526 3254 677 3308 ἔσται
704 3256 873 3316 ταύτὰ
903 3255 981 3326 τῷ
1023 3255 1098 3326 μὴ
1121 3255 1233 3309 όντι
1261 3255 1380 3307 τινὰ
1412 3255 1518 3308 τῶν
1547 3254 1632 3308 όν-

65 3363 176 3410 των,
215 3349 329 3417 εἵγε
362 3349 426 3400 τὸ
459 3346 532 3419 μὴ
570 3344 706 3401 εἶναι
751 3352 808 3404 ὲν
842 3349 992 3419 τόπῳ
1013 3349 1187 3402 κοινόν
1225 3349 1370 3400 ἐστιν
1398 3347 1636 3417 ἀμφοτέ-

68 3456 195 3509 ρωνς
237 3443 353 3494 Καὶ
382 3443 430 3493 εἰ
463 3441 524 3492 τὸ
563 3439 778 3512 κινητὸν
824 3441 979 3511 σῶμα
1013 3441 1170 3512 μόνον
1203 3441 1258 3492 ὲν
1302 3440 1450 3510 τόπῳ
1493 3440 1631 3504 ἐστὶ,

68 3533 168 3596 πῶς
190 3536 218 3587 6
237 3533 496 3605 οὐρανὸς,
529 3533 686 3604 σῶμα
711 3533 770 3590 ὃν
799 3534 1036 3605 κινητὸν,
1081 3532 1179 3589 οὐκ
1209 3533 1352 3587 ἐστιν
1372 3537 1429 3586 ὲν
1446 3535 1594 3612 τόπῳ
1617 3549 1631 3598 ς

157 3795 240 3847 51.
285 3795 386 3845 Ἐκ
416 3792 522 3845 τοῦ
548 3791 732 3846 αὐτοῦ
773 3792 958 3860 λόγου
986 3791 1126 3857 Περὶ
1154 3790 1257 3843 τοῦ
1286 3792 1526 3859 χρόνου.

130 3906 145 3936 ι
181 3888 300 3940 Ὅτι
337 3885 439 3956 μὲν
459 3881 604 3955 οὖνῆ
635 3883 768 3946 ὅλως
793 3884 892 3936 οὐκ
919 3883 1084 3945 ἔστιν,
1119 3884 1150 3954 ἢ
1189 3885 1338 3953 μόλις
1379 3885 1472 3937 καὶ
1497 3885 1636 3955 ἀμυ-

67 3977 210 4047 δρῶς,
240 3981 306 4030 ἐκ
347 3976 516 4029 τῶνδε
559 3993 641 4038 τις
669 3975 732 4028 ἂν
761 3976 1134 4028 ὑποπτεύσειε.
1167 3976 1241 4028 T6
1273 3976 1368 4046 μὲν
1404 3975 1512 4046 γὰρ
1541 3975 1636 4027 αὑ·-

69 4069 148 4122 τοῦ
174 4071 365 4138 γέγονε
385 4069 481 4122 καὶ
507 4068 607 4121 οὐκ
635 4067 768 4129 ἔστι,
791 4067 852 4120 τὸ
879 4068 933 4121 δὲ
965 4067 1143 4138 μέλλει
1173 4069 1266 4120 καὶ
1286 4066 1437 4120 οὔπω
1457 4066 1630 4120 ἐστίν·

71 4166 122 4214 ἐκ
147 4162 198 4214 δὲ
221 4162 433 4215 τούτων
478 4161 573 4212 καὶ
600 4160 628 4212 6
667 4159 890 4232 ἄπειρος
927 4161 1029 4213 καὶ·
1064 4161 1090 4211 6
1119 4161 1204 4212 ἀεὶ
1231 4160 1638 4230 λαμϐανόμενος

71 4256 241 4323 χῴνος
292 4256 596 4321 σύγκειται.
629 4253 702 4304 T6
730 4251 785 4304 δὲ
829 4253 893 4305 ὲκ
939 4253 1011 4322 μὴ
1065 4253 1232 4305 όντων
1283 4253 1635 4322 συγκείμενον

73 4348 312 4401 ἀδύνατον
343 4347 409 4400 ἂν
437 4345 604 4410 δόξειε
638 4345 878 4416 μετέχειν
907 4345 1112 4407 οὐσίας.
1154 4345 1362 4407 Παντὸς
1389 4343 1500 4416 γὰρ
1544 4361 1638 4414 με-

75 4441 260 4509 ριττοῦ,
305 4441 513 4510 ἐάνπερ
556 4435 613 4512 ᾗ,
644 4439 877 4508 ἀνάγκη,
925 4439 1010 4490 ὅτε
1051 4438 1216 4498 ἐστὶν,
1264 4437 1381 4507 ἦτοι
1420 4436 1553 4496 ένια,
1602 4435 1634 4507 ἢ

75 4534 231 4586 πάντα
268 4534 498 4604 τὰμέρη
529 4529 686 4584 εἶναι.
734 4530 840 4583 Τοῦ
869 4531 924 4582 δὲ
953 4531 1143 4601 χρόνου
1187 4529 1255 4582 τὰ
1300 4530 1394 4600 μὲν
1423 4529 1633 4596 γέγονε,
1673 4569 1714 4625 υ

72 4623 128 4675 τὰ
153 4625 204 4678 δὲ
223 4625 426 4695 μέλλει,
451 4624 562 4676 ἔστι
594 4624 649 4676 δὲ
677 4623 854 4685 οὐθὲν,
886 4623 1036 4685 ὄντος
1055 4620 1326 4693 μεριστοῦ.
1357 4620 1430 4673 T6
1457 4619 1511 4671 δὲ
1543 4618 1636 4671 νῦν

73 4715 122 4765 οὐ
153 4717 343 4787 μέροςο
381 4718 595 4786 μετρεῖν
626 4714 733 4783 (98)
764 4713 872 4785 γὰρ
903 4713 964 4766 τὸ
990 4714 1171 4784 μέρος,
1207 4713 1300 4765 κοιλ⁸
1321 4709 1636 4778 συγκεῖσθαι

73 4807 140 4858 δεῖ
156 4808 218 4860 τὸ
251 4809 371 4860 ὅλον
406 4809 469 4859 ὲκ
498 4806 604 4858 τῶν
644 4807 821 4876 μερῶν
847 4824 858 4836 ⁸
891 4807 918 4857 6
955 4805 1011 4858 δὲ
1039 4805 1228 4875 χρόνος
1256 4805 1313 4856 οὐ
1343 4803 1488 4855 δοκεί
1507 4817 1636 4870 συγ-

76 4897 269 4950 κεῖσθαι
304 4899 369 4950 ἐκ
397 4897 505 4948 τῶν
534 4895 648 4948 νῦν.
679 4915 696 4946 ι

138 5153 194 5205 El
223 5156 330 5207 πᾶν
354 5154 417 5206 τὸ
444 5153 760 5222 γιγνόμενον
782 5153 887 5222 πρὸ
903 5149 994 5203 τοῦ
1024 5150 1270 5218 γενέσθαι
1300 5151 1397 5201 οὐκ
1426 5145 1512 5218 ἦν,
1537 5147 1635 5199 οὐκ

78 5245 171 5314 ἄρα
189 5247 352 5309 ἀΐδιός
380 5263 438 5297 τε
479 5246 573 5298 καὶ
601 5244 828 5315 ἄναρχος
861 5245 889 5295 6
928 5243 1118 5313 χρόνος
1138 5259 1150 5270 ·
1181 5241 1259 5293 διὸ
1287 5240 1408 5293 οὔτε
1429 5243 1460 5310 ἡ
1485 5240 1635 5308 κίνη-

81 5337 153 5399 σίς
184 5340 327 5391 ἐστιν
358 5338 525 5400 ἀΐδιός
566 5353 626 5389 τε
666 5337 758 5390 καὶ
800 5335 1049 5405 ἄναρχος,
1092 5328 1158 5404 ἦς
1199 5333 1226 5385 6
1261 5332 1448 5401 χρόνος
1491 5331 1634 5381 ἐστὶν

81 5428 313 5501 ἀριθμός.
362 5430 428 5483 Et
467 5428 576 5500 γὰρ
613 5428 674 5481 τὸ
715 5427 902 5498 μέλλον
935 5425 1098 5497 μέρος
1126 5423 1218 5475 τοῦ
1244 5423 1442 5492 χρόνου
1484 5419 1635 5473 οὔπω

147 5625 252 5692 (97)
290 5626 386 5688 Ἐξ
407 5623 693 5692 ἀνάγκης.
721 5624 920 5693 Suppl.
949 5620 1080 5674 ἔστι.

150 5689 255 5765 (98)
297 5689 567 5765 Μετρεῖκ.
595 5689 683 5765 Alta
727 5689 858 5764 Reg:
899 5692 954 5756 2,
1001 5692 1089 5744 cui
1131 5692 1280 5765 favet
1327 5689 1645 5765 Aristotelis.

86 5759 272 5827 textus",
332 5759 547 5833 iniquo
594 5763 791 5834 legitur
811 5759 1088 5834 μετρεῖτε.
1131 5761 1288 5834 Editi
1320 5759 1513 5834 nostri
1539 5774 1632 5826 με-

88 5836 296 5904 τρεῖται,
320 5828 502 5891 minus
519 5828 892 5891 comfuodefld
910 5828 1076 5897 enim,
1105 5833 1160 5886 ni
1193 5829 1368 5894 fallor,
1396 5828 1635 5884 declarat

1732 1938 1825 1992 sed
1860 1952 2060 2007 corpus
2096 1939 2239 2005 quod
2269 1945 2537 1992 movetur.
2579 1957 2607 1987 ι.

1805 2029 1858 2082 Si
1895 2029 2164 2099 quidquid
2186 2039 2270 2084 est
2303 2030 2355 2082 in
2388 2030 2505 2083 loco
2533 2035 2616 2082 est
2646 2027 2867 2088 alicubi,
2905 2040 3007 2081 nec
3037 2024 3301 2095 quidquid

1730 2129 1814 2175 est
1865 2121 2069 2175 alicubi
2118 2121 2172 2173 in
2220 2120 2340 2174 loco
2375 2129 2479 2181 est,
2529 2120 2692 2173 latius
2727 2125 2882 2172 certe
2923 2124 3076 2186 patet.
3099 2115 3300 2170 alicubi

1732 2228 1891 2281 quam
1926 2213 1979 2266 in
2029 2212 2169 2267 loco.
2209 2210 2501 2282 Quomodo
2533 2226 2662 2281 ergo
2693 2211 2854 2264 unius
2897 2208 3300 2278 praedicamenti

1731 2322 1852 2360 esse
1904 2306 2163 2360 dicuntur
2197 2305 2329 2359 illud
2369 2305 2569 2359 alicubi
2619 2312 2672 2359 et
2721 2303 2850 2357 illud
2886 2302 2939 2355 in
2991 2302 3130 2358 loco.
3182 2314 3302 2368 qua:

1732 2407 2014 2469 tantopere
2042 2415 2070 2451 a
2094 2414 2151 2452 se
2176 2397 2403 2452 invicem
2437 2397 2659 2460 distant,
2682 2405 2740 2450 ut
2764 2397 2914 2449 locus
2943 2395 3155 2447 dicatur
3179 2409 3302 2448 esse

1733 2491 1930 2545 alicubi
1965 2505 2065 2546 nec
2091 2499 2269 2544 tamen
2308 2489 2359 2541 in
2391 2489 2546 2542 loco?
2576 2487 2639 2540 Et
2674 2488 2718 2543 si
2745 2486 2865 2540 ﬁnis
2899 2487 2974 2539 rei
3005 2483 3186 2549 ﬁnitae,
3222 2485 3304 2536 al-

1731 2584 1901 2638 terius
1921 2582 2138 2651 quidem
2163 2582 2242 2635 rei
2271 2580 2431 2634 ﬁnitae
2455 2579 2573 2633 ﬁnis
2592 2587 2695 2642 est,
2715 2577 2937 2632 alterius
2955 2593 3083 2630 vero
3115 2577 3299 2632 locus:

1732 2672 2005 2740 quomodo
2053 2685 2277 2725 necesse
2311 2686 2418 2724 non
2449 2677 2552 2730 cst,
2600 2677 2656 2720 ul
2691 2668 2844 2720 locus
2881 2681 3097 2734 semper
3129 2665 3202 2719 sit
3249 2674 3303 2716 et

1732 2765 1886 2818 locus
1924 2772 1976 2818 et
2027 2764 2190 2818 ﬁnis?
2222 2763 2283 2816 Et
2317 2765 2363 2817 si
2397 2763 2546 2816 locus
2577 2768 2702 2815 ante
2749 2761 2839 2813 illa
2873 2769 2975 2820 est,
3008 2775 3127 2828 quae
3176 2767 3304 2813 sunt

1735 2858 1786 2910 in
1811 2856 1962 2910 loco:
1994 2855 2263 2926 quomodo
2296 2871 2400 2908 non
2426 2855 2701 2910 evanescit
2721 2853 3040 2916 necessitas,
3065 2853 3305 2907 utlocus

1732 2961 1952 3016 semper
1977 2947 2049 3000 sit
2083 2947 2309 3001 alterius
2339 2946 2491 3000 locus
2532 2953 2584 2998 et
2616 2944 2844 2997 alterius
2874 2941 3035 2996 ﬁnis?
3077 2931 3140 2994 Et
3171 2940 3217 2996 si
3250 2941 3302 2993 id

1733 3037 1878 3106 quod
1909 3051 2248 3107 nequaquam
2293 3041 2396 3096 est,
2429 3049 2536 3088 non
2567 3034 2753 3088 estin
2787 3033 2932 3096 loco,
2963 3039 3110 3086 esset
3156 3030 3304 3084 enim

1735 3130 1956 3193 alicubi,
2010 3139 2078 3183 ut
2124 3129 2284 3196 dixit,
2342 3128 2616 3198 quomodo
2663 3143 2770 3182 non
2805 3126 2946 3180 idem
2983 3130 3068 3179 est
3103 3123 3305 3177 alicubi

1660 3240 1701 3294 ο
1732 3238 1854 3277 esse
1883 3238 1946 3275 ac
1976 3222 2029 3275 in
2063 3223 2225 3275 loco?
2258 3221 2321 3274 Et
2359 3220 2404 3275 si
2439 3236 2544 3274 non
2567 3218 2830 3289 quidquid
2854 3223 2936 3270 est
2967 3216 3022 3270 in
3052 3215 3171 3268 loco
3197 3219 3305 3276 est,

1737 3312 2009 3382 quomodo
2068 3313 2328 3366 nonnulla
2376 3325 2586 3371 eorum,
2624 3326 2745 3379 qua:
2795 3315 2946 3372 sunt,
3002 3322 3111 3360 non
3162 3305 3306 3359 idem

1735 3411 1904 3458 erunt
1925 3419 1988 3458 ac
2020 3403 2070 3457 id
2099 3405 2242 3474 quod
2275 3419 2380 3457 non
2411 3401 2815 3471 est,‘siquidem
2851 3412 3137 3454 commune
3164 3403 3310 3451 utro-

1738 3510 1967 3564 rumque
2002 3505 2087 3550 est
2122 3511 2228 3548 non
2263 3511 2385 3550 esse
2435 3494 2490 3547 in
2527 3494 2684 3548 loco?
2713 3492 2776 3545 Et
2811 3491 2855 3545 si
2883 3506 3106 3558 corpus,
3158 3488 3303 3557 quod

1735 3595 2004 3649 movetur,
2030 3588 2203 3640 solum
2238 3588 2290 3640 in
2328 3588 2448 3639 loco
2477 3575 2589 3640 esti
2613 3581 2890 3653 quomodo
2929 3584 3148 3638 (mlum.
3177 3595 3305 3633 cum

1736 3696 1936 3750 corpus
1967 3681 2037 3734 sit
2059 3679 2204 3748 quod
2232 3685 2498 3737 movetur,
2535 3676 2588 3729 in
2622 3677 2739 3727 loco
2772 3688 2877 3726 non
2909 3672 3026 3725 est?

1819 3811 1832 3823 .
1865 3769 1947 3822 Ex
1967 3767 2142 3821 eodem
2170 3768 2302 3820 libro
2335 3767 2410 3818 De
2437 3776 2679 3832 tempore.
2703 3769 2800 3834 ib.,
2823 3781 2872 3820 c.
2898 3764 2984 3825 10,
3009 3778 3062 3832 p.
3088 3761 3198 3814 2|?
3224 3776 3305 3820 sq.

1810 3879 1828 3909 σ
1852 3859 2086 3928 Tempus
2103 3859 2269 3930 igitur
2285 3859 2365 3913 vel
2383 3848 2603 3912 omnino
2631 3871 2740 3908 non
2758 3867 2901 3910 esse,
2926 3851 3005 3901 vel
3033 3849 3119 3899 vix
3138 3854 3190 3898 ct.
3207 3847 3304 3898 nb-

1736 3965 1896 4006 scure
1910 3966 2052 4014 esse,
2066 3967 2128 4004 ex
2149 3952 2233 4004 his
2252 3967 2383 4006 sane
2399 3939 2867 4019 quisSuSpicetur.
2886 3939 3018 3994 Nam
3043 3936 3305 4008 parsejus

1739 4044 1861 4108 fuit,
1881 4060 1982 4099 nec
2000 4052 2111 4105 est;
2145 4056 2272 4113 pars
2295 4043 2475 4096 futura
2489 4047 2595 4100 est,
2615 4037 2843 4092 necdum
2863 4041 2942 4086 est
2965 4051 2976 4085 :
3001 4046 3066 4084 ex
3100 4029 3183 4083 bis
3209 4043 3310 4080 au-

1739 4146 1843 4189 tem
1862 4136 2196 4193 ctinl‘mitum
2217 4141 2545 4188 etrzcternum
2566 4139 2778 4197 tempus
2796 4125 3304 4195 Esaassmnptum

1739 4233 1971 4279 constat.
1997 4223 2360 4290 Quod-autem
2378 4227 2592 4274 constat
2610 4232 2675 4272 ex
2695 4217 2780 4270 bis
2809 4231 2930 4284 qua:
2950 4229 3056 4266 non
3081 4217 3231 4271 sunt,
3251 4207 3307 4260 id

1739 4324 1798 4368 ut
1831 4315 2102 4383 particeps
2143 4315 2212 4369 sit
2249 4313 2563 4367 substantia:
2596 4325 2702 4362 non
2733 4306 2948 4361 videtur
2969 4318 3131 4374 posse
3167 4299 3306 4354 ﬁeri.

1737 4407 2016 4476 Cujusque
2041 4407 2185 4460 enim
2225 4406 2324 4466 rei,
2346 4419 2474 4474 quae
2490 4401 2658 4455 dividi
2687 4398 2880 4470 possit,
2900 4398 2945 4451 si
2983 4393 3309 4449 modocxsi-

1741 4507 1868 4562 stat,
1894 4513 2115 4552 necesse
2132 4505 2236 4559 est,
2267 4512 2389 4549 cum
2425 4495 2661 4557 exsistit,
2686 4500 2744 4545 ut
2767 4492 2862 4544 vel
2882 4488 3157 4542 nonnullae
3182 4500 3309 4554 par-

1740 4598 1844 4652 tes,
1892 4589 1974 4642 vel
2021 4586 2514 4642 omnesexsistant.
2565 4580 2851 4650 Temporis
2905 4585 3108 4638 autem,
3158 4574 3306 4645 quod

1739 4677 1906 4733 dividi
1962 4684 2159 4745 potest,
2191 4674 2310 4728 alia:
2347 4680 2532 4744 partes
2578 4671 2927 4731 exstiterunt,
2961 4665 3081 4720 alia:
3112 4664 3309 4718 futurae

1659 4793 1661 4795 ί
1740 4777 1886 4830 ευηῑ,
1929 4768 2075 4820 nulla
2106 4774 2287 4820 autem
2315 4763 2549 4819 exsistit.
2585 4761 2830 4817 Praesens
2860 4759 3006 4813 enim
3047 4772 3176 4827 pars
3200 4772 3310 4809 non

1736 4870 1840 4915 est.
1878 4857 2009 4915 Nam
2052 4863 2390 4912 necesseest
2422 4863 2482 4907 ut
2511 4869 2638 4924 pars
2697 4851 2973 4912 metiatur,
3025 4864 3090 4901 ac
3139 4856 3309 4903 totum

1737 4959 2095 5020 componatur
2128 4966 2192 5003 ex
2235 4949 2502 5018 partibus.
2528 4945 2769 5013 Tempus
2825 4951 3007 4997 autem
3055 4956 3166 4995 non
3231 4939 3310 4991 vi-

1737 5044 1897 5097 detur
1953 5043 2205 5110 componi
2279 5056 2359 5093 ex.
2408 5039 2682 5108 praesenti.
2725 5057 2744 5088 ι

1809 5133 1864 5186 Si
1909 5131 2171 5201 quidquid
2222 5132 2299 5192 ﬁt,
2329 5147 2438 5183 non
2482 5140 2600 5184 erat
2631 5138 2920 5197 antequam
2964 5127 3143 5190 ﬁeret;
3199 5138 3308 5176 non

1736 5241 1866 5295 ergo
1895 5233 2157 5278 aeternum
2194 5225 2388 5278 etsine
2412 5224 2678 5293 principio
2707 5231 2918 5289 tempus
2945 5239 2956 5272 :
2983 5218 3184 5272 idcirco
3207 5231 3306 5268 nec

1738 5330 1942 5382 motus,
1973 5320 2134 5388 cujus
2168 5335 2427 5372 numerus
2456 5325 2539 5372 est
2570 5327 2801 5384 tempus.
2844 5321 3078 5366 aeternus
3107 5318 3159 5361 ct
3187 5309 3306 5361 sine

1737 5412 2026 5481 principio.
2057 5410 2192 5465 Nam
2217 5411 2263 5467 si
2289 5411 2468 5478 futura
2488 5423 2627 5478 pars.
2647 5405 2904 5476 temporis
2932 5399 3171 5455 nondum
3197 5409 3302 5462 est,

1737 5619 1827 5672 hic.
1879 5616 2114 5686 scriptor
2159 5624 2342 5685 partes
2375 5613 2440 5666 ad
2487 5622 2794 5663 mensuram
2831 5604 3001 5685 totius
3057 5600 3307 5686 adhiberi

1738 5690 1958 5746 debere.
1993 5677 2136 5758 quod
2162 5677 2394 5758 'quidem
2441 5695 2563 5734 cum
2616 5677 2864 5758 praesenti
2894 5690 3003 5726 non
3033 5677 3309 5758 existimet

1738 5744 2052 5818 convenire,
2081 5744 2212 5810 illud
2243 5754 2383 5806 inter
2407 5744 2668 5817 temporis
2700 5754 2880 5816 partes
2912 5744 3329 5801 muneranduth

1740 5837 1918 5900 negat.
1945 5826 2068 5880 Vid.
2101 5840 2250 5878 num.
2292 5822 2378 5875 '55.
