3662 6496
71 357 192 416 1529

727 347 1176 411 (ΞΟΝΕἯΤΔἸῚΟ
1205 345 1618 417 QUORUMDM

1802 348 2151 425 [srorsus
2183 346 2593 409 οοωίΑτωι.

3155 342 3299 402 ίὲιω

67 476 147 531 καὶ
180 471 405 541 ἄπειρον
431 462 557 520 οὔτε
591 464 683 519 τὸν
707 463 899 537 χρόνον
924 462 1074 533 λέγει
1102 461 1225 517 οὔτε
1254 462 1353 534 τὴν
1388 463 1618 536 κίνησιν.

1802 464 1873 519 )ῑο
1915 472 1970 522 et
2015 464 2289 523 intlnitum
2320 481 2421 521 nec
2472 473 2687 535 tempus
2739 461 2877 519 dicit
2915 474 3015 518 nec
3062 464 3296 517 motum.

68 567 120 619 El
144 561 247 635 γὰρ
274 560 521 630 γέγονεν,
559 555 683 613 οὔτε
710 556 877 611 ἀΐδιόν
906 558 1053 610 ἐστιν
1084 554 1208 609 οὔτε
1235 556 1464 626 ἄναρχον
1488 572 1500 587 ο
1532 557 1627 610 καί⁸

66 660 107 711 εἰ
125 659 231 720 τοῖς
256 653 480 719 οἰκείοις
495 652 685 725 ἄκροις
713 649 829 710 ἐστὶ
860 647 1260 722 περατουμένη,
1278 648 1505 722 ἄπειρος
1528 648 1629 703 οὐκ

66 750 215 802 ἔστιν.

420 836 509 892 55.
559 836 660 891 Ἐκ
690 834 796 891 τοῦ
826 833 1014 888 αὐτοῦ
1046 826 1253 904 λόγου.

129 950 145 985 ι
183 930 255 984 T6
281 930 341 995 δὲ
362 928 457 982 νῦν
478 928 571 981 τὸν
598 927 786 1002 χρόνον
813 928 1000 999 μετρεῖ
1076 925 1339 997 πρότερον
1359 925 1451 979 καὶ
1470 922 1643 995 ὅστε-ί

66 1040 145 1096 ρον
182 1022 274 1077 καὶ
314 1020 599 1087 ἀκολουθεῖ
623 1018 699 1095 τῷ
735 1018 836 1091 μὲν
874 1017 1092 1091 μεγέθει
1125 1019 1158 1089 ἡ
1192 1016 1427 1090 κίνησις,
1460 1015 1632 1090 ταύτῃ

61 1117 109 1173 δὲ
138 1117 164 1167 ὀ
196 1116 409 1187 χρόνος.
452 1135 471 1168 ι

123 1210 180 1261 Ei
207 1209 308 1261 οὐκ
343 1207 459 1262 ἔστι
490 1206 552 1261 τὸ
578 1205 675 1260 νῦν
713 1204 878 1278 μέρος
905 1203 1000 1256 τοῦ
1028 1202 1242 1274 χρόνου,
1274 1202 1456 1265 καθὼς
1479 1196 1630 1255 εἶπεν

62 1303 109 1354 ὲν
145 1299 220 1371 τῷ
260 1299 576 1371 τριακοστῷ
622 1298 792 1371 τρίτῳ
822 1296 1123 1367 κεφαλαίῳ,
1169 1294 1287 1358 πῶς
1328 1296 1517 1365 μετρεῖ
1540 1293 1630 1346 τὸν

61 1393 264 1467 χρόνον;
298 1393 373 1449 ’Ἡ
410 1391 520 1459 ἄςα
557 1392 618 1446 οὐ
656 1391 845 1462 μετρεῖ
880 1388 971 1442 τὸν
1002 1388 1193 1460 χρόνον
1224 1385 1285 1440 τὸ
1318 1385 1434 1452 νῦν,
1463 1384 1497 1455 ἣ
1533 1383 1631 1455 μὲ-

63 1469 139 1558 po;
169 1485 300 1538 αὐτὸ
326 1484 544 1555 ἀνάγκη
575 1478 715 1536 εἶναι
741 1480 836 1534 τοῦ
877 1479 1100 1552 χρόνου·
1134 1477 1228 1532 καὶ
1266 1478 1315 1530 εί
1352 1474 1634 1533 ἀκολουθεῖ

60 1579 124 1647 τῷ
151 1577 367 1647 μεγέθει
391 1579 425 1648 ἡ
448 1577 679 1645 κίνησις,
693 1573 865 1657 ταύτῃ
896 1572 952 1625 δὲ
977 1572 1005 1625 6
1037 1569 1247 1640 χρόνος,
1279 1565 1501 1637 γενητὸν
1523 1564 1633 1637 ἄρα

58 1671 109 1723 τὸ
132 1669 380 1741 μέγεθος,
409 1667 599 1739 ὥσπερ
619 1669 653 1739 ἡ
687 1666 901 1738 κίνησις
933 1665 1027 1718 καὶ
1053 1666 1081 1716 6
1108 1660 1320 1737 χρόνος,
1341 1659 1410 1717 τὰ
1439 1659 1632 1732 ἐκείνῳ

62 1759 464 1819 ἀκολουθοῦντα.

433 1851 524 1913 36.
558 1852 661 1906 Ἐκ
689 1848 795 1905 τοῦ
818 1845 1006 1911 αὑτοῦ
1029 1845 1238 1915 λόγου.

122 1964 138 1997 ι
171 1946 284 2017 Τῆς
310 1943 581 2017 γραμμῆς
609 1940 889 2012 ἐλάχιστος
910 1936 1140 2008 ἀριθμὸς
1162 1932 1354 2005 πλήθει
1383 1932 1481 2003 μὲν
1513 1929 1627 1983 ἔστι

58 2037 134 2091 δύο
158 2036 188 2110 ἢ
222 2038 345 2108 μία,
370 2033 592 2106 μεγέθει
624 2032 681 2085 δὲ
714 2033 815 2086 οὐκ
846 2029 992 2085 ἔστιν
1016 2027 1323 2097 ἐλάχιστοςο
1349 2023 1629 2095 ἐλάχιστος

58 2128 150 2201 γάρ
204 2128 350 2183 κατὰ
407 2128 505 2199 μὲν
556 2124 786 2198 ἀριθμόν
837 2123 1042 2185 ἐστινρ
1075 2116 1215 2191 εἷςῆ
1247 2118 1360 2184 δύο,
1389 2114 1530 2177 κατὰ
1571 2114 1629 2168 δὲ

60 2221 272 2291 μέγεθος
298 2220 405 2275 οὐκ
437 2218 603 2272 ἐστιν.
646 2236 665 2269 ι

111 2314 167 2367 Εἰ
202 2313 277 2385 μὴ
327 2310 614 2384 ἐλάχιστόν
645 2310 760 2362 ἐστι
793 2307 979 2380 μέρος,
1011 2306 1067 2358 ὲν
1094 2306 1160 2376 τῇ
1184 2302 1416 2375 γραμμῇ
1455 2299 1555 2371 μὲν
1582 2299 1617 2373 ἡ

58 2406 257 2476 στιγμὴ,
302 2406 362 2457 ὲν
406 2403 486 2475 τῷ
528 2402 706 2476 χρόνῳ
745 2401 801 2454 δὲ
851 2400 913 2453 τὸ
959 2397 1077 2463 νῦν,
1110 2398 1164 2451 τί
1192 2394 1377 2468 ἕτερον
1415 2396 1562 2448 ἐστιν
1592 2392 1627 2463 ἡ

57 2495 239 2568 στιγμὴ
268 2496 328 2548 ὲν
358 2497 427 2567 τῇ
462 2495 717 2566 γραμμῇ,
744 2494 839 2546 καὶ¹
866 2491 928 2545 τὸ
957 2490 1054 2547 νῦν
1100 2492 1159 2547 ἐν
1198 2487 1279 2559 τῷ
1316 2486 1526 2558 χρόνῳ;
1561 2483 1627 2539 Et

55 2588 102 2641 δὲ
140 2587 233 2640 οὐκ
275 2587 565 2657 ἐλάχιστόν
619 2587 735 2639 ἐστι
780 2584 965 2655 μέρος,
998 2582 1133 2636 ἀλλὰ
1164 2582 1360 2655 πέρας,
1392 2578 1509 2641 πῶς
1534 2573 1626 2631 οὖν

55 2678 203 2750 χωρὶς
228 2678 329 2749 μὲν
360 2676 457 2731 τοῦ
492 2676 907 2748 πεπερασμένου
935 2672 1191 2728 ἀδύνατόν
1222 2674 1368 2737 ἐστιν
1395 2667 1533 2729 εἶναι
1565 2668 1628 2722 τὸ

58 2768 227 2839 πέρας,
283 2769 465 2841 χωρὶς
508 2768 564 2821 δὲ
606 2768 707 2838 τῆς
756 2766 1021 2837 γραμμῆς
1043 2763 1316 2834 ἐνδέχεται
1350 2756 1490 2813 εἶναι
1524 2760 1626 2841 τὴν

57 2836 446 2931 στιγμήνξῄιίαὶ
477 2861 526 2913 εί
549 2860 607 2913 ὲν
635 2836 715 2921 οἷς
745 2836 847 2912 ουκ
874 2857 987 2911 ἔστι
1020 2857 1080 2910 τὺ
1103 2854 1403 2925 ἐλάχιστον,
1424 2853 1482 2905 ὲν
1505 2836 1627 2905 τοῦ-

57 2970 148 3016 τοις
184 2953 303 3006 οὐδὲ
337 2951 402 3005 τὸ
428 2952 704 3023 μέγιστον,
742 2949 883 3004 κατὰ
917 2950 971 3003 τί
998 2951 1030 3019 ἡ
1066 2947 1226 3025 λοιπὴ
1253 2946 1489 3018 διαφορὰ,
1515 2945 1628 2999 τῶν

60 3047 241 3116 μερῶν,
267 3045 371 3099 τοῦ
418 3044 674 3116 μεγίστου
719 3042 938 3099 καὶτοῦ
972 3040 1253 3113 ἐλαχίστου
1297 3037 1623 3112 ἀναιρουμέ-

64 3154 139 3209 "te
159 3138 256 3209 τῆς
288 3137 590 3207 διαφορᾶς

427 3229 518 3283 57.
553 3230 656 3283 Ἐκ
684 3227 793 3284 τοῦ
821 3227 1008 3282 αὐτοῦ
1034 3227 1241 3297 λόγου.

121 3339 138 3372 ι
167 3321 332 3376 Ὥστε
373 3319 728 3392 φανερὸν,ὃτι
762 3319 832 3374 τὰ
859 3319 947 3374 ἀεὶ
969 3318 1156 3390 ὅνταῆ
1186 3318 1258 3372 τὰ
1281 3317 1368 3373 ἀεὶ
1398 3316 1473 3389 μὴ
1501 3314 1632 3372 ὂντα

58 3412 141 3466 οὐχ
164 3411 309 3467 ἐστιν
334 3413 395 3467 ὲν
417 3414 612 3485 χρόνῳ·
632 3413 692 3466 οὑ
713 3412 820 3485 γὰρ
842 3412 1153 3485 περιέχεται
1173 3411 1280 3465 ὑπὸ
1302 3409 1396 3464 τοῦ
1414 3408 1628 3481 χρόνου,

59 3503 159 3557 οὐδὲ
193 3508 478 3578 μετρεῖται
519 3504 582 3558 τὸ
614 3500 753 3561 εἶναι
790 3503 971 3559 αὐτῶν
1000 3503 1107 3559 ὑπὸ
1161 3503 1257 3558 τοῦ
1284 3502 1499 3576 χρόνου.
1538 3518 1558 3553 ι

128 3675 211 3741 Ὠς
238 3672 337 3732 οὖν
380 3677 457 3751 (7)
490 3677 591 3750 τὴν
635 3674 849 3751 κίνησιν
892 3678 1121 3748 εἴρηκας
1148 3675 1289 3730 εἶναι
1317 3674 1506 3742 ἀΐδιον,
1536 3674 1632 3729 καὶ

60 3766 135 3821 τὸν
176 3769 368 3840 χρόνον
398 3768 604 3842 ταύτης
650 3765 917 3841 άριθμόν;
953 3762 1054 3823 Ὦν
1075 3766 1185 3841 γὰρ
1212 3769 1240 3822 6
1265 3766 1455 3839 χρόνος
1482 3765 1630 3820 ἐστὶν

62 3858 366 3932 ἀχώριστος,
391 3860 568 3914 ταῦτα
606 3861 708 3914 οὐκ
739 3860 1011 3931 ἐνδέχεται
1046 3859 1120 3931 μὴ
1153 3856 1291 3913 εἶναι
1326 3859 1385 3913 ὲν
1427 3857 1627 3930 χρόνῳ.

420 4035 503 4091 58.
551 4035 651 4090 Ἐκ
681 4034 786 4088 τοῦ
814 4033 1001 4089 αὑτοῦ
1029 4034 1238 4104 λόγου.

123 4146 140 4178 ι
177 4128 318 4182 Ὅσα
368 4128 507 4200 μήτε
554 4130 781 4181 κινεῖται
812 4128 949 4199 μήτε
997 4126 1213 4198 ἠρεμεῖ,
1245 4123 1345 4178 οὐκ
1389 4123 1537 4178 ἐστιν
1570 4125 1631 4178 ἐν

60 4219 216 4292 χῴνῳ
234 4238 246 4251 ·
278 4221 346 4274 τὸ
376 4222 476 4291 μὲν
500 4219 607 4292 γὰρ
636 4221 693 4273 ὲν
724 4220 901 4291 χρόνῳ
929 4212 1068 4274 εἶναι
1091 4216 1165 4291 (8)
1192 4218 1311 4271 ἐστὶ
1330 4217 1391 4269 τὸ
1415 4218 1631 4289 μετρεί-

62 4310 167 4365 σθαι
197 4314 377 4384 χρόνῳ
402 4329 416 4343 ο
449 4312 477 4366 ὁ
516 4312 575 4365 δὲ
621 4311 812 4385 χρόνος
839 4311 1105 4383 κινήσεως
1136 4310 1230 4364 καὶ
1260 4310 1496 4383 ἠρεμίας
1530 4307 1629 4381 μέ-

60 4416 187 4472 τρον.
227 4423 246 4457 t

1654 3144 1707 3213 ο

1727 553 1864 611 Nam
1895 560 1943 613 si
1976 556 2153 614 factus
2192 566 2297 618 est.
2330 574 2432 617 nec
2458 568 2696 617 attentus
2732 564 2820 618 est
2860 570 2965 613 nec
2997 552 3117 613 sine
3145 553 3302 623 prin-

1728 648 1906 719 cipio;
1934 658 1990 705 et
2042 651 2094 705 si
2122 650 2387 721 ,propriis
2442 650 2690 707 terminis
2728 656 3036 716 coercetur,
3072 662 3186 705 non
3215 653 3302 700 est

1730 740 1995 799 inﬁnitus.

1885 850 1975 904 35.
2015 844 2102 903 Ea:
2131 854 2307 903 eodem
2342 843 2497 904 libro,
2529 840 2625 897 lib.
2658 856 2712 895 tv
2758 854 2811 895 c.
2847 842 2933 903 tl,
2961 852 3014 910 p.
3045 839 3170 893 2l9.

1806 944 1826 981 ι
1864 930 2111 982 Praesens
2138 932 2319 980 autem
2362 931 2577 994 tempus
2620 923 2865 986 metitur,
2896 937 3004 991 qua
3038 936 3215 992 prius,
3245 928 3301 976 et

1729 1033 1836 1086 qua
1866 1016 2242 1086 posterius;et
2258 1012 2687 1084 magnitudinem
2720 1011 3079 1082 consequitur
3095 1020 3298 1080 motus,

1729 1107 1876 1163 hunc
1901 1114 2082 1162 autem
2118 1114 2354 1176 tempus.
2387 1122 2407 1156 ι

1801 1197 1859 1253 Si
1891 1212 2133 1269 praesens
2162 1212 2291 1266 pars
2320 1211 2429 1251 non
2450 1205 2534 1251 est
2564 1194 2851 1265 temporis,
2881 1202 2939 1252 ut
2967 1195 3105 1251 dixit
3138 1195 3303 1251 trice-

1732 1290 1874 1345 simo
1911 1290 2072 1343 tertio
2122 1289 2319 1358 capite,
2359 1287 2632 1357 quomodo
2665 1292 2888 1342 metitur
2921 1288 3183 1356 tempus?
3207 1285 3306 1342 Vel

1730 1381 1979 1455 profecto
2024 1395 2264 1450 praesens
2309 1395 2422 1435 non
2450 1378 2676 1435 metitur
2701 1386 2938 1449 tempus,
2971 1379 3063 1435 vel
3094 1391 3304 1449 partem

1732 1472 1788 1527 id
1816 1486 1957 1539 .esse
1994 1472 2254 1541 temporis
2303 1483 2529 1524 necesse
2558 1477 2662 1524 est.
2693 1467 2760 1523 Et
2792 1470 2839 1525 si
2869 1468 3304 1539 magnitudinem

1731 1562 2089 1631 consequitur
2145 1564 2349 1624 motus,
2407 1558 2554 1611 hunc
2594 1566 2775 1613 autem
2824 1566 3038 1628 tempus
3075 1577 3087 1612 :
3122 1557 3306 1628 genita

1730 1668 1862 1723 ergo
1900 1648 2237 1722 magnitudo,
2270 1656 2329 1702 ut
2361 1655 2415 1703 et
2444 1655 2626 1706 motus
2657 1656 2712 1704 et
2741 1658 2978 1720 tempus,
3015 1664 3136 1720 quae
3159 1649 3306 1703 illam

1731 1752 2167 1814 consequuntur.

1919 1832 2009 1886 56.
2050 1830 2134 1883 Ea:
2157 1829 2335 1883 eodem
2370 1827 2521 1893 libro,
2548 1827 2704 1891 ibid.,
2738 1842 2788 1882 c.
2828 1822 2916 1889 l2,
2941 1838 2995 1891 p.
3017 1819 3145 1875 εει).

1804 1942 1823 1976 ι
1861 1922 2041 1978 Linea:
2072 1921 2332 1976 minimus
2365 1934 2649 1985 numerus,
2688 1914 3039 1971 multitudine
3061 1912 3303 1985 quidem,

1726 2016 1848 2072 duae
1876 2022 1971 2073 aut
2020 2027 2128 2071 una
2176 2031 2189 2067 :
2218 2010 2595 2081 magnitudine
2622 2016 2825 2074 autem,
2858 2024 2967 2062 non
2995 2005 3260 2061 minimus
3291 2024 3305 2060 ε

1726 2106 1986 2163 minimus
2023 2119 2259 2174 namque
2288 2116 2551 2156 numerus
2607 2109 2695 2156 est
2722 2116 2865 2155 unus
2895 2108 2987 2154 aut
3013 2098 3161 2164 duo;
3194 2111 3311 2150 ma-

1727 2198 2010 2269 gnitudine
2039 2202 2219 2249 autem
2244 2192 2508 2248 minimus
2535 2207 2647 2247 non
2675 2198 2780 2249 est.
2811 2208 2831 2243 ι

1800 2290 1858 2345 Si
1904 2304 2015 2344 non
2057 2287 2283 2345 minima
2334 2301 2462 2357 pars
2494 2293 2599 2350 est,
2628 2285 2684 2341 in
2737 2285 2881 2339 linea
2922 2283 3141 2354 quidem
3168 2297 3310 2351 pun-

1726 2391 1899 2447 ctum,
1931 2378 1987 2433 in
2016 2388 2260 2449 tempore
2286 2392 2415 2432 vero
2445 2391 2710 2447 praesens,
2746 2373 2876 2445 quid
2907 2373 3126 2429 tandem
3158 2371 3311 2428 aliud

1726 2485 1812 2536 est
1842 2487 2102 2547 punctum
2128 2475 2184 2529 in
2216 2474 2380 2537 linea,
2405 2487 2647 2543 prasens
2676 2471 2731 2525 in
2759 2469 3045 2539 tempore?
3077 2467 3174 2523 Sin
3198 2483 3307 2522 non

1727 2570 1953 2624 minima
1987 2583 2113 2640 pars
2147 2573 2254 2630 est,
2290 2565 2385 2621 sed
2437 2563 2596 2619 linis:
2627 2562 2900 2632 quomodo
2928 2574 3059 2630 ergo
3100 2560 3220 2615 sine
3250 2574 3313 2615 re

1728 2660 1878 2717 ﬁnita
1911 2675 2019 2714 non
2068 2664 2247 2729 potest
2282 2671 2405 2711 esse
2444 2654 2591 2718 ﬁnis,
2622 2653 2740 2709 sine
2771 2652 2916 2709 linea
2949 2657 3131 2706 autem
3183 2663 3310 2704 esse

1729 2758 1909 2823 potest
1944 2758 2206 2821 punctum
2237 2749 2261 2805 ?
2288 2748 2373 2813 Et,
2417 2748 2463 2801 si
2498 2746 2699 2817 quibus
2745 2745 2801 2799 in
2848 2744 3014 2799 rebus
3061 2757 3173 2797 non
3226 2749 3313 2797 est

1729 2844 2041 2906 minimum,
2078 2842 2133 2895 in
2159 2840 2363 2896 eisdem
2385 2840 2547 2895 etiam
2574 2854 2683 2895 non
2706 2845 2790 2894 est
2813 2837 3144 2893 maximum:
3179 2850 3313 2904 quo-

1727 2933 1891 2991 modo
1920 2932 2128 3002 re.iqua
2157 2930 2393 3001 partium
2420 2929 2746 2994 dilTerentia,
2769 2926 2992 2983 maximi
3014 2933 3068 2983 et
3095 2924 3310 2980 minimi

1727 3024 2030 3087 diﬂerentia
2067 3024 2300 3088 sublata,
2326 3016 2609 3078 consistit?

1995 3217 2086 3272 37.
2122 3213 2205 3269 Ea:
2232 3214 2411 3268 eodem
2442 3208 2596 3273 libro,
2631 3208 2789 3273 ibid.,
2818 3222 2875 3275 p.
2899 3203 3027 3260 221.

1758 3304 1822 3347 "t
1841 3293 2052 3351 Idcirco
2080 3290 2428 3347 manifestum
2457 3294 2561 3349 est,
2580 3301 2641 3341 ea
2656 3300 2775 3356 quae
2803 3298 3018 3354 semper
3040 3287 3191 3343 sunt,
3217 3290 3312 3337 aut

1732 3402 1854 3459 qua:
1898 3400 2205 3459 nunquam,
2240 3399 2349 3439 non
2378 3396 2503 3437 esse
2533 3380 2589 3433 in
2620 3386 2896 3447 tempore:
2931 3390 3041 3428 non
3069 3372 3213 3428 enim
3243 3387 3311 3429 ea

1733 3479 2208 3552 circumplectitur
2242 3485 2476 3546 tempus,
2509 3486 2688 3543 neque
2735 3466 3096 3525 substantiam
3119 3479 3309 3519 eorum

1732 3581 1946 3642 tempus
1969 3570 2210 3625 metitur.
2227 3586 2245 3619 ι

1797 3661 2081 3730 Quomodo
2105 3657 2271 3729 igitur
2294 3662 2500 3710 motum
2551 3650 2743 3707 dixisti
2783 3660 2905 3704 esse
2938 3654 3224 3709 aeternum,
3256 3652 3313 3700 et

1732 3760 1945 3823 tempus
1978 3765 2263 3806 numerum
2296 3747 2459 3817 ejus?
2494 3746 2539 3799 A
2571 3745 2770 3816 quibus
2803 3756 3037 3811 namque
3063 3736 3309 3809 separari

1732 3854 1945 3913 tempus
1980 3857 2090 3896 non
2123 3846 2324 3911 potest,
2357 3853 2422 3894 ea
2455 3836 2571 3895 ﬁeri
2616 3851 2723 3891 non
2750 3840 2930 3905 potest
2957 3832 3088 3904 quin
3116 3830 3227 3886 sint
3252 3828 3308 3884 in

1731 3940 1995 4007 tempore.

2136 4026 2230 4085 58.
2259 4025 2346 4081 Ea:
2375 4025 2553 4080 eodem
2578 4022 2735 4087 libro,
2764 4021 2895 4077 ibid.

1805 4133 1823 4168 ι
1870 4113 2218 4183 Quaecunque
2257 4127 2361 4169 nec
2409 4119 2717 4170 moventur,
2766 4123 2868 4162 nec
2912 4105 3224 4178 quiescunt,
3251 4102 3310 4163 in

1730 4213 1975 4276 tempore
2001 4221 2109 4260 non
2131 4212 2287 4269 sunt;
2311 4218 2437 4256 nam
2466 4203 2519 4255 in
2541 4208 2785 4270 tempore
2812 4213 2956 4263 esse,
2988 4211 3305 4251 mensuram

1732 4302 1977 4366 tempore
2016 4294 2201 4349 subire
2219 4298 2343 4359 est;
2376 4297 2593 4364 tempus
2616 4296 2796 4343 autem
2826 4294 3009 4341 motus
3031 4293 3085 4341 et
3104 4284 3306 4357 quietis

1732 4402 2011 4443 mensura.
2053 4406 2072 4439 ι

114 4497 172 4548 Et
198 4496 259 4549 τὸ
295 4495 360 4551 ὃν
392 4497 451 4549 ὲν
479 4494 559 4566 τῷ
585 4496 781 4567 χρόνῳ,
814 4495 990 4551 ἐκεῖνο
1017 4498 1246 4551 κινεῖται
1278 4494 1371 4549 καὶ
1392 4494 1618 4564 ἠρεμεῖ·

1804 4480 1969 4553 568
2004 4479 2059 4535 Si
2108 4479 2163 4535 id
2211 4476 2358 4550 quod
2406 4478 2460 4531 in
2509 4483 2756 4545 tempore
2815 4478 2920 4539 est,
2961 4476 3212 4525 movetur
3252 4478 3307 4528 et

60 4590 267 4642 κινεῖται
307 4588 366 4640 δὲ
398 4586 683 4657 ὁ.οὐρανὸς
714 4586 852 4641 κατὰ
884 4586 975 4642 τὸν
1004 4584 1250 4656 λέγοντα,
1294 4584 1387 4638 καὶ
1432 4585 1632 4655 ἠρεμεῖ

62 4679 89 4748 ἡ
116 4680 181 4751 γῆ
197 4698 211 4712 ’
246 4682 304 4736 ἐν
326 4681 507 4753 χρόνῳ
534 4679 641 4752 ἄρα
667 4681 696 4733 6
718 4678 944 4753 οὐρανὸς
963 4680 1056 4733 καὶ
1080 4681 1113 4751 ἡ
1134 4679 1230 4749 γῆ,
1254 4678 1348 4733 καὶ
1371 4679 1404 4748 ἡ
1427 4676 1631 4730 τούτων

62 4770 254 4912 Ξίνησίς
298 4790 363 4826 τε
406 4771 501 4826 καὶ
542 4770 781 4844 ἠρεμία,
799 4771 910 4825 Καὶ
942 4771 990 4823 εί
1017 4770 1243 4842 γενητὸς
1271 4772 1299 4824 6
1330 4769 1541 4841 χρόνος,
1571 4768 1633 4836 ἐξ

94 4863 290 4935 νάγκης
323 4863 425 4936 (9).

183 5039 271 5094 '59.
325 5040 430 5093 Ἕκ
476 5038 746 5108 πέμπτου
778 5036 886 5109 (10)
918 5036 1103 5109 λόγου
1140 5033 1251 5103 τῆς
1281 5033 1469 5103 αὐτῆς

637 5108 1055 5179 πραῃιατείας.

126 5242 143 5275 ι
177 5226 340 5279 Ὥστε
371 5223 589 5297 ἀνάγκη
623 5223 688 5276 ἐκ
715 5221 824 5276 τῶν
854 5221 1159 5305 εἰρημένων
1191 5222 1337 5294 τρεῖς
1370 5215 1509 5274 εἶναι
1537 5236 1635 5300 μετ

150 5420 202 5492 7)
235 5422 331 5492 Ὡς
361 5416 499 5492 0%:-
526 5418 656 5491 Les.
683 5414 947 5492 πῷςρῦνο,

148 5481 199 5559 8S
224 5481 422 5547 Εἶὶιαι.
459 5481 1127 5560 Βεευῖηρειιεγιὴιιτείιιε
1154 5498 1220 5539 ex
1245 5481 1557 5560 Aristotele.

376 5552 681 5643 (ty-47.1119.-
699 5552 951 5643 -Ειρῖεηι
983 5552 1249 5643 lacurnam
1302 5552 1523 5643 Langus
1576 5559 1633 5636 et

70 5620 403 5703 Sylburgit'is,
427 5620 677 5703 addendo
692 5620 1040 5703 ἄρα’γενητος
1058 5626 1153 5680 καὶ
1177 5620 1405 5703 ουρεινδς
1425 5620 1518 5676 καὶ
1536 5624 1628 5694 γῆ.

134 5693 698 5772 (10)”Ἐκ’πέμοζτου.
731 5693 948 5772 ἰοήιςοξ
981 5698 1073 5772 hic
1117 5693 1494 5772 erat’lacuna,
1528 5693 1632 5772 nec

72 5766 273 5841 titulus,
301 5786 403 5833 nec
440 5766 737 5841 quidquam
759 5766 908 5835 aliud
935 5766 1215 5843 legebatur
1236 5769 1432 5840 praeter
1459 5770 1632 5829 extre-

1732 4573 1966 4645 qniescit
1988 4589 2003 4639 ;
2022 4578 2270 4626 movetur
2293 4578 2496 4633 autem,
2520 4574 2580 4620 ut
2601 4566 2778 4636 placet
2803 4564 2874 4629 ei,
2898 4563 2989 4633 qui
3019 4561 3123 4617 hoc
3146 4560 3304 4624 dixit,

1733 4665 1955 4727 calum,
1984 4669 2039 4717 et
2074 4660 2308 4732 quiescit
2341 4670 2523 4715 terra:
2557 4660 2611 4713 in
2660 4665 2905 4727 tempore
2945 4669 3075 4726 ergo
3105 4651 3306 4707 cmlum

1732 4765 1786 4817 et
1822 4765 1992 4819 terra,
2031 4768 2328 4823 eorumque
2384 4760 2439 4809 et
2495 4758 2676 4805 motus
2728 4757 2783 4805 et
2832 4748 3011 4817 quies.
3063 4744 3216 4812 Quod
3259 4745 3309 4799 si

1733 4848 1973 4919 genitum
2031 4854 2286 4917 tempus,
2340 4844 2652 4900 necessario
2710 4857 2927 4913 quoque
2992 4840 3193 4894 cmlum
3254 4847 3308 4897 et

1732 4948 1899 4998 terra.

1979 5030 2069 5088 59.
2102 5029 2188 5086 Ea:
2217 5028 2350 5097 libro
2375 5030 2559 5093 quinto
2588 5025 2823 5089 eiusdem
2865 5026 3058 5097 operis.

2221 5094 2317 5152 lib.
2350 5111 2402 5162 v,
2429 5112 2479 5153 c.
2514 5098 2567 5163 l,
2599 5112 2652 5168 p.
2684 5097 2812 5156 225.

1806 5228 1827 5263 ι
1868 5208 2006 5266 Tres
2039 5222 2162 5264 esse
2205 5207 2611 5264 vicissitudines
2661 5205 2778 5261 sive
2819 5203 3169 5263 mutationes,
3200 5212 3269 5253 ne

1732 5426 1851 5471 mas
1880 5424 2043 5467 voces
2064 5408 2208 5473 illas,
2241 5406 2300 5472 ἐξ
2323 5406 2677 5477 ὑποκειμένου
2705 5406 2785 5467 εἰς
2800 5403 2898 5477 οὐχ
2922 5397 3299 5477 ὑποκείμενον.

1735 5466 1867 5548 Quae
1896 5479 2125 5536 deerant
2157 5466 2438 5548 mutuatus
2472 5466 2555 5548 est
2589 5466 2807 5548 Langus
2841 5466 2909 5525 ab
2949 5472 3068 5548 ipso
3086 5466 3300 5520 Aristo~

1734 5541 1859 5607 iclis
1924 5558 2077 5604 textu
2137 5555 2193 5602 et
2262 5547 2319 5601 in
2377 5541 3178 5611 Latinamrinterpretationem
3228 5550 3300 5611 ea

1734 5606 2054 5683 transtulit;
2112 5616 2303 5673 Graeca
2358 5615 2610 5685 apposuit
2640 5606 2961 5685 Sylburgius
3021 5609 3073 5662 in
3118 5606 3297 5685 Notis.

1732 5677 2160 5748 Convenien'tius
2190 5688 2369 5740 visum
2392 5677 2477 5737 est
2502 5698 2567 5738 ea
2591 5682 2645 5735 in
2675 5677 3193 5750 ipsum'contextutn
3213 5677 3299 5735 ὶιιο

1735 5762 1957 5828 ducere,
1982 5768 2039 5817 et
2065 5772 2165 5816 sua
2186 5753 2462 5811 Aristoteli
2488 5750 2737 5809 reddere.
