3662 6478
351 349 480 404 1551

1092 345 1457 404 APPENDIX.
1498 380 1562 388 —
1596 348 1780 404 PARS
1817 351 1857 404 Ι.
1897 351 1954 405 S.
1994 349 2256 406 JUSTINI
2295 349 2525 406 OPERA
2562 349 2840 407 SPURIA.

3472 351 3585 410 1632

349 480 506 520 cesse
543 473 666 518 est:
713 477 833 517 eam
862 478 985 534 qua:
1015 479 1079 517 ex
1107 465 1357 535 subjecto
1407 466 1462 520 in
1511 465 1845 536 subjectum,
1875 483 1897 520 ε

2103 468 2262 532 ϐολάς
2281 485 2293 499 ο
2317 470 2417 539 τήν
2443 486 2502 521 τε
2533 467 2592 532 ἐξ
2621 465 2986 539 ὑποκειμένου
3016 468 3098 531 εἰς
3125 465 3491 536 ὑποκείμενον,
3515 473 3585 524 καὶ

348 569 469 609 eam
501 569 623 624 qua:
653 569 722 608 ex
780 555 1037 624 subjecto
1068 556 1122 610 in
1165 573 1275 611 non
1317 559 1650 627 subjectum,
1685 574 1786 613 nec
1822 574 1931 613 non

345 661 467 700 eam
498 661 619 715 quae
645 661 712 700 ex
745 661 854 699 non
879 646 1129 715 subjecto
1170 648 1224 702 in
1255 649 1560 718 subjectqu
1587 649 1664 703 lit.
1691 648 1764 702 Ea
1788 649 1931 704 enim

346 751 471 806 quae
493 751 559 790 ex
587 751 697 790 non
729 736 978 805 subjecto
1017 737 1072 790 in
1110 753 1220 792 non
1256 739 1564 808 subjectum
1609 738 1688 803 ﬁt,
1717 741 1935 796 vicissi-

352 830 486 884 tudo
518 845 614 884 seu
649 832 884 883 mutatio
911 846 1020 884 non
1052 841 1156 895 est,
1187 847 1252 886 eo
1298 833 1443 902 quod
1474 849 1582 888 non
1615 836 1686 888 sit
1718 850 1815 904 per
1836 851 1934 906 op-

347 923 675 991 positionem
700 943 710 976 :
756 939 932 993 neque
963 924 1109 978 enim
1139 929 1580 995 repugnantiam,
1608 945 1788 998 neque
1807 944 1934 982 con-

349 1015 732 1070 tradictionem
769 1017 951 1072 habet.
983 1017 1056 1070 Ea
1075 1034 1196 1088 qua:
1218 1035 1282 1073 ex
1316 1036 1423 1073 non
1457 1021 1706 1089 subjecto
1728 1021 1782 1074 in
1804 1021 1935 1075 sub-

344 1107 550 1176 jectum
587 1109 643 1161 lit
691 1110 940 1172 mutatio,
985 1125 1081 1179 per
1106 1111 1623 1179 contradictionem,
1656 1112 1935 1182 generatio

353 1209 438 1257 est
459 1220 473 1268 ;
497 1217 558 1256 ea
584 1217 714 1255 vero
737 1218 857 1272 quze
884 1219 949 1258 ex
981 1204 1232 1274 subjecto
1272 1206 1326 1259 in
1357 1223 1465 1261 non
1489 1207 1818 1276 subjectum,
1850 1208 1937 1262 in-

355 1295 570 1346 teritus.
606 1313 624 1344 ι

423 1384 702 1454 Nusquam
733 1385 987 1441 videlicet
1019 1389 1265 1451 materia,
1306 1404 1468 1457 quam
1517 1404 1682 1460 supra
1711 1390 1936 1445 dicebas

351 1477 654 1546 subjectam
697 1480 777 1532 eis
817 1495 939 1550 qua:
964 1481 1262 1550 gignuntur
1281 1490 1334 1535 et
1357 1481 1653 1543 intereunt,
1691 1480 1776 1534 his
1808 1481 1933 1552 qui-

348 1569 496 1632 dem,
548 1579 812 1641 tanquam
862 1587 926 1626 ex
973 1588 1123 1640 quo;
1171 1571 1258 1626 his
1308 1580 1512 1637 autem,
1564 1579 1824 1641 tanquam
1877 1571 1935 1628 in

348 1662 612 1804 Ψιοᾶίυ.
654 1750 734 1802 Ex
765 1750 945 1804 eodem
985 1750 1138 1802 libro.
1165 1749 1316 1814 ibid.,
1355 1767 1404 1805 c.
1438 1751 1489 1815 4,
1527 1764 1579 1817 p.
1614 1749 1742 1803 271.

423 1863 441 1892 ι
481 1842 636 1908 Quod
661 1846 806 1898 cnim
838 1861 944 1898 non
983 1845 1164 1899 album
1195 1854 1277 1900 est
1300 1856 1393 1899 aut
1428 1863 1533 1899 non
1569 1847 1795 1910 bonum,
1819 1861 1933 1900 mo-
1965 1848 2003 1902 Β

352 1935 465 1986 veri
490 1943 670 1990 tamen
705 1952 800 2005 per
820 1937 1076 1992 accidens
1110 1944 1308 2007 potest.
1344 1937 1426 1991 Sit
1451 1939 1596 1992 enim
1627 1939 1790 1991 homo
1821 1953 1931 1991 non

351 2027 554 2081 album.
581 2026 733 2092 Quod
762 2039 940 2082 autem
975 2031 1200 2082 omnino
1222 2045 1327 2083 non
1356 2037 1440 2083 est
1461 2037 1669 2084 certum
1701 2028 1855 2099 quid,
1881 2029 1934 2082 id

351 2116 691 2172 nullatenus.
734 2117 921 2188 Neque
955 2118 1100 2172 enim
1133 2118 1249 2173 fleri
1299 2127 1498 2188 potest,
1528 2127 1589 2173 ut
1629 2118 1776 2190 quod
1823 2135 1936 2175 non

348 2215 433 2259 est
457 2217 758 2263 moveatur.
800 2228 818 2259 ι

415 2294 472 2349 Si
526 2298 638 2352 ﬁeri
693 2315 801 2352 non
851 2307 1052 2372 potest,
1110 2307 1171 2352 ut
1226 2315 1293 2353 ex
1350 2315 1439 2363 eo,
1501 2299 1643 2368 quod
1675 2315 1784 2354 non
1825 2315 1937 2354 mo-

349 2398 530 2454 vetur,
588 2402 880 2460 generetur
934 2394 1268 2455 substantia,
1328 2409 1425 2447 nec
1485 2400 1754 2456 movetur,
1789 2395 1935 2464 quod

352 2479 578 2531 omnino
635 2495 744 2533 non
816 2490 900 2536 est
961 2490 1172 2535 certum
1236 2481 1369 2552 quid
1431 2483 1582 2553 (ﬁeri
1639 2483 1778 2536 enim
1833 2501 1936 2537 non

351 2580 540 2637 potest,
593 2582 648 2623 ut
681 2573 822 2642 quod
875 2591 978 2627 non
1039 2584 1117 2628 est
1169 2586 1502 2645 moveatur);
1537 2576 1815 2645 quomodo
1867 2592 1936 2632 ex

351 2665 604 2725 materia,
641 2682 762 2734 quae
792 2683 898 2720 non
944 2676 1028 2722 est
1071 2679 1280 2723 certum
1315 2669 1468 2739 quid,
1513 2668 1655 2723 facta
1706 2685 1937 2739 prorsus

351 2765 434 2809 est
469 2756 778 2811 substantia
808 2759 832 2811 ?

492 2869 581 2924 Η.
622 2869 703 2922 Ea:
731 2870 865 2923 libro
888 2888 1023 2924 nono
1052 2870 1284 2937 ejusdem
1313 2873 1792 2930 commentationis.

845 2942 940 2997 lib.
973 2959 1092 3004 \‘m,
1122 2960 1172 2997 c.
1207 2945 1256 3006 l,
1289 2961 1340 3008 p.
1366 2945 1489 3000 251.

430 3048 446 3079 ι
491 3028 547 3082 Si
593 3047 693 3085 nec
737 3047 860 3086 esse
911 3049 1009 3087 nec
1045 3033 1274 3102 intelligi
1327 3042 1504 3102 potest
1554 3041 1772 3103 tempus
1818 3033 1939 3087 sine

353 3124 630 3191 praesenti,
663 3141 906 3194 pnesens
937 3134 1118 3179 autem
1151 3126 1389 3179 medium
1409 3126 1666 3194 quiddam
1698 3135 1805 3188 est,
1839 3126 1939 3180 ini-

2035 559 2134 629 τὴν
2167 559 2225 624 ἐξ
2260 560 2611 630 ὑποκειμένου
2647 563 2729 623 εἰς
2766 558 2840 630 μὴ
2884 559 3271 628 ὑποκεξμενον,
3307 558 3393 610 καὶ
3423 560 3512 630 τὴν
3539 565 3588 615 ix

2040 650 2112 721 μὴ
2141 652 2497 720 ὑποκειμένου
2531 653 2608 714 εἰς
2635 651 3014 721 ὑποκείμενον.
3047 651 3111 702 Ἢ
3147 649 3259 720 γὰρ
3292 652 3353 702 ὲκ
3388 649 3456 720 μὴ
3487 651 3588 703 ὑπο-

2038 744 2289 813 κειμένου
2336 744 2414 804 εἰς
2457 741 2528 812 μὴ
2574 743 2937 813 ὑποκείμενον
2969 741 3072 794 οὐκ
3104 740 3188 792 ἔτι
3226 740 3589 811 μεταϐολὴ,διὰ

2034 836 2096 888 τὸ
2132 837 2206 906 μὴ
2242 832 2380 889 εἶναι
2415 835 2532 889 κατ’
2568 834 2874 888 ἀντίθεσινο
2914 832 3038 886 οὔτε
3072 831 3186 904 γὰρ
3233 832 3463 894 ἐναντία,
3493 833 3590 887 οὔτε

2037 928 2320 997 ἀντίφασίς
2354 933 2518 982 ἐστιν.
2565 929 2624 980 Ἦ
2667 927 2766 998 μὲν
2798 922 2892 980 οὖν
2925 925 2984 990 ἐξ
3017 926 3113 992 οὐχ
3156 925 3502 995 ὑποκειμένου
3531 928 3591 990 εἰς

2038 1021 2394 1091 ὑποκείμενον
2431 1019 2702 1091 μεταϐολὴ
2736 1021 2857 1072 κατ’
2883 1017 3174 1087 ἀντίφασιν
3205 1016 3416 1085 γένεσίς
3446 1020 3588 1070 ἐστιν·

2035 1117 2069 1185 ἡ
2101 1115 2146 1167 δ’
2181 1113 2240 1178 ἐξ
2272 1113 2625 1184 ὑποκειμένου
2662 1115 2744 1180 εἰς
2781 1112 2880 1184 οὐχ
2911 1109 3280 1180 ὑποκείμενον
3313 1109 3491 1181 φθορά.
3521 1129 3535 1160 ι

2103 1399 2351 1470 Οὑδαμοῠ
2403 1400 2508 1472 ἄρα
2553 1403 2584 1472 ἡ
2637 1399 2762 1470 ὕλη,
2809 1400 2876 1470 ἣν
2922 1395 3076 1463 εἶπες
3120 1402 3179 1452 ὲν
3231 1402 3347 1462 τοῖς
3380 1398 3592 1469 ἀνωτέρω

2039 1492 2402 1562 ὑποκειμένην
2435 1495 2543 1556 τοῖς
2575 1493 2881 1562 γινομένοις
2900 1509 2956 1544 τε
2981 1494 3076 1545 καὶ
3103 1491 3591 1566 φθειρομένοις-,τοῖς

2041 1581 2142 1652 μὲν
2169 1582 2244 1646 ὡς
2278 1583 2335 1649 ἐξ
2368 1577 2450 1648 οὗ,
2484 1586 2594 1646 τοῖς
2625 1583 2684 1636 δὲ
2717 1581 2792 1645 ὼς
2826 1584 2906 1644 εἰς
2938 1585 2985 1634 6.

2421 1759 2508 1816 40.
2554 1761 2654 1814 Ἐκ
2680 1759 2784 1814 τοῦ
2823 1760 3013 1813 αὑτοῦ
3038 1761 3253 1828 λόγου.

2107 1871 2125 1902 ι
2163 1851 2236 1904 Τὸ
2283 1852 2381 1922 μὲν
2413 1851 2519 1924 γὰρ
2556 1852 2628 1922 μὴ
2675 1850 2870 1905 λευκὸν
2904 1851 2936 1922 ἢ
2975 1851 3050 1922 μὴ
3085 1851 3320 1919 ἀγαθὸν,
3356 1854 3493 1923 ὅμως
3523 1856 3586 1906 ἐν·

2036 1943 2248 2013 δέχεται
2274 1944 2532 1996 κινεῖσθαι
2567 1943 2708 1996 κατά
2744 1943 3128 2015 συμϐεϐηκός·
3166 1944 3255 2014 εἴη
3293 1943 3400 2014 γὰρ
3432 1945 3592 2014 ἀνθρω-

2041 2052 2138 2095 πος
2163 2035 2223 2088 τὸ
2260 2035 2332 2106 μὴ
2361 2035 2570 2087 λευκόν·
2610 2035 2672 2088 τὸ
2705 2035 2761 2088 δὲ
2798 2034 2988 2098 ἁπλῶς
3027 2035 3114 2106 μὴ
3149 2037 3296 2100 τόδε,
3345 2037 3588 2106 οὐδαμῶς·

2038 2127 2298 2180 ἀδύνατον
2325 2127 2434 2200 γὰρ
2469 2128 2532 2181 τὸ
2569 2128 2643 2199 μὴ
2676 2127 2737 2180 δν
2776 2125 3066 2179 κινεῖσθαι.
3115 2148 3133 2178 ο

2106 2309 2167 2361 El
2203 2310 2266 2362 ἐκ
2291 2307 2384 2361 τοῦ
2412 2307 2485 2378 μὴ
2515 2308 2830 2380 κινουμένου
2859 2306 3121 2360 ἀδύνατον
3140 2307 3393 2376 γενέσθαι
3422 2306 3590 2367 οὐσίαν,

2040 2402 2133 2454 καὶ
2163 2401 2226 2454 τὸ
2257 2400 2442 2464 ἁπλῶς
2486 2400 2601 2453 τόδε
2632 2401 2708 2470 μὴ
2736 2399 2792 2451 ὃν
2824 2399 3082 2468 οὐδαμῶς
3119 2403 3358 2452 κινεῖται
3394 2398 3596 2468 (ἀδύνα-

2036 2509 2142 2545 τον
2175 2492 2284 2562 γὰρ
2313 2490 2378 2544 τὸ
2408 2491 2492 2559 μὴ
2531 2490 2601 2544 ὃν
2635 2492 2982 2556 κινεῖσθαι)·
3021 2489 3139 2552 πῶς
3178 2491 3403 2559 γέγονεν
3433 2492 3490 2542 ἐκ
3517 2488 3594 2556 τῆς

2039 2583 2169 2655 ὕλης
2201 2584 2355 2637 οὐσία
2388 2583 2591 2648 ἁπλῶς,
2626 2583 2746 2636 τόδε
2780 2601 2836 2636 τι
2868 2584 2968 2636 οὐκ
2995 2581 3203 2653 οὔσης;

2231 2866 2317 2920 Η.
2354 2867 2448 2920 Ἐκ
2475 2867 2578 2921 τοῦ
2607 2867 2863 2920 ἑννὰτου
2895 2869 3084 2954 ,1ργου
3110 2867 3224 2936 τῆς
3246 2867 3424 2936 αὐτῆς

2617 2952 3041 3008 πραγματείας.

2113 3048 2132 3080 ‹
2175 3028 2246 3086 El,
2270 3030 2324 3084 δὲ
2353 3029 2611 3083 ἀδύνατον
2642 3025 2783 3084 εἶναι
2806 3032 2853 3101 (l
2871 3031 2917 3100 ι)
2943 3032 3037 3085 καὶ
3061 3032 3256 3101 νοῆσαι
3290 3035 3476 3103 χρόνον
3495 3035 3594 3086 ἀνευ

2037 3120 2134 3177 τοῦ
2166 3123 2281 3187 νῦν,
2316 3123 2377 3177 τὸ
2408 3124 2464 3178 δὲ
2497 3125 2590 3177 νῦν
2625 3126 2862 3196 μεσότης
2912 3143 3026 3188 τις,
3064 3126 3160 3178 καὶ
3205 3126 3380 3197 ἀρχὴν
3412 3128 3495 3179 καὶ
3530 3143 3593 3179 τε-

351 3215 488 3289 tium
516 3224 569 3269 et
599 3218 759 3271 finem
790 3219 1016 3279 habens,
1048 3218 1263 3271 initium
1297 3219 1518 3287 quidem
1545 3219 1734 3282 futuri,
1770 3218 1897 3282 ﬁne!

2103 3215 2231 3286 υτὴν
2276 3217 2417 3288 ἔχον,
2459 3217 2572 3271 ἀλλ’
2605 3217 2779 3288 ἀρχὴν
2816 3219 2917 3288 μὲν
2959 3217 3055 3271 τοῦ
3108 3219 3370 3289 ἐσομένου
3414 3219 3588 3289 χρόνου,

353 3314 536 3360 autem
570 3309 859 3380 prmteriti;
893 3326 1118 3362 necesse
1140 3319 1223 3362 est
1265 3325 1480 3379 semper
1525 3325 1649 3365 esse
1696 3318 1930 3380 tempus.

352 3396 489 3451 Nam
524 3399 648 3452 ﬁnis
692 3401 974 3470 postremi,
1013 3400 1157 3472 quod
1193 3410 1532 3469 assumptum
1562 3409 1666 3465 est,
1723 3410 1937 3463 tempo-

353 3491 432 3544 ris
459 3500 544 3544 est
578 3507 838 3560 praesens.
872 3491 1015 3545 Nihil
1045 3493 1191 3546 enim
1230 3500 1410 3563 potest
1445 3494 1498 3546 in
1554 3501 1797 3565 tempore
1838 3511 1935 3564 ap-

350 3583 613 3650 prehendi
643 3593 838 3653 prazter
871 3601 1133 3656 prmsens.
1161 3584 1342 3656 Quare
1362 3586 1489 3657 quia
1523 3585 1737 3640 initium
1773 3595 1856 3642 est
1883 3596 1936 3642 et

352 3672 498 3737 ﬁnis,
533 3690 759 3730 necesse
793 3684 877 3730 est
912 3678 1050 3730 citra
1085 3685 1140 3730 ct
1187 3677 1328 3730 ultra
1363 3692 1488 3731 esse
1539 3684 1787 3748 tempus;
1839 3679 1936 3733 sed

352 3767 400 3821 si
438 3774 672 3840 tempus,
709 3769 872 3822 etiam
907 3777 960 3822 et
995 3777 1200 3822 motum
1238 3785 1466 3824 necesse
1498 3776 1604 3835 est,
1641 3772 1770 3844 quia
1799 3779 1938 3826 tem-

353 3875 455 3929 pus
484 3862 770 3931 perpessio
800 3869 886 3916 est
920 3871 1124 3916 motus.
1166 3881 1184 3914 ι

427 3950 525 4006 llis
585 3954 786 4007 astruit
841 3954 1166 4008 Aristoteles
1214 3953 1414 4008 coelum
1473 3969 1596 4018 esse
1645 3962 1932 4011 aeternum.

350 4039 487 4095 Nam
524 4043 568 4097 si
612 4043 851 4097 medium
901 4045 1162 4114 quiddam
1199 4054 1282 4100 est
1315 4053 1368 4100 et
1416 4045 1631 4099 initium
1691 4055 1744 4102 et
1776 4047 1933 4113 linis,

351 4136 514 4188 etiam
547 4151 763 4207 semper
794 4140 1047 4208 utrinque
1081 4146 1299 4212 tempus
1360 4139 1545 4202 habet,
1590 4155 1700 4210 quo
1758 4141 1937 4210 posito

352 4227 602 4296 sequitur
634 4230 951 4283 necessario
985 4238 1202 4300 tempus
1232 4237 1495 4285 aeternum
1525 4250 1538 4286 :
1564 4241 1615 4286 et
1642 4233 1686 4286 si
1721 4241 1934 4304 tempus

350 4327 612 4373 mter-num
635 4364 649 4386 ,
687 4329 742 4374 et
773 4330 955 4376 motus
990 4322 1311 4376 necessario
1344 4331 1428 4377 est
1457 4331 1719 4388 internus,
1775 4325 1936 4391 cujus

350 4417 566 4480 tempus
587 4421 670 4466 est
695 4429 993 4479 numerus;
1023 4424 1075 4467 et
1102 4415 1146 4467 si
1181 4421 1363 4467 motus
1395 4424 1479 4469 est
1528 4424 1791 4482 :etcrnus,
1840 4433 1936 4472 ne-

2035 3309 2290 3381 τελευτὴν
2322 3310 2378 3364 δὲ
2407 3309 2501 3364 τοῦ
2541 3310 2906 3382 παρελθόντος
2925 3328 2938 3340 ·
2975 3311 3194 3380 ἀνάγκη
3243 3311 3332 3364 ἀεὶ
3363 3305 3492 3362 εἶναι
3522 3307 3591 3358 τὸν

2037 3407 2246 3478 χρόνον.
2265 3405 2340 3457 Τὸ
2360 3405 2469 3477 γὰρ
2488 3405 2714 3475 ιἔσχατον
2733 3403 2827 3457 τοῦ
2847 3403 3162 3456 τελευταίου
3179 3402 3472 3473 ληφθέντος
3489 3401 3591 3471 194-

2038 3516 2128 3551 νου
2160 3498 2222 3551 τὸ
2253 3497 2349 3550 νῦν
2380 3499 2548 3550 ἐστιν.
2584 3496 2751 3550 Οὐδὲν
2781 3496 2892 3568 γὰρ
2916 3495 3030 3549 ἔστι
3058 3496 3249 3548 λαϐεῖν
3280 3499 3338 3549 ὲν
3357 3494 3589 3564 crpus/any

2038 3589 2186 3662 παρὰ
2221 3589 2282 3643 τὸ
2314 3589 2438 3642 νῦνο
2495 3589 2636 3642 ὥστε
2682 3589 2801 3642 ἐπεί
2850 3591 3002 3641 ἐστιν
3050 3588 3196 3663 ἀρχὴ
3237 3588 3334 3641 καὶ
3378 3586 3585 3652 τελευτὴ.

2037 3682 2249 3752 ἀνάγκη
2284 3683 2371 3735 ἐπ’
2401 3681 2684 3752 ἀμφότερα
2718 3677 2856 3735 εἶναι
2879 3681 2988 3750 (19.)
3024 3683 3253 3753 χρόνονο
3287 3681 3398 3734 ἀλλ’
3429 3683 3474 3731 εἰ
3495 3679 3589 3748 1y,

2038 3787 2146 3834 νον,
2184 3773 2394 3843 ἀνάγκη
2430 3771 2523 3824 καὶ
2555 3769 2788 3842 κίνησιν,
2825 3769 2989 3840 εἰπερ
3023 3771 3052 3820 6
3087 3769 3283 3838 χρόνος
3318 3765 3474 3828 πάθος
3501 3764 3591 3816 ἐπὶ

2039 3865 2160 3935 κινή
2169 3875 2322 3927 σεως.
2371 3883 2388 3914 ι

2122 3957 2211 4008 Ἑν
2271 3955 2480 4018 τούτοις
2551 3953 2953 4016 κατασκευάζει
3006 3953 3035 4004 ὁ
3111 3951 3482 4022 Ἀριστοτέλης
3521 3950 3588 4000 τὸν

2037 4047 2267 4118 οὐρανὸν
2315 4044 2454 4100 εἶναι
2490 4047 2676 4100 ἀΐδιον.
2714 4047 2775 4098 Ei
2808 4045 2920 4117 γάρ
2958 4046 3198 4116 μεσότης
3243 4063 3331 4108 τις
3375 4045 3481 4097 ἐστὶ
3518 4043 3586 4094 καὶ

2038 4138 2179 4210 ἁρχὴ
2216 4140 2306 4192 καὶ
2338 4138 2582 4210 τελευτὴ,
2628 4138 2724 4190 καὶ
2758 4135 3103 4207 ἑκατέρωθεν
3137 4137 3228 4188 ἀεὶ
3272 4135 3384 4204 ἔχει
3417 4134 3584 4203 χῴδον.

2037 4225 2082 4300 ᾧ
2119 4232 2323 4286 τεθέντι
2357 4231 2666 4300 ἀναγκαίως
2697 4229 2895 4281 ἕπεται
2928 4229 2988 4280 τὸ
3020 4229 3114 4280 τὸν
3142 4228 3339 4297 χρόνον
3366 4223 3488 4279 εἶναι
3521 4225 3584 4274 ii-

2036 4319 2148 4378 διον
2166 4343 2178 4354 ·
2218 4325 2309 4378 καὶ
2342 4326 2388 4376 εἰ
2421 4326 2448 4376 6
2469 4323 2658 4393 χρόνος
2689 4321 2881 4384 ἀΐδιος,
2906 4321 3000 4373 καὶ
3021 4322 3055 4389 ἡ
3076 4320 3294 4388 κίνησις
3315 4318 3371 4382 ἐξ
3389 4319 3585 4383 ἀνάγκης

2038 4415 2186 4467 ἐστὶν
2237 4415 2404 4477 ἀΐδιος
2452 4409 2520 4484 ἦς
2569 4413 2595 4464 6
2648 4413 2840 4482 χρόνος
2888 4412 3033 4463 ἐστὶν
3069 4410 3344 4482 ἀριθμός·
3384 4409 3466 4461 καὶ
3497 4408 3582 4470 εἰῇ

351 4502 594 4556 cessario
633 4509 686 4558 et
720 4519 922 4574 corpus
969 4505 1115 4574 quod
1179 4516 1448 4566 movetur,
1503 4515 1764 4560 internum
1827 4515 1897 4561 esl

2103 4523 2251 4577 νησις
2283 4505 2469 4568 ἀΐδιος,
2506 4504 2564 4568 ἐξ
2602 4503 2848 4572 ἀνάγκης
2883 4503 2977 4555 καὶ
3019 4501 3081 4553 τὸ
3120 4501 3432 4572 κινούμενον
3464 4497 3583 4564 σῶμα

352 4594 487 4648 lllud
519 4603 699 4649 autem
735 4597 974 4651 absurde
1007 4605 1341 4650 comternum
1375 4612 1498 4651 esse
1529 4599 1751 4663 statuit;
1787 4598 1932 4670 quod

351 4684 570 4754 quidem
601 4687 681 4740 sic
707 4687 972 4756 arguitur.
1005 4686 1474 4754 Quemadmodum
1509 4689 1652 4742 enim
1682 4690 1771 4743 lict
1803 4699 1936 4743 tem-

351 4792 453 4844 pus
482 4777 746 4842 futurum,
783 4779 856 4832 ita
888 4778 1092 4832 factum
1119 4787 1203 4834 est
1236 4788 1288 4835 et
1313 4781 1669 4852 prmteritum.
1708 4781 1812 4836 Sed
1851 4781 1936 4834 fu-

351 4877 533 4920 turum
567 4876 804 4940 tempus,
838 4882 896 4924 ut
926 4871 1142 4924 initium
1172 4871 1413 4931 habebit,
1441 4872 1604 4943 569
1633 4877 1704 4926 ita
1725 4881 1778 4928 et
1806 4887 1938 4946 prae-

351 4959 574 5011 teritum
612 4971 828 5029 tempus
861 4963 1052 5016 habuit
1091 4961 1344 5027 initium;
1376 4970 1429 5015 et
1472 4962 1934 5032 quemadmodum

353 5049 485 5101 nihil
514 5050 774 5118 praeteriti
810 5051 1077 5122 temporis
1105 5058 1189 5105 est
1213 5051 1267 5104 in
1302 5051 1512 5119 futuro,
1535 5053 1606 5107 ita
1639 5069 1739 5108 nec
1761 5053 1933 5107 futuri

353 5141 408 5194 in
439 5142 717 5210 praesenti.
754 5141 859 5197 Sed
890 5144 935 5199 si
968 5143 1022 5198 id
1051 5143 1200 5213 quod
1231 5159 1377 5198 nunc
1413 5161 1657 5215 prmsens
1688 5157 1794 5210 est,
1836 5163 1938 5202 ens

353 5239 439 5284 est
472 5239 527 5286 et
561 5232 753 5298 adest,
806 5231 1054 5286 futurum
1089 5242 1272 5288 autem
1322 5234 1566 5289 nondum
1601 5245 1705 5300 est,
1760 5252 1938 5308 neque

353 5337 454 5377 ens
484 5332 590 5386 est,
617 5339 794 5394 neque
823 5324 1015 5390 adest;
1049 5341 1160 5379 non
1195 5343 1326 5397 ergo
1358 5327 1409 5382 id
1444 5328 1586 5398 quod
1618 5345 1765 5383 nunc
1796 5346 1937 5400 prce-

357 5429 484 5471 sens
511 5426 595 5473 est
630 5417 846 5472 initium
878 5426 964 5473 est
990 5417 1160 5472 futuri
1193 5421 1478 5490 temporis,
1503 5405 1615 5476 sed
1663 5423 1809 5492 quod
1854 5423 1940 5482 fu-

430 5593 543 5659 (Η)
571 5590 758 5649 Εἶναι.
784 5593 1113 5648 Aristoteles
1137 5595 1229 5647 καὶ
1263 5591 1418 5649 εἶναι.

434 5663 546 5735 μὲ)
572 5659 1026 5735 Eirai._Additur
1052 5664 1138 5735 ἀεί
1162 5665 1304 5735 apud
1331 5666 1572 5720 Aristote
1595 5681 1702 5720 em.

435 5730 547 5799 (ίδ)
583 5731 1038 5806 Τὴνμέλλεγενη
1071 5730 1214 5806 ἔχειῖ
1255 5735 1385 5805 Leg.
1425 5736 1615 5806 ὥσπερ
1670 5734 1779 5806 τὴν.
1809 5734 1937 5806 μέλ-

373 5796 568 5856 λουσαν
603 5796 848 5870 γενέσθαι
878 5796 987 5874 ἔχει
1017 5796 1217 5875 ἀρχὴν,
1255 5796 1397 5859 οὖῖω
1439 5807 1530 5860 καὶ
1553 5796 1593 5858 ὅ
1628 5796 1930 5872 παρελθών.

2037 4596 2205 4650 ἀΐδιόν
2265 4598 2399 4648 ἐστι.
2451 4594 2621 4648 Τοῦτο
2671 4593 2728 4645 δὲ
2785 4593 3005 4656 ἀτόπως
3052 4592 3219 4662 ἔθηκε
3264 4593 3327 4645 τὸ
3368 4590 3581 4645 συναῖδιον

2038 4685 2174 4742 εἶναι
2195 4705 2207 4718 ο
2241 4690 2333 4742 καὶ
2364 4687 2746 4758 ἐλεγχθήσεται
2770 4685 2964 4748 οὕτως.
3015 4685 3104 4741 Ὠς
3136 4684 3250 4755 γὰρ
3285 4683 3581 4755 γενήσεταιὸ

2041 4779 2246 4850 μέλλων
2286 4777 2533 4847 γίνεσθαι
2567 4777 2774 4848 χρόνος,
2808 4775 2985 4839 οὕτως
3015 4777 3209 4844 γέγονε
3245 4779 3342 4830 καὶ
3372 4781 3398 4830 6
3421 4775 3578 4844 παρελ·

2041 4870 2171 4922 θών.
2211 4869 2348 4921 Ἀλλ’
2397 4871 2426 4922 6
2471 4867 2681 4939 μέλλων
2732 4865 2977 4936 γίνεσθαι
3035 4866 3251 4936 χρόνος,
3298 4867 3471 4936 ὥσπερ
3505 4862 3578 4928 τὴν

2042 4963 2338 5034 μέλλουσαν
2369 4960 2622 5031 γενέσθαι
2653 4959 2764 5030 ἔχει
2796 4957 2927 5028 (15),
2964 4957 3141 5021 οὕτως
3175 4960 3269 5011 xui.
3297 4961 3395 5031 τὴν
3420 4958 3573 5027 ἀρχὴν·

2039 5056 2132 5108 καὶ
2170 5053 2358 5124 ὥσπερ
2389 5051 2540 5105 οὐδὲν
2576 5050 2668 5104 τοῦ
2703 5049 3062 5122 παρελθόντος
3105 5052 3257 5103 ἐστὶν
3307 5055 3365 5104 ὲν
3389 5051 3454 5120 τῷ
3482 5048 3577 5117 ps?-

2039 5146 2202 5206 λοντι.
2231 5145 2402 5208 οὕτως
2432 5144 2553 5196 οὐδὲ
2571 5143 2679 5212 (14)
2705 5141 2796 5194 τοῦ
2829 5141 3115 5212 μέλλοντός
3131 5143 3281 5195 ἐστιν
3312 5144 3369 5195 ὲν
3391 5143 3457 5211 τῷ
3476 5155 3574 5206 περ·

2037 5237 2168 5291 όντι.
2205 5238 2342 5291 Ἀλλ’
2370 5239 2418 5289 εἰ
2441 5237 2502 5289 τδ
2525 5237 2618 5289 νῦν
2643 5237 2702 5288 ὅν
2733 5237 2845 5288 ἐστι
2873 5234 2966 5286 καὶ
3000 5233 3256 5306 πάρεστι,
3277 5234 3401 5288 τὸδὲ
3427 5231 3572 5304 μέλλον

2039 5329 2192 5383 οὔπω
2235 5330 2402 5392 ἐστὶν,
2442 5327 2566 5382 οὔτε
2605 5326 2684 5390 ὃν,
2715 5324 2838 5378 οὔτε
2887 5324 3095 5396 παρόν·
3126 5325 3230 5378 οὐκ
3283 5327 3390 5398 ἀρα
3417 5319 3573 5377 ἐστὶτὺ

2041 5419 2212 5490 παρὸν
2239 5417 2334 5471 νῦν
2361 5417 2502 5488 ἀρχὴ
2527 5416 2620 5469 τοῦ
2652 5415 2934 5487 μέλλοντος
2958 5414 3177 5487 χρόνου,
3197 5415 3332 5470 ἀλλὰ
3354 5415 3409 5468 τὸ

2139 5599 2226 5666 li)
2277 5597 2448 5652 Οὐδέ.
2507 5593 2816 5665 Legendum
2865 5602 3023 5665 putat
3068 5595 3223 5648 οὐδέν
3275 5593 3572 5665 Sylburgins.

2041 5665 2138 5724 sed
2162 5665 2471 5734 immerito;
2501 5665 2634 5720 illud
2667 5669 2811 5720 enim
2841 5666 3017 5726 οὐδέν,
3049 5667 3206 5735 quod.
3245 5676 3332 5721 est
3358 5667 3407 5720 in
3438 5678 3570 5717 moui-

2045 5740 2144 5796 bro
2173 5739 2477 5811 superiore,
2512 5737 2672 5793 facile
2699 5737 2754 5792 in
2783 5737 2888 5795 hoc
2918 5737 3367 5813 subintelligitur.
