3662 6496
48 361 173 417 1555

708 353 1620 425 CONFUTATIOQUORUMDAM
1653 356 2112 417 ARISTOTELIS
2148 357 2562 416 DOGMATUM.

3154 360 3292 419 1553

43 479 249 534 ἔσεσθαι
280 477 399 541 νῦν,
428 476 603 531 ὶκεῖνό
628 477 774 531 ἐστιν
796 477 936 549 ἀρχὴ
967 475 1061 530 τοῦ
1095 477 1393 547 μέλλοντος,
1420 477 1449 530 ὃ
1485 476 1606 530 οὔτε

1798 494 1917 533 rum
1942 488 2027 535 est
2046 494 2312 549 presens,
2338 478 2391 532 id
2417 478 2631 533 initium
2660 484 2744 532 est
2774 476 2971 540 futuri;
3004 479 3147 549 quod
3170 479 3292 548 qui-

45 572 271 642 μεσότης
320 570 407 634 τίς
456 571 623 633 ἐστιν,
666 570 787 640 ἔχον
833 571 918 621 ἐπ’
948 564 1233 640 ἀμφότερα
1259 570 1472 641 χρόνον,
1504 570 1618 622 ἀλλ’

43 664 126 717 ἐπὶ
158 663 408 734 θάτερον,
426 661 550 715 οὔτε
576 661 715 732 ἀρχὴ
739 660 832 714 καὶ
855 660 1108 731 τελευτή’
1136 660 1196 713 τὸ
1224 660 1355 714 αὐτὸ
1382 661 1479 731 μὲν
1503 660 1617 724 νῦν,

44 754 193 807 ἄλλου
232 753 291 806 δὲ
329 753 423 806 καὶ
450 753 611 806 ἄλλου
640 752 831 823 χρόνου
852 770 866 783 σ
896 746 1029 815 οἷον,
1064 751 1204 823 ἀρχὴ
1236 751 1335 822 μὲν
1362 752 1455 804 τοῦ
1492 751 1619 822 μέλ-

44 846 234 907 λοντος,
270 844 495 915 τελευτὴ
538 844 594 897 δὲ
638 843 731 897 τοῦ
780 843 1168 915 παρελθόντος·
1208 842 1321 896 ἀλλ’
1361 843 1487 896 ἄλλο
1523 844 1619 914 μὲν

45 937 128 991 νῦν
153 938 321 1010 ἀρχὴ,
374 939 473 992 καὶ
521 936 646 991 ἄλλο
686 936 931 1006 τελευτὴ,
970 936 1065 989 τοῦ
1108 935 1271 988 αὑτοῦ
1314 936 1370 989 δὲ
1403 935 1616 1006 χρόνου.

49 1030 247 1093 Ἀλλως
281 1031 361 1091 δὲ,
392 1032 441 1083 εί
466 1029 722 1083 ἀδύνατον
742 1029 805 1081 τὸ
829 1029 922 1081 νῦν
957 1024 1095 1082 εἶναι
1120 1028 1237 1091 νῦν,
1265 1028 1358 1081 ἐὰν
1387 1029 1459 1100 μὴ
1487 1028 1620 1100 ’πρό⁴

44 1140 187 1191 τερον
292 1121 483 1191 μέλλον
504 1122 597 1175 καὶ
621 1122 721 1174 οὐκ
747 1120 828 1185 ὃν,
857 1120 1115 1173 ἀδύνατον
1144 1120 1248 1191 ἄρα
1276 1120 1337 1173 τὸ
1368 1119 1460 1173 νῦν
1492 1137 1621 1173 συν-ν

42 1215 200 1266 αῖδιον
230 1208 391 1266 εἶναι.
425 1213 489 1265 Εἰ
535 1211 783 1282 γάρ..πᾶ.ν
814 1210 874 1262 τὸ
906 1210 1169 1281 πρότερον
1201 1210 1300 1262 οὐκ
1333 1208 1418 1271 ὃν,
1463 1207 1621 1261 ὓστε-

45 1322 124 1375 ρον
153 1304 230 1365 δὲ,
264 1303 492 1374 γενητὸν
524 1301 701 1365 τοῦτο,
749 1299 992 1354 τοιοῦτον
1024 1300 1206 1354 δὲ’καὶ
1232 1300 1292 1353 τὸ
1315 1299 1429 1363 νῦν,
1458 1316 1620 1369 γενη-

41 1398 121 1448 τὸν
149 1397 259 1467 ἀρα
298 1396 360 1448 τὸ
402 1395 515 1449 νῦν.
548 1396 611 1447 Εἰ
645 1395 701 1447 δὲ
732 1394 793 1446 τὸ
823 1391 938 1456 νῦν,
978 1392 1037 1457 ἐξ
1062 1392 1305 1463 ἀνάγκης
1328 1392 1421 1445 καὶ
1454 1394 1482 1445 ὀ
1510 1394 1619 1455 πᾶς

43 1487 241 1556 χρόνος,
271 1478 332 1538 οὗ
353 1485 605 1557 ἀρχὴκαὶ
630 1484 853 1555 τελευτὴ
879 1485 942 1537 τὸ
970 1485 1083 1537 νῦν·
1105 1485 1198 1537 καὶ
1223 1485 1314 1536 είό
1333 1484 1540 1554 χρόνος,
1560 1483 1618 1548 ἐξ

43 1580 283 1650 ἀνάγκης
326 1578 424 1631 καὶ
461 1580 494 1649 ἡ
544 1578 775 1649 κίνησις,
806 1570 873 1648 ἦς
902 1580 929 1630 ὀ
952 1576 1143 1649 χρόνος
1173 1578 1319 1631 ἐστὶν
1345 1576 1576 1652 ἀριθμός
1599 1594 1615 1607 ⁸

42 1672 123 1723 καὶ
164 1672 213 1723 εί
266 1673 301 1741 ἡ
342 1671 590 1740 κίνησις,
651 1666 709 1733 ἐξ
761 1670 1007 1742 ἀνάγκης
1059 1669 1243 1725 καὶτὸ
1296 1670 1618 1743 κινούμενον

44 1763 191 1834 σῶμά
226 1764 345 1816 ἐστι
376 1763 619 1834 γενητόν.

422 1942 511 1995 42.
551 1943 645 1997 Ἐκ
667 1943 773 1995 τοῦ
801 1942 990 1996 αὐτοῦ
1012 1942 1215 2011 λόγου.

110 2055 127 2088 ι
181 2036 364 2099 Ὀλως
392 2037 447 2089 οὲ
476 2036 537 2090 τὸ
579 2036 819 2107 νομίζειν
864 2036 1067 2108 ταύτην
1108 2036 1207 2109 τὴν
1254 2036 1430 2108 ἀρχὴν
1475 2032 1615 2090 εἶναι

44 2128 245 2199 ἱκανὴν,
276 2129 359 2181 ὅτι
389 2128 477 2181 ἀεί
508 2131 656 2182 ἐστιν
698 2128 871 2192 οὕτως
917 2129 949 2200 ἢ
1012 2130 1241 2197 γίνεται,
1291 2130 1391 2181 οὐκ
1441 2128 1615 2200 ὀρθῶς

43 2221 175 2274 ἐστιν
208 2222 505 2275 ὑπολαϐεῖν
526 2239 538 2252 ο
573 2223 656 2290 ἐφ’
704 2222 732 2275 ὃ
763 2222 871 2293 (15)
902 2222 1240 2293 Δημόκριτος
1281 2222 1471 2291 ἀνάγει
1515 2221 1618 2286 τάς

44 2316 160 2386 περὶ
186 2313 409 2383 φύσεως
436 2315 635 2378 αἰτίας,
668 2315 748 2368 ὅτι
781 2314 954 2378 οὕτως
984 2314 1076 2368 καὶ
1104 2314 1164 2367 τὸ
1192 2315 1455 2386 πρότερον
1503 2316 1620 2383 ἐγί-

43 2424 167 2460 νετο.
200 2405 313 2459 Τοῦ
342 2407 386 2459 δ’
419 2408 506 2460 ἀεὶ
532 2408 633 2460 οὐκ
662 2406 803 2471 ἀξιοῖ
830 2407 1005 2478 ἀρχὴν
1051 2407 1252 2478 ζητεῖν,
1295 2406 1469 2475 λέγων
1523 2409 1618 2461 ἐπὶ

42 2500 187 2553 τινῶν
217 2499 433 2571 ὀρθῶςο
465 2500 547 2552 ὅτι
577 2499 633 2553 δὲ
686 2500 779 2553 ἐπὶ
830 2499 1065 2561 πάντων,
1117 2499 1446 2569 οὺκιόρθῶς.
1507 2501 1619 2553 Kal.

42 2593 140 2663 γὰρ
165 2593 226 2645 τὸ
254 2592 524 2663 τρίγωνον
553 2591 667 2662 ἔχει
712 2591 861 2644 δυσὶν
904 2590 1093 2661 ὀρθαῖς
1148 2590 1234 2643 ἀεὶ
1274 2589 1374 2654 τὰς
1413 2591 1619 2658 γωνίας

46 2686 153 2749 (ea;
172 2704 187 2715 ⁸
225 2686 342 2740 ἀλλ’
373 2686 525 2755 ὅμως
552 2684 667 2736 ἐστί
696 2702 747 2738 τι
778 2685 877 2755 τῆς
905 2683 1204 2753 άῖδιότητος
1247 2682 1449 2753 ταύτης
1497 2682 1618 2734 ἓτε-

47 2796 127 2848 ρον
155 2778 333 2833 αῐτιον
366 2777 535 2830 ἀΐδιον
564 2776 674 2846 (16)
698 2794 710 2806 ·
746 2775 853 2830 τῶν
886 2775 1067 2847 μέντοι
1113 2774 1296 2845 ἀρχῶν
1325 2774 1426 2827 οὐκ
1472 2773 1619 2826 ἔστιν

44 2871 215 2941 ἕτερον
246 2870 425 2924 αῖτιον
454 2869 643 2923 ἀϊδίων
678 2868 874 2921 οὐσῶν.
920 2886 938 2917 ι

104 2964 163 3015 Εἰ
189 2961 377 3015 τοίνυν
406 2962 482 3025 ὡς
514 2961 721 3029 γίνεται
750 2960 868 3023 νῦν,
925 2959 1067 3012 οὕτω
1104 2960 1198 3013 καὶ
1248 2959 1311 3012 τὸ
1356 2958 1623 3031 πρότερον

45 3054 262 3120 ἐγίνετο,
296 3055 398 3106 οὐκ
426 3052 602 3124 ὀρθῶς
633 3053 779 3106 ἔστιν
811 3052 1101 3105 ὑπολαϐεῖν
1129 3051 1304 3123 ἀρχὴν
1335 3046 1473 3104 εἶναι
1512 3050 1622 3104 τῶν

47 3149 119 3200 ἀεὶ
148 3148 295 3202 κατά
352 3147 513 3217 φύσιν
541 3146 840 3216 γινομένων
860 3162 873 3175 ·
926 3143 986 3208 ἐξ
1013 3142 1257 3212 ἀνάγκης
1294 3142 1403 3213 ἄρα
1447 3140 1624 3213 ὀρθῶς

1722 571 1843 626 dem
1874 586 1974 625 nec
2004 570 2243 624 medium
2274 568 2533 639 quiddam
2570 574 2674 632 est,
2713 568 2918 623 habens
2965 584 3028 623 ex
3063 577 3294 639 utraque

1722 670 1879 733 parte
1906 668 2146 731 tempus,
2179 662 2274 717 sed
2298 678 2365 716 ex
2406 661 2609 726 altera;
2645 675 2748 715 nec
2792 660 3008 715 initium
3039 669 3092 715 et
3145 660 3292 727 ﬁnis,

1721 768 1844 807 cum
1878 752 2018 808 idem
2049 770 2292 824 presens
2324 753 2415 813 sit,
2450 754 2592 809 alius
2628 760 2789 824 atque
2813 753 2955 809 alius
3003 753 3294 823 temporis,

1720 846 2151 916 nempeinitium
2187 845 2379 908 futuri,
2412 844 2536 899 ﬁnis
2574 845 2869 915 preteriti;
2902 842 2997 898 sed
3027 858 3291 912 presens,

1720 938 1865 1007 quod
1896 946 1980 993 est
2014 938 2253 1000 initium,
2292 936 2440 991 aliud
2463 946 2548 991 est
2576 952 2606 989 a
2654 935 2760 991 ﬁne
2798 943 2854 990 et
2885 935 2951 988 ad
2978 934 3120 989 idem
3163 942 3298 989 tem-

1720 1046 1823 1100 pus
1851 1031 2104 1100 pertinet.
2131 1028 2402 1083 Preterea
2427 1029 2474 1083 si
2508 1042 2748 1097 presens
2780 1042 2891 1081 non
2939 1034 3122 1095 potest
3170 1040 3297 1080 esse

1721 1138 1979 1192 presens,
2010 1123 2117 1177 nisi
2151 1122 2302 1191 prius
2333 1120 2405 1176 sit
2434 1121 2676 1175 futurum
2734 1133 2798 1173 ac
2848 1133 2959 1174 non
3020 1117 3125 1183 sit;
3179 1116 3293 1171 ﬁeri

1718 1228 1851 1283 ergo
1883 1229 1991 1268 non
2025 1222 2228 1283 potest.
2259 1223 2316 1268 ut
2344 1228 2587 1282 presens
2613 1212 2687 1267 sit
2712 1218 3065 1267 coeternum.
3088 1207 3223 1263 Nam
3247 1208 3295 1263 si

1719 1305 1983 1376 quidquid
2011 1306 2164 1375 prius
2194 1320 2301 1359 non
2334 1304 2434 1358 fuit
2465 1305 2559 1360 sed
2591 1303 2884 1373 posterius,
2910 1303 3156 1373 genitum
3184 1309 3295 1364 est,

1719 1397 1827 1452 tale
1855 1406 2035 1451 antem
2058 1404 2142 1451 est
2170 1404 2224 1452 et
2257 1412 2534 1467 presens;
2570 1398 2811 1467 genitum
2856 1414 2987 1469 ergo
3022 1412 3292 1467 presens.

1719 1489 1875 1556 Quod
1904 1490 1951 1545 si
1981 1504 2243 1559 presens,
2282 1491 2593 1545 necessario
2615 1500 2671 1545 et
2704 1504 2866 1545 omne
2910 1498 3143 1560 tempus,
3195 1504 3296 1543 eu—

1715 1581 1807 1651 jus
1838 1580 2056 1634 initium
2085 1587 2171 1634 est
2203 1586 2257 1635 et
2291 1579 2412 1635 ﬁnis
2442 1596 2682 1651 presens
2711 1600 2724 1634 :
2754 1587 2808 1634 et
2839 1580 2885 1635 si
2915 1588 3153 1649 tempus,
3201 1594 3295 1635 ne-

1720 1672 1962 1729 cessario
1993 1679 2048 1726 et
2078 1679 2280 1737 motus,
2312 1670 2471 1740 cujus
2501 1680 2712 1740 tempus
2739 1679 2822 1726 est
2844 1685 3137 1735 numerus;
3166 1678 3221 1726 et
3244 1670 3290 1725 si

1722 1774 1924 1829 motus,
1952 1764 2265 1820 necessario
2292 1771 2346 1819 et
2373 1779 2595 1834 corpus,
2626 1764 2773 1834 quod
2799 1774 3067 1827 movetur,
3090 1770 3174 1819 est
3206 1778 3289 1833 ge-

1642 1871 1686 1926 B
1717 1860 1915 1914 nitum.

1978 1959 2077 2013 42.
2114 1959 2197 2012 Ex
2223 1957 2403 2011 eodem
2438 1955 2592 2018 libro,
2618 1954 2771 2018 ibid.,
2800 1966 2851 2019 p.
2882 1949 3008 2003 252.

1789 2060 1809 2093 ‹
1848 2040 2087 2095 Omnino
2117 2046 2298 2093 autem
2331 2036 2672 2099 existimare,
2700 2036 2842 2089 hanc
2872 2036 3009 2090 satis
3041 2033 3292 2088 idoneam

1712 2149 1833 2190 esse
1855 2148 2101 2198 causam,
2127 2130 2271 2202 quod
2306 2146 2521 2199 semper
2567 2130 2641 2183 ita
2671 2144 2760 2183 res
2791 2128 2864 2183 sit
2898 2134 2993 2180 aut
3022 2128 3134 2188 ﬁat,
3174 2140 3288 2179 non

1713 2238 1860 2282 recta
1888 2235 1973 2282 est
2010 2227 2198 2295 opinio
2235 2245 2247 2279 :
2284 2232 2445 2295 atque
2482 2223 2586 2277 huc
2621 2220 2787 2276 refert
2818 2218 3164 2276 Democritus
3194 2231 3287 2270 na-

1713 2321 1922 2376 turales
1952 2334 2173 2385 causas,
2208 2333 2405 2388 nempe
2433 2315 2577 2387 quod
2613 2315 2687 2368 ita
2710 2321 2764 2369 et
2786 2320 2948 2367 antea
2970 2310 3175 2365 factum
3199 2310 3291 2367 sit.

1715 2412 1827 2470 Cur
1850 2420 2031 2467 autem
2062 2426 2278 2481 semper
2332 2423 2553 2465 causam
2580 2405 2960 2476 inquirendam
2982 2418 3091 2457 non
3118 2409 3294 2471 putat,

1715 2506 1784 2560 de
1812 2503 2141 2576 quibusdam
2171 2502 2392 2573 quidem
2424 2508 2572 2556 recte
2594 2498 2894 2563 disserens,
2924 2497 2994 2552 de
3037 2495 3298 2550 omnibus

1716 2612 1847 2652 vero
1870 2596 2055 2652 minus
2076 2602 2247 2650 recte.
2274 2592 2411 2648 Nam
2444 2592 2747 2663 triangulus
2776 2591 2939 2645 habet
2970 2589 3187 2644 duobus
3214 2603 3302 2641 re-

1718 2691 1825 2745 ctis
1853 2704 2071 2759 semper
2103 2688 2333 2758 angulos
2357 2686 2617 2757 equales,
2645 2684 2740 2741 sed
2772 2691 2953 2737 tamen
2985 2681 3166 2752 aliqua
3213 2686 3300 2735 est

1721 2782 1825 2836 alia
1852 2781 2014 2849 hujus
2048 2779 2367 2835 eternitatis
2396 2787 2599 2833 eterna
2652 2792 2839 2834 causa.
2898 2776 2967 2831 At
2994 2774 3299 2846 principio-

1719 2890 1865 2937 rum,
1898 2889 2022 2929 cum
2055 2882 2261 2929 eterna
2293 2873 2424 2935 sint,
2461 2872 2609 2926 nulla
2642 2878 2727 2927 est
2757 2885 2946 2925 causa.
2990 2889 3008 2921 ι

1794 2964 1851 3019 Si
1878 2975 2028 3021 recta
2061 2981 2169 3020 non
2197 2973 2282 3021 est
2317 2965 2502 3036 opinio
2538 2966 2680 3019 hanc
2706 2979 2919 3029 eorum,
2947 2978 3068 3033 que
3098 2977 3301 3017 secun-

1723 3056 1852 3111 dum
1902 3064 2154 3112 naturam
2211 3056 2366 3120 ﬁunt,
2425 3055 2683 3111 arbitrari
2738 3070 2985 3118 causam,
3040 3053 3189 3125 quod
3243 3062 3303 3108 ut

1724 3164 1871 3203 nunc
1897 3164 1986 3203 res
2016 3148 2097 3212 ﬁt,
2130 3149 2204 3202 ita
2238 3156 2292 3204 et
2313 3149 2466 3217 prius
2490 3149 2684 3213 ﬁebat;
2717 3147 3035 3203 necessario
3052 3147 3306 3201 videlicet

49 3242 177 3295 ἐστιν
206 3241 505 3295 ὑπολαϐεῖν
534 3240 708 3310 ἀρχὴν
740 3235 878 3292 εἶναι
906 3237 1013 3290 τῶν
1043 3235 1183 3290 κατά
1211 3235 1373 3304 φύσιν
1401 3236 1620 3306 γινομέ-

1791 3249 1871 3294 cta
1893 3248 1976 3294 est
2005 3239 2192 3309 Opinio
2228 3238 2367 3293 hanc
2391 3255 2606 3304 eorum,
2644 3255 2764 3309 que
2800 3238 3103 3295 secundum
3142 3246 3307 3292 natu-

47 3351 139 3385 νων
165 3336 227 3389 τὸ
262 3335 336 3405 μὴ
369 3333 513 3386 οὕτω
545 3332 788 3400 γεγονὸς,
847 3332 923 3395 ὡς
962 3330 1024 3384 τὸ
1071 3330 1168 3384 νῦν
1224 3331 1455 3398 γίνεται,
1510 3327 1623 3381 ἀλλ’

48 3428 234 3499 ἑτέρως
261 3446 274 3458 ·
306 3427 387 3480 διὸ
415 3426 621 3479 δίκαιόν
652 3427 767 3477 ἐστι
798 3425 893 3477 καὶ
936 3422 1030 3476 τοῦ
1076 3423 1163 3477 ἀεὶ
1201 3422 1486 3493 γινομένου
1530 3418 1627 3491 ζη-

46 3524 143 3573 τεῖν
168 3521 269 3592 τὴν
300 3520 498 3591 ἀρχὴν.
541 3517 750 3581 Ἀλλως
781 3516 989 3585 γίνεται
1018 3516 1157 3581 ζῶον
1198 3516 1263 3569 ὲκ
1307 3514 1467 3579 ζὼου,
1531 3513 1627 3566 καὶ

50 3612 208 3675 ἄλλως
235 3613 433 3681 γέγονε
466 3610 602 3673 ζῶον
632 3610 697 3662 ἐκ
734 3609 808 3681 μὴ
840 3608 1000 3672 ζώου.
1035 3609 1145 3662 Kal.
1176 3607 1237 3660 τὸ
1269 3607 1365 3677 μὲν
1394 3605 1531 3670 ζῶον
1559 3606 1625 3658 ὲκ

53 3707 115 3776 μὴ
146 3705 286 3770 ζώου
315 3705 443 3758 οὔτε
476 3702 618 3758 κατά
647 3702 808 3772 φύσιν
837 3702 1079 3771 γέγονεν,
1112 3700 1234 3754 οὔτε
1262 3700 1349 3753 ἀεὶ
1382 3698 1622 3767 γίνεταιο

49 3798 100 3849 τὸ
125 3798 177 3850 δὲ
215 3797 357 3861 ζῶον
387 3798 455 3849 ὲκ
483 3794 624 3861 ζώθυ
654 3794 739 3849 ἀεί
767 3812 825 3847 τε
872 3795 966 3847 καὶ
1011 3792 1153 3846 κατά
1195 3791 1356 3861 φύσιν
1392 3790 1623 3858 γίνεται,

53 3888 101 3953 ἐξ
127 3892 246 3944 ὅτου
279 3890 471 3943 ἔλαϐεν
499 3889 675 3959 ἀρχὴν
705 3887 799 3940 τοῦ
848 3885 1093 3955 γίνεσθαι
1146 3887 1209 3938 ὲκ
1253 3884 1391 3949 ζὼου
1433 3882 1495 3935 τὸ
1549 3882 1623 3954 μὴ

52 3984 106 4035 ὲκ
133 3984 293 4048 ζώου.
326 3984 438 4037 Kal.
464 3982 624 4035 τοῦτο
654 3982 747 4033 ἐπὶ
777 3980 994 4033 πάντων
1036 3978 1143 4030 τῶν
1173 3977 1258 4029 ἀεὶ
1293 3975 1434 4030 κατὰ
1464 3975 1627 4045 φύσιν

53 4077 401 4147 γιγνομένων,
434 4076 535 4127 οὐκ
564 4074 654 4127 ἐπὶ
685 4073 845 4126 τινῶν
879 4071 1036 4141 μόνον
1060 4087 1073 4099 ·
1107 4068 1364 4122 ἀδύνατον
1404 4067 1515 4140 γὰρ
1556 4066 1622 4121 τὸ

53 4168 103 4231 ἐξ
128 4169 311 4240 ἀρχῶν
338 4166 585 4237 γενητῶν
614 4166 713 4235 τὴν
741 4165 909 4233 αὐτὴν
940 4162 1084 4233 ἔχειν
1115 4160 1330 4227 γένεσιν
1366 4160 1433 4230 ἢν
1463 4159 1627 4231 ἐσχή-

54 4277 200 4314 κασιν
230 4262 287 4314 αἱ
318 4260 505 4331 ἀρχαί.
544 4260 607 4312 Ἦ
637 4259 693 4311 ὲν
715 4260 829 4320 τοῖς
856 4256 1101 4325 γενητοῖς
1130 4252 1366 4323 ἀῖδιότης
1392 4253 1628 4323 ἄναρχος

53 4349 178 4407 εἶναι
204 4354 271 4407 οὐ
300 4353 546 4406 δύναται.
580 4350 691 4403 Καὶ
718 4349 827 4419 γὰρ
864 4348 925 4400 τὸ
956 4346 1219 4418 τρίγωνον
1247 4344 1335 4397 ἀεὶ
1373 4346 1497 4405 ταῖς
1537 4342 1628 4394 6u-.

56 4447 126 4499 τὶν
153 4447 345 4517 ὀρθαῖς
375 4447 499 4508 ῐσας
528 4443 638 4513 ἔχει
668 4442 766 4505 τάς
808 4444 958 4512 τρεῖς
997 4438 1220 4507 γωνίας,
1277 4437 1451 4508 ἀρχὴν
1505 4434 1626 4505 ἔχον

53 4542 276 4611 γενητὴν
303 4540 405 4611 τὴν
437 4537 671 4602 εὐθεῖαν,
701 4533 769 4607 ἧς
801 4537 829 4587 ὀ
856 4535 1010 4601 λόγος
1040 4532 1154 4584 ἐστὶ
1176 4529 1407 4601 γραμμὴ
1442 4528 1628 4600 ἄκρως

1726 3345 1845 3385 ram
1881 3329 2044 3395 ﬁunt,
2079 3331 2337 3386 arbitrari
2369 3346 2614 3395 causam,
2669 3330 2814 3401 quod
2864 3347 2976 3385 non
3035 3331 3111 3384 ita
3160 3330 3303 3384 facta

1727 3424 1859 3487 sint,
1892 3431 1952 3477 ut
1980 3440 2129 3478 nunc
2165 3422 2300 3477 ﬁunt
2330 3422 2425 3479 sed
2456 3424 2649 3489 aliter;
2686 3422 2830 3478 unde
2859 3438 3074 3492 equum
3118 3430 3201 3477 est
3251 3429 3307 3476 et

1727 3511 1899 3576 illius,
1930 3512 2079 3582 quod
2109 3528 2325 3581 semper
2352 3512 2433 3576 tit,
2477 3526 2700 3566 causam
2740 3527 3008 3581 querere.
3038 3510 3210 3564 Aliter
3247 3510 3306 3562 ﬁt

1726 3605 1931 3659 animal
1962 3620 2027 3659 ex
2057 3605 2382 3666 animali,et
2410 3604 2570 3659 aliter
2592 3604 2794 3658 animal
2824 3620 2889 3658 ex
2918 3619 3026 3657 non
3057 3602 3313 3656 animali-

1724 3693 1902 3764 Atque
1936 3694 2139 3748 animal
2175 3693 2395 3762 quidem
2422 3709 2490 3747 ex
2528 3707 2636 3746 non
2688 3692 2908 3745 animali
2956 3707 3057 3745 nec
3106 3705 3307 3745 secun-

1726 3785 1855 3840 dum
1886 3791 2136 3838 naturam
2168 3787 2246 3848 ﬁt,
2280 3799 2381 3839 nec
2410 3800 2625 3854 semper
2655 3782 2713 3837 ﬁt
2740 3803 2753 3837 :
2781 3783 2985 3837 animal
3019 3789 3202 3836 autem
3233 3797 3303 3835 ex

1727 3877 1950 3932 animali
1977 3885 2031 3932 et
2063 3893 2279 3946 semper
2299 3885 2353 3932 et
2383 3877 2685 3932 secundum
2714 3884 2971 3930 naturam
3004 3875 3082 3941 ﬁt,
3105 3889 3168 3930 ex
3194 3889 3311 3943 quo.

1727 3970 1897 4039 cepit
1931 3968 2047 4023 ﬁeri
2082 3984 2147 4021 ex
2184 3968 2407 4021 animali
2452 3968 2596 4034 quod
2634 3983 2747 4022 non
2795 3976 2913 4022 erat
2942 3982 3008 4020 ex
3055 3964 3301 4019 animali.

1726 4062 1904 4133 Atque
1935 4063 2038 4115 hoc
2065 4061 2285 4132 quidem
2322 4061 2390 4115 de
2420 4060 2697 4123 omnibus,
2732 4076 2854 4129 que
2876 4073 3091 4127 semper
3112 4071 3308 4111 secun-

1726 4153 1856 4208 dum
1902 4162 2154 4207 naturam
2204 4152 2363 4215 ﬁunt,
2410 4136 2521 4205 non
2570 4150 2636 4204 de
2687 4150 3017 4220 quibusdam
3067 4153 3301 4201 tantum.

1728 4245 1870 4301 Fieri
1901 4246 2046 4301 enim
2078 4260 2186 4299 non
2220 4251 2420 4314 potest,
2449 4254 2506 4298 ut
2527 4259 2648 4313 que
2673 4258 2739 4297 ex
2770 4241 3057 4311 principiis
3102 4238 3305 4309 genitis

1726 4347 1848 4392 orta
1877 4344 2029 4400 sunt,
2065 4335 2311 4391 eamdem
2344 4334 2581 4388 habeant
2624 4333 2891 4402 originem
2940 4346 3101 4399 quam
3152 4329 3306 4398 prin-

1728 4431 1869 4500 cipia
1898 4429 2231 4485 habuerunt.
2265 4427 2569 4482 Eternitas
2599 4426 2653 4479 in
2674 4426 2762 4489 iis,
2796 4440 2916 4496 que
2941 4424 3121 4494 genita
3152 4431 3302 4482 sunt,

1730 4526 1848 4579 sine
1888 4523 2162 4594 principio
2207 4538 2331 4578 esse
2387 4537 2495 4576 non
2546 4529 2746 4590 potest.
2808 4518 2944 4573 Nam
2998 4518 3309 4587 triangulus

52 4610 332 4704 τεταμένη.
367 4631 514 4701 Αὐτὴ
546 4629 655 4701 γάρ
686 4630 832 4681 ἐστιν
862 4626 1011 4680 αἰτία
1042 4623 1135 4675 τοῦ
1155 4624 1218 4675 τὸ
1245 4623 1509 4693 τρίγωνον
1537 4620 1620 4673 δυ-

1796 4631 1949 4685 mper
1976 4615 2142 4669 habet
2168 4614 2384 4670 duobus
2424 4615 2589 4669 rectis
2634 4623 2745 4666 tres
2776 4612 3007 4682 angulos
3041 4610 3303 4679 equales,

55 4725 127 4776 σὶν
157 4724 351 4797 ὀρθαῖς
383 4723 505 4785 ῖσας
535 4722 677 4791 ἔχειν
706 4720 805 4782 τὰς
828 4721 975 4789 τρεῖς
1004 4715 1236 4784 γωνίας·
1281 4714 1375 4767 καὶ
1419 4712 1625 4783 ταύτης

57 4818 142 4884 μὲν
169 4819 274 4871 οὐκ
302 4816 491 4886 οὔσης,
526 4815 626 4867 οὐκ
655 4813 923 4881 ἐνδέχεται
953 4806 1368 4879 εἷναιτρίγωνον
1387 4824 1400 4837 ·
1433 4804 1625 4876 τριγὼο

54 4925 132 4959 νου
163 4909 221 4961 δὲ
255 4908 329 4978 μὴ
360 4908 533 4969 ὄντος,
564 4906 832 4975 ἐνδέχεται
861 4898 998 4956 εἶναι
1045 4898 1278 4952 εὐθεῖαν.
1338 4899 1405 4950 Al
1460 4897 1626 4967 ἀρχαὶ

54 5001 149 5054 τῶν
180 5000 327 5055 κατά
359 4999 521 5069 φύσιν
550 5000 636 5051 ἀεὶ
664 4998 963 5068 γινομένων
994 4994 1152 5048 ἀΐδιοι
1182 4987 1321 5047 εἶναι
1346 4992 1407 5044 οὺ
1437 4990 1627 5043 δύναν-⁹

54 5109 150 5147 ται,
179 5096 247 5147 Εἰ
268 5093 380 5165 γάρ
396 5093 462 5163 ἣν
489 5092 673 5162 ἔχουσι
704 5091 864 5159 φύσιν
891 5088 1117 5158 ταύτην,
1150 5084 1487 5157 μεταδιδόασι
1514 5084 1627 5144 τοῖς

56 5185 107 5249 ἐξ
134 5186 311 5240 αὐτῶν
340 5184 685 5261 γιγνομένοις
709 5200 721 5212 ’
759 5182 959 5251 γενητὴ
989 5180 1044 5232 δὲ
1074 5178 1209 5248 αὕτη
1230 5195 1244 5207 ·
1289 5174 1491 5247 γενητὴ
1516 5174 1624 5244 ἄρα

56 5280 139 5331 καὶ
166 5281 199 5349 ἡ
227 5278 338 5331 τῶν
370 5276 551 5348 ἀρχῶν
581 5274 763 5343 φύσις,
795 5274 843 5325 εἰ
874 5274 967 5325 καὶ
1010 5273 1039 5325 ὀ
1082 5271 1283 5341 τρόπος
1323 5268 1423 5338 τῆς
1475 5282 1627 5335 γενε-

58 5370 182 5433 σέως
212 5369 557 5440 ὲνήλλακται,
591 5368 683 5420 καὶ
717 5366 860 5419 ἔστιν
878 5365 1062 5435 ἕτερος
1091 5363 1189 5432 τῆς
1208 5361 1313 5417 τῶν
1343 5359 1401 5424 ἐξ
1422 5357 1623 5431 ἀρχῶν.

1730 4708 2060 4780 principium
2093 4708 2301 4762 habens
2338 4708 2604 4777 genitum,
2642 4706 2841 4759 lineam
2888 4710 3116 4765 rectam,
3146 4702 3308 4770 cujus

1729 4802 1871 4855 ratio
1916 4808 2002 4855 est
2050 4800 2192 4855 linea
2240 4799 2657 4854 accuratissime
2694 4805 2974 4868 protensa.
3008 4794 3134 4850 Hec
3159 4796 3305 4850 enim

1730 4906 1899 4944 causa
1929 4897 2037 4955 est,
2072 4906 2172 4943 cur
2199 4890 2508 4959 triangulus
2536 4890 2752 4944 duobus
2784 4889 2951 4943 rectis
2975 4894 3087 4943 tres
3133 4902 3311 4958 angu-

1732 4985 1814 5039 los
1838 4985 2032 5039 habeat
2057 4984 2314 5053 equales.
2341 4983 2517 5053 Atque
2553 4983 2643 5036 illa
2675 4982 2895 5052 quidem
2928 4982 2975 5035 si
3000 4982 3165 5045 desit,
3197 4997 3306 5035 non

1730 5083 1912 5148 potest
1943 5092 2063 5132 esse
2090 5076 2398 5146 triangulus
2434 5095 2446 5130 :
2482 5076 2756 5145 triangula
2810 5084 2990 5129 autem
3042 5089 3148 5127 non
3207 5088 3309 5126 exc

1732 5176 1934 5231 stante,
1969 5176 2148 5238 potest
2181 5184 2304 5223 esse
2334 5168 2475 5222 linea
2507 5176 2676 5222 recta.
2706 5165 2983 5234 Principia
3016 5164 3178 5234 5'70
3206 5178 3304 5217 eo-

1732 5278 1875 5329 rum,
1914 5276 2038 5332 que
2086 5259 2387 5315 secundum
2435 5269 2689 5315 naturam
2734 5258 2894 5320 ﬁunt,
2938 5261 3141 5309 eterna
3181 5268 3306 5307 esse

1733 5371 1842 5410 non
1874 5362 2127 5424 possunt.
2164 5352 2298 5407 Nam
2322 5354 2368 5409 si
2398 5368 2561 5423 quam
2618 5352 2820 5406 habent
2864 5358 3135 5410 naturam,
3179 5360 3301 5399 eam

57 5464 462 5516 communicant
490 5477 613 5515 cum
646 5462 735 5524 iis,
768 5475 889 5529 que
913 5475 979 5513 ex
1014 5458 1148 5528 ipsis
1176 5456 1504 5527 gignuntur;
1537 5453 1629 5507 illa
1659 5459 1839 5508 autem
1869 5451 2049 5522 genita
2080 5458 2196 5517 est;
2228 5452 2407 5519 genita
2432 5464 2562 5519 ergo
2583 5456 2636 5502 et
2667 5444 3057 5517 principiorum
3085 5449 3304 5504 natura,

59 5561 300 5626 quamvis
325 5558 521 5637 modus
549 5558 916 5629 generationis
948 5558 1265 5609 immutatus
1290 5554 1362 5609 sit
1391 5561 1446 5607 et
1474 5552 1614 5605 alius
1643 5565 1707 5605 ac
1738 5550 1792 5603 in
1819 5549 1888 5605 iis
1918 5565 2039 5620 que
2064 5564 2129 5604 ex
2164 5548 2453 5618 principiis
2482 5553 2599 5611 orta
2632 5550 2781 5600 sunt.

126 5708 236 5828 515)
277 5707 399 5775 Ἐφ’
430 5706 481 5760 ὅ.
514 5705 642 5759 Μεε.
670 5708 754 5774 ἐφ’
1010 5775 1019 5786 .

152 5778 237 5828 Ιϐὶ
287 5776 517 5828 Ἁΐδιον.
550 5775 709 5828 Deest
754 5776 894 5828 apud
931 5775 1019 5828 Art

134 5768 237 5847 {16)
287 5768 517 5847 Ἁῗδιον.
550 5768 723 5830 Βεεεί
754 5768 894 5845 apud
931 5774 1301 5847 Aristotelem.
1342 5769 1463 5847 Mog
1499 5768 1624 5840 Syl-

66 5840 306 5918 ὺυὶεξει
344 5846 531 5902 eodem
566 5840 1107 5917 sumpsitAristotele
1131 5846 1229 5898 οὐκ
1263 5842 1408 5895 ἔστιν
1442 5840 1627 5912 ἕτερον

1728 5700 1919 5753 αἴτιον.
1961 5697 2153 5751 Deerat
2179 5695 2383 5765 ἕτερον.
2417 5684 2975 5765 Ιὴί-όηΒηδιερὶιὲηιιε
3004 5680 3305 5765 ἀλλῖᾉὸιμως

1728 5752 1845 5823 ἔστί
1876 5786 1960 5830 τις
1982 5752 2299 5833 ἀῖδιότητοξ.
2326 5752 2800 5830 Βεε.1,ὲστὶτῆς.
2825 5752 3149 5834 Emendavit
3176 5752 3301 5823 Syl-

1731 5838 1963 5910 burgius
2000 5853 2064 5893 ex
2106 5834 2423 5890 Aristotele.
3306 5836 3309 5839 '
