3662 6484
364 340 503 397 1555

587 460 675 517 ιδ.
711 457 794 514 Ex
821 458 1000 514 eodem
1032 456 1186 513 libro.
1213 446 1312 514 ib.,
1341 462 1392 505 c.
1413 446 1481 517 ιϐ,
1512 460 1567 517 p.
1596 444 1723 503 259.

438 569 458 601 «
499 549 738 605 Necesse
765 558 849 604 est
878 559 1095 617 semper
1125 546 1330 617 aliquid
1376 560 1499 601 esse
1539 553 1594 600 et
1638 553 1926 607 aeternum,

360 641 507 715 quod
535 641 770 712 primum
804 648 1039 695 moveat.
1069 639 1517 695 Demonstratum
1550 638 1696 691 enim
1718 644 1804 691 est
1835 652 1932 692 ne-

358 748 517 791 cesse
540 746 686 796 esse,
720 741 777 786 ut
804 742 1019 801 semper
1051 731 1124 785 sit
1149 738 1331 786 motus
1364 748 1375 783 :
1409 727 1557 798 quod
1599 727 1648 783 si
1693 742 1930 796 semper,

359 844 588 886 necesse
627 841 714 884 est
741 839 801 883 ut
836 835 889 883 et
924 829 1220 883 continuus
1250 828 1342 881 sit.
1385 825 1521 881 Nam
1542 825 1689 895 quod
1720 839 1935 894 semper

359 927 466 984 est,
519 921 840 974 continuum
869 926 994 983 est;
1044 917 1191 987 quod
1240 924 1422 971 autem
1472 930 1570 987 per
1598 915 1765 980 vices,
1821 930 1932 969 non

353 1014 701 1070 continuum.
731 1010 885 1077 Quod
914 1011 961 1065 si
991 1010 1253 1066 continua
1284 1010 1452 1062 motio
1471 1047 1485 1069 ,
1517 1022 1626 1061 una
1654 1014 1740 1061 est
1774 1025 1789 1061 :
1822 1022 1932 1061 una

357 1111 539 1159 autem
569 1104 615 1159 si
648 1104 716 1158 ab
740 1120 849 1158 uno
868 1111 1120 1158 movente
1139 1110 1194 1157 et
1221 1110 1374 1157 moto
1403 1116 1532 1156 uno.
1556 1100 1692 1155 Nam
1715 1102 1761 1156 sl
1783 1099 1932 1154 aliud

358 1204 522 1267 atque
552 1196 698 1250 aliud
727 1203 965 1261 moveat,
996 1210 1104 1251 non
1138 1194 1404 1251 continua
1446 1193 1556 1251 erit
1593 1199 1708 1249 tota
1738 1194 1929 1257 motio,

355 1288 453 1343 sed
484 1302 581 1357 per
609 1288 779 1342 vices.
822 1306 842 1338 ι

428 1382 485 1435 Si
519 1383 752 1452 primum
775 1393 1000 1434 movens
1024 1378 1252 1433 localem
1284 1385 1494 1432 motum
1524 1374 1711 1439 elicit,
1741 1374 1933 1429 locatis

353 1480 536 1528 autem
572 1480 754 1526 motus
784 1478 867 1525 est
896 1472 1043 1534 caeli,
1076 1470 1277 1525 calum
1316 1476 1496 1523 autem
1524 1484 1726 1538 corpus
1771 1476 1932 1522 natu-

353 1562 488 1625 rale,
514 1575 718 1631 corpus
768 1568 951 1614 autem
980 1558 1229 1614 naturale
1254 1558 1411 1612 habet
1456 1557 1512 1611 in
1542 1558 1725 1626 seipso
1772 1566 1932 1610 natu—

351 1652 543 1707 raliter
574 1651 907 1721 principium
948 1650 1141 1705 localis
1192 1651 1493 1717 motionis;
1545 1649 1748 1704 frustm
1801 1666 1932 1721 ergo

352 1751 605 1799 movetur
631 1744 829 1799 omium
858 1756 889 1794 a
918 1742 1096 1811 primo
1118 1751 1369 1797 movente
1391 1749 1539 1796 motu
1566 1740 1750 1805 locali,
1768 1757 1930 1811 quem

351 1836 573 1905 quidem
598 1835 813 1890 etiamsi
840 1849 949 1887 non
972 1832 1206 1889 eiliceret
1225 1834 1459 1904 primum
1484 1849 1731 1898 movens,
1751 1834 1930 1903 ipsum

353 1946 385 1985 a
421 1932 604 2001 seipso
636 1939 969 1994 moveretur,
998 1931 1128 2000 quia
1157 1932 1409 2001 quintum
1461 1938 1546 1986 est
1576 1932 1929 1997 elementum,

351 2043 454 2083 nec
514 2028 835 2098 gravitatem
891 2027 1121 2089 habens,
1161 2042 1282 2095 quae
1327 2025 1459 2079 illud
1518 2024 1773 2078 deorsum
1834 2025 1932 2079 dev

350 2118 574 2189 primat,
628 2134 731 2172 nec
788 2118 1064 2173 levitatem
1126 2134 1247 2188 quae
1295 2132 1519 2173 sursum
1574 2115 1788 2179 efferat,
1838 2115 1933 2171 sed

349 2210 513 2263 aliam
565 2210 825 2264 virtutem
880 2226 991 2263 non
1043 2211 1403 2273 nominatam,
1441 2223 1563 2278 qua:
1612 2208 1744 2262 illud
1788 2207 1934 2261 circa

351 2302 593 2355 medium
640 2309 840 2356 movet.
886 2301 943 2355 Si
989 2302 1225 2372 primum
1274 2314 1520 2364 movens,
1552 2297 1699 2369 quod
1732 2298 1933 2353 calum

350 2402 535 2447 movet
600 2394 760 2448 locali
822 2378 1101 2458 motione,
1153 2408 1331 2464 neque
1396 2390 1707 2447 secundum
1772 2400 1935 2445 natu—

352 2500 468 2538 ram
530 2486 665 2540 illud
714 2493 913 2551 movet,
963 2486 1156 2540 inutile
1215 2485 1361 2540 enim
1409 2490 1495 2539 est
1548 2484 1624 2537 ita
1676 2497 1929 2547 movere;

352 2596 530 2650 neque
571 2589 769 2650 praeter
819 2589 1115 2643 naturam,
1169 2581 1441 2649 posterior
1488 2582 1577 2633 est
1630 2578 1777 2631 enim
1830 2590 1931 2629 na-

352 2672 517 2725 turali
566 2673 810 2727 motione
854 2672 1024 2725 motio
1058 2678 1255 2740 przeter
1302 2677 1599 2729 naturam;
1638 2682 1749 2722 non
1800 2682 1934 2737 ergo

351 2768 552 2820 (mlum
583 2775 780 2822 movet.
815 2766 873 2820 Si
907 2773 1089 2819 motus
1114 2765 1315 2827 omnis,
1342 2773 1401 2819 ut
1449 2776 1596 2817 nunc
1632 2760 1712 2823 lit,
1758 2761 1832 2814 ita
1877 2768 1928 2814 et

354 2865 506 2928 prius
538 2860 721 2923 ﬁebat,
756 2860 813 2912 lit
843 2866 1027 2912 autem
1059 2872 1204 2912 nunc
1233 2856 1535 2912 secundum
1573 2853 1930 2908 mutationem

352 2953 544 3015 futuri,
578 2953 820 3005 futurum
857 2960 1032 3005 autem
1059 2957 1354 3019 antequam
1386 2948 1476 3001 liat
1501 2961 1609 3001 non
1637 2955 1752 3009 est;
1783 2943 1929 3015 quod

352 3054 532 3100 autem
564 3045 717 3115 prius
746 3060 854 3099 non
881 3052 966 3100 est
994 3057 1058 3097 ac
1090 3051 1279 3113 postea
1314 3041 1393 3105 iit,
1428 3040 1480 3095 id
1506 3054 1665 3095 omne
1686 3040 1928 3111 genitum

354 3149 471 3205 est;
512 3137 660 3207 quod
707 3143 888 3191 autem
938 3136 1181 3205 genitum
1229 3140 1336 3199 est,
1390 3131 1510 3189 sine
1558 3131 1830 3202 principio
1875 3137 1931 3183 et
1959 3156 2002 3213 ε

353 3236 616 3284 ιειειηιιιη
643 3242 766 3283 esse
793 3242 902 3281 non
936 3232 1151 3295 potest;
1184 3240 1295 3279 non
1322 3239 1455 3295 ergo
1487 3230 1670 3278 motus
1691 3230 1930 3277 mterqu

353 3326 438 3370 est
468 3324 522 3371 et
554 3315 673 3370 sine
704 3312 1001 3383 principio.

492 3406 580 3459 ιι.
624 3404 706 3457 Ex
738 3402 919 3459 eodem
954 3400 1109 3456 libro.
1143 3401 1244 3472 ib.,
1274 3416 1323 3457 c.
1363 3400 1419 3467 ‘l,
1454 3416 1509 3473 p.
1539 3398 1645 3455 260
1675 3410 1792 3465 seq.

430 3510 450 3542 ι
488 3491 682 3562 Liquet
713 3492 949 3562 primum
981 3506 1106 3546 esse
1134 3499 1341 3544 motum
1392 3489 1644 3544 localem.
1686 3488 1933 3541 Primum

352 3581 524 3646 enim,
555 3590 614 3636 ut
635 3582 702 3637 de
724 3582 849 3636 aliis
879 3581 1068 3645 rebus,
1105 3580 1181 3635 ita
1207 3587 1260 3635 et
1293 3579 1361 3634 de
1401 3578 1643 3634 motione
1686 3576 1933 3632 multifa-

354 3675 493 3727 riam
528 3672 750 3728 dicitur.
782 3671 998 3726 Dicitur
1038 3670 1187 3727 enim
1222 3672 1377 3742 prius
1410 3670 1466 3725 id
1518 3684 1629 3740 quo
1678 3686 1788 3723 non
1835 3684 1933 3723 ex-

354 3773 538 3821 stante
557 3774 749 3820 caetera
777 3780 887 3819 non
917 3769 1101 3829 erunt,
1131 3762 1311 3833 ipsum
1342 3775 1472 3818 vero
1497 3762 1618 3816 sine
1640 3761 1763 3815 aliis
1789 3760 1928 3825 erit;

351 3864 469 3912 tum
500 3858 662 3912 etiam
690 3858 742 3912 id
771 3857 917 3929 quod
942 3864 1210 3927 tempore,
1250 3864 1303 3910 et
1341 3856 1394 3909 id
1431 3854 1580 3925 quod
1630 3854 1930 3909 secundum

354 3950 719 4005 substantiam
750 3950 907 4020 prius
936 3958 1041 4004 est.
1091 3949 1335 4004 Primum
1389 3963 1617 4003 necesse
1661 3954 1747 4001 est
1806 3961 1932 4001 esse

350 4039 580 4096 localem
610 4052 838 4096 motum.
874 4041 1032 4095 Nulla
1060 4041 1205 4097 enim
1242 4042 1542 4095 necessitas
1573 4047 1632 4092 ut
1662 4046 1931 4108 augeatur

350 4143 445 4189 aut
478 4134 794 4189 immutetur
816 4134 868 4188 id
893 4133 1037 4204 quod
1064 4133 1185 4186 loco
1219 4140 1489 4198 movetur,
1522 4131 1609 4185 vel
1634 4131 1802 4185 etiam
1847 4130 1931 4200 gi-

348 4232 548 4293 gnatur
577 4234 670 4279 aut
694 4232 1102 4295 corrumpatur.
1145 4222 1349 4278 Harum
1396 4231 1578 4277 autem
1624 4221 1929 4276 motionum

350 4316 499 4371 nulla
527 4331 650 4372 esse
678 4324 861 4388 potest
906 4317 1028 4373 sine
1081 4316 1345 4371 continuo
1389 4315 1482 4369 illo
1530 4321 1707 4377 motu,
1765 4329 1927 4384 quem

348 4406 587 4476 primum
620 4424 848 4464 movens
878 4408 1062 4463 ellicit.
1095 4407 1192 4464 Est
1221 4407 1387 4461 etiam
1433 4407 1646 4478 primus
1681 4412 1929 4476 tempore

1091 334 1457 395 APPENDIX.
1492 366 1564 377 ——
1602 334 1786 391 ΡΑιιε
1832 334 1875 391 ι.
1917 340 1928 389 ε

2105 333 2285 391 επηι
2317 333 2548 393 οΡΕιιΑ
2585 333 2876 393 ερυιιιλ.

1961 458 2008 519 Δ

2413 452 2500 507 65.
2543 453 2637 507 Ἐκ
2664 452 2779 507 τοῦ
2798 449 3259 522 (11510516101);

2113 568 2132 600 ι
2181 546 2417 618 Ἀνάγκη
2444 538 2581 602 εἷναί
2611 564 2668 600 τι
2700 545 2758 598 ἓν
2783 546 2883 601 καὶ
2925 545 3117 609 ἀΐδιον,
3165 543 3231 598 τὸ
3270 542 3479 615 πρῶτον
3524 563 3603 598 κισ

2032 640 2159 696 νοῦν
2181 658 2195 675 ⁸
2228 640 2495 693 δέδεικται
2521 641 2649 712 γὰρ,
2686 640 2769 694 ὅτι
2798 639 3020 709 ἀνάγκη
3050 639 3141 693 ἀεὶ
3183 638 3395 710 κίνησιν
3438 633 3565 693 εἶναι
3584 660 3597 671 ο

2033 738 2081 787 εί
2102 732 2156 788 δὲ
2190 735 2298 797 ἀεὶ,
2328 733 2537 802 ἀνάγκη
2568 734 2664 786 καὶ
2698 732 2901 802 συνεχῆ
2931 732 3043 801 (17)
3087 728 3260 785 εἶναι·
3284 733 3378 786 καὶ
3416 732 3516 805 γὰρ
3546 734 3602 786 τὲ

2031 828 2119 882 ait
2146 826 2206 881 ὃν
2223 826 2443 897 συνεχές
2462 844 2475 857 ·
2500 826 2562 879 τδ
2582 826 2697 897 γὰρ
2729 824 2928 895 ἑφεξῆς
2952 825 3014 879 οὐ
3047 824 3293 894 συνεχές.
3333 826 3396 878 Ἦ
3420 826 3473 879 δὲ
3499 843 3605 879 συν-

2033 920 2164 991 εχὴς
2195 920 2293 989 μία
2318 936 2332 950 ·
2399 920 2496 989 μία
2524 919 2565 973 δ’
2594 920 2643 971 εί
2679 919 2767 985 ὑφ’
2796 918 2923 980 ἑνός
2948 934 3009 970 τε
3038 918 3325 980 κινοῦντος
3360 917 3451 971 καὶ
3497 918 3605 979 ἑνὸς

2032 1013 2128 1067 τοῦ
2158 1016 2498 1083 κινουμένου.
2526 1013 2588 1065 Et
2615 1010 2733 1082 γάρ
2761 1028 2815 1063 τι
2850 1009 2979 1064 ἄλλο
3006 1011 3103 1064 καὶ
3132 1010 3266 1065 ἄλλο
3294 1012 3518 1083 κινήσει,
3546 1014 3604 1063 οὔ

2035 1105 2264 1177 συνεχὴς
2297 1106 2331 1175 ἡ
2358 1106 2452 1175 ὅλη
2484 1104 2724 1175 κίνησις,
2756 1103 2872 1157 ἀλλ’
2899 1101 3117 1175 ἑφεξῆς.
3157 1122 3178 1155 ι

2103 1370 2167 1424 El
2192 1368 2255 1422 τδ
2283 1368 2495 1441 πρῶτον
2522 1366 2711 1423 κινοῦν
2737 1368 2838 1441 τὴν
2867 1368 3011 1423 κατὰ
3040 1366 3219 1439 φορὰν
3248 1368 3527 1439 κίνησιν.ἡ
3556 1369 3609 1423 δὲ

2035 1462 2176 1517 κατὰ
2202 1461 2377 1532 φοράν
2403 1460 2613 1533 κίνησίς
2640 1462 2760 1515 ἐστι
2786 1460 2887 1514 τοῦ
2916 1459 3177 1533 οὐρανοῦ,
3230 1462 3260 1514 ὁ
3302 1460 3359 1513 δὲ
3400 1461 3607 1531 οὐρανός

2034 1559 2148 1613 ἐστι
2181 1554 2407 1626 φυσικὸν
2437 1554 2592 1625 σῶμα
2617 1554 2757 1625 (18),
2783 1554 2847 1607 τὸ
2876 1553 2937 1606 δὲ
2960 1552 3193 1623 φυσικὸν
3224 1552 3385 1622 σῶμα
3416 1554 3470 1605 ἐν
3495 1554 3607 1604 ἐαυ-

2024 1648 2111 1718 ιιῷ
2142 1648 2254 1718 ἔχει
2284 1646 2526 1716 φυσικῶς
2548 1646 2647 1716 τῆς
2676 1644 2819 1699 κατὰ
2867 1644 3032 1713 φύσιν
3063 1645 3340 1715 κινήσεως
3390 1643 3481 1714 τὴν
3518 1645 3607 1713 ἁρ-

2034 1742 2133 1811 χήν
2159 1757 2173 1770 ο
2233 1738 2503 1811 περιττῶς
2550 1739 2660 1809 ἄρα
2706 1741 2937 1791 κινεῖται
2981 1738 3011 1790 ὀ
3053 1736 3294 1807 οὐρανὸς
3342 1736 3434 1789 τοῦ
3475 1736 3607 1806 κρώ-

2033 1850 2124 1886 του
2148 1833 2257 1901 (19)
2288 1831 2561 1894 κινοῦντος
2589 1831 2691 1901 τὴν
2721 1830 2864 1883 κατὰ
2894 1830 3067 1901 φορὰν
3090 1830 3345 1901 κίνησιν·
3363 1829 3429 1899 ἣν
3457 1831 3539 1883 καὶ
3563 1833 3604 1881 εί

2036 1925 2110 1996 μὴ
2142 1926 2201 1977 τὸ
2229 1924 2443 1996 πρῶτον
2474 1922 2655 1977 κινοῦν
2690 1921 2860 1976 ἐκίνει
2890 1922 3075 1985 αὑτὸν,
3105 1922 3347 1975 ἐκινεῖτο
3374 1922 3439 1974 ἂν
3466 1920 3605 1983 aint»;

2031 2018 2121 2086 ὑφ’
2156 2016 2372 2079 ἑαυτοῦ,
2401 2015 2491 2069 διὰ
2518 2015 2577 2069 τὸ
2621 2010 2765 2069 εἶναι
2813 2015 2982 2069 αὐτὸν
3026 2016 3287 2085 πέμπτον
3345 2018 3602 2083 στοιχεῖον,

2038 2111 2171 2181 μήτε
2202 2108 2479 2180 βαρύτητα
2507 2107 2627 2178 ἔχον
2682 2106 2940 2162 κινοῦσαν
2978 2107 3145 2161 αὑτὸν
3198 2106 3296 2159 ἐπὶ
3344 2107 3405 2159 τὸ
3454 2106 3602 2166 κάτω.

2036 2201 2173 2271 μήτε
2202 2199 2509 2270 κουφότητα
2536 2198 2791 2252 κινοῦσαν
2835 2198 3003 2253 αὑτὸν
3053 2200 3147 2252 ἐπὶ
3193 2198 3259 2251 τὸ
3303 2197 3435 2258 ἄνω,
3488 2198 3605 2251 ἀλλὰ

2034 2293 2225 2363 ἑτέραν
2253 2292 2479 2364 δύναμιν
2514 2291 2800 2363 ἀνώνυμον
2850 2290 3114 2347 κινοῦσαν
3168 2292 3340 2345 αὑτὸν
3397 2295 3514 2363 περὶ
3553 2293 3606 2345 τὸ

2036 2384 2219 2455 μέσον.
2254 2386 2318 2437 Εἰ
2346 2386 2407 2437 τὸ
2439 2384 2653 2456 πρῶτον
2682 2382 2872 2438 κινοῦν
2900 2385 3005 2455 τὴν
3038 2384 3185 2438 κατὰ
3214 2384 3389 2456 φορὰν
3416 2386 3607 2455 κίνησιν

2032 2475 2125 2528 τδν
2152 2476 2380 2547 οὐρανὸν
2408 2476 2531 2530 οὔτε
2561 2474 2707 2530 κατὰ
2734 2475 2901 2544 φύσιν
2944 2477 3109 2531 αὐτὸν
3140 2480 3290 2530 κινεί
3312 2494 3327 2507 ·
3377 2478 3609 2548 περιττὸν

2033 2569 2142 2640 γάρ
2168 2569 2229 2622 τὸ
2260 2567 2402 2622 οὕτω
2430 2573 2596 2623 κινεῖν
2618 2586 2632 2599 ·
2668 2568 2789 2622 οὒτε
2824 2568 2979 2640 παρὰ
3010 2568 3176 2637 φύσιν
3200 2586 3216 2600 ο
3261 2569 3487 2640 δευτέρα
3511 2569 3609 2639 γάρ

2035 2661 2150 2713 ἐστι
2179 2662 2392 2731 κίνησις
2417 2664 2451 2731 ἠ
2483 2660 2634 2732 παρὰ
2664 2662 2825 2729 φύσιν
2854 2663 2954 2732 τῆς
2981 2662 3126 2714 κατὰ
3145 2661 3314 2730 φύσιν
3340 2664 3606 2733 κινήσεως·

2033 2753 2135 2807 οὐκ
2166 2752 2273 2824 ἄρα
2322 2756 2462 2806 κινεῖ
2508 2770 2559 2805 τι
2588 2754 2678 2806 τὸν
2706 2754 2958 2824 οὐρανόν.
2994 2755 3057 2805 El.
3089 2755 3247 2807 πᾶσα
3287 2755 3514 2823 κίνησις,
3544 2756 3613 2817 ὡς

2036 2845 2241 2912 γίνεται
2272 2845 2327 2897 δὲ
2356 2844 2473 2907 νῦν,
2497 2844 2669 2907 οὕτως
2698 2845 2789 2898 καὶ
2820 2844 2886 2897 τὸ
2927 2846 3198 2917 πρότερον
3248 2847 3459 2914 ἐγένετο
3478 2866 3489 2877 ·
3534 2850 3609 2915 γί-

2035 2953 2184 2990 νεται
2212 2937 2268 2989 δὲ
2296 2938 2391 2990 νῦν
2421 2940 2559 2990 κατὰ
2584 2938 2889 3009 μεταϐολὴν
2915 2939 3009 2992 τοῦ
3037 2939 3332 3009 μέλλοντος
3358 2941 3605 3008 γίνεσθαι·

2033 3028 2095 3082 τδ
2120 3029 2175 3083 δὲ
2208 3030 2398 3100 μέλλον
2426 3030 2667 3098 γίνεσθαι
2696 3031 2801 3101 πρὸ
2829 3030 2927 3083 τοῦ
2956 3031 3216 3099 γενέσθαι
3249 3030 3402 3085 οὔπω
3429 3028 3528 3102 ἦν’
3556 3034 3610 3085 τὸ

2034 3120 2089 3174 δὲ
2117 3122 2332 3193 πρῶτον
2369 3123 2466 3192 μὲν
2492 3123 2592 3174 οὐκ
2635 3121 2719 3183 ὃν,
2767 3121 3000 3193 ὕστερον
3049 3124 3129 3187 δὲ,
3181 3124 3415 3195 γενητὸν
3466 3124 3611 3177 τοῦτο

2036 3215 2143 3266 πᾶν
2168 3231 2181 3244 ·
2212 3214 2273 3267 τὸ
2300 3214 2359 3267 δὲ
2391 3213 2613 3285 γενητὸν
2641 3214 2879 3286 ἄναρχον
2912 3232 2973 3267 τε
3010 3216 3108 3269 καὶ
3163 3217 3339 3270 ἀΐδιον
3373 3218 3435 3269 οὐ
3466 3217 3606 3270 δυνα-

2031 3305 2123 3359 τδν
2155 3301 2294 3360 εἶναι
2314 3323 2327 3336 ·
2363 3308 2463 3359 οὐκ
2492 3305 2599 3379 ἄρα
2626 3307 2660 3377 ἡ
2694 3307 2910 3377 κίνησις
2938 3308 3112 3373 άῖδιός
3141 3327 3205 3362 τε
3242 3310 3340 3365 καὶ
3367 3312 3603 3382 ἄναρχος.

2412 3398 2499 3451 44.
2551 3398 2644 3451 Ἐκ
2678 3398 2784 3453 τοῦ
2811 3400 3006 3454 αὑτοῦ
3027 3403 3245 3471 λόγου.

2109 3507 2128 3541 ι
2162 3490 2417 3562 Φανερδν,
2451 3491 2532 3544 ὅτι
2561 3492 2594 3561 ἡ
2627 3490 2770 3563 φορὰ
2802 3492 2916 3563 (‘20)
2950 3492 3144 3565 πρώτη
3167 3511 3181 3523 ·
3232 3495 3297 3547 τὸ
3338 3494 3447 3569 γὰρ
3474 3495 3607 3566 πρῶ-

2032 3597 2123 3633 τον
2152 3580 2340 3653 ὥσπερ
2362 3583 2445 3650 ἐφ’
2474 3583 2697 3654 ἑτέρων,
2721 3582 2868 3636 οὕτω
2896 3586 2992 3638 καὶ
3020 3585 3116 3639 ἐπὶ
3148 3588 3421 3657 κινήσεως
3448 3588 3511 3641 ἂν
3534 3586 3607 3639 λέ-

2032 3688 2181 3740 γοιτο
2206 3673 2538 3745 πλεοναχῶς.
2572 3674 2803 3744 Λέγεται
2834 3675 2892 3730 δὲ
2922 3676 3218 3748 πρότερον,
3252 3672 3318 3731 οῦ
3345 3696 3407 3747 γε
3443 3679 3602 3748 μὴδν-

2031 3780 2144 3827 τος,
2171 3765 2272 3819 οὐκ
2303 3765 2454 3820 ἔσται
2480 3767 2550 3821 τὰ
2580 3766 2737 3830 ἄλλα,
2768 3768 2948 3822 ὲκείνο
2985 3770 3043 3822 δὲ
3074 3771 3208 3824 ἄνευ
3258 3771 3373 3825 τῶν
3408 3771 3599 3825 ἄλλων·

2033 3858 2127 3909 καὶ
2160 3856 2221 3909 τὸ
2244 3858 2440 3928 χρόνῳ,
2472 3860 2567 3913 καὶ
2596 3859 2659 3913 τὸ
2687 3862 2806 3913 κατ’
2834 3861 3045 3915 οὐσίαν.
3085 3864 3214 3916 Ὀτι
3260 3862 3477 3932 ἀνάγκη
3515 3863 3599 3931 τὴν

2032 3948 2205 4019 φορὰν
2235 3946 2373 4004 εἶναι
2398 3950 2639 4023 πρώτην.
2674 3953 2808 4006 Οὐδὲ
2862 3953 2974 4025 γὰρ
3036 3955 3137 4025 μία
3197 3955 3442 4025 ἀνάγκη,
3492 3954 3596 4008 οὔτε

2031 4042 2312 4109 αὖξεσθαι,
2354 4044 2478 4097 οὔτε
2519 4045 2861 4099 ἀλλοιοῦσθαι
2904 4046 2968 4100 τὸ
3018 4049 3351 4119 φερόμενον,
3394 4049 3510 4104 οὐδὲ

2030 4134 2296 4203 γίνεσθαι,
2326 4135 2359 4206 ἢ
2396 4136 2728 4209 φθείρεσθαι.
2761 4140 2981 4192 Τούτων
3027 4140 3087 4193 δὲ
3114 4141 3379 4212 οὐδεμίαν
3409 4142 3594 4209 ἐνδέχε-

2033 4228 2156 4282 σθαι
2183 4228 2293 4299 (21)
2319 4230 2417 4300 τῆς
2447 4230 2700 4300 συνεχοῦς
2732 4229 2807 4301 μὴ
2834 4230 3023 4303 οὔσης,
3073 4232 3143 4303 ἢν
3174 4237 3319 4287 κινεῖ
3354 4235 3417 4288 τὸ
3463 4232 3593 4305 πρῶ-

2028 4336 2121 4372 τον
2146 4320 2347 4375 κινοῦν.
2386 4322 2505 4373 Ἔτι
2528 4322 2703 4392 χρόνῳ
2736 4320 2927 4392 πρώτη
2951 4339 2964 4351 ·
2995 4325 3111 4385 τοῖς
3141 4322 3257 4394 γὰρ
3300 4324 3484 4385 ἀϊδίοις
3522 4323 3593 4393 μό-

2030 4410 2120 4465 νον
2151 4412 2419 4481 ἐνδέχεται
2458 4412 2721 4467 κινεῖσθαι
2766 4415 2990 4483 ταύτην,
3038 4414 3156 4468 ἀλλ’
3222 4417 3311 4484 ἐφ’
3357 4416 3471 4479 ἑνὸς
3510 4414 3591 4485 μὲν

348 4500 542 4555 localis
566 4510 789 4570 motus;
827 4503 911 4558 his
938 4505 1081 4558 enim
1139 4501 1291 4564 solis,
1344 4516 1467 4570 qua
1512 4510 1715 4555 aeterna
1775 4508 1926 4563 sunt,

2105 4503 2252 4557 auoﬁv
2279 4504 2391 4574 (22)
2432 4505 2539 4559 τῶν
2571 4506 2801 4575 ἑχόντων
2857 4506 2956 4577 τὴν
3011 4506 3233 4574 γένεσιν
3288 4508 3384 4578 τὴν
3443 4499 3590 4577 φορὰν

349 4593 531 4649 inesse
561 4601 763 4664 potest.
797 4595 867 4648 At
896 4594 949 4649 in
980 4609 1309 4662 unoquoque
1336 4607 1549 4655 eorum,
1581 4606 1704 4662 qua:
1728 4590 1929 4645 habent

348 4688 775 4754 generationem,
812 4694 1020 4741 motum
1047 4685 1275 4739 localem
1307 4698 1535 4739 necesse
1568 4690 1653 4737 est
1678 4682 1926 4737 ultimam

346 4791 470 4832 esse
497 4778 823 4833 motionum.
851 4777 987 4831 Nam
1029 4786 1155 4847 post
1211 4776 1619 4846 generationem
1684 4776 1925 4845 primum

348 4871 591 4925 occurrit
614 4870 1012 4925 incrementum
1043 4878 1096 4924 et
1125 4870 1474 4936 immutatio;
1516 4868 1711 4923 localis
1743 4876 1925 4922 autem

347 4969 531 5016 motus
559 4975 752 5016 eorum
786 4961 943 5032 571
976 4969 1060 5016 est
1089 4976 1211 5030 qua:
1231 4961 1347 5029 jam
1373 4960 1613 5031 perfecta
1647 4970 1794 5015 sunt.
1819 4958 1926 5014 Sed

349 5053 496 5108 aliud
528 5068 757 5109 necesse
780 5061 867 5109 est
896 5053 1051 5124 prius
1110 5054 1315 5109 moveri
1373 5053 1535 5108 locali
1569 5063 1743 5116 motu,
1777 5051 1925 5121 quod

422 5232 471 5313 (Al
570 5233 681 5287 Καὶ
714 5229 972 5313 συνεχῆ..
1002 5230 1461 5313 Coniunctionem
1493 5246 1557 5286 ex
1605 5237 1765 5313 textu,
1804 5229 1930 5313 A_ri-:

350 5299 562 5372 stotelis
588 5303 821 5372 sumpsit
855 5299 1182 5372 sylburgins
1206 5310 1261 5355 et
1287 5318 1409 5372 mox
1438 5301 1498 5354 δν
1531 5310 1646 5372 post
1681 5299 1765 5352 ἀεί
1793 5308 1847 5353 et
1874 5299 1926 5372 τί

351 5380 476 5425 ante
511 5371 666 5436 ἄλλος
686 5370 739 5426 et
773 5372 866 5443 ὅλη
899 5370 1026 5425 ante
1070 5370 1312 5441 κίνησις.
1358 5371 1531 5443 Miror
1578 5371 1729 5443 illum
1759 5370 1926 5443 _omi-

350 5440 959 5513 sisseconjunctionem
986 5444 1055 5507 si,
1086 5440 1208 5511 qua:
1254 5440 1698 5513 perincommode
1741 5441 1928 5495 deerat

352 5513 405 5566 in
442 5512 604 5576 editis
629 5512 856 5567 nostris.

396 5581 537 5661 _(18)
560 5582 828 5637 Φυσικὸν
854 5580 1046 5653 σῶμα.
1079 5577 1157 5637 Ita
1188 5580 1324 5653 Reg.
1360 5582 1411 5635 7.
1445 5579 1589 5635 Editi
1618 5579 1679 5632 τὸ
1698 5578 1926 5647 φυσικὸν

352 5668 529 5704 σωμα.

596 5721 705 5776 Τοῦ
751 5720 1004 5791 πρώτου.
1052 5720 1362 5795 legendum
1414 5721 1628 5781 videtur
1672 5716 1775 5775 ὑπὸ
1830 5717 1922 5771 τοῦ

356 5803 590 5856 πρωτου.

2030 4597 2267 4669 ὑστάτην
2296 4597 2590 4664 ἀναγκαῖον
2620 4594 2756 4651 εἶναι
2783 4596 2891 4650 τῶν
2920 4600 3214 4669 κινήσεων.
3247 4600 3403 4654 Μετὰ
3430 4598 3590 4669 γὰρτὸ

2028 4689 2281 4756 γενέσθαι
2310 4689 2526 4759 πρῶτον
2556 4688 2784 4760 αὔξησις
2802 4691 2895 4743 καὶ
2914 4690 3203 4754 ἀλλοίωσις
3222 4708 3236 4721 ·
3262 4690 3404 4763 φορὰ
3428 4692 3481 4743 δὲ
3503 4691 3587 4759 ἤδη

2027 4781 2414 4851 τελειουμένων
2446 4782 2661 4852 κίνησίς
2697 4783 2861 4837 ἐστιν.
2934 4782 3095 4839 Ἀλλὰ
3149 4784 3341 4854 ἕτερον
3397 4783 3615 4849 ἀνάγκη

2028 4872 2344 4943 κινούμενον
2372 4869 2511 4926 εἶναι
2568 4871 2710 4926 κατὰ
2743 4871 2916 4941 φορὰν
2975 4873 3269 4943 πρότερον,
3296 4874 3325 4925 ὃ
3367 4875 3458 4926 καὶ

2027 4964 2289 5031 γενέσεως
2315 4964 2487 5019 αἴτιον
2515 4963 2667 5016 ἔσται
2708 4965 2822 5025 τοῖς
2859 4962 3206 5030 γιγνομένοις
3251 4964 3313 5015 οὐ
3359 4962 3583 5031 γιγνόμε-

2027 5072 2139 5119 νον,
2168 5050 2281 5110 οἷον
2310 5056 2372 5109 τὸ
2398 5055 2666 5125 γεννῆσαν
2695 5052 2788 5106 τοῦ
2828 5052 3190 5123 γεννηθέντος
3208 5073 3221 5083 ·
3258 5056 3380 5107 ἔπει
3407 5054 3581 5118 δόξειεν

2101 5232 2213 5301 (ἳθ)
2274 5233 2337 5287 Ἠ
2376 5231 2528 5299 φορά
2562 5302 2565 5303 ν
2598 5231 2717 5303 Ipse
2767 5229 3117 5303 Aristoteles
3155 5228 3401 5283 declarat
3450 5223 3577 5301 initio

2029 5298 2203 5371 lmjus'
2223 5318 2342 5372 cap.
2375 5298 2405 5355 7
2435 5298 2604 5374 φοράν
2625 5298 2668 5355 ⁷ο
2694 5318 2752 5356 se
2786 5298 3016 5369 intelligi
3062 5298 3218 5352 illum
3254 5307 3474 5356 motum.
3501 5298 3574 5363 qui

2027 5384 2109 5430 est
2144 5373 2282 5426 κατὰ
2315 5374 2498 5426 τόπον.

2099 5444 2214 5513 (21)
2278 5442 2669 5511 Ἐνδέχεσθαι.
2724 5440 3073 5513 Aristoteles,
3127 5439 3422 5513 ἐνδέχεται.
3487 5432 3572 5488 Sed

2028 5509 2213 5569 noister
2251 5514 2337 5566 hic
2370 5509 2605 5581 scriptor
2639 5512 2947 5566 Aristotelis
2992 5521 3201 5567 textum
3247 5509 3475 5563 liberius:
3509 5519 3573 5555 rc-

2027 5587 2151 5639 fert.
2186 5599 2309 5637 cum
2344 5599 2484 5652 szepe
2513 5583 2667 5643 alias,
2697 5591 2811 5635 tum
2840 5582 3078 5652 maxime
3109 5583 3164 5634 in
3193 5582 3293 5634 hoc
3321 5588 3569 5645 excerpta.

2099 5654 2210 5721 (22)
2254 5650 2546 5708 Ὀτουόῦν.
2589 5652 2901 5721 Desumpsit
2946 5650 3276 5723 Sylburgius
3326 5665 3389 5703 ex
3445 5652 3577 5701 textu

2023 5723 2356 5781 Aristotelis.
3420 5726 3427 5733 ο

2075 5726 2356 5780 ristotclis.
3420 5726 3427 5733 ο
