3662 6488
64 399 179 455 1557

709 394 1149 453 CONFUTATIO
1180 392 1625 464 QCORUMDAM
1653 389 2109 449 ARISTOTELIS
2144 386 2565 448 DOGMATUII.

3148 388 3294 444 1558

58 520 114 573 ἂν
141 520 171 587 ἡ
199 518 411 585 γένεσις
437 509 578 570 εἶναι
604 514 793 588 πρώτη
820 516 929 569 τῶν
976 518 1263 589 κινήσεων,
1302 514 1388 568 διὰ
1428 512 1603 575 τοῦτο,

1789 510 1932 567 idem
1963 525 2132 565 causa
2175 509 2248 564 sit
2285 506 2657 579 generationis
2691 506 2776 562 his
2803 520 2926 576 qur
2964 506 3286 577 gignuntur,

57 609 127 662 ὅτι
155 606 401 676 γενέσθαι
430 607 512 660 δεῖ
538 608 598 659 τὸ
627 608 859 678 πρᾶγμα
888 609 1118 677 πρῶτον.
1153 606 1225 659 Τὸ
1259 606 1317 659 δὲ
1364 607 1447 675 ἐφ’
1491 604 1611 667 ἐνὸς

61 701 144 772 μὲν
170 698 388 753 ὁτουοῦν
416 698 525 751 τῶν
555 700 891 770 γιγνομὲνων
918 699 1089 762 οὕτως
1119 701 1252 769 ἔχει,
1280 698 1394 751 ἀλλ’
1423 699 1608 769 ἕτερον

56 794 328 859 ἀναγκαῖον
352 791 615 863 πρότερόν
642 808 694 843 τι
725 791 985 845 κινεῖσθαι
1012 791 1119 843 τῶν
1160 789 1514 861 γιγνομένων,
1548 788 1608 840 ὃν

55 882 166 935 αὑτό
189 882 299 953 (25)
332 884 427 936 καὶ
460 884 535 954 μὴ
569 884 907 954 γιγνόμενον,
935 885 1027 937 καὶ
1054 883 1245 937 τούτου
1284 884 1466 954 ἕτερον
1496 880 1605 951 (26)

58 976 321 1047 πρότερον.
355 995 374 1027 ι

112 1246 166 1299 Εἰ
192 1242 252 1297 τὸ
277 1242 647 1314 αὐξανόμενον
679 1241 835 1299 τοῦτό
864 1245 979 1297 ἐστι
1006 1241 1232 1314 γενητὸν
1250 1283 1266 1306 ,
1302 1241 1521 1307 αὐξάνει
1550 1243 1606 1297 δὲ

52 1339 79 1408 ἡ
107 1336 237 1407 φορὰ
269 1334 350 1406 τῷ
391 1335 542 1406 ποσῷ
574 1336 673 1405 τῆς
715 1337 1001 1405 κινήσεως,
1045 1336 1144 1387 οὐκ
1180 1334 1349 1397 ἀΐδιος
1378 1336 1411 1404 ἡ
1443 1334 1603 1404 φορά.

52 1428 111 1479 Τὸ
142 1430 245 1500 γὰρ
275 1427 576 1497 φερόμενον
611 1427 771 1497 σῶμα
809 1426 921 1496 ἔχει
974 1426 1171 1489 τόπους
1209 1426 1517 1496 διαφόρους,
1550 1428 1607 1478 ὲν

50 1513 115 1581 οἷς
141 1520 454 1570 κατατεῖνον
489 1517 587 1589 τὴν
622 1518 951 1589 μετάστασιν
975 1516 1084 1570 τῶν
1114 1516 1277 1569 αὑτοῦ
1310 1518 1523 1589 μέτρων
1543 1517 1605 1582 ’⁸,

50 1608 325 1678 φερόμενον
365 1611 510 1662 ποιεῖ
546 1609 687 1663 κατὰ
729 1607 899 1679 φορὰν
946 1610 1211 1680 κινήσεως
1233 1609 1332 1680 τὴν
1358 1608 1603 1680 αὔξησιν.

49 1701 97 1752 Εἰ
135 1702 190 1752 ὲν
228 1702 371 1771 αὐτῇ
417 1702 528 1771 ἔχει
560 1703 596 1773 ὴ
633 1700 773 1772 φορὰ
801 1701 879 1772 τῷ
904 1701 1054 1773 ποσῷ
1092 1701 1190 1772 τῆς
1215 1702 1480 1774 κινήσεως
1509 1701 1608 1774 τὴν

47 1790 286 1859 αὔξησιν,
325 1791 448 1855 πῶς
498 1792 715 1861 λέγεται
747 1792 779 1863 ἡ
813 1792 954 1863 φορὰ
973 1793 1073 1863 τῆς
1096 1794 1239 1847 κατὰ
1266 1792 1491 1865 αὔξησιν
1523 1810 1605 1846 κι-

47 1881 230 1949 νήσεως
256 1876 401 1936 εἶναι
437 1881 659 1953 πρώτη;
689 1884 753 1935 Εἰ
784 1882 1040 1937 ἀδύνατόν
1068 1886 1184 1937 ἐστι
1207 1886 1268 1939 τὸ
1297 1886 1372 1957 μὴ
1393 1886 1604 1958 ἠργμέσ-

46 1990 119 2023 νον
158 1974 247 2025 καὶ
291 1976 710 2046 πεπερασμένον
752 1974 1004 2040 δέξασθαι
1058 1979 1124 2048 τῇ
1171 1978 1454 2050 προσθήκῃ
1507 1979 1606 2049 τὴν

44 2064 269 2134 αὖξησιν,
305 2066 412 2119 οὐκ
447 2068 555 2138 ἄρα
586 2067 821 2140 ἄναρχος
856 2070 890 2139 ἡ
921 2068 1081 2139 φορὰ,
1106 2068 1183 2139 τῷ
1220 2069 1371 2140 ποσῷ
1393 2071 1491 2141 τῆς
1524 2088 1607 2123 κι-

44 2160 226 2227 νήσεως
260 2159 351 2212 ἀεὶ
389 2160 587 2229 μείζων
612 2156 704 2214 οὖν
732 2157 800 2232 ἦν
828 2162 1165 2232 γινομένηίτ.
1206 2163 1266 2215 El
1308 2165 1343 2234 ή
1377 2164 1517 2235 φορὰ
1548 2165 1605 2216 ὲν

45 2249 107 2318 τῷ
135 2250 381 2317 γίνεσθαι
414 2252 507 2304 καὶ
541 2251 894 2321 ἀπογίνεσθαι
928 2253 989 2305 τὸ
1022 2250 1161 2306 εἶναι
1194 2253 1326 2323 ἔχει,
1357 2255 1456 2308 οὐκ
1497 2254 1605 2326 ἄρα

44 2340 189 2403 ἀΐδιος
216 2342 248 2411 ἡ
285 2340 451 2410 φορὰ,
486 2337 553 2413 ἧς
579 2342 665 2393 ἀεὶ¹
695 2345 1014 2412 προηγεῖται
1050 2343 1143 2395 τοῦ
1178 2339 1312 2396 εἶναι
1339 2342 1400 2395 τὸ
1429 2344 1503 2415 μὴ
1528 2341 1604 2397 εῖ-

42 2450 131 2484 ναι.
168 2434 325 2485 Πᾶσα
369 2433 479 2504 γὰρ
524 2432 735 2503 κίνησις
776 2434 916 2488 κατὰ
953 2434 1252 2505 μεταϐολὴν
1274 2436 1477 2503 γίνεται
1511 2434 1604 2488 τοῦ

49 2528 191 2595 μήπω
214 2527 392 2589 ὄντος,
428 2526 562 2580 ἀλλὰ
596 2527 899 2597 μέλλοντος.
924 2528 987 2579 El
1018 2529 1163 2581 πᾶσα
1191 2529 1330 2597 φορὰ
1356 2528 1432 2599 τῷ
1460 2545 1596 2598 παρ·

44 2617 222 2671 ελθόντι
281 2619 703 2689 πεπερασμένον
761 2619 911 2684 ἐστὶ,
957 2619 1018 2671 τὸ
1076 2620 1134 2672 δὲ
1188 2622 1605 2692 πεπερασμένον

46 2712 133 2761 πᾶν
172 2709 231 2777 ἐξ
260 2710 514 2781 ἀνάγκης
558 2711 652 2764 καὶ
686 2712 979 2783 ἠργμένον,
1019 2712 1079 2765 τὸ
1105 2712 1163 2766 δὲ
1195 2713 1462 2785 ὴργμένον
1497 2716 1605 2768 πᾶν

45 2800 261 2869 γενητόνο
294 2800 502 2871 γενητὴ
534 2800 645 2875 ἄρα
676 2802 709 2871 ἡ
745 2801 906 2870 φορά.
934 2801 1045 2853 Καὶ
1075 2803 1123 2854 εἰ
1155 2802 1187 2871 ἡ
1221 2800 1362 2871 φορὰ
1390 2802 1484 2854 τοῦ
1509 2820 1601 2871 φε-

48 2892 247 2961 ρομένου
305 2891 560 2963 σώματος
608 2892 709 2944 οὐκ
749 2891 863 2944 ἐστι
911 2891 1152 2962 προτέρα
1207 2890 1342 2961 (25),
1382 2893 1604 2963 γενητὸν

44 2984 134 3052 ἄρα
164 2985 252 3037 καὶ
276 2983 343 3036 τὺ
385 2983 707 3054 φερόμενον.
743 2983 807 3036 Εἰ
836 2982 893 3035 ὲν
926 2983 1038 3045 τοῖς
1069 2980 1258 3044 ἀϊδίοις
1288 2981 1351 3034 τὸ
1384 2982 1481 3052 μὲν
1510 2982 1607 3052 μό-

45 3091 114 3125 νον
150 3078 320 3139 κινεῖ,
357 3074 419 3127 τὸ
450 3074 506 3127 δὲ
538 3074 697 3145 μόνον
732 3076 959 3127 κινεῖται
1002 3074 1184 3137 ἀϊδίως
1218 3074 1317 3145 τὴν
1340 3074 1481 3128 κατὰ
1512 3090 1607 3141 φο-

46 3164 126 3233 ρὰν
172 3166 411 3238 κίνησιν·
454 3165 573 3227 πῶς
619 3164 718 3217 οὐκ
762 3163 876 3216 ἐστι
920 3162 1027 3216 τῶν
1084 3163 1357 3216 ἀδυνάτων
1407 3162 1469 3214 τὸ
1515 3162 1605 3214 τὸν

1709 613 1767 659 ιιι
1797 605 2011 675 genitor
2055 603 2262 675 genito.
2294 601 2519 656 Videtur
2545 600 2746 671 quippe
2801 600 3080 670 generatio
3108 600 3289 669 prima

1708 714 1832 753 esse
1854 697 2178 760 motionum,
2211 703 2499 767 propterea
2528 694 2674 764 quod
2704 700 2921 763 oportet
2954 701 3012 746 ut
3052 707 3140 747 res
3171 692 3290 762 prid

1708 805 1855 843 mum
1882 796 2193 860 generetur.
2219 790 2395 858 Atque
2421 787 2474 841 id
2507 786 2562 840 in
2595 801 2927 856 unoquoque
2944 800 3133 839 eorum
3164 800 3291 854 qua:

1707 890 2039 951 generantur
2070 882 2145 935 ita
2173 894 2232 937 se
2256 880 2457 946 habet;
2483 878 2580 932 sed
2604 892 2832 932 necesse
2854 886 2940 932 εει
2958 877 3103 931 aliud
3131 875 3290 946 quidv

1707 971 1830 1025 dam
1864 979 1988 1026 ante
2012 987 2076 1026 ea
2100 985 2221 1041 quae
2249 977 2600 1041 generantur,
2630 970 2857 1033 moveri,
2894 970 3038 1040 quod
3064 970 3285 1039 quidem

1710 1063 1888 1133 ipsum
1941 1065 2014 1118 sit
2038 1079 2138 1119 nec
2183 1074 2363 1118 tamen
2414 1072 2743 1134 generetur,
2783 1070 2948 1133 atque
2994 1063 3101 1118 isto
3135 1062 3285 1116 aliud

1708 1158 1884 1228 prius.
1924 1176 1944 1210 ι

1781 1246 1839 1301 Si
1865 1246 1917 1302 id
1945 1246 2089 1317 quod
2120 1247 2317 1301 crescit
2346 1247 2586 1316 genitum
2616 1254 2722 1307 est,
2755 1243 2958 1299 crescit
3000 1252 3176 1298 autem
3210 1244 3290 1296 lo-

1708 1340 1847 1394 calis
1879 1346 2059 1393 motus
2098 1338 2400 1407 quantitate
2420 1381 2433 1404 ,
2458 1352 2567 1391 non
2602 1345 2686 1391 est
2715 1344 2914 1390 aeterna
2947 1336 3061 1390 haec
3091 1336 3285 1390 motio.

1708 1429 1885 1484 Habet
1914 1431 2059 1483 enim
2116 1444 2337 1499 corpus,
2391 1430 2536 1499 quod
2587 1428 2780 1493 fertur,
2831 1429 2981 1483 varia
3039 1430 3177 1492 loca,
3226 1429 3285 1482 in

1707 1520 1909 1590 quibus
1940 1518 2235 1573 intendens
2287 1519 2699 1573 translationem
2746 1520 2985 1589 partium
3032 1534 3279 1581 suarum,

1704 1610 1888 1673 eﬂicit,
1921 1610 2051 1664 dum
2088 1609 2282 1673 fertur,
2316 1618 2496 1665 motus
2522 1610 2716 1665 locatis
2748 1611 3166 1665 incrementum.
3221 1609 3281 1664 Si

1705 1704 1875 1774 igitur
1904 1703 2066 1757 habet
2096 1702 2153 1757 in
2203 1702 2385 1773 seipse
2422 1712 2603 1759 motus
2653 1703 2841 1758 localis
2882 1703 3278 1757 incrementum

1705 1796 2015 1867 quantitate
2038 1795 2333 1850 motionis:
2364 1796 2639 1865 quomodo
2662 1796 2812 1866 prior
2839 1810 2960 1850 esse
2984 1794 3185 1849 dicitur
3217 1808 3285 1849 ea

1708 1890 1972 1952 motione,
1999 1903 2122 1959 qua:
2157 1890 2459 1944 secundum
2507 1888 2905 1943 incrementum
2938 1887 3031 1941 fit?
3065 1886 3123 1941 Si
3169 1902 3280 1941 non

1704 1990 1906 2053 potest,
1933 1971 2080 2051 quod
2119 1980 2434 2035 inchoatum
2479 1988 2533 2035 et
2582 1979 2794 2035 finitum
2835 1996 2945 2035 non
2995 1988 3100 2044 est,
3134 1979 3282 2033 acci—

1702 2090 1832 2145 pere
1863 2074 2183 2131 accessione
2214 2074 2611 2130 incrementum
2633 2116 2648 2141 ,
2682 2088 2791 2128 non
2819 2088 2950 2145 ergo
2980 2074 3099 2129 sine
3131 2072 3283 2143 priu-

1703 2166 1847 2236 cipio
1869 2174 2050 2222 motus
2076 2168 2286 2231 locatis,
2310 2166 2403 2235 qui
2426 2181 2641 2235 semper
2661 2166 2967 2236 quantitate
2990 2166 3167 2234 major
3186 2166 3277 2219 sit.

1706 2257 1763 2313 Si
1792 2266 1974 2314 motus
1998 2259 2189 2314 locatis
2236 2260 2292 2313 in
2320 2266 2443 2313 ortu
2475 2266 2530 2313 et
2563 2258 2785 2313 interitu
2840 2258 3115 2321 consistit,
3170 2274 3280 2313 non

1703 2364 1833 2420 ergo
1854 2357 2094 2403 :eternus
2124 2348 2394 2417 estcuius
2421 2347 2801 2404 exsistentiam
2827 2361 3044 2418 semper
3075 2362 3282 2417 prame-

1704 2440 1787 2495 dit
1814 2456 1922 2494 non
1947 2440 2291 2496 exsistentia.
2326 2438 2519 2495 Omnis
2545 2440 2689 2494 enim
2717 2439 2885 2493 motio
2908 2454 3006 2508 per
3027 2442 3281 2493 mutatio-

1704 2548 1828 2587 nem
1856 2532 1916 2587 ῆι
1949 2533 2096 2586 illius
2131 2532 2279 2603 quod
2313 2532 2555 2586 nondum
2586 2538 2690 2595 est,
2741 2530 2835 2585 sed
2881 2530 3127 2584 futurum
3172 2540 3277 2585 est.

1705 2622 1763 2678 Si
1790 2624 2022 2695 quilibet
2054 2633 2239 2679 motus
2271 2623 2463 2678 localis
2492 2622 2769 2693 pmterito
2790 2622 2976 2677 finitus
2997 2632 3105 2685 est,
3132 2622 3283 2692 quid-

1704 2715 1833 2786 quid
1860 2725 2039 2772 autem
2066 2716 2277 2771 ﬁnitum
2310 2716 2623 2771 necessario
2657 2722 2711 2769 et
2741 2714 3057 2768 inchoatum
3083 2722 3193 2776 est,
3226 2723 3282 2768 et

1704 2808 1948 2879 genitum
1978 2807 2243 2879 quidquid
2269 2808 2618 2874 inchoatum;
2656 2806 2874 2877 genitus
2911 2820 3044 2875 ergo
3094 2814 3281 2860 motus

1710 2901 1921 2956 locatis.
1951 2901 2016 2954 Et
2042 2902 2089 2955 si
2114 2901 2305 2955 localis
2352 2909 2534 2954 motus
2576 2914 2684 2953 non
2727 2905 2813 2953 est
2858 2897 3009 2968 prior
3049 2911 3284 2967 corpore

1705 2993 1851 3063 quod
1870 2993 2221 3057 transfertur,
2241 3009 2343 3047 nec
2366 3008 2587 3062 corpus,
2605 2992 2748 3063 quod
2773 2990 3107 3046 transfertur
3130 2998 3283 3045 motu

1706 3087 1866 3143 locati
1892 3087 2043 3156 prius
2071 3094 2182 3148 est;
2204 3086 2444 3155 genitum
2472 3100 2601 3156 ergo
2622 3093 2678 3140 et
2701 3099 2905 3154 corpus
2927 3084 3070 3154 quod
3101 3091 3285 3139 trans-

1707 3178 1901 3234 fertur.
1932 3177 1987 3232 Si
2028 3180 2081 3231 in
2113 3178 2202 3241 iis,
2247 3192 2368 3247 quae
2424 3184 2628 3232 :etcrna
2678 3187 2827 3240 sunt,
2882 3176 3029 3231 aliud
3061 3178 3283 3248 quidem

44 3258 251 3329 ἄναρχον
298 3258 586 3331 ήργμένην
631 3259 742 3331 (26)
775 3260 1039 3314 κινεῖσθαι
1081 3258 1326 3330 κίνησιν;
1360 3258 1424 3311 Εἰ
1455 3258 1514 3310 τὸ
1542 3252 1603 3311 οὗ

1784 3278 1888 3325 wet
1911 3269 2310 3335 tantummodo,
2341 3270 2488 3323 aliud
2520 3279 2697 3324 autem
2740 3269 3122 3324 tantummodo
3166 3283 3278 3324 mo-

42 3350 149 3401 ἄνευ
174 3350 283 3404 τῶν
318 3350 497 3404 ἄλλων
533 3351 685 3404 οὐδέν
710 3354 845 3415 ἐστι,
878 3350 1036 3404 τοῦτο
1065 3350 1223 3422 οὐσίᾳ
1259 3366 1317 3403 τε
1344 3349 1439 3404 καὶ
1474 3350 1599 3419 χρό-

43 3459 103 3511 νῳ
125 3444 223 3496 τῶν
256 3442 439 3497 ἄλλων
475 3444 688 3515 πρῶτον
718 3446 852 3498 ἐστι’
884 3443 1001 3508 πῶς
1039 3444 1140 3496 οὐκ
1160 3443 1308 3496 ἐστιν
1334 3442 1444 3512 (27)
1470 3442 1599 3510 ἀγέ-

45 3552 209 3605 νητον;
242 3534 441 3606 Ἐτέθη
495 3535 603 3607 γὰρ
644 3536 706 3590 τὸ
738 3536 951 3609 πρῶτον
983 3536 1167 3589 κινοῦν
1198 3537 1415 3590 πάντων
1454 3536 1603 3608 πρῶ·-

44 3643 117 3679 τον
155 3626 292 3684 εἶναι
336 3630 431 3683 καὶ
478 3630 760 3703 ἀγένητον·
791 3630 872 3684 ἔτι
905 3630 962 3684 δὲ
993 3632 1021 3683 ὁ
1055 3630 1281 3702 οὐρανὸς
1318 3630 1412 3684 καὶ
1442 3630 1511 3683 τὰ
1543 3633 1602 3683 ὲν

44 3720 106 3788 τῷ
124 3722 336 3793 οὐρανῷ
354 3723 655 3793 φαινόμενά
674 3740 731 3776 τε
762 3723 853 3776 καὶ
880 3722 1170 3793 κινούμενα
1198 3717 1336 3775 εἶναι
1365 3722 1602 3794 ἀγένητα

45 3813 215 3867 πάνταο
238 3817 380 3887 ὅπερ
406 3817 552 3869 ἐστὶν
580 3817 798 3879 ἄτοπον,
816 3816 876 3869 τὸ
894 3816 1072 3884 λέγειν
1104 3815 1364 3885 ἀγένητόν
1380 3833 1431 3867 τι
1464 3811 1601 3869 εἶναι

46 3907 133 3976 πρὸ
164 3910 309 3973 τινὸς
334 3909 507 3962 ἀϊδίου
541 3909 599 3961 ὲν
623 3910 733 3972 τοῖς
758 3910 967 3971 ἀϊδίοις.
1000 3910 1063 3961 Εἰ
1082 3909 1143 3962 τὸ
1177 3908 1392 3979 πρῶτον
1419 3906 1602 3961 κινοῦν

46 3999 125 4068 τὴν
156 4001 519 4073 συνεχομένην
544 4000 777 4071 κίνησιν,
804 4003 942 4054 κινεῖ
962 3999 1018 4052 δὲ
1047 3999 1171 4053 οὔτε
1206 4000 1303 4071 τὴν
1329 3999 1470 4055 κατὰ
1505 3998 1605 4070 φύ-

48 4106 133 4153 σιν,
164 4091 284 4145 οὔτε
318 4092 418 4164 τὴν
464 4091 614 4163 παρὰ
655 4092 832 4161 φύσιν,
874 4092 1089 4163 ἐκείνην
1121 4093 1218 4163 μὲν
1248 4091 1323 4155 ὠς
1348 4093 1603 4164 περιττὴν

47 4182 207 4247 καθὼς
232 4182 437 4256 ἐρρέθη
458 4183 591 4255 (28),
625 4184 827 4257 ταύτην
859 4183 914 4237 δὲ
940 4184 1015 4248 ὡς
1041 4184 1297 4254 δευτέραν
1323 4180 1485 4238 οὖσαν
1508 4185 1605 4255 τῆς

46 4277 169 4330 κατὰ
200 4279 364 4348 φύσιν
400 4280 696 4350 κινήσεωςο
734 4279 834 4331 οὐκ
860 4278 968 4350 ἄρα
998 4280 1136 4331 κινεῖ
1168 4278 1263 4349 τὴν
1290 4278 1488 4349 συνεχῆ
1523 4278 1606 4331 κί-

48 4384 179 4438 νησιν
200 4370 376 4424 οὐδέν.
404 4371 467 4423 Ei
495 4370 600 4422 τῶν
634 4368 817 4433 ἁῖδίως
843 4369 1176 4439 κινουμένων
1201 4370 1369 4442 οὖτεή
1395 4371 1606 4441 κίνησις

48 4460 265 4533 προτέρα
296 4462 405 4514 τῶν
431 4461 784 4531 κινουμένων,
804 4459 927 4513 οὔτε
953 4460 1021 4514 τὰ
1051 4462 1344 4533 κινούμενα
1367 4462 1608 4533 πρότερα

48 4552 126 4622 τῆς
156 4545 451 4625 κινήσεως,
487 4552 601 4606 ἐστι
628 4554 684 4606 δὲ
718 4556 752 4625 ἡ
786 4553 997 4623 κίνησις
1027 4554 1177 4606 πᾶσα
1208 4553 1348 4606 κατὰ
1380 4554 1609 4624 μεταϐο-

1702 3372 1859 3414 vetur
1882 3368 2031 3414 motu
2067 3360 2261 3414 locati:
2302 3361 2579 3430 quomodo
2608 3376 2717 3414 non
2751 3368 3039 3431 repugnat,
3062 3359 3287 3429 utquod

1703 3448 1975 3519 principio
2006 3457 2158 3502 caret
2194 3448 2453 3503 inchoato
2499 3455 2787 3502 moveatur
2815 3447 3000 3501 motu?
3047 3444 3105 3499 Si
3151 3446 3287 3499 illud

1704 3541 1823 3595 siue
1859 3555 1968 3608 quo
2016 3538 2149 3592 nihil
2201 3547 2287 3591 est
2332 3553 2401 3592 ex
2440 3538 2584 3601 aliis,
2617 3547 2672 3592 et
2716 3537 3025 3591 substantia
3058 3544 3111 3589 et
3145 3542 3285 3590 tem-

1704 3647 1835 3702 pore
1869 3631 2020 3700 prius
2042 3635 2129 3685 est
2160 3629 2305 3691 aliis.
2336 3627 2613 3699 Quomodo
2642 3636 2725 3683 est
2760 3629 3103 3699 ingenitum?
3152 3626 3282 3682 Sta-

1705 3732 1879 3778 tutum
1920 3723 2061 3777 enim
2110 3730 2194 3776 est
2226 3721 2461 3792 primum
2490 3737 2716 3778 movens
2749 3723 2990 3775 omnium
3042 3721 3283 3791 primum

1703 3833 1827 3874 esse
1886 3824 1939 3873 et
1994 3816 2316 3887 ingenitum,
2378 3815 2554 3870 adhuc
2594 3818 2757 3870 etiam
2801 3816 2999 3870 cmlum
3055 3824 3108 3870 et
3164 3831 3288 3885 qua)

1706 3910 1763 3964 in
1816 3909 1958 3964 c0210
2003 3916 2267 3980 apparent
2297 3918 2351 3962 et
2390 3916 2679 3964 moventur
2724 3924 2846 3963 esse
2888 3908 3128 3978 ingenita
3167 3922 3287 3960 om-

1704 4002 1796 4057 nia
1826 4021 1844 4057 :
1875 4002 2023 4072 quod
2071 4001 2292 4073 quidem
2336 4001 2635 4056 absurdum
2686 3999 2837 4055 dictu
2891 4007 2996 4064 est,
3035 4000 3091 4053 in
3122 3999 3288 4054 rebus
3394 4064 3397 4065 ν

1708 4094 1930 4151 aeternis
1956 4110 2078 4149 esse
2105 4094 2312 4163 aliquid
2334 4093 2636 4164 ingenitum
2662 4093 2768 4148 alio
2793 4102 2996 4147 aeterno
3022 4095 3193 4163 prius.
3228 4091 3287 4146 Si

1708 4189 1945 4258 primum
1978 4172 2205 4241 movens
2235 4186 2557 4241 continuum
2600 4193 2810 4239 motum
2841 4186 3025 4251 eﬂicit,
3058 4200 3158 4238 nec
3205 4192 3289 4236 ta—

1707 4294 1832 4332 men
1860 4293 1985 4332 eum
2015 4286 2221 4353 motum
2248 4276 2412 4332 efﬁcit
2438 4277 2534 4348 qui
2564 4276 2865 4331 secundum
2897 4287 3147 4330 naturam
3181 4287 3287 4340 est,

1708 4387 1810 4427 nec
1838 4386 1962 4426 eum
1990 4370 2083 4440 qui
2113 4377 2312 4441 praeter
2337 4378 2616 4433 naturam,
2666 4368 2816 4424 illum
2850 4368 3066 4439 quidem
3094 4376 3152 4422 ut
3194 4384 3290 4422 su-

1709 4478 2130 4533 pervacaneum,
2161 4472 2222 4518 ut
2256 4464 2464 4518 dictum
2489 4472 2593 4525 est,
2622 4462 2767 4517 hunc
2795 4470 2977 4517 autem
3005 4470 3063 4517 ut
3107 4470 3283 4532 postes

1709 4556 1911 4610 riorem
1949 4555 2186 4609 naturali
2220 4564 2411 4621 motu;
2443 4555 2579 4609 nihil
2610 4564 2695 4610 est
2721 4569 2853 4626 ergo
2874 4554 3027 4625 quod
3080 4564 3286 4608 motum

50 4642 132 4712 λὴν
160 4643 251 4696 τοῦ
281 4645 449 4716 μήπω
480 4644 659 4710 ὄντος,
693 4644 831 4699 ἀλλὰ
867 4644 1179 4715 μέλλοντος
1215 4645 1365 4699 ἔσται
1400 4646 1507 4717 ἄρα
1539 4647 1603 4702 τὰ

1784 4649 2030 4703 ntinuum
2064 4646 2280 4703 efficiat.
2307 4646 2364 4703 Si
2386 4647 2443 4702 in
2467 4648 2556 4711 iis,
2584 4662 2705 4719 quae
2738 4648 2805 4702 ab
2836 4657 3042 4703 aeterno
3066 4665 3257 4703 moveu

51 4735 327 4806 κινούμενα,
346 4736 523 4790 πάντα
556 4738 620 4789 ὲκ
644 4736 943 4809 μεταϐολῆς
967 4736 1062 4790 τοῦ
1090 4738 1254 4809 μήπω
1279 4738 1447 4801 ὄντος,
1473 4739 1609 4792 ἀλλὰ

1714 4748 1825 4806 tur,
1857 4756 1958 4795 nec
1987 4748 2167 4795 motus
2192 4741 2341 4811 prior
2369 4748 2453 4796 est
2482 4741 2571 4803 iis,
2602 4755 2724 4812 qua;
2751 4750 3061 4806 moventur,
3094 4757 3194 4796 nec
3227 4758 3291 4799 ea

110 4891 150 4921 "
180 4889 313 4962 Leg.
347 4889 460 4943 τῶν
486 4890 650 4944 αὑτοῦ
687 4889 891 4963 μερῶν,
927 4899 989 4947 ut
1022 4908 1079 4947 ιι.
1110 4892 1199 4947 52.
1279 4894 1321 4925 ’⁷
1350 4893 1481 4965 Leg.
1515 4894 1603 4964 μεί

1789 4895 2029 4967 ινομένη.

108 5042 213 5114 (23)
248 5048 351 5098 '01-
375 5047 547 5119 αὐτό.
600 5045 701 5119 Hic
729 5045 1036 5103 adhibenda
1066 5047 1169 5102 fuit
1211 5048 1601 5119 interpunctio,

49 5129 163 5188 quae
182 5124 235 5170 et
260 5116 404 5186 apud
434 5117 782 5173 Aristotelem
806 5126 860 5173 et
885 5119 940 5173 in
969 5119 1245 5188 prioribus
1269 5116 1473 5175 nostris
1495 5120 1607 5174 edi-

51 5187 275 5240 tionibus
309 5188 491 5241 minus
521 5191 832 5253 observata,
862 5187 1072 5243 erroris
1119 5191 1340 5245 occasio
1392 5191 1606 5245 exstitit

50 5255 445 5330 interpretibus,
469 5267 698 5330 excepto
721 5256 925 5330 Lange.
960 5258 1246 5330 Bepugnat
1268 5262 1413 5316 enim
1436 5268 1495 5315 ut
1517 5261 1602 5314 in-

50 5333 119 5377 ter
147 5328 325 5394 genita
356 5328 638 5385 recenseat
666 5330 720 5384 id
753 5328 898 5399 quod
928 5328 1171 5401 genitum
1201 5346 1311 5386 non
1342 5347 1465 5387 esse
1512 5346 1603 5386 as-

49 5408 264 5451 δενειέι.

113 5464 350 5541 (ευ-ιω
382 5469 595 5541 τούτου
620 5469 847 5541 ἕτερον.
876 5468 1174 5526 Videbatur
1214 5471 1391 5539 prima
1421 5472 1603 5541 specie

52 5532 322 5620 lggendum
344 5539 440 5620 καὶ
461 5540 650 5620 τούτοιξ
669 5532 770 5620 οὗχ
790 5539 997 5620 ἕτερον,
1013 5532 1371 5620 χει-ευμετὶοτ
1393 5532 1610 5620 negatio

53 5604 114 5684 ab
135 5605 218 5684 his
248 5609 430 5684 verbis
460 5626 569 5663 non
600 5604 991 5684 dirsju'ngen'da.
1017 5610 1128 5684 Sed
1156 5604 1345 5684 noster
1374 5604 1610 5684 scriptor

56 5676 442 5752 ininime__legit
490 5676 853 5752 negationem.
903 5680 992 5735 Sic
1048 5683 1191 5735 enim
1252 5683 1450 5752 refellit
1488 5676 1610 5735 inec

54 5744 345 5824 Aristotelis
365 5744 611 5824 'verba':
640 5752 707 5824 Et
752 5750 896 5824 ἐστιν
941 5752 1200 5824 ἀγένητον
1240 5751 1302 5803 τὸ
1348 5751 1609 5824 πρότερον

55 5818 137 5867 καὶ
166 5817 410 5892 ὕστερον,
442 5821 593 5873 ἔσται
628 5822 845 5892 ἄραδτε
879 5824 939 5876 τὸ
967 5817 1228 5893 ἁγένῇτον
1274 5817 1611 5894 οὐχ’ὰγένη·

1709 5067 1822 5104 τον.
1857 5049 1954 5105 His
1980 5051 2123 5105 enim
2156 5050 2338 5106 verbis
2375 5050 2807 5107 confutationem
2842 5066 2997 5108 suam
3036 5052 3287 5108 absolvit.

1710 5136 1860 5202 quae
1897 5133 2153 5178 accurate
2210 5123 2545 5193 respondent
2616 5125 2913 5195 postremis
2975 5124 3293 5179 Aristotelis

1951 5263 2072 5333 Οὐκ
2129 5261 2265 5317 ἔστι
2306 5264 2581 5333 προτέρα.
2631 5264 2701 5321 Ut
2762 5263 2925 5327 infra,
2981 5261 3291 5319 addendum

1705 5331 1830 5407 οὕτε
1846 5331 1916 5407 τὸ
1936 5332 2246 5407 φερόμενον
2277 5331 2545 5407 πρότερον
2576 5337 2676 5407 τῇς
2707 5336 2991 5407 κινήσεως.

1779 5352 1830 5385 τε
1855 5352 1916 5385 το
1939 5352 2246 5403 φερομενον
2277 5352 2545 5459 πὲοτερον
2576 5352 2676 5407 της
2707 5352 2991 5405 κινησεως.

1779 5402 1891 5474 (26)
1936 5403 2278 5475 11mm,
2354 5407 2533 5475 egitur
2559 5404 2625 5458 ad
2660 5420 2831 5475 marg.
2860 5402 2991 5472 Reg.
3022 5401 3289 5473 2ὴργμέ-

1709 5476 2029 5546 vastatque
2052 5475 2129 5527 ita
2160 5473 2225 5529 Β.
2246 5473 2573 5546 Stephanus
2604 5474 2687 5546 ad,
2715 5478 2943 5546 calcem:

1792 5538 2199 5615 (27)]16901'12:
2223 5538 2413 5599 erm}.
2445 5544 2573 5613 Leg.
2598 5545 2731 5615 πῶς
2780 5538 2893 5615 οὖν.
2923 5539 3057 5597 Nam
3090 5556 3289 5596 conce-

1718 5613 1829 5682 ptis
1856 5613 2041 5669 verbis
2070 5614 2375 5683 ingenitum
2434 5630 2557 5668 esse
2596 5613 2727 5666 illud
2775 5614 3289 5683 primumgmovens

1717 5681 2334 5754 ileclaratiAristoteles,
2363 5699 2528 5754 quam
2576 5683 2646 5735 ob
2690 5697 2911 5736 causam
2959 5681 3225 5738 refellitur
3256 5697 3290 5736 a

1720 5753 2193 5823 pseudo-Iustino.

1789 5824 1901 5896 (28)
1930 5824 2132 5889 Καθὼς
2158 5824 2385 5893 ἀρῤέθη.
2416 5821 2683 5877 Nimirum
2707 5837 2872 5892 supra
2897 5839 2953 5877 n.
2976 5822 3068 5883 £5.
