3662 6498
13 1 1278 20 -ης-ᾞη--ῃήῌη--ς-κν-ν-Ἡ--ᾐκθγγ

80 363 213 419 15ὁὶ

766 361 1216 421 CDNFUTATlO
1248 365 1695 432 QUORUMDAM
1725 366 2201 425 ARISTOTELIS
2221 367 2636 430 DOGMATUM.

3215 384 3354 440 15ιῖ

137 479 202 531 Εἰ
229 478 290 532 τὸ
315 478 392 552 μὴ
431 479 555 552 ἔχον
587 479 748 553 βάρος
790 482 883 535 καὶ
917 485 1228 556 κουφότητα
1255 486 1316 539 ού
1351 485 1575 541 δυνατὸν
1597 507 1614 542 ε

1840 487 1899 544 Si
1941 491 1995 546 id
2037 491 2183 562 quod
2219 495 2540 560 gravitatem
2583 506 2639 553 et
2684 497 2960 554 levitatem
3000 517 3110 556 non
3162 502 3350 572 habet,

63 589 151 623 ναι
182 572 362 626 ἁπτόν
385 591 399 604 ·
431 574 490 627 ἐν
520 574 622 646 γάρ
653 577 763 638 τοῖς
792 575 971 646 ἔχουσι
1011 576 1176 649 βάρος
1218 578 1316 632 καὶ
1357 582 1663 652 κουφότητα

63 664 183 716 ἐστὶ
225 665 286 718 τὸ
332 666 525 742 ἀπτόψ
573 667 688 732 πῶς
731 668 790 721 τὸ
835 670 1059 723 ἐκείνων
1093 672 1219 725 ἄνευ
1265 673 1340 744 μὴ
1369 673 1666 745 δυνάμενον

64 751 206 809 εἶναι
236 755 374 826 ἔχει,
412 760 594 810 ἐκεῖνα
623 757 679 810 δὲ
723 759 821 812 ούκ
853 758 1000 830 ἕχει;
1037 759 1160 824 Πῶς
1195 761 1251 814 δὲ
1281 765 1347 834 τῇ
1376 762 1543 816 αὑτοῦ
1575 782 1661 817 κι-

64 849 221 917 νήσει
250 847 628 919 θερμαντικήν
651 867 772 904 τινα
802 849 1029 922 δύναμιν
1050 852 1210 924 ἀέρος
1233 853 1502 918 ἀποτελεῖ,
1525 857 1660 909 καθ-

62 941 209 1012 άπερ
257 940 327 995 τὰ
374 942 609 996 ἐνταῦθα
645 941 876 1014 σώματα
911 945 981 998 τὰ
1024 945 1216 1017 ἔχοντα
1263 946 1540 1020 βαρύτητα
1567 951 1662 1003 καὶ

65 1033 380 1104 κουρότητα
406 1073 422 1098 ,
479 1033 548 1087 τά
593 1036 713 1098 ταῖς
745 1036 954 1089 ἑαυτῶν
999 1039 1247 1109 κινήσεσι
1288 1039 1657 1110 θερμαπικάς

61 1127 125 1178 ἐκ
135 1124 397 1178 τελοῦντα
425 1126 733 1198 ὲνεργείας;

455 1301 544 1356 49.
595 1304 688 1356 Ἐκ
718 1303 823 1358 τοῦ
857 1303 1042 1358 αὑτοῦ
1065 1305 1272 1372 λόγου.

138 1414 157 1446 ει
204 1395 271 1446 Αἱ
301 1394 360 1447 δὲ
397 1395 500 1466 τῆς
528 1397 699 1466 φοράς
731 1395 1077 1460 ἐναντιώσεις
1111 1395 1252 1449 κατά
1297 1395 1397 1460 τὰς
1426 1397 1533 1473 τῶν
1565 1399 1649 1452 τό-

60 1505 178 1540 πων
212 1489 352 1542 εἰσὶν
385 1488 747 1554 ἐναντιώσεις.
779 1492 841 1544 Ei
876 1491 972 1562 μὲν
1001 1491 1110 1562 γὰρ
1141 1487 1430 1564 ἵσαιῆσαν,
1462 1493 1560 1547 οὐκ
1590 1493 1656 1548 ἂν

56 1577 124 1651 ἦν
170 1582 393 1653 κίνησις
437 1582 648 1636 αύτῶψ
702 1583 834 1636 εἰδὲ
882 1586 1112 1656 ήέτὲρα
1161 1585 1375 1658 κίνησις
1421 1587 1658 1659 ἐπεκρά-

56 1693 138 1727 τει
172 1676 314 1746 (52),
345 1678 380 1747 ἡ
413 1676 575 1746 ἑτέρα
601 1678 700 1729 οὐκ
729 1675 794 1729 ἂν
823 1673 912 1748 ἦν.
935 1679 1118 1742 Ὥστε,
1147 1680 1517 1752 είάμφότερος
1547 1682 1656 1754 (55)

53 1766 142 1840 ἦν,
180 1769 364 1840 μάτην
406 1770 472 1823 ἂν
499 1766 564 1841 ἦν
606 1769 830 1841 θάτερον
867 1769 1044 1842 σῶμα,
1095 1771 1168 1843 μὴ
1203 1773 1514 1844 κινούμενον
1555 1777 1654 1846 τὴν

1768 585 2058 642 tractabile
2085 603 2196 641 non
2221 596 2340 657 est;
2372 604 2500 643 nam
2550 590 2615 645 in~-
2656 591 2749 659 iis,
2791 609 2912 663 qua
2939 598 3264 666 gravitatem
3296 608 3351 652 et

1769 674 2040 732 levitatem
2073 678 2297 746 habent,
2333 682 2621 738 tractabile
2657 693 2762 747 est,
2796 683 2957 757 573
2989 689 3265 758 quomodo
3292 690 3348 743 id

1767 766 1950 833 habet,
1992 770 2138 839 quod
2169 772 2377 842 absque
2412 773 2522 829 illis
2545 789 2669 830 esse
2701 791 2811 830 non
2855 786 3059 846 potest,
3109 779 3205 834 illa
3247 797 3350 834 au-

1767 869 1873 916 tem
1905 877 2014 916 non
2052 863 2250 920 habet?
2281 865 2401 931 Quo
2439 875 2602 936 pacto
2655 870 2822 924 etiam
2879 879 3030 926 motu
3077 887 3180 927 suo
3235 875 3347 928 vim

1764 953 2057 1022 quamdam
2087 957 2498 1012 calefactoriam
2523 961 2668 1015 aeris
2697 961 2879 1028 efﬁcit,
2910 979 3020 1018 non
3069 979 3232 1022 secus
3282 980 3347 1021 ac

1762 1058 1996 1113 corpora
2029 1054 2246 1101 terrena
2275 1049 2492 1118 pondus
2515 1061 2568 1106 et
2597 1051 2874 1108 levitatem
2911 1055 3196 1123 habentia,
3223 1074 3346 1127 quae

1761 1135 1878 1189 suis
1912 1135 2156 1205 ipsorum
2187 1141 2429 1196 motibus
2463 1143 2847 1200 calefactorias
2877 1146 3118 1202 efﬁciunt
3147 1164 3346 1220 opera-

1760 1227 1939 1283 tiones
1955 1227 1977 1280 ?

1990 1317 2079 1372 69.
2112 1319 2194 1373 Ea:
2225 1324 2404 1375 eodem
2430 1326 2583 1389 libro,
2611 1330 2767 1389 ΠΜ..
2796 1343 2845 1385 c.
2874 1335 2929 1390 4,
2963 1347 3016 1391 υ.
3041 1337 3168 1388 2'21.

1831 1425 1851 1458 ‹
1910 1409 2208 1466 Delationis
2247 1415 2668 1470 contrarietates
2730 1419 3034 1472 secundum
3094 1419 3340 1475 locorum

1759 1503 2178 1558 contrarietates
2204 1503 2359 1559 ﬁunt.
2387 1505 2522 1558 Nam
2555 1507 2601 1562 si
2636 1523 2794 1577 pares
2823 1519 3031 1574 essent,
3061 1528 3169 1566 non
3194 1524 3344 1568 esset

1759 1608 1948 1647 earum
2001 1605 2201 1651 motus.
2248 1597 2403 1662 Quod
2451 1598 2497 1652 si
2549 1599 2720 1654 altera
2768 1603 3088 1670 praevaleret
3143 1605 3338 1672 motio,

1762 1701 1874 1740 non
1904 1695 2051 1741 esset
2080 1687 2274 1742 altera.
2319 1686 2502 1752 Quare
2549 1690 2595 1744 si
2629 1699 2858 1763 utraque
2913 1702 3084 1761 esset,
3129 1695 3338 1751 frustra

1766 1788 1914 1835 esset
1943 1781 2172 1835 alterum
2199 1796 2424 1852 corpus,
2457 1783 2603 1853 quod
2640 1800 2741 1840 suo
2769 1793 2919 1840 metu
2952 1803 3062 1842 non
3093 1803 3344 1856 movere-

57 1863 227 1916 αὑτοῦ
285 1863 522 1934 κίνησιν.
578 1863 772 1933 Μάτην
826 1863 937 1935 γὰρ
990 1863 1246 1936 ὑπόδημα
1301 1866 1458 1920 τοῦτο
1500 1867 1614 1936 λέγι

1808 1887 1873 1927 ll‘.
1907 1869 2136 1928 Frustra
2167 1874 2312 1927 enim
2335 1874 2582 1928 calceum
2605 1875 2842 1947 dicimus
2863 1878 2955 1948 qui
2983 1880 3203 1949 ligulam
3228 1897 3340 1936 non

59 1973 159 2024 μεν
190 1954 306 2026 (54)
338 1947 400 2008 οῦ
432 1956 508 2027 μή
550 1956 694 2008 ἐστιν
721 1954 990 2019 ὑπόδεσις.
1038 1956 1096 2010 ’0
1124 1956 1180 2009 δὲ
1209 1957 1342 2022 Θεὸς
1367 1959 1460 2012 καὶ
1487 1961 1519 2031 ή
1551 1960 1655 2029 φύ-

60 2065 144 2110 σις
173 2047 336 2101 οὐδὲν
372 2047 551 2118 μάτην
584 2046 846 2100 ποιοῦσιν.
889 2067 909 2100 ι

125 2139 192 2191 Et
240 2133 387 2210 ἦσαν
434 2140 490 2190 ἐν
532 2140 674 2209 φορᾷ
721 2137 989 2208 σωμάτων
1035 2129 1276 2212 κινήσεις
1322 2142 1580 2207 ἐναντίαι,
1619 2143 1650 2214 ἢ
1743 2134 1748 2144 ’

59 2234 171 2284 ἴσαι
204 2231 352 2285 κατά
395 2231 494 2302 τὴν
525 2231 968 2303 ἀντιπερίστασιν
997 2232 1300 2289 κωλύουσαι
1337 2235 1438 2301 τὰς
1489 2238 1653 2309 ἀλλή-

56 2324 167 2377 λων
211 2325 484 2394 κινήσεις,
517 2323 625 2376 εἴτε
669 2322 864 2386 ἄνισοι,
907 2325 1002 2377 καὶ
1037 2324 1124 2378 διὰ
1153 2327 1254 2397 τὴν
1298 2329 1653 2400 ἐπικράτειαν

56 2416 149 2470 τοῦ
185 2416 423 2487 θατέρου
453 2415 514 2469 τὸ
555 2414 741 2485 ἕτερον
775 2414 1032 2488 ἀκίνητον
1061 2417 1290 2487 ἐγίνετο,
1330 2425 1397 2494 τῇ
1439 2422 1531 2494 βίᾳ
1556 2424 1651 2477 τοῦ

56 2506 490 2581 ἐπικρατοῦντος
518 2507 579 2560 τὸ
609 2508 1009 2579 κρατούμενον,
1054 2510 1152 2582 τὴν
1185 2513 1348 2566 αὑτοῦ
1379 2515 1518 2568 κατὰ
1551 2515 1652 2584 φύ-

58 2618 140 2652 σιν
187 2599 265 2671 μὴ
310 2597 476 2652 ἀνύον
520 2597 765 2668 κίνησιν⁹
820 2597 997 2668 μάτην
1031 2598 1096 2652 ἂν
1140 2601 1355 2669 ἐγένετο
1401 2601 1468 2654 τὰ
1513 2602 1652 2655 οὓτω

56 2693 194 2764 πρὸς
221 2691 324 2756 τὰς
354 2691 563 2754 οἰκείας
591 2707 650 2742 τε
693 2692 788 2743 καὶ
830 2690 974 2744 κατὰ
1002 2692 1163 2761 φύσιν
1212 2696 1455 2765 κινήσεις
1484 2695 1654 2765 ἐμπε-

57 2783 383 2853 ποδισμένα,
415 2782 510 2835 καὶ
536 2781 670 2834 Θεοῦ
703 2782 802 2836 οὐκ
829 2782 894 2836 ἂν
923 2779 989 2855 ἦν
1013 2784 1150 2856 ἔργα
1179 2784 1374 2848 ταῦτα,
1401 2784 1524 2838 οὔτε
1553 2787 1653 2853 φύ-

57 2892 193 2938 σεως
221 2874 488 2945 δηλονότι.
525 2875 589 2926 Εἰ
615 2874 724 2927 τῶν
756 2874 934 2946 μάτην
966 2877 1282 2948 γινομένων,
1313 2880 1341 2932 6
1368 2877 1498 2940 Θεὸς
1527 2880 1651 2932 τού-

56 2985 160 3020 των
210 2966 454 3038 ποιητὴς
498 2967 598 3021 οὐκ
637 2962 725 3036 ἦν,
776 2966 899 3020 οὔτε
927 2971 960 3039 ή
998 2968 1189 3036 φύσις·
1223 2969 1330 3023 τῶν
1378 2971 1435 3024 ού
1473 2971 1648 3044 μάτην

55 3061 160 3132 ἄρα
189 3059 558 3130 γιγνομένων,
587 3058 707 3112 ἀλλ’
740 3058 1147 3129 ἀνεμποδίστως
1175 3059 1274 3123 τὰς
1318 3061 1461 3114 κατὰ
1489 3063 1649 3132 φύσιν

1759 1963 1946 2019 habet.
1981 1963 2121 2020 Deus
2147 1974 2327 2021 autem
2355 1974 2410 2020 et
2439 1974 2637 2021 natura
2667 1969 2803 2024 nihil
2827 1968 3037 2026 faciunt
3062 1971 3285 2028 frustra.
3314 1993 3335 2026 ι

1832 2145 1893 2201 Si
1920 2154 2107 2203 essent
2135 2148 2188 2202 in
2217 2156 2369 2205 motu
2401 2149 2563 2204 locali
2594 2165 2886 2220 corporum
2919 2154 3193 2209 motiones
3215 2169 3339 2211 con-

1756 2237 1961 2302 trariae,
1994 2239 2078 2293 vel
2108 2253 2288 2308 pares,
2321 2241 2392 2293 ita
2427 2247 2485 2293 ut
2516 2255 2612 2310 per
2642 2249 2886 2295 mutuam
2933 2245 3334 2312 oppositionem

1756 2343 1888 2384 suos
1913 2329 2146 2384 invicem
2177 2330 2506 2400 impedirent
2537 2340 2752 2398 motus;
2787 2333 2871 2388 vel
2906 2334 3145 2404 impares
3171 2337 3246 2389 ita
3277 2341 3338 2388 ut

1755 2420 1826 2474 ob
1865 2420 2090 2476 alterius
2115 2418 2455 2476 dominatum
2481 2423 2713 2478 alterum
2740 2424 3017 2480 immobile
3045 2437 3212 2491 esset,
3237 2427 3337 2483 do-

1755 2511 2016 2568 minantis
2058 2513 2320 2568 violentia
2367 2516 2604 2580 victum,
2652 2532 2754 2570 nec
2806 2533 2966 2572 suum
3027 2521 3334 2575 naturalem

1755 2615 2024 2672 peragens
2047 2618 2307 2672 cursum,
2341 2604 2544 2661 frustra
2582 2605 2724 2660 facta
2766 2616 2974 2672 essent,
3007 2623 3128 2677 quae
3160 2609 3241 2662 sic
3267 2610 3335 2662 ad

1755 2708 1886 2749 suos
1919 2701 1973 2749 ct
2017 2695 2301 2752 naturales
2346 2707 2528 2752 motus
2586 2697 2846 2767 impedita
2899 2708 3109 2764 essent,
3155 2717 3336 2770 neque

1754 2786 1869 2840 haec
1900 2784 1997 2840 Dei
2020 2786 2268 2856 profecto
2303 2803 2472 2859 Opera
2516 2800 2727 2855 essent,
2775 2807 2951 2861 neque
2997 2799 3226 2848 naturae.
3276 2794 3335 2848 Si

1752 2895 2112 2951 eorum,qu:e
2140 2881 2344 2938 frustra
2397 2885 2555 2950 fiunt,
2605 2882 2750 2939 Deus
2797 2885 3053 2939 conditor
3100 2901 3214 2941 non
3249 2895 3334 2941 est

1753 2987 1854 3027 nec
1878 2980 2110 3041 natura;
2141 2989 2332 3029 eorum
2383 2991 2534 3046 ergo,
2588 2992 2710 3046 quat
2760 2975 2966 3032 frustra
3016 2993 3126 3032 non
3175 2979 3330 3044 fiunt,

1753 3065 1849 3120 sed
1879 3067 1997 3120 sine
2022 3067 2412 3137 impedimento
2444 3072 2722 3126 naturales
2771 3087 2902 3126 suos
2948 3086 3147 3127 cursus
3176 3088 3334 3141 pera-

55 3153 234 3206 αὑτῶν
290 3154 534 3222 κινήσεις
578 3151 961 3219 ἐκτελούντων,
1018 3154 1046 3206 6
1105 3151 1235 3216 Θεὸς
1276 3154 1480 3206 τούτων
1529 3157 1614 3207 ἐστ

1809 3171 1908 3220 mt.
1942 3159 2087 3215 Deus
2109 3161 2363 3215 conditor
2394 3171 2478 3217 est
2502 3171 2557 3218 et
2582 3171 2799 3218 natura.
2846 3164 3134 3231 Quomodo
3164 3166 3332 3235 igitur

56 3241 290 3314 ποιητὴς
328 3244 423 3296 καὶ
453 3244 485 3313 ή
521 3241 698 3314 φύσις.
730 3243 856 3306 Πῶς
887 3239 980 3296 οὖν
1011 3243 1113 3297 οὐκ
1139 3242 1252 3296 ἐστι
1286 3243 1394 3297 τῶν
1429 3245 1645 3298 ἀτοπω-

56 3336 234 3389 τάτων
255 3335 318 3387 τὸ
348 3334 589 3406 ἀγένητα
611 3334 810 3403 λέγειν,
844 3334 991 3387 ἀΐδιά
1017 3352 1076 3386 τε
1104 3335 1196 3388 καὶ
1215 3336 1424 3409 ἄναρχα
1451 3337 1642 3404 ταῦτα,

55 3423 128 3481 ὧν
154 3430 184 3481 ὁ
212 3426 352 3489 Θεὸς
378 3428 472 3479 καὶ
501 3429 534 3498 ή
567 3426 725 3495 φύσις
753 3426 870 3478 ἐστὶ
899 3428 1165 3498 ποιητής;
1207 3429 1336 3496 Καὶ,
1368 3431 1417 3482 εἰ
1450 3429 1646 3501 ὑποδή-

57 3538 207 3590 ματα
238 3520 380 3592 ἔργα
410 3520 651 3590 τεχνίτου
687 3521 869 3572 ἐκεῖνα
897 3518 1128 3590 λέγομεν
1161 3519 1232 3574 τὰ
1276 3521 1468 3591 ἔχοντα
1515 3523 1646 3575 ὑπό-

56 3613 225 3680 δεσιν,
273 3613 364 3665 διὰ
392 3612 447 3666 τί
483 3611 555 3683 μὴ
588 3612 682 3665 καὶ
721 3610 790 3663 τά
821 3610 1051 3682 σώματα
1076 3611 1146 3664 τὰ
1173 3611 1314 3666 κατά
1344 3613 1505 3682 φύσιν
1545 3613 1644 3676 τὰς

56 3707 263 3770 οἰκείας
308 3704 633 3759 ἐκτελοῦντα
677 3707 938 3776 κινήσεις,
969 3703 1198 3775 λέγομεν
1235 3706 1481 3776 νοήματα
1508 3705 1642 3759 Θεοῦ

56 3815 108 3850 τε
142 3799 242 3852 καὶ
272 3796 491 3867 φύσεως
515 3813 530 3860 ;

443 3890 529 3943 50.
576 3890 669 3943 Ἐκ
701 3888 808 3942 τοῦ
837 3889 1024 3943 αὑτοῦ
1058 3889 1271 3958 λόγου.

129 4004 150 4038 ι
197 3984 276 4038 Τὸ
307 3984 411 4055 μὲν
443 3979 534 4036 οὖν
562 3983 746 4052 ἕτερον
773 3980 911 4035 εἶναι
939 3981 1030 4034 τὸν
1067 3980 1223 4050 λόγον
1263 3979 1352 4033 τὸν
1381 3980 1509 4034 ἄνευ
1543 3979 1642 4051 τῆς

55 4080 208 4150 ὕλης,
243 4095 341 4132 και
379 4075 471 4129 τὸν
498 4078 554 4129 ἐν
588 4079 654 4148 τῇ
689 4075 792 4148 ὕλῃ
816 4076 916 4146 τῆς
965 4075 1198 4148 μορφῆς,
1239 4073 1416 4136 καλῶς
1441 4089 1500 4125 τε
1531 4073 1641 4144 (55)

53 4174 299 4243 λέγεται,
348 4172 444 4224 καὶ
477 4170 616 4223 ἔστω
663 4169 820 4222 τοῦτο
867 4167 1100 4239 ἀληθέςο
1136 4167 1248 4220 ἀλλ’
1286 4167 1438 4219 οὐδὲν
1478 4161 1640 4239 ἦττον

55 4268 282 4336 οὐδεμία
329 4264 542 4337 ἀνάγκη
586 4263 672 4317 διὰ
715 4262 875 4316 τοῦτο
923 4261 1140 4324 πλείους
1193 4255 1332 4314 εἶναι
1379 4260 1638 4330 κόσμους,

54 4361 172 4414 οὐδὲ
211 4359 487 4428 ἐνδέχεται
533 4356 752 4419 πλείους
800 4354 1054 4423 γενέσθαι
1098 4352 1231 4426 (56),
1278 4351 1508 4424 ἐπείπερ
1552 4346 1642 4405 οῦ-

52 4472 139 4517 τος
170 4454 284 4524 (ὖῖ)
322 4455 387 4505 ἐκ
417 4451 595 4522 πάσης
621 4450 737 4502 ἐστὶ
771 4449 870 4520 τῆς
908 4447 1060 4519 ὕλης,
1089 4446 1278 4518 ῶσπερ
1305 4445 1469 4498 ἐστίν.
1508 4464 1529 4497 ι

1752 3270 1860 3309 ιιοη
1891 3255 2349 3310 absurdissimum
2373 3271 2438 3310 ea
2474 3257 2716 3328 ingenita
2745 3256 2930 3312 dicere
2958 3264 3012 3313 et
3045 3265 3250 3312 aeterna
3279 3266 3334 3311 et

1749 3349 1868 3404 sine
1890 3349 2183 3418 principio,
2217 3365 2450 3418 quorum
2478 3349 2619 3406 Deus
2641 3351 2894 3405 conditor
2920 3357 3006 3406 est
3031 3361 3082 3405 et
3100 3353 3334 3404 natura!

1749 3441 1815 3496 Et
1845 3444 1892 3498 si
1922 3445 2294 3498 calceamenta
2324 3445 2413 3498 illa
2444 3443 2682 3498 dicimus
2715 3459 2882 3514 opera
2922 3445 3172 3511 artificis,
3211 3459 3333 3514 qut»

1748 3532 1951 3589 habent
1980 3534 2238 3604 ligulam:
2271 3549 2373 3588 cur
2410 3551 2522 3589 non
2559 3547 2614 3590 et
2642 3551 2874 3606 corpora
2921 3537 3034 3600 illa,
3079 3553 3200 3606 quae
3243 3553 3322 3590 se-

1747 3626 1988 3680 cundum
2020 3634 2276 3680 naturam
2319 3627 2573 3696 proprios
2623 3628 2913 3698 perficiunt
2961 3644 3182 3692 cursus,
3235 3628 3325 3683 Dei

1747 3721 1966 3776 inventa
1995 3729 2049 3777 et
2071 3728 2282 3775 natura:
2309 3721 2584 3775 dicimus?

1997 3899 2086 3954 50.
2119 3896 2203 3950 Ea:
2233 3896 2413 3951 eodem
2442 3894 2596 3953 libro.
2621 3896 2777 3954 ibid..
2805 3907 2854 3948 c.
2882 3891 2937 3947 9.
2966 3906 3020 3961 p.
3049 3889 3174 3944 27S.

1823 4009 1842 4042 ι
1878 3990 2047 4061 Igitur
2069 3989 2230 4043 aliam
2263 4003 2385 4042 esse
2417 3987 2536 4042 sine
2567 3986 2793 4040 materia
2817 3993 2870 4039 et
2914 3984 3076 4036 aliam
3125 3983 3179 4035 in
3209 3997 3324 4035 ma-

1745 4085 1885 4139 teria
1913 4083 2178 4136 rationem
2214 4078 2421 4139 formae,
2453 4088 2602 4133 recte
2645 4077 2869 4142 dicitur,
2918 4075 3082 4144 idque
3138 4090 3324 4128 verum

1745 4191 1868 4232 esse
1901 4182 2141 4229 maneat.
2174 4171 2243 4226 At
2274 4172 2632 4226 nihilominus
2655 4170 2805 4223 nulla
2853 4169 3061 4222 idcirco
3084 4169 3326 4222 necessi-

1744 4275 1829 4322 tas
1859 4266 2041 4336 plures
2069 4279 2192 4320 esse
2225 4263 2481 4325 mundos,
2526 4277 2626 4316 nec
2668 4262 2853 4330 plures
2891 4275 3014 4315 esse
3064 4269 3319 4329 possunt,

1743 4359 2014 4430 siquidem
2042 4359 2148 4412 iste
2169 4372 2235 4412 ex
2263 4363 2378 4409 tota
2406 4365 2491 4410 est
2524 4353 2776 4417 materia,
2809 4353 2972 4406 sicuti
2996 4361 3100 4406 est.
3143 4373 3162 4402 ι

125 4549 192 4600 Et
220 4547 282 4599 τὸ
327 4543 507 4606 ἀΰλως
534 4543 627 4596 καὶ
661 4541 862 4604 ἐνύλως
887 4541 1004 4593 ἐστὶ
1039 4538 1133 4592 τοῦ
1163 4539 1321 4606 λόγου
1367 4539 1504 4609 πρὸς
1546 4536 1614 4590 τὸ

1817 4541 1876 4596 Si
1905 4538 2172 4594 materiali
2205 4544 2258 4591 et
2288 4533 2637 4589 immateriali
2669 4533 2986 4588 continetur
3014 4529 3246 4586 rationis
3290 4545 3324 4583 a

53 4639 212 4707 λόγον
239 4641 273 4708 ή
302 4634 555 4705 διαφορὰ,
586 4633 830 4706 δηλονότι
858 4631 1083 4702 ὕστερον
1113 4629 1207 4682 τοῦ
1238 4629 1396 4698 λόγου
1421 4628 1516 4681 τοῦ
1545 4629 1642 4682 ἀΰ-

55 4733 144 4787 λου
177 4734 208 4785 6
232 4730 392 4797 λόγος
436 4731 464 4781 6
491 4726 692 4789 ἒνυλος.
733 4724 858 4787 Πῶς
903 4719 997 4776 οὖν
1046 4722 1307 4792 ἀγένητος
1343 4722 1371 4773 6
1414 4720 1638 4791 κόσμος,

58 4827 120 4878 ἐκ
152 4821 250 4876 τοῦ
299 4819 530 4890 ὑστέρου
581 4818 740 4887 λόγου
768 4817 870 4888 τὴν
927 4814 1184 4868 σύστασιν
1245 4812 1531 4884 ἐσχηκώς;
1576 4814 1642 4866 Εἰ

56 4916 292 4978 ἀνείδεος
326 4913 422 4966 καὶ
457 4911 724 4975 ἀνούσιος,
759 4909 855 4962 καὶ
881 4907 976 4960 τοῦ
1009 4903 1147 4959 εἶναι
1173 4905 1291 4958 τόδε
1318 4923 1372 4958 τι
1411 4907 1638 4976 ἐστερηο-

60 5011 195 5081 μὲνη
227 5011 261 5080 ή
310 5006 412 5078 ὖλη
457 5004 565 5077 πρὸ
608 5003 703 5056 τοῦ
747 5001 932 5056 λαϐεῖν
957 4999 1020 5053 τὸ
1058 4996 1216 5064 εἶδος,
1245 5000 1340 5053 καὶ
1385 4999 1638 5066 γενέσθαι

55 5103 231 5169 οὐσία,
261 5102 358 5154 καὶ
388 5099 504 5152 τόδε
547 5115 600 5151 τι
625 5114 639 5128 ’
672 5095 788 5159 πῶς
815 5094 1082 5167 ἀγένητος
1111 5095 1140 5146 ό
1180 5093 1404 5164 κόσμος,
1434 5093 1499 5144 ἐκ
1540 5092 1638 5161 τῆς

53 5195 310 5265 τοιαύτης
342 5192 474 5263 ὕλης
503 5189 774 5260 γεγονώς;
806 5189 871 5242 Εἰ
907 5191 937 5243 6
964 5185 1214 5258 ἐσχηκὼς
1238 5186 1329 5238 τὸν
1358 5184 1514 5253 λόγον
1542 5183 1643 5236 τοῦ

57 5289 173 5352 ἑνὸς
220 5287 452 5349 κόσμου,
491 5278 646 5348 οὗτος
686 5286 780 5339 καὶ
821 5283 1081 5336 πλειόνων
1120 5281 1340 5351 κόσμων
1377 5272 1484 5349 εἶχε
1511 5279 1636 5339 τοὺς

146 5487 237 5560 32)
282 5486 644 5560 Ἕπεκράτει.
673 5483 905 5560 ᾼνίξῑοι.
935 5481 1174 5556 ἐκράτει.
1222 5549 1262 5560 ﬁ

285 5547 652 5626 Ἀμφότερος.
673 5553 750 5608 lla
776 5553 912 5624 Reg.
940 5547 1190 5620 uterque.
1222 5547 1365 5602 Editi
1396 5550 1636 5620 ἀμφότε-

153 5672 166 5681 .
252 5628 432 5681 ristot.
461 5625 766 5681 ἀμφοτέρα.
795 5626 919 5680 Mox
943 5624 1172 5678 Aristot.
1203 5621 1303 5681 τὴν
1356 5619 1524 5681 αὐτὴν
1553 5621 1634 5673 κί-

57 5621 166 5701 ρον.
202 5621 432 5681 Ᾱιυίείοὶ.
461 5621 766 5697 ἀμφοτέρα.
795 5621 919 5680 Mox
943 5624 1172 5678 Aristot.
1203 5621 1303 5690 τὴν
1356 5621 1524 5692 αὐτὴν
1553 5621 1607 5673 κί

269 5767 450 5840 Τοῦτο
479 5767 754 5840 λέγομεν.
787 5765 866 5820 lta
894 5765 1125 5819 Aristot.
1161 5760 1300 5815 Editi
1343 5761 1515 5816 nostri
1554 5761 1636 5814 vi-

56 5837 528 5910 ιὶοδο,λεγομένου.

1745 4635 1958 4688 ratione
1981 4630 2280 4687 discrimen
2298 4671 2315 4695 ,
2339 4627 2512 4696 liquet
2531 4627 2807 4696 posterius
2829 4641 2952 4681 esse
2971 4624 3325 4679 immateriali

1744 4725 2079 4780 malerialem
2098 4724 2389 4776 rationem.
2411 4718 2698 4786 Quomodo
2720 4735 2850 4789 ergo
2872 4719 3147 4788 ingenitus
3166 4734 3325 4770 mun-

1741 4821 1866 4882 dus,
1888 4820 1980 4889 qui
2004 4834 2067 4873 ex
2090 4813 2380 4886 posteriori
2407 4814 2625 4868 ratione
2649 4811 3099 4866 constitutionem
3126 4809 3326 4863 habet?

1745 4913 1801 4967 Si
1820 4913 1940 4969 sine
1962 4911 2136 4964 forma
2154 4918 2207 4963 et
2228 4907 2543 4963 substantia
2564 4914 2667 4971 est,
2690 4920 2869 4973 neque
2889 4904 2940 4958 id
2964 4903 3130 4979 habet
3160 4909 3323 4954 matc-

1741 5006 1824 5058 ria
1857 5013 1914 5058 ut
1942 5010 2153 5058 certum
2173 5001 2306 5070 quid
2331 5001 2423 5066 sit,
2453 5006 2746 5068 antequam
2775 4996 3009 5050 formam
3036 4993 3320 5062 suscipiat,

1746 5099 1949 5168 fiatque
1989 5094 2299 5151 substantia
2329 5100 2387 5147 et
2427 5103 2636 5146 certum
2669 5089 2835 5160 quid:
2867 5089 3142 5158 quomodo
3168 5087 3319 5154 inge-

1741 5193 1892 5248 nitus
1921 5188 2184 5250 mundus,
2211 5187 2308 5256 qui
2340 5201 2406 5241 ex
2431 5182 2705 5254 ejusmodi
2737 5181 2916 5236 factus
2938 5189 3022 5235 est
3045 5175 3312 5232 materia?

1743 5287 1800 5342 Si
1829 5287 1925 5356 qui
1952 5281 2148 5338 habuit
2177 5280 2342 5334 unius
2370 5278 2562 5333 mundi
2590 5278 2860 5331 rationem
2891 5274 3007 5328 sive
3034 5269 3235 5332 ideam,
3269 5267 3319 5322 is

1811 5482 1920 5552 ('55)
1951 5478 2166 5552 Καλῶς
2192 5495 2275 5552 τε.
2319 5475 2582 5552 νοουιοιη
2627 5469 2932 5538 desumpsit
2987 5460 3317 5534 Sylburgius

1738 5569 1804 5610 ex
1821 5549 2086 5606 contextu
2115 5549 2448 5603 Aristotelis.

1759 5609 1765 5690 ζ
1807 5623 1918 5694 (56)
1947 5619 2260 5694 Γενέσθαι.
2292 5619 2514 5694 Aristot,
2545 5609 2704 5694 εἷναι.
2763 5687 2774 5694 _
2917 5674 3121 5694 “‘2‘”
3173 5669 3303 5694 mm:

1809 5669 1922 5775 ξξῆ)
1947 5669 2266 5775 ij'zb'ci'ni.
2292 5669 2618 5744 'Kristotelis
2669 5687 2870 5736 textus.
2917 5674 3124 5731 Vitiosa
3169 5669 3305 5728 editi

1738 5761 1935 5830 nostri,
1961 5761 2156 5823 οὕτως.

1901 1 3547 27 Μ
