3690 6506
389 365 530 425 1545

383 574 673 645 mundum,
704 578 832 648 qula
858 579 907 635 ei
939 578 1208 650 placebat,
1236 581 1302 635 ad
1328 580 1615 635 arbitrium
1636 592 1795 633 suum
1822 590 1955 630 con-

382 668 544 734 didit,
573 671 669 726 sed
704 676 1029 741 suppetente
1056 673 1283 728 materia
1319 688 1487 727 unum
1517 670 1780 725 mundum
1818 680 1947 725 con~

381 758 512 814 dere
559 760 756 830 potuit,
790 761 1077 817 deﬁciente
1101 763 1286 831 plures
1307 779 1418 818 non
1445 763 1654 832 potuit:
1678 762 1957 833 quomodo

382 864 494 906 non
526 850 742 905 videtur
771 851 974 907 frustra
1019 853 1279 909 habuisse
1327 854 1567 925 plurium
1625 853 1953 908 mundorum

382 944 557 1007 ideas,
589 960 725 1014 quos
755 946 994 1002 condere
1021 963 1131 1003 non
1160 947 1337 1002 valuit
1378 948 1450 1003 ob
1497 948 1739 1003 materiae
1782 963 1956 1018 penu-

379 1037 559 1091 riam?
602 1038 659 1091 Si
693 1048 759 1092 ex
790 1038 1033 1108 ingenito
1067 1038 1364 1110 ingenitum
1410 1039 1527 1094 lieri
1578 1054 1688 1094 non
1733 1047 1949 1110 potest:

378 1130 673 1198 quomodo,
702 1130 747 1185 si
782 1130 1022 1202 ingenita
1053 1132 1281 1187 materia
1312 1141 1365 1187 et
1393 1133 1668 1203 ingenitus
1688 1132 1949 1195 mundus,

380 1221 469 1275 hic
496 1238 561 1277 ex
597 1222 688 1276 illa
728 1222 824 1276 ﬁt?
864 1221 921 1277 Si
947 1239 1055 1279 non
1086 1224 1213 1278 fecit
1238 1223 1401 1296 574Ι
1433 1224 1596 1291 Deus,
1649 1234 1708 1279 ut
1735 1241 1799 1280 ea
1832 1241 1953 1296 quae

379 1320 508 1366 sunt
534 1329 599 1367 ex
628 1314 878 1377 materia,
911 1315 982 1368 ita
1027 1321 1081 1369 et
1122 1316 1443 1382 materiam;
1489 1329 1598 1370 non
1650 1328 1781 1387 ergo
1820 1318 1952 1371 facit

376 1400 519 1457 Deus
544 1418 882 1475 quaecunque
912 1406 1051 1469 vult,
1084 1406 1179 1461 sed
1223 1422 1565 1477 quaecunque
1608 1414 1807 1478 petest.
1843 1408 1949 1465 Sed

375 1496 420 1549 si
453 1511 637 1567 parem
667 1497 828 1552 habet
873 1499 1142 1552 voluntati
1174 1504 1502 1567 potestatem
1554 1499 1608 1552 in
1655 1498 1908 1555 omnibus
1933 1543 1947 1569 ,

373 1588 629 1643 conditor
670 1590 917 1660 profecto
963 1590 1207 1645 materia:
1272 1588 1437 1654 Deus,
1490 1591 1947 1660 quemadmodum

370 1688 427 1735 et
453 1695 664 1745 eorum,
696 1697 817 1752 qua:
847 1696 913 1736 ex
946 1681 1173 1736 materia
1220 1679 1365 1735 facta
1407 1688 1556 1737 sunt.
1601 1679 1658 1735 Si
1703 1682 1947 1752 subjecta

373 1770 485 1828 Deo
510 1774 739 1829 materia
768 1773 837 1828 ad
870 1774 1211 1829 eﬂ'ectionem
1244 1785 1458 1837 eorum,
1496 1790 1617 1843 qua:
1645 1789 1710 1829 ex
1745 1774 1834 1828 illa
1867 1773 1947 1828 fa-

371 1872 458 1918 cta
507 1872 658 1927 sunt.
688 1880 812 1919 cum
841 1873 988 1921 esset
1021 1866 1140 1921 sine
1178 1865 1350 1920 forma
1372 1872 1425 1920 et
1450 1866 1779 1930 substantia,
1826 1867 1945 1922 sine

369 1956 635 2025 qualitate
658 1963 712 2012 et
733 1959 1064 2027 quantitate,
1094 1958 1185 2013 Dei
1229 1962 1497 2030 potestate
1522 1964 1729 2014 mutata
1770 1967 1854 2014 est
1888 1960 1944 2014 in

370 2043 487 2101 haec
516 2046 799 2113 omnia,ac
816 2049 1127 2102 substantia
1154 2050 1473 2120 qualitatem
1502 2057 1557 2104 et
1582 2050 1943 2119 quantitatem

367 2138 574 2194 habens
595 2138 735 2193 facta
755 2147 870 2194 est:
895 2143 1168 2211 quomodo
1192 2157 1299 2195 non
1320 2140 1509 2197 eadem
1532 2140 1627 2195 Dei
1649 2149 1941 2212 potestate,

366 2245 489 2301 quae
511 2238 589 2285 tot
618 2246 682 2286 ac
708 2240 889 2288 tantas
917 2235 969 2288 in
1009 2234 1102 2289 illa
1140 2235 1476 2289 mutationes
1499 2233 1699 2299 ell‘ecit,
1725 2250 1835 2289 non
1868 2235 1943 2290 ita

367 2323 599 2379 adaucta
627 2332 734 2390 est,
766 2335 823 2380 ut
846 2325 1032 2395 plures
1062 2340 1130 2380 ex
1160 2326 1252 2380 illa
1277 2325 1466 2381 mundi
1497 2325 1709 2391 tierent,
1759 2325 1853 2381 sed
1886 2325 1943 2381 in

363 2415 707 2472 ell‘ectionem
735 2418 899 2473 unius
922 2418 1107 2472 mundi
1139 2425 1484 2488 consumpta,
1516 2416 1685 2472 Deum
1712 2417 1941 2473 invitum

364 2510 634 2574 coercuit,
666 2510 965 2581 quominus
1001 2510 1186 2580 plures
1216 2509 1453 2563 mundos
1482 2510 1731 2564 crearet?

525 2605 615 2663 51.
651 2604 737 2660 Ex
763 2609 944 2661 eodem
968 2605 1125 2669 libro,
1148 2603 1304 2662 ibid..
1326 2617 1375 2660 c.
1405 2601 1461 2661 9.
1485 2613 1540 2659 υ.
1565 2596 1691 2655 218.

440 2710 459 2743 (
494 2690 707 2747 Cretum
737 2694 894 2749 exiis
921 2694 1139 2765 quidem
1169 2704 1398 2765 estquae
1445 2695 1746 2765 singularia
1782 2680 1936 2758 sunt,

360 2790 417 2838 et
449 2799 514 2839 ex
558 2784 626 2840 iis
650 2801 771 2855 qua:
795 2802 861 2842 ex
889 2787 1118 2840 materia
1154 2786 1295 2841 facta
1327 2794 1480 2842 sunt.
1518 2784 1622 2841 Sed
1657 2785 1703 2842 si
1735 2801 1843 2840 non
1873 2800 1940 2840 ex

361 2883 519 2946 parte
552 2877 699 2933 illius
743 2878 946 2932 factum
989 2885 1095 2942 est,
1136 2879 1228 2933 sed
1262 2894 1329 2933 ex
1375 2885 1524 2945 tota;
1561 2877 1666 2932 alia
1718 2877 1937 2949 quidem

361 2962 465 3036 ipsi
489 2969 652 3032 coelo,
686 2969 793 3024 alia
822 2970 949 3024 huic
978 2971 1118 3026 cwlo
1149 2970 1413 3033 essentia,
1461 2969 1558 3025 sed
1607 2978 1787 3024 tamen
1830 2980 1933 3024 nec

361 3058 507 3113 aliud
530 3069 614 3115 est
640 3061 860 3129 caelum,
886 3077 989 3116 nec
1019 3062 1202 3131 plures
1228 3076 1353 3117 esse
1382 3068 1635 3131 possunt,
1663 3060 1793 3131 quia
1820 3060 1938 3115 uni-

359 3166 574 3209 versam
606 3154 755 3208 istud
783 3154 1067 3209 materiam
1100 3154 1443 3222 complexum
1472 3159 1575 3208 est.
1610 3174 1630 3207 ι

1171 361 1535 428 APPENDIX.
1576 401 1642 410 —
1680 367 1861 424 PARS
1898 362 1938 423 l.
1982 366 2039 424 Β.
2074 359 2338 427 JUSTINI
2378 360 2607 426 OPERA
2642 371 2911 431 SPURIA.
3494 388 3577 447 un

382 495 437 540 et
464 485 704 556 pluriUm
733 478 1062 541 mundorum
1096 486 1287 544 habuit
1322 488 1585 550 rationes,
1633 501 1735 541 nec
1772 492 1892 539 tamt

2079 485 2268 553 όγους,
2316 486 2409 539 καὶ
2442 487 2517 558 μὴ
2562 487 2641 559 τῷ
2678 486 3033 577 ἀρεσκομένῳ
3073 490 3173 546 τοῦ
3218 491 3427 565 κϐσμου
3468 501 3579 559 ἔξιτέ

3570 101 3671 429 ll

3590 1158 3599 1205 ἰ

3590 1266 3599 1291 ι

3590 1378 3599 1395 ς

2060 576 2159 648 τὴν
2186 577 2402 650 ποίησιν
2442 579 2585 633 κατά
2623 580 2721 652 τὴν
2748 583 2955 636 οἰκείαν
2984 584 3261 657 βούλησιν,
3297 590 3433 644 ἀλλὰ
3453 600 3509 665 τῇ
3531 602 3583 653 εξ,

2060 670 2227 741 πορία
2264 671 2367 741 τῆς
2411 670 2545 744 ὕλης
2586 673 2773 744 ἴσχυσε
2814 678 2986 729 ποιεῖν
3030 679 3236 750 κόσμον
3273 680 3397 748 ἕνα,
3438 691 3518 739 κέ
3545 696 3581 742 -έ

2056 761 2263 835 ἀπορίᾳ
2291 764 2462 835 αὐτῆς
2489 765 2590 818 οὐκ
2639 765 2826 837 ἴσχυσε
2870 772 3041 822 ποιεῖν
3077 771 3336 836 πλείονας
3375 752 3585 848 adeps-4.-

2057 854 2175 919 πῶς
2196 856 2255 908 οὐ
2289 856 2436 910 δοκεῖ
2463 857 2640 930 μάτην
2669 860 2958 932 ἐσχηκέναι
2985 855 3247 919 πλειόνων
3512 882 3590 937 ﬁt;

2054 945 2264 1016 λόγους,
2301 942 2375 1001 ὧν
2405 949 2503 1021 τὴν
2533 949 2749 1023 ποίησιν
2775 952 2875 1006 οὐκ
2917 951 3104 1026 ἴσχυσε
3134 957 3229 1010 διὰ
3279 960 3389 1027 τὴν
3419 962 3591 1032 mea,

2052 1038 2154 1109 τῆς
2182 1038 2347 1111 ὓλης;
2378 1040 2440 1094 Εἰ
2469 1040 2528 1106 ἐξ
2556 1042 2819 1115 ἀγενήτου
2851 1045 3111 1101 ἀδύνατον
3151 1050 3423 1117 γενέσθαι

2052 1142 2164 1194 τον,
2196 1131 2333 1197 πῶς,
2364 1134 2413 1185 εί
2445 1134 2710 1207 ἀγένητος
2732 1138 2831 1208 μὲν
2860 1141 2893 1211 ἡ
2940 1132 3059 1211 ὕλη,
3096 1142 3381 1214 ἀγένητος
3406 1146 3461 1199 δὲ
3490 1153 3599 1205 κιὶέ

2052 1219 2274 1292 κόσμος,
2305 1221 2513 1292 γίνεται
2541 1219 2697 1291 οὗτος
2715 1230 2775 1294 ἐξ
2800 1231 3043 1303 ὲκείνης;
3075 1236 3137 1287 Εἰ
3173 1235 3253 1306 μὴ
3280 1235 3367 1299 ὡς
3399 1238 3599 1307 ἐπεξῄει

2051 1315 2080 1366 6
2111 1314 2243 1379 Θεὸς
2273 1315 2341 1369 τὰ
2372 1318 2437 1371 ἐκ
2463 1318 2564 1390 τῆς
2584 1306 2734 1391 ὕλης,
2766 1322 2908 1376 οὕτω
2934 1312 3027 1377 καὶ
3060 1326 3158 1397 τὴν
3194 1324 3338 1400 ὕλην
3375 1306 3599 1401 Emissa,

2050 1407 2150 1459 οὐκ
2177 1409 2286 1478 ἄρα
2314 1413 2458 1463 ποιεῖ
2497 1414 2524 1464 6
2557 1410 2691 1478 Θεὸς
2718 1415 2818 1468 ὅσα
2852 1416 3119 1488 βούλεται,
3153 1420 3279 1473 ἀλλ’
3306 1425 3419 1477 ὅσα
3458 1427 3601 1495 ἰσχύει.

2050 1496 2112 1549 Εἰ
2137 1497 2193 1550 δὲ
2224 1498 2344 1570 ῐσην
2371 1505 2437 1572 τῇ
2472 1496 2721 1576 βουλήσει
2751 1507 2862 1578 ἔχει
2884 1510 2982 1580 τὴν
3013 1513 3167 1581 ἰσχὺν
3202 1514 3264 1565 ὲν
3296 1516 3463 1577 πᾶσι,
3491 1535 3603 1585 m1;-

2048 1588 2148 1679 ῖὴς
2176 1590 2286 1662 ἄρα
2329 1592 2430 1663 τῆς
2471 1593 2603 1666 ὕλης
2637 1598 2665 1650 6
2707 1598 2856 1663 Θεὸς,
2903 1602 3094 1674 ὥσπερ
3131 1604 3234 1657 καὶ
3281 1606 3402 1658 τῶν
3449 1610 3506 1661 ἐκ
3540 1613 3607 1679 τῆς

2050 1677 2200 1750 ὕλης.
2230 1682 2292 1735 Εἰ
2395 1684 2514 1758 ὕλη,
2547 1688 2877 1765 ὑποκειμένη
2918 1694 3036 1764 Θεῷ
3078 1698 3162 1760 είς
3196 1699 3432 1769 ποίησιν

2047 1770 2215 1844 αὐτῆς
2240 1774 2475 1841 ἀνείδεος
2500 1775 2634 1833 οὖσα
2658 1782 2751 1835 καὶ
2779 1784 3042 1854 ἀνούσιος,
3065 1789 3268 1852 ἄποιός
3296 1808 3362 1843 τε
3398 1794 3488 1844 καὶ
3510 1797 3606 1846 ίῖν

1978 1904 2019 1958 Β
2049 1881 2160 1932 σος,
2187 1865 2292 1919 ὑπὸ
2310 1869 2411 1940 τῆς
2429 1871 2523 1925 τοῦ
2545 1873 2678 1928 Θεοῦ
2707 1876 2991 1949 δυνάμεως
3022 1882 3344 1955 μετεϐλήθη
3372 1888 3453 1947 εἰς
3477 1888 3605 1940 ταῖετε

2052 1959 2230 2015 πάντα
2275 1962 2369 2016 καὶ
2404 1963 2627 2033 γέγονεν
2671 1965 2827 2022 οὐσία
2859 1973 3218 2047 πεποιωμένη
3260 1975 3365 2028 καὶ
3399 1993 3605 2032 πεπαθ-

2048 2051 2181 2125 μένη
2206 2071 2219 2084 '
2273 2056 2390 2119 πῶς
2432 2057 2532 2111 οὐκ
2573 2058 2782 2133 ηὐξήθη
2836 2062 2940 2117 ὐπὸ
2983 2065 3085 2136 τῆς
3132 2060 3317 2139 αὐτ-ἧς
3376 2068 3473 2123 τοῦ
3508 2072 3605 2125 ΘεςΞ

2040 2141 2341 2216 δυνάμεως,
2373 2145 2475 2213 τὰς
2496 2150 2763 2217 τοσαύτας
2791 2155 2849 2208 ὲν
2878 2156 3013 2228 αὐτῇ
3047 2160 3458 2232 ἐργασαμένης
3486 2181 3609 2233 μετα-

2042 2234 2204 2300 ϐολὰς
2232 2240 2311 2301 είς
2336 2241 2609 2307 τοσοῦτον,
2641 2242 2782 2298 ὥστε
2809 2246 2904 2299 καὶ
2934 2238 3183 2314 πλείονας
3216 2252 3474 2323 κόσμους
3497 2259 3610 2323 γεισέο

2043 2326 2167 2380 σθαι
2214 2328 2273 2394 ἐξ
2309 2331 2500 2403 αὐτῆς,
2549 2333 2662 2387 ἀλλ’
2709 2338 2790 2400 είς
2828 2337 3040 2407 γένεσιν
3084 2340 3210 2408 ἑνὸς
3251 2341 3474 2416 κόσμω
3511 2347 3611 2400 3m-

2040 2416 2293 2489 λωθεϊσα,
2323 2423 2524 2478 ἄκοντα
2550 2424 2642 2480 τὸν
2665 2426 2795 2482 Θεὸν
2824 2422 3027 2486 ἔπαυσε
3046 2434 3142 2487 τοῦ
3171 2439 3363 2490 ποιεῖν
3400 2438 3614 2502 πλείστας

2039 2512 2278 2584 κόσμους
2303 2531 2319 2575 ;

2421 2609 2509 2664 51.
2558 2610 2653 2664 Ἐκ
2685 2611 2792 2667 τοῦ
2824 2614 3010 2669 αὑτοῦ
3035 2617 3259 2686 λόγου.

2114 2716 2134 2749 ‹
2193 2698 2251 2751 '0
2292 2698 2350 2752 δὲ
2395 2699 2625 2771 οὐρανός
2668 2702 2784 2756 ἐστι
2829 2706 2928 2774 μὲν
2964 2707 3070 2760 τῶν
3119 2710 3257 2763 καθ’
3290 2711 3505 2766 ἕκαστα
3546 2716 3619 2767 καὶ

2035 2788 2144 2842 τῶν
2189 2790 2253 2843 ὲκ
2283 2792 2384 2862 τῆς
2416 2791 2550 2865 ὕλης
2571 2805 2584 2825 ⁴
2617 2794 2730 2848 ἀλλ’
2759 2798 2807 2849 εί
2844 2796 2915 2869 μὴ
2948 2800 3010 2851 ὲκ
3040 2802 3243 2872 μορίου
3279 2804 3465 2874 αὐτῆς
3494 2808 3617 2858 συνέ-

2038 2895 2258 2951 στηκεν,
2289 2883 2401 2937 ἀλλ’
2430 2885 2488 2953 ἐξ
2522 2886 2757 2959 ἁπάσης,
2787 2889 2847 2941 τὸ
2876 2890 2973 2961 μὲν
3020 2887 3159 2946 εἶναι
3207 2891 3379 2966 αὐτῷ
3411 2897 3617 2969 οὐρανῷ,

2036 2975 2130 3028 καὶ
2173 2976 2308 3047 τῷδε
2354 2976 2433 3049 τῷ
2473 2978 2706 3051 οὐρανῷ,
2751 2980 2936 3052 ἕτερόν
2968 2983 3136 3047 ἐστιν,
3174 2986 3240 3038 οὐ
3281 2983 3478 3056 μέντοι
3519 2990 3618 3041 οὐτε

2033 3065 2117 3138 εἴη
2148 3064 2214 3120 ἂν
2243 3068 2418 3136 ἄλλος,
2450 3068 2562 3124 οὔτ’
2592 3071 2657 3125 ἃν
2686 3071 2949 3143 ἐνδέχοιτο
2976 3076 3237 3143 γενέσθαι
3274 3078 3525 3144 πλείους,
3551 3082 3619 3133 διὰ

2034 3159 2095 3212 τὺ
2123 3161 2302 3214 πᾶσαν
2332 3161 2431 3234 τὴν
2465 3158 2596 3235 ὕλην
2624 3165 3030 3236 περιειληφέναι
3065 3167 3294 3225 τοῦτον.
3339 3189 3361 3223 ι

432 3244 491 3300 Si
513 3246 711 3300 caelum
744 3256 829 3302 est
851 3261 918 3301 ex
950 3245 1322 3315 singularibus
1372 3254 1427 3302 et
1472 3262 1537 3301 ex
1586 3246 1654 3303 iis
1697 3262 1818 3317 qua:
1869 3263 1892 3303 c

2108 3248 2169 3304 Et
2199 3252 2344 3306 ἔστιν
2373 3256 2402 3308 6
2431 3253 2658 3326 οὐρανὸς
2701 3256 2811 3310 τῶν
2855 3257 2976 3311 καθ’
3002 3258 3235 3326 ἕκαστα,
3283 3263 3392 3317 aut
3435 3265 3541 3317 τῶν
3571 3267 3618 3317 ὲκ

360 3336 586 3391 materia
610 3344 665 3392 et
696 3336 871 3390 forma
900 3344 1177 3401 constant,
1214 3336 1287 3389 ita
1314 3343 1372 3389 ut
1400 3335 1505 3391 alia
1534 3336 1606 3391 sit
1633 3336 1737 3407 ipsi
1766 3337 1928 3400 caelo,

359 3427 465 3481 alia
494 3428 844 3484 immateriali
880 3428 1017 3485 ideas
1042 3428 1304 3490 essentia,
1337 3427 1613 3499 quomodo
1639 3444 1748 3483 non
1777 3428 1931 3500 geni-

355 3526 473 3572 tum
502 3526 588 3574 est.
618 3521 843 3585 coelum,
884 3519 1032 3592 quod
1057 3520 1219 3574 habet
1250 3520 1580 3591 principium
1610 3520 1931 3576 substantiae

357 3631 471 3670 sua:
499 3615 944 3684 conjunctionem
994 3614 1240 3670 materia:
1284 3622 1338 3670 et
1392 3613 1580 3670 forma
1603 3629 1671 3669 ex
1728 3615 1930 3685 quibus

353 3706 611 3762 constat?
637 3705 694 3760 Si
726 3706 953 3761 materia
990 3721 1087 3776 per
1117 3721 1177 3762 se
1220 3705 1397 3775 ipsam
1456 3721 1559 3761 nec
1605 3707 1929 3776 gravitatem

353 3796 519 3852 habet
543 3812 645 3853 nec
678 3797 950 3852 levitatem
976 3798 1114 3863 (haec
1143 3796 1291 3850 enim
1328 3802 1456 3850 sunt
1482 3811 1692 3859 eorum,
1715 3813 1836 3868 quae
1861 3814 1925 3852 ex

354 3889 446 3942 illa
466 3888 621 3950 fiunt,
641 3901 932 3957 corporum
956 3884 1325 3957 all‘ectiones);
1355 3885 1401 3941 si
1418 3902 1484 3940 ex
1508 3889 1762 3942 universa
1781 3887 1930 3957 ejus-

352 3976 499 4030 modi
532 3975 759 4030 materia
791 3974 992 4030 factum
1043 3983 1129 4030 est
1159 3977 1380 4041 malum,
1424 3977 1569 4047 quod
1616 3992 1718 4033 nec
1749 3979 1929 4049 gravi-

353 4076 518 4121 tatem
552 4067 716 4121 habet
744 4083 844 4122 nec
882 4069 1192 4123 levitatem:
1223 4068 1366 4124 unde
1400 4068 1542 4123 facta
1574 4077 1703 4126 sunt
1734 4079 1927 4125 caetera

351 4159 555 4221 omnia,
578 4174 702 4213 cum
727 4159 981 4215 universa
1007 4160 1059 4213 in
1085 4161 1209 4215 coeli
1240 4161 1580 4216 etfectionem
1605 4171 1925 4233 consumpta

350 4250 518 4304 fuerit
543 4251 807 4305 materia?
856 4249 913 4305 Si
971 4259 1265 4321 antequam
1317 4252 1649 4309 furmaretnr
1696 4256 1925 4308 materia

351 4343 452 4397 hac
477 4344 602 4397 coeli
634 4342 832 4409 forma,
867 4359 968 4398 nec
997 4347 1321 4413 gravitatem
1366 4345 1556 4400 habuit
1587 4362 1688 4401 nec
1735 4346 1925 4401 levita-

349 4444 480 4499 tem,
508 4434 966 4505 quemadmodum
993 4454 1139 4493 nunc
1162 4454 1272 4492 non
1305 4438 1466 4492 habet
1491 4446 1783 4508 postquam
1816 4440 1925 4493 for-

2032 3342 2131 3414 τῆς
2160 3338 2292 3415 ὕλης
2338 3346 2434 3399 καὶ
2461 3346 2620 3416 λόγου
2652 3349 3044 3420 συγκειμένων,
3076 3350 3223 3405 ὥστε
3253 3354 3326 3407 τὸ
3375 3357 3479 3429 μὲν
3505 3352 3617 3409 εἶναι

2030 3435 2177 3507 αὐτῷ
2222 3437 2454 3509 οὐρανῷ,
2491 3439 2570 3510 τῷ
2610 3439 2759 3511 ἀΰλῳ
2806 3440 2862 3494 δὲ
2905 3441 3047 3515 λόγῳ
3081 3442 3226 3498 εἶναι
3266 3446 3497 3519 ἕτερον,
3525 3450 3617 3511 πῶς

2029 3528 2132 3581 οὐκ
2162 3528 2275 3582 ἔστι
2302 3529 2546 3602 γενητὸς,
2571 3532 2743 3603 ἀρχὴν
2764 3533 2903 3604 ἔχων
2931 3535 3028 3606 τῆς
3059 3536 3279 3601 οἰκείας
3302 3540 3523 3605 οὐσίας,
3542 3542 3618 3610 τὴν

2033 3619 2280 3673 σύνθεσιν
2328 3620 2459 3693 ὕλης
2485 3638 2547 3675 τε
2592 3625 2687 3677 καὶ
2716 3624 2872 3694 λόγου
2901 3625 2961 3691 ἐξ
3006 3620 3081 3680 ὧν
3124 3630 3329 3696 tactv;
3366 3633 3435 3685 Et
3475 3636 3508 3704 η
3540 3633 3614 3701 ὕλη

2029 3711 2152 3764 καθ’
2200 3712 2397 3784 ἑαυτὴν
2455 3712 2578 3767 οὕτε
2636 3715 2915 3788 βαρύτητα
2968 3718 3080 3790 ἔχει
3130 3720 3264 3773 οὔτε
3324 3724 3616 3795 κουφότητι

2031 3802 2167 3873 (ἐστι
2194 3803 2303 3876 γὰρ
2330 3804 2502 3860 ταῦτα
2532 3806 2640 3859 τῶν
2690 3809 2748 3875 ἐξ
2797 3807 2969 3879 αὐτῆς
2999 3813 3320 3883 γινομένων

2029 3895 2176 3966 πάθη
2196 3895 2214 3966 )
2233 3912 2247 3927 ’
2280 3898 2327 3950 εἰ
2356 3899 2419 3951 ὲκ
2451 3899 2632 3969 πάσης
2658 3901 2755 3971 τῆς
2775 3902 3025 3973 τοιαύτης
3057 3902 3193 3977 ὕλης
3226 3907 3473 3976 γέγονεν
3498 3913 3525 3963 ὁ
3549 3912 3615 3962 σῦ-

2030 3987 2191 4057 ρανὸς
2222 3989 2250 4040 6
2300 3990 2436 4061 μήτε
2483 3990 2759 4063 βαρύτητα
2796 3993 2934 4063 ἔχων
2970 3997 3106 4067 μήτε
3134 3998 3472 4069 κουφότητα
3493 4018 3507 4031 ·
3542 4003 3614 4052 :6-

2028 4076 2118 4130 θεν
2163 4079 2352 4148 γέγονε
2388 4078 2459 4134 τὰ
2504 4082 2637 4136 ἄλλα
2686 4084 2882 4150 πάντα,
2929 4086 3031 4159 τῆς
3074 4084 3211 4157 ὕλης
3250 4091 3611 4159 ἀναλωθείεης

2027 4170 2210 4241 πάσης
2238 4174 2317 4236 είς
2341 4172 2443 4245 τὴν
2468 4173 2563 4227 τοῦ
2592 4175 2819 4247 οὐρανοῦ
2843 4179 3058 4250 ποίησιν
3084 4195 3098 4244 ;
3129 4181 3197 4234 Et
3235 4182 3356 4253 πρὸ
3380 4185 3480 4238 τοῦ
3510 4186 3613 4238 εξέορ

2026 4263 2312 4334 ποιηθῆναι
2340 4264 2438 4336 τὴν
2480 4266 2610 4337 ὕλην
2633 4268 2710 4339 τῷ
2740 4270 2865 4324 εἴδει
2893 4270 2985 4324 τοῦ
3023 4273 3286 4345 οὐρανοῦ,
3319 4278 3507 4342 οὕτως
3529 4280 3606 4330 οὐκ

2025 4355 2135 4428 εἶχε
2165 4356 2443 4429 βαρύτητα
2475 4359 2570 4412 καὶ
2598 4361 2925 4431 κουφότητα,
2958 4362 3034 4427 ὠς
3062 4363 3156 4417 νῦν
3191 4367 3302 4420 οὐκ
3336 4369 3462 4439 ἔχει
3495 4370 3608 4439 μετὰ

2023 4444 2084 4501 τὸ
2131 4449 2531 4521 εἰδοποιηθῆναι
2559 4451 2760 4524 αὐτήν⁸
2806 4453 2923 4516 πῶς
2949 4455 3047 4507 οὐκ
3080 4456 3330 4509 ἐκινεῖτο
3388 4461 3499 4530 πρὸ
3534 4461 3607 4528 τῆς

349 4542 492 4583 mam
520 4528 792 4600 suscepit:
831 4530 1105 4601 quomodo
1132 4548 1241 4587 non
1287 4532 1608 4587 movebatur
1631 4541 1785 4589 sante
1812 4549 1892 4589 su:

2079 4541 2423 4615 όοποιήσεως,
2454 4542 2530 4606 ὡς
2559 4543 2653 4597 νῦν
2682 4547 2910 4598 κινεῖται
2942 4546 3079 4616 μετά
3106 4546 3209 4618 τὴν
3254 4528 3603 4622 εἰδοποίησινς

352 4630 561 4692 ceptam
624 4619 881 4686 formam,
912 4623 1375 4692 quemadmodum
1421 4636 1570 4679 nunc
1608 4625 1780 4681 forma
1808 4644 1892 4684 sus

2079 4634 2087 4685 Ξ
2118 4632 2180 4685 τὸ
2224 4633 2491 4687 κινεῖσθαι
2532 4636 2721 4700 οὐσίας
2754 4637 2890 4701 ἐστὶ,
2924 4637 3019 4692 καὶ
3050 4638 3113 4692 τὸ
3150 4641 3231 4712 μὴ
3265 4642 3431 4712 ἔχειν
3461 4619 3601 4715 βαρύ-

345 4721 498 4782 repta
558 4714 852 4767 movetur?
882 4712 940 4768 Si
970 4714 1175 4770 moveri
1205 4715 1528 4771 substantias
1548 4721 1653 4778 est,
1686 4715 1922 4785 gravita-

346 4806 456 4852 tem
489 4810 668 4855 autem
698 4819 808 4858 non
836 4805 1039 4861 habere
1069 4822 1171 4861 nec
1199 4807 1497 4871 levitatem,
1522 4807 1769 4861 materia:
1813 4818 1917 4872 est,

346 4900 454 4941 non
482 4889 824 4959 substantiae,
857 4904 1105 4949 movetur
1133 4906 1313 4952 autem
1362 4897 1560 4951 emtum
1610 4907 1759 4951 motu
1804 4897 1914 4950 eir~

344 4982 541 5045 culari,
572 4982 698 5051 quia
726 4985 1046 5054 gravitatem
1096 5002 1206 5040 non
1259 4988 1423 5043 habet
1465 5003 1564 5043 nec
1609 4988 1915 5055 levitatem,

345 5070 515 5141 lique:
560 5071 760 5126 caelum
812 5074 888 5127 ita
922 5076 1127 5130 moveri
1177 5085 1400 5148 propter
1449 5079 1754 5143 materiam,
1807 5094 1917 5134 non

344 5170 568 5234 propter
599 5162 850 5218 formam.
882 5163 1171 5231 Quomodo
1194 5184 1325 5239 ergo
1354 5171 1581 5225 materia
1627 5180 1753 5225 ante
1800 5170 1915 5226 for-

342 5268 510 5320 mam,
541 5270 669 5310 cum
712 5270 816 5311 nec
860 5257 1182 5327 gravitatem
1229 5259 1427 5315 habeat
1475 5274 1578 5319 nec
1614 5262 1912 5329 levitatem,

342 5346 568 5404 minime
592 5348 813 5403 mobilis
843 5357 929 5405 est
951 5357 1102 5405 motu
1131 5350 1428 5407 circulari?

655 5441 746 5497 52.
781 5440 867 5495 Ea:
894 5442 1123 5498 secundo
1142 5441 1281 5497 libro
1306 5443 1382 5499 De
1417 5444 1564 5503 caelo.

413 5546 434 5581 ι
474 5528 917 5603 Unumquodque
967 5549 1178 5602 eorum,
1219 5550 1453 5605 quorum
1507 5537 1726 5608 aliquod
1772 5552 1912 5609 opus

340 5627 446 5684 est,
482 5624 665 5692 operis
689 5626 861 5694 gratia
889 5632 992 5681 est.
1019 5624 1114 5682 Dei
1145 5635 1327 5682 autem
1358 5642 1497 5699 opus
1517 5639 1601 5685 est
1626 5630 1912 5685 immorta-

340 5708 471 5766 litas
503 5730 519 5768 :
548 5712 602 5767 id
638 5723 819 5771 autem
852 5724 937 5773 est
969 5719 1079 5773 vita
1106 5729 1307 5775 aeterna
1341 5739 1354 5775 :
1393 5737 1565 5792 quare
1596 5736 1821 5779 necesse
1850 5733 1911 5779 ut

412 5824 505 5889 38)
536 5825 619 5895 Τῷ
643 5828 784 5897 Θεῷ.
812 5829 1040 5887 Aristot.
1067 5832 1145 5906 τῷ
1177 5832 1306 5905 θείῳ
1339 5844 1392 5891 et
1418 5851 1542 5891 mox
1570 5836 1830 5902 τοιοῦτος.

2020 4739 2156 4793 τητα
2191 4726 2283 4777 καὶ
2316 4727 2623 4798 κουφότητα
2673 4728 2804 4800 ὕλης
2845 4731 2982 4795 ἐστὶ,
3014 4730 3109 4785 καὶ
3141 4733 3249 4786 οὐκ
3288 4736 3515 4799 οὐσίας,
3543 4756 3603 4789 κιο

2018 4817 2188 4869 νεῖται
2232 4816 2289 4869 δὲ
2331 4820 2359 4871 6
2400 4820 2628 4891 οὐρανὸς
2664 4820 2763 4893 τὴν
2797 4822 2981 4894 κύκλῳ
3019 4823 3261 4895 κίνησιν,
3312 4826 3416 4883 διὰ
3456 4831 3519 4882 τὸ
3547 4831 3600 4899 μὴ

2020 4905 2164 4976 ἔχειν
2225 4908 2504 4982 βαρύτητα
2544 4913 2639 4965 καὶ
2683 4914 3031 4987 κουφότηται
3076 4915 3337 4988 δηλονότι
3386 4923 3481 4975 διὰ
3524 4924 3599 4991 τὴν

2018 4997 2151 5069 ὕλην
2179 4994 2239 5052 τὸ
2272 5002 2537 5056 κινεῖσθαι
2566 5004 2740 5067 οὕτως
2769 5004 2881 5075 ἔχει
2912 5009 2942 5061 6
2986 5007 3240 5079 οὐρανὸς,
3278 5015 3386 5065 καλ⁵
3435 5016 3497 5067 οὐ
3534 5016 3599 5067 διὰ

2015 5088 2077 5143 τὸ
2106 5086 2261 5155 εἶδος.
2310 5093 2435 5158 Πῶς
2484 5088 2577 5149 οὖν
2627 5095 2883 5168 ἀκίνητος
2920 5098 2953 5169 ἡ
2996 5098 3094 5171 ὕλη
3139 5096 3253 5173 πρὸ
3300 5104 3409 5158 τοῦ
3449 5105 3597 5165 εῶως

2015 5182 2158 5235 κατὰ
2179 5184 2276 5254 τὴν
2305 5184 2489 5258 κύκλῳ
2516 5187 2750 5259 κίνησιν,
2772 5187 2897 5244 οὕτε
2930 5192 3214 5264 βαρύτητα
3254 5195 3472 5267 ἔχουσα
3496 5196 3594 5250 οὐτε

2015 5274 2326 5346 κουφότητα
2344 5292 2358 5341 ;

2098 5451 2207 5515 ,52.
2251 5452 2345 5508 Ἐκ
2374 5456 2481 5511 τοῦ
2509 5456 2794 5529 δευτέρου
2812 5461 2999 5531 λόγου
3030 5463 3173 5531 Περὶ
3201 5467 3509 5534 οίζρανοῦ.

2088 5563 2107 5596 ‹
2155 5546 2422 5601 Ἕκαστόν
2449 5551 2597 5602 ἐστιν
2623 5544 2700 5605 ὧν
2728 5553 2877 5605 ἐστιν
2904 5554 3063 5625 ἔργον
3091 5554 3259 5610 ἕνεκα
3286 5559 3392 5612 τοῦ
3426 5561 3588 5633 ἔργω.

2011 5636 2144 5691 Θεοῦ
2172 5639 2230 5692 δὲ
2261 5638 2508 5711 ἐνέργεια
2526 5642 2793 5697 ἀθανασία
2810 5663 2823 5675 ν
2846 5645 3003 5699 τοῦτο
3029 5646 3075 5700 δ’
3100 5645 3216 5702 ἐστι
3250 5645 3376 5723 ζωὴ
3409 5652 3587 5716 ἀΐδιος·

2009 5727 2152 5785 ὥστε
2190 5731 2404 5805 ἀνάγκη
2434 5733 2514 5806 τῷ
2543 5735 2663 5808 Θεῷ
2691 5736 2803 5807 (58)
2843 5736 3054 5811 κίνησιν
3097 5739 3272 5797 ἀΐδιον
3298 5743 3583 5818 ὑπάρχειν.
