3662 6496
116 378 231 431 1545

110 584 241 633 τοῦτο
265 580 372 650 ἔχει
399 580 462 632 τὸ
495 579 779 649 ἐγκύκλιον
809 580 917 651 (59)
950 580 1129 651 σῶμα,
1158 580 1188 635 6
1232 580 1390 650 φύσει
1427 586 1655 639 κινεῖται

111 673 268 743 κύκλῳ
291 672 395 726 ἀεί.
438 690 456 719 ι

166 851 219 903 El
248 847 337 901 τοῦ
374 846 472 917 μὲν
500 848 762 919 ἀγενήτου
790 848 884 901 καὶ
910 848 1077 901 ἀϊδίου
1124 850 1274 903 οὐδέν
1304 852 1421 905 ἐστι
1451 852 1543 906 τοῦ
1573 848 1655 907 εῖ-

106 960 177 994 ναι
202 942 364 994 αἴτιον
386 956 400 969 ·
432 934 507 992 ὧν
535 940 590 992 δὲ
620 939 763 993 ἐστιν
791 940 972 1011 ἔργον,
1007 941 1177 994 ταῦτα
1203 942 1388 997 ἕνεκεν
1417 942 1525 1015 (40)
1558 944 1654 999 τοῦ

107 1036 243 1104 ἔργου
277 1031 449 1084 ἐστίν’
485 1030 585 1083 οὐκ
631 1030 737 1101 ἄρα
769 1030 935 1095 ἀΐδια,
966 1025 1041 1085 ὧν
1073 1032 1141 1084 τὰ
1183 1032 1319 1103 ἔργα
1366 1035 1460 1087 τοῦ
1512 1032 1654 1090 εἷναί

107 1129 230 1178 ἐστιν
254 1125 417 1177 αἴτια.
455 1123 516 1175 Εἰ
566 1120 788 1191 ἀψύχων
822 1123 937 1175 ἐστὶ
969 1122 1031 1174 τὸ
1069 1127 1136 1195 τῇ
1184 1126 1454 1197 παρουσίᾳ
1492 1129 1652 1197 μόνον

102 1218 315 1288 ἐνεργεῖν
348 1215 446 1278 τὰς
489 1212 625 1267 κατά
660 1212 820 1281 φύσιν
872 1215 1170 1285 ἐνεργείας,
1213 1215 1444 1284 λογικῶν
1477 1219 1554 1282 δὲ,
1588 1219 1653 1273 τὸ

102 1312 152 1378 τῇ
179 1307 447 1378 βουλήσειο
485 1305 602 1368 πῶς
635 1304 753 1357 ἐστὶ
784 1305 917 1369 Θεὸς
951 1308 980 1359 6
1010 1306 1254 1378 οὐρανὸς,
1289 1310 1317 1361 6
1347 1308 1421 1381 μὴ
1457 1308 1652 1382 βουλή-

101 1419 168 1452 σει
192 1400 283 1471 τὴν
315 1398 613 1453 ἀθανασίαν
652 1399 912 1472 ἐνεργῶν,
951 1399 1084 1452 ἀλλά
1117 1403 1184 1471 τῇ
1218 1402 1432 1473 κινήσει
1469 1420 1529 1455 τε
1559 1403 1651 1456 καὶ

100 1494 151 1561 τῇ
184 1491 499 1562 μεταστάσει
543 1489 651 1542 τῶν
683 1489 877 1542 ἑαυτοῦ
913 1489 1133 1562 μερῶνς
1182 1493 1244 1544 Εἰ
1289 1492 1349 1545 τὸ
1388 1494 1651 1566 ἀγένητον

124 1581 142 1599 ν
506 1576 530 1594 τ
695 1578 717 1596 ν
927 1599 951 1614 ρ
1189 1585 1210 1599 -ο
1380 1584 1403 1606 ν

99 1599 200 1634 ουτε
223 1581 354 1654 πρὸς
386 1580 447 1633 τὸ
481 1597 640 1643 ειναι,
662 1597 787 1633 ουτε
815 1580 948 1653 πρὸς
982 1581 1041 1634 τὸ
1066 1600 1238 1635 ποι-ειν
1263 1584 1452 1655 χρῄςει
1484 1587 1647 1651 τινὸς,

98 1677 122 1745 ᾖ
150 1690 299 1725 τινων
331 1672 438 1725 τῶν
472 1671 668 1736 ἔξωθεν
691 1672 1167 1744 τῆςησυνεργείας·
1198 1674 1313 1738 πῶς
1342 1678 1369 1728 6
1401 1679 1646 1748 οὐρανὸς,

96 1765 173 1817 καὶ
223 1765 355 1837 πρὸς
399 1764 460 1817 τὸ
504 1759 642 1817 εἶναι
687 1762 848 1817 αὐτὸν
894 1766 1110 1836 κινητὸν
1152 1766 1367 1837 χρῄζων
1416 1769 1514 1840 τῆς
1536 1758 1647 1840 γῆς

95 1856 203 1926 περὶ
228 1856 294 1926 ἦν
326 1858 574 1918 κινεῖται,
611 1855 702 1908 καὶ
737 1855 871 1925 πρὸς
904 1856 965 1909 τὸ
997 1860 1189 1922 ποιεῖν,
1225 1858 1318 1912 τοῦ
1353 1860 1521 1930 ἡλίου,
1561 1862 1652 1914 καὶ

94 1946 175 2016 τῆς
205 1947 451 2018 σελήνης.
490 1936 582 2000 καὶ
614 1947 721 2000 τῶν
754 1947 954 2002 λοιπῶν
990 1949 1223 2021 ἄστρων,
1270 1951 1419 2005 ἐστὶν
1451 1953 1647 2024 ἀγένη-

92 2056 166 2101 τος
188 2056 201 2102 ;
224 2038 285 2091 El.
316 2038 413 2092 τοῦ
442 2039 708 2110 ἀγενήτου
734 2039 833 2093 οὐκ
867 2039 981 2092 ἔστι
1013 2039 1169 2107 λόγος
1197 2042 1253 2093 ἐν
1275 2040 1355 2110 τῷ
1387 2042 1646 2109 ποιοῦντι,

91 2130 207 2192 πῶς,
242 2132 289 2182 εί
319 2130 582 2201 ἀγένητος
608 2131 637 2182 6
677 2129 925 2199 οὐρανὸς,
958 2130 1068 2200 ἔχει
1101 2130 1258 2198 λόγον
1290 2131 1453 2185 ἄῦλον
1482 2135 1541 2185 ἐν
1570 2133 1648 2204 τῷ

88 2220 325 2285 ποιοῦντι,
373 2219 466 2273 καὶ
510 2219 665 2287 λόγον
700 2218 879 2273 ἔνυλον
920 2223 976 2273 ἐν
1018 2223 1083 2291 τῇ
1135 2210 1340 2291 ὕλῃίδϋ
1374 2222 1431 2274 6v
1464 2222 1649 2294 ἕτερον

88 2310 136 2360 τὸ
164 2310 371 2380 οὐρανῷ
405 2305 540 2362 εἶναι
566 2308 643 2379 τῷ
677 2310 795 2362 τόδε
830 2310 1056 2379 οὐρανὸν
1091 2306 1267 2374 είναι;
1301 2312 1364 2363 Εἰ
1398 2313 1456 2364 οὐ
1490 2311 1649 2367 δύνα-

89 2418 159 2453 ται
182 2404 209 2454 6
236 2400 465 2470 οὐρανὸς
498 2401 717 2470 ποιῆσαι
761 2402 828 2470 τῇ
870 2399 1119 2472 βουλήσει
1152 2398 1195 2454 δι’
1219 2404 1363 2454 ποιεῖ
1392 2404 1460 2473 τῇ
1494 2404 1648 2475 κινή-

89 2511 172 2555 σει,
221 2495 337 2558 πῶς
389 2494 521 2558 Θεὸς
570 2487 725 2557 οὗτος
763 2494 955 2559 ἀΐδιος,
1010 2494 1178 2565 ἀΐδιον
1229 2494 1468 2565 ἐνεργῶν
1503 2494 1647 2567 ζωὴν

88 2585 407 2656 ὰῧουλήτως;
441 2586 501 2638 Et
534 2588 590 2638 ἐν
623 2587 734 2648 τοῖς
768 2584 957 2647 ἀϊδίοις
984 2586 1084 2637 οὐκ
1124 2587 1335 2655 ἐνεργεῖ
1365 2587 1392 2638 6
1421 2588 1648 2658 οὐρανὸς

87 2675 163 2745 τὴν
190 2677 407 2729 αἰώνιον
436 2675 578 2747 ζωήν
602 2692 616 2705 ·
647 2675 830 2744 ἔχουσι
864 2674 971 2746 γὰρ
991 2674 1193 2746 ταύτην
1228 2679 1291 2729 ἐκ
1316 2676 1415 2747 τῆς
1444 2678 1648 2741 οἰκείας

86 2770 306 2836 φύσεως·
348 2768 419 2822 τὰ
447 2767 648 2839 γενητὰ
677 2768 733 2821 δέ
767 2769 861 2822 κοιλ⁵
889 2767 1103 2839 φθαρτά
1134 2768 1364 2833 αἰωνίως
1387 2769 1445 2822 οὐ
1479 2768 1641 2834 ζῶσι·

85 2860 171 2913 ποῦ
200 2863 230 2932 ἡ
260 2861 479 2923 αἰώνιος
510 2860 643 2932 ζωὴ,
674 2861 741 2931 ἢν
770 2862 983 2931 ἐνεργεῖ
1008 2864 1036 2914 6
1058 2862 1313 2932 οὕρανός;
1349 2862 1410 2915 Et
1440 2862 1516 2934 μὴ
1552 2863 1648 2933 μό-

91 2971 159 3007 θον
184 2955 315 3026 πρὸς
337 2954 551 3021 γένεσιν
579 2954 687 3007 τῶν
712 2954 1070 3023 γιγνομένων,
1104 2952 1239 3006 ἀλλά
1270 2955 1364 3007 καὶ
1391 2954 1527 3025 πρὸς
1547 2953 1645 3025 τὴν

83 3045 172 3097 τῶν
199 3045 568 3116 φθειρομένων
606 3046 648 3075 ¹⁸
678 3044 923 3115 χρησίμη
953 3046 986 3116 ἡ
1017 3043 1110 3096 τοῦ
1144 3043 1372 3115 οὐρανοῦ
1396 3045 1608 3115 κίνησις
1628 3061 1641 3073 ·

83 3136 181 3199 πῶς
210 3136 342 3200 Θεὸς
376 3138 403 3188 6
426 3135 674 3206 οὐρανὸς,
708 3135 801 3188 καὶ
833 3138 865 3205 ἡ
891 3136 1138 3206 ἐνέργεια
1170 3134 1334 3188 αὐτοῦ
1369 3133 1482 3206 ζωὴ
1514 3133 1645 3190 αἰώ-

82 3243 189 3290 νιος,
221 3228 285 3281 δι’
333 3214 411 3299 ἦς
438 3228 712 3298 φθείρεται
763 3228 831 3280 τὰ
878 3227 1121 3298 φθαρτά;
1168 3228 1231 3279 Εἰ
1266 3227 1331 3281 ἐκ
1374 3227 1476 3297 τῆς
1516 3227 1646 3296 ὕλης

84 3321 427 3389 ουναγένητον
460 3323 526 3390 τῇ
560 3318 662 3392 ὕλῃ
695 3319 755 3371 οὕ
789 3319 1016 3372 δυνατὸν
1046 3315 1207 3384 εἶναι,
1238 3318 1357 3381 πῶς
1386 3319 1647 3389 ἀγένητος

82 3408 104 3457 6
133 3410 375 3478 οὐρανὸς,
405 3411 433 3461 6
479 3409 554 3462 ὣν
588 3412 653 3463 ἐκ
684 3411 783 3481 τῆς
818 3409 948 3480 ὕλης
974 3426 987 3474 ;
1028 3411 1091 3462 El
1122 3410 1181 3463 τὸ
1214 3410 1271 3476 ἐξ
1300 3409 1642 3481 ἀμφοτέρων,

84 3496 286 3573 ὕστερον
300 3503 656 3573 ἀμφοτέρων,
688 3501 805 3566 πῶς
832 3503 860 3554 6
880 3503 1129 3573 οὐρανὸς,
1149 3502 1177 3554 6
1203 3501 1277 3554 ὣν
1304 3503 1367 3554 ἐκ
1388 3501 1485 3572 τῆς
1513 3501 1645 3572 ὕλης

80 3590 159 3640 καὶ
192 3590 283 3642 τοῦ
327 3591 521 3655 εἴδους,
574 3592 841 3654 ωναῖδιός
885 3593 1033 3644 ἐστιν
1071 3591 1438 3662 ἀμφοτέροις;
1476 3592 1538 3643 Εἰ
1584 3591 1645 3643 τὸ

79 3676 199 3744 εἶδος
227 3684 326 3735 οὐκ
358 3684 421 3735 ἐκ
449 3684 548 3753 τῆς
578 3682 729 3754 ὕλης,
762 3682 897 3735 ἀλλὰ
920 3682 988 3734 ἐκ
1023 3680 1118 3734 τοῦ
1148 3681 1443 3745 ποιοῦντος,
1473 3680 1590 3744 πῶς
1616 3682 1643 3733 6

78 3771 304 3839 οὐρανὸς,
367 3772 586 3827 ἄλλοθεν
633 3772 771 3843 ἔχων
820 3772 917 3843 τὴν
965 3771 1097 3844 ὕλην
1150 3772 1241 3825 καὶ
1274 3770 1535 3842 ἑτέρωθεν
1581 3768 1643 3821 τὸ

81 3854 218 3925 εἶδος,
254 3862 522 3934 ἀγένητος
552 3864 730 3927 ἐστιν;
764 3864 829 3915 Et
864 3861 1046 3916 ὑλικόν
1079 3864 1195 3915 ἐστι
1227 3861 1385 3932 σῶμα
1412 3864 1441 3914 6
1477 3861 1642 3932 οὐρα-

76 3952 171 4014 νὸς,
205 3954 299 4005 καὶ
336 3953 627 4023 σφαιρικὸν
658 3952 770 4022 ἔχει
797 3953 857 4005 τὸ
889 3952 1094 4022 σχῆμα,
1131 3952 1223 4004 καί
1268 3953 1413 4005 ἐστιν
1442 3950 1641 4020 ἀγένη-

76 4058 182 4104 τοςο
214 4045 334 4109 πῶς
382 4046 482 4098 οὐκ
522 4045 810 4116 ἀμφότερα
854 4044 967 4115 ἔχει
1008 4045 1073 4096 ἐκ
1117 4043 1215 4112 τῆς
1254 4042 1407 4112 ὕλης,
1444 4043 1536 4095 καὶ
1582 4041 1644 4093 τὸ

78 4131 197 4189 εἶναι
242 4138 269 4189 6
297 4138 439 4200 ἐστι,
476 4136 570 4190 καὶ
597 4136 658 4189 τὸ
688 4135 829 4207 ἔχειν
861 4136 889 4188 6
922 4134 1070 4207 ἔχεις
1102 4136 1166 4187 Et
1208 4134 1411 4205 ἔστινὴ
1451 4132 1550 4203 ὕλη
1582 4133 1643 4187 τὸ

75 4230 172 4290 τοῖς
200 4228 320 4281 καθ’
353 4227 487 4280 αὐτὸ
516 4227 575 4293 ἐξ
596 4227 763 4297 αὐτῆς
790 4226 1127 4296 γιγνομένοις
1159 4223 1389 4297 πρώτως
1416 4223 1641 4277 ὑποκεί-

78 4335 216 4385 μενον
245 4319 342 4371 καὶ
388 4318 718 4388 ἐνυπάρχον,
762 4315 880 4379 πῶς
912 4315 1173 4385 ἀγένητος
1210 4314 1285 4367 ὢν
1321 4316 1350 4367 6
1392 4314 1638 4385 οὐρανὸς,

73 4405 136 4468 ὡς
156 4408 218 4460 τὰ
243 4406 452 4479 γενητά
478 4406 577 4478 τὴν
596 4407 726 4479 ὕλην
748 4407 860 4478 ἔχει
877 4406 1245 4477 ὑποκειμένην
1281 4422 1341 4458 τε
1369 4406 1641 4459 καίἐνυπ-

77 4511 330 4570 αρχουσαν
352 4513 367 4563 ;

451 4672 541 4727 55.
586 4674 680 4725 Ἐκ
706 4672 811 4726 τοῦ
835 4672 1023 4725 αυτοῦ
1041 4672 1247 4741 λόγου.

138 4782 152 4813 ι
200 4764 423 4835 Ἐπειδὴ
452 4767 481 4818 6
512 4764 741 4837 οὐρανὸς
767 4764 927 4836 σῶμά
952 4781 1005 4818 τι
1042 4764 1204 4826 θεῖον,
1232 4760 1321 4815 διὰ
1339 4759 1499 4815 τοῦτο
1525 4758 1643 4830 ἔχει

70 4850 121 4904 τὸ
148 4856 436 4923 ἐγκύκλιον
467 4855 628 4927 σῶμα
663 4856 691 4908 6
727 4855 888 4925 φύσει
927 4858 1155 4910 κινεῖται
1203 4854 1387 4924 κύκλῳ
1412 4852 1527 4907 ἀεί’
1552 4851 1641 4905 διὰ

69 4945 112 4994 τί
137 4943 226 4998 οὖν
254 4948 356 5018 οὐχ
377 4947 499 5000 ὅλον
537 4949 598 5001 τὸ
640 4947 799 5020 σῶμα
827 4949 922 5002 τοῦ
950 4946 1182 5020 οὐρανοῦ
1220 4945 1495 5010 τοιοῦτονς
1523 4947 1641 4999 Ὅτι

71 5034 266 5109 ἀνάγκη
294 5038 477 5109 μένειν
506 5055 558 5091 τι
587 5040 682 5093 τοῦ
707 5040 959 5111 σώματος
985 5039 1081 5093 τοῦ
1108 5037 1407 5110 φερομένου
1434 5036 1639 5108 κύκλῳ,

68 5126 119 5177 τὸ
149 5129 240 5180 ἐπὶ
267 5129 363 5183 τοῦ
397 5130 562 5200 μέσου
587 5130 719 5202 μιν
750 5131 941 5184 τούτου
977 5131 1020 5184 δ’
1052 5130 1202 5184 οὐδὲν
1222 5125 1334 5183 οἷόν
1365 5146 1425 5182 τε
1457 5129 1637 5200 μένειν

71 5214 245 5286 μόριον
267 5217 385 5271 οὔθ’
415 5219 553 5283 ὅλως
579 5220 690 5273 οὔτ’
733 5223 828 5275 ἐπὶ
876 5221 971 5275 τοῦ
1022 5220 1212 5292 μέσου.
1244 5220 1356 5274 Καὶ
1376 5219 1486 5292 γὰρ
1509 5219 1576 5274 ἂν
1601 5221 1635 5290 ὴ

67 5308 197 5360 κατὰ
230 5309 392 5379 φύσιν
412 5312 629 5383 κίνησις
654 5308 722 5384 ἦν
743 5312 909 5368 αὐτοῦ
944 5315 1036 5368 ἐπὶ
1070 5314 1132 5367 τὸ
1166 5315 1330 5385 μέσον
1361 5312 1542 5383 (φύσει
1580 5313 1638 5366 δὲ

69 5398 239 5471 κύκλῳ
267 5404 522 5474 κινεῖται)
538 5421 551 5434 ο
575 5405 636 5457 οὐ
668 5404 777 5478 γὰρ
796 5405 862 5460 ἂν
886 5402 956 5479 ἦν
970 5407 1189 5478 ἀΐδιοςὴ
1212 5408 1445 5479 κίνησις.
1468 5406 1639 5460 Οὐθὲν

134 5562 175 5596 ⁸³
366 5572 503 5642 πρὸς
532 5570 630 5642 τὴν
663 5572 892 5644 φθοράν.

101 5699 231 5775 ,(59)
269 5704 339 5779 T6
370 5704 710 5779 ἐγκύκλιον.
747 5706 1057 5779 Articulum
1077 5707 1381 5777 desumpsit
1406 5703 1633 5779 Sylbur-

70 5773 179 5833 sius
200 5788 266 5829 ex
301 5773 556 5836 Aristot.,
587 5786 640 5829 et
674 5793 794 5831 mox
829 5778 1035 5847 κύκλῳ.
1274 5773 1287 5777 ”
1449 5773 1483 5787 ⁷⁷

335 5869 609 5929 PATROL.
644 5872 759 5931 Gn.
809 5873 913 5935 Vl.

756 371 1200 431 CONFUTATIO
1228 372 1677 441 QUORUMDAM
1718 378 2178 439 ARISTOTELIS
2217 386 2623 445 DOGMATUM.

122 493 250 545 Ἐπεὶ
272 491 326 544 δέ
355 490 582 561 οὐρανὸς
613 490 860 543 ’τοιοῦτον
879 507 892 520 ·
932 489 1088 559 σῶμα
1134 490 1242 562 γάρ
1274 508 1327 543 τι
1368 490 1536 545 Θεῖον·
1568 491 1593 545 6

1822 513 1835 536 ,
1866 476 2013 543 quod
2047 476 2296 532 divinum
2343 488 2448 543 est,
2491 488 2673 537 motus
2720 482 2849 539 insit
2893 493 3154 543 aeternus.
3186 489 3338 555 Quo-

3184 376 3339 454 isto

1758 565 1905 618 niam
1936 577 2115 623 autem
2145 571 2348 624 malum
2383 581 2468 627 est
2492 573 2783 643 ejusmodi,
2815 582 2898 629 est
2919 576 3062 630 enim
3094 578 3339 634 divinum

1758 656 2031 726 quoddam
2082 674 2306 731 corpus,
2351 671 2639 734 propterea
2685 667 2980 722 rotundum
3017 668 3179 727 habet
3211 689 3369 728 cor-7

1796 762 1883 811 us,
1915 749 2062 817 quod
2093 760 2289 805 natura
2318 752 2373 807 in
2403 755 2590 811 orbem
2616 768 2885 814 movetur.
2926 779 2944 811 ι

1831 835 1887 891 Si
1916 839 2217 910 ingenitum
2242 850 2295 898 et
2322 854 2588 902 :eternum
2615 849 2822 903 nullam
2845 851 3010 907 habet
3032 868 3133 907 cur
3184 856 3337 910 exsi-

1758 936 1865 984 stat
1891 945 2135 997 causam,
2160 950 2393 1005 quorum
2421 946 2604 993 autem
2628 955 2767 1007 opus
2792 951 2990 1008 exstat,
3022 960 3085 999 ea
3117 955 3341 1018 propter

1757 1034 1897 1089 opus
1931 1030 2092 1090 sunt;
2129 1040 2236 1079 non
2269 1042 2399 1097 ergo
2420 1039 2645 1096 aztcrna,
2669 1047 2901 1101 quorum
2921 1035 3083 1107 575
3098 1054 3264 1109 opera
3284 1040 3337 1094 in

1756 1125 1923 1166 causa
1951 1121 2080 1167 sunt
2108 1129 2209 1169 cur
2241 1119 2528 1175 exsistant.
2563 1120 2619 1175 Si
2646 1122 3072 1182 inanimatorum
3096 1138 3182 1185 est
3199 1147 3339 1201 pra:-

1756 1203 1928 1255 sentia
1966 1212 2173 1260 tantum
2206 1208 2470 1277 perlicere
2500 1215 2783 1270 naturales
2826 1218 3202 1287 Operationes,
3250 1239 3338 1277 ra-

1754 1293 1905 1349 tione
1929 1302 2109 1351 autem
2152 1300 2442 1366 utentium,
2474 1305 2792 1362 voluntate:
2825 1311 3101 1377 quomodo
3132 1314 3336 1367 coelum

1756 1382 1899 1440 Deus
1928 1394 2032 1451 est,
2068 1389 2215 1458 quod
2247 1406 2356 1445 non
2391 1394 2674 1451 voluntate
2703 1408 2965 1467 operatur
3007 1401 3339 1458 immortali-

1755 1482 1946 1543 tatem,
1978 1478 2071 1532 sed
2099 1488 2250 1535 motu
2281 1490 2333 1537 et
2356 1486 2594 1554 partium
2627 1504 2851 1543 suarum
2879 1492 3241 1561 migratione?
3277 1494 3335 1550 Si

1756 1564 2055 1636 ingenitum
2089 1587 2265 1642 neque
2290 1581 2349 1627 ut
2389 1575 2481 1639 sit,
2523 1594 2699 1647 neque
2731 1586 2789 1632 ut
2834 1591 3091 1649 operetur
3128 1586 3240 1639 ulla
3277 1601 3338 1640 re

1756 1659 1984 1730 indiget,
2025 1678 2126 1717 nec
2158 1664 2487 1735 cujusquam
2520 1672 2764 1726 extranei
2795 1673 3144 1743 adjumento:
3195 1694 3336 1747 quo-

1755 1752 1917 1806 modo
1960 1755 2185 1820 coelum,
2212 1757 2358 1826 quod
2389 1766 2443 1813 et
2476 1768 2535 1814 ut
2566 1764 2767 1821 mobile
2799 1766 2894 1830 sit,
2955 1766 3161 1836 indiget
3188 1779 3334 1824 terra

1689 1843 1726 1894 Β
1757 1843 1904 1897 circa
1935 1862 2098 1914 quam
2128 1856 2397 1913 movetur,
2431 1858 2485 1905 et
2515 1861 2572 1905 ut
2598 1861 2876 1922 operetur,
2905 1856 3019 1910 sole
3050 1866 3101 1912 ct
3131 1859 3256 1912 luna
3282 1867 3335 1914 et

1755 1934 1982 2004 reliquis
2006 1939 2193 2003 astris,
2219 1938 2521 2009 ingenitum
2559 1945 2675 1997 est?
2707 1944 2764 1997 Si
2820 1945 3044 2016 ingeniti
3090 1964 3201 2002 non
3252 1959 3336 2005 est

1753 2023 1872 2078 idea
1900 2026 1952 2079 in
1985 2028 2199 2096 opilice,
2238 2032 2513 2099 quomodo
2551 2035 2774 2098 cwlum,
2808 2038 2853 2090 si
2886 2048 2970 2092 est
3007 2038 3331 2109 ingenitum,

1754 2116 1928 2170 ideam
1963 2120 2125 2174 habet
2161 2120 2576 2177 immaterialem
2622 2125 2675 2178 in
2724 2128 3034 2193 conditore,
3070 2138 3123 2184 et
3156 2131 3331 2187 ideam
3384 2192 3391 2201 λη

1752 2210 2085 2263 materialem
2121 2212 2172 2266 in
2206 2214 2453 2276 materia,
2489 2217 2633 2271 unde
2665 2218 2721 2270 lit
2751 2227 2807 2271 ut
2838 2221 2945 2273 alia
2980 2221 3051 2275 sit
3084 2224 3225 2278 cmlo
3245 2239 3333 2279 es-

1753 2302 1950 2365 sentia,
1976 2302 2079 2354 alia
2104 2302 2231 2358 huic
2259 2306 2434 2358 coelo?
2467 2304 2524 2359 Si
2554 2322 2661 2360 non
2693 2290 2873 2378 potest
2912 2311 3112 2364 omium
3155 2312 3333 2368 facere

1753 2391 2055 2456 voluntate,
2095 2409 2215 2463 qua:
2247 2393 2374 2449 facit
2407 2398 2677 2453 motione:
2712 2401 2988 2469 quomodo
3039 2401 3181 2459 Deus
3240 2405 3333 2459 ille

1750 2491 1989 2538 aeternus
2018 2493 2122 2548 est,
2167 2486 2261 2554 qui
2290 2494 2552 2541 mternam
2589 2491 2754 2543 vitam
2786 2501 3050 2561 operatur
3078 2509 3188 2547 non
3236 2511 3332 2550 vo-

1752 2573 1908 2627 lens?
1956 2573 2011 2627 Si
2069 2576 2125 2629 in
2175 2577 2283 2639 his,
2316 2594 2436 2647 quae
2475 2587 2680 2632 azterna
2728 2592 2876 2647 sunt,
2930 2598 3037 2637 non
3075 2592 3330 2653 operatur

1751 2664 1948 2718 ccelum
1975 2675 2234 2721 aeternam
2268 2669 2455 2731 vitam,
2491 2671 2637 2723 illam
2667 2672 2811 2725 enim
2857 2673 3062 2728 habent
3092 2691 3158 2730 ex
3204 2692 3328 2745 pro-

1749 2756 1867 2825 pria
1895 2766 2112 2820 natura,
2155 2759 2338 2828 genita
2369 2768 2551 2815 autem
2582 2770 2635 2815 et
2663 2765 3045 2833 corruptibilia
3089 2766 3141 2819 in
3170 2774 3330 2823 aeter-

1750 2864 1879 2902 num
1904 2865 2012 2903 non
2047 2851 2266 2909 vivunt:
2298 2853 2522 2907 ubinam
2552 2861 2755 2910 alterna
2780 2858 2911 2923 vita,
2940 2873 3101 2927 quam
3128 2861 3330 2913 malum

1749 2942 2049 3009 operatur?
2079 2940 2137 2996 Si
2172 2959 2279 2997 non
2314 2945 2492 2999 solum
2535 2946 2599 2999 ad
2653 2950 3064 3017 generationem
3115 2966 3331 3015 eorum,

1750 3048 1872 3101 qua:
1922 3032 2078 3098 fiunt,
2146 3037 2247 3091 sed
2298 3044 2353 3090 et
2399 3036 2463 3091 ad
2503 3041 2910 3109 corruptionem
2959 3057 3151 3095 eorum
3211 3059 3332 3113 quae

1753 3124 2073 3188 intereunt,
2108 3126 2257 3182 utilis
2291 3135 2377 3182 est
2430 3130 2554 3183 caeli
2602 3140 2814 3186 motus:
2864 3133 3142 3202 quomodo
3191 3132 3332 3188 Deus

1675 3207 1718 3267 C
1750 3216 1973 3281 caelum,
2022 3216 2252 3287 ejusque
2289 3220 2534 3287 operatio
2585 3222 2697 3275 vita
2750 3229 2979 3290 aeterna,
3034 3240 3131 3295 per
3168 3240 3332 3296 quam

1750 3317 2166 3377 corrumpuntur
2187 3310 2593 3380 corruptibilia?
2626 3308 2681 3366 Si
2718 3312 2864 3382 quod
2894 3329 2961 3368 ex
2992 3316 3221 3370 materia
3253 3326 3330 3370 εει

1750 3414 1860 3453 non
1893 3406 2071 3468 potest
2096 3414 2220 3454 esse
2248 3416 2358 3453 una
2388 3415 2510 3453 cum
2558 3402 2788 3457 materia
2820 3402 3157 3471 ingenitum:
3199 3420 3329 3474 quo-

1748 3490 1911 3544 modo
1935 3490 2236 3561 ingenitum
2261 3491 2483 3555 caelum,
2517 3491 2663 3560 quod
2712 3509 2776 3546 ex
2817 3494 3047 3548 materia
3098 3496 3221 3550 est?
3278 3494 3331 3549 Si

1747 3581 1895 3653 quod
1924 3598 1991 3635 ex
2021 3590 2256 3651 utroque
2279 3589 2384 3644 est,
2418 3590 2652 3651 utroque
2695 3583 3005 3653 posterius:
3056 3588 3329 3655 quomodo

1746 3674 1967 3736 caelum,
2002 3672 2151 3742 quod
2179 3687 2245 3727 ex
2276 3673 2504 3727 materia
2534 3680 2589 3728 et
2614 3672 2789 3727 forma
2834 3682 2940 3738 est,
2994 3683 3329 3730 coaeternum

1745 3770 1830 3819 est
1853 3764 2109 3833 utrique?
2137 3762 2196 3817 Si
2241 3761 2414 3817 forma
2447 3777 2558 3817 non
2587 3772 2673 3817 est
2712 3779 2778 3818 ex
2820 3764 3072 3830 materia,
3114 3764 3211 3821 sed
3267 3781 3327 3820 ex

1745 3853 1971 3924 opiﬁce:
2024 3853 2301 3925 quomodo
2345 3854 2568 3915 caelum.
2603 3854 2749 3923 quod
2778 3854 3001 3910 aliunde
3026 3856 3193 3909 habet
3217 3871 3326 3910 ma-

1742 3946 1941 4001 teriam
1976 3955 2030 4001 et
2061 3945 2282 4001 aliunde
2317 3945 2585 4009 formam,
2620 3946 2924 4017 ingenitum
2959 3947 3082 4000 est?
3122 3945 3180 4001 Si
3220 3961 3326 4001 ma-

1745 4039 1937 4093 teriale
1957 4054 2159 4109 corpus
2172 4045 2259 4093 est
2279 4037 2480 4092 cmlum
2499 4044 2553 4092 et
2576 4037 2865 4091 rotundam
2886 4035 3050 4091 habet
3076 4035 3329 4107 ﬁguram,

1745 4138 1940 4202 estque
1987 4132 2321 4203 ingenitum;
2364 4128 2643 4201 quomodo
2691 4144 2800 4183 non
2838 4138 3136 4198 utrumque
3165 4143 3196 4182 a
3226 4143 3326 4182 ma-

1742 4222 1882 4277 teria
1916 4222 2139 4292 accipit,
2168 4229 2229 4277 ut
2264 4232 2318 4277 et
2348 4222 2420 4278 sit
2442 4222 2493 4276 id
2519 4221 2665 4291 quod
2684 4228 2769 4275 est
2788 4227 2842 4275 et
2874 4221 3072 4275 habeat
3104 4220 3157 4274 id
3185 4220 3329 4290 quod

1744 4314 1948 4369 habet?
1996 4314 2057 4369 Si
2106 4314 2334 4370 materia
2391 4315 2491 4379 iis,
2523 4327 2645 4383 quae
2671 4330 2736 4368 ex
2766 4313 2858 4366 illa
2887 4312 3045 4379 ﬁunt,
3070 4310 3328 4381 primarie

1742 4406 2035 4474 subjicitur
2060 4416 2112 4461 et
2136 4406 2311 4461 inest:
2339 4406 2615 4475 quomodo
2642 4406 2842 4460 omium
2863 4445 2879 4469 ,
2906 4420 3033 4459 cum
3065 4405 3137 4461 sit
3176 4405 3327 4475 inge-

1673 4537 1719 4593 Β
1745 4498 1940 4561 nitum,
1976 4514 2088 4552 non
2115 4512 2277 4553 secus
2307 4504 2491 4553 tamen
2520 4513 2584 4553 ac
2606 4498 2812 4571 genita,
2844 4497 3132 4554 materiam
3166 4497 3325 4552 habit

1745 4588 2049 4659 subjectam
2099 4586 2154 4645 et
2195 4589 2454 4644 insitam?

1915 4668 2118 4735 55.‘Ex
2145 4684 2323 4735 eodem
2353 4680 2508 4745 libro,
2544 4680 2701 4742 ibid.,
2732 4692 2782 4732 c.
2814 4679 2878 4740 ε.
2914 4692 2969 4747 p.
2998 4678 3145 4733 286.-

1825 4785 1844 4820 ι
1862 4768 2315 4839 Quandoquidem
2334 4771 2532 4825 ctelum
2565 4770 2808 4825 divinum
2834 4768 3107 4839 quoddam
3127 4782 3330 4838 corpus

1746 4870 1849 4935 est,
1882 4862 2089 4916 idcirco
2141 4876 2341 4931 corpus
2390 4863 2687 4917 rotundum
2728 4862 2912 4926 habet,
2961 4859 3107 4932 quod
3134 4870 3330 4914 natura

1748 4968 1965 5023 semper
2020 4953 2077 5007 in
2111 4954 2299 5008 orbem
2352 4955 2569 5025 agitur?
2596 4955 2709 5008 Cur
2764 4952 2947 5009 autem
3002 4969 3113 5009 non
3154 4961 3328 5007 totum

1746 5043 1871 5097 εωιὶ
1900 5058 2102 5115 corpus
2134 5044 2403 5114 ejusmodi
2430 5047 2553 5101 est?
2580 5046 2855 5112 Quoniam
2906 5044 2961 5099 in
2981 5060 3048 5100 eo
3074 5059 3326 5115 corpore.

1743 5135 1886 5202 quod
1913 5136 1967 5190 in
1992 5136 2179 5191 orbem
2214 5136 2412 5204 fertur,
2458 5137 2662 5208 aliquid
2696 5138 3001 5193 consistere
3018 5144 3249 5208 Oportet,
3274 5134 3326 5187 id

1742 5226 1993 5282 videlicet
2033 5229 2178 5298 quod
2225 5229 2280 5283 in
2311 5230 2490 5285 medio
2518 5239 2623 5287 est.
2663 5229 2839 5286 Porro
2868 5229 3035 5297 hujus
3077 5226 3327 5295 corporis

1746 5318 1865 5372 ﬁeri
1897 5320 2087 5390 nequit
2115 5330 2176 5375 ut
2207 5337 2336 5391 pars
2366 5323 2498 5383 ulla.
2518 5339 2587 5378 ne
2616 5324 2672 5377 in
2704 5322 2887 5378 medio
2908 5321 3148 5393 quidem,
3174 5335 3331 5390 pror-

1747 5424 1843 5465 sus
1901 5413 2191 5469 consistat.
2228 5414 2449 5487 Alioqui
2477 5415 2623 5470 enim
2683 5415 2952 5469 naturalis
2981 5412 3103 5483 ejus
3147 5420 3327 5465 motus

1961 5712 2151 5784 Ταῦτα
2180 5711 2409 5768 ἕνεκεν.
2438 5712 2673 5784 ltaﬂReg.
2705 5714 2755 5768 l.
2780 5712 2925 5767 Editi
2949 5712 3124 5768 ταῦτα
3156 5715 3211 5768 δὲ
3239 5714 3322 5769 ἒν.

1814 5780 1931 5849 Hi)
1969 5780 2093 5834 Ἐπί
2124 5783 2227 5837 τοῦ
2250 5783 2466 5851 μέσου.
2502 5780 2645 5854 Reg:
2683 5792 2913 5850 uterque
2933 5785 3025 5837 ἐπὶ
3050 5784 3128 5846 τῷ
3151 5786 3321 5859 μέσῳ.

2954 5879 3031 5940 149
