3662 6476
367 351 503 405 1557

1124 343 1486 404 APPENDIX.
1517 379 1585 389 -κ
1619 347 1801 403 PARS
1838 346 1881 403 1.
1923 348 1980 405 S.
2024 341 2291 403 JUSTINI
2332 338 2557 399 OPERA
2599 334 2867 394 SPURIA.

3486 332 3592 386 1548

320 478 321 483 π
366 461 431 515 ad
483 460 748 523 medium,
782 458 1018 515 ferretur
1069 460 1286 532 (natura
1324 478 1444 517 vero
1493 465 1547 517 in
1590 464 1766 519 orbem

2146 485 2151 510 ι
2181 460 2333 533 παρά
2382 458 2539 528 φύσιν
2587 455 2770 510 ἀΐδιον.
2808 430 3076 523 ’Ὕστερον
3107 450 3165 504 δέ
3193 449 3258 502 τὺ
3297 447 3445 520 παρά
3469 448 3592 515 φύσιν

365 552 563 622 vetur),
590 566 765 621 neque
790 561 971 607 motus
986 562 1133 608 esset
1161 562 1420 610 aeternus.
1444 552 1591 609 Nihil
1619 555 1765 609 enim
1791 556 1937 625 quod

366 651 561 713 praeter
590 653 843 698 naturam
874 652 980 710 est,
1017 651 1281 699 internum
1314 654 1418 701 est.
1454 644 1520 699 Et
1550 645 1696 715 quod
1724 644 1940 716 -praeter

364 744 618 790 naturam
645 743 749 802 est,
779 751 845 791 eo
866 736 1014 806 quod
1065 737 1368 792 secundum
1398 745 1651 792 naturam
1684 745 1789 805 est,
1820 751 1941 808 pos-

366 829 540 883 terius
571 835 675 883 est.
709 827 773 882 Et
802 828 949 898 quod
985 836 1184 899 praeter
1221 836 1475 883 naturam
1523 835 1631 893 est,
1666 829 1941 883 aberratio

365 916 613 984 quaedam
656 923 739 970 est
771 915 826 969 in
858 916 1210 987 generatione
1258 918 1327 971 ab
1357 932 1422 972 eo
1462 917 1610 989 quod
1640 917 1942 973 secundum

367 1015 640 1061 naturam.
670 1005 894 1061 Terram
933 1008 1099 1078 igitur
1116 1023 1241 1065 esse
1273 1024 1500 1065 necesse
1525 1017 1630 1065 est.
1656 1007 1792 1063 Nam
1826 1009 1942 1064 haec

368 1097 423 1151 in
443 1097 625 1151 medio
660 1097 1024 1167 conquiescit.
1072 1099 1230 1166 Quod
1260 1100 1307 1156 si
1339 1106 1567 1165 terram,
1601 1101 1779 1171 ignem
1804 1110 1943 1171 quo—

366 1205 473 1259 que
497 1206 625 1247 esse
663 1200 898 1261 Oportet.
942 1191 1146 1247 Eorum
1182 1192 1383 1263 quippe
1404 1208 1526 1264 quae
1556 1193 1773 1249 diversa
1801 1193 1943 1247 inter

368 1300 426 1337 se
447 1292 595 1349 sunt,
626 1284 672 1339 si
703 1286 934 1341 alterum
962 1292 1159 1340 natura
1182 1293 1288 1350 est,
1322 1286 1554 1340 alterum
1584 1284 1749 1357 576
1775 1285 1942 1341 etiam

365 1385 559 1429 natura
590 1390 734 1441 esse,
772 1376 1068 1447 (siquidem
1116 1377 1455 1431 contrarium
1485 1376 1579 1447 sit)
1606 1384 1663 1431 et
1701 1376 1941 1447 aliquam

364 1469 486 1536 ejus
512 1476 765 1522 naturam
795 1484 941 1534 esse,
990 1483 1218 1525 necesse
1247 1477 1350 1524 est.
1376 1466 1499 1539 Ipsa
1537 1468 1683 1523 enim
1712 1469 1942 1524 materia

363 1567 418 1613 et
442 1560 736 1615 contrariis
764 1568 819 1616 et
840 1560 1149 1631 privatione
1178 1561 1331 1630 prior
1353 1569 1458 1624 est,
1490 1559 1586 1616 sed
1607 1567 1665 1613 ut
1705 1559 1943 1614 calidum

366 1652 583 1722 frigido.
621 1652 726 1709 Sed
758 1662 939 1708 tamen
987 1654 1033 1709 si
1056 1653 1199 1724 ignis
1232 1661 1286 1708 et
1310 1660 1477 1716 terra,
1514 1667 1739 1708 necesse
1783 1659 1869 1707 est
1888 1659 1944 1708 et

364 1742 651 1814 interjecta
671 1760 795 1800 esse
826 1746 969 1800 inter
998 1753 1292 1816 utrumque
1314 1760 1566 1815 corpora.
1594 1744 1943 1801 Contrarium

2040 555 2134 608 τοῦ
2176 553 2317 607 κατά
2357 553 2516 621 φύσιν
2538 567 2549 579 ·
2586 550 2680 601 καὶ
2715 546 2971 621 ἔκστασις
3007 544 3123 615 (42)
3144 560 3234 606 τις
3284 544 3429 594 ἐστὶν
3465 543 3512 595 ἐν
3542 545 3592 611 τῇ

2041 645 2250 714 γενέσει
2278 644 2341 696 τὸ
2373 640 2525 713 παρά
2543 639 2702 709 φύσιν
2728 636 2823 707 τοῦ
2853 636 2997 690 κατά
3026 635 3213 704 φύσιν.
3261 634 3488 703 Ἀνάγκη
3510 634 3595 685 τοί-

2042 756 2134 792 νυν
2171 737 2276 807 γῆν
2315 732 2482 790 εἶναι·
2541 731 2699 786 τοῦτο
2746 730 2857 802 γάρ
2901 730 3104 800 ἠρεμεῖ
3156 726 3255 778 ἐπὶ
3300 724 3397 777 τοῦ
3443 726 3595 795 μέσον.

2054 828 2213 883 Ἀλλά
2245 828 2351 899 μὴν
2381 828 2431 880 εί
2478 824 2603 895 γῆν,
2634 822 2850 891 ἀνάγκη
2899 821 2994 873 καὶ
3023 818 3139 889 πῦρ
3167 814 3330 870 εἶναι.
3363 816 3475 870 Τῶν
3513 814 3599 886 γὰρ

2042 921 2301 975 ἐναντίων
2328 921 2377 973 εί
2398 918 2626 989 θάτερον
2653 915 2838 984 φύσει,
2869 912 3085 981 ἀνάγκη
3116 911 3214 965 καὶ
3242 910 3466 978 θάτερον
3490 905 3599 962 εἶναι

2044 1014 2228 1084 φύσει,
2272 1012 2478 1082 ἐάνπερ
2509 1003 2543 1082 ᾖ
2584 1006 2847 1072 ἐναντίον,
2882 1003 2978 1058 καὶ
3008 1004 3069 1054 τὸ
3107 997 3248 1054 εἶναί
3304 1017 3427 1053 τινα
3466 999 3601 1052 αὑτοῦ

2044 1105 2225 1175 φύσιν.
2267 1104 2332 1157 Ἥ
2375 1101 2485 1172 γάρ
2532 1099 2668 1169 αὐτὴ
2695 1096 2793 1167 ὕλη
2817 1095 2926 1148 τῶν
2968 1094 3233 1148 ἐναντίων
3264 1092 3363 1145 καὶ
3390 1091 3481 1158 τῆς
3508 1107 3603 1143 στε-

2046 1199 2257 1270 ρήσεως
2308 1193 2586 1265 προτέρα·
2638 1191 2783 1257 λέγω
2823 1187 2881 1240 δὲ
2910 1182 3021 1239 οἷον
3065 1185 3130 1238 τὸ
3159 1183 3370 1255 θερμὸν
3409 1183 3497 1235 τοῦ
3523 1182 3602 1251 ψα-

2044 1287 2198 1361 χροῦ.
2244 1285 2403 1340 Ἀλλά
2435 1284 2542 1355 μὴν
2567 1282 2725 1353 εἴπερ
2752 1278 2873 1333 ἐστὶ
2902 1276 3014 1349 πῦρ
3050 1276 3149 1330 καὶ¹
3168 1276 3266 1354 γῆ,
3302 1275 3506 1345 ἀνάγκη
3531 1276 3604 1327 καὶ

2043 1381 2114 1434 τὰ
2171 1377 2371 1451 μεταξὺ
2401 1374 2585 1431 αὐτῶν
2630 1368 2770 1429 εἶναι
2820 1370 3070 1441 σώματα.
3128 1367 3480 1420 Ἐναντίωσιν
3522 1366 3605 1438 γὰρ

2044 1472 2272 1526 ἕκαστον
2301 1468 2413 1539 ἔχει
2441 1466 2577 1538 πρὸς
2613 1464 2847 1519 ἕκαστον
2873 1461 2981 1515 τῶν
3015 1458 3303 1529 στοιχείων
3324 1474 3338 1487 ο
3362 1456 3604 1509 τούτωνᾶ

2046 1560 2416 1633 ὑπαρχόντων,
2448 1556 2700 1628 φανερὸν,
2739 1555 2823 1608 ὅτι
2867 1552 3084 1621 ἀνάγκη
3120 1551 3343 1619 γένεσιν
3386 1546 3517 1603 εἶναι
3542 1550 3606 1602 διὰ

2043 1656 2105 1707 τὸ
2139 1653 2303 1724 μηδὲν
2331 1646 2441 1704 οἷόν
2467 1651 2515 1702 τ’
2545 1648 2722 1702 αὐτῶν
2752 1642 2895 1701 εἶναι
2938 1645 3131 1699 ἀΐδιον.
3166 1643 3383 1713 Πάσχει
3408 1642 3510 1713 γὰρ
3538 1642 3605 1694 καὶ

2046 1747 2189 1799 ποιεῖ
2216 1744 2284 1797 τά
2316 1741 2533 1795 ἐναντία
2560 1740 2648 1792 ὑπ’
2670 1738 2933 1809 ἀλλήλων,
2956 1736 3053 1790 καὶ
3080 1735 3369 1807 φθαρτικὰ
3399 1734 3605 1805 ἀλλήλων

363 1836 511 1889 enim
568 1843 651 1891 est
705 1836 1133 1907 unumquodque
1176 1836 1474 1907 unicuique
1522 1838 1809 1892 elemento:

2156 1834 2220 1887 ἰν*
2259 1833 2454 1887 Ἐτιδὲ
2492 1832 2592 1885 οὐκ
2641 1831 2883 1900 εῦλογον,
2918 1825 3059 1883 εἷναί
3096 1846 3151 1881 τι
3196 1828 3422 1898 κινητὸν
3446 1827 3602 1887 ἀΐδιον,

366 1924 493 1979 Haec
546 1940 670 1979 cum
714 1927 786 1980 ita
820 1927 951 1991 sint,
981 1942 1208 1981 necesse
1236 1935 1319 1981 est
1347 1941 1469 1981 esse
1506 1928 1937 1997 generationem,

363 2017 492 2086 quia
521 2016 717 2071 horum
769 2018 902 2072 nihil
944 2025 1210 2073 internum
1246 2033 1370 2073 esse
1409 2026 1611 2089 potest.
1642 2016 1942 2087 ,Patiuntur

362 2108 507 2162 enim
539 2118 592 2163 et
623 2108 833 2164 faciunt
878 2110 983 2173 sibi
1022 2109 1253 2164 invicem
1286 2110 1585 2173 contraria,
1611 2125 1779 2180 seque
1803 2110 1943 2165 invi-

361 2214 479 2253 cem
512 2209 895 2272 corrumpunt.
930 2200 1137 2256 Deinde
1168 2215 1299 2256 vero
1326 2215 1434 2255 non
1458 2209 1541 2255 est
1570 2200 1770 2255 rationi
1802 2215 1941 2255 con-

363 2298 706 2356 sentaneum,
740 2299 799 2348 ut
823 2292 1023 2348 mobile
1061 2292 1342 2362 quidpiam
1373 2300 1637 2348 aeternum
1660 2293 1752 2357 sit,
1781 2292 1941 2363 cujus

362 2399 472 2437 non
500 2391 678 2453 potest
702 2392 941 2439 aeternus
970 2397 1094 2439 esse
1126 2382 1427 2439 secundum
1456 2392 1709 2438 naturam
1738 2391 1943 2440 motus.

363 2470 514 2529 Talis
566 2482 749 2529 autem
808 2474 1005 2528 horum
1051 2481 1231 2529 motus
1281 2483 1385 2529 est.
1416 2474 1495 2529 Ac
1538 2475 1944 2546 generationem

361 2564 583 2633 quidem
640 2565 1016 2622 necessariam
1038 2580 1183 2629 esse,
1210 2580 1278 2620 ex
1306 2565 1393 2621 his
1423 2566 1560 2621 satis
1594 2573 1761 2637 patet.
1787 2565 1946 2632 Quod

364 2652 412 2706 si
446 2655 881 2723 generationem,
905 2670 1134 2711 necesse
1155 2655 1318 2711 etiam
1350 2656 1456 2710 erit
1481 2656 1641 2710 aliam
1671 2671 1795 2712 esse
1818 2671 1943 2711 cor-

363 2744 696 2813 ruptionem,
722 2745 807 2799 vel
832 2760 1019 2811 unam,
1042 2747 1128 2801 vel
1158 2748 1363 2817 plures.
1382 2744 1518 2801 Nam
1551 2762 1651 2817 pro
1684 2762 1751 2802 eo
1780 2756 1945 2817 atque

363 2834 633 2904 integrum
652 2851 711 2890 se
742 2836 903 2891 habet
932 2852 1158 2908 corpus,
1195 2839 1566 2893 necessarium
1610 2846 1695 2894 est
1725 2855 1784 2894 se
1819 2853 1945 2893 cor-

2043 1918 2104 1977 οὖ
2137 1925 2212 1997 μὴ
2233 1924 2504 1995 ἐνδέχεται
2532 1923 2674 1977 κατά
2702 1921 2865 1993 φύσιν
2894 1917 3031 1975 εἶναι
3063 1920 3167 1993 τὴν
3201 1922 3422 1990 κίνησιν
3446 1920 3601 1972 diam.

2044 2016 2262 2070 Τούτων
2290 2015 2336 2068 δ’
2364 2015 2482 2068 ἔστι
2528 2015 2763 2085 κίνησις.
2807 2015 2934 2066 Ὅτι
2986 2013 3085 2083 μὲν
3120 2011 3308 2065 τοίνυν
3345 2012 3605 2080 ἀναγκάζειν

2043 2105 2180 2163 εῖναι
2210 2108 2443 2177 γένεσιν,
2478 2108 2543 2159 ἐκ
2569 2106 2774 2160 τούτων
2801 2104 2961 2176 δῆλον
2984 2121 2998 2135 ο
3030 2106 3080 2157 εί
3110 2104 3171 2156 δὲ
3198 2105 3439 2171 γένεσιν,
3470 2103 3605 2169 ἀναγ-

2044 2203 2197 2256 καῖον
2212 2198 2465 2253 εἶναικαὶ
2491 2199 2655 2269 ἀλλην
2672 2197 2900 2268 φθορὰν,
2930 2198 2964 2267 ἢ
2981 2198 3133 2268 μίαν,
3166 2197 3202 2268 ἢ
3226 2195 3468 2259 πλείους.
3481 2196 3606 2250 Κατὰ

2046 2293 2156 2364 γάρ
2182 2291 2280 2362 τὴν
2309 2292 2406 2347 τοῦ
2433 2291 2577 2354 ὅλου,
2608 2289 2873 2352 ὡσαύτως
2915 2289 3217 2356 ἀναγκαῖον
3248 2288 3397 2359 ἐχειν
3445 2288 3530 2339 καὶ
3556 2288 3607 2337 τὰ

2050 2387 2288 2454 στοιχεῖα
2314 2383 2422 2436 τῶν
2451 2382 2716 2453 σωμάτων
2738 2382 2879 2452 πρὸς
2907 2380 3133 2451 ἄλληλα.
3166 2380 3285 2433 Νῦν
3304 2380 3362 2433 δὲ
3389 2379 3609 2432 τοσοῦτόν

2048 2477 2165 2529 ἐστι
2191 2475 2348 2547 δῆλον
2366 2474 2456 2527 διά
2506 2473 2630 2527 τίνα
2682 2473 2864 2526 αἰτίαν
2899 2471 3070 2526 πλείω
3113 2470 3187 2525 τά
3230 2470 3498 2540 ἐγκύκλιά
3518 2473 3609 2522 ἐστι

2050 2566 2301 2639 σώματα,
2350 2566 2431 2619 ὅτι
2480 2564 2691 2635 ἀνάγκη
2718 2564 2944 2633 νγένεσιν
2972 2558 3140 2626 εἶναι,
3171 2561 3335 2635 εἴπερ
3369 2566 3465 2618 καὶ
3491 2564 3609 2634 πῦρ·

2044 2657 2203 2710 τοῦτο
2232 2657 2290 2710 δέ
2308 2658 2401 2710 καὶ⁷
2428 2656 2497 2709 τά
2526 2655 2679 2721 ἄλλα,
2700 2656 2860 2727 εῐπερ
2896 2656 2991 2709 καὶ⁵
3018 2655 3121 2726 τὴν
3152 2654 3259 2727 γῆν
3280 2673 3294 2686 ’
3327 2654 3525 2725 ταύτην
3550 2655 3612 2715 ἃ,

2045 2748 2129 2801 ὅτι
2166 2748 2378 2818 ἀνάγκη
2417 2749 2517 2818 μὲν
2551 2743 2688 2801 εἷναί
2719 2746 2761 2778 ¹⁹
2792 2763 2845 2799 τι
2878 2747 2985 2814 ἀεὶ,
3030 2747 3195 2817 εῐπερ
3235 2747 3333 2800 καὶ
3372 2745 3614 2800 κινείσθαὶ

2048 2855 2103 2891 τι
2129 2840 2236 2892 ἀεί.
2281 2858 2301 2891 ι

364 2940 558 2997 porum
608 2944 825 2999 quoque
878 2930 1148 2985 elementa
1193 2930 1334 2985 inter
1357 2946 1416 2986 se
1452 2930 1686 2986 invicem
1712 2931 1935 2986 habere.
1971 2929 2028 2985 In
2052 2932 2340 3002 presentia
2381 2931 2601 3002 quidem
2652 2939 2868 2987 tantum
2922 2931 3132 3002 liquet,
3173 2945 3341 3001 quam
3394 2931 3467 2985 ob
3501 2939 3613 2983 eau-

363 3031 483 3070 sam
536 3019 692 3088 plura
743 3020 855 3075 sint
896 3020 1134 3076 rotunda
1174 3037 1407 3092 corpora
1431 3066 1445 3089 ,
1493 3024 1621 3093 quia
1660 3024 2068 3094 generationem
2122 3040 2247 3081 esse
2296 3039 2521 3080 necesse
2565 3034 2682 3091 est;
2730 3025 3140 3096 generationem
3197 3030 3412 3088 autem,
3465 3022 3613 3092 siqui«

367 3109 490 3165 dem
520 3121 573 3166 et
606 3114 785 3183 ignem
822 3129 836 3165 :
868 3114 1018 3170 hunc
1046 3131 1178 3171 vero
1230 3124 1284 3171 et
1340 3117 1472 3181 alia,
1512 3118 1782 3187 siquidem
1838 3126 1894 3174 et
1944 3127 2146 3174 terram
2178 3138 2191 3174 :
2221 3120 2361 3174 hanc
2402 3134 2567 3191 porro
2624 3120 2751 3191 quia
2805 3118 3115 3175 consistere
3159 3114 3374 3189 aliquid
3420 3128 3609 3185 semper

363 3219 596 3261 necesse
622 3214 740 3275 est;
774 3208 1048 3279 siquidem
1077 3218 1133 3266 et
1180 3212 1385 3267 moveri
1415 3212 1623 3284 aliquid
1647 3228 1881 3284 semper.
1917 3231 1936 3267 ι

442 3318 498 3373 Si
528 3318 652 3373 cmli
682 3334 905 3391 corpus,
933 3322 1062 3393 quia
1114 3339 1217 3380 nec
1257 3326 1577 3396 gravitatem
1623 3342 1725 3383 nec
1755 3328 1888 3383 levit

2168 3328 2183 3379 ί
2209 3325 2298 3379 διά
2330 3326 2428 3397 μὲν
2450 3326 2513 3378 τὸ
2562 3325 2637 3396 μὴ
2673 3325 2819 3395 ἔχειν
2851 3324 3134 3397 βαρύτητα
3176 3324 3275 3378 καὶ
3326 3322 3613 3391 κουφότητι

359 3418 475 3465 tein
500 3412 685 3477 habet,
717 3428 918 3485 corpus
945 3424 1051 3480 est,
1068 3416 1215 3487 quod
1237 3418 1446 3472 circum
1471 3418 1711 3474 medium
1728 3435 1945 3491 semper

364 3502 623 3568 volvitur,
659 3512 833 3558 totum
865 3505 1055 3576 utique
1082 3522 1283 3577 corpus
1310 3510 1435 3564 caeli
1468 3510 1681 3566 circum
1702 3512 1943 3569 medium

365 3595 513 3650 volvi
544 3611 774 3651 necesse
802 3604 907 3652 est.
934 3597 1032 3652 Sin
1062 3599 1261 3653 caelum
1291 3600 1563 3670 ejusmodi
1578 3602 1801 3673 quidem
1826 3618 1945 3659 cor-

364 3702 469 3757 pus
494 3688 675 3753 habet,
732 3696 939 3744 motum
969 3698 1151 3746 autem
1183 3690 1454 3760 ejusmodi
1483 3708 1596 3748 non
1618 3693 1783 3750 habet
1813 3711 1827 3749 :
1857 3693 1944 3749 ni-

364 3779 566 3834 mirum
622 3788 820 3851 praater
877 3791 1131 3836 naturam
1177 3792 1445 3840 movetur.
1492 3784 1558 3840 Si
1587 3786 1712 3841 ειειί
1741 3800 1943 3857 corpus

360 3870 575 3924 circum
590 3871 829 3927 medium
849 3882 1121 3938 movetur,
1152 3890 1264 3929 non
1285 3881 1461 3930 totum
1483 3892 1614 3932 vero
1637 3877 1943 3934 secundum

366 3968 574 4016 motum
604 3963 880 4027 elementi,
910 3980 977 4020 ex
1011 3980 1121 4035 quo
1150 3979 1351 4036 corpus
1397 3982 1520 4023 esse
1572 3967 1796 4035 dicitur,
1846 3969 1943 4026 sed

364 4052 422 4106 in
437 4053 647 4120 urbem,
666 4054 992 4126 migratione
1021 4058 1125 4113 sibi
1144 4058 1529 4114 obsistentium
1559 4061 1791 4118 invicem
1816 4076 1943 4132 par-

367 4144 503 4197 tium
521 4163 533 4199 :
566 4147 843 4216 quomodo
860 4155 1042 4203 motus
1062 4148 1157 4218 qui
1174 4150 1230 4203 in
1247 4150 1436 4205 orbem
1454 4150 1535 4216 ﬁt,
1554 4152 1810 4207 elementi
1827 4168 1944 4209 mo-

365 4240 483 4287 tum
501 4248 849 4307 nonsuperat
864 4238 887 4292 ?
904 4238 1068 4309 Atqui
1092 4240 1421 4310 corporibus
1439 4257 1562 4312 quae
1575 4257 1640 4298 ex
1657 4244 1942 4300 elementis

2048 3421 2166 3474 ἐστὶ
2218 3419 2377 3491 σῶμα
2418 3419 2505 3472 ἀεὶ
2544 3417 2763 3488 κινητὸν
2804 3417 2934 3487 περὶ
2960 3415 3023 3468 τὸ
3054 3415 3226 3486 μέσον
3270 3413 3367 3468 τοῦ
3405 3411 3613 3485 ούρανοῦ

2047 3513 2241 3583 σῶμα·
2291 3512 2506 3582 ἀνάγκη
2548 3510 2658 3581 ἀρα
2697 3509 2819 3563 ὅλον
2847 3508 2910 3561 τὸ
2949 3508 3111 3579 σῶμα
3150 3507 3248 3561 τοῦ
3277 3508 3506 3578 ούρανοῦ
3541 3522 3614 3557 κι-

2045 3605 2255 3660 νεῖσθαι
2282 3604 2412 3676 περὶ
2438 3603 2499 3655 τὸ
2530 3603 2718 3673 μέσον
2749 3602 2801 3655 εί
2840 3602 2898 3656 δὲ
2927 3600 3088 3672 σῶμα
3118 3602 3220 3672 μὲν
3247 3600 3490 3653 τοιοῦτον
3520 3599 3613 3666 ἔχει

2044 3698 2075 3751 ὁ
2102 3697 2353 3769 οὐρανὸς,
2408 3695 2622 3765 κίνησιν
2675 3693 2733 3746 δὲ
2772 3693 3031 3764 τοιαύτην
3077 3693 3182 3746 οὐκ
3228 3692 3363 3763 ἔχει,
3392 3690 3612 3761 δηλονότι

2046 3789 2199 3859 παρά
2227 3788 2389 3857 φύσιν
2417 3788 2665 3841 κινεῖται.
2698 3785 2765 3838 Ei
2798 3786 2927 3857 περὶ
2954 3786 3015 3837 τὸ
3064 3785 3233 3855 μέσον
3275 3786 3504 3837 κινεῖται
3535 3778 3611 3831 τοῦ

2043 3878 2277 3950 οὐρανοῦ
2308 3878 2486 3949 σῶμα,
2515 3877 2613 3948 οὐχ
2631 3876 2751 3930 ὅλον
2769 3874 2829 3929 δὲ
2860 3876 3001 3930 κατά
3028 3875 3135 3946 τὴν
3159 3873 3333 3947 φοράν
3360 3871 3456 3927 τοῦ
3488 3886 3611 3923 m-

2045 3969 2192 4040 χείου
2227 3969 2289 4035 ἐξ
2314 3961 2376 4022 οὗ
2420 3966 2558 4023 εἷναι
2587 3968 2805 4037 λέγεται
2826 3968 2887 4021 τὸ
2916 3967 3099 4039 σῶμα,
3144 3966 3284 4021 ἀλλά
3326 3962 3614 4035 σφαιριὼ

2045 4062 2190 4116 κατά
2218 4060 2670 4132 ἀντιμετάστασιν
2706 4058 2819 4113 τῶν
2860 4060 3040 4131 μερῶν
3062 4076 3076 4089 ·
3111 4058 3233 4122 πῶς
3258 4059 3379 4128 οὐχὶ
3412 4059 3449 4128 ἡ
3480 4073 3614 4124 mt-

2048 4151 2178 4225 ρικὴ
2205 4151 2418 4222 κίνησις
2446 4152 2734 4222 ἐπικρατεῖ
2746 4149 2845 4221 τὴν
2864 4150 3129 4219 στοιχείου
3159 4148 3402 4220 κίνησιν;
3430 4148 3609 4200 Καίτοι

2045 4241 2295 4313 οὐδαμῶς
2324 4245 2438 4305 τοῖς
2483 4241 2549 4295 ἐκ
2600 4239 2710 4294 τῶν
2756 4239 3037 4310 στοιχείων
3073 4238 3320 4310 σώμασιν
3343 4240 3377 4307 ή
3413 4236 3609 4303 κίνησις

364 4335 643 4395 constant,
676 4338 859 4386 motus
894 4331 1329 4403 haudquaquam
1366 4334 1671 4389 secundum
1709 4336 1810 4391 lori

2162 4332 2265 4385 ἀτὸ
2294 4327 2428 4395 εἶδος
2447 4331 2559 4403 (45)
2602 4331 2856 4403 ὑπάρχει,
2899 4328 3038 4384 ἀλλά
3079 4329 3224 4384 κατά
3262 4327 3332 4381 τά
3370 4328 3608 4395 στοιχεῖα,

362 4426 470 4484 est,
510 4421 940 4487 sedsecundum
958 4424 1253 4489 elementa,
1281 4439 1347 4480 ex
1394 4426 1597 4496 quibus
1637 4436 1808 4483 const:

2159 4416 2232 4477 ὧν
2285 4425 2423 4476 είσι’
2484 4422 2603 4486 πῶς
2658 4418 2752 4476 οὖν
2793 4423 2858 4475 ἐκ
2903 4420 2999 4474 τοῦ
3046 4418 3282 4492 οὐρανοῦ
3313 4418 3555 4489 urbis-arto;
3580 4417 3605 4480 ἡ

363 4512 641 4579 quomodo
672 4512 837 4584 igitur
864 4529 894 4569 e
929 4514 1057 4570 αα)ιί
1092 4530 1325 4585 corpore
1354 4518 1615 4573 motionis
1638 4534 1809 4576 neces:

2163 4530 2257 4585 rx'q
2288 4515 2387 4585 τῆς
2415 4515 2683 4585 κινήσεως
2720 4512 3078 4583 ἐνήλλακταις
3116 4511 3337 4582 Σώματι
3367 4512 3502 4580 μήτε
3525 4507 3609 4577 βα-

363 4601 652 4657 immutata
680 4606 825 4660 est?
850 4604 1116 4676 Corpori,
1156 4607 1306 4677 quod
1351 4624 1459 4665 nec
1482 4611 1806 4681 gravitatem

2163 4622 2254 4677 ητα
2308 4604 2504 4675 ἔχοντι,
2561 4605 2700 4676 μήτε
2756 4604 3086 4675 κούφοτητα,
3143 4602 3430 4671 ἀναγκαῖόν
3476 4601 3609 4651 ἐστιν

361 4692 640 4749 levitatem
671 4694 855 4761 habet,
889 4712 1116 4754 necesse
1138 4706 1223 4754 est
1246 4700 1581 4757 immobilem
1618 4703 1795 4773 magis

2163 4715 2186 4751 ν
2217 4696 2404 4751 στάσιν
2445 4697 2700 4768 ἀκίνητον
2726 4694 2926 4767 μᾶλλον
2955 4695 2990 4767 ἢ
3037 4694 3254 4766 κίνησιν
3280 4693 3526 4746 ἄστατον.
3554 4689 3609 4741 Εἰ

363 4784 743 4853 stabilitatem,
788 4802 954 4857 quam
978 4796 1188 4843 motum
1228 4790 1563 4846 instabilem.
1594 4791 1732 4847 Nam
1759 4790 1809 4848 si

2188 4791 2324 4862 μήτε
2354 4788 2459 4843 ὑπὸ
2492 4788 2794 4861 βαρύτητός
2816 4788 2934 4841 ἐστι
2980 4786 3321 4858 κατωφερὲς,
3352 4787 3488 4856 μήτε
3515 4782 3607 4834 ὑπὸ

360 4876 601 4945 pondere
622 4877 879 4934 deorsum
899 4878 1093 4945 fertur,
1112 4895 1213 4936 nec
1230 4881 1450 4937 levitate
1471 4898 1717 4949 sursum,
1746 4892 1805 4938 ut

2157 4882 2377 4953 φότητος
2403 4881 2702 4953 ἀνωφερὲς,
2734 4879 2949 4949 ἀνάγκη
2983 4878 3170 4949 μένειν
3198 4879 3330 4932 αὐτὸ
3342 4875 3603 4944 ἀκίνητον.

360 4969 561 5024 mobile
583 4977 822 5036 maneat,
857 4986 1084 5028 necesse
1104 4983 1209 5029 est.
1237 4971 1297 5027 Si
1326 4988 1520 5030 saxum
1550 4975 1606 5030 in
1636 4976 1783 5048 globi

2165 4972 2531 5045 σχηματίζετο
2559 4971 2705 5035 λίθος
2736 4970 2815 5042 τῷ
2841 4971 2941 5042 τῆς
2962 4970 3205 5040 σφαίρας
3236 4970 3492 5040 σχήματι,
3526 4964 3605 5014 καὶ

358 5060 499 5115 ciem
528 5060 894 5133 eliingeretur,
921 5071 977 5120 et
1004 5065 1060 5119 in
1087 5079 1214 5121 aere
1232 5073 1548 5136 poneretur,
1583 5078 1643 5123 ut
1667 5069 1725 5123 in
1754 5068 1804 5123 lo

2156 5078 2254 5118 ιετο
2283 5066 2341 5117 ἐν
2368 5063 2447 5135 τῷ
2478 5064 2622 5136 ἀέρι,
2678 5061 2962 5132 ἐνεχθῆναι
3002 5058 3158 5114 κάτω
3186 5060 3265 5121 είς
3286 5057 3376 5128 τὴν
3422 5049 3602 5109 ἑαυτεῦ

357 5166 519 5208 suum
536 5153 794 5211 deorsum
819 5153 1083 5223 ferretur,
1100 5170 1213 5211 non
1241 5156 1375 5212 illud
1399 5158 1647 5230 profecto
1675 5159 1803 5216 deor

2158 5174 2250 5222 αν,
2273 5157 2375 5211 οὐκ
2412 5156 2479 5211 ἀν
2532 5156 2760 5227 ἐφέρετο
2804 5154 2954 5209 κάτω
2980 5152 3299 5223 κυλιόμενος
3320 5144 3604 5217 σφαιρικῶς

356 5243 415 5298 in
431 5246 640 5313 orbem,
659 5256 884 5318 prepter
900 5246 1135 5302 formam
1155 5249 1330 5319 ipsam
1361 5266 1482 5307 sese
1503 5251 1802 5308 volutando

2157 5251 2217 5305 τὸ
2260 5251 2465 5322 σχῆμα,
2507 5249 2645 5304 ἀλλά
2687 5251 2806 5304 κατ’
2842 5248 3057 5303 εὐθεῖαν
3090 5248 3313 5320 ἐφέρετο
3345 5241 3493 5295 κατὰ
3520 5240 3603 5308 τὴν

356 5344 527 5404 retur,
559 5339 656 5396 sed
710 5351 863 5397 recta
895 5356 996 5412 pro
1027 5342 1293 5412 gravitate
1325 5357 1446 5398 sua.
1477 5343 1763 5409 Quomodo

2155 5342 2234 5398 ιοῦ
2276 5341 2586 5414 βαρύτητα·
2642 5341 2762 5406 πῶς
2803 5341 2866 5395 τὸ
2913 5340 3168 5411 πέμπτον
3196 5337 3304 5410 (ﬂ)
3334 5334 3601 5404 στοιχεῖαῆ

428 5491 470 5522 ¹⁹
508 5492 639 5565 Leg.
678 5496 878 5563 μένειν.

2113 5609 2225 5690 (μ)
2248 5607 2384 5676 Πῶς
2412 5608 2479 5664 τὸ
2506 5608 2796 5679 πέμπτον.
2825 5607 3026 5663 Deesse
3060 5601 3155 5662 οὖν
3184 5599 3467 5660 admonuit
3494 5595 3599 5662 Svl~

424 5609 535 5679 (ιὲ)
569 5610 679 5664 Καὶ
703 5610 1012 5679 ἔκστασις.
1048 5613 1189 5668 Haec
1211 5620 1402 5668 mutuo
1432 5619 1651 5682 sumpta
1679 5612 1748 5666 ab
1807 5611 1870 5667 At

424 5680 547 5752 itele
578 5680 784 5752 addidit
815 5680 1158 5752 Sylburgius.
1525 5747 1547 5752 λ

842 5627 1012 5679 τασις.
1048 5613 1189 5668 Haec
1211 5620 1402 5668 mutuo
1432 5619 1651 5682 sumpta
1679 5612 1748 5666 ab
1807 5611 1930 5667 Ari-
2113 5609 2225 5679 (M)
2248 5611 2288 5662 Ii

842 5682 1158 5752 iylburgius.
1525 5747 1547 5752 Α
2040 5679 2288 5752 burgius.

356 5680 547 5753 stotele
578 5680 784 5753 addidit
812 5680 1158 5753 Sylburgius.

429 5748 540 5817 αὖ)
571 5750 825 5823 Κατὰοτὸ
847 5747 1191 5824 ἐῑΰοςξιζες.
1219 5769 1258 5819 ι,
1292 5754 1384 5805 καὶ
1413 5753 1475 5806 τὸ
1499 5747 1652 5817 εἶδος.
