3690 6512
36 365 209 423 {SS9

772 374 1214 434 CONFUTAT‘IO
1252 378 1696 446 QUORUMDAM
1737 384 2201 447 ARISTOTELIS
2239 392 2653 459 DOGMATUM.

3211 419 3354 476 £550

44 483 90 547 ξ
132 481 217 537 οὗ
256 486 416 538 ἐστὶν
443 489 472 540 6
512 488 761 559 οὐρανὸς,
794 490 857 544 τὸ
888 494 1132 561 πεφυκὸς
1162 497 1289 568 περὶ
1320 497 1381 549 τὸ
1407 498 1501 568 μέο

1895 511 2053 572 itum,
2092 523 2159 563 ex
2206 526 2317 581 quo
2345 515 2545 570 caelum
2574 525 2681 583 est,
2704 518 3056 596 elementum,
3094 533 3240 600 quod
3280 535 3352 591 ita

36 575 289 630 κεῖσθαι
333 576 426 630 διά
464 579 524 631 τὸ
557 579 633 651 μὴ
678 579 823 651 ἔχειν
871 582 1150 655 βαρύτητα
1181 585 1216 656 ἢ
1249 588 1580 659 κουφότητα,
1604 591 1667 644 οὐ

35 668 208 721 tat-ed
245 671 356 743 τὴν
396 672 603 725 οἰκείαν
626 672 786 742 φύσιν
816 674 939 728 ὅλον
968 676 1066 730 σὺν
1098 680 1211 741 τοῖς
1248 679 1444 732 ἑαυτοῦ
1471 680 1666 754 μέρεσι

35 757 306 829 εέρεται
354 764 481 833 περὶ
520 764 580 816 τὸ
605 764 793 835 μέσον,
823 766 960 820 ἀλλὰ
991 769 1298 839 σφαιρικῶς
1328 771 1471 825 κατά
1518 772 1666 826 ἀντι-

35 854 415 907 ιετάστασιν
439 855 549 908 τῶν
571 857 754 927 μερῶν
787 861 1038 924 κινεῖται,
1054 859 1153 932 τὴν
1185 861 1419 933 κίνησιν,
1451 865 1552 918 οὐκ
1571 862 1663 919 οὗ·

35 958 154 997 ταν
190 945 310 1015 τῆς
351 946 446 999 τοῦ
486 948 752 1019 στοιχείου
801 949 1036 1018 φύσεως,
1066 944 1202 1006 ἀλλά
1242 953 1337 1007 τοῦ
1372 960 1661 1030 σφαιρικοῦ

35 1036 157 1105 Γχή
169 1054 397 1107 ματος;
428 1040 492 1092 El
524 1039 648 1093 οὔτε
682 1042 835 1113 παρά
866 1042 1049 1112 φύσιν,
1084 1045 1207 1100 οὔτε
1229 1050 1502 1120 περιττὸν,
1536 1052 1659 1108 οὔτε

35 1126 248 1199 uim-tv
271 1130 427 1183 ἐστὶν
460 1132 518 1184 ὲν
536 1134 651 1195 τοῖς
675 1132 886 1199 ἀϊδίοις,
922 1136 1040 1201 πῶς
1069 1139 1169 1192 οὐκ
1200 1138 1346 1195 ἔστιν
1377 1144 1405 1195 6
1435 1143 1661 1216 οὐρανὸς

35 1219 218 1290 ταρὰ
273 1220 443 1289 φύσιν
489 1224 829 1295 κινούμενος,
879 1229 974 1281 καὶ
1022 1230 1200 1300 μάτην
1234 1230 1347 1302 ἔχει
1393 1234 1489 1288 τοῦ
1517 1252 1660 1290 στοι-

35 1328 93 1379 ίε
107 1311 207 1366 Eoo
265 1314 371 1385 τὴν
414 1313 596 1383 φύσιν,
639 1317 763 1371 καθ’
796 1320 861 1391 ἢν
892 1320 953 1373 οὐ
973 1325 1223 1387 κινεῖται,
1264 1325 1359 1378 καὶ
1388 1328 1659 1397 περιττῶς

35 1403 160 1456 Βπὺ
195 1405 300 1458 τοῦ
349 1404 577 1477 πρώτως
616 1408 891 1475 κινοῦντος
932 1412 1007 1483 μὴ
1047 1415 1367 1487 κινουμένου
1427 1422 1656 1474 κινεῖται

35 1494 303 1566 (ξνησιν,
349 1498 414 1568 ἢν
444 1501 538 1553 καὶ
592 1504 762 1574 χωρὶς
808 1505 1017 1560 ἐκείνου
1061 1507 1291 1578 ἠδύνατο
1329 1511 1652 1582 κινηθῆναι;

36 1584 99 1635 Et
143 1585 229 1657 μὴ
272 1586 340 1639 τὸ
371 1590 614 1662 ἠρεμοῦν
644 1594 839 1665 ἠρέμει
872 1596 961 1649 ἀεὶ
998 1597 1093 1651 ἐπὶ
1118 1598 1213 1652 τοῦ
1250 1600 1438 1670 μέσου,
1459 1603 1559 1657 οὐκ
1587 1603 1653 1657 ἂν

35 1676 97 1728 τὸ
130 1679 467 1749 κινούμενον
500 1682 591 1736 ἀεὶ
630 1685 762 1756 περὶ
794 1686 856 1740 τὸ
897 1689 1061 1759 μέσον
1090 1692 1321 1747 ἐκινεῖτο
1341 1711 1354 1724 ·
1390 1695 1510 1759 πῶς
1550 1697 1651 1750 οὐκ

35 1767 170 1821 ἔστι
238 1770 354 1841 (45)
408 1771 602 1841 ψευδὲς
647 1777 709 1830 τὸ
754 1777 846 1832 τὸν
902 1782 1130 1852 οὐρανὸν
1161 1786 1427 1840 κινεῖσθαι
1456 1788 1544 1841 ἀεὶ⁵
1579 1792 1646 1861 τῇ

1769 601 1967 648 natura
2002 609 2379 670 comparatum
2400 613 2509 673 est,
2558 618 2620 664 ut
2651 610 2863 668 circum
2896 618 3136 676 medium
3165 626 3354 682 volva-

1767 690 1880 750 tur,
1909 688 2039 758 quia
2089 706 2191 747 nec
2219 695 2543 764 gravitatem
2577 699 2743 757 habet
2774 720 2877 760 nec
2905 707 3208 780 levitatem,
3241 734 3352 774 non

1765 779 1940 831 totum
1993 781 2297 837 secundum
2352 789 2629 859 propriam
2670 799 2925 851 naturam
2952 812 3077 854 cum
3102 779 3351 872 partibus

1764 866 1883 923 suis
1908 868 2116 925 circum
2137 873 2380 932 medium
2404 876 2600 945 fertur,
2631 882 2727 938 sed
2755 884 2811 939 in
2845 876 3032 945 orbem
3045 866 3348 953 secundum

1763 958 2142 1028 migrationem
2192 967 2434 1035 partium
2491 972 2596 1027 sibi
2646 975 3037 1036 obsistentium
3074 998 3345 1057 movetur,

1761 1050 1856 1120 qui
1887 1060 2071 1108 motus
2100 1069 2210 1110 non
2243 1066 2454 1115 natura:
2474 1063 2869 1149 elementarite,
2897 1073 2993 1128 sed
3011 1074 3201 1133 formae
3228 1050 3349 1150 glo;

1761 1141 1910 1199 bosae
1937 1144 2046 1200 sit?
2069 1145 2127 1201 Si
2148 1148 2206 1202 in
2236 1152 2400 1209 rebus
2425 1158 2646 1213 aeternis
2670 1160 2810 1216 nihil
2837 1146 2932 1220 aut
2955 1180 3156 1239 praeter
3183 1141 3346 1231 natu-

1760 1248 1898 1301 ram,
1932 1244 2028 1291 aut
2067 1244 2426 1315 superﬂuum,
2453 1262 2549 1305 aut
2577 1253 2743 1309 etiam
2794 1255 3002 1315 frustra
3034 1271 3157 1332 est,
3203 1283 3343 1337 quo-

1757 1326 1922 1383 modo
1944 1331 2143 1387 caelum
2174 1351 2285 1391 non
2313 1348 2511 1409 praeter
2542 1351 2793 1403 naturam
2824 1360 3093 1420 movetur,
3125 1370 3180 1413 et
3229 1359 3344 1415 fru-

1753 1428 1866 1475 stra
1889 1435 1996 1477 non
2025 1422 2189 1481 habet
2212 1428 2470 1487 elementi
2519 1444 2797 1506 naturam,
2829 1448 3134 1503 secundum
3174 1467 3340 1521 quam

1754 1522 1864 1563 non
1926 1522 2197 1582 movetur,
2254 1527 2310 1575 et
2347 1537 2460 1578 non
2503 1540 2972 1609 supervacaneea
3020 1541 3199 1609 primo
3226 1560 3342 1600 mo-

1753 1604 1892 1668 tore,
1922 1604 2018 1673 qui
2042 1605 2159 1675 ipse
2177 1625 2290 1666 non
2320 1624 2591 1686 movetur,
2618 1619 2783 1693 577
2807 1626 2875 1681 ad
2902 1604 3107 1685 motum
3136 1633 3336 1700 cietur,

1752 1706 1864 1760 quo
1889 1696 2054 1751 etiam
2087 1702 2207 1757 sine
2234 1703 2356 1774 ipso
2378 1711 2587 1766 moveri
2618 1718 2842 1783 potest?
2871 1717 2929 1774 Si
2963 1737 3073 1777 non
3105 1724 3160 1779 id
3185 1696 3337 1797 quod

1752 1787 2009 1854 quiescit,
2042 1806 2264 1864 semper
2292 1798 2349 1853 in
2374 1802 2556 1859 medio
2578 1807 2929 1880 quiesceret,
2962 1830 3073 1870 non
3100 1818 3155 1873 id
3188 1787 3336 1877 certe

35 1859 259 1913 ἑαυτοῦ
320 1862 516 1931 φύσει;
561 1867 626 1921 Εί
674 1868 749 1940 μὴ
798 1871 903 1943 τὴν
950 1873 1109 1942 φύσιν
1140 1876 1235 1928 καὶ
1278 1876 1377 1948 τὴν
1410 1877 1492 1931 θέο

2165 1855 2183 1864 _
2584 1855 2888 1875 rm--."
2914 1856 2929 1880 ,
2962 1855 3073 1870 ..νη
3101 1855 3155 1873 ,υ
3188 1855 3332 1877 eum.

1875 1880 1897 1934 l
1928 1895 2197 1955 movetur,
2228 1904 2445 1962 semper
2466 1895 2676 1954 circum
2719 1902 2962 1959 medium
3000 1918 3332 1967 moveretur.

35 1949 167 2019 ἔχει
203 1952 367 2023 ἔσχεν
399 1958 431 2026 ἡ
466 1957 560 2027 γῆ,
594 1959 856 2041 ὡσαύτως
870 1964 928 2017 δὲ
948 1967 1042 2019 καὶ
1065 1968 1093 2019 6
1120 1967 1351 2038 οὐρανὸς
1381 1970 1429 2021 εί
1457 1969 1531 2041 μὴ
1551 1949 1649 2041 τὴν

36 2042 116 2109 ῖιῦ
130 2061 221 2095 σιν
252 2046 351 2097 καὶ
381 2046 480 2117 τὴν
508 2040 659 2104 θέσιν
689 2052 757 2123 ἣν
804 2052 916 2124 ἔχει
944 2054 1120 2126 ἔσχεν,
1150 2058 1249 2111 οὐκ
1283 2058 1350 2112 ἂν
1375 2058 1437 2112 τὸ
1469 2040 1650 2114 κινου-

36 2151 220 2199 αενον
247 2137 501 2203 ἐκινεῖτο,
534 2140 647 2195 οὔτ’
676 2143 743 2197 ἂν
764 2144 824 2197 τὸ
856 2147 1098 2217 ἠρεμοῦν
1139 2148 1336 2219 ἠρέμει
1354 2165 1368 2180 ο
1404 2151 1523 2214 πῶς
1552 2148 1646 2205 οὖν

35 2226 202 2281 ἰῒδια
235 2228 412 2283 ταῦτα
446 2232 540 2285 καὶ
571 2233 833 2307 ἀγένητα,
866 2231 942 2291 ὧν
967 2238 1030 2291 τὸ
1060 2239 1113 2291 τὶ
1133 2235 1293 2304 εἶναι,
1315 2241 1409 2294 καὶ
1439 2241 1501 2295 τὸ
1529 2242 1647 2308 πῶς

35 2315 193 2371 εἶναί
228 2321 379 2373 ἐστιν
424 2324 685 2396 ἑκατέρου
726 2327 814 2381 διὰ
861 2329 1119 2402 Θάτερον*
1164 2333 1303 2405 ὅπερ
1338 2335 1485 2388 ἐστὶν
1515 2335 1645 2391 ῐδιον

35 2410 159 2462 τῶν
192 2412 473 2483 γενητῶν;
510 2416 573 2469 El
606 2418 664 2470 ὲν
692 2421 805 2482 τοῖς
847 2420 1039 2485 ἀϊδίοις
1061 2421 1184 2476 οὔτε
1212 2423 1353 2477 κατὰ
1387 2426 1644 2498 πρόνοιάν

35 2503 168 2556 tot!
200 2521 276 2566 τι,
311 2503 435 2558 οὔτε
460 2507 521 2559 τὸ
569 2508 875 2579 αὐτόματον
928 2512 1016 2583 (τὰ
1045 2513 1155 2586 γὰρ
1199 2514 1343 2569 κατὰ
1384 2518 1643 2589 πρόνοιαν

35 2594 287 2668 δεῦτιεμ
302 2597 403 2668 τῆς
437 2600 690 2671 προνοίας
712 2618 727 2632 °
765 2603 936 2657 καὶτὸ
966 2609 1085 2659 κατ’
1108 2607 1459 2681 αὐτόματονῆ
1491 2613 1641 2684 παρὰ

35 2686 217 2754 φύσιν
247 2689 280 2760 ἢ
304 2690 682 2762 συμϐεϐηκὸς,
717 2694 775 2747 ὲν
804 2698 917 2759 τοῖς
936 2698 1080 2752 κατά
1112 2701 1431 2773 προαίρεσιν
1460 2722 1642 2774 γιγνο-

36 2778 240 2846 μένοις
272 2780 453 2836 ὲστίνδ
478 2781 615 2837 ἀλλά
636 2784 698 2836 τὸ
730 2784 829 2855 μὲν
861 2786 1014 2858 παρά
1042 2788 1205 2857 φύσιν
1234 2791 1484 2865 δεύτερόν
1520 2798 1637 2851 ἐστι

36 2869 143 2922 τοῦ
179 2871 321 2924 κατά
382 2873 577 2943 φύσιν·
626 2876 769 2932 κατά
797 2878 907 2951 γάρ
947 2881 1045 2952 τὴν
1076 2884 1349 2956 ἐκτροπὴν
1379 2886 1475 2941 τοῦ
1496 2891 1637 2946 κατὰ

36 2959 215 3027 φύσιν
256 2964 463 3031 γίνεται
494 2966 556 3019 τὸ
589 2968 743 3039 παρὰ
787 2970 948 3040 φύσιν
968 2988 985 3002 ⁸
1020 2975 1115 3027 καὶ
1148 2976 1211 3029 τὸ
1236 2979 1534 3048 συμϐαῖνον
1576 2985 1636 3039 ὲν

36 3054 162 3114 τοῖς
191 3054 331 3108 κατὰ
365 3058 685 3129 προαίρεσιν
722 3064 1029 3134 γινομένοις
1073 3068 1328 3146 δεύτερόν
1379 3077 1495 3131 ἐστι
1535 3079 1636 3150 τῆς

39 3147 473 3219 πρεαιρέσεως)’
506 3149 649 3212 πῶς
674 3151 909 3225 ὑπάρχει
941 3156 1053 3227 (ιθ)
1102 3160 1160 3213 ὲν
1186 3165 1301 3228 τοῖς
1344 3166 1537 3231 ἀϊδίοις
1568 3147 1631 3222 τὸ

39 3231 191 3290 εἶναι
214 3238 329 3291 τόδε
358 3240 445 3294 διὰ
472 3241 533 3295 τὸ
579 3237 719 3295 εἶναι
758 3244 886 3299 ἄλλο
917 3250 1037 3306 τόδε
1073 3268 1161 3318 τις
1193 3248 1323 3319 οἷον,
1372 3259 1557 3332 ἐπειδὴ
1601 3263 1629 3314 6

40 3326 277 3398 οὐρανός
327 3332 500 3398 ἐστιν,
545 3334 847 3404 ἀναγκαῖον
874 3333 1014 3392 εἷναι
1050 3342 1147 3399 καὶ
1179 3343 1278 3413 τὴν
1310 3346 1414 3416 γῆν
1437 3362 1455 3378 ν
1489 3326 1627 3403 είγδὲ

39 3420 142 3490 γῆ,
205 3421 297 3472 καὶ
344 3424 574 3494 οὐρανός
634 3429 772 3480 ἐστι.
807 3430 880 3482 Τὸ
908 3430 966 3484 δὲ
988 3432 1245 3502 προνοίας
1265 3435 1413 3490 ἐστὶν
1441 3437 1623 3509 ἔργον,

38 3511 147 3581 τῆς
193 3511 308 3564 τόδε
364 3515 428 3567 τὸ
486 3518 596 3571 πᾶν
653 3520 718 3573 ὲκ
760 3520 1034 3594 διαφόρων
1070 3525 1191 3577 κατ’
1219 3527 1410 3581 οὐσίαν
1432 3547 1494 3582 τε
1533 3534 1625 3586 καὶ

45 3605 237 3673 χρείαν
267 3606 446 3679 μερῶν
462 3611 784 3683 ποιησάσης.
811 3614 881 3665 Ἢ
902 3615 1011 3685 ἄρα
1029 3616 1129 3669 οὐκ
1150 3618 1296 3670 ἀῖδια
1317 3620 1347 3673 δ
1365 3637 1425 3674 τε
1456 3623 1516 3674 οὐ
1526 3640 1623 3693 ρα-

44 3697 139 3759 νὸς
174 3698 263 3750 καὶ
291 3701 321 3769 ἡ
345 3700 437 3770 γῆ,
487 3702 581 3754 καὶ
611 3701 680 3755 τά
714 3707 772 3756 ὲν
812 3706 997 3770 αὐτοῖς
1037 3709 1243 3775 πάντα,
1272 3711 1343 3764 τὰ
1382 3714 1521 3784 πρὸς
1558 3717 1623 3769 τὸ

46 3786 187 3842 εἷναί
210 3807 266 3843 τε
288 3794 378 3845 καὶ
397 3796 567 3846 ποιεῖν
588 3797 682 3849 καὶ
701 3798 932 3869 πάσχειν
953 3800 1204 3871 ἀλλήλοις
1232 3804 1586 3861 συντελοῦντα
1603 3825 1617 3837 ·

44 3883 82 3950 ἢ
119 3885 166 3935 εἰ
190 3883 346 3949 ἀΐδια,
377 3886 478 3939 οὐκ
510 3887 722 3959 ἀνάγκη
756 3890 873 3943 τόδε
904 3891 1022 3944 τόδε
1073 3889 1233 3959 εἶναι,
1279 3896 1467 3968 ἐπειδὴ
1501 3898 1620 3953 τόδε

43 3975 165 4027 τόδε
195 3976 356 4030 ἐστίν.
381 3979 525 4031 Μίαν
558 3982 728 4034 ἀΐδιον
760 3982 1005 4054 ἀνάγκην
1036 3985 1370 4057 ὑποθέμενος
1398 3992 1428 4042 6
1471 3990 1618 4063 Ἀρι-

50 4067 317 4138 στατέλης,
340 4070 542 4135 πολλὰς
574 4072 741 4136 άλλας
771 4075 979 4139 ἀϊδίους
998 4077 1243 4147 ἀνάγκας
1274 4082 1339 4134 ἐκ
1357 4080 1459 4151 τῆς
1488 4083 1622 4134 ὐπο-

45 4159 289 4231 τεθείσης
326 4162 639 4236 ἐξήρτησεν.
702 4167 963 4239 Ἀνάγκη,
1005 4172 1190 4242 φησὶν,
1233 4168 1371 4226 εἶναι
1403 4173 1617 4244 κίνησιν

48 4242 213 4303 ἀίδιον
234 4268 247 4280 ·
282 4255 326 4305 εί
348 4252 404 4306 δὲ
437 4256 671 4327 κίνησις,
692 4258 906 4331 ἀνάγκη
924 4257 1061 4315 εῖναι
1084 4264 1178 4316 καὶ
1198 4264 1388 4335 χρόνον
1407 4242 1578 4319 ἀΐδιον
1597 4283 1611 4297 ⁸

48 4339 272 4410 ἀριθμὸς
298 4344 406 4416 γάρ
440 4349 711 4417 κινήσεως
740 4352 769 4403 6
802 4352 1013 4423 χρόνος.
1040 4355 1103 4406 El
1124 4354 1181 4407 δὲ
1211 4355 1379 4420 ἀΐδιος
1408 4356 1615 4430 ήκίνη-

51 4447 150 4497 σις,
184 4434 386 4505 ἀνάγκη
407 4438 577 4511 ταύτῃ
609 4438 750 4494 εἶναι
784 4444 1005 4514 συνεχῆ.
1041 4446 1103 4497 El
1131 4445 1191 4498 δὲ
1218 4447 1499 4519 συνεχὴςή
1530 4450 1613 4503 κί-

1749 1969 1853 2036 Qul
1881 1988 2011 2043 ergo
2041 1976 2240 2036 falsum
2270 1999 2381 2039 non
2402 1995 2509 2056 est,
2538 1991 2738 2048 cmlum
2764 2003 2958 2051 natura
2990 2015 3089 2055 sua
3117 2018 3336 2074 semper

1748 2068 1996 2122 moveri?
2018 2068 2136 2127 Nisi
2186 2090 2307 2130 eam
2351 2085 2498 2135 terra
2544 2093 2797 2141 naturam
2827 2096 2882 2145 et
2909 2091 3077 2147 situm
3108 2068 3334 2154 habe—ret

1746 2171 1908 2226 quem
1931 2160 2137 2232 habet,
2167 2165 2423 2225 similiter
2451 2181 2633 2229 autem
2659 2178 2883 2246 coelum,
2916 2184 3023 2240 nisi
3051 2201 3175 2242 eam
3224 2205 3332 2243 na.

1744 2257 1925 2306 turam
1950 2263 2006 2310 et
2031 2256 2197 2312 situm
2234 2260 2458 2321 haberet
2483 2281 2646 2336 quem
2686 2269 2848 2329 habet
2879 2292 2894 2328 :
2927 2292 3041 2332 non
3084 2279 3139 2334 id
3181 2285 3329 2353 quod

1743 2352 2017 2410 movetur,
2044 2360 2360 2408 moveretur
2388 2374 2401 2410 :
2428 2373 2609 2430 neque
2631 2362 2685 2416 id
2713 2365 2861 2433 quod
2887 2370 3145 2437 quiescit,
3175 2352 3329 2444 quie-

1741 2446 1942 2494 sceret.
1967 2438 2254 2505 Quomodo
2277 2462 2407 2520 ergo
2427 2461 2630 2513 alterna
2660 2456 2775 2513 haec
2802 2468 2859 2516 et
2880 2461 3122 2534 ingenita
3144 2506 3160 2528 ,
3186 2438 3324 2538 quo-

1740 2543 1862 2583 rum
1916 2540 2213 2607 utrumque
2268 2550 2497 2613 propter
2526 2547 2987 2623 alterumhabet,
3025 2565 3087 2612 ut
3118 2560 3325 2632 aliquid

1736 2621 1830 2685 sit,
1854 2630 1911 2678 et
1952 2624 2028 2679 ita
2081 2628 2185 2697 sit;
2238 2634 2383 2701 quod
2415 2637 2636 2706 quidem
2686 2621 2978 2715 proprium
2993 2658 3079 2705 est
3106 2621 3321 2717 eorum,

1734 2727 1859 2782 quae
1894 2718 2074 2787 genita
2103 2729 2254 2779 sunt.
2282 2722 2340 2781 Si
2374 2728 2431 2782 in
2476 2732 2642 2789 rebus
2667 2739 2889 2796 azternis
2917 2756 3095 2813 neque
3124 2760 3324 2801 secun-

1736 2802 1868 2859 dum
1920 2811 2342 2883 providentiam,
2390 2836 2570 2892 neque.
2610 2825 2841 2884 fortuito
2883 2802 3183 2906 quidquam
3205 2846 3320 2903 est,

1736 2898 1887 2965 (nam
1915 2916 2037 2971 quas
2065 2909 2366 2965 secundum
2397 2917 2821 2988 providentiam,
2853 2898 3160 2994 posteriora
3190 2941 3322 2986 sunt

1733 2991 2100 3058 providentia.
2133 2997 2266 3065 Quae
2314 3010 2496 3061 autem
2528 3007 2789 3081 fortuito,
2814 2991 2911 3083 ,νει
2939 3028 3137 3088 ριἐιιει*
3164 3029 3319 3078 natu-

1733 3092 1849 3134 ram
1874 3094 2022 3149 sunt,
2051 3089 2137 3144 vel
2165 3106 2262 3160 per
2286 3096 2544 3153 accidens
2574 3100 2631 3155 in
2676 3103 2744 3159 iis
2772 3120 2895 3175 qua:
2943 3108 3111 3166 libere
3156 3111 3315 3169 ﬁunt.

1656 3202 1699 3259 ο
1731 3170 1802 3224 At
1833 3173 1889 3228 id
1927 3179 2075 3245 quod
2129 3191 2331 3251 praeter
2356 3199 2634 3259 naturam,
2666 3170 2943 3264 posterius
2965 3209 3050 3258 est
3076 3218 3144 3258 eo
3168 3207 3316 3275 quod

1731 3267 2035 3324 secundum
2065 3282 2341 3334 naturam.
2376 3279 2462 3337 Fit
2489 3285 2634 3339 enim
2658 3289 2803 3357 quod
2834 3303 3033 3360 praeter
3060 3267 3312 3353 natu-ram

1724 3366 1812 3411 est
1830 3359 2178 3421 aberratione
2204 3368 2274 3423 ab
2294 3385 2362 3425 eo
2392 3376 2539 3443 quod
2594 3359 2896 3437 secundum
2936 3393 3214 3444 naturam.
3249 3389 3312 3443 Et

1725 3449 1876 3517 quod
1933 3454 2139 3510 accidit
2164 3458 2219 3512 in
2252 3458 2344 3527 iis,
2369 3479 2492 3534 quae
2524 3467 2695 3526 libere
2736 3473 2893 3539 ﬁunt,
2921 3480 3199 3546 posterius
3226 3492 3313 3537 est

1727 3539 1903 3599 libero
1918 3547 2153 3605 arbitrio
2181 3552 2200 3622 )
2234 3559 2512 3622 quomodo
2551 3576 2681 3632 ergo
2713 3567 2880 3623 rebus
2902 3539 3126 3628 aeternis
3174 3588 3308 3628 con-

1724 3644 1885 3704 gruat
1926 3638 2136 3697 idcirco
2178 3655 2389 3700 certum
2443 3651 2574 3719 quid
2627 3668 2773 3718 esse,
2828 3661 2957 3728 quia
2996 3663 3146 3717 aliud
3183 3680 3305 3721 cer-

1724 3732 1840 3781 tum
1882 3729 2015 3798 quid
2071 3733 2200 3787 est?
2257 3733 2458 3803 Veluti,
2509 3740 2639 3811 quia
2676 3746 2877 3801 coelum
2916 3757 3025 3815 est,
3078 3768 3305 3811 necesse

1721 3826 1809 3873 est
1856 3829 1911 3875 et
1960 3828 2165 3878 terram
2204 3841 2330 3883 esse
2370 3840 2385 3881 :
2443 3832 2491 3886 si
2526 3842 2670 3888 terra
2717 3844 2823 3903 est,
2881 3840 3047 3897 etiam
3091 3853 3146 3900 et
3192 3862 3302 3904 cm-

1722 3908 1856 3963 lum.
1908 3910 1966 3965 ld
2023 3922 2207 3970 autem
2246 3915 2609 3979 Providentiae
2664 3941 2805 3997 opus
2855 3938 2961 3997 est,
3006 3949 3128 4003 quae
3161 3937 3303 3993 hanc

1720 3999 2131 4060 universitatem
2208 4023 2277 4064 ex
2355 4010 2592 4071 diversis
2662 4021 2967 4078 secundum
3044 4028 3299 4085 substan-
3398 4062 3417 4071 -

1718 4096 1851 4149 tiam
1890 4104 1946 4151 et
1970 4113 2129 4154 usum
2170 4103 2419 4171 partibus
2441 4108 2746 4166 constituit.
2783 4111 2879 4168 Vel
2908 4131 3040 4187 ergo
3077 4120 3300 4179 minime

1716 4194 1925 4242 aeterna
1971 4191 2170 4245 caelum
2217 4201 2274 4249 et
2310 4204 2459 4251 terra
2492 4208 2547 4253 et
2570 4217 2692 4269 qua:
2733 4203 2791 4258 in
2832 4206 2913 4262 eis
2949 4210 3154 4273 omnia,
3177 4228 3299 4281 qua:

1717 4277 1824 4333 sibi
1854 4278 2087 4336 invicem
2138 4295 2194 4339 et
2250 4294 2311 4363 ut
2342 4289 2473 4354 sint,
2500 4298 2555 4344 et
2588 4299 2646 4346 ut
2670 4292 2873 4350 Faciant
2904 4313 2968 4352 ac
2991 4277 3290 4371 patiantur,

1714 4369 2035 4441 adjumento
2085 4385 2248 4447 sunt;
2281 4382 2367 4435 vel
2405 4383 2453 4437 si
2490 4394 2694 4441 aeterna
2741 4399 2892 4458 sunt,
2934 4369 3043 4449 non
3068 4411 3296 4453 necesse

1715 4459 1820 4517 hoc
1850 4477 1973 4519 esse
2002 4476 2215 4522 certum
2262 4470 2415 4540 quid,
2451 4475 2579 4543 quia
2618 4476 2752 4531 illud
2783 4487 2868 4533 est
2896 4490 3108 4537 certum
3137 4486 3289 4554 quid.

49 4537 218 4593 νησις,
248 4526 453 4601 ἀνάγκη
490 4526 629 4587 εἶναι
677 4533 837 4603 σῶμα
866 4535 1072 4590 ἁπλοῦν
1101 4538 1252 4610 παρὰ
1278 4539 1345 4592 τά
1377 4544 1501 4595 ὲντα

1827 4571 1835 4607 ι
1857 4562 2062 4610 aeterna
2088 4526 2419 4616 necessitate
2446 4526 2754 4634 s‘upposita,
2780 4526 3284 4637 Aristoteles,:riul-

52 4615 285 4685 σώματα,
341 4622 477 4691 μήτε
512 4622 791 4696 βαρύτητα
822 4628 960 4697 μήτε
1010 4630 1319 4701 κουφότητα
1346 4632 1487 4703 ἔχον.
1526 4634 1606 4687 Τά

49 4704 153 4776 γὰρ
183 4706 344 4778 βαρέα
387 4712 481 4765 καὶ
527 4714 707 4784 κοῦφα
749 4715 996 4787 σώματα,
1035 4720 1223 4792 ἐπειδὴ
1245 4725 1367 4775 κατ’
1396 4724 1607 4778 εὐθεῖαν

52 4800 281 4862 κινεῖται,
314 4803 551 4873 συνεχῶς
586 4806 851 4861 κινεῖσθαι
892 4810 955 4862 οὑ
982 4809 1239 4865 δύναται·
1276 4814 1326 4865 εί
1358 4813 1417 4867 δὲ
1448 4832 1605 4868 συνε-

54 4888 153 4957 χώς
183 4895 418 4958 κινεῖται,
449 4896 665 4969 ἀνάγκη
684 4901 976 4972 σφαιρικὸν
1008 4903 1153 4974 ἔχειν
1183 4904 1368 4975 σχῆμα
1386 4922 1399 4935 ·
1431 4906 1605 4977 τούτῳ

50 4978 151 5050 γὰρ
179 4980 252 5051 τῷ
283 4985 515 5055 σχήματι
580 4987 851 5059 ἐνδέχεται
903 4992 1051 5062 μόνῳ
1079 4994 1179 5065 τὴν
1223 4994 1420 5065 συνεχῆ
1452 4996 1605 5064 γενέ-

54 5070 167 5123 σθαι
198 5074 412 5144 κίνησιν.
456 5078 518 5131 El
549 5078 605 5131 δὲ
638 5082 941 5152 σφαιρικῶς
970 5087 1218 5148 κινεῖται,
1261 5085 1472 5158 ἀνάγκη
1500 5088 1602 5157 τὴν

52 5161 147 5229 γῆν
168 5159 291 5216 εἶναι
315 5167 372 5218 ὲν
403 5167 482 5237 τῷ
515 5169 665 5240 μέσῳ
692 5172 779 5224 ἀεὶ
803 5172 1134 5244 ἠρεμοῦσαν,
1159 5178 1243 5230 ἵνα
1272 5179 1399 5249 περὶ
1430 5179 1599 5251 αὐτὴν

52 5252 248 5323 γίνηται
273 5255 367 5324 τῆς
391 5260 624 5330 σφαίρας
659 5263 692 5331 ἡ
738 5263 971 5333 κίνησις.
999 5266 1063 5319 Et
1110 5267 1165 5320 δὲ
1196 5269 1230 5338 ἡ
1254 5270 1357 5340 γῆ,
1382 5270 1597 5342 ἀνάγκη

53 5347 137 5399 καὶ
178 5346 241 5399 τά
283 5347 477 5417 μεταξὺ
519 5351 622 5420 γῆς
662 5369 724 5405 τε
769 5356 862 5407 καὶ
922 5358 1095 5428 πυρὸς
1143 5360 1408 5431 σώματα·
1457 5366 1507 5417 εί
1538 5365 1597 5418 δὲ

52 5437 223 5503 ταῦτα,
258 5441 463 5511 ἀνάγκη
504 5438 643 5496 εἶναι
687 5444 785 5516 τὴν
817 5447 1050 5515 γένεσιν,
1082 5451 1206 5503 ἐπεὶ
1262 5453 1320 5505 δὲ
1340 5456 1386 5486 ¹⁰
1419 5456 1595 5509 ταῦτα

116 5550 159 5582 ⁸⁸
186 5549 298 5620 Leg.
328 5554 532 5624 ἐπειδή,
562 5562 615 5609 ει
648 5570 773 5612 mox
804 5561 852 5610 εί
877 5559 934 5612 δὲ
964 5562 996 5630 ἡ
1027 5562 1257 5629 γένεσις.

117 5662 216 5731 (45)
252 5663 371 5742 litim
412 5668 537 5742 eo;
564 5668 903 5742 Equidem
941 5675 1011 5742 ob

56 5727 134 5783 οὖν
165 5727 245 5785 aut
271 5727 462 5794 aliouid
498 5739 673 5792 simile
707 5740 917 5798 deesse.

121 5802 217 5870 (46)
254 5806 362 5872 Πως
405 5805 673 5877 ὑπάρχει.
706 5806 979 5870 Immerito
1013 5814 1333 5891 Sylburgtus
1366 5825 1586 5897 scripsit

1708 4651 1795 4700 tas
1824 4646 1963 4702 alias
1986 4662 2054 4702 ex
2078 4664 2163 4716 ea,
2188 4666 2351 4720 quam
2386 4657 2695 4724 supposuit,
2727 4668 2962 4715 aeternas
2991 4665 3293 4720 necessita-

1709 4745 1790 4791 tes
1814 4740 2122 4809 suspendit.
2152 4739 2389 4799 Necesse
2409 4754 2514 4808 est,
2542 4747 2738 4817 inquit,
2755 4765 2878 4806 esse
2897 4760 3105 4808 motum
3132 4766 3289 4811 aeter-

1707 4841 1860 4882 num.
1895 4828 2052 4895 Quod
2090 4834 2138 4888 si
2165 4841 2397 4900 motum,
2426 4853 2654 4894 necesse
2682 4849 2770 4895 est
2814 4849 2871 4896 et
2919 4850 3137 4915 tempus
3165 4863 3290 4903 esse

1703 4924 2002 4989 aeternum;
2032 4925 2294 4983 motionis
2318 4929 2463 4984 enim
2485 4947 2751 4990 numerus
2773 4942 3008 5008 tempus.
3033 4938 3093 4994 Si
3128 4949 3287 4997 teter-

1705 5026 1812 5066 uus
1834 5021 2039 5079 motus,
2093 5033 2322 5076 necesse
2350 5029 2437 5077 est
2483 5033 2541 5078 ut
2576 5026 2876 5085 continuus
2904 5029 2994 5085 sit.
3019 5030 3074 5086 Si
3114 5036 3285 5087 conti-

1703 5119 1847 5161 nuus
1890 5115 2106 5175 motus,
2170 5126 2396 5169 necesse
2415 5124 2501 5170 est
2531 5132 2734 5189 corpus
2760 5135 2885 5175 esse
2924 5122 3178 5193 simplex,
3213 5124 3282 5177 ab

1702 5196 1790 5251 his
1839 5199 2166 5267 corporibus
2210 5203 2511 5270 diversum,
2540 5226 2641 5265 nec
2685 5212 3005 5282 gravitatem
3046 5214 3276 5279 habens,

1702 5300 1803 5340 nec
1836 5288 2133 5346 levitatem.
2185 5292 2385 5350 Gravia
2408 5300 2553 5353 enim
2584 5308 2638 5355 et
2680 5301 2820 5357 levia
2861 5318 3115 5374 corpora,
3147 5306 3277 5375 quia

1699 5386 1852 5434 recta
1896 5380 2183 5449 feruntur,
2215 5402 2327 5441 non
2376 5399 2610 5459 possunt
2654 5394 3005 5450 continenter
3044 5403 3273 5453 moveri.

1699 5470 1856 5537 Quod
1889 5473 1938 5528 si
1991 5475 2252 5533 continue
2285 5490 2554 5548 movetur,
2615 5499 2842 5541 necesse
2875 5494 2959 5543 est
2978 5490 3273 5545 rotundam

1015 5686 1197 5742 servat
1234 5677 1322 5734 hic
1371 5696 1589 5754 quoque
1694 5694 1810 5760 πῶς
1862 5695 1954 5782 οὖν
1997 5702 2257 5782 ρπάρχαει.
2313 5704 2472 5764 ΡευΙ(

1862 5695 1954 5782 οὖν
1997 5702 2257 5782 ῥπάρχηει.
2313 5704 2485 5764 Paulo
2523 5716 2648 5780 post
2692 5710 2980 5782 legendum
3021 5711 3270 5770 τοῦτοδὲ

1702 5772 1966 5838 προνοίας
1994 5772 2140 5847 ἐστὶν
2176 5775 2356 5845 ἔργον.
