3662 6502
43 426 55 475 l
67 421 156 475 555

696 420 919 477 (ῙΟΝΙῚ
934 422 1144 503 ΤΛΤΙΟ
1184 423 1597 490 QUORUMDM

1793 422 2129 479 STOTELIS
2172 422 2576 479 DOGMATUM.

3139 428 3276 482 155$

96 539 149 589 ΕΞ
175 537 265 587 τὸν
294 536 531 608 οὐρανὸν
560 539 590 608 ἡ
616 538 773 607 φύσις
820 541 1042 611 ἐποίησε
1088 541 1371 613 κινηθῆναι
1426 546 1505 606 εἰς
1538 544 1597 596 τὸ

1791 541 1829 595 Si
1860 552 2077 606 natura,
2106 559 2226 613 qua:
2244 560 2457 614 semper
2476 560 2541 599 ex
2564 542 2672 605 bis,
2705 558 2827 613 qum
2857 541 2971 598 ﬁeri
3000 544 3273 609 convenit,

38 628 346 699 ἔμπροσθεν,
386 629 480 681 καὶ
510 631 585 700 μὴ
614 632 692 693 εἰς
717 631 779 683 τὸ
806 631 999 695 ὀπίσω,
1022 634 1054 702 ἡ
1075 633 1161 685 ἀεὶ
1188 634 1295 687 τῶν
1313 634 1595 705 ὲνδεχομ.ἐ-·

38 739 126 773 νων
162 720 221 772 τὸ
267 720 543 790 βέλτιστον
581 722 905 793 ποιουμένη·
950 724 1068 787 πῶς
1104 726 1271 789 ἀΐδιος
1307 726 1336 776 6
1374 727 1598 797 οὐρανὸς

36 820 113 871 καὶ
140 819 169 888 ὴ
199 816 393 870 τούτου
425 817 586 889 φορὰ,
621 816 724 870 ὑπὸ
742 818 841 889 τῆς
863 818 1076 888 φύσεως
1094 820 1473 891 γεγενημένος,
1506 822 1598 874 καὶ

34 910 84 960 τὸ
109 909 198 979 τὴν
218 908 506 981 βελτίστην
538 909 821 981 κινηθῆναι
850 910 1061 982 κίνησιν
1091 910 1256 980 ἔχων;
1280 912 1342 964 El
1361 911 1457 981 τὴν
1486 911 1598 964 δια-

36 1000 185 1070 φορὰν
231 1002 300 1071 ἦν
334 1001 448 1071 ἔχει
494 1004 522 1054 6
551 1002 663 1055 ἄνω
702 1002 866 1065 τόπος
911 1002 1048 1073 πρὸς
1072 1002 1163 1055 τὸν
1193 1002 1362 1065 κάτω,
1393 1002 1597 1074 ταύτην

34 1095 128 1163 ἔχει
158 1094 189 1163 ἡ
220 1095 306 1155 είς
324 1094 387 1147 τὸ
416 1094 650 1164 πρόσθεν
666 1096 880 1166 κίνησις
909 1095 1044 1167 πρὸς
1063 1095 1161 1165 τὴν
1189 1097 1268 1158 είς
1287 1096 1347 1148 τὸ
1376 1095 1596 1149 δπισθεν

34 1188 225 1257 κίνησιν
254 1187 401 1240 κατά
438 1187 497 1239 τὸ
533 1188 855 1258 τιμιὼτερον
896 1189 990 1241 καὶ
1034 1186 1302 1259 θειότερον
1340 1189 1433 1241 καὶ
1481 1188 1598 1258 βέλ-

32 1295 219 1329 τιστον·
266 1279 389 1341 πῶς
428 1278 528 1331 οὐκ
566 1280 702 1331 εἰσιν
745 1280 983 1333 ἐναντίαι
1032 1280 1089 1331 αί
1128 1282 1372 1349 κινήσεις
1414 1274 1593 1345 αὗται,

32 1369 267 1422 τοσοῦτον
297 1370 543 1441 ἀλλήλων
562 1371 941 1440 διαφέρουσαι;
974 1372 1037 1424 El
1066 1369 1174 1423 τῶν
1195 1370 1378 1424 ἁπλῶν
1410 1371 1597 1441 σωμά-

31 1464 178 1532 τωνή
221 1463 440 1534 κίνησις
482 1463 627 1534 ἁπλῆ
674 1464 735 1516 οὐ
773 1462 915 1516 κατὰ
956 1463 1017 1516 τὸ
1058 1462 1422 1533 ἐνδεχόμενον,
1462 1463 1597 1517 ἀλλά

32 1556 152 1607 κατά
194 1556 260 1607 τὸ
306 1556 624 1623 ἀναγκαῖον,
670 1555 787 1619 πῶς
815 1554 977 1626 διχῶς
1006 1555 1291 1624 κινηθῆναι
1319 1555 1537 1610 δύναται
1568 1556 1597 1607 6

28 1646 238 1716 οὐρανὸς
300 1646 506 1700 ἁπλοῦν
552 1646 710 1717 σῶμα
743 1646 902 1716 ἔχων,
936 1648 1030 1700 καὶ
1057 1650 1285 1699 κινεῖται
1316 1648 1597 1717 ἐνδεχομέ-

30 1754 152 1801 νωςς
181 1738 247 1791 ΕΞ
280 1738 616 1808 πανταχόθεν
648 1740 794 1792 ἐστὶν
824 1740 851 1792 6
878 1738 1105 1811 οὐρανὸς
1136 1740 1249 1803 ἴσος
1276 1739 1474 1810 ἑαυτῷ,
1506 1740 1598 1792 καὶ

30 1830 106 1880 im
127 1829 267 1899 ἔχων
288 1829 359 1882 τά
414 1831 554 1900 μέρη
596 1833 707 1893 τοῖς
751 1831 965 1903 μέρεσι,
1011 1831 1104 1883 καὶ
1134 1831 1210 1894 ὡς
1250 1828 1345 1883 ἐὰν
1378 1830 1594 1901 κινηθῇ,

1702 632 1967 699 optimum
2004 631 2156 697 facit,
2195 639 2252 685 ut
2281 634 2479 687 cmlum
2530 640 2842 688 moveretur
2888 633 2942 687 in
3001 634 3276 688 anteriora

1701 722 1828 777 fecit
1852 738 1914 778 ac
1938 739 2045 778 non
2062 723 2115 777 in
2140 724 2475 794 posteriora:
2506 724 2780 795 quomodo
2794 724 2992 778 cmlum
3015 733 3275 780 :eternum

1698 815 1925 885 ejusque
1955 826 2152 878 motus,
2191 816 2331 886 quod
2354 830 2386 869 a
2412 824 2605 871 natura
2631 818 2830 873 factum
2861 826 2966 873 est.
2997 825 3050 873 et
3090 817 3157 871 ab
3186 834 3272 873 ea-

1699 905 1820 958 dem
1844 906 2024 969 habet,
2064 916 2122 959 ut
2152 907 2360 977 Optimo
2390 916 2676 962 moveatur
2708 914 2856 962 motu
2884 909 2906 961 ?
2934 905 2991 963 Si
3020 908 3163 978 quod
3194 918 3279 963 est

1698 996 1995 1051 discrimen
2036 996 2175 1052 inter
2225 999 2561 1068 superiorem
2607 999 2787 1053 locum
2842 1006 2896 1055 et
2940 992 3276 1065 inferiorem,

1700 1090 1840 1145 idem
1875 1091 2166 1147 intercedit
2197 1092 2338 1147 inter
2392 1100 2623 1157 motum,
2653 1093 2745 1163 qui
2776 1093 2829 1147 in
2861 1095 3139 1149 anteriora
3170 1095 3279 1150 fer-

1699 1190 1785 1235 tur
1810 1190 1862 1237 ct
1906 1199 2032 1237 cum
2080 1183 2172 1254 qui
2220 1192 2545 1249 retrorsum,
2589 1193 2855 1255 quantum
2888 1192 3098 1255 spectat
3124 1185 3188 1239 ad
3223 1184 3277 1238 id

1698 1274 1845 1343 quod
1880 1276 2230 1344 praestantius
2257 1284 2309 1329 et
2325 1275 2567 1331 divinius
2597 1285 2651 1331 et
2682 1277 2947 1346 optimum
2994 1284 3114 1331 est:
3148 1291 3281 1346 quo-

1699 1365 1862 1421 modo
1891 1382 2000 1419 non
2022 1368 2312 1421 contraria:
2337 1368 2441 1423 sibi
2468 1378 2597 1423 sunt
2615 1368 2698 1423 hae
2711 1369 3000 1435 motiones,
3020 1385 3141 1439 qua:
3158 1377 3281 1423 tan-

1698 1465 1885 1526 topere
1915 1473 1944 1510 a
1975 1472 2033 1512 se
2058 1458 2295 1514 invicem
2325 1459 2621 1516 diﬂ‘erunt?
2660 1460 2715 1516 Si
2736 1461 3064 1532 simplicium
3090 1475 3283 1531 corpo-

1700 1561 1823 1599 rum
1875 1547 2104 1617 simplex
2172 1556 2355 1604 motus
2383 1557 2488 1613 est,
2550 1564 2661 1603 non
2705 1560 2765 1605 ut
2794 1551 3070 1615 convenit,
3102 1550 3197 1605 sed
3221 1558 3279 1604 ut

1700 1651 1927 1693 necesse
1964 1648 2075 1693 est:
2134 1640 2409 1709 quomodo
2468 1641 2665 1695 caelum
2731 1640 3022 1711 dupliciter
3073 1640 3276 1696 moveri

1700 1735 1898 1798 potest,
1941 1729 2088 1799 quod
2144 1731 2375 1800 simplex
2423 1730 2588 1785 habet
2618 1746 2817 1801 corpus
2845 1741 2899 1788 et
2928 1744 3177 1788 movetur
3218 1742 3280 1787 ut

1700 1821 1989 1877 convenit?
2018 1820 2073 1875 Si
2109 1823 2474 1893 undequaque
2487 1822 2590 1879 sibi
2626 1823 2800 1893 ipsum
2822 1826 3028 1895 aequale
3055 1832 3139 1880 est
3166 1839 3282 1879 eua-

28 1920 110 1990 τὴν
141 1898 440 1993 σφαιρικὴν
466 1898 524 1974 τε
544 1898 650 1975 καὶ
679 1898 940 1990 ἔγκυκλον
964 1922 1125 1986 σώζει
1154 1922 1368 1995 κίνησιν
1388 1940 1402 1953 ·
1436 1898 1596 1977 δύνα-

1791 1929 1835 1975 ςι,
1869 1918 1923 1966 ει
1951 1913 2189 1981 :equales
2227 1913 2387 1967 habet
2418 1914 2671 1983 partibus
2703 1924 2908 1984 partes,
2942 1928 3007 1969 ac
3034 1929 3280 1985 quocun-

27 2029 102 2063 ται
128 2014 234 2081 ἄρα
271 2013 367 2065 καὶ
422 2013 530 2066 ἀπὸ
577 2014 925 2085 μεσημϐρίας
955 2014 1239 2086 κινηθῆναι
1268 2018 1345 2078 είς
1376 2015 1595 2085 ἄρκτον,

29 2105 106 2155 καὶ
127 2104 233 2156 ἀπὸ
268 2103 472 2175 ἄρκτου
495 2108 575 2169 είς
594 2106 960 2177 μεσημϐρίαν,
981 2107 1057 2169 ὡς
1072 2106 1295 2162 δύναται
1315 2108 1598 2177 κινηθῆναι

29 2198 120 2249 ἀπὸ
146 2197 416 2267 ἀνατολῆς
444 2199 522 2261 είς
540 2196 710 2261 δύσιν,
745 2199 839 2250 καὶ
866 2198 972 2251 ἀπὸ
1000 2198 1099 2267 τῆς
1126 2197 1332 2261 δύσεως
1359 2200 1440 2261 είς
1468 2199 1602 2253 ἀνα.-

28 2290 187 2359 τολήν.
228 2289 357 2352 Πῶς
380 2285 473 2342 οῦν
501 2289 561 2342 ού
598 2289 826 2359 μάτηνή
859 2289 1017 2358 φύσις
1036 2290 1112 2361 τῷ
1140 2289 1352 2361 σώματι
1386 2290 1479 2343 τοῦ
1507 2290 1599 2344 ού-

30 2380 177 2450 ρανοῦ
222 2380 453 2452 ἐνέθηκε
499 2381 765 2436 τοσούτων
810 2384 1078 2453 κινήσεων
1118 2383 1215 2447 τὰς
1246 2383 1521 2455 δυνάμεις,
1552 2386 1600 2438 εί

29 2474 293 2544 τετραχῶς
336 2475 435 2545 μὲν
483 2473 594 2547 ἔχει
653 2474 753 2539 τὰς
811 2475 1089 2546 δυνάμεις,
1143 2475 1389 2546 μοναχῶς
1415 2477 1471 2530 δὲ
1512 2494 1599 2530 κι-

28 2580 181 2615 νειται
206 2579 221 2627 ;

404 2655 493 2709 55.
538 2656 631 2709 Ἐκ
659 2656 764 2710 τοῦ
791 2656 978 2710 αὑτοῦ
1003 2658 1210 2727 λόγου.

93 2766 109 2795 ι
137 2748 271 2819 Περὶ
321 2747 380 2801 δὲ
422 2747 531 2801 τῶν
576 2749 923 2819 καλουμένων
966 2748 1181 2820 ἄστρων
1226 2748 1487 2819 ἑπόμενον
1535 2748 1601 2802 ἂν

30 2837 101 2907 εἴη
129 2839 308 2906 λέγειν
330 2879 345 2901 ,
375 2841 439 2892 ὲκ
475 2839 634 2893 τίνων
670 2842 955 2894 συνεστᾶσι
992 2840 1102 2910 (51)
1133 2841 1226 2894 καὶ
1254 2841 1398 2903 τίνες
1434 2841 1491 2893 αἱ
1519 2858 1602 2892 κι-

30 2930 198 2997 νήσεις
236 2930 439 2982 αὐτῶν.
475 2930 855 2999 Εύλογώτατον
899 2932 956 2984 δὲ
1002 2932 1096 2985 καὶ
1137 2934 1248 2995 τοῖς
1293 2932 1602 3004 εἰρημένοις

32 3021 282 3091 ἑπόμενον
330 3022 443 3093 (52)
491 3023 552 3075 τὸ
597 3023 827 3076 ἕκαστον
872 3022 978 3075 τῶν
1034 3024 1250 3095 ἄστρων
1310 3027 1482 3077 ποιεῖν
1538 3025 1603 3077 ὲκ

32 3112 204 3165 τούτου
234 3114 331 3167 τοῦ
365 3114 615 3186 σώματος
636 3156 649 3179 ,
680 3118 738 3168 ὲν
766 3110 809 3184 ᾧ
842 3114 1099 3185 τυγχάνει
1128 3115 1227 3187 τὴν
1258 3114 1428 3187 φορὰν
1458 3114 1600 3186 ἔχον,

32 3204 201 3276 ἐπειδὴ
231 3206 444 3276 ἔφαμέν
485 3225 539 3259 τι
586 3204 724 3262 εἶναι
754 3208 781 3261 ὃ
809 3208 993 3277 κύκλῳ
1031 3199 1291 3279 φέρεσθαι
1336 3207 1599 3276 πέφυκεν.

38 3298 229 3369 Ὠσπερ
278 3299 388 3369 γάρ
436 3300 485 3351 οἱ
528 3300 729 3372 πύρινα
763 3302 1061 3369 φάσκοντες
1094 3296 1262 3364 εἶναι,
1307 3299 1397 3352 διὰ
1445 3298 1604 3353 τοῦτο

30 3389 300 3456 ὶέγουσιν,
335 3392 417 3444 ὅτι
447 3392 506 3445 τὸ
539 3393 649 3446 ἄνω
678 3394 835 3464 σῶμα
876 3393 987 3464 πῦρ
1016 3389 1153 3447 εἶναι
1183 3394 1377 3462 φασιν,
1409 3393 1484 3456 ῶς
1514 3391 1604 3445 εύ-

30 3480 175 3549 λογον
202 3482 264 3535 ὃν
292 3484 524 3537 ἕκαστον
556 3486 874 3539 συνεστάναι
915 3487 980 3538 ὲκ
1009 3485 1212 3538 τούτων
1251 3486 1308 3539 ἐν
1351 3480 1432 3548 οἷς
1472 3484 1604 3537 ἕκα-

34 3576 142 3625 στόν
171 3576 319 3628 ἐστιν
341 3616 355 3639 ,
384 3578 589 3647 ὁμοίως
616 3579 711 3632 καὶ
739 3581 902 3650 ἡμεῖς
936 3578 1185 3649 λέγομεν.
1224 3578 1288 3631 Ἦ
1318 3579 1373 3631 δὲ
1411 3577 1607 3648 θερμό-

32 3680 118 3733 της
135 3666 231 3717 ἀπ’
251 3666 435 3719 αὐτῶν
454 3669 547 3721 καὶ
564 3669 621 3721 τὺ
642 3670 756 3738 φῶς
777 3670 984 3737 γίνεται
1006 3687 1080 3722 πα
1089 3669 1478 3740 ρατριὸομένου
1495 3668 1605 3738 (55)

32 3756 113 3807 τοῦ
144 3758 308 3830 ἀέρος
337 3759 444 3811 ὑπὸ
471 3760 569 3830 τῆς
598 3760 821 3815 ἐκείνων
853 3763 1043 3832 φορᾶς.
1077 3761 1296 3830 Πέφυκε
1325 3760 1434 3831 γὰρ
1475 3762 1509 3831 ἡ
1533 3760 1609 3812 κί-

32 3868 175 3919 νησις
218 3852 495 3923 ἐκπυροῦν
524 3855 617 3907 καὶ
648 3854 829 3916 λίθους
850 3894 865 3921 ,
915 3856 1008 3908 καὶ
1040 3853 1169 3919 ξύλα
1191 3894 1205 3918 ,
1241 3855 1336 3907 καὶ
1368 3853 1603 3925 σίδηρον.

32 3945 403 4017 Εὐλογώτερον
431 3941 523 3999 οῦν
551 3947 612 3999 τὸ
636 3947 929 4019 ἐγγύτερον
951 3947 1045 4001 τοῦ
1081 3947 1278 4019 πυρός·
1314 3947 1608 4017 ἐγγύτερον

31 4033 78 4086 δὲ
107 4038 135 4088 6
164 4036 273 4107 ἀὴρ
294 4079 309 4102 ,
338 4031 449 4090 οἷον
480 4039 570 4092 καὶ
598 4039 691 4090 ἐπὶ
720 4039 827 4092 τῶν
856 4039 1170 4111 φερομένων
1202 4038 1370 4110 βελῶν
1391 4056 1403 4070 ⁸
1437 4039 1610 4092 ταῦτα

31 4127 131 4198 γὰρ
162 4129 275 4199 (54)
306 4130 643 4201 ἐκπυροῦται
672 4131 845 4193 οὓτως
866 4174 880 4198 ,
911 4133 1052 4185 ὥστε
1081 4131 1348 4203 τήκεσθαι
1380 4130 1479 4194 τὰς
1514 4148 1611 4201 μο⁶

31 4218 287 4282 rasam;-
323 4222 418 4275 καὶ
448 4223 676 4294 ἐπείπερ
714 4224 854 4276 αὐτὰ
884 4223 1487 4294 ὲκπυροῦται,άνάγκη
1518 4224 1611 4278 καὶ

29 4312 114 4363 τὸν
152 4313 339 4384 κύκλῳ
370 4314 549 4368 αὐτῶν
581 4316 718 4387 ἀέρα
756 4317 817 4370 τὸ
847 4316 978 4369 αὐτὸ
1008 4316 1258 4387 πάσχειν.
1292 4316 1478 4370 Ταῦτα
1513 4316 1611 4388 μὲν

30 4401 116 4456 οῦν
159 4406 300 4459 αὒτά
330 4406 753 4478 ἐκθερμαίνεται
781 4408 871 4461 διά
899 4410 958 4461 τὸ
988 4411 1044 4460 ὲν
1075 4410 1197 4480 ἀέρι
1226 4408 1519 4479 φέρεσθαι,
1553 4408 1612 4472 ὃς

30 4495 111 4549 διὰ
146 4498 247 4568 τὴν
281 4498 495 4572 πληγὴν
523 4502 588 4571 τῇ
622 4502 833 4571 κινήσει
861 4500 1067 4569 γίνεται
1102 4499 1232 4571 πῦρ.
1267 4502 1386 4556 Τῶν
1416 4500 1471 4553 δὲ
1501 4500 1613 4555 ἄνω

1702 2020 1807 2073 que
1838 2003 1999 2058 modo
2027 2012 2331 2069 moveatur,
2368 2006 2694 2075 sphaericum
2728 2014 2782 2062 et
2815 2007 3138 2061 circularem
3164 2022 3280 2061 mo-

1702 2104 1816 2149 tum
1854 2104 2063 2163 servat;
2097 2104 2274 2165 potest
2287 2112 2415 2168 ergo
2439 2098 2715 2153 ameridie
2744 2098 2950 2153 moveri
2983 2098 3037 2152 in
3071 2106 3284 2168 septen-

1700 2191 1957 2256 trionem,
2003 2189 2461 2258 quemadmodum
2518 2190 2722 2246 moveri
2758 2194 2950 2263 {potest
2976 2190 3045 2244 ab
3068 2190 3281 2245 oriente

1702 2278 1759 2331 in
1798 2277 2137 2334 occidentem
2182 2286 2235 2335 et
2282 2279 2351 2335 ab
2378 2280 2661 2336 occidente
2703 2280 2757 2334 in
2805 2281 3091 2335 orientem.
3117 2280 3281 2352 579

1701 2370 1985 2436 Quomodo
2011 2388 2142 2442 ergo
2174 2380 2368 2427 natura
2389 2387 2498 2427 non
2529 2372 2734 2428 frustra
2754 2373 2874 2427 ειειί
2900 2372 3114 2443 corpori
3136 2373 3280 2427 indi-

1702 2462 1782 2516 dit
1821 2469 1900 2516 tot
1952 2472 2198 2519 motuum
2248 2464 2559 2529 facultates,
2608 2465 2651 2521 si
2685 2464 3028 2535 quadruplici
3058 2463 3278 2535 quidem

1701 2551 1865 2607 modo
1894 2554 2101 2609 moveri
2135 2562 2334 2624 potest,
2366 2569 2476 2608 uno
2508 2560 2690 2608 autem
2722 2554 3011 2610 movetur?

1896 2651 1985 2706 55.
2020 2651 2103 2705 Ex
2129 2652 2304 2706 eodem
2333 2651 2486 2711 libro,
2518 2650 2680 2716 ibid.,
2708 2663 2757 2703 c.
2796 2649 2847 2716 7,
2882 2666 2935 2719 p.
2968 2647 3096 2703 289.

1778 2731 1907 2788 (De
1932 2731 2000 2787 iis
2020 2740 2198 2787 autem
2244 2748 2365 2801 qua:
2395 2732 2653 2786 dicuntur
2705 2732 2869 2786 astris
2921 2731 3172 2801 sequitur
3224 2740 3282 2783 ut

1703 2826 1951 2881 dicamus
1976 2842 2041 2882 ex
2065 2826 2264 2895 quibus
2296 2831 2572 2889 constent,
2603 2832 2657 2880 et
2680 2823 2902 2894 quinam
2941 2838 3131 2878 eorum
3163 2838 3283 2876 mo-

1705 2927 1814 2975 tus.
1868 2920 1966 2973 Est
2016 2927 2196 2973 autem
2247 2917 2445 2971 rationi
2477 2918 2714 2972 maxime
2752 2926 3203 2979 consentaneum,
3228 2923 3283 2966 et

1706 3011 1792 3066 his
1830 3025 1951 3081 quae
1982 3009 2223 3064 diximus
2263 3023 2626 3078 consequens,
2660 3016 2713 3061 ul
2760 3014 2969 3063 astrum
3000 3003 3285 3077 quodlibet

1706 3119 1774 3159 ex
1794 3118 1861 3158 eo
1909 3116 2305 3172 componamus
2354 3116 2604 3171 corpore,
2642 3100 2697 3154 in
2728 3114 2836 3169 quo
2878 3105 3087 3153 motum
3119 3113 3283 3152 suum

1708 3197 1892 3260 habet,
1940 3194 2385 3267 quandoquidem
2438 3193 2679 3248 diximus
2724 3190 2927 3261 aliquid
2963 3206 3107 3255 esse,
3138 3188 3283 3259 quod

1708 3287 1783 3340 ita
1834 3289 1906 3343 sit
1949 3295 2144 3342 natura
2170 3294 2568 3357 comparatum,
2600 3296 2659 3339 ut
2688 3283 2743 3339 in
2766 3285 2952 3339 orbem
2983 3290 3286 3336 moveatur.

1710 3379 2177 3447 Quemadmodum
2199 3380 2344 3436 enim
2375 3381 2469 3449 qui
2498 3380 2684 3449 igneas
2714 3377 2901 3434 stellas
2930 3391 3053 3431 esse
3079 3374 3290 3437 dicunt,

1711 3480 2001 3542 propterea
2050 3474 2263 3537 dicunt,
2326 3472 2457 3542 quia
2490 3485 2787 3541 supernum
2840 3483 3041 3538 corpus
3105 3467 3286 3537 ignem

1709 3578 1832 3618 esse
1862 3563 2076 3627 dicunt,
2112 3565 2313 3632 quippe
2359 3575 2483 3615 cum
2526 3565 2957 3614 consentaneum
2990 3556 3064 3611 sit
3096 3570 3289 3608 unum-

1712 3655 1967 3724 quodque
2013 3670 2077 3709 ει
2120 3654 2188 3708 ἱίε
2242 3660 2498 3707 constare
2557 3652 2610 3706 in
2663 3651 2864 3719 quibus
2912 3654 3030 3711 εει,
3098 3646 3175 3698 ita
3237 3652 3292 3697 et

1711 3761 1812 3801 nos
1874 3745 2131 3799 dicimus.
2163 3743 2325 3798 Calor
2366 3751 2547 3798 autem
2609 3742 2677 3795 ab
2727 3742 2806 3794 eis
2868 3747 2923 3793 et
2973 3738 3063 3790 lux
3119 3735 3290 3796 venit,

1711 3838 1950 3892 contrito
2015 3851 2204 3891 eorum
2242 3844 2390 3889 motu
2431 3850 2575 3889 aere.
2603 3833 2753 3887 Solet
2782 3830 2928 3885 enim
2964 3836 3147 3883 motus
3192 3842 3290 3881 ac-

1710 3929 1944 3984 cendere
1974 3935 2028 3983 et
2062 3927 2271 3997 lapides
2299 3934 2354 3981 et
2374 3927 2521 3997 ligna
2555 3936 2608 3980 et
2627 3921 3135 3990 ferrum.Pra:cipue
3162 3933 3294 3973 vero

1712 4022 1846 4077 illud
1882 4021 2221 4087 accenditur,
2243 4019 2387 4091 quod
2413 4018 2670 4089 proprius
2703 4023 2786 4071 est
2811 4014 2921 4084 igni
2997 4022 3081 4068 est
3112 4017 3293 4065 autem

1713 4118 1807 4171 aér
1841 4114 2101 4185 propior:
2129 4114 2291 4183 quale
2345 4120 2429 4168 est
2459 4110 2606 4182 quod
2638 4108 2761 4164 telis
2793 4105 3060 4161 immissis
3090 4103 3291 4159 evenit.

1714 4207 1840 4262 Ilaec
1862 4208 2008 4263 enim
2058 4207 2132 4260 ita
2168 4207 2479 4275 ignescunt,
2541 4212 2599 4256 ut
2635 4208 2689 4256 et
2722 4197 3004 4269 plumbum
3036 4196 3296 4264 collique—

1715 4304 1832 4354 seat
1870 4312 1881 4347 :
1917 4303 1970 4351 et
2000 4295 2128 4366 quia
2158 4296 2276 4365 ipsa
2312 4294 2619 4364 ignescunt,
2659 4304 2885 4345 necesse
2914 4295 2998 4341 est
3028 4296 3083 4338 ut
3107 4293 3161 4338 et
3181 4284 3293 4337 cir-

1714 4389 2000 4445 cumfusus
2028 4404 2120 4443 aer
2137 4389 2278 4443 idem
2304 4388 2559 4457 patiatur.
2581 4384 2759 4454 Atque
2791 4384 2904 4437 haec
2922 4380 3140 4451 quidem
3178 4378 3296 4445 ipsa

1715 4481 2080 4541 incalescunt,
2134 4478 2263 4549 quia
2315 4479 2369 4531 in
2404 4492 2530 4532 aere
2562 4475 2835 4539 feruntur,
2877 4472 2968 4543 qui
3001 4480 3298 4541 percussus

31 4588 260 4643 ἕκαστον
287 4593 343 4644 ὲν
371 4594 438 4662 τῇ
474 4592 678 4664 σφαίρᾳ
719 4593 977 4663 φέρεται,
1030 4592 1170 4645 ὥστε
1211 4594 1351 4647 αὐτὰ
1391 4594 1487 4665 μὲν
1537 4594 1597 4663 μὶ

1814 4577 1934 4646 ipso
1980 4582 2130 4628 motu
2164 4574 2224 4626 fit
2257 4573 2423 4643 ignis.
2456 4572 2659 4627 Eorum
2687 4578 2891 4630 autem.
2921 4583 3043 4638 qua:
3075 4580 3298 4621 sursum

32 4671 429 4751 ἐκπδροῦσθαιῖ
466 4681 560 4734 τοῦ
605 4682 661 4735 δὲ
705 4682 866 4754 ἀέρος
912 4683 1016 4736 ὑπὸ
1060 4682 1159 4753 τὴν
1202 4683 1299 4736 τοῦ
1351 4680 1612 4736 κυκλικοῦ

34 4772 283 4842 σώματος
322 4775 556 4844 σφαῖραν
588 4773 759 4837 ὄντος,
780 4773 1015 4845 ἀνάγκη,
1039 4774 1345 4846 φερομένης
1376 4774 1612 4844 ἐκείνης,

34 4862 453 4934 θερμαίνεσθαι,
484 4864 578 4917 καὶ
608 4864 812 4934 ταύτην
844 4864 1081 4935 μάλιστα
1174 4866 1202 4916 6
1233 4863 1385 4934 ἥλιος
1413 4862 1617 4933 τυγχά-

34 4970 111 5003 νει
157 4953 531 5024 ὲνδεδεμένοςο
564 4953 643 5006 διὸ
680 4953 744 5024 δὴ
780 4952 1170 5023 πλησιάζοντός
1212 4971 1273 5007 τε
1309 4953 1478 5008 αὑτοῦ
1522 4953 1616 5006 κα)⁵

34 5046 373 5116 ἀνίσχοντος,
415 5046 510 5098 καὶ
538 5046 679 5116 ὑπὲρ
706 5047 854 5116 ἡμᾶς
886 5046 1058 5109 ὄντος,
1087 5045 1295 5114 γίνεται
1324 5044 1613 5115 θερμότης.

34 5136 158 5189 Ὀτι
197 5137 295 5206 μὲν
327 5132 419 5190 οῦν
463 5136 589 5189 οὔτε
623 5136 826 5209 πύρινά
872 5139 1050 5203 ὲστιν,
1099 5135 1224 5191 οὕτε
1270 5137 1327 5189 ἐν
1371 5135 1449 5206 τῷ
1483 5136 1614 5207 πυρὶ

35 5226 277 5297 φέρεται,
310 5229 480 5282 ταῦτα
510 5231 639 5301 ἡμῖν
669 5230 908 5303 εἰρήσθω
941 5228 1067 5302 περὶ
1095 5227 1294 5283 αὐτῶν.
1332 5246 1351 5278 ›
1529 5211 1541 5223 ’

105 5317 172 5368 Εἰ
201 5318 262 5369 ὲκ
288 5318 386 5387 τῆς
414 5318 584 5390 αύτης
614 5317 746 5389 ὖλης
776 5317 888 5388 (55)
933 5316 993 5380 ἐξ
1028 5310 1096 5387 ἧς
1126 5318 1274 5369 ἐστιν
1302 5316 1332 5368 6
1358 5314 1614 5387 οὐρανὸς,

35 5411 99 5463 ὲκ
135 5408 336 5482 ταύτης
363 5411 482 5463 ἐστὶ
508 5410 602 5464 καὶ
627 5410 696 5464 τά
722 5411 897 5483 ἄστρα
915 5449 930 5475 ,
966 5408 1083 5473 πῶς
1112 5409 1212 5465 οῦκ
1249 5407 1365 5461 ἐστι
1392 5406 1582 5478 ψευδὲς
1601 5444 1616 5470 ι

105 5589 218 5659 (51)
246 5589 609 5646 Συνεστᾶσι.
643 5591 807 5645 Addit
851 5591 1180 5646 Aristoteles
1220 5590 1314 5641 καὶ
1357 5589 1416 5640 ἐν
1450 5587 1619 5649 ποίοις

38 5662 316 5732 σχήμασι,
375 5672 424 5715 et
464 5663 652 5730 quibus
706 5664 761 5715 in
801 5663 1009 5732 figuris.
1045 5659 1167 5714 Mox
1218 5659 1372 5713 deest
1425 5659 1620 5710 vocula

37 5730 92 5780 δέ
130 5729 384 5802 inﬂng
447 5729 769 5802 Aristoteles
801 5729 963 5785 habet
983 5731 1066 5802 δή.

113 5800 225 5871 (52)
266 5802 609 5869 Ἑπόμενον.
646 5801 960 5871 Αιὶιιίιήμῐν
985 5798 1325 5854 Aristoteles.

116 5870 224 5939 (33)
253 5865 783 5940 ηιιμὶτριεομένου.
841 5865 1065 5925 Ᾰιὶειοι.
1094 5865 1611 5937 παρεκτριϐομένου.

1654 5822 1657 5825 ι
1725 5788 1907 5855 τοῦτο,
1934 5799 1987 5845 et
2012 5790 2175 5856 infra,
2204 5788 2472 5856 viveretur}

1718 4676 1869 4732 sunt,
1895 4666 2323 4736 unumquodque
2378 4665 2433 4718 in
2472 4666 2685 4734 sphaera
2718 4661 2985 4723 defertur,
3020 4659 3093 4712 ita
3119 4666 3179 4711 ut
3206 4656 3299 4710 illa

1718 4759 1939 4828 quidem
1992 4772 2103 4811 non
2131 4756 2492 4822 incaleseant,
2533 4755 2627 4810 sed
2662 4768 2867 4817 aerem,
2904 4752 2997 4821 qui
3042 4750 3302 4821 corporis

1719 4848 1941 4903 rotundi
1998 4848 2222 4917 sphaera:
2280 4846 2563 4918 subjectus
2599 4854 2703 4909 est,
2731 4859 2956 4899 necesse
2980 4849 3065 4897 est
3098 4840 3295 4895 incale-

1720 4956 1895 5005 scere,
1934 4942 2061 4995 dum
2086 4948 2334 4996 movetur
2367 4939 2601 5010 sphaera,
2636 4938 2727 4991 illa
2770 4935 3073 5006 praesertim
3109 4933 3197 4986 cui
3222 4932 3303 4987 sol

1720 5035 2002 5104 illigatur:
2034 5033 2199 5095 unde,
2245 5032 2373 5086 dum
2430 5032 2520 5086 ille
2574 5029 2980 5101 appropinquat
3032 5034 3086 5080 ct
3127 5026 3305 5079 oritur

1720 5134 1773 5180 et
1797 5141 1963 5195 supra
2010 5141 2114 5181 nos
2151 5132 2256 5187 est,
2292 5124 2348 5177 iit
2372 5124 2542 5177 calor.
2576 5123 2687 5177 Cur
2719 5122 2883 5187 igitur
2920 5119 3089 5174 stella:
3128 5129 3304 5183 neque

1722 5218 1896 5287 igneae
1935 5218 2067 5281 sint,
2110 5233 2287 5288 neque
2326 5217 2381 5271 in
2411 5218 2534 5287 igne
2568 5220 2914 5276 moveantur,
2948 5211 3059 5264 lucc
3081 5223 3109 5259 a
3143 5204 3304 5260 nobis

1722 5305 1867 5359 dicta
1898 5315 2083 5360 sunto.
2114 5326 2131 5356 ι

1798 5402 1856 5457 Si
1886 5419 1951 5458 ex
1981 5402 2171 5457 eadem
2199 5400 2450 5465 materia,
2490 5416 2556 5455 ex
2592 5413 2698 5470 qua
2727 5396 2947 5458 coelum,
2980 5395 3108 5447 sunt
3138 5385 3304 5439 etiam

1798 5580 1912 5653 (54)
1942 5582 2133 5636 Ταῦτα
2160 5576 2634 5653 po.Syl_bu_rgius_
2645 5573 2772 5653 dum
2802 5575 2957 5653 putat
2990 5565 3305 5653 hulju‘slscrl-

1727 5634 1909 5721 ptoris
1926 5634 2132 5707 textum
2160 5634 2366 5720 ex'ipso
2379 5634 2689 5725 ᾼτίεἴοιεΙίε
2701 5634 3303 5725 testuemendaudum;

1728 5703 2292 5790 scrip—sitvsinencausa
2316 5717 2487 5770 ταῦτα
2520 5714 2627 5783 γὰρ
2655 5709 2812 5773 αὑτά,
2856 5716 2909 5762 ει
2939 5724 3063 5761 mox
3094 5705 3153 5758 τὸ
3177 5703 3306 5758 αὐτὸ

1728 5790 1907 5853 τοῦτο,
1934 5799 1987 5845 et
2012 5790 2175 5853 infra,
2204 5789 2411 5853 γίνεται
2440 5788 2472 5853 ἡ
2511 5781 2794 5853 θερμότης.

1803 5854 2123 5931 (55)’Ύ.ίης.
2158 5854 2317 5913 Deest
2342 5858 2393 5909 in
2418 5854 2550 5925 Reg.
2590 5855 2638 5907 l.
