3662 6488
342 350 482 425 ιδεε
1074 364 1535 423 APPENDIX.-—
1562 362 1745 421 PARS
1779 364 1819 419 ι.
1870 364 1928 420 s.
1965 364 2232 424 JUSTINI
2272 363 2501 422 OPERA
2543 364 2813 423 SPURIA.
3465 366 3581 423 1555

341 494 528 542 astra:
564 480 843 555 quomodo
862 495 972 536 non
1004 480 1203 538 falsum
1228 481 1388 546 illud,
1421 480 1505 535 Ex
1528 481 1772 537 universa
1796 495 1913 535 ma-
1944 541 1946 549 γ

2129 480 2223 535 Ἐκ
2254 478 2459 548 πάσης
2481 478 2689 551 γέγονε
2715 479 2825 548 τῆς
2850 480 3007 548 ὕλης
3030 482 3067 534 ὀ
3094 477 3383 547 οὐρανὸς,
3407 482 3491 531 καὶ
3514 481 3579 545 τὺ,

342 576 477 629 mia
503 572 707 642 factum
752 580 832 629 est
870 572 1101 631 emtum?
1146 571 1304 640 ltem,
1340 569 1649 627 Universum
1694 570 1923 625 circum-

2119 587 2234 625 σαν
2262 570 2379 640 τὴν
2419 572 2581 640 ὕλην
2606 572 3026 641 “metimur;
3068 572 3136 625 Et
3186 570 3254 623 τὸ
3295 571 3583 641 κινούμενον

342 666 557 735 plcxum
582 673 661 720 est
688 664 1008 720 materiam?
1040 662 1096 718 Si
1128 662 1183 717 id
1212 662 1358 734 quod
1396 669 1666 728 movetur,
1683 670 1738 717 et
1770 671 1920 716 motu

2145 666 2211 736 τῇ
2257 666 2468 737 κινήσει
2506 664 2868 736 Θερμαντικδν
2901 664 3094 735 ἑτέρου
3124 662 3480 733 γιγνόμενον,
3510 664 3586 717 ἐὰν

344 774 447 813 suo
478 757 733 813 idoneum
767 758 827 812 fit
848 758 916 814 ad
961 756 1110 812 aliud
1149 754 1602 820 calefaciendum,
1634 754 1740 809 nisi
1769 754 1922 825 prius

2129 756 2551 829 προηγουμένως
2576 757 2708 811 αὐτὸ
2731 760 2799 829 τῇ
2830 756 3026 810 ἑαυτοῦ
3057 757 3279 827 κινήσει
3314 755 3587 828 θερμανθῇ,

343 851 521 920 ipsum
551 850 776 919 proprio
795 856 945 905 motu
970 848 1287 911 incalescat,
1317 846 1617 903 calefacere
1645 846 1794 901 aliud
1813 860 1923 900 non

2119 848 2383 920 μαντικὸν
2432 849 2619 919 ἑτέρου
2667 849 2922 918 γενέσθαι
2968 850 3033 902 οὐ
3080 848 3316 901 δύναται
3338 864 3353 878 ⁸
3404 846 3516 910 πῶς
3561 852 3589 919 ἡ

346 951 566 1014 potest:
614 943 890 1014 quomodo
917 943 1129 1014 sphaera
1176 951 1231 999 et
1274 958 1397 1014 qua:
1425 942 1480 997 in
1500 958 1565 999 ea
1600 950 1730 999 sunt
1751 949 1923 1008 astra,

2119 944 2231 1013 ιῖρα
2260 941 2355 995 καὶ
2380 940 2449 995 τὰ
2475 943 2532 995 ὲν
2562 942 2701 1013 αὐτῇ
2721 943 2898 1014 ἄστρα
2925 941 3291 1012 θερμαινουσι
3310 943 3377 1011 τῇ
3411 942 3592 994 tamin

347 1034 680 1090 calefaciunt
709 1050 812 1091 suo
844 1036 1088 1104 ipsorum
1123 1043 1273 1091 motu
1300 1051 1507 1102 aerem,
1541 1035 1799 1106 eumipsa
1815 1052 1924 1091 non

2119 1035 2239 1105 ήσει
2265 1034 2359 1087 τὸν
2386 1034 2559 1105 ἀέρα,
2605 1035 2744 1087 αὐτὰ
2772 1034 2846 1107 μὴ
2877 1034 3332 1106 θερμαινόμενας
3365 1034 3428 1085 El
3458 1034 3515 1087 τὺ
3541 1037 3593 1105 τῇ

349 1127 645 1184 caleﬁant?
705 1125 761 1182 Si
796 1127 943 1199 quod
979 1143 1080 1183 suo
1114 1128 1288 1199 ipsius
1313 1136 1465 1182 motu
1520 1126 1927 1184 calefactoriam

2119 1126 2223 1179 ιτοῦ
2278 1128 2488 1198 κινήσει
2552 1125 2923 1198 θερμαντικάς
2978 1125 3272 1197 ἐνεργείας
3329 1124 3595 1187 ὲκτελοῦν,

349 1217 460 1272 vim
508 1225 748 1284 exercet,
774 1218 827 1275 id
873 1233 1101 1276 necesse
1126 1228 1211 1274 est
1242 1228 1336 1273 aut
1363 1219 1687 1290 gravitatem
1726 1218 1931 1274 habere

2119 1219 2241 1291 ἰγκη
2284 1218 2443 1273 τοῧτο
2473 1221 2509 1293 ἢ
2540 1218 2820 1291 βαρύτητα
2850 1218 2998 1289 ἔχειν
3042 1218 3077 1288 ἢ
3118 1217 3464 1288 κουφότητα·
3497 1217 3597 1280 πῶς

350 1318 444 1364 aut
469 1310 780 1379 levitatem,
831 1312 1106 1381 quomodo
1143 1312 1343 1367 cmlum
1377 1318 1433 1369 et
1474 1324 1595 1381 qua:
1624 1310 1765 1364 ineo
1802 1316 1931 1364 sunt

289 1441 293 1445 ν
348 1409 524 1466 astra,
558 1417 683 1457 cum
716 1418 895 1473 neque
922 1403 1245 1475 gravitatem
1278 1402 1516 1458 habeant
1536 1416 1714 1472 neque
1735 1400 1931 1455 levita-

350 1504 480 1559 tem,
505 1492 914 1553 calefactoriam
948 1495 1056 1549 vim
1087 1495 1382 1551 exercent?
1420 1493 1479 1552 Si
1519 1508 1641 1563 qua:
1684 1492 1931 1548 eamdem

349 1584 553 1640 habent
586 1585 840 1641 mobilem
874 1586 1265 1649 substantiam,
1290 1601 1353 1641 ea
1381 1600 1608 1642 necesse
1637 1592 1723 1640 est
1743 1582 1933 1637 eodem

350 1692 449 1747 per
478 1692 538 1733 se
568 1687 721 1735 motu
754 1678 910 1742 cieri,
944 1692 1051 1733 non
1082 1694 1178 1748 per
1205 1679 1494 1737 accidens:
1524 1676 1801 1748 quomodo
1826 1688 1935 1731 non

350 1783 447 1837 per
471 1768 729 1825 accidens
758 1768 843 1824 sol
884 1776 1156 1834 movetur,
1193 1770 1239 1825 si
1273 1770 1499 1840 sphaerae
1528 1768 1770 1839 illigatus
1804 1766 1933 1823 est?

2026 1310 2059 1362 ὁ
2103 1309 2331 1380 οὐρανὸς
2377 1311 2473 1363 καὶ
2502 1309 2569 1363 τὰ
2613 1310 2671 1362 ὲν
2719 1309 2868 1381 αὐτῷ
2904 1310 3128 1381 ἄστρα,
3168 1311 3311 1380 μήτε
3344 1309 3597 1380 βαρύτητα

2032 1398 2255 1472 ἔχοντα,
2300 1402 2439 1473 μήτε
2474 1400 2815 1471 κουφότητα,
2857 1401 2958 1465 τὰς
2997 1399 3382 1472 θερμαπικάς
3418 1402 3602 1454 ὲκτελεῖ

2034 1493 2344 1565 ἑνεργείαςς
2384 1494 2447 1546 El
2485 1493 2555 1546 τὰ
2593 1492 2691 1564 τὴν
2719 1492 2887 1564 αὐτὴν
2929 1493 3123 1562 ἔχοντα
3154 1494 3387 1564 κινητὴν
3413 1494 3598 1557 οὐσίαν,

2032 1585 2242 1648 τούτοις
2278 1584 2491 1655 ἀνάγκη
2519 1584 2618 1656 τὴν
2649 1584 2815 1655 αὐτὴν
2845 1584 2967 1637 καθ’
3002 1585 3137 1637 αὐτὸ
3171 1584 3445 1638 κινεῖσθαι
3472 1585 3601 1655 κίνη-

2038 1692 2157 1741 σιν,
2207 1676 2301 1729 καὶ
2348 1676 2423 1751 μὴ
2472 1675 2614 1729 κατά
2663 1674 3037 1746 συμϐεϐηκός⁸
3078 1675 3202 1738 πῶς
3251 1676 3356 1729 οὐκ
3406 1676 3601 1728 ἔστινό

2036 1768 2187 1838 ἥλιος
2234 1768 2377 1824 κατὰ
2424 1768 2768 1839 συμϐεϐηκὸς
2816 1768 3167 1838 κινούμενος,
3203 1770 3255 1820 εί
3304 1771 3373 1838 τῇ
3422 1769 3602 1837 σφαῖρα

354 1827 557 1915 ίιῖαάωη
608 1860 753 1913 ratio
783 1869 837 1915 et
892 1861 960 1917 de
988 1862 1111 1916 aliis
1142 1827 1327 1925 astris,
1358 1861 1404 1917 si
1435 1877 1543 1916 non
1584 1827 1682 1931 per
1711 1874 1771 1915 se
1822 1874 1933 1913 mo-

2119 1827 2329 1925 έδεται;
2360 1860 2470 1913 Καὶ
2497 1827 2625 1930 περὶ
2803 1827 2988 1912 ἄλλων.
3012 1827 3237 1929 ἄστρων
3281 1859 3311 1910 ό

352 1956 551 2004 ventur
578 1951 813 2005 naturali
844 1966 947 2006 suo
984 1960 1158 2016 motu,
1188 1952 1282 2008 sed
1316 1967 1415 2022 per
1436 1952 1703 2024 sphaeras,
1732 1952 1934 2023 quibus

354 2040 562 2114 illigata
591 2050 741 2099 sunt.
779 2041 836 2096 Si
868 2044 949 2098 sol
978 2059 1044 2100 ex
1080 2042 1274 2099 eadem
1308 2044 1557 2109 materia,
1586 2058 1652 2099 ex
1687 2058 1795 2114 qua
1820 2056 1936 2098 cm-

354 2131 491 2195 lum,
527 2147 629 2189 nec
654 2133 973 2203 gravitatem
1020 2150 1122 2190 nec
1153 2134 1431 2190 levitatem
1458 2135 1713 2197 habente,
1750 2149 1815 2189 ac
1843 2149 1935 2189 ro-

355 2226 525 2282 tunda
543 2233 628 2281 est
651 2225 842 2297 ﬁgura,
875 2227 1334 2300 quemadmodum
1361 2234 1416 2284 et
1443 2229 1667 2295 cmlum,
1690 2243 1792 2283 cur
1824 2244 1934 2283 non

355 2316 547 2371 eodem
574 2325 805 2389 uterque
836 2318 999 2375 modo
1024 2331 1293 2382 movetur,
1318 2326 1434 2383 aut,
1468 2320 1932 2390 quemadmodum

2033 1966 2149 2018 γος,
2185 1951 2233 2003 εί
2265 1949 2340 2022 μὴ
2370 1950 2438 2003 δι’
2472 1949 2676 2006 ἑαυτῶν
2706 1949 2987 2003 κινοῦνται
3016 1950 3119 2012 τὰς
3148 1949 3300 2003 κατά
3333 1949 3488 2019 φύσιν
3522 1951 3602 2001 αὖ·

2033 2040 2143 2093 τῶν
2175 2042 2452 2111 κινήσεις,
2488 2038 2621 2093 ἀλλά
2645 2039 2731 2092 διὰ
2762 2040 2876 2093 τῶν
2903 2040 3153 2111 σφαιρῶν
3187 2036 3279 2103 αἷς
3313 2043 3449 2093 εἰσιν
3479 2040 3603 2093 ἐνδεο

2033 2131 2255 2203 δεμένα.
2290 2134 2353 2185 Εἰ
2387 2135 2453 2186 ἐκ
2479 2132 2578 2203 τῆς
2605 2133 2771 2204 αὐτῆς
2806 2133 2942 2204 ὕλης
2973 2133 3124 2197 ἐστὶν
3154 2133 3184 2185 ὁ
3215 2132 3368 2202 ἥλιος
3393 2128 3457 2204 ἧς
3478 2136 3604 2185 ἐστιν

2034 2224 2063 2277 ό
2094 2224 2342 2295 οὐρανὸς,
2364 2225 2462 2295 τῆς
2498 2226 2633 2295 μήτε
2668 2223 2949 2297 βαρύτητα
2975 2226 3114 2295 μήτε
3139 2225 3451 2295 κουφότητα
3470 2225 3603 2294 €105-

2038 2331 2160 2387 σης,
2184 2315 2280 2369 καὶ
2310 2316 2597 2386 σφαιρικὸν
2628 2315 2739 2386 ἔχει
2769 2316 2834 2369 τὸ
2865 2316 3075 2387 σχῆμα,
3102 2316 3303 2387 ὥσπερ
3337 2316 3446 2386 ἔχει
3476 2318 3606 2369 καὶὸ

355 2408 460 2473 sol,
498 2423 596 2479 per
612 2408 896 2467 adversam
951 2412 1188 2481 partium
1215 2412 1598 2481 obsistentiam
1622 2411 1646 2465 τ
1671 2410 1765 2466 Sin
1799 2412 1936 2468 nihil

2119 2406 2265 2469 Davo;
2282 2424 2296 2437 ·
2331 2406 2420 2460 διὰ
2446 2407 2500 2460 τί
2535 2406 2609 2478 μὴ
2636 2407 2899 2471 ὡσαύτως
2932 2406 3217 2462 κινοῦνται
3244 2408 3554 2480 ἀμφότεροι,
3581 2409 3607 2477 ἦ

355 2505 555 2567 praeter
573 2507 827 2557 naturam
843 2509 928 2557 est
945 2503 1001 2556 in
1016 2501 1103 2569 iis,
1125 2518 1246 2574 quae
1262 2510 1391 2557 sunt
1411 2510 1613 2558 eterna
1629 2520 1644 2559 :
1663 2502 1939 2573 quomodo

2119 2498 2180 2551 τὰ
2210 2498 2665 2570 ἀπιμετάστασιν
2702 2500 2813 2555 τῶν
2850 2501 3064 2573 μερῶν,
3105 2501 3304 2571 ὥσπερ
3345 2503 3609 2554 κινεῖταιὸ

356 2603 469 2643 non
505 2599 705 2659 praeter
754 2600 1007 2651 naturam
1038 2600 1142 2658 est,
1192 2601 1253 2649 ut
1289 2609 1452 2665 quem
1484 2603 1692 2649 motum
1736 2594 1939 2665 aliquis

2119 2606 2219 2656 ιος;
2249 2590 2313 2642 Ei
2340 2591 2494 2646 οὐδὲν
2524 2592 2675 2663 παρά
2709 2592 2872 2661 φύσιν
2902 2595 2960 2646 ὲν
2987 2596 3104 2656 τοῖς
3132 2592 3361 2657 ἀῦδίοις,
3393 2592 3507 2655 πῶς
3528 2594 3610 2644 οὐκ

359 2680 523 2742 habet
546 2682 847 2743 secundum
870 2692 1146 2749 naturam,
1172 2700 1239 2739 eo
1268 2700 1377 2739 non
1404 2700 1501 2756 per
1532 2702 1591 2743 se
1629 2693 1935 2753 moveatur,

2119 2699 2155 2734 ιι
2178 2682 2328 2753 παρὰ
2357 2684 2516 2753 φύσιν
2541 2684 2602 2737 τὸ
2629 2684 2727 2756 τὴν
2756 2684 2971 2755 κίνησιν
3000 2685 3069 2755 ἦν
3100 2684 3218 2755 ἔχει
3246 2702 3337 2748 τις
3361 2685 3496 2738 κατὰ
3520 2685 3607 2753 φύς

359 2772 453 2827 sed
488 2787 585 2842 per
644 2774 834 2835 aliud?
866 2775 1151 2834 Moventur
1185 2777 1349 2849 580
1388 2778 1535 2832 enim
1580 2779 1660 2834 sol
1701 2787 1756 2834 et
1789 2787 1939 2836 astra

2119 2792 2146 2838 ν,
2167 2774 2369 2846 ταύτην
2400 2777 2474 2849 μὴ
2505 2777 2570 2830 δι’
2600 2775 2791 2830 ἑαυτοῦ
2826 2776 3118 2839 κινεῖσθαι,
3144 2776 3285 2830 ἀλλά
3312 2778 3379 2830 δι’
3412 2778 3611 2847 έτέρου;

358 2879 469 2918 non
492 2879 591 2935 per
616 2880 695 2930 se,
734 2867 830 2922 sed
872 2883 969 2937 per
1018 2868 1265 2938 sphaeras
1294 2870 1497 2939 quibus
1545 2879 1675 2925 sunt
1706 2872 1935 2942 illigata.

2119 2866 2331 2921 νοῦνται
2356 2866 2467 2939 γάρ
2505 2868 2534 2921 ὅ
2560 2885 2618 2921 τε
2646 2868 2797 2940 ἥλιος
2827 2869 2924 2922 καὶ
2965 2869 3035 2923 τὰ
3069 2870 3249 2941 ἄστρα
3270 2911 3285 2935 ,
3320 2872 3383 2924 ού
3407 2871 3469 2924 δι’
3506 2874 3610 2924 sau-

361 2953 709 3027 Sicutgenita
738 2959 1040 3013 secundum
1071 2961 1336 3017 rationem
1370 2972 1500 3021 sunt
1528 2962 1581 3016 id
1615 2963 1760 3035 quod
1795 2963 1938 3021 facta

2119 2976 2170 3021 ν,
2203 2959 2339 3012 ἀλλά
2369 2958 2457 3013 διὰ
2484 2959 2590 3013 τῶν
2614 2960 2863 3033 σφαιρῶν
2894 2962 2951 3014 έν
2981 2958 3072 3025 αἷς
3102 2964 3244 3016 εἰσιν
3276 2963 3609 3033 ἐνδεδεμένοι.

363 3053 525 3114 sunt,
584 3047 659 3101 ita
691 3055 747 3103 et
802 3049 1044 3120 ingenita
1076 3052 1379 3107 secundum
1427 3053 1700 3109 rationem
1730 3064 1858 3113 sunt
1883 3056 1938 3115 id

2123 3090 2138 3113 ,
2168 3048 2356 3123 ὥσπερ
2387 3050 2455 3105 τά
2487 3053 2688 3123 γενητὰ
2727 3052 2872 3106 κατὰ
2902 3053 3059 3123 λόγον
3094 3057 3246 3109 ἐστὶν
3289 3056 3318 3107 δ
3367 3056 3577 3123 γέγονεν
3598 3094 3609 3113 ,

360 3137 507 3206 quod
538 3146 700 3205 sunt;
733 3142 1039 3209 posteriora
1069 3157 1200 3213 ergo
1230 3147 1445 3199 ratione
1489 3145 1749 3215 ingenita.
1780 3146 1935 3220 Quod

2119 3157 2184 3194 tu)
2228 3143 2323 3196 καὶ
2365 3142 2436 3195 τὰ
2478 3143 2716 3214 ἀγένητα
2759 3144 2906 3197 κατά
2949 3145 3110 3214 λόγον
3161 3147 3317 3199 ἐστὶν
3362 3147 3390 3199 ὅ
3443 3149 3606 3199 ἐστιν·

363 3231 410 3288 si
458 3228 511 3285 id
560 3230 676 3285 fieri
708 3246 817 3286 non
845 3241 1045 3302 potest,
1096 3248 1439 3305 nequaquam
1472 3251 1603 3306 ergo
1638 3240 1941 3303 secundum

2119 3250 2248 3305 τερα
2273 3234 2381 3305 ἄρα
2410 3233 2504 3288 τοῦ
2534 3234 2691 3303 λόγου
2719 3235 2788 3288 τὰ
2819 3238 3027 3307 γενητά
3046 3241 3114 3293 ²².
3145 3239 3211 3291 Ei
3241 3238 3300 3290 δὲ
3328 3236 3480 3290 τοῦτο
3506 3236 3610 3289 ἀδύ-

363 3321 631 3381 rationem
660 3328 789 3377 sunt
826 3322 1087 3393 ingenita.
1122 3321 1181 3378 Si
1228 3332 1409 3379 autem
1449 3341 1559 3381 non
1589 3336 1719 3383 sunt
1743 3344 1942 3385 secun-

362 3414 493 3468 dum
517 3416 785 3475 rationem
810 3460 825 3483 ,
860 3420 1137 3488 quomodo
1169 3421 1599 3492 unumquodque
1623 3438 1813 3477 eorum
1840 3424 1943 3478 uli-

365 3505 494 3567 liter
520 3515 607 3562 est
638 3507 691 3562 id
721 3511 865 3581 quod
892 3519 997 3576 est,
1031 3521 1085 3568 et
1113 3512 1277 3568 habet
1298 3513 1350 3568 id
1383 3514 1528 3585 quod
1559 3514 1746 3578 habet,
1776 3522 1831 3569 et
1857 3516 1941 3569 fa-

364 3597 440 3655 cit
462 3598 516 3653 id
547 3599 693 3668 quod
726 3599 887 3656 facit?
916 3601 1048 3667 Quae
1083 3602 1230 3659 enim
1271 3603 1480 3659 utiliter
1521 3604 1818 3670 exsistunt,
1850 3620 1942 3659 ra-

364 3688 532 3744 tionis
560 3696 615 3743 et
667 3690 1021 3761 providentia:
1064 3700 1193 3748 sunt
1238 3707 1425 3764 opera.
1456 3692 1745 3766 Sigenitis
1778 3693 1943 3751 rebus

367 3778 688 3847 adjunctum
718 3786 825 3845 est,
884 3787 943 3835 ut
973 3796 1039 3836 ex
1071 3783 1287 3839 ratione
1316 3785 1427 3840 sint
1453 3792 1508 3840 et
1540 3786 1808 3852 materia;
1833 3798 1942 3839 non

364 3886 497 3942 ergo
528 3887 596 3928 ex
627 3872 841 3929 ratione
862 3884 917 3931 et
942 3876 1173 3931 materia
1200 3883 1331 3932 sunt
1362 3876 1623 3947 ingenita.
1654 3878 1943 3945 Quomodo

367 3977 500 4036 ergo
529 3965 770 4034 ingenita
820 3968 1043 4032 coelum,
1096 3976 1152 4023 et
1199 3984 1321 4039 qua:
1349 3968 1405 4023 in
1433 3986 1499 4026 eo
1546 3970 1751 4035 omnia,
1791 3978 1846 4026 et
1877 3987 1945 4027 ex

367 4057 581 4111 ratione
633 4064 688 4113 et
720 4060 981 4115 materia?
1024 4060 1105 4127 Si,
1133 4070 1193 4119 ut
1217 4063 1356 4121 dixit
1393 4063 1741 4128 Aristoteles,
1770 4063 1827 4118 in
1855 4063 1943 4129 iis,

366 4160 490 4219 quae
542 4154 744 4209 aeterna
794 4158 943 4214 sunt,
979 4150 1117 4213 nihil
1146 4150 1349 4211 frustra
1379 4161 1487 4218 est,
1539 4168 1717 4223 neque
1747 4161 1947 4223 praeter

366 4246 622 4299 naturam
647 4257 661 4299 :
686 4242 960 4312 quomodo
981 4243 1049 4298 ab
1076 4243 1167 4309 iis,
1192 4259 1315 4315 quae
1342 4244 1480 4303 dixit
1505 4245 1573 4300 de
1601 4246 1738 4301 solis
1768 4251 1942 4309 motu,

366 4330 658 4403 utrumque
685 4333 867 4395 evenit
896 4334 1021 4399 soli,
1052 4340 1107 4390 et
1137 4334 1193 4391 id
1215 4334 1359 4405 quod
1387 4334 1589 4391 frustra
1620 4342 1704 4390 est
1725 4346 1777 4391 et
1798 4334 1945 4406 quod

365 4433 562 4501 praeter
583 4426 878 4485 naturam?
915 4425 1051 4481 Nam
1090 4426 1138 4482 si
1169 4426 1253 4480 sol
1276 4427 1514 4486 moventi
1544 4427 1696 4482 illum
1722 4427 1947 4497 sphaerae

2043 3342 2239 3390 νατον,
2284 3326 2385 3379 οὐκ
2431 3325 2539 3397 ἄρα
2588 3324 2730 3379 κατά
2768 3325 2928 3396 λόγον
2972 3327 3091 3380 ἐστὶ
3121 3327 3195 3381 τά
3246 3329 3502 3397 ἀγένητα.
3534 3326 3609 3393 Μὴ

2044 3416 2211 3471 ὄντων
2260 3419 2318 3479 δὲ
2358 3419 2534 3475 αὐτῶν
2575 3418 2717 3475 κατά
2761 3418 2944 3488 λόγον,
2995 3420 3117 3484 πῶς
3166 3421 3401 3476 ἕκαστον
3453 3421 3608 3475 αὐτῶν

2044 3511 2319 3585 χρειωδῶς
2350 3512 2497 3572 ἐστιν
2522 3512 2549 3565 ὅ
2578 3512 2693 3563 ἐστι
2717 3550 2731 3575 ,
2764 3512 2864 3567 καὶ
2903 3511 3017 3582 ἔχει
3056 3512 3086 3565 δ
3119 3511 3234 3582 ἔχει
3257 3552 3273 3576 ,
3304 3514 3400 3565 καὶ
3433 3510 3609 3564 ποιεῖδ

2044 3605 2220 3668 water;
2255 3603 2325 3656 τὰ
2351 3603 2459 3674 γὰρ
2484 3602 2756 3675 χρειωδῶς
2788 3603 2940 3669 ὄντα,
2973 3604 3133 3672 λόγου
3163 3621 3227 3657 τε
3260 3606 3355 3659 καὶ
3383 3602 3608 3674 προνοίας

2046 3695 2195 3748 ἐστὶν
2222 3694 2379 3767 ἔργα.
2418 3696 2481 3758 Εἰ
2514 3694 2797 3749 ἀκολουθεῖ
2842 3698 2958 3760 τοῖς
2996 3697 3253 3767 γενητοῖς
3279 3697 3341 3749 τὸ
3372 3698 3436 3750 ὲκ
3470 3696 3606 3763 λόγου

2047 3778 2186 3838 εῖναι
2219 3786 2312 3839 καὶ
2344 3785 2509 3855 ὕλης,
2556 3785 2657 3845 οὐκ
2694 3783 2806 3857 ἀρα
2834 3786 2899 3840 ἐκ
2933 3785 3095 3853 λόγου
3124 3787 3223 3838 καὶ
3252 3784 3386 3855 ὕλης
3412 3783 3476 3837 τὰ
3498 3782 3607 3851 ἀγί-

2046 3893 2203 3947 νητα.
2225 3876 2351 3940 Πῶς
2380 3873 2475 3931 οὖν
2504 3876 2747 3947 ἀγένητα
2769 3876 2798 3929 ὅ
2823 3892 2883 3928 τε
2908 3875 3162 3947 οὐρανὸς,
3182 3878 3280 3930 καὶ
3304 3877 3374 3928 τά
3395 3877 3450 3928 έν
3478 3872 3607 3941 αὐτῷ

2048 3968 2247 4030 πάντα,
2282 3968 2374 4022 καὶ
2406 3967 2551 4021 ἔστιν
2578 3968 2644 4021 ὲκ
2673 3967 2832 4036 λόγου
2863 3967 2959 4028 καὶ
2991 3966 3167 4037 ὓλης;
3200 3967 3288 4031 Ei,
3310 3966 3452 4020 καθά
3475 3960 3605 4018 εἶπεν

2045 4058 2075 4111 ὀ
2114 4056 2527 4129 Ἀριστοτέλης,
2581 4058 2640 4110 ὲν
2682 4059 2796 4120 τοῖς
2837 4054 3031 4118 ἀϊδίοις
3079 4054 3237 4108 οὐδὲν
3290 4055 3461 4125 μάτην
3502 4051 3603 4105 οὑδὲ

2047 4150 2201 4221 παρά
2249 4153 2442 4219 φύσινο
2479 4149 2599 4213 πῶς
2629 4149 2722 4219 ἀφ’
2755 4144 2830 4203 ὧν
2874 4143 2995 4203 εἷπε
3041 4149 3173 4220 περὶ
3217 4148 3319 4218 τῆς
3350 4146 3440 4200 τοῦ
3472 4147 3600 4216 ἡλίου

2047 4241 2312 4311 κινήσεως
2346 4239 2630 4309 συμϐαίνει
2668 4239 2746 4310 τῷ
2778 4238 2913 4310 ἡλίῳ
2946 4240 3271 4317 ἀμφότερα,
3308 4239 3400 4291 καὶ
3426 4235 3481 4288 τὸ
3510 4235 3600 4303 pi-

2046 4349 2147 4403 την
2192 4330 2288 4383 καὶ
2317 4330 2379 4383 τὸ
2420 4328 2573 4400 παρά
2617 4324 2815 4398 φύσινς
2860 4329 2925 4380 Ei
2963 4327 3073 4397 γὰρ
3106 4326 3205 4380 τοῦ
3247 4326 3398 4396 ἡλίου
3434 4327 3493 4394 τῇ
3529 4340 3598 4375 κι-

2048 4421 2211 4493 νούσῃ
2237 4421 2399 4476 αὐτὸν
2429 4419 2635 4491 σφαίρᾳ
2669 4418 2745 4489 μὴ
2778 4417 3123 4489 ἐνδεδεμένον
3154 4418 3259 4490 τὴν
3293 4417 3453 4487 αὐτὴν
3480 4413 3597 4468 κατὰ

364 4529 476 4569 non
512 4516 768 4588 alligatus
797 4518 986 4579 eodem
1012 4519 1314 4577 secundum
1348 4528 1605 4579 naturam
1632 4528 1944 4577 moveretur

2127 4529 2211 4566 σιν
2242 4512 2475 4565 ἐκινεῖτο
2506 4510 2718 4580 κίνησιν
2750 4509 2817 4581 ἢν
2850 4508 2946 4563 νῦν
2980 4512 3249 4563 κινεῖται·
3286 4509 3403 4571 πῶς
3430 4508 3484 4559 οὐ
3517 4504 3600 4575 μά-

365 4613 538 4671 ιηυιιι,
557 4623 668 4678 quo
690 4624 836 4673 nunc
854 4616 1121 4674 movetur,
1143 4608 1418 4685 quomodo
1430 4625 1539 4665 non
1550 4609 1754 4670 frustra
1769 4611 1945 4681 illiga-

365 4706 458 4753 tus
473 4708 556 4761 est
573 4699 989 4770 sphaeraamuod
1010 4700 1057 4756 si
1081 4716 1190 4756 non
1225 4702 1331 4757 hoc
1358 4702 1661 4760 secundum
1687 4712 1941 4759 naturam

366 4796 699 4854 moveretur,
733 4789 826 4845 sed
856 4790 963 4845 alio
996 4798 1090 4845 aut
1112 4792 1416 4860 quantitate
1442 4798 1537 4846 aut
1565 4792 1830 4862 qualitate
1855 4792 1943 4847 di-

364 4894 548 4937 verso:
577 4882 852 4949 quomodo
872 4896 980 4945 non
1002 4891 1198 4960 praeter
1219 4890 1469 4937 naturam
1488 4898 1634 4937 nunc
1667 4885 1946 4940 movetur?

528 4966 630 5024 '56.
664 4971 747 5024 Ex
770 4975 949 5033 eodem
978 4976 1135 5039 libro,
1167 4976 1324 5039 ibid.,
1356 4990 1407 5029 c.
1434 4975 1487 5042 8,
1514 4990 1569 5045 p.
1600 4972 1727 5029 289.

445 5074 464 5105 ο
496 5054 671 5111 Orbes
698 5056 921 5127 quidem
966 5065 1274 5124 moventur,
1308 5059 1481 5115 stellas
1528 5071 1712 5117 autem
1746 5062 1947 5133 quietae

368 5157 520 5214 Stmt,
552 5149 890 5222 orbibusque
915 5148 1180 5207 devinctae
1207 5149 1475 5208 feruntur.
1506 5172 1526 5205 ι

440 5240 499 5294 Si
530 5248 727 5295 natura
775 5241 831 5295 in
888 5241 1116 5297 orbibus
1164 5242 1335 5297 stella;
1383 5244 1696 5313 quiescunt,
1738 5243 1945 5307 frustra

366 5328 593 5389 orbibus
640 5338 773 5385 sunt
824 5330 1110 5393 devincta}.
1140 5329 1236 5391 Sin
1278 5341 1477 5411 praeter
1508 5342 1760 5391 naturam
1797 5335 1947 5406 quie-

367 5431 553 5488 scunt,
594 5439 790 5494 nempe
818 5439 915 5494 per
947 5423 1057 5477 vim
1083 5423 1398 5493 quiescunt.
1422 5423 1561 5477 Atin
1598 5425 1760 5480 rebus
1788 5437 1936 5481 aeter-

369 5515 454 5568 nis
483 5515 621 5578 nihil
654 5515 739 5571 vel
767 5515 973 5575 frustra
1003 5521 1108 5581 est,
1130 5514 1215 5569 vel
1229 5520 1425 5583 prater
1454 5521 1728 5569 naturam.
1758 5516 1945 5587 Itaque

372 5605 687 5667 Aristoteles
749 5611 1019 5665 rationem
1070 5617 1253 5665 motus
1284 5607 1523 5663 siderum
1559 5624 1666 5664 non
1714 5610 1938 5673 invenit.

439 5762 483 5801 ῃ
516 5761 640 5843 L03.
675 5766 739 5820 τὰ
775 5767 1035 5839 ἀγένητα.

2043 4621 2144 4676 την
2182 4602 2405 4673 ὲνεδέθη
2451 4604 2519 4673 τῇ
2570 4601 2812 4672 σφαίρας
2859 4601 2923 4654 Εἰ
2954 4600 3011 4653 δὲ
3050 4601 3126 4672 μὴ
3162 4601 3367 4670 ταύτην
3398 4598 3597 4652 ἐκινεῖτο

2044 4696 2187 4751 κατά
2237 4694 2432 4765 φύσιν,
2485 4693 2599 4748 ἀλλ’
2648 4693 2840 4764 ἑτέραν
2894 4692 3052 4764 παρά
3100 4692 3342 4763 ταύτην,
3388 4690 3484 4744 εἴτε
3529 4684 3596 4755 τῷ

2044 4787 2197 4858 ποσῷ
2230 4787 2340 4840 εἴτε
2386 4785 2463 4857 τῷ
2505 4784 2647 4857 ποιῷ
2668 4802 2681 4815 ·
2719 4783 2837 4848 πῶς
2879 4785 2940 4837 οὐ
2994 4784 3147 4856 παρὰ
3193 4783 3355 4853 φύσιν
3395 4782 3591 4835 κινεῖται

2043 4898 2140 4943 νυν
2158 4896 2173 4945 ;

2434 4968 2520 5024 56.
2557 4969 2650 5021 Ἐκ
2684 4967 2792 5021 τοῦ
2820 4966 3007 5022 αὐτοῦ
3030 4967 3240 5037 λόγου.

2122 5080 2141 5115 ι
2179 5063 2316 5127 Τοὺς
2352 5062 2452 5133 μὲν
2485 5058 2717 5121 κύκλους
2750 5058 3053 5123 κινεῖσθαι,
3088 5057 3159 5111 τὰ
3193 5057 3250 5110 δὲ
3284 5056 3449 5126 ἄστρα
3475 5052 3587 5123 ᾕρεε

2049 5156 2189 5223 μεῖν,
2225 5154 2319 5207 καὶ
2344 5150 2658 5222 ἐνδεδεμένα
2688 5152 2801 5214 τοῖς
2833 5150 3056 5213 κύκλοις
3090 5149 3373 5220 φέρεσθαι.
3406 5165 3421 5197 ι

2116 5244 2180 5297 Ei
2204 5244 2301 5314 μὲν
2321 5242 2460 5296 κατά
2479 5241 2640 5311 φύσιν
2666 5242 2867 5312 ἠρεμεῖ
2886 5241 2943 5294 ὲν
2961 5241 3075 5303 τοῖς
3098 5240 3320 5301 κύκλοις
3338 5238 3401 5290 τά
3422 5229 3585 5302 ἄστρα.

2050 5336 2227 5407 μάτην
2260 5334 2522 5399 ἐνδέδεται
2554 5337 2669 5398 τοῖς
2700 5333 2951 5397 κύκλοις·
2975 5336 3025 5387 εί
3054 5335 3117 5393 δὲ
3146 5333 3301 5405 παρὰ
3328 5331 3471 5401 φύσιν
3485 5330 3587 5396 ἠρε-

2050 5430 2159 5499 μεῖ,
2187 5426 2427 5499 δηλονότι
2461 5427 2551 5499 βίᾳ.
2577 5428 2793 5497 ἠρεμεῖ.
2835 5425 2997 5479 Ἀλλά
3030 5428 3089 5478 ὲν
3121 5427 3236 5488 τοῖς
3262 5423 3437 5485 ἀῖδίοις
3457 5420 3587 5474 οὐθὲν

2045 5517 2169 5571 οὔτε
2206 5518 2384 5590 μάτην
2409 5519 2532 5572 οὔτε
2561 5517 2713 5589 παρά
2740 5515 2927 5588 φύσιν.
2964 5519 3083 5572 Οὐκ
3113 5518 3221 5589 ἄρα
3247 5513 3399 5589 εὗρεν
3422 5518 3447 5568 ὁ
3467 5517 3590 5582 ’Δρε-

2050 5611 2302 5684 στοτέλης
2335 5612 2426 5665 τὸν
2461 5609 2708 5681 περὶτῆς
2738 5609 2852 5664 τῶν
2886 5612 3106 5682 ἄστρων
3138 5610 3399 5681 κινήσεως
3426 5605 3583 5671 λόγον·
