3662 6472
68 370 181 426 1557

708 369 1151 432 CONFUTATIO
1190 372 1637 442 QUORUMDAM
1675 342 2133 436 ARISTOTELIS
2171 379 2577 438 DOGMATUM.

3153 391 3289 447 1558

66 486 186 539 ἀίδια
216 482 323 554 γὰρ
347 482 495 552 λέγει
516 482 597 551 τὰ
629 484 834 558 ἄστρα·
873 488 967 542 καὶ
1003 489 1063 542 ὲν
1088 485 1171 555 οἷς
1202 485 1324 545 εἷπε
1355 492 1483 562 περὶ
1514 492 1597 562 τῆ‹

1775 492 1947 548 iterua
1996 508 2234 565 namque
2270 508 2335 549 ea
2370 509 2494 552 esse
2542 495 2776 565 asserit,
2802 508 2857 556 et
2878 500 2934 555 in
2960 498 3056 569 iis,
3074 514 3197 574 quae
3222 503 3289 559 de

64 574 217 628 αὐτῶν
244 574 509 644 κινήσεως
530 615 546 638 ,
581 574 865 647 ἀμφότερα
897 578 1177 647 φαίνεται,
1206 578 1265 631 τὸ
1299 580 1475 649 μάτην
1517 580 1615 633 καὶ

63 664 193 735 παρὰ
226 664 407 733 φύσιν.
440 665 503 717 Et
532 665 677 719 ἀΐδια
710 668 808 737 μὲν
836 668 907 722 τὰ
933 667 1142 739 ἄστρα,
1175 668 1344 733 ἀίδιος
1369 670 1427 723 δὲ
1460 670 1554 724 καὶ
1586 673 1615 725 6

62 755 260 826 οὐρανὸς
286 756 345 808 ὲν
368 748 413 823 ᾧ
438 755 561 809 ἐστὶ
588 755 659 809 τὰ
689 758 871 830 ἄστρα
898 759 1176 831 δεδεμένα,
1200 762 1294 815 καὶ
1319 762 1452 826 Θεὸς
1479 762 1612 816 ἕκα-

62 862 165 899 στον
193 846 372 899 αὐτῶν
418 849 847 921 προσηγόρευται
866 867 881 879 ·
935 852 1051 917 πῶς
1083 855 1191 911 οὐκ,
1214 854 1323 907 εἰσὶ
1367 854 1479 907 θεοὶ
1511 854 1615 908 ὐπὸ

61 935 175 989 θεῶν
209 937 530 1007 συρόμενοι;
574 939 654 992 Τὰ
685 940 797 1013 γὰρ
833 942 911 1013 τῷ
958 945 1269 1016 κινουμένῳ
1301 946 1614 1017 ἐνδεδεμένα

61 1028 347 1098 συρομένοις
396 1034 643 1085 κινεῖται.
681 1032 745 1086 Et
779 1033 914 1105 ἄλλη
946 1035 980 1106 ἡ
1022 1036 1269 1102 σύνθεσις
1302 1039 1490 1103 οὐσίας
1536 1040 1615 1111 (ἐξ

60 1118 169 1190 ὕλης
198 1120 304 1191 γὰρ
335 1123 429 1176 καὶ
455 1121 669 1203 εἴδους),
721 1127 972 1199 καὶᾶλλη
1004 1131 1037 1200 ἠ
1075 1130 1322 1196 σύνθεσις
1344 1134 1378 1202 ή
1407 1134 1472 1186 ὲκ
1499 1132 1610 1188 τῶν

56 1208 218 1262 οὐσίαν
243 1210 476 1281 ἑχόντων
505 1215 684 1286 μερῶν
703 1232 716 1246 ·
756 1216 875 1281 πῶς
902 1218 1045 1272 ἀΐδια
1070 1220 1245 1274 ταῦτα
1276 1221 1512 1290 λέγεται,
1544 1223 1611 1277 τὰ

56 1298 349 1369 ἀμφοτέρας
380 1300 572 1372 έχοντα
615 1305 717 1370 τὰς
750 1307 1063 1377 σύνθεσεις;
1112 1311 1169 1365 '0
1201 1312 1312 1384 γὰρ
1348 1314 1606 1386 οὐρανὸς,

56 1390 172 1459 ἔχων
197 1391 286 1444 τὸν
314 1391 467 1462 ἣλιον
498 1395 594 1449 καὶ
622 1397 693 1451 τὰ
733 1400 909 1471 ἄστρα
939 1402 1255 1474 ἐνδεδεμένα
1288 1404 1451 1476 μέρη,
1490 1405 1613 1459 σύν-

56 1481 185 1545 θετος
232 1483 295 1547 ἐξ
339 1486 522 1541 αὐτῶν
564 1490 747 1545 ἐστιν⁸
794 1492 933 1564 ἔχων
966 1494 1076 1566 γὰρ
1122 1496 1295 1555 ταῦτα
1342 1498 1406 1569 ὲν,
1434 1498 1611 1568 ἑαυτῷ

53 1578 179 1631 ἐστιν
208 1579 237 1631 6
267 1580 518 1657 οὐρανός.

424 1761 509 1817 57.
547 1764 784 1820 Ἐκίτοῦ
802 1766 992 1821 αὑτοῦ
1019 1769 1226 1838 λόγου.

1718 580 1936 637 illorum
1978 588 2133 637 motu
2179 582 2442 651 disserit,
2481 593 2778 658 utrumque
2827 600 3081 661 apparet,
3144 598 3289 667 quod

1717 674 1923 731 frustra
1942 681 2027 732 est
2048 674 2258 745 etquod
2281 683 2476 746 praeter
2490 685 2763 736 naturam.
2784 679 2840 735 Si
2862 683 3032 739 stellae
3051 695 3287 755 aeternae,

1714 772 1981 821 aeternum
2040 781 2173 821 vero
2202 774 2255 821 et
2308 768 2509 823 coelum
2540 770 2595 825 in
2643 788 2753 842 quo
2786 773 2957 829 stella
3000 786 3130 831 sunt
3157 779 3291 834 deli-

1714 864 1872 927 gatae,
1926 864 1984 912 et
2011 854 2293 927 quodlibet
2322 872 2515 913 eorum
2562 861 2698 917 deus
2728 861 2934 917 dicitur
2971 879 2985 917 :
3018 867 3291 935 quomodo

1714 964 1824 1003 non
1858 957 1988 1004 sunt
2038 948 2115 1004 dii
2160 964 2191 1004 a
2240 950 2350 1006 diis
2379 952 2578 1006 tracti?
2617 951 2750 1020 Quae
2791 955 2939 1010 enim
2967 955 3024 1010 in
3053 972 3119 1012 eo
3147 958 3290 1027 quod

1715 1047 1985 1106 movetur,
2021 1050 2150 1097 sunt
2178 1042 2452 1108 devincta,
2500 1046 2720 1100 tractim
2753 1054 3061 1103 moventur.
3095 1048 3153 1104 Si
3185 1052 3291 1105 alia

1713 1138 1798 1187 est
1836 1133 2164 1203 compositio
2214 1135 2539 1191 substantias
2630 1136 2718 1208 (ex
2769 1126 2999 1194 materia
3050 1141 3197 1195 enim
3239 1152 3292 1196 et

1714 1222 1937 1296 forma),
1960 1233 2014 1281 ct
2037 1225 2144 1279 alia
2176 1229 2509 1298 compositio
2540 1244 2605 1285 ex
2646 1229 2895 1300 partibus
2924 1232 3289 1288 substantiam

1711 1317 2073 1373 habentibus:
2108 1320 2383 1388 quomodo
2436 1326 2642 1374 aeterna
2691 1321 2808 1377 hac
2850 1322 3130 1391 dicuntur,
3169 1342 3291 1395 qua:

1713 1416 2000 1479 utramque
2044 1409 2246 1465 habent
2300 1412 2794 1481 compositionem?
2845 1413 3057 1470 Caelum
3117 1419 3287 1485 enim,

1711 1497 1862 1569 quod
1891 1498 2062 1553 solem
2087 1506 2143 1554 et
2173 1499 2363 1555 stellas
2392 1500 2450 1556 in
2479 1517 2540 1557 se
2568 1502 2852 1561 devinctas
2885 1513 3070 1575 partes
3100 1507 3284 1572 habet,

1711 1589 2077 1659 compositum
2093 1604 2160 1645 ex
2187 1590 2269 1646 eis
2289 1577 2408 1659 est;
2442 1590 2543 1649 has
2580 1593 2726 1650 enim
2755 1595 2812 1649 in
2850 1595 3033 1665 seipso
3055 1596 3283 1663 habens,

1711 1680 1912 1736 cerlum
1940 1687 2046 1737 est.

1901 1766 1991 1822 57.
2027 1767 2114 1823 Ea:
2144 1769 2324 1824 eodem
2351 1769 2506 1837 libro,
2536 1770 2692 1837 ibid.,
2723 1784 2773 1825 c.
2808 1770 2862 1837 8,
2897 1784 2952 1839 p.
2986 1767 3113 1822 290.

112 1867 135 1899 ι
154 1850 289 1921 Πρὸς
318 1853 377 1906 δὲ
406 1854 617 1919 τούτοις
643 1856 836 1925 ἄλογον
862 1858 924 1911 τὸ
966 1859 1137 1931 μηθὲν
1165 1860 1393 1930 ὄργανον
1426 1860 1597 1925 αὐτοῖς

1785 1878 1803 1911 ι
1832 1858 2101 1916 Praeterea
2126 1875 2157 1914 a
2187 1862 2402 1917 ratione
2430 1862 2669 1918 alienum
2704 1871 2813 1929 est,
2846 1869 2907 1918 ut
2938 1864 3147 1919 nullum
3183 1864 3307 1931 illis,

50 1939 319 1997 ἀποδοῦναι
353 1946 455 2016 τὴν
499 1947 661 2015 φύσιν
693 1950 830 2020 πρὸς
860 1951 961 2021 τὴν
1008 1952 1240 2022 κίνησιν.
1290 1955 1456 2009 Οὐδὲν
1497 1956 1605 2028 γὰρ

48 2031 108 2094 ὡς
136 2034 287 2106 ἔτυχε
321 2039 529 2110 ποιεῖή
559 2040 749 2108 φύσις,
778 2042 1041 2097 οὐδὲτῶν
1072 2044 1170 2116 μὲν
1199 2045 1353 2111 ζώων
1385 2048 1603 2119 φροντί-

52 2138 159 2188 σαι,
204 2127 312 2180 τῶν
360 2127 419 2181 δὲ
468 2128 609 2183 οὕτω
652 2132 850 2202 τιμίων
906 2133 1214 2205 ὑπεριδεῖν,
1268 2135 1383 2189 ἀλλ’
1431 2136 1605 2192 ἔοικεν

47 2213 211 2286 ὥσπερ
268 2220 524 2292 ἐπίτηδες
573 2223 793 2294 ἀφελεῖν
841 2228 1020 2283 πάντα
1068 2229 1135 2283 δι’
1201 2223 1278 2284 ὧν
1332 2231 1604 2302 ἐνδέχεται

50 2307 272 2375 προϊέναι
299 2311 427 2365 καθ’
459 2313 618 2370 αὐτά.
664 2334 682 2367 ι
1288 2327 1293 2335 ’

104 2395 159 2447 Et
188 2396 294 2451 τῶν
322 2400 510 2454 ἀϊδίων
539 2420 599 2455 τε
633 2405 727 2458 καὶ
759 2406 1042 2478 ἀγενήτων
1069 2409 1247 2474 οὐδείς
1277 2410 1394 2464 ἐστι
1444 2429 1602 2484 ποιη-

48 2484 130 2555 τὴς
152 2525 166 2549 ,
194 2489 315 2541 οὐδὲ
359 2494 604 2563 φροντίδι
635 2498 782 2562 τινός
811 2500 948 2553 εἰσιν
982 2500 1018 2555 ἄ
1045 2503 1188 2555 εἰσιν
1207 2544 1221 2569 ,
1258 2502 1291 2573 ἦ
1318 2502 1535 2573 ἔχουσιν
1568 2503 1604 2556 ἃ

48 2574 201 2644 ἔχουσι
234 2581 376 2635 κατὰ
414 2584 609 2652 φύσιν*
646 2590 798 2654 πῶς,
835 2591 885 2643 εί
915 2591 1356 2664 ἀγένητόςίὲστιν
1383 2596 1413 2649 6
1442 2595 1604 2665 οὐρα-

47 2665 119 2757 νὸς
170 2671 258 2724 καὶ
300 2672 372 2727 τὰ
419 2676 478 2727 ὲν
524 2677 603 2748 τῷ
649 2680 866 2752 οὐρανῷ
914 2684 1215 2755 φαινόμενα
1262 2686 1603 2757 συναγένητα

48 2754 251 2827 ὑπάρχει
285 2760 474 2832 αὐτῷ,
507 2763 607 2837 τὴν
640 2768 801 2836 φύσιν
831 2768 943 2846 ἔχει
966 2754 1199 2844 ποιητήν
1224 2789 1284 2825 τε
1313 2754 1597 2847 καὶίφρον·

46 2852 207 2923 τιστὴν
250 2854 362 2909 τῶν
398 2857 537 2929 πρὸς
575 2860 676 2931 τὴν
724 2861 983 2923 σύστασιν
1018 2866 1197 2919 αὐτῶν
1229 2866 1599 2937 τελουμένων;

48 2938 96 2990 ΕΙ
118 2940 345 3012 ἥρμοττε
364 2946 445 3019 τῷ
477 2949 605 3020 περὶ
638 2952 737 3024 τῆς
766 2955 1031 3026 κινήσεως
1052 2956 1159 3010 τῶν
1181 2957 1367 3011 ἀϊδίων
1400 2958 1491 3011 τὸν
1517 2958 1604 3011 λό-

46 3045 120 3093 γον
150 3038 453 3110 ποιουμένῳ
483 3040 545 3093 τὸ
575 3041 753 3111 λέγειν
798 3045 895 3117 τὴν
924 3047 1084 3115 φύσιν
1127 3050 1293 3121 μηδὲν
1327 3050 1402 3113 ὡς
1445 3050 1601 3123 ἔτυχε

47 3127 190 3177 ποιεῖν
208 3144 234 3161 --
250 3129 371 3193 πῶς
398 3131 499 3186 οὐκ
530 3133 648 3189 ἐστι
679 3135 837 3206 δῆλον
867 3176 889 3201 ,η
913 3138 996 3191 δτι
1048 3139 1185 3216 ἔργα
1215 3142 1322 3195 εἰσὶ
1362 3143 1463 3212 τῆς
1510 3145 1604 3212 φύ-

47 3228 159 3310 σεως
236 3236 294 3272 τε
322 3221 557 3293 οὐρανὸς
587 3225 681 3279 καὶ
710 3228 781 3282 τὰ
811 3229 1116 3305 ὲννούρανῷ
1146 3235 1467 3306 φαινόμενα,
1500 3238 1599 3310 τῆς
1626 3219 1668 3278 C

46 3303 316 3382 ἀφελούσης
344 3313 528 3367 αὐτῶν
548 3315 621 3369 τὰ
650 3317 855 3389 ὄργανα
882 3320 981 3392 τῆς
1004 3303 1319 3395 κινήσεως

394 3405 485 3461 58.
536 3408 631 3463 Ἐκ
662 3410 769 3464 τοῦ
800 3412 986 3466 αὑτοῦ
1022 3414 1227 3483 λόγου.

98 3510 113 3542 ι
159 3493 313 3548 Ἐπεὶ
356 3492 454 3551 οὖν
503 3497 586 3552 δεῖ
634 3499 735 3554 τὸν
775 3500 875 3573 μὲν
923 3501 1153 3573 οὐρανὸν
1186 3506 1452 3560 κινεῖσθαι
1502 3506 1599 3579 τὴν

45 3579 208 3637 ἑαυτοῦ
241 3585 354 3660 (56)
392 3589 626 3662 κίνησιν,
657 3590 728 3645 τὰ
758 3591 804 3645 δ’
846 3592 982 3646 ἄλλα
1018 3594 1195 3668 ἄστρα
1230 3597 1305 3670 μὴ
1352 3599 1602 3670 προϊέναι

45 3670 109 3722 δι’
147 3677 339 3743 αὐτῶν,
384 3679 624 3749 εὐλόγως
676 3682 742 3737 ἂν
788 3671 1048 3757 ἑκάτερον
1099 3686 1184 3758 εἴη
1237 3689 1594 3759 σφαιροειδές.

44 3763 311 3852 ρῦτω-γὰρ
346 3770 415 3825 ἄν
460 3772 695 3843 μάλιστα
727 3773 840 3847 (57)
884 3776 948 3830 τὸ
982 3776 1081 3848 μὲν
1131 3779 1502 3852 κινηθήσεται,
1536 3783 1599 3835 τὸ

46 3849 87 3901 δὲ
117 3856 398 3931 ἠρεμήσει.
431 3880 459 3913 ι

98 3944 153 3997 Et
190 3949 253 4000 τὸ
280 3950 528 4022 ἠρεμοῦν
560 3953 739 4009 ὲκεῖνο
770 3955 987 4027 λέγεται
1012 3959 1085 4013 ’τὸ
1112 3960 1411 4031 δυνάμενον
1442 3979 1596 4034 κινη-

46 4029 174 4101 θῆναι
203 4038 299 4110 τὴν
330 4041 548 4113 κίνησιν
597 4046 813 4119 ἐκείνην
845 4048 938 4118 ἀφ’
970 4043 1038 4122 ἦς
1069 4029 1284 4122 ἠρεμεῖ,
1319 4051 1436 4117 πῶς
1469 4029 1599 4124 {mea

46 4125 119 4188 μυεῖ
139 4126 433 4202 τὰιᾶστρα,
473 4133 608 4187 ίδίαν
640 4136 740 4190 οὐκ
772 4136 963 4208 ἔχοντα
994 4140 1208 4213 κίνησιν
1256 4143 1378 4197 καθ’
1411 4145 1477 4215 ἢν
1510 4164 1596 4199 κι-

48 4215 220 4271 νεῖσθαι
249 4222 420 4293 ἐχρῆν
443 4240 457 4282 ς
482 4224 547 4278 Et
565 4225 622 4278 δὲ
653 4226 881 4299 δύναμιν
914 4231 1011 4301 μὲν
1045 4231 1156 4302 ἔχει
1182 4231 1278 4286 τοῦ
1304 4235 1592 4301 κινεῖσθαι,

46 4304 276 4362 κωλύεται
324 4312 385 4365 δὲ
412 4311 500 4366 διὰ
535 4315 598 4368 τὸ
641 4317 945 4372 ἐνδεδέσθαι
991 4322 1059 4390 τῇ
1101 4322 1341 4395 σφαίρᾳ.
1387 4323 1593 4395 πῶς,οὐ

48 4398 167 4466 παρὰ
198 4402 359 4469 φύσιν
385 4403 499 4475 ἔχει
528 4405 591 4459 τὺ
620 4410 884 4463 κινεῖσθαι
912 4410 1000 4464 ἀεί
1026 4427 1040 4477 ;
1075 4414 1139 4466 Εί
1170 4416 1283 4478 τοῖς
1308 4416 1598 4472 ἅεϊκινου-

1708 1961 1903 2007 natura
1932 1952 2359 2008 instrumentum
2376 1951 2589 2009 dederit
2609 1955 2676 2023 ad
2694 1963 2903 2011 motum
2931 1973 2944 2009 :
2980 1955 3119 2011 nihil
3143 1954 3290 2011 enim

1708 2051 1912 2099 temere
1937 2042 2069 2098 facit
2128 2052 2346 2111 natura.
2373 2043 2485 2101 Nec
2515 2044 2734 2101 videtur
2780 2046 3141 2101 animantium
3169 2047 3290 2117 qui-

1707 2135 1827 2189 dem
1860 2150 2047 2195 curam
2102 2135 2364 2206 gessisse,
2414 2150 2505 2193 res
2532 2151 2663 2192 vero
2692 2142 2803 2191 tam
2838 2144 3166 2207 praestantes
3193 2151 3290 2193 ne-

1707 2226 1942 2296 glexisse
1972 2242 1985 2278 :
2019 2225 2117 2281 sed
2171 2227 2330 2297 quasi
2375 2228 2444 2283 de
2494 2227 2769 2283 industria
2813 2227 3085 2285 ademisse
3104 2228 3288 2283 omnia

1707 2319 1907 2389 quibus
1938 2333 2035 2388 per
2055 2333 2115 2375 se
2142 2320 2399 2391 progredi
2426 2327 2673 2391 possent.
2705 2339 2723 2373 ι

1781 2408 1838 2464 Si
1859 2417 2187 2466 aeternorum
2217 2419 2382 2482 atque
2432 2413 2803 2485 ingenitorum
2837 2413 3024 2468 nullus
3052 2420 3138 2468 est
3162 2426 3287 2467 con-

1706 2501 1872 2567 ditor,
1924 2517 2103 2573 neque
2144 2503 2474 2574 cujusquam
2516 2518 2647 2559 cura
2693 2510 2821 2560 sunt
2861 2504 2919 2559 id
2953 2503 3099 2575 quod
3133 2510 3283 2567 sunt,

1707 2603 1803 2651 aut
1830 2595 2031 2651 habent
2091 2595 2146 2651 id
2176 2596 2324 2667 quod
2376 2603 2576 2652 natura
2608 2598 2813 2653 habent
2845 2616 2860 2653 :
2893 2597 3194 2667 quomodo,
3238 2598 3285 2654 si

1706 2688 2004 2759 ingenitum
2030 2694 2115 2745 est
2134 2689 2358 2755 cmlum,
2395 2695 2450 2745 et
2500 2705 2622 2760 qua:
2649 2689 2705 2743 in
2733 2703 2800 2745 eo
2830 2696 3098 2759 apparent
3121 2689 3287 2745 simul

1706 2779 1966 2850 ingenita,
1993 2786 2246 2834 naturam
2276 2781 2480 2836 habent
2500 2789 2557 2836 et
2583 2779 2946 2835 conditricem
2964 2787 3019 2835 et
3050 2780 3287 2834 curatri—

1706 2883 1822 2925 cem
1842 2884 2056 2936 eorum,
2082 2886 2204 2943 quae
2227 2871 2295 2926 ad
2332 2870 2492 2943 581
2534 2872 2987 2927 constitutionem
3039 2871 3283 2941 ipsorum

1706 2958 1946 3016 faciunt?
1976 2961 2033 3018 Si
2059 2964 2421 3020 conveniebat
2445 2965 2513 3020 de
2544 2971 2695 3019 motu
2724 2979 2908 3021 rerum
2942 2972 3284 3020 antemarum

1705 3053 1885 3124 agenti
1919 3053 2121 3121 dicere,
2168 3063 2422 3111 naturam
2479 3057 2616 3112 nihil
2654 3063 2863 3113 temere
2902 3055 3283 3126 facere:quo-

1704 3144 1870 3199 modo
1898 3145 2248 3216 perspicuum
2278 3156 2512 3215 nonest,
2540 3150 2765 3213 caelum,
2797 3156 2851 3206 et
2889 3164 3012 3220 quae
3055 3148 3111 3202 in
3142 3148 3286 3203 cmlo

1702 3241 1987 3305 apparent,
2041 3241 2253 3294 natura:
2302 3254 2467 3310 opera
2522 3255 2664 3309 esse,
2713 3256 2835 3312 quae
2855 3241 2968 3297 illis
3023 3240 3285 3296 motionis

1702 3317 2070 3385 Histrumenta
2097 3330 2346 3387 ademit?
2727 3341 2730 3344 ’

2154 3425 2244 3484 58.
2270 3423 2357 3479 Ea:
2386 3428 2567 3483 eodem
2597 3428 2758 3497 libro,
2792 3428 2924 3485 ibid.

1776 3528 1807 3562 c~
1835 3511 1973 3566 Cum
2024 3511 2194 3583 igitur
2238 3520 2513 3584 oporteat,
2569 3521 2629 3568 ut
2680 3515 2880 3569 caelum
2933 3515 3153 3584 quidem
3179 3532 3283 3573 suo

1700 3611 1984 3659 moveatur
2014 3610 2188 3668 motu,
2219 3612 2369 3659 astra
2395 3618 2527 3659 vero
2556 3605 2662 3658 alia
2692 3620 2790 3675 per
2815 3621 2877 3661 se
2911 3620 3020 3660 non
3050 3622 3276 3678 progre—

1700 3686 1954 3747 diantur:
1986 3693 2182 3748 merito
2227 3701 2464 3763 utraque
2515 3693 2748 3750 rotunda
2797 3696 3129 3752 exstiterint.
3185 3697 3279 3753 Sic

1698 3783 1845 3838 enirn
1889 3784 2128 3842 maxime
2174 3785 2423 3843 alterum:
2452 3786 2783 3853 movebitur,
2842 3788 3073 3843 alterum
3118 3788 3276 3857 quie-

1700 3884 1834 3932 seet.
1870 3895 1909 3930 ις
2434 3942 2439 3949 ι

1771 3967 1830 4024 Si
1881 3968 2585 4042 ilhidrquiescere‘dicitur,
2621 3971 2766 4041 quod
2812 3984 2877 4027 eo
2907 3978 3055 4027 motu
3103 3979 3278 4040 potest

1699 4063 1907 4118 moveri
1937 4078 1968 4117 a
2014 4078 2124 4134 quo
2151 4063 2406 4135 quiescit,
2434 4064 2710 4134 quomodo
2738 4064 2911 4121 stella:
2963 4063 3275 4135 quiescunt,

1699 4163 1907 4211 motum
1937 4156 2220 4225 proprium
2269 4172 2381 4212 non
2422 4156 2685 4212 habentes
2711 4196 2726 4223 ,
2771 4171 2880 4227 quo
2926 4157 3134 4212 moveri
3183 4169 3279 4212 eas

1697 4246 2072 4322 oportuisset?
2104 4246 2201 4307 Sin
2222 4247 2430 4303 moveri
2467 4246 2688 4317 quidem
2722 4256 2975 4316 possunt,
3006 4245 3098 4301 sed
3133 4244 3277 4299 inhi-

1700 4340 1896 4394 bentur
1925 4340 2055 4410 quia
2084 4340 2245 4411 globo
2268 4347 2397 4395 sunt
2420 4340 2669 4410 illigatae:
2701 4337 2975 4409 quomodo
2999 4352 3109 4392 non
3140 4352 3278 4406 prae~

1700 4439 1783 4487 ter
1804 4440 2058 4487 naturam
2103 4432 2308 4489 habent
2334 4439 2397 4487 ut
2434 4447 2653 4503 semper
2688 4430 3055 4487 moveantur?
3080 4427 3138 4483 Si
3181 4429 3273 4495 iis,

45 4489 301 4591 μένοις-ὡς
336 4497 595 4567 ἁρμόδιον
639 4500 797 4572 ἐδόθη
824 4502 885 4555 τὸ
918 4506 1204 4575 σφαιρικὸν
1238 4507 1447 4580 σχῆμα,
1481 4511 1596 4576 πῶς

1776 4542 1821 4581 :e
1867 4534 2129 4598 perpetuo
2166 4535 2478 4593 moventur,
2524 4489 2701 4582 forma
2742 4525 2967 4597 globosa
3014 4532 3275 4594 tanquam

49 4579 131 4634 εῶν
181 4587 413 4657 ἑχόντων
457 4590 521 4644 τὸ
567 4594 855 4663 σφαιρικὸν
900 4594 1087 4667 σχῆμα
1114 4598 1176 4651 τὸ
1233 4600 1334 4670 μὲν
1367 4606 1596 4659 κινεῖται

44 4671 199 4741 ἀεὶνὼς
218 4681 246 4732 6
269 4680 520 4753 οὐρανὸς,
542 4682 604 4737 rb
624 4685 681 4738 δὲ
708 4687 795 4740 ἀεὶ
814 4688 1031 4758 ἠρεμεῖ,
1049 4690 1125 4753 ὡς
1150 4689 1219 4744 τὰ
1249 4692 1425 4764 ἄστρα
1448 4695 1594 4772 (.58);

398 4863 486 4919 59.
531 4864 627 4918 Ἐκ
658 4864 765 4919 τοῦ
796 4865 985 4920 αὐτοῦ
1003 4867 1212 4938 λόγου.

106 4966 121 4997 ι
160 4950 317 5007 Ὥστε
352 4955 583 5029 ἐπείπερ
622 4957 683 5011 οὐ
713 4956 962 5026 φαίνεται
996 4958 1158 5013 τοῦτο
1196 4959 1283 5014 ἀεὶ
1316 4960 1429 5033 (59)
1461 4978 1597 5034 συμ-

44 5034 219 5109 ϐαῖνον,
249 5044 375 5099 οὐτε
408 5045 477 5101 ἂν
503 5047 743 5119 ἔμψυχον
785 5047 909 5101 οὐτε
944 5048 1116 5119 βίαιον
1159 5052 1385 5124 φέροιτο
1425 5053 1598 5127 φορὰν

46 5129 176 5187 οὐθὲν
201 5136 399 5203 αὐτῶν,
434 5137 622 5211 ὥσπερ
670 5140 734 5194 τὸ
776 5140 966 5212 μέλλον
997 5141 1214 5198 ἔσεσθαι
1266 5145 1597 5217 προνοούσης

51 5222 125 5293 πῆς
153 5226 382 5296 φύσεως,
413 5231 495 5285 ὅτι
518 5232 605 5304 μὴ
640 5235 830 5289 τοῦτον
855 5232 948 5288 τδν
977 5236 1180 5306 τρόπον
1229 5237 1459 5313 ἐχούσης
1495 5237 1596 5309 τῆς

105 5379 207 5517 S56;
238 5384 512 5442 Ἑαυτοῦ.
545 5388 773 5447 Aristot.
795 5390 983 5446 αὐτοῦ.

126 5450 188 5504 57
236 5456 399 5510 Οὕτω
456 5459 566 5517 γὰρ
605 5458 683 5514 ἂν
727 5460 983 5517 μάλιστα

106 5450 207 5522 (57)
236 5456 399 5510 Οὕτω
456 5459 566 5529 γὰρ
605 5458 683 5514 ἂν
722 5460 1010 5530 μάλιστα.
1053 5460 1283 5521 Aristot.
1313 5462 1455 5518 οὕτω
1500 5463 1597 5533 μὲν

52 5516 138 5590 fit?
152 5522 397 5590 μάλιστα.
426 5559 430 5564 -

256 5543 397 5579 ιστα.
426 5559 430 5564 ·

120 5588 204 5671 ἕξ)
239 5594 331 5671 ’ρς
355 5594 672 5671 τᾲᾶσφιι.
714 5597 840 5671 Haec
871 5600 1237 5671 suppeditavit
1269 5599 1402 5670 Reg.
1437 5602 1487 5656 Ι.

107 5658 384 5739 (59)-ᾊεί.
421 5658 589 5721 Deest
615 5670 756 5737 apud
792 5658 1015 5724 Aristbi.
1052 5677 1107 5725 et
1137 5686 1167 5723 a
1199 5658 1468 5739 scriptore
1497 5687 1595 5725 no-

48 5730 162 5810 §tr9,
191 5733 234 5786 si
262 5734 308 5789 is
335 5750 402 5810 eo
435 5751 569 5810 usus
593 5730 696 5810 est,
729 5739 809 5810 sic
834 5739 1060 5810 intelligi
1092 5739 1298 5802 debuit,
1316 5730 1414 5792 ’ἀεὶ
1440 5739 1596 5792 τοῦτο

49 5806 266 5856 φαίνεται
303 5806 363 5859 οὐ
398 5807 709 5873 συμϐαῖνον,
739 5806 831 5866 Ait
854 5806 1368 5876 enim'Aristoteles,
1399 5811 1444 5866 si
1474 5810 1597 5866 stel—

1699 4624 1825 4688 apta
1854 4627 1908 4674 et
1936 4618 2135 4677 habilis
2153 4629 2239 4676 est
2265 4619 2530 4675 attributa
2555 4638 2569 4675 :
2605 4617 2881 4689 quomodo
2913 4632 3104 4672 eorum
3154 4630 3277 4685 qua:

1699 4710 1990 4765 rotundam
2021 4710 2227 4767 habent
2260 4710 2508 4782 figuram,
2557 4710 2713 4765 aliud
2741 4723 2955 4779 semper
2998 4714 3271 4769 movetur,

1700 4808 1775 4859 ut~
1797 4802 1997 4859 cmlum
2018 4842 2034 4868 ,
2067 4802 2214 4858 aliud
2239 4818 2453 4873 semper
2489 4803 2729 4874 quiescit
2761 4808 2822 4857 ut
2854 4801 3067 4856 stellze?

1897 4901 1986 4957 59.
2021 4899 2104 4955 Ea:
2131 4901 2309 4957 eodem
2337 4902 2494 4963 libro,
2528 4894 2684 4959 ibid.,
2712 4907 2762 4948 ε.
2796 4891 2851 4957 9,
2878 4905 2930 4958 p.
2963 4886 3091 4942 291.

1773 4997 1792 5030 ι
1825 4979 2096 5046 Quocirca
2127 4981 2386 5037 cumshoc
2418 4996 2700 5052 nunquam
2736 4980 3070 5050 contingere
3109 4990 3276 5046 appa-

1699 5080 1838 5139 reat,
1861 5089 1963 5129 nec
1990 5074 2232 5130 animato
2263 5088 2367 5129 nec
2398 5072 2640 5129 violento
2669 5079 2819 5129 motu
2851 5072 2961 5126 ulla
2997 5071 3274 5127 stellarum

1699 5164 1903 5221 fertur:
1938 5166 2284 5237 providentia
2328 5173 2541 5225 natura;
2585 5165 2831 5225 futurum
2874 5162 3275 5232 velutipraevi-

1699 5256 1866 5316 dente
1911 5272 2128 5329 nempe,
2177 5257 2292 5315 nisi
2331 5258 2437 5316 hoc
2484 5273 2558 5317 se,
2587 5256 2751 5314 modo
2800 5256 3271 5315 habere-tmolus,

1700 5392 2119 5465 lwinaereaut
2151 5394 2678 5465 igne-moverentur,
2706 5408 2805 5449 nec
2826 5391 3033 5465 sphaera
3062 5389 3274 5445 cohibe

1699 5470 1912 5529 rentur,
1943 5464 2060 5520 fore
2088 5472 2149 5517 ut
2177 5462 2417 5519 sonitum
2453 5464 2767 5519 horribilem
2795 5462 3040 5522 ederent,
3066 5468 3119 5512 et
3146 5474 3271 5511 cor-

1698 5548 1854 5602 pora,
1876 5550 1996 5604 qua:
2020 5536 2166 5591 circa
2189 5535 2337 5604 hunc
2371 5535 2548 5604 locum
2571 5541 2717 5604 sunt
2738 5530 3071 5585 offenderent
3093 5544 3156 5582 ac
3180 5536 3274 5597 νεα

1701 5603 1849 5658 nitus
1878 5602 2251 5659 immutarem.
2276 5602 2432 5669 Quod
2455 5603 2671 5671 quidem
2698 5616 2819 5655 cum
2850 5614 3129 5668 nunquam
3156 5613 3273 5671 eve

1701 5673 1834 5737 niat,
1868 5674 1997 5729 inde
2048 5668 2328 5729 concludit
2380 5668 2565 5730 stellas
2618 5686 2681 5726 eo
2736 5678 2908 5735 motu,
2954 5684 3115 5739 quem
3162 5668 3272 5723 illis

1700 5744 1967 5814 attribuit,
2001 5745 2151 5800 cieri.
