3690 6502
332 359 469 414 I559

330 563 476 617 hunc
507 562 709 619 locum.
755 580 776 614 ι

398 650 686 719 Quomodo
715 665 850 722 ergo
878 659 1083 708 aeterna
1127 659 1182 709 et
1212 650 1483 721 ingenita,
1505 666 1629 721 quae
1659 656 1720 703 ut
1758 648 1912 718 ejus-

330 744 478 798 modi
514 744 648 809 sint,
678 753 733 799 et
759 743 1039 813 ejusmodi
1067 751 1219 798 motu
1240 743 1517 806 cieantur,
1545 748 1758 795 natum
1784 755 1911 810 pro-

330 835 575 891 videntia
621 836 992 904 acceperunt?
1033 833 1170 887 Nam
1211 848 1334 903 quae
1362 832 1666 889 secundum
1724 830 1911 902 provi-

331 926 571 991 dentiam
596 935 747 989 sunt,
787 926 1091 995 posteriora
1120 933 1252 980 sunt
1291 924 1634 994 providentia
1655 967 1671 990 ,
1704 932 1911 979 aeterna

332 1024 515 1072 autem
564 1018 718 1071 nullo
746 1018 1075 1087 posteriora.
1125 1016 1182 1071 Si
1218 1017 1273 1071 id
1306 1017 1451 1086 quod
1497 1015 1741 1070 futurum
1789 1014 1909 1079 fuit,

333 1115 626 1177 antequam
645 1118 789 1162 esset
822 1122 930 1161 non
969 1115 1119 1163 erat:
1151 1107 1429 1177 quomodo
1460 1106 1573 1161 ﬁeri
1608 1113 1806 1176 potest,
1854 1111 1913 1158 ut

332 1198 401 1253 de
430 1199 570 1254 coelo
603 1206 657 1253 et
679 1199 876 1263 stellis,
912 1206 966 1255 et
995 1208 1145 1254 motu
1173 1214 1362 1254 earum
1394 1205 1689 1267 utrumque
1721 1213 1911 1252 verum

334 1291 425 1356 sit,
451 1290 633 1346 futura
650 1291 864 1347 scilicet
890 1290 1062 1347 fuisse
1084 1299 1138 1346 et
1159 1298 1363 1351 aeterna
1391 1304 1456 1344 ac
1491 1289 1732 1360 ingenita
1753 1288 1915 1344 esse?

334 1379 600 1436 Futurum
613 1383 782 1447 enim,
807 1381 1049 1437 nondum
1071 1389 1185 1449 est;
1217 1388 1480 1437 aeternum
1507 1389 1562 1436 et
1584 1379 1911 1451 ingenitum,

332 1488 551 1544 semper
577 1481 681 1529 est.
718 1473 777 1529 Si
807 1483 868 1530 ut
893 1489 956 1530 ea
983 1490 1106 1544 qua:
1129 1475 1342 1529 circum
1364 1474 1516 1528 hunc
1543 1473 1729 1527 locum
1762 1480 1912 1536 sunt,

334 1566 406 1619 ita
436 1581 497 1621 se
543 1566 810 1622 haberent
834 1574 895 1622 ut
924 1582 983 1623 se
1008 1567 1227 1629 habent,
1261 1566 1426 1621 talem
1460 1563 1913 1633 natura,qualem

332 1658 594 1723 diximus,
652 1660 779 1714 cmli
825 1667 1032 1714 motum
1067 1657 1348 1728 providit:
1397 1657 1674 1729 quomodo
1709 1664 1912 1712 aeterna

334 1750 447 1803 haec
475 1758 529 1805 et
561 1750 825 1820 ingenita,
858 1765 978 1819 qua:
1011 1756 1235 1818 propter
1264 1749 1447 1819 genita
1480 1754 1609 1804 sunt
1636 1754 1696 1802 ut
1743 1754 1908 1811 sunt,

331 1851 386 1896 et
414 1849 703 1896 moventur
735 1851 793 1895 ut
824 1842 1150 1896 moventur?

500 1933 593 1988 60.
625 1932 709 1988 Ea:
736 1935 913 1988 eodem
936 1934 1094 1998 libro,
1128 1931 1286 1998 ibid.,
1314 1946 1365 1986 c.
1399 1932 1488 1997 11,
1512 1946 1566 2001 p.
1596 1922 1720 1990 291.

405 2034 425 2067 ι
461 2016 916 2089 Quandoquidem
956 2019 1398 2076 demonstratum
1434 2030 1538 2082 est,
1567 2034 1681 2074 non
1712 2020 1786 2073 ita
1815 2033 1914 2072 na-

333 2116 456 2162 tura
508 2117 856 2180 comparatas
900 2125 1024 2167 esse
1069 2112 1257 2167 stellas
1297 2118 1357 2166 ut
1407 2125 1504 2181 per
1539 2111 1752 2181 seipsas
1797 2124 1915 2162 mo-

332 2207 581 2265 veantur,
613 2210 811 2257 natura
842 2211 1021 2258 autem
1053 2203 1188 2257 nihil
1220 2211 1417 2273 praeter
1435 2203 1702 2257 rationem
1736 2215 1914 2270 neque

334 2289 537 2345 frustra
567 2291 730 2357 facit;
771 2294 1027 2347 nimirum
1067 2302 1122 2349 et
1167 2293 1403 2348 formam
1448 2309 1567 2349 eam
1617 2293 1780 2347 rebus
1811 2292 1914 2346 itu—

331 2382 627 2439 mobilibus
653 2384 925 2450 attribuit,
977 2400 1099 2455 quze
1130 2385 1357 2440 minime
1385 2386 1455 2439 sit
1486 2384 1554 2438 ad
1585 2383 1911 2440 movendum

332 2481 492 2542 apta:
533 2476 759 2531 minime
783 2492 914 2532 vero
956 2477 1025 2531 ad
1080 2477 1411 2533 movendum
1462 2476 1912 2533 accommodatus

330 2566 545 2633 globus,
585 2582 652 2623 eo
680 2569 825 2637 quod
856 2568 1282 2624 instrumentum
1332 2569 1541 2624 nullum
1575 2570 1642 2623 ad
1704 2576 1910 2622 motum

333 2658 548 2714 haheat.
601 2658 812 2717 Idcirco
856 2660 1107 2717 videlicet
1154 2662 1379 2732 globosa
1425 2668 1511 2716 est
1558 2660 1730 2735 moles
1780 2659 1911 2715 stel-

334 2750 531 2805 larum.
575 2771 594 2801 ι

404 2839 462 2895 Si
500 2850 722 2919 natura,
756 2844 838 2899 eis
872 2859 995 2913 qua:
1036 2844 1299 2899 continue
1332 2852 1644 2908 moventur,
1680 2842 1907 2912 ﬁguram

329 2934 620 2989 rotundam
651 2936 719 2990 ad
751 2946 936 2993 motus
956 2938 1271 2994 facilitatem
1296 2937 1599 3008 appositam
1631 2935 1793 3006 582
1815 2934 1911 2988 de-

329 3024 409 3076 dit
442 3044 454 3078 :
490 3028 765 3095 quomodo
797 3030 970 3084 stella:
1002 3046 1113 3083 non
1144 3031 1424 3089 incassum
1456 3028 1729 3098 ejusmodi
1757 3042 1910 3082 rece-

329 3123 526 3181 perunt
559 3116 807 3186 ﬁguram,
841 3135 960 3188 quae
982 3119 1209 3174 orbibus
1247 3119 1513 3175 devinctae
1538 3127 1687 3181 sunt,
1724 3125 1780 3172 et
1811 3133 1911 3171 na-

330 3208 567 3261 turalem
612 3224 836 3263 cursum
868 3225 1029 3264 suum
1074 3210 1336 3280 perﬁcere
1391 3226 1504 3265 non
1536 3210 1800 3279 possunt?
1854 3207 1912 3263 Si

328 3296 503 3350 stellre
540 3313 649 3351 non
682 3299 756 3351 ita
785 3308 1118 3370 comparata:
1158 3308 1286 3355 sunt
1313 3309 1373 3354 ut
1420 3316 1517 3370 per
1547 3300 1759 3368 seipsas
1796 3315 1914 3355 mo-

330 3394 584 3451 veantur,
611 3405 720 3444 non
749 3406 879 3460 ergo
910 3399 1104 3444 natura
1134 3398 1397 3445 aeternum
1431 3391 1631 3445 habent
1662 3390 1914 3443 motum?

330 3478 616 3545 Quomodo
640 3496 773 3551 ergo
802 3496 868 3536 ex
913 3483 1107 3557 eodem
1135 3489 1263 3538 sunt
1295 3483 1588 3547 elemento,
1616 3496 1682 3536 ex
1722 3498 1831 3550 quo
1860 3488 1913 3534 et

330 3569 552 3631 malum,
584 3572 729 3639 quod
762 3586 940 3636 neque
967 3571 1292 3641 gravitatem
1332 3570 1494 3626 habet
1520 3585 1698 3639 neque
1723 3569 1907 3625 levita-

329 3660 475 3715 tem?
507 3661 563 3715 Si
593 3662 801 3715 cwlum
832 3661 1075 3731 quidem,
1110 3677 1175 3717 eo
1196 3663 1340 3731 quod
1367 3678 1431 3719 ex
1478 3660 1749 3731 ejusmodi
1780 3675 1913 3714 con-

328 3759 438 3807 stet
467 3753 763 3818 elemento,
810 3761 863 3807 et
901 3752 1048 3822 quod
1084 3754 1377 3807 rotundam
1423 3753 1621 3807 habeat
1650 3751 1909 3821 speciem,

329 3844 403 3897 ita
453 3851 650 3897 natura
678 3852 1058 3912 comparatum
1097 3853 1183 3900 est
1231 3852 1290 3898 ut
1332 3844 1679 3898 continenter
1700 3843 1909 3898 circum

328 3934 569 3989 medium
604 3942 700 4004 per
728 3934 969 4003 seipsum
1003 3944 1314 4001 moveatur;
1356 3935 1525 3989 stellae
1556 3941 1762 3997 autem,
1792 3948 1911 4002 qua}

328 4039 394 4077 ex
441 4024 629 4078 eodem
657 4033 786 4079 sunt
822 4025 1091 4080 elemento
1123 4025 1483 4094 eamdemque
1531 4024 1735 4078 habent
1774 4023 1909 4093 ﬁgu-

329 4129 467 4176 ram,
504 4129 612 4168 non
645 4114 717 4168 ita
743 4123 1072 4184 comparatae
1099 4122 1296 4169 natura
1326 4121 1455 4169 sunt
1485 4121 1543 4168 ut
1569 4129 1667 4184 per
1697 4113 1908 4182 seipsas

329 4213 682 4260 moveantur:
728 4205 933 4260 frustra
958 4205 1143 4275 igitur,
1169 4214 1224 4259 ut
1251 4205 1489 4270 videtur,
1525 4210 1722 4257 natura
1750 4204 1831 4258 eis
1853 4211 1908 4256 et

328 4298 691 4353 substantiam
725 4306 779 4352 et
812 4296 1037 4367 ﬁguram
1084 4297 1279 4351 tribuit
1312 4297 1377 4351 ad
1414 4295 1739 4350 continuum
1787 4310 1906 4348 ino-

284 4382 285 4387 “
327 4395 441 4438 tum
474 4385 802 4456 appositam,
842 4386 886 4441 si
921 4387 1273 4442 stabilitatem
1312 4386 1513 4440 habent
1547 4384 1901 4439 immobilem.

327 4476 483 4541 Quod
506 4479 677 4533 stellae
706 4486 759 4533 et
790 4479 1154 4533 substantiam
1186 4486 1239 4533 et
1269 4477 1495 4548 ﬁguram
1528 4476 1730 4531 habent
1756 4491 1903 4530 sem-

326 4577 423 4630 per
448 4564 724 4630 mobilem,
758 4567 1221 4636 stabilitatemque
1250 4565 1606 4633 immobilem,
1636 4563 1909 4635 quomodo

328 4653 380 4705 id
416 4670 524 4707 non
559 4663 638 4710 est
681 4656 875 4711 aliena:
924 4671 954 4709 a
986 4656 1197 4710 ratione
1244 4654 1544 4709 creationis
1572 4661 1627 4709 et
1675 4652 1909 4710 frustra-

326 4758 444 4796 ηοω
482 4744 770 4808 indicium,
803 4761 925 4819 qua}
964 4754 1161 4815 praeter
1201 4755 1452 4803 naturam
1483 4745 1613 4802 fecit
1644 4758 1702 4801 ut
1738 4748 1909 4804 stellae

327 4832 703 4901 quiescerent?
734 4833 788 4889 Si
825 4836 1190 4905 ingenitorum
1215 4843 1268 4890 et
1289 4843 1618 4890 aeternorum
1650 4836 1908 4899 substan-

328 4923 416 4975 tia:
446 4938 610 4994 supra
631 4939 853 4981 omnem,
874 4926 988 4980 sive
1021 4926 1222 4980 rationi
1249 4934 1698 4990 consentaneam,
1738 4927 1852 4982 sive
1876 4942 1906 4980 a

328 5014 540 5068 ratione
570 5015 804 5068 alienam
845 5016 1185 5072 creationem
1236 5025 1387 5081 sunt,
1416 5018 1711 5088 quomodo,
1740 5018 1785 5072 si
1820 5019 1906 5093 in;-

325 5105 568 5174 genitum
612 5107 811 5161 C(elum
859 5116 912 5162 et
943 5118 1115 5173 astra,
1169 5116 1400 5173 natura},
1439 5124 1564 5180 quae
1596 5110 1732 5165 nihil
1766 5127 1905 5181 prae-

324 5204 410 5250 ter
439 5198 707 5253 rationem
756 5205 849 5252 aut
884 5196 1085 5254 frustra
1129 5198 1279 5267 facit,
1322 5201 1662 5270 providentia
1696 5212 1823 5257 sunt
1851 5202 1904 5257 id

325 5286 472 5356 quod
524 5296 654 5343 sunt
697 5297 751 5344 et
799 5289 1003 5343 habent
1046 5289 1099 5343 id
1147 5288 1293 5358 quod
1347 5290 1594 5344 habent?
1626 5290 1680 5345 Si
1716 5294 1907 5349 stellas

325 5381 566 5447 oportuit
599 5396 707 5435 non
742 5382 973 5439 moveri.
1006 5396 1107 5437 cur
1135 5381 1360 5436 omnino
1399 5396 1497 5451 per
1539 5382 1647 5437 alia
1680 5399 1901 5440 moven-

328 5534 509 5671 W(660)
564 5538 896 5606 Περύκασι.
950 5537 1083 5607 Reg.
1130 5535 1150 5590 l
1203 5536 1308 5591 hoc
1356 5537 1479 5593 loco
1517 5544 1572 5594 et
1616 5537 1759 5595 infra
1806 5540 1902 5594 πέ-

345 5620 359 5629 .
403 5621 437 5655 κ
472 5645 485 5657 υ

345 5620 485 5657 ρυκε.

399 5672 510 5741 (61)
546 5674 930 5730 ’Λποδέδωκε.
952 5674 1178 5732 Aristot.
1213 5676 1485 5732 ἀπέδωκε.

404 5742 510 5812 l62)
558 5747 627 5799 El
661 5748 691 5798 ὀ
720 5747 835 5814 μὲν
865 5748 1139 5815 οὐρανός.
1170 5748 1625 5819 Conjunctiouem
1659 5754 1724 5817 εἰ,
1779 5767 1899 5820 quae

1107 354 1481 412 'APPENDIX.
1512 344 1586 395 ἶ·-
1610 352 1790 407 PARS
1830 352 1936 408 LS.
1976 351 2239 407 JUSTINI
2278 350 2509 407 OPERA
2550 349 2820 407 SPURIA.

330 471 467 524 nihil
498 484 567 526 ex
594 469 689 537 iis,
710 482 834 540 quae
859 475 1010 535 sunt,
1037 469 1291 525 similiter
1324 484 1386 525 se
1414 466 1733 521 habiturum
1760 466 1908 521 circa

2084 465 2299 535 θήσεως,
2347 466 2506 520 οὐθὲν
2554 464 2622 519 ἂν
2649 460 2717 536 ἦν
2749 462 2860 517 τῶν
2902 462 3032 534 περὶ
3086 462 3179 516 τὸν
3228 460 3395 532 δεῦρο
3438 466 3575 518 τὼ,

3461 99 3664 489 ,Α

2011 555 2213 626 ὁμοίως
2244 556 2387 625 ἔχον.
2424 575 2445 607 ι

2082 647 2208 711 Πῶς
2238 643 2333 701 οὖν
2364 646 2511 699 ἀΐδια
2544 646 2637 699 καὶ
2669 643 2908 715 ἀγένητα
2941 642 3009 696 τὰ
3042 641 3190 696 κατὰ
3219 641 3326 711 τὴν
3351 642 3581 711 πρόνοιαν

2011 739 2116 808 τῆς
2136 737 2350 807 φύσεως
2380 739 2443 791 τὸ
2474 733 2615 792 εἶναι
2639 738 2838 801 τοιάδε,
2868 735 2963 789 καὶ
2994 735 3061 788 τὸ
3083 734 3363 787 κινεῖσθαι
3387 735 3584 788 teni-ait

2012 829 2301 899 είληφότα;
2348 829 2431 883 Τὰ
2455 829 2564 900 γὰρ
2590 829 2731 883 κατὰ
2763 828 3019 899 πρόνοιαν
3049 826 3285 895 δεύτερα
3329 824 3433 895 τῆς
3470 841 3589 892 προ-

2012 920 2188 985 νοίας·
2225 921 2317 974 καὶ
2347 920 2417 973 τὰ
2443 920 2585 974 ἀΐδια
2615 920 2825 982 οὐδενός
2857 922 2971 972 ἐστι
3001 916 3254 993 δεύτερα.
3292 915 3365 968 Εἰ
3396 915 3457 967 τὺ
3483 918 3594 984 μέν

2012 1010 2103 1066 λον
2136 1010 2356 1065 ἔσεσθαι
2384 1012 2489 1082 πρὸ
2506 1010 2601 1064 τοῦ
2623 1007 2759 1064 εἷναι
2783 1012 2882 1065 οὐκ
2902 1006 2991 1080 ἦν,
3026 1008 3145 1072 πῶς
3172 1007 3459 1078 ἐνδέχεται
3480 1010 3595 1076 περὶ

2011 1102 2105 1156 τοῦ
2139 1102 2393 1175 οὐρανοῦ,
2438 1102 2532 1157 καὶ
2561 1102 2669 1155 τῶν
2700 1102 2936 1173 ἄστρων,
2973 1101 3067 1154 καὶ
3098 1101 3204 1170 τῆς
3233 1099 3425 1153 αὐτῶν
3457 1104 3593 1165 κινή-

2016 1213 2152 1259 σεως
2186 1195 2470 1266 ἀμφότερα
2502 1190 2639 1247 εἶναι
2682 1193 2877 1264 ἀληθῆ,
2912 1193 2973 1245 τὸ
3021 1193 3224 1263 μέλλον
3257 1188 3486 1244 ἔσεσθαι
3516 1194 3599 1241 21‘.

2012 1283 2073 1337 τὺ
2123 1284 2269 1339 ἀπδια
2320 1282 2413 1338 καὶ
2466 1283 2705 1353 ἀγένητα
2737 1282 2877 1336 αὐτὰ
2924 1278 3099 1346 εἷναι;
3150 1281 3231 1333 To
3265 1279 3389 1349 γὰρ
3424 1280 3597 1348 μέλ-ᾖσι*

2013 1374 2165 1430 obicio
2198 1376 2337 1439 ἐστὶ,
2392 1375 2485 1428 καὶ
2515 1374 2575 1427 τὺ
2623 1373 2790 1427 ἀΐδιόν
2821 1390 2880 1426 τε
2928 1373 3025 1427 καὶ
3067 1374 3347 1442 ἀγένητον
3386 1371 3595 1423 πάντοτε

2014 1464 2240 1523 ἔνεστιν.
2276 1469 2340 1521 Εἰ
2381 1468 2543 1520 ἕνεκα
2573 1466 2668 1520 τοῦ
2697 1465 2765 1519 τὰ
2810 1466 2937 1536 περὶ
2975 1464 3069 1518 τὸν
3119 1463 3286 1533 δεῦρο
3337 1462 3509 1515 τύπον
3535 1463 3599 1521 ὡς

2014 1558 2171 1631 ἔσχεν
2205 1558 2405 1629 ὁμοίως
2432 1558 2594 1629 ἔχειν,
2629 1558 2722 1610 τὸν
2754 1557 3041 1628 εἰρημένον
3074 1558 3287 1628 τρόπον
3318 1555 3431 1623 τῆς
3463 1558 3596 1623 κενή-

2017 1667 2155 1714 σεως
2197 1648 2293 1702 τοῦ
2346 1647 2575 1719 οὐρανοῦ
2609 1650 2646 1718 ἡ
2677 1648 2837 1716 φύσις
2882 1647 3217 1718 προενόησεν
3264 1642 3449 1698 εἶναι’
3500 1644 3597 1704 :23;

2015 1740 2161 1794 ἀϊδιᾶ
2191 1757 2250 1792 τε
2284 1741 2378 1793 καὶ
2428 1740 2667 1808 ἀγένητα
2698 1738 2893 1802 ταῦτα,
2926 1738 2963 1791 ἃ.
2994 1737 3187 1792 ἕνεκεν
3218 1737 3336 1789 τῶν
3371 1735 3599 1805 γενητῦτ

2014 1833 2160 1884 ἐστιν
2192 1828 2267 1894 ὥς
2300 1833 2469 1893 ἐστιν,
2505 1830 2599 1883 καὶ
2626 1833 2853 1883 κινεῖται
2872 1829 2947 1894 ὼς
2979 1832 3253 1893 κινεῖται;

2402 1921 2490 1977 60.
2540 1924 2634 1975 Ἐκ
2666 1922 2771 1976 τοῦ
2809 1921 2997 1975 αὑτοῦ
3027 1922 3246 1991 λόγου.

2090 2028 2109 2059 ι
2157 2009 2374 2080 Ἐπειδὴ
2406 2010 2514 2081 γάρ
2535 2010 2822 2075 δέδεικται,
2851 2012 2935 2063 ὅτι
2958 2011 3019 2064 οὐ
3054 2010 3349 2079 πεφύκασι
3386 2009 3498 2079 (60)
3528 2028 3599 2061 1:-

2014 2100 2219 2154 νεῖσθαι
2257 2101 2324 2154 δι’
2381 2100 2584 2165 αὐτῶν,
2627 2104 2660 2172 ἠ
2711 2101 2769 2155 δὲ
2815 2101 2975 2171 φύσις
3017 2101 3169 2154 οὐδὲν
3219 2102 3449 2169 ἀλόγως
3500 2102 3597 2153 σὲξίε

2017 2190 2192 2261 μάτην
2226 2193 2397 2243 ποιεῖ’
2446 2190 2690 2261 δηλονότι
2739 2192 2833 2244 καὶ
2876 2192 3062 2263 σχῆμα
3108 2190 3382 2245 τοσοῦτον
3427 2190 3598 2241 ἅπαξ,

2013 2284 2152 2337 δωκε
2193 2282 2303 2355 (61)
2358 2287 2469 2347 τοῖς
2503 2285 2781 2356 ἀκινήτοις
2816 2285 2845 2337 ὃ
2876 2286 3078 2354 ἥκιστά
3126 2288 3253 2337 ἐστι
3310 2284 3597 2352 κινητική-ν.

2016 2375 2253 2428 Ἥκιστα
2283 2376 2341 2429 δὲ
2394 2376 2669 2446 κινητικὸν
2702 2378 2735 2446 ἡ
2763 2378 2965 2446 σφαῖρα
3014 2377 3104 2430 διὰ
3147 2377 3212 2429 τὸ
3258 2376 3439 2447 μηδὲν
3478 2376 3600 2442 ἔχειν

2012 2467 2239 2538 ὖργανον
2273 2467 2411 2538 πρὸς
2442 2466 2541 2537 τὴν
2574 2467 2809 2538 κίνησιν.
2843 2469 3006 2520 Ὥστε
3038 2468 3296 2539 δηλονὸτι
3334 2483 3602 2538 σφαιροει-

2012 2558 2074 2629 δῆ
2108 2558 2174 2613 ἂν
2208 2560 2292 2629 εἴη
2314 2559 2405 2612 τὸν
2431 2558 2615 2627 ὄγκον.
2650 2578 2671 2613 ι

2082 2820 2143 2872 Ei
2177 2820 2210 2891 ἡ
2254 2820 2413 2889 φύσις
2446 2821 2644 2874 δέδωκε
2676 2822 2788 2885 τοῖς
2820 2821 2906 2873 ἀεὶ
2938 2823 3181 2891 κινητοῖς
3217 2821 3288 2873 τὺ
3325 2820 3607 2889 σφαιρικὲν

2013 2911 2197 2982 σχῆμα
2243 2913 2542 2983 ἐπιτήδειον
2596 2914 2733 2983 πρὸς
2786 2914 2886 2984 τὴν
2946 2913 3298 2982 εύκινησίαν,
3357 2912 3484 2974 πῶς
3522 2913 3607 2961 oi:

2011 3004 2124 3057 ἔστι
2156 3004 2225 3057 τὰ
2256 3005 2428 3076 ἄστρα
2477 3005 2652 3077 μάτην
2692 3005 2948 3076 εἰληφότα
2988 3007 3177 3076 σχῆμα
3207 3004 3495 3064 τοιοῦτον,
3533 3007 3603 3056 ἑν-

2008 3094 2265 3164 δεδεμένα
2292 3098 2405 3158 τοῖς
2458 3094 2698 3159 κύκλοις,
2753 3097 2846 3147 καὶ
2873 3096 2971 3167 τὴν
3022 3096 3165 3148 κατὰ
3207 3094 3391 3163 φύσιν
3444 3093 3605 3146 αὐτὰ)

1940 3171 1981 3227 C
2018 3185 2091 3256 μὴ
2124 3186 2399 3256 δυνάμενα
2432 3186 2671 3239 ἐκτελεῖν
2715 3186 2959 3258 κίνησιν;
3011 3188 3074 3240 Εἰ
3121 3187 3185 3239 οὐ
3222 3185 3522 3253 πεφύκασι
3553 3184 3607 3235 τὰ

2014 3278 2186 3347 ἄστρα
2210 3277 2275 3330 δι’
2310 3277 2488 3330 αὐτῶν
2524 3279 2811 3342 κινεῖσθαι,
2850 3280 2949 3332 οὐκ
2982 3278 3090 3351 ἄρα
3109 3279 3308 3349 ἔχουσι
3346 3277 3496 3329 κατὰ
3524 3276 3607 3343 ςέ-

2016 3387 2099 3421 σιν
2130 3370 2227 3441 τὴν
2247 3370 2413 3422 ἀΐδιον
2448 3370 2678 3440 κίνησιν.
2728 3370 2853 3434 Πῶς
2881 3367 2973 3424 οὖν
3004 3372 3142 3422 εἰσιν
3189 3372 3260 3423 ὲκ
3311 3369 3415 3421 τοῦ
3452 3368 3606 3422 αὑτοῦ

2016 3462 2276 3531 στοιχείου
2310 3461 2368 3527 ἐξ
2399 3454 2461 3513 οἵ)
2495 3462 2589 3515 καὶ
2621 3464 2651 3515 ὁ
2697 3462 2945 3532 οὐρανὸς,
2998 3461 3093 3514 τοῦ
3144 3463 3293 3532 μήτε
3331 3460 3607 3531 βαρύτητα

2013 3553 2227 3622 ἔχοντος
2264 3554 2402 3623 μήτε
2458 3552 2803 3622 κουφότητα;
2853 3554 2917 3605 Ei
2949 3554 2977 3605 ὁ
3012 3552 3109 3622 μὲν
3177 3552 3429 3624 οὐρανὸς
3484 3550 3606 3620 (62].

2011 3644 2098 3698 διὰ
2129 3645 2191 3696 τὸ
2233 3641 2369 3697 εἶναι
2401 3644 2560 3698 αὑτὸν
2593 3646 2658 3697 ἐκ
2698 3644 2939 3697 τοιούτου
2975 3643 3242 3713 στοιχείου
3299 3644 3405 3695 καὶ
3438 3645 3529 3696 διὰ
3559 3646 3607 3694 τὲ

2014 3735 2298 3806 σφαιρικὸν
2342 3735 2484 3806 ἔχειν
2516 3737 2576 3789 τὸ
2616 3737 2819 3807 σχῆμα,
2873 3737 3084 3805 πέφυκε
3141 3736 3281 3805 περὶ
3331 3736 3397 3788 τὺ
3454 3737 3604 3805 μέσον

2012 3828 2274 3880 κινεῖσθαι
2297 3828 2382 3881 ἀεὶ
2411 3828 2476 3880 δι’
2511 3828 2736 3881 ἑαυτοῦο
2770 3827 2841 3881 τὰ
2870 3828 2925 3880 δὲ
2958 3827 3156 3897 ἄστρα,
3194 3829 3263 3879 ὲκ
3300 3826 3404 3879 τοῦ
3451 3828 3603 3879 αὑτοῦ

2010 3916 2139 3970 ὄντα
2173 3917 2454 3987 στοιχείου,
2480 3920 2576 3972 καὶ
2613 3919 2675 3972 τὸ
2704 3919 2835 3972 αὐτὸ
2865 3918 3057 3989 ἔχοντα
3088 3919 3307 3989 σχῆμα,
3340 3918 3408 3971 οὐ
3445 3918 3603 3985 πεφῶ

2010 4026 2137 4062 κασι
2170 4010 2431 4062 κινεῖσθαι
2463 4010 2529 4063 δι’
2558 4010 2793 4063 ὲαυτῶνο
2826 4011 3020 4082 μάτην,
3055 4009 3130 4073 ὡς
3164 4010 3343 4073 ἔοικε,
3380 4010 3603 4063 δέδωκε-ί

2010 4101 2191 4163 αὐτοῖς
2222 4102 2261 4171 η
2307 4099 2469 4170 φύσις
2519 4102 2705 4155 οὐσίαν
2732 4118 2791 4155 τε
2826 4102 2920 4155 καὶ
2961 4102 3147 4171 σχῆμα
3206 4101 3358 4168 πρὸς
3392 4101 3495 4171 τὴν
3530 4103 3601 4152 ἀεὶ

2010 4191 2219 4263 κίνησιν
2253 4193 2574 4264 ἐπιτήδειον,
2609 4194 2657 4246 εἰ
2706 4193 2894 4247 στάσιν
2932 4192 3143 4262 ἔχουσιν
3195 4192 3495 4263 ἀκίνητον.
3541 4192 3602 4243 Τὸ

2007 4283 2193 4337 οὐσίαν
2219 4283 2361 4354 ἔχειν
2385 4286 2477 4337 καὶ
2503 4286 2685 4355 σχῆμα
2707 4284 3009 4354 ἀεικίνητον
3031 4285 3101 4337 τὰ
3131 4284 3345 4355 ἄστρα,
3376 4287 3475 4337 καὶ
3492 4286 3603 4336 στα-

2010 4392 2093 4427 σιν
2126 4376 2397 4448 ἀκίνητον,
2434 4376 2551 4441 πῶς
2571 4377 2669 4430 οὐκ
2698 4376 2808 4429 ἔστι
2841 4377 3036 4449 δεῖγμα
3049 4376 3149 4445 τῆς
3182 4376 3397 4445 ἀλόγου
3424 4395 3485 4430 τε
3520 4380 3599 4430 καὶ

1940 4496 1984 4549 ι)
2017 4468 2251 4537 ματαίας
2284 4470 2551 4540 ποιήσεως
2572 4470 2670 4540 τῆς
2700 4469 2851 4540 παρὰ
2884 4469 2981 4539 τὴν
3018 4468 3180 4538 φύσιν
3230 4470 3599 4541 πεποιηκυίας

2012 4560 2237 4629 ἠρεμεῖν
2269 4558 2340 4612 τὰ
2373 4560 2581 4632 ἄστρα;
2634 4561 2696 4612 Εἰ
2730 4560 2840 4615 τῶν
2879 4561 3158 4630 άγενὴτων
3192 4578 3257 4614 τε
3291 4561 3399 4615 καὶ
3426 4561 3597 4613 etaim

2010 4649 2066 4698 αἱ
2094 4647 2270 4700 οὐσίαι
2304 4648 2483 4719 πάσης
2504 4650 2772 4719 ποιήσεως
2804 4649 2903 4719 τῆς
2926 4666 2984 4702 τε
3019 4648 3161 4702 κατὰ
3194 4649 3290 4701 τὸν
3317 4650 3486 4718 λόγον
3518 4651 3598 4702 καὶ

2008 4738 2108 4809 τῆς
2135 4740 2285 4812 παρὰ
2308 4741 2399 4794 τὸν
2423 4740 2577 4809 λόγον
2610 4741 2875 4813 ἀνώτεραί
2912 4743 3036 4804 εἱσι,
3062 4740 3203 4805 πῶς,
3239 4744 3288 4793 εί
3341 4744 3595 4811 ἀγένητος

2007 4832 2035 4883 ὁ
2059 4830 2282 4902 οὐρανὸς
2314 4833 2408 4885 καὶ
2438 4832 2507 4886 τὰ
2539 4831 2732 4903 ἄστρα,
2767 4833 2908 4887 κατὰ
2942 4831 3199 4901 πρόνοιαν
3240 4833 3354 4903 τῆς
3392 4835 3594 4903 φύσεως

2006 4922 2105 4993 τῆς
2150 4923 2319 4994 μηθὲν
2357 4924 2565 4992 ἀλόγως
2602 4926 2738 4995 μήτε
2784 4925 3032 4995 ματαίως
3077 4924 3356 4994 ποιούσης
3388 4929 3525 4980 εἰσὶν
3570 4927 3592 4977 ὅ

2006 5018 2133 5082 εἱσι,
2168 5017 2262 5070 καὶ
2305 5016 2514 5088 ἔχουσιν
2551 5016 2587 5071 ἃ
2619 5017 2861 5087 ἔχουσιν;
2897 5017 2960 5069 El.
2990 5016 3091 5069 οὐκ
3124 5016 3298 5087 ἐχρῆν
3333 5018 3592 5071 κινεῖσθαι

2005 5110 2075 5163 τὰ
2095 5111 2291 5181 ἄστρα,
2320 5110 2407 5165 διὰ
2435 5109 2488 5162 τί
2535 5110 2670 5173 ὅλως
2704 5108 2975 5163 κινοῦνται
3021 5106 3087 5160 δι’
3135 5108 3392 5179 ἑτέρωνς
3441 5110 3505 5163 Ei
3544 5110 3589 5161 δὲ

2007 5202 2172 5273 ἐχρῆν
2228 5202 2514 5266 κινεῖσθαι,
2571 5200 2661 5254 διὰ
2695 5200 2747 5253 τί
2800 5200 2874 5271 μὴ
2928 5199 2995 5252 δι’
3028 5199 3244 5259 ἑαυτῶν
3296 5201 3589 5257 κινοῦνται,

2005 5296 2137 5350 ἀλλὰ
2165 5298 2230 5351 δι’
2265 5295 2487 5365 ἐτέρων,
2521 5293 2822 5363 δυναμένης
2850 5291 2950 5361 τῆς
2981 5287 3196 5359 φύσεως
3240 5297 3430 5344 ποιεῖν
3469 5294 3589 5345 αὐτὰ

2005 5388 2273 5447 κινεῖσθαι,
2298 5388 2365 5441 δι’
2387 5386 2592 5440 ἑαυτῶν
2619 5385 2716 5455 τὴν
2747 5383 2961 5455 κίνησιν
2991 5383 3058 5452 ἢν
3089 5382 3187 5436 νῦν
3214 5383 3507 5437 κινοῦνται
3533 5384 3587 5435 δι’

2004 5550 2157 5605 deest
2186 5548 2241 5602 in
2269 5545 2433 5602 editis
2480 5545 2685 5600 nostris
2713 5554 2765 5598 et
2791 5558 2923 5598 mss.
2977 5556 3045 5595 ex
3072 5540 3408 5597 Aristotelis
3450 5550 3586 5597 texta

2004 5628 2284 5760 ingrtgatus
2307 5614 2748 5686 estSylburgius.
2776 5612 2918 5667 Infra
2944 5610 3140 5667 melius
3158 5611 3451 5681 legeretur
3470 5614 3584 5684 πρὲις

2003 5708 2031 5741 τ
2070 5708 2096 5741 ν
2159 5702 2435 5759 εικινησιν.
