3662 6496
46 402 144 459 l5lil

667 390 1107 451 CONFUTATIO
1144 392 1588 461 QUORUMDAM
1630 393 2090 452 ARISTOTELIS
2128 396 2534 454 DOGMATUM.

3114 402 3256 456 i562

42 522 223 590 ἑτέρων,
255 516 357 587 τῆς
386 510 446 571 ἐν
497 506 899 587 εὐκινητοτάτη
929 510 1109 569 αὐτῶν
1140 515 1299 586 οὐσίᾳ
1341 532 1537 587 πεποιη

1749 518 1806 569 r?
1835 515 1931 571 Sin
1964 517 2172 572 moveri
2201 519 2468 587 oportuit,
2498 532 2600 572 cur
2626 533 2735 572 non
2767 532 2865 588 per
2891 533 3104 589 seipsas
3133 536 3255 575 ιιιυο

40 612 166 672 mla;
193 607 327 662 αὐτά
352 607 583 679 ἀκίνητα
620 606 741 661 καθ’
764 607 936 672 aurci;
963 607 1026 659 El
1049 608 1107 659 ὲν
1124 609 1237 669 τοῖς
1270 606 1463 669 ἀϊδίοις
1491 606 1577 658 οὐ-

38 703 104 755 δὲν
126 701 259 771 παρὰ
291 698 472 767 φύσιν,
528 698 675 771 παρά
708 698 868 768 φύσιν
918 698 974 751 δὲ
1017 698 1080 751 τὸ
1123 697 1309 751 οὐσίαν
1352 698 1448 768 μὲν
1481 697 1574 750 καὶ

39 792 190 861 σχῆμα
220 791 360 860 ἔχειν
416 790 737 859 ἀεικίνητον,
786 790 976 843 στάσιν
1026 791 1084 843 δὲ
1130 789 1413 859 ἀκίνητονο
1464 790 1573 860 ἄρα

37 884 116 934 οὐκ
138 880 269 934 ἀίδια
298 880 366 933 τὰ
399 883 458 933 ὲν
488 876 569 943 οἷς
597 881 658 933 τὸ
688 880 840 952 παρά
886 880 1067 949 φύσιν,
1116 880 1150 951 ἢ
1193 880 1385 949 ψευδὲς
1422 879 1483 933 τὸ
1515 884 1573 935 ὲν

36 974 124 1034 τοῖς
138 970 317 1033 ἀϊδίοις
335 971 485 1024 οὐδὲν
501 971 648 1043 παρά
668 971 847 1041 φύσιν.
877 973 939 1025 Εί
965 971 1115 1025 οὐδὲν
1137 970 1246 1024 τῶν
1273 972 1572 1041 ἀγενήτων,

36 1063 133 1114 οὐτε
160 1062 186 1114 ὃ
227 1061 336 1131 ἔχει
392 1062 514 1116 οὐτε
546 1063 574 1116 ὃ
618 1064 690 1135 μὴ
753 1062 889 1133 ἔχει,
935 1062 1077 1117 κατὰ
1130 1062 1387 1133 πρόνοιάν
1426 1078 1571 1126 τινος

35 1154 122 1223 ἔχει
151 1152 180 1223 ἢ
211 1154 307 1206 οὐκ
342 1153 489 1223 ἔχει*
521 1154 658 1218 πῶς,
686 1156 734 1206 εί
761 1156 1022 1224 ἀγένητος
1053 1154 1081 1205 ὁ
1101 1154 1328 1224 οὐρανὸς
1359 1154 1454 1207 καὶ
1500 1153 1571 1206 τά

34 1246 193 1314 ἀπρα,
221 1244 359 1297 κατὰ
393 1245 647 1316 πρόνοιαν
676 1245 777 1315 τῆς
826 1245 1040 1315 φύσεως
1065 1244 1294 1315 ὄργανον
1330 1245 1429 1315 μὲν
1468 1245 1570 1296 οὐκ

34 1336 120 1403 ἔχει
159 1337 439 1405 κινήσεως,
476 1338 659 1408 σχῆμα
707 1337 764 1390 δὲ
825 1337 939 1408 ἔχει
975 1337 1261 1408 σφαιρικὸν
1309 1337 1429 1390 ἀντὶ
1472 1335 1568 1388 τοῦ

30 1426 246 1494 ὀργάνου,
290 1427 427 1497 πρὸς
448 1428 548 1498 τὴν
574 1429 774 1499 συνεχῆ
817 1428 1031 1501 κίνησιν
1055 1428 1485 1500 ἐπιτηδειότερον
1508 1427 1568 1482 ὃν

28 1515 112 1567 τῶν
140 1518 470 1587 πορευτικῶν
495 1520 777 1590 ὀργάνων;

1671 614 1890 669 ventur,
1924 608 2018 663 sed
2049 623 2149 677 per
2174 609 2280 662 alia
2306 626 2321 675 ;
2352 623 2477 662 eum
2507 616 2727 672 natura,
2761 624 2884 679 quae
2912 610 2967 663 in
2994 612 3255 665 substan-

1673 697 1746 749 tia
1768 712 1956 751 earum
1985 699 2052 751 ad
2078 700 2405 752 movendum
2427 700 2736 769 aptissima.
2768 707 2826 753 ut
2859 715 2953 769 per
2977 716 3037 755 se
3059 702 3256 755 immo-

1671 788 1809 842 biles
1850 788 1982 853 sint,
2014 788 2162 852 fecit,
2196 789 2375 845 facere
2404 795 2666 861 potuerit,
2709 800 2769 846 ut
2799 808 2897 863 per
2939 794 3153 863 scipsas
3187 811 3255 848 en

1673 888 2025 934 moverentur
2050 888 2223 945 metu,
2249 897 2359 951 quo
2399 898 2547 936 nunc
2572 899 2666 953 per
2704 884 2812 937 alia
2838 885 3167 940 moventur?
3196 886 3248 940 Si

1670 969 1725 1022 in
1752 971 1917 1025 rebus
1962 973 2184 1027 aeternis
2215 973 2349 1026 nihil
2381 980 2580 1043 praeter
2617 984 2873 1028 naturam
2900 984 3019 1041 est;
3055 983 3258 1045 praeter
3334 1022 3335 1025 η

1673 1070 1927 1115 naturam
1954 1070 2134 1117 autem
2170 1072 2276 1127 est,
2312 1066 2678 1119 substantiam
2704 1067 2926 1135 quidem
2974 1067 3176 1121 habere
3203 1076 3258 1120 et

1671 1152 1899 1208 formam
1931 1162 2195 1223 perpetuo
2232 1156 2508 1221 mobilem,
2535 1158 2889 1215 stabilitatem
2918 1165 3258 1219 veroimmo-

1672 1245 1839 1301 bilem
1863 1265 1876 1301 :
1910 1263 2020 1302 non
2044 1250 2176 1318 ergo
2201 1257 2405 1302 mterna
2437 1249 2493 1303 in
2516 1250 2718 1319 quibus
2746 1259 2831 1306 est
2860 1264 3060 1322 praeter
3093 1265 3258 1310 natu-

1672 1352 1788 1391 ram
1822 1338 2028 1409 aliquid
2062 1358 2078 1397 :
2112 1348 2207 1394 aut
2236 1340 2370 1395 illud
2393 1340 2591 1397 falsum
2613 1352 2719 1405 est,
2762 1344 2820 1398 in
2851 1346 3014 1402 rebus
3036 1350 3257 1404 aeternis

1671 1429 1810 1483 nihil
1832 1446 1959 1486 esse
1988 1438 2184 1500 praeter
2208 1439 2485 1488 naturam.
2523 1432 2581 1487 Si
2626 1435 2762 1489 nihil
2800 1437 3099 1507 ingenitum
3126 1457 3257 1509 pro-

1673 1520 1912 1575 videntia
1935 1522 2170 1590 alicujus
2203 1522 2367 1577 habet
2398 1524 2483 1578 vel
2514 1540 2622 1579 non
2670 1527 2854 1591 habet,
2887 1529 2941 1583 id
2973 1532 3120 1599 quod
3153 1530 3255 1584 ha-

30 1610 99 1661 bet
124 1610 197 1664 vel
228 1625 335 1665 non
379 1611 573 1668 habet:
613 1613 909 1683 quomodo,
952 1614 999 1668 si
1031 1613 1333 1683 ingenitum
1362 1612 1563 1667 caelum
1601 1620 1657 1668 et
1687 1615 1881 1679 stellae,
1945 1616 2286 1685 providentia
2316 1625 2529 1671 naturae
2572 1619 3000 1675 instrumentum
3032 1623 3253 1692 quidem

30 1710 179 1757 motus
198 1720 302 1759 non
328 1706 548 1772 habent,
581 1707 810 1761 formam
835 1715 1015 1763 autem
1055 1706 1335 1778 globosam
1361 1707 1563 1762 habent
1595 1723 1696 1777 pro
1729 1709 2116 1774 instrumento,
2153 1725 2277 1781 quae
2330 1710 2398 1764 ad
2430 1720 2638 1767 motum
2670 1715 2993 1768 continuum
3048 1716 3251 1786 aptior,

26 1810 160 1864 quam
187 1798 435 1866 apposita
464 1799 529 1852 ad
563 1798 965 1867 procedendum
991 1798 1356 1854 instrumenta
1380 1798 1403 1851 ‘!

367 1888 454 1942 6|.
498 1891 592 1943 Ἐκ
629 1892 734 1945 τοῦ
762 1892 948 1945 αὑτοῦ
975 1893 1182 1962 λόγου.

84 1995 100 2027 ι
134 1977 192 2030 Ἡ
226 1978 327 2048 μὲν
359 1980 573 2053 πρώτη,
622 1983 719 2052 μία
744 1979 879 2037 οὖσα
914 1983 1045 2054 (65),
1088 1984 1258 2037 πολλὰ
1291 1985 1430 2038 κινεί
1459 1984 1568 2035 τῶν

27 2070 261 2138 σωμάτων
293 2071 483 2124 Θείων·
528 2074 585 2125 αί
616 2073 692 2139 δὲ,
728 2073 919 2127 ἰτεολλαὶ¹
938 2070 1113 2139 οὖσαι,
1148 2074 1207 2128 ἒν
1248 2075 1406 2143 μόνον
1440 2073 1569 2127 ἑκά-

24 2177 119 2231 στη.
151 2160 266 2215 Τῶν
294 2163 406 2233 γὰρ
438 2163 805 2236 πλανωμένων
842 2165 900 2219 ἓν
931 2165 1107 2219 ὁτιοῦν
1153 2166 1372 2228 πλείους
1404 2166 1568 2235 φέρε-

23 2268 87 2303 ται
113 2254 293 2323 φοράς.
332 2253 515 2327 Ταύτῃ
546 2274 605 2309 τε
634 2252 725 2309 οὖν
755 2256 999 2321 ἀνισάζει
1031 2260 1064 2329 ἡ
1102 2257 1283 2327 φύσις,
1305 2258 1400 2310 καὶ
1428 2259 1572 2309 ποιεῖ

23 2361 110 2396 τινα
131 2344 297 2409 τάξιν,
318 2348 387 2417 τῇ
417 2348 514 2417 μὲν
543 2350 637 2418 μιᾷ
670 2352 811 2420 φορᾷ
838 2350 1007 2402 πολλὰ
1028 2349 1351 2404 ἀποδιδοῦσα
1386 2348 1570 2418 σώμα-

24 2451 86 2499 τα,
114 2436 185 2508 τῷ
214 2437 271 2489 δὲ
296 2437 379 2490 ἑνὶ
410 2437 619 2509 σώματι
641 2440 839 2504 πολλὰς
862 2442 1053 2515 φοράς.
1102 2443 1188 2496 Ἐν
1217 2441 1431 2504 πολλοῖς
1460 2441 1571 2512 γὰρ

24 2528 242 2599 σφαίραις
290 2532 326 2601 ἠ
384 2530 483 2600 μία
534 2530 645 2602 (64)
690 2534 894 2604 σφαῖρα
938 2533 1252 2604 ἐνδεδεμένη
1305 2535 1566 2605 φέρεταιο

23 2618 188 2693 ἑκάστη
222 2621 277 2675 δὲ
312 2626 519 2691 σφαῖρα
548 2622 706 2694 σῶμα
734 2623 991 2693 τυγχάνει
1020 2624 1099 2678 δν.
1135 2643 1155 2675 ι

72 2798 124 2851 El
140 2800 243 2853 τῶν
276 2801 559 2872 ἀγενήτων
593 2817 653 2853 τε
682 2802 775 2855 καὶ
808 2801 990 2854 ἀϊδίων
1015 2802 1210 2855 οὐσιῶν
1230 2802 1455 2873 ποιητὴς
1479 2804 1570 2856 οὐ-

23 2889 119 2954 521;,
151 2892 265 2955 πῶς
304 2892 454 2946 me
486 2909 545 2945 τε
579 2894 671 2946 καὶ
716 2894 955 2965 ἀγένητα
986 2894 1175 2961 ταῦτα,
1217 2889 1293 2949 ῶν
1332 2898 1363 2967 ἡ
1408 2895 1568 2965 φύσις

23 2980 94 3048 τῆς
118 2982 317 3049 τάξεώς
345 2985 459 3037 ἐστι
493 2985 741 3056 ποιητὴς,
772 2988 837 3057 τῇ
863 2986 959 3056 μὲν
978 2988 1074 3058 μιᾷ
1093 2987 1413 3040 ἀποδιδοῦσα
1448 2986 1570 3039 πολ-

23 3072 67 3123 λὰ
94 3071 335 3143 σώματα,
369 3074 448 3145 τῷ
469 3075 526 3128 δὲ
552 3076 630 3129 ἑνὶ
663 3075 873 3146 σώματι
892 3075 1090 3140 πολλὰς
1114 3076 1304 3148 φορὰς,
1338 3079 1406 3132 τὰ
1432 3078 1570 3150 πλή-

24 3163 68 3231 θη
96 3164 193 3218 τῶν
221 3166 320 3219 τοῦ
364 3166 483 3229 ἑνὸς
514 3166 760 3238 σώματος
793 3168 974 3240 φορῶν
1010 3166 1269 3233 ίσάζουσα
1304 3171 1383 3241 τῷ
1426 3172 1565 3243 πλή-

23 3253 79 3307 θει
105 3255 204 3309 τῶν
236 3258 529 3328 σωμάτων.
556 3260 619 3312 Ei
641 3260 710 3314 τὰ
736 3261 975 3333 ἀγένητα
987 3262 1157 3315 ταῦτα
1184 3263 1277 3317 καὶ
1308 3263 1562 3334 ἀποίητα,

23 3348 108 3411 ab;
139 3350 410 3421 ἐνδέχεται
444 3354 502 3404 ὲν
545 3355 658 3416 τοῖς
702 3354 981 3425 ἀγενήτοις
1013 3357 1389 3427 πεποιημένην
1426 3353 1565 3411 εἶναι

23 3439 136 3503 τάξιν
174 3444 413 3514 φυσικήν
432 3444 467 3507 ;'
480 3444 691 3515 Σφαῖρα
724 3446 929 3518 σφαίρᾳ
970 3446 1308 3519 ἐνδεδεμένη,
1340 3448 1436 3521 τὴν
1469 3450 1566 3501 αὐ-

23 3530 89 3600 τὴν
118 3531 309 3603 ἔχουσα
333 3534 522 3586 οὐσίαν
552 3535 616 3605 ἣν
633 3534 798 3607 ἕχειὴ
826 3537 1029 3608 σφαῖρα
1057 3531 1091 3610 ᾖ
1118 3538 1384 3592 ἐνδέδεται
1407 3556 1420 3568 ’
1450 3540 1565 3603 πῶς

23 3621 60 3671 ιύ
88 3623 321 3689 φαίνεται
357 3625 676 3697 ἀμφοτέρας
722 3625 918 3696 ἔχουσα
957 3627 1055 3691 τὰς
1088 3629 1317 3691 ἀτοπίας
1362 3632 1419 3682 ὲν
1455 3633 1568 3693 τοῖς

23 3712 174 3777 nam;
203 3715 278 3785 μὴ
325 3715 702 3787 ὑπαρχούσας,
735 3715 796 3769 τὸ
831 3719 1006 3788 μάτην
1036 3719 1180 3791 ἔχειν
1212 3720 1309 3792 τὴν
1342 3721 1567 3793 κινητὴν

23 3804 167 3858 ὠσίαν
194 3807 318 3860 καθ’
360 3807 431 3877 ἢν
463 3809 523 3860 οὐ
555 3811 803 3875 κινεῖται,
836 3810 1004 3863 καὶτὸ
1028 3810 1179 3883 παρὰ
1210 3812 1372 3882 φύσιν
1405 3816 1570 3867 κινεῖ-

24 3894 121 3948 σθαι
152 3898 295 3953 κατά
340 3898 687 3971 συμϐεϐηκός
706 3918 720 3967 ἱ

1817 1892 1905 1947 6L
1934 1891 2022 1945 Ea:
2051 1892 2231 1947 eodem
2258 1890 2413 1958 libro,
2443 1891 2598 1957 ibid.,
2629 1906 2678 1946 c.
2711 1890 2798 1953 l2,
2827 1904 2879 1956 p.
2907 1888 3015 1942 293
3039 1902 3157 1954 seq.

1748 1994 1769 2027 ι
1801 1975 1982 2030 Prima
2010 1977 2253 2047 quidem,
2280 1993 2404 2032 cum
2440 1994 2548 2032 una
2580 1980 2673 2043 sit,
2708 1982 2876 2034 multa
2910 1993 3091 2037 movet
3117 1984 3258 2038 divi-

1671 2085 1740 2125 na
1764 2085 2028 2141 corpora;
2061 2071 2179 2126 ista:
2211 2086 2360 2136 vero,
2390 2087 2516 2126 eum
2545 2073 2732 2141 plures
2765 2074 2896 2138 sint,
2934 2090 3103 2128 unum
3136 2084 3260 2129 tan-

1670 2171 1784 2216 tum
1808 2162 1971 2217 modo
2002 2164 2251 2233 singula).
2300 2163 2616 2218 Errantinm
2647 2166 2792 2218 enim
2833 2167 3087 2236 qualibet
3134 2169 3256 2237 plu-

1669 2254 1824 2308 ribus
1854 2256 2033 2325 agitur
2062 2256 2323 2310 motibus.
2361 2254 2452 2309 Sic
2486 2256 2654 2323 igitur
2685 2257 2933 2326 adaequat
2978 2269 3171 2312 natura
3202 2269 3257 2313 et

1668 2343 1917 2398 ordinem
1959 2343 2248 2413 quemdam
2308 2346 2568 2411 instituit,
2622 2347 2718 2399 uni
2766 2348 2984 2416 quidem
3028 2350 3255 2401 motioni

1670 2435 1827 2503 plura
1885 2435 2194 2489 altribuens
2254 2451 2511 2506 corpora,
2555 2446 2609 2491 et
2659 2439 2754 2492 uni
2809 2441 3027 2509 corpori
3070 2441 3256 2509 plul'es

1669 2526 1961 2581 motiones.
2012 2525 2269 2582 Pluribus
2298 2529 2444 2583 enim
2492 2529 2725 2598 sphzeris
2753 2546 2861 2584 una
2924 2532 3134 2600 sphaera
3177 2533 3258 2584 al-

1667 2616 1833 2687 ligata
1884 2616 2079 2672 fertur.
2137 2617 2491 2690 Unaquaeque
2554 2628 2737 2674 autem
2791 2621 3006 2691 sphaera
3054 2637 3255 2691 corpus

1667 2720 1773 2762 εει.
1810 2727 1828 2759 ι

1741 2797 1798 2852 Si
1830 2800 2197 2869 ingenitarum
2227 2810 2283 2857 et
2307 2812 2635 2859 antemarum
2666 2805 3098 2861 substantiarum
3131 2807 3254 2859 nul-

1667 2889 1754 2943 lus
1785 2889 2057 2956 conditor,
2093 2894 2587 2961 quomodoaeterna
2613 2897 2729 2951 hrec
2756 2904 2809 2950 et
2839 2896 3099 2965 ingenita,
3127 2914 3255 2966 quo-

1668 2995 1790 3033 rum
1826 2988 2024 3034 natura
2057 2982 2270 3039 ordinis
2301 2995 2386 3041 est
2414 2986 2621 3057 opifex,
2653 2988 2746 3041 uni
2775 2987 2997 3056 quidem
3025 2988 3254 3041 motioni

1668 3070 1823 3140 plura
1882 3075 2192 3129 attribuens
2245 3091 2501 3145 corpora,
2544 3088 2597 3133 et
2646 3080 2742 3133 uni
2801 3080 3017 3148 corpori
3072 3079 3255 3148 plures

1669 3164 1965 3229 motiones,
2014 3181 2307 3221 numerum
2349 3168 2510 3239 583
2562 3170 2729 3225 unius
2770 3172 3020 3240 corporis
3068 3171 3257 3224 motio-

1666 3270 1797 3309 num
1827 3256 2125 3327 adaequatis
2155 3275 2385 3316 numero
2414 3264 2747 3331 corporum?
2777 3262 2833 3316 Si
2873 3262 3115 3332 ingenita
3142 3261 3258 3317 hac

1665 3352 1719 3399 et
1741 3344 1967 3412 infecta,
2006 3349 2284 3417 quomodo
2304 3359 2483 3419 potest
2513 3352 2568 3405 in
2605 3353 2771 3407 rebus
2802 3352 3061 3421 ingenitis
3091 3351 3258 3406 insti-

1666 3443 1819 3492 tutus
1847 3452 1972 3493 esse
2000 3439 2137 3493 ordo
2169 3443 2478 3498 naturalis?
2512 3443 2736 3513 Sphaera
2768 3444 2995 3513 sphaera:
3016 3443 3255 3511 alligata,

1666 3529 1911 3584 eamdem
1941 3530 2150 3585 habens
2187 3533 2556 3587 substantiam
2593 3550 2658 3588 ac
2689 3534 2921 3603 sphaera,
2950 3532 3038 3587 cui
3078 3533 3258 3601 illiga-

1667 3627 1721 3673 ta
1749 3629 1852 3683 est,
1885 3622 2164 3690 quomodo
2192 3639 2299 3677 non
2332 3622 2553 3676 videtur
2590 3624 2869 3692 duplicem
2917 3622 3121 3675 habere
3159 3620 3256 3673 ab-

1667 3711 2016 3772 suditatem.
2046 3713 2100 3765 in
2147 3713 2314 3767 rebus
2346 3713 2569 3768 internis
2601 3729 2710 3769 non
2750 3720 3167 3771 occurrentem,
3202 3720 3257 3763 (ιι

1666 3802 1813 3871 quod
1847 3801 2050 3855 frustra
2077 3803 2332 3857 mobilem
2383 3803 2582 3858 habeat
2628 3803 3019 3865 substantiam,
3064 3816 3258 3855 secun-

1668 3894 1799 3948 dum
1821 3909 1983 3964 quam
2004 3909 2114 3949 non
2146 3902 2414 3959 movetur,
2449 3904 2505 3952 et
2558 3896 2704 3966 quod
2759 3902 2973 3966 praeter
3002 3900 3256 3948 naturam

1566 4027 1591 4050 .
1669 3999 1769 4055 per
1792 3986 2052 4041 accidens
2086 3987 2411 4041 moveatur?

127 4073 209 4129 62.
263 4076 363 4130 Ἐκ
398 4078 504 4132 τοῦ
536 4079 734 4147 τρίτου
765 4080 951 4151 λόγου
982 4081 1123 4151 Περὶ
1157 4084 1433 4151 οὐρανοῦ.

71 4182 88 4215 ι
120 4166 236 4220 Τῶν
265 4167 431 4237 φύσει
454 4170 762 4239 γενομένων
790 4170 860 4224 τὰ
892 4172 991 4242 μέν
1019 4175 1155 4227 εἰσιν
1186 4175 1388 4238 οὐσίαι,
1416 4176 1485 4229 τὰ
1514 4176 1570 4229 δὲ

23 4253 126 4325 ἔργα
167 4259 259 4311 καὶ
310 4259 461 4330 πάθη
507 4260 729 4313 τούτων.
765 4262 923 4330 Λέγω
961 4264 1017 4316 δὲ
1060 4265 1246 4329 οὐσίας
1282 4268 1379 4336 μὲν
1410 4268 1481 4320 τά
1511 4286 1570 4321 τε

23 4347 134 4400 iam
163 4348 271 4422 (65)
310 4350 540 4421 σώματα
565 4392 579 4416 ,
614 4349 724 4407 οἷον
758 4352 868 4425 πῦρ
891 4395 906 4419 ,
941 4356 1034 4408 καὶ
1066 4355 1169 4427 γῆν
1193 4397 1207 4421 ,
1252 4358 1345 4411 καὶ⁸
1378 4359 1445 4411 τὰ
1482 4360 1572 4412 σύ-

1757 4079 1846 4134 62.
1876 4078 1961 4134 Ea:
1984 4082 2118 4134 libro
2145 4083 2297 4134 [ενιὶο
2324 4081 2387 4133 de
2411 4078 2559 4141 cmlo,
2586 4078 2676 4133 lib.
2710 4092 2789 4143 Ill,
2819 4090 2868 4130 c.
2903 4074 2952 4137 1,
2984 4088 3038 4143 p.
3064 4074 3189 4128 298.

1748 4182 1766 4214 ι
1809 4163 2009 4217 Eorum
2063 4180 2185 4233 qua:
2233 4174 2431 4219 natura
2488 4178 2612 4218 esse
2661 4160 2943 4223 dicuntur,
2973 4161 3078 4213 alia
3129 4165 3263 4213 sunt

1672 4256 2013 4320 substantiae,
2040 4257 2146 4309 alia
2177 4271 2343 4325 opera
2381 4265 2436 4312 et
2472 4256 2822 4327 Operationes
2863 4267 3073 4308 earum.
3118 4250 3258 4303 Sub—

1673 4347 1905 4402 stautias
1932 4347 2057 4401 dico
2080 4363 2309 4418 corpora
2334 4348 2629 4419 simplicia,
2660 4354 2720 4399 ut
2752 4346 2932 4415 ignem
2958 4350 3012 4397 et
3035 4350 3261 4399 terram,

23 4454 174 4512 ποιχα
202 4445 441 4506 τούτοις,
476 4444 568 4497 καὶ
607 4448 672 4498 ὲκ
699 4445 925 4510 τούτων,
961 4441 1072 4500 οἷον
1111 4449 1201 4502 τόν
1248 4467 1307 4503 τε
1356 4450 1537 4504 σύνολο

1780 4454 1902 4508 qua:
1957 4454 2081 4493 cum
2139 4440 2226 4495 his
2278 4447 2408 4495 sunt
2465 4437 2713 4508 ejusdem
2774 4436 2938 4491 seriei
2970 4436 3262 4493 elementa,

23 4533 225 4602 ιόρανὸν,
262 4535 359 4588 καὶ
387 4535 460 4588 τὰ
495 4536 660 4607 μόρια
684 4536 895 4600 τούτου,
927 4538 1020 4592 καὶ
1051 4539 1212 4594 πάλιν
1242 4542 1312 4595 τά
1340 4561 1397 4596 τε
1431 4544 1537 4607 ζῶα

1754 4546 2091 4601 quaecunque
2156 4547 2223 4587 ex
2274 4532 2343 4586 iis
2394 4541 2516 4586 orta
2572 4539 2719 4591 sunt,
2756 4536 2815 4583 ut
2847 4535 3019 4582 totum
3059 4524 3264 4579 cmlum

23 4624 86 4675 αἱ
114 4626 177 4679 τὰ
203 4625 372 4695 φυτὰ,
408 4627 501 4680 καὶ
534 4628 602 4680 τὰ
639 4629 801 4699 μόρια
827 4629 1052 4683 τούτων.
1092 4649 1111 4681 ι

1750 4630 1930 4693 partes
1956 4624 2099 4693 ejus,
2135 4623 2262 4678 item
2292 4622 2601 4677 animantes
2630 4629 2682 4677 et
2718 4620 2950 4683 plantas,
2980 4624 3034 4671 et
3067 4616 3265 4669 harum

1678 4722 1882 4785 partes.
1923 4734 1941 4766 ι

74 4800 127 4854 '0
157 4802 399 4873 εἰρηκὼς
429 4802 522 4855 τὸν
550 4801 776 4873 οὐρανὸν
808 4796 948 4857 εἶναι
981 4801 1041 4868 ἐξ
1070 4803 1243 4857 ἁπλοῦ
1264 4822 1408 4868 τινος
1438 4821 1537 4858 στοι

1749 4805 1849 4871 Qui
1883 4806 2020 4860 dixit
2042 4807 2241 4861 cmlum
2269 4821 2393 4861 esse
2423 4821 2453 4861 e
2483 4804 2724 4874 simplici
2757 4802 2996 4873 quodam
3025 4801 3267 4856 elemen-

23 4894 133 4958 (είου
166 4895 356 4966 ἐτέρου
389 4886 543 4956 ὄντος
588 4894 739 4964 παρὰ
783 4896 851 4949 τὰ
895 4895 1128 4949 ἐνταῦθα
1173 4899 1409 4966 στοιχεῖα
1433 4935 1447 4957 ,
1478 4912 1537 4949 κα

1782 4913 1812 4952 a
1867 4899 2104 4954 terrenis
2152 4898 2440 4953 elementis
2490 4897 2732 4959 diverso,
2765 4909 2866 4949 nec
2918 4908 3082 4964 posse
3117 4890 3265 4943 aliud

23 4984 74 5033 it:
92 4987 186 5038 οὐκ
215 4985 492 5056 ἐνδέχεται
520 4985 746 5056 οὐρανὸν
779 4986 935 5039 ἄλλον
969 4988 1218 5056 γενέσθαι
1247 4987 1333 5041 διὰ
1359 4988 1421 5040 τὸ
1451 4988 1576 5041 τοῦ-

23 5092 82 5129 .ον
118 5081 297 5134 πᾶσαν
342 5078 755 5150 περιειληφέναι
799 5080 896 5151 τὴν
940 5079 1072 5152 ὓλην
1095 5098 1108 5111 ·
1150 5082 1267 5147 πῶς
1304 5082 1399 5136 νῦν
1428 5083 1576 5151 λέγει

23 5184 61 5219 zz
85 5170 187 5224 τῶν
216 5172 401 5225 αὐτῶν
429 5165 571 5225 εἶναι
601 5171 878 5241 στοιχείων
905 5172 996 5224 τδν
1024 5173 1272 5244 οὐρανὸν,
1293 5174 1351 5241 ἐξ
1377 5168 1452 5229 ὧν
1482 5175 1575 5229 καὶ

667 5262 802 5283 ’ΔἻΧὉ

23 5256 64 5312 ἑὰ
90 5256 197 5324 ζῶα
225 5262 323 5315 καὶ
348 5262 419 5315 τέι
451 5261 625 5331 (porci;
667 5262 802 5315 Ἀλλ’
833 5265 880 5316 εί
917 5265 1015 5334 μὲν
1046 5264 1203 5319 ἄλλον
1231 5267 1461 5339 οὐρανὸν
1489 5269 1576 5322 λέα

23 5365 81 5412 [ει
110 5350 167 5416 ἐξ
195 5353 373 5408 ἄλλων
405 5354 684 5423 στοιχείων
726 5354 1011 5422 γενέσθαι,
1062 5356 1178 5421 πῶς
1221 5359 1280 5411 οὐ
1324 5358 1576 5429 ψεύδεται

23 5440 182 5510 ιέγων,
205 5447 327 5499 Οὐκ
356 5447 629 5517 ἐνδέχεται
649 5445 805 5501 ἄλλον
832 5448 1059 5520 οὐρανὸν
1090 5444 1232 5505 εἶναι
1257 5451 1394 5524 πλὴν
1424 5453 1576 5519 ὲνός;

72 5596 179 5664 (6'5)
212 5595 404 5673 Οὖσςα.
431 5599 665 5673 Codices
696 5616 835 5673 mss.
868 5609 925 5656 et
959 5602 1026 5673 Β.
1078 5602 1389 5673 Stephanus
1419 5606 1575 5658 οὐσία

23 5672 54 5741 9t
82 5682 200 5719 ruox
221 5669 484 5746 obiurget
502 5670 753 5746 _Egca_orov
781 5672 888 5746 γὰρ
915 5672 1042 5726 τῶν.
1088 5669 1320 5745 Scripsit
1352 5674 1578 5746 Sylbur-

24 5740 151 5808 gius,
179 5745 239 5790 ut
262 5747 348 5793 est
372 5740 515 5808 apud
548 5740 914 5795 Aristotelem.

74 5805 179 5877 (Si)
219 5808 282 5861 Ἠ
309 5805 436 5878 yid.
470 5810 693 5866 Aristot.
722 5814 754 5882 ἡ
783 5811 1087 5868 τελευταία.

1674 4991 1813 5055 fieri,
1844 4992 1972 5060 quia
2001 4990 2145 5045 istud
2163 4987 2921 5057 universamcircumplexum
2948 4982 3263 5039 materiam:

1673 5082 1949 5154 quomodo
1978 5098 2126 5138 nunc
2164 5083 2321 5145 dicit,
2367 5082 2571 5137 malum
2618 5096 2687 5137 ex
2734 5079 2941 5136 eisdem
2984 5092 3107 5133 esse
3157 5074 3267 5126 ele-

1666 5180 1896 5239 mentis,
1952 5192 2015 5231 ex
2078 5176 2281 5246 quibus
2344 5174 2649 5228 animantia
2701 5179 2756 5227 et
2810 5169 3048 5242 plantae?
3082 5165 3185 5220 Sed
3217 5161 3264 5217 si

1674 5269 1821 5323 aliud
1860 5258 2059 5325 cmlum
2097 5268 2251 5331 dicit,
2282 5283 2349 5323 ex
2381 5266 2504 5322 aliis
2534 5263 2817 5320 elementis
2853 5260 3087 5314 factum:
3127 5269 3265 5324 quo-

1676 5360 1838 5417 modo
1870 5377 1977 5416 non
2008 5363 2294 5424 mentitur,
2326 5358 2455 5414 dum
2483 5359 2559 5413 ait
2589 5374 2697 5412 non
2716 5369 2875 5426 posse
2894 5350 3039 5404 aliud
3061 5347 3267 5403 cmlum

1678 5468 1802 5511 esse
1841 5466 2037 5525 praeter
2089 5454 2292 5508 unum?
2323 5451 2422 5507 Sin
2467 5460 2650 5506 autem
2699 5448 2840 5502 idem
2873 5443 3074 5497 cmlum
3105 5438 3265 5502 dicit,

1752 5609 1860 5680 (65)
1896 5610 1978 5666 Τά
2003 5628 2067 5664 τε
2094 5608 2278 5664 ἁπλᾶ.
2300 5606 2607 5680 Secundam
2640 5600 2887 5680 voculqm
2919 5594 3259 5680 addidit'Syl-

1680 5663 1918 5748 bu‘rgius—
1935 5663 1999 5737 ex
2029 5663 2280 5740 Aristot.,
2313 5686 2369 5733 et
2417 5676 2579 5746 paulo
2616 5663 2896 5748 postuoiov
2930 5676 3054 5748 ante
3082 5663 3260 5748 τόντε

1681 5734 2010 5821 animo
2054 5734 2495 5821 conjunctioném
2540 5734 2664 5797 ante
2701 5738 2861 5794 πάλιν
2907 5746 2960 5792 et
3010 5734 3259 5791 voculaut

1680 5837 1735 5875 τε
1768 5828 1892 5876 ante
1924 5820 2054 5883 ζῶα.
