3662 6512
78 386 217 442 1509

1230 386 1404 441 ACTA
1450 385 1785 442 MARTYRII
1828 386 1886 443 S.
1928 386 2212 445 JUSTINI.

3206 399 3344 453 1570

72 508 226 572 εἰπὲ,
280 505 566 573 Χαρίτων,
597 504 693 557 καὶ
741 502 823 557 σὺ
854 503 1205 572 Χριστιανὸς
1224 505 1356 567 εϊ;ι
1406 505 1621 575 Χαρίτω

1828 482 2095 558 tristianus
2117 521 2170 558 es
2189 508 2215 559 ?
2241 503 2341 558 Cui
2375 503 2639 559 Chariten
2656 520 2687 560 Δ
2730 505 3062 563 Christianus
3083 526 3175 581 ego
3199 530 3342 567 sum.

73 595 226 651 εἷπε·
270 597 611 664 Χριστιανός
640 597 755 665 ειμι
780 595 934 649 Θεοῦ
968 596 1241 649 κελεύσει
1261 595 1391 665 (75).
1423 596 1661 647 Ῥουστι-

72 687 167 749 κὸς
203 686 455 757 ἔπαρχος
503 686 639 757 πρὸς
664 687 762 756 τὴν
802 684 1023 756 Χαριτὼ
1046 681 1199 738 εἷπε·
1230 686 1314 739 Σὺ
1353 687 1411 739 τί
1439 685 1657 756 λέγεις,

72 778 312 845 Χαριτώ
365 776 516 847 (74);
552 775 772 848 Χαριτὼ
812 771 968 828 εἷπε·
1016 778 1369 844 Χριστιανός
1417 780 1533 846 εὶμι
1585 774 1661 843 τῇ

70 866 178 919 τοῦ
228 866 385 919 Θεοῦ
412 864 620 933 δωρεᾷ.
660 866 969 929 Ῥουστικὸς
1020 862 1142 919 εἷπε
1178 866 1257 937 τῷ
1309 866 1624 936 Εὐελπίστῳ
1644 883 1656 896 ·

74 957 158 1010 Σὺ
216 955 296 1009 δὲ
334 957 428 1023 τίς
463 953 552 1019 si;
592 955 937 1020 Εὐέλπιστος,
987 955 1173 1019 δοῦλος
1220 955 1496 1027 Καίσαρος
1524 955 1658 1027 (75),

73 1049 449 1119 ἀπεκρίνατο·
502 1048 676 1119 Κάγὼ
723 1051 1076 1118 Χριστιανός
1095 1051 1210 1118 ειμι
1244 1048 1660 1116 ἐλευθερωθεὶς

71 1140 190 1193 ὑπὸ
217 1139 505 1208 Χριστοῦ,
550 1142 650 1194 καὶ
693 1140 799 1208 τῆς
828 1138 1016 1208 αὐτῆς
1038 1139 1285 1205 ἐλπίδος
1306 1139 1528 1210 μετέχω
1550 1140 1657 1209 χά-

66 1248 181 1297 ριτι
198 1230 488 1297 Χριστοῦ.
548 1231 855 1293 Ῥουστικὸς
892 1228 1226 1301 ἔπαρχοςτῷ
1269 1230 1467 1301 ’ἱέρακι
1498 1226 1617 1283 εἷπε
1640 1247 1653 1260 ·

72 1321 179 1372 Καὶ
234 1320 326 1373 σὺ
361 1320 471 1391 (76)
510 1321 863 1389 Χριστιανὸς
912 1318 1007 1386 ei;
1057 1321 1231 1392 Ἱέραξ
1276 1317 1464 1374 εἶπεν
1520 1322 1654 1384 Ναὶ,

68 1416 438 1482 Χριστιανός
458 1417 590 1484 ειμι,
644 1415 753 1469 τὸν
780 1417 889 1485 γὰρ
920 1416 1108 1470 αὐτὸν
1129 1416 1279 1470 Θεὸν
1297 1416 1544 1484 σέϐομαι
1560 1414 1658 1469 καὶ

70 1505 426 1572 προσκυνῶ.
469 1506 779 1570 Ῥουστικὸς
824 1507 1061 1579 ἔπαρχος
1105 1501 1255 1560 εἶπεν
1273 1523 1287 1537 ·
1332 1505 1657 1571 Ἰουστῒνος

69 1597 231 1666 ὑμᾶς
261 1599 520 1665 ἐποίησε
560 1600 991 1666 Χριστιανούς;
1032 1597 1205 1670 Ἱέραξ
1244 1593 1424 1651 εἶπεν·
1460 1600 1657 1667 Ἥμην

69 1689 455 1755 Χριστιανὸς,
486 1688 584 1741 καὶ
604 1689 836 1758 ἔσομαι.
868 1690 1050 1743 Παίων
1077 1690 1133 1742 δὲ
1154 1688 1323 1752 ἑστὼς
1350 1684 1472 1741 εἷπε
1494 1704 1507 1718 ⁸
1537 1689 1655 1745 Κά-

69 1780 150 1848 γὼ
178 1780 544 1847 Χριστιανός
576 1783 710 1848 ειμι.
752 1780 1060 1843 Ῥουστικὸς
1105 1780 1340 1850 ἔπαρχος
1366 1775 1487 1832 εἶπε
1507 1796 1520 1809 ·
1560 1780 1647 1843 Τίς

70 1874 102 1922 ὁ
118 1870 383 1935 διδάξας
410 1884 484 1923 σε
506 1886 523 1933 ;
547 1870 728 1923 Παίων
744 1867 895 1923 εἶπεν
914 1886 928 1901 ο
971 1870 1105 1924 Ἀπὸ
1122 1870 1238 1924 τῶν
1263 1869 1487 1940 γονέων
1506 1886 1654 1937 παρ-

71 1960 415 2030 ειλήφαμεν
464 1961 579 2029 τὴν
616 1961 813 2029 καλὴν
844 1962 1071 2029 ταύτην
1096 1963 1437 2031 ὁμολογίαν.
1489 1961 1654 2013 Εὐέλ-

71 2068 267 2114 πιπος
326 2048 476 2104 εἶπεν
496 2069 510 2082 ’
556 2054 886 2107 Ἰουστίνου
919 2052 1038 2122 μὲν
1065 2052 1255 2121 ἠδέως
1288 2052 1517 2121 ἤκουον
1535 2054 1656 2109 τῶν

69 2144 291 2211 λόγων.
332 2144 500 2211 Παρὰ
545 2141 662 2197 τῶν
712 2143 936 2212 γονέων
999 2143 1069 2197 δὲ
1111 2143 1273 2213 κάγὼ
1316 2145 1655 2212 παρείληφα

70 2236 433 2302 Χριστιανὸς
477 2232 647 2290 εἶναι.
696 2236 1007 2300 Ῥουστικὸς
1048 2236 1285 2308 ἔπαρχος
1334 2232 1486 2290 εἴπεο
1528 2237 1655 2290 Ποῦ

70 2329 229 2379 είσιν
287 2330 345 2379 οὶ
388 2326 586 2395 γονεῖς
627 2339 779 2390 σου;
836 2328 1163 2407 Εἰζέλπιστος
1203 2324 1385 2381 εἶπενο
1454 2330 1548 2382 Ἐν
1580 2328 1655 2398 τῇ

73 2418 490 2484 Καππαδοκίᾳ.
545 2417 853 2482 Ῥουστικὸς
892 2418 968 2488 τῷ
1008 2418 1207 2489 Ἰἐρακι
1254 2418 1430 2488 λέγει’
1464 2423 1529 2474 Ol
1556 2420 1656 2473 σοὶ

71 2510 273 2576 γονεῖς
303 2509 420 2563 ποῦ
441 2510 601 2562 είσίν
623 2525 643 2573 ;
663 2511 691 2561 ὁ
719 2510 776 2562 δὲ
820 2510 1150 2580 ἀπεκρίνατο
1177 2510 1377 2578 λέγων·
1414 2511 1476 2564 '0
1505 2512 1654 2579 άλη-

73 2598 239 2663 θινὸς
276 2597 448 2667 ἡμῶν
484 2598 676 2667 πατὴρ
705 2600 875 2653 ἐστιν
905 2604 937 2653 ό
964 2600 1236 2667 Χριστὸς,
1266 2601 1365 2653 καὶ
1389 2600 1586 2669 μήτηρ
1616 2603 1654 2670 τ)

73 2691 156 2754 εἷς
185 2689 381 2742 αὐτὸν
408 2689 609 2755 πίστις
629 2705 646 2725 ο
678 2693 731 2743 οί
760 2689 827 2742 δὲ
854 2691 1101 2759 ἐπίγειοι
1143 2708 1262 2760 μου
1319 2691 1515 2760 γονεῖς
1543 2693 1657 2746 ἐτε-

74 2782 404 2846 λεύτησαν.
455 2780 565 2833 Καὶ
595 2780 729 2848 ἐγὼ,
780 2781 897 2834 ἀπὸ
930 2782 1180 2835 Ἰκονίου
1238 2780 1344 2849 τῆς
1398 2784 1657 2851 Φρυγίας

76 2873 517 2937 ἀποσπασθεὶς,
546 2872 758 2926 ἐνθάδε
801 2870 1090 2938 ἐλήλυθα.
1133 2872 1441 2935 Ῥουστικὸς
1486 2873 1658 2944 ἔπαρ-

78 2981 164 3033 χος
194 2959 320 3015 εἷπε
347 2962 672 3034 Λιϐεριανῷ·
714 2963 775 3016 Τί
801 2961 898 3015 καὶ
926 2962 1008 3016 σὺ
1046 2961 1261 3031 λέγεις,
1304 2962 1659 3029 Χριστιανὸς

76 3052 159 3117 ei;
207 3054 357 3108 οὐδὲ
413 3054 495 3107 σὺ
547 3054 857 3119 εὐσεόεῑς;
916 3052 1231 3125 Λιϐεριανδς
1276 3048 1426 3105 εἴπεο
1484 3053 1658 3123 Κάγὼ

77 3146 430 3213 Χριστιανός
461 3147 606 3215 ειμι·
636 3143 864 3199 εὺσεόῶ
907 3145 1018 3214 γὰρ
1049 3146 1145 3199 καὶ
1190 3144 1510 3213 προσκυνῶ
1555 3146 1660 3199 τὸν

79 3238 266 3304 μόνον
292 3236 585 3304 ἀληθινὸν
612 3237 782 3293 Θεόν.
892 3230 899 3233 ’

146 3327 238 3384 1V.
269 3330 326 3381 Ὀ
356 3329 594 3399 ἔπαρχος
618 3328 763 3396 λέγει
784 3327 918 3400 πρὸς
944 3330 1243 3383 Ἰουστῖνον·
1272 3332 1475 3384 Ἄκουε
1503 3333 1536 3384 ό
1562 3333 1656 3383 λε-

79 3420 331 3488 γόμενος
354 3420 559 3487 λόγιος
585 3418 685 3472 καὶ
712 3418 960 3487 νομίζων
978 3420 1302 3485 ἀληθινοὺς
1327 3419 1545 3474 ειδέναι
1564 3422 1666 3474 λό-

80 3527 219 3577 γους
238 3527 254 3539 ·
299 3510 409 3562 ἐὰν
430 3508 822 3578 μαστιγωθεὶς
850 3508 1342 3576 ἀποκεφαλισθῇς
1371 3510 1504 3579 (77),
1558 3508 1664 3562 πέ-

82 3616 285 3653 πεισαι
325 3599 413 3653 ὅτι
446 3599 693 3668 μέλλεις
737 3599 1080 3654 ἀναϐαίνειν
1106 3602 1193 3665 είς
1221 3599 1326 3653 τὸν
1366 3601 1664 3667 οὺρανόν;

92 3691 374 3753 Ἰουστίνος
420 3687 572 3744 εἶπεν
595 3708 607 3721 ·
646 3690 892 3752 Ἐλπίζω
945 3691 1106 3755 ἕξειν
1134 3692 1320 3746 αὐτοῦ
1350 3693 1420 3747 τὰ
1449 3693 1665 3762 δόγμα-

83 3798 148 3834 τα
177 3782 316 3853 (78),
347 3782 457 3835 ἐὰν
482 3784 781 3852 ὐπομείνω
811 3784 1015 3837 ταῦτα.
1053 3780 1195 3837 Οἶδα
1230 3785 1339 3853 γὰρ
1366 3783 1514 3839 πᾶσι
1543 3785 1665 3851 τοῖς

82 3874 226 3928 οὕτω
281 3875 551 3940 ,ϐιώσασι
580 3875 941 3945 παραμένειν
971 3876 1034 3930 τὸ
1066 3876 1227 3931 θεῖον
1262 3876 1525 3950 χάρισμα
1557 3878 1664 3945 μέ-

82 3982 173 4031 χρι
214 3965 330 4033 τῆς
372 3966 807 4033 ἐκπληρώσεως
844 3967 949 4020 τοῦ
991 3968 1214 4033 παντὸς
1244 3969 1663 4036 κόσμου.¹Ρου-

84 4057 267 4120 στιχὸς
299 4057 538 4129 ἔπαρχος
567 4054 684 4110 εἷπε
705 4074 719 4089 ο
753 4057 837 4111 Σὺ
865 4057 977 4111 οὖν
1006 4058 1281 4123 ὑπονοεῖς
1326 4060 1415 4115 ὅτι
1446 4058 1665 4125 ἀναϐή-

84 4164 162 4216 σῃ
188 4152 281 4215 είς
314 4150 457 4215 τοὺς
485 4150 776 4218 οὐρανοὺς
808 4150 1054 4220 ἀμοιϐάς
1078 4166 1247 4217 τινας
1282 4152 1666 4221 ἀποληψόμε-

84 4256 217 4306 νος;
265 4243 544 4305 Ίουστίνος
591 4239 774 4294 εἶπενο
812 4240 933 4310 Οὐχ
980 4240 1236 4305 ὑπονοῶ,
1265 4242 1666 4296 ἀλλ’ἐπίστα-

81 4348 179 4399 μαι
210 4332 315 4386 καὶ
341 4333 890 4401 πεπληροφορημαι.
909 4334 1216 4396 Ῥουστικὸς
1237 4333 1471 4405 ἔπαρχος
1488 4330 1661 4386 εἶπεν

92 4423 154 4474 Τό
182 4424 406 4477 λοιπὸν
431 4423 697 4493 ἔλθωμεν
724 4426 809 4490 είς
838 4424 901 4476 τὸ
936 4425 1327 4493 προκείμενον
1364 4425 1461 4477 καὶ
1496 4442 1665 4478 κατε-

1764 594 1870 648 Deo
1919 598 2031 663 ipso
2065 596 2304 665 juvante.
2351 596 2613 663 Quaesivit
2663 596 2924 656 Rusticus
2972 616 3001 653 ει
3047 602 3344 661 Charitana

1761 687 2009 749 muliere,
2036 703 2165 740 num
2194 697 2247 741 et
2281 687 2398 757 ipsa
2426 688 2635 743 Christi
2670 689 2831 744 ﬁdem
2863 701 3183 761 sequeretur
3237 697 3346 751 Cui

1760 776 2041 844 respondit
2072 778 2185 839 illa,
2241 794 2296 831 se
2338 794 2559 848 quoque,
2597 779 2707 833 Deo
2755 781 2935 845 dante,
2986 780 3347 839 Christianam

1758 881 1892 921 esse.
1922 866 2075 921 Tunc
2119 866 2380 922 Rusticus
2414 869 2551 923 dixit
2588 869 2864 940 Evelpisto
2896 891 2909 926 :
2950 872 3027 925 Tu
3069 890 3186 927 vero
3204 878 3349 944 quis-

1758 972 1884 1009 nam
1922 958 2021 1010 es?
2062 956 2169 1023 Qui
2227 960 2508 1028 respondit
2546 978 2560 1014 :
2633 959 2823 1015 Servus
2866 964 3075 1032 quidem
3119 966 3349 1022 Ca'saris

1758 1063 1911 1109 sum;
1934 1048 2023 1101 sed
2051 1047 2388 1102 Christianus
2416 1067 2449 1103 a
2485 1049 2696 1104 Christo
2743 1053 2857 1121 ipso
2900 1055 3144 1111 libertate
3171 1058 3347 1113 dona-

1761 1149 1865 1202 tus,
1901 1148 1952 1193 et
1985 1140 2132 1194 illius
2157 1140 2405 1210 beneﬁcio
2434 1153 2589 1213 atque
2610 1146 2808 1213 gratia,
2842 1147 3078 1215 ejusdem
3105 1153 3235 1219 spei,
3262 1168 3351 1205 cu-

1750 1230 1841 1298 jus
1868 1240 1917 1283 et
1954 1231 2065 1294 isti,
2118 1248 2247 1301 quos
2298 1233 2461 1300 uides,
2506 1237 2764 1304 particeps
2826 1238 3023 1306 factus.
3067 1240 3197 1296 Post
3236 1243 3350 1297 lnec

1758 1318 2049 1388 praefectus
2079 1322 2332 1389 quaesivit
2372 1324 2438 1378 ab
2470 1324 2717 1390 Hierace,
2749 1344 2877 1382 num
2910 1338 2965 1385 et
3008 1331 3123 1400 ipse
3183 1332 3347 1388 Chri-

1756 1410 1969 1465 stianus
1994 1420 2157 1466 esset.
2184 1412 2284 1466 Cui
2316 1412 2516 1469 llierax
2544 1416 2679 1470 dixit
2707 1437 2719 1473 :
2750 1418 2901 1473 Certe
2930 1420 3266 1477 Christianus
3295 1436 3346 1478 et

1753 1515 1845 1569 ego
1878 1516 2016 1565 sum,
2050 1502 2286 1557 eumdem
2325 1507 2463 1559 enim
2495 1506 2659 1561 Deum
2688 1510 2803 1563 colo
2841 1522 2998 1580 atque
3024 1512 3209 1567 adoro.
3243 1520 3344 1584 An,

1753 1590 1933 1661 inquit
1963 1593 2272 1663 praefectus,
2302 1595 2633 1654 Christianos
2666 1617 2751 1654 vos
2784 1602 2905 1669 fecit
2935 1603 3183 1658 Justinus
3211 1608 3235 1659 ?
3274 1637 3341 1646 —

1753 1680 1888 1751 Ego,
1914 1686 2094 1755 inquit
2128 1686 2349 1750 llierax,
2380 1697 2430 1742 et
2456 1690 2557 1757 fui,
2595 1700 2645 1744 et
2675 1708 2762 1745 ero
2795 1692 3149 1748 Christianus.
3181 1694 3344 1750 Stans

1754 1785 1938 1830 autem
1968 1786 2022 1831 et
2051 1777 2212 1832 Paeon
2245 1779 2381 1833 dixit
2417 1801 2431 1835 :
2466 1781 2577 1852 Ego
2602 1801 2804 1854 quoque
2832 1802 2947 1839 sum
2982 1786 3343 1844 Christianus.

1752 1894 1825 1904 —
1863 1864 1931 1918 Et
1972 1867 2253 1934 quisnam,
2293 1870 2467 1938 inquit
2514 1873 2838 1939 praefectus,
2895 1886 2943 1929 te
2982 1875 3201 1933 docuit?
3241 1877 3349 1932 Re-

1754 1954 1975 2023 spondit
2004 1956 2092 2009 ille
2130 1970 2145 2005 :
2181 1958 2222 2009 A
2254 1958 2556 2025 parentibus
2588 1962 2778 2015 bonam
2808 1962 2944 2018 hanc
2970 1964 3342 2033 confessionem

1755 2048 1949 2114 accepi.
1980 2046 2111 2102 Post
2150 2048 2295 2103 hunc
2327 2050 2635 2119 Evelpislus
2668 2053 2807 2107 dixit
2838 2068 2857 2105 .'
2896 2054 2965 2107 Et
2999 2071 3092 2124 ego
3140 2055 3347 2109 Justini

1752 2141 1963 2210 quidem
2006 2158 2269 2195 sermones
2303 2142 2463 2212 587
2500 2160 2693 2212 magna
2726 2161 2844 2196 cum
2870 2146 3131 2212 voluptate
3156 2149 3343 2200 audie-

1758 2232 1907 2295 bam;
1936 2233 2026 2286 sed
2058 2250 2091 2285 a
2117 2233 2422 2301 parentibus
2452 2244 2626 2289 tamen
2655 2246 2703 2288 et
2736 2237 2844 2303 ipse
2878 2236 3217 2291 Christianus
3260 2255 3344 2292 es-

1753 2338 1810 2376 se
1838 2322 2022 2377 didici.
2052 2324 2203 2383 Tunc
2232 2324 2523 2392 praefectus
2558 2343 2571 2378 :
2602 2323 2668 2377 Et
2702 2323 2922 2378 ubinam
2971 2338 3211 2395 parentes
3268 2330 3344 2380 tui

1756 2422 1878 2475 sunt
1901 2416 1925 2468 ?
1951 2444 2021 2452 —
2044 2412 2108 2467 In
2130 2413 2487 2483 Cappadocia,
2521 2415 2699 2485 inquit
2736 2412 3079 2487 Evelpistus.
3134 2418 3344 2483 ρυωεί-

1756 2506 1835 2559 vit
1865 2504 2154 2573 praefcctus
2185 2515 2239 2561 et
2275 2508 2344 2561 ab
2374 2506 2622 2569 llierace,
2684 2509 2904 2563 ubinam
2958 2510 3199 2579 gentium
3257 2526 3318 2564 es

1757 2605 1881 2649 sent
1930 2596 2049 2664 ejus
2084 2606 2359 2666 parentes.
2413 2598 2513 2652 Cui
2572 2600 2854 2667 respondit
2898 2599 3136 2655 Hierux:
3185 2600 3343 2656 Verus

1758 2687 1922 2741 Pater
1946 2698 2121 2741 noster
2146 2689 2387 2742 Christus
2416 2700 2516 2751 est,
2548 2700 2596 2742 et
2630 2701 2797 2743 mater
2834 2691 2988 2759 fides,
3031 2708 3135 2761 qua
3172 2694 3224 2745 in
3267 2694 3340 2760 ip-

1757 2795 1875 2830 sum
1932 2781 2191 2833 credimus
2239 2795 2257 2832 .'
2312 2783 2503 2835 terreni
2544 2798 2661 2834 vero
2709 2792 2948 2849 parentes
3005 2783 3105 2836 mei
3150 2785 3344 2837 mortui

1756 2880 1900 2922 sunt.
1925 2870 2185 2925 Cazterum
2215 2889 2307 2942 ego
2336 2871 2398 2926 ab
2426 2871 2606 2926 Iconio
2639 2872 2885 2943 Phrygia:
2911 2878 3210 2928 abstractus
3244 2875 3341 2928 huc

1757 2963 1891 3015 ueni.
1922 2961 2181 3027 Quaesivit
2243 2962 2529 3033 prtel‘ectus
2561 2980 2589 3016 a
2621 2964 2912 3018 Liberiano
2932 3004 2946 3028 ,
2999 2966 3261 3035 quidnam
3288 2975 3341 3020 et

1759 3055 1877 3124 ipse
1929 3055 2152 3120 diceret,
2188 3072 2316 3109 num
2376 3064 2429 3111 et
2488 3056 2838 3112 Christianus
2893 3066 3057 3123 esset,
3089 3064 3251 3128 atque
3289 3058 3341 3111 in

1763 3145 1897 3201 deos
1923 3147 2140 3216 impius.
2191 3146 2256 3199 Et
2287 3164 2398 3217 ego,
2436 3148 2630 3218 inquit,
2668 3147 3002 3203 Christianus
3034 3166 3172 3205 sum.
3216 3147 3344 3204 Colo

1762 3237 1901 3289 enim
1924 3246 1973 3290 et
2003 3236 2167 3291 adoro
2192 3238 2362 3291 solum
2394 3238 2556 3291 Deum
2582 3255 2780 3293 verum.

1840 3326 1933 3381 ιν.
1954 3326 2106 3382 Tunc
2141 3331 2427 3398 praefectus
2446 3344 2746 3383 conversus
2765 3328 2829 3381 ad
2847 3325 3146 3389 Justiuum,
3169 3325 3308 3379 dixit
3330 3344 3341 3378 ;

1764 3416 1908 3470 Audi
1943 3428 2019 3483 tu,
2044 3419 2133 3488 qui
2169 3419 2411 3488 eloquens
2436 3435 2547 3472 esse
2574 3418 2786 3481 diceris,
2820 3427 2866 3471 et
2898 3428 3052 3485 putas
3086 3426 3133 3470 te
3170 3432 3341 3470 veram

1764 3508 2101 3577 disciplinam
2127 3518 2296 3563 tenere
2321 3525 2338 3562 :
2368 3510 2414 3563 si
2439 3527 2471 3561 a
2501 3515 2670 3577 capite
2698 3524 2788 3576 per
2818 3518 2985 3561 totttm
3010 3524 3197 3576 corpus
3236 3508 3341 3574 ﬂu-

1764 3600 1915 3669 gellis
1954 3617 2120 3654 casus
2166 3601 2353 3669 fueris,
2394 3616 2771 3668 persuasuntne
2810 3599 2989 3663 habes,
3033 3600 3147 3667 [ore
3188 3608 3243 3650 ut
3291 3598 3343 3650 in

1766 3696 1950 3745 cwlum
2002 3692 2293 3747 ascendas?
2320 3692 2419 3746 Cu'i
2453 3691 2703 3746 Justinus
2736 3710 2747 3745 :
2780 3688 2964 3758 Spero,
3012 3691 3209 3759 inquit,
3263 3707 3345 3744 me

1764 3784 2067 3837 habiturum
2100 3783 2238 3853 quod
2269 3782 2459 3835 habent
2493 3783 2582 3851 qui
2617 3780 2815 3835 Christi
2837 3779 3087 3848 dogmata
3107 3796 3345 3834 servave-

1765 3879 1895 3938 rint,
1939 3876 1985 3928 si
2013 3875 2123 3928 hcce
2155 3876 2290 3942 ipsa,
2336 3889 2454 3942 qua:
2496 3873 2650 3934 dicis,
2702 3887 2972 3939 perpessus
3012 3871 3181 3939 fuero.
3222 3869 3344 3924 Scio

1764 3968 1904 4019 enim
1938 3965 2177 4019 omnibus
2208 3967 2297 4035 qui
2324 3967 2400 4018 sic
2436 3964 2661 4019 vixerint
2693 3963 2927 4016 divinam
2960 3963 3192 4029 gratiam
3220 3978 3345 4013 con-

1766 4058 1989 4121 servari,
2026 4056 2200 4127 quoad
2234 4064 2373 4110 totus
2412 4054 2637 4108 mundus
2670 4063 3077 4106 consummetur.
3108 4052 3189 4106 Ad
3232 4053 3345 4106 ham

1766 4149 2059 4219 prterectus
2084 4147 2347 4211 Rusticus
2380 4162 2392 4197 :
2431 4145 2573 4216 Ergo
2618 4145 2854 4214 futurum
2906 4145 3166 4213 opinaris,
3208 4145 3346 4197 utin

1767 4242 1923 4295 artos
1969 4240 2245 4302 ascendas,
2291 4240 2576 4293 mercedem
2618 4240 2852 4309 aliquam
2896 4240 3240 4308 recepturus?
3276 4266 3347 4276 -—-

1768 4332 1894 4387 Non
1936 4334 2142 4401 opinor,
2189 4331 2366 4401 inquit
2408 4329 2677 4395 Justinus,
2713 4332 2802 4385 sed
2842 4331 2971 4395 scio,
2999 4338 3050 4384 et
3096 4328 3191 4381 hoc
3237 4338 3346 4381 tam

1770 4434 1969 4477 certum
1996 4424 2181 4487 habeo,
2214 4433 2269 4476 ut
2301 4424 2435 4476 nihil
2456 4422 2708 4477 dubitent.
2745 4421 3005 4476 Rusticus
3038 4421 3212 4473 dixit:
3250 4416 3348 4472 Ve-

88 4515 293 4585 πεῐγον
345 4514 602 4584 πρᾶγμα.
656 4517 1058 4581 Συνελθόντες
1109 4512 1224 4570 οὖν
1282 4515 1621 4585 ὀμαθυμιιδὸ

1828 4532 1976 4569 amus
2017 4516 2257 4582 deinceps
2289 4514 2358 4567 ad
2396 4514 2452 4566 id
2487 4512 2623 4583 quod
2668 4514 2994 4581 propositum
3034 4520 3132 4569 est,
3166 4519 3215 4563 et
3253 4526 3348 4562 nos

91 4608 310 4660 θύσατε
342 4606 459 4673 τοῖς
485 4607 661 4672 θεοῖς.
679 4608 958 4670 Ἰουστῖνος
990 4602 1139 4660 εἶπεν
1158 4624 1171 4637 ·
1209 4607 1416 4673 Οὐδεὶς
1446 4609 1661 4675 εὐφρο-

90 4696 203 4751 τῶν
231 4698 348 4762 (79)
388 4698 506 4752 ἀπὸ
547 4697 857 4763 εὐσεϐείας
896 4699 1140 4765 ἀσεϐείᾳ
1176 4700 1663 4752 εὶσπίπτει.Ῥου-

157 4886 271 4953 (75)
305 4882 453 4937 Θεοῦ
481 4883 776 4953 κελεύσει.
818 4880 913 4935 Dei
936 4882 1116 4950 jussu,
1148 4879 1533 4953 sivehortatu.

158 4888 250 4953 (73
305 4888 453 4937 Θεοῦ
481 4888 776 4935 κελεύσει.
818 4888 913 4935 Dei
936 4888 1116 4950 jussu,
1148 4888 1263 4935 sive
1296 4888 1533 4933 hortatu.

158 4888 557 5026 mimae.
575 4950 837 5026 ﬂusticus
866 4955 1142 5026 prwl'ectus
1169 4950 1305 5026 dixit
1335 4955 1424 5026 __ad_
1477 4950 1672 5026 Chari-

96 5018 351 5077 tumz'Tu
387 5018 511 5091 quid
552 5022 707 5083 dicis,
742 5018 1007 5091 Charito?
1041 5020 1259 5076 Charito
1311 5019 1446 5091 dixit
1473 5018 1667 5091 :Chri-

94 5094 264 5148 stiana
294 5090 411 5147 sum
442 5092 535 5144 Dei
566 5093 721 5145 dono.
751 5090 876 5144 Haec
912 5093 1105 5145 mulier
1135 5097 1359 5145 vocatur
1389 5090 1669 5145 Cbaritina

96 5166 230 5230 apud
262 5162 555 5216 Baroniuui
590 5161 655 5214 ad
687 5176 777 5216 an.
805 5161 928 5216 165.

162 5234 275 5303 (75)
315 5232 889 5303 ΔοῦλοςῌΚαίσιιρος.
912 5230 1221 5303 _Evelpistus
1264 5229 1671 5303 servusJCaasa-

100 5303 165 5353 ris
192 5300 496 5371 respondit:
519 5300 633 5371 Ego
663 5317 863 5371 quoque
896 5300 1232 5355 Christianus
1253 5318 1392 5362 sum,
1417 5300 1668 5354 liberatus

98 5388 127 5421 a
161 5370 407 5435 Christo,
467 5387 529 5423 ac
582 5370 815 5432 eiusdem
850 5372 959 5438 spei
1012 5371 1273 5439 particeps
1319 5386 1435 5423 sum
1495 5372 1670 5439 gratia

100 5441 313 5497 Christi.
349 5473 419 5481 —
462 5440 637 5495 Vertit
686 5440 957 5509 interpres
999 5442 1158 5502 iuale,
1190 5447 1249 5494 ut
1296 5440 1454 5495 nobis
1506 5440 1669 5509 etiam

100 5512 329 5573 videtur,
353 5512 511 5580 quasi
542 5512 655 5565 haec
676 5508 860 5571 verba,
888 5511 1070 5573 δοῦλος
1092 5511 1390 5581 Καίσαρος,
1426 5509 1493 5562 ad
1517 5508 1672 5565 Evel-

101 5582 218 5647 pisti
250 5578 665 5650 responsionem
706 5581 1062 5649 pertinerent.
1099 5578 1257 5633 Ευιτ.
1279 5578 1529 5650 ῬΑτιιοι..

163 5652 273 5723 (76)
299 5648 407 5723 Καὶ
439 5652 540 5723 σῦ.
576 5648 792 5723 Nuntct
821 5660 876 5723 tu
898 5650 1310 5723 Christianuses
1336 5648 1479 5723 ?7Sic
1507 5649 1669 5723 etium

100 5718 233 5775 infra
258 5718 312 5776 in
331 5720 538 5775 Graecis
564 5721 702 5775 aclis
728 5720 902 5789 ipsius
933 5719 1167 5789 pra'iecti
1202 5718 1670 5789 Liberiauutnin-

100 5792 422 5862 lerrogantis
446 5792 613 5847 verba
642 5785 985 5845 referuntur:
1016 5790 1156 5857 Quid
1183 5799 1233 5843 et
1261 5800 1314 5841 tu
1335 5788 1469 5842 dicis
1490 5785 1671 5853 {Nam

1784 4615 1935 4676 trget.
1967 4604 2247 4660 Conuenite
2288 4604 2469 4667 simul,
2504 4614 2551 4657 et
2588 4620 2691 4657 uno
2726 4603 3005 4673 eodemque
3040 4602 3215 4653 aninto
3244 4601 3348 4653 diis

1778 4700 2085 4769 sacriﬁcate.
2134 4698 2217 4751 Ad
2260 4698 2374 4751 [nec
2415 4696 2666 4751 Justinus
2709 4715 2724 4750 :
2771 4695 2964 4761 Nemo,
3006 4694 3204 4763 inquit,
3258 4692 3349 4761 qui

1766 4879 2103 4950 Christianus
2134 4892 2333 4947 quoque
2355 4893 2408 4929 es
2438 4890 2530 4950 nec
2550 4875 2664 4950 pius
2680 4874 2709 4926 ἲ
2876 4944 2892 4950 _
2977 4943 2997 4950 _
3014 4938 3040 4950 η

1841 4950 1953 5020 (747)
1996 4939 2156 5002 Ἐὰν’
2162 4939 2558 5020 μαστιγωθεὶς
2584 4939 3117 5020 ἀποπεφαλισθῇς..
3137 4939 3198 4995 Si
3234 4956 3349 5020 tier-

1773 5010 1981 5073 beribus
2011 5010 2178 5072 caesus
2208 5010 2377 5083 capite
2409 5016 2677 5084 plectaris.
2714 5010 3008 5068 Mendosus
3052 5010 3346 5063 admodum

1772 5088 1875 5144 hoc
1908 5090 2031 5142 loco
2070 5088 2361 5156 interpres:

1844 5158 1955 5229 (73)
1993 5146 2279 5229 Δόγμαία.
2325 5154 2657 5229 Silegatnus
2692 5152 2920 5223 δόματα,
2946 5164 3096 5217 spero
3134 5162 3214 5199 me
3249 5146 3346 5229 hai-

1774 5224 2003 5283 biturum
2028 5224 2176 5281 illius
2199 5226 2360 5285 dona,
2389 5226 2540 5295 locus
2565 5224 2850 5295 enitescet,
2876 5234 2975 5274 nec
2994 5231 3218 5295 necesse
3239 5224 3345 5270 erit

1773 5299 2073 5368 quidquam,
2096 5296 2370 5368 supplere.
2401 5294 2537 5347 Huic
2565 5293 2684 5346 voci
2703 5332 2729 5368 ,_
2754 5292 2981 5359 δόματα,
3011 5292 3225 5368 egregie
3253 5301 3340 5338 re-

1774 5361 2003 5439 spondet
2030 5367 2091 5418 τὸ
2121 5361 2271 5439 om!
2291 5365 2556 5439 χάρέσμα,
2587 5361 2731 5439 quod
2750 5376 2886 5439 _niox
2902 5361 3185 5439 'sequitur.

1845 5438 1954 5508 (79)
1993 5425 2339 5508 Εὐφρονῶν.
2366 5425 2875 5508 ’δίιὶιίιίἐθεξηριαξο
2893 5425 3094 5508 Justiuj
3121 5438 3347 5508 respon-

1773 5491 1862 5563 εἰσ
1910 5491 2179 5576 pluribus
2204 5506 2327 5560 aliis
2373 5510 2669 5576 martyrum
2699 5497 2918 5576 Christo
2955 5491 3343 5576 conlidentinpi

1773 5561 2077 5647 responsis.
2125 5574 2351 5647 Dicebat
2400 5561 2590 5647 iudici
2622 5569 2775 5620 beata
2810 5563 3179 5647 Sy'mpliorosn
3217 5580 3228 5614 :
3266 5561 3344 5614 'I‘n

1772 5634 2049 5702 existimas
2099 5642 2237 5714 quod
2286 5634 2472 5714 possit
2500 5638 2708 5691 animus
2761 5651 2903 5714 meus
2937 5634 3347 5714 aliquoIterrore

1774 5700 1994 5777 mutari,
2026 5700 2145 5767 cum
2191 5700 2297 5781 ego'
2325 5708 2613 5781 desiderem
2647 5721 2773 5781 cum
2797 5705 2923 5781 _uiro
2957 5718 3069 5781 meo
3115 5700 3345 5781 Cetujio,

1773 5804 1923 5856 quem
1942 5772 2035 5854 pro
2056 5772 2253 5838 Chriin
2275 5780 2480 5836 nomine
2502 5774 2828 5843 interfecisti,
2854 5772 3200 5843 requiescere;
3224 5772 3344 5825 Act.
