3662 6504
60 393 198 449 1575

1224 454 1231 459 ,
1276 388 1333 444 s.
1375 387 1637 445 JUSTlNl
1682 384 2124 443 FRAGMENTA.

3150 430 3153 433 -
3196 393 3338 449 157$

54 513 113 567 τδ
144 512 278 582 περὶ
310 509 477 563 αὐτοῦ
510 511 574 564 ού
606 510 878 581 φορτικόν.
913 511 1048 562 Κατ’
1080 509 1325 571 ἐξουσίαν
1356 508 1465 580 γάρ
1495 508 1631 579 φερό

1788 505 1953 561 nerito
1993 520 2094 561 nec
2136 506 2635 561 demonstrationes
2666 520 2877 569 eorum,
2908 521 3029 577 qua:
3057 506 3340 573 dicuntur,

59 621 238 675 μενος,
275 604 507 666 εἰκότως
551 602 671 655 οὐδὲ
714 601 813 664 τὰς
854 600 1153 665 ἀποδείξεις
1196 600 1307 652 τῶν
1347 600 1652 670 λεγομένων

54 693 413 747 ἀπαιτεῖσθαι
446 693 618 746 θέλει*
651 692 734 745 δτι
766 691 899 764 μηδέ
932 693 1068 745 εἰσιν
1098 692 1254 745 άλλαι
1283 691 1457 763 πάρεξ
1483 693 1653 762 αὐτῆς

54 786 149 855 τῆς
180 783 473 855 ἀληθείας,
490 784 628 855 ὅπερ
657 784 803 837 ἐστὶν
831 785 860 837 6
887 783 1036 846 Θεός.
1058 784 1215 836 Πᾶσα
1244 782 1354 855 γάρ
1382 782 1653 847 ἀπόδειξις

59 876 391 946 ισχυροτέρα
435 875 529 929 καὶ
570 874 864 945 πιστοτέρα
902 873 996 927 τοῦ
1039 874 1494 946 ἀποδεικνυμένου
1522 892 1653 944 τυγ-

55 966 205 1035 χάνει
230 984 244 996 ·
302 968 418 1035 εἴγε
460 966 522 1019 τὸ
570 965 834 1037 πρότερον
860 965 1275 1036 ’ἀπιστούμενον
1331 966 1497 1038 πρινὴ
1551 967 1651 1037 τὴν

53 1057 332 1121 ἀπόδειξιν
362 1056 559 1121 ὲλθεϊν,
580 1058 783 1127 ταύτης
808 1054 1189 1128 κομισθείσης,
1208 1056 1365 1127 ἔτυχε
1394 1057 1648 1121 πίστεως,

54 1149 141 1200 καὶ
172 1147 427 1201 τοιοῦτον
455 1148 650 1218 ἐφάνη,
676 1148 861 1200 όποτον
900 1147 1135 1215 ἐλέγετο.
1168 1148 1280 1217 Τῆς
1308 1147 1364 1200 δὲ
1392 1147 1649 1218 ἀληθείας

56 1240 405 1311 ἰσχυρότερον
425 1240 576 1293 οὐδὲν
604 1239 723 1293 οὐδὲ
758 1239 1076 1311 πιστότερον
1095 1256 1107 1269 ·
1133 1238 1272 1291 ὥστε
1301 1239 1331 1291 6
1363 1240 1492 1310 περὶ
1519 1239 1652 1293 ταύ-

52 1346 143 1400 της
173 1330 458 1395 ἀπόδειξιν
489 1330 655 1383 αἰτῶν
682 1330 868 1401 ὅμοιός
884 1332 1003 1383 ὲστι
1021 1329 1099 1401 τῷ
1119 1329 1189 1382 τά
1207 1329 1504 1400 φαινόμενα
1530 1333 1650 1394 ταῖς

50 1420 342 1490 αἰσθήσεσι
375 1421 555 1489 λόγοις
583 1420 791 1474 θέλοντι
820 1420 1259 1483 ἀποδείκνυσθαι,
1289 1421 1422 1473 διότι
1465 1422 1651 1490 φαίνε-

52 1528 154 1564 ται.
187 1512 319 1565 Τῶν
346 1512 459 1583 γάρ
489 1512 577 1565 διά
602 1512 697 1565 τοῦ
730 1512 889 1581 λόγου
920 1512 1349 1583 λαμϐανομένων
1372 1510 1484 1583 (81)
1527 1530 1649 1584 κρι-

52 1603 237 1673 τήριόν
273 1604 429 1657 ἐστιν
458 1605 492 1675 ή
521 1603 799 1675 αἴσθησις·
835 1604 1006 1675 αὐτῆς
1024 1604 1081 1657 δὲ
1096 1604 1377 1675 κριτήριον
1404 1604 1504 1656 οὐκ
1531 1601 1647 1655 ἐστι

52 1694 186 1765 πλὴν
216 1696 638 1768 αὐτῆς.“Ωσπερ
669 1692 760 1750 οῦν
791 1695 861 1749 τά
888 1696 975 1749 διά
1012 1695 1108 1749 τοῦ
1140 1696 1299 1764 λόγου
1330 1693 1644 1765 θηρώμενα,

50 1787 359 1854 ἀπάγοντες
390 1788 485 1839 ἐπὶ
527 1788 626 1859 τὴν
658 1786 935 1859 αἴσθησιν,
964 1787 1137 1860 ταύτῃ
1180 1788 1439 1859 κρίνομεν
1483 1785 1646 1838 ὁποῖά

52 1896 174 1930 ποτε
218 1878 355 1932 ὄντα
403 1881 680 1951 τυγχάνει,
717 1882 825 1934 εἴτε
871 1883 966 1934 καὶ
995 1880 1168 1951 ἀληθὴ
1199 1880 1308 1933 εἴτε
1352 1878 1643 1949 καὶψευδῆ

50 1967 112 2020 τὰ
137 1969 437 2040 λεγόμενα,
470 1973 571 2024 οὐκ
600 1972 680 2024 ἔτι
718 1972 773 2024 δὲ
804 1972 1063 2043 κρίνομεν
1093 1970 1436 2034 πιστεύοντες
1467 1972 1605 2043 αὐτῇ
1626 1989 1641 2003 ο

49 2057 184 2112 οὕτω
201 2062 302 2113 καὶ
322 2063 450 2124 τοὺς
469 2062 843 2133 ἀνθρωπίνους
879 2064 973 2116 καὶ
993 2064 1291 2133 κοσμικοὺς
1322 2062 1433 2134 (82)
1454 2063 1644 2131 λόγους

51 2152 450 2222 ἀναπέμπομεν
484 2154 577 2205 ἐπὶ
606 2154 705 2224 τὴν
734 2152 1012 2224 ἀλήθειαν,
1036 2154 1131 2207 καὶ
1160 2154 1331 2224 ταύτῃ
1360 2154 1640 2225 κρίνομεν,

50 2244 151 2295 εἴτε
182 2244 387 2312 φαῦλοι
421 2244 532 2297 εἴτε
566 2245 662 2298 καὶ
710 2246 784 2317 μὴ
831 2245 1187 2316 τυγχάνουσιν
1214 2245 1385 2308 ὄντες.
1418 2247 1558 2308 Τοὺς
1586 2246 1642 2299 δὲ

50 2334 139 2402 τῆς
172 2334 436 2405 ἀληθείας
465 2336 641 2389 οὐδενὶ
672 2337 928 2408 κρίνομεν
957 2337 1151 2407 ἑτέρῳ,
1174 2336 1520 2399 πιστεύοντες
1544 2337 1643 2389 αύ-

50 2426 127 2494 τῇ.
151 2426 313 2479 Ἔστι
359 2426 415 2479 δὲ
464 2426 690 2497 ἀλήθεια
721 2430 750 2480 6
778 2427 910 2491 Θεὸς
939 2429 967 2480 6
999 2428 1191 2498 Πατὴρ
1232 2426 1341 2480 τῶν
1381 2427 1541 2491 ὅλων,
1583 2428 1642 2490 ὅς

52 2515 159 2569 ἐστι
202 2518 333 2581 νοῦς
375 2519 581 2582 τέλειος
606 2519 737 2591 (85).
771 2512 846 2573 Οὖ
881 2520 1172 2590 γενόμενος
1208 2520 1337 2583 Υἱὸς
1380 2522 1409 2573 6
1445 2520 1637 2588 Λόγος,

50 2602 203 2676 ἦλθεν
246 2612 329 2673 εἰς
364 2612 534 2681 ἡμᾶς,
568 2611 748 2682 σάρκα
782 2611 1041 2682 φορέσας,
1082 2610 1272 2663 ἑαυτόν
1300 2610 1374 2679 (τε
1411 2610 1505 2663 καὶ
1547 2610 1638 2663 τὸν

54 2698 267 2771 Πατέρα
291 2701 726 2772 μηνύων,διδοὺς
756 2704 890 2773 ἡμῖν
920 2703 980 2756 ὲν
1008 2700 1185 2772 ἑαυτῷ
1212 2702 1313 2772 τὴν
1341 2702 1405 2754 ὲκ
1432 2702 1639 2774 νεκρῶν

54 2790 365 2856 ἀνάστασιν,
400 2794 495 2846 καὶ
531 2793 629 2865 τὴν
680 2793 818 2864 μετά
844 2791 1020 2847 ταῦτα
1049 2792 1193 2861 ζωὴν
1224 2792 1459 2845 αἰώνιον.
1483 2794 1639 2845 Ἔστι

52 2881 100 2933 δὲ
128 2876 290 2949 οὗτος
330 2884 542 2956 Ἰησοῦς
572 2884 806 2957 Χριστὸς
837 2887 867 2938 6
897 2884 1089 2955 Σωτὴρ
1118 2882 1275 2953 ἡμῶν
1306 2884 1399 2936 καὶ
1436 2884 1638 2936 Δεσπό-

54 2990 159 3043 της.
182 2971 357 3040 Οὗτος
386 2977 569 3030 τοίνυν
601 2977 763 3041 αὐτός
793 2978 941 3031 ἐστιν
964 2974 1157 3029 ἑαυτοῦ
1176 2992 1237 3027 τε
1262 2975 1482 3028 καὶτῶν
1502 2976 1638 3029 ὅλων

54 3065 302 3121 ἁπάντων
331 3069 519 3131 πίστις
544 3085 604 3121 τε
636 3067 731 3121 καὶ
760 3067 1034 3134 ἀπόδειξις
1065 3066 1197 3139 (84).
1223 3067 1421 3138 Διόπερ
1447 3067 1497 3120 οἱ
1525 3066 1641 3119 τού-

55 3171 121 3225 τῳ
148 3158 700 3225 κατακολουθοῦντες,
732 3160 951 3228 γνόντες
992 3160 1177 3223 αὑτὸν,
1210 3158 1309 3230 τὴν
1350 3160 1431 3222 εἰς
1472 3158 1635 3211 αὑτὸν
1662 3194 1705 3252 C

62 3250 226 3304 πίστιν
258 3253 334 3315 ὡς
360 3250 632 3316 ἀπόδειξιν
665 3251 899 3322 ἔχοντες,
928 3250 1333 3304 ἀναπαύσονται
1375 3251 1434 3302 ὲν
1461 3248 1630 3319 αὐτῷ.

68 3338 273 3414 Ἐπειδὴ
300 3342 359 3395 δὲ
390 3341 619 3406 πολλοὺς
646 3344 673 3395 6
702 3342 1072 3412 ἀντικείμενος
1098 3326 1349 3411 πολεμῶν
1377 3341 1439 3393 ού
1471 3330 1641 3393 παῦε-ἐ

62 3444 154 3493 ται,
181 3433 409 3497 πολλαῖς
437 3434 495 3487 δὲ
522 3434 617 3487 καὶ
647 3434 921 3497 ποικίλαις
945 3433 1054 3503 (85)
1089 3431 1329 3503 μεθόδοις
1356 3430 1491 3502 πρὸς
1520 3432 1638 3484 ἑπι-

58 3520 239 3597 6ουλὴν
283 3526 509 3598 χρῆται,
553 3526 692 3597 πρὸς
746 3526 844 3596 μὲν
883 3525 1010 3586 τοὺς
1057 3524 1509 3587 πεπιστευκότας,
1549 3524 1637 3589 ἵνα

57 3614 268 3681 τούτους
295 3618 397 3689 τῆς
428 3618 663 3680 πίστεως
691 3615 977 3686 ἀπαγάγῃ,
995 3614 1132 3685 πρὸς
1159 3613 1355 3678 δὲτοὺς
1373 3614 1636 3677 ἀπίστους

22 3690 31 3703 ’
60 3703 149 3769 ἔτι,
180 3708 269 3761 ἵνα
300 3709 376 3781 μὴ
410 3702 775 3761 πιστεύσωσιν
796 3724 809 3737 ο
843 3708 1139 3775 ἀναγκαῖον
1168 3700 1309 3758 εἶναί
1354 3721 1442 3774 μοι
1466 3704 1633 3767 δοκεῖ,
1666 3700 1671 3701 ⁷

59 3799 140 3851 καὶ
166 3800 336 3872 ἡμᾶς,
370 3800 853 3871 καθωπλισμένους
892 3802 1005 3862 τοῖς
1046 3798 1145 3869 τῆς
1187 3797 1424 3860 πίστεως
1458 3795 1637 3864 λόγοις

60 3887 308 3960 ἀτρώτοις
359 3890 534 3958 οὖσιν,
568 3892 947 3962 ἀντιπολεμεῖν
985 3890 1134 3961 αὑτῷ
1175 3889 1265 3942 διὰ
1310 3888 1439 3952 τοὺς
1470 3887 1634 3942 ἀσθε-

61 3983 172 4043 νείς.

122 4070 355 4129 11.Φασ“ιν
369 4077 420 4129 οί
438 4076 507 4130 τὰ
524 4076 744 4148 χείρονα
758 4075 1029 4143 λέγοντες,
1048 4074 1148 4127 οὐκ
1161 4068 1298 4126 εἶναι
1318 4073 1419 4143 τῆς
1434 4072 1636 4146 σαρκὸς

62 4160 371 4219 ἀνάστασιν
404 4166 667 4220 ἀδύνατον
708 4165 818 4238 γὰρ
852 4160 991 4218 εἶναι
1024 4164 1124 4234 τὴν
1151 4162 1510 4234 φθειρομένην
1540 4163 1636 4216 καὶ⁵

61 4248 421 4329 διαλυομένην,
458 4258 663 4329 ταύτην
713 4254 1043 4326 συναχθῆναι
1088 4255 1168 4317 εἰς
1204 4254 1264 4306 τὸ
1308 4252 1459 4306 αὑτό.
1490 4253 1636 4325 Πρὸς

63 4342 156 4415 γὰρ
181 4348 244 4400 τὸ
268 4349 530 4403 ἀδύνατον
560 4349 653 4402 καὶ
683 4346 998 4418 ἀσύμφορόν
1039 4362 1203 4415 φασιν
1246 4344 1511 4416 ὑπάρχειν
1535 4345 1634 4416 τὴν

62 4435 250 4509 “51:13;
282 4441 580 4511 σωτηρίαν,
610 4440 705 4492 καὶ
728 4439 1044 4503 κακίζουσιν
1079 4437 1270 4508 αὐτὴν,
1302 4435 1373 4489 τὰ
1402 4436 1633 4489 ἐλαττώ-

1756 599 1979 667 exposci
2006 600 2142 663 vult,
2175 614 2302 652 cum
2330 613 2511 669 neque
2560 599 2681 653 alia:
2710 598 2821 654 sint
2848 607 3002 653 extra
3029 600 3338 667 veritatem,

1755 705 1877 759 quae
1908 689 2049 746 Deus
2081 697 2186 745 est.
2215 690 2407 747 Omnis
2437 690 2583 746 enim
2612 690 3006 747 demonstratio
3039 690 3231 747 fortior
3258 697 3341 747 est

1754 788 1809 837 et
1839 781 1943 836 fide
1972 778 2191 851 dignior
2222 796 2289 849 eo
2319 780 2465 851 quod
2496 781 2907 836 demonstratur
2938 799 2952 835 :
2984 781 3252 851 siquidem
3286 782 3339 837 id

1754 872 1901 942 quod
1933 886 2043 926 non
2063 872 2410 937 credebatur,
2436 878 2729 942 antequam
2759 872 2971 928 subiret
2998 872 3343 929 demonstra-

1754 964 1851 1028 tio,
1888 978 1949 1019 ea
1978 963 2091 1032 jam
2123 964 2387 1033 producta
2416 964 2578 1019 fidem
2606 966 2922 1035 assequitur
2953 971 3008 1020 et
3039 965 3145 1020 tale
3173 979 3341 1036 appa-

1753 1062 1859 1121 ret,
1893 1057 2055 1126 quale
2082 1056 2385 1112 dicebatur.
2417 1058 2487 1111 At
2525 1058 2753 1113 veritate
2781 1058 2918 1112 nihil
2950 1057 3166 1121 fortius,
3198 1059 3336 1112 nihil

1754 1145 1858 1201 fide
1897 1145 2119 1215 dignius
2149 1165 2165 1199 :
2200 1145 2337 1200 adeo
2373 1154 2433 1201 ut
2460 1147 2507 1201 si
2538 1147 2663 1217 quis
2696 1147 2761 1203 de
2789 1148 2879 1202 illa
2911 1148 3338 1204 demonstratio-

1752 1253 1875 1293 nem
1910 1246 2193 1309 exposcat,
2226 1240 2422 1295 similis
2463 1241 2535 1295 sit
2565 1241 2886 1309 postulanti,
2920 1248 2979 1294 ut
3006 1255 3128 1310 qua:
3158 1241 3338 1296 sensi-

1751 1334 1856 1388 bus
1884 1344 2167 1404 apparent,
2198 1350 2262 1389 ea
2292 1335 2600 1390 rationibus
2622 1334 3027 1390 demonstretur
3047 1347 3332 1404 apparere.

1750 1423 1887 1479 Nam
1944 1441 2158 1491 eorum,
2202 1443 2324 1496 qua:
2380 1428 2593 1481 ratione
2647 1426 3157 1495 apprehenduntur,
3183 1425 3335 1494 judi—

1751 1519 1897 1574 cium
1918 1531 2086 1586 penes
2106 1532 2329 1571 sensum
2345 1526 2431 1573 est
2452 1539 2463 1574 :
2491 1518 2666 1588 ipsius
2688 1529 2867 1574 autem
2898 1535 3116 1584 sensus,
3136 1529 3334 1588 praeter

1751 1607 1954 1678 ipsum,
1974 1608 2122 1662 aliud
2142 1624 2249 1664 non
2271 1618 2376 1664 est.
2408 1607 2876 1675 Quemadmodum
2909 1611 3077 1682 igitur
3103 1626 3189 1676 ea,
3211 1627 3334 1681 quae

1748 1700 2132 1756 ratiocinando
2169 1702 2347 1756 venati
2383 1718 2596 1767 sumus,
2633 1704 2698 1757 ad
2729 1719 2949 1758 sensum
2974 1704 3331 1769 adducentes,

1748 1805 1813 1844 ex
1845 1791 1963 1861 ipso
1998 1808 2163 1848 sensu
2208 1793 2522 1863 judicamus
2564 1795 2745 1864 qualia
2790 1795 3010 1849 tandem
3058 1794 3149 1848 illa
3198 1794 3330 1859 sint,

1749 1896 1928 1940 utrum
1966 1902 2091 1941 vera
2120 1902 2189 1941 an
2219 1886 2357 1941 falsa
2382 1888 2492 1942 sint
2521 1903 2583 1941 ea
2613 1902 2735 1957 qua:
2763 1886 3040 1949 dicuntur,
3069 1901 3171 1941 nec
3202 1900 3334 1941 vero

1746 1979 1889 2033 ultra
1934 1978 2271 2048 judicamus,
2322 1979 2418 2034 sed
2471 1978 2628 2034 fidem
2681 1979 2868 2035 sensui
2918 1978 3184 2033 habemus
3216 1997 3230 2033 :
3259 1977 3334 2031 ita

1746 2071 2016 2127 humanos
2062 2072 2480 2142 mundanosque
2512 2087 2794 2128 sermones
2825 2072 2891 2126 ad
2925 2072 3210 2127 veritatem
3245 2086 3323 2126 re-

1744 2164 2034 2227 mittimus,
2068 2178 2165 2234 per
2212 2179 2378 2234 quam
2422 2164 2623 2218 malinc
2660 2165 2790 2230 sint,
2821 2178 3026 2228 annon,
3060 2162 3332 2218 discerni-

1744 2271 1887 2311 mus.
1923 2256 1993 2310 At
2022 2271 2152 2311 vero
2183 2272 2468 2313 sermones
2497 2257 2745 2312 veritatis
2781 2256 2929 2310 nulla
2959 2271 3019 2310 re
3048 2255 3153 2309 alia
3181 2254 3331 2325 judi-

1743 2361 1956 2412 camus,
1989 2348 2085 2403 sed
2135 2349 2185 2403 ei
2234 2348 2392 2403 fidem
2442 2348 2729 2403 habemus.
2766 2347 2862 2403 Est
2899 2355 3081 2402 autem
3126 2346 3329 2402 veritas

1742 2436 1888 2494 Deus
1937 2439 2322 2494 universorum
2372 2439 2552 2505 Pater,
2584 2440 2678 2509 qui
2721 2447 2806 2494 est
2853 2454 3011 2495 mens
3063 2438 3326 2509 perfecta.

1742 2526 1914 2598 Cujus
1943 2528 2136 2594 Filius,
2166 2547 2291 2586 cum
2332 2541 2481 2587 esset
2518 2530 2780 2595 Verbum,
2808 2531 2876 2586 ad
2910 2546 3012 2587 nos
3041 2528 3328 2585 descendit

1741 2635 1962 2675 carnem
1990 2630 2233 2693 gestans,
2266 2639 2433 2693 seque
2466 2623 2644 2693 ipsum
2675 2632 2728 2678 ct
2757 2621 2975 2677 Patrem
3006 2620 3324 2683 ostendens,

1740 2713 1987 2783 dansque
2018 2716 2177 2770 nobis
2210 2716 2265 2769 in
2299 2716 2480 2784 seipso
2510 2714 2968 2770 resurrectionem
2997 2728 3064 2768 ex
3094 2711 3329 2767 mortuis

1739 2815 1794 2860 et
1842 2807 2075 2875 posthac
2118 2808 2288 2862 vitam
2337 2818 2619 2863 aeternam.
2655 2806 2754 2861 Hic
2799 2818 2980 2861 autem
3036 2811 3121 2860 est
3161 2802 3328 2860 Iesus

1740 2895 2017 2963 Christus,
2066 2896 2319 2953 Salvator
2362 2906 2551 2954 noster
2576 2906 2630 2955 et
2658 2898 2923 2953 Dominus
2955 2916 2967 2952 :
3000 2911 3064 2951 ac
3094 2894 3324 2966 proinde

1738 2987 1881 3041 idem
1909 2999 1963 3043 et
1991 2990 2076 3045 sui
2110 2990 2284 3060 ipsius
2311 3000 2365 3045 et
2390 2998 2712 3045 cunctorum
2745 2990 2879 3045 fides
2900 2998 2985 3045 est
3012 2998 3066 3045 et
3094 2990 3323 3044 demon-

1740 3080 1955 3136 stratio.
2005 3080 2276 3147 Quocirca
2334 3082 2427 3153 qui
2486 3083 2638 3136 illum
2698 3089 3005 3152 sequuntur
3053 3096 3118 3136 ac
3170 3081 3323 3135 illum

1739 3179 2100 3239 cognoscunt,
2136 3171 2292 3225 fidem
2324 3173 2379 3226 in
2411 3187 2559 3237 eum,
2588 3180 2848 3243 tanquam
2899 3171 3323 3227 demonstratio-

1740 3275 1888 3325 nem,
1923 3262 2187 3318 habentes
2233 3264 2287 3317 in
2333 3263 2452 3333 ipso
2481 3265 2861 3335 acquiescunt.
2904 3263 3043 3330 Quia
3072 3280 3201 3319 vero
3229 3265 3324 3319 ad-

1739 3354 2019 3409 versarius
2068 3355 2271 3410 multos
2316 3371 2633 3426 oppugnare
2665 3372 2772 3411 non
2806 3355 3030 3421 desinit,
3061 3371 3123 3410 ac
3155 3356 3326 3426 pluri-

1738 3446 1842 3501 bus
1867 3447 2146 3517 variisque
2175 3447 2391 3503 artibus
2421 3448 2487 3502 ad
2521 3448 2753 3504 insidias
2792 3449 2988 3514 utitur,
3023 3456 3215 3503 contra
3260 3448 3324 3501 fi-

1739 3538 1888 3593 deles
1919 3539 2139 3609 quidem
2172 3548 2229 3592 ut
2261 3554 2356 3594 eos
2387 3554 2417 3592 a
2447 3539 2552 3594 fide
2573 3540 2830 3605 abducat,
2855 3549 3047 3594 contra
3077 3540 3326 3595 infideles

1738 3638 1943 3695 autem,
1973 3638 2035 3685 ut
2080 3646 2189 3684 non
2225 3630 2889 3697 credant;rnecessarium
2921 3632 3055 3686 mihi
3082 3632 3321 3694 videtur,

1736 3727 1798 3774 ut
1824 3727 1878 3775 et
1908 3736 2010 3775 nos
2039 3720 2260 3776 invictis
2296 3720 2419 3776 fidei
2445 3722 2794 3778 sermonibus
2833 3723 3125 3789 obarmati,
3155 3723 3320 3778 vicis-

1737 3811 1840 3867 sim
1876 3811 1977 3878 illi,
2009 3811 2354 3867 infirmorum
2385 3826 2577 3879 causa,
2607 3812 2810 3867 bellum
2843 3812 3164 3869 inferamus.

1806 4072 1870 4129 ll.
1911 4073 2080 4129 Aiunt
2108 4073 2204 4144 qui
2233 4073 2507 4129 deteriora
2539 4072 2884 4143 profitentur,
2916 4088 3025 4128 non
3046 4086 3169 4128 esse
3198 4086 3319 4127 car-

1735 4166 1825 4220 nis
1855 4164 2336 4220 resurrectionem.
2371 4160 2712 4232 lmpossibile
2745 4162 2890 4217 enim
2922 4177 3067 4225 esse,
3105 4169 3165 4216 ut
3196 4176 3321 4232 quae

1736 4263 1996 4326 corrupta
2013 4264 2068 4310 et
2085 4255 2394 4308 minutatim
2424 4252 2695 4308 dissoluta
2723 4262 2827 4317 est,
2856 4268 2920 4307 ea
2944 4254 2997 4307 in
3023 4254 3317 4324 pristinum

1736 4355 1937 4403 statum
1967 4346 2309 4401 restituatur.
2336 4345 2523 4416 Neque
2550 4347 2694 4401 enim
2722 4346 3113 4416 impossibilem
3138 4346 3313 4400 solum

1736 4439 1830 4494 sed
1861 4448 1915 4493 et
1945 4438 2193 4493 inutilem
2222 4453 2345 4494 esse
2372 4438 2564 4493 dicunt
2590 4437 2710 4507 ejus
2739 4438 2996 4503 salutem,
3024 4448 3290 4493 accusant

68 4541 195 4592 ματα
226 4532 612 4603 προφέροντες,
647 4532 741 4584 καὶ
764 4529 934 4601 αὐτὴν
967 4529 1135 4601 μόνην
1161 4527 1271 4581 τῶν
1302 4525 1631 4598 ἁμαρτημά-

1788 4543 1843 4583 me
1872 4528 2043 4591 illam,
2074 4535 2129 4582 et
2171 4529 2293 4598 ejus
2338 4528 2469 4583 vitia
2517 4526 2822 4598 proferunt,
2855 4533 2909 4581 et
2937 4528 3108 4581 solam
3139 4527 3315 4597 ipsam

64 4631 157 4669 των
183 4622 363 4675 αἰτίαν
398 4622 812 4690 ἀποφαίνονται,
831 4619 992 4683 ὥστε,
1013 4621 1061 4672 εί
1092 4618 1295 4690 μέλλει,
1317 4617 1470 4686 φασὶ,
1494 4615 1631 4686 σὰρξ

65 4703 389 4775 ἀνίστασθαι,
408 4710 502 4763 καὶ
528 4710 598 4763 τά
624 4709 983 4780 ἐλαττώματα
1011 4708 1489 4777 συναναστήσεται.
1521 4703 1631 4757 Καὶ

129 4886 234 4959 (81)
279 4890 403 4944 Τῶν
450 4889 561 4959 γὰρ
608 4890 707 4944 διὰ
758 4889 864 4943 τοῦ
914 4890 1102 4959 ,λόγου
1146 4886 1627 4959 λαμϐᾳνομενιιξκ.

69 4950 332 5029 Ejusmodi
382 4950 629 5016 ratio'nes
657 4960 933 5029 intelligit,
966 4950 1086 5029 qua:
1118 4965 1176 5011 ut
1204 4950 1368 5027 paulo
1392 4950 1520 5007 ante
1547 4954 1632 5008 di-

69 5027 229 5093 cebat,
255 5045 322 5104 eo
350 5038 625 5100 spectant.
659 5027 856 5104 utAquaE
874 5027 1120 5104 sensibus
1130 5035 1418 5104 apparent,
1442 5041 1504 5104 ea
1536 5038 1633 5104 ap-

68 5106 233 5169 parere
270 5095 679 5154 demonstretur.
712 5095 845 5164 Qua:
875 5097 1145 5169 ejusmodi
1193 5095 1633 5149 ratiocinationi-

70 5160 159 5219 bus
184 5185 469 5234 venamur,
502 5184 567 5224 ea
605 5160 804 5225 merito
856 5160 924 5224 ad
974 5170 1152 5234 ipsum
1203 5180 1424 5221 sensum
1474 5177 1633 5234 revo-

69 5238 226 5308 9andg
252 5247 307 5293 et
330 5256 397 5294 ex
429 5232 551 5308 ipso
580 5238 952 5307 dijudicanda.
986 5232 1339 5292 Emendanda
1367 5248 1499 5304 ergo
1530 5232 1632 5286 fuit

72 5297 169 5357 hac
200 5306 339 5363 Billii
372 5297 753 5377 intérpret'atio
784 5327 798 5363 :
835 5308 1055 5369 Eorum,
1080 5322 1198 5377 qua:
1237 5322 1331 5375 per
1370 5297 1633 5377 minorem

72 5325 169 5357 ιιωο
200 5325 339 5363 nutu
372 5325 516 5364 inter
557 5325 753 5368 relatio
784 5327 798 5363 :
835 5325 1055 5369 norum,
1080 5325 1198 5377 qutv
1237 5325 1331 5375 per
1370 5325 1633 5356 rumorem

71 5377 404 5443 accipiuntur,
430 5325 695 5447 jutﬁcium
728 5395 881 5447 penes
913 5394 1123 5432 sensum
1156 5386 1269 5438 est;
1301 5383 1354 5431 et
1382 5389 1527 5434 mox,
1566 5371 1636 5426 τά

70 5434 145 5520 ﬁt
167 5447 259 5500 τοῦ
290 5448 449 5519 λόγου
477 5447 791 5520 θηρώμενα,
823 5465 906 5503 res
933 5463 1024 5517 per
1052 5462 1318 5501 rumorem
1349 5444 1633 5512 investiga-

72 5516 159 5569 tas.

133 5586 239 5659 (82)
276 5589 636 5659 Κοσμικούς.
665 5586 902 5659 _Teller.,
935 5587 1194 5659 vulgares.
1220 5583 1398 5640 Οττο.

132 5656 238 5725 (85)
278 5656 413 5714 Haec
435 5666 625 5713 contra
652 5656 945 5713 Gnosticos
976 5656 1185 5728 prolata
1217 5662 1632 5728 sunt,_qut_non

76 5722 262 5799 tantum
282 5729 426 5783 Νοῦν
451 5729 858 5799 distinguebant
878 5729 946 5782 ab
972 5722 1041 5799 eo
1066 5742 1227 5798 quem
1245 5722 1460 5799 Πατέρα
1486 5722 1635 5778 dice-

79 5790 206 5855 bant.
240 5814 425 5854 verum
479 5790 652 5854 etiani
682 5798 904 5863 Πατέρα
951 5790 1221 5853 docebant
1262 5790 1463 5847 τέλειον
1491 5808 1632 5863 esse,

1732 4626 2083 4688 peccatorum
2134 4634 2257 4675 esse
2309 4634 2531 4674 causam
2579 4619 2963 4689 pronuntiant,
3012 4619 3087 4673 ita
3135 4626 3215 4686 ut,
3266 4620 3316 4674 si

1732 4726 1863 4767 caro
1896 4718 2167 4782 resurgat,
2200 4710 2477 4781 inquiunt,
2503 4710 2679 4782 ipsius
2709 4724 2927 4781 quoque
2956 4710 3088 4765 vitia
3123 4725 3314 4767 resur-

1734 4903 1846 4943 non
1883 4890 2010 4943 item
2028 4886 2190 4941 Νοῦν.
2213 4886 2370 4943 Οττο

1804 4960 1917 5029 (84)
1956 4955 2199 5025 οὗτος...
2244 4956 2570 5029 ἀπόδειξις.
2611 4955 2694 5029 Ad
2744 4957 3030 5028 superiora
3076 4955 3311 5029 alludit;

1731 5028 1946 5085 dixerat
1992 5031 2273 5083 veritatem
2325 5043 2383 5083 se
2433 5028 2605 5097 ipsam
2662 5028 3073 5095 demonstrare,
3123 5028 3314 5097 sicque

1732 5115 1881 5153 nunc
1909 5097 2096 5154 Jesum
2125 5098 2404 5154 Christum
2449 5113 2576 5169 eum
2627 5099 2887 5169 appellat,
2918 5098 3101 5169 quise
3130 5098 3309 5169 ipsum

1732 5170 2074 5225 demonstret
2104 5184 2227 5224 eum
2246 5183 2400 5239 esse,
2430 5168 2648 5239 qualem
2662 5165 2735 5224 se
2766 5165 3079 5239 credi—vult,
3110 5165 3311 5239 agendo

1731 5239 2014 5303 nimirum,
2041 5238 2309 5308 patiendo,
2343 5232 2682 5308 resdrgendo,
2713 5254 2854 5308 quae,
2885 5252 3009 5290 cum
3058 5236 3117 5288 in
3148 5232 3313 5287 'facto

1734 5310 1912 5380 posita
1941 5316 1996 5363 et
2028 5309 2473 5365 testimoniorum
2503 5308 2607 5364 fide
2626 5309 2838 5380 firmata
2867 5308 2999 5369 sint,
3030 5317 3312 5380 nemque-

1733 5370 1863 5449 gare
1897 5380 2072 5449 possit
2102 5380 2347 5452 adeoque
2377 5380 2610 5451 quisque
2639 5378 2863 5432 credere
2892 5380 3136 5443 cogatur.
3168 5370 3311 5424 Τει-

1734 5464 1923 5504 ιεειυε,

1805 5518 1918 5590 (85)
1956 5520 2069 5574 Καὶ
2096 5520 2410 5585 ποικίλαις.
2453 5518 2623 5590 Grab.
2643 5515 2864 5590 πολλαῖς
2890 5530 2948 5567 τε
2974 5512 3204 5590 πυκναῖς
3226 5528 3307 5565 τε.

1736 5580 2130 5645 Edit.S.Joan.
2159 5580 2407 5645 Damasc.
2433 5586 2653 5648 πολλαῖς
2682 5584 2738 5637 δὲ
2771 5587 2864 5637 καὶ
2894 5601 2965 5636 πυ
3017 5586 3141 5644 αἶς.
3174 5580 3313 5635 Lon-

1734 5676 1801 5731 ge
1829 5662 2022 5716 melior
2052 5659 2416 5730 antiquissimi
2450 5653 2771 5731 Coisliniani
2818 5653 3114 5731 scriptura,
3147 5665 3310 5721 quem

1737 5722 1806 5785 ad
1837 5731 2002 5787 huius
2030 5722 2281 5800 opusculi
2311 5725 2747 5785 emendationem
2780 5722 3024 5777 adhibui.
