3690 6486
52 428 170 483 577

1229 429 1285 482 S.
1322 426 1587 483 JUSTINI
1629 426 2076 483 FRAGMENTA.

3163 430 3304 496 1578

45 546 126 598 ιὲν
162 546 265 598 ἀπ’
301 545 472 616 ἀρχῆς
519 543 956 618 παρθενεύοντας
997 545 1236 616 ὁρῶμεν,
1267 546 1394 609 τοὺς
1422 544 1478 597 δὲ
1524 543 1615 598 ἀπὶ

1793 544 2047 599 imoniam
2095 545 2455 601 observantes
2502 546 2799 613 intuemur,
2844 546 2918 602 ita
2951 554 3010 602 ut
3055 549 3123 604 ab
3164 550 3302 618 ipsis

54 638 262 707 ρόνου·
297 636 436 690 ὥστε
480 638 547 690 δι’
590 633 767 690 αὐτῶν
811 637 1173 691 καταλύεσθαι
1216 637 1306 688 τὸν
1337 636 1403 688 δι’
1436 635 1626 688 ἐπιθυ-

45 729 158 793 ιίας
205 731 406 800 ἄνομον
437 729 636 800 γάμον.
682 729 842 782 Ἀλλά
891 730 988 801 μὲν
1018 731 1110 782 καὶ
1160 727 1273 792 ζῶα
1306 726 1428 780 τινὰ
1475 727 1624 798 εὑρί-

45 838 240 891 Δκομεν
270 822 440 875 ἀτοκα
461 861 474 882 ,
517 821 695 874 καίτοι
731 823 945 892 μήτρας
976 820 1189 890 ἔχοντα,
1226 821 1301 883 ὼς
1329 821 1424 872 καὶ¹
1469 820 1626 890 ἡμίο-

48 933 110 966 ον
135 933 148 944 ’
192 916 290 969 καὶ
329 915 379 968 οἱ
416 915 643 988 ἄρρενες
681 915 735 967 δὲ
779 916 840 966 οὐ
882 914 1144 983 γεννῶσιν
1189 913 1424 986 ἡμίρνοι.
1463 915 1622 965 Ὥστε

45 1008 114 1059 ςαὶ
163 1007 260 1060 διά
315 1005 639 1076 ἀνθρώπων,
673 1008 766 1059 καὶ
803 1007 888 1059 διὰ
924 1007 1130 1074 ἀλόγων
1177 1009 1624 1079 καταργουμένην

47 1100 116 1170 ἦν
160 1099 476 1161 συνουσίαν,
521 1100 616 1153 καὶ
665 1100 793 1170 πρὶν
847 1099 954 1169 (99)
986 1098 1077 1152 τοῦ
1123 1099 1404 1171 μέλλοντος
1434 1101 1624 1163 αἰῶνος

51 1191 285 1262 ρᾶσθαι.
317 1193 428 1246 Καὶ
465 1193 492 1245 ὁ
521 1191 724 1262 Κύριος
751 1191 806 1243 δὲ
854 1191 1010 1261 ἡμῶν
1055 1192 1261 1262 Ἰησοῦς
1292 1192 1524 1263 Χριστὸς
1560 1193 1620 1245 οὐ

46 1286 80 1336 ι’
105 1285 244 1338 ἄλλο
272 1303 325 1338 τι
359 1286 423 1338 ὲκ
454 1285 720 1355 παρθένου
751 1285 944 1354 ἐτέχθη
976 1285 1007 1355 ἢ
1043 1285 1128 1336 ἵνα
1159 1287 1478 1356 καταργήσῃ
1510 1286 1625 1353 γέν.

50 1394 182 1446 ησιν
231 1376 525 1448 ἐπιθυμίας
574 1377 798 1446 ἀνόμου,
837 1377 931 1429 καὶ
965 1376 1111 1447 δείξῃ
1164 1376 1241 1446 τῷ
1289 1378 1510 1448 ἄρχοντι
1546 1378 1618 1447 (ι)

45 1471 116 1522 ιαὶ
157 1470 291 1540 δίχα
350 1470 633 1531 συνουσίας
692 1469 1039 1540 ἀνθρωπίνης
1087 1469 1318 1540 δυνατὴν
1365 1466 1503 1523 εἶναι
1544 1471 1622 1542 τῷ

46 1563 140 1632 θεῷ
172 1564 279 1634 τὴν
319 1561 609 1633 ἀνθρώπου
650 1563 870 1627 πλάσιν.
904 1563 1016 1614 Καί
1063 1562 1362 1632 γεννηθεὶς,
1395 1565 1488 1617 καὶ
1533 1582 1624 1617 πο-

46 1656 416 1726 ιτευσάμενος
443 1656 540 1726 τὴν
567 1655 758 1724 λοιπὴν
790 1655 888 1724 τῆς
911 1654 1111 1724 σαρκὸς
1141 1654 1414 1708 πολιτείαν
1432 1696 1444 1719 ,
1477 1655 1621 1724 λέγω

46 1748 74 1799 ὲ
107 1750 166 1798 ἐν
202 1749 453 1818 τροφαῖς,
489 1747 582 1799 καὶ
629 1749 814 1808 ποτοῖς
845 1745 945 1814 (2),
974 1747 1066 1798 καὶ
1109 1745 1387 1816 ἐνδύμασι,
1417 1747 1619 1817 ταύτην

48 1838 81 1908 ὴ
118 1839 226 1908 τὴν
246 1838 336 1891 διὰ
363 1839 645 1902 συνουσίας
677 1837 842 1910 μόνην
870 1839 970 1890 οὐκ
999 1838 1310 1908 εἰργάσατο,
1359 1838 1494 1890 ἁ).λά
1522 1838 1618 1901 τὰς

1726 635 2098 690 dissolvantur
2126 653 2223 706 per
2253 637 2606 706 cupiditatem
2645 640 2791 694 inita:
2821 639 2959 694 citra
2992 640 3126 709 legis
3162 655 3302 710 pra:-

1725 727 1989 796 scriptum
2021 729 2246 798 nuptiae.
2276 727 2417 794 Quin
2450 738 2503 784 et
2545 745 2807 799 pecorum
2851 733 3115 786 nonnulla
3148 735 3302 788 inve-

1725 819 1908 874 nimus
1949 835 2069 890 quae
2098 836 2209 875 non
2239 823 2478 890 pariunt,
2525 826 2776 893 quamvis
2811 833 2997 880 uteros
3041 827 3300 892 habeant,

1725 919 1786 963 ut
1825 912 2032 978 mulas;
2072 913 2247 967 sedet
2278 930 2456 969 mares
2509 918 2641 969 muli
2686 932 2797 970 non
2847 927 3131 986 generant.
3183 917 3304 984 Quo

1726 1003 1783 1056 tit
1815 1013 1872 1058 ut
1903 1012 2012 1057 tam
2050 1020 2145 1074 per
2183 1004 2432 1059 homines
2473 1021 2634 1075 quam
2665 1023 2762 1076 per
2811 1008 2950 1063 alias
2995 1009 3304 1065 animantes

1723 1104 1927 1148 mutua:
1978 1097 2390 1161 consuetudini,
2437 1098 2600 1153 etiam
2656 1105 2784 1152 ante
2833 1098 3073 1154 futurum
3125 1115 3303 1160 samu-

1723 1187 1857 1253 lum,
1889 1188 2174 1244 videamus
2215 1206 2338 1246 esse
2369 1189 2713 1259 derogatum.
2752 1189 2818 1242 Et
2863 1205 2995 1245 sane
3035 1190 3302 1253 Dominus

1723 1294 1911 1338 noster
1940 1283 2101 1339 Iesus
2137 1284 2392 1340 Christus
2432 1301 2542 1340 non
2580 1284 2685 1337 alia
2713 1291 2781 1339 de
2812 1299 2978 1339 causa
3025 1293 3186 1342 natus
3217 1296 3302 1342 est

1722 1386 1788 1427 ex
1829 1373 2056 1442 virgine,
2100 1389 2263 1443 quam
2298 1383 2356 1427 ut
2399 1360 2691 1443 illegitimze
2725 1374 3041 1444 cupiditatis
3073 1391 3304 1445 genera.

1723 1463 1926 1518 tione’m
1967 1466 2230 1529 aboleret,
2273 1466 2696 1536 ostenderetque
2729 1467 2892 1536 hujus
2923 1468 3113 1522 mundi
3146 1470 3302 1540 prin-

1721 1555 1849 1624 cipi,
1888 1557 2051 1610 etiam
2078 1555 2238 1626 590
2270 1557 2388 1610 sine
2415 1558 2656 1611 humana
2686 1560 3086 1616 consuetudine
3119 1562 3304 1632 possi-

1719 1649 1882 1702 bilein
1922 1665 2045 1704 esse
2081 1649 2192 1703 Deo
2223 1650 2460 1704 hominis
2495 1651 2894 1707 formationem.
2924 1654 3155 1710 Genitus
3201 1671 3304 1710 au.

1720 1751 1826 1794 tem
1856 1757 1919 1794 ac
1947 1741 2212 1811 reliquam
2240 1743 2366 1797 vitae
2389 1758 2668 1811 corporea:
2697 1745 2963 1799 rationem
2989 1749 3296 1817 amplexus,

1722 1833 1775 1886 in
1803 1834 1947 1898 cibo,
1994 1834 2259 1904 inquam;
2281 1843 2335 1890 et
2364 1844 2517 1905 potu,
2549 1844 2603 1891 et
2632 1837 2998 1902 indumentis,
3038 1840 3178 1896 hanc
3211 1856 3302 1896 so—

45 1932 120 2000 ςῆς
152 1931 360 2000 σαρκὸς
387 1929 715 2000 ἐπιθυμίας,
753 1930 820 1992 εις
851 1930 947 2000 μὲν
995 1929 1298 1997 ἀναγκαίας
1354 1931 1615 2001 ὑπάρχειν

1793 1941 1847 1991 n,
1887 1941 2009 1995 qua:
2043 1927 2100 1979 ﬁt
2140 1943 2237 1998 per
2277 1929 2664 2004 concubitum,
2720 1946 2831 1983 non
2882 1934 3165 1998 exercuit,
3203 1935 3300 1994 sed

45 2021 391 2086 ιατεδέξατο,
439 2021 505 2084 ἃς
554 2022 611 2074 δὲ
677 2022 749 2092 μὴ
799 2022 1105 2090 ἀναγκαίας
1160 2022 1220 2072 οὺ
1283 2023 1612 2092 προσήκατο.

45 2115 252 2186 Γροῳῆς
287 2114 382 2184 μὲν
413 2112 540 2184 γὰρ,
575 2115 667 2169 καὶ
707 2113 895 2176 ποτοῦ,
928 2113 1022 2166 καὶ
1068 2111 1366 2181 ἐνδύματος
1399 2130 1617 2184 στερου-

45 2210 165 2277 ιὲνη
202 2205 362 2279 σάρξ,
393 2208 485 2260 καὶ
514 2206 836 2278 διαφθαρείη
868 2205 933 2258 ἄν
953 2221 966 2235 ο
1002 2205 1287 2267 συνουσίας
1320 2205 1376 2256 δὲ
1409 2222 1619 2276 στερου-

45 2302 165 2371 ιὲνη
197 2300 404 2371 ἀνόμου
462 2299 612 2352 οὐδὲν
657 2299 685 2351 ὃ
727 2315 779 2350 τι
810 2297 1008 2368 πάσχει
1036 2297 1222 2349 κακόν.
1258 2297 1409 2366 ’Ἅμα
1438 2295 1493 2347 δὲ
1525 2297 1618 2352 καὶ

45 2393 122 2462 τὴν
149 2392 453 2464 μέλλουσαν
469 2389 858 2465 κατείργεῖσθαι
879 2389 966 2442 διὰ
992 2389 1272 2452 συνουσίας
1294 2388 1436 2459 μίξιν
1463 2389 1519 2440 ὲν
1540 2387 1618 2458 τῷ

45 2484 285 2538 ιέλλοντι
329 2485 484 2538 αἰῶνι
519 2485 919 2556 προεμήνυσεν,
946 2482 1022 2545 ὥς
1051 2498 1213 2553 φησιν
1233 2498 1245 2511 ·
1282 2483 1345 2533 Ol
1366 2480 1480 2534 υἱοὶ
1512 2481 1619 2534 τοῦ

45 2575 248 2641 ιίὥτὌς
303 2576 516 2630 τούτου
551 2575 880 2645 γαμοῦσιν,
941 2573 1038 2627 καὶ
1092 2575 1512 2644 γαμίσκονται·
1563 2577 1619 2627 οι

45 2667 94 2720 ἳὲ
120 2669 241 2721 υἱοὶ
279 2667 383 2722 τοῦ
411 2667 742 2736 μέλλοντος
767 2667 979 2732 αἰῶνος
999 2667 1135 2719 οὔτε
1161 2666 1457 2735 γαμοῦσιν
1481 2665 1620 2719 οὔτε

46 2761 425 2829 γαμίσκονται
451 2799 465 2823 ,
523 2761 661 2814 ἀλλ’
720 2760 961 2813 ἔσονται
1018 2759 1098 2824 ὡς
1134 2758 1376 2829 ἄγγελοι
1432 2759 1503 2813 ἐν
1541 2757 1620 2823 τῷ

45 2852 290 2918 Niptra-(Ii.
315 2852 405 2921 Μὴ
437 2849 865 2921 θαυμαζέτωσαν
878 2847 970 2904 οὖν
983 2850 1032 2903 οἱ
1057 2851 1156 2922 τῆς
1178 2851 1414 2914 πίστεως
1441 2849 1616 2917 ἐκτὸς,

45 2947 78 2996 εί
119 2945 221 3016 τὴν
265 2944 371 2998 ἀπὺ
407 2943 502 2997 τοῦ
547 2944 644 2997 νῦν
687 2944 1136 3014 καταργουμένην
1175 2945 1232 2996 ὲν
1272 2947 1386 3008 τοῖς
1439 2944 1620 3016 ἔργοις

45 3036 243 3100 ιούτοις
287 3037 464 3110 σάρκα
522 3036 616 3091 καὶ
674 3039 731 3092 ἐν
785 3035 863 3107 τῷ
913 3035 1156 3106 μέλλοντι
1213 3037 1366 3091 αίῶνι
1415 3054 1619 3108 καταρη

46 3131 210 3199 (ﬁcit.

102 3221 190 3276 IV.
226 3221 373 3284 Ναὶ,
431 3220 621 3290 φασίνο
669 3223 716 3273 εί
772 3216 927 3291 οὖνὴ
975 3220 1110 3291 σὰρξ
1157 3221 1474 3283 ἀνίσταται,
1523 3222 1617 3274 καὶ

45 3315 256 3385 τοιαύτη
287 3316 587 3376 ἀνίσταται,
620 3313 780 3367 ὁποία
809 3313 1155 3384 κλιθήσεταιο
1191 3313 1331 3366 ὥστε
1362 3316 1410 3368 εί
1459 3314 1614 3384 μονός

45 3407 281 3478 ψαλμος
352 3407 700 3478 κλιθήσεται,
761 3406 1137 3477 μονόφθαλμος
1196 3407 1514 3460 ἀνίσταταιο
1568 3406 1616 3458 εί

45 3499 224 3567 χωλὸς,
258 3499 426 3569 χωλός
449 3515 462 3530 ⁸
497 3501 544 3552 εί
575 3499 702 3552 ἄλλο
726 3516 783 3552 τι
812 3499 904 3552 τοῦ
937 3497 1188 3569 σώματος
1217 3497 1477 3569 ὐστεροῦν
1508 3499 1613 3570 είη,

45 3590 188 3642 τοῦτο
225 3592 321 3643 καὶ
349 3591 582 3644 ἐλάττων
614 3589 688 3662 (5)
725 3593 753 3644 ὁ
789 3589 1072 3661 ἄνθρωπος
1100 3592 1484 3660 ἀναστήσεται.
1517 3590 1618 3644 Τε-

45 3682 375 3752 τυφὶωμὲνοι
415 3684 489 3746 ὡς
515 3682 728 3753 ἀληθῶς
754 3681 824 3735 τὰ
863 3682 963 3751 τῆς
998 3681 1222 3753 καρδίας
1253 3682 1504 3751 ὖμματαῑ
1541 3683 1614 3735 Οὐ

45 3773 141 3842 γὰρ
170 3771 309 3826 εἶδον
352 3775 443 3826 ἐπὶ
490 3775 588 3844 τῆς
619 3775 722 3844 γῆς
763 3772 996 3840 τυφλοὺς
1040 3772 1471 3836 ἀναϐλέποντας,
1509 3792 1618 3845 χω-

45 3867 157 3927 λοὺς
187 3866 622 3936 περιπατοῦντας
641 3907 654 3929 ,
710 3866 788 3936 τῷ
815 3867 1021 3920 ἐκείνου
1051 3864 1210 3935 λόγῳ.
1245 3867 1492 3918 ’Ἀπαντα
1540 3867 1614 3937 (4)

45 3955 291 4026 ἐποίησεν
319 3959 346 4011 ὁ
375 3957 583 4032 Σωτὴρ,
617 3956 831 4026 πρῶτον
863 3955 959 4025 μὲν
989 3953 1076 4008 ἴνα
1117 3954 1377 4026 πληρωθῇ
1425 3954 1486 4006 τὸ
1521 3957 1618 4024 ρη-

45 4047 126 4101 θὲν
152 4048 244 4102 διὰ
271 4049 375 4100 τῶν
419 4048 708 4120 προφητῶν
738 4049 866 4119 περὶ
894 4046 1080 4110 αὑτοῦ,
1113 4049 1194 4100 ὅτι
1223 4045 1440 4114 τυφλοὶ
1474 4048 1619 4101 ἀνα-

45 4140 353 4201 ϐλέπουσι,
371 4137 470 4190 καὶ
492 4140 675 4208 κωφοὶ
703 4141 1056 4202 ἀκούουσιν,
1087 4142 1179 4193 καὶ
1233 4139 1300 4193 τὰ
1328 4138 1461 4193 ἄλλα
1479 4155 1492 4168 ⁶
1537 4139 1616 4192 ἔτι

45 4228 96 4282 δὲ
126 4234 220 4284 καὶ
253 4235 331 4295 εἰς
358 4232 559 4294 πίστιν,
590 4233 670 4285 ὅτι
700 4234 756 4285 ὲν
799 4237 866 4303 τῇ
912 4231 1205 4289 ἀναστάσει
1255 4233 1287 4302 ἡ
1323 4230 1460 4302 σάρξ
1503 4231 1646 4284 ὁλό-⁹

47 4321 238 4394 κληρος
266 4326 642 4396 ἀναστήσεται.
675 4325 739 4376 ΕΞ
786 4324 895 4395 γὰρ
932 4325 1023 4376 ἐπι⁹
1052 4324 1147 4394 τῆς
1179 4324 1282 4394 γῆς
1326 4322 1425 4385 τὰς
1458 4321 1617 4380 ἀσθε-

45 4414 184 4478 νείας
216 4416 314 4485 τῆς
367 4417 567 4488 σαρκὸς
617 4417 822 4478 ἰάσατο,
855 4417 947 4468 καὶ
981 4415 1270 4486 ὁλόκληρον
1311 4415 1532 4486 ἐποίησε
1557 4415 1618 4466 τὸ

48 4505 221 4574 σῶμα,
253 4506 430 4577 πολλῷ
462 4506 659 4577 μᾶλλον
690 4508 746 4560 ἐν
774 4509 839 4576 τῇ
871 4505 1164 4558 ἀναστάσει
1192 4504 1351 4558 τοῦτο
1381 4507 1614 4576 ποιήσει,

1719 2017 1854 2071 alias
1891 2019 2078 2073 carnis
2108 2019 2435 2090 cupiditates
2466 2030 2518 2076 et
2550 2024 2892 2079 necessarias
2920 2025 3139 2095 quidem
3177 2042 3302 2080 sus-

1719 2111 1892 2178 cepit,
1930 2127 2040 2165 non
2087 2116 2434 2169 necessarias
2489 2123 2668 2170 autem
2704 2133 2815 2170 non
2861 2117 3108 2174 admisit.
3165 2118 3301 2174 Nam

1720 2217 1849 2257 caro
1887 2206 2127 2274 quidem,
2157 2208 2202 2262 si
2235 2209 2361 2262 cibo
2391 2216 2446 2262 et
2475 2210 2697 2279 potione
2724 2217 2777 2264 et
2808 2210 3142 2267 indumentis
3186 2212 3302 2282 pri-

1720 2306 1895 2364 vetur,
1928 2299 2046 2368 ipsa
2079 2301 2470 2370 corrumpitur.
2521 2301 2627 2357 Sed
2665 2304 2710 2358 si
2759 2288 3303 2374 privetur-concesso

1720 2403 1750 2441 a
1782 2389 1898 2459 lege
1921 2393 2240 2455 concubitu,
2266 2393 2402 2446 nihil
2443 2409 2672 2463 prorsus
2700 2395 2828 2448 mali
2865 2396 3092 2465 patitur.
3126 2396 3302 2451 Simul

1721 2489 1902 2535 autem
1943 2483 2246 2543 desituram
2292 2500 2414 2540 esse
2461 2487 2514 2543 in
2549 2486 2735 2540 futuro
2779 2489 2979 2542 saeculo
3005 2503 3146 2553 eam,
3179 2504 3302 2558 qua:

1720 2589 1818 2642 per
1851 2576 2203 2632 concubitum
2235 2577 2322 2640 ﬁt,
2367 2580 2802 2635 commistioncm
2837 2581 3119 2649 praedixit,
3170 2581 3302 2636 dum

1720 2665 1834 2721 ait:
1874 2665 2002 2721 Filii
2035 2667 2190 2737 hujus
2228 2671 2410 2723 swculi
2458 2671 2659 2725 nubunt
2687 2681 2736 2726 et
2783 2673 3072 2725 traduntur
3101 2671 3170 2725 ad
3201 2687 3303 2724 nu-

1719 2759 1903 2825 ptias;
1934 2760 2036 2828 ﬁlii
2073 2771 2248 2814 autem
2285 2761 2456 2829 futuri
2485 2763 2669 2815 δαναιιὶ
2701 2779 2867 2834 neque
2893 2763 3107 2826 nubent,
3141 2779 3304 2833 neque

1720 2849 1908 2904 ducent
1937 2867 2150 2915 uxores,
2190 2852 2280 2908 sed
2309 2863 2462 2907 erunt
2504 2856 2640 2909 sicut
2675 2857 2850 2925 angeli
2880 2857 2933 2909 in
2965 2857 3093 2910 ειπείο
3116 2856 3183 2910 ³⁸.
3222 2853 3303 2912 Ne

1721 2943 1989 2999 mirentur
2018 2946 2246 3014 proinde
2292 2947 2574 3009 inﬁdeles,
2627 2947 2675 3002 si
2723 2963 2944 3002 carnem
2997 2947 3194 3002 amodo
3232 2947 3304 3002 ab

1720 3036 1842 3092 istis
1874 3039 2130 3107 operibus
2164 3047 2495 3103 cessantem,
2531 3041 2585 3094 in
2623 3041 2808 3096 futuro
2840 3041 3041 3096 saeculo
3087 3041 3158 3096 ab
3202 3041 3302 3096 iis-

1719 3129 1840 3185 dem
1877 3132 1947 3188 sit
1980 3131 2353 3201 sejuncturus.

1791 3219 1879 3276 ιν.
1919 3222 2021 3288 ita,
2053 3222 2337 3292 inquitmt;
2388 3223 2574 3293 igitur,
2618 3225 2663 3278 si
2698 3239 2828 3278 caro
2871 3219 3143 3296 resurgit,
3177 3225 3306 3280 talis

1722 3315 1961 3384 resurgit
1999 3317 2176 3385 qualis
2226 3318 2546 3372 occubuerit
2583 3335 2596 3372 :
2632 3319 2707 3371 ita
2747 3327 2834 3382 ut,
2869 3317 2916 3374 si
2951 3318 3075 3388 quis
3111 3333 3305 3372 mono~

1721 3408 1877 3463 culus
1923 3409 2268 3471 occubuerit,
2316 3411 2644 3465 monoculus
2684 3411 2852 3465 etiam
2889 3418 3304 3468 resurrecturus

1722 3498 1823 3564 sit;
1857 3500 1903 3554 si
1938 3501 2192 3565 claudus,
2224 3500 2487 3567 claudus;
2523 3502 2711 3556 itidem
2740 3503 2785 3556 si
2820 3502 2950 3572 quid
2987 3502 3136 3556 aliud
3179 3515 3305 3556 cor-

1718 3589 1868 3659 poris
1919 3590 2170 3644 mutilum
2228 3589 2425 3654 fuerit,
2476 3591 2579 3644 hac
2629 3591 2794 3644 etiam
2867 3598 3024 3660 parte
3073 3590 3305 3648 mutilus

1721 3681 1885 3734 homo
1931 3679 2003 3734 sit
2048 3687 2483 3738 resurrecturus.
2520 3678 2789 3739 Excmcati
2827 3679 3076 3748 profecto
3117 3679 3305 3734 cordi

1718 3770 1897 3824 oculi!
1938 3768 2194 3839 Nunquid
2231 3769 2374 3823 enim
2412 3783 2519 3822 non
2551 3769 2803 3822 viderunt
2845 3769 2902 3821 in
2952 3776 3097 3822 terra
3126 3782 3304 3823 caacos

1718 3862 2003 3924 videntes,
2053 3859 2281 3914 claudos
2327 3858 2673 3919 ambulantes
2725 3857 2871 3915 illius
2920 3859 3125 3913 verbo!
3171 3858 3304 3926 Quae

1722 3954 1940 4023 quidem
1971 3953 2155 4007 omnia
2187 3950 2439 4006 Salvator
2468 3950 2618 4014 fecit,
2653 3951 2829 4020 primo
2856 3949 3077 4026 quidem
3109 3958 3170 4005 ut
3199 3951 3306 4004 im-

1720 4049 1960 4117 pleretur
2005 4045 2150 4117 quod
2184 4045 2389 4100 dictum
2439 4051 2523 4098 est
2571 4059 2668 4113 per
2708 4044 3000 4113 prophetas
3043 4043 3112 4099 de
3163 4043 3301 4098 illo:

1721 4135 2292 4202 Cmcivident,etsurdi
2316 4135 2539 4188 audiunt
2555 4136 2624 4200 ",
2643 4141 2696 4191 et
2719 4135 2824 4188 alia
2839 4134 3154 4204 hujusmodi
3175 4151 3191 4202 ;
3209 4133 3306 4189 de—

1721 4227 1846 4284 inde
1880 4227 1947 4282 ad
1987 4228 2148 4284 ﬁdem
2191 4227 2520 4289 faciendam,
2553 4241 2775 4285 carnem
2809 4228 2863 4281 in
2897 4228 3306 4282 resurrectione

1719 4334 1843 4375 esse
1884 4326 2344 4376 resurrectnram.
2383 4317 2442 4371 Si
2475 4316 2621 4372 enim
2655 4316 2710 4370 in
2755 4323 2900 4370 terra
2935 4317 3118 4371 carnis
3149 4315 3304 4369 inﬁr-

1721 4412 1940 4466 mitates
2009 4410 2224 4466 sanavit
2281 4418 2333 4465 et
2401 4424 2604 4480 corpus
2676 4408 2947 4477 integrum
3023 4405 3300 4468 reddidit;

1722 4510 1928 4573 quanto
1971 4502 2144 4571 magis
2177 4501 2233 4555 in
2275 4499 2679 4556 resurrectione
2724 4499 2776 4552 id
2824 4498 3011 4562 faciet,
3066 4505 3124 4552 ut
3170 4511 3304 4551 caro

47 4592 177 4646 ῶστε
227 4598 319 4652 καὶ⁸
364 4597 640 4667 ἀκέραιον,
681 4598 774 4650 καὶ
821 4597 1112 4670 ὁλόκληρον
1167 4597 1464 4664 ἀναστῆναι
1515 4595 1613 4664 τὴν

1793 4601 1932 4661 Legra
1991 4591 2341 4660 perfectaque
2405 4589 2700 4661 resurgat?
2744 4588 2860 4643 Hoc
2906 4589 3090 4658 itaque
3141 4589 3303 4645 modo

49 4685 240 4756 σάρκα.
273 4686 353 4738 Τά
400 4687 495 4757 μὲν
539 4683 631 4739 οὖν
663 4689 792 4758 παρ’
835 4686 1012 4739 αὐτῶν
1058 4684 1384 4756 νομιζόμενα
1436 4684 1615 4754 ἄπορα

47 4776 227 4829 τοῦτον
257 4777 346 4830 τὸν
373 4777 572 4848 τρόπον
603 4776 902 4846 ἰαθήσεται.

115 4867 177 4921 ν.
215 4870 334 4921 Ἔτι
360 4869 417 4921 δὲ
465 4869 559 4921 καὶ
586 4869 692 4921 τῶν
738 4865 1002 4934 λεγόντων
1054 4864 1126 4938 μὴ
1159 4863 1476 4919 ἀνίστασθαι
1519 4864 1615 4935 τὴν

52 4959 240 5030 σάρκα,
273 4962 323 5012 οἱ
356 4961 452 5033 μὲν
493 4961 568 5023 ὡς
613 4958 869 5014 ἀδύνατον
913 4958 1212 5027 ἀναστῆναι
1257 4956 1524 5024 λέγουσιν,
1565 4958 1616 5014 οἱ

121 5115 164 5146 ³⁸
199 5114 332 5171 Luc.
366 5131 460 5178 xx,
483 5115 571 5169 54.
647 5117 692 5148 ’⁵
721 5113 828 5170 lsa.
865 5130 1031 5178 xxxv,
1061 5113 1115 5168 5.

138 5271 224 5342 99)
254 5271 362 5326 Καὶ
389 5271 551 5339 πρίν.
589 5270 752 5342 Deest
780 5271 834 5324 in
872 5268 1062 5323 codice
1092 5283 1193 5342 ms.

147 5334 604 5421 i)'TtE)‘d_pZm‘t_t.
641 5339 782 5421 llaec
823 5354 1044 5421 quoque
1062 5338 1263 5421 "eidem
1296 5334 1613 5421 codicL_de-

54 5405 257 5467 bemus.
283 5405 571 5466 Habe—bant
592 5411 722 5465 editi
755 5405 856 5464 καῖ
869 5405 1037 5479 δείξῃ,
1060 5409 1141 5460 ὅτι
1175 5408 1271 5479 και
1292 5407 1435 5479 δίχα.
1461 5405 1615 5458 Chri-

55 5489 166 5536 stus
209 5484 497 5536 ostendere
537 5483 708 5535 voluit
763 5477 1188 5534 Satantectiam
1231 5478 1340 5529 sine
1381 5477 1614 5528 humana

57 5554 413 5606 consuetudine
442 5551 741 5620 possibilein
774 5566 884 5604 esse
917 5549 1024 5602 Deo
1068 5548 1291 5620 hominis
1335 5546 1615 5620 formatio~

58 5636 182 5684 nem,
213 5625 326 5677 sive
353 5615 478 5691 quia
511 5622 764 5683 Satanas,
801 5630 861 5673 ut
891 5620 1053 5691 paulo
1081 5627 1210 5691 ante
1230 5615 1445 5691 dicebat
1471 5617 1615 5691 scri-

57 5699 171 5758 ptor
198 5686 403 5756 noster,
433 5693 702 5746 haereticis
725 5700 778 5746 et
815 5686 1113 5745 incredulis
1145 5689 1306 5741 aliam
1334 5686 1616 5758 injicicbat

59 5756 374 5828 opinionem,
406 5763 540 5822 sive.
570 5762 719 5831 quod
754 5762 928 5830 magis
977 5757 1325 5831 crediderim,
1371 5756 1497 5825 quia
1529 5771 1619 5831 er-_-

59 5825 170 5900 rore
211 5836 452 5890 delusus.
495 5841 554 5886 ut
592 5825 871 5887 observat'
900 5831 1102 5900 Marlyr
1146 5829 1387 5900 Ianalius
1435 5840 1519 5894 eP‘
1548 5825 1617 5879 ad

60 5898 244 5970 Ephes.
280 5904 559 5960 Christum
591 5919 656 5958 ex
685 5902 857 5955 Maria
882 5911 936 5957 et
963 5898 1200 5972 Josepho
1242 5899 1484 5970 genitum
1516 5912 1617 5966 pu-

318 6001 589 6059 PATROL.
622 5998 739 6058 Gtt.
770 5997 878 6060 VI.

1723 4685 2066 4738 sanabuntur
2093 4697 2214 4754 qua:
2245 4682 2378 4750 ipsis
2411 4680 2738 4736 insanabilia
2773 4680 3047 4735 videntur.

1794 4861 1862 4920 V.
1914 4860 2130 4917 Rursus
2185 4868 2366 4914 autem
2417 4873 2643 4925 eorum,
2695 4859 2791 4928 qui
2839 4857 3302 4913 resurrectionem

1723 4958 1905 5013 carnis
1953 4965 2189 5026 negant,
2230 4954 2322 5008 alii
2376 4961 2436 5010 ut
2480 4952 2876 5025 impossibilem
2929 4957 3162 5022 negant,
3208 4951 3302 5010 alii

1718 5261 1888 5324 tabat,
1916 5277 2017 5315 nec
2040 5259 2427 5330 suspicabatur
2452 5276 2616 5330 posse
2636 5262 2912 5316 hominem
2936 5261 3094 5316 aliter
3117 5257 3292 5330 nasci.

1717 5332 1786 5384 At
1819 5342 2005 5400 postea
2034 5328 2182 5394 eum,
2211 5332 2303 5400 qui
2333 5328 2496 5401 caput
2526 5332 2677 5387 illius
2704 5333 2992 5394 contrivit,
3032 5344 3132 5383 nec
3162 5328 3297 5401 sim-

1717 5399 1912 5472 plicem
1941 5399 2598 5471 hominem’esse,'neque
2617 5418 2683 5457 ex
2711 5401 3026 5457 hominibus
3051 5399 3297 5469 genitum

1759 5487 2012 5526 ersensnt.

1721 5489 2224 5614 Ρεξίὲῗηδὲίὺιιηκαὶ
2261 5544 2476 5614 ποτοῖς,
2506 5558 2646 5614 qua:
2691 5541 2947 5614 ﬂaranus
2995 5541 3294 5607 omiserat,

1719 5629 1782 5668 ex
1817 5610 2060 5667 editione
2105 5612 2319 5668 lenensi
2349 5610 2666 5667 inserimus.
2703 5610 2858 5666 Eutr.
2889 5610 3060 5665 Pun.

1791 5684 1865 5753 (5)
1912 5683 2226 5740 Ἑλάττων.
2250 5681 2407 5753 _Editi
2436 5682 2674 5753 ἔλαττον.

1796 5749 1872 5823 (4)
1917 5755 2195 5808 Ἅπαντα.
2247 5751 2558 5822 Legendum
2606 5751 2642 5805 ἃ
2690 5749 3190 5823 πάνταηΙιιειίηιιε
3242 5749 3298 5809 in

1723 5821 1937 5893 Dialog.
1974 5841 2030 5876 ιι.
2057 5823 2145 5883 69,
2185 5839 2251 5875 ex
2299 5821 2580 5878 miraculis
2627 5823 2831 5878 Christi
2874 5821 3016 5878 idem
3053 5835 3301 5880 resurre-

1725 5897 1927 5949 ctionis
1953 5902 2331 5966 argumentum
2362 5893 2532 5948 ducit.
