3662 6474
362 388 497 445 1579

1596 388 1958 448 APPENDIX.
1988 423 2055 431 —
2096 390 2278 446 PARS
2317 390 2381 446 ll.

3471 400 3571 456 1580

354 522 616 584 tanquam
644 511 755 568 Deo
782 525 903 567 eam
934 511 1202 570 suscitare
1234 530 1343 569 non
1379 512 1695 577 conveniat,
1744 518 1897 581 utpot

2079 527 2087 561 ε
2116 509 2191 571 ὡς
2226 509 2302 580 μὴ
2334 509 2608 580 προσῆκον
2633 510 2711 581 τῷ
2738 509 2857 580 Θεῷ
2888 508 3210 564 ἀνιστάνειν
3242 511 3405 582 αὐτὴν
3442 513 3514 568 διὰ
3534 517 3577 571 τὸ

354 605 518 659 vilem
561 610 617 659 et
649 602 1075 674 despicabilem;
1109 604 1200 657 alii
1236 604 1492 673 denique,
1527 601 1673 673 quod
1707 602 1784 654 illi
1819 601 1931 671 pri-

2036 600 2252 662 εὐτελὲς
2302 600 2392 651 καὶ
2430 601 2898 671 εύκαταφρόνητον
2945 602 3157 673 αὐτῆςο
3200 603 3255 655 οὶ
3300 602 3377 667 δὲ,
3412 603 3578 678 δτιτὴν

354 696 522 751 mitus
562 710 671 749 non
712 697 783 750 sit
834 697 1108 766 promissa
1148 697 1499 751 resurrectio.
1534 694 1779 748 Primum
1812 693 1900 763 qui

2079 689 2208 761 ρχὴν
2238 690 2359 743 οὐδὲ
2401 691 2731 759 ἐπαγγελίαν
2777 691 2941 762 ἔχειν.
2994 692 3231 764 Πρῶτον
3267 695 3364 765 μὲν
3392 690 3472 747 οὖν
3516 714 3580 767 μοι

354 789 478 844 dem
529 791 793 847 adversus
825 806 942 854 eos,
972 792 1062 861 qui
1119 791 1512 862 impossibilem
1561 788 1670 844 Deo
1702 803 1825 843 esse
1855 787 1933 841 di-

354 889 485 936 cunt
515 883 700 938 carnis
727 883 1205 949 resurrectionem,
1240 884 1372 938 mihi
1398 884 1614 939 videtur
1634 883 1930 939 ostenden-

352 974 483 1029 dum
515 990 609 1030 eos
640 976 911 1045 ignorare,
945 991 1004 1030 se
1032 977 1202 1032 verbo
1232 978 1451 1047 quidem
1499 976 1687 1032 ﬁdeles
1718 992 1777 1031 se
1807 991 1929 1031 esse

353 1066 627 1135 proﬁteri,
672 1067 767 1121 sed
814 1066 972 1122 lactis
1020 1066 1401 1124 demonstrare
1435 1067 1681 1124 inﬁdeles
1723 1080 1929 1122 seessc

352 1166 406 1212 et
446 1156 756 1213 inﬁdelibus
804 1157 1154 1213 iuﬁdeliores.
1182 1156 1315 1211 Nam
1347 1172 1474 1212 cum
1521 1163 1709 1227 gentes
1738 1170 1929 1211 omnes

352 1249 666 1305 simulacris
714 1250 941 1304 credant
986 1258 1040 1304 et
1081 1265 1406 1320 persuasum
1455 1250 1692 1306 habeant
1740 1248 1925 1302 omnia

352 1338 461 1393 illis
495 1353 617 1393 esse
675 1338 979 1408 possibilia,
1037 1337 1501 1408 quemadmodum
1554 1347 1607 1393 et
1658 1337 1926 1393 Homerus

349 1443 537 1482 eorum
583 1438 745 1499 poeta
776 1427 1018 1484 dixit":
1053 1426 1145 1481 Dii
1180 1429 1360 1482 omnia
1405 1438 1645 1498 possunt,
1679 1439 1728 1483 et
1768 1427 1927 1496 facile

351 1520 582 1590 (addidit
611 1537 801 1577 vocem
851 1523 1001 1593 ῥεῖα,
1031 1520 1177 1592 quod
1220 1528 1306 1576 est
1349 1520 1524 1588 facile,
1559 1527 1617 1573 ut
1649 1519 1926 1591 magnitu-

348 1611 530 1669 dinem
562 1614 813 1683 potentiae
852 1611 1079 1667 deorum
1114 1612 1461 1682 declararet),
1498 1611 1653 1666 multi
1692 1611 1800 1667 illis
1841 1611 1928 1665 in-

348 1704 621 1760 ﬁdeliores
650 1712 932 1776 apparent.
960 1704 1016 1758 Si
1044 1704 1189 1760 enim
1221 1712 1410 1774 gentes
1439 1704 1623 1767 idolis,
1646 1703 1754 1759 diis
1785 1704 1921 1768 suis,

347 1800 439 1869 qui
470 1815 624 1853 aures
656 1798 844 1852 habent
880 1806 929 1851 et
973 1814 1076 1852 non
1121 1796 1377 1861 audiunt,
1417 1796 1596 1851 oculos
1642 1796 1830 1851 habent
1873 1808 1922 1852 et

2030 781 2176 835 δοκεῖ
2201 782 2341 853 πρὸς
2370 785 2495 846 τοὺς
2523 783 2779 837 ἀδύνατον
2821 782 2961 837 εἶναι
2990 784 3260 851 λέγοντας
3288 786 3363 856 τῷ
3403 786 3504 856 Θεῷ
3536 791 3579 841 τὸ

2030 872 2233 943 ταύτην
2254 873 2556 943 ἀναστῆσαι
2582 872 2887 939 διεξελθεῖν,
2909 876 2992 927 ὅτι
3019 874 3318 943 ἀγνοοῦσιν
3348 878 3499 941 αὐτοὶ,

2028 963 2172 1035 λόγῳ
2216 948 2467 1033 λέγοντες
2505 963 2641 1019 εἶναι
2687 968 2945 1030 πιστοὺς,
2994 968 3093 1020 καὶ
3143 967 3236 1020 διὰ
3290 968 3395 1023 τῶν
3445 948 3581 1042 ἔργων

2030 1055 2446 1120 ἀποδεικνύντες
2498 1058 2755 1121 ἀπίστους
2804 1060 3055 1121 ἑαυτοὺς,
3086 1060 3188 1111 καὶ
3234 1060 3344 1113 τῶν
3388 1062 3583 1116 ἀπίστων

2029 1148 2438 1220 ἀπιστοτέρους.
2477 1150 2595 1204 Τῶν
2623 1150 2730 1223 γάρ
2770 1152 2940 1205 ἐθνῶν
2998 1151 3268 1205 ἁπάντων
3314 1154 3403 1205 ἐπὶ
3436 1155 3493 1206 τὰ
3525 1159 3581 1208 εί-

2028 1239 2174 1293 δωλα
2218 1244 2677 1308 πεπιστευκότων,
2725 1246 2820 1299 καὶ
2868 1244 3291 1315 πεπεισμένων,
3334 1246 3409 1298 ὅτι
3447 1248 3585 1302 πάντα

2031 1333 2233 1389 δυνατὰ
2271 1336 2452 1399 αὐτοῖς
2485 1338 2629 1389 ἐστιν
2677 1337 2772 1409 (ὡς
2801 1339 2899 1391 καὶ¹
2932 1338 3185 1410 ’Όμηρος
3218 1342 3248 1392 ὁ
3282 1340 3490 1411 ποιητὴς
3514 1342 3583 1393 αὖ·

2028 1429 2134 1481 τῶν
2157 1445 2352 1501 φησιν’
2393 1430 2522 1482 Θεοί
2553 1428 2621 1482 δε
2664 1430 2861 1483 πάντα
2890 1429 3187 1483 δύνανται
3209 1432 3311 1483 καὶ
3323 1430 3463 1499 ῥεῖα
3483 1432 3587 1485 ἀλλὰ

2028 1522 2123 1575 καὶ
2152 1522 2234 1585 τὸ,
2256 1521 2421 1589 ῥεῖα,
2465 1522 2821 1594 προσέθηκεν,
2855 1524 2992 1594 ὅπερ
3038 1524 3194 1577 ἐστὶν
3235 1525 3493 1595 εὐχερῶς,
3521 1528 3585 1578 ἵνα

2026 1614 2127 1685 τὴν
2162 1615 2556 1686 μεγαλειότητα
2586 1614 2686 1683 τῆς
2732 1615 2838 1667 τῶν
2869 1614 3009 1668 θεῶν
3062 1614 3140 1686 (5)
3200 1617 3475 1687 δυνάμεως
3511 1620 3583 1687 ἐμ-

2028 1706 2215 1782 φάνη),
2262 1706 2443 1760 πολλοὶ
2472 1707 2673 1760 τούτων
2705 1706 2779 1779 (6)
2824 1707 3181 1778 ἀπιστότεροι
3232 1710 3510 1778 φαίνονται.
3534 1711 3581 1762 Εἰ

2027 1798 2135 1869 γὰρ
2163 1802 2276 1863 τοῖς
2305 1798 2540 1862 εἰδώλοις
2570 1799 2637 1852 τὰ
2681 1799 2805 1871 ἔθνη
2846 1804 2961 1863 τοῖς
3000 1799 3149 1863 θεοῖς
3193 1802 3397 1865 αὐτῶν,
3425 1804 3466 1855 οἳ
3493 1802 3581 1855 ὦτα

347 1909 451 1945 non
481 1892 653 1945 vident
677 1894 744 1956 ’⁷,
772 1892 957 1945 omnia
999 1906 1095 1946 eos
1146 1906 1309 1961 posse
1348 1890 1608 1953 credunt,
1654 1906 1780 1944 cum
1813 1892 1897 1961 ips

2079 1910 2258 1961 τουσι,
2299 1893 2393 1946 καὶ
2439 1896 2551 1946 οὐκ
2578 1893 2930 1959 ἀκούουσιν,
2981 1895 3347 1964 ὀφθαλμοὺς
3382 1895 3581 1965 ἔχουσι,

347 1984 457 2037 sint
480 1982 767 2047 daemonia,
795 1982 937 2037 sicut
968 1981 1209 2051 loquitur
1239 1979 1543 2051 Scriptura,
1572 1980 1665 2033 Dii
1691 1983 1921 2051 gentium

345 2074 705 2141 dwmonia";
740 2073 912 2127 multo
955 2072 1126 2143 magis
1175 2087 1297 2137 nos,
1329 2073 1421 2142 qui
1464 2080 1672 2127 rectam
1702 2081 1757 2128 et
1805 2074 1922 2127 exi-

346 2166 509 2219 miam
541 2175 594 2220 et
622 2180 804 2219 veram
838 2164 997 2219 ﬁdem
1029 2171 1299 2230 tenemus,
1333 2162 1442 2218 Deo
1480 2170 1670 2217 nostro
1698 2163 1923 2219 credere

342 2254 626 2320 debemus,
652 2271 775 2310 cum
800 2263 853 2311 et
883 2262 1205 2327 argumenta
1233 2254 1561 2323 habeamus;
1594 2270 1656 2309 ac
1685 2255 1920 2325 primum

342 2346 561 2415 quidem
612 2345 933 2415 protoplasti
976 2345 1414 2415 generationem,
1456 2344 1604 2414 quod
1635 2360 1665 2398 e
1712 2353 1860 2398 terra
1889 2357 1921 2397 a

341 2436 456 2492 Deo
498 2437 718 2504 lactus;
769 2448 854 2493 est
892 2438 1035 2492 enim
1083 2436 1230 2491 istud
1268 2436 1480 2491 clarum
1526 2434 1620 2490 Dei
1667 2437 1922 2507 potentiae

342 2536 743 2599 argumentum.
770 2527 973 2584 Deinde
998 2544 1125 2583 vero
1144 2543 1287 2593 eam,
1313 2544 1433 2600 qua:
1462 2535 1650 2599 postea
1673 2544 1737 2582 ex
1760 2527 1916 2598 591

343 2620 611 2675 ambobus
654 2620 793 2676 facta
839 2628 953 2686 est,
998 2620 1407 2692 generationem
1444 2620 1922 2679 considerantibus

341 2727 569 2768 cernere
597 2714 746 2775 licet.
779 2718 852 2784 ;ac
905 2715 1078 2785 magis
1109 2714 1299 2769 mirari
1334 2712 1607 2783 quomodo
1641 2727 1671 2767 e
1697 2711 1921 2765 minima

341 2802 591 2860 humoris
644 2806 857 2876 guttula
917 2813 1129 2859 tantum
1192 2802 1792 2863 ell‘ormeturanimal.
1843 2801 1921 2855 Ac

341 2896 610 2967 profecto,
659 2898 706 2953 si
754 2897 809 2952 id
855 2913 1075 2968 quoque
1122 2898 1489 2969 promissione
1521 2896 1919 2959 contineretur,

342 3006 519 3063 neque
560 2990 763 3045 factum
797 3000 1136 3058 cerneretur,
1166 2992 1341 3047 multo
1373 2992 1499 3046 aliis
1543 2988 1923 3045 incredibilius

342 3092 518 3150 esset;
552 3084 648 3140 sed
680 3084 1000 3140 credibilius
1040 3084 1221 3139 reddit
1268 3084 1514 3140 eﬁ'ectus.
1546 3082 1711 3155 Atqui
1740 3084 1808 3140 de
1837 3099 1924 3139 re-

2024 1983 2121 2037 καὶ
2151 1986 2263 2037 οὐκ
2297 1984 2570 2053 ὄψονται,
2599 1985 2659 2037 τὸ
2699 1984 2879 2038 πάντα
2907 1985 3175 2040 δύνασθαι
3225 1988 3581 2040 πεπιστεύκασι

2021 2075 2321 2146 δαιμονίοις
2366 2072 2514 2142 οὖσι,
2546 2076 2725 2140 καθὼς
2770 2080 2802 2148 ἡ
2838 2077 3033 2149 Γραφὴ
3077 2076 3268 2147 λέγει,
3313 2079 3390 2131 ὃτι
3418 2081 3579 2133 οἱθεοὶ

2022 2168 2139 2222 τῶν
2180 2168 2373 2223 ἐθνῶν
2425 2170 2726 2238 δαιμόνια,
2787 2169 2970 2240 πολλῷ
3032 2170 3242 2241 μᾶλλον
3302 2172 3453 2242 ἡμεῖς
3489 2174 3580 2243 ἑορ-

2020 2261 2118 2332 τὴν
2151 2262 2227 2332 (7)
2272 2261 2543 2333 ἐξαίρετον
2575 2264 2667 2315 καὶ
2698 2262 2871 2333 ἀληθῆ
2903 2264 3089 2317 πίστιν
3139 2263 3381 2335 ἔχοντες,
3409 2266 3580 2333 ὀφείλο-

2024 2370 2123 2424 μεν
2152 2353 2230 2424 τῷ
2265 2353 2384 2424 Θεῷ
2410 2354 2566 2424 ἡμῶν
2596 2353 2871 2406 πιστεύειν
2895 2394 2909 2417 ,
2939 2354 3162 2425 ἔχοντες
3183 2358 3485 2427 τεκμήρια,
3512 2360 3584 2411 καὶ

2022 2444 2238 2515 πρῶτον
2291 2446 2390 2517 μὲν
2417 2446 2515 2516 τὴν
2546 2445 2638 2497 τοῦ
2688 2447 3123 2517 πρωτοπλάστου
3155 2448 3394 2516 γένεσιν,
3431 2450 3499 2501 δτι
3534 2452 3584 2502 ἐκ

2022 2537 2123 2607 γῆς
2153 2536 2263 2590 ὑπὸ
2292 2537 2424 2591 Θεοῦ
2458 2539 2677 2607 γέγονεν
2696 2554 2707 2567 ·
2748 2539 2931 2591 ἱκανὸν
2970 2540 3082 2610 γάρ
3111 2540 3279 2594 τοῦτο
3307 2541 3486 2613 δεῖγμα
3509 2544 3585 2612 τῆς

2021 2630 2113 2683 τοῦ
2143 2629 2279 2683 Θεοῦ
2326 2631 2634 2702 δυνάμεως’
2667 2630 2858 2684 ἔπειτα
2886 2632 2942 2684 δὲ
2993 2635 3091 2687 καὶ
3124 2636 3229 2705 τὴν
3275 2636 3409 2705 μετά
3446 2635 3587 2688 ταῦτα

2022 2722 2083 2787 ἐξ
2110 2723 2352 2795 ἀλλήλων
2378 2724 2585 2792 γένεσιν
2618 2723 2971 2777 κατανοοῦσιν
2997 2724 3151 2780 ἔστιν
3180 2726 3331 2790 ἰδεῖν,
3369 2727 3454 2780 καὶ
3479 2727 3585 2779 θαυ-

2027 2815 2195 2885 μάσαι
2228 2814 2507 2885 μειζόνως,
2539 2816 2621 2868 ὅτι
2649 2815 2708 2879 ἐξ
2735 2816 3035 2887 ἐλαχίστης
3068 2818 3287 2889 ρανίδος
3319 2817 3474 2889 ὑγροῦ
3509 2836 3588 2888 τη-

2023 2906 2268 2961 λικοῦτον
2302 2908 2597 2961 πλάσσεται
2626 2907 2782 2972 ζῶον.
2807 2909 3005 2963 Καίτοι
3036 2926 3103 2977 γε
3135 2912 3184 2962 εί
3231 2912 3289 2962 ἐν
3321 2911 3588 2981 ἐπαγγελία

2026 3001 2120 3053 καὶ
2148 3002 2308 3053 τοῦτο
2333 2996 2422 3071 ἦν,
2462 3001 2555 3054 καὶ
2588 3001 2662 3072 μὴ
2709 3000 2961 3069 ἐφαίνετο
2990 3002 3306 3073 γινόμενον,
3336 3004 3460 3057 πολὺ
3500 3004 3587 3063 τῶν

2025 3091 2197 3147 ἄλλων
2243 3088 2312 3163 ἦν
2361 3092 2746 3163 ἀπιστότερον·
2790 3093 2929 3146 ἀλλά
2975 3093 3088 3165 γάρ
3123 3098 3437 3168 πιστότερον
3481 3095 3588 3149 αὐτὸ

342 3177 688 3231 surrectione
727 3177 886 3232 nobis
926 3175 1177 3230 Salvator
1223 3176 1463 3231 ostendit
1500 3174 1746 3240 eﬁectus,
1780 3189 1900 3245 quo:

2079 3187 2168 3239 κεῖ
2186 3185 2529 3255 ἀποτέλεσμα
2672 3184 2829 3238 Ἀλλά
2854 3185 2959 3257 μὴν
2989 3189 3124 3258 περὶ
3152 3188 3257 3258 τῆς
3277 3190 3586 3249 ἀναστάσεως

340 3269 503 3339 paulo
537 3277 658 3339 post
689 3269 1266 3324 commemorabimus.
1309 3267 1468 3322 Nunc
1509 3278 1692 3327 autem
1736 3268 1900 3340 possi-

2079 3280 2152 3329 ιῖν
2178 3276 2377 3342 ἔδειξεν
2421 3280 2449 3330 ό
2477 3278 2666 3349 Σωτὴρ
2714 3278 3164 3349 ἀποτελέσματα,
3208 3280 3246 3333 ἃ.
3297 3283 3409 3350 μετ’
3437 3280 3587 3347 ὀλίγον

339 3361 507 3417 bilem
551 3377 675 3418 esse
708 3362 896 3418 carnis
938 3362 1402 3417 resurrectionem
1449 3362 1915 3427 demonstramus,

340 3454 414 3509 ab
444 3454 702 3512 Ecclesia:
737 3456 883 3521 ﬁliis,
921 3456 968 3512 si
1009 3456 1171 3511 etiam
1209 3455 1537 3519 rationibus,
1577 3470 1699 3525 qua:
1736 3461 1921 3509 extra-

340 3561 460 3602 nea:
486 3547 740 3603 videntur
772 3556 827 3605 et
864 3548 1178 3613 mundanaz,
1216 3550 1441 3612 utimur,
1474 3548 1689 3603 veniam
1719 3561 1919 3615 expos-

340 3648 551 3705 centes,
599 3643 776 3712 primo
819 3640 1217 3715 quidemtquia
1246 3641 1397 3695 nihil
1442 3639 1553 3695 Deo
1598 3647 1919 3694 extraneum

338 3741 453 3799 est,
496 3749 559 3789 ac
604 3752 673 3792 ne
713 3737 831 3807 ipse
874 3713 1094 3807 quidem
1148 3737 1414 3803 mundus;
1463 3744 1549 3791 est
1594 3734 1738 3789 enim
1773 3732 1917 3786 illius

339 3842 498 3899 opus.
543 3829 747 3886 Deinde
794 3846 924 3886 vero
968 3832 1095 3902 quia
1138 3830 1385 3885 inﬁdeles
1431 3829 1519 3883 bis
1571 3824 1917 3883 sermonibus

338 3924 754 3995 compellamus.
800 3925 935 3979 Nam
984 3926 1030 3981 si
1087 3924 1307 3989 ﬁdeles,
1356 3923 1491 3979 satis
1533 3930 1680 3979 esset
1736 3920 1920 3977 dicere

336 4029 440 4069 nos
466 4015 716 4083 credere;
746 4032 893 4071 nunc
923 4024 1103 4073 autem
1134 4032 1230 4086 per
1263 4015 1764 4071 demonstratmnes
1789 4032 1920 4087 pro-

336 4107 532 4164 cedere
576 4116 661 4163 est
722 4109 1117 4164 necessarium.
1173 4107 1415 4163 Tametsi
1470 4107 1638 4178 igitur
1686 4107 1916 4163 antehac

335 4178 603 4272 producta
634 4209 955 4272 argumenta
985 4202 1121 4256 satis
1152 4201 1221 4255 ad
1250 4200 1738 4257 demonstrandum
1788 4214 1917 4268 pos-

336 4291 550 4346 sibilem
574 4307 695 4347 esse
726 4292 912 4347 carnis
954 4293 1418 4349 resurrectionem
1456 4292 1663 4347 fuerint
1693 4295 1912 4359 idonea,

332 4392 519 4439 tamen
540 4384 610 4439 ob
639 4384 865 4439 nimiam
892 4384 1109 4439 illorum
1136 4385 1537 4452 inﬁdelitatem,
1558 4388 1770 4445 ratione
1789 4397 1915 4445 utar

334 4493 456 4547 qua:
487 4479 659 4549 magis
689 4486 898 4548 urgeat,
931 4494 1039 4533 non
1070 4495 1101 4533 a
1134 4478 1238 4537 ﬁde
1267 4480 1486 4551 quidem
1519 4481 1704 4548 ducta,
1737 4497 1767 4535 a
1804 4496 1911 4552 qua

2022 3368 2273 3439 ἐροῦμεν.
2307 3367 2420 3422 Νῦν
2455 3369 2510 3422 δὲ
2547 3369 2607 3423 τὸ
2647 3370 2882 3441 δυνατὴν
2927 3368 3068 3424 εἶναι
3112 3371 3215 3443 τὴν
3261 3372 3359 3441 τῆς
3412 3370 3586 3442 capite;

2020 3460 2314 3515 ἀνάστασιν
2391 3461 2827 3533 ὲπιδεικνύομεν,
2890 3462 3233 3535 συγγνώμην
3311 3465 3587 3534 αἰτούμενα

2020 3553 2173 3625 παρά
2198 3553 2306 3608 τῶν
2338 3555 2435 3625 τῆς
2461 3554 2782 3624 Ἐκκλησίας
2809 3554 3044 3620 τέκνων,
3078 3558 3129 3609 εἰ
3160 3558 3259 3610 καὶ
3287 3558 3389 3611 τῶν
3416 3554 3586 3620 ἔξωθεν

2019 3641 2155 3698 εἶναι
2208 3645 2510 3723 δοκούντων
2566 3647 2661 3700 καὶ
2714 3647 3001 3717 κοσμικῶν
3061 3648 3243 3716 λόγων
3299 3647 3581 3718 ιξιπτόμεθα⁸

2019 3738 2236 3810 πρῶτον
2269 3739 2366 3809 μὲν
2394 3736 2485 3791 οῦν
2516 3737 2589 3809 (9)
2620 3739 2699 3792 ὅτι
2738 3739 2892 3792 οὐδέν
2938 3740 3091 3793 ἐστιν
3122 3740 3327 3807 ἔξωθεν
3354 3739 3442 3793 τοῦ
3470 3737 3583 3791 Θεοῦ

2018 3832 2138 3884 οὐδὲ
2183 3833 2278 3885 καὶ
2326 3831 2486 3895 αὐτὸς
2530 3832 2559 3883 ὁ
2606 3830 2834 3901 κόσμοςο
2889 3832 3106 3903 ποίημα
3159 3834 3273 3905 γάρ
3317 3836 3457 3886 ἐστιν
3504 3831 3583 3885 αύ-

2018 3923 2111 3976 τοῦ
2146 3924 2256 3994 (10)
2275 3941 2289 3954 ·
2323 3923 2570 3995 δεύτερον
2601 3924 2682 3977 ὅτι
2713 3923 2852 3994 πρὸς
2880 3924 3151 3989 ἀπίστους
3178 3926 3397 3989 τούτους
3426 3922 3582 3978 ποιού-

2022 4014 2159 4085 μεθα
2207 4017 2334 4078 τοὺς
2393 4016 2599 4083 λόγους.
2660 4016 2721 4067 Εί
2763 4013 2876 4086 γάρ
2930 4016 3070 4087 πρὸς
3112 4020 3358 4080 πιστοὺς,
3402 4015 3581 4084 aliter

2019 4123 2113 4169 κες
2138 4102 2205 4177 ἧν
2235 4107 2428 4167 εἰπεῖν,
2458 4109 2539 4160 ὅτι
2584 4107 3027 4178 πεπιστεύκαμεν
3047 4125 3060 4137 ⁸
3095 4110 3216 4161 νυνὶ
3261 4109 3318 4162 δὲ
3342 4108 3427 4161 διά
3466 4110 3580 4160 ἀπο-

2016 4197 2232 4264 δείξεων
2280 4202 2476 4271 χωρεῖν
2521 4202 2835 4268 ἀναγκαῖον.
2890 4198 3073 4252 Ἱκανά
3128 4200 3229 4271 μὲν
3268 4196 3360 4253 οῦν
3402 4200 3491 4253 καὶ
3524 4196 3579 4250 τὰ

2017 4292 2389 4364 προειρημένα
2427 4297 2702 4364 τεκμήρια
2744 4292 2881 4362 πρὸς
2929 4281 2990 4345 τὸ
3019 4292 3257 4363 δυνατὴν
3311 4289 3443 4345 εἶναι
3487 4290 3577 4343 δει-

2017 4384 2199 4437 κνύειν
2226 4385 2326 4455 τὴν
2354 4384 2452 4454 τῆς
2483 4384 2683 4455 σαρκὸς
2710 4384 3031 4449 ἀνάστασιν,
3062 4384 3181 4437 ἀλλ’
3200 4386 3321 4437 ἐπεὶ
3349 4384 3458 4436 λίαν
3484 4380 3576 4453 (ll)

2018 4476 2153 4528 εἰσὶν
2184 4476 2423 4540 ἄπιστοι,
2456 4476 2548 4527 καὶ
2574 4473 3123 4545 ἀναγκαστικὼτερον
3171 4475 3438 4545 ἐπάξομεν
3482 4470 3573 4542 (l2)

333 4563 413 4626 illi
443 4581 572 4628 sunt
596 4572 863 4635 extranei,
908 4572 1002 4627 sed
1036 4572 1105 4626 ab
1135 4572 1453 4628 inﬁdelitate
1495 4589 1685 4629 eorum
1715 4583 1900 4639 matre1

2079 4582 2107 4619 ν
2145 4566 2321 4635 λόγον,
2366 4566 2464 4620 οὐκ
2493 4568 2557 4619 ὲκ
2586 4568 2683 4638 τῆς
2713 4566 2975 4630 πίστεως,
3010 4568 3092 4620 ὅτι
3126 4567 3203 4639 μὴ
3249 4566 3573 4637 τυγχάνουσιν

334 4678 366 4717 a
408 4665 746 4735 rationibus,
790 4668 1053 4737 inquam,
1104 4667 1417 4722 mundanis.
1458 4666 1594 4719 Nam
1639 4665 1685 4722 si
1728 4680 1794 4721 ex
1827 4664 1914 4720 bis

334 4755 649 4824 possibilem
680 4771 805 4811 esse
828 4756 1013 4811 carnis
1046 4758 1504 4810 resurrectionem
1538 4757 1644 4811 illis
1682 4755 1914 4810 demon-

334 4853 597 4909 stramus,
633 4848 804 4901 multa
840 4864 973 4903 sane
1002 4847 1325 4903 confusione
1352 4848 1501 4920 digni
1544 4857 1692 4913 sunt,
1722 4849 1767 4904 si
1809 4862 1914 4903 nec

333 4951 420 4998 ea,
444 4951 565 5006 quae
593 4944 723 4991 sunt
753 4938 898 5003 ﬁdei,
931 4954 1031 4993 nec
1061 4954 1145 5008 ea,
1177 4954 1299 5009 qua:
1333 4948 1462 4995 sunt
1504 4942 1715 5006 mundi,
1752 4942 1910 5012 sequi

332 5038 584 5098 possunt.

2014 4657 2166 4721 ὄντες
2207 4659 2404 4729 αὐτῆς,
2440 4658 2551 4711 ἀλλ’
2589 4659 2653 4712 ἐκ
2681 4660 2779 4729 τῆς
2808 4659 3070 4722 ἀπιστίας
3116 4660 3219 4729 τῆς
3268 4658 3463 4729 μητρὸς
3492 4654 3575 4707 αὖα

2014 4749 2141 4812 τῶν,
2172 4749 2313 4817 λέγω
2332 4749 2396 4821 δὴ
2424 4750 2531 4803 τῶν
2554 4751 2831 4822 κοσμικῶν
2856 4750 3049 4819 λόγων.
3071 4732 3138 4804 Εἰ
3168 4751 3279 4822 γάρ
3306 4753 3366 4802 ὲκ
3392 4748 3573 4801 τούτων

2013 4842 2419 4913 ὲπιδεικνύομεν
2448 4845 2630 4907 αὐτοῖς
2659 4844 2888 4912 δυνατὴν
2933 4838 3076 4897 εἶναι
3109 4844 3210 4915 τὴν
3257 4844 3351 4914 τῆς
3396 4839 3572 4910 σαρκὸς

2013 4933 2337 4998 ἀνάστασιν,
2382 4935 2582 5007 πολλῆς
2628 4935 2895 5008 δήπουθεν
2942 4935 3211 5007 αἰσχύνης
3256 4937 3383 4989 εἰσὶν
3431 4932 3567 4996 ἄξιοι,

2016 5026 2064 5077 εἰ
2096 5028 2232 5099 μήτε
2258 5030 2369 5091 τοῖς
2390 5028 2488 5099 τῆς
2521 5027 2755 5092 πίστεως
2786 5028 2924 5099 μήτε
2952 5030 3069 5091 τοῖς
3095 5028 3191 5081 τοῦ
3235 5028 3432 5098 κόσμου
3457 5025 3569 5077 ἀκο-

2015 5116 2225 5171 λουθεῖν
2251 5117 2525 5172 δύνανται.

419 5271 484 5302 ηδ
515 5269 712 5341 Odyss.
746 5286 808 5335 ιι,
842 5271 967 5325 504.
1045 5272 1089 5303 ’⁷
1113 5270 1259 5326 Psal.
1292 5287 1443 5336 cxm,
1481 5270 1536 5325 6.
1614 5273 1658 5303 ³⁸
1681 5271 1827 5327 Psal.
1864 5288 1900 5326 xl

401 5427 475 5498 (5)
520 5429 640 5482 Τῶν
654 5428 823 5500 ᾂεῶν.
851 5427 951 5483 Ms.
966 5426 1059 5480 τοῦ
1082 5427 1237 5481 Θεοῦ.
1255 5425 1434 5482 Monet
1454 5426 1689 5481 Grabius
1711 5425 1900 5482 deesse

2079 5428 2311 5500 uiarum
2335 5428 2538 5500 Justini
2568 5429 2827 5500 exLApol.
2863 5429 2920 5485 l.

331 5497 453 5567 ῥεῖα
484 5500 625 5567 apud
656 5498 970 5554 Homerum.

402 5568 475 5638 (li)
506 5563 732 5622 Πολλοὶ
762 5572 1005 5623 τούτων.
1040 5566 1182 5622 Editi
1215 5567 1347 5621 πολὺ
1378 5563 1470 5620 οῦν
1498 5566 1722 5638 τούτων.

401 5638 477 5763 (Ἶζ
522 5639 788 5705 Ἐορτήν.
822 5639 989 5694 Grab.
1017 5640 1237 5707 ἑαυτήν.
1272 5638 1435 5692 Forte
1464 5638 1514 5689 οἱ
1545 5637 1730 5708 ὀρθήν.

404 5707 456 5763 (8
510 5709 709 5761 Καίτοι
743 5726 827 5763 τε.
864 5749 876 5760 .
910 5748 922 5759 .
959 5708 1358 5763 ἀποτέλεσμα.
1384 5706 1575 5761 Totam
1610 5708 1730 5759 hanc

404 5706 476 5771 (8i
510 5709 709 5761 Καίτοι
743 5726 827 5777 γε.
864 5749 876 5760 .
910 5748 922 5759 .
959 5706 1358 5776 ἀποτέλεσμα.
1384 5706 1584 5777 Totam
1610 5708 1749 5759 hanc
1778 5718 1900 5777 v_e_r-

330 5771 523 5828 borum
561 5771 992 5847 complexionem
1028 5771 1396 5847 suppeditavit
1451 5776 1619 5831 codex
1663 5790 1765 5828 ms.
1804 5772 1900 5829 His

332 5851 511 5897 autem
567 5845 709 5899 inest
762 5846 1049 5902 manifesta
1100 5845 1337 5903 imitatio
1370 5848 1664 5906 verborum
1691 5852 1745 5899 et
1771 5858 1897 5899 sen-

2079 5498 2435 5573 (θλ-Πρῶτον
2454 5499 2573 5573 μὲν
2600 5494 2734 5554 οὖνῖ
2762 5499 3199 5573 Εᾶίιίίὲρῶμεθα
3230 5495 3319 5573 οῦν
3350 5494 3556 5573 πρῶῖιξνε

2079 5562 2193 5640 (10)
2238 5562 2389 5623 owe
2420 5562 2622 5636 α’ὺτὸς.
2660 5609 2674 5623 .
2710 5610 2724 5622 .
2754 5562 2985 5626 αὑτοῦ.’
3014 5562 3144 5627 Ηὶιιο
3195 5571 3357 5626 eidem
3390 5562 3557 5619 codici

2004 5637 2287 5695 debemus.

2076 5712 2190 5780 (Η)
2236 5710 2390 5764 Ἐπεὶ
2418 5711 2579 5765 λίαν.
2617 5708 2717 5763 Ms.
2749 5710 2935 5780 ἐπειδὴ
2969 5709 3057 5764 ἂν.

2076 5712 2160 5779 (Η
2236 5712 2390 5764 Ἐπεὶ
2418 5712 2579 5765 λίαν.
2617 5712 2717 5763 Ms.
2749 5712 2935 5780 ἐπειδὴ
2969 5712 3057 5764 ἂν.

2075 5712 2190 5853 (l2;
2234 5780 2579 5851 Ἐπάξομεν.
2605 5780 2747 5835 Editi
2775 5781 3092 5852 ὲπάξωμεν.
