3662 6472
68 406 186 462 1581

1182 401 1242 457 S.
1283 401 1547 458 JUSTIN‘I
1591 398 2044 456 FRAGMENTA.

3184 419 3209 471 1
3222 413 3326 468 582

120 529 257 582 Φασὶ
275 527 458 582 τοίνυν
475 529 520 581 οἱ
543 527 635 580 τοῦ
657 526 859 596 κόσμου
897 523 1115 594 φυσικοὶ
1149 522 1302 591 σοφοὶ
1334 523 1588 594 λεγόμενα

1814 519 1906 575 VI.
1945 519 2110 574 Aiunt
2163 533 2294 590 ergo
2337 518 2550 590 physici
2596 519 2763 590 hujus
2802 521 3012 588 mundi,
3046 537 3186 592 quos
3238 541 3333 580 sa—

59 623 112 678 τδ
142 623 250 675 πᾶν
285 621 552 692 ὑπάρχειν
580 621 630 671 οἱ
664 619 760 690 μὲν
793 617 923 688 ὕλην
973 615 1066 668 καὶ
1101 613 1259 676 Θεὸν,
1288 615 1362 678 ὡς
1391 613 1634 668 Πλάτων·

61 714 171 768 οίδὲ
204 711 389 783 ἄτομα
418 713 510 765 καὶ
541 711 713 774 κενὸν,
748 708 1152 776 ὼςἘπίκουρος
1171 723 1184 735 ο
1209 705 1258 757 οἱ
1285 705 1344 757 δὲ.
1367 704 1436 758 τὰ
1455 706 1639 758 τέσσα-

65 824 140 878 ρα,
172 805 308 876 πῦρ,
346 804 508 875 ὕδωρ,
527 803 682 874 ἀέρα,
717 802 842 871 γῆν,
873 800 1060 870 ὥσπερ
1091 801 1140 853 οἱ
1162 797 1409 851 Στωϊκοί.
1458 798 1642 870 Ἀρκεί

60 898 156 969 γὰρ
183 895 590 968 ἐπιμνησθῆναι
617 893 725 946 τῶν
754 891 1164 963 ὲπικρατουσῶν
1191 890 1421 960 μάλιστα
1449 891 1635 957 δοξῶν.

61 991 158 1043 Καὶ
199 990 230 1042 ὁ
278 989 379 1059 μὲν
413 987 634 1042 Πλάτων
662 985 815 1056 φησὶ,
851 985 954 1038 ὑπὸ
984 983 1076 1036 τοῦ
1107 983 1242 1036 Θεοῦ
1275 984 1342 1035 τὰ
1376 984 1551 1036 πάντα
1577 987 1642 1037 ἐκ

59 1081 149 1150 τῆς
179 1079 318 1151 ὕλης
350 1079 650 1148 γεγονέναι,
683 1079 777 1130 κα)¹
809 1076 951 1130 κατά
1001 1076 1255 1146 πρόνοιαν
1299 1074 1463 1132 αὐτοῦ
1486 1093 1498 1105 ο
1529 1078 1557 1128 ὀ
1583 1075 1639 1128 δὲ

70 1173 388 1243 Ἐπίκουρος
422 1171 514 1227 καὶ
544 1172 592 1222 oi
625 1169 739 1242 μετ’
768 1169 932 1222 αὑτοῦ
977 1169 1042 1220 ἐκ
1069 1167 1164 1224 τοῦ
1192 1166 1418 1237 ἀτόμου,
1450 1166 1542 1220 καὶ
1576 1168 1639 1218 ἐκ

57 1266 142 1319 τοῦ
175 1263 364 1328 κενοῦ,
408 1264 547 1320 κατά
577 1261 912 1332 ταύτόματὸν
954 1277 1075 1315 τινα
1118 1259 1289 1329 φοράν
1321 1259 1418 1328 τῆς
1447 1261 1510 1310 ἐκ
1531 1258 1639 1310 τῶν

60 1359 323 1428 σωμάτων
371 1356 606 1425 φυσικῆς
643 1356 934 1425 κινήσεως·
982 1355 1030 1405 oi
1075 1352 1132 1405 δὲ
1185 1352 1410 1405 Στωϊκοὶ
1441 1353 1504 1403 ὲκ
1532 1351 1640 1403 τῶν

57 1451 357 1520 τεσσάρων,
405 1448 682 1519 διήκοντος
728 1447 793 1498 δι’
828 1444 1004 1497 αὐτῶν
1045 1441 1140 1496 τοῦ
1175 1442 1329 1496 Θεοῦ.
1374 1443 1642 1512 Τοιαύτης

56 1542 107 1595 δὲ
154 1540 457 1609 διαφωνίας
501 1539 678 1593 αὐτῶν
733 1536 922 1608 οὕσης,
972 1534 1088 1588 ἐστι
1129 1535 1252 1588 τινὰ
1283 1533 1411 1606 παρ’
1459 1535 1642 1598 αὐτοῖς

55 1633 460 1705 ὁμολογούμενα
493 1630 647 1685 κοινά
682 1630 930 1700 δόγματα
961 1630 1097 1698 πρὸς
1128 1628 1379 1680 ἁπάντων
1403 1644 1415 1656 ·
1453 1627 1510 1680 ἓν
1542 1627 1638 1697 μὲν

55 1725 110 1779 τὸ
143 1727 282 1798 μήτε
317 1728 382 1783 ὲκ
411 1724 504 1783 τοῦ
543 1723 616 1794 μὴ
647 1723 796 1784 ὄντος
827 1720 1093 1790 γίνεσθαι,
1129 1722 1264 1793 μήτε
1297 1721 1376 1783 είς
1401 1719 1461 1772 τὸ
1488 1719 1560 1790 μὴ
1582 1716 1641 1771 ὃν

55 1817 383 1873 ἀναλύεσθαι
411 1816 521 1886 (15)
552 1816 646 1872 καὶ
676 1813 1028 1877 ἀπόλλυσθαι,
1060 1815 1154 1867 καὶ
1191 1814 1251 1866 τὸ
1296 1813 1364 1866 τὰ
1400 1815 1639 1882 στοιχεῖα

1745 615 1960 686 pientes
2000 619 2226 677 vocant,
2276 612 2333 666 hi
2391 612 2613 684 quidem
2673 614 2778 668 hoc
2827 614 3146 669 universum
3203 633 3330 673 esse

1744 705 2030 761 materiam
2069 711 2123 759 et
2175 702 2370 769 Deum,
2423 713 2482 758 ut
2532 703 2828 759 Platozilli
2874 713 3087 762 atomos
3134 718 3189 762 et
3234 724 3330 764 va-

1744 813 1930 862 cuum,
1991 805 2052 851 ut
2107 795 2417 866 Epicurus;
2477 797 2569 850 alii
2626 797 2742 851 haec
2793 806 3053 867 quatuor,
3121 798 3328 869 ignemI

1744 903 1965 959 aquam,
2014 903 2224 949 aerem.
2264 897 2494 952 terram,
2543 900 2602 945 ut
2657 888 2851 944 Stoici.
2908 888 3127 945 Sufﬁcit
3177 891 3325 946 enim

1744 981 2064 1049 Opinionum
2114 981 2352 1036 maxime
2415 982 2796 1052 praestantium
2859 983 3198 1038 meminisse.
3265 982 3332 1040 Ει

1742 1068 1899 1125 Plato
1938 1070 2160 1142 quidem
2191 1071 2324 1124 dicit
2374 1083 2573 1126 cuncta
2607 1087 2672 1126 ex
2701 1074 2940 1136 materia
2977 1089 3007 1127 a
3043 1073 3151 1130 Deo
3185 1073 3331 1131 facta

1743 1178 1888 1228 esse,
1907 1172 1957 1216 et
1986 1163 2291 1218 secundum
2319 1163 2440 1232 ejus
2464 1163 2866 1232 providentiam
2899 1185 2911 1219 :
2940 1164 3214 1235 Epicurus
3231 1183 3330 1222 au-

1743 1261 1853 1309 tem
1884 1269 2005 1308 cum
2032 1255 2151 1310 suis
2182 1269 2244 1308 ex
2280 1263 2464 1310 atomo
2502 1264 2556 1311 et
2597 1272 2790 1320 vacuo,
2832 1258 3061 1310 fortuita
3087 1259 3326 1328 quadam

1745 1347 1986 1418 ipsorum
2053 1350 2510 1417 corpusculorum
2575 1366 2672 1422 per
2741 1352 3050 1406 naturalem
3116 1363 3328 1408 motum

1745 1441 2141 1496 concursione:
2172 1439 2344 1496 Stoici
2380 1457 2507 1495 vero
2542 1458 2572 1496 e
2605 1451 2840 1511 quatuor
2862 1445 3171 1508 elementis,
3213 1445 3326 1530 Deo

1742 1549 1844 1603 pcr
1872 1533 1989 1603 ipsa
2022 1533 2375 1604 pervadente.
2414 1532 2563 1587 Talis
2599 1536 2763 1604 igitur
2801 1550 2924 1588 cum
2957 1536 3028 1590 sit
3059 1536 3204 1590 inter
3227 1553 3325 1592 eos

1744 1627 2136 1697 discrepantia,
2174 1628 2422 1696 quaedam
2459 1634 2640 1681 tamen
2683 1629 2994 1681 communia
3029 1635 3156 1682 sunt
3198 1644 3322 1682 om-

1746 1719 1895 1772 nium
1925 1720 2064 1774 scita
2096 1718 2241 1788 apud
2283 1719 2434 1787 ipsos
2480 1719 2535 1771 in
2578 1718 2873 1775 confesso:
2902 1737 3067 1775 unum
3099 1722 3322 1791 quidem

1745 1810 1799 1864 id
1834 1811 1979 1880 quod
2015 1817 2118 1873 est,
2158 1825 2338 1880 neque
2370 1826 2436 1864 ex
2470 1826 2558 1875 eo,
2595 1810 2745 1880 quod
2776 1827 2885 1865 non
2915 1821 3019 1871 est.
3058 1813 3197 1878 ﬁeri,
3222 1828 3324 1867 ne-

54 1909 310 1980 ᾶφθαρτα
343 1907 634 1979 ὑπάρχειν,
658 1906 715 1972 ἐξ
735 1898 809 1959 ὧν
843 1908 876 1976 ἡ
911 1905 1142 1960 ἑκάστου
1179 1904 1502 1975 πράγματος
1525 1905 1588 1973 (1ι

1801 1916 1848 1953 te
1897 1901 1950 1954 in
1998 1901 2074 1965 id,
2111 1901 2257 1969 quod
2301 1909 2550 1964 nonest,
2597 1901 2825 1956 dissolvi
2877 1910 2930 1956 et
2977 1902 3236 1970 interire;
3271 1911 3326 1957 et

53 2001 268 2069 γένεσίς
296 2002 439 2052 ἐστι.
478 1998 694 2050 Τούτων
728 1994 821 2050 οὖν
847 1996 1020 2061 οὕτως
1043 1997 1294 2066 ἐχόντων,
1331 1994 1473 2051 κατά
1505 1995 1641 2049 πάν-

52 2111 146 2157 τας
187 2093 391 2155 αὕτοὺς
436 2093 733 2162 φανήσεται
772 2089 976 2160 δυνατὴ
1013 2091 1045 2159 ὴ
1079 2088 1179 2158 τῆς
1217 2089 1418 2162 σαρκὸς
1467 2088 1641 2159 ὑπάρ-

51 2203 164 2256 χειν
200 2183 611 2253 παλιγγενεσία.
655 2181 780 2239 Εἴτε
815 2181 922 2254 γὰρ
961 2181 1101 2234 κατά
1137 2179 1396 2233 Πλάτωνά
1426 2181 1571 2232 ἐστιν
1603 2181 1636 2250 ἡ

54 2276 148 2347 ὕλη
186 2275 282 2333 καὶ
317 2275 472 2338 Θεὸς,
508 2275 795 2345 ἀμφότερα
838 2272 1012 2326 ταῦτα
1045 2271 1328 2342 ἄφθαρτα·
1366 2270 1457 2324 καὶ
1490 2273 1517 2321 ὁ
1543 2271 1640 2340 μὲν

51 2369 181 2432 Θεὸς
216 2367 406 2438 ἐπέχει
431 2367 596 2421 τόπον
641 2365 906 2436 τεχνίτου,
943 2359 1053 2417 οἷον
1088 2363 1358 2417 πλάστου·
1398 2363 1505 2433 ἡδὲ
1539 2361 1640 2432 ὕλη

53 2461 238 2529 ἐπέχει
271 2459 439 2512 τόπον
489 2457 681 2528 πηλοῦ,
723 2457 756 2528 ἢ
799 2455 993 2531 κηροῦ,
1029 2456 1062 2526 ἢ
1098 2455 1336 2508 τοιούτου
1370 2453 1532 2518 τινός.
1568 2453 1642 2506 Τὸ

55 2547 152 2618 μὲν
195 2544 289 2604 οὖν
328 2550 394 2600 ἐκ
437 2548 537 2618 τῆς
588 2546 719 2615 ὕλης
759 2547 1043 2622 γινόμενον
1077 2544 1311 2615 φθαρτὸν
1346 2545 1641 2617 πλάσμα,ὁ

52 2639 275 2711 ἀνδριὰς
300 2639 332 2709 ἢ
366 2637 530 2691 εἰκών
550 2655 562 2667 ο
593 2641 624 2708 ὴ
661 2638 718 2690 δὲ
750 2637 847 2708 ὕλη
890 2635 1026 2708 αύτὴ
1083 2635 1374 2707 ἄφθαρτος,
1396 2631 1506 2688 οἷον
1537 2653 1642 2706 πη-

51 2731 159 2794 λὸς,
195 2731 228 2801 ἢ
265 2731 458 2801 κηρὸς,
498 2731 530 2801 ἢ
565 2730 692 2784 ἄλλο
736 2748 788 2783 τι
823 2728 1064 2784 τοιοῦτον
1099 2725 1239 2792 εἶδος
1267 2728 1421 2800 ὕλης.
1453 2727 1640 2791 Οὕτως

50 2822 78 2874 ό
106 2823 358 2894 πλάστης
386 2824 452 2875 ὲκ
485 2820 577 2875 τοῦ
609 2820 781 2893 κηροῦ
896 2819 1070 2892 πηλοῦ
1106 2821 1354 2884 πλάσσει,
1389 2819 1484 2874 καὶ
1510 2819 1640 2883 ζωο-

52 2917 196 2966 ποιεῖ
242 2913 386 2983 ζώου
421 2915 670 2986 μορφήν·
701 2913 881 2977 πάλιν,
919 2912 1014 2966 ἐὰν
1046 2912 1268 2986 διαλυθῇ
1303 2911 1364 2964 τὸ
1393 2911 1637 2982 πλάσμα,

50 3005 150 3061 οὐκ
177 3004 444 3057 ἀδύνατον
476 3003 624 3075 αὕτῷ
656 3006 792 3068 ἐστι,
823 3003 921 3076 τὴν
957 3003 1128 3075 αὐτὴν
1164 3000 1297 3073 ὕλην
1327 3001 1638 3071 ἁναφύραν-

50 3113 100 3152 τι
134 3097 229 3150 καὶ
282 3095 748 3166 καινοποιήσαντι,
793 3095 855 3148 τὸ
912 3095 1043 3152 αὐτὸ
1104 3094 1329 3164 πλάσμα
1391 3093 1636 3164 ποιῆσαι.

50 3187 206 3242 Οὕτω
245 3188 390 3244 κατά
441 3188 722 3251 Πλάτωνα,
766 3187 887 3241 οὐδὲ
923 3186 1000 3258 τῷ
1032 3187 1150 3258 Θεῷ
1194 3185 1456 3257 ἀφθάρτῳ
1502 3184 1635 3250 ὄντι,

50 3278 328 3350 ἄφθαρτον
385 3279 560 3349 ἔχοντι
617 3279 712 3332 καὶ
768 3281 868 3351 τὴν
922 3279 1051 3349 ὕλην
1098 3278 1192 3332 τοῦ
1230 3277 1290 3343 ἐξ
1320 3277 1490 3347 αὐτῆς
1522 3276 1631 3348 (15)

49 3370 341 3442 γενομένου
397 3371 711 3441 πλάσματος
771 3369 1134 3434 διαλυθέντος,
1176 3369 1437 3422 ἀδύνατόν
1485 3370 1634 3421 ὲστιν

47 3459 538 3528 ἀνακαινοποιῆσαι
577 3460 739 3514 πάλιν
783 3460 974 3531 αὐτὴν,
1027 3461 1119 3513 καὶ
1164 3460 1385 3528 ποιῆσαι
1412 3457 1473 3513 τδ
1501 3459 1631 3512 αὐτὸ

49 3551 276 3622 πλάσμα
315 3555 500 3605 ὁποῖον
528 3547 594 3623 ἦν
627 3552 719 3605 καὶ
761 3553 820 3605 τὸ
852 3554 1134 3626 πρότερον.
1178 3552 1336 3606 Ἀλλά
1367 3554 1471 3626 μὴν
1492 3553 1632 3606 κατὰ

48 3644 174 3706 τοὺς
201 3645 480 3708 Στωϊκοὺς
517 3645 580 3696 ὲκ
620 3645 719 3715 τῆς
749 3644 857 3698 τῶν
884 3644 1163 3715 τεσσάρων
1199 3644 1475 3714 στοιχείων
1508 3644 1636 3717 κρά-

48 3751 188 3798 σεως
211 3735 496 3806 γινομένου
531 3735 624 3788 τοῦ
651 3735 918 3804 σώματος,
943 3737 1035 3788 καὶ
1057 3735 1408 3806 διαλυομένου
1443 3736 1630 3789 τούτου

45 3829 127 3890 είς
172 3826 240 3879 τὰ
293 3827 558 3898 τέσσαρα,
595 3828 1021 3897 παραμενόντων
1061 3827 1266 3880 τούτων
1318 3826 1630 3899 ἀφθάρτων,

43 3917 270 3972 δυνατόν
305 3921 422 3972 ἐστι
457 3919 620 3975 πάλιν
667 3919 733 3972 τὰ
777 3919 1018 3991 τέσσαρα
1050 3923 1309 3991 στοιχεῖα,
1338 3920 1436 3990 τὴν
1465 3917 1632 3989 αὐτὴν

47 4009 195 4079 μίξιν
232 4010 328 4063 καὶ
360 4011 556 4082 κράσιν
589 4010 820 4063 λαϐόντα
858 4010 967 4083 (16)
998 4012 1106 4064 ἀπὸ
1143 4011 1236 4064 τοῦ
1261 4011 1536 4082 διήκοντος
1566 4011 1632 4062 δι’

42 4099 228 4154 αὐτῶν
262 4100 422 4165 Θεοῦ,
456 4101 678 4172 ποιῆσαι
722 4101 751 4153 ὃ
798 4103 1062 4173 πρότερον
1106 4103 1396 4171 πεποιήκει
1445 4101 1630 4170 σῶμα·

42 4190 238 4264 ὥσπερ
271 4191 326 4245 ετ
361 4209 445 4256 τις
495 4194 558 4246 ὲκ
604 4192 805 4264 χρυσοῦ
841 4195 936 4246 κα)⁸
983 4193 1245 4264 ἀργύρου,
1283 4193 1376 4246 καὶ
1408 4192 1630 4262 χαλκοῦ,

41 4288 141 4339 καὶ
175 4285 502 4358 κασσιτέρου
537 4288 752 4356 ποιήσει
791 4283 1195 4376 μίγμα,ἔπειξα
1223 4283 1438 4355 θελήσει
1471 4283 1632 4336 πάλιν

40 4377 314 4443 διαλῦσαι,
346 4377 486 4431 ὥστε
520 4377 658 4431 κατὰ
708 4377 842 4429 ἰδίαν
872 4377 1107 4430 ἕκαστον
1129 4372 1304 4429 εἶναι·
1340 4375 1435 4428 καὶ
1472 4375 1634 4430 πάλιν

42 4471 228 4540 μίξας,
261 4471 310 4523 εί
344 4469 558 4540 θελήσει
590 4469 722 4540 (l7),
754 4469 820 4521 τά
855 4469 1015 4532 αὐτὰ,
1057 4469 1272 4538 ποιήσει
1306 4466 1334 4519 ὃ
1367 4467 1634 4539 πρότερον

1745 1993 1900 2055 illud,
1937 1993 2205 2047 elementa
2238 2008 2360 2048 esse
2391 1995 2731 2063 incorrupta,
2762 2011 2826 2050 ex
2877 1995 3078 2067 quibus
3110 1996 3188 2050 rei
3223 2011 3324 2050 cu-

1740 2085 1943 2159 jusque
1995 2086 2056 2139 ﬁt.
2107 2087 2411 2156 generatio.
2446 2085 2545 2141 Bis
2599 2102 2730 2156 ergo
2766 2086 2842 2140 ita
2875 2103 2932 2141 se
2967 2087 3321 2150 habentibus,

1744 2177 2025 2247 possibilis
2067 2178 2212 2247 apud
2261 2178 2386 2235 illos
2420 2193 2612 2234 omnes
2646 2179 2930 2251 apparebit
2958 2179 3141 2234 carnis
3169 2193 3326 2249 rege-

1743 2267 1978 2322 neratio.
2019 2267 2146 2324 Sive
2175 2269 2319 2326 enim
2356 2269 2427 2323 sit
2460 2270 2688 2326 materia
2721 2278 2773 2323 et
2806 2268 2948 2324 Deus
2982 2283 3044 2323 ex
3078 2268 3324 2331 Platonis

1745 2361 2051 2427 sententia,
2080 2370 2374 2432 utrumque
2406 2363 2782 2432 incorruptum
2815 2377 2911 2417 :ac
2936 2361 3080 2418 Deus
3102 2361 3323 2432 quidem

1745 2450 1976 2508 artiﬁcis
2022 2451 2203 2504 locum
2246 2460 2416 2515 tenet,
2454 2458 2584 2521 puta
2636 2451 2879 2516 fictoris;
2914 2452 3141 2505 materia
3195 2465 3325 2505 vero

1742 2544 1925 2598 locum
1978 2543 2080 2597 luti
2131 2544 2245 2597 aut
2277 2559 2436 2608 cerae,
2470 2550 2563 2597 aut
2620 2543 2745 2598 talis
2799 2543 3128 2613 cujuspiam.
3166 2542 3328 2608 Quod

1743 2636 1910 2708 igitur
1935 2651 1965 2689 e
1998 2636 2226 2690 materia
2264 2635 2585 2706 figmentum
2622 2636 2824 2690 factum
2855 2644 2959 2699 est,
2991 2651 3086 2691 seu
3119 2642 3322 2700 statua,

1743 2742 1839 2783 seu
1863 2729 2064 2797 imago,
2102 2728 2441 2798 corruptioni
2476 2728 2773 2782 obnoxium
2799 2734 2913 2795 est;
2943 2728 3170 2782 materia
3195 2742 3326 2781 vero

1743 2818 1884 2888 ipsa,
1912 2827 1974 2874 ut
2002 2821 2179 2878 lutum
2214 2829 2309 2874 aut
2357 2836 2504 2883 cera,
2537 2822 2718 2876 aliave
2751 2821 2878 2876 talis
2912 2821 3124 2891 species
3152 2828 3327 2874 mate-

1743 2912 1857 2974 riae,
1893 2912 2232 2982 incorrupta.
2274 2913 2353 2966 lta
2405 2911 2563 2967 ﬁctor
2590 2929 2655 2968 ex
2687 2927 2815 2967 cera
2868 2923 2962 2966 aut
3006 2913 3121 2966 luto
3172 2911 3328 2982 ﬁngit

1742 3011 1796 3058 et
1824 3003 1892 3058 ad
1919 3005 2104 3059 vivum
2137 3005 2370 3059 formam
2405 3007 2664 3076 exprimit
2704 3005 2956 3060 animalis
2987 3025 2998 3059 :
3025 3019 3329 3074 rursusque

1745 3095 1791 3150 si
1826 3096 2145 3166 ﬁgmentum
2169 3097 2502 3156 dissolutum
2535 3096 2720 3161 fuerit,
2760 3099 2810 3151 ei
2840 3111 3185 3167 nequaquam
3223 3096 3328 3150 im-

1744 3189 2008 3258 possibile
2037 3188 2143 3243 erit
2179 3189 2429 3242 eamdem
2457 3186 2714 3242 miscenti
2743 3200 2808 3240 ac
2834 3187 3120 3250 renovanti
3153 3193 3329 3240 mate«

1743 3280 1904 3346 riam,
1947 3280 2267 3350 ﬁgmentum
2324 3279 2469 3334 idem
2525 3278 2772 3333 reﬁcere.
2810 3277 2994 3344 Quare
3026 3277 3327 3334 secundum

1741 3372 2047 3436 Platonem,
2076 3388 2254 3442 neque
2287 3371 2418 3435 Deo,
2452 3372 2545 3441 qui
2571 3371 2928 3440 incorruptus
2949 3377 3034 3426 est
3063 3378 3115 3425 et
3145 3371 3329 3424 incor-

1745 3473 1960 3535 ruptam
2007 3465 2172 3519 habet
2222 3465 2532 3528 materiam,
2584 3463 2744 3532 592
2802 3461 3144 3532 impossibile
3197 3462 3324 3525 erit,

1741 3566 2034 3629 postquam
2070 3558 2276 3611 factum
2311 3573 2376 3612 ex
2408 3571 2471 3611 ea
2498 3551 2817 3626 ﬁgmentum
2849 3555 3173 3610 dissolutum
3203 3553 3327 3609 fue-

1740 3652 1833 3715 rit,
1856 3665 1976 3704 eam
2008 3665 2296 3712 renovare,
2332 3664 2396 3703 ac
2432 3649 2751 3718 ﬁgmentum
2789 3647 2953 3709 idem,
2986 3646 3147 3716 quale
3167 3646 3325 3716 prius

1741 3742 1939 3807 fuerat,
1976 3743 2309 3798 instaurare.
2350 3742 2457 3797 Sed
2482 3751 2537 3798 et
2559 3741 2862 3798 secundum
2908 3739 3150 3806 Stoicos,
3193 3756 3320 3796 cum

1739 3849 1940 3904 corpus
1968 3849 1998 3888 e
2027 3840 2266 3903 quatuor
2311 3834 2708 3888 elementorum
2759 3830 3141 3886 commistione
3204 3830 3322 3885 for—

1737 3931 1944 3978 matum
1995 3921 2183 3988 fuerit,
2219 3923 2266 3977 si
2300 3924 2356 3977 in
2387 3923 2480 3977 illa
2511 3931 2747 3993 quatuor
2777 3923 3084 3978 resolutum
3129 3919 3320 3985 fuerit,

1737 4015 2076 4086 incorruptis
2100 4016 2208 4070 illis
2241 4017 2693 4083 remanentibus;
2729 4014 2992 4086 possibile
3019 4022 3105 4069 est
3126 4029 3322 4068 rursus

1738 4114 1975 4176 quatuor
2007 4106 2302 4168 elementa,
2334 4104 2582 4160 eamdem
2614 4105 3052 4159 commistionem
3086 4117 3151 4165 ac
3185 4111 3323 4158 tem-

1737 4207 2116 4272 peramentum
2150 4210 2179 4250 a
2213 4195 2324 4252 Deo
2352 4197 2688 4268 pervadente
2734 4195 3080 4266 accipientia,
3109 4192 3324 4248 efficere

1739 4291 1792 4344 id
1828 4288 1973 4360 quod
2002 4290 2157 4359 prius
2190 4287 2440 4344 fecerant
2467 4303 2670 4358 corpus
2707 4307 2719 4341 :
2753 4285 3240 4356 quemadmodum,
3275 4286 3321 4340 si

1737 4384 1862 4452 quis
1886 4396 1951 4434 ex
1988 4395 2125 4433 auro
2155 4385 2209 4435 et
2257 4389 2484 4450 argento
2525 4386 2578 4433 et
2611 4393 2719 4433 tere
2757 4385 2810 4432 et
2852 4386 3048 4432 stanno
3097 4375 3325 4429 mistum

1737 4469 1962 4542 aliquod
2003 4469 2189 4533 faciat,
2224 4485 2290 4526 ae
2321 4469 2519 4524 deinde
2557 4469 2688 4523 velit
2727 4467 2861 4522 illud
2896 4466 3220 4529 dissolvere,
3246 4465 3326 4518 ita

37 4565 338 4633 πεποιήκει
373 4562 431 4628 ἐξ
471 4562 648 4615 αὐτῶν
684 4562 883 4631 μίγμα.
919 4562 1030 4614 Καὶ
1064 4561 1205 4613 κατά
1251 4559 1342 4611 τὸν
1379 4560 1588 4613 Ἐπίκοι

1837 4577 2007 4617 unum
2052 4561 2312 4632 quodque
2344 4576 2594 4617 seorsum
2642 4561 2908 4626 exsistat;
2939 4573 3245 4628 rursusque
3272 4558 3332 4612 si.

39 4670 140 4724 ρον
166 4653 246 4718 δὲ,
288 4653 396 4707 τῶν
425 4654 641 4725 ἀτόμων
677 4653 972 4730 ἀφθάρτων
1002 4652 1176 4706 οὐσῶν
1210 4651 1422 4704 καὶτοῦ
1451 4651 1629 4715 κενοῦ,

36 4745 195 4817 παρά
226 4746 328 4822 τὴν
362 4747 520 4800 ποιὰν
555 4746 708 4812 τάξιν
749 4746 1014 4800 καὶθέσιν
1045 4746 1152 4798 τῶν
1186 4744 1407 4815 ἀτόμων
1438 4760 1630 4797 συντεη

37 4834 311 4906 θειμὲνων
357 4836 565 4904 γίνεται
616 4837 686 4890 τά
738 4853 798 4888 τε
852 4836 987 4891 ἄλλα
1039 4823 1389 4907 συγκρίματα
1446 4835 1635 4890 καὶτὸ

35 4927 231 4999 σῶμαο
258 4929 436 5000 χρόνῳ
455 4929 511 4982 δὲ
531 4928 876 4998 διαλυόμενον
899 4927 1032 4998 (18),
1063 4927 1335 4981 διαλύεται
1359 4925 1522 4978 πάλιν
1551 4927 1629 4989 εἰς

30 5017 139 5082 τὰς
195 5020 454 5090 ἀτόμους,
491 5019 549 5086 ἐξ
605 5012 680 5073 ὧν
735 5020 828 5073 καὶ
855 5013 1117 5090 λὲγένετον,
1171 5019 1386 5073 Τούτων
1438 5037 1628 5089 μενου-

31 5109 153 5163 σῶν
188 5107 298 5182 (19)
333 5110 647 5182 ἀφθάρτων,
678 5109 827 5162 οὐδὲν
857 5110 1116 5165 ἀδύνατόν
1155 5113 1291 5176 ἐστι,
1342 5111 1629 5166 συνελθουσ-

113 5264 225 5335 (15)
272 5265 658 5321 Ἄναλύεσθαι
696 5264 793 5320 καὶ
837 5265 1242 5322 ἀπόλλυσθαι.
1293 5265 1392 5320 Ms.
1437 5267 1516 5331 εἰς
1561 5265 1622 5318 τὸ

29 5335 131 5408 μὴν
147 5335 208 5408 δν
237 5336 591 5408 ἀπόλλυσθαι.

114 5403 224 5477 (14)
255 5405 624 5477 Πράγματος.
663 5404 825 5460 Deest
856 5421 919 5461 ea
948 5419 1052 5460 vox
1081 5407 1134 5459 in
1184 5403 1308 5459 cod.
1355 5421 1458 5459 ms.
1497 5405 1619 5464 Mox

24 5475 184 5532 idem
207 5475 425 5530 τούτων
453 5478 652 5529 τοίνυν.

113 5545 227 5612 (ιε)
268 5546 360 5610 Ἐξ
394 5545 605 5614 αὐτῆς.
632 5545 770 5601 Male
799 5545 852 5599 in
887 5545 1050 5600 editis
1090 5545 1147 5610 εξ
1179 5544 1364 5598 αὑτοῦ.

106 5615 218 5687 (16)
252 5617 541 5687 Λαϐόντα.
605 5616 748 5669 Editi
795 5615 1160 5687 λαμϐάνοντα.
1221 5614 1342 5668 Mox
1392 5631 1459 5669 ex
1506 5631 1615 5687 _ms.

20 5685 227 5807 plodict:
280 5686 630 5757 desumptum
684 5686 816 5740 illud
847 5685 916 5740 δι’
951 5687 1151 5749 αὐτῶν,
1175 5687 1321 5754 quod
1352 5686 1407 5739 in
1456 5685 1622 5740 editis

68 5770 200 5807 cera
232 5797 246 5807 .

68 5763 246 5811 eerat.
1464 5809 1466 5812 .

110 5824 222 5898 (17)
259 5828 326 5882 Et
357 5826 619 5895 θελήσει.
649 5827 773 5884 llaec
795 5828 1083 5900 desumpta
1117 5843 1181 5884 ex
1217 5825 1340 5883 cod.
1363 5842 1466 5882 ms.
1497 5826 1618 5885 Mox

1731 4656 1883 4718 velit,
1919 4653 2108 4709 eadem
2149 4654 2541 4718 commiscens,
2600 4652 2744 4707 idem
2800 4668 2864 4706 ex
2915 4651 3025 4704 illis
3091 4651 3321 4705 mistum

1731 4747 1918 4810 faciet,
1939 4747 2085 4816 quod
2112 4753 2238 4800 ante
2271 4744 2604 4801 confecerat.
2636 4743 2841 4798 Deinde
2865 4742 3167 4798 secundum
3194 4740 3326 4812 Epi~

1731 4854 1951 4902 eurum,
1987 4854 2111 4892 cum
2147 4838 2314 4892 atomi
2361 4844 2414 4891 et
2446 4851 2683 4890 vacuum
2718 4835 3036 4904 incorrupta
3073 4833 3219 4901 sint,
3253 4849 3320 4890 ex

1733 4932 1933 4985 atomis
1972 4939 2123 4985 certo
2176 4931 2367 4984 ordine
2421 4938 2474 4985 et
2527 4931 2635 4986 situ
2669 4928 3012 4998 compositis,
3045 4943 3170 4982 cum
3201 4926 3320 4980 alia:

1733 5022 2114 5076 concretiones
2141 5022 2300 5085 fiunt,
2329 5030 2443 5075 tum
2467 5023 2628 5076 etiam
2649 5036 2852 5090 corpus
2879 5038 2890 5073 :
2916 5019 3062 5090 quod
3095 5018 3316 5088 quidem

1732 5121 1980 5184 tempore
2029 5114 2361 5169 dissolutum
2417 5115 2714 5170 resolvitur
2743 5115 2798 5168 in
2831 5113 3050 5170 easdem
3079 5119 3316 5173 atomos,

1730 5267 1898 5341 idem
1940 5271 2184 5341 ποιῆσαι,
2238 5269 2334 5327 sed
2387 5271 2744 5327 scribendum
2790 5271 3009 5326 videtur
3059 5268 3308 5335 ποιήσαι.

1733 5335 1995 5413 Spicllcg.
2032 5335 2262 5413 ποιήσῃ.
2293 5341 2545 5396 Parallel.
2574 5344 2808 5413 ποιήσειἒ

1802 5407 1914 5487 (18)
1943 5399 2160 5487 VXpdrqf
2205 5399 2273 5487 δέ
2333 5399 2752 5487 διαλυόμενοῇ
2790 5406 3158 5487 Εᾱίξίᾼχρόνιρ
3194 5405 3314 5487 ,μὲν

1725 5476 2094 5552 διαλυόμενον.
2118 5476 2288 5537 Paulo
2315 5492 2440 5553 post
2471 5476 2612 5537 idem
2644 5481 2798 5544 τάξιν
2828 5476 3090 5532 καὶθέσιν
3121 5477 3332 5531 λαϐόνο-

1724 5560 1902 5625 τες-ει
1933 5553 2182 5625 συνάγων
2206 5555 2306 5625 ούκ
2338 5553 2680 5625 ἀδυνατήσει.
2793 5620 2810 5625 _
3021 5619 3055 5625 __
3155 5615 3186 5625 η
3236 5615 3245 5625 _

1800 5621 1909 5692 (l9)
1943 5615 2324 5677 Μένόὺσῶν.
2356 5623 2430 5677 Ex
2462 5615 2763 5676 mutatione
2788 5620 2900 5692 fere
2944 5619 3093 5692 nulla
3139 5615 3315 5669 divise

1727 5689 1921 5762 scripsi
1981 5695 2272 5764 lectionem
2301 5695 2574 5764 vulgatam
2611 5691 2909 5761 μενουσῶν,
2941 5689 3110 5746 etiam
3144 5699 3316 5761 supra

1725 5763 1853 5830 ἀφθ.
1888 5764 2080 5819 οὐσῶν.
2119 5762 2298 5819 Οττο.
