3662 6490
340 419 481 478 1583

1567 428 1931 486 ΑΡΡΕΝΟΙΧ.
1975 463 2035 471 --
2081 431 2263 487 PARS
2302 432 2364 488 ll.

3481 441 3580 497 liii-il

333 536 637 606 exquibus
687 537 893 596 factum
947 541 1147 599 fuerat.
1187 541 1284 600 liis
1329 553 1511 601 autem
1561 548 1826 610 manentil

2070 553 2129 605 ὒν
2164 554 2326 606 πάλιν
2356 555 2450 607 καὶ
2477 555 2576 626 τὴν
2605 556 2774 628 αὐτὴν
2811 556 2959 609 θέσιν
2992 557 3090 611 καὶ
3123 556 3287 620 τάξιν
3327 557 3578 618 λαῧουσῷν,

335 627 668 701 incorruptis
688 632 1025 703 impossibile
1049 651 1159 690 non
1189 643 1274 692 est
1305 646 1364 691 ut
1385 653 1607 693 rursum
1638 650 1920 706 coeuntes,

333 739 399 777 ac
439 725 693 780 eumdem
729 729 977 783 ordinem
1019 739 1074 785 et
1107 732 1271 787 situm
1304 735 1663 804 accipientes,
1697 753 1918 807 corpus,

332 817 480 887 quod
510 832 576 872 ex
601 818 682 873 eis
709 818 908 874 factum
940 821 1139 888 fuerat,
1173 823 1412 880 eﬁiciant
1441 827 1585 881 idem
1617 837 1672 882 et
1707 829 1916 884 simile:

333 912 478 966 sicut
529 911 576 966 si
630 914 972 970 lessel‘larius
1001 931 1068 969 ex
1104 919 1393 975 tesserulis
1454 919 1621 992 ﬁngat
1667 923 1921 979 animalis

334 1001 598 1073 formam;
652 1007 848 1062 deinde
899 1008 1007 1064 illis
1041 1011 1183 1064 vela
1223 1020 1488 1083 tempore,
1527 1013 1612 1068 vel
1649 1015 1718 1069 ab
1772 1015 1921 1086 ipso-

330 1103 441 1149 met
475 1095 779 1161 dissolutis,
837 1099 1062 1154 easdem
1115 1101 1396 1172 dispersas
1429 1104 1734 1176 recolligat,
1772 1106 1917 1161 haud

332 1189 408 1244 illi
445 1192 791 1263 impossibile
826 1193 1012 1259 fuerit,
1068 1195 1179 1252 illis
1232 1198 1478 1256 collectis
1521 1214 1584 1254 ac
1642 1201 1915 1268 similiter,

330 1292 391 1338 ut
446 1289 630 1355 prius,
688 1285 1011 1356 dispositis,
1062 1290 1312 1344 eamdem
1365 1292 1619 1348 animalis
1680 1292 1915 1347 formam

329 1387 746 1450 repraasentare.
778 1378 848 1431 At
883 1376 1027 1434 Deus
1058 1379 1329 1435 dissoluta
1361 1397 1391 1434 a
1424 1398 1482 1436 se
1512 1382 1748 1436 invicem
1788 1398 1913 1435 car-

327 1471 415 1526 nis
459 1471 706 1525 memhra
758 1472 1044 1543 colligens,
1089 1490 1200 1528 non
1247 1475 1446 1544 poterit
1478 1491 1679 1546 corpus
1736 1474 1916 1531 facere

325 1563 468 1619 idem
495 1565 565 1629 ei,
591 1565 739 1635 quod
765 1566 919 1635 prius
945 1566 1192 1621 fecerat?

396 1657 508 1714 ΥΠ.
545 1658 622 1713 Ae
657 1659 976 1729 possibilem
1009 1658 1232 1730 quidem
1267 1670 1390 1710 esse
1423 1658 1607 1710 carnis
1673 1669 1916 1716 resurre-

326 1744 585 1810 ctionem,
621 1750 806 1804 satisa
850 1765 935 1805 me
959 1761 1152 1805 contra
1218 1747 1470 1802 inﬁdeles
1519 1748 1630 1819 (Ξὲ)
1681 1749 1911 1805 demon-

324 1847 581 1895 stratum.
613 1839 768 1906 Quod
806 1841 852 1895 si
885 1856 952 1896 ex
984 1841 1284 1896 inﬁdelium
1313 1842 1583 1896 sententia
1626 1858 1735 1897 non
1761 1843 1910 1899 inve-

2027 647 2252 716 ποιῆσαι
2292 647 2320 699 ὃ
2376 646 2640 718 πρότερον
2690 648 2928 716 ἐγεγόνει
2979 647 3039 713 ἐξ
3090 648 3280 701 αὐτῶν
3324 648 3488 718 σῶμα,
3514 653 3584 704 καὶ

2027 738 2247 808 ὅμοιον·
2282 737 2475 810 ὥσπερ
2521 737 2575 790 εἴ
2609 757 2691 802 τις
2731 739 3048 810 ψηφοθέτης
3078 741 3145 791 ἐκ
3187 739 3387 809 ψήφων
3414 744 3583 809 ποιήσει

1970 869 1981 884 .
2026 828 2167 893 ζώου
2207 831 2443 901 μορφὴν,
2495 830 2681 882 ἔπειτα
2730 830 2934 883 τούτων
2970 831 3082 884 ἀπὸ
3121 832 3324 902 χρόνου
3352 830 3584 885 διαλυθέν-

2024 941 2150 986 των,
2186 924 2218 995 ἦ
2269 925 2361 976 ὑπ’
2395 923 2557 976 αὐτοῦ
2605 923 2699 977 τοῦ
2739 926 3088 996 ποιήσαντος,
3127 924 3234 987 τὰς
3275 924 3439 986 αὑτάς
3477 926 3584 995 ἔχων

2022 1015 2238 1086 ψήφους
2276 1016 2717 1086 ἐσκορπισμένας
2769 1015 3056 1088 συναγάγῃ
3108 1015 3254 1086 (20),
3290 1017 3390 1069 οὐκ
3429 1017 3585 1069 ἀδυνα-

2021 1109 2174 1178 τήσει
2219 1107 2475 1174 συλλέξας
2519 1108 2706 1172 αὐτὰς,
2744 1110 2839 1162 καὶ
2879 1108 3088 1171 διαθεὶς
3124 1109 3362 1178 ὁμοίιος,
3401 1109 3585 1178 ποιῆται

2020 1198 2080 1250 τὸ
2121 1199 2251 1251 αὐτὸ
2297 1195 2435 1264 εἶδος
2484 1199 2576 1252 τοῦ
2613 1199 2772 1264 ζώου.
2813 1201 2871 1251 Ὀ
2915 1200 2971 1252 δὲ
3018 1200 3159 1263 Θεὸς
3194 1199 3515 1254 ἀναλυθέντα
3537 1203 3587 1255 τὰ

2024 1291 2158 1362 μέλη
2205 1291 2304 1361 τῆς
2349 1293 2548 1363 σαρκὸς
2589 1293 2682 1345 ἀπ’
2714 1293 2960 1363 ἀλλήλων
3017 1295 3081 1346 οὐ
3125 1294 3420 1365 δυνήσεται
3455 1295 3584 1346 πάλιν

2022 1383 2272 1451 συνάγων
2307 1385 2418 1456 (‘21)
2457 1385 2678 1455 ποιῆσαι
2713 1385 2773 1438 τὸ
2797 1386 2929 1438 αὐτὸ
2959 1386 3038 1456 τῷ
3072 1387 3352 1458 πρότερον
3379 1387 3586 1455 γεγε-,ὁτι

2019 1475 2109 1526 ὑπ’
2139 1477 2304 1530 αὑτοῦ
2337 1476 2545 1547 σώματι
2565 1494 2577 1541 ;

2099 1657 2258 1710 Ἀλλά
2294 1657 2402 1730 γὰρ
2427 1659 2454 1709 ὁ
2487 1659 2586 1728 μὲν
2626 1659 2752 1729 περὶ
2786 1658 2879 1712 τοῦ
2913 1660 3156 1732 δυνατὴν
3205 1655 3350 1712 εἶναι
3381 1659 3471 1731 τὴν
3506 1659 3582 1728 τῆς

2019 1751 2219 1820 σαρκὸς
2270 1750 2563 1804 ανάστασιν
2624 1750 2806 1814 ἱκανὸς
2859 1753 3254 1806 ἀποδέδεικταί
3313 1771 3401 1824 μοι
3456 1752 3582 1820 λόγος

2015 1842 2156 1894 κατά
2203 1842 2328 1904 τοὺς
2369 1840 2633 1905 ἐθνικούς.
2682 1843 2743 1894 Εἰ
2787 1842 2843 1896 δὲ
2878 1843 3023 1897 κατὰ
3056 1845 3192 1908 τοὺς
3223 1844 3481 1907 ἀπίστους
3505 1847 3579 1914 οὐχ

322 1932 472 1987 nitur
500 1933 862 2004 impossibilis
897 1951 1022 1990 esse
1053 1935 1239 1990 carnis
1283 1935 1660 1994 resurrectio:
1697 1951 1826 2006 qua:

2079 1933 2324 2005 ρίσκεται
2369 1933 2628 1998 ἀδύνατος
2670 1935 2702 2006 ἡ
2733 1935 3036 1999 ἀνάστασις
3071 1938 3178 2008 τῆς
3219 1936 3439 2008 σαρκὸς,
3462 1938 3580 2005 πόσῳ

324 2025 500 2096 magis
527 2024 828 2081 secundum
871 2024 1092 2081 ﬁdeles?
1121 2025 1325 2094 Deinde
1354 2043 1518 2098 porro
1561 2042 1743 2083 sermo
1774 2030 1909 2086 mihi

323 2117 393 2173 ad
426 2134 520 2174 eos
554 2119 961 2182 convertendus
989 2127 1094 2185 est,
1135 2120 1226 2191 qui
1261 2135 1484 2176 carnem
1516 2121 1805 2188 infamant,
1843 2140 1908 2180 ac

321 2211 546 2282 dignam
571 2228 682 2268 non
717 2228 840 2268 esse
871 2212 1064 2268 dicunt
1102 2214 1530 2278 resurrectione,
1565 2230 1667 2270 nec
1695 2215 1907 2271 ccelesti

319 2304 541 2359 civitate
567 2324 581 2359 :
614 2306 850 2376 primum
873 2305 1094 2375 quidem
1116 2305 1246 2375 quia
1274 2305 1583 2362 substantia
1613 2307 1732 2378 ejus
1759 2315 1907 2363 terra

317 2407 437 2465 est;
476 2398 678 2453 deinde
734 2396 996 2468 quoniam
1050 2397 1294 2468 peccatis
1348 2408 1432 2456 est
1490 2402 1672 2471 plena,
1721 2401 1796 2456 ita
1846 2409 1906 2457 ut

318 2491 558 2546 animam
593 2506 812 2562 quoque
858 2506 1046 2546 secum
1108 2508 1336 2562 peccare
1388 2503 1568 2565 cogat.
1636 2493 1906 2550 Videntur

316 2593 502 2640 autem
547 2585 640 2641 isti
694 2584 951 2655 ignorare
987 2583 1307 2640 universam
1372 2584 1467 2641 Dei
1526 2586 1902 2657 operationem

315 2689 368 2735 et
424 2678 661 2750 primam
708 2678 949 2733 hominis
1007 2679 1346 2735 creationem
1402 2688 1456 2734 et
1489 2678 1897 2746 formationem,

311 2784 365 2828 et
419 2790 484 2829 ea
537 2788 659 2845 qua:
712 2773 768 2827 in
824 2771 1032 2827 mundo
1082 2779 1210 2828 sunt
1273 2788 1506 2843 quorum
1565 2788 1732 2828 causa
1792 2774 1902 2830 sint

310 2865 482 2920 facta.
534 2865 736 2919 Annon
794 2865 943 2919 enim
1012 2864 1149 2918 dicit
1201 2863 1539 2935 Scriptura:
1606 2863 1899 2919 Faciamus

310 2956 572 3011 hominem
616 2955 684 3010 ad
728 2958 1011 3027 imaginem
1037 2966 1085 3010 et
1121 2957 1526 3012 similitudinem
1559 2968 1798 3012 nostrum
1822 2958 1900 3012 ὀἳ

309 3046 522 3114 Quem?
583 3047 860 3103 Carneum
921 3047 1180 3103 videlicet
1246 3048 1522 3103 hominem
1587 3047 1745 3104 dicit.
1808 3049 1899 3102 Ait

309 3140 457 3196 enim
524 3138 862 3221 Scriptura:
926 3137 997 3192 Et
1063 3141 1264 3210 accepit
1319 3139 1460 3194 Deus
1515 3139 1778 3210 pulverem
1835 3139 1898 3195 de

309 3233 803 3304 terra,et[ormavit
831 3233 1095 3288 hominem
1120 3234 1186 3286 ³ο.
1219 3233 1580 3304 Perspicuum
1613 3234 1778 3305 igitur
1811 3241 1896 3289 est

308 3327 628 3392 hominem,
695 3327 790 3397 qui
814 3325 1087 3382 formatus
1147 3334 1232 3381 est
1287 3326 1352 3380 ad
1410 3326 1705 3398 imaginem
1765 3327 1893 3393 Dei,

306 3418 478 3476 fuisse
525 3435 808 3477 carneum.
856 3419 941 3475 Ad
993 3420 1108 3475 hzec
1149 3419 1422 3490 quomodo
1452 3437 1562 3476 non
1593 3421 1897 3476 absurdam

305 3515 378 3568 sit
406 3514 592 3570 dicere
647 3530 897 3580 carnem,
925 3530 1047 3585 qua:
1076 3528 1106 3567 a
1146 3512 1257 3568 Deo
1292 3513 1360 3567 ad
1391 3514 1686 3586 imaginem
1722 3514 1896 3584 ipsius

305 3607 540 3663 formata
592 3615 700 3674 est,
759 3607 924 3662 vilem
969 3622 1094 3662 esse
1131 3623 1194 3662 ac
1227 3607 1423 3661 nihili?
1453 3607 1622 3679 Atqui
1673 3623 1896 3663 carnem

304 3715 418 3756 rem
455 3715 580 3756 esse
615 3699 762 3771 apud
796 3698 968 3755 Deum
1010 3700 1308 3770 pretiosam
1360 3703 1498 3756 satis
1554 3699 1746 3770 liquet,
1784 3702 1899 3770 pri-

303 3807 454 3846 mum
487 3791 710 3862 quidem
749 3792 895 3862 quod
933 3791 1002 3846 ab
1033 3791 1154 3862 ipso
1187 3789 1420 3845 formata
1474 3791 1570 3857 sit,
1619 3790 1894 3860 siquidem

303 3881 488 3955 imago
522 3884 699 3940 lictori
734 3884 1043 3956 pictoriquc
1074 3900 1176 3939 suo
1209 3892 1364 3954 grata
1423 3893 1540 3952 est;
1602 3883 1801 3939 deinde
1841 3885 1896 3939 id

301 3993 522 4050 quoque
568 3996 636 4035 ex
691 3989 890 4035 czetero
937 3978 1130 4032 mundi
1181 3979 1402 4048 Opiﬁcio
1432 3994 1667 4049 pronum
1703 3986 1787 4034 est
1817 3977 1898 4032 di-

302 4087 480 4128 scere.
507 4067 643 4128 Nam
695 4071 860 4141 cujus
904 4085 1072 4125 causa
1123 4070 1334 4141 reliqua
1369 4069 1509 4125 facta
1541 4078 1692 4138 sunt,
1735 4071 1784 4125 id
1818 4073 1890 4140 ei,

301 4167 396 4238 qui
432 4167 582 4231 fecit,
617 4166 865 4222 omnium
889 4174 972 4221 est
1002 4165 1414 4221 charissimum.

372 4259 532 4331 593
578 4259 713 4315 Vlll.
766 4260 948 4324 Certe,
996 4257 1272 4328 inquiunt.
1309 4255 1378 4309 At
1429 4270 1561 4312 caro
1612 4257 1893 4327 peccatrix

297 4360 406 4415 est,
437 4353 574 4407 adeo
607 4360 665 4406 ut
698 4350 938 4404 animam
969 4363 1190 4420 quoque
1223 4335 1667 4417 secum’peccare
1709 4354 1888 4415 cogat.

298 4444 378 4500 lta
406 4454 609 4502 temere
644 4447 793 4500 illam
825 4444 1194 4500 criminantur
1222 4448 1277 4496 et
1318 4441 1422 4511 ipsi
1455 4441 1556 4496 soli
1603 4439 1890 4494 amborum

298 4546 522 4608 peccata
563 4538 847 4610 aﬂingunt.
896 4537 1017 4604 Quo
1054 4535 1260 4591 etenim
1304 4542 1465 4606 pacto
1503 4549 1600 4604 per
1651 4533 1887 4602 seipsam

2015 2026 2217 2096 μᾶλλον
2254 2026 2396 2080 κατά
2437 2027 2563 2089 τοὺς
2600 2026 2860 2094 rcta-code;
2899 2027 3076 2098 ’Ἑξῆς
3121 2028 3180 2081 δὲ
3215 2027 3431 2080 λεκτέον
3471 2028 3578 2096 πρὶς

2011 2122 2137 2182 τοὺς
2193 2119 2555 2191 ἀτιμάζοντας
2609 2120 2708 2191 τὴν
2768 2120 2971 2192 σάρκα,
3010 2122 3108 2174 καὶ
3169 2122 3471 2190 φάσκοντας
3517 2119 3575 2189 μὴ

2010 2211 2166 2275 ἀξίαν
2196 2207 2334 2264 εἶναι
2375 2211 2474 2280 τῆς
2521 2211 2891 2276 ἀναστάσεως.
2932 2213 3070 2284 μηδὲ
3106 2212 3213 2283 τῆς
3241 2212 3480 2285 οὐρανίου
3507 2230 3566 2263 πο

2009 2301 2214 2366 λιτείας
2255 2303 2400 2373 (Ξδγ
2449 2305 2529 2356 ὃτι
2576 2303 2788 2375 πρῶτον
2837 2305 3014 2374 αὐτῆς
3056 2306 3211 2358 ἐστιν
3250 2308 3284 2376 ἡ
3332 2305 3476 2357 οὐσία
3500 2305 3572 2373 γῆ,

2013 2395 2309 2467 μετέπειτα
2338 2394 2430 2449 καὶ
2466 2396 2635 2468 μεστὴ
2668 2397 2858 2464 γέγονε
2896 2398 3083 2468 πάσης
3126 2399 3426 2468 ἁμαρτίας,
3458 2395 3573 2447 ὥστε

2008 2488 2103 2540 καὶ
2139 2487 2236 2558 τὴν
2274 2487 2452 2559 ψυχὴν
2492 2488 2794 2556 ἀναγκάσαι
2849 2491 3319 2561 συναμαρτάνειν.
3366 2489 3576 2541 Ἐοίκασί

2007 2581 2064 2634 δὲ
2104 2575 2247 2634 οῦτοι
2294 2582 2393 2652 τὴν
2435 2581 2558 2651 ὃλην
2598 2579 2692 2634 τοῦ
2737 2581 2874 2634 Θεοῦ
2928 2582 3326 2653 πραγματείαν
3369 2583 3574 2648 ἀγνοεῖν,

2007 2673 2100 2725 καὶ
2125 2672 2220 2744 τὴν
2254 2673 2313 2736 ἐξ
2348 2673 2519 2745 ἀρχῆς
2553 2675 2764 2742 γένεσιν
2793 2674 2888 2726 τοῦ
2927 2675 3226 2746 ἀνθρώπου
3262 2677 3353 2728 καὶ
3385 2675 3573 2729 πλάσιν.

2005 2765 2096 2817 καὶ
2126 2765 2194 2818 τὰ
2222 2765 2280 2818 ἐν
2311 2767 2501 2837 κόσμῳ
2558 2760 2632 2819 ὧν
2675 2767 2839 2820 ’ἑνεκα
2871 2767 3102 2835 γέγονεν
3139 2769 3276 2839 (9.4).
3309 2770 3374 2820 Ἦ
3401 2768 3498 2838 γὰρ
3522 2766 3575 2817 οἷο

2005 2875 2168 2928 φησιν
2198 2858 2225 2910 ὁ
2254 2858 2454 2927 Λόγος·
2493 2858 2843 2929 Ποιήσωμεν
2875 2860 3202 2928 ἄνθρωπον
3244 2861 3367 2915 κατ’
3395 2862 3574 2914 εἰκόνα

2003 2949 2298 3018 ἡμετέραν
2357 2952 2453 3004 καὶ
2517 2952 2644 3004 καθ’
2703 2953 3030 3022 ductae-tr;
3094 2955 3292 3020 Ποῖον;
3347 2953 3574 3024 Δηλονὲτι

2003 3045 2264 3114 σαρκικὸν
2307 3044 2452 3113 λέγει
2497 3045 2800 3118 ἄνθρωπον.
2843 3047 2985 3116 Φησὶ
3028 3047 3142 3118 γὰρ
3176 3050 3205 3100 ὁ
3250 3048 3442 3116 Λόγος·
3475 3045 3567 3098 Καὶ

1999 3135 2218 3191 ἔλαϐεν
2237 3141 2269 3191 ό
2304 3138 2446 3204 Θεὸς
2474 3139 2624 3207 χοῦν
2653 3138 2770 3192 ἀπὸ
2805 3138 2918 3207 τῆς
2950 3140 3088 3210 γῆς,
3113 3141 3213 3194 καὶ
3235 3141 3458 3194 ἔπλασε
3483 3138 3575 3190 τὸ·

2000 3227 2332 3297 ἄνθρωπον.
2377 3231 2542 3301 Δῆλον
2585 3226 2697 3296 οὖν,
2737 3230 2834 3294 ὡς,
2887 3235 3008 3284 κατ’
3039 3234 3234 3287 εἰκόνα
3263 3233 3390 3286 Θεοῦ
3421 3232 3574 3285 πλασ-

2004 3320 2230 3391 σόμενος
2268 3325 2296 3376 ὁ
2337 3323 2640 3395 ἄνθρωπος,
2677 3319 2745 3394 ἦν
2794 3325 3084 3396 σαρκικός.
3138 3321 3278 3378 Εἶτα
3327 3325 3438 3387 πῶς
3484 3324 3572 3375 οὐκ

2000 3413 2219 3477 ἄτοπον,
2252 3414 2351 3487 τὴν
2385 3416 2488 3469 ὑπὸ
2516 3416 2648 3469 Θεοῦ
2677 3416 2858 3488 σάρκα
2894 3417 3237 3471 πλασθείσαν
3271 3419 3386 3471 κατ’
3411 3416 3571 3469 εἰκόνα

2000 3507 2098 3578 τὴν
2129 3506 2321 3559 ἑαυτοῦ
2363 3509 2590 3577 φάσκειν
2620 3509 2813 3580 ἄτιμον
2854 3506 3014 3574 εἶναι,
3043 3513 3140 3564 καὶ
3164 3511 3372 3573 οὐδενὸς
3392 3507 3569 3576 ἀξίαν;

2002 3602 2123 3654 Ὅτι
2153 3601 2208 3653 δὲ
2236 3602 2415 3672 τίμιον
2438 3603 2622 3673 κτῆμα
2654 3602 2686 3673 ἡ
2721 3602 2860 3674 σὰρξ
2892 3603 3044 3675 παρὰ
3075 3603 3219 3674 Θεῷ,
3248 3604 3416 3675 δῆλον,
3443 3602 3571 3674 πρῶ-

1997 3711 2087 3746 τον
2147 3695 2244 3766 μὲν
2304 3697 2366 3747 ὲκ
2414 3695 2506 3747 τοῦ
2559 3697 2692 3767 πρὸς
2739 3696 2910 3750 αὐτοῦ
2951 3697 3290 3764 πεπλάσθαι,
3339 3700 3444 3766 εἴγε
3485 3695 3566 3749 καὶ

1998 3787 2159 3841 εἰκὼν
2188 3788 2265 3859 τῷ
2296 3788 2508 3862 πλάστῃ
2536 3791 2628 3842 καὶ
2672 3789 2950 3862 ζωγράφῳ
2978 3793 3140 3862 τιμία
3170 3793 3420 3862 γινομένη
3443 3807 3457 3821 ·
3483 3789 3566 3843 καὶ

1997 3883 2058 3934 ἐκ
2089 3883 2189 3952 τῆς
2231 3883 2423 3952 λοιπῆς
2456 3883 2512 3934 δὲ
2552 3883 2910 3952 κοσμοποιίας
2951 3883 3150 3954 μαθεῖν
3195 3885 3464 3956 πάρεστιν.
3499 3872 3564 3932 Οὗ

1995 3974 2103 4046 γὰρ
2138 3975 2323 4029 ’ἐνεκεν
2362 3975 2552 4044 γέγονε
2597 3974 2666 4028 τὰ
2710 3975 2875 4028 λοιπά
2903 3977 3043 4046 (25),
3079 3977 3242 4032 τοῦτο
3267 3978 3469 4030 πάντων
3497 3973 3564 4043 τῷ

1998 4070 2286 4139 ποιήσαντι
2320 4068 2666 4140 τιμιώτατον.

2064 4263 2191 4328 Ναὶ,
2219 4263 2381 4332 φασίν
2401 4282 2413 4294 ο
2444 4264 2559 4316 ἀλλ’
2583 4265 2909 4336 ἁμαρτωλὸς
2931 4270 2964 4338 ἡ
3005 4269 3169 4340 σὰρξ,
3195 4270 3331 4322 ὥστε
3363 4268 3452 4320 καὶ
3474 4267 3557 4334 τὴν

1991 4353 2165 4425 ψυχὴν
2220 4347 2547 4423 ἀναγκάζεῖν
2597 4359 3061 4429 συναμαρτάνειν,
3115 4363 3293 4432 μάτην
3344 4375 3552 4429 κατηγο-

1994 4443 2213 4517 ροῦντες
2249 4446 2437 4515 αὐτῆς,
2479 4447 2572 4499 καὶ
2599 4444 2670 4498 τά
2697 4447 2806 4500 τῶν
2846 4448 3180 4520 ἀμφοτέρων
3215 4449 3553 4520 ἁμαρτήματα

1996 4536 2132 4610 μόνῃ
2154 4536 2538 4605 περιτιθέντες.
2565 4537 2674 4590 Ποῦ
2699 4538 2808 4612 γὰρ
2830 4539 2947 4593 καθ’
2976 4542 3178 4613 ἑαυτὴν
3207 4539 3384 4612 ήσὰρξ
3398 4541 3552 4608 ἀμαρ-

297 4632 548 4702 peccabit
582 4647 735 4694 caro,
775 4631 882 4686 nisi
912 4631 1150 4684 animam
1184 4628 1289 4684 sibi
1324 4636 1657 4698 praeeuntem
1690 4625 1826 4679 habe

2070 4631 2152 4680 σαι
2181 4628 2487 4699 δυνήσεται,
2525 4628 2622 4682 ἐὰν
2659 4628 2732 4700 μὴ
2763 4631 2862 4701 τὴν
2900 4630 3082 4702 ψυχὴν
3106 4633 3208 4705 ἔχῃ
3243 4625 3549 4702 προηγουμέ-

297 4737 362 4777 ac
391 4723 819 4792 provocantem?
848 4721 1007 4779 Velut
1037 4723 1184 4777 enim
1207 4723 1261 4776 in
1284 4721 1416 4791 jugo
1447 4719 1633 4783 boum,
1673 4718 1720 4773 si
1752 4719 1889 4772 alter

297 4817 368 4870 ab
394 4817 567 4871 altero
599 4820 939 4888 sejungatur,
979 4824 1176 4872 neuter
1200 4830 1358 4869 arare
1383 4828 1631 4868 seorsum
1667 4820 1845 4882 potest
1869 4829 1885 4867 :

295 4910 374 4963 ita
425 4925 528 4964 nec
573 4911 780 4976 anima,
831 4925 932 4966 nec
982 4924 1208 4980 corpus,
1251 4908 1432 4963 soluto
1473 4904 1884 4976 conjunctionis

293 5005 538 5069 vinculo,
572 5004 754 5059 facere
785 5004 1103 5075 singulatim
1153 5001 1452 5072 quidquam
1485 5005 1738 5070 possunt.
1786 4996 1883 5051 Sin

296 5099 412 5154 sola
463 5113 596 5153 caro
646 5100 929 5169 peccatrix
980 5109 1086 5164 est,
1124 5098 1246 5166 ejus
1296 5098 1461 5168 igitur
1495 5097 1667 5152 solius
1713 5109 1880 5150 causa

297 5190 550 5248 Salvator
581 5193 749 5255 venit,
785 5193 928 5247 sicut
973 5191 1090 5245 ait:
1130 5188 1255 5243 Non
1301 5189 1416 5244 veni
1458 5203 1644 5242 vocare
1677 5187 1878 5256 justas.

294 5279 385 5335 sed
407 5289 703 5348 peccatores
735 5280 799 5336 ³¹.
837 5279 973 5335 Cum
1023 5295 1156 5350 ergo
1189 5278 1414 5341 charam
1448 5277 1561 5332 Deo
1593 5291 1716 5332 esse
1757 5291 1883 5330 car-

292 5385 415 5427 nem
448 5380 501 5427 et
532 5387 700 5443 supra
726 5372 911 5427 omnia
944 5387 1110 5442 opera
1134 5372 1427 5443 pretiosam
1457 5379 1743 5426 ostensum
1774 5369 1876 5436 sit,

363 5528 406 5558 ”
445 5529 640 5582 Genes.
678 5545 715 5591 ι,
747 5528 837 5584 26.
916 5529 960 5558 ³ο
990 5526 1188 5596 Cenes.
1227 5542 1289 5589 η,
1320 5526 1372 5579 7.

363 5682 473 5751 (9.0)
507 5685 762 5751 Συνάγων
792 5685 879 5739 ed.
923 5684 1133 5738 lenens.
1167 5699 1233 5737 ex
1258 5683 1382 5737 cod.
1419 5681 1778 5736 Coisliniano.

365 5753 476 5820 (2|)
510 5755 814 5822 Συνάγων.
854 5755 1208 5822 Desuniplum
1234 5769 1300 5806 ex
1331 5754 1452 5807 cod.
1485 5769 1591 5807 ms.

367 5823 419 5888 (τὶ
435 5821 475 5888 ἑ)
511 5821 731 5878 Rectius
756 5825 1036 5876 serundum
1062 5821 1301 5876 ethnicos
1328 5825 1411 5876 rd.
1450 5823 1662 5877 lenens.

367 5890 472 5951 (2.3)
507 5894 798 5955 Οὐρανίου
830 5895 1147 5956 πολιτείας,
1191 5893 1332 5947 Editi
1363 5893 1685 5966 ἐπουρανίου
1703 5890 1874 5961 ’βασι-

1454 5527 1494 5555 ³³
1527 5525 1695 5578 Marc.
1734 5541 1794 5580 ιι,
1833 5524 1916 5577 17.

1989 4738 2086 4791 νην
2120 4722 2212 4772 καὶ
2257 4720 2706 4792 προκαλουμένην
2743 4722 2914 4794 αὑτήν
2942 4739 2957 4787 ;
2989 4723 3202 4797 Ὥσπερ
3242 4724 3342 4796 γάρ
3383 4718 3546 4784 ζεῦγος

1989 4810 2127 4880 βοῶν
2177 4810 2446 4865 λυθέντων
2498 4812 2591 4866 ἀπ’
2627 4812 2872 4885 ἀλλήλων
2913 4814 3008 4867 τοῦ
3065 4815 3256 4884 ζυγοῦ,
3301 4815 3543 4884 οὐδέτερος

1989 4904 2169 4958 αὐτῶν
2202 4905 2322 4958 κατ’
2362 4905 2496 4959 ἰδίαν
2537 4905 2704 4977 ἀροῦν
2743 4907 2965 4961 δύναται
2990 4924 3004 4937 ε
3045 4907 3224 4973 οὕτως
3268 4909 3379 4962 οῦδὲ
3421 4906 3537 4976 ψυχή

1988 4999 2083 5050 καὶ
2115 4995 2292 5067 σῶμα,
2322 4997 2548 5051 λυθέντα
2573 5000 2671 5070 τῆς
2700 4997 2986 5068 συζυγίας,
3020 5001 3145 5054 καθ’
3167 5001 3330 5055 ἑαυτά
3350 4995 3537 5068 ποιῆσειξ

1986 5107 2038 5142 τι
2071 5089 2314 5143 δύναται.
2344 5092 2405 5144 Εἰ
2439 5090 2494 5144 δὲ
2528 5093 2620 5144 καὶ
2651 5094 2684 5163 ἡ
2720 5090 2856 5161 σὰρξ
2887 5093 3236 5165 ἁμαρτωλὸς,
3269 5094 3422 5164 μόνης
3440 5088 3534 5142 ταί-

1985 5199 2085 5253 της
2119 5183 2303 5235 ἕνεκεν
2333 5178 2494 5254 ἦλθεν
2536 5187 2564 5238 ὁ
2598 5185 2810 5255 Σωτὴρ,
2843 5185 3028 5250 καθώς
3065 5203 3231 5257 φησιν
3252 5203 3266 5216 ·
3305 5189 3415 5238 Οὐχ
3446 5179 3528 5250 ἧλ-

1989 5278 2094 5329 θον
2123 5273 2374 5328 καλέσαι
2405 5274 2692 5342 δικαίους,
2722 5276 2884 5330 ἀλλὰ
2911 5277 3314 5347 ἁμαρτωλούς.
3348 5272 3524 5338 Ἐξιδὴ

1987 5363 2078 5420 οῦν
2113 5367 2268 5437 τιμία
2313 5367 2463 5437 παρὰ
2497 5367 2636 5437 Θεῷ,
2687 5369 2780 5420 καὶ
2827 5368 3038 5436 ἔνδοξος
3086 5371 3234 5441 παρὰ
3280 5368 3433 5420 πάντα
3474 5363 3523 5413 ti

1985 5679 2152 5731 λείας.

2203 5741 2314 5799 Ὧν
2342 5746 2520 5819 ἕνεκα
2551 5747 2816 5819 γέγονεν.
2855 5737 3365 5819 Stippeditavitcod.
3394 5748 3480 5819 ius:

2060 5805 2172 5890 (2ξὶ)
2215 5821 2287 5870 Τὰ
2317 5817 2520 5870 λοιπά.
2558 5805 2695 5890 Cod.
2741 5832 2845 5870 ms.
2879 5805 2952 5870 τά
2977 5805 3187 5870 ¹πάντα.
3246 5811 3352 5866 Mox
3391 5805 3507 5857 idem

1983 5887 2343 5960 τιμιώτατονξ
2375 5890 2506 5943 editi
2546 5887 2888 5958 τιμιώτερον.
