4104 6368
295 363 894 418 ΞῌᾺ
719 365 801 373 “““·
903 368 1252 420 Ξσν-ο
1267 371 1350 379 λ--ον
1373 374 1390 379 ο
1441 371 2028 386 νο--σ--α-’νλνςμ-..ν-..-μςη-
2059 377 2131 383 --η-
2147 377 2169 383 ..
2215 378 2428 428 ..Ξ-να...
2511 381 2908 390 -..σς-..ης-κ-...ω-
2923 383 3178 394 ......_,..__._.___
3197 387 3246 395 __
3267 388 3274 395 ,
3301 388 3316 396 _
3411 387 3442 398 α

461 563 1572 730 ΝΟΤΙΤΙᾸΕ
1642 553 3409 752 BIOGRAPHICAE
3533 603 3542 610 ’

254 901 1134 1057 NECNON
1251 913 1504 1057 ET
1621 915 3572 1078 BIBLIOGRAPHIC/E

810 1235 970 1320 DE
1007 1235 1484 1326 SANCTIS
1542 1244 2357 1336 PONTIFICIBUS
2401 1254 2934 1341 ROMANIS

651 1478 1278 1614 MARCELLINO
1307 1575 1336 1632 ς
1383 1489 1937 1640 MARCELLO,
2011 1498 2468 1644 EUSEBIll,
2515 1498 3139 1645 MELCHIADE.

879 1765 1020 1835 ET
1046 1763 1186 1836 DE
1226 1766 1760 1843 RHETICIO
1788 1771 2282 1846 EDUENSI
2321 1773 2894 1846 EPISCOPO.

1005 1979 1886 2020 —————-—-‘=>

1900 1977 2912 2021 W—

273 2120 342 2168 "‘
448 2147 1274 2266 samaras
1351 2149 2660 2317 mandauimus
2731 2156 3312 2272 rara.

1716 2416 2054 2433 *-

528 2574 559 2644 §
586 2571 626 2626 l.
655 2601 726 2613 —
755 2570 975 2638 Quando
1003 2577 1050 2623 et
1076 2566 1321 2638 quamdiu
1346 2564 1550 2621 sederit.

302 2731 574 2788 Eusebius
597 2729 745 2785 hunc
767 2743 963 2800 papam
997 2727 1158 2780 annis
1184 2740 1379 2780 novem
1410 2721 1712 2778 Ecclesium
1743 2735 1842 2792 gu-

225 2827 489 2884 bernasse
532 2823 717 2886 tradit,
757 2831 922 2893 atque
966 2820 1086 2890 ejus
1121 2827 1353 2874 mortem
1383 2817 1436 2871 in
1474 2814 1742 2871 Chronico
1773 2812 1839 2866 ad

226 2935 431 2977 annum
462 2916 667 2973 Christi
709 2915 813 2973 504
862 2913 1054 2970 refert.
1097 2911 1174 2967 lta
1207 2910 1298 2966 ille
1326 2922 1499 2964 annos
1548 2917 1672 2963 octo
1715 2922 1837 2960 cum

229 3028 338 3068 uno
377 3011 638 3067 inchoato
687 3023 786 3078 pro
829 3021 1030 3063 novem
1071 3011 1417 3074 computans,
1464 3016 1586 3056 eum
1619 2999 1834 3055 Buche-

225 3108 384 3163 riano
410 3105 665 3176 catalogo
684 3104 980 3169 consentit,
1012 3101 1065 3155 in
1107 3115 1217 3171 quo
1249 3099 1480 3169 legimus
1508 3115 1520 3152 :
1548 3115 1565 3149 ι
1601 3095 1835 3151 Marcel-

228 3202 369 3256 linus
394 3199 555 3254 annis
585 3214 701 3265 vm,
757 3195 1042 3252 mensibus
1075 3209 1152 3260 ιιι,
1189 3191 1380 3248 diebus
1409 3207 1538 3257 xxv,
1572 3189 1674 3244 fuit
1700 3197 1836 3242 tem—

226 3292 448 3364 poribus
505 3289 828 3347 Diocletiani
891 3295 947 3343 et
1019 3284 1326 3340 Maximiani
1387 3298 1451 3338 ex
1513 3281 1603 3337 die
1656 3279 1834 3352 pridie

231 3385 508 3442 Kalendas
563 3382 734 3438 Julias
765 3423 780 3448 ,
836 3397 866 3435 a
914 3377 1233 3435 consulibus
1290 3375 1630 3431 Diocletiano
1677 3390 1730 3428 νι
1780 3380 1834 3427 et

223 3477 544 3535 Constantio
586 3493 645 3543 ιι,
669 3489 842 3546 usque
887 3474 939 3528 in
981 3471 1324 3528 consulatum
1388 3465 1706 3524 Diocletiani
1754 3480 1828 3529 Ix,

224 3579 280 3626 et
301 3568 610 3625 Maximiani
648 3571 763 3623 νιιι.
801 3564 956 3622 Unde
986 3564 1234 3633 sequitur
1269 3571 1327 3616 ut
1355 3559 1656 3617 Marcellini
1685 3557 1829 3613 elec-

225 3666 300 3720 tio
318 3680 415 3722 seu
441 3662 714 3720 ordinatio
753 3677 900 3717 anno
947 3659 1078 3725 296,
1131 3658 1278 3714 Junii
1306 3673 1410 3712 xxx
1446 3653 1553 3720 die,
1586 3653 1829 3723 adeoque

223 3757 355 3814 feria
382 3758 581 3822 tertia;
629 3771 696 3812 ac
744 3770 892 3811 mors
934 3769 1082 3808 anno
1130 3753 1267 3817 ὅθι,
1299 3748 1552 3807 Octobris
1581 3762 1710 3802 xxrv
1739 3745 1828 3802 die

222 3851 609 3926 consignandte
638 3851 787 3916 sint,
838 3849 968 3905 licet
1025 3846 1226 3903 festum
1278 3845 1396 3915 ejus
1440 3844 1827 3915 plerarumque

221 3945 735 4018 utartyrologiorum
772 3940 1096 3998 auctoritate
1139 3954 1262 3994 xxv:
1307 3936 1507 4009 Aprilis
1545 3935 1634 3992 die
1677 3933 1825 3991 cele-

221 4039 430 4096 bretur.

222 4245 252 4318 ᾗ
279 4276 349 4285 -
370 4245 436 4301 ll.
467 4242 547 4299 De
571 4243 780 4316 antiqua
809 4241 988 4313 fabula
1011 4256 1111 4312 qua
1138 4237 1501 4295 Marcellinum
1524 4233 1678 4290 idolis
1705 4233 1823 4289 (ltus

705 4357 948 4414 obtulisse
967 4357 1227 4428 vulgatum
1258 4363 1351 4410 est.

299 4544 348 4598 l.
372 4539 746 4600 Marcellinum
777 4537 937 4595 idolis
959 4535 1085 4592 thus
1100 4532 1363 4591 obtulisse
1375 4548 1438 4589 ac
1451 4545 1637 4589 saeros
1653 4531 1822 4586 libros

225 4636 534 4701 tradidisse,
553 4633 667 4704 jam
697 4633 768 4689 ab
796 4630 1081 4701 Augustini
1127 4644 1245 4684 aevo
1299 4628 1442 4682 fama
1493 4633 1634 4681 erat.
1689 4624 1823 4693 Ejus

221 4740 469 4787 auctores
518 4729 827 4799 suspicatur
875 4727 921 4781 is
969 4734 1192 4781 sanctus
1242 4721 1441 4778 Doctor
1486 4718 1822 4776 recentiores

221 4822 554 4878 Donatistas.
583 4823 661 4878 Ac
685 4820 862 4890 primo
893 4818 1112 4888 quidem
1144 4815 1387 4889 ﬁgmenti
1427 4812 1589 4884 hujus
1619 4811 1822 4866 falsita-

219 4922 364 4980 tem,
425 4913 524 4970 lib.
572 4913 636 4968 de
688 4912 840 4967 unico
889 4909 1173 4980 Baptismo,
1233 4917 1423 4964 contra
1472 4904 1818 4968 Petiliauum,

217 5025 336 5080 cap.
370 5009 464 5077 16,
491 5025 548 5064 ιι.
592 5009 688 5073 27,
719 5006 844 5062 inde
872 5005 1086 5076 probat,
1117 5005 1240 5074 quia
1279 5002 1428 5058 nullo
1456 5010 1623 5068 teste,
1672 4999 1817 5054 nulla

218 5102 541 5159 monimenti
601 5102 920 5171 cujusquam
977 5097 1232 5153 ﬁrmitate
1299 5095 1566 5151 fulciatur.
1615 5110 1635 5144 ‹
1678 5089 1818 5159 Quid

217 5211 367 5268 ergo,
406 5195 604 5266 inquit,
650 5210 786 5265 opus
813 5203 897 5249 est
940 5201 1001 5247 ut
1041 5190 1420 5263 episc0porum
1452 5203 1690 5245 romanae
1716 5186 1818 5242 Ec-

216 5292 416 5356 clesiae,
461 5305 602 5361 quos
634 5286 1044 5344 incredibilibus
1087 5282 1372 5340 calumniis
1416 5283 1710 5337 insectatus
1733 5288 1818 5334 est

214 5383 580 5456 (Petilianus),
603 5381 818 5452 objecta
842 5381 911 5438 ab
926 5396 992 5436 eo
1005 5379 1233 5435 crimina
1255 5376 1566 5434 diluamus?
1592 5374 1817 5431 Marcel-

210 5475 358 5532 linus
424 5485 482 5531 et
552 5473 856 5546 presbyteri
917 5472 1034 5544 ejus
1108 5469 1470 5536 Melchiades,
1529 5465 1816 5523 Marcellus

208 5579 267 5626 et
335 5570 601 5628 Silvester
668 5568 970 5624 traditionis
1039 5564 1286 5622 codicum
1375 5563 1680 5618 divinorum
1760 5567 1888 5649 etc

1851 4199 1900 4261 B

1873 2566 2056 2635 Aqua
2109 2565 2553 2625 documentorum
2621 2571 2878 2629 tlrtnitate
2938 2582 3360 2636 monstrantur?
3417 2583 3551 2654 Ipso

1946 2658 2249 2714 sceleratos
2275 2672 2329 2715 et
2355 2663 2651 2734 sacrilegos
2696 2667 2864 2722 fuisse
2894 2668 3056 2724 dicit:
3101 2687 3203 2742 ego
3241 2673 3560 2732 innocentes

1945 2749 2118 2806 fuisse
2170 2755 2503 2824 respondeo.
2553 2757 2694 2825 Quid
2739 2759 2977 2817 laborem
3016 2765 3250 2833 probare
3278 2767 3552 2824 defensio-

1944 2859 2067 2898 nem
2099 2861 2278 2901 meam
2305 2888 2320 2914 ,
2366 2863 2489 2904 cum
2543 2852 2634 2906 ille
2670 2869 2768 2907 nec
2807 2855 3040 2910 tenuiter
3071 2857 3302 2925 probare
3328 2869 3561 2917 conatus

1941 2935 2014 2990 sit
2038 2940 2447 2995 accusationem
2479 2944 2674 2997 suam?
2711 2963 2730 2996 ι
2776 2945 2856 3000 Ex
2890 2947 3088 3016 quibus
3115 2948 3406 3018 Augustini
3436 2967 3558 3008 ver-

1939 3028 2024 3084 bis
2070 3030 2263 3100 cuique
2307 3034 2652 3104 exploratum
2715 3047 2819 3104 est,
2875 3039 3017 3094 idem
3074 3042 3282 3098 crimen
3332 3059 3441 3099 non
3498 3045 3552 3100 in

1938 3120 2310 3178 Marcellinum
2338 3125 2551 3193 solum,
2594 3127 2690 3184 sed
2729 3130 2892 3184 etiam
2937 3132 2990 3185 in
3038 3134 3392 3204 presbyteros
3431 3135 3549 3206 ejus

1937 3215 2281 3286 Marcellum,
2309 3219 2659 3277 Melchiadem
2683 3235 2737 3279 et
2767 3223 3114 3292 Silvestrum,
3151 3229 3240 3298 qui
3268 3229 3369 3298 ipsi
3397 3241 3554 3301 post—

1917 3324 1999 3384 ‘ea
2040 3322 2442 3381 successerunt,
2495 3312 2666 3370 fuisse
2697 3317 2982 3372 intentum.
3011 3317 3066 3374 Si
3099 3335 3230 3391 ergo
3257 3321 3335 3374 illi
3359 3323 3540 3378 omni-

1936 3417 2006 3458 no
2035 3403 2279 3462 insontes
2299 3415 2461 3476 atque
2492 3405 2651 3476 hujus
2686 3408 2907 3464 sceleris
2939 3410 3094 3478 puri;
3145 3427 3320 3482 neque
3369 3413 3543 3485 magis

1933 3512 2061 3552 reus
2091 3497 2263 3552 videri
2295 3499 2457 3555 debet
2493 3498 2855 3555 Marcellinus.
2899 3501 2967 3556 Et
2999 3504 3102 3556 hoc
3123 3503 3341 3572 quidem
3382 3504 3542 3562 nobis

1933 3590 2293 3648 indubitatum
2319 3593 2446 3660 erit,
2475 3593 2561 3649 ubi
2599 3593 2884 3648 calumnia:
2915 3593 3075 3664 hujus
3105 3610 3321 3651 causam
3356 3606 3411 3652 et
3437 3596 3550 3653 ori-

1931 3685 2108 3757 ginem
2131 3698 2467 3756 perspeetam
2484 3685 2850 3742 habuerimus.

2001 3778 2055 3832 2.
2091 3778 2240 3832 l-lanc
2287 3779 2467 3848 prodit
2503 3779 2735 3836 subinde
2764 3779 3122 3850 Augustinus,
3153 3796 3276 3836 cum
3307 3781 3543 3838 fabulam

1929 3870 2079 3926 illam
2127 3871 2251 3926 ideo
2300 3887 2330 3925 a
2380 3872 2779 3928 recentioribus
2831 3873 3127 3926 Donatistis
3178 3875 3541 3944 excogitatam

1929 3964 2095 4020 luisse
2126 3965 2337 4032 innuit,
2371 3975 2426 4020 ut
2467 3966 2655 4036 judicii
2681 4009 2696 4034 ,
2740 3982 2846 4036 quo
2893 3983 2921 4019 ιι
2953 3965 3258 4021 Melchiade
3297 3969 3522 4023 damnat

1929 4058 2159 4126 fuerant,
2214 4059 2470 4115 invidiam
2518 4061 2878 4117 declinarent.
2922 4061 3028 4116 Sed
3082 4061 3209 4132 quid
3253 4078 3388 4133 opus
3420 4073 3538 4120 erat

1929 4152 2008 4209 eis
2038 4169 2140 4207 una
2169 4167 2295 4209 cum
2321 4153 2618 4210 Melchiade
2647 4154 3015 4210 Marcellinum
3047 4154 3380 4225 pontiﬁcem,
3410 4171 3537 4213 nec-

1927 4262 2037 4302 non
2065 4247 2374 4303 Mareellum
2403 4260 2459 4304 et
2487 4249 2809 4306 Silvestrum
2840 4248 3189 4319 presbyteros
3231 4249 3532 4306 infamare?

1926 4337 2188 4395 Nimirum
2247 4351 2304 4396 ut
2360 4341 2689 4412 probabilior
2736 4340 2891 4396 lieret
2942 4341 3182 4410 ipsorum
3230 4342 3528 4397 calumnia.

1925 4433 2190 4501 Quocirca
2219 4435 2635 4507 excogitandum
2678 4435 2760 4490 eis
2791 4434 2892 4489 fuit
2935 4444 3151 4506 tempus
3187 4452 3297 4506 quo
3353 4435 3530 4493 thuris

1925 4527 2126 4584 oblatio
2153 4538 2208 4584 et
2237 4543 2516 4584 sacrorum
2553 4528 2798 4586 codicum
2832 4527 3051 4583 traditio
3079 4529 3133 4584 in
3170 4528 3314 4586 Urbe
3343 4530 3530 4601 exige-

1923 4621 2105 4688 batur,
2137 4622 2408 4693 simulque
2443 4621 2752 4692 ﬁngendum
2781 4636 2900 4688 eos,
2933 4622 3022 4692 qui
3048 4623 3100 4676 in
3124 4621 3278 4678 clero
3300 4639 3528 4680 romano

1923 4723 2036 4770 tum
2063 4714 2398 4780 eminebant,
2434 4715 2486 4770 in
2507 4714 2751 4770 eamdem
2785 4714 3118 4784 impietatem
3138 4715 3303 4771 fuisse
3328 4714 3530 4771 abduc-

1925 4816 2028 4862 tos.
2075 4804 2208 4861 Nam
2247 4806 2290 4862 si
2325 4806 2393 4862 de
2447 4820 2554 4861 uno
2598 4803 2897 4861 Melchiade
2947 4806 3050 4860 hoc
3093 4805 3525 4877 pervulgassent,

1921 4897 2042 4968 quis
2068 4897 2317 4954 crederet
2361 4906 2567 4954 tantum
2611 4899 2818 4954 crimen
2873 4899 3102 4954 inultum
3142 4899 3373 4970 relinqui
3427 4917 3528 4971 po—

1922 4990 2130 5046 tuisse?
2159 4989 2230 5046 At
2255 4991 2566 5048 credibilior
2594 4993 2652 5046 lit
2677 4994 2791 5046 haec
2819 4991 3132 5062 impunitas,
3154 5005 3276 5045 cum
3303 5001 3358 5047 et
3384 4993 3521 5062 ipse,

1919 5082 2074 5154 cujus
2123 5092 2242 5139 erat
2281 5085 2494 5155 punire,
2533 5094 2587 5140 et
2626 5084 2717 5155 qui
2761 5086 3004 5155 proxime
3033 5094 3154 5154 post
3178 5085 3354 5153 ipsum
3381 5103 3524 5156 prae-

1919 5184 2068 5243 sunt,
2099 5175 2342 5247 ejusdem
2366 5177 2589 5232 sceleris
2612 5177 2814 5232 conscii
2847 5175 3004 5231 ﬁunt.
3030 5175 3366 5246 Augustinus
3392 5194 3522 5234 vero

1919 5269 2040 5326 loco
2077 5271 2243 5325 citato
2273 5285 2441 5325 novos
2472 5270 2775 5325 Donatistas
2817 5267 3082 5324 mendacii
3133 5269 3288 5323 lirma
3320 5269 3410 5324 illa
3435 5286 3522 5326 ra»

1919 5367 2066 5418 tione
2087 5363 2384 5432 convincit,
2408 5363 2548 5434 quod
2579 5364 2812 5433 majores
2846 5363 3086 5430 illorum,
3117 5378 3214 5417 seu
3240 5374 3388 5431 ante,
3421 5380 3519 5421 seu

1917 5465 2037 5525 post
2085 5454 2401 5511 Melchiadis
2435 5455 2724 5526 judicium,
2756 5454 2822 5508 de
2849 5455 2940 5509 illo
2963 5455 3189 5509 crimine
3219 5470 3287 5510 ne
3314 5457 3518 5527 cogita-

1919 5548 2028 5604 rint
2053 5549 2290 5620 quidem.
2337 5567 2356 5601 ‹
2393 5548 2470 5603 De
2507 5561 2634 5618 quo,
2669 5546 2864 5617 inquit,
2906 5545 3112 5617 judicio
3133 5562 3255 5602 cum
3285 5547 3520 5618 majores

209 5663 627 5722 ιιωτίίίωιίοηίε
664 5663 734 5719 ab
771 5677 838 5719 eo
870 5661 1097 5717 crimine
1136 5665 1464 5732 arguuntur;
1506 5657 1602 5714 sed
1647 5671 1817 5712 num-
1855 5644 1887 5649 '
1922 5648 2148 5703 istorum
2181 5644 2638 5718 importunissima
2676 5644 2977 5715 pervicacia
3015 5653 3317 5700 memorato
3343 5645 3517 5716 impe-

203 5757 337 5833 quid
392 5758 446 5816 in
491 5773 561 5816 eo
613 5756 777 5815 etiam
813 5756 1243 5825 convincuntur,
1298 5762 1391 5810 aut
1441 5752 1670 5810 convicti
1716 5750 1817 5807 ali-

657 5851 937 5915 Ρηιοι..
969 5849 1077 5915 Vl.
1733 5841 1735 5843 ’

1925 5742 2092 5799 ratori
2118 5739 2516 5817 (Constantino)
2537 5749 2913 5806 quererentur,
2942 5737 3086 5812 quod
3109 5753 3216 5794 non
3237 5739 3399 5810 plene
3418 5755 3519 5799 nec

2827 5833 2886 5894 1.
