4104 6368
557 334 619 390 ii
1940 328 2028 386 DE
2068 323 2506 405 MARCELLINO
3790 324 3861 383 12

553 458 702 503 recte
734 447 890 503 fuerit
914 445 1274 502 examinatum
1305 451 1467 515 atque
1494 442 1896 514 depromptum,
1921 443 2055 498 nihil
2081 443 2149 499 de
2178 450 2235 510 Α
2258 442 2483 505 nomine,
2498 441 2763 509 Urbanus,
2814 443 2907 513 qui
2958 448 3075 497 erat
3118 442 3361 513 pontifex
3385 442 3661 516 Capitolii,
3689 453 3743 500 et
3772 459 3860 500 re-

555 540 864 597 Melcltiadis
895 539 1181 595 traditione
1212 538 1296 593 vel
1324 536 1724 593 thurilicatione
1758 534 2035 591 dixerunt.
2071 536 2153 590 Ad

554 634 708 703 cujus
738 632 1066 689 audientiam
1110 646 1213 687 nec
1257 630 1447 688 venire
1476 631 1659 702 otique
1684 629 2014 696 debuerunt,
2050 629 2157 685 hoc

558 729 736 797 potius
762 736 887 782 ante
916 722 1266 796 suggerentes
1294 714 1631 794 imperatori,
1674 733 1766 778 aut
1802 732 1863 778 ut
1893 738 2153 793 suggere-

555 827 706 874 retur
733 818 1015 882 instantes,
1046 815 1190 886 quod
1220 815 1360 886 apud
1389 814 1710 871 traditorem
1746 814 1992 870 codicum
2015 814 2155 869 divi-

556 926 750 969 norum
806 918 861 980 et
898 909 1167 966 idolorum
1212 909 1497 967 sacrificiis
1546 910 1884 981 inquinatum
1936 920 2159 965 causam

555 1018 710 1059 suam
736 1009 899 1073 agere
947 1016 1054 1057 non
1088 1001 1370 1058 deberent.
1422 998 1558 1057 Cum
1594 998 1701 1057 hoc
1739 1016 1873 1073 ergo
1895 1014 1997 1057 nec
2032 1011 2160 1056 ante

555 1095 945 1167 suggesserim,
976 1108 1074 1149 nec
1103 1102 1289 1164 postea
1314 1107 1477 1165 quam
1509 1102 1697 1149 contra
1726 1108 1820 1149 eos
1849 1107 1951 1163 pro
1983 1090 2157 1148 Caeci-

559 1187 707 1242 liano
732 1186 1029 1258 iudicatum
1063 1195 1168 1251 est,
1188 1185 1384 1240 saltem
1410 1186 1541 1241 victi
1568 1195 1622 1241 et
1648 1185 1769 1241 irati
1796 1184 2159 1257 obiiciendum

557 1282 834 1354 putarint;
868 1278 998 1351 quid
1020 1292 1163 1334 nunc
1192 1281 1385 1334 insitos
1408 1287 1515 1333 tant
1552 1293 1665 1333 sere
1699 1278 2033 1334 connectunt
2070 1291 2161 1332 ca-

553 1376 822 1432 lumnias:
862 1394 881 1428 »
915 1374 1047 1443 Quis
1071 1373 1233 1430 etiam
1259 1372 1362 1429 sibi
1391 1371 1717 1444 persuadeat
1744 1381 1853 1427 tam
1886 1371 2158 1442 publicum

554 1472 761 1528 crimen
820 1470 887 1527 ad
929 1468 1183 1526 Petilisni
1228 1483 1401 1542 usque
1444 1479 1695 1538 tempora
1725 1468 1971 1540 ignotum
1998 1475 2162 1538 atque

552 1565 821 1637 sepultum
849 1562 1239 1635 permansisse,
1267 1571 1360 1617 snt
1388 1558 1435 1616 si
1459 1572 1567 1617 non
1592 1560 1834 1625 latuerit,
1865 1566 1975 1615 tres
1999 1573 2159 1631 pres-

556 1657 776 1730 byteros
795 1656 927 1712 tanti
948 1656 1194 1712 criminis
1218 1669 1343 1710 reos
1362 1654 1416 1708 in
1438 1654 1664 1724 primam
1681 1651 1936 1709 Ecclesiae
1952 1651 2160 1719 sedem,

557 1752 709 1807 nullo
736 1750 1087 1818 reclamante,
1108 1748 1336 1814 assumi,
1360 1756 1419 1805 et
1438 1747 1877 1805 ehristianissimi
1905 1745 2168 1819 principis

2260 535 2437 608 pictus
2460 536 2803 591 multitudine
2831 536 3048 593 malitia:
3099 538 3269 607 capit
3293 552 3415 595 cum
3444 553 3513 596 eo
3538 537 3742 594 habere
3777 538 3860 593 al-

2261 622 2609 687 tercationem
2632 626 2701 686 de
2746 628 3104 685 tburifiesndo
3124 630 3228 687 diis
3251 646 3269 699 ς
3295 634 3352 686 et
3392 628 3580 688 dicens
3620 628 3689 685 sd
3718 629 3861 685 Mar-

2259 714 2514 780 cellinum
2548 710 2696 779 urbis
2725 710 2913 778 Romae
2946 722 3260 794 episcopum
3296 742 3308 776 :
3345 742 3364 777 (
3403 713 3460 779 Si
3487 708 3733 778 Christus
3761 736 3858 777 ve-

2261 825 2394 883 stcr,
2422 830 2581 887 quem
2605 814 2788 870 dicitis
2812 825 2995 869 natum
3025 814 3093 870 de
3115 815 3321 886 virgine
3345 814 3535 879 Maria,
3558 812 3686 885 quid
3717 811 3862 883 apud

2262 909 2621 979 semetipsum
2670 908 2840 979 prima
2895 907 3015 964 luce
3062 908 3212 963 missi
3261 907 3497 979 Magiab
3528 905 3744 963 Herode
3767 905 3867 962 ob-

2264 1004 2499 1058 tulerunt
2526 1002 2576 1058 ei
2603 1012 2831 1058 munera
2852 1002 2876 1057 ‘i
2896 1002 3058 1073 qua?
3087 1008 3299 1068 aurum,
3328 1003 3457 1058 thus
3480 1010 3543 1059 es
3561 1000 3865 1073 myrrham,

2266 1097 2317 1153 id
2347 1108 2403 1152 ttt
2452 1098 2655 1152 scirent
2697 1095 3027 1164 sacerdotes,
3074 1111 3171 1167 per
3220 1095 3350 1167 quid
3390 1095 3670 1167 placarent
3698 1093 3865 1161 hunc,

2263 1207 2422 1265 quem
2447 1190 2626 1248 dicitis
2656 1190 3020 1247 resurrexisse
3047 1197 3103 1247 et
3126 1189 3321 1248 sedere
3382 1205 3567 1261 super.
3607 1207 3628 1243 r
3659 1188 3797 1245 Dicit
3818 1188 3870 1244 ei

2265 1282 2610 1340 liarcellinus
2663 1284 2999 1354 episcopr
3029 1288 3053 1337 ί
3082 1280 3204 1338 Non
3248 1282 3567 1339 obtulerunt
3593 1282 3669 1348 ei,
3698 1290 3757 1336 ut
3779 1294 3871 1335 sa-

2265 1375 2575 1431 crificarent
2600 1377 2824 1432 vanitati
2853 1394 2867 1444 ;
2895 1376 2992 1433 sed
3024 1376 3167 1444 ideo,
3196 1385 3255 1431 ut
3291 1376 3463 1432 Deum
3491 1390 3555 1431 ac
3579 1374 3871 1432 Dominum

2266 1470 2583 1527 altissimum
2614 1487 2760 1540 eum,
2794 1485 2956 1543 quem
2983 1471 3270 1543 negabant,
3301 1470 3676 1527 ostenderent.
3713 1487 3733 1521 ι
3770 1467 3875 1525 Ur-

2267 1562 2441 1619 banus
2470 1562 2537 1619 ed
2563 1556 3105 1636 eadem'respondit,
3134 1556 3328 1620 diem
3352 1579 3368 1616 θ
3400 1580 3427 1617 ο
3455 1562 3573 1621 Una
3618 1570 3779 1619 nocte
3801 1561 3876 1616 si-

2268 1657 2381 1712 mul
2403 1656 2681 1713 adstemus
2701 1668 2828 1714 ante
2844 1658 3075 1713 domuos
3102 1657 3460 1728 imperatores
3481 1656 3873 1712 invictissimos

2272 1750 2669 1807 Diocletianum
2722 1759 2782 1808 et
2798 1750 3183 1807 Martinianum
3228 1759 3390 1821 atque
3419 1748 3876 1805 clementissimos

558 1846 723 1903 fidem
769 1859 832 1899 ac
884 1842 1319 1900 benevolentiam
1371 1841 1663 1897 conciliare
1711 1828 1811 1896 sibi
1881 1839 2165 1909 putuisse?
2193 1851 2242 1912 Β
2271 1844 2559 1915 principes,
2591 1854 2645 1900 et
2662 1830 2802 1901 dabo
2826 1844 2922 1902 tibi
2944 1846 3299 1915 quaestionem
3324 1843 3393 1898 de
3422 1839 3807 1898 thuriﬁcaudo.
3846 1857 3866 1891 ι

556 1938 689 1995 Fide
712 1937 926 2010 dignior
964 1944 1048 1992 est
1071 1935 1471 2002 Tlteodoretus,
1499 1935 1610 2005 qui,
1645 1934 1739 1990 lib.
1773 1942 1786 1989 t
1819 1933 1958 1989 Hist.
1990 1934 2167 2002 Eccl.,

555 2049 605 2090 c.
646 2035 699 2099 '5,
762 2051 781 2085 ι
819 2030 1191 2087 Marcellinum
1244 2029 1295 2084 iu
1349 2030 1728 2099 persecutione
1781 2029 2106 2084 inclaruisse
2138 2048 2158 2083 ι

559 2136 819 2183 testatur:
844 2144 861 2177 t
881 2125 1214 2201 Iumentum
1230 2126 1318 2180 τὸν
1339 2126 1386 2179 ἄν
1405 2122 1701 2200 τᾷδιιηρῷ
1721 2122 2111 2203 δαπρέψαντας
2139 2144 2161 2178 r

555 2218 699 2292 quod
734 2219 809 2273 ita
835 2219 1183 2288 interpretari
1209 2214 1359 2283 licet,-
1390 2225 1449 2271 ut
1492 2218 1541 2273 is
1588 2218 1981 2286 persecutionis
2023 2227 2165 2275 teme

553 2327 688 2383 pore
723 2310 886 2382 digne
935 2319 991 2366 et
1041 2309 1384 2365 laudabiliter
1436 2325 1496 2365 se
1544 2312 1797 2381 gesserit,
1856 2311 1942 2367 vel
1999 2313 2162 2367 etiam

555 2411 615 2458 ut
640 2403 755 2474 ipse
808 2402 1239 2473 persecutionem
1294 2400 1506 2457 fortiter
1551 2416 1861 2473 perpessus,
1915 2416 2163 2476 magnam

552 2496 637 2553 sui
664 2497 899 2553 nominis
926 2495 1381 2551 existimationem
1413 2496 1714 2566 reliquerit.

628 2590 681 2646 3.
708 2580 844 2644 Hinc
874 2586 1115 2643 funditus
1129 2586 1621 2642 ruuntSinuessaui
1636 2586 1853 2642 concilii
1879 2595 2019 2652 acta,
2039 2589 2161 2659 qni-

554 2681 676 2748 bus,
726 2684 930 2752 praeter
957 2679 1149 2735 rudem
1176 2688 1365 2735 eorum
1397 2689 1451 2734 et
1482 2678 1779 2750 impolitam
1808 2678 2158 2747 locutionem,

555 2774 728 2832 ntttittr
752 2771 1003 2841 absurda,
1034 2771 1285 2843 quaedam
1312 2782 1498 2827 secum
1532 2773 1845 2843 pugnantia,
1888 2772 1993 2829 alia
2035 2780 2158 2827 eum

554 2867 716 2924 dictis
756 2865 1008 2923 Petiliam
1030 2907 1045 2931 ,
1079 2864 1169 2936 qui
1198 2863 1545 2933 Marcellum,
1579 2863 1937 2921 Mclchiadem
1970 2873 2024 2921 ct
2048 2864 2158 2921 Sil-

556 2971 799 3019 vestrum
851 2959 1192 3016 thurificasse
1216 2958 1527 3031 objectabat
1548 3001 1561 3026 ,
1592 2968 1701 3015 non
1728 2961 2156 3030 consentientis,

554 3066 765 3113 necnon
788 3053 1029 3127 putidum
1048 3062 1209 3124 atque
1240 3054 1493 3109 iteratum
1520 3053 1717 3109 summi
1745 3053 2034 3125 pontiﬁcis,
2064 3054 2158 3127 qo‘i

553 3156 609 3204 et
635 3156 759 3203 mox
784 3146 1043 3217 martyrio
1067 3143 1412 3201 coronandus
1442 3147 1679 3215 ponitur,
1714 3146 2077 3215 mendacium,
2103 3156 2157 3204 et

2342 1937 2397 1993 2.
2428 1936 2723 1994 Venientes
2752 1947 2931 1994 autem
2988 1937 3098 2005 die,
3131 1936 3276 2008 quod
3302 1937 3488 1992 dicunt
3513 1933 3872 1999 Vulcanibus,

2270 2030 2403 2089 dicit
2455 2032 2505 2087 ei
2537 2030 2792 2088 Urbanus
2826 2049 2839 2086 :
2879 2050 2898 2084 ι
2953 2031 3241 2088 Faciamus
3281 2032 3407 2087 hinc
3457 2040 3511 2087 et
3562 2029 3687 2086 inde
3737 2028 3874 2084 duas

2267 2124 2564 2192 chartulas,
2589 2126 2745 2195 quasi
2773 2125 3109 2181 incrementa
3134 2124 3478 2195 petitionum,
3509 2132 3564 2178 et
3582 2120 3873 2178 aii‘eramus

2266 2212 2710 2275 clementissimis
2756 2214 3107 2289 principibus.
3143 2238 3163 2271 ι
3190 2216 3465 2273 Facetum
3489 2214 3652 2271 ambo
3677 2214 3865 2281 simul,

2266 2312 2406 2367 sicut
2434 2312 2646 2367 dixerat
2679 2311 2949 2375 Urbanus,
2982 2322 3037 2367 et
3066 2310 3347 2366 venientes
3372 2309 3440 2365 ad
3468 2308 3870 2364 sacratissimos

2265 2404 2537 2475 principes
2586 2403 2885 2459 offerebant
2930 2406 3030 2459 eis.
3085 2402 3433 2459 Marcellinus
3483 2401 3689 2473 itaque,
3718 2400 3869 2457 urbis

2264 2495 2452 2551 Romm
2469 2498 2780 2568 episcopus,
2802 2496 2961 2552 fidem
2981 2510 3226 2563 servans,
3241 2494 3518 2551 Christum
3542 2494 3865 2565 praedicans,

2264 2588 2393 2644 dicit
2439 2590 2505 2644 ad
2561 2590 2875 2660 principes:
2913 2602 2935 2642 ‹
2961 2588 3100 2658 Quid
3150 2588 3282 2645 mihi
3306 2598 3361 2645 et
3389 2584 3565 2655 vobis,
3594 2589 3867 2660 principes

2264 2681 2537 2738 terribiles
2568 2683 2825 2738 universo
2853 2682 3076 2749 mundo,
3110 2683 3360 2754 quoniam
3389 2697 3525 2739 vana
3566 2692 3650 2738 est
3675 2697 3867 2753 super-

2262 2766 2829 2831 atitio‘tliurilieandi?
2860 2795 2879 2829 ι
2932 2774 3074 2830 Dicit
3129 2784 3307 2831 autem
3357 2766 3658 2833 Urbanus:
3703 2794 3723 2828 ι
3756 2773 3865 2831 Lo-

2261 2881 2428 2939 quere
2480 2865 2549 2923 ad
2610 2882 2711 2923 nos
2765 2882 2827 2923 ac
2880 2876 3067 2924 contra
3122 2867 3404 2939 pontifices
3455 2864 3867 2923 clementissimi

2266 2971 2428 3029 atque
2472 2959 2811 3017 inviCtissimi
2840 2960 3319 3031 (clementissimos
3376 2970 3537 3032 atque
3577 2958 3868 3015 invictissi-

2260 3050 2399 3124 mos)
2433 3051 2726 3123 principes,
2776 3052 3027 3125 quoniam
3080 3046 3240 3110 deum
3284 3052 3470 3109 Jovem
3507 3060 3562 3109 et
3606 3049 3869 3108 invictum

2259 3134 2554 3203 Herculem
2611 3148 2863 3218 corporei
2890 3145 3242 3217 fabricantur,
3278 3159 3331 3204 et
3364 3148 3552 3204 Jovem
3590 3163 3749 3220 quem
3774 3146 3867 3203 di-

551 3239 658 3295 alia
680 3237 991 3309 huiusmodi
1019 3251 1179 3307 quam
1207 3237 1358 3307 plura
1387 3248 1608 3291 omnem
1638 3234 1883 3292 adimunt
1911 3240 2152 3294 auctori-
2180 3237 2225 3300 C
2259 3240 2431 3297 cimus
2483 3242 2704 3309 coelum,
2738 3251 2936 3299 terram
2970 3259 3226 3315 mareque
3252 3241 3414 3299 simul
3454 3257 3578 3298 eum
3627 3240 3869 3299 Saturno

555 3339 741 3387 tatem.
787 3329 959 3401 Hujus
1003 3339 1183 3384 tamen
1225 3330 1437 3385 concilii
1468 3340 1585 3385 acta
1609 3374 1621 3394 ,
1666 3344 1785 3402 qua!
1808 3346 1929 3386 cum
1958 3340 2158 3403 suppo-

552 3422 735 3482 sititiis
764 3424 1013 3482 Silvestri
1039 3432 1092 3479 et
1116 3423 1266 3496 Xysti
1289 3425 1457 3495 gestis
1487 3424 1540 3479 in
1561 3439 1668 3479 uno
1694 3424 1997 3497 eodemque
2026 3438 2155 3497 per-

551 3519 773 3591 antiquo
833 3516 1021 3574 codice
1084 3515 1399 3571 Colbertino
1471 3515 1891 3588 Langobardicis
1963 3517 2159 3573 litteris

550 3616 772 3670 eiurato
799 3610 1141 3677 exhibentur,
1180 3620 1254 3675 et,
1288 3617 1347 3664 ut
1372 3618 1440 3664 ex
1461 3609 1781 3691 cognatione
1822 3618 1987 3683 atque
2014 3620 2157 3666 Cotta

553 3708 808 3764 sensione
837 3705 961 3775 styli
985 3702 1232 3773 judicare
1275 3702 1420 3768 licet,
1463 3701 1715 3757 errm‘dem
1745 3700 1944 3758 habere
1966 3702 2155 3760 viden-

557 3808 643 3854 ttrr
664 3802 966 3868 parentem,
998 3794 1066 3847 ad
1103 3802 1347 3848 veterum
1382 3794 1775 3862 exemplarium
1818 3793 2002 3861 fidem,
2038 3811 2157 3864 quae

555 3893 610 3946 in
632 3887 943 3945 novissimis
959 3885 1319 3941 conciliorum
1339 3885 1675 3941 coitionibus
1696 3886 1921 3942 minime
1945 3894 2161 3943 servata

553 3994 659 4053 est,
688 3984 822 4040 infra
854 3981 1200 4045 recudemus,
1232 3994 1447 4036 necnon
1472 3987 1525 4035 et
1549 3978 1685 4035 duas
1712 3981 1993 4052 epistolas,
2026 3990 2161 4053 quas

554 4076 798 4135 lsidorus
824 4075 1090 4131 Mercator
1114 4072 1433 4128 Marcellino
1462 4073 1771 4143 supposuit.

561 4212 591 4286 ς
624 4211 710 4269 ω.
742 4240 813 4252 —-
856 4208 1087 4282 Vulgata:
1118 4208 1303 4279 synodi
1336 4206 1611 4264 Suessana:
1627 4225 1717 4265 seu
1738 4208 2069 4267 Sinuessano:
2090 4212 2153 4269 de

1025 4297 1333 4356 Marcellino
1361 4316 1501 4373 papa
1524 4310 1686 4373 gesta.

471 4513 493 4534 .
626 4443 669 4499 l.
697 4440 899 4497 Urbani
920 4448 968 4495 et
999 4436 1297 4492 Marcellini
1323 4436 1613 4492 altercatio.
1638 4462 1709 4480 --
1735 4440 1791 4494 ί.
1824 4439 2166 4495 Diocletiano

560 4545 616 4593 et
644 4534 971 4590 Maximiano
1001 4531 1277 4601 Augustis,
1301 4543 1427 4585 eum
1453 4529 1609 4584 multi
1633 4531 1691 4586 iu
1716 4532 1822 4586 vita
1842 4546 1942 4587 sua
1966 4533 2167 4589 mentis

2261 3334 2697 3393 menstruantem
2731 3336 2754 3390 ?
2781 3335 2961 3405 Quare
3001 3352 3131 3408 ergo
3179 3334 3282 3390 hoc
3311 3332 3657 3391 Marcellinus
3683 3332 3867 3405 ponti-

2262 3425 2347 3483 fex
2398 3428 2538 3484 sicut
2576 3439 2631 3487 et
2653 3445 2755 3502 ego
2782 3445 2888 3486 non
2922 3426 3195 3487 tburiftcat
3223 3426 3635 3501 majestatibus?
3672 3447 3691 3482 ι
3728 3425 3872 3483 Dicit

2260 3517 2440 3591 itaque
2512 3510 2872 3577 Diocletianus
2922 3539 2935 3575 :
2998 3539 3017 3574 ι
3092 3512 3209 3577 Non
3274 3528 3560 3578 exsecrare
3588 3516 3869 3577 hominem

2263 3613 2427 3679 hunc,
2458 3615 2715 3686 quoniam
2746 3626 2949 3672 nostra:
2976 3608 3281 3672 clementia
3304 3630 3410 3671 non
3443 3605 3745 3681 difficultat,
3770 3629 3870 3671 ex-

2264 3705 2413 3762 hibet
2459 3698 2781 3763 infiammari
2824 3725 2839 3775 ;
2882 3707 2976 3766 sed
3039 3698 3155 3780 ejus
3202 3711 3484 3765 consilium
3537 3700 3873 3779 accipiamus

2264 3807 2552 3869 utrumque
2584 3798 2883 3873 (uterque),
2918 3801 3174 3872 quoniam
3227 3818 3333 3858 non
3377 3800 3725 3874 probavimus
3767 3808 3870 3857 no-

2264 3897 2390 3943 stra:
2419 3890 2701 3947 serenitati
2748 3906 2869 3948 esse
2895 3893 3209 3961 obscurum,
3244 3909 3343 3949 uec
3369 3900 3555 3949 contra
3584 3895 3719 3950 deos
3758 3894 3870 3949 im-

2263 3982 2524 4038 mortales
2591 3976 2720 4039 d‘are
2767 3987 3111 4042 sententiam.
3170 4005 3189 4038 ι
3245 3977 3523 4043 Romanus
3591 3988 3772 4061 itaque
3810 3994 3873 4045 et

2264 4074 2570 4132 Alexander
2600 4086 2812 4135 secreto
2857 4078 3113 4136 dixerunt
3154 4080 3484 4137 Diocletiano
3512 4098 3525 4134 :
3557 4100 3576 4134 ι
3611 4082 3667 4139 Si
3698 4081 3867 4152 hunc,

2263 4167 2485 4226 domine
2513 4181 2675 4241 atque
2698 4172 3056 4230 invictissime
3075 4176 3346 4246 princeps,
3367 4176 3597 4233 consilio
3629 4178 3872 4235 tenueris

2265 4256 2650 4319 blandimentis
2676 4306 2689 4329 ,
2738 4274 2955 4321 omnem
3009 4268 3279 4323 urbanam
3307 4266 3521 4340 plebem
3544 4264 3769 4326 habebis
3809 4271 3873 4328 in

2266 4354 2470 4409 unitate
2517 4371 2865 4425 conservare,
2898 4370 2953 4415 et
2981 4368 3173 4430 gentes
3220 4366 3322 4431 per
3345 4361 3613 4419 sacriﬁcia
3667 4362 3873 4419 ﬁdelis-

2266 4446 2399 4501 sima
2437 4447 2743 4519 obiurgare.
2774 4469 2792 4502 ι

2336 4541 2403 4595 ll.
2437 4542 2513 4597 De
2555 4544 2934 4613 thariﬁcatione
2972 4545 3286 4601 Marcellini.
3312 4572 3387 4588 --
3410 4550 3469 4603 ὅθ
3501 4544 3640 4604 Dicit
3683 4559 3872 4607 autem

558 4640 669 4686 sum
698 4639 928 4698 aspersa
956 4623 1253 4680 vaeiiiitate
1297 4621 1701 4678 mentiebantur
1724 4623 1939 4694 origine
1972 4623 2162 4681 dieen-
2184 4687 2238 4713 ἢ
2268 4635 2634 4693 Diocletianus
2651 4639 2717 4693 ad
2734 4634 3465 4713 ptui-“mmmam”...
3482 4642 3635 4698 πω,
3656 4644 3868 4700 m:

562 4732 663 4786 tes.
716 4687 864 4791 quod
905 4716 1134 4773 demum
1190 4715 1511 4785 superstitio
1559 4717 1815 4772 vanitatis
1854 4730 2021 4789 super
2063 4687 2238 4776 SGID
2271 4742 2294 4783 ε

557 4816 843 4878 sentirent,
869 4821 924 4867 et
952 4810 1019 4865 ad
1051 4807 1473 4864 sacriﬁcandum
1516 4810 1710 4866 eodem
1738 4819 1991 4883 tempore
2007 4814 2165 4869 multi

558 4911 946 4968 inducerentur
997 4919 1094 4976 per
1146 4904 1449 4974 pecuniam,
1494 4912 1553 4959 ut
1599 4904 1972 4962 tburiticarent
2018 4908 2163 4965 diis:

2266 4832 2453 4878 nostra
2498 4827 2568 4880 sit
2596 4827 2855 4892 amicitia,
2885 4840 3007 4899 quae
3033 4827 3140 4884 diis
3177 4838 3238 4885 et-
3276 4832 3529 4885 universo
3574 4831 3876 4888 mendacis

2269 4915 2426 4989 (forte
2469 4914 2591 4990 fuit)
2618 4919 2852 4975 inimice.
2886 4919 3021 4976 Veni
3044 4922 3244 4994 itaque,
3277 4932 3333 4979 et
3363 4924 3691 4996 loquentiam
3720 4936 3877 4983 tuam

560 5002 873 5062 Marcelline
896 5000 1077 5070 itaque
1097 4996 1247 5053 urbis
1273 4995 1463 5054 [totum
1487 4997 1751 5069 episcopo
1770 4999 1925 5055 venit
1945 5000 2169 5071 quidam
2270 5017 2456 5065 nostro
2498 5009 2669 5067 Facias
2696 5012 3093 5072 incrementum
3138 5015 3329 5072 favori.
3364 5034 3385 5069 ι
3421 5010 3661 5073 Veniens
3683 5022 3878 5075 autem

1920 5134 2473 5207 ANNOTATIONES.

630 5276 929 5346 l.--Snper
938 5290 1027 5330 sea:
1042 5275 1304 5347 sentirent.
1321 5272 1479 5329 Unus
1495 5286 1529 5327 e
1544 5288 1672 5329 mss.
1687 5317 1700 5343 ,
1720 5275 1963 5347 Διάκριτοὸ
1976 5282 2166 5336 mentis

562 5368 672 5411 sane
715 5348 988 5405 eacillitate
1036 5345 1437 5419 mentiebantur,
1489 5347 1685 5417 origine
1733 5345 1977 5413 dicentes,
2022 5353 2162 5419 quod

566 5428 774 5482 deorum
802 5419 1098 5489 superstitio
1130 5418 1369 5471 claritatis
1396 5433 1552 5489 super
1583 5436 1634 5473 se
1656 5420 1917 5476 sentirent.
1956 5418 2161 5479 ﬂorum

564 5506 743 5552 autem
768 5503 1041 5564 gesmrum
1088 5502 1361 5564 corrector
1379 5488 1535 5564 nunc
1560 5489 1732 5544 [neum
1766 5492 1845 5545 sic
1872 5495 2165 5550 emendare

564 5558 797 5624 conatus
819 5568 900 5616 est
930 5578 943 5614 :
982 5558 1171 5614 Mentis
1221 5572 1329 5615 sine
1364 5561 1608 5629 facilitate
1651 5564 1849 5631 aspersi
1876 5608 1888 5629 ,
1953 5566 2163 5620 deorum

568 5636 936 5694 mentiebatur
982 5632 1256 5697 originem,
1295 5633 1519 5687 dicentes
1562 5635 1699 5702 quod
1746 5636 1811 5688 de
1862 5652 2039 5691 eorum
2075 5654 2164 5690 stt-

569 5709 862 5781 perstitiouc
890 5705 1165 5781 vanissinut
1217 5706 1477 5781 sentirent.
1507 5703 1701 5781 Nonne
1725 5706 1829 5781 legi
1859 5718 2155 5781 posset"...

569 5721 862 5781 persultans
890 5721 1165 5829 aguratum
1217 5721 1475 5758 sentirem.
1507 5721 1701 5761 nonne
1725 5721 1825 5777 tegi
1859 5721 2155 5775 posset.....

569 5783 791 5836 dicentes
816 5786 913 5848 quo
944 5847 952 5849 Α
1010 5772 1220 5849 deorum
1262 5777 1669 5844 superstitionem
1715 5780 1953 5833 vanitatis
1976 5796 2157 5849 exper-

568 5865 667 5910 tem
694 5865 801 5909 esse
826 5846 1064 5904 sentirent
1092 5846 1117 5898 ?

2331 5286 2629 5362 Admittas.-
2671 5288 2981 5362 Notandum
3030 5289 3184 5356 illud,
3231 5306 3344 5362 quo
3366 5293 3736 5349 altercationis
3760 5293 3874 5351 Ur-

2266 5356 2469 5437 banum
2497 5360 2640 5437 inter
2678 5372 2732 5416 et
2758 5361 3131 5437 “orceiiinum
3184 5356 3333 5421 initae
3376 5365 3566 5422 arbitri
3618 5365 3876 5437 deligun-

2267 5438 2354 5483 tur
2389 5432 2749 5489 Diocletianus
2776 5441 2835 5488 et
2859 5433 3239 5491 Maximianus.

2339 5496 2641 5571 Πὶπῑειιιιατ.
2675 5500 2788 5560 Hoc
2836 5512 2940 5572 est,
2976 5518 3080 5559 non
3130 5505 3359 5575 resistit,
3394 5504 3625 5565 dedecet
3669 5514 3880 5565 exean-

2268 5571 2494 5651 deseere
2519 5592 2548 5651 ,ς
2573 5575 2764 5651 horum
2803 5571 2991 5651 autem
3035 5586 3314 5651 corrector
3340 5571 3421 5635 sio
3440 5581 3718 5651 restim:
3743 5596 3882 5651 qne-

2271 5645 2411 5698 niam
2435 5645 2637 5700 nullam
2646 5646 2792 5722 nobis
2801 5647 3151 5722 afﬁnitatem
3173 5650 3375 5706 calcitrat
3394 5645 3837 5722 ιμιαθβηοόαὸυν
3854 5669 3877 5708 :

2269 5731 2335 5797 ex
2366 5732 2471 5797 quo
2500 5728 2697 5800 quanta
2746 5717 2850 5800 sibi
2872 5717 2877 5718 “
2899 5719 2953 5800 in
2978 5718 3167 5800 verbis
3196 5736 3259 5780 ac
3286 5717 3572 5781 sententiis
3597 5721 3881 5782 mutandis

2270 5794 2596 5857 permiserit,
2626 5794 2931 5860 perspicere
2957 5794 3059 5846 est.
