4104 6368
299 324 362 378 15
1432 313 1684 377 SYNODI
1719 315 2170 374 SINUESSANE
2208 317 2452 375 GESTA.
3541 332 3608 388 η

293 435 359 490 ad
393 434 652 503 templum
682 432 997 489 Vestianum
1029 443 1084 489 et
1107 434 1172 489 ad
1205 434 1421 501 Isidem,
1450 433 1744 490 introduxit
1777 430 1894 501 epi-
1922 431 1973 491 Α
2003 432 2477 502 praesentiamlllud
2505 447 2634 489 vero
2661 432 2786 489 dum
2815 436 3034 492 veneris
3061 437 3128 492 ad
3151 436 3412 510 judicium
3429 447 3601 510 tuum,

293 543 538 600 scopum.
571 529 674 595 Qui
709 528 833 584 dum
865 529 1202 596 introissent,
1225 539 1381 586 erant
1405 545 1525 585 cum
1556 545 1622 585 eo
1651 527 1758 582 duo
1779 527 1894 582 dia-

292 622 411 676 coni
442 621 610 677 Gaius
636 631 693 677 et
732 620 1082 678 Innocentius
1106 661 1121 688 ,
1149 631 1205 678 et
1254 630 1368 679 tres
1396 623 1694 696 presbyteri
1726 623 1894 679 Urba-

293 731 415 782 nus,
443 715 732 771 Castorius
781 726 835 771 et
860 715 1157 772 Juvenalis.
1188 715 1322 771 Dum
1353 716 1615 774 vidissent
1657 732 1781 772 eum
1816 717 1898 771 in-

291 816 628 875 troeuntem,
655 822 764 862 non
819 817 996 862 tamen
1039 809 1345 864 mittentem
1391 818 1447 864 et
1479 807 1890 875 tburilicantem,

289 901 543 973 fugerunt
567 902 620 956 hi
654 915 846 957 omnes
870 901 936 957 ad
968 902 1462 974 compresbyteros,
1486 912 1542 959 et
1572 904 1896 959 invenerunt

284 1009 380 1050 eos
406 994 464 1049 in
500 993 764 1050 Vaticano
791 993 978 1064 palatii
1023 993 1340 1058 Neroniani,
1372 1004 1428 1050 et
1475 994 1736 1049 dixerunt
1779 1009 1892 1048 rem

284 1102 444 1157 quam
470 1098 680 1158 gestam
723 1087 1008 1144 vidissent.
1054 1086 1259 1143 Euntes
1309 1096 1490 1143 autem
1537 1087 1689 1142 multi
1729 1085 1889 1141 Chri-

279 1179 442 1234 stiani
474 1195 648 1250 penus
677 1179 926 1235 veritatis
971 1178 1280 1249 exemplum
1333 1178 1602 1242 abierunt,
1635 1187 1688 1233 et
1742 1176 1890 1232 vide-

275 1281 406 1326 runt
429 1288 558 1328 eum
579 1273 884 1327 mittentem
915 1279 972 1328 et
999 1270 1421 1337 thurilicantem,
1449 1280 1504 1326 et
1531 1270 1730 1324 factum
1754 1269 1889 1323 ami-

275 1377 402 1419 cum
454 1365 783 1435 principum.
813 1365 914 1430 Qui
943 1363 1194 1420 abierunt
1221 1364 1290 1419 ab
1319 1379 1407 1429 eo,
1437 1371 1494 1417 ut
1519 1362 1886 1418 testimonium

277 1457 532 1512 veritatis
562 1456 886 1512 exhiberent
907 1496 920 1521 ,
966 1455 1052 1510 isti
1101 1467 1227 1510 sunt
1255 1475 1268 1510 :
1303 1455 1568 1522 Bonosus,
1601 1455 1884 1517 Maximus,

271 1545 537 1618 Carpilio,
587 1548 917 1620 Cyprianus,
972 1547 1274 1621 Olympius,
1328 1548 1570 1615 Priscus,
1601 1545 1881 1615 Hercules,

267 1641 698 1712 Andropbemus
729 1683 742 1705 ,
799 1641 1130 1710 Benenatus,
1183 1641 1541 1712 Epiphanius,
1581 1641 1880 1713 Crispinus,

268 1732 844 1801 Victor,Tbeodolus,
892 1735 1223 1803 Alexander,
1281 1737 1578 1800 Romanus,
1636 1737 1877 1808 Bajnlus,

2002 541 2064 578 ex
2098 533 2149 579 te
2178 524 2546 591 damnaberis,
2581 535 2633 579 et
2659 543 2723 581 ex
2750 536 2800 582 te
2823 527 3206 597 justilicaberis
3230 548 3246 596 ;
3267 539 3322 587 tu
3353 533 3494 588 enim
3518 533 3609 604 ju-

1999 618 2128 679 dex.
2181 629 2236 673 tu
2293 635 2436 674 reus.
2468 620 2772 691 Presbyteri
2829 633 3006 675 autem
3045 623 3130 677 vel
3161 623 3436 692 diaconos,
3464 640 3602 694 quo-

1999 713 2141 767 niam
2175 713 2482 784 pontiﬁcem
2513 714 2604 784 qui
2638 728 2734 768 eos
2762 715 2965 768 creavit
2988 716 3042 769 in
3071 717 3260 771 ordine
3279 717 3600 789 presbyterii

1999 805 2084 861 vel
2116 805 2433 861 diaconatus
2463 808 2695 873 honore,
2721 817 2778 861 et
2819 807 3139 864 dimiserunt
3161 824 3368 877 aream,
3400 819 3453 865 et
3473 825 3602 867 eva-

1995 911 2290 955 cuaverunt
2342 899 2620 965 horreum,
2643 900 2711 954 ad
2741 901 3102 970 probandum,
3135 903 3338 958 amisso
3383 904 3594 969 ordine,

1997 992 2202 1048 intrent
2246 1009 2508 1060 examen,
2565 995 2817 1063 quoniam
2871 1006 3266 1052 evacuaverunt
3321 997 3594 1052 horreum.

1998 1083 2188 1139 Debuit
2220 1087 2364 1140 enim
2394 1086 2637 1155 pontifex
2666 1087 2805 1142 mori
2835 1102 2956 1142 cum
2989 1088 3224 1158 quinque
3255 1088 3477 1161 (supple,
3503 1106 3601 1160 po-

1995 1176 2122 1246 tius)
2147 1192 2308 1248 quam
2350 1178 2494 1234 vivat
2522 1194 2624 1234 suo
2644 1179 2851 1250 judicio
2882 1179 3327 1236 condemnatus.»
3356 1183 3601 1238 Introivit

1990 1278 2169 1326 autem
2223 1271 2510 1328 universus
2538 1271 2784 1344 synodus
2813 1273 2865 1326 in
2891 1281 3077 1344 crypta
3107 1274 3515 1344 Cleopatriensc
3544 1277 3596 1332 in

1989 1362 2206 1418 civitate
2235 1362 2503 1420 Sessuana
2533 1363 2654 1437 (ms.
2678 1365 2982 1435 Sensuana)
3001 1407 3016 1433 ,
3047 1375 3101 1421 et
3127 1368 3252 1437 quia
3278 1382 3382 1422 non
3413 1367 3596 1422 multi-

1989 1453 2121 1510 tudo
2171 1456 2507 1513 referebatur
2555 1457 2610 1512 in
2643 1467 2854 1530 crypta,
2886 1457 3080 1530 synodi
3126 1459 3488 1532 quinquageni
3519 1461 3597 1518 itt-

1987 1549 2244 1605 troibant.

2056 1641 2145 1696 IV.
2205 1640 2531 1698 Dantnantur
2607 1642 2887 1709 Urbanus,
2947 1642 3213 1701 Castorius
3261 1663 3322 1700 ac
3351 1647 3594 1702 socii.—

1985 1733 2041 1788 5.
2066 1731 2244 1788 Prima
2275 1745 2454 1790 autem
2489 1735 2578 1791 die
2607 1737 2802 1805 synodi
2828 1737 3150 1793 introierunt
3181 1737 3234 1793 bi
3275 1737 3597 1794 damnantes

268 1826 580 1894 Quiriacus,
637 1827 969 1893 Theodotus,
1025 1819 1326 1897 Caritosus,
1355 1828 1639 1895 Otnitazio,
1698 1830 1877 1885 llono-
1905 1831 1953 1891 B
1982 1825 2278 1893 Urbanum,
2323 1828 2629 1884 Castorium
2668 1841 2722 1886 et
2771 1831 3092 1888 Iuvenalem
3144 1833 3515 1906 presbyteros,
3542 1842 3598 1889 et

265 1930 440 1985 ratus,
475 1920 814 1986 Crescentio,
833 1919 1116 1986 Maximus,
1139 1921 1430 1989 Probinus,
1459 1922 1706 1987 Urbicus,
1731 1922 1873 1980 Cort-

266 2013 508 2079 cordius,
542 2013 836 2083 Neapolus.
866 2013 1221 2086 Relrigerius,
1247 2015 1617 2083 Sebastianus,
1652 2017 1876 2088 Calpur-

266 2106 415 2173 nius,
468 2105 741 2174 Julianus,
770 2107 1101 2178 Epiphorus,
1149 2109 1483 2178 Crispianus,
1517 2110 1870 2176 llabctdeum,

263 2197 552 2266 Crescens,
605 2199 836 2270 Rapula,
890 2201 1232 2271 Cyprianus,
1276 2201 1558 2269 Abculius,
1603 2202 1869 2273 Exquiro,

267 2292 853 2364 0rphitns,Venerius,
884 2292 1262 2364 Carpulianus,
1294 2294 1869 2362 Constantius,Ursus,

263 2384 707 2456 Valentinianus,
747 2387 987 2456 Priscus,
1020 2389 1277 2454 Severus,
1311 2391 1560 2456 Probius,
1614 2390 1867 2458 Faustus,

261 2480 558 2547 Antonius,
587 2481 870 2550 Quirillus,
906 2483 1148 2548 Albulus,
1181 2485 1465 2551 Pttlsanor,
1499 2485 1866 2552 llomobonus,

262 2571 756 2646 Caritto,Tespias,
784 2576 1045 2645 Marinus,
1075 2573 1296 2646 Fabius,
1319 2577 1712 2652 Crispinianus,
1745 2582 1869 2637 lier-

261 2669 557 2735 culentius,
587 2671 806 2737 Petrus,
857 2671 1166 2740 Nonnosus,
1199 2673 1527 2731 lionestulus
1551 2715 1568 2741 ,
1601 2675 1865 2731 Auriclia-

263 2778 388 2828 nus,
421 2762 742 2834 lmpeditus,
776 2763 1034 2832 Furinus,
1070 2765 1427 2832 Domitianus,
1460 2765 1744 2837 Agapitus,
1777 2768 1866 2822 lli-

258 2857 467 2924 mulus,
497 2857 813 2929 Capillatus,
851 2858 1200 2929 Nepotianus,
1241 2859 1598 2928 Concordius,
1644 2861 1862 2916 Bonifa~

257 2949 402 3019 cius,
461 2950 766 3021 Reparatus
794 2992 811 3019 ,
852 2952 1214 3023 Jugundinus,
1256 2955 1580 3022 Auxentius,
1613 2954 1860 3026 Cyprius,

256 3043 636 3116 Bonusbomo,
662 3046 765 3104 Cor
775 3047 999 3118 poralis,
1033 3048 1343 3114 Sallustius,
1375 3048 1664 3120 Origanus,
1690 3049 1864 3106 Vene-

258 3152 442 3206 rosus,
479 3139 781 3206 Abundius,
837 3139 1083 3209 Tinulus,
1138 3140 1326 3210 Major.
1380 3139 1447 3196 lli
1489 3156 1679 3197 omnes
1703 3141 1860 3198 electi

1982 1920 2245 1977 diaconos
2274 1921 2474 2000 Gaium_
2494 1932 2548 1978 et
2577 1923 2973 1980 Innocentium.
3008 1925 3072 1978 lli
3101 1936 3226 1979 sunt
3253 1927 3342 1996 qui
3372 1926 3595 1981 introie-

1980 2024 2107 2069 runt
2136 2015 2397 2086 episcOpi,
2431 2015 2735 2084 audientes,
2766 2034 2870 2074 non
2903 2027 3080 2073 tamen
3127 2018 3434 2088 judicantes
3459 2034 3589 2088 pon-

1981 2107 2200 2173 tilicem,
2253 2109 2478 2175 Petrus,
2539 2109 2838 2176 Castorius,
2893 2110 3251 2177 llabetdeutn,
3301 2111 3578 2179 Castinus,

1982 2199 2187 2264 Victor,
2219 2201 2553 2268 Felicianus,
2598 2202 2895 2270 Parterius,
2943 2203 3264 2274 Majorinus,
3295 2205 3587 2274 Castalius,

1986 2291 2334 2360 Laurentius,
2365 2295 2586 2360 Paulus,
2617 2296 2888 2363 Bonosus,
2918 2297 3094 2362 Felix,
3129 2297 3425 2364 Firminus,
3458 2301 3591 2370 Spe-

1975 2386 2186 2452 sindeo,
2224 2387 2653 2459 Tranquillinus,
2694 2391 3033 2455 Anastasius,
3063 2390 3340 2460 Castinns,
3374 2394 3583 2463 Victor,

1975 2479 2426 2536 Beneservandus
2455 2523 2470 2547 ,
2513 2481 2774 2549 Joannes,
2837 2481 3171 2553 Epiphanius
3197 2525 3211 2549 ,
3244 2483 3454 2550 Castus,
3487 2485 3589 2540 Ya-

1973 2573 2213 2641 cinthus,
2270 2574 2626 2638 Herculanus,
2685 2576 2938 2643 Sabinus,
2987 2575 3578 2647 Orlittts,Gaudiosus,

1972 2664 2298 2736 Reparatus,
2327 2667 2646 2736 Amplexus,
2688 2666 2921 2739 Cyprus,
2949 2667 3303 2737 Fortunatus,
3334 2669 3579 2738 Quadra-

1975 2758 2174 2823 tianus,
2200 2758 2575 2825 Sebastianus,
2608 2757 2931 2830 Cyprianus,
2963 2760 3271 2830 Pascasius,
3295 2763 3584 2831 lnnocens,

1970 2849 2241 2918 Valerius,
2276 2851 2560 2916 Servttlus,
2617 2851 2968 2917 Cerasianus,
3001 2853 3377 2922 Constantius,
3411 2855 3582 2924 Quin-

1969 2941 2208 3006 tilianus,
2246 2943 2555 3011 Montanus,
2614 2939 2872 3011 Catellus,
2931 2945 3286 3018 Polycarpus,
3336 2948 3576 3004 Athana-

1966 3033 2102 3100 sius,
2135 3033 2406 3104 llermias,
2453 3035 2806 3105 Nepotianus,
2864 3036 3076 3103 Petrus,
3107 3039 3577 3096 Aristonicius.lli

1967 3127 2304 3184 introeuntes
2357 3128 2411 3184 in
2468 3137 2655 3200 crypta
2689 3139 2911 3199 propter
2953 3140 3156 3186 metum
3201 3144 3575 3204 augustorttm,

259 3240 386 3284 sunt
436 3230 541 3285 viri
573 3230 709 3285 libra
757 3233 1006 3298 occidua,
1037 3233 1128 3304 qui
1161 3234 1525 3289 testimonium
1581 3235 1871 3305 perhibent
1898 3228 1944 3292 C
1978 3235 2085 3274 υιιο
2119 3235 2214 3275 ore
2240 3222 2394 3289 quasi
2419 3221 2632 3287 triceni.
2663 3237 2770 3276 uno
2796 3221 2885 3278 dic
2917 3223 3035 3293 eius
3073 3226 3305 3280 consilio
3331 3227 3579 3298 iudican-

257 3321 510 3379 videotes
531 3339 652 3380 eum
678 3323 1048 3380 Marcellinum
1078 3324 1434 3382 tlturilicasse.

327 3409 414 3471 Ill.
447 3414 529 3471 De
570 3415 766 3486 synodo
821 3418 875 3471 in
925 3431 1027 3488 qua
1074 3416 1408 3472 Marcellinus
1460 3418 1777 3486 thuri/icasse
1808 3436 1862 3474 se

262 3507 565 3579 aegon—4.
595 3507 792 3564 Factus
823 3508 1005 3578 itaque
1025 3508 1282 3580 synodus,
1313 3524 1422 3564 non
1443 3516 1624 3564 tamen
1651 3509 1859 3564 collecti

259 3614 386 3656 sunt
426 3601 483 3656 in
514 3601 726 3671 integro
765 3600 1099 3668 sacerdotes,
1133 3602 1258 3672 quia
1297 3601 1597 3657 curriculus
1627 3602 1855 3672 urgeba-

257 3701 344 3748 tur
374 3693 791 3764 persecutionis.
823 3691 1060 3750 Veniens
1103 3703 1284 3752 autem
1309 3696 1595 3766 episcopus
1620 3694 1851 3751 Marcel-

255 3786 418 3850 linus,
471 3787 704 3858 negabat
757 3801 817 3842 se
875 3783 1232 3843 thuriﬁcasse.
1291 3787 1421 3842 Nam
1461 3788 1597 3842 dixit
1648 3787 1853 3855 ethoc,

252 3879 586 3934 sententiam
620 3879 922 3948 proposuit,
954 3871 1081 3949 quia
1119 3879 1442 3934 dimiserunt
1469 3895 1590 3934 eum
1616 3879 1706 3949 qui
1734 3895 1857 3934 cum

249 3986 318 4028 eo
367 3987 496 4030 esse
539 3973 860 4032 videbantur
891 3975 946 4030 in
987 3973 1179 4030 eodem
1211 3974 1327 4030 loco
1357 3975 1658 4046 presbyteri
1687 3973 1857 4031 Urba-

252 4079 379 4132 nus,
400 4063 683 4121 Castorius
710 4075 765 4122 et
794 4065 1093 4134 Iuvenalis,
1121 4075 1174 4122 et
1213 4066 1469 4123 diaconos
1497 4066 1663 4123 Gaius
1692 4077 1746 4122 et
1771 4069 1856 4122 lu-

247 4156 561 4213 noceutitts.
611 4157 862 4229 Synodus
895 4165 1075 4214 autem
1125 4158 1408 4215 universus
1451 4159 1556 4216 hoc
1605 4158 1855 4215 dixerunt

245 4260 449 4310 cuncto
495 4247 740 4323 judicio:
777 4271 795 4305 ‹
830 4247 910 4308 Tu
956 4254 1100 4310 enim
1146 4254 1255 4310 eris
1297 4251 1501 4325 judex;
1536 4269 1600 4311 ex
1635 4263 1687 4309 te
1708 4253 1851 4310 enint

244 4336 615 4414 damnaberis,
651 4355 706 4406 et
753 4362 819 4403 ex
873 4356 925 4404 te
965 4337 1398 4418 justiﬁcaberis:
1433 4357 1610 4404 tamen
1654 4359 1855 4404 nostra:

1975 3318 2079 3378 tes,
2105 3321 2159 3367 et
2185 3311 2580 3368 damnaverunt
2608 3313 2908 3380 Urbanum,
2929 3313 3232 3371 Castorium
3263 3326 3317 3372 et
3343 3317 3580 3374 Juvena-

1970 3402 2074 3456 lem
2110 3403 2472 3475 presbyteros,
2510 3413 2563 3460 et
2589 3405 2848 3461 diaconos
2877 3405 3070 3462 Gaium
3091 3419 3145 3464 et
3173 3409 3573 3480 Innocentium,

1968 3499 2059 3568 qui
2107 3509 2507 3554 evacuaverunt
2553 3499 2809 3555 horreum
2840 3540 2854 3566 ,
2909 3510 2964 3555 et
3009 3501 3336 3559 dimiserunt
3393 3520 3574 3560 aream

1965 3602 2228 3661 apertam,
2255 3601 2312 3647 ttt
2339 3593 2590 3648 introiret
2641 3594 2973 3661 immundus,
3032 3606 3087 3652 et
3135 3598 3449 3655 comederet
3480 3601 3576 3656 tri-

1967 3685 2152 3742 ticum.
2180 3687 2329 3756 Ipsos
2359 3687 2521 3742 etiam
2545 3686 2962 3746 damnaverunt.

2037 3778 2088 3832 6.
2123 3778 2187 3832 Et
2227 3777 2560 3848 judicabant,
2595 3795 2702 3833 non
2763 3789 2941 3834 tamen
2980 3780 3294 3851 judicabant
3344 3786 3568 3856 pontiﬁ-

1965 3883 2079 3927 cem
2114 3890 2124 3924 :
2150 3873 2270 3942 quia
2303 3874 2403 3927 hoc
2419 3890 2484 3927 ex
2518 3890 2627 3928 uno
2655 3889 2752 3929 ore
2773 3882 2927 3928 erant
2954 3877 3323 3946 conroborati,
3345 3879 3562 3934 utintra

1965 3967 2066 4022 hos
2104 3982 2245 4022 Lxxtt
2290 3967 2595 4022 testimonia
2645 3967 2759 4038 ipse
2781 3966 2968 4036 judox,
2993 3969 3110 4038 ipse
3157 3985 3306 4039 reus,
3337 3971 3451 4041 ipse
3478 3987 3566 4028 se-

1965 4060 2253 4132 metipsum
2300 4075 2362 4115 ea
2390 4061 2454 4130 (ί.
2491 4060 2569 4133 in)
2594 4062 2878 4129 prtcseutia
2911 4073 3099 4115 eorum
3132 4062 3475 4120 innocentem
3507 4081 3567 4121 se

1964 4163 2245 4216 servaret,
2302 4163 2355 4209 et
2403 4153 2674 4210 inlidclcm
2730 4167 2788 4208 se
2835 4153 3156 4221 damnaret;
3207 4159 3460 4228 quoniam
3511 4159 3564 4214 in

1964 4263 2107 4303 Lxxu
2163 4243 2297 4302 libra
2343 4246 2564 4302 occidua
2613 4240 3318 4322 rcparatiorretrr’resurgit
3365 4267 3560 4307 annus.

1963 4345 2113 4400 lianc
2140 4345 2322 4416 itaque
2353 4353 2504 4414 gesta
2549 4344 2891 4411 miraculum,
2940 4351 2999 4399 ut
3042 4345 3293 4402 introiret
3318 4346 3384 4402 de
3415 4349 3568 4404 testi-

1635 4487 2184 4546 ANNOTATIONES.

315 4617 382 4684 ll.
412 4623 816 4696 -—,Vestianum
847 4639 892 4684 et
932 4630 998 4684 ad
1020 4629 1234 4685 Isidem.
1260 4628 1335 4684 lta
1380 4645 1512 4685 mss.
1552 4628 1707 4686 Colb.
1742 4644 1848 4684 non
1878 4630 1931 4690 D
1955 4643 2114 4696 quam
2168 4628 2398 4682 subeant
2423 4641 2674 4688 examen,
2726 4626 2916 4680 muisso
2947 4627 3146 4692 ordine,
3175 4626 3426 4682 dicuntur
3453 4626 3552 4681 bo-

247 4710 430 4766 autem
472 4697 634 4764 Vestra
663 4709 708 4755 et
741 4697 918 4755 Isidis.

317 4759 519 4826 Penus.
556 4761 646 4826 Sic
677 4787 776 4826 ms.
809 4769 962 4828 Colb.
1001 4771 1105 4826 Alii
1130 4786 1260 4828 vero
1289 4787 1440 4840 penes
1469 4771 1548 4827 vel
1580 4788 1687 4841 per.
1720 4771 1848 4825 Mal—

245 4831 422 4912 lemus
493 4841 719 4910 spectari
759 4857 856 4897 cett
931 4845 1207 4912 spectaturi
1253 4831 1480 4899 veritatis
1533 4831 1840 4909 eietttplum.

245 4901 448 5037 Horulm
479 4901 600 4968 loco
629 4913 906 4968 substituit
941 4901 1238 4983 corrector,
1263 4925 1471 4986 propter
1499 4901 1757 4972 ueritatem
1779 4915 1848 4967 ad

245 4993 379 5037 temo
405 5001 512 5037 um.

243 4993 512 5038 templum.

363 5053 403 5109 Ι.
431 5087 502 5096 -
522 5047 713 5111 Fac’ttts
729 5057 896 5124 itaque
925 5057 1166 5128 synodus.
1196 5057 1389 5112 Contra
1419 5057 1560 5114 hanc
1579 5058 1843 5128 synodum

246 5125 509 5196 objectari
558 5129 717 5196 solet,
772 5125 1062 5196 quomodo,
1113 5137 1486 5196 persecuttoue
1540 5125 1837 5185 saevissima

245 5195 524 5270 ﬂagrante,
559 5195 1045 5270 trece’nti’epiSCOpi
1075 5195 1386 5270 congregari
1441 5203 1731 5270 potuerint,
1778 5215 1841 5255 ac

243 5269 516 5324 medicum
549 5271 822 5340 oppidum.
856 5269 907 5325 in
954 5277 1060 5340 quo
1104 5269 1219 5326 tieri
1269 5287 1371 5326 non
1418 5279 1648 5341 poterat,
1678 5282 1734 5327 ut
1766 5282 1840 5326 tot

245 5341 455 5414 externi
489 5343 752 5414 laterent,
781 5341 1126 5410 delegerint?
1165 5341 1342 5414 Qttteri
1388 5353 1441 5397 et
1468 5343 1595 5414 illud
1643 5354 1836 5414 potest,

318 5411 362 5465 is
394 5419 478 5466 tet
523 5413 808 5484 episcopos
839 5414 1062 5479 voearit,
1092 5413 1244 5483 Cujus
1294 5413 1446 5484 jussu
1499 5411 1837 5470 Marcellinus

285 5483 562 5558 ingressam
598 5486 860 5539 adductus
908 5487 996 5549 sit,
1034 5487 1150 5555 quis
1203 5483 1326 5558 huic
1374 5487 1582 5558 synodo
1605 5488 1832 5556 praefue-

240 5551 308 5626 rit
338 5555 362 5606 ?
392 5554 538 5609 Sane
585 5558 872 5625 episcopis,
901 5558 990 5626 qui
1035 5551 1178 5613 anno
1225 5557 1330 5611 502
1371 5551 1554 5613 Romae
1593 5551 1643 5613 in
1675 5572 1834 5612 causa

240 5623 555 5699 Symmachi
587 5623 736 5699 νίψω
774 5623 1184 5689 convenerunt,
1241 5630 1474 5699 ignotam
1519 5630 1681 5684 luisse
1730 5628 1833 5684 hu-

235 5694 478 5765 jusrnodi
529 5694 834 5772 synodum,
884 5708 950 5755 es
1003 5700 1068 5754 iis
1113 5713 1232 5769 qua:
1263 5694 1377 5754 ium
1406 5699 1546 5756 dicta
1579 5709 1837 5772 gestaque

235 5777 386 5834 sunt,
423 5770 764 5825 manifestum
787 5781 890 5827 est.

311 5840 516 5896 Amisso
544 5841 739 5898 ordine.
765 5843 907 5911 Quid
927 5851 1008 5900 est
1053 5843 1198 5915 quod
1229 5844 1530 5920 presbyteri
1563 5843 1659 5913 illi,
1693 5842 1838 5915 prius

1955 4714 2087 4754 nnre
2141 4699 2433 4752 destituti?
2487 4698 2769 4764 Quodnam
2815 4712 3005 4752 eorum
3049 4699 3292 4758 crimen.
3348 4707 3406 4752 ιιι
3453 4700 3553 4754 hac

1957 4785 2111 4840 paena
2171 4771 2521 4838 plectantur?
2563 4769 2704 4823 Nihil
2759 4769 2908 4840 aliud
2965 4769 3045 4823 cis
3095 4769 3413 4839 objectatur,
3449 4770 3553 4825 nisi

1954 4843 2120 4911 quod,
2146 4841 2456 4896 Marcellino
2507 4841 2750 4900 dimisso,
2794 4855 2823 4894 a
2876 4839 3030 4894 thure
3059 4840 3162 4894 diis
3193 4839 3466 4894 offerendo
3492 4857 3553 4896 se

1955 4914 2341 4975 contintterint.
2378 4912 2482 4967 Sed
2528 4914 2718 4965 horum
2748 4920 3024 4980 gestorum
3072 4911 3285 4975 artifex,
3319 4912 3408 4979 qui
3437 4913 3550 4967 cle-

1955 4985 2068 5040 rice
2107 5001 2251 5050 eum,
2280 5001 2309 5040 a
2359 5000 2465 5052 quo
2495 4984 2774 5037 ordinatus
2819 4992 2919 5045 est,
2962 4996 3216 5035 accusare
3244 4981 3462 5038 minimc
3491 4985 3550 5038 li-

1954 5072 2078 5112 cere
2105 5057 2290 5117 volnit,
2328 5067 2382 5109 ttt
2428 5056 2480 5108 itt
2513 5056 2631 5108 aliis
2662 5054 2796 5108 actis
2835 5069 2899 5108 cx
2929 5052 3044 5121 ejus
3071 5052 3282 5105 ollicina
3325 5055 3547 5119 prolatis

1950 5129 2268 5188 videbimus.
2308 5127 2405 5180 hac
2455 5127 2588 5181 forte
2619 5141 2776 5196 ptena
2825 5140 2919 5178 eos
2944 5125 3134 5196 dignos
3163 5125 3392 5186 censuit,
3421 5128 3546 5196 quia

1949 5199 2244 5254 Marcellini
2273 5201 2534 5254 creatoris
2581 5195 2662 5252 sui
2719 5195 3008 5251 accusandi
3040 5197 3381 5252 occasionem
3408 5195 3545 5267 prte-

1947 5271 2342 5396 ὺυῗῦῗῗὶλὶὺνα
2372 5341 2605 5394 occidua.
2639 5339 2864 5393 Additur
2896 5337 2981 5390 hic
3007 5338 3224 5392 occidua
3250 5339 3315 5393 ad
3349 5338 3542 5394 discri-

1947 5429 2070 5468 men
2093 5413 2389 5475 orientalis,
2421 5427 2541 5480 qute
2573 5413 2641 5465 74
2668 5408 2854 5464 solidis
2881 5410 3184 5464 constabat.
3217 5411 3289 5466 De
3312 5411 3445 5465 libra
3475 5413 3543 5466 72

1945 5486 2148 5541 solidos
2175 5487 2487 5538 continente
2520 5486 2575 5536 llt
2618 5482 2820 5536 tttentiu
2843 5481 2967 5534 cod.
3000 5480 3130 5547 Tlt.,
3166 5483 3204 5536 Ι.
3234 5498 3330 5548 xu,
3358 5484 3438 5536 tit.
3464 5500 3536 5550 vt,

1940 5555 2046 5626 leg.
2075 5557 2159 5612 15.

2015 5626 2411 5697 Repnrutionent
2446 5664 2504 5697 .._.
2518 5666 2530 5679 .

1945 5707 2029 5754 est
2081 5694 2356 5753 corrector
2404 5713 2416 5748 :
2477 5695 2541 5749 In
2595 5697 2967 5766 reparationem
3009 5694 3537 5766 (forteilegendum

1946 5773 2271 5839 reparatione
2312 5768 2523 5822 sublato
2548 5765 2628 5838 in)
2657 5765 2891 5839 resurgit
2947 5765 3132 5820 annus.
3182 5765 3295 5839 Hoc
3343 5785 3538 5837 quoque

1947 5837 2144 5913 factum
2170 5851 2240 5896 est
2287 5841 2419 5905 novi,
2449 5850 2502 5892 ttt
2552 5841 2781 5896 introiret
2813 5837 2944 5893 unus
2970 5840 3031 5892 de
3059 5837 3285 5905 testibus,
3318 5840 3403 5909 qui
3425 5855 3540 5893 cum

2567 5625 2723 5678 dedit.
2775 5623 2899 5678 lltec
2930 5624 3000 5678 ita
3051 5623 3344 5679 emendare
3388 5626 3540 5680 nisus
