4104 6368
519 287 589 360 is
1895 301 1985 360 DE
2024 293 2463 364 MARCELLINO
3763 310 3835 370 is

521 418 702 474 monia
730 417 851 474 talis
901 416 1058 472 unius
1102 414 1306 484 uxoris,
1357 415 1498 471 ﬁlios
1526 415 1751 485 habens,
1783 418 1922 474 sicut
1948 430 2005 476 et
2033 421 2121 478 hic
2145 428 2201 489 Α
2224 431 2404 478 autem
2481 419 2732 478 Castinus
2755 462 2772 491 ,
2825 421 3010 481 Bonus
3033 464 3049 490 ,
3105 424 3390 492 Quiriacus
3423 466 3440 494 ,
3492 425 3839 500 Dominicus,

520 510 614 580 qui
645 509 806 565 habet
835 524 1058 564 uxorem
1085 517 1139 563 et
1159 507 1322 574 ﬁlios,
1351 507 1858 580 adulteravitsuper
1877 527 2129 580 uxorem,

523 613 580 658 et
628 602 780 659 dedit
815 603 969 658 uxori
1003 600 1309 670 repudium.
1342 600 1412 656 Et
1463 601 1786 656 introierunt
1816 601 1905 658 alii
1942 602 2131 660 decem

523 703 580 750 et
606 695 696 748 alii
755 703 866 750 tres
897 693 1142 748 dicentes
1177 711 1190 748 :
1226 711 1245 745 i
1274 693 1387 749 Nos
1435 701 1489 748 te
1537 693 1773 749 vidimus
1827 696 2131 752 mittentem

526 797 582 842 et
628 787 1025 842 thurilicantem
1077 785 1346 853 Herculi,
1378 785 1497 841 Jovi
1525 795 1580 842 et
1629 785 1904 842 Patusino.
1948 806 1967 839 ι
1997 787 2134 844 Dicit

528 887 709 933 autem
767 876 1148 932 Marcellinus:
1187 895 1206 928 i
1242 875 1362 944 Quo
1415 877 1546 932 die?
1593 897 1614 929 ι
1649 877 1944 948 Respondit
1996 895 2134 935 unus

527 985 739 1036 eorum,
772 979 828 1024 ct
883 968 1020 1024 dixit
1051 985 1064 1020 :
1105 986 1123 1020 ‹
1158 967 1276 1036 Quo
1321 969 1410 1026 die
1447 969 1694 1025 excidisti
1739 971 1981 1041 (exuisti)
2009 986 2136 1042 pur-

528 1082 739 1136 puram,
789 1073 846 1121 et
895 1063 1118 1120 induisti
1171 1079 1429 1131 coccum,
1483 1073 1538 1119 et
1583 1064 1849 1135 gaudebat
1897 1080 2059 1135 super
2082 1073 2136 1121 te

527 1161 921 1226 Diocletianus,
971 1169 1039 1214 eo
1067 1158 1213 1229 quod
1256 1159 1388 1213 satis
1441 1158 1602 1228 paulo
1634 1167 1759 1212 ante
1792 1159 2052 1230 negabas,
2082 1170 2137 1215 et

527 1265 657 1311 ante
697 1255 815 1324 ejus
842 1252 1075 1309 tribunal
1120 1251 1485 1308 thurificabas.
1530 1271 1549 1303 ι
1581 1251 1906 1307 Athanasius
1928 1252 2138 1323 episco-

523 1366 623 1420 pus
673 1349 852 1404 dixit:
891 1367 909 1399 ‹
961 1348 1036 1402 Ita
1070 1357 1347 1419 suntquae
1393 1357 1662 1404 testantur
1712 1349 1843 1404 isti?
1877 1367 1897 1401 ›
1932 1349 2000 1404 Et
2050 1365 2137 1408 re-

529 1441 751 1512 spondit
785 1441 978 1497 Petrus
1033 1441 1322 1512 episcOpns
1349 1483 1364 1509 ,
1417 1451 1472 1496 et
1515 1440 1689 1496 dixit:
1730 1461 1748 1494 ‹
1787 1442 2032 1513 Loquere
2083 1452 2139 1499 et

531 1532 774 1602 pontifex
822 1531 885 1603 (f.
921 1540 973 1586 tu
1002 1530 1288 1602 pontifex),
1318 1541 1373 1586 et
1408 1531 1590 1602 judica
1639 1548 1857 1588 causam
1903 1545 2066 1590 tuam.
2110 1554 2130 1587 ι

2233 519 2578 587 Alexander,
2635 518 2942 577 Venerosus
2972 562 2989 588 ,
3040 521 3232 590 Felix,
3283 523 3543 592 Joannes,
3589 524 3840 599 Crispus,

2234 611 2547 681 Deusdedit,
2579 612 2927 681 Honestatus,
2957 614 3310 686 Maiorianus,
3354 616 3499 684 Vita,
3543 616 3842 690 Carpuria-

2235 720 2358 774 nus,
2393 707 2736 774 Anastasius,
2769 708 2983 777 Petrus,
3016 707 3354 779 Crescentio,
3388 711 3707 782 Domninus,
3735 714 3845 773 Ur-

2235 813 2348 868 sus,
2381 799 2612 871 Agatho,
2661 801 3011 872 IIonestatus,
3055 803 3287 871 Marcus,
3336 804 3609 875 Urbanus,
3643 807 3844 866 Valen-

2237 893 2402 961 tinus,
2436 893 2763 961 Sallustius,
2814 895 3120 963 Crescens,
3176 897 3472 966 Firminus,
3529 900 3842 973 Spectator,

2238 985 2606 1056 Sebastianus,
2659 987 2856 1057 Ultius,
2905 991 3232 1060 Benenatus,
3275 992 3562 1062 Tristator,
3616 994 3842 1064 Servus,

2234 1077 2464 1148 Marcus,
2513 1080 2817 1148 Montanus,
2869 1085 3136 1151 Asterius,
3187 1084 3500 1154 Anthimus,
3532 1087 3842 1146 Placentia-

2236 1186 2360 1239 nus,
2389 1173 2730 1242 Ambrosius,
2756 1175 3037 1245 Quirillus,
3091 1177 3360 1248 Andreas,
3390 1179 3694 1254 Philippus,
3722 1182 3840 1239 Ma-

2235 1280 2392 1334 gnus,
2423 1264 2874 1338 Exsuperantius,
2921 1271 3213 1340 Adrianus,
3265 1272 3483 1343 Petrus,
3513 1274 3843 1350 Gorgonius,

2237 1357 2503 1429 Simplex,
2539 1359 2725 1419 Victor
2758 1407 2772 1431 ,
2825 1363 3161 1422 Venerosus.
3214 1366 3516 1426 Introibant
3556 1381 3739 1429 autem
3788 1371 3844 1432 in

2239 1463 2449 1524 crypta.

2308 1546 2396 1601 VI.
2430 1547 2540 1603 Suo
2571 1565 2685 1604 eum
2719 1551 2916 1622 judicio
2967 1554 3266 1626 permittunt
3295 1598 3310 1625 ,
3342 1567 3394 1613 et
3432 1559 3654 1632 quinque
3690 1561 3851 1618 cleri~

531 1626 600 1680 Ει
645 1625 1084 1695 subscripserunt
1127 1625 1517 1695 quinquaginta
1556 1627 1794 1696 episcopi
1825 1627 1916 1698 qui
1945 1643 2136 1697 supra-
2236 1654 2412 1693 eorum
2439 1640 2824 1698 damnationem
2852 1625 3165 1716 approbant.
3194 1678 3267 1691 —
3293 1648 3350 1705 9.
3377 1625 3676 1723 Respondit
3699 1655 3850 1712 Ana-

533 1717 667 1772 dicti
721 1728 847 1772 sunt
891 1717 944 1771 in
1000 1716 1406 1787 quatuordecim
1439 1717 1621 1785 virOS,
1667 1718 1757 1787 qui
1788 1733 1855 1774 ex
1903 1735 2012 1775 uno
2041 1735 2138 1775 ore
2237 1731 2434 1786 stasius
2460 1741 2512 1787 et
2535 1733 2823 1790 Anthimus
2840 1737 3103 1809 episcopi,
3133 1748 3186 1796 et
3214 1716 3516 1797 dixerunt}
3547 1760 3567 1795 s
3602 1743 3720 1799 Tuo
3749 1761 3848 1806 ore

528 1811 886 1882 loquebantur
912 1811 979 1867 de
1003 1809 1177 1866 duoet
1204 1811 1563 1882 septuaginta,
1597 1817 1654 1866 et
1679 1811 1966 1868 ﬁrmabant
1992 1813 2139 1883 judi-
2169 1821 2216 1881 Β
2241 1821 2421 1892 judica
2467 1840 2721 1896 causam,
2755 1843 2862 1885 non
2895 1841 3084 1888 nostro
3129 1833 3375 1904 judicio;
3405 1837 3556 1894 solve
3581 1839 3853 1897 conditio.

535 1920 676 1959 Clllll)
689 1918 704 1958 .’

603 1996 666 2050 V.
705 1993 998 2068 Presbyteri
1047 1996 1196 2051 llam.
1241 1996 1623 2051 damnationem
1655 1995 1876 2052 Castorii
1903 1999 2140 2053 etsocio-

534 2108 650 2145 rum
690 2103 854 2144 ratam
904 2092 1106 2146 habent.
1144 2090 1438 2146 Marcellini
1489 2108 1698 2146 causam
1741 2092 2022 2148 discutiunt
2047 2094 2142 2148 alii

529 2185 905 2256 quinquaginta
932 2185 1178 2255 episcopi.
1209 2185 1333 2239 —7.
1364 2184 1483 2240 Alia
1514 2196 1694 2241 autem
1739 2185 1827 2242 die
1875 2196 2141 2242 venerunt

539 2291 648 2333 tres
689 2288 743 2333 et
794 2277 981 2348 viginti
1036 2277 1338 2350 presbyteri
1369 2277 1515 2334 urbis
1554 2279 1764 2348 Roma),
1791 2289 1846 2335 et
1875 2281 2138 2336 ineorum

526 2372 734 2442 judicio
764 2371 989 2438 Urbani,
1013 2372 1244 2427 Castorii
1270 2382 1326 2427 et
1347 2372 1621 2429 Juvenalis
1671 2376 2135 2447 presbyterorum,

541 2475 594 2521 et
616 2465 733 2522 Gaii
756 2474 810 2521 et
836 2465 1134 2520 Innocentii
1158 2464 1511 2521 diaconorum
1560 2465 1960 2522 damnationem
2006 2467 2140 2522 inte-

534 2582 685 2634 grant
733 2572 1145 2635 perspexerant,
1173 2562 1272 2632 ipsi
1305 2562 1374 2618 de
1420 2578 1519 2617 suo
1539 2562 1731 2618 ordine
1775 2563 2040 2633 justitiam
2070 2575 2141 2620 te-

535 2667 774 2712 nuerunt
819 2656 1063 2711 dicentes
1095 2670 1110 2706 :
1171 2673 1189 2706 ι
1223 2654 1441 2711 Amisso
1469 2653 1662 2711 ordine
1709 2665 1907 2726 negent
1927 2671 1988 2713 se
2016 2672 2139 2714 esse

537 2749 842 2819 horumque
864 2749 996 2804 socii
1021 2748 1302 2803 Ecclesiae.
1338 2767 1358 2800 ι

606 2841 660 2896 8.
716 2840 1006 2896 Venientes
1059 2849 1238 2895 autem
1294 2847 1417 2910 post
1465 2840 1762 2897 secundum
1815 2842 1959 2898 diem
2018 2853 2139 2913 post

537 2934 942 2990 damnationem
1016 2932 1465 3003 presbyterorum
1503 2933 1751 3002 Urbani,
1807 2935 2037 2992 Castorii
2084 2946 2140 2992 et

532 3023 972 3090 Juvenalis,Gaii
1014 3033 1068 3078 et
1117 3023 1421 3079 Innocentii
1470 3024 1842 3095 diaconorum,
1869 3038 2138 3084 venerunt

535 3119 625 3173 alii
677 3116 1066 3188 quinquaginta
1099 3116 1361 3186 episcopi,
1390 3126 1446 3171 et
1472 3117 1796 3174 introierunt
1823 3121 1878 3174 in
1925 3130 2134 3192 crypta,

2243 1933 2387 1974 nem.
2423 1938 2444 1972 ι
2490 1919 2849 1991 Respondeas
2918 1933 3098 1982 autem
3159 1927 3511 1986 Sebastianus
3562 1932 3853 2004 episcopus

2242 2009 2373 2066 dixit
2410 2029 2422 2064 :
2453 2031 2472 2064 ι
2501 2011 2624 2068 Noli
2670 2015 2724 2070 in
2775 2025 2962 2074 nostro
2999 2019 3229 2089 judicio,
3259 2022 3355 2078 sed
3392 2023 3588 2098 collige
3639 2028 3695 2083 in
3725 2029 3852 2084 sinu

2244 2112 2334 2159 tuo
2360 2120 2578 2162 causam
2611 2115 2779 2174 tuam,
2813 2117 2869 2166 et
2923 2110 3176 2169 introduc
3226 2122 3414 2183 testes,
3449 2125 3509 2172 ut
3559 2118 3852 2178 testificen-

2243 2205 2330 2251 tur
2361 2197 2641 2255 veritatem
2674 2203 2970 2272 :quoniam
3014 2219 3081 2261 ex
3134 2215 3186 2261 te
3228 2206 3636 2279 justiiicaberis,
3681 2221 3738 2268 et
3780 2227 3852 2270 ex

2241 2301 2337 2342 ore
2367 2298 2457 2343 tuo
2481 2289 2936 2350 condemnaberis
2970 2312 2986 2362 ;
3033 2299 3286 2368 quoniam
3314 2309 3463 2358 recte
3492 2303 3852 2373 anticipantes

2241 2384 2414 2439 nostri
2443 2393 2499 2442 et
2518 2388 2828 2461 coepiscopi
2855 2390 3269 2463 damnaverunt,
3296 2395 3509 2454 sicutet
3529 2407 3718 2455 nostro
3746 2413 3849 2456 ore

2242 2478 2473 2548 petimus
2520 2496 2628 2537 uno
2677 2487 2918 2541 consorti
2977 2486 3181 2558 judicio
3230 2489 3499 2559 damnari,
3543 2490 3849 2564 Urbanum,

2238 2569 2544 2628 Castorium
2573 2583 2626 2630 et
2663 2574 2980 2635 Iuvenalem
3016 2581 3384 2652 presbyteros,
3441 2583 3640 2641 Gaium
3675 2593 3733 2642 et
3759 2585 3851 2642 In-

2239 2663 2550 2720 nocentium
2595 2665 2855 2724 diaconos
2906 2671 3082 2742 :quia
3134 2672 3255 2729 heri
3311 2689 3377 2730 ex
3426 2676 3685 2745 Spelunca
3733 2675 3850 2734 fre-

2240 2765 2440 2823 gerunt
2493 2755 2838 2832 (fugerunt),
2890 2770 2946 2818 et
3001 2764 3325 2835 tepefactum
3397 2766 3453 2823 hi
3499 2768 3850 2840 dimiserunt,

2238 2846 2440 2902 amisso
2495 2849 2731 2920 ordine,
2784 2853 2990 2912 intrent
3040 2871 3270 2916 examen
3303 2876 3318 2915 :
3349 2863 3603 2931 quoniam
3655 2879 3850 2922 omnes

2241 2941 2456 3012 tegulae,
2485 2941 2618 3000 dicit
2665 2945 2861 3004 Petrus
2915 2951 3226 3024 episcopus,
3272 2953 3400 3011 dum
3452 2957 3603 3014 tulta:
3630 2957 3854 3016 fuerunt

2238 3033 2308 3090 de
2356 3034 2613 3106 fornace,
2656 3041 2770 3110 jam
2819 3052 2990 3102 cocta:
3034 3045 3233 3104 iterum
3276 3060 3585 3121 coquuntur
3623 3053 3764 3123 sole,
3793 3063 3854 3112 et

2239 3127 2435 3198 pluvia:
2456 3129 2510 3184 in
2537 3131 2731 3189 eodem
2757 3136 3072 3206 probantur,
3107 3148 3165 3196 ut
3189 3139 3296 3197 sint
3313 3157 3489 3215 super
3512 3144 3850 3206 habitaculis

533 3221 592 3267 ut
619 3211 775 3266 tertia
829 3224 956 3280 pars
987 3207 1179 3280 synodi
1213 3209 1600 3279 compleretur.
1651 3211 1720 3267 Et
1746 3213 1874 3268 dum
1904 3214 2134 3286 ingressi
2161 3229 2207 3292 (ζ
2240 3221 2542 3280 hominum.

534 3305 762 3359 fuissent
793 3303 844 3357 in
872 3312 1058 3372 crypta
1080 3311 1304 3373 propter
1331 3312 1706 3374 tempestatem
1751 3310 2026 3378 temporis,
2051 3310 2135 3365 in-

535 3397 718 3452 troivit
747 3407 802 3452 et
826 3395 1166 3451 Marcellinus
1189 3395 1338 3451 urbis
1360 3397 1800 3467 episcopus,cum
1827 3401 2004 3458 adhuc
2032 3403 2134 3458 ita-

536 3506 640 3560 quc
668 3504 867 3544 nomen
919 3497 1109 3544 tenens
1135 3488 1497 3560 episcopatus,
1527 3491 1758 3547 nondum
1790 3495 1934 3551 enim
1962 3496 2139 3554 fuerat

536 3583 848 3647 damnatus,
877 3582 981 3638 nisi
1013 3597 1273 3638 numerus
1325 3583 1620 3638 secundum
1652 3586 1896 3643 ordinem
1944 3591 2137 3662 synodi

537 3677 692 3732 libra:
719 3674 890 3746 (Colb.
921 3691 1015 3730 ms.
1053 3673 1212 3746 libra)
1239 3673 1497 3744 probaret
1520 3678 1844 3748 exemplum.
1896 3681 2140 3739 Introivit

2317 3317 2426 3372 VII.
2502 3318 2866 3379 Marcellinum
2944 3327 3269 3398 thuriﬁcasse
3334 3332 3597 3401 probatur.
3650 3335 3852 3408 Super-

2242 3411 2560 3468 inducuntur
2608 3425 2830 3485 quatuor
2875 3427 2924 3473 et
2962 3421 3306 3494 quadraginta
3345 3425 3464 3480 novi
3507 3423 3699 3483 Testes.
3727 3427 3855 3499 Ipse

2243 3521 2298 3559 se
2348 3506 2558 3562 damnat
2611 3509 2969 3568 Marcellinus.
3019 3545 3091 3556 —
3127 3517 3215 3574 10.
3247 3517 3395 3576 Mora
3421 3529 3604 3578 autem
3629 3537 3738 3577 non
3769 3522 3852 3578 fa-

2245 3597 2425 3654 ciente
2475 3599 2539 3671 (f.
2590 3604 2891 3676 patiente),
2921 3616 2979 3662 ut
3009 3607 3062 3664 in
3093 3609 3496 3669 damnationem
3537 3629 3724 3670 eorum
3767 3615 3856 3672 in-

2247 3692 2604 3752 terdictorum
2633 3698 3042 3760 subscriberent
3070 3703 3126 3760 hi
3151 3705 3538 3779 quinquaginta
3571 3708 3853 3781 episcopi,

1922 3820 2473 3889 ANNOTATIONES.

541 3964 585 4008 et
611 3966 820 4007 uxorem
845 3948 1048 4026 haberet
1079 3955 1126 4026 et
1158 3947 1292 4026 ﬁlios
1319 3963 1381 4002 ea:
1406 3949 1814 4026 e_a,__ipse_taincn
1841 3953 1925 4026 illi
1955 3967 2141 4026 spreta;

541 4025 828 4078 mlulteram
879 4019 1233 4090 superinduxit
1259 4060 1274 4084 ,
1328 4029 1374 4072 et
1405 4020 1564 4073 dedit.
1613 4020 1928 4090 Huiusmodi
1961 4019 2140 4085 lectio.

546 4112 667 4150 nem
705 4112 730 4146 ιι
759 4103 1002 4170 veterum
1029 4089 1282 4170 codicum
1305 4091 1484 4146 littera
1507 4089 1981 4170 sicabhorreutem
2013 4103 2136 4170 quis

544 4166 770 4234 accipiat
797 4163 820 4216 ?
854 4162 976 4232 quis
1030 4160 1211 4217 ferat?
1239 4159 1423 4231 Neque
1452 4177 1483 4217 a
1515 4163 1691 4216 littera
1731 4165 1929 4233 solum,
1960 4159 2052 4224 sed
2084 4182 2139 4228 et

545 4239 613 4291 ah
641 4233 876 4290 auctoris
923 4243 1103 4288 mente
1129 4233 1480 4305 eam_procul
1509 4234 1701 4289 abesse
1731 4251 1898 4305 prepe
1926 4240 2138 4297 indubi-

544 4319 712 4362 tatum
733 4316 835 4360 est.
866 4305 1154 4382 Non_enim
1187 4305 1230 4357 is
1256 4303 1356 4358 fuit
1387 4304 1577 4382 horum
1607 4303 1881 4382 gestorum
1912 4312 2130 4382 artifex,

548 4380 637 4449 qui
694 4379 744 4431 in
773 4376 1089 4452 gravissima
1135 4389 1317 4438 causa,
1349 4374 1414 4429 ad
1436 4392 1594 4452 quam
1615 4374 1762 4432 duos
1796 4389 1869 4452 iet
1915 4374 2135 4452 septua;

549 4445 693 4520 ginta
743 4445 908 4524 testes
939 4445 1382 4524 desideret,_eun_t
1428 4447 1654 4514 primum
1685 4451 1952 4524 proferret
1980 4445 2141 4524 quem
2167 4454 2224 4514 D

549 4516 670 4574 cum
695 4517 902 4580 saeculi,
929 4525 1036 4570 tum
1054 4516 1332 4583 Ecclesia},
1358 4517 1500 4587 leges
1530 4534 1558 4570 a
1584 4516 1892 4576 testimonio
1917 4516 2145 4584 dicendo

549 4599 754 4645 arcent.
802 4588 1063 4668 Anianus,
1086 4587 1310 4668 codicis“
1340 4588 1544 4668 ’I‘heod.
1573 4590 1944 4668 interpres,in
1975 4598 2144 4668 legem

555 4662 644 4724 12,
678 4662 759 4714 tit.
789 4676 827 4725 I,
860 4659 895 4712 ι.
930 4673 1010 4724 lx,
1035 4658 1234 4712 edicit:
1266 4657 1568 4714 Periculosa
1592 4672 1684 4724 est,
1713 4657 1760 4716 et
1808 4657 2145 4726 admittivnon

553 4733 693 4787 debet
746 4732 819 4784 rei
856 4731 1112 4804 adversus
1163 4746 1523 4804 quemcumque
1567 4736 1862 4804 professio;
1910 4750 1964 4793 et
1991 4742 2040 4794 in
2070 4743 2146 4798 le-

553 4821 673 4874 gem
699 4804 766 4857 19
795 4819 812 4880 _:
840 4799 971 4880 lure
1000 4810 1042 4854 et
1080 4799 1274 4870 legibus
1320 4799 1673 4880 constitutum'
1692 4816 1764 4859 est
1793 4847 1809 4872 ,
1842 4799 1903 4862 ut
1933 4824 2142 4880 sponta-

552 4891 648 4928 nea
684 4873 997 4947 professione
1033 4887 1148 4947 reus
1193 4887 1335 4947 reum
1385 4882 1494 4947 non’
1533 4876 1725 4944 faciat,
1776 4894 1935 4947 neque
1961 4873 2056 4938 'illi
2083 4887 2147 4940 de

555 4943 714 4998 altero
743 4943 998 5019 credatur,
1028 4943 1113 5010 qui
1163 4958 1218 5019 se
1257 4943 1584 5019 criminosum
1628 4963 1734 5000 esse
1758 4943 2019 5019 confessus
2048 4967 2140 5011 est.

557 5017 821 5069 Praedicat
862 5025 917 5069 et
954 5014 1284 5092 Augustinus
1332 5016 1399 5092 ἱιιΔ
1428 5016 1563 5092 psal.
1594 5033 1777 5092 xxxVI.
1815 5014 1970 5078 conc.
1997 5043 2054 5092 ll,
2087 5046 2141 5083 η.

554 5087 662 5141 22:
697 5086 830 5160 Reus
873 5101 1012 5160 reum
1052 5084 1325 5160 rion‘facit.
1373 5084 1611 5160 Al'riCani
1659 5104 1870 5160 quoque
1907 5084 2145 5154 canones

553 5157 688 5212 Cod.
714 5156 846 5210 eccl.
879 5155 1018 5220 Afr.,
1049 5172 1095 5209 c.
1127 5155 1247 5221 129,
1271 5157 1587 5226 pra-cipiunt
1619 5176 1630 5209 :
1664 5155 1746 5212 Ad
1774 5155 2146 5225 accusationem

554 5245 655 5282 non
695 5226 1229 5303 artmittantur_omnes
1249 5229 1467 5303 quosed
1496 5233 1784 5285 accusanda
1816 5235 2017 5303 publica
2039 5243 2145 5295 cri-

554 5300 694 5352 mina
746 5297 879 5375 leges
931 5296 1274 5375 publication
1319 5297 1641 5375 admittunt;
1689 5312 1742 5356 et
1785 5296 1902 5375 cap.
1938 5311 1991 5371 8,
2017 5325 2145 5366 san-

553 5374 701 5424 ciunt
728 5386 738 5420 :
778 5353 844 5422 Ut
864 5353 1009 5445 isqui
1035 5366 1291 5436 aliquibus
1319 5368 1589 5445 sceleribus
1615 5353 1837 5428 irretitus
1852 5353 1946 5445 lcst,
1978 5353 2146 5437 bocem

553 5441 796 5494 adversus
822 5437 1063 5520 majorem
1092 5449 1214 5518 natu
1229 5457 1329 5493 non
1347 5439 1528 5520 habeat
1554 5447 1862 5511 accusandi;
1893 5437 1946 5503 ei.
1969 5467 2018 5505 c.
2055 5453 2142 5520 19,

553 5512 738 5566 γυΙιιιιι
772 5526 785 5565 :
823 5507 892 5592 Ut
934 5508 978 5562 si
1025 5507 1178 5592 fuerit
1224 5512 1544 5592 accusalg'ris
1591 5530 1806 5592 persona
1843 5507 2144 5592 'culpabilis;

553 5585 622 5637 ad
643 5581 966 5653 arguentium
981 5595 1080 5631 non
1093 5580 1413 5653 admittatur.
1440 5581 1518 5637 Ne
1534 5580 1653 5652 qnis
1675 5597 1849 5642 tamen
1874 5580 2014 5646 dicat
2032 5580 2146 5653 liteé

554 5656 621 5709 de
650 5650 1076 5728 accusatoribus,
1105 5665 1232 5728 non_
1264 5652 1330 5706 de
1364 5650 1588 5728 testibus
1629 5661 1906 5728 constitui,
1939 5650 2146 5722 mento;

555 5725 892 5798 randum_est
917 5724 1060 5793 quod
1082 5721 1322 5798 ejusdem
1353 5725 1553 5798 codicis
1580 5729 1757 5798 capite
1781 5731 1873 5785 151
1891 5721 1917 5797 ’,
1957 5721 2146 5794 decer-

558 5796 736 5852 nitur:
774 5794 945 5854 Testes
987 5803 1156 5848 autem
1177 5795 1246 5848 ad
1288 5795 1628 5853 testimonium
1648 5794 1758 5856 non
1782 5794 2144 5878 admittendos,

2243 3965 2331 4057 qui
2348 3969 2582 4057 Anec_ad
2621 3976 2998 4057 accusationem
3047 3980 3248 4057 admitti
3301 3987 3550 4057 precepti
3572 3997 3714 4044 sunt.
3739 3987 3852 4048 Nos

2244 4051 2374 4123 vero
2421 4040 2488 4095 ad
2531 4048 3055 4123 commendationem
3084 4055 3264 4123 potius
3301 4040 3849 4119 'teStimoniiV—dict'uni

2245 4116 2523 4191 putamus,
2533 4116 2690 4191 quod
2721 4121 2930 4191 primus
2958 4123 3052 4179 ille
3083 4116 3235 4180 iestis
3251 4135 3306 4182 et
3333 4131 3492 4186 unius
3520 4116 3852 4191 uxoris—lue"—

2246 4185 2333 4246 rit,
2366 4191 2437 4262 et_
2470 4185 2611 4241 lilios
2657 4185 2944 4262 habuerit:
2979 4197 3214 4253 maxime
3251 4213 3374 4255 cum
3406 4185 3483 4254 abi
3528 4185 3851 4262 eodemeu-

2245 4261 2394 4338 etore
2424 4254 2479 4308 in
2507 4259 2804 4338 constituto
2827 4262 3098 4338 Silvestri,
3130 4284 3183 4322 n.
3243 4269 3300 4338 6,
3350 4254 3846 4335 aeditui-(simus:

2246 4320 2369 4416 {Van
2411 4328 2833 4412 condemnabitur
2878 4320 3848 4416 ειιὺιζίαέοᾷέιεεῖξιεᾶᾦῖίιῖξωδὲῖέᾶἶιξ

2247 4395 2425 4479 lector,
2450 4399 2551 4479 nisi
2579 4401 2847 4479 inceptem
2877 4409 3180 4479 testimonia
3209 4395 3850 4479 ﬁtio’iéi’ueibr'ei'iiiéil

2249 4473 2360 4558 tes,
2417 4478 2464 4521 et
2508 4472 2720 4558 omnino
2750 4472 3045 4558 ‘Christunu
3065 4472 3449 4558 ριίπξάῖεᾳιηιεδ.Δ
3475 4485 3645 4558 Igitur
3672 4472 3852 4558 priora

2252 4544 2430 4615 textus
2456 4544 2624 4615 nostri
2652 4546 2816 4602 verba
2847 4544 3112 4606 resarcire
3141 4554 3343 4609 rectius
3385 4555 3452 4609 ad
3484 4544 3721 4613 ii'ientein
3751 4544 3855 4615 au;

2250 4609 2418 4690 ctoris
2444 4611 2525 4693 sic
2555 4613 2782 4698 liceret:
2812 4616 2939 4698 ῌωσ
2959 4621 3134 4698 itaque
3157 4609 3720 4698 gestamiraculolseu
3744 4609 3849 4686 ἤδη

2250 4679 2359 4769 sine
2386 4683 2705 4769 miracula).
2721 4697 2773 4742 ut
2816 4679 3183 4769 intrpiretidev
3209 4679 3856 4769 testimoniisl'seitvt—le

2249 4751 2434 4843 ilibus)
2467 4756 2585 4843 talis
2613 4751 2766 4843 unius
2787 4762 2983 4843 uxoris,
3014 4763 3280 4843 adeoque
3307 4751 3472 4843 aptus
3486 4751 3570 4843 ad
3597 4751 3853 4843 suum}.

2250 4821 2382 4905 dore
2412 4821 2798 4905 'afliciendum,
2839 4835 2930 4903 qui
2961 4821 3022 4890 se
3052 4821 3283 4905 spiritali
3310 4821 3579 4896 adulterio
3605 4821 3849 4902 ibiibi;-

2248 4893 2461 4950 culasse
2488 4896 2700 4956 dicitur.

2324 4985 2544 5068 Herculi
2563 5000 2657 5068 etc.
2692 4992 2826 5050 Cum
2852 4998 3260 5068 superioribus,
3299 5001 3389 5060 ubi
3421 5003 3768 5064 Marcellinus
3793 5008 3854 5067 in

2250 5055 2427 5112 Vesta:
2448 5071 2503 5152 ﬁt
2529 5061 2683 5146 Isidis
2703 5055 2960 5152 templum
2983 5055 3852 5152 inductus'praedicat'tirtlioc

2249 5145 2416 5197 gnere
2445 5130 2709 5216 Duronius
2734 5130 3021 5216 observat;
3051 5157 3173 5198 cum
3206 5130 3506 5216 in'templisr
3529 5130 3855 5207 tleorumriis

2251 5209 2478 5284 tantumﬁ
2503 5203 2626 5284 diis,
2687 5207 2882 5284 quibus
2916 5211 3102 5284 dicata
3151 5227 3357 5284 essent,
3397 5203 3854 5279 sacrificaremos

2249 5272 3078 5356 esset.‘Qu.ocirca'Marcellinus
3110 5284 3234 5341 Isidi
3264 5299 3319 5343 et
3343 5272 3539 5356 Vestae,
3566 5272 3853 5348 nodi-Ie}:

2249 5343 2379 5406 culi,
2410 5343 2530 5400 Jovi
2570 5357 2625 5402 et
2662 5348 2921 5406 Palusino
2952 5368 3166 5410 sacrum
3197 5343 3685 5419 fecisseidicend‘us
3711 5343 3851 5420 {ei-si.

2323 5434 2487 5518 νΙε-τ-
2507 5437 2706 5518 Τυιιωη
2726 5441 3062 5518 Emendator
3079 5448 3354 5506 substituit
3377 5453 3546 5518 cultae.
3593 5453 3857 5512 Retinen-

2251 5506 2378 5561 dum
2393 5509 2580 5591 tultwa
2601 5513 2933 5596 verbotollo,
2965 5519 3294 5596 tu_li,_tultum
3317 5539 3337 5575 :
3360 5506 3464 5578 nec
3487 5506 3854 5596 desunt

2250 5581 2518 5666 sequioris
2545 5583 2646 5638 :evi
2674 5581 2966 5666 scriptores
3008 5587 3235 5659 hujusce
3261 5608 3389 5648 usus
3415 5597 3700 5666 exempla.
3745 5581 3854 5653 sed

2252 5665 2427 5732 neque
2459 5653 2631 5732 placet
2659 5653 2798 5725 quod
2831 5657 2972 5714 idem
3000 5653 3277 5717 corrector
3305 5664 3466 5732 paulo
3501 5653 3629 5724 ante
3662 5669 3856 5724 maluit

2249 5723 2572 5806 swpefatum,
2599 5723 2720 5781 loco
2747 5733 3077 5812 tepefactum.
3106 5747 3234 5812 cum
3257 5723 3362 5791 hoc
3382 5723 3617 5796 verbum
3632 5723 3850 5812 tegulis,

2249 5807 2370 5863 qua:
2400 5794 2594 5854 iterum
2620 5794 2946 5871 coquuntur,
2978 5803 3152 5876 magis
3179 5814 3460 5878 congruat.
