  <div class='ocr_page' id='page_1' title='image "/cluster/home/n/w/nwhite01/storage/ocr_20150623/6/hvd.32044015471238/014.png"; bbox 0 0 4104 6368; ppageno 0'>
   <div class='ocr_carea' id='block_1_1' title="bbox 244 281 3554 379">
    <p class='ocr_par' dir='ltr' id='par_1_1' title="bbox 244 281 3554 379">
     <span class='ocr_line' id='line_1_1' title="bbox 244 281 3554 379; baseline 0.011 -39"><span class='ocrx_word' id='word_1_1' title='bbox 244 281 314 340; x_wconf 72' lang='grc' dir='ltr'><strong>ΓΙ</strong></span> <span class='ocrx_word' id='word_1_2' title='bbox 1353 293 1601 352; x_wconf 83' lang='lat' dir='ltr'><strong>SYNODI</strong></span> <span class='ocrx_word' id='word_1_3' title='bbox 1639 292 2092 354; x_wconf 71' lang='lat' dir='ltr'><strong>SlNUESSAN/E</strong></span> <span class='ocrx_word' id='word_1_4' title='bbox 2131 299 2383 362; x_wconf 82' lang='lat' dir='ltr'><strong>GESTA.</strong></span> <span class='ocrx_word' id='word_1_5' title='bbox 3487 323 3554 379; x_wconf 67' lang='lat'><strong>48</strong></span> 
     </span>
    </p>
   </div>
   <div class='ocr_carea' id='block_1_2' title="bbox 243 403 3557 501">
    <p class='ocr_par' dir='ltr' id='par_1_2' title="bbox 243 403 3557 501">
     <span class='ocr_line' id='line_1_2' title="bbox 243 403 3557 501; baseline 0.009 -39"><span class='ocrx_word' id='word_1_6' title='bbox 243 403 556 501; x_wconf 31' lang='lat' dir='ltr'><strong>ut,-amisso</strong></span> <span class='ocrx_word' id='word_1_7' title='bbox 584 403 799 473; x_wconf 88' lang='lat' dir='ltr'><strong>ordine,</strong></span> <span class='ocrx_word' id='word_1_8' title='bbox 831 406 1122 466; x_wconf 74' lang='lat' dir='ltr'><strong>introirent</strong></span> <span class='ocrx_word' id='word_1_9' title='bbox 1167 411 1222 467; x_wconf 93' lang='lat' dir='ltr'><strong>in</strong></span> <span class='ocrx_word' id='word_1_10' title='bbox 1265 413 1532 486; x_wconf 80' lang='lat' dir='ltr'><strong>synodum</strong></span> <span class='ocrx_word' id='word_1_11' title='bbox 1553 457 1568 484; x_wconf 90' lang='lat'><strong>,</strong></span> <span class='ocrx_word' id='word_1_12' title='bbox 1599 430 1731 472; x_wconf 89' lang='lat' dir='ltr'><strong>ecce</strong></span> <span class='ocrx_word' id='word_1_13' title='bbox 1769 416 1852 472; x_wconf 86' lang='lat' dir='ltr'><strong>in-</strong></span> <span class='ocrx_word' id='word_1_14' title='bbox 1877 421 1933 483; x_wconf 81' lang='grc' dir='ltr'><strong>Α</strong></span> <span class='ocrx_word' id='word_1_15' title='bbox 1957 433 2010 480; x_wconf 90' lang='lat' dir='ltr'><strong>et</strong></span> <span class='ocrx_word' id='word_1_16' title='bbox 2053 441 2118 481; x_wconf 86' lang='lat' dir='ltr'><strong>ex</strong></span> <span class='ocrx_word' id='word_1_17' title='bbox 2161 424 2406 480; x_wconf 86' lang='lat' dir='ltr'><strong>manibus</strong></span> <span class='ocrx_word' id='word_1_18' title='bbox 2436 423 2569 489; x_wconf 90' lang='lat' dir='ltr'><strong>tuis,</strong></span> <span class='ocrx_word' id='word_1_19' title='bbox 2600 425 2879 485; x_wconf 79' lang='lat' dir='ltr'><strong>involvere</strong></span> <span class='ocrx_word' id='word_1_20' title='bbox 2919 430 2974 485; x_wconf 90' lang='lat' dir='ltr'><strong>in</strong></span> <span class='ocrx_word' id='word_1_21' title='bbox 3007 440 3228 500; x_wconf 87' lang='lat' dir='ltr'><strong>peccato</strong></span> <span class='ocrx_word' id='word_1_22' title='bbox 3256 442 3378 501; x_wconf 89' lang='lat' dir='ltr'><strong>tuo,</strong></span> <span class='ocrx_word' id='word_1_23' title='bbox 3415 438 3557 492; x_wconf 82' lang='lat' dir='ltr'><strong>Mar-</strong></span> 
     </span>
    </p>
   </div>
   <div class='ocr_carea' id='block_1_3' title="bbox 243 497 1851 578">
    <p class='ocr_par' dir='ltr' id='par_1_3' title="bbox 243 497 1851 578">
     <span class='ocr_line' id='line_1_3' title="bbox 243 497 1851 578; baseline 0.007 -23"><span class='ocrx_word' id='word_1_24' title='bbox 243 497 513 555; x_wconf 86' lang='lat' dir='ltr'><strong>troierunt</strong></span> <span class='ocrx_word' id='word_1_25' title='bbox 557 506 612 555; x_wconf 89' lang='lat' dir='ltr'><strong>et</strong></span> <span class='ocrx_word' id='word_1_26' title='bbox 655 501 1062 572; x_wconf 90' lang='lat' dir='ltr'><strong>quatuordecim</strong></span> <span class='ocrx_word' id='word_1_27' title='bbox 1107 512 1308 575; x_wconf 88' lang='lat' dir='ltr'><strong>testes,</strong></span> <span class='ocrx_word' id='word_1_28' title='bbox 1355 509 1447 578; x_wconf 88' lang='lat' dir='ltr'><strong>qui</strong></span> <span class='ocrx_word' id='word_1_29' title='bbox 1488 509 1739 566; x_wconf 81' lang='lat' dir='ltr'><strong>dicebant</strong></span> <span class='ocrx_word' id='word_1_30' title='bbox 1790 525 1851 566; x_wconf 89' lang='lat' dir='ltr'><strong>se</strong></span> 
     </span>
    </p>
   </div>
   <div class='ocr_carea' id='block_1_4' title="bbox 243 589 1850 671">
    <p class='ocr_par' dir='ltr' id='par_1_4' title="bbox 243 589 1850 671">
     <span class='ocr_line' id='line_1_4' title="bbox 243 589 1850 671; baseline 0.006 -24"><span class='ocrx_word' id='word_1_31' title='bbox 243 589 621 647; x_wconf 74' lang='lat' dir='ltr'><strong>Marcellinum</strong></span> <span class='ocrx_word' id='word_1_32' title='bbox 671 591 872 650; x_wconf 85' lang='lat' dir='ltr'><strong>vidisse</strong></span> <span class='ocrx_word' id='word_1_33' title='bbox 925 594 1342 653; x_wconf 82' lang='lat' dir='ltr'><strong>thurilicantem.</strong></span> <span class='ocrx_word' id='word_1_34' title='bbox 1375 600 1671 671; x_wconf 80' lang='lat' dir='ltr'><strong>ReSpondit</strong></span> <span class='ocrx_word' id='word_1_35' title='bbox 1713 617 1850 657; x_wconf 92' lang='lat' dir='ltr'><strong>unus</strong></span> 
     </span>
    </p>
   </div>
   <div class='ocr_carea' id='block_1_5' title="bbox 243 687 1852 760">
    <p class='ocr_par' dir='ltr' id='par_1_5' title="bbox 243 687 1852 760">
     <span class='ocr_line' id='line_1_5' title="bbox 243 687 1852 760; baseline 0.004 -14"><span class='ocrx_word' id='word_1_36' title='bbox 243 687 534 760; x_wconf 86' lang='lat' dir='ltr'><strong>episc0pus</strong></span> <span class='ocrx_word' id='word_1_37' title='bbox 561 689 782 744; x_wconf 89' lang='lat' dir='ltr'><strong>nomine</strong></span> <span class='ocrx_word' id='word_1_38' title='bbox 813 690 1101 747; x_wconf 76' lang='lat' dir='ltr'><strong>Sallustius</strong></span> <span class='ocrx_word' id='word_1_39' title='bbox 1131 711 1143 746; x_wconf 94' lang='lat'>:</span> <span class='ocrx_word' id='word_1_40' title='bbox 1184 712 1204 746; x_wconf 88' lang='grc'><em>‹</em></span> <span class='ocrx_word' id='word_1_41' title='bbox 1241 695 1411 752; x_wconf 90' lang='lat' dir='ltr'><strong>Dicite</strong></span> <span class='ocrx_word' id='word_1_42' title='bbox 1441 712 1622 752; x_wconf 91' lang='lat' dir='ltr'><strong>coram</strong></span> <span class='ocrx_word' id='word_1_43' title='bbox 1655 698 1852 754; x_wconf 88' lang='lat' dir='ltr'><strong>verita-</strong></span> 
     </span>
    </p>
   </div>
   <div class='ocr_carea' id='block_1_6' title="bbox 244 781 1850 854">
    <p class='ocr_par' dir='ltr' id='par_1_6' title="bbox 244 781 1850 854">
     <span class='ocr_line' id='line_1_6' title="bbox 244 781 1850 854; baseline 0.004 -15"><span class='ocrx_word' id='word_1_44' title='bbox 244 791 374 839; x_wconf 98' lang='lat' dir='ltr'><strong>tem.</strong></span> <span class='ocrx_word' id='word_1_45' title='bbox 411 799 432 835; x_wconf 74' lang='grc' dir='ltr'><strong><em>ι</em></strong></span> <span class='ocrx_word' id='word_1_46' title='bbox 469 781 774 854; x_wconf 87' lang='lat' dir='ltr'><strong>Respondit</strong></span> <span class='ocrx_word' id='word_1_47' title='bbox 817 784 1044 852; x_wconf 89' lang='lat' dir='ltr'><strong>Petrus,</strong></span> <span class='ocrx_word' id='word_1_48' title='bbox 1090 795 1147 842; x_wconf 91' lang='lat' dir='ltr'><strong>et</strong></span> <span class='ocrx_word' id='word_1_49' title='bbox 1189 787 1320 844; x_wconf 82' lang='lat' dir='ltr'><strong>dixit</strong></span> <span class='ocrx_word' id='word_1_50' title='bbox 1367 789 1432 844; x_wconf 91' lang='lat' dir='ltr'><strong>ad</strong></span> <span class='ocrx_word' id='word_1_51' title='bbox 1480 790 1850 846; x_wconf 84' lang='lat' dir='ltr'><strong>Marcellinum</strong></span> 
     </span>
    </p>
   </div>
   <div class='ocr_carea' id='block_1_7' title="bbox 244 875 1850 952">
    <p class='ocr_par' dir='ltr' id='par_1_7' title="bbox 244 875 1850 952">
     <span class='ocr_line' id='line_1_7' title="bbox 244 875 1850 952; baseline 0.004 -21"><span class='ocrx_word' id='word_1_52' title='bbox 244 875 560 946; x_wconf 84' lang='lat' dir='ltr'><strong>episcopum</strong></span> <span class='ocrx_word' id='word_1_53' title='bbox 592 892 607 930; x_wconf 88' lang='lat'><strong>:</strong></span> <span class='ocrx_word' id='word_1_54' title='bbox 646 893 666 928; x_wconf 71' lang='grc' dir='ltr'><strong><em>ι</em></strong></span> <span class='ocrx_word' id='word_1_55' title='bbox 698 875 816 931; x_wconf 83' lang='lat' dir='ltr'><strong>Jam</strong></span> <span class='ocrx_word' id='word_1_56' title='bbox 844 876 1000 944; x_wconf 91' lang='lat' dir='ltr'><strong>audi,</strong></span> <span class='ocrx_word' id='word_1_57' title='bbox 1027 879 1267 948; x_wconf 80' lang='lat' dir='ltr'><strong>pontifex</strong></span> <span class='ocrx_word' id='word_1_58' title='bbox 1287 923 1302 946; x_wconf 92' lang='lat'><strong>,</strong></span> <span class='ocrx_word' id='word_1_59' title='bbox 1326 891 1382 937; x_wconf 93' lang='lat' dir='ltr'><strong>et</strong></span> <span class='ocrx_word' id='word_1_60' title='bbox 1425 882 1604 952; x_wconf 87' lang='lat' dir='ltr'><strong>judica</strong></span> <span class='ocrx_word' id='word_1_61' title='bbox 1633 897 1850 939; x_wconf 79' lang='lat' dir='ltr'><strong>causam</strong></span> 
     </span>
    </p>
   </div>
   <div class='ocr_carea' id='block_1_8' title="bbox 245 967 1854 1042">
    <p class='ocr_par' dir='ltr' id='par_1_8' title="bbox 245 967 1854 1042">
     <span class='ocr_line' id='line_1_8' title="bbox 245 967 1854 1042; baseline 0.006 -19"><span class='ocrx_word' id='word_1_62' title='bbox 245 975 389 1023; x_wconf 80' lang='lat' dir='ltr'><strong>tuam</strong></span> <span class='ocrx_word' id='word_1_63' title='bbox 420 983 437 1022; x_wconf 88' lang='lat'><strong>:</strong></span> <span class='ocrx_word' id='word_1_64' title='bbox 466 967 722 1038; x_wconf 87' lang='lat' dir='ltr'><strong>quoniam</strong></span> <span class='ocrx_word' id='word_1_65' title='bbox 751 982 820 1024; x_wconf 86' lang='lat' dir='ltr'><strong>ex</strong></span> <span class='ocrx_word' id='word_1_66' title='bbox 848 984 942 1025; x_wconf 92' lang='lat' dir='ltr'><strong>ore</strong></span> <span class='ocrx_word' id='word_1_67' title='bbox 973 978 1065 1026; x_wconf 91' lang='lat' dir='ltr'><strong>tuo</strong></span> <span class='ocrx_word' id='word_1_68' title='bbox 1101 971 1514 1042; x_wconf 85' lang='lat' dir='ltr'><strong>justificaberis,</strong></span> <span class='ocrx_word' id='word_1_69' title='bbox 1548 985 1602 1031; x_wconf 91' lang='lat' dir='ltr'><strong>et</strong></span> <span class='ocrx_word' id='word_1_70' title='bbox 1646 992 1717 1031; x_wconf 86' lang='lat' dir='ltr'><strong>ex</strong></span> <span class='ocrx_word' id='word_1_71' title='bbox 1759 991 1854 1032; x_wconf 90' lang='lat' dir='ltr'><strong>ore</strong></span> 
     </span>
    </p>
   </div>
   <div class='ocr_carea' id='block_1_9' title="bbox 247 1059 1854 1133">
    <p class='ocr_par' dir='ltr' id='par_1_9' title="bbox 247 1059 1854 1133">
     <span class='ocr_line' id='line_1_9' title="bbox 247 1059 1854 1133; baseline 0.004 -17"><span class='ocrx_word' id='word_1_72' title='bbox 247 1067 340 1116; x_wconf 89' lang='lat' dir='ltr'><strong>tuo</strong></span> <span class='ocrx_word' id='word_1_73' title='bbox 384 1059 883 1118; x_wconf 89' lang='lat' dir='ltr'><strong>condemnaberis:</strong></span> <span class='ocrx_word' id='word_1_74' title='bbox 915 1064 1169 1133; x_wconf 89' lang='lat' dir='ltr'><strong>quoniam</strong></span> <span class='ocrx_word' id='word_1_75' title='bbox 1216 1066 1395 1120; x_wconf 91' lang='lat' dir='ltr'><strong>omnia</strong></span> <span class='ocrx_word' id='word_1_76' title='bbox 1442 1067 1683 1123; x_wconf 89' lang='lat' dir='ltr'><strong>membra</strong></span> <span class='ocrx_word' id='word_1_77' title='bbox 1724 1083 1854 1123; x_wconf 90' lang='lat' dir='ltr'><strong>sana</strong></span> 
     </span>
    </p>
   </div>
   <div class='ocr_carea' id='block_1_10' title="bbox 247 1159 1857 1234">
    <p class='ocr_par' dir='ltr' id='par_1_10' title="bbox 247 1159 1857 1234">
     <span class='ocr_line' id='line_1_10' title="bbox 247 1159 1857 1234; baseline 0.004 -21"><span class='ocrx_word' id='word_1_78' title='bbox 247 1171 371 1214; x_wconf 83' lang='lat' dir='ltr'><strong>esse</strong></span> <span class='ocrx_word' id='word_1_79' title='bbox 417 1173 526 1213; x_wconf 91' lang='lat' dir='ltr'><strong>non</strong></span> <span class='ocrx_word' id='word_1_80' title='bbox 578 1167 835 1229; x_wconf 85' lang='lat' dir='ltr'><strong>possunt,</strong></span> <span class='ocrx_word' id='word_1_81' title='bbox 875 1159 921 1214; x_wconf 91' lang='lat' dir='ltr'><strong>si</strong></span> <span class='ocrx_word' id='word_1_82' title='bbox 966 1169 1130 1230; x_wconf 90' lang='lat' dir='ltr'><strong>caput</strong></span> <span class='ocrx_word' id='word_1_83' title='bbox 1171 1163 1457 1218; x_wconf 72' lang='lat' dir='ltr'><strong>maestavit.</strong></span> <span class='ocrx_word' id='word_1_84' title='bbox 1501 1185 1519 1218; x_wconf 74' lang='grc' dir='ltr'><strong><em>ι</em></strong></span> <span class='ocrx_word' id='word_1_85' title='bbox 1557 1165 1857 1234; x_wconf 83' lang='lat' dir='ltr'><strong>Respondit</strong></span> 
     </span>
    </p>
   </div>
   <div class='ocr_carea' id='block_1_11' title="bbox 246 1249 1850 1318">
    <p class='ocr_par' dir='ltr' id='par_1_11' title="bbox 246 1249 1850 1318">
     <span class='ocr_line' id='line_1_11' title="bbox 246 1249 1850 1318; baseline 0.006 -12"><span class='ocrx_word' id='word_1_86' title='bbox 246 1249 611 1318; x_wconf 72' lang='lat' dir='ltr'><strong>Marcellinus,</strong></span> <span class='ocrx_word' id='word_1_87' title='bbox 639 1261 695 1307; x_wconf 92' lang='lat' dir='ltr'><strong>et</strong></span> <span class='ocrx_word' id='word_1_88' title='bbox 724 1252 859 1308; x_wconf 82' lang='lat' dir='ltr'><strong>dixit</strong></span> <span class='ocrx_word' id='word_1_89' title='bbox 891 1268 1024 1309; x_wconf 85' lang='lat' dir='ltr'><strong>voce</strong></span> <span class='ocrx_word' id='word_1_90' title='bbox 1051 1255 1196 1311; x_wconf 89' lang='lat' dir='ltr'><strong>clara</strong></span> <span class='ocrx_word' id='word_1_91' title='bbox 1228 1274 1242 1310; x_wconf 79' lang='grc' dir='ltr'>ε</span> <span class='ocrx_word' id='word_1_92' title='bbox 1279 1277 1298 1310; x_wconf 73' lang='grc' dir='ltr'><strong><em>ι</em></strong></span> <span class='ocrx_word' id='word_1_93' title='bbox 1336 1257 1456 1314; x_wconf 89' lang='lat' dir='ltr'><strong>Non</strong></span> <span class='ocrx_word' id='word_1_94' title='bbox 1499 1259 1603 1315; x_wconf 89' lang='lat' dir='ltr'><strong>diis</strong></span> <span class='ocrx_word' id='word_1_95' title='bbox 1639 1261 1850 1316; x_wconf 81' lang='lat' dir='ltr'><strong>sacrifi-</strong></span> 
     </span>
    </p>
   </div>
   <div class='ocr_carea' id='block_1_12' title="bbox 247 1344 1856 1425">
    <p class='ocr_par' dir='ltr' id='par_1_12' title="bbox 247 1344 1856 1425">
     <span class='ocr_line' id='line_1_12' title="bbox 247 1344 1856 1425; baseline 0.006 -24"><span class='ocrx_word' id='word_1_96' title='bbox 247 1344 390 1410; x_wconf 80' lang='lat' dir='ltr'><strong>cavi,</strong></span> <span class='ocrx_word' id='word_1_97' title='bbox 418 1344 516 1400; x_wconf 90' lang='lat' dir='ltr'><strong>sed</strong></span> <span class='ocrx_word' id='word_1_98' title='bbox 548 1353 754 1400; x_wconf 89' lang='lat' dir='ltr'><strong>tantum</strong></span> <span class='ocrx_word' id='word_1_99' title='bbox 783 1361 947 1417; x_wconf 86' lang='lat' dir='ltr'><strong>grana</strong></span> <span class='ocrx_word' id='word_1_100' title='bbox 975 1347 1168 1404; x_wconf 86' lang='lat' dir='ltr'><strong>levatis</strong></span> <span class='ocrx_word' id='word_1_101' title='bbox 1205 1351 1456 1408; x_wconf 90' lang='lat' dir='ltr'><strong>manibus</strong></span> <span class='ocrx_word' id='word_1_102' title='bbox 1492 1369 1666 1425; x_wconf 90' lang='lat' dir='ltr'><strong>pruna</strong></span> <span class='ocrx_word' id='word_1_103' title='bbox 1705 1370 1856 1410; x_wconf 82' lang='lat' dir='ltr'><strong>com-</strong></span> 
     </span>
    </p>
   </div>
   <div class='ocr_carea' id='block_1_13' title="bbox 248 1437 1856 1519">
    <p class='ocr_par' dir='ltr' id='par_1_13' title="bbox 248 1437 1856 1519">
     <span class='ocr_line' id='line_1_13' title="bbox 248 1437 1856 1519; baseline 0.007 -25"><span class='ocrx_word' id='word_1_104' title='bbox 248 1438 422 1495; x_wconf 82' lang='lat' dir='ltr'><strong>bussi.</strong></span> <span class='ocrx_word' id='word_1_105' title='bbox 459 1457 480 1491; x_wconf 73' lang='grc' dir='ltr'><strong><em>ι</em></strong></span> <span class='ocrx_word' id='word_1_106' title='bbox 511 1437 857 1496; x_wconf 89' lang='lat' dir='ltr'><strong>Levaverunt</strong></span> <span class='ocrx_word' id='word_1_107' title='bbox 887 1455 947 1496; x_wconf 90' lang='lat' dir='ltr'><strong>se</strong></span> <span class='ocrx_word' id='word_1_108' title='bbox 967 1457 1160 1498; x_wconf 90' lang='lat' dir='ltr'><strong>omnes</strong></span> <span class='ocrx_word' id='word_1_109' title='bbox 1185 1444 1568 1517; x_wconf 80' lang='lat' dir='ltr'><strong>quinquaginta</strong></span> <span class='ocrx_word' id='word_1_110' title='bbox 1598 1449 1856 1519; x_wconf 62' lang='lat' dir='ltr'><strong>pra‘sules</strong></span> 
     </span>
    </p>
   </div>
   <div class='ocr_carea' id='block_1_14' title="bbox 247 1532 1856 1606">
    <p class='ocr_par' dir='ltr' id='par_1_14' title="bbox 247 1532 1856 1606">
     <span class='ocr_line' id='line_1_14' title="bbox 247 1532 1856 1606; baseline 0.004 -15"><span class='ocrx_word' id='word_1_111' title='bbox 247 1532 530 1604; x_wconf 86' lang='lat' dir='ltr'><strong>episcopi,</strong></span> <span class='ocrx_word' id='word_1_112' title='bbox 592 1533 836 1590; x_wconf 89' lang='lat' dir='ltr'><strong>dicentes</strong></span> <span class='ocrx_word' id='word_1_113' title='bbox 887 1534 955 1590; x_wconf 84' lang='lat' dir='ltr'><strong>ad</strong></span> <span class='ocrx_word' id='word_1_114' title='bbox 1022 1537 1429 1606; x_wconf 87' lang='lat' dir='ltr'><strong>quatuordecim</strong></span> <span class='ocrx_word' id='word_1_115' title='bbox 1504 1541 1856 1598; x_wconf 89' lang='lat' dir='ltr'><strong>testimonia:</strong></span> 
     </span>
    </p>
   </div>
   <div class='ocr_carea' id='block_1_15' title="bbox 255 1624 1860 1701">
    <p class='ocr_par' dir='ltr' id='par_1_15' title="bbox 255 1624 1860 1701">
     <span class='ocr_line' id='line_1_15' title="bbox 255 1624 1860 1701; baseline 0.006 -22"><span class='ocrx_word' id='word_1_116' title='bbox 255 1643 276 1679; x_wconf 77' lang='grc' dir='ltr'>ι</span> <span class='ocrx_word' id='word_1_117' title='bbox 305 1624 447 1695; x_wconf 84' lang='lat' dir='ltr'><strong>Quid</strong></span> <span class='ocrx_word' id='word_1_118' title='bbox 469 1624 680 1681; x_wconf 83' lang='lat' dir='ltr'><strong>vidistis</strong></span> <span class='ocrx_word' id='word_1_119' title='bbox 709 1625 850 1683; x_wconf 91' lang='lat' dir='ltr'><strong>hunc</strong></span> <span class='ocrx_word' id='word_1_120' title='bbox 880 1625 1202 1684; x_wconf 83' lang='lat' dir='ltr'><strong>facientem?</strong></span> <span class='ocrx_word' id='word_1_121' title='bbox 1226 1630 1370 1701; x_wconf 92' lang='lat' dir='ltr'><strong>quod</strong></span> <span class='ocrx_word' id='word_1_122' title='bbox 1399 1647 1467 1686; x_wconf 82' lang='lat' dir='ltr'><strong>ex</strong></span> <span class='ocrx_word' id='word_1_123' title='bbox 1495 1646 1594 1687; x_wconf 92' lang='lat' dir='ltr'><strong>ore</strong></span> <span class='ocrx_word' id='word_1_124' title='bbox 1641 1647 1740 1688; x_wconf 90' lang='lat' dir='ltr'><strong>suo</strong></span> <span class='ocrx_word' id='word_1_125' title='bbox 1777 1641 1860 1688; x_wconf 86' lang='lat' dir='ltr'><strong>te-</strong></span> 
     </span>
    </p>
   </div>
   <div class='ocr_carea' id='block_1_16' title="bbox 250 1716 1863 1796">
    <p class='ocr_par' dir='ltr' id='par_1_16' title="bbox 250 1716 1863 1796">
     <span class='ocr_line' id='line_1_16' title="bbox 250 1716 1863 1796; baseline 0.007 -25"><span class='ocrx_word' id='word_1_126' title='bbox 250 1725 430 1772; x_wconf 87' lang='lat' dir='ltr'><strong>statur</strong></span> <span class='ocrx_word' id='word_1_127' title='bbox 467 1716 622 1788; x_wconf 88' lang='lat' dir='ltr'><strong>quasi</strong></span> <span class='ocrx_word' id='word_1_128' title='bbox 665 1733 772 1773; x_wconf 93' lang='lat' dir='ltr'><strong>uno</strong></span> <span class='ocrx_word' id='word_1_129' title='bbox 812 1733 910 1774; x_wconf 91' lang='lat' dir='ltr'><strong>ore</strong></span> <span class='ocrx_word' id='word_1_130' title='bbox 951 1719 1216 1777; x_wconf 90' lang='lat' dir='ltr'><strong>dicentes.</strong></span> <span class='ocrx_word' id='word_1_131' title='bbox 1252 1740 1271 1774; x_wconf 77' lang='grc'><strong>»</strong></span> <span class='ocrx_word' id='word_1_132' title='bbox 1321 1721 1390 1778; x_wconf 85' lang='grc' dir='ltr'>Ει</span> <span class='ocrx_word' id='word_1_133' title='bbox 1424 1723 1863 1796; x_wconf 87' lang='lat' dir='ltr'><strong>subscripserunt</strong></span> 
     </span>
    </p>
   </div>
   <div class='ocr_carea' id='block_1_17' title="bbox 251 1811 1945 1887">
    <p class='ocr_par' dir='ltr' id='par_1_17' title="bbox 251 1811 1945 1887">
     <span class='ocr_line' id='line_1_17' title="bbox 251 1811 1945 1887; baseline 0.004 -19"><span class='ocrx_word' id='word_1_134' title='bbox 251 1825 449 1868; x_wconf 88' lang='lat' dir='ltr'><strong>omnes</strong></span> <span class='ocrx_word' id='word_1_135' title='bbox 489 1811 875 1884; x_wconf 72' lang='lat' dir='ltr'><strong>quinquaginta</strong></span> <span class='ocrx_word' id='word_1_136' title='bbox 916 1811 970 1868; x_wconf 90' lang='lat' dir='ltr'><strong>in</strong></span> <span class='ocrx_word' id='word_1_137' title='bbox 1001 1813 1238 1885; x_wconf 86' lang='lat' dir='ltr'><strong>quinque</strong></span> <span class='ocrx_word' id='word_1_138' title='bbox 1268 1816 1576 1872; x_wconf 90' lang='lat' dir='ltr'><strong>testimonia</strong></span> <span class='ocrx_word' id='word_1_139' title='bbox 1603 1826 1859 1887; x_wconf 86' lang='lat' dir='ltr'><strong>quatuor-</strong></span> <span class='ocrx_word' id='word_1_140' title='bbox 1898 1821 1945 1881; x_wconf 90' lang='lat' dir='ltr'><strong>B</strong></span> 
     </span>
    </p>
   </div>
   <div class='ocr_carea' id='block_1_18' title="bbox 253 1903 1864 1980">
    <p class='ocr_par' dir='ltr' id='par_1_18' title="bbox 253 1903 1864 1980">
     <span class='ocr_line' id='line_1_18' title="bbox 253 1903 1864 1980; baseline 0.001 -17"><span class='ocrx_word' id='word_1_141' title='bbox 253 1905 434 1964; x_wconf 82' lang='lat' dir='ltr'><strong>decim</strong></span> <span class='ocrx_word' id='word_1_142' title='bbox 460 1905 701 1961; x_wconf 87' lang='lat' dir='ltr'><strong>virorum</strong></span> <span class='ocrx_word' id='word_1_143' title='bbox 734 1920 751 1961; x_wconf 87' lang='lat'><strong>:</strong></span> <span class='ocrx_word' id='word_1_144' title='bbox 780 1903 854 1960; x_wconf 87' lang='lat' dir='ltr'><strong>ita</strong></span> <span class='ocrx_word' id='word_1_145' title='bbox 884 1914 944 1960; x_wconf 92' lang='lat' dir='ltr'><strong>ut</strong></span> <span class='ocrx_word' id='word_1_146' title='bbox 969 1914 1093 1961; x_wconf 93' lang='lat' dir='ltr'><strong>octo</strong></span> <span class='ocrx_word' id='word_1_147' title='bbox 1138 1915 1192 1962; x_wconf 90' lang='lat' dir='ltr'><strong>et</strong></span> <span class='ocrx_word' id='word_1_148' title='bbox 1238 1906 1424 1978; x_wconf 76' lang='lat' dir='ltr'><strong>viginti</strong></span> <span class='ocrx_word' id='word_1_149' title='bbox 1461 1909 1864 1980; x_wconf 88' lang='lat' dir='ltr'><strong>complerentur</strong></span> 
     </span>
    </p>
   </div>
   <div class='ocr_carea' id='block_1_19' title="bbox 254 1995 1866 2071">
    <p class='ocr_par' dir='ltr' id='par_1_19' title="bbox 254 1995 1866 2071">
     <span class='ocr_line' id='line_1_19' title="bbox 254 1995 1866 2071; baseline 0.002 -16"><span class='ocrx_word' id='word_1_150' title='bbox 254 2015 381 2056; x_wconf 87' lang='lat' dir='ltr'><strong>cum</strong></span> <span class='ocrx_word' id='word_1_151' title='bbox 415 1995 744 2069; x_wconf 89' lang='lat' dir='ltr'><strong>anticipatis.</strong></span> <span class='ocrx_word' id='word_1_152' title='bbox 781 1996 934 2054; x_wconf 91' lang='lat' dir='ltr'><strong>Unus</strong></span> <span class='ocrx_word' id='word_1_153' title='bbox 974 2007 1151 2054; x_wconf 92' lang='lat' dir='ltr'><strong>autem</strong></span> <span class='ocrx_word' id='word_1_154' title='bbox 1194 1998 1264 2054; x_wconf 91' lang='lat' dir='ltr'><strong>de</strong></span> <span class='ocrx_word' id='word_1_155' title='bbox 1305 2000 1608 2071; x_wconf 83' lang='lat' dir='ltr'><strong>episcopis,</strong></span> <span class='ocrx_word' id='word_1_156' title='bbox 1643 2003 1866 2058; x_wconf 90' lang='lat' dir='ltr'><strong>nomine</strong></span> 
     </span>
    </p>
   </div>
   <div class='ocr_carea' id='block_1_20' title="bbox 255 2089 1864 2162">
    <p class='ocr_par' dir='ltr' id='par_1_20' title="bbox 255 2089 1864 2162">
     <span class='ocr_line' id='line_1_20' title="bbox 255 2089 1864 2162; baseline -0.001 -13"><span class='ocrx_word' id='word_1_157' title='bbox 255 2093 537 2162; x_wconf 84' lang='lat' dir='ltr'><strong>Quirinus,</strong></span> <span class='ocrx_word' id='word_1_158' title='bbox 565 2091 740 2146; x_wconf 84' lang='lat' dir='ltr'><strong>dixit:</strong></span> <span class='ocrx_word' id='word_1_159' title='bbox 778 2109 797 2142; x_wconf 86' lang='grc'><strong><em>‹</em></strong></span> <span class='ocrx_word' id='word_1_160' title='bbox 832 2089 1077 2146; x_wconf 87' lang='lat' dir='ltr'><strong>lnfudisti</strong></span> <span class='ocrx_word' id='word_1_161' title='bbox 1103 2105 1199 2146; x_wconf 91' lang='lat' dir='ltr'><strong>cor</strong></span> <span class='ocrx_word' id='word_1_162' title='bbox 1228 2101 1398 2157; x_wconf 92' lang='lat' dir='ltr'><strong>tuum,</strong></span> <span class='ocrx_word' id='word_1_163' title='bbox 1429 2092 1690 2162; x_wconf 88' lang='lat' dir='ltr'><strong>pontifex,</strong></span> <span class='ocrx_word' id='word_1_164' title='bbox 1714 2093 1864 2148; x_wconf 66' lang='lat' dir='ltr'><strong>mali-«</strong></span> 
     </span>
    </p>
   </div>
   <div class='ocr_carea' id='block_1_21' title="bbox 257 2183 1864 2257">
    <p class='ocr_par' dir='ltr' id='par_1_21' title="bbox 257 2183 1864 2257">
     <span class='ocr_line' id='line_1_21' title="bbox 257 2183 1864 2257; baseline -0.001 -15"><span class='ocrx_word' id='word_1_165' title='bbox 257 2187 356 2255; x_wconf 84' lang='lat' dir='ltr'><strong>tia,</strong></span> <span class='ocrx_word' id='word_1_166' title='bbox 384 2183 530 2257; x_wconf 89' lang='lat' dir='ltr'><strong>quod</strong></span> <span class='ocrx_word' id='word_1_167' title='bbox 557 2183 746 2240; x_wconf 91' lang='lat' dir='ltr'><strong>decem</strong></span> <span class='ocrx_word' id='word_1_168' title='bbox 778 2191 833 2239; x_wconf 90' lang='lat' dir='ltr'><strong>et</strong></span> <span class='ocrx_word' id='word_1_169' title='bbox 857 2191 983 2239; x_wconf 90' lang='lat' dir='ltr'><strong>octo</strong></span> <span class='ocrx_word' id='word_1_170' title='bbox 1012 2184 1169 2238; x_wconf 89' lang='lat' dir='ltr'><strong>annis</strong></span> <span class='ocrx_word' id='word_1_171' title='bbox 1204 2184 1282 2239; x_wconf 87' lang='lat' dir='ltr'><strong>sic</strong></span> <span class='ocrx_word' id='word_1_172' title='bbox 1317 2198 1540 2254; x_wconf 88' lang='lat' dir='ltr'><strong>caveras</strong></span> <span class='ocrx_word' id='word_1_173' title='bbox 1587 2185 1864 2251; x_wconf 87' lang='lat' dir='ltr'><strong>castitate;</strong></span> 
     </span>
    </p>
   </div>
   <div class='ocr_carea' id='block_1_22' title="bbox 256 2277 1869 2354">
    <p class='ocr_par' dir='ltr' id='par_1_22' title="bbox 256 2277 1869 2354">
     <span class='ocr_line' id='line_1_22' title="bbox 256 2277 1869 2354; baseline 0.001 -18"><span class='ocrx_word' id='word_1_174' title='bbox 256 2278 461 2354; x_wconf 73' lang='lat' dir='ltr'><strong>przesul</strong></span> <span class='ocrx_word' id='word_1_175' title='bbox 505 2277 803 2335; x_wconf 78' lang='lat' dir='ltr'><strong>vulnerasti</strong></span> <span class='ocrx_word' id='word_1_176' title='bbox 850 2277 1102 2333; x_wconf 90' lang='lat' dir='ltr'><strong>universa</strong></span> <span class='ocrx_word' id='word_1_177' title='bbox 1142 2278 1384 2334; x_wconf 88' lang='lat' dir='ltr'><strong>membra</strong></span> <span class='ocrx_word' id='word_1_178' title='bbox 1426 2288 1553 2335; x_wconf 91' lang='lat' dir='ltr'><strong>tua:</strong></span> <span class='ocrx_word' id='word_1_179' title='bbox 1583 2289 1869 2352; x_wconf 85' lang='lat' dir='ltr'><strong>propterea</strong></span> 
     </span>
    </p>
   </div>
   <div class='ocr_carea' id='block_1_23' title="bbox 258 2369 1871 2446">
    <p class='ocr_par' dir='ltr' id='par_1_23' title="bbox 258 2369 1871 2446">
     <span class='ocr_line' id='line_1_23' title="bbox 258 2369 1871 2446; baseline 0.001 -17"><span class='ocrx_word' id='word_1_180' title='bbox 258 2388 364 2446; x_wconf 89' lang='lat' dir='ltr'><strong>ego</strong></span> <span class='ocrx_word' id='word_1_181' title='bbox 387 2387 498 2429; x_wconf 90' lang='lat' dir='ltr'><strong>non</strong></span> <span class='ocrx_word' id='word_1_182' title='bbox 523 2371 778 2429; x_wconf 86' lang='lat' dir='ltr'><strong>recedam</strong></span> <span class='ocrx_word' id='word_1_183' title='bbox 807 2369 876 2427; x_wconf 91' lang='lat' dir='ltr'><strong>de</strong></span> <span class='ocrx_word' id='word_1_184' title='bbox 896 2371 1044 2426; x_wconf 91' lang='lat' dir='ltr'><strong>omni</strong></span> <span class='ocrx_word' id='word_1_185' title='bbox 1063 2369 1288 2428; x_wconf 89' lang='lat' dir='ltr'><strong>introitu</strong></span> <span class='ocrx_word' id='word_1_186' title='bbox 1310 2372 1503 2446; x_wconf 86' lang='lat' dir='ltr'><strong>synodi</strong></span> <span class='ocrx_word' id='word_1_187' title='bbox 1531 2387 1722 2430; x_wconf 90' lang='lat' dir='ltr'><strong>:omne</strong></span> <span class='ocrx_word' id='word_1_188' title='bbox 1743 2388 1871 2445; x_wconf 90' lang='lat' dir='ltr'><strong>pur-</strong></span> 
     </span>
    </p>
   </div>
   <div class='ocr_carea' id='block_1_24' title="bbox 258 2477 872 2542">
    <p class='ocr_par' dir='ltr' id='par_1_24' title="bbox 258 2477 872 2542">
     <span class='ocr_line' id='line_1_24' title="bbox 258 2477 872 2542; baseline -0.007 -18"><span class='ocrx_word' id='word_1_189' title='bbox 258 2483 490 2542; x_wconf 89' lang='lat' dir='ltr'><strong>pureum</strong></span> <span class='ocrx_word' id='word_1_190' title='bbox 520 2481 616 2524; x_wconf 89' lang='lat' dir='ltr'><strong>cor</strong></span> <span class='ocrx_word' id='word_1_191' title='bbox 642 2477 813 2522; x_wconf 87' lang='lat' dir='ltr'><strong>tuum.</strong></span> <span class='ocrx_word' id='word_1_192' title='bbox 853 2485 872 2520; x_wconf 77' lang='grc' dir='ltr'><strong><em>ι</em></strong></span> 
     </span>
    </p>
   </div>
   <div class='ocr_carea' id='block_1_25' title="bbox 337 2558 1873 2633">
    <p class='ocr_par' dir='ltr' id='par_1_25' title="bbox 337 2558 1873 2633">
     <span class='ocr_line' id='line_1_25' title="bbox 337 2558 1873 2633; baseline -0.001 -15"><span class='ocrx_word' id='word_1_193' title='bbox 337 2564 428 2618; x_wconf 72' lang='lat' dir='ltr'><strong>ii.</strong></span> <span class='ocrx_word' id='word_1_194' title='bbox 450 2561 572 2619; x_wconf 84' lang='lat' dir='ltr'><strong>Alia</strong></span> <span class='ocrx_word' id='word_1_195' title='bbox 598 2570 781 2618; x_wconf 87' lang='lat' dir='ltr'><strong>autem</strong></span> <span class='ocrx_word' id='word_1_196' title='bbox 806 2558 896 2616; x_wconf 85' lang='lat' dir='ltr'><strong>die</strong></span> <span class='ocrx_word' id='word_1_197' title='bbox 919 2559 1320 2616; x_wconf 88' lang='lat' dir='ltr'><strong>constituerunt</strong></span> <span class='ocrx_word' id='word_1_198' title='bbox 1341 2560 1398 2615; x_wconf 87' lang='lat' dir='ltr'><strong>hi</strong></span> <span class='ocrx_word' id='word_1_199' title='bbox 1417 2559 1634 2617; x_wconf 90' lang='lat' dir='ltr'><strong>ducenti</strong></span> <span class='ocrx_word' id='word_1_200' title='bbox 1660 2561 1873 2633; x_wconf 89' lang='lat' dir='ltr'><strong>episco-</strong></span> 
     </span>
    </p>
   </div>
   <div class='ocr_carea' id='block_1_26' title="bbox 261 2654 1874 2730">
    <p class='ocr_par' dir='ltr' id='par_1_26' title="bbox 261 2654 1874 2730">
     <span class='ocr_line' id='line_1_26' title="bbox 261 2654 1874 2730; baseline -0.001 -18"><span class='ocrx_word' id='word_1_201' title='bbox 261 2657 342 2730; x_wconf 89' lang='lat' dir='ltr'><strong>pi,</strong></span> <span class='ocrx_word' id='word_1_202' title='bbox 374 2664 436 2712; x_wconf 91' lang='lat' dir='ltr'><strong>ut</strong></span> <span class='ocrx_word' id='word_1_203' title='bbox 464 2656 617 2727; x_wconf 86' lang='lat' dir='ltr'><strong>quasi</strong></span> <span class='ocrx_word' id='word_1_204' title='bbox 645 2661 703 2711; x_wconf 92' lang='lat' dir='ltr'><strong>et</strong></span> <span class='ocrx_word' id='word_1_205' title='bbox 728 2654 830 2726; x_wconf 91' lang='lat' dir='ltr'><strong>ipsi</strong></span> <span class='ocrx_word' id='word_1_206' title='bbox 873 2654 1160 2710; x_wconf 88' lang='lat' dir='ltr'><strong>introirent</strong></span> <span class='ocrx_word' id='word_1_207' title='bbox 1203 2655 1564 2726; x_wconf 80' lang='lat' dir='ltr'><strong>quinquageni</strong></span> <span class='ocrx_word' id='word_1_208' title='bbox 1606 2657 1659 2710; x_wconf 90' lang='lat' dir='ltr'><strong>in</strong></span> <span class='ocrx_word' id='word_1_209' title='bbox 1711 2669 1874 2728; x_wconf 87' lang='lat' dir='ltr'><strong>syno-</strong></span> 
     </span>
    </p>
   </div>
   <div class='ocr_carea' id='block_1_27' title="bbox 262 2746 1876 2819">
    <p class='ocr_par' dir='ltr' id='par_1_27' title="bbox 262 2746 1876 2819">
     <span class='ocr_line' id='line_1_27' title="bbox 262 2746 1876 2819; baseline -0.002 -13"><span class='ocrx_word' id='word_1_210' title='bbox 262 2750 417 2806; x_wconf 92' lang='lat' dir='ltr'><strong>dum.</strong></span> <span class='ocrx_word' id='word_1_211' title='bbox 449 2746 521 2802; x_wconf 87' lang='lat' dir='ltr'><strong>Et</strong></span> <span class='ocrx_word' id='word_1_212' title='bbox 540 2747 678 2802; x_wconf 85' lang='lat' dir='ltr'><strong>facta</strong></span> <span class='ocrx_word' id='word_1_213' title='bbox 698 2747 1060 2803; x_wconf 89' lang='lat' dir='ltr'><strong>collocutione</strong></span> <span class='ocrx_word' id='word_1_214' title='bbox 1086 2747 1140 2801; x_wconf 89' lang='lat' dir='ltr'><strong>in</strong></span> <span class='ocrx_word' id='word_1_215' title='bbox 1168 2762 1274 2802; x_wconf 93' lang='lat' dir='ltr'><strong>uno</strong></span> <span class='ocrx_word' id='word_1_216' title='bbox 1301 2763 1422 2802; x_wconf 94' lang='lat' dir='ltr'><strong>cum</strong></span> <span class='ocrx_word' id='word_1_217' title='bbox 1453 2748 1551 2802; x_wconf 90' lang='lat' dir='ltr'><strong>hos</strong></span> <span class='ocrx_word' id='word_1_218' title='bbox 1580 2747 1876 2819; x_wconf 84' lang='lat' dir='ltr'><strong>anticipan-</strong></span> 
     </span>
    </p>
   </div>
   <div class='ocr_carea' id='block_1_28' title="bbox 264 2837 1876 2898">
    <p class='ocr_par' dir='ltr' id='par_1_28' title="bbox 264 2837 1876 2898">
     <span class='ocr_line' id='line_1_28' title="bbox 264 2837 1876 2898; baseline -0.002 0"><span class='ocrx_word' id='word_1_219' title='bbox 264 2850 351 2898; x_wconf 87' lang='lat' dir='ltr'><strong>tes</strong></span> <span class='ocrx_word' id='word_1_220' title='bbox 379 2849 600 2897; x_wconf 90' lang='lat' dir='ltr'><strong>centum</strong></span> <span class='ocrx_word' id='word_1_221' title='bbox 628 2839 884 2896; x_wconf 90' lang='lat' dir='ltr'><strong>sederunt</strong></span> <span class='ocrx_word' id='word_1_222' title='bbox 914 2839 966 2894; x_wconf 94' lang='lat' dir='ltr'><strong>in</strong></span> <span class='ocrx_word' id='word_1_223' title='bbox 997 2837 1186 2894; x_wconf 90' lang='lat' dir='ltr'><strong>eadem</strong></span> <span class='ocrx_word' id='word_1_224' title='bbox 1215 2839 1434 2895; x_wconf 88' lang='lat' dir='ltr'><strong>civitate</strong></span> <span class='ocrx_word' id='word_1_225' title='bbox 1456 2854 1644 2896; x_wconf 89' lang='lat' dir='ltr'><strong>omnes</strong></span> <span class='ocrx_word' id='word_1_226' title='bbox 1673 2855 1738 2895; x_wconf 91' lang='lat' dir='ltr'><strong>ex</strong></span> <span class='ocrx_word' id='word_1_227' title='bbox 1767 2855 1876 2895; x_wconf 92' lang='lat' dir='ltr'><strong>uno</strong></span> 
     </span>
    </p>
   </div>
   <div class='ocr_carea' id='block_1_29' title="bbox 265 2931 1874 3002">
    <p class='ocr_par' dir='ltr' id='par_1_29' title="bbox 265 2931 1874 3002">
     <span class='ocr_line' id='line_1_29' title="bbox 265 2931 1874 3002; baseline -0.001 -12"><span class='ocrx_word' id='word_1_228' title='bbox 265 2947 502 2991; x_wconf 85' lang='lat' dir='ltr'><strong>examen</strong></span> <span class='ocrx_word' id='word_1_229' title='bbox 527 2931 781 2999; x_wconf 89' lang='lat' dir='ltr'><strong>trecenti,</strong></span> <span class='ocrx_word' id='word_1_230' title='bbox 804 2940 859 2986; x_wconf 92' lang='lat' dir='ltr'><strong>et</strong></span> <span class='ocrx_word' id='word_1_231' title='bbox 878 2931 1239 3002; x_wconf 80' lang='lat' dir='ltr'><strong>alligaverunt</strong></span> <span class='ocrx_word' id='word_1_232' title='bbox 1255 2940 1310 2988; x_wconf 92' lang='lat' dir='ltr'><strong>et</strong></span> <span class='ocrx_word' id='word_1_233' title='bbox 1333 2932 1726 2988; x_wconf 85' lang='lat' dir='ltr'><strong>damnaverunt</strong></span> <span class='ocrx_word' id='word_1_234' title='bbox 1753 2932 1874 3002; x_wconf 88' lang='lat' dir='ltr'><strong>hos,</strong></span> 
     </span>
    </p>
   </div>
   <div class='ocr_carea' id='block_1_30' title="bbox 264 3023 1874 3097">
    <p class='ocr_par' dir='ltr' id='par_1_30' title="bbox 264 3023 1874 3097">
     <span class='ocr_line' id='line_1_30' title="bbox 264 3023 1874 3097; baseline -0.002 -14"><span class='ocrx_word' id='word_1_235' title='bbox 264 3025 593 3092; x_wconf 86' lang='lat' dir='ltr'><strong>Urbanum,</strong></span> <span class='ocrx_word' id='word_1_236' title='bbox 643 3023 947 3081; x_wconf 89' lang='lat' dir='ltr'><strong>Castorium</strong></span> <span class='ocrx_word' id='word_1_237' title='bbox 1007 3032 1062 3080; x_wconf 89' lang='lat' dir='ltr'><strong>et</strong></span> <span class='ocrx_word' id='word_1_238' title='bbox 1124 3023 1440 3080; x_wconf 71' lang='lat' dir='ltr'><strong>iuvenalem</strong></span> <span class='ocrx_word' id='word_1_239' title='bbox 1489 3024 1874 3097; x_wconf 83' lang='lat' dir='ltr'><strong>presbyteros,</strong></span> 
     </span>
    </p>
   </div>
   <div class='ocr_carea' id='block_1_31' title="bbox 269 3121 1878 3194">
    <p class='ocr_par' dir='ltr' id='par_1_31' title="bbox 269 3121 1878 3194">
     <span class='ocr_line' id='line_1_31' title="bbox 269 3121 1878 3194; baseline 0.001 -16"><span class='ocrx_word' id='word_1_240' title='bbox 269 3121 466 3178; x_wconf 89' lang='lat' dir='ltr'><strong>Gaium</strong></span> <span class='ocrx_word' id='word_1_241' title='bbox 521 3131 578 3178; x_wconf 93' lang='lat' dir='ltr'><strong>et</strong></span> <span class='ocrx_word' id='word_1_242' title='bbox 629 3122 1000 3178; x_wconf 89' lang='lat' dir='ltr'><strong>Innocentium</strong></span> <span class='ocrx_word' id='word_1_243' title='bbox 1029 3122 1312 3178; x_wconf 87' lang='lat' dir='ltr'><strong>diaconos.</strong></span> <span class='ocrx_word' id='word_1_244' title='bbox 1367 3122 1666 3194; x_wconf 82' lang='lat' dir='ltr'><strong>Respondit</strong></span> <span class='ocrx_word' id='word_1_245' title='bbox 1707 3122 1878 3179; x_wconf 89' lang='lat' dir='ltr'><strong>Seba-</strong></span> 
     </span>
    </p>
   </div>
   <div class='ocr_carea' id='block_1_32' title="bbox 270 3216 852 3286">
    <p class='ocr_par' dir='ltr' id='par_1_32' title="bbox 270 3216 852 3286">
     <span class='ocr_line' id='line_1_32' title="bbox 270 3216 852 3286; baseline -0.003 -12"><span class='ocrx_word' id='word_1_246' title='bbox 270 3216 484 3274; x_wconf 88' lang='lat' dir='ltr'><strong>stianus</strong></span> <span class='ocrx_word' id='word_1_247' title='bbox 504 3216 794 3286; x_wconf 87' lang='lat' dir='ltr'><strong>episcopus</strong></span> <span class='ocrx_word' id='word_1_248' title='bbox 837 3231 852 3271; x_wconf 90' lang='lat'><strong>:</strong></span> 
     </span>
    </p>
   </div>
   <div class='ocr_carea' id='block_1_33' title="bbox 269 3309 1878 3382">
    <p class='ocr_par' dir='ltr' id='par_1_33' title="bbox 269 3309 1878 3382">
     <span class='ocr_line' id='line_1_33' title="bbox 269 3309 1878 3382; baseline -0.002 -15"><span class='ocrx_word' id='word_1_249' title='bbox 269 3319 459 3367; x_wconf 88' lang='lat' dir='ltr'><strong>nostro</strong></span> <span class='ocrx_word' id='word_1_250' title='bbox 517 3309 904 3382; x_wconf 82' lang='lat' dir='ltr'><strong>chirographo,</strong></span> <span class='ocrx_word' id='word_1_251' title='bbox 967 3318 1153 3366; x_wconf 91' lang='lat' dir='ltr'><strong>nostro</strong></span> <span class='ocrx_word' id='word_1_252' title='bbox 1203 3311 1444 3382; x_wconf 91' lang='lat' dir='ltr'><strong>eloquio,</strong></span> <span class='ocrx_word' id='word_1_253' title='bbox 1507 3319 1699 3366; x_wconf 90' lang='lat' dir='ltr'><strong>nostro</strong></span> <span class='ocrx_word' id='word_1_254' title='bbox 1725 3309 1878 3364; x_wconf 86' lang='lat' dir='ltr'><strong>auxi-</strong></span> 
     </span>
    </p>
   </div>
   <div class='ocr_carea' id='block_1_34' title="bbox 274 3401 1879 3474">
    <p class='ocr_par' dir='ltr' id='par_1_34' title="bbox 274 3401 1879 3474">
     <span class='ocr_line' id='line_1_34' title="bbox 274 3401 1879 3474; baseline 0.001 -16"><span class='ocrx_word' id='word_1_255' title='bbox 274 3404 370 3470; x_wconf 90' lang='lat' dir='ltr'><strong>lio,</strong></span> <span class='ocrx_word' id='word_1_256' title='bbox 403 3411 593 3459; x_wconf 90' lang='lat' dir='ltr'><strong>nostra</strong></span> <span class='ocrx_word' id='word_1_257' title='bbox 620 3401 923 3458; x_wconf 88' lang='lat' dir='ltr'><strong>constantia</strong></span> <span class='ocrx_word' id='word_1_258' title='bbox 973 3411 1029 3458; x_wconf 91' lang='lat' dir='ltr'><strong>et</strong></span> <span class='ocrx_word' id='word_1_259' title='bbox 1071 3405 1300 3459; x_wconf 85' lang='lat' dir='ltr'><strong>veritate</strong></span> <span class='ocrx_word' id='word_1_260' title='bbox 1352 3404 1458 3459; x_wconf 80' lang='lat' dir='ltr'><strong>ﬁxa</strong></span> <span class='ocrx_word' id='word_1_261' title='bbox 1507 3412 1564 3459; x_wconf 89' lang='lat' dir='ltr'><strong>et</strong></span> <span class='ocrx_word' id='word_1_262' title='bbox 1616 3403 1879 3474; x_wconf 71' lang='lat' dir='ltr'><strong>praeclara</strong></span> 
     </span>
    </p>
   </div>
   <div class='ocr_carea' id='block_1_35' title="bbox 271 3495 1876 3568">
    <p class='ocr_par' dir='ltr' id='par_1_35' title="bbox 271 3495 1876 3568">
     <span class='ocr_line' id='line_1_35' title="bbox 271 3495 1876 3568; baseline -0.001 -16"><span class='ocrx_word' id='word_1_263' title='bbox 271 3495 629 3566; x_wconf 82' lang='lat' dir='ltr'><strong>dispositione</strong></span> <span class='ocrx_word' id='word_1_264' title='bbox 655 3495 947 3551; x_wconf 89' lang='lat' dir='ltr'><strong>auditionis</strong></span> <span class='ocrx_word' id='word_1_265' title='bbox 963 3496 1282 3552; x_wconf 89' lang='lat' dir='ltr'><strong>exhibemus</strong></span> <span class='ocrx_word' id='word_1_266' title='bbox 1306 3497 1572 3568; x_wconf 84' lang='lat' dir='ltr'><strong>legamen.</strong></span> <span class='ocrx_word' id='word_1_267' title='bbox 1597 3496 1712 3553; x_wconf 90' lang='lat' dir='ltr'><strong>Non</strong></span> <span class='ocrx_word' id='word_1_268' title='bbox 1731 3498 1876 3552; x_wconf 92' lang='lat' dir='ltr'><strong>enim</strong></span> 
     </span>
    </p>
   </div>
   <div class='ocr_carea' id='block_1_36' title="bbox 272 3589 1876 3662">
    <p class='ocr_par' dir='ltr' id='par_1_36' title="bbox 272 3589 1876 3662">
     <span class='ocr_line' id='line_1_36' title="bbox 272 3589 1876 3662; baseline -0.002 -14"><span class='ocrx_word' id='word_1_269' title='bbox 272 3603 464 3648; x_wconf 83' lang='lat' dir='ltr'><strong>nostro</strong></span> <span class='ocrx_word' id='word_1_270' title='bbox 488 3607 585 3647; x_wconf 91' lang='lat' dir='ltr'><strong>ore</strong></span> <span class='ocrx_word' id='word_1_271' title='bbox 610 3589 1010 3662; x_wconf 82' lang='lat' dir='ltr'><strong>justiﬁeaberis,</strong></span> <span class='ocrx_word' id='word_1_272' title='bbox 1031 3599 1122 3645; x_wconf 89' lang='lat' dir='ltr'><strong>aut</strong></span> <span class='ocrx_word' id='word_1_273' title='bbox 1145 3600 1330 3647; x_wconf 89' lang='lat' dir='ltr'><strong>nostro</strong></span> <span class='ocrx_word' id='word_1_274' title='bbox 1353 3607 1449 3648; x_wconf 91' lang='lat' dir='ltr'><strong>ore</strong></span> <span class='ocrx_word' id='word_1_275' title='bbox 1475 3589 1876 3648; x_wconf 87' lang='lat' dir='ltr'><strong>condemnabe-</strong></span> 
     </span>
    </p>
   </div>
   <div class='ocr_carea' id='block_1_37' title="bbox 271 3684 1877 3758">
    <p class='ocr_par' dir='ltr' id='par_1_37' title="bbox 271 3684 1877 3758">
     <span class='ocr_line' id='line_1_37' title="bbox 271 3684 1877 3758; baseline -0.001 -16"><span class='ocrx_word' id='word_1_276' title='bbox 271 3688 383 3753; x_wconf 90' lang='lat' dir='ltr'><strong>ris,</strong></span> <span class='ocrx_word' id='word_1_277' title='bbox 417 3684 674 3757; x_wconf 87' lang='lat' dir='ltr'><strong>quoniam</strong></span> <span class='ocrx_word' id='word_1_278' title='bbox 703 3699 800 3742; x_wconf 91' lang='lat' dir='ltr'><strong>sue</strong></span> <span class='ocrx_word' id='word_1_279' title='bbox 829 3686 1062 3741; x_wconf 91' lang='lat' dir='ltr'><strong>tunicam</strong></span> <span class='ocrx_word' id='word_1_280' title='bbox 1095 3695 1239 3741; x_wconf 92' lang='lat' dir='ltr'><strong>tuam</strong></span> <span class='ocrx_word' id='word_1_281' title='bbox 1283 3687 1337 3741; x_wconf 93' lang='lat' dir='ltr'><strong>in</strong></span> <span class='ocrx_word' id='word_1_282' title='bbox 1386 3696 1470 3752; x_wconf 90' lang='lat' dir='ltr'><strong>te,</strong></span> <span class='ocrx_word' id='word_1_283' title='bbox 1513 3701 1671 3758; x_wconf 91' lang='lat' dir='ltr'><strong>quam</strong></span> <span class='ocrx_word' id='word_1_284' title='bbox 1716 3685 1877 3757; x_wconf 88' lang='lat' dir='ltr'><strong>paulo</strong></span> 
     </span>
    </p>
   </div>
   <div class='ocr_carea' id='block_1_38' title="bbox 272 3779 1880 3846">
    <p class='ocr_par' dir='ltr' id='par_1_38' title="bbox 272 3779 1880 3846">
     <span class='ocr_line' id='line_1_38' title="bbox 272 3779 1880 3846; baseline -0.001 -9"><span class='ocrx_word' id='word_1_285' title='bbox 272 3793 382 3837; x_wconf 90' lang='lat' dir='ltr'><strong>non</strong></span> <span class='ocrx_word' id='word_1_286' title='bbox 410 3779 678 3837; x_wconf 90' lang='lat' dir='ltr'><strong>induebas</strong></span> <span class='ocrx_word' id='word_1_287' title='bbox 702 3787 897 3846; x_wconf 90' lang='lat' dir='ltr'><strong>sutam,</strong></span> <span class='ocrx_word' id='word_1_288' title='bbox 929 3779 1092 3835; x_wconf 87' lang='lat' dir='ltr'><strong>modo</strong></span> <span class='ocrx_word' id='word_1_289' title='bbox 1113 3780 1354 3837; x_wconf 82' lang='lat' dir='ltr'><strong>excisam</strong></span> <span class='ocrx_word' id='word_1_290' title='bbox 1383 3795 1479 3836; x_wconf 92' lang='lat' dir='ltr'><strong>sue</strong></span> <span class='ocrx_word' id='word_1_291' title='bbox 1505 3795 1572 3837; x_wconf 84' lang='lat' dir='ltr'><strong>ex</strong></span> <span class='ocrx_word' id='word_1_292' title='bbox 1599 3780 1764 3838; x_wconf 89' lang='lat' dir='ltr'><strong>corde</strong></span> <span class='ocrx_word' id='word_1_293' title='bbox 1787 3789 1880 3836; x_wconf 92' lang='lat' dir='ltr'><strong>tuo</strong></span> 
     </span>
    </p>
   </div>
   <div class='ocr_carea' id='block_1_39' title="bbox 1952 515 3562 599">
    <p class='ocr_par' dir='ltr' id='par_1_39' title="bbox 1952 515 3562 599">
     <span class='ocr_line' id='line_1_39' title="bbox 1952 515 3562 599; baseline 0.006 -26"><span class='ocrx_word' id='word_1_294' title='bbox 1952 517 2176 583; x_wconf 91' lang='lat' dir='ltr'><strong>celline,</strong></span> <span class='ocrx_word' id='word_1_295' title='bbox 2205 515 2519 588; x_wconf 85' lang='lat' dir='ltr'><strong>expontifex</strong></span> <span class='ocrx_word' id='word_1_296' title='bbox 2549 517 2755 574; x_wconf 85' lang='lat' dir='ltr'><strong>Romae.</strong></span> <span class='ocrx_word' id='word_1_297' title='bbox 2791 540 2809 573; x_wconf 76' lang='grc' dir='ltr'><strong><em>ι</em></strong></span> <span class='ocrx_word' id='word_1_298' title='bbox 2837 521 3142 592; x_wconf 85' lang='lat' dir='ltr'><strong>Respondit</strong></span> <span class='ocrx_word' id='word_1_299' title='bbox 3167 524 3420 583; x_wconf 82' lang='lat' dir='ltr'><strong>Urbanus</strong></span> <span class='ocrx_word' id='word_1_300' title='bbox 3446 530 3562 599; x_wconf 85' lang='lat' dir='ltr'><strong>cpi-</strong></span> 
     </span>
    </p>
   </div>
   <div class='ocr_carea' id='block_1_40' title="bbox 1954 612 3566 686">
    <p class='ocr_par' dir='ltr' id='par_1_40' title="bbox 1954 612 3566 686">
     <span class='ocr_line' id='line_1_40' title="bbox 1954 612 3566 686; baseline 0.008 -19"><span class='ocrx_word' id='word_1_301' title='bbox 1954 626 2150 683; x_wconf 90' lang='lat' dir='ltr'><strong>scopus</strong></span> <span class='ocrx_word' id='word_1_302' title='bbox 2179 612 2244 666; x_wconf 92' lang='lat' dir='ltr'><strong>ad</strong></span> <span class='ocrx_word' id='word_1_303' title='bbox 2273 612 2654 668; x_wconf 86' lang='lat' dir='ltr'><strong>Sebastianum</strong></span> <span class='ocrx_word' id='word_1_304' title='bbox 2685 615 2997 686; x_wconf 89' lang='lat' dir='ltr'><strong>episcopum</strong></span> <span class='ocrx_word' id='word_1_305' title='bbox 3039 630 3093 674; x_wconf 91' lang='lat' dir='ltr'><strong>et</strong></span> <span class='ocrx_word' id='word_1_306' title='bbox 3120 620 3256 676; x_wconf 90' lang='lat' dir='ltr'><strong>dixit</strong></span> <span class='ocrx_word' id='word_1_307' title='bbox 3284 640 3297 676; x_wconf 88' lang='lat'><strong>:</strong></span> <span class='ocrx_word' id='word_1_308' title='bbox 3335 643 3354 675; x_wconf 85' lang='grc'><strong>‹</strong></span> <span class='ocrx_word' id='word_1_309' title='bbox 3388 624 3566 680; x_wconf 86' lang='lat' dir='ltr'><strong>Intro-</strong></span> 
     </span>
    </p>
   </div>
   <div class='ocr_carea' id='block_1_41' title="bbox 1954 702 3563 785">
    <p class='ocr_par' dir='ltr' id='par_1_41' title="bbox 1954 702 3563 785">
     <span class='ocr_line' id='line_1_41' title="bbox 1954 702 3563 785; baseline 0.007 -27"><span class='ocrx_word' id='word_1_310' title='bbox 1954 702 2219 758; x_wconf 85' lang='lat' dir='ltr'><strong>ducantur</strong></span> <span class='ocrx_word' id='word_1_311' title='bbox 2241 713 2406 759; x_wconf 86' lang='lat' dir='ltr'><strong>testes</strong></span> <span class='ocrx_word' id='word_1_312' title='bbox 2433 704 2538 759; x_wconf 89' lang='lat' dir='ltr'><strong>viri</strong></span> <span class='ocrx_word' id='word_1_313' title='bbox 2564 705 2792 762; x_wconf 88' lang='lat' dir='ltr'><strong>viriliter</strong></span> <span class='ocrx_word' id='word_1_314' title='bbox 2815 724 3040 766; x_wconf 90' lang='lat' dir='ltr'><strong>numero</strong></span> <span class='ocrx_word' id='word_1_315' title='bbox 3065 724 3297 782; x_wconf 90' lang='lat' dir='ltr'><strong>quatuor</strong></span> <span class='ocrx_word' id='word_1_316' title='bbox 3334 725 3388 770; x_wconf 94' lang='lat' dir='ltr'><strong>et</strong></span> <span class='ocrx_word' id='word_1_317' title='bbox 3429 733 3563 785; x_wconf 86' lang='lat' dir='ltr'><strong>qua-</strong></span> 
     </span>
    </p>
   </div>
   <div class='ocr_carea' id='block_1_42' title="bbox 1955 796 3562 878">
    <p class='ocr_par' dir='ltr' id='par_1_42' title="bbox 1955 796 3562 878">
     <span class='ocr_line' id='line_1_42' title="bbox 1955 796 3562 878; baseline 0.006 -26"><span class='ocrx_word' id='word_1_318' title='bbox 1955 796 2203 866; x_wconf 87' lang='lat' dir='ltr'><strong>draginta</strong></span> <span class='ocrx_word' id='word_1_319' title='bbox 2243 805 2301 852; x_wconf 92' lang='lat' dir='ltr'><strong>ut</strong></span> <span class='ocrx_word' id='word_1_320' title='bbox 2341 796 2477 852; x_wconf 90' lang='lat' dir='ltr'><strong>libra</strong></span> <span class='ocrx_word' id='word_1_321' title='bbox 2506 797 2729 853; x_wconf 91' lang='lat' dir='ltr'><strong>occidua</strong></span> <span class='ocrx_word' id='word_1_322' title='bbox 2761 801 3094 870; x_wconf 89' lang='lat' dir='ltr'><strong>compleatur</strong></span> <span class='ocrx_word' id='word_1_323' title='bbox 3117 820 3148 859; x_wconf 85' lang='lat' dir='ltr'><strong>a</strong></span> <span class='ocrx_word' id='word_1_324' title='bbox 3181 806 3387 874; x_wconf 89' lang='lat' dir='ltr'><strong>multis,</strong></span> <span class='ocrx_word' id='word_1_325' title='bbox 3417 809 3562 878; x_wconf 84' lang='lat' dir='ltr'><strong>quod</strong></span> 
     </span>
    </p>
   </div>
   <div class='ocr_carea' id='block_1_43' title="bbox 1955 888 3568 955">
    <p class='ocr_par' dir='ltr' id='par_1_43' title="bbox 1955 888 3568 955">
     <span class='ocr_line' id='line_1_43' title="bbox 1955 888 3568 955; baseline 0.007 -12"><span class='ocrx_word' id='word_1_326' title='bbox 1955 903 1984 943; x_wconf 90' lang='lat' dir='ltr'><strong>a</strong></span> <span class='ocrx_word' id='word_1_327' title='bbox 2013 889 2196 943; x_wconf 90' lang='lat' dir='ltr'><strong>multis</strong></span> <span class='ocrx_word' id='word_1_328' title='bbox 2225 888 2538 945; x_wconf 86' lang='lat' dir='ltr'><strong>fabricatum</strong></span> <span class='ocrx_word' id='word_1_329' title='bbox 2571 899 2673 946; x_wconf 91' lang='lat' dir='ltr'><strong>est.</strong></span> <span class='ocrx_word' id='word_1_330' title='bbox 2710 911 2729 943; x_wconf 75' lang='grc' dir='ltr'><strong><em>ι</em></strong></span> <span class='ocrx_word' id='word_1_331' title='bbox 2759 891 2824 946; x_wconf 84' lang='grc' dir='ltr'><strong>Ει</strong></span> <span class='ocrx_word' id='word_1_332' title='bbox 2850 893 3170 951; x_wconf 84' lang='lat' dir='ltr'><strong>introierunt</strong></span> <span class='ocrx_word' id='word_1_333' title='bbox 3198 909 3362 954; x_wconf 91' lang='lat' dir='ltr'><strong>testes</strong></span> <span class='ocrx_word' id='word_1_334' title='bbox 3393 899 3568 955; x_wconf 85' lang='lat' dir='ltr'><strong>Tran-</strong></span> 
     </span>
    </p>
   </div>
   <div class='ocr_carea' id='block_1_44' title="bbox 1955 982 3571 1064">
    <p class='ocr_par' dir='ltr' id='par_1_44' title="bbox 1955 982 3571 1064">
     <span class='ocr_line' id='line_1_44' title="bbox 1955 982 3571 1064; baseline 0.007 -26"><span class='ocrx_word' id='word_1_335' title='bbox 1955 982 2230 1052; x_wconf 84' lang='lat' dir='ltr'><strong>quillinus,</strong></span> <span class='ocrx_word' id='word_1_336' title='bbox 2247 983 2485 1051; x_wconf 89' lang='lat' dir='ltr'><strong>Priscus,</strong></span> <span class='ocrx_word' id='word_1_337' title='bbox 2501 985 2702 1053; x_wconf 91' lang='lat' dir='ltr'><strong>Bonus,</strong></span> <span class='ocrx_word' id='word_1_338' title='bbox 2720 986 2996 1054; x_wconf 87' lang='lat' dir='ltr'><strong>Servulus,</strong></span> <span class='ocrx_word' id='word_1_339' title='bbox 3013 990 3334 1062; x_wconf 85' lang='lat' dir='ltr'><strong>Cyprianus,</strong></span> <span class='ocrx_word' id='word_1_340' title='bbox 3351 995 3542 1050; x_wconf 81' lang='lat' dir='ltr'><strong>Petrus</strong></span> <span class='ocrx_word' id='word_1_341' title='bbox 3557 1041 3571 1064; x_wconf 88' lang='lat'><strong>,</strong></span> 
     </span>
    </p>
   </div>
   <div class='ocr_carea' id='block_1_45' title="bbox 1956 1074 3565 1157">
    <p class='ocr_par' dir='ltr' id='par_1_45' title="bbox 1956 1074 3565 1157">
     <span class='ocr_line' id='line_1_45' title="bbox 1956 1074 3565 1157; baseline 0.011 -32"><span class='ocrx_word' id='word_1_342' title='bbox 1956 1074 2376 1142; x_wconf 82' lang='lat' dir='ltr'><strong>Quadratianus,</strong></span> <span class='ocrx_word' id='word_1_343' title='bbox 2409 1077 2624 1142; x_wconf 88' lang='lat' dir='ltr'><strong>Aresto,</strong></span> <span class='ocrx_word' id='word_1_344' title='bbox 2658 1078 2906 1148; x_wconf 81' lang='lat' dir='ltr'><strong>TeSpius,</strong></span> <span class='ocrx_word' id='word_1_345' title='bbox 2935 1081 3204 1149; x_wconf 84' lang='lat' dir='ltr'><strong>Quadrus,</strong></span> <span class='ocrx_word' id='word_1_346' title='bbox 3239 1085 3565 1157; x_wconf 87' lang='lat' dir='ltr'><strong>Epiphorus,</strong></span> 
     </span>
    </p>
   </div>
   <div class='ocr_carea' id='block_1_46' title="bbox 1957 1165 3569 1244">
    <p class='ocr_par' dir='ltr' id='par_1_46' title="bbox 1957 1165 3569 1244">
     <span class='ocr_line' id='line_1_46' title="bbox 1957 1165 3569 1244; baseline 0.009 -23"><span class='ocrx_word' id='word_1_347' title='bbox 1957 1165 2904 1240; x_wconf 80' lang='lat' dir='ltr'><strong>Maximus,Gordianus,Gaudiosus,</strong></span> <span class='ocrx_word' id='word_1_348' title='bbox 2928 1173 3270 1244; x_wconf 86' lang='lat' dir='ltr'><strong>Saturninus,</strong></span> <span class='ocrx_word' id='word_1_349' title='bbox 3295 1178 3569 1242; x_wconf 86' lang='lat' dir='ltr'><strong>Urbanus.</strong></span> 
     </span>
    </p>
   </div>
   <div class='ocr_carea' id='block_1_47' title="bbox 1960 1255 3566 1340">
    <p class='ocr_par' dir='ltr' id='par_1_47' title="bbox 1960 1255 3566 1340">
     <span class='ocr_line' id='line_1_47' title="bbox 1960 1255 3566 1340; baseline 0.009 -30"><span class='ocrx_word' id='word_1_350' title='bbox 1960 1255 2282 1327; x_wconf 86' lang='lat' dir='ltr'><strong>Reparatus,</strong></span> <span class='ocrx_word' id='word_1_351' title='bbox 2312 1258 2531 1314; x_wconf 90' lang='lat' dir='ltr'><strong>Priscus</strong></span> <span class='ocrx_word' id='word_1_352' title='bbox 2556 1302 2568 1325; x_wconf 91' lang='lat'><strong>,</strong></span> <span class='ocrx_word' id='word_1_353' title='bbox 2606 1260 2937 1330; x_wconf 83' lang='lat' dir='ltr'><strong>Venerosus,</strong></span> <span class='ocrx_word' id='word_1_354' title='bbox 2971 1265 3280 1335; x_wconf 83' lang='lat' dir='ltr'><strong>Romanus,</strong></span> <span class='ocrx_word' id='word_1_355' title='bbox 3316 1269 3566 1340; x_wconf 84' lang='lat' dir='ltr'><strong>Exsupe-</strong></span> 
     </span>
    </p>
   </div>
   <div class='ocr_carea' id='block_1_48' title="bbox 1960 1347 3568 1428">
    <p class='ocr_par' dir='ltr' id='par_1_48' title="bbox 1960 1347 3568 1428">
     <span class='ocr_line' id='line_1_48' title="bbox 1960 1347 3568 1428; baseline 0.007 -25"><span class='ocrx_word' id='word_1_356' title='bbox 1960 1348 2094 1413; x_wconf 86' lang='lat' dir='ltr'><strong>rius,</strong></span> <span class='ocrx_word' id='word_1_357' title='bbox 2123 1347 2458 1419; x_wconf 77' lang='lat' dir='ltr'><strong>CriSpianus,</strong></span> <span class='ocrx_word' id='word_1_358' title='bbox 2492 1351 2784 1420; x_wconf 88' lang='lat' dir='ltr'><strong>Barbarus,</strong></span> <span class='ocrx_word' id='word_1_359' title='bbox 2815 1354 2946 1423; x_wconf 87' lang='lat' dir='ltr'><strong>Leo,</strong></span> <span class='ocrx_word' id='word_1_360' title='bbox 2971 1355 3270 1425; x_wconf 84' lang='lat' dir='ltr'><strong>Forianus,</strong></span> <span class='ocrx_word' id='word_1_361' title='bbox 3301 1360 3568 1428; x_wconf 89' lang='lat' dir='ltr'><strong>Bacauda,</strong></span> 
     </span>
    </p>
   </div>
   <div class='ocr_carea' id='block_1_49' title="bbox 1964 1440 3570 1522">
    <p class='ocr_par' dir='ltr' id='par_1_49' title="bbox 1964 1440 3570 1522">
     <span class='ocr_line' id='line_1_49' title="bbox 1964 1440 3570 1522; baseline 0.009 -28"><span class='ocrx_word' id='word_1_362' title='bbox 1964 1440 2308 1509; x_wconf 84' lang='lat' dir='ltr'><strong>Ambrosius,</strong></span> <span class='ocrx_word' id='word_1_363' title='bbox 2338 1442 2555 1510; x_wconf 84' lang='lat' dir='ltr'><strong>Terula,</strong></span> <span class='ocrx_word' id='word_1_364' title='bbox 2586 1444 2887 1514; x_wconf 86' lang='lat' dir='ltr'><strong>Johanncs,</strong></span> <span class='ocrx_word' id='word_1_365' title='bbox 2920 1449 3209 1507; x_wconf 74' lang='lat' dir='ltr'><strong>lubentius</strong></span> <span class='ocrx_word' id='word_1_366' title='bbox 3231 1495 3246 1519; x_wconf 94' lang='lat'><strong>,</strong></span> <span class='ocrx_word' id='word_1_367' title='bbox 3281 1453 3570 1522; x_wconf 90' lang='lat' dir='ltr'><strong>Proculus,</strong></span> 
     </span>
    </p>
   </div>
   <div class='ocr_carea' id='block_1_50' title="bbox 1963 1532 3575 1612">
    <p class='ocr_par' dir='ltr' id='par_1_50' title="bbox 1963 1532 3575 1612">
     <span class='ocr_line' id='line_1_50' title="bbox 1963 1532 3575 1612; baseline 0.007 -22"><span class='ocrx_word' id='word_1_368' title='bbox 1963 1532 2306 1603; x_wconf 88' lang='lat' dir='ltr'><strong>Octavianus,</strong></span> <span class='ocrx_word' id='word_1_369' title='bbox 2331 1535 2631 1604; x_wconf 86' lang='lat' dir='ltr'><strong>Romanus,</strong></span> <span class='ocrx_word' id='word_1_370' title='bbox 2667 1539 2949 1610; x_wconf 84' lang='lat' dir='ltr'><strong>Valerius,</strong></span> <span class='ocrx_word' id='word_1_371' title='bbox 2984 1543 3288 1612; x_wconf 86' lang='lat' dir='ltr'><strong>lacinlhus,</strong></span> <span class='ocrx_word' id='word_1_372' title='bbox 3319 1545 3575 1602; x_wconf 81' lang='lat' dir='ltr'><strong>Mellicia-</strong></span> 
     </span>
    </p>
   </div>
   <div class='ocr_carea' id='block_1_51' title="bbox 1965 1629 3574 1708">
    <p class='ocr_par' dir='ltr' id='par_1_51' title="bbox 1965 1629 3574 1708">
     <span class='ocr_line' id='line_1_51' title="bbox 1965 1629 3574 1708; baseline 0.007 -24"><span class='ocrx_word' id='word_1_373' title='bbox 1965 1644 2087 1696; x_wconf 83' lang='lat' dir='ltr'><strong>nus,</strong></span> <span class='ocrx_word' id='word_1_374' title='bbox 2124 1629 2333 1698; x_wconf 88' lang='lat' dir='ltr'><strong>Petrus,</strong></span> <span class='ocrx_word' id='word_1_375' title='bbox 2368 1629 2648 1699; x_wconf 88' lang='lat' dir='ltr'><strong>Claudius,</strong></span> <span class='ocrx_word' id='word_1_376' title='bbox 2670 1633 2875 1705; x_wconf 84' lang='lat' dir='ltr'><strong>Exper,</strong></span> <span class='ocrx_word' id='word_1_377' title='bbox 2906 1636 3134 1704; x_wconf 88' lang='lat' dir='ltr'><strong>Probus,</strong></span> <span class='ocrx_word' id='word_1_378' title='bbox 3165 1637 3413 1708; x_wconf 86' lang='lat' dir='ltr'><strong>Nicorus,</strong></span> <span class='ocrx_word' id='word_1_379' title='bbox 3442 1639 3574 1695; x_wconf 87' lang='lat' dir='ltr'><strong>Pro-</strong></span> 
     </span>
    </p>
   </div>
   <div class='ocr_carea' id='block_1_52' title="bbox 1967 1721 2904 1789">
    <p class='ocr_par' dir='ltr' id='par_1_52' title="bbox 1967 1721 2904 1789">
     <span class='ocr_line' id='line_1_52' title="bbox 1967 1721 2904 1789; baseline 0.006 -12"><span class='ocrx_word' id='word_1_380' title='bbox 1967 1722 2233 1788; x_wconf 87' lang='lat' dir='ltr'><strong>batianus,</strong></span> <span class='ocrx_word' id='word_1_381' title='bbox 2269 1721 2522 1789; x_wconf 88' lang='lat' dir='ltr'><strong>Ursinus,</strong></span> <span class='ocrx_word' id='word_1_382' title='bbox 2555 1723 2904 1783; x_wconf 89' lang='lat' dir='ltr'><strong>Urbatianus.</strong></span> 
     </span>
    </p>
   </div>
   <div class='ocr_carea' id='block_1_53' title="bbox 2046 1814 3573 1892">
    <p class='ocr_par' dir='ltr' id='par_1_53' title="bbox 2046 1814 3573 1892">
     <span class='ocr_line' id='line_1_53' title="bbox 2046 1814 3573 1892; baseline 0.007 -24"><span class='ocrx_word' id='word_1_383' title='bbox 2046 1814 2132 1868; x_wconf 75' lang='grc'><strong>12.</strong></span> <span class='ocrx_word' id='word_1_384' title='bbox 2176 1815 2414 1885; x_wconf 85' lang='lat' dir='ltr'><strong>Singulis</strong></span> <span class='ocrx_word' id='word_1_385' title='bbox 2443 1825 2622 1872; x_wconf 89' lang='lat' dir='ltr'><strong>autem</strong></span> <span class='ocrx_word' id='word_1_386' title='bbox 2655 1817 2993 1875; x_wconf 89' lang='lat' dir='ltr'><strong>adstantibus</strong></span> <span class='ocrx_word' id='word_1_387' title='bbox 3023 1823 3078 1875; x_wconf 92' lang='lat' dir='ltr'><strong>in</strong></span> <span class='ocrx_word' id='word_1_388' title='bbox 3112 1823 3318 1892; x_wconf 91' lang='lat' dir='ltr'><strong>gremio</strong></span> <span class='ocrx_word' id='word_1_389' title='bbox 3358 1831 3573 1878; x_wconf 90' lang='lat' dir='ltr'><strong>trecen-</strong></span> 
     </span>
    </p>
   </div>
   <div class='ocr_carea' id='block_1_54' title="bbox 1969 1910 3578 1985">
    <p class='ocr_par' dir='ltr' id='par_1_54' title="bbox 1969 1910 3578 1985">
     <span class='ocr_line' id='line_1_54' title="bbox 1969 1910 3578 1985; baseline 0.004 -23"><span class='ocrx_word' id='word_1_390' title='bbox 1969 1916 2146 1962; x_wconf 90' lang='lat' dir='ltr'><strong>torum</strong></span> <span class='ocrx_word' id='word_1_391' title='bbox 2174 1910 2550 1980; x_wconf 89' lang='lat' dir='ltr'><strong>episcoporum</strong></span> <span class='ocrx_word' id='word_1_392' title='bbox 2576 1919 2631 1966; x_wconf 87' lang='lat' dir='ltr'><strong>et</strong></span> <span class='ocrx_word' id='word_1_393' title='bbox 2658 1910 2873 1982; x_wconf 83' lang='lat' dir='ltr'><strong>triginta</strong></span> <span class='ocrx_word' id='word_1_394' title='bbox 2907 1913 3349 1985; x_wconf 87' lang='lat' dir='ltr'><strong>presbyterorum</strong></span> <span class='ocrx_word' id='word_1_395' title='bbox 3379 1914 3578 1970; x_wconf 86' lang='lat' dir='ltr'><strong>Roma-</strong></span> 
     </span>
    </p>
   </div>
   <div class='ocr_carea' id='block_1_55' title="bbox 1968 2001 3578 2074">
    <p class='ocr_par' dir='ltr' id='par_1_55' title="bbox 1968 2001 3578 2074">
     <span class='ocr_line' id='line_1_55' title="bbox 1968 2001 3578 2074; baseline 0.004 -21"><span class='ocrx_word' id='word_1_396' title='bbox 1968 2013 2196 2065; x_wconf 86' lang='lat' dir='ltr'><strong>norum,</strong></span> <span class='ocrx_word' id='word_1_397' title='bbox 2243 2009 2298 2056; x_wconf 91' lang='lat' dir='ltr'><strong>et</strong></span> <span class='ocrx_word' id='word_1_398' title='bbox 2349 2001 2534 2073; x_wconf 86' lang='lat' dir='ltr'><strong>viginti</strong></span> <span class='ocrx_word' id='word_1_399' title='bbox 2561 2011 2685 2058; x_wconf 92' lang='lat' dir='ltr'><strong>octo</strong></span> <span class='ocrx_word' id='word_1_400' title='bbox 2729 2005 3021 2074; x_wconf 91' lang='lat' dir='ltr'><strong>supradicti</strong></span> <span class='ocrx_word' id='word_1_401' title='bbox 3079 2015 3282 2073; x_wconf 90' lang='lat' dir='ltr'><strong>testes,</strong></span> <span class='ocrx_word' id='word_1_402' title='bbox 3337 2016 3394 2061; x_wconf 93' lang='lat' dir='ltr'><strong>ut</strong></span> <span class='ocrx_word' id='word_1_403' title='bbox 3439 2007 3578 2061; x_wconf 85' lang='lat' dir='ltr'><strong>libra</strong></span> 
     </span>
    </p>
   </div>
   <div class='ocr_carea' id='block_1_56' title="bbox 1970 2091 3580 2168">
    <p class='ocr_par' dir='ltr' id='par_1_56' title="bbox 1970 2091 3580 2168">
     <span class='ocr_line' id='line_1_56' title="bbox 1970 2091 3580 2168; baseline 0.005 -24"><span class='ocrx_word' id='word_1_404' title='bbox 1970 2091 2334 2160; x_wconf 89' lang='lat' dir='ltr'><strong>compleretur</strong></span> <span class='ocrx_word' id='word_1_405' title='bbox 2359 2111 2373 2146; x_wconf 90' lang='lat'><strong>:</strong></span> <span class='ocrx_word' id='word_1_406' title='bbox 2402 2095 2653 2163; x_wconf 91' lang='lat' dir='ltr'><strong>quoniam</strong></span> <span class='ocrx_word' id='word_1_407' title='bbox 2685 2094 2968 2151; x_wconf 88' lang='lat' dir='ltr'><strong>duodecim</strong></span> <span class='ocrx_word' id='word_1_408' title='bbox 2998 2098 3170 2153; x_wconf 67' lang='lat' dir='ltr'><strong>uncite</strong></span> <span class='ocrx_word' id='word_1_409' title='bbox 3201 2099 3253 2153; x_wconf 95' lang='lat' dir='ltr'><strong>in</strong></span> <span class='ocrx_word' id='word_1_410' title='bbox 3284 2097 3418 2154; x_wconf 91' lang='lat' dir='ltr'><strong>libra</strong></span> <span class='ocrx_word' id='word_1_411' title='bbox 3446 2113 3580 2168; x_wconf 87' lang='lat' dir='ltr'><strong>pro-</strong></span> 
     </span>
    </p>
   </div>
   <div class='ocr_carea' id='block_1_57' title="bbox 1971 2182 3578 2262">
    <p class='ocr_par' dir='ltr' id='par_1_57' title="bbox 1971 2182 3578 2262">
     <span class='ocr_line' id='line_1_57' title="bbox 1971 2182 3578 2262; baseline 0.004 -24"><span class='ocrx_word' id='word_1_412' title='bbox 1971 2182 2183 2240; x_wconf 88' lang='lat' dir='ltr'><strong>babitur</strong></span> <span class='ocrx_word' id='word_1_413' title='bbox 2212 2199 2421 2250; x_wconf 89' lang='lat' dir='ltr'><strong>sensus,</strong></span> <span class='ocrx_word' id='word_1_414' title='bbox 2455 2196 2510 2242; x_wconf 88' lang='lat' dir='ltr'><strong>et</strong></span> <span class='ocrx_word' id='word_1_415' title='bbox 2537 2188 2590 2242; x_wconf 94' lang='lat' dir='ltr'><strong>in</strong></span> <span class='ocrx_word' id='word_1_416' title='bbox 2621 2189 2954 2260; x_wconf 87' lang='lat' dir='ltr'><strong>septuaginta</strong></span> <span class='ocrx_word' id='word_1_417' title='bbox 2986 2191 3194 2246; x_wconf 92' lang='lat' dir='ltr'><strong>duobus</strong></span> <span class='ocrx_word' id='word_1_418' title='bbox 3234 2203 3578 2262; x_wconf 90' lang='lat' dir='ltr'><strong>comparatus</strong></span> 
     </span>
    </p>
   </div>
   <div class='ocr_carea' id='block_1_58' title="bbox 1972 2274 3579 2353">
    <p class='ocr_par' dir='ltr' id='par_1_58' title="bbox 1972 2274 3579 2353">
     <span class='ocr_line' id='line_1_58' title="bbox 1972 2274 3579 2353; baseline 0.004 -21"><span class='ocrx_word' id='word_1_419' title='bbox 1972 2274 2315 2332; x_wconf 88' lang='lat' dir='ltr'><strong>damnabitur</strong></span> <span class='ocrx_word' id='word_1_420' title='bbox 2350 2279 2569 2347; x_wconf 74' lang='lat' dir='ltr'><strong>praesul.</strong></span> <span class='ocrx_word' id='word_1_421' title='bbox 2606 2280 2904 2351; x_wconf 89' lang='lat' dir='ltr'><strong>Respondit</strong></span> <span class='ocrx_word' id='word_1_422' title='bbox 2941 2281 3223 2350; x_wconf 82' lang='lat' dir='ltr'><strong>Quiriacus</strong></span> <span class='ocrx_word' id='word_1_423' title='bbox 3254 2285 3541 2353; x_wconf 87' lang='lat' dir='ltr'><strong>episcopus</strong></span> <span class='ocrx_word' id='word_1_424' title='bbox 3562 2327 3579 2351; x_wconf 91' lang='lat'><strong>,</strong></span> 
     </span>
    </p>
   </div>
   <div class='ocr_carea' id='block_1_59' title="bbox 1974 2369 3578 2444">
    <p class='ocr_par' dir='ltr' id='par_1_59' title="bbox 1974 2369 3578 2444">
     <span class='ocr_line' id='line_1_59' title="bbox 1974 2369 3578 2444; baseline 0.002 -19"><span class='ocrx_word' id='word_1_425' title='bbox 1974 2378 2030 2425; x_wconf 91' lang='lat' dir='ltr'><strong>et</strong></span> <span class='ocrx_word' id='word_1_426' title='bbox 2056 2369 2188 2425; x_wconf 90' lang='lat' dir='ltr'><strong>dixit</strong></span> <span class='ocrx_word' id='word_1_427' title='bbox 2222 2370 2286 2425; x_wconf 92' lang='lat' dir='ltr'><strong>ad</strong></span> <span class='ocrx_word' id='word_1_428' title='bbox 2317 2369 2683 2427; x_wconf 86' lang='lat' dir='ltr'><strong>Marcellinum</strong></span> <span class='ocrx_word' id='word_1_429' title='bbox 2714 2390 2727 2427; x_wconf 89' lang='lat'><strong>:</strong></span> <span class='ocrx_word' id='word_1_430' title='bbox 2764 2391 2784 2423; x_wconf 70' lang='grc' dir='ltr'>ι</span> <span class='ocrx_word' id='word_1_431' title='bbox 2812 2373 2931 2428; x_wconf 82' lang='grc' dir='ltr'><strong>Νοη</strong></span> <span class='ocrx_word' id='word_1_432' title='bbox 2961 2376 3244 2444; x_wconf 84' lang='lat' dir='ltr'><strong>cognoscis</strong></span> <span class='ocrx_word' id='word_1_433' title='bbox 3266 2378 3578 2434; x_wconf 84' lang='lat' dir='ltr'><strong>universum</strong></span> 
     </span>
    </p>
   </div>
   <div class='ocr_carea' id='block_1_60' title="bbox 1973 2465 3574 2544">
    <p class='ocr_par' dir='ltr' id='par_1_60' title="bbox 1973 2465 3574 2544">
     <span class='ocr_line' id='line_1_60' title="bbox 1973 2465 3574 2544; baseline 0.005 -25"><span class='ocrx_word' id='word_1_434' title='bbox 1973 2465 2216 2520; x_wconf 84' lang='lat' dir='ltr'><strong>velamen</strong></span> <span class='ocrx_word' id='word_1_435' title='bbox 2237 2466 2416 2520; x_wconf 88' lang='lat' dir='ltr'><strong>cordis</strong></span> <span class='ocrx_word' id='word_1_436' title='bbox 2444 2467 2516 2521; x_wconf 89' lang='lat' dir='ltr'><strong>tui</strong></span> <span class='ocrx_word' id='word_1_437' title='bbox 2543 2465 2692 2538; x_wconf 82' lang='lat' dir='ltr'><strong>(Vid.</strong></span> <span class='ocrx_word' id='word_1_438' title='bbox 2723 2479 2837 2522; x_wconf 89' lang='lat' dir='ltr'><strong>acta</strong></span> <span class='ocrx_word' id='word_1_439' title='bbox 2868 2470 2930 2522; x_wconf 88' lang='lat' dir='ltr'><strong>de</strong></span> <span class='ocrx_word' id='word_1_440' title='bbox 2951 2472 3274 2541; x_wconf 82' lang='lat' dir='ltr'><strong>purgatione,</strong></span> <span class='ocrx_word' id='word_1_441' title='bbox 3303 2470 3458 2544; x_wconf 80' lang='lat' dir='ltr'><strong>Xyst.</strong></span> <span class='ocrx_word' id='word_1_442' title='bbox 3478 2469 3574 2536; x_wconf 85' lang='lat' dir='ltr'><strong>Ill,</strong></span> 
     </span>
    </p>
   </div>
   <div class='ocr_carea' id='block_1_61' title="bbox 1976 2559 3583 2632">
    <p class='ocr_par' dir='ltr' id='par_1_61' title="bbox 1976 2559 3583 2632">
     <span class='ocr_line' id='line_1_61' title="bbox 1976 2559 3583 2632; baseline 0.006 -21"><span class='ocrx_word' id='word_1_443' title='bbox 1976 2574 2029 2612; x_wconf 91' lang='lat' dir='ltr'><strong>n.</strong></span> <span class='ocrx_word' id='word_1_444' title='bbox 2060 2559 2129 2628; x_wconf 68' lang='lat'><strong>4)</strong></span> <span class='ocrx_word' id='word_1_445' title='bbox 2159 2576 2171 2613; x_wconf 93' lang='lat'>:</span> <span class='ocrx_word' id='word_1_446' title='bbox 2201 2559 2379 2628; x_wconf 88' lang='lat' dir='ltr'><strong>judica</strong></span> <span class='ocrx_word' id='word_1_447' title='bbox 2412 2560 2554 2615; x_wconf 90' lang='lat' dir='ltr'><strong>enim</strong></span> <span class='ocrx_word' id='word_1_448' title='bbox 2588 2575 2803 2616; x_wconf 87' lang='lat' dir='ltr'><strong>causam</strong></span> <span class='ocrx_word' id='word_1_449' title='bbox 2836 2570 3002 2628; x_wconf 90' lang='lat' dir='ltr'><strong>tuam,</strong></span> <span class='ocrx_word' id='word_1_450' title='bbox 3031 2575 3085 2618; x_wconf 92' lang='lat' dir='ltr'><strong>et</strong></span> <span class='ocrx_word' id='word_1_451' title='bbox 3126 2565 3324 2632; x_wconf 89' lang='lat' dir='ltr'><strong>lacera,</strong></span> <span class='ocrx_word' id='word_1_452' title='bbox 3367 2581 3583 2622; x_wconf 86' lang='lat' dir='ltr'><strong>macera</strong></span> 
     </span>
    </p>
   </div>
   <div class='ocr_carea' id='block_1_62' title="bbox 1978 2651 3583 2725">
    <p class='ocr_par' dir='ltr' id='par_1_62' title="bbox 1978 2651 3583 2725">
     <span class='ocr_line' id='line_1_62' title="bbox 1978 2651 3583 2725; baseline 0.002 -19"><span class='ocrx_word' id='word_1_453' title='bbox 1978 2651 2394 2707; x_wconf 88' lang='lat' dir='ltr'><strong>macerationem</strong></span> <span class='ocrx_word' id='word_1_454' title='bbox 2445 2662 2612 2707; x_wconf 89' lang='lat' dir='ltr'><strong>tuam.</strong></span> <span class='ocrx_word' id='word_1_455' title='bbox 2656 2651 2771 2708; x_wconf 87' lang='lat' dir='ltr'><strong>Non</strong></span> <span class='ocrx_word' id='word_1_456' title='bbox 2803 2671 2868 2709; x_wconf 89' lang='lat' dir='ltr'><strong>ex</strong></span> <span class='ocrx_word' id='word_1_457' title='bbox 2907 2654 3061 2709; x_wconf 88' lang='lat' dir='ltr'><strong>nobis</strong></span> <span class='ocrx_word' id='word_1_458' title='bbox 3087 2655 3416 2725; x_wconf 86' lang='lat' dir='ltr'><strong>judicaberis</strong></span> <span class='ocrx_word' id='word_1_459' title='bbox 3447 2675 3460 2711; x_wconf 87' lang='lat'><strong>:</strong></span> <span class='ocrx_word' id='word_1_460' title='bbox 3489 2666 3583 2712; x_wconf 88' lang='lat' dir='ltr'><strong>tuo</strong></span> 
     </span>
    </p>
   </div>
   <div class='ocr_carea' id='block_1_63' title="bbox 1977 2746 3583 2816">
    <p class='ocr_par' dir='ltr' id='par_1_63' title="bbox 1977 2746 3583 2816">
     <span class='ocr_line' id='line_1_63' title="bbox 1977 2746 3583 2816; baseline 0.001 -15"><span class='ocrx_word' id='word_1_461' title='bbox 1977 2747 2120 2801; x_wconf 91' lang='lat' dir='ltr'><strong>enim</strong></span> <span class='ocrx_word' id='word_1_462' title='bbox 2151 2746 2423 2816; x_wconf 87' lang='lat' dir='ltr'><strong>pontiﬁcio</strong></span> <span class='ocrx_word' id='word_1_463' title='bbox 2461 2747 2908 2804; x_wconf 88' lang='lat' dir='ltr'><strong>condemnaberis</strong></span> <span class='ocrx_word' id='word_1_464' title='bbox 2928 2789 2942 2813; x_wconf 90' lang='lat'><strong>,</strong></span> <span class='ocrx_word' id='word_1_465' title='bbox 2973 2758 3028 2804; x_wconf 90' lang='lat' dir='ltr'><strong>et</strong></span> <span class='ocrx_word' id='word_1_466' title='bbox 3054 2758 3239 2804; x_wconf 91' lang='lat' dir='ltr'><strong>nostro</strong></span> <span class='ocrx_word' id='word_1_467' title='bbox 3275 2751 3583 2805; x_wconf 90' lang='lat' dir='ltr'><strong>testimonio</strong></span> 
     </span>
    </p>
   </div>
   <div class='ocr_carea' id='block_1_64' title="bbox 1978 2840 3580 2912">
    <p class='ocr_par' dir='ltr' id='par_1_64' title="bbox 1978 2840 3580 2912">
     <span class='ocr_line' id='line_1_64' title="bbox 1978 2840 3580 2912; baseline 0.001 -16"><span class='ocrx_word' id='word_1_468' title='bbox 1978 2840 2329 2910; x_wconf 85' lang='lat' dir='ltr'><strong>explicaveris</strong></span> <span class='ocrx_word' id='word_1_469' title='bbox 2360 2846 2832 2912; x_wconf 90' lang='lat' dir='ltr'><strong>metas:quoniam</strong></span> <span class='ocrx_word' id='word_1_470' title='bbox 2863 2858 2960 2898; x_wconf 90' lang='lat' dir='ltr'><strong>nos</strong></span> <span class='ocrx_word' id='word_1_471' title='bbox 2993 2843 3043 2897; x_wconf 91' lang='lat' dir='ltr'><strong>in</strong></span> <span class='ocrx_word' id='word_1_472' title='bbox 3073 2843 3580 2900; x_wconf 85' lang='lat' dir='ltr'><strong>condemnationem</strong></span> 
     </span>
    </p>
   </div>
   <div class='ocr_carea' id='block_1_65' title="bbox 1980 2934 3581 3004">
    <p class='ocr_par' dir='ltr' id='par_1_65' title="bbox 1980 2934 3581 3004">
     <span class='ocr_line' id='line_1_65' title="bbox 1980 2934 3581 3004; baseline 0.002 -15"><span class='ocrx_word' id='word_1_473' title='bbox 1980 2934 2110 2989; x_wconf 86' lang='lat' dir='ltr'><strong>nihil</strong></span> <span class='ocrx_word' id='word_1_474' title='bbox 2135 2935 2456 3004; x_wconf 89' lang='lat' dir='ltr'><strong>opponimus</strong></span> <span class='ocrx_word' id='word_1_475' title='bbox 2476 2937 2712 3001; x_wconf 92' lang='lat' dir='ltr'><strong>causale,</strong></span> <span class='ocrx_word' id='word_1_476' title='bbox 2737 2936 2870 2990; x_wconf 87' lang='lat' dir='ltr'><strong>nihil</strong></span> <span class='ocrx_word' id='word_1_477' title='bbox 2897 2936 3235 2992; x_wconf 80' lang='lat' dir='ltr'><strong>defendimus</strong></span> <span class='ocrx_word' id='word_1_478' title='bbox 3264 2955 3277 2992; x_wconf 90' lang='lat'><strong><em>:</em></strong></span> <span class='ocrx_word' id='word_1_479' title='bbox 3312 2938 3407 2992; x_wconf 87' lang='lat' dir='ltr'><strong>sed</strong></span> <span class='ocrx_word' id='word_1_480' title='bbox 3431 2939 3581 2992; x_wconf 84' lang='lat' dir='ltr'><strong>dam-</strong></span> 
     </span>
    </p>
   </div>
   <div class='ocr_carea' id='block_1_66' title="bbox 1981 3029 3584 3101">
    <p class='ocr_par' dir='ltr' id='par_1_66' title="bbox 1981 3029 3584 3101">
     <span class='ocr_line' id='line_1_66' title="bbox 1981 3029 3584 3101; baseline 0 -17"><span class='ocrx_word' id='word_1_481' title='bbox 1981 3045 2171 3084; x_wconf 88' lang='lat' dir='ltr'><strong>namus</strong></span> <span class='ocrx_word' id='word_1_482' title='bbox 2202 3029 2320 3092; x_wconf 86' lang='lat' dir='ltr'><strong>hos.</strong></span> <span class='ocrx_word' id='word_1_483' title='bbox 2341 3030 2430 3100; x_wconf 92' lang='lat' dir='ltr'><strong>qui</strong></span> <span class='ocrx_word' id='word_1_484' title='bbox 2453 3039 2853 3085; x_wconf 82' lang='lat' dir='ltr'><strong>evacuaverunt</strong></span> <span class='ocrx_word' id='word_1_485' title='bbox 2882 3031 3158 3101; x_wconf 88' lang='lat' dir='ltr'><strong>templum,</strong></span> <span class='ocrx_word' id='word_1_486' title='bbox 3183 3039 3238 3087; x_wconf 91' lang='lat' dir='ltr'><strong>et</strong></span> <span class='ocrx_word' id='word_1_487' title='bbox 3260 3030 3584 3087; x_wconf 87' lang='lat' dir='ltr'><strong>dimiserunt</strong></span> 
     </span>
    </p>
   </div>
   <div class='ocr_carea' id='block_1_67' title="bbox 1982 3121 3586 3192">
    <p class='ocr_par' dir='ltr' id='par_1_67' title="bbox 1982 3121 3586 3192">
     <span class='ocr_line' id='line_1_67' title="bbox 1982 3121 3586 3192; baseline 0.001 -17"><span class='ocrx_word' id='word_1_488' title='bbox 1982 3121 2239 3176; x_wconf 83' lang='lat' dir='ltr'><strong>fabricam</strong></span> <span class='ocrx_word' id='word_1_489' title='bbox 2281 3137 2441 3176; x_wconf 91' lang='lat' dir='ltr'><strong>manu</strong></span> <span class='ocrx_word' id='word_1_490' title='bbox 2485 3122 2552 3177; x_wconf 89' lang='lat' dir='ltr'><strong>de</strong></span> <span class='ocrx_word' id='word_1_491' title='bbox 2592 3138 2756 3192; x_wconf 91' lang='lat' dir='ltr'><strong>super</strong></span> <span class='ocrx_word' id='word_1_492' title='bbox 2795 3131 3184 3190; x_wconf 85' lang='lat' dir='ltr'><strong>constructam,</strong></span> <span class='ocrx_word' id='word_1_493' title='bbox 3217 3133 3274 3178; x_wconf 92' lang='lat' dir='ltr'><strong>ut</strong></span> <span class='ocrx_word' id='word_1_494' title='bbox 3299 3123 3586 3179; x_wconf 88' lang='lat' dir='ltr'><strong>introirent</strong></span> 
     </span>
    </p>
   </div>
   <div class='ocr_carea' id='block_1_68' title="bbox 902 3213 3580 3287">
    <p class='ocr_par' dir='ltr' id='par_1_68' title="bbox 902 3213 3580 3287">
     <span class='ocr_line' id='line_1_68' title="bbox 902 3213 3580 3287; baseline 0.001 -19"><span class='ocrx_word' id='word_1_495' title='bbox 902 3233 922 3268; x_wconf 75' lang='grc' dir='ltr'>ι</span> <span class='ocrx_word' id='word_1_496' title='bbox 970 3214 1085 3270; x_wconf 86' lang='lat' dir='ltr'><strong>Hoc</strong></span> <span class='ocrx_word' id='word_1_497' title='bbox 1123 3215 1358 3270; x_wconf 89' lang='lat' dir='ltr'><strong>tribunal</strong></span> <span class='ocrx_word' id='word_1_498' title='bbox 1386 3226 1572 3272; x_wconf 86' lang='lat' dir='ltr'><strong>nostro</strong></span> <span class='ocrx_word' id='word_1_499' title='bbox 1596 3229 1870 3282; x_wconf 90' lang='lat' dir='ltr'><strong>sermone,</strong></span> <span class='ocrx_word' id='word_1_500' title='bbox 1899 3213 1944 3276; x_wconf 90' lang='lat' dir='ltr'><strong>C</strong></span> <span class='ocrx_word' id='word_1_501' title='bbox 1981 3215 2111 3286; x_wconf 85' lang='lat' dir='ltr'><strong>lupi,</strong></span> <span class='ocrx_word' id='word_1_502' title='bbox 2146 3224 2201 3271; x_wconf 91' lang='lat' dir='ltr'><strong>et</strong></span> <span class='ocrx_word' id='word_1_503' title='bbox 2231 3216 2469 3272; x_wconf 85' lang='lat' dir='ltr'><strong>facerent</strong></span> <span class='ocrx_word' id='word_1_504' title='bbox 2491 3215 2775 3286; x_wconf 88' lang='lat' dir='ltr'><strong>speluncas</strong></span> <span class='ocrx_word' id='word_1_505' title='bbox 2795 3258 2810 3284; x_wconf 93' lang='lat'><strong>,</strong></span> <span class='ocrx_word' id='word_1_506' title='bbox 2835 3225 2889 3272; x_wconf 91' lang='lat' dir='ltr'><strong>et</strong></span> <span class='ocrx_word' id='word_1_507' title='bbox 2914 3215 3265 3272; x_wconf 89' lang='lat' dir='ltr'><strong>comederent</strong></span> <span class='ocrx_word' id='word_1_508' title='bbox 3291 3231 3458 3287; x_wconf 90' lang='lat' dir='ltr'><strong>agnos</strong></span> <span class='ocrx_word' id='word_1_509' title='bbox 3485 3217 3580 3270; x_wconf 82' lang='lat' dir='ltr'><strong>im-</strong></span> 
     </span>
    </p>
   </div>
   <div class='ocr_carea' id='block_1_69' title="bbox 1981 3308 3580 3380">
    <p class='ocr_par' dir='ltr' id='par_1_69' title="bbox 1981 3308 3580 3380">
     <span class='ocr_line' id='line_1_69' title="bbox 1981 3308 3580 3380; baseline -0.001 -16"><span class='ocrx_word' id='word_1_510' title='bbox 1981 3310 2276 3365; x_wconf 89' lang='lat' dir='ltr'><strong>maculatos</strong></span> <span class='ocrx_word' id='word_1_511' title='bbox 2298 3352 2314 3378; x_wconf 95' lang='lat'><strong>,</strong></span> <span class='ocrx_word' id='word_1_512' title='bbox 2342 3317 2397 3364; x_wconf 92' lang='lat' dir='ltr'><strong>et</strong></span> <span class='ocrx_word' id='word_1_513' title='bbox 2419 3324 2514 3365; x_wconf 88' lang='lat' dir='ltr'><strong>eos</strong></span> <span class='ocrx_word' id='word_1_514' title='bbox 2535 3311 2626 3380; x_wconf 88' lang='lat' dir='ltr'><strong>qui</strong></span> <span class='ocrx_word' id='word_1_515' title='bbox 2653 3325 2720 3365; x_wconf 83' lang='lat' dir='ltr'><strong>ex</strong></span> <span class='ocrx_word' id='word_1_516' title='bbox 2748 3319 2932 3365; x_wconf 87' lang='lat' dir='ltr'><strong>vetere</strong></span> <span class='ocrx_word' id='word_1_517' title='bbox 2957 3308 3024 3364; x_wconf 86' lang='lat' dir='ltr'><strong>ad</strong></span> <span class='ocrx_word' id='word_1_518' title='bbox 3054 3325 3250 3363; x_wconf 83' lang='lat' dir='ltr'><strong>novum</strong></span> <span class='ocrx_word' id='word_1_519' title='bbox 3283 3318 3544 3365; x_wconf 83' lang='lat' dir='ltr'><strong>venerant</strong></span> <span class='ocrx_word' id='word_1_520' title='bbox 3567 3349 3580 3373; x_wconf 91' lang='lat'><strong>,</strong></span> 
     </span>
    </p>
   </div>
   <div class='ocr_carea' id='block_1_70' title="bbox 1979 3401 3581 3472">
    <p class='ocr_par' dir='ltr' id='par_1_70' title="bbox 1979 3401 3581 3472">
     <span class='ocr_line' id='line_1_70' title="bbox 1979 3401 3581 3472; baseline -0.003 -13"><span class='ocrx_word' id='word_1_521' title='bbox 1979 3404 2366 3459; x_wconf 89' lang='lat' dir='ltr'><strong>inveterarent.</strong></span> <span class='ocrx_word' id='word_1_522' title='bbox 2402 3402 2478 3458; x_wconf 90' lang='lat' dir='ltr'><strong>Te</strong></span> <span class='ocrx_word' id='word_1_523' title='bbox 2504 3403 2647 3458; x_wconf 88' lang='lat' dir='ltr'><strong>enim</strong></span> <span class='ocrx_word' id='word_1_524' title='bbox 2689 3418 2796 3458; x_wconf 91' lang='lat' dir='ltr'><strong>non</strong></span> <span class='ocrx_word' id='word_1_525' title='bbox 2835 3402 3260 3458; x_wconf 90' lang='lat' dir='ltr'><strong>condemnamus</strong></span> <span class='ocrx_word' id='word_1_526' title='bbox 3285 3443 3301 3469; x_wconf 93' lang='lat'><strong>,</strong></span> <span class='ocrx_word' id='word_1_527' title='bbox 3326 3401 3581 3472; x_wconf 87' lang='lat' dir='ltr'><strong>quoniam</strong></span> 
     </span>
    </p>
   </div>
   <div class='ocr_carea' id='block_1_71' title="bbox 1980 3495 3581 3570">
    <p class='ocr_par' dir='ltr' id='par_1_71' title="bbox 1980 3495 3581 3570">
     <span class='ocr_line' id='line_1_71' title="bbox 1980 3495 3581 3570; baseline -0.003 -17"><span class='ocrx_word' id='word_1_528' title='bbox 1980 3513 2050 3554; x_wconf 83' lang='lat' dir='ltr'><strong>ex</strong></span> <span class='ocrx_word' id='word_1_529' title='bbox 2077 3512 2172 3552; x_wconf 91' lang='lat' dir='ltr'><strong>ore</strong></span> <span class='ocrx_word' id='word_1_530' title='bbox 2204 3496 2332 3570; x_wconf 91' lang='lat' dir='ltr'><strong>[tuo</strong></span> <span class='ocrx_word' id='word_1_531' title='bbox 2355 3495 2761 3567; x_wconf 84' lang='lat' dir='ltr'><strong>justifieaberis,</strong></span> <span class='ocrx_word' id='word_1_532' title='bbox 2793 3505 2849 3552; x_wconf 93' lang='lat' dir='ltr'><strong>et</strong></span> <span class='ocrx_word' id='word_1_533' title='bbox 2874 3511 2940 3551; x_wconf 85' lang='lat' dir='ltr'><strong>ex</strong></span> <span class='ocrx_word' id='word_1_534' title='bbox 2983 3511 3078 3550; x_wconf 90' lang='lat' dir='ltr'><strong>ore</strong></span> <span class='ocrx_word' id='word_1_535' title='bbox 3120 3505 3210 3550; x_wconf 90' lang='lat' dir='ltr'><strong>tuo</strong></span> <span class='ocrx_word' id='word_1_536' title='bbox 3249 3495 3581 3550; x_wconf 81' lang='lat' dir='ltr'><strong>condemna-</strong></span> 
     </span>
    </p>
   </div>
   <div class='ocr_carea' id='block_1_72' title="bbox 1979 3586 3584 3660">
    <p class='ocr_par' dir='ltr' id='par_1_72' title="bbox 1979 3586 3584 3660">
     <span class='ocr_line' id='line_1_72' title="bbox 1979 3586 3584 3660; baseline -0.002 -12"><span class='ocrx_word' id='word_1_537' title='bbox 1979 3593 2144 3648; x_wconf 89' lang='lat' dir='ltr'><strong>beris.</strong></span> <span class='ocrx_word' id='word_1_538' title='bbox 2182 3611 2200 3643; x_wconf 78' lang='grc' dir='ltr'><strong><em>ι</em></strong></span> <span class='ocrx_word' id='word_1_539' title='bbox 2229 3591 2570 3646; x_wconf 87' lang='lat' dir='ltr'><strong>Marcellinus</strong></span> <span class='ocrx_word' id='word_1_540' title='bbox 2605 3599 2782 3646; x_wconf 88' lang='lat' dir='ltr'><strong>autem</strong></span> <span class='ocrx_word' id='word_1_541' title='bbox 2822 3591 2876 3645; x_wconf 93' lang='lat' dir='ltr'><strong>in</strong></span> <span class='ocrx_word' id='word_1_542' title='bbox 2916 3599 3210 3660; x_wconf 87' lang='lat' dir='ltr'><strong>conspectu</strong></span> <span class='ocrx_word' id='word_1_543' title='bbox 3241 3586 3468 3660; x_wconf 82' lang='lat' dir='ltr'><strong>synodi]</strong></span> <span class='ocrx_word' id='word_1_544' title='bbox 3494 3603 3584 3644; x_wconf 84' lang='lat' dir='ltr'><strong>ce-</strong></span> 
     </span>
    </p>
   </div>
   <div class='ocr_carea' id='block_1_73' title="bbox 1981 3682 3579 3757">
    <p class='ocr_par' dir='ltr' id='par_1_73' title="bbox 1981 3682 3579 3757">
     <span class='ocr_line' id='line_1_73' title="bbox 1981 3682 3579 3757; baseline -0.003 -15"><span class='ocrx_word' id='word_1_545' title='bbox 1981 3685 2113 3742; x_wconf 89' lang='lat' dir='ltr'><strong>cidit</strong></span> <span class='ocrx_word' id='word_1_546' title='bbox 2131 3686 2185 3741; x_wconf 92' lang='lat' dir='ltr'><strong>in</strong></span> <span class='ocrx_word' id='word_1_547' title='bbox 2209 3694 2373 3742; x_wconf 89' lang='lat' dir='ltr'><strong>terra.</strong></span> <span class='ocrx_word' id='word_1_548' title='bbox 2393 3685 2470 3741; x_wconf 90' lang='lat' dir='ltr'><strong>Ibi</strong></span> <span class='ocrx_word' id='word_1_549' title='bbox 2493 3695 2672 3741; x_wconf 88' lang='lat' dir='ltr'><strong>autem</strong></span> <span class='ocrx_word' id='word_1_550' title='bbox 2687 3687 2897 3757; x_wconf 90' lang='lat' dir='ltr'><strong>jacens,</strong></span> <span class='ocrx_word' id='word_1_551' title='bbox 2913 3694 2967 3740; x_wconf 90' lang='lat' dir='ltr'><strong>et</strong></span> <span class='ocrx_word' id='word_1_552' title='bbox 2992 3683 3063 3740; x_wconf 93' lang='lat' dir='ltr'><strong>ibi</strong></span> <span class='ocrx_word' id='word_1_553' title='bbox 3079 3699 3145 3739; x_wconf 91' lang='lat' dir='ltr'><strong>eo</strong></span> <span class='ocrx_word' id='word_1_554' title='bbox 3162 3699 3310 3739; x_wconf 90' lang='lat' dir='ltr'><strong>mora</strong></span> <span class='ocrx_word' id='word_1_555' title='bbox 3329 3682 3579 3748; x_wconf 81' lang='lat' dir='ltr'><strong>faciente,</strong></span> 
     </span>
    </p>
   </div>
   <div class='ocr_carea' id='block_1_74' title="bbox 1985 3777 3583 3854">
    <p class='ocr_par' dir='ltr' id='par_1_74' title="bbox 1985 3777 3583 3854">
     <span class='ocr_line' id='line_1_74' title="bbox 1985 3777 3583 3854; baseline -0.002 -19"><span class='ocrx_word' id='word_1_556' title='bbox 1985 3780 2396 3838; x_wconf 89' lang='lat' dir='ltr'><strong>damnaverunt.</strong></span> <span class='ocrx_word' id='word_1_557' title='bbox 2428 3779 2680 3854; x_wconf 85' lang='lat' dir='ltr'><strong>Synodus</strong></span> <span class='ocrx_word' id='word_1_558' title='bbox 2715 3787 2894 3836; x_wconf 90' lang='lat' dir='ltr'><strong>autem</strong></span> <span class='ocrx_word' id='word_1_559' title='bbox 2937 3788 2992 3835; x_wconf 92' lang='lat' dir='ltr'><strong>et</strong></span> <span class='ocrx_word' id='word_1_560' title='bbox 3031 3777 3331 3851; x_wconf 86' lang='lat' dir='ltr'><strong>presbyteri</strong></span> <span class='ocrx_word' id='word_1_561' title='bbox 3364 3777 3583 3848; x_wconf 76' lang='lat' dir='ltr'><strong>triginta</strong></span> 
     </span>
    </p>
   </div>
   <div class='ocr_carea' id='block_1_75' title="bbox 1656 3913 2214 3972">
    <p class='ocr_par' dir='ltr' id='par_1_75' title="bbox 1656 3913 2214 3972">
     <span class='ocr_line' id='line_1_75' title="bbox 1656 3913 2214 3972; baseline -0.002 -1"><span class='ocrx_word' id='word_1_562' title='bbox 1656 3913 2214 3972; x_wconf 84' lang='lat' dir='ltr'><strong>ANNOTATIONES.</strong></span> 
     </span>
    </p>
   </div>
   <div class='ocr_carea' id='block_1_76' title="bbox 345 4055 1874 4123">
    <p class='ocr_par' dir='ltr' id='par_1_76' title="bbox 345 4055 1874 4123">
     <span class='ocr_line' id='line_1_76' title="bbox 345 4055 1874 4123; baseline -0.005 -7"><span class='ocrx_word' id='word_1_563' title='bbox 345 4059 461 4116; x_wconf 78' lang='lat' dir='ltr'><strong>VII.</strong></span> <span class='ocrx_word' id='word_1_564' title='bbox 491 4066 566 4101; x_wconf 57' lang='lat'><strong>’--</strong></span> <span class='ocrx_word' id='word_1_565' title='bbox 594 4056 720 4112; x_wconf 84' lang='lat' dir='ltr'><strong>Non</strong></span> <span class='ocrx_word' id='word_1_566' title='bbox 750 4055 1107 4123; x_wconf 81' lang='lat' dir='ltr'><strong>sacriﬁcavi...</strong></span> <span class='ocrx_word' id='word_1_567' title='bbox 1140 4055 1414 4111; x_wconf 87' lang='lat' dir='ltr'><strong>combussi.</strong></span> <span class='ocrx_word' id='word_1_568' title='bbox 1443 4055 1757 4111; x_wconf 86' lang='lat' dir='ltr'><strong>Pontiﬁcem</strong></span> <span class='ocrx_word' id='word_1_569' title='bbox 1775 4055 1874 4110; x_wconf 90' lang='lat' dir='ltr'><strong>de-</strong></span> 
     </span>
    </p>
   </div>
   <div class='ocr_carea' id='block_1_77' title="bbox 269 4127 1874 4197">
    <p class='ocr_par' dir='ltr' id='par_1_77' title="bbox 269 4127 1874 4197">
     <span class='ocr_line' id='line_1_77' title="bbox 269 4127 1874 4197; baseline -0.006 -8"><span class='ocrx_word' id='word_1_570' title='bbox 269 4133 432 4190; x_wconf 81' lang='lat' dir='ltr'><strong>decet</strong></span> <span class='ocrx_word' id='word_1_571' title='bbox 459 4131 603 4186; x_wconf 87' lang='lat' dir='ltr'><strong>fatua</strong></span> <span class='ocrx_word' id='word_1_572' title='bbox 633 4128 750 4184; x_wconf 65' lang='lat' dir='ltr'><strong>haec</strong></span> <span class='ocrx_word' id='word_1_573' title='bbox 790 4135 846 4184; x_wconf 90' lang='lat' dir='ltr'><strong>et</strong></span> <span class='ocrx_word' id='word_1_574' title='bbox 882 4127 1086 4182; x_wconf 90' lang='lat' dir='ltr'><strong>insulsa</strong></span> <span class='ocrx_word' id='word_1_575' title='bbox 1140 4128 1368 4196; x_wconf 86' lang='lat' dir='ltr'><strong>negandi</strong></span> <span class='ocrx_word' id='word_1_576' title='bbox 1417 4127 1584 4191; x_wconf 89' lang='lat' dir='ltr'><strong>ratio,</strong></span> <span class='ocrx_word' id='word_1_577' title='bbox 1635 4127 1787 4197; x_wconf 91' lang='lat' dir='ltr'><strong>quasi</strong></span> <span class='ocrx_word' id='word_1_578' title='bbox 1825 4127 1874 4180; x_wconf 92' lang='lat' dir='ltr'><strong>ei</strong></span> 
     </span>
    </p>
   </div>
   <div class='ocr_carea' id='block_1_78' title="bbox 272 4197 1876 4276">
    <p class='ocr_par' dir='ltr' id='par_1_78' title="bbox 272 4197 1876 4276">
     <span class='ocr_line' id='line_1_78' title="bbox 272 4197 1876 4276; baseline -0.006 -15"><span class='ocrx_word' id='word_1_579' title='bbox 272 4207 538 4276; x_wconf 76' lang='lat' dir='ltr'><strong>ignorare</strong></span> <span class='ocrx_word' id='word_1_580' title='bbox 561 4202 637 4276; x_wconf 72' lang='lat' dir='ltr'><strong>fas</strong></span> <span class='ocrx_word' id='word_1_581' title='bbox 664 4199 874 4276; x_wconf 79' lang='lat' dir='ltr'><strong>fuisset,</strong></span> <span class='ocrx_word' id='word_1_582' title='bbox 901 4214 1023 4254; x_wconf 90' lang='lat' dir='ltr'><strong>eum</strong></span> <span class='ocrx_word' id='word_1_583' title='bbox 1045 4198 1257 4276; x_wconf 77' lang='lat' dir='ltr'><strong>censeri</strong></span> <span class='ocrx_word' id='word_1_584' title='bbox 1274 4197 1378 4253; x_wconf 89' lang='lat' dir='ltr'><strong>diis</strong></span> <span class='ocrx_word' id='word_1_585' title='bbox 1396 4198 1757 4276; x_wconf 77' lang='lat' dir='ltr'><strong>sacriﬁcasse,</strong></span> <span class='ocrx_word' id='word_1_586' title='bbox 1781 4197 1876 4268; x_wconf 90' lang='lat' dir='ltr'><strong>qui</strong></span> 
     </span>
    </p>
   </div>
   <div class='ocr_carea' id='block_1_79' title="bbox 275 4270 1675 4340">
    <p class='ocr_par' dir='ltr' id='par_1_79' title="bbox 275 4270 1675 4340">
     <span class='ocr_line' id='line_1_79' title="bbox 275 4270 1675 4340; baseline -0.006 -7"><span class='ocrx_word' id='word_1_587' title='bbox 275 4270 466 4332; x_wconf 59' lang='lat' dir='ltr'><strong>c&#39;oram</strong></span> <span class='ocrx_word' id='word_1_588' title='bbox 486 4273 646 4330; x_wconf 89' lang='lat' dir='ltr'><strong>idolis</strong></span> <span class='ocrx_word' id='word_1_589' title='bbox 673 4271 843 4326; x_wconf 88' lang='lat' dir='ltr'><strong>thuris</strong></span> <span class='ocrx_word' id='word_1_590' title='bbox 867 4285 1030 4340; x_wconf 89' lang='lat' dir='ltr'><strong>grana</strong></span> <span class='ocrx_word' id='word_1_591' title='bbox 1056 4270 1242 4340; x_wconf 88' lang='lat' dir='ltr'><strong>prunis</strong></span> <span class='ocrx_word' id='word_1_592' title='bbox 1269 4270 1675 4325; x_wconf 87' lang='lat' dir='ltr'><strong>combussisset.</strong></span> 
     </span>
    </p>
   </div>
   <div class='ocr_carea' id='block_1_80' title="bbox 349 4361 1874 4438">
    <p class='ocr_par' dir='ltr' id='par_1_80' title="bbox 349 4361 1874 4438">
     <span class='ocr_line' id='line_1_80' title="bbox 349 4361 1874 4438; baseline -0.003 -16"><span class='ocrx_word' id='word_1_593' title='bbox 349 4366 738 4438; x_wconf 83' lang='lat' dir='ltr'><strong>Quinquaginta</strong></span> <span class='ocrx_word' id='word_1_594' title='bbox 766 4365 819 4438; x_wconf 86' lang='lat' dir='ltr'><strong>in</strong></span> <span class='ocrx_word' id='word_1_595' title='bbox 847 4361 1086 4438; x_wconf 77' lang='lat' dir='ltr'><strong>quinque.</strong></span> <span class='ocrx_word' id='word_1_596' title='bbox 1116 4361 1261 4438; x_wconf 88' lang='lat' dir='ltr'><strong>Editi</strong></span> <span class='ocrx_word' id='word_1_597' title='bbox 1301 4363 1352 4417; x_wconf 95' lang='lat' dir='ltr'><strong>in</strong></span> <span class='ocrx_word' id='word_1_598' title='bbox 1378 4362 1551 4438; x_wconf 81' lang='lat' dir='ltr'><strong>tribus</strong></span> <span class='ocrx_word' id='word_1_599' title='bbox 1578 4362 1874 4438; x_wconf 82' lang='lat' dir='ltr'><strong>columnis,</strong></span> 
     </span>
    </p>
   </div>
   <div class='ocr_carea' id='block_1_81' title="bbox 271 4434 1871 4512">
    <p class='ocr_par' dir='ltr' id='par_1_81' title="bbox 271 4434 1871 4512">
     <span class='ocr_line' id='line_1_81' title="bbox 271 4434 1871 4512; baseline -0.004 -17"><span class='ocrx_word' id='word_1_600' title='bbox 271 4434 646 4512; x_wconf 67' lang='lat' dir='ltr'><strong>quinquaginta</strong></span> <span class='ocrx_word' id='word_1_601' title='bbox 690 4437 940 4512; x_wconf 67' lang='lat' dir='ltr'><strong>quinque,</strong></span> <span class='ocrx_word' id='word_1_602' title='bbox 967 4434 1067 4512; x_wconf 88' lang='lat' dir='ltr'><strong>_vel</strong></span> <span class='ocrx_word' id='word_1_603' title='bbox 1113 4435 1480 4512; x_wconf 64' lang='lat' dir='ltr'><strong>quinquaginta</strong></span> <span class='ocrx_word' id='word_1_604' title='bbox 1533 4445 1589 4512; x_wconf 81' lang='lat' dir='ltr'><strong>et_</strong></span> <span class='ocrx_word' id='word_1_605' title='bbox 1630 4435 1871 4512; x_wconf 71' lang='lat' dir='ltr'><strong>quinque.</strong></span> 
     </span>
    </p>
   </div>
   <div class='ocr_carea' id='block_1_82' title="bbox 1985 4055 3586 4126">
    <p class='ocr_par' dir='ltr' id='par_1_82' title="bbox 1985 4055 3586 4126">
     <span class='ocr_line' id='line_1_82' title="bbox 1985 4055 3586 4126; baseline -0.001 -17"><span class='ocrx_word' id='word_1_606' title='bbox 1985 4055 2212 4124; x_wconf 85' lang='lat' dir='ltr'><strong>vulgatis</strong></span> <span class='ocrx_word' id='word_1_607' title='bbox 2253 4065 2456 4112; x_wconf 90' lang='lat' dir='ltr'><strong>notato.</strong></span> <span class='ocrx_word' id='word_1_608' title='bbox 2490 4057 2569 4112; x_wconf 86' lang='lat' dir='ltr'><strong>Ex</strong></span> <span class='ocrx_word' id='word_1_609' title='bbox 2608 4071 2714 4126; x_wconf 91' lang='lat' dir='ltr'><strong>quo</strong></span> <span class='ocrx_word' id='word_1_610' title='bbox 2756 4057 3038 4114; x_wconf 87' lang='lat' dir='ltr'><strong>manifesta</strong></span> <span class='ocrx_word' id='word_1_611' title='bbox 3090 4065 3173 4112; x_wconf 90' lang='lat' dir='ltr'><strong>est</strong></span> <span class='ocrx_word' id='word_1_612' title='bbox 3220 4057 3271 4111; x_wconf 93' lang='lat' dir='ltr'><strong>in</strong></span> <span class='ocrx_word' id='word_1_613' title='bbox 3321 4055 3404 4109; x_wconf 80' lang='lat' dir='ltr'><strong>his</strong></span> <span class='ocrx_word' id='word_1_614' title='bbox 3449 4056 3586 4110; x_wconf 85' lang='lat' dir='ltr'><strong>actis</strong></span> 
     </span>
    </p>
   </div>
   <div class='ocr_carea' id='block_1_83' title="bbox 1986 4127 3586 4200">
    <p class='ocr_par' dir='ltr' id='par_1_83' title="bbox 1986 4127 3586 4200">
     <span class='ocr_line' id='line_1_83' title="bbox 1986 4127 3586 4200; baseline -0.001 -19"><span class='ocrx_word' id='word_1_615' title='bbox 1986 4142 2190 4200; x_wconf 85' lang='lat' dir='ltr'><strong>pugna,</strong></span> <span class='ocrx_word' id='word_1_616' title='bbox 2231 4137 2414 4200; x_wconf 82' lang='lat' dir='ltr'><strong>utpote</strong></span> <span class='ocrx_word' id='word_1_617' title='bbox 2457 4129 2513 4182; x_wconf 91' lang='lat' dir='ltr'><strong>in</strong></span> <span class='ocrx_word' id='word_1_618' title='bbox 2556 4129 2767 4200; x_wconf 13' lang='lat' dir='ltr'><strong>quibus,</strong></span> <span class='ocrx_word' id='word_1_619' title='bbox 2795 4129 3034 4200; x_wconf 89' lang='lat' dir='ltr'><strong>episcopi</strong></span> <span class='ocrx_word' id='word_1_620' title='bbox 3066 4142 3170 4200; x_wconf 90' lang='lat' dir='ltr'><strong>non</strong></span> <span class='ocrx_word' id='word_1_621' title='bbox 3202 4141 3301 4182; x_wconf 92' lang='lat' dir='ltr'><strong>suo</strong></span> <span class='ocrx_word' id='word_1_622' title='bbox 3328 4141 3422 4181; x_wconf 87' lang='lat' dir='ltr'><strong>ore</strong></span> <span class='ocrx_word' id='word_1_623' title='bbox 3447 4127 3586 4181; x_wconf 85' lang='lat' dir='ltr'><strong>Mar-</strong></span> 
     </span>
    </p>
   </div>
   <div class='ocr_carea' id='block_1_84' title="bbox 1986 4199 3584 4269">
    <p class='ocr_par' dir='ltr' id='par_1_84' title="bbox 1986 4199 3584 4269">
     <span class='ocr_line' id='line_1_84' title="bbox 1986 4199 3584 4269; baseline -0.002 -16"><span class='ocrx_word' id='word_1_624' title='bbox 1986 4199 2260 4264; x_wconf 89' lang='lat' dir='ltr'><strong>cellinum,</strong></span> <span class='ocrx_word' id='word_1_625' title='bbox 2276 4199 2368 4254; x_wconf 90' lang='lat' dir='ltr'><strong>sed</strong></span> <span class='ocrx_word' id='word_1_626' title='bbox 2387 4200 2668 4269; x_wconf 90' lang='lat' dir='ltr'><strong>ipsiusmet</strong></span> <span class='ocrx_word' id='word_1_627' title='bbox 2682 4199 2887 4269; x_wconf 85' lang='lat' dir='ltr'><strong>judicio</strong></span> <span class='ocrx_word' id='word_1_628' title='bbox 2901 4199 3263 4254; x_wconf 84' lang='lat' dir='ltr'><strong>damnandum</strong></span> <span class='ocrx_word' id='word_1_629' title='bbox 3285 4205 3584 4263; x_wconf 89' lang='lat' dir='ltr'><strong>recantant,</strong></span> 
     </span>
    </p>
   </div>
   <div class='ocr_carea' id='block_1_85' title="bbox 1983 4269 3586 4343">
    <p class='ocr_par' dir='ltr' id='par_1_85' title="bbox 1983 4269 3586 4343">
     <span class='ocr_line' id='line_1_85' title="bbox 1983 4269 3586 4343; baseline -0.001 -18"><span class='ocrx_word' id='word_1_630' title='bbox 1983 4281 2039 4325; x_wconf 88' lang='lat' dir='ltr'><strong>et</strong></span> <span class='ocrx_word' id='word_1_631' title='bbox 2065 4281 2242 4325; x_wconf 92' lang='lat' dir='ltr'><strong>tamen</strong></span> <span class='ocrx_word' id='word_1_632' title='bbox 2273 4271 2360 4326; x_wconf 88' lang='lat' dir='ltr'><strong>hic</strong></span> <span class='ocrx_word' id='word_1_633' title='bbox 2384 4273 2728 4343; x_wconf 66' lang='lat' dir='ltr'><strong>tax-pontifex,</strong></span> <span class='ocrx_word' id='word_1_634' title='bbox 2756 4280 3041 4343; x_wconf 85' lang='lat' dir='ltr'><strong>antequam</strong></span> <span class='ocrx_word' id='word_1_635' title='bbox 3065 4286 3124 4325; x_wconf 86' lang='lat' dir='ltr'><strong>se</strong></span> <span class='ocrx_word' id='word_1_636' title='bbox 3143 4271 3268 4343; x_wconf 79' lang='lat' dir='ltr'><strong>ipse</strong></span> <span class='ocrx_word' id='word_1_637' title='bbox 3281 4269 3586 4343; x_wconf 79' lang='lat' dir='ltr'><strong>damnave-</strong></span> 
     </span>
    </p>
   </div>
   <div class='ocr_carea' id='block_1_86' title="bbox 1984 4341 3584 4414">
    <p class='ocr_par' dir='ltr' id='par_1_86' title="bbox 1984 4341 3584 4414">
     <span class='ocr_line' id='line_1_86' title="bbox 1984 4341 3584 4414; baseline -0.001 -18"><span class='ocrx_word' id='word_1_638' title='bbox 1984 4343 2073 4405; x_wconf 89' lang='lat' dir='ltr'><strong>rit,</strong></span> <span class='ocrx_word' id='word_1_639' title='bbox 2105 4341 2711 4414; x_wconf 28' lang='lat' dir='ltr'><strong>vocaturaouamquam</strong></span> <span class='ocrx_word' id='word_1_640' title='bbox 2743 4358 2883 4398; x_wconf 88' lang='lat' dir='ltr'><strong>unus</strong></span> <span class='ocrx_word' id='word_1_641' title='bbox 2909 4341 3081 4398; x_wconf 82' lang='lat' dir='ltr'><strong>codex</strong></span> <span class='ocrx_word' id='word_1_642' title='bbox 3111 4341 3432 4412; x_wconf 85' lang='lat' dir='ltr'><strong>simpliciter</strong></span> <span class='ocrx_word' id='word_1_643' title='bbox 3453 4357 3584 4412; x_wconf 85' lang='lat' dir='ltr'><strong>pon-</strong></span> 
     </span>
    </p>
   </div>
   <div class='ocr_carea' id='block_1_87' title="bbox 1984 4413 2755 4485">
    <p class='ocr_par' dir='ltr' id='par_1_87' title="bbox 1984 4413 2755 4485">
     <span class='ocr_line' id='line_1_87' title="bbox 1984 4413 2755 4485; baseline 0.005 -18"><span class='ocrx_word' id='word_1_644' title='bbox 1984 4415 2112 4485; x_wconf 74' lang='lat' dir='ltr'><strong>tifex</strong></span> <span class='ocrx_word' id='word_1_645' title='bbox 2132 4428 2242 4483; x_wconf 73' lang='lat' dir='ltr'><strong>prae</strong></span> <span class='ocrx_word' id='word_1_646' title='bbox 2265 4429 2324 4470; x_wconf 88' lang='lat' dir='ltr'><strong>se</strong></span> <span class='ocrx_word' id='word_1_647' title='bbox 2348 4413 2490 4469; x_wconf 86' lang='lat' dir='ltr'><strong>ferre</strong></span> <span class='ocrx_word' id='word_1_648' title='bbox 2517 4413 2755 4471; x_wconf 77' lang='lat' dir='ltr'><strong>natatur.</strong></span> 
     </span>
    </p>
   </div>
   <div class='ocr_carea' id='block_1_88' title="bbox 275 4505 3584 4585">
    <p class='ocr_par' dir='ltr' id='par_1_88' title="bbox 275 4505 3584 4585">
     <span class='ocr_line' id='line_1_88' title="bbox 275 4505 3584 4585; baseline -0.004 -17"><span class='ocrx_word' id='word_1_649' title='bbox 275 4505 661 4585; x_wconf 27' lang='lat' dir='ltr'><strong>Rectius&#39;ms.‘</strong></span> <span class='ocrx_word' id='word_1_650' title='bbox 689 4505 844 4585; x_wconf 72' lang='lat' dir='ltr'><strong>Coll).</strong></span> <span class='ocrx_word' id='word_1_651' title='bbox 891 4507 1295 4585; x_wconf 69' lang='lat' dir='ltr'><strong>quinquaginta,</strong></span> <span class='ocrx_word' id='word_1_652' title='bbox 1346 4505 1461 4585; x_wconf 79' lang='lat' dir='ltr'><strong>scil.</strong></span> <span class='ocrx_word' id='word_1_653' title='bbox 1507 4507 1784 4585; x_wconf 63' lang='lat' dir='ltr'><strong>episcopi,</strong></span> <span class='ocrx_word' id='word_1_654' title='bbox 1821 4507 1874 4560; x_wconf 90' lang='lat' dir='ltr'><strong>in</strong></span> <span class='ocrx_word' id='word_1_655' title='bbox 1903 4526 1957 4585; x_wconf 68' lang='grc' dir='ltr'><strong>Ι)</strong></span> <span class='ocrx_word' id='word_1_656' title='bbox 2062 4508 2257 4585; x_wconf 81' lang='lat' dir='ltr'><strong>Viginti</strong></span> <span class='ocrx_word' id='word_1_657' title='bbox 2279 4518 2463 4585; x_wconf 70' lang='lat' dir='ltr'><strong>octo..1</strong></span> <span class='ocrx_word' id='word_1_658' title='bbox 2477 4509 2982 4585; x_wconf 53' lang='lat' dir='ltr'><strong>testesﬁorrector,</strong></span> <span class='ocrx_word' id='word_1_659' title='bbox 3003 4515 3048 4585; x_wconf 90' lang='lat' dir='ltr'><strong>e_t</strong></span> <span class='ocrx_word' id='word_1_660' title='bbox 3064 4507 3584 4585; x_wconf 39' lang='lat' dir='ltr'><strong>vigintiocto-testium</strong></span> 
     </span>
    </p>
   </div>
   <div class='ocr_carea' id='block_1_89' title="bbox 273 4576 1877 4655">
    <p class='ocr_par' dir='ltr' id='par_1_89' title="bbox 273 4576 1877 4655">
     <span class='ocr_line' id='line_1_89' title="bbox 273 4576 1877 4655; baseline -0.004 -16"><span class='ocrx_word' id='word_1_661' title='bbox 273 4585 500 4655; x_wconf 79' lang='lat' dir='ltr'><strong>quinque</strong></span> <span class='ocrx_word' id='word_1_662' title='bbox 549 4579 869 4655; x_wconf 79' lang='lat' dir='ltr'><strong>testimonia,</strong></span> <span class='ocrx_word' id='word_1_663' title='bbox 919 4577 1042 4655; x_wconf 81' lang='lat' dir='ltr'><strong>quia</strong></span> <span class='ocrx_word' id='word_1_664' title='bbox 1095 4577 1304 4630; x_wconf 89' lang='lat' dir='ltr'><strong>scilicet</strong></span> <span class='ocrx_word' id='word_1_665' title='bbox 1349 4577 1402 4630; x_wconf 93' lang='lat' dir='ltr'><strong>in</strong></span> <span class='ocrx_word' id='word_1_666' title='bbox 1448 4579 1660 4631; x_wconf 90' lang='lat' dir='ltr'><strong>actione</strong></span> <span class='ocrx_word' id='word_1_667' title='bbox 1707 4576 1877 4655; x_wconf 77' lang='lat' dir='ltr'><strong>prima</strong></span> 
     </span>
    </p>
   </div>
   <div class='ocr_carea' id='block_1_90' title="bbox 277 4647 1879 4725">
    <p class='ocr_par' dir='ltr' id='par_1_90' title="bbox 277 4647 1879 4725">
     <span class='ocr_line' id='line_1_90' title="bbox 277 4647 1879 4725; baseline -0.006 -14"><span class='ocrx_word' id='word_1_668' title='bbox 277 4647 456 4725; x_wconf 76' lang='lat' dir='ltr'><strong>primo</strong></span> <span class='ocrx_word' id='word_1_669' title='bbox 481 4668 622 4708; x_wconf 87' lang='lat' dir='ltr'><strong>unus</strong></span> <span class='ocrx_word' id='word_1_670' title='bbox 648 4651 825 4725; x_wconf 80' lang='lat' dir='ltr'><strong>solus,</strong></span> <span class='ocrx_word' id='word_1_671' title='bbox 859 4659 970 4725; x_wconf 81' lang='lat' dir='ltr'><strong>tum</strong></span> <span class='ocrx_word' id='word_1_672' title='bbox 1001 4647 1224 4725; x_wconf 85' lang='lat' dir='ltr'><strong>decem,_</strong></span> <span class='ocrx_word' id='word_1_673' title='bbox 1248 4657 1432 4725; x_wconf 84' lang='lat' dir='ltr'><strong>postea</strong></span> <span class='ocrx_word' id='word_1_674' title='bbox 1462 4656 1572 4725; x_wconf 80' lang='lat' dir='ltr'><strong>tres</strong></span> <span class='ocrx_word' id='word_1_675' title='bbox 1599 4648 1765 4725; x_wconf 83' lang='lat' dir='ltr'><strong>semel</strong></span> <span class='ocrx_word' id='word_1_676' title='bbox 1785 4691 1808 4725; x_wconf 89' lang='lat'><strong>,_</strong></span> <span class='ocrx_word' id='word_1_677' title='bbox 1825 4649 1879 4725; x_wconf 80' lang='lat' dir='ltr'><strong>in</strong></span> 
     </span>
    </p>
   </div>
   <div class='ocr_carea' id='block_1_91' title="bbox 277 4717 1881 4789">
    <p class='ocr_par' dir='ltr' id='par_1_91' title="bbox 277 4717 1881 4789">
     <span class='ocr_line' id='line_1_91' title="bbox 277 4717 1881 4789; baseline -0.006 -7"><span class='ocrx_word' id='word_1_678' title='bbox 277 4717 382 4782; x_wconf 74' lang='lat' dir='ltr'><strong>hac</strong></span> <span class='ocrx_word' id='word_1_679' title='bbox 424 4734 603 4780; x_wconf 90' lang='lat' dir='ltr'><strong>autem</strong></span> <span class='ocrx_word' id='word_1_680' title='bbox 641 4724 808 4778; x_wconf 87' lang='lat' dir='ltr'><strong>altera</strong></span> <span class='ocrx_word' id='word_1_681' title='bbox 841 4721 929 4774; x_wconf 88' lang='lat' dir='ltr'><strong>alii</strong></span> <span class='ocrx_word' id='word_1_682' title='bbox 960 4717 1367 4789; x_wconf 88' lang='lat' dir='ltr'><strong>quatuordecim</strong></span> <span class='ocrx_word' id='word_1_683' title='bbox 1399 4719 1765 4773; x_wconf 87' lang='lat' dir='ltr'><strong>testimonium</strong></span> <span class='ocrx_word' id='word_1_684' title='bbox 1798 4719 1881 4773; x_wconf 91' lang='lat' dir='ltr'><strong>bis</strong></span> 
     </span>
    </p>
   </div>
   <div class='ocr_carea' id='block_1_92' title="bbox 279 4789 1877 4866">
    <p class='ocr_par' dir='ltr' id='par_1_92' title="bbox 279 4789 1877 4866">
     <span class='ocr_line' id='line_1_92' title="bbox 279 4789 1877 4866; baseline -0.006 -12"><span class='ocrx_word' id='word_1_685' title='bbox 279 4798 600 4866; x_wconf 82' lang='lat' dir='ltr'><strong>interrogati</strong></span> <span class='ocrx_word' id='word_1_686' title='bbox 629 4795 914 4866; x_wconf 56' lang='lat' dir='ltr'><strong>dixerunt:</strong></span> <span class='ocrx_word' id='word_1_687' title='bbox 933 4806 998 4846; x_wconf 86' lang='lat' dir='ltr'><strong>ex</strong></span> <span class='ocrx_word' id='word_1_688' title='bbox 1017 4806 1123 4859; x_wconf 89' lang='lat' dir='ltr'><strong>quo</strong></span> <span class='ocrx_word' id='word_1_689' title='bbox 1145 4791 1378 4866; x_wconf 79' lang='lat' dir='ltr'><strong>quinque</strong></span> <span class='ocrx_word' id='word_1_690' title='bbox 1400 4789 1533 4844; x_wconf 83' lang='lat' dir='ltr'><strong>fiunt</strong></span> <span class='ocrx_word' id='word_1_691' title='bbox 1550 4790 1877 4866; x_wconf 81' lang='lat' dir='ltr'><strong>testimOnia.</strong></span> 
     </span>
    </p>
   </div>
   <div class='ocr_carea' id='block_1_93' title="bbox 351 4861 1882 4930">
    <p class='ocr_par' dir='ltr' id='par_1_93' title="bbox 351 4861 1882 4930">
     <span class='ocr_line' id='line_1_93' title="bbox 351 4861 1882 4930; baseline -0.009 -4"><span class='ocrx_word' id='word_1_692' title='bbox 351 4867 484 4926; x_wconf 84' lang='lat' dir='ltr'><strong>Cum</strong></span> <span class='ocrx_word' id='word_1_693' title='bbox 497 4861 833 4930; x_wconf 39' lang='lat' dir='ltr'><strong>vanticipatis.</strong></span> <span class='ocrx_word' id='word_1_694' title='bbox 863 4862 1014 4919; x_wconf 87' lang='lat' dir='ltr'><strong>Unus</strong></span> <span class='ocrx_word' id='word_1_695' title='bbox 1039 4877 1141 4916; x_wconf 92' lang='lat' dir='ltr'><strong>ms.</strong></span> <span class='ocrx_word' id='word_1_696' title='bbox 1174 4863 1512 4928; x_wconf 85' lang='lat' dir='ltr'><strong>anticipantes</strong></span> <span class='ocrx_word' id='word_1_697' title='bbox 1531 4903 1546 4926; x_wconf 95' lang='lat'><strong>,</strong></span> <span class='ocrx_word' id='word_1_698' title='bbox 1575 4862 1714 4915; x_wconf 87' lang='lat' dir='ltr'><strong>alter</strong></span> <span class='ocrx_word' id='word_1_699' title='bbox 1743 4861 1882 4915; x_wconf 80' lang='lat' dir='ltr'><strong>anti-</strong></span> 
     </span>
    </p>
   </div>
   <div class='ocr_carea' id='block_1_94' title="bbox 277 4932 1878 5013">
    <p class='ocr_par' dir='ltr' id='par_1_94' title="bbox 277 4932 1878 5013">
     <span class='ocr_line' id='line_1_94' title="bbox 277 4932 1878 5013; baseline -0.007 -17"><span class='ocrx_word' id='word_1_700' title='bbox 277 4941 592 5013; x_wconf 84' lang='lat' dir='ltr'><strong>cipantibus.</strong></span> <span class='ocrx_word' id='word_1_701' title='bbox 637 4938 846 5013; x_wconf 81' lang='lat' dir='ltr'><strong>Horum</strong></span> <span class='ocrx_word' id='word_1_702' title='bbox 881 4941 1157 5013; x_wconf 79' lang='lat' dir='ltr'><strong>corrector</strong></span> <span class='ocrx_word' id='word_1_703' title='bbox 1186 4933 1629 5013; x_wconf 75' lang='lat' dir='ltr'><strong>participantibus.</strong></span> <span class='ocrx_word' id='word_1_704' title='bbox 1667 4932 1744 5013; x_wconf 70' lang='lat' dir='ltr'><strong>h_lx</strong></span> <span class='ocrx_word' id='word_1_705' title='bbox 1775 4947 1878 5013; x_wconf 88' lang='lat' dir='ltr'><strong>ms.</strong></span> 
     </span>
    </p>
   </div>
   <div class='ocr_carea' id='block_1_95' title="bbox 276 5003 1884 5079">
    <p class='ocr_par' dir='ltr' id='par_1_95' title="bbox 276 5003 1884 5079">
     <span class='ocr_line' id='line_1_95' title="bbox 276 5003 1884 5079; baseline -0.007 -9"><span class='ocrx_word' id='word_1_706' title='bbox 276 5003 435 5070; x_wconf 73' lang='lat' dir='ltr'><strong>Cblb.</strong></span> <span class='ocrx_word' id='word_1_707' title='bbox 473 5013 526 5066; x_wconf 90' lang='lat' dir='ltr'><strong>in</strong></span> <span class='ocrx_word' id='word_1_708' title='bbox 555 5025 664 5079; x_wconf 89' lang='lat' dir='ltr'><strong>quo</strong></span> <span class='ocrx_word' id='word_1_709' title='bbox 689 5006 1040 5075; x_wconf 86' lang='lat' dir='ltr'><strong>anticipantis,</strong></span> <span class='ocrx_word' id='word_1_710' title='bbox 1073 5005 1408 5060; x_wconf 86' lang='lat' dir='ltr'><strong>restituimus</strong></span> <span class='ocrx_word' id='word_1_711' title='bbox 1432 5005 1749 5074; x_wconf 82' lang='lat' dir='ltr'><strong>anticipatis,</strong></span> <span class='ocrx_word' id='word_1_712' title='bbox 1781 5003 1884 5058; x_wconf 90' lang='lat' dir='ltr'><strong>hoc</strong></span> 
     </span>
    </p>
   </div>
   <div class='ocr_carea' id='block_1_96' title="bbox 279 5079 921 5156">
    <p class='ocr_par' dir='ltr' id='par_1_96' title="bbox 279 5079 921 5156">
     <span class='ocr_line' id='line_1_96' title="bbox 279 5079 921 5156; baseline -0.017 -14"><span class='ocrx_word' id='word_1_713' title='bbox 279 5096 387 5152; x_wconf 84' lang='lat' dir='ltr'><strong>est,</strong></span> <span class='ocrx_word' id='word_1_714' title='bbox 413 5085 564 5156; x_wconf 90' lang='lat' dir='ltr'><strong>prius</strong></span> <span class='ocrx_word' id='word_1_715' title='bbox 588 5079 921 5136; x_wconf 88' lang='lat' dir='ltr'><strong>memoratis.</strong></span> 
     </span>
    </p>
   </div>
   <div class='ocr_carea' id='block_1_97' title="bbox 353 5166 1884 5240">
    <p class='ocr_par' dir='ltr' id='par_1_97' title="bbox 353 5166 1884 5240">
     <span class='ocr_line' id='line_1_97' title="bbox 353 5166 1884 5240; baseline -0.006 -10"><span class='ocrx_word' id='word_1_716' title='bbox 353 5174 485 5230; x_wconf 81' lang='lat' dir='ltr'><strong>Cum</strong></span> <span class='ocrx_word' id='word_1_717' title='bbox 523 5175 618 5228; x_wconf 85' lang='lat' dir='ltr'><strong>hos</strong></span> <span class='ocrx_word' id='word_1_718' title='bbox 655 5170 1014 5240; x_wconf 83' lang='lat' dir='ltr'><strong>anticipantes.</strong></span> <span class='ocrx_word' id='word_1_719' title='bbox 1045 5166 1198 5240; x_wconf 85' lang='lat' dir='ltr'><strong>Unus</strong></span> <span class='ocrx_word' id='word_1_720' title='bbox 1225 5182 1255 5222; x_wconf 91' lang='lat' dir='ltr'><strong>e</strong></span> <span class='ocrx_word' id='word_1_721' title='bbox 1281 5179 1412 5222; x_wconf 89' lang='lat' dir='ltr'><strong>mss.</strong></span> <span class='ocrx_word' id='word_1_722' title='bbox 1447 5182 1564 5240; x_wconf 83' lang='lat' dir='ltr'><strong>cum</strong></span> <span class='ocrx_word' id='word_1_723' title='bbox 1592 5166 1672 5221; x_wconf 85' lang='lat' dir='ltr'><strong>Itis</strong></span> <span class='ocrx_word' id='word_1_724' title='bbox 1701 5167 1884 5221; x_wconf 87' lang='lat' dir='ltr'><strong>antici-</strong></span> 
     </span>
    </p>
   </div>
   <div class='ocr_carea' id='block_1_98' title="bbox 282 5239 1880 5324">
    <p class='ocr_par' dir='ltr' id='par_1_98' title="bbox 282 5239 1880 5324">
     <span class='ocr_line' id='line_1_98' title="bbox 282 5239 1880 5324; baseline -0.006 -21"><span class='ocrx_word' id='word_1_725' title='bbox 282 5247 542 5320; x_wconf 83' lang='lat' dir='ltr'><strong>pantibus.</strong></span> <span class='ocrx_word' id='word_1_726' title='bbox 586 5239 906 5324; x_wconf 74' lang='lat' dir='ltr'><strong>Corrector,</strong></span> <span class='ocrx_word' id='word_1_727' title='bbox 957 5256 1072 5293; x_wconf 85' lang='lat' dir='ltr'><strong>cum</strong></span> <span class='ocrx_word' id='word_1_728' title='bbox 1116 5239 1196 5294; x_wconf 79' lang='lat' dir='ltr'><strong>his</strong></span> <span class='ocrx_word' id='word_1_729' title='bbox 1238 5239 1587 5309; x_wconf 62' lang='lat' dir='ltr'><strong>praescriptis;</strong></span> <span class='ocrx_word' id='word_1_730' title='bbox 1625 5247 1682 5292; x_wconf 85' lang='lat' dir='ltr'><strong>et</strong></span> <span class='ocrx_word' id='word_1_731' title='bbox 1724 5254 1880 5305; x_wconf 86' lang='lat' dir='ltr'><strong>mox,</strong></span> 
     </span>
    </p>
   </div>
   <div class='ocr_carea' id='block_1_99' title="bbox 280 5327 954 5388">
    <p class='ocr_par' dir='ltr' id='par_1_99' title="bbox 280 5327 954 5388">
     <span class='ocr_line' id='line_1_99' title="bbox 280 5327 954 5388; baseline -0.018 -12"><span class='ocrx_word' id='word_1_732' title='bbox 280 5334 555 5388; x_wconf 80' lang='lat' dir='ltr'><strong>omnesque</strong></span> <span class='ocrx_word' id='word_1_733' title='bbox 579 5330 682 5370; x_wconf 83' lang='lat' dir='ltr'><strong>uno</strong></span> <span class='ocrx_word' id='word_1_734' title='bbox 705 5327 954 5368; x_wconf 68' lang='lat' dir='ltr'><strong>examine.</strong></span> 
     </span>
    </p>
   </div>
   <div class='ocr_carea' id='block_1_100' title="bbox 360 5403 1882 5480">
    <p class='ocr_par' dir='ltr' id='par_1_100' title="bbox 360 5403 1882 5480">
     <span class='ocr_line' id='line_1_100' title="bbox 360 5403 1882 5480; baseline -0.004 -15"><span class='ocrx_word' id='word_1_735' title='bbox 360 5412 530 5480; x_wconf 85' lang='lat' dir='ltr'><strong>Quam</strong></span> <span class='ocrx_word' id='word_1_736' title='bbox 571 5409 748 5476; x_wconf 83' lang='lat' dir='ltr'><strong>paulo.</strong></span> <span class='ocrx_word' id='word_1_737' title='bbox 777 5404 996 5474; x_wconf 88' lang='lat' dir='ltr'><strong>Supple,</strong></span> <span class='ocrx_word' id='word_1_738' title='bbox 1021 5414 1160 5480; x_wconf 76' lang='lat' dir='ltr'><strong>ante.</strong></span> <span class='ocrx_word' id='word_1_739' title='bbox 1191 5403 1417 5473; x_wconf 87' lang='lat' dir='ltr'><strong>Subjicit</strong></span> <span class='ocrx_word' id='word_1_740' title='bbox 1453 5413 1641 5480; x_wconf 77' lang='lat' dir='ltr'><strong>auctor</strong></span> <span class='ocrx_word' id='word_1_741' title='bbox 1678 5413 1882 5469; x_wconf 89' lang='lat' dir='ltr'><strong>noster,</strong></span> 
     </span>
    </p>
   </div>
   <div class='ocr_carea' id='block_1_101' title="bbox 281 5474 1886 5546">
    <p class='ocr_par' dir='ltr' id='par_1_101' title="bbox 281 5474 1886 5546">
     <span class='ocr_line' id='line_1_101' title="bbox 281 5474 1886 5546; baseline -0.006 -5"><span class='ocrx_word' id='word_1_742' title='bbox 281 5474 661 5541; x_wconf 51' lang='lat' dir='ltr'><strong>non&#39;induebas</strong></span> <span class='ocrx_word' id='word_1_743' title='bbox 690 5486 856 5533; x_wconf 74' lang='lat' dir='ltr'><strong>sittant</strong></span> <span class='ocrx_word' id='word_1_744' title='bbox 883 5492 902 5530; x_wconf 91' lang='lat'><strong><em>:</em></strong></span> <span class='ocrx_word' id='word_1_745' title='bbox 930 5477 1072 5545; x_wconf 87' lang='lat' dir='ltr'><strong>quod</strong></span> <span class='ocrx_word' id='word_1_746' title='bbox 1112 5476 1182 5531; x_wconf 88' lang='lat' dir='ltr'><strong>de</strong></span> <span class='ocrx_word' id='word_1_747' title='bbox 1220 5485 1466 5546; x_wconf 88' lang='lat' dir='ltr'><strong>tempore</strong></span> <span class='ocrx_word' id='word_1_748' title='bbox 1512 5474 1712 5531; x_wconf 91' lang='lat' dir='ltr'><strong>dictum</strong></span> <span class='ocrx_word' id='word_1_749' title='bbox 1734 5519 1750 5544; x_wconf 89' lang='lat'><strong>,</strong></span> <span class='ocrx_word' id='word_1_750' title='bbox 1779 5492 1886 5545; x_wconf 87' lang='lat' dir='ltr'><strong>quo</strong></span> 
     </span>
    </p>
   </div>
   <div class='ocr_carea' id='block_1_102' title="bbox 284 5547 1884 5617">
    <p class='ocr_par' dir='ltr' id='par_1_102' title="bbox 284 5547 1884 5617">
     <span class='ocr_line' id='line_1_102' title="bbox 284 5547 1884 5617; baseline -0.007 -5"><span class='ocrx_word' id='word_1_751' title='bbox 284 5555 632 5613; x_wconf 78' lang='lat' dir='ltr'><strong>Marcellinus</strong></span> <span class='ocrx_word' id='word_1_752' title='bbox 661 5551 948 5605; x_wconf 86' lang='lat' dir='ltr'><strong>scissuram</strong></span> <span class='ocrx_word' id='word_1_753' title='bbox 979 5547 1174 5601; x_wconf 73' lang='lat' dir='ltr'><strong>tunica:</strong></span> <span class='ocrx_word' id='word_1_754' title='bbox 1204 5547 1496 5602; x_wconf 78' lang='lat' dir='ltr'><strong>neseiebat.</strong></span> <span class='ocrx_word' id='word_1_755' title='bbox 1534 5548 1615 5601; x_wconf 86' lang='lat' dir='ltr'><strong>Ab</strong></span> <span class='ocrx_word' id='word_1_756' title='bbox 1641 5548 1757 5617; x_wconf 87' lang='lat' dir='ltr'><strong>ejus</strong></span> <span class='ocrx_word' id='word_1_757' title='bbox 1784 5563 1884 5602; x_wconf 82' lang='lat' dir='ltr'><strong>au-</strong></span> 
     </span>
    </p>
   </div>
   <div class='ocr_carea' id='block_1_103' title="bbox 286 5619 1884 5684">
    <p class='ocr_par' dir='ltr' id='par_1_103' title="bbox 286 5619 1884 5684">
     <span class='ocr_line' id='line_1_103' title="bbox 286 5619 1884 5684; baseline -0.005 -2"><span class='ocrx_word' id='word_1_758' title='bbox 286 5642 396 5684; x_wconf 89' lang='lat' dir='ltr'><strong>tem</strong></span> <span class='ocrx_word' id='word_1_759' title='bbox 414 5635 601 5682; x_wconf 87' lang='lat' dir='ltr'><strong>mente</strong></span> <span class='ocrx_word' id='word_1_760' title='bbox 617 5622 832 5676; x_wconf 89' lang='lat' dir='ltr'><strong>aberrat</strong></span> <span class='ocrx_word' id='word_1_761' title='bbox 851 5627 1124 5673; x_wconf 83' lang='lat' dir='ltr'><strong>corrector</strong></span> <span class='ocrx_word' id='word_1_762' title='bbox 1141 5619 1281 5674; x_wconf 90' lang='lat' dir='ltr'><strong>hunc</strong></span> <span class='ocrx_word' id='word_1_763' title='bbox 1304 5619 1479 5673; x_wconf 88' lang='lat' dir='ltr'><strong>locum</strong></span> <span class='ocrx_word' id='word_1_764' title='bbox 1497 5620 1573 5673; x_wconf 91' lang='lat' dir='ltr'><strong>sic</strong></span> <span class='ocrx_word' id='word_1_765' title='bbox 1593 5619 1884 5674; x_wconf 85' lang='lat' dir='ltr'><strong>exhibens:</strong></span> 
     </span>
    </p>
   </div>
   <div class='ocr_carea' id='block_1_104' title="bbox 288 5689 1888 5769">
    <p class='ocr_par' dir='ltr' id='par_1_104' title="bbox 288 5689 1888 5769">
     <span class='ocr_line' id='line_1_104' title="bbox 288 5689 1888 5769; baseline -0.005 -16"><span class='ocrx_word' id='word_1_766' title='bbox 288 5700 623 5769; x_wconf 77' lang='lat' dir='ltr'><strong>Quapropter</strong></span> <span class='ocrx_word' id='word_1_767' title='bbox 650 5707 837 5748; x_wconf 86' lang='lat' dir='ltr'><strong>consue</strong></span> <span class='ocrx_word' id='word_1_768' title='bbox 865 5691 1090 5769; x_wconf 74' lang='lat' dir='ltr'><strong>tunicam</strong></span> <span class='ocrx_word' id='word_1_769' title='bbox 1114 5699 1274 5750; x_wconf 86' lang='lat' dir='ltr'><strong>tuam,</strong></span> <span class='ocrx_word' id='word_1_770' title='bbox 1309 5698 1357 5745; x_wconf 86' lang='lat' dir='ltr'><strong>et</strong></span> <span class='ocrx_word' id='word_1_771' title='bbox 1383 5706 1537 5761; x_wconf 86' lang='lat' dir='ltr'><strong>quam</strong></span> <span class='ocrx_word' id='word_1_772' title='bbox 1574 5689 1732 5762; x_wconf 88' lang='lat' dir='ltr'><strong>paulo</strong></span> <span class='ocrx_word' id='word_1_773' title='bbox 1767 5701 1888 5745; x_wconf 81' lang='lat' dir='ltr'><strong>ante</strong></span> 
     </span>
    </p>
   </div>
   <div class='ocr_carea' id='block_1_105' title="bbox 284 5762 1858 5833">
    <p class='ocr_par' dir='ltr' id='par_1_105' title="bbox 284 5762 1858 5833">
     <span class='ocr_line' id='line_1_105' title="bbox 284 5762 1858 5833; baseline 0.003 -16"><span class='ocrx_word' id='word_1_774' title='bbox 284 5762 538 5833; x_wconf 58' lang='lat' dir='ltr'><strong>(induebas</strong></span> <span class='ocrx_word' id='word_1_775' title='bbox 562 5762 1093 5833; x_wconf 73' lang='lat' dir='ltr'><strong>sutant._conscissam</strong></span> <span class='ocrx_word' id='word_1_776' title='bbox 1120 5777 1366 5833; x_wconf 24' lang='lat' dir='ltr'><strong>co,nsu_e.,_‘</strong></span> <span class='ocrx_word' id='word_1_777' title='bbox 1487 5829 1490 5832; x_wconf 23' lang='lat'><strong>,</strong></span> <span class='ocrx_word' id='word_1_778' title='bbox 1831 5820 1858 5833; x_wconf 50' lang='lat'><strong>,_</strong></span> 
     </span>
    </p>
   </div>
   <div class='ocr_carea' id='block_1_106' title="bbox 365 5820 1882 5910">
    <p class='ocr_par' dir='ltr' id='par_1_106' title="bbox 365 5820 1882 5910">
     <span class='ocr_line' id='line_1_106' title="bbox 365 5820 1882 5910; baseline 0.005 -29"><span class='ocrx_word' id='word_1_779' title='bbox 365 5820 713 5910; x_wconf 55' lang='grc' dir='ltr'><em>ᾖξᾷεζῇὂήιηρω</em></span> <span class='ocrx_word' id='word_1_780' title='bbox 740 5820 948 5886; x_wconf 61' lang='grc' dir='ltr'><strong>’Βργηω</strong></span> <span class='ocrx_word' id='word_1_781' title='bbox 983 5825 1056 5885; x_wconf 70' lang='lat' dir='ltr'><strong>ita</strong></span> <span class='ocrx_word' id='word_1_782' title='bbox 1106 5823 1206 5888; x_wconf 43' lang='lat' dir='ltr'><strong>ma:</strong></span> <span class='ocrx_word' id='word_1_783' title='bbox 1254 5820 1404 5890; x_wconf 70' lang='lat' dir='ltr'><strong>Gdlb;</strong></span> <span class='ocrx_word' id='word_1_784' title='bbox 1449 5829 1570 5888; x_wconf 77' lang='lat' dir='ltr'><strong>cum</strong></span> <span class='ocrx_word' id='word_1_785' title='bbox 1617 5821 1784 5891; x_wconf 60' lang='lat' dir='ltr'><strong>altero</strong></span> <span class='ocrx_word' id='word_1_786' title='bbox 1828 5820 1882 5889; x_wconf 74' lang='lat' dir='ltr'><strong>in</strong></span> 
     </span>
    </p>
   </div>
   <div class='ocr_carea' id='block_1_107' title="bbox 1983 4577 3587 4649">
    <p class='ocr_par' dir='ltr' id='par_1_107' title="bbox 1983 4577 3587 4649">
     <span class='ocr_line' id='line_1_107' title="bbox 1983 4577 3587 4649; baseline -0.003 -17"><span class='ocrx_word' id='word_1_787' title='bbox 1983 4577 2416 4649; x_wconf 82' lang='lat' dir='ltr'><strong>supradictorum.</strong></span> <span class='ocrx_word' id='word_1_788' title='bbox 2446 4580 2726 4636; x_wconf 81' lang='lat' dir='ltr'><strong>Mallemus</strong></span> <span class='ocrx_word' id='word_1_789' title='bbox 2767 4591 2815 4634; x_wconf 87' lang='lat' dir='ltr'><strong>et</strong></span> <span class='ocrx_word' id='word_1_790' title='bbox 2855 4581 3035 4648; x_wconf 81' lang='lat' dir='ltr'><strong>viginti</strong></span> <span class='ocrx_word' id='word_1_791' title='bbox 3082 4577 3195 4633; x_wconf 78' lang='lat' dir='ltr'><strong>octo</strong></span> <span class='ocrx_word' id='word_1_792' title='bbox 3247 4577 3454 4632; x_wconf 81' lang='lat' dir='ltr'><strong>testibus</strong></span> <span class='ocrx_word' id='word_1_793' title='bbox 3496 4591 3587 4629; x_wconf 82' lang='lat' dir='ltr'><strong>stt-</strong></span> 
     </span>
    </p>
   </div>
   <div class='ocr_carea' id='block_1_108' title="bbox 1985 4649 3584 4722">
    <p class='ocr_par' dir='ltr' id='par_1_108' title="bbox 1985 4649 3584 4722">
     <span class='ocr_line' id='line_1_108' title="bbox 1985 4649 3584 4722; baseline -0.004 -17"><span class='ocrx_word' id='word_1_794' title='bbox 1985 4652 2263 4722; x_wconf 81' lang='lat' dir='ltr'><strong>pradictis,</strong></span> <span class='ocrx_word' id='word_1_795' title='bbox 2314 4653 2435 4707; x_wconf 91' lang='lat' dir='ltr'><strong>scil.</strong></span> <span class='ocrx_word' id='word_1_796' title='bbox 2483 4651 2822 4707; x_wconf 82' lang='lat' dir='ltr'><strong>adstantibus.</strong></span> <span class='ocrx_word' id='word_1_797' title='bbox 2867 4651 3021 4707; x_wconf 90' lang='lat' dir='ltr'><strong>Unde</strong></span> <span class='ocrx_word' id='word_1_798' title='bbox 3052 4651 3266 4704; x_wconf 88' lang='lat' dir='ltr'><strong>tandem</strong></span> <span class='ocrx_word' id='word_1_799' title='bbox 3312 4649 3584 4722; x_wconf 76' lang='lat' dir='ltr'><strong>sublatum</strong></span> 
     </span>
    </p>
   </div>
   <div class='ocr_carea' id='block_1_109' title="bbox 1984 4716 3584 4794">
    <p class='ocr_par' dir='ltr' id='par_1_109' title="bbox 1984 4716 3584 4794">
     <span class='ocr_line' id='line_1_109' title="bbox 1984 4716 3584 4794; baseline -0.004 -16"><span class='ocrx_word' id='word_1_800' title='bbox 1984 4716 2066 4779; x_wconf 79' lang='lat' dir='ltr'><strong>est</strong></span> <span class='ocrx_word' id='word_1_801' title='bbox 2091 4716 2488 4778; x_wconf 88' lang='lat' dir='ltr'><strong>incommodum</strong></span> <span class='ocrx_word' id='word_1_802' title='bbox 2513 4767 2528 4788; x_wconf 91' lang='lat'><strong>,</strong></span> <span class='ocrx_word' id='word_1_803' title='bbox 2556 4741 2662 4794; x_wconf 86' lang='lat' dir='ltr'><strong>quo</strong></span> <span class='ocrx_word' id='word_1_804' title='bbox 2691 4723 2930 4793; x_wconf 83' lang='lat' dir='ltr'><strong>episcOpi</strong></span> <span class='ocrx_word' id='word_1_805' title='bbox 2970 4723 3175 4794; x_wconf 90' lang='lat' dir='ltr'><strong>primo,</strong></span> <span class='ocrx_word' id='word_1_806' title='bbox 3220 4735 3288 4775; x_wconf 87' lang='lat' dir='ltr'><strong>ne</strong></span> <span class='ocrx_word' id='word_1_807' title='bbox 3329 4716 3487 4794; x_wconf 85' lang='lat' dir='ltr'><strong>simul</strong></span> <span class='ocrx_word' id='word_1_808' title='bbox 3529 4721 3584 4772; x_wconf 91' lang='lat' dir='ltr'><strong>in</strong></span> 
     </span>
    </p>
   </div>
   <div class='ocr_carea' id='block_1_110' title="bbox 1986 4791 3584 4865">
    <p class='ocr_par' dir='ltr' id='par_1_110' title="bbox 1986 4791 3584 4865">
     <span class='ocr_line' id='line_1_110' title="bbox 1986 4791 3584 4865; baseline -0.005 -16"><span class='ocrx_word' id='word_1_809' title='bbox 1986 4811 2149 4849; x_wconf 87' lang='lat' dir='ltr'><strong>unum</strong></span> <span class='ocrx_word' id='word_1_810' title='bbox 2177 4791 3010 4865; x_wconf 81' lang='lat' dir='ltr'><strong>convenirent,prohibebantur</strong></span> <span class='ocrx_word' id='word_1_811' title='bbox 3038 4812 3050 4846; x_wconf 89' lang='lat'><strong>:</strong></span> <span class='ocrx_word' id='word_1_812' title='bbox 3079 4793 3212 4846; x_wconf 89' lang='lat' dir='ltr'><strong>adeo</strong></span> <span class='ocrx_word' id='word_1_813' title='bbox 3258 4801 3314 4844; x_wconf 89' lang='lat' dir='ltr'><strong>ut</strong></span> <span class='ocrx_word' id='word_1_814' title='bbox 3358 4791 3434 4843; x_wconf 88' lang='lat' dir='ltr'><strong>sic</strong></span> <span class='ocrx_word' id='word_1_815' title='bbox 3477 4797 3584 4842; x_wconf 88' lang='lat' dir='ltr'><strong>tre-</strong></span> 
     </span>
    </p>
   </div>
   <div class='ocr_carea' id='block_1_111' title="bbox 1985 4867 3587 4938">
    <p class='ocr_par' dir='ltr' id='par_1_111' title="bbox 1985 4867 3587 4938">
     <span class='ocr_line' id='line_1_111' title="bbox 1985 4867 3587 4938; baseline -0.005 -17"><span class='ocrx_word' id='word_1_816' title='bbox 1985 4867 2125 4921; x_wconf 90' lang='lat' dir='ltr'><strong>centi</strong></span> <span class='ocrx_word' id='word_1_817' title='bbox 2156 4867 2416 4937; x_wconf 84' lang='lat' dir='ltr'><strong>episeopi.</strong></span> <span class='ocrx_word' id='word_1_818' title='bbox 2450 4869 2746 4938; x_wconf 80' lang='lat' dir='ltr'><strong>presbyteri</strong></span> <span class='ocrx_word' id='word_1_819' title='bbox 2783 4867 2996 4938; x_wconf 84' lang='lat' dir='ltr'><strong>triginta</strong></span> <span class='ocrx_word' id='word_1_820' title='bbox 3042 4873 3096 4919; x_wconf 89' lang='lat' dir='ltr'><strong>et</strong></span> <span class='ocrx_word' id='word_1_821' title='bbox 3135 4872 3299 4918; x_wconf 90' lang='lat' dir='ltr'><strong>testes</strong></span> <span class='ocrx_word' id='word_1_822' title='bbox 3329 4867 3587 4932; x_wconf 91' lang='lat' dir='ltr'><strong>quatuor-</strong></span> 
     </span>
    </p>
   </div>
   <div class='ocr_carea' id='block_1_112' title="bbox 1987 4938 2950 4994">
    <p class='ocr_par' dir='ltr' id='par_1_112' title="bbox 1987 4938 2950 4994">
     <span class='ocr_line' id='line_1_112' title="bbox 1987 4938 2950 4994; baseline -0.005 0"><span class='ocrx_word' id='word_1_823' title='bbox 1987 4939 2160 4994; x_wconf 90' lang='lat' dir='ltr'><strong>decim</strong></span> <span class='ocrx_word' id='word_1_824' title='bbox 2189 4955 2294 4992; x_wconf 91' lang='lat' dir='ltr'><strong>uno</strong></span> <span class='ocrx_word' id='word_1_825' title='bbox 2318 4938 2370 4992; x_wconf 90' lang='lat' dir='ltr'><strong>in</strong></span> <span class='ocrx_word' id='word_1_826' title='bbox 2395 4939 2512 4993; x_wconf 89' lang='lat' dir='ltr'><strong>loco</strong></span> <span class='ocrx_word' id='word_1_827' title='bbox 2537 4939 2698 4994; x_wconf 90' lang='lat' dir='ltr'><strong>simul</strong></span> <span class='ocrx_word' id='word_1_828' title='bbox 2728 4940 2950 4993; x_wconf 87' lang='lat' dir='ltr'><strong>essent?</strong></span> 
     </span>
    </p>
   </div>
   <div class='ocr_carea' id='block_1_113' title="bbox 2064 5023 3583 5095">
    <p class='ocr_par' dir='ltr' id='par_1_113' title="bbox 2064 5023 3583 5095">
     <span class='ocr_line' id='line_1_113' title="bbox 2064 5023 3583 5095; baseline -0.004 -10"><span class='ocrx_word' id='word_1_829' title='bbox 2064 5029 2242 5085; x_wconf 67' lang='lat' dir='ltr'><strong>Uncia:</strong></span> <span class='ocrx_word' id='word_1_830' title='bbox 2268 5031 2322 5084; x_wconf 88' lang='lat' dir='ltr'><strong>in</strong></span> <span class='ocrx_word' id='word_1_831' title='bbox 2352 5029 2553 5084; x_wconf 80' lang='lat' dir='ltr'><strong>libra...</strong></span> <span class='ocrx_word' id='word_1_832' title='bbox 2581 5046 2780 5084; x_wconf 82' lang='lat' dir='ltr'><strong>sensus.</strong></span> <span class='ocrx_word' id='word_1_833' title='bbox 2811 5029 2988 5085; x_wconf 85' lang='lat' dir='ltr'><strong>Minus</strong></span> <span class='ocrx_word' id='word_1_834' title='bbox 3022 5026 3272 5095; x_wconf 88' lang='lat' dir='ltr'><strong>displicet</strong></span> <span class='ocrx_word' id='word_1_835' title='bbox 3298 5023 3432 5080; x_wconf 89' lang='lat' dir='ltr'><strong>illud</strong></span> <span class='ocrx_word' id='word_1_836' title='bbox 3459 5039 3583 5080; x_wconf 87' lang='lat' dir='ltr'><strong>cor-</strong></span> 
     </span>
    </p>
   </div>
   <div class='ocr_carea' id='block_1_114' title="bbox 1988 5101 3151 5174">
    <p class='ocr_par' dir='ltr' id='par_1_114' title="bbox 1988 5101 3151 5174">
     <span class='ocr_line' id='line_1_114' title="bbox 1988 5101 3151 5174; baseline -0.004 -18"><span class='ocrx_word' id='word_1_837' title='bbox 1988 5101 2235 5168; x_wconf 88' lang='lat' dir='ltr'><strong>rectoris,</strong></span> <span class='ocrx_word' id='word_1_838' title='bbox 2268 5103 2432 5156; x_wconf 85' lang='lat' dir='ltr'><strong>unciis</strong></span> <span class='ocrx_word' id='word_1_839' title='bbox 2461 5102 2608 5156; x_wconf 67' lang='lat' dir='ltr'><strong>librae</strong></span> <span class='ocrx_word' id='word_1_840' title='bbox 2636 5102 2936 5174; x_wconf 84' lang='lat' dir='ltr'><strong>probabitur</strong></span> <span class='ocrx_word' id='word_1_841' title='bbox 2956 5115 3151 5153; x_wconf 80' lang='lat' dir='ltr'><strong>census.</strong></span> 
     </span>
    </p>
   </div>
   <div class='ocr_carea' id='block_1_115' title="bbox 2059 5189 3589 5264">
    <p class='ocr_par' dir='ltr' id='par_1_115' title="bbox 2059 5189 3589 5264">
     <span class='ocr_line' id='line_1_115' title="bbox 2059 5189 3589 5264; baseline -0.003 -17"><span class='ocrx_word' id='word_1_842' title='bbox 2059 5193 2130 5247; x_wconf 83' lang='lat' dir='ltr'><strong>Et</strong></span> <span class='ocrx_word' id='word_1_843' title='bbox 2162 5195 2402 5248; x_wconf 85' lang='lat' dir='ltr'><strong>lacera...</strong></span> <span class='ocrx_word' id='word_1_844' title='bbox 2430 5195 2692 5264; x_wconf 86' lang='lat' dir='ltr'><strong>quoniam.</strong></span> <span class='ocrx_word' id='word_1_845' title='bbox 2719 5193 2954 5264; x_wconf 83' lang='lat' dir='ltr'><strong>Longius</strong></span> <span class='ocrx_word' id='word_1_846' title='bbox 2984 5199 3038 5246; x_wconf 91' lang='lat' dir='ltr'><strong>et</strong></span> <span class='ocrx_word' id='word_1_847' title='bbox 3069 5189 3156 5264; x_wconf 89' lang='lat' dir='ltr'><strong>h_ic</strong></span> <span class='ocrx_word' id='word_1_848' title='bbox 3189 5190 3256 5264; x_wconf 86' lang='lat' dir='ltr'><strong>ab</strong></span> <span class='ocrx_word' id='word_1_849' title='bbox 3272 5189 3589 5264; x_wconf 83' lang='lat' dir='ltr'><strong>archetypis</strong></span> 
     </span>
    </p>
   </div>
   <div class='ocr_carea' id='block_1_116' title="bbox 1989 5261 3588 5332">
    <p class='ocr_par' dir='ltr' id='par_1_116' title="bbox 1989 5261 3588 5332">
     <span class='ocr_line' id='line_1_116' title="bbox 1989 5261 3588 5332; baseline -0.004 -11"><span class='ocrx_word' id='word_1_850' title='bbox 1989 5261 2488 5322; x_wconf 76' lang='lat' dir='ltr'><strong>receditcorrectdr</strong></span> <span class='ocrx_word' id='word_1_851' title='bbox 2523 5268 2574 5321; x_wconf 93' lang='lat' dir='ltr'><strong>in</strong></span> <span class='ocrx_word' id='word_1_852' title='bbox 2604 5267 2746 5321; x_wconf 87' lang='lat' dir='ltr'><strong>hunc</strong></span> <span class='ocrx_word' id='word_1_853' title='bbox 2781 5261 2996 5318; x_wconf 78' lang='lat' dir='ltr'><strong>modum</strong></span> <span class='ocrx_word' id='word_1_854' title='bbox 3031 5279 3043 5314; x_wconf 91' lang='lat'><strong>:</strong></span> <span class='ocrx_word' id='word_1_855' title='bbox 3078 5261 3144 5315; x_wconf 84' lang='lat' dir='ltr'><strong>Et</strong></span> <span class='ocrx_word' id='word_1_856' title='bbox 3179 5262 3444 5332; x_wconf 85' lang='lat' dir='ltr'><strong>disjectam</strong></span> <span class='ocrx_word' id='word_1_857' title='bbox 3487 5269 3588 5315; x_wconf 89' lang='lat' dir='ltr'><strong>ate</strong></span> 
     </span>
    </p>
   </div>
   <div class='ocr_carea' id='block_1_117' title="bbox 1988 5331 3587 5408">
    <p class='ocr_par' dir='ltr' id='par_1_117' title="bbox 1988 5331 3587 5408">
     <span class='ocr_line' id='line_1_117' title="bbox 1988 5331 3587 5408; baseline -0.004 -18"><span class='ocrx_word' id='word_1_858' title='bbox 1988 5338 2258 5392; x_wconf 71' lang='lat' dir='ltr'><strong>macet-ient</strong></span> <span class='ocrx_word' id='word_1_859' title='bbox 2289 5347 2427 5391; x_wconf 88' lang='lat' dir='ltr'><strong>tuam</strong></span> <span class='ocrx_word' id='word_1_860' title='bbox 2449 5339 2559 5408; x_wconf 84' lang='lat' dir='ltr'><strong>ipse</strong></span> <span class='ocrx_word' id='word_1_861' title='bbox 2587 5348 2832 5392; x_wconf 81' lang='lat' dir='ltr'><strong>scrutare.</strong></span> <span class='ocrx_word' id='word_1_862' title='bbox 2861 5333 2985 5388; x_wconf 87' lang='lat' dir='ltr'><strong>Non</strong></span> <span class='ocrx_word' id='word_1_863' title='bbox 3007 5335 3138 5388; x_wconf 86' lang='lat' dir='ltr'><strong>enim</strong></span> <span class='ocrx_word' id='word_1_864' title='bbox 3161 5342 3354 5394; x_wconf 87' lang='lat' dir='ltr'><strong>nostra.</strong></span> <span class='ocrx_word' id='word_1_865' title='bbox 3383 5331 3473 5408; x_wconf 76' lang='lat' dir='ltr'><strong>sed</strong></span> <span class='ocrx_word' id='word_1_866' title='bbox 3496 5341 3587 5408; x_wconf 77' lang='lat' dir='ltr'><strong>tuo</strong></span> 
     </span>
    </p>
   </div>
   <div class='ocr_carea' id='block_1_118' title="bbox 1988 5403 3588 5484">
    <p class='ocr_par' dir='ltr' id='par_1_118' title="bbox 1988 5403 3588 5484">
     <span class='ocr_line' id='line_1_118' title="bbox 1988 5403 3588 5484; baseline -0.004 -22"><span class='ocrx_word' id='word_1_867' title='bbox 1988 5411 2150 5478; x_wconf 86' lang='lat' dir='ltr'><strong>ipsius</strong></span> <span class='ocrx_word' id='word_1_868' title='bbox 2183 5403 2833 5484; x_wconf 47' lang='lat' dir='ltr'><strong>judicia_co&#39;n_demnaberis</strong></span> <span class='ocrx_word' id='word_1_869' title='bbox 2851 5414 3067 5484; x_wconf 31' lang='lat' dir='ltr'><strong>,‘nostrno</strong></span> <span class='ocrx_word' id='word_1_870' title='bbox 3097 5417 3265 5484; x_wconf 80' lang='lat' dir='ltr'><strong>autem</strong></span> <span class='ocrx_word' id='word_1_871' title='bbox 3295 5403 3588 5484; x_wconf 70' lang='lat' dir='ltr'><strong>testimonio</strong></span> 
     </span>
    </p>
   </div>
   <div class='ocr_carea' id='block_1_119' title="bbox 1990 5476 3614 5551">
    <p class='ocr_par' dir='ltr' id='par_1_119' title="bbox 1990 5476 3614 5551">
     <span class='ocr_line' id='line_1_119' title="bbox 1990 5476 3614 5551; baseline -0.006 -15"><span class='ocrx_word' id='word_1_872' title='bbox 1990 5476 2329 5537; x_wconf 69' lang='lat' dir='ltr'><strong>excusaberis.</strong></span> <span class='ocrx_word' id='word_1_873' title='bbox 2362 5479 2515 5534; x_wconf 84' lang='lat' dir='ltr'><strong>Nihil</strong></span> <span class='ocrx_word' id='word_1_874' title='bbox 2539 5483 2656 5534; x_wconf 86' lang='lat' dir='ltr'><strong>time</strong></span> <span class='ocrx_word' id='word_1_875' title='bbox 2685 5495 2702 5533; x_wconf 89' lang='lat'><strong><em>:</em></strong></span> <span class='ocrx_word' id='word_1_876' title='bbox 2729 5479 2988 5545; x_wconf 89' lang='lat' dir='ltr'><strong>quoniam.</strong></span> <span class='ocrx_word' id='word_1_877' title='bbox 3011 5476 3172 5531; x_wconf 86' lang='lat' dir='ltr'><strong>Certe</strong></span> <span class='ocrx_word' id='word_1_878' title='bbox 3196 5477 3246 5551; x_wconf 73' lang='lat' dir='ltr'><strong>in</strong></span> <span class='ocrx_word' id='word_1_879' title='bbox 3275 5476 3400 5529; x_wconf 89' lang='lat' dir='ltr'><strong>totis</strong></span> <span class='ocrx_word' id='word_1_880' title='bbox 3419 5476 3614 5551; x_wconf 24' lang='lat' dir='ltr'><strong>gestis.</strong></span> 
     </span>
    </p>
   </div>
   <div class='ocr_carea' id='block_1_120' title="bbox 1991 5547 3330 5624">
    <p class='ocr_par' dir='ltr' id='par_1_120' title="bbox 1991 5547 3330 5624">
     <span class='ocr_line' id='line_1_120' title="bbox 1991 5547 3330 5624; baseline -0.006 -16"><span class='ocrx_word' id='word_1_881' title='bbox 1991 5553 2124 5608; x_wconf 90' lang='lat' dir='ltr'><strong>nihil</strong></span> <span class='ocrx_word' id='word_1_882' title='bbox 2152 5561 2254 5619; x_wconf 91' lang='lat' dir='ltr'><strong>est,</strong></span> <span class='ocrx_word' id='word_1_883' title='bbox 2287 5569 2394 5624; x_wconf 92' lang='lat' dir='ltr'><strong>quo</strong></span> <span class='ocrx_word' id='word_1_884' title='bbox 2421 5552 2788 5607; x_wconf 80' lang='lat' dir='ltr'><strong>Marcellinum</strong></span> <span class='ocrx_word' id='word_1_885' title='bbox 2808 5556 3124 5606; x_wconf 83' lang='lat' dir='ltr'><strong>excusatum</strong></span> <span class='ocrx_word' id='word_1_886' title='bbox 3145 5547 3330 5602; x_wconf 84' lang='lat' dir='ltr'><strong>velint.</strong></span> 
     </span>
    </p>
   </div>
   <div class='ocr_carea' id='block_1_121' title="bbox 2061 5645 3588 5719">
    <p class='ocr_par' dir='ltr' id='par_1_121' title="bbox 2061 5645 3588 5719">
     <span class='ocr_line' id='line_1_121' title="bbox 2061 5645 3588 5719; baseline -0.003 -15"><span class='ocrx_word' id='word_1_887' title='bbox 2061 5648 2129 5704; x_wconf 83' lang='lat' dir='ltr'><strong>In</strong></span> <span class='ocrx_word' id='word_1_888' title='bbox 2152 5660 2491 5719; x_wconf 85' lang='lat' dir='ltr'><strong>conspectu...</strong></span> <span class='ocrx_word' id='word_1_889' title='bbox 2525 5650 2577 5702; x_wconf 88' lang='lat' dir='ltr'><strong>in</strong></span> <span class='ocrx_word' id='word_1_890' title='bbox 2608 5659 2762 5703; x_wconf 86' lang='lat' dir='ltr'><strong>terra.</strong></span> <span class='ocrx_word' id='word_1_891' title='bbox 2805 5648 2958 5705; x_wconf 87' lang='lat' dir='ltr'><strong>Colb.</strong></span> <span class='ocrx_word' id='word_1_892' title='bbox 3000 5661 3104 5702; x_wconf 90' lang='lat' dir='ltr'><strong>ms.</strong></span> <span class='ocrx_word' id='word_1_893' title='bbox 3133 5660 3253 5702; x_wconf 90' lang='lat' dir='ltr'><strong>cum</strong></span> <span class='ocrx_word' id='word_1_894' title='bbox 3294 5645 3493 5719; x_wconf 78' lang='lat' dir='ltr'><strong>altero,</strong></span> <span class='ocrx_word' id='word_1_895' title='bbox 3523 5657 3588 5699; x_wconf 76' lang='lat' dir='ltr'><strong>ea:</strong></span> 
     </span>
    </p>
   </div>
   <div class='ocr_carea' id='block_1_122' title="bbox 1989 5715 3582 5791">
    <p class='ocr_par' dir='ltr' id='par_1_122' title="bbox 1989 5715 3582 5791">
     <span class='ocr_line' id='line_1_122' title="bbox 1989 5715 3582 5791; baseline -0.006 -14"><span class='ocrx_word' id='word_1_896' title='bbox 1989 5734 2075 5777; x_wconf 85' lang='lat' dir='ltr'><strong>ore</strong></span> <span class='ocrx_word' id='word_1_897' title='bbox 2108 5715 2289 5791; x_wconf 81' lang='lat' dir='ltr'><strong>synodi</strong></span> <span class='ocrx_word' id='word_1_898' title='bbox 2333 5720 2510 5774; x_wconf 84' lang='lat' dir='ltr'><strong>cecidit</strong></span> <span class='ocrx_word' id='word_1_899' title='bbox 2545 5723 2598 5776; x_wconf 90' lang='lat' dir='ltr'><strong>in</strong></span> <span class='ocrx_word' id='word_1_900' title='bbox 2630 5729 2782 5777; x_wconf 75' lang='lat' dir='ltr'><strong>terra.</strong></span> <span class='ocrx_word' id='word_1_901' title='bbox 2813 5722 3000 5786; x_wconf 75' lang='lat' dir='ltr'><strong>Alius,</strong></span> <span class='ocrx_word' id='word_1_902' title='bbox 3035 5719 3272 5773; x_wconf 69' lang='lat' dir='ltr'><strong>etc/torres</strong></span> <span class='ocrx_word' id='word_1_903' title='bbox 3297 5715 3582 5785; x_wconf 68' lang='lat' dir='ltr'><strong>synodum,</strong></span> 
     </span>
    </p>
   </div>
   <div class='ocr_carea' id='block_1_123' title="bbox 1989 5793 2528 5850">
    <p class='ocr_par' dir='ltr' id='par_1_123' title="bbox 1989 5793 2528 5850">
     <span class='ocr_line' id='line_1_123' title="bbox 1989 5793 2528 5850; baseline -0.006 -3"><span class='ocrx_word' id='word_1_904' title='bbox 1989 5793 2212 5850; x_wconf 62' lang='lat' dir='ltr'><strong>cecidisti</strong></span> <span class='ocrx_word' id='word_1_905' title='bbox 2242 5795 2291 5846; x_wconf 85' lang='lat' dir='ltr'><strong>in</strong></span> <span class='ocrx_word' id='word_1_906' title='bbox 2325 5799 2528 5846; x_wconf 57' lang='lat' dir='ltr'><strong>terram.</strong></span> 
     </span>
    </p>
   </div>
  </div>
