4104 6368
508 288 576 346 19
1884 284 1972 343 DE
2011 282 2380 344 MARCELLO
3510 334 3515 339 .
3740 284 3821 344 20‘

508 418 640 460 voce
653 403 801 461 clara
816 401 1236 474 chirographum
1256 400 1607 456 ﬁrmaverunt
1628 413 1789 469 super
1807 397 2100 469 Urbanum,
2131 400 2183 467 Α
2210 407 2452 469 temnere
2474 397 2618 470 quod
2642 397 2890 469 exigebat
2917 397 3072 466 ordo,
3100 397 3197 456 sed
3220 398 3384 457 etiam
3404 399 3573 456 futuri
3598 408 3810 473 tempo-

507 495 808 557 Castorium
852 503 909 555 et
946 492 1260 557 Iuvenalem
1301 490 1650 563 presbyteros
1677 489 1732 551 hi
1754 508 1767 545 :
1790 490 2103 558 ﬂumanus,

502 588 814 660 Capuanus,
845 584 1151 649 Castorius,
1179 582 1553 653 Innocentius,
1577 582 1799 653 Audax,
1830 584 2103 643 Hortiobo-

505 699 629 750 nus,
653 682 869 750 Petrus,
896 678 1199 749 Quiriacus,
1231 677 1586 747 Herculanus,
1611 678 1870 743 Serenus,
1897 677 2103 739 Johan-

503 794 604 836 nes
621 820 637 847 ,
664 775 993 849 Nepotianus
1013 814 1028 838 ,
1060 772 1363 846 Cyprianus
1381 815 1397 841 ,
1420 770 1784 843 Corporanus,
1814 770 2102 839 Euwbius,

502 868 774 937 Castinus,
796 867 1001 934 Victor,
1031 865 1334 930 Mattlueus,
1372 864 1692 936 Spesinden,
1738 864 1918 931 Virus,
1968 865 2098 923 Vin-

503 962 766 1033 comalus,
797 958 1163 1028 Coilecticius,
1193 958 1542 1026 Valentinus,
1575 959 1978 1023 Priscillianus.
2002 959 2103 1019 In,

500 1057 701 1122 Iianus,
729 1054 1019 1123 Lueianus,
1045 1052 1354 1120 Castorius;
1378 1051 1697 1109 etdiacoues
1717 1052 1801 1108 isti
1820 1069 1833 1107 :
1852 1052 2099 1122 Hermes,

498 1147 727 1221 Xystus,
749 1147 963 1207 Petrus.
996 1145 1447 1215 Subscripserunt
1479 1154 1656 1201 autem
1703 1145 1756 1199 in
1799 1144 2099 1205 damnatio-

498 1255 625 1297 nem
664 1239 860 1299 horum
904 1238 1142 1310 quinque
1184 1237 1417 1303 Urbani,
1456 1237 1693 1295 Castorii
1728 1245 1786 1293 et
1824 1236 2102 1294 Iuvenalis

495 1333 962 1406 presbyterorum,
989 1341 1044 1388 et
1072 1330 1191 1388 Gaii
1222 1341 1278 1387 et
1308 1330 1604 1391 Innocentii
1633 1330 2005 1388 diaconorum.

571 1427 661 1483 I5.
688 1425 749 1485 In
777 1426 902 1483 sinu
926 1434 1105 1482 autem
1136 1434 1503 1485 trecentorum
1532 1425 1909 1495 episcoporum
1938 1435 2102 1495 caput

497 1519 682 1576 cinere
717 1518 1040 1577 eonvolutus
1081 1516 1428 1577 Marcellinus
1469 1516 1756 1587 episcopus
1782 1515 1941 1573 Urbis
1966 1532 2099 1575 voce

496 1612 641 1669 clara
672 1611 913 1669 clamans
941 1610 1154 1666 dicebat
1182 1629 1193 1663 :
1219 1609 1443 1669 Peccavi
1470 1625 1652 1669 coram
1688 1610 1876 1678 vobis,
1905 1618 1962 1669 et
1991 1626 2098 1669 non

493 1718 718 1775 possum
751 1704 804 1758 in
834 1702 1025 1759 ordine
1063 1716 1184 1758 esse
1212 1701 1554 1761 sacerdotum
1582 1722 1594 1756 :
1622 1702 1875 1773 quoniam
1903 1718 2099 1762 avarus

2209 493 2302 549 ris.
2324 492 2653 563 Quodptiam
2677 500 2735 549 et
2758 492 2873 564 ipse
2897 507 3030 548 voce
3054 493 3199 549 clara
3224 492 3469 550 dicebat:
3494 513 3514 547 ι
3542 494 3696 552 Iuste
3714 510 3814 554 ore

2208 601 2307 642 suo
2329 585 2722 643 condemnatus
2745 595 2857 652 est,
2887 595 2943 642 et
2969 599 3068 640 ore
3105 599 3206 640 suo
3245 587 3531 640 anathema
3573 590 3817 658 maceriit

2209 690 2515 737 maranata:
2547 681 2798 751 quoniam
2826 693 2923 735 ore
2949 694 3048 735 suo
3075 679 3474 736 eottdemnatns
3498 689 3607 737 est.
3638 681 3813 743 Homo

2206 775 2349 829 enim
2383 787 2634 845 umquam
2675 772 2937 842 judicavit
2976 770 3285 842 pontiﬁcem
3307 812 3322 838 ,
3351 787 3451 828 nec
3492 774 3691 844 prmsul
3721 789 3813 829 sa.

2207 865 2483 922 cerdotem
2512 880 2670 921 suum
2698 881 2711 918 :
2741 863 2998 935 quoniam
3029 862 3200 934 prima
3228 863 3388 920 sedes
3412 878 3519 919 non
3545 864 3813 934 iudicabi-

2209 969 2296 1015 tur
2326 976 2354 1015 a
2380 974 2675 1032 quoquam.
2715 977 2737 1013 ι
2775 958 2888 1015 Hoc
2924 966 3106 1014 autem
3142 958 3362 1023 audito,
3410 957 3807 1027 Diocletianus,

2207 1052 2333 1108 dum
2362 1062 2508 1110 esset
2547 1054 2601 1109 in
2649 1052 2790 1108 bello
2818 1052 3128 1118 Persarum,
3157 1049 3365 1107 audivit
3397 1051 3544 1120 quod
3578 1054 3808 1108 trecenti

2205 1147 2444 1218 episcopi
2469 1154 2525 1205 et
2547 1146 2763 1216 triginta
2790 1144 3094 1216 presbyteri
3114 1152 3300 1212 ettres
3319 1143 3576 1200 diaeenes
3600 1146 3656 1201 in
3680 1161 3812 1202 cou—

2206 1239 2607 1301 demnationem
2636 1239 3009 1296 convenirent.
3042 1236 3177 1292 Dum
3208 1234 3656 1307 subscripsissent
3689 1252 3810 1294 omo

2205 1346 2323 1400 nes,
2356 1333 2470 1402 ipse
2494 1330 2741 1389 omnium
2772 1330 2977 1401 primus
3007 1343 3169 1385 manu
3198 1343 3295 1385 sua
3327 1328 3543 1398 propria
3570 1328 3807 1391 Marcet.-

2204 1425 2346 1481 linus
2382 1424 2650 1483 conclusit
2690 1423 2744 1479 in
2772 1437 2930 1479 suum
2960 1420 3247 1477 anathema
3272 1462 3290 1489 .
3319 1420 3652 1481 anathemati
3680 1422 3809 1480 sub-

2202 1517 2466 1574 scribens.
2533 1517 2706 1574 Iratus
2767 1526 2947 1573 autem
3010 1515 3376 1573 Diocletianus
3436 1515 3492 1572 in
3558 1516 3807 1577 eamdem

2202 1612 2475 1669 civitatem
2529 1611 2705 1676 misit,
2758 1621 2814 1666 et
2865 1609 3065 1665 multos
3112 1610 3397 1678 episcopos
3437 1607 3506 1665 ad
3562 1608 3813 1682 martyrii

2202 1720 2458 1764 coronam
2498 1706 2680 1761 traxit.
2711 1704 2933 1763 Factum
2973 1712 3055 1759 est
3095 1712 3274 1758 autem
3306 1701 3440 1759 nihil
3466 1702 3611 1759 aliud
3635 1744 3650 1770 ,
3677 1702 3809 1757 dum

493 1812 585 1853 me
620 1798 866 1867 corrupit
906 1793 1200 1867 (corrupi)
1233 1792 1388 1855 auro.
1435 1796 1877 1867 Subseripserunt
1918 1807 2096 1857 autem
2128 1808 2177 1871 Β
2201 1800 2377 1870 primo
2392 1799 2632 1857 damnati
2654 1796 2880 1855 inissent
2902 1805 3015 1853 tres
3034 1795 3339 1868 presbyteri
3356 1794 3535 1853 etduo
3552 1794 3812 1852 diaconos

492 1889 549 1946 in
577 1889 695 1961 ejus
719 1889 1121 1950 damnationem
1138 1929 1153 1955 ,
1186 1896 1242 1944 et
1266 1887 1662 1949 damnaverunt
1687 1905 1810 1947 eum
1839 1900 1992 1947 extra
2014 1892 2095 1945 ei-

493 1981 736 2039 vitatem.
768 1981 1037 2037 Sacerdos
1073 1980 1292 2038 nomine
1329 1979 1600 2038 Helciadis
1638 1983 1927 2053 episcopus
1966 1982 2096 2040 sub.

492 2075 708 2148 scripsit
754 2074 959 2147 primus
1001 2076 1058 2131 in
1102 2074 1221 2145 ejus
1260 2072 1702 2142 damnationem,
1734 2090 1839 2132 non
1887 2083 2095 2131 tantum

2206 1893 2462 1951 damnati.
2496 1893 2791 1948 Damnatus
2828 1900 3011 1946 autem
3050 1898 3107 1946 et
3147 1889 3491 1945 Marcellinus
3521 1888 3811 1959 episcopus

2203 2001 2302 2041 suo
2326 1985 2529 2056 judicio
2559 2001 2591 2040 ι
2633 1983 2906 2041 Kalendas
2946 1981 3285 2053 Septembris
3330 1980 3666 2042 Dioelctiano
3694 1980 3810 2037 Vill

2204 2088 2257 2134 et
2282 2077 2605 2135 Maximiano
2625 2075 2737 2135 VII.

1851 2214 2401 2275 ANNOTATIONES.

561 2355 974 2427 Chirograpltum
1000 2355 1354 2423 ﬁrmaverunt.
1382 2355 1496 2427 Duo
1514 2368 1649 2412 mss.
1682 2354 2081 2427 chirographum

487 2430 694 2499 ﬁrmum
720 2425 738 2482 Ξ
767 2426 961 2499 deinde
988 2441 1055 2482 ex
1100 2427 1164 2482 iis
1206 2429 1379 2493 untts‘,
1414 2425 2077 2499 Urbaitunt,__Ccstoriupt,

485 2495 783 2625 Jtépannlem
826 2497 1232 2569 presbyterorum
1276 2499 1484 2559 horum,
1525 2498 1681 2565 alter,
1719 2495 1947 2561 Urbani,
1977 2495 2079 2552 Ca-

486 2581 532 2625 ll
638 2612 651 2625 .
683 2580 791 2624 etc.

486 2580 651 2634 ειονξί,
683 2580 791 2624 θιθ.

562 2640 755 2696 Futuri
802 2640 1066 2708 temporis.
1100 2638 1319 2694 Addidit
1349 2648 1649 2704 corrector,
1676 2639 1730 2692 in
1752 2640 2043 2708 exemplum
2067 2655 2086 2694 :

487 2713 633 2784 quod
672 2712 804 2773 satis
851 2710 1074 2784 arridet.
1130 2708 1410 2784 observat;
1441 2712 1521 2768 vir
1573 2710 1850 2777 eruditus,
1896 2711 2083 2784 saltem

486 2781 771 2855 postquam
796 2796 853 2837 se
884 2784 996 2855 ipse
1021 2781 1360 2855 Marcellinus
1383 2782 1714 2855 damnasset,
1744 2782 1935 2854 synodi
1968 2797 2081 2855 ntu-

486 2852 643 2911 neris
657 2854 838 2921 fuisse,
856 2852 916 2906 ut
938 2853 1194 2907 Romanae
1211 2852 1477 2919 ecclesias,
1497 2869 1564 2908 ne
1580 2852 1786 2907 diutius
1802 2854 2084 2908 sacerdote

486 2927 895 2988 destitueretur.
927 2926 1281 2995 prospiceret.
1313 2924 1453 2980 Nihil
1477 2938 1659 2980 tamen
1689 2924 1758 2980 de
1782 2926 1891 2979 alio
1926 2925 1979 2980 in
2007 2926 2083 2979 loc

486 3013 607 3054 cum
660 2995 952 3051 Marcellini
1001 2997 1346 3067 subrogando
1389 3007 1570 3057 actum
1615 3014 1628 3055 :
1674 3011 1737 3055 ac
1782 2996 1989 3061 nullum
2035 2998 2083 3055 ei

486 3069 831 3140 subrogatum
861 3082 984 3122 esse
1010 3078 1245 3140 constat.

556 3140 623 3194 In
650 3139 1142 3195 condemnationem.
1168 3139 1319 3197 Unus
1339 3156 1441 3196 ms.
1463 3143 1514 3197 in
1545 3140 1772 3196 eamdem
1800 3140 2083 3194 damnatio-

2186 2374 2317 2413 nem.
2348 2357 2528 2425 Alter,
2557 2359 2612 2413 in
2635 2358 2748 2422 eius
2772 2356 3178 2413 (imminuent.
3206 2355 3361 2411 Colb.
3396 2356 3450 2411 in
3490 2372 3551 2410 ee
3586 2356 3807 2415 deruun-

2187 2429 2375 2482 tiouem
2403 2446 2419 2483 :
2453 2428 2594 2484 unde
2620 2428 3016 2484 restituendum
3047 2427 3300 2489 duximus
3330 2429 3385 2487 in
3406 2427 3773 2487 condemnatio
3798 2462 3805 2470 α

2186 2515 2322 2553 nem.
2352 2501 2645 2570 Superiora
2666 2511 2844 2556 autem
2875 2500 3061 2566 verba,
3091 2499 3211 2552 dum
3241 2509 3370 2555 esset
3401 2499 3451 2552 in
3497 2498 3631 2553 bello
3673 2497 3813 2556 Per.

2185 2587 2383 2635 sarum,
2410 2579 2561 2626 notat
2593 2571 2858 2625 Baronius
2889 2570 3021 2625 falsa
3054 2585 3211 2635 esse,
3243 2583 3364 2624 cum
3395 2574 3503 2625 hoc
3540 2584 3686 2625 anno
3729 2587 3803 2627 xx

2186 2643 2398 2711 imperii
2436 2643 2517 2696 sui
2556 2642 2923 2699 Diocletianus
2951 2656 3013 2697 se
3044 2642 3274 2712 imperio
3301 2640 3604 2707 abdicarit,
3641 2653 3806 2711 atque

2187 2723 2311 2771 ante
2344 2714 2622 2769 biennium
2665 2714 2733 2773 de
2776 2714 2956 2769 Persis
3001 2710 3272 2782 superatis
3321 2710 3511 2773 Romae
3539 2728 3646 2767 una
3676 2710 3799 2773 cum

2189 2784 2512 2867 Maximiano
2532 2785 2741 2854 collega
2770 2801 2867 2837 suo
2895 2784 3226 2855 triumphum
3259 2785 3496 2867 cgissetz
3516 2784 3802 2867 Putatigj—

2193 2865 2279 2911 tur
2302 2857 2421 2911 haec
2447 2864 2503 2911 ct
2533 2870 2652 2924 quae
2678 2864 2974 2925 sequuntur
3006 2871 3115 2909 non
3154 2870 3275 2911 esse
3296 2855 3366 2909 cx
3394 2856 3529 2909 actis
3551 2855 3796 2919 concilii,

2191 2928 2283 2982 sed
2308 2928 2387 2982 eis
2409 2927 2747 2997 postmodum
2773 2928 2825 2980 in
2848 2942 3053 2981 morem
3080 2927 3394 2996 appendicis
3419 2941 3541 2981 esse
3567 2926 3795 2995 adjecta.

2199 2998 2393 3061 Verum
2424 3013 2617 3055 omnes
2644 2997 2882 3059 codices.
2902 3000 2994 3067 qui
3019 3001 3296 3067 superiora
3323 2997 3611 3061 exhibent,
3640 2999 3797 3051 exhi-

2195 3070 2323 3129 bent
2354 3081 2409 3124 et
2438 3071 2555 3123 ista.
2594 3068 2779 3141 Neque
2809 3070 3002 3141 mirum
3034 3079 3450 3141 estancturem,
3483 3069 3573 3139 qui
3618 3070 3668 3123 in
3719 3077 3801 3123 tot

2195 3140 2317 3195 aliis
2344 3143 2591 3211 ceSpitat,
2622 3138 2784 3196 etiam
2817 3141 2916 3195 hac
2946 3140 2999 3195 in
3034 3155 3092 3195 re
3118 3138 3244 3195 labi.

475 3312 3775 3339 mm

597 3509 667 3562 ω
810 3455 1644 3575 sanemus
1716 3452 2818 3603 maneamus
2891 3455 3473 3569 PAPA.

1657 3715 2227 3761 ———---.°3
2244 3721 2608 3753 εἶ’-’-

777 3953 866 4025 §I.
891 3980 963 3993 --—
986 3949 1203 4019 Quando
1228 3958 1275 4003 et
1301 3944 1547 4019 quamdiu
1568 3942 1771 3998 sederit.

560 4092 694 4149 Post
719 4086 1011 4147 Marcellini
1040 4085 1267 4153 obitum,
1298 4092 1354 4139 ut
1390 4082 1440 4137 ei
1489 4092 1772 4136 successor
1816 4077 2081 4149 deligere-

482 4196 570 4242 tur
614 4182 1005 4257 persecutionis
1036 4186 1333 4249 tempestas
1355 4189 1462 4230 non
1492 4170 1761 4244 permisit.
1793 4170 1848 4226 in
1866 4168 2079 4227 Buche-

479 4281 635 4335 riano
661 4277 907 4343 catalogo
932 4274 1175 4330 Romana
1204 4268 1362 4326 sedes
1386 4278 1499 4323 tum
1530 4278 1752 4320 vacasse
1776 4262 1977 4316 dicitur
2008 4276 2080 4315 vn

479 4372 658 4438 annis,
687 4369 961 4427 mensibus
978 4381 1054 4434 vr,
1081 4364 1272 4421 diebus
1290 4376 1420 4417 xxv.
1446 4357 1555 4415 Sed
1572 4356 1647 4412 ibi
1672 4370 1771 4427 pro
1792 4354 1950 4410 annis
1981 4370 2074 4427 vn,

477 4465 778 4527 Eucherius
805 4463 1089 4536 legendum
1117 4475 1242 4519 esse
1281 4459 1536 4530 opinatur
1559 4455 1719 4512 annis
1741 4454 1811 4519 tu,
1851 4464 2079 4525 eamque

479 4560 872 4620 correctionem
902 4555 1213 4617 necessario
1256 4554 1529 4624 postulant
1568 4548 1828 4611 consules
1883 4544 2080 4617 quibus

475 4652 764 4710 Marcellus
812 4647 1182 4721 pontiﬁcatum
1230 4645 1416 4701 iniisse
1478 4645 1532 4698 in
1585 4639 1778 4696 eodem
1833 4636 2079 4705 catalogo

476 4757 714 4807 notatur.
750 4744 818 4800 Et
844 4740 1000 4799 facile
1031 4740 1249 4814 quidem
1282 4752 1379 4810 pro
1404 4737 1557 4815 apice
1583 4751 1621 4801 ι,
1645 4740 1772 4789 nota
1802 4730 2074 4786 numerica

478 4859 513 4898 v
562 4840 801 4913 irrepsit.
859 4836 1017 4896 Unde
1057 4835 1322 4906 sequitur,
1372 4841 1431 4889 ut
1457 4828 1746 4887 Marcellus
1772 4840 1916 4883 anno
1945 4822 2073 4892 508,

476 4934 601 4990 Maii
631 4950 726 4988 xix
752 4934 860 4997 die,
890 4946 1011 5003 quae
1058 4928 1110 4983 in
1154 4925 1344 4982 feriam
1391 4934 1599 4980 sextam
1640 4920 1890 4985 cadebat,
1919 4917 2078 4975 fuerit

476 5026 776 5083 ordinatus.
805 5024 1044 5093 Tempus
1072 5034 1226 5085 vero,
1263 5031 1370 5089 quo
1400 5016 1445 5071 is
1474 5028 1613 5086 papa
1641 5010 1942 5068 Ecclesium
1975 5006 2074 5064 ad-

479 5118 823 5186 ministravit,
841 5117 1089 5172 laudatus
1106 5112 1385 5182 catalogus
1410 5110 1488 5165 sic
1506 5107 1754 5178 designat
1776 5121 1789 5159 :
1809 5124 1830 5158 ι
1852 5103 2074 5160 Marcel-

2186 3910 2578 3985 hlartyrologio
2620 3913 2707 3970 die
2749 3930 2818 3968 vu
2867 3914 3103 3970 octobris
3128 3913 3387 3982 oﬂ'endit;
3442 3933 3463 3967 ι
3493 3916 3681 3974 Roma:
3712 3920 3796 3975 via

2110 4018 2154 4082 ρ
2191 4006 2361 4081 Appia
2392 4007 2659 4079 depositio
2687 4007 2927 4063 Marcelli
2968 4017 3022 4061 et
3066 4005 3223 4061 Marci
3274 4006 3536 4079 episcopi,
3578 4028 3598 4061 ι
3636 4011 3793 4069 illum

2187 4114 2329 4157 anno
2364 4099 2491 4163 309,
2536 4100 2786 4159 Octobris
2817 4115 2887 4155 vn
2926 4098 3017 4159 die
3059 4097 3127 4155 ad
3168 4097 3369 4155 omium
3402 4099 3668 4171 migrasse
3694 4118 3794 4172 pro

2185 4204 2339 4247 certe
2366 4193 2536 4262 ponit.
2570 4192 2679 4247 Sed
2706 4191 3017 4247 Marcellum
3053 4207 3071 4241 ι
3098 4191 3182 4243 via
3209 4190 3440 4255 Salaria,
3466 4210 3484 4244 ι
3517 4208 3623 4246 non
3648 4213 3667 4245 ι
3704 4198 3792 4251 via

2187 4285 2358 4356 Appia
2391 4305 2409 4337 ι
2466 4284 2769 4355 depositum
2802 4299 2897 4339 seu
2945 4282 3214 4360 sepultum
3257 4298 3381 4339 esse
3422 4286 3625 4340 certius
3684 4296 3789 4342 est.

2186 4378 2330 4433 Sane
2349 4379 2399 4435 ἰιι
2415 4378 2605 4432 eodem
2624 4376 3011 4449 Martyrologio
3056 4375 3122 4429 ad
3147 4375 3287 4431 diem
3314 4392 3405 4431 xvi
3432 4377 3673 4433 Januarii
3695 4396 3792 4434 ex—

2184 4481 2310 4535 stat,
2341 4490 2360 4523 t
2392 4470 2579 4531 Romae
2609 4472 2691 4527 via
2712 4470 2918 4527 Salaria
2967 4470 3021 4529 in
3051 4471 3369 4529 cmmeterio
3398 4472 3661 4533 Priscillae
3689 4474 3790 4533 de-

2184 4563 2383 4633 positio
2406 4561 2648 4617 Marcelli
2676 4562 2918 4631 episcopi
2944 4569 2999 4616 et
3025 4559 3378 4619 confessoris.
3417 4580 3434 4614 ›
3482 4563 3621 4619 Huic
3650 4580 3789 4621 con-

2182 4656 2315 4717 cipit
2335 4655 2665 4711 Pontiﬁcalis
2685 4656 2821 4711 liber
2849 4654 3235 4711 Bullandiauus
3263 4670 3329 4711 ex
3362 4655 3554 4711 codice
3582 4659 3788 4728 regium

2184 4750 2478 4809 Succorum
2508 4748 2835 4819 descriptus,
2870 4747 2924 4803 in
2971 4762 3078 4815 quo
3116 4748 3186 4805 de
3213 4746 3471 4804 Marcello
3503 4749 3786 4817 scribitur,

2188 4858 2208 4891 ι
2236 4839 2495 4908 Sepultus
2549 4847 2634 4896 est
2679 4839 2732 4896 in
2773 4837 3092 4895 coemeterio
3129 4836 3393 4893 Priscillae
3434 4837 3519 4897 via
3545 4840 3785 4908 Salaria,

2180 4948 2269 4987 xvt
2303 4930 2571 4986 Kalendas
2602 4931 2903 4986 Februarii.
2940 4948 2960 4982 ι
2997 4930 3073 4985 Ibi
3089 4930 3236 4985 enim
3268 4929 3530 4986 mendose
3555 4948 3618 4987 ac
3640 4931 3787 4990 forte

2182 5023 2390 5078 librarii
2442 5024 2598 5093 lapsu
2631 5039 2718 5078 xvn
2764 5039 2860 5093 pro
2900 5037 3013 5077 xvn
3044 5021 3235 5077 haberi
3261 5023 3568 5096 colligimus
3598 5041 3665 5080 ex
3695 5027 3784 5082 al-

2182 5124 2299 5172 tero
2329 5114 2571 5187 ejusdem
2618 5114 2739 5170 libri
2784 5115 3083 5187 exemplari
3112 5114 3240 5168 olim
3269 5113 3606 5184 Fossatensi,
3636 5133 3786 5177 nunc

478 5213 563 5267 1115
589 5226 730 5265 ³1³ηο
752 5224 884 5279 ιιηοο
908 5207 1186 5265 πιεηείδυε
1212 5219 1305 5272 νην
1328 5202 1519 5280 diebus
1546 5217 1641 5268 Χκν
1664 5215 1695 5255 ³
1720 5196 2003 5255 consum“
2036 5210 2072 5250 Χ
2178 5208 2516 5273 Colbertino,
2548 5208 2603 5262 in
2640 5222 2750 5276 quo
2784 5226 2804 5260 ι
2844 5221 2951 5267 xvtt
2991 5204 3263 5263 Kalendas
3292 5206 3581 5276 l'eltruarii,
3613 5228 3633 5262 ι
3670 5227 3784 5269 non

477 5301 693 5374 (supple
724 5299 984 5372 llcrculii)
1014 5310 1070 5357 et
1102 5296 1430 5359 Maximiano
1460 5295 1587 5366 (⁸⁸8·
1614 5289 1921 5351 Maximiani
1948 5288 2070 5360 VII),
2178 5318 2290 5369 xvr,
2324 5303 2569 5372 legimus.
2616 5301 2782 5355 immo
2836 5299 3072 5354 Marcelli
3116 5299 3514 5368 depositionem
3562 5301 3653 5358 die
3703 5320 3779 5361 xv

476 5409 649 5466 usque
675 5403 797 5465 post
842 5394 1184 5449 consulatum
1239 5409 1272 5448 ι
1315 5399 1372 5449 et
1404 5406 1497 5457 vn,
1535 5408 1555 5445 ι
1585 5389 1690 5446 hoc
1715 5397 1801 5447 est
1827 5402 1998 5459 usque
2017 5386 2071 5449 in
2096 5416 2152 5477 D
2177 5394 2416 5451 Januarii
2442 5404 2592 5449 notat
2624 5394 2996 5449 Bucberianus
3017 5392 3374 5463 depositionis
3402 5394 3781 5454 Romanorum

475 5502 678 5543 annum
709 5494 1050 5557 sequentem,
1082 5487 1174 5557 qui
1202 5498 1326 5558 post
1351 5485 1693 5545 consulatum
1718 5504 1754 5543 ι
1781 5486 2070 5564 (Herculii)
2174 5488 2557 5559 episcoporum
2590 5486 2859 5541 indiculus
2882 5486 2934 5539 in
2964 5484 3111 5539 hunc
3142 5484 3364 5541 modum
3393 5504 3406 5541 :
3444 5506 3464 5540 ‹
3497 5504 3630 5545 xvm
3661 5490 3779 5545 Ka-

475 5588 532 5637 et
560 5580 846 5651 septimum
891 5578 1245 5653 (Maximiani)
1291 5582 1599 5638 notabatur.
1647 5581 1754 5639 Sed
1796 5599 1973 5654 neque
2003 5600 2069 5641 ex
2172 5578 2363 5639 lendas
2390 5578 2649 5635 februarii
2675 5577 2971 5635 Marcellini
2996 5577 3050 5632 in
3069 5577 3356 5635 Priscillae.
3385 5598 3405 5635 ι
3435 5579 3549 5639 Huc
3573 5582 3781 5655 quippe

475 5671 563 5729 his
587 5687 694 5744 quo
732 5670 820 5728 die
846 5672 1062 5742 obierit,
1117 5672 1309 5730 conlici
1334 5686 1484 5731 certo
1533 5683 1728 5747 potest.
1757 5675 1972 5748 Pagius,
2001 5675 2070 5732 ad
2171 5672 2463 5730 Marcellini
2493 5686 2688 5728 nomen
2714 5671 2834 5727 loco
2852 5670 3091 5727 Marcelli
3114 5671 3404 5742 irrepsisse
3420 5673 3778 5733 manifestum

475 5762 785 5823 Marcellum
827 5781 1018 5838 papam
1061 5767 1304 5825 reierens
1347 5768 1589 5841 quodin
1644 5769 2065 5843 Hieronymiano
2172 5775 2274 5825 est.
2322 5765 2506 5838 Neque
2535 5779 2667 5821 vero
2712 5764 2956 5845 insolens
2996 5772 3082 5821 est
3106 5763 3339 5823 duorum
3370 5766 3587 5849 illorum
3610 5784 3813 5831 voca»

3152 5933 3181 5949 ρ
