4104 6368
279 268 342 323 2i
608 338 611 339 γ
1422 272 1827 331 metarum:
1868 272 2312 331 summoue.
2393 248 2395 251 ’
3517 280 3589 335 a2

279 382 531 440 bulorum
561 384 832 441 confusio.
876 384 1005 441 inde
1035 386 1182 442 enim
1221 387 1515 461 contigisse
1553 388 1789 457 videtur,
1820 398 1878 444 ut
1904 389 1957 450 Α
1981 388 2307 445 Maxentium
2334 390 2640 460 tyrannidis
2668 399 2901 463 arrepta:
2946 393 3217 464 principio
3242 392 3365 450 ﬁdei
3387 401 3591 450 nostra:

280 474 548 533 Eusebius
577 475 818 534 Marcelli
844 492 1110 549 nusquam
1134 481 1470 547 meminerit,
1494 490 1549 537 ct
1570 482 1621 538 in
1648 480 1883 536 Chroni-

281 583 344 627 co
383 569 686 626 Eusebium
740 584 958 642 papam,
1007 572 1174 627 veluti
1222 577 1531 645 proximum
1577 576 1879 631 Marcellini

282 674 652 719 successorem
671 664 1012 719 memorarit.
1031 664 1294 733 Quocirca
1312 667 1573 722 standum
1594 682 1881 724 censemus

283 772 468 814 eorum
490 758 800 814 auctoritati
824 759 1300 828 monimentorum,
1329 775 1453 831 qum
1476 760 1711 817 Marcelli
1736 776 1881 817 mor-

284 865 387 912 tem
418 869 611 911 mense
640 855 896 910 Januario
936 855 1282 925 consignant.
1334 856 1470 912 Cum
1505 857 1606 913 hac
1655 858 1879 928 quidem

284 948 475 1005 mortis
522 948 765 1005 Marcelli
817 948 1023 1020 epocha
1082 951 1335 1020 componi
1392 965 1617 1021 prorsus
1656 951 1878 1022 nequit,

282 1041 424 1115 quod
477 1041 820 1098 Bucheriano
865 1043 918 1096 in
956 1042 1200 1113 catalogo
1241 1042 1309 1097 de
1365 1051 1616 1115 tempore
1646 1059 1753 1115 quo
1780 1044 1884 1100 iste

280 1151 417 1210 papa
447 1136 593 1193 rexit
638 1134 941 1191 Ecclesiam
974 1134 1224 1199 habetur,
1254 1135 1364 1192 Sed
1392 1143 1517 1206 apte
1536 1135 1887 1207 quadrabunt

280 1231 486 1296 omnia,
519 1230 567 1285 si
593 1229 647 1284 in
675 1229 867 1285 eodem
893 1229 1142 1300 catalogo
1162 1229 1233 1283 ita
1255 1228 1583 1300 legerimus:
1614 1248 1633 1282 ι
1654 1229 1880 1286 Marcel-

278 1324 361 1380 lus
410 1336 556 1378 anno
586 1335 717 1387 uno,
762 1320 1040 1375 mensibus
1066 1336 1160 1385 vn,
1198 1320 1391 1377 diebus
1411 1336 1590 1391 xxvn,
1633 1337 1663 1378 a
1690 1337 1885 1378 consu-

275 1415 387 1472 latu
414 1431 450 1470 x
489 1412 723 1470 Herculii
776 1421 831 1468 et
861 1411 1167 1468 Maximiani
1216 1429 1315 1479 vn,
1357 1430 1528 1484 usque
1565 1430 1601 1470 ιι
1655 1414 1887 1488 (scilicet

274 1502 444 1577 anno)
472 1510 599 1576 post
618 1503 958 1558 consulatuum
982 1518 1015 1558 ιι
1041 1511 1096 1558 ει
1120 1518 1215 1559 vn.
1250 1522 1269 1557 ι
1306 1504 1373 1559 Et
1398 1504 1634 1561 Marcelli
1661 1506 1882 1577 quidem

276 1595 650 1668 pontiﬁcatum
700 1594 769 1650 ad
814 1595 1115 1651 secundum
1171 1610 1373 1652 annum
1431 1607 1553 1668 post
1610 1598 1883 1656 decimum

274 1690 513 1749 Herculii
545 1690 912 1755 consulatum,
945 1691 1048 1746 hoc
1077 1700 1162 1748 est
1193 1691 1259 1747 ad
1283 1708 1486 1748 annum
1512 1691 1714 1751 Christi
1750 1696 1879 1766 510,

1987 480 2383 552 professionem
2409 484 2715 540 simulasse.
2743 483 2850 540 Sed
2869 499 2993 539 cum
3011 483 3260 541 simulata
3280 483 3592 555 huiusmodi

1987 576 2321 647 professione
2340 577 2412 631 nil
2434 586 2695 648 repugnat
2712 576 2940 632 duorum
2963 575 3284 648 pontiﬁcum
3305 576 3587 649 relegatio.

1982 668 2116 725 Cum
2145 670 2290 724 enim
2316 669 2436 726 ideo
2463 668 2623 725 ﬁdem
2660 679 2899 726 nostram
2927 669 3172 742 profiteri
3197 686 3258 728 se
3287 672 3591 738 simularet,

1985 769 2041 816 ut
2093 760 2328 831 placeret
2363 761 2805 834 biandireturque
2857 763 3057 835 ptpuio
3104 763 3389 831 Romano,
3434 763 3595 822 facile

1984 853 2248 910 adductus
2279 865 2361 910 est
2387 865 2444 910 ut
2473 871 2541 910 ex
2567 854 2710 911 Urbe
2726 856 2862 911 duos
2888 858 3114 925 pelleret
3139 856 3400 927 praesules
3421 898 3435 921 ,
3467 872 3593 912 cum

1984 945 2088 1001 hoc
2138 947 2334 1017 populo
2362 958 2573 1017 gratum
2598 955 2655 1001 et
2687 956 2967 1017 acceptum
3010 948 3123 1004 fore
3143 988 3159 1015 ,
3192 934 3443 1004 Heraclio
3470 963 3597 1018 per--

1985 1041 2279 1109 suadente,
2334 1041 2707 1112 comperisset.
2761 1041 2946 1112 Neque
2994 1056 3122 1096 vero
3166 1041 3232 1097 ad
3276 1056 3372 1097 eos
3402 1056 3594 1113 perse-

1986 1135 2229 1204 quendos
2279 1142 2389 1190 tum
2435 1134 2557 1190 ﬁdei
2588 1149 2779 1203 causa,
2815 1134 2912 1190 sed
2949 1136 3215 1191 severitas
3246 1135 3408 1190 nimia
3429 1177 3443 1202 ,
3472 1151 3595 1205 quas

1986 1227 2311 1283 seditionum
2369 1227 2523 1299 origo
2564 1237 2751 1294 esset,
2792 1227 3229 1297 'praetexebatur.
3254 1226 3391 1282 Hinc
3422 1227 3595 1284 Hera-

1987 1322 2149 1377 clium
2200 1323 2340 1393 apud
2399 1321 2726 1377 Maxentium
2780 1322 2950 1392 gratia
3003 1318 3290 1391 plurimum
3352 1321 3598 1390 potuisse

1986 1416 2299 1488 conjectura
2330 1426 2435 1483 est,
2455 1431 2521 1472 ex
2547 1430 2719 1486 eoque
2742 1415 3017 1470 exstitisse
3035 1428 3198 1485 grege
3210 1413 3598 1470 semichristia-

1987 1524 2210 1574 norum,
2261 1509 2457 1580 quibus
2507 1507 2783 1563 abundant
2854 1507 3154 1577 principum
3219 1506 3449 1573 domus,
3506 1507 3599 1579 qui

1987 1602 2283 1658 christiano
2332 1617 2454 1656 cum
2507 1601 2725 1656 nomine
2771 1599 2957 1656 saeculi
2998 1599 3222 1657 delicias
3263 1614 3597 1673 componere

1988 1704 2192 1761 amant;
2213 1703 2268 1749 et
2290 1709 2412 1750 cum
2448 1708 2675 1764 peccare
2702 1707 2812 1749 non
2844 1693 3089 1759 timeant,
3118 1692 3343 1751 horrent
3368 1707 3597 1764 prorsus

274 1782 882 1857 prorogarinecessario
905 1785 1140 1855 postulat
1166 1786 1217 1842 id
1239 1787 1383 1857 quod
1421 1788 1561 1844 idem
1589 1789 1873 1847 Bucheria-
1912 1790 1962 1850 B
1990 1787 2321 1861 paenitentiae
2374 1786 2625 1855 labores,
2676 1802 2881 1858 eosque
2925 1801 2957 1842 a
3004 1801 3066 1842 se
3111 1785 3299 1857 procul
3327 1784 3598 1845 eliminari

274 1892 374 1934 nus
407 1876 693 1948 catalogus
718 1875 790 1931 de
833 1875 993 1945 hujus
1022 1891 1176 1948 papae
1204 1879 1611 1937 successoribus
1638 1882 1876 1953 subjicit.

286 1991 315 2065 ς
343 1992 409 2051 ιι.
438 2024 512 2036 -
538 1992 620 2049 De
644 1995 930 2071 constantia
958 1990 1201 2050 Marcelli
1225 1996 1276 2051 in
1300 1999 1550 2053 servanda
1571 2000 1882 2071 paenitentiae

922 2087 1219 2156 disciplina.

345 2206 397 2261 1.
426 2204 622 2261 Exstat
648 2203 718 2261 de
738 2203 796 2261 S.
830 2202 1086 2260 Marcello
1134 2204 1346 2260 Damasi
1392 2218 1548 2279 papas
1576 2220 1793 2269 carmen
1847 2223 1877 2264 a

276 2298 510 2354 Bar0nio
541 2296 608 2352 ad
635 2311 835 2352 annum
868 2296 996 2363 509,
1041 2313 1097 2352 n.
1146 2297 1199 2365 7,
1255 2297 1485 2366 editum,
1527 2309 1581 2355 et
1608 2300 1753 2357 inter
1773 2300 1877 2356 alia

277 2385 493 2447 Damasi
523 2403 714 2460 opera,
757 2388 1002 2455 Parisiis,
1056 2403 1201 2444 anno
1232 2388 1397 2459 1672,
1430 2390 1570 2462 typis
1597 2390 1738 2447 Lud.
1766 2390 1878 2447 Bil-

277 2482 441 2551 laine,
470 2496 595 2537 cum
636 2480 782 2537 notis
811 2479 880 2536 M.
931 2479 1124 2535 Milesii
1171 2481 1505 2552 Sarrazanii,
1545 2498 1665 2555 pag.
1694 2483 1798 2539 175
1826 2493 1880 2539 ει

277 2574 402 2632 alibi
431 2590 711 2641 recusum,
762 2572 983 2646 dignum
1027 2591 1159 2631 sane
1185 2575 1328 2647 quod
1368 2586 1423 2631 et
1454 2575 1544 2632 hic
1572 2576 1753 2633 locum
1782 2575 1878 2631 ba-

277 2667 429 2735 beat;
460 2667 696 2722 maxime
745 2680 867 2722 cum
897 2680 962 2721 ex
991 2681 1057 2722 eo
1098 2666 1217 2738 quis
1247 2666 1486 2723 Marcelli
1525 2668 1670 2724 circa
1706 2667 1879 2739 poeni-

278 2760 497 2817 tentiam
524 2759 738 2814 animus
771 2756 962 2827 fuerit,
994 2759 1338 2832 perspicuum
1368 2760 1459 2816 sit.
1492 2759 1569 2815 Ita
1608 2776 1668 2817 se
1689 2758 1873 2823 habet.

468 2870 561 2928 DE
604 2868 874 2927 SANCTO
922 2870 1292 2931 MARCELLO
1344 2871 1683 2933 MARTYRE

752 2981 947 3022 DAMAS!
973 2982 1124 3023 ΡΔΡΑΕ
1155 2982 1389 3025 CABMEN.

364 3055 629 3122 Yeridicus
652 3061 818 3122 rector
837 3095 852 3120 ,
873 3056 1044 3122 lapsus
1064 3060 1177 3122 quia
1202 3060 1403 3111 crimina
1423 3060 1550 3115 ﬁere

363 3117 604 3181 Praedixit
622 3117 845 3181 miseris,
866 3117 957 3168 fuit
979 3117 1205 3170 omnibus
1231 3121 1387 3171 hostis
1411 3132 1623 3172 amarus.

363 3181 493 3247 [line
505 3180 662 3247 furor,
684 3182 801 3247 hinc
822 3180 985 3247 odium
1008 3184 1252 3247 sequitur,
1273 3183 1534 3244 discordia,
1556 3183 1691 3247 lites,

365 3244 578 3309 §editio,
601 3244 792 3309 caedes;
810 3245 1075 3309 solvuntur
1098 3244 1287 3295 findere
1311 3248 1458 3309 pacis.

364 3304 565 3371 Qﬂmen
588 3306 651 3354 ob
677 3304 883 3371 alterius
905 3306 1253 3371 Christumqui
1269 3304 1323 3371 in
1346 3321 1465 3371 pace
1486 3309 1720 3371 negavit,

366 3367 573 3419 Finibus
593 3367 833 3432 expulsus
850 3371 1021 3433 patriae
1043 3378 1124 3420 est
1146 3367 1296 3433 (Scit.
1317 3367 1598 3434 Marcellus)
1621 3367 1816 3424 feritate

1265 3434 1477 3497 [tyranni
1509 3432 1807 3500 (Maxentii).

364 3491 484 3559 Haec
503 3492 732 3559 breviter
754 3491 995 3559 Damasus
1022 3493 1172 3544 voluit
1194 3491 1442 3559 comperta
1467 3491 1689 3557 referre,

364 3555 586 3606 Marcelli
604 3562 661 3607 ut
678 3556 888 3620 papulus
909 3558 1142 3606 meritum
1163 3555 1468 3620 cognoscere
1493 3555 1681 3622 posset.

339 3664 396 3720 2.
448 3663 641 3720 Virum
694 3663 884 3730 illum,
931 3665 1086 3734 cujus
1134 3666 1204 3720 ob
1263 3665 1470 3720 crimen
1510 3665 1875 3722 Marcelinsin

274 3758 494 3815 exilium
544 3758 855 3829 deportatus
896 3758 1126 3826 dicitur,
1169 3759 1445 3830 probabile
1490 3769 1573 3814 est
1625 3759 1875 3815 eumdem

272 3865 413 3918 esse,
442 3850 600 3920 cujus
621 3849 851 3906 factione
876 3852 1038 3906 ctiam
1067 3850 1302 3907 Marcelli
1331 3865 1618 3907 successor
1638 3894 1653 3918 ,
1701 3852 1875 3908 Euse-

270 3946 409 4014 bius,
434 3944 624 4000 eadem
654 3958 814 4014 pugna
844 3945 1137 4000 mulctatus
1167 3954 1250 4001 est
1272 3988 1286 4012 ,
1320 3944 1521 4014 quique
1558 3945 1608 3999 in
1633 3946 1875 4002 carmine

269 4038 339 4095 de
386 4053 515 4093 mox
559 4036 703 4093 dicto
782 4047 969 4093 sancto
1032 4038 1261 4108 praesule
1327 4036 1463 4092 infra
1515 4038 1874 4095 exscribenda

268 4130 554 4186 Heraclius
591 4137 948 4199 nuncupatur.
1008 4128 1346 4185 Poenitentiaa
1394 4128 1644 4185 videlicet
1690 4144 1871 4186 reme-

268 4223 417 4279 dium
457 4222 561 4278 etsi
614 4222 975 4278 necessarium
1029 4222 1232 4293 lapsis,
1285 4221 1537 4277 acerbum
1593 4233 1774 4280 tamen
1817 4231 1873 4280 et

262 4331 511 4373 amamm
551 4324 636 4370 est
669 4331 681 4369 :
712 4315 944 4387 ideoque
976 4331 1188 4386 semper
1221 4315 1429 4386 aliquos
1464 4314 1723 4385 offendit,
1775 4319 1869 4388 qui

262 4420 318 4468 ει
344 4409 477 4466 illud
511 4418 863 4480 respuerent,
889 4419 943 4465 et
969 4410 1091 4479 pios
1118 4419 1362 4480 pastores
1386 4451 1399 4471 ,
1426 4422 1455 4463 a
1486 4409 1682 4480 quibus
1728 4408 1868 4465 nihil

263 4503 364 4559 sibi
397 4507 685 4572 sperarent
712 4499 1095 4555 remittendum
1116 4543 1130 4567 ,
1165 4501 1313 4558 velut
1338 4502 1597 4559 molestos
1630 4510 1687 4559 et
1706 4501 1868 4558 infes-

1985 1881 2193 1938 volunt.

1987 1978 2015 2050 ς
2048 1976 2136 2033 lli.
2160 2004 2231 2016 —-
2256 1975 2334 2031 De
2363 1974 2561 2030 decreto
2586 1972 2721 2045 quod
2750 1972 3000 2029 Marcello
3027 1972 3368 2040 adscribitur,
3404 1971 3490 2027 ubi
3528 1972 3596 2031 da

2055 2087 2151 2125 usu
2187 2087 2287 2140 quo
2313 2085 2497 2141 pueros
2527 2067 2848 2124 monasteriis
2879 2077 3112 2139 parentes
3152 2066 3459 2137 oﬂ‘ercbdnt,
3489 2066 3599 2123 dias

2056 2164 2262 2218 seritur.

2057 2256 2110 2310 l.
2139 2253 2292 2325 Apud
2322 2252 2635 2309 Gratianum
2654 2292 2670 2319 ,
2693 2252 2797 2321 20,
2824 2261 3017 2325 qutest.
3050 2267 3091 2319 ι,
3113 2267 3162 2310 c.
3192 2251 3262 2309 10
3281 2293 3298 2319 ,
3329 2261 3384 2311 et
3401 2251 3599 2311 exinde

1985 2352 2037 2407 in
2076 2346 2401 2406 editionibus
2422 2345 2813 2414 Conciliorum,
2839 2345 3074 2402 Marcelli
3102 2347 3321 2403 nomine
3364 2346 3596 2418 insigni-

1986 2455 2095 2500 tum
2127 2453 2209 2500 est
2236 2442 2337 2498 hoc
2351 2441 2629 2497 decretum
2657 2458 2671 2495 :
2698 2458 2718 2493 ι
2749 2440 2881 2495 Illud
2903 2449 3083 2495 autem
3109 2439 3453 2497 statuendum
3474 2454 3598 2497 esse

1984 2552 2307 2605 censemus,
2337 2546 2395 2592 ιιι
2423 2537 2468 2591 si
2496 2536 2693 2591 minori
2723 2543 2884 2591 aetate
2907 2535 3002 2590 lilii
3047 2534 3379 2590 monasterio
3427 2533 3597 2590 oblati

1983 2632 2181 2689 fuerint
2206 2674 2221 2699 ,
2264 2628 2349 2686 vel
2379 2643 2588 2685 sacram
2616 2638 2891 2684 tonsuram
2919 2627 3003 2684 vel
3032 2628 3299 2684 velamina
3333 2642 3594 2700 auscepe~

1985 2726 2117 2791 rint,
2146 2723 2367 2794 dignum
2388 2720 2608 2793 quidem
2621 2720 2896 2784 duximus,
2914 2729 2972 2776 ut
2991 2719 3424 2790 decimo-quinto
3445 2733 3594 2776 anno

1984 2833 2015 2872 a
2047 2815 2283 2887 praelatis
2311 2814 2531 2881 moniti,
2561 2814 2744 2870 verbis
2767 2813 3145 2885 inquirantur,
3177 2821 3358 2870 utrum
3387 2814 3440 2869 in
3472 2815 3592 2886 ipso

1985 2907 2170 2962 habitu
2194 2921 2513 2978 permanere
2541 2906 2782 2977 cupiant,
2807 2921 3024 2962 annon.
3049 2905 3106 2963 Si
3123 2922 3254 2964 vero
3271 2920 3595 2979 permanere

1984 3001 2213 3073 professi
2234 3001 2451 3068 fuerint,
2470 3000 2696 3057 ulterius
2719 3001 3013 3072 paenitendi
3035 3018 3054 3055 ι
3080 3000 3216 3073 (Hoc
3229 3013 3334 3071 est,
3352 3003 3591 3060 habitum

1984 3094 2227 3150 mutandi
2253 3104 2311 3150 et
2336 3094 2403 3150 ad
2425 3093 2685 3151 saeculum
2715 3094 3083 3166 revertendi),
3121 3114 3141 3147 ι
3169 3095 3344 3151 locum
3371 3097 3594 3153 minime

1911 3186 1957 3251 C
1989 3187 2241 3259 amplecti
2294 3197 2541 3258 possunt.
2591 3186 2650 3241 Si
2701 3201 2833 3242 vero
2885 3186 2951 3241 ad
2986 3186 3300 3243 sazcularem
3349 3186 3592 3244 habitum

1987 3285 2183 3338 reverti
2212 3281 2502 3347 voluerint,
2533 3278 2795 3335 redeundi
2823 3278 3040 3335 licentia
3067 3279 3216 3334 nullo
3240 3280 3403 3335 modo
3429 3279 3595 3335 dene.

1983 3383 2140 3447 getur
2196 3390 2210 3428 :
2259 3373 2384 3445 quia
2436 3373 2569 3428 satis
2619 3373 2811 3427 inutile
2858 3382 2978 3439 est,
3032 3380 3091 3426 ut
3135 3381 3321 3428 coacta
3369 3372 3590 3428 servitia

1985 3467 2215 3523 Domino
2245 3473 2591 3537 praestentur.
2623 3485 2643 3519 ι
2670 3465 2917 3522 Labbeus
2939 3481 3068 3522 vero
3099 3475 3267 3534 notat,
3285 3467 3354 3523 ab
3370 3478 3593 3523 auctore

1982 3561 2188 3617 Glossae
2213 3560 2355 3630 apud
2376 3561 2691 3616 Gratianum
2725 3560 2955 3615 Martino
2986 3560 3179 3627 tribui,
3203 3560 3428 3632 ejusque
3452 3571 3592 3617 tem-

1982 3653 2206 3724 poribus
2227 3652 2397 3723 magis
2427 3653 2740 3707 convenire.

2049 3744 2105 3800 2.
2151 3744 2456 3801 Obscurum
2506 3755 2656 3801 certe
2689 3760 2798 3800 non
2828 3753 2911 3801 est
2956 3744 3060 3801 hoc
3097 3744 3376 3802 decretum
3408 3748 3477 3801 ad
3521 3760 3589 3804 ea

1980 3820 2255 3912 pertinere
2282 3848 2551 3909 tempora,
2580 3838 2778 3910 quibus
2803 3838 2869 3895 de
2898 3839 2991 3894 illo
3017 3855 3119 3895 usu
3132 3839 3380 3910 derogari
3401 3841 3589 3911 erepit,

1979 3933 2071 4005 qui
2093 3933 2204 4004 jam
2236 3932 2444 4003 pridem
2472 3931 2782 3998 obtinebat,
2809 3931 3057 3987 videlicet
3085 3940 3142 3986 ut
3173 3932 3354 4001 pueris
3381 3973 3395 3998 ,
3444 3941 3595 4003 pust-

1978 4040 2139 4097 quam
2167 4023 2513 4080 monasteriis
2533 4038 2561 4077 a
2596 4023 2911 4094 parentibus
2939 4023 3165 4079 fuissent
3184 4023 3373 4090 oblati,
3394 4038 3593 4096 propo-

1977 4118 2139 4174 situm
2168 4115 2462 4183 deserere,
2503 4124 2560 4170 et
2608 4115 2675 4170 ad
2716 4116 2972 4171 sacculum
3004 4114 3214 4186 regredi
3239 4114 3393 4173 nefas
3420 4125 3589 4172 esset.

1976 4211 2133 4268 Hunc
2167 4220 2347 4267 autem
2369 4223 2528 4267 usum
2554 4207 2695 4277 apud
2721 4206 2940 4265 Graecos
2971 4224 3264 4280 numquam
3310 4219 3592 4282 receptum

1974 4323 2097 4364 esse
2144 4306 2415 4378 colligitur
2443 4314 2559 4361 tum
2609 4320 2676 4361 ex
2727 4304 2813 4360 bis
2840 4303 3154 4371 Theodori,
3181 4302 3591 4361 Cantuariensis

1973 4395 2360 4469 archiepiscopi
2377 4395 2615 4470 (Spicit.,
2633 4405 2704 4451 to.
2723 4410 2799 4464 rx,
2824 4412 2876 4467 ρ.
2893 4395 2985 4469 62)
3004 4412 3019 4452 :
3040 4414 3060 4448 ι
3084 4396 3315 4454 Basilius
3328 4393 3597 4468 judicavit

1974 4492 2157 4563 pueris
2178 4491 2451 4546 licentiam
2472 4489 2601 4561 (leg.
2616 4487 2806 4561 licere)
2828 4489 3031 4545 nubere
3052 4499 3179 4545 ante
3200 4490 3475 4547 sexdecim
3489 4504 3588 4545 au-

265 4604 345 4651 tos
397 4594 588 4648 hostes
638 4591 923 4649 haberent.
977 4593 1180 4649 Horum
1234 4594 1630 4663 importunitati
1663 4595 1868 4665 pridem

1986 4599 2095 4649 nos,
2119 4583 2164 4639 si
2185 4582 2457 4638 abstinere
2474 4597 2580 4636 non
2600 4582 2901 4652 potuerint,
2921 4582 3166 4652 quamvis
3184 4582 3432 4639 monachi
3453 4581 3589 4638 fuiso

264 4686 443 4742 clerus
470 4684 749 4741 Romanus
780 4694 902 4756 post
931 4685 1155 4741 Fabiani
1186 4696 1412 4742 mortem
1428 4687 1649 4741 minime
1674 4687 1874 4743 ceden-

264 4778 391 4834 dum
420 4786 575 4833 ratus
598 4788 699 4834 est.
729 4777 925 4834 iisdem
956 4777 1167 4834 fortiter
1187 4786 1241 4834 et
1264 4788 1577 4836 conSIanter
1602 4778 1874 4836 resistenti

263 4869 575 4944 Cypriane,
619 4886 688 4927 ne
725 4878 833 4926 tam
863 4870 1167 4927 necessaria
1205 4871 1486 4942 disciplina
1518 4870 1874 4929 labefactare-

265 4972 384 5031 tur,
428 4963 599 5019 multa
637 4980 668 5020 a
720 4964 958 5020 factiosis
1009 4963 1227 5022 fuerunt
1258 4967 1596 5022 sustinenda.
1631 4966 1873 5023 Tandem

264 5058 555 5115 Marcellus
586 5059 764 5115 omnia
794 5058 1027 5128 experiri
1051 5104 1064 5129 ,
1089 5074 1248 5133 quam
1276 5070 1482 5118 tantum
1516 5061 1715 5117 malum
1744 5077 1875 5131 per-

265 5152 487 5208 mittere
550 5151 760 5206 maiuit.
813 5150 999 5223 Neque
1046 5153 1165 5224 ejus
1212 5153 1380 5210 exilio
1436 5153 1727 5210 deterritus
1790 5164 1874 5210 est

266 5244 556 5312 Eusebius,
588 5245 878 5316 quominus
901 5262 1059 5317 quam
1088 5247 1345 5305 decessor
1365 5247 1676 5306 defenderat
1701 5254 1871 5322 paeni-

266 5338 453 5394 tentia!
488 5352 706 5394 causam
735 5353 799 5393 ac
834 5340 1175 5411 disciplinam
1197 5383 1212 5407 ,
1242 5341 1442 5397 invicto
1469 5344 1653 5401 animo
1678 5361 1876 5420 propu-

266 5441 482 5503 gnaret.
538 5430 779 5503 Uterque
805 5434 1002 5490 merito
1045 5436 1347 5507 appelletur
1374 5446 1581 5510 martyr
1604 5438 1832 5509 iustitiae
1858 5485 1873 5509 ,

266 5539 430 5594 quam
459 5523 716 5580 videlicet
742 5525 855 5581 Deo
881 5536 1113 5598 negant,
1142 5527 1230 5598 qui
1257 5539 1541 5599 postquam
1570 5530 1721 5586 illum
1746 5548 1876 5603 pec-

267 5616 444 5672 cando
469 5616 842 5685 ot't‘enderunt,
877 5619 925 5674 ei
952 5618 1111 5690 digne
1161 5634 1257 5691 per
1302 5621 1672 5693 ptenitentiam
1718 5624 1875 5682 satiss

268 5708 451 5765 facere
480 5707 804 5766 detrectant.

279 5802 395 5896 Ἔτι,
458 5800 647 5881 Tradit
688 5802 905 5897 quidem
956 5801 1223 5888 Eusebius
1272 5805 1368 5889 lib.
1418 5821 1546 5887 rm,
1596 5818 1717 5903 cap.
1750 5807 1875 5903 Ill,

1974 4685 2116 4740 sent,
2148 4684 2260 4730 tum
2295 4689 2362 4730 ex
2406 4672 2538 4744 ipsis
2567 4672 2751 4729 Basilii
2775 4672 2954 4728 verbis
2975 4672 3250 4745 inRegulis
3278 4674 3444 4730 fusius
3471 4673 3589 4731 dis-

1977 4767 2197 4839 putatis,
2214 4767 2471 4838 interrog.
2495 4766 2585 4831 i5,
2604 4774 2659 4820 et
2674 4766 2730 4820 in
2742 4764 3107 4823 Brevioribus.

2047 4862 2102 4916 5.
2136 4865 2206 4915 At
2226 4874 2383 4915 usum
2408 4857 2562 4913 illum
2596 4858 2649 4913 in
2678 4857 2973 4915 Occidente
3002 4859 3198 4915 asserit
3234 4859 3591 4919 Beuedietlna

1981 4953 2208 5025 Regula,
2241 4967 2363 5025 cap.
2390 4951 2481 5020 59,
2505 4966 2736 5023 eamque
2764 4950 2984 5007 ﬁrmant
3012 4967 3119 5008 non
3151 4953 3312 5009 modo
3351 4953 3541 5011 [sideri
3566 4997 3584 5025 ,

1980 5046 2243 5119 Magistri,
2273 5057 2330 5101 et
2368 5045 2602 5101 aliorum
2630 5044 2874 5116 Regulae,
2925 5043 3022 5100 sed
3050 5054 3105 5100 et
3144 5044 3375 5114 plurium
3403 5048 3588 5105 conci-

1981 5142 2178 5199 liorum
2210 5150 2322 5197 tum
2351 5141 2407 5198 in
2433 5140 2610 5199 Gallia
2635 5180 2652 5208 ,
2677 5151 2789 5196 tum
2818 5141 2871 5195 in
2900 5139 3154 5209 Hispania
3170 5150 3265 5197 aut
3292 5142 3586 5201 Germania

1978 5234 2321 5301 habitorum,
2347 5250 2411 5290 ac
2449 5248 2789 5290 summorum
2840 5232 3153 5303 pontificum
3206 5235 3445 5292 decreta.
3486 5236 3585 5297 His

1979 5330 2268 5400 prreiverat
2294 5328 2553 5385 Ecclesia:
2580 5342 2699 5383 tuos
2719 5371 2737 5397 ,
2780 5326 2961 5383 Siricii
3003 5326 3314 5402 Zosimique
3348 5330 3586 5389 decretis

1979 5423 2278 5489 stabilitus,
2323 5438 2430 5495 quo
2476 5423 2616 5478 ﬁlios
2654 5423 2723 5479 ab
2762 5418 2991 5478 infantia
3017 5437 3188 5479 sacrae
3214 5424 3348 5481 cieri
3375 5425 3583 5485 militias

1981 5533 2336 5587 consecrare,
2384 5528 2443 5574 et
2484 5517 2750 5573 lectorum
2798 5515 2978 5571 officio
3028 5515 3213 5573 dicare
3278 5514 3361 5572 fas
3424 5529 3580 5593 erat,

1980 5627 2194 5669 necnon
2217 5628 2346 5669 usus
2375 5610 2466 5682 qui
2495 5610 2563 5666 ab
2596 5607 2940 5666 incunabulis
2980 5608 3244 5666 Ecclesiae
3269 5619 3584 5669 constanter

1981 5705 2251 5774 obtinuit,
2305 5713 2365 5760 ut
2407 5702 2664 5759 nimirum
2691 5701 3097 5775 baptizarentur
3120 5701 3387 5773 infantes,
3418 5711 3583 5777 atque

1980 5800 2178 5873 exinde
2216 5797 2528 5877 christianis
2550 5797 2761 5871 legibus
2812 5796 2886 5856 ita
2929 5806 3282 5870 tenerentur,
3316 5817 3337 5854 ι
3369 5806 3432 5859 ιιι
3470 5812 3582 5875 non
