4104 6368
512 270 587 326 ‘23
1411 268 1501 325 DE
1538 265 1914 326 MARCELLO
1953 268 2352 329 DISCIPLINE
2391 268 2827 327 SERVATORE.
3744 269 3817 326 2i

511 388 729 457 impune
782 388 1093 442 desererent
1142 384 1375 455 majores
1410 405 1431 436 ι
1462 384 1670 458 (verba
1727 394 1852 441 sunt
1898 386 2110 441 concilii
2140 391 2190 449 Λ
2217 401 2279 442 ac
2304 385 2578 457 proprium
2609 386 2708 442 sibi
2744 383 2872 440 facit
2901 382 3173 440 laudatum
3202 382 3447 439 Toletani
3492 398 3546 439 tv
3597 384 3812 443 concilii

506 479 757 537 Toletani
782 496 892 547 vui,
918 495 1037 535 can.
1071 480 1103 534 7
1134 482 1187 546 ),
1226 496 1245 529 r
1287 477 1431 549 quod
1463 479 1671 548 parvuli
1704 480 1788 533 vel
1817 479 2111 536 nesciendo

505 575 597 631 vel
622 573 857 631 nolendo
884 580 1258 644 perceperant.
1299 589 1318 622 ι
1357 570 1424 625 Et
1467 570 1571 627 hoc
1593 572 1811 642 quidem
1855 573 2111 643 exemplo

505 680 635 721 mox
657 666 858 721 dictum
889 663 1179 720 concilium
1198 662 1397 717 evincit
1417 678 1545 730 eos,
1580 663 1690 733 qui,
1724 682 1743 714 ι
1779 674 1871 718 aut
1909 674 2107 720 eventu

505 757 889 813 necessitatum
935 763 1028 810 aut
1068 762 1218 810 metu
1282 754 1644 823 periculorum
1688 755 1865 825 adepti
1899 755 2113 812 fuerant

507 849 995 907 ecclesiasticarum
1027 846 1203 901 officia
1232 844 1571 916 dignitatum.
1613 867 1632 899 ι
1661 847 1862 902 Horum
1896 847 2107 905 officio—

507 958 630 998 rum
646 941 849 1011 legibus
861 940 1275 1011 obligari,licetr
1295 955 1416 995 cum
1434 941 1537 997 illis
1552 941 1667 996 hare
1680 941 2106 1012 imponerentur,

510 1033 564 1089 id
586 1033 689 1088 sibi
720 1032 833 1088 fieri
854 1033 1094 1089 noluisse
1117 1041 1467 1087 testarentur.
1496 1052 1515 1085 ›
1540 1034 1799 1101 Quocirca
1819 1036 2109 1092 concilium

505 1127 897 1183 Aurelianensc
919 1142 971 1191 ν,
998 1141 1140 1181 anno
1167 1125 1272 1182 549
1301 1125 1562 1191 habitum.
1581 1142 1704 1184 can.
1734 1128 1821 1195 19,
1852 1137 1908 1185 et
1928 1128 2112 1185 Matis-

504 1235 743 1276 conense
772 1237 808 1284 ι,
839 1235 981 1274 anno
1010 1219 1137 1286 581,
1166 1234 1287 1275 can.
1322 1220 1412 1284 12,
1450 1220 1680 1290 puellas,
1710 1239 1729 1273 ι
1764 1236 1859 1277 seu
1892 1220 2109 1292 propria

502 1315 782 1370 voluntate
819 1314 1202 1368 monaSIerinm
1230 1321 1484 1383 expetant
1510 1355 1525 1381 ,
1564 1332 1584 1365 ι
1613 1329 1709 1370 seu
1738 1331 1767 1369 ιι
1797 1314 2109 1385 parentibus

503 1406 837 1471 offerantur,
878 1427 896 1459 ι
932 1409 974 1463 si
1010 1427 1029 1460 ι
1066 1416 1159 1461 aut
1197 1406 1503 1463 voluntarie
1547 1409 1976 1479 autparentibus
1997 1409 2110 1464 suis

503 1501 822 1571 rogantibus
866 1499 1185 1569 religionem
1228 1497 1489 1569 professa:
1537 1500 1622 1555 vel
1677 1500 2107 1556 benedictionem

502 1604 830 1657 consectum,
850 1605 1032 1664 postea
1048 1593 1113 1647 ad
1135 1594 1443 1664 conjugium
1462 1603 1554 1647 aut
1569 1593 1854 1649 illecebras
1877 1594 2060 1650 surculi
2083 1613 2102 1647 ι

503 1687 839 1753 transierint,
864 1686 1249 1742 communione
1270 1686 1503 1756 privarit.
1530 1688 1687 1741 Anno
1717 1687 1842 1753 635,
1874 1702 1994 1747 can.
2013 1688 2105 1756 49,

2215 487 2472 534 statutum
2494 521 2509 545 ,
2536 477 2679 549 quod
2710 479 2789 533 sic
2815 475 2974 534 effert
3001 495 3015 532 :
3054 495 3073 529 ι
3103 475 3422 533 Monachum
3448 490 3578 546 ergo
3605 487 3697 533 aut
3719 493 3815 551 pa-

2216 579 2366 626 terna
2415 570 2634 629 devotio
2676 579 2769 625 aut
2817 568 3037 642 propria
3082 567 3299 624 devotio
3342 567 3491 624 facit.
3539 567 3817 641 Quidquid

2215 664 2407 721 horum
2457 663 2653 728 fuerit,
2701 664 2979 735 alligatum
3025 661 3252 719 tenebit.
3305 661 3540 719 Proinde
3582 661 3711 719 huic
3745 662 3816 719 ad

2214 755 2472 811 mundum
2527 755 2725 811 reverti
2772 752 3184 810 intercludimus
3233 751 3475 819 aditum,
3529 761 3586 808 et
3623 767 3818 810 omnes

2211 849 2279 905 ad
2307 848 2562 905 saeculum
2585 848 2959 905 interdicimus
2978 860 3280 919 regressus.
3320 865 3340 898 ι

2284 942 2338 998 4.
2397 940 2771 1031 ΙΩιιιιιῐιοιηηειιι
2828 954 2952 995 cum
3022 938 3333 1009 Capitulare
3381 938 3818 1011 Aquisgranense

2211 1035 2335 1087 anni
2364 1032 2489 1102 817,
2524 1048 2574 1088 c.
2607 1031 2701 1100 56,
2731 1031 2946 1096 statuit,
2983 1050 3001 1083 ι
3042 1031 3113 1087 Ut
3139 1045 3363 1102 puerum
3385 1038 3538 1101 pater
3558 1040 3615 1087 et
3642 1041 3818 1088 mater

2212 1134 2453 1195 tempore
2486 1124 2777 1180 oblationis
2827 1122 3055 1180 offerant
3083 1123 3149 1179 ad
3177 1123 3349 1179 altare
3373 1165 3388 1191 ,
3416 1134 3469 1180 et
3501 1122 3816 1194 petitionem

2214 1234 2310 1289 pro
2353 1234 2420 1274 eo
2461 1234 2642 1275 coram
2672 1219 2822 1274 laicis
2871 1218 3097 1274 testibus
3127 1218 3344 1287 faciant,
3375 1234 3534 1290 quam
3570 1227 3816 1291 tempore

2212 1310 2533 1383 intelligibili
2573 1310 2690 1382 ipse
2718 1310 3003 1366 confirmet
3027 1352 3041 1375 ,
3074 1329 3094 1364 ι
3121 1310 3236 1366 haec
3276 1322 3547 1381 postrema
3575 1311 3815 1368 clausula

2212 1402 2434 1473 majoris
2480 1403 2747 1458 cautionis
2795 1417 2924 1474 ergo
2976 1401 3158 1457 addita
3207 1403 3477 1458 censenda
3532 1414 3654 1472 est,
3704 1419 3816 1461 non

2211 1495 2363 1566 quasi
2393 1509 2564 1566 puero
2594 1495 2875 1550 maturiori
2899 1504 3057 1551 :etate
3075 1495 3186 1565 jam
3206 1496 3345 1551 facto
3364 1504 3643 1566 parentum
3665 1497 3817 1554 obla-

2213 1589 2415 1645 tionem
2470 1588 2676 1644 irritam
2734 1590 2912 1646 facere
2960 1589 3189 1645 liberum
3244 1599 3413 1645 esset.
3469 1590 3546 1645 Eo
3597 1590 3817 1661 quidem

2213 1683 2414 1738 saeculo
2433 1682 2871 1765 Gotthescalcus,
2900 1694 2959 1737 ut
2982 1698 3049 1739 ex
3070 1684 3332 1754 opusculo
3355 1682 3561 1739 Rabani
3578 1683 3816 1740 allabil-

503 1776 824 1834 Toletanmn
883 1793 935 1832 tv
956 1819 972 1843 ,
1026 1776 1313 1834 concilium
1345 1776 1520 1832 edixit
1550 1794 1563 1830 :
1603 1795 1621 1828 ι
1648 1776 1968 1833 Monachum
2008 1787 2101 1834 aut
2129 1782 2177 1841 B
2205 1776 2351 1834 lonio
2376 1768 2562 1857 nostro
2590 1818 2606 1843 ,
2639 1787 2715 1834 to.
2748 1793 2785 1833 tt
2816 1777 3013 1833 Annal.
3043 1777 3272 1843 Bened.,
3305 1792 3424 1849 pag.
3452 1776 3559 1833 726
3579 1786 3635 1834 et
3658 1793 3812 1851 seqq.

505 1878 729 1941 paterna
758 1870 1008 1935 devotio,
1039 1881 1132 1924 ant
1173 1870 1391 1942 propria
1442 1868 1708 1940 professio
1744 1869 1890 1926 facit.
1941 1871 2109 1940 Quid-

2215 1870 2363 1928 edito
2418 1870 2721 1943 colligitur,
2782 1881 3093 1942 parentum,
3144 1887 3175 1925 a
3221 1870 3416 1940 quibus
3443 1886 3575 1940 puer
3603 1871 3818 1926 oblatus

501 1963 629 2034 quid
685 1968 875 2020 hOIlllll
927 1964 1120 2027 fuerit,
1180 1963 1454 2034 alligatum
1500 1964 1722 2019 tenebit.
1769 1963 2004 2019 Proinde
2026 1964 2112 2023 bis
2214 1962 2544 2017 monasterio
2593 1960 2805 2029 fuerat,
2858 1972 2982 2018 voto
3024 1961 3324 2032 refragatus
3345 1970 3677 2018 estzverum
3705 1978 3816 2021 non

500 2054 570 2110 ad
596 2057 853 2109 mundum
886 2056 1081 2110 reverti
1112 2055 1519 2110 intercludimus
1545 2052 1773 2122 aditum,
1806 2064 1861 2110 et
1889 2070 2105 2112 omnem

502 2148 570 2205 ad
593 2149 848 2205 saeculum
867 2149 1237 2203 interdicimus
1259 2163 1589 2219 regressum.
1620 2168 1640 2201 ι
1662 2148 1807 2203 Idem
1824 2149 2104 2205 decretum

503 2240 759 2308 firmavit,
782 2257 926 2296 anno
948 2241 1077 2306 656,
1107 2239 1425 2296 Toletanum
1451 2256 1484 2295 χ
1523 2240 1849 2308 concilium,
1895 2256 2016 2297 can.
2045 2243 2100 2309 6,

501 2340 663 2404 atque
700 2333 984 2387 illustravit
1026 2331 1109 2386 his
1138 2332 1352 2387 verbis:
1389 2348 1409 2381 ι
1446 2330 1501 2387 Si
1542 2333 1593 2387 in
1632 2333 1872 2403 qualibet
1910 2334 2103 2390 minori

499 2433 678 2489 aetate,
722 2424 810 2480 vel
847 2425 1124 2496 religionis
1172 2435 1482 2487 tonsuram,
1534 2426 1614 2479 vel
1660 2426 1907 2497 religioni
1946 2425 2102 2482 debi-

500 2529 611 2575 tam
671 2529 875 2575 vestem
933 2520 985 2574 in
1042 2529 1270 2588 utroque
1320 2533 1455 2574 sexu
1509 2518 1633 2573 filiis
1685 2528 1778 2574 aut
1831 2534 1973 2575 unus
2010 2530 2103 2576 aut

462 2611 664 2673 _ambo
714 2621 968 2680 parentes
1021 2610 1292 2673 dederint,
1360 2620 1509 2665 certe
1555 2621 1645 2665 aut
1678 2611 1983 2667 nolentibus
2015 2612 2101 2667 vel

500 2703 871 2760 nescientibus
908 2718 968 2757 se
996 2712 1334 2772 susceptam,
1378 2717 1481 2756 non
1519 2717 1642 2758 mox
1679 2704 1847 2758 visam
1880 2704 1932 2758 in
1978 2704 2101 2759 filiis

498 2796 902 2863 abdicaverint,
957 2797 1052 2853 sed
1110 2799 1191 2852 vel
1249 2812 1431 2854 coram
1479 2812 1557 2864 se,
1590 2797 1671 2853 vel
1700 2812 1885 2853 coram
1918 2798 2098 2854 eccle-

497 2892 615 2958 sia,
665 2892 951 2964 palamque
998 2893 1049 2946 in
1106 2900 1375 2948 conventu
1419 2892 1639 2947 eosdem
1671 2892 1808 2947 filios
1844 2892 1968 2948 talia
1999 2891 2098 2946 ha-

497 2986 633 3043 bere
673 2988 1054 3055 permiserint,
1098 2986 1164 3041 ad
1227 2988 1542 3041 saecularem
1607 2987 1804 3041 reverti
1860 2987 2097 3042 habitum

498 3081 633 3150 ipsis
663 3079 785 3136 filiis
816 3081 1138 3151 quandoque
1160 3079 1373 3150 penitus
1402 3095 1507 3136 non
1526 3080 1731 3137 licebit.
1760 3098 1779 3132 ι
1806 3079 2098 3153 Gregorius

2211 2069 2274 2110 ea
2302 2053 2553 2110 utebatur
2575 2055 2808 2122 ratione,
2839 2057 2964 2127 quia
2993 2071 3128 2128 puer
3161 2065 3270 2110 tum
3298 2063 3353 2111 et
3379 2054 3551 2126 impos
3568 2056 3651 2111 sui
3673 2069 3815 2126 erat,

2209 2151 2304 2207 sed
2342 2151 2465 2223 quia
2520 2154 2622 2207 hoc
2680 2162 2931 2224 parentes
2976 2154 3096 2225 ejus
3137 2168 3323 2209 coram
3352 2153 3561 2210 idoneis
3587 2157 3817 2214 testibus

2209 2245 2432 2300 minime
2448 2235 2833 2315 prmstiterant,
2857 2259 2913 2305 ct
2938 2263 3061 2304 cum
3091 2248 3245 2320 ipsis,
3264 2256 3453 2319 utpote
3482 2249 3811 2320 Saxonibus,

2206 2339 2348 2394 avita
2366 2340 2483 2412 lege
2505 2360 2525 2393 ι
2555 2342 2657 2397 nisi
2684 2343 2751 2398 de
2769 2344 2983 2414 propria
3006 2357 3101 2398 sua
3118 2358 3241 2399 esse
3258 2353 3417 2416 gente
3433 2344 3584 2399 teatis
3604 2354 3810 2416 posset,

2206 2436 2413 2492 alienos
2440 2436 2819 2494 adhibuerant.
2856 2458 2874 2491 ι

2274 2527 2330 2582 5.
2381 2526 2534 2584 Circa
2583 2530 2723 2585 idem
2776 2540 3021 2602 tempus,
3056 2533 3197 2588 utin
3241 2533 3467 2603 cpistola
3509 2534 3713 2592 Nicolai
3743 2536 3764 2592 1
3788 2579 3805 2605 ,

2203 2619 2342 2687 apud
2364 2619 2700 2690 Gratianum,
2728 2623 2799 2679 20
2823 2665 2839 2691 ,
2871 2635 3062 2696 quaest.
3096 2627 3160 2696 5,
3205 2641 3327 2697 cap.
3361 2628 3424 2691 4,
3465 2638 3520 2683 et
3546 2627 3763 2683 Ivonem
3787 2671 3805 2695 ,

2201 2726 2256 2783 p.
2289 2712 2323 2767 6
2346 2754 2358 2775 ,
2385 2728 2436 2769 c.
2467 2714 2605 2783 556,
2639 2716 2836 2787 legitur
2856 2757 2872 2783 ,
2903 2718 3220 2775 Lambertus
3247 2720 3462 2791 quidam
3488 2721 3557 2777 ab
3590 2722 3806 2779 Athone

2201 2810 2353 2872 patre
2375 2819 2473 2858 suo
2502 2806 2641 2861 inter
2668 2818 2916 2863 octavum
2945 2817 3001 2865 et
3023 2810 3367 2868 undecimum
3396 2828 3596 2869 annum
3626 2815 3805 2871 eucul-

2201 2899 2305 2954 lam
2330 2899 2584 2967 indutus,
2616 2920 2645 2959 a
2676 2905 2930 2976 praedicto
2962 2906 3236 2977 pontifice,
3264 2917 3320 2964 ut
3351 2919 3406 2965 et
3426 2926 3455 2963 a
3486 2910 3803 2967 monasticae

2202 2993 2325 3047 vita:
2352 2993 2608 3065 degenda:
2635 2997 2962 3071 obligatione
2989 3001 3382 3069 absolveretur,
3406 3015 3459 3059 et
3487 3019 3554 3060 ne
3578 3013 3800 3076 paterna

2201 3084 2286 3139 vel
2334 3095 2577 3143 materna
2620 3088 2936 3148 haereditate
2966 3090 3342 3163 fraudaretur,
3365 3102 3591 3165 petens,
3614 3111 3720 3153 non
3747 3096 3801 3153 id

492 3171 541 3228 ll
564 3215 579 3238 ,
612 3188 755 3228 anno
799 3173 934 3237 726,
989 3188 1019 3225 a
1058 3169 1331 3227 Bonifacio
1371 3171 1680 3243 Moguntino
1702 3174 2092 3245 interrogatus:
2123 3176 2168 3239 C
2200 3187 2453 3233 causatus
2479 3188 2600 3235 est:
2626 3182 2751 3251 quia
2782 3192 3012 3253 paterna
3046 3185 3318 3242 oblatione
3347 3188 3517 3243 teneri
3537 3204 3642 3245 non
3671 3205 3801 3261 pos-

500 3282 521 3316 ι
557 3263 615 3320 Si
645 3273 797 3335 pater
824 3264 908 3319 vel
932 3273 1102 3319 mater
1129 3263 1296 3318 filium
1328 3264 1409 3319 vel
1444 3264 1605 3319 filiani
1631 3265 1768 3319 intra
1790 3273 1940 3334 septa
1975 3279 2094 3320 mo-

494 3355 718 3412 nasterii
769 3355 823 3410 in
879 3354 1113 3410 infantia:
1165 3356 1322 3409 annis
1368 3354 1469 3409 sub
1518 3355 1746 3425 regulari
1778 3355 2097 3411 tradiderint

494 3448 819 3519 disciplina,
879 3458 1056 3503 utrum
1106 3449 1264 3504 liceat
1325 3449 1404 3505 eis
1458 3458 1741 3520 postquam
1799 3450 2095 3520 pubertatis

492 3541 834 3611 impleverint
865 3556 1059 3608 annos,
1083 3541 1264 3611 egredi
1301 3550 1355 3595 et
1383 3541 1725 3597 matrimonio
1754 3543 1995 3614 copulari
2021 3583 2038 3609 ,
2067 3562 2087 3595 ι

492 3632 637 3688 haud
666 3632 862 3688 dubius
905 3632 1195 3702 respondet
1238 3651 1250 3687 :
1290 3651 1307 3685 ι
1353 3632 1465 3689 Hoc
1503 3634 1726 3689 omnino
1754 3635 2087 3703 devitamus,

490 3727 620 3797 quia
648 3725 800 3781 nefas
821 3737 937 3793 est,
961 3736 1020 3781 ut
1047 3726 1243 3781 oblatis
1280 3741 1310 3780 a
1354 3726 1666 3794 parentibus
1697 3728 1806 3784 Deo
1844 3728 1966 3783 filiis
1992 3744 2089 3783 vo-

490 3816 709 3887 luptatis
732 3816 882 3871 frena
913 3816 1178 3870 laxentur.
1215 3835 1233 3868 ι
1265 3815 1466 3870 Verum
1495 3831 1560 3871 ex
1588 3818 1687 3871 bac
1732 3816 1986 3872 Bonifacii
2010 3818 2094 3873 in-

488 3909 853 3978 terrogatione
897 3906 1157 3963 discimus
1177 3949 1192 3973 ,
1239 3908 1430 3964 Saltem
1459 3908 1735 3965 nonnullis
1760 3908 1949 3965 duram
1976 3910 2088 3981 jam

485 4001 659 4058 videri
689 4003 920 4073 coepisse
947 4002 1090 4057 illam
1120 4003 1315 4073 legem.
1354 4002 1536 4058 Nihilo
1559 4013 1736 4058 tamen
1763 4005 1945 4059 minus
1968 4019 2088 4061 eam

484 4094 545 4150 in
566 4092 855 4150 Germania
875 4095 942 4148 ad
964 4109 1163 4149 annum
1196 4094 1303 4150 868
1332 4095 1568 4165 viguisse
1594 4095 1764 4166 liquet
1785 4111 1853 4152 ex
1874 4095 2093 4170 Mogun-

486 4186 743 4243 tiacensis
770 4188 1005 4253 concilii,
1036 4189 1139 4244 hoc
1161 4189 1590 4246 annoLudovici
1622 4191 1690 4262 pii
1714 4190 1866 4262 jussu
1898 4192 2088 4261 habiti,

485 4293 697 4335 canone
723 4280 814 4345 22,
839 4298 945 4352 quo
968 4283 1208 4337 sancitur
1239 4302 1252 4338 :
1283 4302 1300 4335 ι
1328 4284 1382 4340 Si
1428 4292 1577 4354 pater
1625 4294 1681 4338 et
1728 4295 1900 4340 mater
1921 4285 2086 4342 ﬁlium

484 4370 761 4442 filiamque
810 4373 947 4428 intra
998 4384 1151 4443 septa
1203 4377 1516 4431 monasterii
1565 4377 1615 4431 in
1659 4376 1896 4432 infantiae
1934 4380 2088 4435 annis

484 4465 589 4519 sub
640 4464 870 4533 regulari
929 4466 1242 4522 tradiderint
1289 4467 1605 4539 disciplina;
1641 4484 1747 4524 non
1779 4470 1939 4525 liceat
1969 4471 2083 4535 eis,

2201 3278 2306 3335 set,
2339 3271 2434 3327 sed
2462 3289 2476 3328 :
2504 3274 2630 3345 quia
2660 3293 2680 3328 ι
2727 3276 2932 3349 absque
2963 3278 3130 3349 patris
3166 3280 3438 3337 oblatione
3465 3282 3551 3337 vel
3590 3283 3802 3339 abbatis

2200 3373 2453 3434 percepta
2476 3364 2849 3424 benedictione
2864 3370 3163 3426 monastico
3181 3371 3366 3428 habitu
3389 3372 3607 3430 indutus
3636 3396 3655 3428 ι
3677 3373 3797 3431 fue-

2200 3464 2316 3521 rat;
2348 3454 2401 3511 id
2428 3458 2630 3527 pariter
2649 3471 2881 3517 teatante
2899 3461 3068 3533 ipsius
3089 3473 3260 3533 patre,
3276 3465 3397 3536 quia
3424 3487 3442 3517 ι
3465 3466 3649 3539 Neque
3673 3482 3793 3540 ego,

2202 3550 2501 3620 paterejus,
2529 3552 2669 3622 palla
2691 3554 2901 3622 altaris,
2923 3571 2944 3609 ι
2978 3566 3036 3611 ιιι
3060 3557 3405 3614 Benedictiua
3438 3559 3634 3630 Regula
3664 3576 3800 3630 prze-

2197 3643 2347 3713 cipit,
2386 3660 2404 3694 ι
2440 3644 2686 3700 indutum
2720 3646 2872 3703 illum
2908 3648 3095 3716 obtuli,
3127 3664 3802 3723 nequeaquocnmquesa-

2196 3734 2416 3791 cerdote
2442 3738 2524 3792 vel
2543 3738 2756 3806 abbate,
2784 3752 2842 3796 ut
2869 3755 2986 3796 mos
3005 3739 3269 3812 deposcit,
3292 3743 3663 3802 benedictione
3680 3761 3799 3817 per-

2193 3838 2372 3900 cepta,
2404 3834 2604 3901 regulae
2630 3849 2881 3905 umquam
2912 3836 3167 3892 subactus
3193 3845 3303 3892 est:
3330 3856 3350 3889 »
3368 3838 3608 3909 adeoque
3625 3855 3798 3910 neque

2194 3920 2408 3977 oblatus
2447 3921 2553 3979 dici
2592 3935 2686 3980 aut
2730 3925 3027 3983 existimari
3074 3928 3280 3985 debuit.
3332 3930 3536 3986 Eadem
3589 3932 3798 3989 ratione

2197 4014 2254 4071 S.
2299 4015 2640 4087 Bernartius,
2692 4018 2853 4089 epist.
2885 4036 2939 4087 ι,
2968 4021 3036 4077 ad
3060 4021 3356 4079 Robertum
3396 4033 3682 4094 nepotem,
3706 4029 3795 4096 qui

2194 4106 2337 4163 inter
2360 4108 2605 4165 diversas
2624 4126 2737 4165 sua:
2766 4126 2798 4166 a
2825 4110 3276 4170 Cistereiensibus
3311 4116 3378 4170 ad
3419 4117 3797 4173 Cluuiacenses

2193 4196 2512 4255 defectionis
2537 4215 2761 4267 causas,
2800 4202 2937 4258 hanc
2962 4202 3221 4260 afferebat
3251 4224 3265 4261 :
3296 4206 3436 4277 quod
3472 4207 3795 4264 Cluniacen-

2193 4290 2345 4346 sibus
2402 4307 2433 4346 a
2491 4294 2804 4363 parentibus
2852 4297 2965 4350 suis
3004 4296 3216 4351 oblatus
3239 4298 3447 4364 fuerat,
3478 4313 3605 4354 usus
3633 4303 3793 4356 estin

2193 4381 2337 4439 hunc
2360 4383 2608 4440 modum:
2631 4404 2649 4437 ι
2677 4385 3009 4456 Quamquam
3023 4388 3245 4444 dubium
3260 4406 3366 4445 nou
3386 4391 3456 4446 sit
3474 4394 3795 4462 promissum

2193 4476 2342 4531 illum
2375 4476 2542 4534 fuisse
2563 4519 2580 4545 ,
2610 4493 2717 4533 non
2743 4478 3035 4546 donatum;
3067 4496 3167 4537 nec
3195 4484 3339 4538 enim
3372 4485 3591 4555 petitio,
3634 4501 3793 4556 quam

482 4566 773 4628 postquam
805 4556 873 4613 ad
902 4557 1206 4641 pubertatis
1229 4560 1571 4629 pervenerint
1597 4575 1802 4628 annos,
1830 4560 2015 4632 egredi
2034 4570 2086 4616 et
2110 4570 2165 4629 1)
2189 4565 2395 4637 Regula
2422 4568 2705 4639 praecipit,
2736 4584 2836 4640 pro
2869 4583 2936 4625 eo
2968 4570 3104 4626 facta
3135 4572 3281 4627 l'uita
3313 4574 3627 4644 parentibus
3647 4617 3663 4642 ,
3694 4592 3796 4633 nec

482 4649 832 4705 matrimonio
905 4651 1164 4721 capulari.
1213 4670 1230 4704 ι
1267 4651 1398 4720 Qua:
1423 4653 1583 4708 verba
1631 4652 1699 4708 ad
1753 4653 2083 4725 propositam

480 4741 745 4799 Bonifacii
800 4743 1156 4814 quaestionem
1207 4745 1428 4800 omnino
1476 4752 1603 4800 sunt
1656 4745 2081 4800 accommodata.

481 4834 834 4908 Prosequitur
853 4836 1049 4892 exinde
1070 4836 1355 4891 concilium
1391 4855 1405 4891 :
1439 4856 1458 4888 ι
1490 4837 1656 4909 Igitur
1681 4852 1787 4893 non
1817 4837 1974 4893 liceat
2006 4838 2086 4893 eis

477 4940 790 4999 Susceptum
831 4929 1072 4985 habitum
1104 4945 1355 5000 umquam
1384 4930 1640 4987 deserere
1672 4947 1684 4984 :
1724 4929 1820 4986 sed
1851 4931 2083 4987 convicti

478 5019 623 5091 quod
680 5027 959 5076 tonsuram
1008 5030 1099 5076 aut
1151 5021 1461 5092 religiosam
1518 5031 1721 5077 vestem
1789 5022 2081 5093 aliquando

475 5112 798 5181 habuerint,
847 5115 902 5169 in
947 5116 1225 5187 religionis
1246 5116 1392 5170 cultu
1421 5115 1716 5187 habituque
1736 5158 1751 5183 ,
1785 5116 1948 5171 velint
1979 5131 2078 5172 no-

475 5207 599 5272 lint,
632 5222 950 5276 permanere
975 5220 1259 5280 cogantur.
1293 5228 1312 5261 ›
1341 5209 1407 5264 Ει
1431 5211 1546 5264 haec
1576 5224 1792 5265 rursum
1822 5223 2079 5280 expressa

474 5311 603 5356 sunt
651 5315 722 5355 ex
776 5313 983 5355 canone
1035 5300 1068 5355 6
1113 5300 1358 5356 Toletani
1419 5317 1454 5355 χ
1483 5302 1731 5367 concilii,
1760 5311 1963 5357 tantum
1995 5300 2079 5357 his

473 5392 654 5449 verbis
676 5392 921 5459 canonis,
956 5412 976 5443 ‹
1013 5391 1079 5446 ad
1108 5393 1383 5465 religionis
1398 5394 1601 5448 cultum
1620 5394 1969 5464 habitumque
1985 5408 2075 5448 re-

469 5495 765 5550 vocentur,
814 5494 871 5540 et
913 5484 1013 5538 sub
1059 5495 1259 5540 {eterna
1301 5485 1421 5559 (seu
1468 5484 1696 5557 strenua)
1739 5485 2078 5541 districtione

470 5575 1156 5646 hujusmodiobservautia:
1178 5576 1438 5634 inservire
1452 5586 1733 5649 cogantur,
1773 5596 1792 5629 ι
1829 5575 2076 5632 nonnihil

474 5670 695 5723 mutatis
715 5709 730 5732 ,
761 5679 818 5723 ut
845 5667 1082 5723 mutandi
1113 5666 1327 5724 habitus
1348 5679 1589 5739 potestas
1614 5669 1823 5725 sublata
1862 5668 2075 5741 planius

463 5762 853 5819 enuntiaretur.
879 5757 1017 5816 Tum
1054 5760 1194 5817 idem
1219 5761 1531 5829 concilium,
1560 5776 1683 5820 can.
1710 5763 1806 5829 35,
1841 5768 2070 5819 renovat

2194 4674 2387 4715 manus
2415 4659 2556 4715 illius
2581 4676 2705 4717 cum
2735 4663 2848 4733 ipsa
2871 4663 3131 4736 petitione
3154 4666 3388 4722 involuta
3416 4668 3555 4738 palla
3583 4669 3793 4739 altaris,

2195 4752 2345 4807 utsic
2372 4751 2661 4810 offerretur
2686 4769 2869 4811 coram
2906 4757 3152 4812 testibus.
3182 4777 3200 4810 ι
3219 4759 3473 4827 Quamvis
3498 4771 3676 4817 autem
3698 4761 3794 4817 Ni-

2192 4844 2378 4901 colaus
2406 4845 2458 4914 l,
2503 4847 2555 4902 in
2592 4848 2798 4917 judicio
2833 4850 2902 4906 de
2936 4850 3211 4908 Lamberti
3238 4869 3399 4909 causa
3421 4855 3633 4925 prolato
3656 4898 3673 4924 ,
3700 4872 3796 4912 ne-

2193 4953 2460 5010 quaquam
2483 4941 2798 4999 existimare
2814 4958 2875 5000 se
2898 4945 3213 5012 rescribam
3236 4946 3579 5003 Latnberlum
3593 4948 3797 5006 debere

2186 5038 2291 5093 sub
2318 5037 2409 5093 tali
2428 5036 2683 5094 violentia
2709 5038 2824 5095 fieri
2857 5041 3203 5107 monachum,
3234 5061 3253 5095 ι
3284 5042 3409 5113 quia
3441 5062 3460 5095 ι
3495 5043 3641 5114 quod
3670 5044 3794 5115 quis

2185 5144 2293 5185 non
2323 5129 2506 5202 elegit,
2535 5142 2814 5203 necoptat,
2847 5132 3089 5203 profecto
3114 5149 3222 5190 non
3238 5134 3428 5207 diligit;
3446 5135 3590 5207 quod
3609 5146 3792 5193 autem

2183 5235 2291 5276 non
2306 5220 2495 5292 diligit,
2520 5220 2677 5278 facile
2691 5226 3011 5281 contemnit:
3036 5244 3057 5278 ι
3079 5235 3254 5282 tamen
3270 5226 3545 5298 aliquanto
3559 5241 3677 5299 poet
3693 5229 3795 5286 Ra-

2181 5317 2353 5372 banus
2382 5316 2608 5373 istarum
2638 5318 2969 5374 oblationum
3000 5335 3203 5376 morem
3231 5322 3493 5391 opusculo
3522 5323 3663 5393 apud
3682 5322 3795 5378 Ma-

2181 5410 2481 5477 billonium,
2506 5422 2565 5467 ut
2588 5414 2836 5483 superius
2862 5414 3061 5470 dictum
3084 5424 3184 5479 est,
3205 5415 3258 5471 in
3287 5417 3461 5471 lucem
3488 5416 3636 5472 edito
3650 5417 3793 5474 acri-

2181 5514 2264 5561 ter
2313 5507 2687 5577 propugnavit.
2716 5508 2785 5563 Et
2818 5508 3069 5579 quidem,
3124 5523 3267 5564 anno
3311 5509 3453 5578 895,
3504 5512 3791 5568 concilium

2179 5597 2527 5655 Triburieuse
2552 5642 2568 5665 ,
2600 5616 2721 5656 can.
2755 5600 2857 5669 16,
2889 5603 3165 5658 constituit
3214 5622 3227 5659 :
3276 5624 3296 5657 ι
3335 5606 3504 5673 Quem
3538 5609 3791 5679 progeni-

2179 5700 2327 5746 tores
2347 5691 2414 5747 ad
2442 5694 2827 5749 monasterium
2858 5693 3232 5762 tradiderunt,
3260 5705 3315 5752 et
3344 5698 3397 5753 in
3425 5698 3652 5755 ecclesia
3674 5714 3786 5758 cm.

2178 5782 2318 5859 perit
2341 5792 2561 5840 cantare
2586 5792 2640 5840 et
2654 5783 2853 5858 legere,
2883 5799 2983 5841 nec
3000 5799 3222 5843 uxorem
3240 5785 3454 5857 ducere,
3480 5804 3579 5846 nec
3592 5796 3780 5847 mena;
