4104 6368
234 207 306 266 25
1272 207 1610 270 EUSEBIUS
1649 209 1829 266 PAPA
1867 206 2150 280 QUANDO
2187 209 2499 267 SEDEBIT.
3475 214 3544 270 26

233 329 461 385 sterium
508 327 763 385 deserere
801 329 1013 398 poterit.
1042 326 1149 385 Sed
1171 342 1216 383 ει
1236 327 1586 394 discesserit‘,
1618 326 1844 382 reduca-
1870 333 1921 392 Α
1948 330 2022 386 cit
2051 347 2066 384 :
2100 348 2119 382 ‹
2152 328 2348 386 Postea
2387 329 2624 386 induitur
2671 327 3117 404 (puer)'cuculla,
3144 338 3202 385 et
3234 329 3305 386 de
3349 337 3549 386 caetero

233 433 364 491 tur;
391 424 438 479 si
466 431 742 480 tonsuram
772 422 1320 491 dimiserit,'rursum
1354 421 1671 489 tondeatur;
1721 437 1846 478 uxo-

233 533 347 576 rem
371 517 418 573 si
443 519 807 589 usurpaverit,
829 517 1100 573 dimittere
1126 517 1504 587 compellatur.
1542 535 1561 570 ι

307 611 363 667 6.
420 610 684 665 Eumdem
737 625 942 666 morem
1008 609 1074 664 ad
1119 609 1376 665 saeculum
1423 625 1535 674 xtt,
1588 623 1844 678 perseve-

234 720 407 771 rasse,
442 720 566 760 cum
590 721 656 761 ex
685 705 915 775 epistola
961 721 975 760 ι
1006 703 1266 760 Bernardi
1307 702 1554 773 superius
1605 702 1841 765 laudata,

237 808 350 854 tum
376 813 443 854 ex
477 798 704 869 epistola
735 798 934 854 Siberti
985 798 1052 852 ad
1082 796 1368 853 Bodull‘um
1396 797 1644 852 abbatem
1674 797 1845 851 sancti

233 890 529 958 Trudonis,
587 892 678 963 qui
734 889 838 945 hoc
863 892 1064 946 siccqu
1117 889 1370 956 ﬂorebat,
1426 905 1640 945 necnon
1679 905 1744 944 ex
1781 903 1844 944 ea

233 998 394 1056 quam
423 983 570 1038 idem
598 983 765 1038 abbas
792 984 1098 1053 rescripsit,
1129 983 1472 1054 perspicuum
1503 991 1586 1038 cst
1618 981 1842 1052 (Decret.

235 1077 472 1149 Gregorii
500 1075 607 1145 IX,
638 1079 726 1132 lib.
758 1094 837 1143 ιιι,
871 1079 948 1132 tit.
981 1079 1071 1145 51,
1103 1094 1218 1148 cap.
1250 1079 1311 1133 11
1348 1075 1655 1149 e142).lpsi
1681 1077 1843 1132 etiam

231 1170 438 1226 saeculo
465 1170 564 1225 illo
600 1169 888 1225 desinente
916 1169 1323 1239 obsequendum
1352 1184 1477 1224 esse
1515 1176 1846 1224 censuerunt

232 1263 545 1321 Alexander
590 1263 657 1319 Ill
699 1273 753 1319 et
779 1261 1032 1320 Clemens
1071 1263 1159 1317 lll.
1198 1261 1439 1319 Tandem
1480 1263 1672 1318 borum
1716 1277 1840 1318 sue-

231 1375 424 1417 cessor
451 1357 800 1426 Ccelestinus,
833 1357 900 1414 de
931 1372 1099 1429 puero
1124 1373 1286 1430 quem
1333 1368 1461 1414 ante
1499 1357 1844 1413 discretionis

230 1468 410 1510 annos
468 1461 624 1524 pater
672 1467 806 1507 suus
874 1451 1079 1507 fecerat
1126 1451 1388 1520 ,babitum
1465 1451 1841 1507 monachalem

230 1550 538 1616 suscipere,
585 1546 970 1616 interrogatus,
1017 1544 1310 1615 respondet
1361 1543 1549 1620 (Ibid.,
1577 1561 1624 1598 c.
1678 1545 1745 1601 14
1775 1542 1839 1614 ):

236 1656 258 1692 ι
287 1637 345 1695 Si
376 1637 558 1694 dictus
584 1653 718 1710 puer
743 1637 810 1692 ad
841 1651 1010 1692 annos
1033 1636 1377 1694 discretionis
1403 1637 1738 1708 pervenerit,
1787 1646 1843 1693 et

232 1729 479 1786 habitum
505 1731 742 1785 retinere
771 1729 1006 1784 noluerit
1033 1729 1427 1794 monacbalern,
1459 1729 1504 1782 si
1526 1731 1594 1783 ad
1622 1729 1726 1784 hoc
1750 1727 1835 1784 iu-

1949 423 2253 479 benedictio
2274 423 2393 494 ejus
2416 423 2663 478 ditl‘ertur
2691 437 2861 494 usque
2896 422 2962 478 ad
2984 422 3275 494 legitimam
3311 430 3551 490 atatem,

1949 518 2002 573 id
2034 528 2138 583 est,
2169 518 2214 572 si
2240 534 2346 573 non
2373 518 2626 590 amplius,
2643 518 2727 573 vel
2754 533 2923 589 usque
2938 517 3004 573 ad
3022 532 3305 583 QUINDECIII
3321 530 3543 573 annos.»

1949 611 2441 668 Eumdemmorem
2470 611 2696 668 innuere
2717 611 2932 667 videtur
2960 620 3015 668 et
3037 609 3293 667 Clemens
3312 609 3400 677 Ill,
3424 610 3545 666 loco

1942 705 2054 777 jam
2101 705 2287 771 citato,
2332 704 2419 760 ubi
2463 705 2680 775 puellae,
2725 715 2850 761 ante
2891 705 3238 761 discretionis
3290 717 3466 760 annos
3520 718 3552 758 a

1949 797 2264 869 parentibus
2296 798 2633 852 monasterio
2662 795 2871 853 tradita:
2896 797 2963 852 ad
2985 796 3243 852 sacculum
3271 803 3556 852 reverten-

1945 892 1999 948 di
2031 892 2232 948 aditum
2265 893 2477 963 penitus
2508 891 2859 958 iuterdiceus,
2883 892 3042 946 istam
3078 890 3353 948 interdicti
3383 889 3545 962 hujus

1948 985 2212 1040 rationem
2245 983 2430 1054 adjicit
2467 1000 2480 1038 :
2515 1003 2533 1034 ‹
2569 983 2686 1038 Non
2723 985 2868 1039 enim
2914 982 3127 1039 videtur
3153 983 3243 1040 illa
3269 983 3547 1054 .monasti-

1944 1092 2022 1132 exe
2050 1075 2403 1148 professionis
2429 1091 2458 1130 a
2483 1093 2542 1132 se
2573 1092 2732 1148 posse
2758 1078 2946 1148 jugum
2970 1085 3245 1142 excutere,
3264 1092 3390 1134 cum
3419 1092 3541 1133 eam

1947 1186 2054 1227 non
2077 1179 2290 1226 constet
2320 1169 2598 1226 evidenter
2616 1171 3033 1238 contradixisse,
3064 1186 3187 1226 cum
3213 1169 3545 1228 benedictio-

1946 1280 2069 1320 nem
2097 1265 2326 1336 accepit,
2373 1278 2533 1336 quam
2568 1263 2782 1319 nonnisi
2814 1264 2866 1318 in
2892 1271 3051 1319 aetate
3076 1262 3416 1318 discretionis
3458 1276 3545 1318 re-

1948 1357 2154 1429 cipiunt
2207 1372 2330 1428 quae
2386 1356 2664 1424 velantur,
2723 1354 3019 1428 praesertim
3070 1355 3116 1410 si
3170 1353 3548 1410 ratihabitione

1944 1459 2148 1516 secuta,
2182 1450 2285 1507 etsi
2304 1466 2423 1507 eam
2453 1449 2776 1522 quandoque
2803 1447 3195 1505 contradixisse
3210 1445 3541 1511 constiterit.

1943 1547 2246 1603 roboratur.
2289 1545 2453 1601 i'l‘ria
2490 1544 2691 1614 quippe
2723 1543 3100 1614 complectitur
3129 1540 3245 1596 lucc
3283 1539 3423 1596 ratio
3449 1539 3547 1595 :10

1944 1637 2152 1708 puellas
2194 1636 2441 1693 benedici
2467 1651 2574 1692 non
2607 1635 2975 1700 consuevisse,
2997 1635 3232 1689 nisicum
3251 1632 3317 1688 ad
3337 1641 3552 1688 aetatem

1946 1729 2293 1786 discretionis
2321 1729 2728 1799 pervenissent;
2762 1726 2978 1794 deinde,
3009 1725 3087 1781 eis
3115 1734 3244 1781 tunc
3284 1723 3546 1780 benedic-

232 1823 359 1878 duci
415 1823 745 1893 nequiverit,
806 1837 912 1876 non
941 1829 1027 1878 est
1070 1821 1344 1875 ullatenus
1389 1821 1837 1891 compellendus;
1871 1800 1920 1860 Β
1949 1824 2079 1879 tioni
2131 1823 2442 1892 ltujusmodi
2482 1821 2894 1878 contradicendi
2960 1828 3289 1892 potestatem
3339 1817 3550 1887 fuisse;

232 1917 360 1989 quia
408 1927 522 1970 tum
575 1915 810 1972 liberum
861 1915 962 1970 sibi
1003 1915 1251 1969 eritenm
1285 1915 1582 1980 dimittere,
1617 1925 1671 1969 et
1701 1913 1840 1969 bona

234 2019 486 2080 paterna,
521 2023 642 2078 quae
670 2007 773 2064 sibi
803 2024 867 2063 ex
896 2009 1240 2064 successione
1282 2008 1626 2078 proveniunt,
1661 2018 1844 2076 postu-

232 2102 369 2158 lare.
401 2121 422 2155 ι

232 2215 239 2234 ε
306 2197 364 2252 7.
421 2195 499 2252 Ea
560 2207 739 2252 tamen
785 2197 868 2252 lex
888 2196 999 2266 jam
1032 2206 1190 2252 antea
1216 2196 1556 2252 nonnullisiu
1584 2197 1715 2252 locis
1742 2211 1841 2251 an-

235 2292 433 2363 tiquari
463 2302 723 2364 coeperat.
759 2291 827 2348 Et
855 2291 1077 2348 Nicolao
1105 2291 1320 2364 quidem
1347 2291 1388 2358 Ι,
1420 2301 1476 2346 ιιι
1501 2307 1662 2362 supra
1687 2291 1840 2346 audi-

232 2386 434 2451 vimus,
470 2385 658 2440 durior
684 2386 799 2441 visa
827 2395 962 2452 erat,
1008 2395 1062 2439 et
1111 2384 1436 2450 libertatem,
1465 2400 1623 2455 quam
1655 2384 1841 2454 hujus-

234 2479 387 2535 modi
415 2488 592 2534 status
615 2480 810 2534 eleCIio
835 2478 1131 2545 desiderat,
1184 2479 1400 2534 lzedere.
1467 2478 1576 2533 Nec
1619 2478 1842 2543 alia'de

234 2589 400 2630 causa
425 2573 735 2629 Bonifacius
766 2575 1110 2645 Moguntinus
1138 2584 1296 2628 antea
1324 2572 1644 2642 Gregorium
1671 2572 1709 2628 ll
1736 2572 1838 2627 sibi

234 2668 306 2724 de
335 2667 429 2722 illa
458 2667 853 2723 consulendum
880 2667 1129 2722 duxerat.
1160 2666 1512 2722 Postmodum
1560 2681 1689 2722 vero
1716 2664 1841 2720 Clu-

237 2760 538 2816 niaceuses
564 2760 835 2830 quoddam
862 2760 913 2814 ei
938 2767 1426 2830 temperamentum
1459 2758 1711 2813 videntur
1742 2757 1840 2811 ad.

233 2852 504 2909 hibuisse.
535 2852 738 2907 Horum
763 2851 962 2924 quippe
986 2851 1410 2908 consuetudines
1448 2861 1574 2906 ante
1602 2851 1839 2906 medium

230 2945 499 3003 saeculum
527 2961 561 3000 x
599 2945 912 3001 describens
948 2945 1007 3001 S.
1048 2943 1335 3001 Udalricus
1360 2945 1452 2999 lib.
1487 2960 1564 3008 ιιι,
1589 2959 1640 3000 c.
1670 2943 1722 3010 8,
1757 2959 1841 2999 re-

229 3039 342 3096 lata
369 3054 667 3111 puerorum
698 3040 970 3096 oblatione
994 3038 1220 3110 ejusque
1241 3038 1368 3103 ritu,
1397 3038 1644 3108 proxime
1662 3037 1836 3109 subji-

1946 1927 2245 1989 postremo,
2274 1915 2774 1972 contradicentibus
2795 1914 3001 1970 aditum
3029 1913 3095 1968 ad
3121 1910 3306 1969 saeculi
3332 1925 3548 1983 regres-

1950 2025 2070 2065 sum
2103 2008 2360 2079 patuisse.

2019 2101 2074 2157 8.
2127 2101 2296 2156 Porro
2345 2117 2412 2156 ex
2465 2100 2718 2156 omnibus
2762 2100 3086 2156 testimoniis
3135 2113 3257 2169 qure
3291 2097 3550 2169 colligere

1945 2206 2038 2251 aut
2062 2196 2249 2251 videre
2274 2196 2432 2251 nobis
2463 2196 2562 2250 hac
2583 2196 2650 2250 de
2687 2210 2747 2250 re
2796 2194 2970 2263 licuit,
3010 2194 3217 2250 nullum
3250 2202 3357 2262 est,
3404 2190 3549 2262 quod

1948 2304 2071 2345 cum
2099 2288 2320 2345 decreto
2351 2297 2538 2343 nostro
2567 2289 2737 2357 magis
2763 2287 3087 2352 consentiat,
3119 2300 3280 2356 quam
3311 2282 3455 2356 quod
3475 2298 3546 2340 ex

1949 2383 2434 2440 consuetudinibus
2487 2381 2926 2438 Cluniacensium
2977 2379 3320 2449 protulimus.
3371 2377 3550 2446 Quare

1948 2476 2077 2536 illttd
2127 2477 2191 2532 ad
2218 2477 2418 2532 exitum
2449 2476 2633 2530 saeculi
2663 2475 2789 2531 noni
2831 2482 2925 2529 aut
2969 2473 3182 2556 initium
3225 2472 3423 2529 decimi
3458 2485 3546 2527 re-

1948 2571 2094 2628 ferre
2123 2571 2268 2626 licet.
2301 2570 2406 2624 Aut
2431 2569 2594 2624 etiam
2622 2569 2798 2624 serius
2823 2578 2906 2622 est
2952 2565 3338 2631 dili‘erendum,
3373 2563 3417 2619 si
3449 2561 3549 2619 be-

1948 2664 2206 2730 nedictio,
2235 2678 2396 2734 quam
2433 2662 2875 2719 Cluniacensium
2923 2658 3345 2715 consuetudines
3395 2664 3553 2712 aetate

1949 2757 2186 2829 legitima
2244 2755 2584 2827 principium,
2634 2755 2875 2810 instituta
2929 2753 3018 2818 sit,
3048 2761 3101 2808 ut
3136 2766 3268 2822 puer
3310 2751 3422 2821 jam
3465 2749 3552 2804 sui

1948 2868 2172 2924 compos
2202 2864 2373 2908 ratam
2423 2849 2627 2907 faceret
2666 2859 2828 2920 atque
2873 2847 3223 2904 confirmaret
3267 2852 3550 2915 parentum

1948 2947 2297 3016 oblationem,
2317 2959 2422 3000 non
2437 2945 2653 3016 utoptio
2669 2943 2717 2999 ei
2735 2941 2954 2999 daretur
2969 2937 3249 3014 repetendi
3269 2936 3548 2995 smculum.

234 3290 3524 3330 W—M

424 3508 490 3548 "‘
680 3532 1510 3655 sumamus
1582 3529 2446 3692 gusnnms
2519 3529 3102 3646 mnu.

1801 3842 2279 3892 οιοιοις--ο

535 4106 624 4178 §l.
646 4134 718 4148 —-
745 4103 962 4174 Quando
994 4113 1040 4158 et
1072 4101 1318 4174 quamdiu
1353 4098 1554 4155 sederit.

306 4287 580 4346 Eusebius
597 4286 648 4340 in
679 4284 922 4355 pluribus
950 4281 1275 4352 pontificalis
1300 4281 1420 4335 libri
1443 4277 1844 4348 exemplaribus

228 4395 412 4439 annos
447 4395 536 4446 vt,
569 4393 810 4434 mensem
843 4393 892 4440 I,
916 4375 1033 4430 dies
1061 4390 1115 4429 ιιι
1143 4417 1157 4441 ,
1189 4375 1241 4428 in
1257 4373 1378 4427 aliis
1408 4386 1583 4426 annos
1610 4387 1666 4438 ιι,
1687 4385 1842 4424 men-

229 4488 355 4531 sem
386 4489 423 4536 t,
459 4471 577 4526 dies
609 4486 740 4535 xxv,
766 4468 975 4524 sedisse
1006 4467 1226 4522 dicitur.
1261 4468 1394 4520 Eum
1424 4463 1685 4518 Eusebius
1727 4461 1844 4515 Cae-

229 4565 505 4623 sariensis
535 4563 824 4634 episcopus
871 4563 926 4615 in
973 4560 1248 4615 Chronico
1303 4567 1512 4627 septem
1565 4555 1843 4611 mensibus

231 4657 546 4717 Ecclesium
567 4655 976 4711 administrasse
1001 4653 1211 4708 scribit.
1275 4652 1350 4706 De
1377 4650 1480 4705 boc
1526 4665 1662 4720 papa
1703 4648 1842 4703 istud

229 4762 448 4810 tantum
480 4750 532 4804 in
579 4747 918 4804 Bucberiano
961 4745 1207 4816 catalogo
1242 4743 1504 4798 habemus
1538 4760 1550 4797 :
1613 4761 1631 4793 ι
1667 4741 1840 4796 Euse-

225 4844 359 4900 bius
392 4856 608 4899 menses
636 4857 710 4907 tv,
737 4840 854 4893 dies
877 4853 994 4904 xw,
1047 4854 1077 4892 a
1128 4853 1217 4892 xtv
1263 4835 1531 4891 Kalendas
1567 4834 1730 4890 Maias
1776 4834 1842 4890 ad

225 4951 323 4991 ιη
361 4932 638 4989 Kalendas
686 4930 1048 5002 Septembris.
1083 4950 1100 4981 ι
1162 4930 1216 4982 1η
1266 4943 1372 5000 quo
1402 4928 1502 4982 sibi
1530 4943 1632 4982 non
1664 4926 1844 4981 cohae-

225 5039 322 5087 ret
369 5029 480 5085 iste
508 5027 806 5098 catalogus,
833 5040 957 5082 eum
987 5039 1017 5078 a
1049 5039 1144 5078 xiv
1172 5022 1442 5077 Kalendas
1469 5021 1632 5076 Maias
1660 5021 1725 5076 ad
1754 5036 1842 5075 xvi

222 5125 511 5185 Kalendas
541 5125 891 5195 Septembres
917 5131 1152 5194 quatuor
1173 5122 1455 5177 dumtaxat
1485 5137 1704 5178 menses
1733 5137 1843 5178 uno

223 5221 322 5277 die
351 5219 537 5274 minus
594 5216 1009 5286 interjieiautur.
1042 5215 1126 5270 Ab
1177 5229 1244 5268 eo
1267 5215 1428 5269 etiam
1471 5215 1700 5291 dissidet
1740 5216 1844 5270 Bu-

220 5311 531 5371 cberianus
559 5308 918 5380 depositionis
945 5307 1312 5362 Romanorum
1340 5307 1652 5377 pontiﬁcum
1697 5317 1843 5363 cala-

221 5409 414 5478 logus.
445 5406 500 5460 in
527 5418 638 5475 quo
660 5404 854 5474 legitur
881 5423 895 5458 :
926 5422 944 5454 ι
974 5419 1024 5457 \‘I
1065 5401 1331 5457 Kalendas
1358 5400 1608 5457 Octobris
1625 5401 1840 5457 Eusebii

1871 4091 1917 4156 C
1951 4092 2263 4157 librarium,
2310 4094 2401 4164 qui
2445 4093 2841 4149 Bucherianum
2887 4093 3187 4164 catalogum
3229 4090 3547 4162 descripsit,

1950 4202 2050 4257 pro
2082 4205 2101 4238 ι
2138 4202 2188 4240 Vl
2219 4185 2339 4242 Kal.
2369 4187 2626 4242 Octobris
2659 4206 2679 4240 ι
2735 4203 2831 4258 per
2877 4187 3218 4242 oscitantiam
3268 4185 3552 4256 scripsisse

1954 4301 1972 4331 ι
2014 4296 2102 4335 xv:
2135 4280 2251 4334 Kal.
2271 4281 2626 4351 Septembris,
2663 4301 2682 4334 ι
2712 4281 2889 4335 addita
2916 4280 3166 4335 videlicet
3195 4278 3266 4334 de
3293 4294 3392 4334 suo
3421 4287 3545 4333 uota

1948 4375 2220 4430 numerica
2249 4391 2282 4428 x
2307 4384 2360 4430 et
2392 4393 2410 4424 ‹
2437 4375 2794 4445 Septembris,
2833 4394 2852 4427 ι
2890 4383 2950 4428 ιιι
2978 4373 3141 4429 vicini
3167 4374 3370 4429 mensis
3390 4386 3550 4428 voca-

1946 4467 2093 4533 bulo,
2126 4467 2268 4538 quod
2297 4468 2566 4524 interdum
2598 4468 2816 4533 accidit,
2852 4488 2872 4521 ‹
2905 4467 3156 4524 Octobris
3191 4487 3211 4521 ι
3248 4468 3370 4522 loco
3416 4467 3544 4522 sub-

1947 4560 2155 4614 stituto.
2185 4559 2449 4626 Quocirca
2473 4559 2662 4615 doctus
2674 4559 3055 4616 Tillemontius
3071 4559 3289 4615 laudato
3308 4560 3395 4614 ind
3405 4558 3549 4615 iculo

1946 4652 2176 4722 aliisque
2203 4653 2550 4707 monimentis
2595 4652 2773 4708 eidem
2823 4651 3244 4723 suffragantibus
3296 4650 3546 4706 standum

1946 4745 2284 4811 existimans,
2315 4761 2378 4800 ac
2407 4761 2626 4802 menses
2651 4758 2886 4817 quatuor
2911 4757 2966 4802 et
2990 4747 3263 4801 sexdecim
3293 4745 3428 4809 dies,
3455 4746 3548 4815 qui

1946 4839 2286 4894 Bucberiano
2326 4841 2378 4894 in
2423 4840 2669 4911 catalogo
2712 4841 2926 4917 Eusebii
2962 4840 3290 4911 pontilicatui
3338 4839 3544 4895 adscri-

1948 4932 2166 4998 buntur,
2196 4932 2456 4997 retinens,
2492 4932 2632 4987 lumc
2657 4947 2847 5003 papam
2872 4950 2907 4988 x
2937 4933 3059 4988 Maii
3085 4933 3194 4998 die,
3238 4933 3365 4988 anni
3413 4932 3540 5000 510,

1945 5034 2209 5091 creatum,
2237 5033 2292 5080 et
2334 5024 2523 5080 eodem
2551 5040 2696 5080 anno
2723 5043 2847 5082 xxvr
2877 5027 3210 5096 Septembris
3239 5027 3327 5082 die
3354 5027 3421 5083 ad
3463 5028 3545 5082 vi-

1946 5127 2055 5173 tam
2087 5117 2364 5172 meliorem
2394 5118 2888 5189 migrassejcenset.
2923 5120 3065 5175 Sane
3093 5120 3410 5192 chronologi
3453 5137 3544 5192 pe-

1945 5215 2160 5270 ritiores
2190 5214 2479 5271 Eusebium
2525 5218 2741 5272 nonnisi
2769 5233 2914 5272 anno
2941 5220 3045 5274 510
3078 5220 3317 5290 regimen
3363 5221 3547 5276 Eccle-

1945 5307 2040 5362 siae
2069 5308 2394 5376 suscepisse,
2422 5319 2582 5379 atque
2603 5316 2729 5364 ante
2759 5308 3095 5378 Septembris
3120 5312 3320 5367 exitum
3345 5312 3548 5366 obiisse

1944 5400 2306 5454 consentiunt.
2335 5399 2489 5456 Unde
2505 5401 2644 5456 hunc
2677 5417 2865 5472 papam
2886 5403 3032 5458 nullo
3053 5404 3331 5459 Decembri
3358 5421 3546 5462 mense

219 5501 280 5558 in
311 5497 550 5555 Callisti.
583 5517 603 5549 ι
637 5495 795 5552 Unde
827 5495 1118 5551 Eusebium
1149 5495 1489 5566 Septembris
1520 5511 1642 5550 xxvi
1672 5495 1760 5549 die
1786 5496 1837 5550 in
1868 5491 1922 5551 D
1949 5492 2147 5547 vixisse
2171 5494 2472 5549 conficitur.
2500 5495 2629 5563 Qum
2661 5495 2821 5565 igitur
2852 5495 3098 5552 habenda
3129 5498 3261 5552 fides
3282 5513 3376 5553 seu
3431 5498 3547 5553 Bol-

218 5591 444 5648 Callisti
471 5589 788 5645 cmmeterio
816 5587 1121 5658 depositum
1145 5588 1314 5644 fuisse
1329 5589 1606 5644 discimus.
1628 5588 1692 5642 Et
1712 5589 1837 5644 huic

217 5683 454 5757 quidem
479 5682 719 5738 indiculo
739 5681 1124 5753 martyrologia
1181 5689 1366 5737 vetera
1401 5691 1455 5738 et
1482 5682 1661 5751 plures
1713 5681 1836 5736 libri

221 5768 569 5842 pontiﬁcalis
589 5768 808 5831 codices
829 5769 1209 5840 suffragantur.
1240 5769 1418 5839 Quare
1470 5768 1702 5843 suspicio
1755 5779 1837 5828 est

1951 5585 2208 5640 landiano
2236 5587 2707 5657 librifpontilicalis
2739 5589 2935 5658 codici,
2959 5591 3010 5645 in
3057 5605 3166 5660 quo
3195 5602 3303 5644 tres
3329 5591 3377 5646 ei
3411 5591 3550 5647 ordi-

1948 5679 2193 5733 nationes
2215 5693 2312 5750 per
2337 5691 2579 5733 mensem
2631 5679 2980 5738 Decembrem
3020 5681 3408 5750 attribuuntur,
3449 5695 3544 5740 seu

1947 5767 2054 5828 alii.
2089 5770 2140 5824 in
2166 5769 2356 5840 quibus
2387 5779 2544 5826 unam
2571 5773 2760 5828 colem
2792 5787 2978 5831 mense
3025 5771 3218 5832 fecisse
3262 5771 3544 5832 narratur?
