4104 6368
513 250 585 307 27
1506 262 1591 318 DE
1628 260 1982 322 EPISTOLiS
2022 265 2314 327 EUSEBIO
2358 266 2788 330 ADSCRIPTIS.
3742 279 3817 335 28

518 370 551 442 ἃ
578 370 642 427 ll.
670 371 829 429 -—-ln
858 389 956 446 quo
990 375 1250 447 uulgatum
1284 378 1353 432 de
1381 376 1442 432 S.
1474 376 1693 434 Eusebio
1714 396 1916 436 carmen
1944 384 2111 454 empti.
2138 385 2186 446 Α
2216 386 2297 440 tit.
2330 387 2394 453 5,
2428 386 2544 459 lege
2572 386 2667 456 56,
2703 398 2811 444 tum
2842 387 3062 448 Novella
3104 392 3228 461 125,
3257 408 3375 467 cap.
3411 394 3503 466 59,
3534 409 3745 452 necnon
3791 410 3826 451 a

1235 481 1399 527 θεων.

892 597 1197 645 mensum
1229 586 1308 661 (1)
1335 602 1403 643 DE
1428 602 1477 644 s.
1500 602 1742 645 sesamo.

588 677 849 745 ﬁer-ullus
871 679 943 743 (2)
967 681 1128 745 vetuit
1147 678 1312 745 lapsos
1334 689 1534 743 peccata
1556 680 1761 745 dolere;

586 742 834 795 Eusebius
849 745 1060 797 miseros
1077 742 1247 793 docuit
1266 742 1354 795 sua
1382 745 1585 797 crimina
1610 742 1755 796 ﬂere.

591 802 837 872 §ciudit_ur
857 806 907 855 in
930 813 1098 872 partes
1123 802 1798 872 poguliisgliscentefurore,

588 866 747 918 Sedet
770 866 876 917 loca
896 863 1157 934 edesﬂeg'.
1188 863 1403 932 Seditio,
1431 868 1615 935 caedes)
1634 863 1840 938 bellum,
1865 869 2123 938 discordia,

590 988 832 1065 gremplo
851 992 923 1056 (5)
950 991 1722 1065 pariterpulsiferitatejyranm’
1906 933 2065 1002 (lites.

593 1052 800 1127 ξενωθξὲ
820 1052 1026 1127 αὐτῇ-μ)
1050 1052 1212 1127 rector
1234 1068 1469 1127 servaret
1478 1052 1675 1127 uidere
1699 1052 1854 1127 pacis,

591 1117 1034 1185 Pet-uilitgsilitun
1052 1123 1255 1185 (supino
1273 1124 1368 1172 iith
1386 1122 1553 1185 judice
1578 1117 1720 1176 laturi

592 1176 784 1231 Littore
807 1179 1057 1235 Trinacrio
1082 1182 1155 1248 (5)
1183 1176 1414 1239 mundum
1437 1190 1684 1254 vitamque
1705 1190 1926 1255 reliquit.

529 1284 564 1359 5
587 1286 832 1345 ιιι-οε
855 1290 1085 1363 epistolis
1108 1308 1171 1346 ac
1191 1292 1407 1350 decretis
1424 1293 1652 1351 Eusebio
1665 1313 1819 1367 papa
1833 1296 2131 1367 adscriptis.

607 1402 664 1457 1.
692 1400 831 1458 Tres
852 1403 1112 1475 epistolas
1130 1413 1316 1476 aperte
1335 1405 1523 1475 falsas,
1554 1417 1609 1464 et
1633 1408 1700 1465 ab
1744 1410 1949 1467 lsidoro
1992 1411 2135 1467 Mer-

536 1501 722 1551 catore
740 1493 959 1551 Eusebii
988 1496 1209 1553 nomine
1232 1498 1512 1565 conﬁctas,
1530 1515 1653 1557 cum
1680 1502 1893 1557 eiuteris
1912 1502 1965 1558 in
1988 1503 2138 1573 ejus-

539 1586 665 1644 dem
691 1588 906 1645 ofﬁcina
927 1592 1092 1659 ensis,
1119 1592 1232 1648 Deo
1261 1592 1447 1662 dante,
1474 1593 1615 1651 forte
1642 1596 1769 1652 alibi
1791 1596 2038 1654 edemus.

2218 478 2475 551 Gregorio
2501 481 2687 538 lndict.
2715 499 2805 551 xv,
2836 485 2994 554 epist.
3020 483 3108 552 20,
3140 485 3206 541 ad
3240 487 3517 544 Fortunat.
3564 497 3618 545 et
3645 486 3817 562 Cypr.

2218 576 2561 645 approbatur.

2294 674 2345 729 5.
2391 675 2711 743 Secundum,
2754 697 2773 729 ς
2807 675 3065 737 Consulto
3115 680 3352 737 omnium
3409 681 3719 747 statuimus,
3767 687 3831 737 ut

2224 768 2543 824 sacriﬁcium
2576 769 2759 825 altaris
2784 786 2889 831 non
2939 772 2993 828 in
3037 772 3213 829 serico
3254 788 3471 846 panno,
3524 782 3617 828 aut
3661 773 3835 831 tincto

2227 863 2507 935 quisquam
2552 864 2828 925 celebrare
2862 875 3171 937 praesumat,
3202 881 3331 935 etc.,
3371 885 3389 919 ι
3437 865 3577 936 apud
3620 864 3839 924 Gratia-

2229 970 2378 1024 num,
2402 959 2468 1013 de
2488 958 2916 1015 Consecratione
2942 960 3068 1016 dist.
3105 976 3143 1026 ι,
3160 975 3277 1030 cap.
3304 959 3399 1025 46,
3425 958 3646 1017 Eusebii
3670 958 3840 1017 simul

2229 1060 2283 1106 et
2312 1050 2585 1122 Silveslri;
2637 1050 2776 1124 apud
2828 1052 3073 1122 lvonem,
3122 1070 3237 1124 par.
3273 1071 3368 1120 vn,
3396 1070 3449 1111 c.
3486 1054 3577 1122 i0,
3611 1064 3667 1110 et
3697 1055 3841 1110 Bur—

2232 1143 2507 1209 chardum,
2560 1143 2655 1200 lib.
2704 1163 2784 1211 Ill,
2834 1162 2954 1221 cap.
3001 1147 3092 1217 99,
3146 1148 3303 1202 unius
3342 1146 3602 1216 Eusebii;
3650 1164 3715 1204 ac
3743 1148 3845 1204 de-

2234 1250 2379 1291 mum
2411 1236 2551 1307 apud
2576 1236 2913 1304 Anselmutn,
2936 1238 3029 1297 lib.
3082 1256 3162 1306 ιχ,
3195 1254 3313 1309 cap.
3343 1242 3399 1305 2,
3441 1239 3599 1295 unius
3631 1241 3846 1296 Silves-

2235 1331 2303 1387 tri
2358 1346 2468 1402 prze
2520 1347 2580 1388 se
2668 1331 2770 1387 fert
2845 1348 3061 1390 nomen.
3121 1332 3197 1389 Ex
3250 1333 3417 1406 gestis
3484 1344 3666 1391 autem
3734 1333 3849 1392 Sil-

2237 1426 2398 1481 vestri
2433 1425 2570 1481 libro
2586 1424 2886 1481 Pontificali
2936 1425 3173 1495 insertis,
3207 1441 3331 1497 qua:
3354 1425 3624 1495 Labbeus,
3662 1436 3800 1483 tom.
3831 1442 3851 1485 ι

2235 1515 2469 1583 Concil.,
2504 1533 2622 1591 pag.
2657 1517 2817 1586 1542,
2848 1515 3032 1585 edidit,
3064 1526 3375 1591 excerptum
3408 1529 3510 1573 est.

2309 1602 2363 1673 ι.
2392 1617 2652 1685 Tertium,
2690 1636 2708 1670 ‹
2740 1617 2950 1689 Jejunia
2993 1619 3044 1673 in
3100 1618 3338 1675 Ecclesia
3389 1635 3418 1675 a
3465 1620 3850 1685 sacerdotibus

611 1682 668 1738 2.
700 1683 971 1740 Praterea
1002 1687 1057 1740 in
1105 1684 1431 1744 editiouibus
1478 1688 1840 1745 Concitiorum
1908 1700 2139 1761 quatuor

2256 1711 2530 1766 :onstituta
2555 1710 2671 1765 sine
2702 1713 3024 1766 necessitate
3051 1708 3353 1766 rationabili
3371 1725 3476 1766 non
3504 1710 3847 1776 solvantur,»

536 1779 995 1835 cimmieruntur
1018 1780 1236 1837 decreta
1264 1796 1296 1837 e
1323 1783 1484 1837 variis
1506 1797 1773 1839 canonum
1801 1784 2138 1840 collectioni-

2256 1820 2307 1860 ξι
2336 1804 2591 1861 Gratiano
2619 1804 2687 1860 de
2716 1802 2975 1860 Consecr.
3003 1802 3126 1859 dist.
3162 1802 3214 1871 5,
3255 1819 3305 1859 c.
3347 1804 3438 1869 17,
3486 1802 3852 1876 descriptum,

539 1871 664 1939 bus,
689 1871 747 1925 il
770 1871 963 1941 quibus
988 1871 1205 1929 Eusebii
1222 1872 1439 1929 nomine
1470 1874 1861 1945 insigniuntur,
1885 1876 2136 1932 collecta.

540 1962 746 2020 Horum
775 1965 1037 2035 primum,
1073 1984 1092 2018 ι
1134 1967 1520 2038 Desponsatam
1548 1970 1785 2040 puellam
1824 1971 2141 2041 parentibus

544 2071 651 2113 non
678 2057 808 2115 licet
836 2058 924 2114 alii
953 2060 1067 2114 viro
1089 2060 1338 2127 tradere;
1370 2062 1493 2118 licet
1517 2073 1694 2119 tamen
1744 2065 2135 2121 monasterium

540 2149 648 2206 sibi
671 2150 895 2221 eligere,
932 2169 953 2204 ο
987 2153 1129 2223 quod
1148 2151 1441 2209 Gratianus
1468 2153 1560 2221 I7,
1591 2166 1784 2226 quaest.
1812 2156 1872 2223 2,
1905 2157 2138 2228 cap,27,

543 2242 639 2300 Ινο
658 2258 714 2315 p.
735 2246 794 2313 ti,
820 2260 873 2301 c.
904 2245 1329 2312 40;Bucbardus
1354 2247 1451 2303 lib.
1479 2263 1594 2314 vm,
1640 2264 1759 2318 cap.
1805 2250 1861 2316 ι,
1906 2249 2144 2307 Eusebio

542 2340 881 2409 adscribunt,
908 2350 995 2396 est
1016 2339 1407 2397 Pmniteutialis
1430 2341 1704 2398 Theodori
1734 2340 2143 2400 Cantuariensis

544 2434 787 2505 episcopi
811 2432 954 2505 apud
983 2433 1212 2490 Petitum
1235 2474 1250 2503 ,
1277 2443 1412 2489 tom.
1445 2450 1500 2502 ι,
1532 2452 1586 2507 p.
1621 2436 1710 2502 12,
1736 2450 1858 2509 cap.
1895 2439 1981 2503 ll,
2017 2438 2143 2494 subs

547 2527 673 2583 inde
702 2527 798 2583 lib.
818 2543 874 2583 vr
901 2527 1311 2600 Cupitularium,
1338 2543 1462 2599 cap.
1489 2528 1579 2596 92,
1604 2530 1867 2585 insertum
1910 2529 1995 2585 his
2030 2546 2147 2587 ver-

548 2620 668 2676 bis:
729 2640 749 2673 ‹
778 2621 1018 2677 Puellam
1067 2619 1453 2692 desponsatam
1494 2638 1599 2677 non
1648 2623 1779 2679 licet
1832 2624 2146 2695 parentibus

548 2712 854 2770 daroalten'
872 2715 992 2769 viro
1020 2731 1035 2769 :
1068 2723 1253 2770 tamen
1282 2713 1351 2769 ad
1382 2715 1769 2770 monasterium
1808 2716 1937 2772 tice!
1978 2716 2058 2772 ire
2098 2716 2147 2772 si

550 2806 804 2863 voluerit.
840 2824 863 2860 ο
916 2806 1043 2863 llzec
1081 2817 1261 2863 autem
1314 2818 1588 2879 postrema
1618 2822 1743 2878 pars
1785 2807 1854 2864 de
1880 2817 2148 2878 potestate

548 2899 766 2972 petendi
781 2900 1193 2968 monasterium,
1222 2899 1508 2957 Justiniani
1526 2902 1657 2973 imp.
1680 2916 1803 2956 cum
1831 2899 1965 2956 Cod.
1994 2902 2087 2956 lib.
2105 2918 2148 2972 ι,

627 3034 705 3113 (1)
733 3034 881 3113 Istud
908 3036 1259 3113 epigramma,
1293 3053 1389 3113 seu
1416 3036 1771 3113 epitaphium,
1803 3037 2069 3113 Baronins
2097 3040 2147 3096 in

555 3109 845 3165 noviSSima
869 3109 1104 3164 editione
1129 3111 1506 3180 Antuerpiensi
1526 3111 1591 3162 ad
1620 3125 1817 3164 annum
1848 3110 1973 3177 557,
1999 3127 2145 3166 num.

557 3183 647 3244 57,
673 3197 775 3252 non
808 3181 925 3235 sine
955 3183 1315 3252 cunctatione,
1342 3181 1406 3235 ad
1434 3181 1721 3252 Eusebium
1750 3182 2146 3252 presbyterum,

555 3253 648 3322 qui
678 3251 891 3306 Liberio
914 3251 1162 3322 pontiﬁce
1183 3254 1345 3307 vitam
1371 3251 1527 3314 tiniit,
1563 3251 1746 3307 refert.
1782 3250 1928 3307 Illud
1970 3254 2149 3321 potius

556 3322 622 3377 ad
650 3322 943 3378 Eusebium
968 3338 1162 3392 papam
1212 3324 1442 3378 attinere
1489 3322 1696 3389 iudicat
1736 3322 2145 3383 Tiilemontius.

558 3393 1001 3464 ejusquejudicio
1030 3396 1171 3449 ultro
1200 3394 1609 3449 subscribimus.
1654 3393 1762 3449 Nec
1807 3396 1999 3449 mirum
2047 3405 2149 3463 est,

559 3465 778 3536 dignum
796 3465 1035 3537 Marcelli
1065 3480 1433 3521 successorem
1463 3480 1583 3522 eam
1617 3466 1871 3537 Ecclesia:
1905 3466 2149 3537 discipli-

560 3552 705 3602 nam,
756 3536 826 3591 ob
850 3537 1004 3607 cujus
1057 3537 1429 3599 defensionem
1477 3548 1706 3607 sanctus
1760 3536 1854 3593 illo
1896 3536 2156 3595 om»

560 3608 721 3663 exilio
752 3604 1038 3679 mulctatus
1068 3607 1263 3677 fuerat,
1288 3610 1490 3665 acriter
1512 3604 1840 3674 vindicasse,
1884 3618 2061 3679 eaque
2082 3608 2156 3667 dt

559 3693 743 3743 causa,
776 3681 967 3735 eodem
1003 3675 1203 3735 Christi
1234 3675 1477 3750 apostata
1535 3681 1788 3746 instante,
1845 3681 1912 3735 ab
1962 3675 2155 3735 eodem

562 3761 811 3822 tyranno
845 3750 1089 3806 eamdem
1138 3766 1351 3820 poenam
1400 3751 1648 3806 subiisse.
1695 3750 1960 3816 Quocirca
1991 3753 2156 3806 etiam

561 3820 679 3891 ipse
725 3820 817 3891 qui
867 3824 1115 3891 superius
1183 3822 1251 3876 de
1295 3822 1351 3878 S.
1413 3822 1666 3876 Marcello
1719 3836 1937 3875 carmen
1998 3821 2159 3878 ador-

562 3893 708 3948 navit
722 3894 1003 3962 Damasus,
1020 3897 1180 3952 etiam
1197 3894 1338 3949 istud
1359 3894 1712 3949 concinnasse
1733 3891 1875 3946 haud
1888 3893 2159 3949 innuerim

563 3976 869 4022 censeatur.

638 4042 717 4115 (2)
741 4042 837 4099 Hic
866 4059 1062 4100 nomen
1074 4043 1301 4114 exprimi
1326 4036 1984 4115 videturapostatazillius,
2000 4053 2159 4115 quem

564 4107 802 4186 in
846 4117 1123 4175 Christum
1138 4107 1379 4188 "negasse
1416 4112 1663 4188 superius
1708 4110 1779 4165 de
1809 4109 1867 4163 S.
1904 4107 2162 4188 Marcello

565 4178 786 4244 carmen
817 4199 1101 4244 memorat.
1133 4178 1360 4244 Nomine
1408 4178 1590 4238 auttm
1638 4178 1910 4253 lapsorum
1951 4180 1987 4253 ii
2032 4191 2160 4239 tunc

564 4259 728 4329 vulgo
766 4260 1208 4333 designabantur,
1241 4258 1329 4333 qui
1360 4256 1627 4333 idolorum
1656 4251 1712 4305 se
1734 4251 2014 4333 sacrificiis
2038 4268 2163 4333 con-

564 4323 918 4395 taminat-ant:
950 4334 1034 4389 vet
1077 4333 1135 4386 in
1173 4323 1416 4403 quodvis
1454 4333 1793 4403 incurrerant
1844 4323 2162 4403 idololatrias

566 4405 768 4475 scelus,
796 4415 857 4460 ut
882 4404 1136 4475 Cypriani
1182 4396 1320 4475 opus
1371 4397 1695 4475 simpliciter
1748 4397 2065 4466 inscriptum
2098 4396 2166 4451 de

567 4470 1019 4550 Lapsigejnsque
1045 4470 1284 4545 epistolae
1316 4472 1511 4550 passim
1544 4470 1792 4550 probaui.
1920 4539 1934 4549 .
2064 4538 2075 4550 .

645 4497 646 4500 η
684 4494 774 4545 us,
796 4494 1019 4546 ejusque
1045 4494 1284 4545 eptswne
1316 4494 1511 4543 passim
1544 4494 1790 4541 prunam.

645 4494 724 4621 (5)
754 4547 855 4621 Hic
879 4555 1206 4621 memoratur
1235 4543 1541 4621 exemplum
1562 4538 1818 4621 Marcelli,
1847 4539 1936 4621 qui
1966 4538 2165 4609 pariter

566 4635 600 4676 ε
629 4612 896 4693 biaxentio
920 4629 1150 4690 tyranno
1172 4620 1231 4693 in
1254 4612 1477 4693 exilium
1504 4614 1691 4693 pulsus
1714 4612 1910 4665 fuerat.
1967 4682 1996 4693 Α

640 4690 722 4766 (4)
753 4681 984 4747 θείηιώ
1004 4691 1218 4766 rectoris
1244 4690 1464 4766 mittiue
1504 4681 1806 4766 ﬁgmentum
1850 4681 2160 4765 pontificem

569 4756 810 4825 indicare
838 4778 997 4834 quam
1023 4761 1285 4820 familiare
1304 4760 1488 4834 fuerit,
1503 4756 1739 4834 Milesius
1754 4756 2087 4834 Sarazanius
2107 4756 2161 4810 in

572 4836 707 4892 illud
734 4825 1028 4907 superioris
1058 4832 1479 4907 epigrammatis,
1522 4827 1998 4907 Veridicus_rector,
2038 4825 2162 4907 piu-

572 4873 1388 4981 ἓὲῐέἴε⁹ἕχνέςίιίζῐίζά”ρ¹ἶὲτ¹⁵όὲἐὶῖιηι.
1418 4873 1548 4959 Ideo
1575 4910 1757 4981 autem
1777 4873 2162 4981 ξξιιξρυίίιετίηε

575 4989 723 5050 tegra
751 4979 899 5050 pacis
911 4970 1130 5053 :i'mdera
1158 4988 1547 5053 scrvareuuuc
1592 4970 2163 5053 velieudieiturhquip

574 5041 771 5122 pabem-
793 5049 954 5120 lapsis
976 5051 1280 5109 concedere
1307 5045 1696 5122 Mlebat._nisi
1726 5043 1803 5122 iis
1846 5041 2167 5122 conditioni-

577 5115 677 5179 bus
726 5115 919 5193 quibus
940 5138 1059 5180 eam
1087 5122 1317 5178 dandam
1373 5134 1495 5193 esse
1544 5115 1829 5193 Cornelius
1876 5128 1996 5168 cum
2053 5121 2165 5168 toto

577 5194 709 5248 orbe
727 5190 1058 5249 decreverat.
1083 5195 1343 5261 Quocirca
1364 5190 1805 5261 diciturimiscros
1820 5196 2042 5261 peccata
2068 5199 2165 5261 sua

578 5265 711 5321 ﬂere
736 5274 789 5320 et
816 5280 915 5334 per
933 5254 1127 5338 dignos
1170 5264 1503 5338 pmuitcngim
1552 5260 1761 5338 fructus
1798 5254 2006 5331 diluere
2058 5254 2165 5338 do-

576 5339 793 5403 nuisse;
817 5327 949 5391 cum
978 5327 1359 5393 contra-nollet
1391 5332 1670 5390 Heraciius
1696 5346 1790 5385 eos
1808 5327 2028 5403 peccata
2052 5327 2167 5403 do-

583 5410 714 5473 lere.
746 5400 841 5463 sed
874 5412 1054 5467 statim
1095 5407 1486 5482 prmtermiSs-is
1528 5400 2168 5482 pteniientimlaboribus

583 5423 714 5473 tere.
746 5423 841 5463 seu
874 5423 1054 5467 statim
1164 5423 1486 5464 mlerlltlssts
1529 5423 1857 5474 pwntteltuw
1896 5423 2167 5456 tauunuus

582 5494 767 5552 pacem
800 5484 1061 5552 recipere.
1090 5423 1291 5533 Eidem
1325 5475 1577 5552 loquendi
1599 5471 1806 5552 ratione
1845 5470 2167 5552 deﬂet_epi~

578 5544 821 5624 gramm?
842 5544 1207 5624 de'Marceilo,
1237 5548 1380 5624 quod
1400 5544 1676 5624 Vsotvuntur
1704 5546 1893 5624 {cedere
1919 5544 2091 5624 pacis:

654 5622 736 5695 (5)
764 5622 1027 5682 Videlicet
1053 5616 1325 5692 relegatus
1350 5623 1402 5697 in
1427 5618 1687 5697 Siciliam,
1707 5616 2097 5697 quaiStraboni
2116 5623 2172 5697 et

583 5685 757 5753 Pii-tio
781 5713 808 5749 a
842 5698 1015 5754 tribus
1035 5685 1443 5765 promontoriis,
1475 5692 1693 5765 [’eloro,
1717 5685 1966 5765 Pachyro
1994 5696 2048 5742 et
2075 5685 2171 5740 Li-

582 5768 778 5842 lybaeo,
800 5758 1073 5826 Trinacria
1088 5767 1227 5824 dicta
1248 5776 1348 5823 est.
1372 5764 1444 5842 lhi
1468 5760 1758 5842 Eusebium
1786 5758 2170 5842 vitafuuctum,

592 5828 661 5915 ad
674 5828 842 5907 ccelos
858 5844 1120 5925 migrasse
1140 5841 1311 5913 nostri
1333 5839 1731 5916 epigrammatis
1740 5833 1981 5921 conditor
1995 5828 2170 5909 docet.

2190 4568 2245 4629 D

2243 1894 2385 1954 etab
2416 1897 2599 1963 lvone,
2652 1913 2770 1967 par.
2807 1912 2876 1965 tv,
2927 1911 3049 1967 cap.
3102 1894 3193 1963 49,
3245 1910 3457 1952 necnon
3504 1895 3852 1965 Burchardo,

2243 1988 2337 2044 lib.
2367 2004 2479 2053 xm,
2510 2002 2628 2058 cap.
2664 1987 2751 2055 17,
2786 1987 2930 2042 velut
2952 2005 2970 2039 ι
2998 2003 3063 2043 ex
3094 1986 3252 2042 dictis
3279 1985 3496 2042 Eusebii
3529 2000 3851 2058 papac,cap.

2243 2080 2335 2147 10,
2364 2081 2610 2146 citatum,
2651 2097 2670 2131 ι
2707 2079 2758 2133 in
2781 2077 3077 2150 Capitulari
3111 2080 3163 2147 1,
3189 2077 3332 2149 quod
3354 2078 3547 2149 Steph.
3593 2078 3856 2138 Baluzius

2243 2173 2508 2247 Capitulis
2561 2174 2689 2231 anni
2739 2171 2865 2241 815,
2925 2188 3048 2246 pag.
3090 2172 3216 2238 5l7,
3251 2171 3498 2244 subjecit,
3532 2171 3859 2244 estcapitu-

2247 2268 2356 2329 lum
2379 2268 2469 2323 25.

2320 2372 2373 2428 5.
2401 2369 2695 2439 Quartum,
2724 2383 2756 2425 e
2786 2366 2973 2424 codice
3016 2367 3251 2439 quinque
3281 2364 3564 2432 librorum,
3595 2380 3721 2437 cap.
3754 2365 3855 2437 41,

2250 2465 2321 2520 ita
2353 2462 2623 2535 profertur
2656 2481 2667 2517 :
2702 2481 2720 2514 ί
2758 2460 2983 2532 Oportet
3008 2462 3319 2530 episcopum
3346 2458 3645 2515 moderatis
3673 2458 3857 2529 epulis

2248 2566 2563 2615 contentum
2596 2569 2739 2620 esse,
2774 2568 3011 2625 suosque
3036 2552 3293 2608 convivas
3334 2550 3401 2605 ad
3447 2550 3854 2607 comedendum

2249 2662 2305 2708 et
2331 2648 2622 2707 bibendum
2650 2664 2759 2704 non
2782 2662 2998 2720 urgere.
3028 2644 3436 2700 Removeantur
3468 2643 3536 2699 ab
3573 2644 3694 2714 ejus
3714 2658 3855 2698 con—

2251 2744 2395 2799 vivio
2427 2751 2621 2798 cuncta
2676 2736 3021 2813 turpitudinis
3066 2747 3428 2808 argumenta:
3478 2751 3585 2790 non
3641 2733 3855 2793 ludicra

2254 2837 2578 2911 Spectacula,
2595 2851 2701 2891 non
2714 2843 3079 2889 acroamatum
3100 2830 3429 2901 vaniloquia,
3449 2844 3556 2885 non
3578 2826 3857 2885 fatuorum

2255 2929 2616 3000 stultiloquia,
2656 2943 2763 2981 non
2808 2924 3116 2981 scurrilium
3159 2921 3517 2977 admittuntur
3554 2921 3854 2992 praestigia.

2255 3023 2452 3082 Adsint
2482 3021 2752 3096 peregrini
2780 3031 2833 3076 et
2862 3034 3127 3092 pauperes
3154 3028 3210 3075 et
3250 3017 3477 3085 debiles,
3528 3016 3618 3088 qui
3660 3016 3731 3073 de
3775 3030 3863 3075 sav

2255 3116 2513 3172 cerdotali
2539 3129 2722 3170 mensa
2748 3112 3022 3168 Christum
3061 3111 3468 3176 benedicentes,
3518 3110 3862 3166 benedictio-

2260 3225 2379 3264 nem
2410 3207 2728 3278 percipiant.
2755 3205 3033 3259 Recitetur
3062 3218 3216 3258 sacra
3265 3202 3448 3267 lectio,
3489 3200 3863 3271 subsequatur

2260 3305 2398 3357 viva:
2430 3302 2575 3356 vocis
2597 3296 2907 3355 exhortatio
2938 3313 2952 3350 :
2978 3307 3041 3350 ut
3053 3311 3162 3350 non
3182 3302 3391 3349 tantum
3404 3292 3682 3362 corporali
3705 3293 3861 3362 cibo,

2258 3398 2423 3452 immo
2449 3394 2592 3451 verbi
2617 3392 2872 3464 Spiritalis
2896 3391 3152 3446 alimento
3170 3390 3519 3445 convivantes
3541 3402 3598 3442 se
3621 3388 3866 3443 refectos

2257 3490 2620 3563 gratulentur,
2670 3497 2725 3542 ut
2770 3485 2822 3541 in
2857 3485 3109 3540 omnibus
3148 3482 3535 3539 honoriﬁcetur
3573 3483 3715 3536 Deus
3764 3497 3868 3552 per

2256 3585 2443 3643 Iesum
2468 3581 2747 3640 Christum
2778 3580 3068 3637 Dominum
3095 3588 3363 3633 nostrum.
3404 3588 3425 3631 ι
3462 3576 3610 3633 Idem
3640 3591 3875 3648 quoque

2260 3678 2377 3743 lvo,
2403 3692 2518 3748 par.
2544 3691 2729 3740 xm,c.
2752 3674 2843 3742 75,
2867 3671 3298 3736 etBurchardus,
3324 3670 3417 3726 lib.
3450 3686 3560 3738 XIV,
3596 3686 3645 3725 c.
3677 3672 3877 3737 4,vcl-

2262 3784 2319 3827 ut
2354 3792 2372 3824 ί
2394 3787 2460 3827 ex
2486 3769 2721 3826 decretis
2750 3767 2964 3823 Eusebii
2993 3808 3007 3834 ,
3036 3781 3156 3836 cap.
3184 3765 3250 3820 10
3286 3785 3305 3817 ι
3341 3764 3529 3819 citant.
3558 3762 3879 3834 Sapientis-

2257 3865 2457 3922 simum
2486 3861 2702 3932 quidem
2731 3869 2815 3915 est
2836 3860 3136 3925 decretum,
3169 3856 3408 3928 nihilque
3435 3856 3685 3927 prmcipit
3718 3856 3879 3926 quod

2265 3957 2500 4014 Eusebio
2528 3956 2779 4010 videatur
2813 3953 3090 4023 indignum
3125 3969 3137 4003 :
3172 3952 3265 4006 sed
3313 3951 3365 4005 id
3411 3951 3553 4021 quod
3587 3950 3876 4020 prohibet,

2265 4053 2317 4107 in
2349 4050 2491 4105 illius
2520 4059 2735 4104 mtatem
2766 4047 2987 4101 minime
3018 4044 3346 4100 arbitramur
3372 4042 3688 4099 convenire.
3713 4042 3884 4102 Tunc

2263 4160 2399 4215 opus
2428 4158 2534 4197 non
2556 4151 2692 4206 erat,
2726 4150 2784 4195 ut
2806 4139 2877 4195 ab
2898 4139 3278 4211 episcoporum
3305 4151 3492 4192 mensa
3519 4151 3617 4191 seu
3649 4146 3882 4207 specta-

2264 4237 2382 4292 cula
2412 4235 2641 4299 ludicra,
2675 4249 2769 4289 seu
2800 4233 3104 4288 scurrilium
3134 4228 3401 4301 praestigia
3427 4239 3879 4286 removerentur.

2266 4330 2530 4387 Ecclesiis
2563 4342 2673 4384 tum
2706 4328 2939 4383 maxime
2959 4332 3232 4397 praeerant
3257 4324 3294 4378 ii
3323 4323 3611 4391 antistites,
3636 4338 3887 4395 quorum

2268 4423 2547 4480 modeStize
2581 4421 2769 4477 laudes
2800 4420 2962 4476 etiam
3002 4417 3222 4489 gentilis
3251 4431 3314 4472 ac
3343 4416 3625 4487 religionis
3666 4426 3889 4475 nostra:

2270 4513 2614 4575 adversarius
2634 4514 2864 4585 scriptor
2888 4526 3088 4582 negare
3118 4525 3225 4566 non
3254 4509 3444 4578 valuit,
3496 4527 3515 4563 ‹
3546 4523 3687 4580 quos
3717 4527 3738 4562 ι
3790 4512 3891 4566 ni-

2271 4613 2465 4669 mirum
2493 4628 2512 4663 «
2552 4610 2784 4666 tenuitas
2815 4606 3010 4664 edendi
3036 4604 3366 4678 potandique
3394 4603 3740 4675 parcissime,
3794 4606 3892 4661 vi-

2269 4704 2392 4760 litas
2420 4704 2580 4759 etiam
2611 4700 3069 4763 indumentorum,
3094 4706 3149 4753 et
3169 4694 3455 4768 supercilia
3474 4696 3700 4751 humum
3722 4710 3895 4768 spec-

2270 4795 2436 4851 tantia
2468 4804 2724 4865 perpetuo
2766 4791 2971 4847 numini
3021 4790 3274 4859 verisque
3306 4789 3422 4860 ejus
3461 4788 3771 4846 cultoribus
3822 4801 3898 4849 ut

2271 4902 2435 4960 puros
2461 4885 2910 4944 commendabant
2934 4892 2990 4939 et
3017 4883 3371 4939 verecundos.
3410 4898 3431 4936 t
3464 4883 3541 4938 lta
3563 4898 3734 4955 porro
3770 4883 3855 4940 Da
3872 4916 3895 4929 -

2275 4982 2407 5037 masi
2438 4995 2554 5036 aevo
2579 4977 2900 5035 Ammianus
2924 4975 3287 5043 Marcellinus,
3332 4974 3427 5030 lib.
3464 4989 3632 5042 xxvu,
3667 4986 3791 5047 cap.
3824 4976 3896 5047 5,

2270 5077 2611 5149 loquebatur.
2637 5072 2902 5128 Prredicto
2931 5081 3111 5125 autem
3141 5068 3362 5125 decreto
3392 5067 3558 5126 aliine
3616 5076 3703 5125 est
3736 5070 3901 5141 quod

2271 5190 2416 5232 anno
2444 5173 2551 5229 815
2575 5169 2860 5229 concilium
2888 5165 3207 5222 Turonense
3231 5162 3300 5218 lll
3317 5204 3333 5231 ,
3364 5179 3484 5219 can.
3519 5163 3553 5219 5
3573 5164 3898 5221 constituit:

2279 5293 2298 5325 ‹
2339 5271 2671 5343 Episc0pnm
2703 5281 2808 5321 non
2832 5271 3086 5334 oportere
3116 5258 3352 5331 profusis
3396 5258 3717 5315 incumbere
3746 5274 3901 5316 con-

2274 5365 2431 5421 viviis
2463 5383 2475 5418 :
2506 5361 2600 5418 sed
2631 5372 2797 5430 parco
2838 5366 2893 5413 et
2921 5355 3202 5410 moderato
3225 5361 3515 5408 contentus
3541 5353 3612 5407 sit
3632 5352 3783 5419 cibo,
3819 5369 3905 5411 ne

2275 5459 2522 5516 videatur
2550 5452 2765 5510 Domini
2787 5449 2932 5506 abuti
2964 5445 3235 5503 sententia
3276 5444 3507 5501 dicentis
3560 5462 3575 5497 :
3626 5444 3907 5502 Attendite

2281 5570 2343 5608 ne
2370 5558 2645 5621 graventur
2669 5543 2825 5598 corda
2843 5549 3005 5595 vestra
3030 5540 3083 5592 in
3106 5538 3323 5610 crapula
3354 5548 3401 5592 et
3428 5538 3672 5594 ebrietate
3698 5536 3899 5611 (Luc.,

2281 5661 2397 5705 ut,
2421 5643 2537 5712 5i).
2568 5638 2633 5692 Et
2661 5633 2912 5708 quamdiu
2939 5629 3276 5698 convivatur,
3310 5628 3488 5701 potius
3522 5645 3674 5686 sacra
3724 5631 3905 5689 lcetio

2281 5748 2406 5795 ante
2439 5708 2681 5790 mensam
2707 5729 2823 5798 ejus
2852 5727 3127 5790 recitetur,
3158 5738 3320 5795 quam
3344 5723 3521 5779 otiosa
3570 5739 3599 5778 a
3634 5740 3907 5783 susurro~
4002 5776 4003 5787 χ

2293 5832 2450 5914 uibus
2472 5834 2732 5897 resonent
2758 5821 2939 5883 verba.
2982 5837 3001 5878 ι
3060 5816 3275 5884 Etcan.
3318 5816 3393 5879 ti:
3451 5836 3471 5875 ί
3508 5816 3793 5911 Peregrini
3838 5829 3910 5897 et
3990 5910 4003 5914 δ
4102 5834 4104 5867 ε
