4104 6368
3562 132 3594 148 χ

244 314 317 370 99
1151 312 1244 372 DE
1278 312 1597 374 Lll‘TERl-S
1636 314 1971 374 MAXENTll
2009 315 2390 376 MELCHIADI
2425 314 2651 378 DATIS.
3479 328 3551 384 50

246 443 517 505 pauperes
535 429 782 486 conviva
806 429 1330 502 sinteplscopomm,
1370 446 1492 488 cum
1515 432 1709 504 quibus
1724 446 1833 488 non
1861 436 1910 495 Α
1939 448 2073 498 mes.
2098 442 2227 503 ete.,
2259 452 2279 488 ι
2302 433 2445 507 quod
2462 435 2575 503 iro,
2601 450 2716 508 par.
2742 448 2815 502 tv,
2841 450 2893 493 c.
2916 437 3007 505 60,
3052 437 3300 510 proximo
3326 437 3548 497 decreto

247 524 423 581 solum
451 522 746 594 corporali,
798 524 895 579 sed
933 533 990 579 et
1025 525 1252 595 spiritali
1303 526 1615 582 reﬁciantur
1640 526 1783 582 cibo.
1820 543 1840 579 ι

253 617 389 674 Vide
412 625 471 673 et
496 616 783 673 concilim
809 616 1078 674 Remense
1107 633 1166 685 ιι,
1196 619 1389 675 eodem
1417 635 1559 675 anno
1579 619 1845 687 habitum,

248 723 370 766 can.
399 709 468 763 1⁸1
496 718 554 764 et
576 707 664 764 18.
692 706 847 764 Unde
869 720 926 764 et
950 719 1163 781 tempus
1190 710 1387 781 conjici
1414 719 1593 781 potest
1619 725 1727 783 quo
1754 712 1850 768 deo

252 810 464 857 cretum
498 799 734 856 Eusebio
754 800 1065 855 attributum
1095 801 1312 872 prodiit.

311 895 367 949 ϐ.
400 893 498 950 liis
530 893 695 965 adjici
732 894 995 965 potuisset
1038 896 1306 967 quintum,
1361 917 1382 950 ι
1413 898 1469 953 Si
1502 899 1744 955 evenerit
1773 897 1853 953 la—

1954 528 2194 600 subjicit,
2222 543 2284 584 ac
2309 528 2454 585 velut
2473 544 2538 585 ex
2570 529 2761 585 iisdem
2805 528 3027 587 Eusebii
3057 529 3313 601 decretis,
3339 546 3460 605 cap.
3487 533 3544 603 2,

1958 620 2159 676 laudat.
2190 620 2383 676 Verum
2404 622 2545 678 istud
2567 622 2928 692 Burcltardus,
2954 624 3048 679 lib.
3073 638 3189 693 xm,
3212 641 3333 697 cap.
3356 626 3443 697 18,
3466 640 3553 685 re-

1956 714 2059 770 fert
2084 723 2144 769 ut
2173 733 2191 766 ι
2220 729 2285 771 ex
2316 714 2551 772 decretis
2574 716 2775 773 Liberii
2804 732 2978 789 papm,
3010 733 3062 776 c.
3086 719 3123 775 2
3158 736 3181 774 ι
3209 719 3552 792 Exscrlptum

1956 817 2041 865 est
2061 815 2241 865 autem
2263 823 2329 864 ex
2352 808 2490 865 libro
2516 826 2531 864 ι
2561 809 2971 882 Capitularium,
3002 825 3122 884 cap.
3151 812 3277 869 118.

245 1003 3552 1034 WWW

343 1173 416 1238 ρ
545 1124 1373 1242 ειιιιατυε
1431 1129 2603 1306 mammonae
2679 1127 3250 1244 pun.

528 1478 558 1555 ς
584 1472 627 1534 l.
650 1508 724 1520 ——
751 1476 971 1545 Quando
1006 1487 1053 1534 et
1081 1478 1327 1552 quamdiu
1355 1477 1558 1534 sederit.

308 1636 363 1691 1.
393 1634 722 1691 Ieleltiades
738 1635 1080 1692 Becher-iano
1098 1638 1154 1691 in
1178 1636 1448 1707 catalogo,
1472 1636 1524 1691 in
1547 1650 1675 1705 quo,
1705 1643 1768 1690 ut
1788 1634 1841 1689 in

231 1730 511 1802 plerisque
520 1730 797 1786 veteribus
811 1731 1183 1797 monimentis,
1197 1730 1461 1787 Miltiades
1477 1739 1840 1802 nuncupatur,

231 1823 381 1879 Petri
396 1822 712 1878 cathedram
735 1823 973 1878 tenuisse
996 1823 1193 1879 dicitur
1225 1841 1245 1875 ι
1279 1838 1345 1879 ex
1375 1824 1461 1879 die
1487 1839 1536 1878 tu
1553 1822 1734 1879 Nonas
1753 1822 1844 1878 Juo

232 1914 338 1972 lias
356 1930 389 1970 ιι
407 1914 700 1973 consulatu
722 1913 1048 1973 Maximiano
1067 1914 1181 1971 Vlll
1198 1915 1340 1981 solo,
1368 1916 1513 1985 quod
1535 1914 1635 1970 fuit
1654 1929 1845 1973 mensa
1875 1889 1922 1949 Β

229 2007 545 2079 Septembri
570 2007 867 2073 Volusiano
890 2018 943 2067 et
971 2008 1166 2069 Rulino
1186 2049 1202 2075 ,
1234 2022 1402 2081 usque
1430 2007 1482 2065 in
1522 2022 1577 2061 ιιι
1608 2005 1732 2061 ldus
1759 2005 1849 2062 Ja-

230 2101 411 2156 nuarii
426 2100 721 2157 Volusiano
737 2100 1051 2156 etAnniano
1079 2099 1449 2155 consulibus.»
1472 2099 1601 2166 Quae
1623 2100 1847 2169 inscrip-

232 2198 308 2251 tio
334 2204 394 2252 ut
421 2194 778 2269 intelligatur,
811 2193 1207 2251 observandum
1232 2203 1314 2249 est
1338 2193 1719 2248 Maximianum
1743 2192 1853 2248 Ga-

233 2287 434 2343 lerium
459 2285 639 2345 solum
685 2285 753 2340 ab
776 2283 930 2340 initio
954 2286 1076 2340 anni
1101 2285 1201 2340 511
1235 2285 1301 2340 ad
1334 2299 1577 2339 mensem
1601 2285 1851 2355 Septem-

232 2378 388 2435 brem
438 2378 784 2434 consulatum
816 2378 1071 2450 gessisse,
1098 2376 1199 2433 hoc
1249 2389 1428 2433 autem
1474 2392 1660 2433 mense
1684 2376 1850 2432 Volu-

231 2473 449 2528 sianum
498 2470 716 2529 Rullum
739 2480 981 2531 creatum
1022 2485 1143 2527 esse
1168 2472 1469 2533 consulem.
1518 2470 1772 2541 adjuncto
1800 2469 1849 2525 ei

233 2563 447 2635 collega
491 2562 752 2629 Eusebio,
794 2564 950 2633 cujus
990 2577 1189 2618 nomen
1222 2561 1515 2633 aliquando
1561 2563 1851 2618 reticentes

234 2654 555 2726 antiquarii,
576 2657 733 2710 unius
758 2653 1035 2710 Volusiani
1060 2654 1169 2711 duo
1195 2657 1410 2711 nomina
1442 2655 1596 2726 quasi
1622 2655 1848 2711 duorum

233 2748 527 2803 consulum
563 2758 967 2819 expresserunt,
1002 2756 1056 2803 et
1091 2747 1286 2820 Ruﬁno
1329 2764 1423 2819 pro
1457 2747 1615 2818 Ilo/io
1653 2749 1852 2805 substi-

234 2848 484 2895 tuerunt.
509 2839 659 2894 llanc
678 2840 1096 2909 eXplicationem
1118 2853 1356 2895 nostram
1386 2841 1654 2896 illustrant
1676 2857 1738 2898 ac
1761 2842 1849 2897 llr-

236 2941 429 2988 mant:
464 2932 521 2988 1⁸
552 2932 821 2988 indiculus
856 2931 1234 3003 praefectorum
1279 2933 1436 2989 Urbis
1468 2935 1610 3005 apud
1640 2935 1853 2991 Boche-

236 3025 407 3092 rium,
429 3039 487 3095 p.
522 3024 656 3092 2‘58,
680 3025 733 3079 in
754 3039 866 3096 quo
891 3024 956 3079 ad
994 3041 1193 3080 annum
1221 3026 1329 3081 ’510
1355 3025 1582 3097 legimus
1607 3044 1620 3081 :
1651 3044 1671 3079 ι
1701 3043 1731 3080 v
1756 3026 1851 3082 ka—

236 3117 435 3174 lendas
487 3117 810 3174 Novembris
858 3117 1046 3173 lluiius
1096 3117 1420 3174 Volusianus
1472 3117 1533 3173 P.
1582 3118 1683 3176 υ.»
1736 3119 1849 3176 Hoc

233 3219 321 3265 est
340 3208 634 3281 praefectus
656 3209 815 3265 Urbis
842 3227 856 3263 :
895 3220 1006 3264 tum
1032 3210 1276 3280 proxime
1296 3211 1541 3283 sequitur
1561 3214 1625 3268 ad
1648 3229 1848 3268 annum

232 3307 369 3373 sit,
408 3325 426 3358 ι
460 3306 748 3372 Consules,
777 3321 913 3383 quos
929 3308 1195 3377 iusserint
1217 3308 1331 3363 on.
1355 3308 1463 3364 NN.
1490 3309 1733 3381 Augusti.
1764 3313 1845 3368 Ex
1873 3283 1919 3346 Ο

232 3414 431 3455 mense
456 3398 762 3469 Septembri
784 3397 984 3455 factum
1012 3410 1095 3455 est
1120 3401 1314 3457 Ruﬁno
1339 3412 1393 3459 et
1422 3403 1692 3475 Eusebio;
1732 3425 1752 3460 ι
1781 3406 1847 3459 2ο

230 3490 530 3546 Fastorum
582 3491 948 3547 consularium
995 3491 1360 3564 fragmentum
1407 3496 1547 3566 apud
1600 3497 1847 3555 eumdem

231 3582 593 3650 Eucherium,
624 3598 747 3654 pag.
786 3583 917 3646 250,
945 3583 999 3639 in
1033 3601 1139 3655 quo
1170 3601 1347 3641 annus
1370 3587 1471 3642 511
1499 3588 1577 3643 sic
1600 3588 1851 3661 designa-

229 3684 326 3731 tur
356 3693 371 3730 :
410 3693 430 3728 ι
458 3675 782 3734 Maximiano
811 3676 928 3734 Vlll
968 3679 1119 3746 solo;
1159 3699 1177 3732 ι
1210 3681 1338 3736 item
1368 3681 1491 3737 fasti
1526 3681 1849 3756 integriores

231 3769 596 3837 Bucberiani,
631 3787 753 3843 pag.
786 3771 873 3839 42,
923 3774 1013 3844 qui
1045 3773 1113 3829 ad
1143 3775 1394 3831 eumdem
1423 3791 1620 3831 annum
1650 3792 1762 3849 prte
1792 3790 1851 3835 se

231 3862 446 3931 ferunt,
480 3882 500 3917 ι
532 3863 666 3936 Imp.
698 3864 951 3921 Galerius
988 3866 1343 3924 Maximianus
1378 3869 1511 3937 Vlll,
1540 3871 1673 3942 Imp.
1707 3872 1849 3927 Lici-

231 3956 361 4009 nius
385 3971 512 4027 aug.
552 3974 573 4009 ›
609 3956 679 4011 al.
714 3974 735 4007 ι
764 3956 993 4011 Ruﬁnus
1021 3966 1078 4013 et
1104 3959 1404 4026 Eusebius;
1447 3981 1465 4013 ι
1512 3977 1574 4016 ac
1625 3963 1843 4017 demum

228 4048 380 4119 quod
404 4049 459 4103 in
487 4048 641 4103 fastis
671 4048 936 4104 ldacianis
964 4062 1314 4121 memoratur,
1348 4072 1365 4106 ι
1391 4053 1715 4109 Maximiano
1739 4055 1851 4111 VIII

228 4138 485 4194 consule.
496 4157 520 4193 ι
536 4140 631 4194 llis
643 4154 825 4196 conss.
838 4140 986 4212 quod
997 4152 1082 4197 est
1096 4142 1291 4199 καίειιο
1307 4154 1363 4199 et
1375 4144 1847 4211 Volusiano,diem

228 4231 457 4287 lunatis
476 4231 829 4290 Maximianus
850 4234 1053 4304 iunior.
1089 4255 1109 4289 ι
1135 4236 1402 4305 Quocirca
1423 4238 1711 4308 Miltiades,
1749 4256 1848 4299 seu

228 4324 588 4393 Melcbiades,
623 4342 765 4381 anno
792 4327 920 4393 511,
944 4328 1073 4383 Julii
1117 4346 1154 4385 ιι
1184 4331 1289 4396 die,
1339 4333 1429 4402 qui
1472 4334 1760 4390 secundum
1793 4336 1846 4392 in

230 4417 427 4474 feriam
459 4417 710 4485 cadebat,
740 4419 1048 4487 ordinatus,
1073 4437 1218 4477 anno
1252 4422 1381 4501 5M,
1410 4424 1649 4481 Januarii
1673 4427 1759 4483 die
1787 4444 1843 4496 ιι,

227 4509 483 4580 sepultus
553 4508 820 4567 dicendus
866 4521 968 4568 est.
1020 4513 1192 4586 ipsius
1247 4526 1426 4573 autem
1458 4535 1604 4575 mors
1634 4519 1848 4576 decimo

226 4600 478 4673 ejusdem
520 4604 726 4658 mensis
754 4603 841 4660 die
872 4604 925 4658 in
959 4605 1294 4662 llucberiano
1325 4609 1680 4680 depositionis
1731 4613 1845 4669 Ro-

1951 1473 2047 1530 des
2068 1474 2223 1530 annis
2253 1486 2341 1542 ιιι,
2373 1476 2653 1533 mensibus
2684 1491 2734 1531 vn
2757 1518 2771 1547 ,
2803 1473 2995 1532 diebus
3015 1490 3090 1542 ut,
3123 1492 3143 1530 ι
3188 1474 3397 1533 sedisse
3426 1478 3558 1535 dici—

1952 1575 2059 1638 tur,
2089 1580 2153 1623 ex
2194 1568 2451 1639 subjectis
2478 1568 2530 1624 in
2556 1567 2749 1625 eodem
2774 1569 3024 1640 catalogo
3053 1569 3367 1626 consulibus
3390 1571 3558 1627 corri~

1948 1659 2203 1729 gendum,
2235 1670 2288 1714 et
2312 1662 2470 1716 annis
2494 1674 2555 1728 ιι,
2589 1675 2688 1731 pro
2716 1660 2873 1715 annis
2912 1676 2967 1715 ιιι
3014 1660 3404 1717 restituendum
3436 1677 3560 1719 esse

1950 1752 2138 1823 liquet;
2168 1753 2323 1809 simul
2354 1753 2482 1808 etin
2509 1753 2654 1809 uotis
2675 1752 2971 1808 numericis
2989 1752 3365 1808 describendis
3391 1768 3552 1824 quam

1950 1847 2123 1903 facilis
2155 1848 2227 1902 sit
2255 1847 2599 1903 librariorum
2648 1848 2833 1918 lapsus
2868 1845 3339 1902 animadvertitur.
3371 1845 3558 1917 Neque

1953 1941 2132 1995 minus
2176 1938 2400 1995 evidens
2454 1948 2540 1996 est
2594 1938 2910 2005 Eusebium,
2960 1938 3348 2013 Hieronymum
3398 1948 3561 2011 atque

1952 2031 2279 2102 Prosperum
2315 2032 2372 2087 in
2405 2030 2714 2099 Chronicis,
2747 2030 2836 2086 ubi
2861 2040 2976 2086 tres
2998 2028 3345 2101 pontiﬁcatus
3382 2044 3558 2088 annos

1950 2124 2231 2181 Melcliiadl
2255 2126 2575 2193 attribuunt,
2606 2124 2676 2182 de
2698 2124 2910 2180 duobus
2928 2122 3217 2195 completis
3259 2131 3318 2180 et
3340 2138 3449 2179 uno
3477 2123 3562 2179 in-

1950 2221 2145 2276 choato
2188 2220 2356 2291 loqui.
2400 2219 2528 2276 [nde
2573 2227 2833 2290 prseterea
2881 2217 3192 2283 conﬁcitur,
3239 2217 3310 2273 ab
3338 2216 3559 2273 Eusebii

1951 2322 2126 2369 morte
2154 2312 2222 2368 ad
2249 2312 2646 2368 ordinationem
2667 2310 2983 2367 Melchiadis
3008 2323 3117 2365 non
3138 2317 3347 2364 tantum
3382 2324 3406 2360 ι
3434 2320 3558 2378 sep-

1951 2414 2061 2461 tem
2087 2406 2229 2472 dies,
2266 2423 2286 2458 ι
2319 2414 2379 2460 ιιι
2430 2406 2677 2475 volgatus
2725 2401 3046 2457 Anastasius
3085 2414 3185 2458 seu
3228 2397 3558 2470 pontiﬁcalis

1953 2500 2090 2555 liber
2113 2499 2295 2564 habet,
2326 2499 2419 2555 sed
2444 2515 2637 2553 novem
2665 2512 2882 2552 menses
2911 2505 2967 2551 et
2991 2495 3196 2566 aliquot
3219 2493 3342 2549 dies
3360 2492 3562 2551 Roma-

1951 2609 2079 2657 num
2124 2594 2494 2662 episcopatum
2542 2604 2779 2651 vacasse.
2815 2588 3057 2657 Denique
3082 2586 3228 2661 quod
3261 2587 3313 2645 in
3341 2585 3557 2656 vulgato

1952 2684 2247 2761 pontiﬁcali
2278 2684 2415 2745 libro
2441 2682 2511 2739 de
2538 2680 2833 2743 Melcbiade
2860 2681 3089 2753 legitur,
3124 2694 3193 2743 ex
3216 2678 3559 2745 Bucheriano

1952 2777 2198 2847 catalogo
2226 2786 2319 2837 aut
2344 2776 2613 2843 similibus
2643 2790 2804 2846 quam
2830 2782 3088 2851 corrupte
3111 2788 3437 2847 expressum
3464 2772 3559 2843 sit,

1953 2884 2019 2929 ex
2066 2869 2179 2927 sola
2219 2868 2504 2925 collatione
2552 2865 2898 2925 manifestum
2933 2865 3041 2925 llet.
3093 2864 3170 2921 Ita
3194 2879 3359 2939 porro
3388 2865 3440 2927 in
3464 2863 3562 2925 illo

1953 2962 2090 3025 libro
2134 2963 2453 3033 caprimitur
2484 2979 2498 3019 :
2532 2981 2553 3015 ι
2590 2960 2915 3025 Melchiadcs
2966 2960 3185 3015 natione
3235 2958 3364 3015 Afer
3421 2957 3564 3021 sedit

1953 3070 2125 3117 annos
2159 3058 2237 3129 iu,
2268 3069 2484 3115 menses
2513 3070 2603 3125 vn,
2634 3053 2751 3110 dies
2776 3068 2887 3123 vui,
2920 3068 2983 3107 ex
3033 3050 3121 3106 die
3161 3049 3436 3109 Nonarum
3466 3047 3563 3105 Ju-

1953 3148 2010 3203 lii
2059 3150 2341 3207 consulatu
2371 3146 2639 3205 Maximini
2670 3162 2746 3215 ιχ,
2789 3160 2959 3218 usque
2991 3142 3056 3200 ad
3098 3140 3423 3213 Maxentium
3468 3157 3560 3199 se.

1953 3244 2148 3313 eundo,
2179 3245 2269 3319 qui
2302 3243 2399 3305 fuit
2418 3258 2607 3301 mense
2631 3240 2955 3315 Septembri,
2975 3238 3267 3303 Volusiano
3286 3250 3344 3299 et
3367 3236 3561 3305 Rufino

1951 3336 2282 3399 consulibus.
2318 3356 2338 3391 ι

1955 3494 1983 3567 ς
2025 3493 2089 3549 ll.
2120 3520 2192 3535 -—
2218 3492 2295 3548 De
2339 3494 2520 3548 litteris
2578 3492 2831 3548 Maxentii
2868 3493 3195 3564 imperatoris
3231 3509 3293 3547 ac
3332 3492 3561 3564 prtefecti

2026 3587 2266 3657 prwtorio
2308 3586 2593 3641 Melchiali
2631 3586 2789 3651 datis,
2822 3585 3004 3656 quibus
3040 3585 3124 3640 illi
3171 3586 3401 3641 ecclesiis
3447 3600 3561 3654 qute

2023 3679 2228 3749 {uersu
2257 3678 2448 3745 abluta,
2478 3679 2678 3735 restitui
2703 3678 2973 3751 jubebant.

2027 3856 2077 3911 1.
2113 3855 2170 3910 ln
2211 3856 2503 3912 collatione
2532 3855 2965 3928 Carthaginiensi,
2999 3865 3055 3911 ut
3087 3858 3420 3929 Augustinus
3448 3866 3556 3915 tum

1954 3946 2005 4001 in
2035 3947 2317 4004 Breviculo
2338 3948 2663 4019 collationis,
2697 3964 2759 4006 ιιι
2788 3949 2920 4016 diei,
2949 3964 3001 4004 c.
3035 3948 3123 4016 l8,
3150 3966 3209 4004 n.
3237 3949 3327 4019 5t,
3363 3961 3473 4006 tum
3507 3953 3558 4008 in

1953 4041 2091 4096 libro
2118 4042 2184 4097 ad
2213 4042 2536 4111 Donatistas,
2567 4053 2687 4113 post
2710 4044 3072 4110 collationem,
3090 4059 3207 4115 cap.
3234 4045 3320 4113 15,
3348 4062 3558 4102 memo-

1951 4145 2055 4203 rat,
2102 4137 2325 4192 recitata
2356 4146 2489 4193 sunt
2530 4146 2705 4209 gesta,
2743 4156 2764 4191 Ι
2796 4137 2846 4193 in
2871 4138 3068 4208 quibus
3096 4139 3378 4210 legebatur
3404 4140 3557 4197 bist.-

1951 4244 2178 4286 cnntoss
2223 4229 2442 4287 misisse
2466 4229 2723 4286 diaconos
2767 4229 3101 4303 (Stratum
3129 4241 3185 4287 et
3205 4231 3552 4307 Cassianum)

1952 4338 2073 4379 cum
2123 4324 2318 4379 litteris
2362 4323 2610 4379 Maxentii
2640 4325 2978 4394 imperatoris
3005 4336 3059 4381 et
3089 4327 3283 4383 litteris
3315 4329 3558 4397 pralccli

1953 4418 2210 4489 praetorio
2236 4417 2302 4473 ad
2332 4417 2652 4487 praefectum
2696 4417 2878 4478 Urbis.
2912 4427 2967 4472 ut
2993 4432 3056 4473 ea
3085 4420 3408 4490 reciperent,
3439 4436 3557 4490 qua:

1954 4520 2203 4582 tempore
2248 4510 2638 4581 persecutionis
2682 4510 2856 4567 ablata
2887 4522 3213 4568 memoratus
3266 4514 3557 4585 imperator

1950 4604 2261 4659 Christianis
2283 4605 2523 4675 jusserat
2550 4605 2725 4661 reddi.
2760 4622 2778 4658 ι
2808 4605 2883 4662 Ea
2905 4616 3085 4663 autem
3112 4622 3233 4679 qua:
3254 4609 3554 4666 Maxentius

226 4710 518 4753 manorum
542 4696 857 4767 pontiﬁcum
889 4697 1126 4754 indiculo
1182 4701 1254 4755 ita
1302 4703 1647 4775 consignatur
1680 4722 1694 4759 :
1736 4724 1753 4757 ι
1790 4722 1843 4762 ιν
1868 4679 1923 4740 Ῑ)
1944 4699 2108 4771 jussit
2127 4699 2306 4767 reddi,
2333 4716 2457 4756 mox
2488 4701 2823 4775 Augustinus
2848 4703 3142 4759 vocatloca
3165 4703 3549 4772 ecclesiaStica,

226 4789 360 4845 ldus
395 4789 641 4846 Januarii
682 4790 938 4848 Miltiadis
978 4794 1030 4848 in
1072 4793 1301 4851 Callisti.
1342 4817 1361 4850 ι
1399 4797 1601 4854 Eodem
1633 4817 1847 4873 quoque

223 4882 319 4938 die
348 4891 569 4938 notatur
588 4882 643 4937 in
656 4881 1038 4957 Martyrologio
1063 4886 1506 4960 llieronymiano,
1527 4893 1771 4963 quamvis
1774 4894 1843 4964 ,ιιι

222 4981 422 5032 eodem
449 4976 838 5046 Martyrologio
866 4993 1084 5034 rursum
1109 4978 1174 5034 ad
1203 4978 1346 5036 diem
1374 4998 1408 5036 ιι
1430 4981 1557 5037 Julii
1586 5003 1598 5037 :
1626 5002 1644 5036 t
1673 4984 1845 5057 Depo-

220 5070 356 5126 sitio
379 5067 634 5123 Miltiadis
665 5083 819 5139 papae
870 5090 889 5123 ι
937 5070 1165 5143 legatur.
1217 5072 1323 5129 Sed
1363 5074 1452 5131 hic
1480 5076 1845 5150 Papebrocius

220 5166 375 5231 diem
423 5163 822 5225 ordinationem
874 5166 1013 5237 ejus,
1063 5166 1259 5241 Pagius
1310 5186 1437 5227 vero
1492 5172 1838 5244 reliquiarum

215 5259 472 5331 eiusdem
500 5259 914 5319 translationem
936 5303 953 5330 ,
984 5261 1283 5333 cuiusmodi
1304 5265 1697 5325 solemnitatem
1725 5269 1843 5339 ipso

216 5352 425 5408 natalis
468 5367 568 5408 seu
612 5352 972 5409 ordinationis
1010 5354 1376 5413 Romanorum
1408 5360 1723 5430 pontiﬁcum
1753 5362 1844 5418 die

214 5445 430 5519 sapius
470 5444 799 5501 celebratam
828 5450 1045 5519 asserit,
1076 5452 1242 5508 recoli
1289 5454 1602 5525 opinantur.
1652 5455 1841 5529 Neque

211 5540 395 5612 Igitur
418 5537 487 5594 ad
506 5537 824 5596 Melcbiadis
845 5540 1072 5611 obitum,
1104 5545 1200 5601 sed
1228 5545 1293 5601 ad
1319 5546 1552 5617 aliquam
1575 5548 1732 5605 aliam
1761 5564 1844 5606 so-

210 5632 566 5692 lemnitatem
594 5633 940 5691 referendum
964 5647 1069 5703 est,
1096 5640 1238 5709 quod
1265 5640 1317 5695 in
1346 5640 1585 5697 Ecclesia
1619 5658 1840 5700 romana

207 5726 306 5782 die
336 5742 375 5781 ι
399 5726 605 5781 mensis
627 5724 938 5785 Decembris
960 5730 1223 5791 memoria
1253 5731 1370 5807 eius
1399 5733 1613 5790 colitur.

288 5820 351 5889 2.
404 5817 541 5877 Hinc
567 5818 969 5880 Buclterianum
1008 5823 1337 5898 catalogum,
1371 5827 1426 5885 in
1456 5842 1563 5902 quo
1593 5845 1614 5883 ι
1646 5826 1837 5891 Miltia-

1951 4791 2053 4850 hoc
2079 4802 2161 4849 est
2188 4807 2310 4848 cum
2342 4808 2404 4850 ea
2437 4794 2491 4851 in
2520 4794 2715 4864 quibus
2742 4794 2985 4852 ecclesiae
3012 4806 3167 4853 erant
3204 4805 3549 4873 couStructw,

1948 4895 2003 4942 et
2032 4885 2303 4959 inquibus
2330 4887 2623 4947 convenire
2661 4888 2909 4951 solebant
2929 4888 3225 4956 christiani,
3257 4898 3368 4949 tum
3388 4889 3551 4953 etiam

1949 4996 2012 5037 ea
2040 4996 2160 5052 quae
2202 4980 2268 5036 ad
2312 4981 2459 5051 ipsas
2501 4982 2758 5037 ecclesias
2788 4983 3181 5052 pertinuerant,
3215 4982 3290 5036 uti
3333 4982 3553 5037 disertis

1948 5074 2131 5129 verbis
2157 5072 2499 5130 Constantini
2540 5083 2595 5129 ct
2623 5075 2812 5130 Licinii
2836 5075 3167 5137 constitutio,
3210 5075 3351 5147 apud
3381 5075 3552 5132 Euse-

1943 5166 2112 5235 bium,
2150 5165 2245 5222 lib.
2294 5183 2329 5222 ι
2366 5165 2528 5237 Hist,
2571 5182 2619 5223 c.
2646 5168 2697 5237 5,
2730 5168 2973 5240 praecipit
3015 5167 3066 5221 in
3097 5166 3241 5228 hunc
3278 5168 3496 5224 modum
3532 5188 3546 5227 ;

1949 5277 1969 5312 ι
2000 5258 2058 5318 ln
2080 5259 2307 5331 gratiam
2330 5258 2766 5321 Christianorum
2788 5258 3156 5329 decernimus,
3183 5270 3243 5317 ut
3262 5260 3379 5318 loca
3406 5262 3550 5333 ἐρδοο

1944 5366 2063 5407 rum
2102 5351 2159 5405 in
2208 5350 2407 5421 quibus
2434 5351 2665 5407 antehac
2705 5351 3000 5406 convenire
3022 5363 3437 5419 consueverant,
3477 5352 3550 5410 de

1947 5444 2140 5517 quibus
2168 5445 2223 5500 in
2248 5445 2447 5502 litteris
2469 5446 2617 5518 prius
2637 5444 2703 5499 ad
2730 5443 3071 5501 devotionem
3103 5454 3247 5501 tuam
3285 5446 3423 5501 datis
3444 5444 3547 5501 alia

1946 5550 2066 5605 erat
2102 5538 2278 5599 forma
2306 5542 2568 5613 superiori
2592 5550 2836 5611 tempore
2864 5542 3177 5612 constituta,
3206 5543 3254 5600 si
3282 5545 3373 5615 qui
3401 5552 3490 5600 aut
3513 5558 3545 5605 a

1946 5636 2078 5692 lisco
2105 5647 2313 5704 nostro,
2338 5645 2434 5692 aut
2461 5636 2564 5690 alio
2591 5634 2844 5707 quopiam
2873 5650 2937 5692 ea
2968 5637 3167 5693 emisse
3194 5637 3294 5693 visi
3319 5637 3542 5717 fuerint,

1941 5732 2073 5806 ipsis
2113 5730 2439 5797 christianis,
2477 5729 2684 5807 absque
2721 5731 2828 5788 ulla
2868 5733 3092 5804 pecunia
3122 5741 3175 5790 et
3201 5733 3319 5793 sine
3344 5736 3544 5806 repeti-

1940 5832 2087 5895 tione
2104 5833 2215 5913 ulla
2236 5827 2598 5905 superadiecti
2615 5832 2799 5904 pretii,
2824 5832 3198 5908 incunctanter
3210 5846 3274 5893 ac
3296 5832 3414 5893 sine
3434 5833 3543 5911 ulla
