4104 6368
521 281 586 341 31
1453 282 1786 343 EPISTULA
1823 287 2278 347 CONSTAN'I‘INI
2316 291 2407 348 AD
2445 293 2913 355 MELCIIIADEM.
3765 299 3840 357 32

521 406 752 480 ambage
791 407 1103 464 reStituant.
1130 403 1287 476 Quod
1307 405 1354 461 si
1379 403 1471 478 qui
1494 419 1558 462 ea
1583 405 1700 462 loca
1727 415 1991 474 emerunt,
2039 416 2131 461 aut
2157 413 2211 470 Λ
2237 407 2348 464 loca
2371 409 2438 465 ad
2457 412 2545 480 jus
2572 409 3006 470 Christianorum
3033 415 3263 472 antehac
3285 415 3614 488 pertinentia
3638 429 3706 472 ex
3725 414 3843 485 jus.

521 500 720 559 donata
740 508 1085 572 acceperunt,
1107 499 1307 571 aliquid
1327 515 1355 554 a
1380 508 1562 555 nostra
1576 499 1862 555 clementia
1885 501 2128 570 accipere

520 593 712 659 velint,
738 595 774 650 ii
807 593 1121 664 praelectum
1146 594 1236 664 qui
1261 593 1316 647 in
1338 591 1430 648 illa
1456 593 1730 664 provincia
1761 594 1847 664 jus
1877 593 2008 649 dicit
2033 593 2129 648 ad-

522 698 673 753 eant,
698 699 803 745 uta
827 697 1010 744 nostra
1038 687 1331 744 serenitate
1354 688 1491 744 ratio
1515 688 1793 744 habeatur.
1811 708 1829 742 ι
1858 688 2130 744 Hactenus

523 778 596 839 de
625 781 757 838 locis
781 796 901 853 qua:
926 779 1346 836 christianorum
1376 781 1736 838 conventibus
1765 791 1923 838 erant
1943 795 2131 836 conse-

527 886 676 934 erata
727 893 742 932 :
793 886 904 931 tum
931 875 1001 933 de
1027 875 1163 931 locis
1185 876 1250 932 ad
1279 876 1425 946 ipsas
1447 876 1709 933 ecclesias
1735 874 2131 948 pertinentibus

524 969 742 1026 subdit:
779 988 798 1023 ι
836 970 904 1026 Et
938 971 1194 1040 quoniam
1220 969 1382 1026 iidem
1409 969 1689 1026 christiani
1711 983 1818 1025 non
1849 969 2024 1024 solum
2070 983 2132 1023 ea

526 1063 668 1130 loca,
689 1063 744 1117 in
764 1062 960 1135 quibus
975 1063 1266 1120 convenire
1287 1063 1554 1130 solebant,
1579 1061 1675 1118 sed
1697 1063 1861 1118 etiam
1889 1062 1992 1117 alia
2012 1076 2136 1133 pos-

527 1154 739 1212 sedisse
765 1164 1086 1223 noscuntur,
1113 1173 1233 1228 qnze
1270 1173 1378 1213 non
1421 1157 1672 1228 privatim
1698 1155 1767 1212 ad
1791 1155 2035 1226 singulos
2059 1155 2136 1225 ip—

527 1261 737 1317 sorum,
789 1249 887 1306 sed
929 1250 1108 1321 adjus
1138 1252 1383 1324 corporis
1415 1252 1770 1323 pertinerent;
1815 1251 1932 1306 haec
1955 1248 2134 1304 omnia

529 1353 656 1417 post
703 1343 877 1415 legem
923 1359 951 1399 a
980 1344 1140 1400 nobis
1161 1354 1515 1402 memoratam
1545 1345 1750 1417 absque
1777 1343 1885 1399 ulla
1925 1342 2139 1398 dubita-

531 1436 682 1493 tione
709 1435 901 1492 iisdem
931 1436 1276 1502 Christianis,
1309 1437 1412 1494 hoc
1449 1446 1534 1495 est
1578 1437 1801 1494 cuilibet
1827 1435 2043 1506 corpori
2085 1447 2140 1492 et

534 1529 918 1586 conventiculo
936 1530 1197 1602 ipsorum,
1212 1531 1421 1587 restitui
1435 1531 1670 1602 jubebis,
1698 1529 2007 1602 supradicta
2035 1527 2139 1584 sci-

532 1621 663 1681 licet
701 1623 911 1680 ratione
952 1633 1191 1680 servata:
1233 1632 1291 1680 ut
1320 1625 1411 1696 qui
1443 1639 1506 1681 ea
1531 1624 1651 1680 loca
1675 1624 1878 1695 absque
1903 1621 2142 1678 redhibi-

537 1718 684 1776 tione
713 1719 894 1790 pretii,
925 1721 1067 1776 sicut
1092 1719 1295 1776 dictum
1323 1729 1431 1785 est,
1463 1718 1827 1786 restituerint,
1877 1717 2143 1773 indemni-

2231 505 2387 560 sione
2410 503 2658 561 divorum
2681 516 2962 577 parentum
2987 517 3296 565 nostrorum
3325 508 3395 565 ad
3415 509 3504 579 jus
3528 508 3643 564 ﬁsci
3672 506 3843 564 devo-

2233 595 2340 650 luta
2392 596 2520 663 sint,
2571 607 2663 653 aut
2701 599 2769 656 ab
2798 601 2973 670 aliqua
3003 602 3222 658 civitate
3251 611 3535 673 occupata,
3566 609 3662 656 aut
3689 611 3843 657 certe

2235 690 2468 757 vendita,
2505 701 2598 748 aut
2641 693 2799 750 alicui
2830 694 2974 750 dono
3017 695 3162 764 data,
3210 704 3401 752 cuncta
3442 695 3511 750 ad
3554 695 3846 766 pristinum

2230 780 2319 852 jus
2365 797 2427 838 ac
2471 781 2767 839 dominium
2810 785 3228 842 cltristianorum
3272 794 3615 851 revocentur,
3659 784 3848 841 uthac

2236 876 2396 931 etiam
2425 875 2478 930 in
2507 892 2567 932 re
2595 877 2848 948 pietatem
2877 895 2940 936 ac
2970 879 3362 950 providentiam
3385 889 3624 936 nostram
3651 878 3838 934 cuncti

2237 967 2445 1038 possint
2489 983 2783 1039 agnoscere
2817 988 2837 1022 ι
2875 971 3118 1042 (Euseb.,
3150 972 3240 1026 lib.
3273 988 3347 1037 tx,
3389 987 3509 1042 cap.
3545 969 3656 1044 l0).
3703 969 3850 1038 Quin

2239 1060 2415 1130 potius
2439 1075 2468 1113 a
2497 1062 2708 1117 cunctis
2732 1072 3059 1133 agnoscatur
3101 1079 3164 1118 ac
3189 1063 3518 1134 suspiciatur
3555 1061 3852 1132 singularis

2239 1168 2366 1223 erga
2399 1154 2693 1210 Ecclesiam
2722 1155 3063 1211 Providentia
3088 1156 3203 1222 Dei,
3235 1156 3470 1227 quicum
3499 1169 3619 1210 eam
3647 1154 3853 1224 ubique

2242 1244 2576 1300 inl‘eStissimi
2608 1247 2963 1319 imperatores
2994 1248 3299 1303 srevissimo
3326 1247 3471 1302 bello
3494 1245 3772 1317 persequi,
3797 1255 3857 1301 et

2241 1338 2295 1393 in
2318 1351 2524 1394 certum
2554 1340 2672 1411 ejus
2698 1341 2922 1396 exitium
2953 1341 3266 1412 conspirare
3312 1340 3648 1408 viderentur,
3698 1353 3858 1410 pror-

2242 1445 2335 1486 sus
2359 1431 2684 1502 insperatam
2717 1433 2765 1488 ei
2793 1448 2980 1504 pacem
3003 1432 3182 1489 subito
3202 1431 3456 1488 reddidit.
3478 1431 3677 1488 Verum
3711 1429 3860 1486 hanc

2243 1525 2884 1582 continuointerturbavit
2901 1528 3144 1597 pertinax
3166 1535 3220 1582 et
3240 1525 3571 1582 obstinatum
3596 1523 3840 1581 schisrna

2247 1620 2667 1688 Donatistarum,
2694 1635 2919 1693 quorum
2946 1635 3162 1678 causam
3187 1620 3596 1686 Constantinus,
3624 1618 3694 1675 ab
3721 1617 3864 1689 ipsis

2248 1712 2644 1784 interpellatus,
2679 1712 2962 1770 Melchiadi
2989 1711 3359 1771 demandavit.

537 1823 703 1872 tatem
742 1829 893 1872 suam
939 1831 969 1872 a
1000 1825 1189 1872 nostra
1219 1815 1554 1887 benignitate
1588 1821 1926 1885 exspectent.
1957 1832 1976 1866 ι
2006 1811 2148 1880 Qua-
2178 1815 2228 1875 B

535 1923 760 1983 propter
784 1919 842 1968 et
870 1911 938 1967 ad
963 1911 1276 1980 Anulinum,
1305 1911 1501 1969 Africae
1546 1909 1946 1981 proconsulem,
1980 1909 2144 1965 iidem

535 2004 912 2074 imperatores,
927 2003 1068 2075 apud
1087 2002 1338 2060 eumdem
1364 2001 1680 2068 Eusebium,
1695 2000 1852 2067 ibid.,
1869 2000 2143 2056 scribunt:

543 2111 565 2150 ι
593 2094 826 2168 Operam
861 2095 1041 2164 dabis,
1079 2104 1140 2152 ut
1165 2099 1279 2154 sive
1307 2096 1474 2165 horti,
1505 2097 1619 2153 sive
1643 2098 1812 2162 aedes,
1855 2109 1952 2151 seu
1978 2095 2148 2166 quod-

539 2206 774 2265 cumque
793 2193 962 2262 aliud,
981 2193 1049 2250 ad
1068 2193 1159 2266 jus
1169 2193 1481 2250 earumdem
1505 2193 1850 2251 ecclesiarum
1875 2196 2148 2267 pertinue-

539 2287 635 2354 rit,
666 2295 863 2344 cuncta
887 2287 994 2344 illis
1023 2289 1345 2359 quantocius
1372 2289 1729 2344 restituantur
1759 2306 1772 2343 :
1807 2303 1915 2360 quo
1943 2289 2147 2344 scilicet

539 2390 594 2440 te
621 2381 746 2440 huic
772 2393 962 2441 nostro
987 2391 1259 2456 praecepto
1297 2382 1699 2440 accuratissime
1740 2382 2146 2454 obtemperasse

535 2473 920 2549 intelligamus.

610 2615 667 2671 2.
707 2613 963 2672 Maxentii
983 2615 1198 2683 litterae,
1217 2615 1285 2672 ad
1301 2631 1438 2687 quas
1458 2616 1778 2673 obtinendas
1798 2616 2145 2673 Melchiadem

538 2721 763 2780 operam
808 2722 962 2763 suam
990 2707 1286 2764 contulisse
1335 2708 1496 2764 valde
1550 2708 1826 2780 probabile
1872 2717 1978 2776 est,
2005 2724 2146 2764 anno

539 2799 742 2858 Christi
767 2801 869 2857 3H
902 2801 1126 2858 indultae
1152 2809 1296 2857 sunt.
1320 2800 1431 2857 Has
1451 2811 1782 2872 exceperunt
1808 2801 1929 2858 dua:
1957 2801 2145 2860 Licinii

540 2906 598 2953 et
625 2895 963 2953 Constantini
995 2896 1380 2968 imperatorum
1407 2897 1475 2953 de
1502 2897 1692 2954 eadem
1721 2914 1783 2954 re
1803 2899 2147 2955 constitutio-

542 3005 641 3048 nes
669 3011 682 3046 :
707 2992 902 3063 prima,
935 3007 1056 3063 qua:
1086 2989 1307 3059 excidit,
1341 3005 1484 3046 anno
1514 2991 1621 3046 512
1660 2991 1895 3058 labente,
1928 3003 2047 3063 post
2069 2994 2148 3064 ip-

542 3086 659 3142 sius
685 3084 940 3142 Maxentii
969 3101 1181 3153 necem,
1212 3086 1570 3158 promulgata;
1594 3085 1781 3153 altera,
1807 3103 1967 3158 quam
1993 3088 2148 3144 nobis

2250 1923 2278 1994 §
2318 1921 2406 1979 lll.
2435 1953 2504 1964 —
2537 1920 2926 1977 Donatistarum
2953 1935 3110 1975 causa
3147 1917 3456 1974 Melchiadis
3487 1917 3774 1988 cognitioni
3831 1932 3866 1970 η

2536 2036 2866 2091 Constantino
2905 2036 3210 2107 imperatore
3242 2031 3599 2087 demandatur.

2319 2243 2373 2298 5.
2391 2240 2737 2298 Cmcilianum
2755 2239 3016 2297 Ecclesiae
3044 2237 3458 2308 Carthaginensi
3479 2249 3717 2306 praeesse
3733 2235 3865 2291 idco

2248 2351 2354 2393 non
2378 2351 2537 2408 posse
2558 2334 2956 2392 contendebant
2975 2333 3264 2388 Donatista:
3288 2330 3559 2404 (Augusl.,
3584 2326 3691 2400 Ep.
3727 2328 3860 2394 105,

2247 2448 2303 2488 n.
2331 2431 2385 2497 8,
2418 2430 2541 2484 olim
2569 2428 2681 2500 l6),
2713 2427 2838 2499 quia
2865 2425 3020 2482 Felix
3055 2423 3445 2495 Aptugnensis,
3475 2436 3636 2493 quem
3681 2420 3862 2475 libro-

2248 2537 2368 2577 rum
2413 2535 2688 2578 sacrorum
2717 2519 3033 2575 traditorem
3057 2515 3222 2571 fuisse
3249 2515 3740 2576 calumniabantur,
3775 2512 3862 2581 ip-

2249 2630 2368 2670 sum
2395 2613 2719 2669 ordinasset.
2738 2610 3101 2678 Quamobrem
3115 2623 3259 2662 anno
3279 2607 3481 2664 Christi
3499 2605 3608 2661 515
3629 2618 3858 2660 causam

2250 2707 2395 2765 illius
2441 2706 2509 2762 ad
2560 2707 2941 2776 imperatorem
2957 2701 3394 2765 Constantinum,
3422 2699 3677 2772 precibus
3703 2697 3856 2752 datis

2248 2820 2382 2877 quas
2411 2804 2636 2876 Optattts
2664 2803 2764 2858 sub
2797 2802 2919 2858 libri
2950 2801 3030 2855 sui
3064 2798 3218 2870 primi
3246 2797 3407 2853 linem
3435 2795 3618 2861 refert,
3647 2792 3857 2848 detule-

2249 2907 2375 2954 runt
2409 2915 2420 2950 :
2461 2915 2478 2948 ι
2515 2895 2621 2952 Sed
2649 2897 2794 2968 quia,
2838 2913 2856 2946 ι
2892 2903 2950 2949 ut
2980 2891 3312 2964 Augustinus
3359 2889 3618 2960 loquitur,
3652 2904 3672 2938 ι
3705 2884 3860 2940 Con-

2249 2993 2517 3047 stantinus
2565 3007 2670 3045 non
2710 3000 2794 3046 est
2813 3003 2976 3044 ausus
3017 2988 3085 3042 de
3110 3001 3272 3042 causa
3301 2984 3539 3056 episcopi
3561 2980 3812 3053 judicare
3837 3021 3854 3046 ,

2250 3103 2369 3142 cam
2402 3085 2792 3142 discutiendam
2818 3094 2981 3154 atque
3007 3080 3294 3137 ﬁniendam
3323 3077 3594 3148 episcopis
3621 3075 3856 3130 deman-

541 3179 841 3235 asservavit
865 3179 1152 3247 Eusebius,
1173 3187 1231 3236 et
1248 3195 1314 3236 ex
1344 3196 1449 3252 qua
1467 3180 1711 3236 nonnihil
1738 3196 1898 3252 supra
1920 3181 2147 3252 decerp-
2174 3198 2219 3262 ρ
2250 3179 2420 3236 davit.
2450 3178 2605 3247 Quod
2636 3187 2691 3232 et
2715 3177 2914 3232 factum
2942 3185 3026 3231 est
3051 3174 3103 3228 in
3137 3171 3270 3228 urbe
3301 3170 3495 3236 Roma,
3526 3166 3860 3262 praesidente

539 3274 732 3342 simus,
771 3273 1078 3344 Mediolani,
1104 3275 1246 3333 circa
1273 3275 1483 3331 initium
1511 3275 1635 3332 anni
1663 3274 1786 3342 5l5,
1817 3277 2140 3347 conscripta.

541 3367 786 3426 Tandem
813 3384 881 3426 eo
907 3369 1026 3440 ipso
1049 3384 1193 3426 anno
1219 3369 1325 3425 515
1354 3369 1697 3440 Maximinus,
1728 3386 1849 3426 cum
1881 3386 1911 3426 a
1939 3370 2144 3427 Licinio

542 3461 790 3518 devictus
813 3460 1024 3529 luisset,
1053 3461 1433 3532 praedictorum
1473 3462 1859 3533 imperatorum
1887 3478 2014 3533 erga
2045 3463 2145 3518 Ec-

543 3555 772 3613 clesiam
821 3554 1212 3612 benevolentia:
1265 3570 1471 3612 morem
1517 3571 1736 3627 gerens,
1775 3555 1917 3612 istud
1945 3555 2146 3625 pariter

545 3647 756 3706 edixit:
793 3666 814 3701 ι
853 3647 920 3705 Ut
962 3647 1291 3721 indulgentia
1337 3657 1523 3704 nostra
1570 3649 1829 3721 prolixior
1866 3657 2139 3720 appareat,

542 3737 676 3796 illud
720 3738 883 3796 etiam
923 3739 1135 3796 sancire
1174 3739 1446 3809 volumus,
1484 3740 1615 3796 utsi
1654 3755 1774 3812 quae
1813 3739 2008 3796 domus
2055 3747 2150 3795 aut

933 3940 1316 4000 EXEMPLUM
1366 3941 1752 4000 EPISTOLE.

537 4138 892 4182 CONSTAN‘I'INI
924 4139 1298 4191 IIPERA‘I'ORIS,
1341 4141 1443 4190 QUA
1471 4139 1831 4182 EPISCOPOBUM
1861 4139 2145 4183 οοΝοιιιωι

617 4231 778 4274 ιιοκιε
818 4233 959 4273 ειειιι
996 4232 1162 4273 ιυηετ
1192 4234 1293 4274 PRO
1323 4233 1557 4274 UNl’l‘A‘l‘E
1599 4234 1668 4274 ετ
1709 4233 2006 4275 CONCORDIA
2048 4235 2146 4274 EC-

607 4331 925 4374 CLBSIARUM.

541 4473 908 4533 Constantinus
944 4474 1203 4546 Augustus
1249 4471 1480 4527 Miltiadi
1514 4471 1753 4542 episcopo
1796 4468 1936 4525 urbis
1967 4469 2147 4524 Bonna

1139 4575 1188 4620 et
1228 4564 1411 4621 Marco
1441 4563 1540 4638 (l).

610 4730 668 4785 4.
699 4725 965 4797 Quoniam
998 4722 1305 4792 huiusmodi
1343 4723 1524 4792 plures
1561 4721 1726 4778 libelli
1751 4738 1779 4776 a
1806 4722 1923 4776 viro
1957 4721 2145 4777 claris-

539 4822 682 4878 simo
705 4821 962 4886 Anulino,
987 4817 1181 4872 Africae
1221 4817 1566 4886 proconsule,
1598 4815 1664 4870 ad
1696 4832 1784 4871 me
1815 4825 1944 4871 sunt
1971 4816 2139 4882 missi,

2251 3271 2567 3338 Melchiadc,
2591 3270 2844 3340 episcopo
2869 3267 3014 3323 illius
3041 3265 3305 3330 ecclesiae,
3329 3277 3452 3317 cum
3485 3260 3669 3317 multis
3681 3259 3860 3315 colli--

2249 3367 2330 3435 gis
2358 3365 2490 3420 suis.
2528 3382 2546 3415 ι
2599 3361 2773 3432 Ipsam
2814 3359 3094 3430 epistolam
3136 3371 3243 3427 qua
3292 3352 3684 3410 Constantinus
3725 3353 3859 3410 Mel-

2248 3458 2421 3514 chiadi
2449 3456 2647 3526 negotii
2688 3455 2846 3524 hujus
2873 3451 3138 3524 delegavit
3163 3449 3552 3520 cognitionem,
3578 3447 3859 3502 Eusebius

2249 3565 2280 3605 e
2311 3551 2477 3604 latino
2501 3562 2752 3605 sermone
2774 3548 2827 3602 in
2850 3560 3084 3616 graecum
3103 3555 3442 3604 conversam,
3464 3539 3722 3595 Historiae
3738 3555 3858 3593 sum

2251 3645 2499 3699 inseruit.
2536 3642 2683 3697 l‘lanc
2709 3650 2886 3696 autem
2917 3647 2976 3694 ut
3003 3635 3382 3703 exhibeamus,
3415 3643 3664 3690 nostrum
3695 3633 3860 3691 insti-

2252 3746 2427 3793 tutum
2461 3737 2672 3793 videtur
2700 3735 2996 3807 postulare.

2703 3950 3071 3998 ΔΝΤΙΓΡΔΦΟΝ
3107 3948 3296 3996 ΒΛΣΙΛΙ
3302 3948 3408 3994 ΚΗΣ

2251 4127 2523 4188 ἐπιστολῆς
2553 4125 2618 4183 δι’
2646 4123 2705 4187 ἧς
2734 4122 2945 4181 σύνοδον
2975 4122 3265 4180 ἐπισκόπων
3311 4123 3398 4178 ἐπὶ
3439 4121 3632 4192 Ῥώμης
3660 4121 3865 4176 κελεύει

2321 4223 2549 4296 ’γενέσθαι
2595 4221 2728 4296 ὑπὲρ
2773 4227 2865 4279 τῆς
2891 4225 2990 4274 τῶν
3043 4217 3314 4275 ἐκκλησιῶν
3358 4216 3584 4276 ἓνώσεὼς
3624 4235 3680 4271 τε
3715 4216 3801 4269 καὶ
3835 4216 3864 4270 ὁ

2327 4319 2549 4389 μονοίας.

2251 4485 2624 4539 κωνσταντῖνος
2650 4476 2904 4537 «smn;
2932 4473 3174 4550 Μιλτιάδῃ
3198 4473 3466 4546 ἔπισκὸπῳ
3490 4470 3748 4545 Ῥωμαίων
3769 4477 3868 4531 καὶ

2948 4570 3154 4644 Μάρκῳ.

2319 4732 2373 4785 4.
2405 4727 2605 4788 Ἐπειδὴ
2635 4735 2857 4784 τοιοῦτοι
2887 4728 3088 4803 χάρται
3131 4726 3272 4802 παρά
3297 4724 3546 4780 Ἀνυλίνου
3587 4729 3677 4779 τοῦ
3713 4724 3864 4794 δαμ-

2245 4823 2508 4898 προτάτου
2560 4822 2849 4875 ἀνθυπάτου
2908 4828 3000 4880 τῆς
3054 4819 3284 4894 ’Λφρικῆς
3333 4816 3461 4890 πρὸς·
3527 4839 3588 4886 με
3645 4816 3865 4878 πλείους·

538 4918 597 4974 in
625 4916 821 4989 quibus
843 4914 1155 4971 continetur
1183 4909 1556 4978 Caecilianum,
1580 4909 2028 4981 Carthaginiensis
2065 4927 2143 4965 nr-

2251 4914 2638 4976 ἁπεστὰλησαν,
2664 4915 2713 4966 ἐν
2740 4907 2810 4972 οἷς
2835 4912 3120 4984 ἐμφέρεται,
3161 4909 3491 4975 Καικιλιανὸν,
3525 4910 3610 4964 τὸν
3641 4910 3866 4965 ἐπεσκο-

616 5125 700 5199 (l)
725 5123 981 5199 Quisnam
1003 5121 1078 5199 sit
1099 5119 1192 5174 ille
1211 5119 1449 5199 Marcus,
1481 5119 1620 5199 i_n_ter
1647 5117 1887 5199 eruditos
1915 5117 2138 5173 minime

541 5191 776 5253 constat.
824 5195 1114 5255 Baronins.
1158 5191 1225 5246 ad
1255 5205 1454 5244 annum
1489 5191 1593 5244 515
1619 5231 1633 5256 ,
1668 5204 1722 5242 n.
1770 5191 1874 5253 55,
1905 5204 2137 5260 graecum

546 5265 766 5325 Eusebii
812 5275 1010 5319 textunt
1057 5263 1407 5331 depravatum
1447 5277 1568 5315 esse
1613 5261 1912 5327 conjeclat,
1959 5271 2014 5314 et
2054 5264 2140 5315 καὶ

546 5342 738 5416 Μάρκῳ
765 5351 862 5406 pro
883 5337 1153 5416 _icpapzfi,
1182 5334 1292 5416 hoc
1318 5343 1427 5416 est,
1457 5332 1695 5416 Romano
1718 5332 2028 5416 hierarclue,
2065 5332 2134 5416 ir:

548 5402 784 5480 ναβεἰέεὸ
815 5402 1128 5480 arbitratur.
1180 5406 1285 5480 Sed
1332 5405 1376 5458 si
1416 5407 1517 5480 hoc
1546 5402 1809 5480 vocabulo
1840 5417 1966 5480 usus
1997 5409 2142 5480 esset

547 5472 956 5542 Constantinus,
1004 5487 1157 5549 antea
1178 5477 1429 5549 episcopi
1469 5489 1598 5549 voce
1635 5472 2001 5528 abstinuisset.
2034 5472 2144 5549 Nec

553 5553 723 5622 magis
766 5549 940 5622 placet
967 5547 1135 5622 altera
1177 5546 1418 5622 Perron‘ii
1450 5547 1758 5622 conjectura
1781 5559 1928 5622 ,_qua
1967 5546 2143 5618 καιρὸν

597 5614 778 5699 αξρὸνξ
811 5620 913 5674 ltoc
932 5617 1279 5699 esu-longam.
1306 5620 1480 5699 vitam,
1513 5614 1908 5699 praeferendum
1937 5614 2140 5697 censet.

597 5649 776 5699 ακρον.
811 5649 913 5674 ιιυυ
932 5649 1038 5684 ῦδι,
1072 5649 1279 5698 ivngunt.
1308 5649 1480 5683 vuutu,
1515 5649 1564 5687 γι
1578 5649 1908 5670 ιιῐιπιῠιιυιιιιι
1938 5649 2140 5697 acu-.303.

555 5649 664 5750 ista
694 5694 837 5747 enim
861 5688 1100 5759 precatio
1125 5704 1235 5759 non
1264 5703 1316 5741 tu
1342 5689 1640 5744 litterarum
1667 5685 1845 5759 fronte
1871 5694 2142 5759 praemitti,

563 5763 658 5821 sed
688 5763 754 5817 ad
784 5753 985 5830 calcem
1015 5758 1385 5830 subjicisolet,
1421 5759 1509 5830 ubi
1540 5759 1714 5828 reipsa
1740 5771 1773 5830 _a
1793 5753 2146 5830 Constantino

561 5833 796 5908 ponitur.
851 5826 1408 5887 Valesius'exlstimnt
1446 5829 1532 5888 hic
1577 5826 1752 5886 notari
1799 5826 2147 5899 presbyterum

2247 5118 2494 5174 Ecclesia:
2521 5119 2944 5189 llontnute,quent
2971 5136 3072 5173 una
3099 5135 3214 5173 cum
3243 5118 3482 5173 Miltiade
3509 5118 3628 5189 Imic
3655 5121 3866 5189 synodo

2245 5191 2488 5244 interesse
2516 5189 2674 5244 voluit
2715 5188 3080 5243 Constantinus
3103 5232 3118 5255 ,
3153 5206 3275 5244 eum
3312 5189 3566 5244 videlicet
3589 5188 3859 5253 illiti-cm»,

2246 5261 2334 5329 qui
2375 5271 2486 5325 post
2521 5261 2824 5315 Silvestrnm
2859 5277 3047 5328 papam
3087 5263 3438 5329 episcopatum
3484 5259 3627 5313 urbis
3673 5259 3868 5316 Rome:

2248 5333 2422 5402 gessit.
2456 5332 2582 5397 Alii,
2606 5331 2730 5385 licet
2753 5331 2966 5386 Baronii
2995 5331 3345 5399 Perroniique
3369 5331 3718 5400 cuitjecturas
3747 5347 3862 5388 non

2250 5404 2513 5473 probent,
2562 5403 2701 5455 ttltro
2735 5412 2910 5456 tamen
2946 5402 3015 5473 iis
3048 5403 3098 5455 in
3131 5404 3348 5456 nomine
3385 5403 3549 5456 Marci
3593 5402 3860 5458 mendum

2251 5472 2372 5529 esse
2401 5474 2716 5543 largiuntur.
2753 5472 2911 5527 Certe
2933 5472 3178 5544 Optatos,
3212 5489 3335 5528 cunt
3364 5475 3607 5528 omnium
3635 5477 3725 5544 qui
3752 5473 3862 5529 Ro-

2253 5560 2414 5600 mano
2440 5545 2492 5598 in
2525 5544 2753 5598 concilio
2783 5543 3144 5597 consederunt
3175 5547 3389 5598 nomina
3430 5543 3858 5610 commemoret,

2255 5616 2450 5670 nullius
2479 5625 2657 5670 tamen
2676 5616 2832 5686 Marci
2859 5614 3120 5669 meminit.
3147 5614 3255 5669 Nec
3282 5616 3436 5672 facile
3464 5617 3586 5686 quis
3609 5616 3714 5671 sibi
3738 5626 3863 5682 per:

2253 5687 2486 5762 suaserit
2518 5701 2671 5762 ⁸ιξμυιι]
2730 5685 2834 5762 c_ui_
2863 5686 2957 5762 uni
2995 5687 3313 5762 nominatim
3366 5685 3503 5762 cum;
3551 5687 3863 5762 M‘elcitiade

2254 5755 2586 5829 Constantini
2637 5755 2704 5812 de
2749 5749 2997 5829 habendo
3043 5753 3540 5829 concilioepistola
3591 5749 3860 5829 inscripta

2257 5825 2439 5894 fuerit;
2491 5827 2615 5882 huic
2663 5823 2894 5882 cunclllo
2935 5828 3040 5881 non
3087 5823 3432 5888 interfuisse,
3486 5836 3576 5882 ant
3614 5823 3656 5884 ai
3689 5823 3865 5884 intrr-
