4104 6368
236 334 306 391 35

1051 336 1466 398 MELCHIADIS
1509 337 1598 396 DE
1637 336 2005 397 CECILIANI
2043 338 2270 398 CAUSA
2311 338 2722 400 SENTENTIA.

3473 341 3546 398 δι

235 450 316 506 bis
333 449 678 523 episcopum,
703 466 734 507 a
762 451 1087 521 quibusdam
1110 455 1330 526 collegis
1357 455 1468 512 suis
1487 471 1582 526 per
1603 455 1838 510 Africam
1866 467 1887 517 Α

1969 478 2036 511 τον
2064 466 2154 517 τῆς
2183 459 2627 534 Καρταγεννησίων
2664 457 2877 522 πόλεως,
2925 459 3069 534 ποιρά
3109 477 3258 512 τινων
3298 455 3548 530 κολλήγων

236 544 567 612 constituatis,
598 545 783 600 multis
811 545 880 602 de
909 547 1071 602 rebus
1101 547 1434 613 insimulari;
1467 564 1530 605 ac
1560 549 1690 604 mihi
1718 564 1841 621 per-

239 636 525 693 molestum
559 637 792 705 videtur,
825 638 878 693 in
907 640 973 695 iis
1001 640 1314 711 provinciis,
1359 655 1492 712 quas
1517 641 1694 697 divina
1725 657 1844 713 pro-

238 728 476 786 videntia
504 746 643 786 mem
665 731 942 788 devotioni
972 748 1120 790 mera
1150 734 1476 791 liberalitate
1506 735 1758 802 tradidit,
1787 743 1844 792 et

240 823 292 879 in
319 823 519 894 quibus
543 823 774 879 maxima
795 833 880 881 est
900 825 1085 897 populi
1115 826 1423 891 multitudo.
1453 828 1666 898 plebem
1689 830 1842 900 quasi

240 915 294 972 in
323 915 460 972 duas
500 927 690 988 partes
733 915 960 974 divisam
1002 917 1071 974 ad
1106 918 1376 975 deteriora
1419 919 1744 986 deﬂectere,
1789 929 1844 976 et

240 1011 529 1081 episcopos
565 1011 709 1066 inter
743 1027 804 1066 se
841 1010 1130 1070 dissentire
1161 1032 1173 1066 :
1210 1013 1413 1070 Placuit
1441 1015 1602 1082 mihi,
1645 1025 1698 1070 ut
1730 1015 1846 1087 ipse

239 1102 562 1160 Caecilianus
592 1119 714 1160 cum
751 1105 936 1162 decem
975 1108 1246 1180 episcopis
1274 1109 1365 1181 qui
1393 1125 1652 1167 accusare
1693 1112 1844 1168 illum

242 1196 518 1264 videntur,
551 1214 614 1254 ac
637 1198 822 1254 decem
852 1200 972 1255 aliis
996 1242 1012 1267 ,
1045 1217 1182 1272 quos
1209 1202 1324 1274 ipse
1351 1203 1418 1259 ad
1445 1219 1662 1260 causam
1692 1219 1844 1260 suam

243 1291 586 1348 necessarios
625 1307 746 1349 esse
769 1293 1094 1364 judicaverit
1118 1336 1134 1364 ,
1168 1295 1393 1351 Romam
1414 1298 1660 1367 naviget;
1691 1309 1746 1354 ut
1775 1299 1846 1356 ibi

243 1397 428 1439 coram
456 1384 642 1450 vobis,
673 1399 884 1442 necnon
913 1385 1122 1442 Retieio
1141 1428 1156 1453 ,
1186 1387 1427 1444 Materno
1458 1398 1506 1444 et
1536 1389 1741 1447 Marino
1766 1389 1844 1460 (l)

245 1475 470 1546 collegis
494 1475 709 1545 vestris,
739 1493 877 1548 quos
904 1477 1062 1549 ltujus
1089 1479 1167 1535 rei
1194 1495 1357 1536 causa
1384 1479 1612 1537 Romam
1647 1497 1846 1554 prope-

246 1585 369 1626 rare
399 1570 654 1641 praecepi,
687 1571 857 1642 possit
883 1571 1090 1639 audiri,
1135 1574 1592 1644 quemadmodum
1622 1576 1848 1631 sanctis-

248 1661 399 1717 simae
427 1661 530 1733 legi
559 1662 853 1718 convenire
880 1664 1084 1734 optime
1109 1665 1303 1722 nostis.
1334 1665 1506 1722 Porro
1538 1675 1597 1722 ut
1633 1665 1701 1722 de
1730 1681 1849 1721 om-

250 1751 410 1808 nibus
471 1752 557 1809 his
609 1753 975 1824 plenissimam
1027 1756 1252 1812 valeatis
1306 1757 1508 1814 habere
1563 1759 1806 1814 notitiam
1833 1799 1847 1824 ,

1941 552 2102 606 αὐτοῦ
2152 558 2250 606 τῶν
2296 553 2433 606 κατά
2469 555 2558 611 τήν
2583 549 2812 628 Ἀφρικὴν
2853 552 3192 606 κατεστὼτων
3242 552 3294 606 έν
3341 550 3551 612 πολλοῖς

1942 644 2240 721 πράγμασιν
2312 644 2655 711 εῦθύνεσθαιῚ
2698 646 2786 698 καί
2836 643 2990 700 τοῦτό
3035 664 3122 712 μοι
3172 642 3306 719 βαρύ
3353 640 3553 718 σφόδρα.
3623 717 3627 722 _

1944 735 2095 803 δοκεῖ,
2124 739 2182 792 τό
2207 738 2257 791 ἐν
2287 738 2506 798 ταύταις
2531 743 2648 797 ταῖς
2676 737 2982 814 ἐπαρχίαις,
3037 734 3101 796 ἀς
3147 745 3213 812 τῇ
3262 735 3356 812 ἐμῇ
3405 736 3553 792 meo-

1944 832 2127 886 σιὼσει
2169 831 2458 905 αὐθαίρετος
2507 831 2537 887 ἡ
2586 830 2694 883 θεία
2744 828 2957 904 πρόνοια
2985 829 3296 904 ἐνεχείρισε,
3343 829 3553 903 κᾴκεῖσε

1944 923 2074 980 πολύ
2101 923 2288 984 πλῆθος
2314 921 2455 988 λαοῦ,
2504 917 2663 994 ὄχλον
2694 921 2780 976 έπί
2805 921 2864 977 τό
2907 919 3214 995 φαυλότερον
3255 921 3558 993 ἐπιμένοντα

1947 1017 2274 1093 εὑρίσκεσθαι
2305 1017 2496 1072 ὡσανεί
2540 1013 2987 1086 διχοστατοῦντα,
3017 1017 3104 1068 καί
3127 1014 3318 1084 μεταξὺ
3350 1013 3558 1069 ἐπισκό-

1947 1132 2080 1172 πους
2109 1109 2351 1185 διαφορὰς
2378 1108 2543 1181 ἔχειν’
2587 1106 2728 1174 ἔδοξέ
2769 1129 2857 1179 μοι
2886 1105 2952 1161 ἶν’
2975 1107 3133 1168 αὐτὸς
3177 1105 3204 1162 ό
3246 1107 3558 1169 Καικιλιανός

1949 1207 2080 1282 μετά
2107 1205 2230 1262 δέκα
2256 1205 2547 1261 ἐπισκόπων
2569 1211 2668 1261 τῶν
2706 1204 2858 1259 αὐτόν
2886 1204 3110 1258 εὐθύνειν
3140 1198 3440 1269 δοκούντων,
3467 1205 3559 1259 καί

1949 1301 2075 1359 δέκα
2100 1303 2283 1376 ἐτέρων
2314 1299 2402 1362 οὓς
2428 1301 2582 1361 αὐτὸς
2615 1308 2679 1376 τῇ
2728 1299 2915 1354 ἑαυτοῦ
2944 1295 3056 1373 δίκη
3087 1299 3395 1370 ἀναγκαίους
3423 1296 3556 1354 {mo-

1949 1397 2113 1460 λάϐοι,
2140 1398 2212 1457 είς
2241 1400 2329 1454 την
2353 1393 2545 1466 Ῥωμήν
2573 1393 2686 1466 πλῷ
2734 1393 2958 1448 ἀπιέναι’
2987 1389 3050 1444 ἶν’
3080 1392 3246 1446 ἐκεῖσε
3273 1390 3416 1463 ὑμῶν
3453 1411 3558 1447 πα-

1951 1491 2163 1567 ρόντων,
2187 1489 2313 1544 ἀλλά
2341 1493 2438 1559 μὴν
2463 1489 2549 1543 καὶ
2568 1486 2830 1550 Ῥετικίου,
2863 1487 2946 1538 καὶ
2973 1485 3237 1559 Ματέρνου
3271 1485 3359 1537 καί
3389 1482 3558 1558 Μαρίο

1951 1608 2040 1641 νου
2086 1594 2186 1641 τῶν
2229 1585 2481 1656 κολλήγων
2529 1584 2702 1654 ὑμῶν,
2754 1579 2847 1642 οὓς
2893 1581 3078 1635 τούτου
3136 1579 3298 1635 ἕνεκεν
3352 1578 3426 1638 είς
3467 1580 3560 1636 τήν

1952 1678 2145 1752 Ῥώμην
2169 1679 2462 1755 προσεταξα
2499 1679 2820 1732 ἐπισπεῦσαι
2844 1715 2858 1738 ,
2889 1672 3071 1749 δυνηθῇ
3117 1672 3428 1732 ἀκουσθῆναι
3447 1709 3463 1734 ,
3489 1674 3562 1732 ὡς

1955 1768 2014 1828 ἀν
2035 1774 2377 1845 καταμάθοιτε
2402 1777 2476 1844 τῷ
2499 1769 2915 1840 σεϐασμιωτάτῳ
2957 1767 3096 1840 νόμῳ
3134 1765 3430 1842 ἁρμόττειν.
3471 1765 3561 1820 ἵνα

249 1849 500 1919 exempla
545 1847 852 1905 libellorum
883 1848 965 1923 (Ξ)
994 1850 1060 1906 ad
1089 1867 1176 1907 me
1197 1852 1268 1909 ab
1295 1853 1531 1909 Anulino
1560 1855 1852 1911 missorum
1883 1854 1887 1912 ἶ

1969 1865 2128 1919 μέντοι
2184 1867 2265 1919 καὶ
2307 1868 2428 1938 περὶ
2477 1865 2681 1918 πάντων
2728 1863 2893 1918 αὐτῶν
2953 1862 3150 1915 τούτων
3206 1859 3564 1936 πληρεστάτην

252 1940 448 1997 litteris
475 1941 613 1997 meis
633 1942 894 2011 subjecta,
921 1942 988 1998 ad
1017 1945 1358 2014 supradictos
1379 1946 1616 2018 collegas
1642 1956 1856 2003 vestros

1969 1953 2199 2016 δυνηθῆτε
2239 1953 2383 2025 ἔχειν
2408 1962 2616 2029 γνῶσιν,
2657 1957 2724 2010 τὰ
2763 1955 3020 2010 ἀντίτυπα
3046 1959 3145 2008 τῶν
3173 1952 3436 2028 ἐγγράφων
3461 1958 3564 2007 τῶν

256 2035 556 2091 transmisi.
605 2035 811 2104 Quibus
841 2037 996 2093 lectis
1038 2038 1339 2110 perpendet
1375 2041 1616 2113 gravitas
1641 2049 1859 2109 vestra,

1969 2048 2086 2123 πρός
2111 2069 2174 2120 με
2197 2049 2345 2122 παρὰ
2363 2044 2619 2103 Ἀνυλίνου
2659 2045 3048 2102 ἀποσταλέντων
3092 2045 3390 2120 γράμμασιν
3425 2043 3567 2112 ἐμοῖς

255 2143 494 2198 quonam
543 2128 706 2184 modo
741 2129 995 2200 praedicta
1038 2133 1413 2188 controversia
1455 2134 1858 2189 accuratissime

254 2221 602 2292 dijudicanda
623 2224 715 2289 sit,
743 2231 798 2278 et
820 2238 884 2278 ex
908 2223 1226 2293 praescripto
1245 2223 1468 2293 iustitia:
1497 2225 1856 2282 terminanda.

258 2317 542 2389 Siquidem
565 2333 665 2374 nec
689 2327 923 2374 vestram
954 2317 1297 2374 sedulitatem
1327 2320 1460 2374 latet
1483 2329 1686 2374 tantam
1713 2335 1742 2373 a
1773 2334 1860 2374 me

259 2411 623 2468 reverentiam
668 2411 1024 2467 sanctissimae
1071 2411 1330 2468 Ecclesiae
1374 2411 1658 2469 catholicae
1709 2411 1861 2466 exhi-

262 2503 415 2571 beri,
459 2513 518 2558 ut
545 2503 750 2559 nullum
777 2503 1001 2560 omnino
1040 2503 1276 2560 schisnta
1317 2505 1404 2560 vel
1440 2503 1724 2560 discidium
1755 2503 1865 2560 ullo

262 2596 465 2652 inloco
491 2612 522 2652 a
554 2595 706 2652 vobis
742 2596 970 2667 relinqui
991 2596 1173 2653 velim.
1227 2596 1492 2654 Divinitas
1531 2598 1726 2654 summi
1770 2597 1864 2655 Dei

262 2691 449 2746 multis
477 2691 636 2746 annis
659 2706 758 2747 vos
785 2699 1000 2757 servet,
1031 2691 1372 2748 cltarissime.

341 3018 373 3090 §
401 3014 493 3074 IV.
521 3048 593 3058 —
620 3013 924 3073 Melchiadis
950 3016 1197 3073 sententia
1234 3017 1298 3072 de
1322 3017 1585 3085 Caciliqpi
1617 3036 1795 3075 causa.

343 3177 402 3232 5.
432 3175 636 3234 Eodem
663 3191 806 3232 anno
835 3177 960 3242 3l5,
991 3175 1244 3234 Octobris
1265 3177 1508 3235 secundo
1537 3178 1626 3235 die
1651 3220 1666 3245 ,
1697 3181 1786 3252 qui
1815 3180 1868 3237 in

271 3283 483 3328 sextam
501 3270 688 3328 feriam
712 3270 1003 3337 incidebat,
1031 3273 1086 3327 in
1111 3271 1330 3328 domum
1357 3272 1592 3343 Faustae,
1615 3274 1874 3332 Constan-

273 3365 376 3420 tini
398 3364 618 3431 uxoris,
653 3364 704 3418 in
733 3363 1002 3421 Laterano
1026 3374 1401 3422 convenerunt
1431 3376 1486 3422 et
1511 3366 1876 3425 consederunt

269 3457 822 3529 judiceszlliltiades,
849 3457 1138 3529 episcopus
1175 3459 1322 3514 urbis
1353 3459 1561 3526 Romae;
1605 3459 1878 3517 Maternus

275 3553 590 3625 Agrippinae
615 3553 866 3616 civitatis.
892 3551 1131 3608 Reticius
1157 3553 1683 3624 Augustodunensis,
1715 3553 1876 3610 Mari-

277 3660 384 3700 nus
410 3643 761 3711 Arelatensis,
788 3643 1047 3701 Merocles
1066 3643 1503 3712 Medionalensis,
1532 3645 1728 3716 aliique
1748 3661 1881 3718 qua-

280 3739 582 3797 tuordeeim
609 3739 847 3811 episcOpi
877 3739 991 3795 Itali
1016 3779 1033 3806 ,
1065 3755 1294 3810 quorum
1321 3748 1377 3797 et
1403 3741 1618 3796 nomina
1642 3749 1700 3797 et
1723 3741 1880 3799 sedes

278 3833 514 3902 Optatos
543 3841 808 3889 recenset.
847 3851 867 3884 ι
899 3831 993 3889 His
1019 3833 1207 3889 decem
1239 3840 1294 3890 et
1323 3848 1516 3890 novem
1553 3833 1883 3892 considenti-

279 3928 384 3984 bus
410 3927 680 3998 episcopis
701 3969 715 3992 ,
752 3947 770 3978 ›
798 3926 968 3998 inquit
995 3926 1134 3984 idem
1160 3925 1406 3998 Optatus,
1445 3945 1463 3980 ι
1497 3943 1658 3984 causa
1693 3929 1882 3984 Donati

279 4033 338 4078 et
357 4020 633 4078 Caeciliani
659 4021 708 4075 in
734 4019 971 4076 medium
995 4022 1156 4076 missa
1189 4030 1273 4077 est
1299 4035 1326 4075 a
1350 4022 1594 4092 singulis.
1625 4022 1680 4077 ln
1708 4021 1884 4077 Dona-

281 4125 398 4170 tum
447 4115 535 4186 (A
562 4112 714 4169 Casis
737 4112 932 4183 Nigris,
983 4122 1038 4167 ut
1079 4113 1234 4184 liquet
1273 4129 1337 4168 ea:
1378 4115 1664 4186 Augustino
1695 4115 1878 4170 brevic.

281 4207 421 4264 Coll.
456 4207 557 4262 diei
577 4222 656 4273 Ill,
681 4223 733 4260 η.
765 4205 856 4272 36,
885 4215 931 4260 et
963 4206 1050 4260 lib.
1079 4206 1148 4260 ad
1173 4204 1363 4260 Donat.
1401 4217 1514 4277 post
1535 4206 1671 4262 Coll.
1702 4224 1755 4261 ιι.
1794 4207 1884 4279 17)

280 4311 413 4356 sunt
434 4299 518 4356 ba:
544 4298 826 4356 sententia:
851 4299 972 4354 lata:
1005 4316 1018 4353 :
1043 4297 1199 4366 Quod
1223 4297 1507 4354 confessus
1537 4299 1608 4354 sit
1640 4316 1700 4355 se
1725 4300 1885 4356 reba-

283 4396 560 4467 ptizasse,
612 4405 668 4451 et
713 4393 981 4464 episcopis
1035 4393 1198 4464 lapsis
1254 4408 1468 4447 manmu
1521 4392 1885 4462 imposuisse;

277 4487 432 4562 quod
460 4487 528 4543 ab
563 4485 803 4543 Ecclesia
844 4484 1074 4541 alienum
1101 4493 1203 4540 est.
1254 4483 1444 4540 Testes
1483 4483 1685 4540 inducti
1715 4499 1745 4539 a
1777 4484 1886 4538 [σοι

281 4589 418 4636 nato
445 4579 678 4636 confessi
700 4587 826 4635 sunt
845 4593 903 4634 se
931 4593 1039 4633 non
1066 4577 1266 4634 habere
1290 4577 1432 4648 quod
1462 4578 1514 4632 in
1538 4577 1882 4633 Caecilianum

281 4674 551 4730 dicerent.
590 4692 609 4726 ι
662 4669 980 4728 Caecilianus
1008 4670 1246 4726 omnium
1275 4686 1434 4741 supra
1465 4680 1884 4728 ntemoratorum

282 4884 488 4948 fuerit,
531 4883 602 4937 ab
629 4882 824 4951 Optato
857 4880 1123 4936 silendum
1172 4895 1314 4936 esse.
1348 4880 1610 4950 Quocirca
1647 4881 1884 4946 Meroeti,

278 4953 825 5029 qutijblediolanensis
853 4961 978 5008 tunc
1007 4953 1290 5029 episcOpus
1311 4961 1456 5029 erat,
1484 4969 1580 5023 pro
1601 4953 1792 5029 _Marco
1819 4970 1884 5011 eo

323 5025 628 5082 robabilins
653 5025 894 5092 mallent,
923 5022 1064 5094 quod
1083 5022 1492 5088 Constantinus,
1504 5040 1570 5080 eo
1599 5026 1715 5096 ipso
1741 5041 1884 5082 anno

323 5045 628 5082 I'ODalllllllS
653 5045 894 5092 ιῐιωιιεηι,
923 5045 1064 5094 quon
1083 5045 1486 5088 DUIISIaﬂlllllls,
1504 5045 1570 5080 (ΞΟ
1599 5045 1715 5096 IPSO
1741 5045 1884 5082 anno

281 5045 576 5154 gedinlani
607 5105 851 5152 versatus
873 5135 888 5156 .
920 5095 1195 5162 probatam
1223 5111 1287 5150 ac
1318 5105 1653 5164 perspectam
1684 5097 1884 5154 habere

283 5169 530 5238 patuerit
548 5166 794 5223 Meroclis
814 5167 1138 5239 arquitatetn.
1163 5165 1290 5239 lude
1314 5175 1490 5239 tamen
1513 5169 1714 5222 moveri
1738 5169 1887 5239 quis-

284 5243 437 5313 piant
463 5248 639 5313 potest
653 5238 843 5313 ,__q_uo_tl
874 5237 1137 5313 i’n_eadem
1167 5237 1536 5313 inscriptione,
1573 5239 1625 5293 in
1658 5237 1886 5313 qua—de-

283 5308 604 5370 itominatur
623 5308 884 5365 Miltiades
923 5308 1360 5380 Romanarurbis
1385 5308 1708 5380 episcopus,
1753 5312 1887 5366 alte-

283 5385 445 5446 rius,
479 5382 570 5451 qui
598 5382 648 5436 ei
684 5380 1025 5450 adjungitur,
1057 5379 1292 5449 dignitas
1325 5379 1586 5451 taceatur.
1619 5381 1887 5438 Prmterea

283 5450 520 5511 verbum
549 5456 843 5525 τιμιώτατε,
867 5451 1186 5525 charissima,
1213 5465 1321 5520 quo
1341 5450 1887 5525 epistolaelauditur,

284 5525 500 5582 indicio
531 5521 652 5579 esse
680 5532 880 5593 posset,
909 5523 1188 5593 epistolam
1219 5527 1355 5577 Itane
1383 5521 1603 5578 Miltiadi
1637 5525 1749 5591 uni,
1783 5539 1889 5580 non

283 5596 510 5654 duobus
547 5596 803 5664 scriptam
831 5608 951 5650 esse
971 5634 986 5658 ,
1019 5592 1127 5664 nisi
1145 5601 1216 5664 eti
1235 5593 1424 5648 eadem
1453 5595 1722 5650 scribendi
1756 5597 1892 5652 ratio

284 5671 555 5738 frequens
590 5663 900 5738 occurreret
934 5665 987 5720 in
1031 5663 1169 5738 ipsis,
1192 5663 1559 5738 Romanorum
1600 5667 1892 5738 praesulum

287 5735 517 5806 litteris,
547 5751 668 5808 quae
690 5736 932 5808 pluribus
956 5753 989 5789 a
1015 5735 1128 5806 pari
1158 5735 1431 5808 inscriptae
1451 5735 1742 5794 suun—1am
1765 5753 1894 5794 vero

286 5806 635 5870 eruditorum
675 5806 744 5880 de
769 5807 877 5880 ltoe
912 5807 1033 5865 loco
1061 5806 1433 5880 conjecturas,
1478 5817 1535 5864 et
1576 5817 1895 5880 argumenta

287 5898 420 5965 qua:
449 5881 580 5955 ipsis
606 5879 691 5938 vel
709 5879 1067 5939 adversentur
1093 5878 1178 5938 vel
1206 5878 1440 5949 faveant,
1464 5878 1691 5954 exposui
1715 5896 1728 5936 :
1753 5895 1898 5939 nunc

1959 2140 2216 2205 ὑποτάξας
2269 2142 2399 2216 πρός
2454 2143 2576 2201 τούς
2652 2139 3054 2216 προειρημένους
3119 2138 3364 2212 κόλληγας
3422 2138 3568 2210 ὑμῶν

1963 2231 2244 2306 ἐξέπεμψα·
2277 2228 2351 2294 οἷς
2403 2233 2706 2302 ἐντυχοῦσα
2742 2233 2773 2289 ἡ
2815 2231 3044 2306 ὑμετέρα
3094 2229 3379 2304 στερῤὀτης
3428 2226 3568 2285 δοκε·

1965 2324 2122 2396 μάσει
2150 2320 2203 2378 ὅν
2225 2346 2340 2380 τινα
2360 2329 2470 2399 χρὴ
2499 2323 2688 2398 τρόπον
2715 2327 2806 2381 τήν
2831 2322 3197 2398 προειρημένην
3221 2319 3362 2380 δίκην
3388 2321 3572 2393 ἐπιμεο

1965 2414 2191 2471 λίστατα
2215 2412 2585 2489 διευκρινῆσαι,
2627 2417 2712 2468 καί
2747 2414 2882 2468 κατά
2917 2413 2976 2467 τό
3005 2409 3194 2467 δίκαιον
3235 2412 3570 2488 τερματίσαι.

1966 2504 2154 2562 Ὀπότε
2194 2503 2320 2580 μηδέ
2346 2511 2437 2566 τὴν
2463 2505 2714 2583 ὑμετέραν
2734 2504 3018 2577 ἐπιμέλειαν
3041 2504 3284 2572 λανθάνει,
3309 2506 3571 2563 τοσαύτην

1969 2621 2033 2672 με
2049 2597 2172 2655 αἰδῶ
2188 2607 2250 2676 τῇ
2271 2601 2320 2654 έν
2338 2600 2513 2672 θεσμῷ
2535 2597 2660 2670 (sic)
2678 2598 2900 2674 καθολικῇ
2916 2597 3184 2674 Ἐκκλησία
3199 2598 3486 2670 ἀπονέμειν,
3503 2599 3575 2659 ὡς

1972 2691 2128 2764 μηδέν
2152 2691 2362 2747 καθόλου
2385 2695 2602 2764 σχίσμα
2625 2689 2655 2750 ἦ
2687 2689 3040 2764 διχοστασίαν
3077 2687 3129 2744 ἒν
3148 2712 3248 2747 τινι
3277 2689 3420 2762 τόπῳ
3446 2689 3574 2764 βού⁹
3653 2716 3655 2718 ·

1976 2783 2148 2838 λεσθαί
2172 2804 2234 2856 με
2259 2783 2397 2856 ὑμᾶς
2419 2782 2739 2839 καταλιπεῖν.
2761 2779 2815 2837 Ἠ
2843 2781 3039 2844 θειότης
3063 2783 3204 2856 ὑμᾶς
3242 2787 3334 2838 τοῦ
3355 2782 3578 2854 μεγάλου

1977 2883 2106 2933 Θεοῦ
2136 2875 2427 2948 διαφυλάξοι
2446 2875 2648 2937 πολλοῖς
2677 2873 2840 2942 ἔτεσι,
2863 2878 3164 2947 τιμιὼτατε.

1979 3033 2262 3090 sententiis
2292 3034 2555 3090 innocens
2581 3041 2667 3088 est
2694 3031 3076 3103 pronuntiatus
3095 3074 3112 3098 ,
3143 3030 3304 3088 etiam
3329 3029 3582 3090 Miltiadis

1976 3127 2269 3194 sententia,
2296 3143 2400 3200 qua
2412 3127 2672 3199 judicium
2686 3127 2928 3183 clausum
2943 3133 3028 3182 est
3053 3124 3136 3181 bis
3154 3124 3334 3182 verbis
3363 3141 3377 3179 :
3400 3143 3420 3180 ι
3445 3124 3582 3182 Cum

1900 3239 1946 3304 ρ
1975 3223 2283 3282 constiterit
2306 3223 2656 3281 Caecilianum
2683 3223 2752 3279 ab
2779 3223 2846 3279 iis
2868 3263 2885 3290 ,
2918 3221 3006 3293 qui
3034 3236 3156 3278 cum
3181 3220 3390 3277 Donato
3417 3235 3584 3278 vene-

1976 3326 2122 3382 runt,
2163 3317 2314 3387 juxta
2348 3314 2742 3385 professionem
2778 3329 2932 3371 suam
2963 3329 3071 3370 non
3100 3315 3343 3371 accusari
3364 3353 3381 3382 ,
3420 3329 3522 3370 nec
3549 3329 3584 3372 a

1980 3410 2190 3467 Donato
2227 3409 2536 3464 convictum
2565 3423 2688 3464 esse
2727 3409 2779 3463 in
2815 3407 2995 3478 aliqua
3033 3416 3188 3479 parte
3228 3406 3582 3476 constiterit;

1978 3519 2091 3560 sua:
2117 3503 2485 3560 communioni
2515 3502 2898 3558 ecclesiastica:
2931 3501 3144 3572 integro
3169 3511 3315 3558 statu
3343 3501 3589 3558 retinen-

1979 3597 2110 3654 dum
2150 3611 2274 3654 esse
2301 3611 2520 3652 censeo.
2569 3615 2589 3648 ›
2619 3593 2929 3652 Melchiadis
2958 3594 3282 3650 sententiam
3317 3594 3583 3666 integram

1981 3691 2050 3746 ab
2096 3691 2295 3762 Optato
2344 3689 2569 3747 relatam
2596 3691 2722 3760 {non
2767 3704 2891 3746 esse
2931 3687 3097 3761 liquet
3143 3703 3210 3744 ex
3255 3686 3584 3760 Augustino,

1981 3785 2141 3858 epist.
2172 3784 2245 3839 ιδ
2267 3823 2285 3852 ,
2315 3783 2448 3840 olim
2474 3782 2600 3850 162,
2630 3799 2686 3838 n.
2715 3783 2805 3850 16,
2837 3782 2932 3855 qui
2955 3796 3076 3838 eam
3106 3779 3306 3838 ibidem
3333 3780 3585 3839 laudibus

1982 3879 2194 3937 extollit
2224 3882 2276 3934 in
2304 3877 2450 3934 hunc
2494 3876 2751 3946 modum:
2786 3895 2805 3929 ε
2842 3875 3031 3945 Qualis
3066 3874 3234 3948 ipsius
3263 3873 3586 3932 Melchiadis

1985 3976 2171 4032 ultima
2198 3981 2282 4031 est
2311 3973 2516 4046 prolata
2541 3973 2836 4039 sententia,
2885 3986 3046 4044 quam
3077 3971 3336 4027 innocens
3358 4011 3376 4039 ,
3420 3985 3583 4043 quam

1985 4068 2218 4141 integra,
2246 4081 2406 4139 quam
2437 4065 2661 4138 provida
2685 4073 2848 4137 atque
2871 4063 3112 4136 paciﬁca,
3137 4079 3242 4137 qua
3269 4079 3444 4135 neque
3467 4062 3586 4120 col-

1985 4162 2151 4234 legas,
2177 4164 2230 4217 in
2257 4161 2454 4234 quibus
2483 4159 2616 4216 nihil
2644 4159 2980 4223 constiterat,
3014 4157 3082 4213 de
3111 4156 3346 4230 collegio
3370 4172 3472 4214 suo
3494 4171 3585 4214 au-

1985 4270 2079 4311 sus
2103 4264 2186 4311 est
2211 4267 2494 4309 removere
2516 4293 2531 4319 ,
2583 4261 2638 4308 et
2667 4252 2876 4307 Donato
2906 4251 3024 4306 solo
3069 4249 3090 4322 (
3115 4266 3144 4305 a
3174 4250 3328 4306 Casis
3357 4248 3586 4323 Nigris)

1986 4366 2144 4422 quem
2177 4347 2341 4404 totius
2367 4347 2491 4402 mali
2525 4346 2821 4418 principem
2849 4344 3168 4411 invenerat,
3215 4343 3450 4400 maxime
3477 4342 3588 4400 cul-

1986 4452 2144 4516 pato,
2189 4441 2433 4497 sanitatis
2460 4437 2842 4510 recuperandae
2871 4437 3145 4508 optionem
3174 4435 3401 4493 liberam
3428 4443 3584 4492 caete-

1987 4537 2063 4592 ris
2108 4533 2255 4602 fecit,
2306 4541 2522 4605 paratus
2570 4531 2779 4588 litteras
2818 4527 3327 4587 communicatorias
3368 4529 3586 4586 mittere

1911 4643 1967 4704 D
1989 4629 2149 4685 etiam
2178 4627 2243 4682 iis
2263 4667 2280 4693 ,
2309 4642 2444 4697 quos
2474 4640 2505 4680 a
2535 4623 2797 4695 Majorino
2822 4622 3100 4680 ordinatos
3119 4637 3243 4680 esse
3269 4628 3582 4689 constaret;

1998 4731 2048 4778 ta
2077 4731 2136 4780 ut
2160 4724 2589 4795 quibuscumque
2636 4721 2770 4780 locis
2795 4719 2903 4776 duo
2931 4725 3118 4776 essent
3160 4715 3424 4790 episcopi.
3453 4729 3593 4788 quos

1993 4903 2186 4974 seligat
2219 4902 2446 4973 quisque
2484 4902 2626 4972 quod
2656 4903 2759 4959 sibi
2791 4902 2961 4973 magis
2991 4899 3213 4974 arridet.
3257 4898 3354 4974 Rei
3387 4897 3590 4974 verita-

1994 4969 2463 5031 tem'nos'eertins
2490 4969 2763 5030 docuisset
2809 4969 3111 5029 collationis
3155 4969 3594 5042 Cartbaglnensis

1994 5047 2148 5102 tertia
2195 5060 2341 5128 pars,
2381 5061 2500 5116 cap.
2533 5045 2676 5128 .319,
2720 5046 2808 5128 eui
2837 5044 2953 5128 haec
2988 5045 3100 5114 ipsa
3128 5041 3373 5114 epistola
3387 5044 3594 5101 inserta

1992 5128 2133 5183 erat,
2163 5116 2262 5172 nisi
2289 5116 2404 5173 hinc
2431 5121 2606 5188 portio
2634 5117 2944 5173 excidisset.

2063 5190 2147 5262 (l)
2179 5185 2474 5262 Episcopus
2511 5189 2631 5262 illos
2656 5188 2840 5244 Gallos
2865 5201 2987 5244 cum
3029 5185 3276 5262 Romano
3291 5187 3595 5262 convenire

1994 5257 2250 5332 praecepit
2286 5257 2670 5317 Constantinus
2694 5301 2710 5328 ,
2757 5273 2958 5332 morem
2988 5257 3337 5332 gerens_ltuie
3369 5259 3593 5316 Donati-

1993 5327 2198 5402 starum
2244 5333 2489 5402 petitioni
2518 5373 2534 5396 ,
2576 5332 2629 5388 in
2668 5327 2772 5401 qua
2801 5331 2980 5402 legere
2997 5327 3129 5384 est:
3163 5327 3398 5387 Petimus
3433 5340 3488 5385 ιιι
3530 5332 3596 5387 de

1997 5401 2183 5485 Galliis
2210 5401 2354 5485 nobis
2373 5405 2582 5485 jedices
2609 5403 2725 5485 dari
2767 5401 3034 5485 prmcjpiat
3069 5405 3234 5484 pietas
3258 5413 3399 5483 _tua,°
3441 5402 3596 5485 quia,

1999 5475 2246 5601 illnqjltiunt
2271 5517 2285 5542 ,
2331 5471 2395 5531 ab
2421 5478 2516 5531 hoc
2541 5471 2774 5546 facinore
2799 5481 2856 5529 et
2880 5471 3222 5530 dissenSione
3251 5471 3494 5529 immunis
3523 5481 3599 5529 εει

2049 5565 2078 5600 ιι
2124 5564 2192 5601 ιο.

2049 5564 2192 5602 nuta.

2072 5617 2152 5690 (2)
2212 5617 2438 5676 Preeum
2489 5634 2584 5675 seu
2628 5616 2965 5690 libellorum
3000 5625 3208 5690 partem
3264 5626 3599 5690 postremam

1999 5686 2226 5759 Optatos
2267 5691 2410 5749 circa
2436 5690 2596 5749 tinem
2623 5689 2719 5746 lib.
2747 5705 2763 5746 l
2794 5686 3103 5763 exscripsit.
3141 5686 3354 5748 Caetera
3390 5687 3604 5748 deside-

2001 5770 2208 5819 I‘illlllll'o
