4104 6368
561 321 632 376 55
1354 335 1360 346 ·
1391 314 1812 376 MELGHIADIS
1847 315 1937 375 DE
1975 317 2341 376 CIECILIANI
2379 316 2604 377 CAUSA
2643 316 3052 376 SENTENTIA.
3797 323 3869 381 56

559 438 824 494 dissensio
850 440 1192 509 geminassct,
1225 451 1346 493 eum
1368 438 1677 494 confirmari
1702 437 1881 505 vellet,
1911 436 2000 508 qui
2034 436 2157 492 fuis-
2184 436 2237 497 Α
2263 436 2520 490 unitatem
2565 435 2858 500 redierint,
2911 435 2990 492 sic
3028 435 3367 507 recipiendos
3413 450 3536 491 esse
3559 475 3576 504 ,
3613 455 3631 489 ‹
3673 446 3866 494 utnon

559 539 644 588 sct
687 531 964 587 ordinatus
1007 533 1175 602 prior,
1220 531 1372 587 alteri
1416 540 1596 587 autem
1638 547 1822 587 eorum
1865 531 2014 602 plebs
2054 532 2156 587 alia

559 625 797 696 regenda
841 625 1215 698 provideretur
1243 627 1260 680 '.
1291 626 1336 680 0
1363 626 1539 682 virum
1567 627 1826 698 optimum
1855 628 1870 681 ε
1913 642 1945 682 o
1987 627 2158 682 lilium

559 718 872 774 Christianas
914 719 1058 788 pacis
1089 728 1145 774 et
1172 729 1382 792 patrem
1409 722 1718 778 christiana!
1750 721 1922 792 plebis
1945 722 2032 777 ι...
2064 713 2160 776 llic

558 827 660 866 nec
685 811 1040 868 mansuetudo
1064 805 1424 884 integritatem
1453 815 1698 886 corrupit
1714 854 1733 883 ,
1761 829 1858 870 nec
1881 815 2160 886 integritas

558 903 960 959 mansuetudini
986 907 1329 976 repugnavit.
1365 926 1384 959 ι

630 997 682 1051 6.
712 997 778 1052 Et
804 998 858 1053 in
887 998 988 1054 hac
1015 999 1234 1070 quidem
1263 1002 1530 1057 sententia
1561 1003 1750 1072 triplex
1780 1003 2058 1072 suspicere
2080 1012 2162 1056 est

558 1088 764 1160 providi
791 1091 1024 1160 pastoris
1055 1099 1540 1162 temperamentum
1566 1133 1581 1161 ,
1613 1093 1754 1162 quod
1781 1093 2038 1164 deinceps
2063 1093 2163 1148 Ec-

557 1182 739 1238 clesia:
769 1183 1034 1240 similibus
1062 1185 1117 1240 iu
1146 1187 1325 1241 causis
1352 1202 1547 1257 magno
1575 1189 1692 1244 usui
1723 1187 1823 1244 fuit
1850 1207 1861 1241 :
1893 1188 2123 1259 primum
2146 1229 2161 1253 ,

558 1274 701 1344 quod
733 1276 898 1331 totius
930 1278 1057 1332 mali
1101 1280 1400 1351 principem
1433 1281 1700 1337 Donatum
1740 1282 2000 1339 damnare
2033 1299 2166 1339 con-

562 1375 760 1431 tentus,
793 1369 1005 1425 oartcris
1035 1369 1153 1440 ejus
1178 1372 1520 1429 consortibus
1550 1373 1777 1430 liberam
1809 1375 2164 1444 resipiscendi

560 1459 866 1517 facultatem
893 1463 1132 1534 reliquit.
1164 1464 1434 1532 Alterum,
1463 1468 1606 1538 quod
1629 1469 1791 1523 etiam
1820 1484 1848 1523 a
1878 1469 2164 1540 Majorino,

560 1555 651 1623 qui
673 1553 1084 1628 Carthaginensi
1112 1561 1360 1617 ecclesiae
1389 1562 1441 1616 iu
1465 1562 1734 1619 Caeciliani
1760 1563 1934 1620 locum
1962 1580 1991 1620 a
2019 1565 2166 1621 schi-

561 1647 802 1704 smaticis
831 1650 1121 1720 praafectus
1153 1653 1328 1710 fuerat
1349 1696 1366 1720 ,
1415 1654 1697 1710 ordinatos
1724 1656 1792 1711 ad
1831 1658 2168 1714 communie-

564 1754 686 1792 nem
741 1755 894 1797 suam
939 1742 1227 1801 admittere
1277 1761 1383 1802 non
1437 1750 1729 1804 recusavit.
1782 1749 2166 1815 Postremum,

2259 529 2435 582 solum
2453 528 2590 582 viam
2605 529 2794 584 salutis
2821 529 3116 596 inveniant,
3138 529 3234 585 sed
3251 544 3348 585 nec
3364 529 3626 587 honorem
3649 533 3867 602 episco-

2262 631 2418 692 patus
2465 623 2730 676 amittant.
2777 621 2980 677 Poterit
3009 623 3228 692 quippe,
3261 622 3534 693 inquiunt,
3573 625 3866 695 unusquis-

2261 729 2362 781 que
2393 725 2634 768 nostrum
2661 755 2678 778 ,
2713 714 2936 769 honoris
2979 714 3084 768 sibi
3115 715 3266 770 socio
3293 717 3549 785 copulato
3574 757 3590 782 ,
3625 717 3864 774 vicissim

2262 805 2452 860 sedere
2499 806 2832 860 eminentius
2854 848 2869 872 ,
2927 806 3068 860 sicut
3109 808 3399 876 peregrino
3428 808 3689 878 episcopo
3713 809 3866 880 juxta

2262 897 2579 953 considente
2603 897 2828 967 collega.
2864 897 2977 952 lloc
3005 913 3127 952 cum
3157 898 3384 954 alternis
3413 900 3664 957 basilicis
3702 903 3868 958 utris.

2264 1008 2369 1063 qttc
2400 993 2740 1059 Conceditur,
2769 1003 3000 1064 uterque
3024 995 3094 1049 ab
3122 995 3406 1062 alterutro,
3438 1008 3632 1052 mutuo
3658 998 3869 1054 honore

2269 1086 2592 1155 praevenitur
2622 1103 2636 1140 :
2661 1086 2788 1157 quia
2817 1087 2908 1142 ubi
2940 1089 3236 1158 praeceptio
3256 1089 3539 1145 charitatis
3563 1089 3872 1148 dilataverit

2267 1176 2454 1238 corda,
2487 1177 2762 1246 possessio
2789 1179 2940 1248 pacis
2970 1193 3076 1234 non
3103 1179 3160 1234 fit
3185 1190 3448 1251 angusta;
3480 1191 3665 1240 utttno
3680 1198 3869 1240 eorum

2268 1269 2524 1325 defuncto
2547 1271 2806 1342 deinceps
2827 1272 2939 1342 iam
2971 1273 3196 1344 singulis
3217 1275 3416 1346 singuli
3451 1277 3686 1346 pristino
3711 1292 3867 1334 more

2270 1361 2585 1417 succedant.
2645 1362 2756 1418 Nec
2798 1379 2998 1420 norum
3055 1366 3262 1437 aliquid
3294 1368 3413 1434 ,ﬁet
3456 1385 3468 1422 :
3501 1386 3626 1425 nam
3665 1371 3768 1427 hoc
3805 1372 3874 1427 ab

2271 1453 2442 1527 ipsius
2465 1459 2826 1527 separationis
2863 1461 3091 1516 exordio
3114 1501 3129 1526 ,
3173 1462 3225 1516 in
3253 1462 3336 1518 cis
3362 1465 3456 1534 qui
3479 1464 3742 1521 damnato
3779 1481 3878 1522 ne-

2270 1548 2423 1603 fariae
2445 1548 2784 1606 discissionis
2804 1567 2992 1607 errore
3021 1554 3238 1608 unitatis
3263 1553 3608 1613 dulcedinem
3634 1557 3718 1613 vel
3749 1573 3877 1614 sero

2272 1654 2591 1713 sapuerunt,
2619 1643 2884 1699 catholica
2913 1645 3135 1700 dilectio
3159 1646 3476 1702 custodirit.
3513 1667 3533 1701 ι

2349 1737 2436 1791 10.
2467 1737 2613 1792 Istud
2647 1754 2807 1808 porro
2833 1739 2901 1794 de
2930 1739 3142 1794 duobus
3168 1742 3438 1812 episcopis
3466 1742 3518 1798 in
3563 1759 3668 1798 una
3697 1744 3880 1801 eccle—

563 1832 706 1902 (μιοά
739 1834 790 1887 in
823 1834 906 1891 his
937 1836 1203 1902 ccclesiis,
1237 1839 1289 1895 in
1319 1839 1512 1910 quibus
1537 1841 1644 1897 duo
1674 1853 1856 1898 esse";
1886 1845 2162 1914 pmsuics,
2195 1836 2243 1897 Β
2271 1834 2348 1887 sia
2378 1833 2935 1904 simulrelinquendis
2955 1836 3240 1890 consilium
3267 1837 3503 1906 primum
3535 1837 3881 1895 Arelatensis

565 1939 703 1979 unus
730 1941 756 1978 a
787 1912 1047 1997 Majorino
1071 1971 1084 1993 ,
1115 1929 1251 1986 alter
1277 1945 1306 1983 a
1333 1929 1628 1988 Catholicis
1649 1912 1960 2001 ordinatus,
1988 1937 2038 1991 ei
2077 1936 2167 2006 qui

565 2018 714 2086 prior
733 2021 851 2098 erat
882 2019 1160 2076 ordinatus
1191 2022 1476 2079 ecclesiam
1505 2024 1700 2094 ipsam,
1732 2041 1894 2096 quam
1923 2029 2162 2098 regebat,

567 2099 646 2163 sic
674 2097 1000 2179 adiudicavit
1025 2154 1038 2178 ,
1088 2125 1141 2166 ttt
1173 2123 1228 2169 ct
1257 2113 1412 2170 alteri
1441 2115 1651 2186 plebem
1684 2117 1842 2172 aliam
1876 2097 2165 2190 regendam

569 2202 837 2271 provideri
867 2192 1024 2258 simul
1053 2205 1290 2274 juberet.

639 2285 690 2347 7.
736 2282 970 2349 Primum
1001 2313 1066 2351 ex
1093 2297 1174 2353 his
1208 2302 1647 2370 temperamentis
1672 2310 1892 2358 secutus
1931 2299 2167 2358 Htlarius

569 2373 902 2466 Pictavensis
933 2375 1216 2460 cpiscopus
1256 2407 1316 2448 se
1354 2408 1478 2449 cum
1509 2393 1800 2450 Gallicanis
1835 2395 2104 2466 episcopis
2135 2411 2164 2450 a

569 2465 844 2533 Saturnini
890 2489 946 2534 et
987 2466 1191 2536 Ursacii
1233 2491 1287 2539 et
1319 2482 1581 2552 Valentis,
1623 2486 1716 2554 qui
1746 2465 2072 2542 Arianorum
2115 2488 2166 2542 in

569 2562 861 2626 Occidente
887 2559 1050 2628 duces
1078 2582 1253 2638 erant,
1287 2577 1668 2631 communione
1696 2579 1986 2648 separavit,
2023 2597 2041 2630 ι
2077 2578 2167 2634 ln-

570 2663 718 2718 dulta
753 2666 964 2720 czeteris
995 2656 1337 2723 consortibus
1379 2683 1566 2724 eorum
1609 2670 1962 2740 resipiscendi
2004 2671 2168 2726 facul-

565 2765 712 2828 tate;
763 2766 940 2812 utnec
968 2759 1115 2828 pacis
1140 2759 1354 2814 abesset
1384 2761 1630 2816 voluntas
1651 2803 1666 2828 ,
1698 2769 1753 2817 et
1784 2761 2164 2832 principalium

571 2849 882 2904 mor‘bOrum
914 2837 1101 2905 ftetida
1131 2859 1183 2907 et
1212 2851 1263 2906 itt
1292 2853 1696 2921 corruptionem
1727 2845 1890 2910 totius
1919 2855 2167 2925 corporis

572 2944 811 2998 membra
835 2933 1172 3015 proﬁcientia
1199 2945 1603 3001 descearentur.
1638 2967 1656 2999 ι
1684 2947 1850 3018 quue
1875 2957 2058 3019 postea
2083 2963 2166 3003 re-

567 3035 708 3104 gula:
738 3035 908 3090 instar
936 3034 988 3089 in
1021 3035 1263 3090 Ecclesia
1294 3046 1610 3093 constanter
1639 3039 1890 3093 obtinuit.

641 3125 694 3181 8.
717 3126 890 3182 Alteri
919 3143 1122 3183 morem
1144 3141 1434 3200 gesserunt
1463 3147 1570 3185 non
1599 3132 1776 3187 solum
1803 3131 2042 3187 Africani
2071 3147 2163 3187 ca-

2272 1926 2463 1996 synodi
2499 1926 2763 1982 charitate
2793 1926 3070 1981 inventum
3117 1936 3282 1998 atque
3310 1930 3637 1986 auctoritate
3682 1929 3880 1986 fultum

2273 2016 2671 2083 leemontius,
2703 2028 2834 2073 tom.
2870 2035 2945 2081 γι.
2977 2035 3096 2090 pag.
3129 2020 3221 2086 49,
3253 2021 3551 2078 existimat.
3581 2021 3695 2078 Nec
3715 2021 3882 2079 aliam

2271 2108 2436 2164 affert
2463 2110 2738 2179 opinionis
2766 2127 2878 2166 sua:
2908 2113 3196 2181 rationem,
3225 2113 3328 2168 nisi
3358 2115 3502 2185 quod
3533 2115 3780 2172 Romano
3821 2118 3879 2172 in

2275 2203 2505 2257 eontilio
2530 2203 2676 2258 aliud
2705 2205 2848 2258 circa
2873 2205 3094 2261 eosdem
3117 2208 3404 2278 episcopos
3430 2223 3459 2262 a
3493 2208 3796 2266 Mclchiade
3823 2218 3883 2267 et

2274 2294 2438 2350 sociis
2487 2295 2766 2351 decretum
2809 2295 2926 2352 fuit.
2959 2298 3159 2354 Verum
3200 2316 3323 2356 cum
3372 2301 3562 2356 horum
3603 2302 3880 2358 sententia

2273 2402 2446 2457 neque
2507 2388 2574 2442 ab
2631 2389 2872 2458 Optato,
2929 2406 3103 2460 neque
3168 2393 3238 2447 ab
3302 2393 3636 2463 Augustino,
3705 2409 3886 2464 neque

2270 2481 2339 2536 ab
2381 2482 2491 2536 ullo
2537 2482 2648 2535 alio
2702 2483 2909 2553 integra
2959 2485 3272 2540 transmissa
3352 2487 3554 2554 fuerit,
3616 2487 3884 2544 afﬁrmari

2271 2584 2421 2630 certo
2451 2576 2671 2644 nequit,
2718 2576 2846 2630 illud
2891 2578 3156 2643 alterum,
3209 2579 3350 2649 quod
3379 2580 3493 2636 Afri
3523 2599 3544 2632 σ
3596 2581 3666 2637 ab
3710 2582 3885 2652 ipsius

2271 2670 2628 2738 separationis
2701 2672 2972 2724 exordio»
3030 2673 3171 2743 apud
3233 2689 3292 2729 se
3354 2675 3682 2731 custoditum
3755 2691 3882 2733 esse

2272 2768 2556 2828 testantur,
2604 2763 2654 2816 in
2686 2763 2771 2816 illa
2823 2765 3087 2820 sententia
3145 2766 3366 2822 minime
3415 2767 3583 2826 fuisse
3632 2771 3884 2841 proposi-

2273 2864 2407 2909 tum.
2465 2855 2645 2911 Potuit
2675 2856 2819 2910 ettim
2877 2857 3011 2924 licri,
3070 2869 3126 2912 ut
3175 2860 3411 2914 Romana
3461 2861 3740 2932 synodus,
3788 2863 3883 2918 cui

2272 2947 2604 3002 Mclchiadcs
2628 2958 2878 3019 praeerat,
2923 2966 3027 3004 non
3072 2967 3230 3007 unam
3282 2953 3334 3008 in
3362 2955 3624 3020 ecclesiis,
3659 2957 3712 3011 in
3758 2957 3884 3026 qui-

2270 3038 2370 3093 bus
2408 3038 2515 3094 duo
2563 3045 2743 3094 essent
2797 3041 3068 3111 episcopi,
3123 3044 3508 3114 componendae
3554 3041 3699 3117 pacis
3735 3047 3880 3104 viam

2271 3132 2550 3204 panderet.
2605 3133 2717 3189 lloc
2755 3143 2902 3189 certe
2948 3135 3016 3190 ab
3066 3135 3255 3192 iisdem
3305 3136 3450 3193 Afris
3496 3137 3693 3195 factum
3745 3140 3883 3211 legi-

571 3219 758 3275 tholici
787 3236 910 3290 erga
946 3220 1251 3277 Donatistas
1292 3223 1360 3277 ad
1403 3224 1664 3279 unitatem
1702 3224 2025 3291 redeuntes,
2067 3227 2164 3281 sed
2194 3231 2239 3294 ε
2273 3240 2390 3279 mus
2412 3267 2424 3288 ,
2473 3223 2563 3295 qni
2590 3240 2712 3280 cum
2743 3226 2898 3280 unius
2920 3227 3165 3282 ecclesiae
3211 3245 3393 3284 curam
3425 3230 3636 3288 duobus
3667 3232 3884 3303 episco-

570 3321 625 3368 ct
666 3312 822 3382 longe
868 3323 1054 3383 postea
1098 3313 1249 3369 Felix
1278 3313 1344 3381 ll,
1396 3331 1566 3385 papa,
1616 3325 1671 3371 ut
1711 3318 2062 3374 ecclesiarum
2095 3319 2165 3374 ob

573 3408 752 3462 Acacii
793 3421 1010 3463 causam
1054 3409 1346 3464 scissarum
1386 3409 1898 3480 redintegrationem
1943 3412 2166 3482 expedi-

573 3501 766 3556 tiorem
818 3500 1226 3573 facilioremque
1279 3503 1572 3570 redderet,
1629 3523 1648 3556 σ
1685 3505 1880 3572 nobis,
1915 3525 1933 3560 ι
1994 3507 2167 3578 inquit

570 3597 730 3667 epist.
761 3596 852 3662 12,
875 3596 942 3653 ad
975 3596 1260 3663 Flavitam,
1292 3615 1349 3654 n.
1379 3601 1434 3664 4,
1467 3617 1489 3651 σ
1525 3600 1635 3655 Deo
1662 3600 1960 3672 inspirante
1985 3603 2164 3672 provi—

570 3691 715 3746 suris
758 3690 1216 3746 rationabiliter...
1256 3700 1313 3746 ut
1356 3707 1543 3748 eorum
1593 3708 1734 3763 quos
1776 3694 2043 3749 ordinavit
2084 3694 2166 3750 vel

571 3783 861 3853 baptizavit
895 3784 1123 3838 Aeacius
1143 3825 1160 3851 ,
1193 3785 1337 3840 salva
1367 3783 1714 3840 confessione
1738 3785 2002 3840 catholica
2024 3827 2038 3852 ,
2073 3801 2168 3855 pro

572 3875 850 3931 charitatis
902 3874 1162 3932 Ecclesia:
1219 3876 1678 3947 redintegratione
1731 3877 1863 3932 nihil
1924 3886 2161 3947 pereat.»

572 3967 725 4036 Quod
765 3969 982 4039 quidem
1009 3968 1172 4024 illaesa
1201 3969 1305 4026 [ide
1351 3969 1614 4040 indulgeri
1651 3984 1809 4040 posse
1835 3969 1948 4026 Afri
1982 3969 2168 4026 catho-

573 4061 659 4118 lici
683 4063 739 4118 in
758 4063 1006 4135 epistola,
1035 4080 1156 4134 qua:
1177 4063 1482 4120 collationis
1506 4063 1950 4136 Cartltagincnsis
1979 4066 2168 4136 cogni-

573 4157 704 4210 tioni
735 4157 788 4222 l,
817 4170 937 4226 cap.
975 4156 1062 4221 l6,
1097 4158 1297 4212 inserta
1336 4166 1458 4224 est,
1504 4157 1605 4213 hac
1642 4158 1852 4214 ratione
1889 4159 2123 4228 probant
2153 4178 2164 4213 :

579 4266 596 4298 ι
633 4247 818 4317 Neque
844 4248 990 4304 enim
1014 4249 1065 4304 in
1095 4250 1175 4304 eis
1200 4249 1397 4305 divinas
1421 4261 1761 4306 sacramenta
1786 4249 2046 4316 veritatis,
2073 4249 2170 4305 sed

571 4351 874 4397 commenta
903 4340 1123 4397 humani
1151 4342 1482 4399 detestamur
1509 4343 1740 4408 erroris;
1773 4343 1970 4414 quibus
1995 4343 2171 4398 subla-

574 4436 643 4489 tis
665 4477 680 4502 ,
724 4433 1022 4492 fraternum
1056 4445 1243 4506 pectus
1269 4437 1647 4507 amplectimur
1671 4437 1979 4492 Christiana
2012 4437 2168 4492 nobis

569 4528 838 4586 eharitate
881 4530 1252 4601 coniunctum.
1278 4550 1296 4584 ο
1330 4532 1589 4588 Eamdem
1636 4532 1899 4588 rationem
1935 4532 2172 4603 pluribus

2269 3309 2351 3388 pis
2377 3318 2536 3372 simul
2556 3311 2966 3388 permittendam
2992 3323 3420 3392 proposuissent,
3446 3322 3548 3380 hoc
3563 3325 3790 3381 alterum
3811 3326 3883 3383 de

2268 3401 2478 3465 duobus
2495 3409 2811 3466 amovendis
2826 3411 3002 3466 statim
3021 3413 3308 3483 subjiciunt
3325 3434 3338 3470 :
3353 3435 3370 3468 ‹
3383 3417 3550 3472 Autsi
3566 3417 3707 3475 forte
3720 3416 3883 3474 Chri-

2270 3503 2427 3558 stiani
2452 3499 2630 3573 populi
2658 3493 2880 3574 singulis
2897 3503 3233 3561 delectantur
3247 3508 3540 3579 episcopis,
3565 3518 3619 3565 et
3645 3509 3880 3566 duorum

2270 3595 2624 3661 Consortium,
2657 3596 2910 3651 inusitata
2939 3613 3117 3653 rerum
3151 3597 3309 3666 facie,
3343 3601 3575 3658 tolerare
3613 3618 3718 3658 non
3753 3618 3880 3672 pos-

2269 3697 2393 3745 sunt
2431 3705 2444 3743 :
2477 3689 2693 3760 utrique
2744 3689 2810 3744 de
2844 3683 3021 3744 medio
3050 3692 3389 3760 secedamus,
3424 3703 3479 3749 et
3517 3694 3785 3763 ecclesiis,
3824 3695 3880 3751 in

2271 3783 2496 3854 singulis
2537 3775 2788 3839 damnata
2832 3777 3136 3842 schismatis
3179 3803 3361 3856 causa,
3415 3789 3469 3844 in
3526 3790 3733 3846 unitate
3782 3807 3882 3861 pa—

2271 3873 2422 3930 Cifica
2451 3875 2757 3931 constitutis
2777 3917 2790 3943 ,
2824 3877 2890 3932 ab
2915 3867 2996 3932 his
3023 3879 3110 3949 qui
3145 3880 3339 3952 singuli
3397 3882 3449 3936 in
3487 3884 3734 3940 ccclesiis
3762 3885 3882 3941 sin-

2271 3968 2410 4040 gulis
2452 3969 2826 4036 invenientur,
2876 3973 3064 4026 unitati
3096 3973 3246 4029 facta:
3283 3991 3374 4044 per
3415 3976 3532 4032 loca
3566 3982 3878 4036 necessaria

2272 4061 2668 4115 constituantur
2700 4061 2960 4134 episc0pi.
3005 4082 3022 4115 ι
3077 4063 3207 4132 Qum
3254 4066 3414 4122 verba
3446 4066 3774 4140 Augustinus
3825 4074 3881 4126 in

2276 4149 2579 4216 Breviculo,
2630 4152 2753 4207 coll.
2804 4154 2987 4224 prima:
3018 4149 3123 4210 diei
3147 4198 3160 4221 ,
3207 4172 3324 4227 cap.
3362 4156 3415 4223 5,
3447 4159 3525 4216 sic
3557 4162 3876 4219 summatim

2274 4243 2472 4308 reddit,
2503 4254 2714 4314 pactum
2745 4259 2864 4299 esse
2893 4261 2921 4298 a
2953 4245 3235 4302 catholicis
3276 4246 3502 4318 docens,
3535 4260 3595 4306 ut
3627 4270 3646 4303 ι
3688 4253 3732 4308 si
3767 4253 3884 4324 ple—

2274 4335 2370 4393 bes
2401 4337 2535 4392 duos
2560 4339 2609 4392 in
2635 4353 2737 4391 una
2769 4337 2998 4393 ecclesia
3028 4340 3312 4412 episcopos
3329 4339 3474 4400 ferre
3501 4361 3606 4400 non
3627 4356 3879 4417 possent,

2278 4425 2520 4500 utrisque
2545 4428 2612 4484 de
2629 4428 2808 4484 medio
2832 4429 3234 4500 recedentibus,
3255 4434 3453 4506 singuli
3473 4437 3880 4496 constitueren-

2277 4527 2364 4574 tur
2391 4521 2653 4611 episcopi,
2683 4521 2751 4575 ab
2780 4521 2858 4576 eis
2889 4521 3156 4593 episcopis
3186 4524 3503 4596 ordinandi,
3553 4529 3642 4599 qui
3675 4529 3726 4584 in
3765 4532 3882 4587 suis

570 4622 801 4692 explicat
825 4632 881 4679 ει
919 4623 1150 4680 mnum
1179 4625 1500 4681 Anastasius
1530 4624 1594 4692 1|,
1629 4640 1761 4696 papa
1785 4667 1798 4689 ,
1833 4625 2074 4680 scribens
2104 4623 2173 4679 ad
2200 4628 2254 4689 D
2282 4611 2537 4690 plebibus
2569 4619 2766 4692 singuli
2818 4621 3210 4677 invenirentur.
3250 4641 3269 4673 ›
3301 4617 3368 4677 Ει
3400 4623 3463 4677 iis
3492 4623 3709 4693 quidem
3753 4625 3880 4681 novi

568 4717 912 4773 Anastasium
940 4718 1092 4788 imp.,
1124 4735 1180 4774 η.
1213 4721 1266 4774 8.
1299 4718 1400 4775 Ubi
1428 4720 1482 4774 in
1509 4727 1849 4775 antecessum
1873 4735 2169 4786 praemone-

568 4826 710 4876 mus,
739 4827 897 4881 quam
922 4809 1117 4866 frustra
1143 4811 1282 4867 idem
1312 4811 1631 4868 Anastasius
1664 4827 1798 4882 papa
1827 4811 1970 4881 apud
2003 4811 2168 4865 llinc-

569 4917 814 4970 marum,
850 4913 981 4959 tom.
1010 4921 1048 4959 Il
1069 4945 1084 4970 ,
1116 4920 1237 4975 pag.
1268 4905 1378 4959 978
1399 4945 1412 4967 .
1455 4906 1624 4960 sacris
1665 4904 1966 4959 canonibus
1996 4911 2052 4959 et
2075 4903 2168 4957 de-

568 4997 734 5052 cretis
771 4997 1118 5054 decessorum
1164 5009 1270 5052 non
1306 4997 1595 5054 convenire
1637 5005 1798 5068 atque
1835 4994 2169 5050 concordare

568 5089 770 5146 idcir¢o
800 5091 1011 5148 dicatur
1032 5135 1047 5160 ,
1098 5084 1240 5162 quod
1273 5091 1551 5147 erdittato$
1581 5093 1646 5146 ab
1678 5081 1875 5146 Aeacio
1913 5089 2169 5144 damnato

565 5183 621 5238 in
653 5185 769 5238 suis
797 5184 1076 5240 ordinibus
1118 5183 1362 5252 recipere
1406 5197 1514 5237 non
1551 5183 1876 5236 detrectaret
1909 5199 1920 5236 :
1954 5197 2077 5236 cum
2108 5180 2170 5234 il-

568 5275 680 5330 lum
710 5289 774 5330 ea
807 5276 862 5329 in
890 5290 988 5340 re,
1034 5283 1090 5330 et
1119 5275 1468 5331 decessurum
1511 5287 1733 5329 suorum
1765 5273 2076 5329 Melchiadis
2107 5288 2170 5328 ac

569 5363 784 5435 Felicis,
819 5371 872 5421 et
903 5355 1154 5422 Afrorum
1206 5365 1440 5424 decretis
1488 5363 1805 5422 obsecutttm
1836 5372 1955 5424 esse
1987 5365 2162 5437 palam

568 5460 659 5515 sit.

653 5552 705 5607 9.
760 5551 1000 5606 Tertium
1050 5553 1240 5607 imitati
1293 5561 1418 5608 sunt
1458 5552 1694 5608 Africani
1749 5552 2006 5623 episcopi,
2070 5568 2165 5623 per

569 5643 876 5715 epistolam,
905 5659 1025 5715 qua:
1042 5644 1346 5700 collationis
1363 5641 1835 5718 Cartltag.jcognit.
1863 5657 1901 5712 ι,
1923 5661 2044 5717 cap.
2074 5647 2159 5712 16,

569 5736 768 5790 inserta
811 5741 914 5803 est,
963 5752 1190 5808 quicque
1237 5738 1380 5809 apud
1408 5737 1760 5809 Augustinum
1786 5737 1962 5794 exstat
2002 5739 2160 5810 epist.

575 5827 700 5897 128,
733 5829 1023 5887 Donatistis
1049 5831 1403 5903 pollicentes,
1438 5847 1532 5888 eos
1562 5848 1591 5888 a
1619 5848 1708 5900 se,
1763 5832 1805 5887 si
1835 5832 2066 5890 convicti
2095 5833 2162 5889 ad

2281 4709 2439 4783 hujus
2474 4715 2882 4782 temperamenti
2911 4723 3036 4768 ante
3068 4713 3438 4770 Arelatensem
3483 4713 3751 4785 synodum
3776 4758 3791 4784 ,
3831 4716 3881 4772 si

2276 4822 2390 4861 rem
2419 4822 2482 4861 ex
2518 4807 2707 4863 ordine
2738 4818 2919 4862 narrat
2943 4807 3189 4877 Optatos,
3211 4809 3320 4877 jam
3343 4809 3668 4878 praeluserat
3688 4826 3884 4867 exem-

2276 4901 2462 4969 plttm:
2514 4913 2635 4955 cum
2680 4900 3062 4973 Carthaginem
3123 4903 3271 4957 missi
3324 4903 3432 4959 sint
3469 4903 3771 4959 Eunomlus
3824 4914 3882 4960 et

2275 4991 2574 5064 Olympius,
2606 4994 2694 5063 qui
2721 4993 2934 5048 duobus
2957 4993 3082 5049 inde
3098 4995 3314 5062 amotis,
3345 5011 3508 5048 unum
3536 4993 3876 5051 ordinarent.

2353 5089 2442 5142 11.
2473 5087 2678 5157 Netnpc
2695 5087 2921 5158 Optatos
2936 5090 3135 5152 verbis,
3163 5090 3359 5157 quibus
3386 5089 3701 5144 Melchiadis
3725 5091 3882 5158 judi-

2278 5181 2419 5234 cium
2452 5181 2692 5235 clausum
2717 5189 2821 5246 est,
2853 5183 3037 5236 relatis
3064 5183 3316 5252 proxime
3346 5181 3565 5253 subjicit
3586 5200 3598 5236 :
3619 5198 3638 5232 ε
3664 5181 3886 5239 Sufﬁcit

2281 5291 2408 5345 ergo
2433 5283 2483 5328 et
2507 5273 2770 5328 Donatum
2791 5281 2867 5329 tot
2887 5274 3174 5330 sententiis
3193 5290 3507 5344 percussum
3525 5290 3668 5339 esse,
3696 5275 3883 5330 etCm-

2281 5371 2532 5424 ciiianum
2557 5369 2922 5439 tantojudicio
2942 5385 3064 5424 esse
3080 5379 3387 5439 purgatum.
3409 5369 3476 5423 Et
3495 5377 3673 5424 tamen
3697 5369 3882 5424 Dona-

2273 5471 2360 5516 tus
2391 5461 2772 5531 appellandnm
2806 5476 2926 5516 esse
2954 5462 3021 5516 ab
3063 5462 3337 5532 episcupis
3369 5461 3620 5517 credidit.
3651 5481 3669 5513 ι
3694 5459 3796 5516 Ubi
3831 5462 3878 5517 si

2272 5554 2562 5624 appellatio
2594 5569 2622 5606 a
2651 5552 2964 5608 Melchiadis
2991 5554 3262 5608 sententia
3295 5551 3589 5621 indicatur,
3623 5551 3688 5607 ad
3714 5567 3878 5607 earn-

2273 5648 2396 5705 dem
2447 5648 2676 5703 attinere
2705 5647 2937 5715 videtur,
2970 5647 3111 5717 quod
3144 5647 3283 5703 idem
3314 5647 3543 5719 Optatus
3566 5645 3877 5702 subnectit:

2281 5757 2300 5792 ι
2335 5741 2414 5796 Ad
2453 5755 2613 5811 quam
2663 5739 3084 5810 appellationem
3131 5740 3518 5797 Constantinus
3574 5741 3880 5810 imperator

2273 5836 2350 5892 sic
2393 5833 2674 5907 respondit
2707 5849 2720 5889 :
2754 5834 2798 5891 Ο
2833 5833 3016 5892 rabida
3063 5833 3259 5892 furoris
3305 5836 3558 5895 audacia!
3613 5835 3761 5894 Sicut
3819 5836 3881 5896 in
