4104 6368
238 307 304 364 57
1057 302 1474 362 MELGHIADIS
1511 297 1830 358 JUDlClUM
1869 296 2058 365 BONA
2070 295 2295 355 ΤΙὸΤᾹζ
2334 293 2718 356 μεθιιυυκτ.
3468 299 3536 356 38

239 421 411 475 eausis
464 417 758 474 Gentilium
798 417 912 474 ﬁeri
941 418 1165 486 assolet,
1200 419 1620 490 appellationem
1673 418 1838 472 inter-
1863 419 1916 480 Α
2015 416 2103 470 15.
2138 415 2311 472 Unum
2353 416 2555 483 adhuc,
2583 417 2726 473 unde
2757 415 3039 489 disciplina
3067 415 3437 474 ecclesiastica
3475 417 3540 470 il-

242 522 556 584 losucrunt.
586 511 789 569 Eodem
822 523 1069 584 tempore
1099 514 1238 566 idem
1272 513 1508 566 Donatus
1540 511 1732 582 petiit,
1783 519 1840 564 ut

242 607 285 660 ci
319 606 516 659 reverti
553 605 790 659 licuisset
816 605 922 675 (ita
953 623 1048 660 ms.
1067 603 1310 659 German.
1336 604 1376 676 ),
1410 619 1508 659 nec
1527 603 1592 657 ad
1610 602 1838 658 Cartlta~

244 685 417 768 ginem
449 693 757 751 accederet.
785 682 936 750 Tunc
979 711 1008 749 a
1037 695 1309 750 Filumino
1332 693 1693 764 suffragatore
1712 708 1842 763 sug-

245 799 449 861 gestum
491 799 597 853 est,
630 798 684 844 ut
711 789 856 844 bono
886 789 1036 859 pacis
1065 788 1387 843 Caecilianus
1416 787 1613 842 Brixiae
1641 786 1844 840 retine-

247 892 392 938 retur
421 899 434 934 :
467 890 520 936 et
545 869 744 936 factum
777 894 881 936 est.
926 882 1077 936 Tunc
1108 881 1216 936 duo
1243 881 1484 952 episc0pi
1513 879 1580 935 ad
1611 878 1846 934 Africam

247 976 395 1031 missi
423 982 585 1044 sunt,
615 963 919 1031 Eunomius
948 985 1002 1031 et
1027 974 1343 1047 Olympius:
1379 983 1437 1030 ut
1458 974 1683 1029 remotis
1711 972 1850 1028 duo-

248 1069 346 1126 bus
373 1087 541 1125 unum
583 1069 926 1125 ordinarent.
977 1069 1255 1125 Venerunt
1292 1077 1347 1124 et
1395 1068 1536 1137 apud
1572 1066 1852 1137 Carthagi-

250 1179 405 1219 nem:
439 1164 657 1218 i‘uerunt
678 1180 773 1235 per
794 1163 910 1219 dies
933 1165 1005 1220 40
1031 1203 1048 1230 ,
1074 1173 1130 1218 ut
1155 1163 1566 1233 pronuntiarent
1593 1162 1681 1216 ubi
1710 1169 1855 1216 esset

250 1256 538 1314 catholica.
572 1253 684 1312 Hoc
717 1257 972 1312 seditiosa
1004 1271 1129 1327 pars
1176 1255 1368 1310 Donati
1398 1253 1518 1311 ﬁeri
1556 1269 1713 1324 passa
1748 1267 1854 1307 non

252 1360 352 1407 est.
389 1350 462 1405 De
491 1347 674 1405 studio
702 1350 934 1420 partium
965 1348 1224 1419 strepitus
1255 1348 1560 1419 quOtidiani
1605 1355 1733 1402 sunt
1761 1345 1857 1400 ha-

251 1443 368 1501 biti.
421 1445 726 1501 Novissima
784 1447 1054 1502 sententia
1120 1447 1436 1502 eorumdem
1479 1445 1857 1515 episcoporum

253 1537 507 1593 Eunomii
539 1547 591 1592 et
638 1529 876 1608 Olympii
917 1538 1041 1593 talis
1090 1538 1306 1609 legitur,
1359 1545 1418 1592 ut
1444 1537 1689 1592 dicerent
1715 1535 1860 1589 illam

255 1646 374 1686 esse
403 1629 753 1699 catholicam,
777 1647 898 1700 qua:
922 1641 1071 1686 esset
1099 1632 1153 1686 in
1181 1643 1294 1686 toto
1321 1632 1453 1686 orbe
1477 1639 1744 1686 terrarum
1767 1670 1779 1694 ,
1808 1637 1864 1683 et

255 1725 581 1780 sententiam
623 1711 812 1779 decem
860 1731 913 1779 et
958 1739 1154 1780 novem
1197 1726 1579 1796 episcoporum
1609 1725 1742 1794 (hoc
1789 1733 1864 1777 est

1946 509 2225 578 lustratur,-
2257 512 2400 566 circa
2431 513 2758 567 sententiam
2790 505 3103 568 Melcltladis
3147 511 3218 567 ab
3243 509 3542 582 Augustino

1945 607 2192 673 superius
2221 603 2512 668 laudatam,
2547 604 2945 659 observandum
2978 607 3145 659 restat-
3171 621 3184 655 :
3213 600 3357 674 Quod
3397 601 3545 658 vide:

1947 695 2070 751 licet
2100 697 2152 751 iu
2177 697 2610 767 quibuscumque
2649 696 2781 752 locis
2819 697 2928 752 duo
2953 705 3136 752 essent
3164 696 3444 767 episcopi,
3474 695 3548 750 ita

1949 804 2072 844 eunt
2098 789 2410 844 conﬁrmari
2444 791 2616 844 voluit
2651 792 2745 860 qui
2795 791 2980 845 ruisset
3012 789 3160 861 prldr
3191 789 3489 854 ordinatus,
3523 797 3545 841 ὑ

1953 893 2007 938 ut
2040 893 2215 938 tamen
2253 902 2270 935 ι
2302 885 2456 939 alteri
2482 897 2673 939 eorum
2725 884 2874 954 plebs
2903 883 3009 938 alia
3043 880 3275 955 regenda
3301 881 3552 937 commit-

1955 987 2182 1033 teretur.
2223 997 2244 1030 ι
2281 977 2379 1033 Cui
2407 977 2618 1049 judicio
2662 977 2718 1033 in
2772 976 3186 1048 Carthagiutmsl
3240 973 3549 1045 collatione,

1954 1087 2108 1142 cogn.
2141 1088 2176 1138 ι,
2207 1087 2328 1143 cap.
2365 1072 2454 1139 16,
2481 1071 2992 1143 congruentesllir'i,
3027 1071 3119 1126 ubi
3141 1079 3246 1126 non
3277 1077 3414 1126 uitus
3434 1071 3551 1124 tan-

1958 1173 2091 1230 tum,
2124 1164 2220 1219 sed
2249 1173 2304 1220 et
2324 1162 2484 1220 ambo
2500 1165 2761 1234 episcopi,
2795 1163 3103 1234 postulante
3133 1162 3351 1235 populo,
3380 1166 3556 1217 remo-

1957 1255 2119 1311 vendi
2140 1267 2288 1325 Sttut,
2312 1256 2539 1327 singulis
2561 1258 2802 1326 singulas
2821 1256 3085 1312 ecclesias
3105 1252 3420 1310 tribuendas
3436 1267 3558 1310 esse

1960 1351 2276 1406 decernunt.
2330 1351 2454 1407 ideo
2490 1363 2624 1406 vero
2668 1350 2809 1406 istud
2841 1348 3126 1407 observata
3153 1349 3374 1421 dignum
3403 1355 3554 1421 puto,

1961 1445 2085 1515 quia
2131 1443 2415 1501 efﬂuxisse
2445 1444 2573 1500 hinc
2602 1445 2824 1501 Videtur
2872 1453 2990 1501 mos
3031 1445 3260 1501 Subinde
3293 1445 3517 1501 usitatus
3540 1487 3558 1514 ,

1962 1539 2248 1608 episc0pos
2273 1541 2361 1610 qui
2390 1555 2418 1594 a
2443 1541 2676 1610 protiriis
2703 1535 2948 1610 plebllith
2975 1537 3067 1594 aut
3093 1546 3199 1595 non
3219 1539 3441 1596 admissi
3470 1543 3562 1596 aut

1965 1630 2350 1699 eapulsisunt,
2400 1632 2468 1686 ad
2505 1633 2639 1688 alias
2691 1631 2949 1688 ecclesias
2996 1625 3374 1688 transferendi.
3431 1627 3563 1688 Inde

1969 1737 2102 1778 sane
2149 1723 2282 1778 nihil
2312 1733 2510 1795 przeter
2540 1725 2816 1796 antiquam
2858 1721 3196 1796 diSCiplinani
3225 1723 3564 1783 commisisse

257 1805 570 1870 Melcltiadis
597 1824 640 1869 et
664 1814 966 1886 sociorum),
990 1816 1102 1886 jam
1128 1816 1332 1872 dudum
1361 1818 1541 1872 datam
1570 1832 1677 1870 non
1704 1829 1864 1886 posse
1895 1813 1943 1884 Β
1969 1817 2428 1888 comprobantur,
2481 1821 2594 1875 sive
2642 1820 2842 1876 Leonis
2897 1821 3151 1877 decessor
3204 1817 3406 1893 Xj‘Stus
3456 1819 3523 1877 ΙΙΙ
3547 1861 3562 1887 ,

256 1914 501 1969 dissolvi.
541 1932 559 1966 ι
594 1913 699 1970 Sed
723 1914 1141 1984 appellationem
1175 1915 1244 1969 ab
1279 1912 1476 1984 Optato
1504 1915 1709 1978 notari,
1744 1927 1864 1983 quae

258 2010 580 2065 Arelatense
607 2008 898 2064 concilium
941 2009 1194 2078 excepit,
1227 2017 1282 2063 et
1310 2007 1376 2064 ad
1415 2008 1502 2074 id,
1551 2007 1693 2078 quod
1746 2017 1867 2077 post

259 2100 400 2156 idem
441 2100 733 2156 concilium
767 2101 1011 2172 contigit,
1041 2101 1308 2168 reliquam
1350 2100 1715 2154 narrationem
1747 2114 1869 2168 per-

261 2193 436 2248 tinere
464 2191 592 2247 hinc
639 2193 795 2261 plane
823 2192 980 2248 nobis
1019 2203 1100 2247 est
1131 2206 1486 2262 persuasum:
1526 2190 1577 2246 ιο
1604 2191 1746 2260 quod
1780 2206 1870 2244 su-

266 2288 480 2356 periora
510 2284 853 2340 Constantini
905 2285 1106 2350 verba,
1147 2303 1166 2337 (
1215 2281 1260 2338 Ο
1303 2283 1486 2339 rabida
1531 2282 1727 2338 furoris
1773 2298 1871 2337 au-

268 2367 452 2433 dacia!
478 2379 632 2436 Sicut
661 2365 714 2431 in
739 2375 921 2432 causis
941 2375 1256 2442 Gentilium,
1279 2384 1407 2440 etc.,
1443 2395 1461 2428 ι
1493 2391 1559 2430 ex
1579 2375 1874 2444 Imperato-

273 2471 347 2527 ris
376 2471 539 2542 hujus
569 2471 799 2541 epistola
827 2470 893 2524 ad
923 2471 1208 2540 episcenos
1236 2469 1326 2540 qui
1350 2468 1573 2524 Arelate
1603 2482 1874 2522 convene-

276 2574 397 2619 rant
451 2553 616 2637 (apud
651 2548 800 2630 Lab.,
829 2574 952 2617 tom.
1002 2579 1017 2616 ι
1054 2561 1282 2626 Concil.,
1340 2579 1459 2633 pag.
1519 2562 1682 2628 1431,
1715 2561 1766 2614 d.
1801 2558 1876 2631 c.)

278 2657 550 2727 descripta
582 2658 691 2710 sint
723 2674 734 2708 :
770 2655 968 2711 deinde
997 2654 1141 2726 quod
1172 2656 1529 2725 Augustinus,
1561 2656 1720 2724 epist.
1769 2655 1874 2721 45,

281 2765 333 2804 n.
362 2748 457 2816 20,
491 2747 828 2805 Arelatensis
855 2748 1072 2802 concilii
1096 2746 1361 2817 judicium
1393 2755 1448 2801 et
1501 2747 1568 2801 ab
1597 2762 1663 2802 eo
1691 2747 1879 2816 appel-

282 2831 562 2909 lationem,
592 2856 802 2896 necnon
834 2857 1044 2910 acquam
1073 2839 1422 2910 Imperatoris
1454 2839 1883 2910 indignationem

284 2940 388 2996 hoc
426 2928 621 2995 ordine
671 2939 1043 3009 perstringat:
1075 2955 1092 2990 t
1156 2936 1342 3008 Neque
1400 2937 1545 2992 enim
1587 2949 1752 2990 ausus
1802 2943 1886 2989 est

284 3034 614 3088 christianos
644 3034 942 3100 imperator
986 3031 1066 3086 sic
1107 3045 1298 3086 eorum
1331 3030 1688 3085 tumultuosus
1709 3037 1764 3083 et
1787 3027 1887 3082 fal-

285 3128 430 3183 laces
457 3125 712 3197 querelas
737 3124 1036 3194 suscipere,
1073 3134 1132 3179 ut
1156 3123 1226 3180 de
1248 3123 1452 3195 judicio
1481 3123 1886 3193 episcoporum,

1970 1912 2129 1980 epist.
2186 1913 2254 1978 8,
2313 1921 2437 1968 cum
2487 1913 2805 1984 Perigeucm
2859 1909 3208 1970 Patrensibus
3261 1914 3567 1969 ordinatum

1970 2005 2283 2074 episcopum
2309 2049 2322 2072 ,
2357 2007 2451 2061 sed
2485 2008 2554 2062 ab
2584 2008 2666 2063 his
2694 2015 3022 2076 recusatum,
3067 2003 3363 2063 Corinthiis
3394 2008 3571 2079 praeti-

1971 2097 2221 2154 ciendum
2249 2101 2458 2154 curavit
2486 2118 2498 2164 ;
2530 2102 2641 2156 sit'e
2670 2101 2912 2172 ejusdem
2942 2101 3141 2158 Leonis
3170 2113 3457 2158 successor
3486 2099 3571 2158 Hi-

1975 2190 2164 2258 larius,
2197 2193 2288 2247 ubi
2318 2193 2572 2260 llertnen,
2609 2196 2698 2264 qui
2731 2209 2788 2249 se
2817 2201 2846 2248 a
2875 2195 3275 2251 Biterrensibus
3295 2195 3573 2251 exelusum

1975 2284 2223 2352 dicebat,-
2257 2283 2704 2341 Narbonen‘slbus
2749 2292 2982 2356 praeesse
3036 2286 3281 2357 permisit
3320 2283 3574 2361 (Biton,

1977 2395 2058 2450 ep.
2109 2380 2189 2451 8),
2220 2395 2316 2435 seu
2342 2379 2579 2436 Joannes
2601 2378 2830 2448 lll,chm
2859 2380 3053 2436 Joanni
3080 2379 3448 2437 Alexandrino
3470 2381 3578 2452 cpi-

1981 2489 2146 2543 scopo
2170 2490 2201 2529 e
2227 2477 2442 2546 propria
2470 2477 2743 2531 civitatate
2765 2472 2993 2546 expulso
3013 2472 3274 2532 Nolanam
3293 2477 3577 2532 ecclesiam

1982 2567 2272 2636 regendum
2311 2567 2530 2621 tradidit
2571 2565 2856 2638 (Liberet,
2890 2585 2934 2622 c.
2963 2566 3076 2638 18).
3105 2559 3181 2622 Ea
3213 2567 3328 2638 ipsa
3371 2568 3582 2624 ratione

1984 2669 2274 2716 excusatur
2306 2672 2524 2732 quoque
2546 2661 2796 2731 migratio
2823 2657 3118 2730 Aprilitculi
3138 2703 3152 2728 ,
3185 2661 3305 2730 qui,
3340 2657 3415 2715 uti
3445 2657 3581 2716 Gre-

1986 2754 2170 2823 gorius
2219 2754 2572 2821 Turonensis,
2606 2755 2699 2810 lib.
2729 2755 2862 2810 nde
2893 2753 3073 2811 Gestis
3110 2753 3439 2808 Francorum
3464 2795 3480 2821 ,
3530 2767 3581 2809 c.

1987 2847 2082 2915 35,-
2107 2849 2463 2915 etBaronitis,
2497 2849 2563 2904 ad
2592 2855 2792 2904 annum
2821 2848 2926 2904 484
2948 2891 2961 2914 ,
3013 2846 3278 2917 referunt,
3317 2859 3336 2900 ‹
3384 2841 3586 2918 Lingo-

1990 2943 2126 2998 nicm
2173 2943 2408 2998 civitatis
2459 2944 2765 3014 episcopus,
2832 2939 2973 3013 apud
3019 2935 3431 3014 Burgundiones
3479 2947 3590 2999 coa-

1990 3038 2069 3107 pit
2097 3037 2282 3092 haberi
2311 3043 2598 3109 suspectus
2629 3056 2640 3091 :
2672 3043 2905 3108 cumque
2931 3035 3114 3092 odium
3145 3037 3214 3092 de
3241 3035 3327 3090 die
3365 3038 3418 3091 iii
3447 3029 3590 3090 diem

1993 3137 2300 3196 cresceret,
2331 3130 2540 3199 jussum
2586 3133 2669 3185 est
2709 3133 2765 3184 ut
2795 3130 2932 3184 clam
2962 3126 3142 3199 gladio
3174 3127 3445 3184 feriretur.
3474 3128 3593 3196 Quo

285 3223 377 3294 qui
425 3222 618 3277 Romae
658 3220 935 3285 sederant.
982 3218 1416 3290 ipseiudicaret;
1476 3217 1574 3273 sed
1619 3217 1780 3282 alios,
1830 3223 1890 3270 ut
1918 3208 1966 3286 Ο
1996 3222 2062 3275 ad
2093 3236 2219 3278 eum
2249 3223 2462 3294 perlato
2492 3226 2699 3290 nuntio,
2727 3227 2886 3277 nocte
2912 3227 2941 3276 ιι
2971 3225 3152 3277 c'astt'o
3169 3217 3476 3277 Divio‘nensi
3500 3235 3594 3288 per

286 3317 422 3384 dixi,
459 3317 750 3388 episcopos
795 3313 970 3381 dedit,
997 3329 1025 3368 a
1057 3313 1253 3384 quibus
1283 3322 1460 3369 tamen
1493 3313 1570 3367 illi
1614 3312 1678 3366 ad
1715 3312 1888 3381 ipsum

287 3428 505 3470 rursum
549 3411 936 3480 Imperatorem
987 3423 1288 3478 provocare
1320 3409 1663 3462 maluerunt:
1698 3419 1802 3474 qua
1838 3405 1889 3458 iu

287 3523 351 3564 re
377 3507 498 3562 illos
526 3503 980 3576 quemadmodum
1016 3504 1315 3558 detestetur
1343 3502 1588 3557 audistis.
1614 3519 1632 3552 ι
1667 3500 1891 3554 Postre-

291 3615 379 3655 mo
406 3597 558 3670 quod
589 3595 821 3666 Optatus
852 3595 1166 3652 Melchiadis
1211 3603 1268 3650 et
1308 3595 1582 3648 sociorum
1633 3593 1894 3648 adversus

292 3685 565 3751 Donatum
587 3689 912 3746 sententiam
935 3705 1039 3744 non
1060 3697 1118 3742 ut
1137 3702 1350 3751 recens,
1373 3686 1470 3742 sed
1484 3695 1542 3740 ut
1563 3686 1674 3755 jam
1694 3685 1894 3739 dudum

293 3788 564 3858 prolatam
617 3791 1028 3839 commemoret.
1079 3782 1188 3837 Sed
1241 3790 1296 3836 et
1343 3780 1472 3834 illud
1516 3777 1898 3834 observatione

294 3881 542 3950 dignum,
575 3886 632 3932 ut
653 3893 774 3932 cum
799 3885 918 3946 post
941 3875 1256 3930 Arelatense
1282 3872 1571 3928 concilium
1601 3871 1897 3925 Eunomins

294 3982 348 4028 ct
372 3970 660 4041 Olympius
681 3967 1060 4036 Carthaginem
1101 3965 1166 4019 ad
1196 3965 1468 4021 sedandos
1499 3964 1896 4018 Donatistarum

298 4065 564 4120 tumultus
595 4061 746 4116 missi
776 4059 994 4123 iuerint,
1023 4059 1169 4113 nulla
1196 4058 1357 4129 hujus
1379 4057 1596 4113 concilii
1624 4058 1902 4111 mentione

297 4159 438 4213 facta
465 4199 480 4222 ,
543 4174 562 4206 ι
593 4153 914 4209 sententiam
944 4151 1131 4206 decem
1181 4160 1236 4205 et
1288 4166 1480 4204 novem
1524 4150 1900 4219 episcoporum

303 4246 632 4322 (ilelchiade
687 4241 938 4315 praeside)
988 4242 1099 4312 jam
1140 4241 1340 4297 dudum
1373 4241 1553 4296 datam
1599 4256 1708 4295 non
1740 4255 1904 4309 posse

301 4343 527 4401 dissolvi
565 4362 584 4394 ι
620 4339 1036 4410 pronuntiarint.
1072 4336 1226 4392 Unde
1272 4336 1350 4403 id,
1397 4335 1543 4406 quod
1582 4333 1907 4404 Carthagine

302 4447 610 4510 gesserunt,
663 4450 770 4489 non
815 4444 922 4488 tam
973 4449 1038 4487 ex
1091 4431 1428 4486 Arelatensis
1465 4430 1714 4496 concilii,
1746 4442 1909 4498 quam

308 4547 370 4588 ex
405 4529 729 4586 Melchiadis
753 4527 1015 4582 sententia
1043 4525 1276 4594 gessisse
1307 4524 1501 4579 merito
1534 4522 1836 4578 videantur.

1997 3327 2212 3371 mut-um
2237 3317 2528 3382 demissus,
2553 3319 2828 3373 Arvernus
2851 3316 3089 3384 advenit,
3111 3313 3455 3386 ibiquejuxta
3478 3321 3596 3370 Ver-

1998 3408 2126 3464 bum
2153 3409 2431 3464 Domini...
2464 3409 2780 3466 undecimus’
2805 3410 2962 3466 datur
2985 3411 3297 3481 episcopus.
3332 3427 3351 3461 ›

2000 3550 2028 3622 §
2076 3550 2138 3605 ν.
2185 3581 2248 3590 ——
2278 3549 2588 3605 Melchiadis
2626 3549 2890 3620 judicium
2939 3547 3224 3603 Domitiam
3282 3549 3478 3619 antiqui
3521 3564 3601 3602 re-

2072 3653 2284 3714 spuunt,
2332 3660 2547 3714 eumque
2575 3643 2899 3714 postmodum
2931 3642 3222 3698 traditionis
3246 3642 3492 3699 librorum
3522 3659 3604 3698 re-

2073 3737 2320 3792 centiores
2345 3738 2477 3808 falso
2505 3746 2768 3792 accusant.

2078 3850 2164 3904 14.
2193 3851 2549 3918 Quantumvis
2601 3848 2880 3905 moderata
2908 3848 3074 3904 fuerit
3111 3843 3432 3905 Meloltiadis
3478 3863 3606 3905 scn-

2006 3943 2211 4010 tentia,
2241 3943 2537 3998 Donatistis
2569 3949 2749 3998 tamen
2786 3958 2892 3998 non
2925 3942 3145 4013 placuit.
3189 3941 3260 3999 Hi
3289 3943 3490 4014 quippe
3538 3943 3606 3999 de

2006 4038 2382 4107 episcoporum
2427 4037 2672 4107 judicio,
2726 4038 2780 4092 in
2827 4053 2938 4108 quo
2983 4037 3112 4092 victi
3142 4036 3376 4105 merant,
3425 4037 3605 4091 statim

2009 4145 2388 4198 murmurare,
2419 4142 2582 4203 atque
2612 4131 2868 4201 precibus
2903 4128 3261 4187 Gemtantino
3289 4131 3484 4187 oblatis
3511 4147 3609 4187 ex-'

2012 4224 2288 4294 postulare
2315 4235 2617 4294 coeperunt.
2650 4227 2731 4279 nn
2761 4225 2879 4281 hinc
2905 4238 3095 4280 eorum
3121 4223 3482 4296 expostulem
3511 4240 3611 4294 ap-

2012 4319 2320 4389 pellationis
2345 4321 2563 4376 nomine
2592 4319 2840 4376 donanda
2860 4321 2956 4388 sit,
2973 4331 3164 4386 necne,
3196 4320 3340 4376 inter
3369 4319 3611 4375 eruditos

2014 4411 2365 4482 disceptatur.
2405 4413 2549 4468 lnter
2589 4428 2686 4469 eos
2715 4423 2896 4468 tamen
2943 4414 3200 4469 convenit
3238 4412 3614 4469 sehismatict-s

2013 4507 2139 4563 illos
2183 4507 2495 4564 Melehiadis
2529 4508 2732 4578 judicio
2781 4524 2888 4564 non
2915 4509 3151 4572 stetisse,
3177 4509 3390 4579 judices
3418 4508 3553 4562 alios
3583 4523 3616 4561 a

381 4625 468 4680 i2.
509 4623 630 4678 Uno
652 4621 817 4676 verbo
847 4617 1173 4674 Melchiades
1190 4632 1250 4671 ea
1271 4616 1538 4671 sententia
1560 4657 1573 4679 ,
1607 4630 1765 4685 quam
1790 4615 1906 4668 iau-
1936 4609 1995 4682 Β
2015 4600 2372 4657 Commmini)
2404 4602 2698 4672 ﬂagitasse.
2743 4601 2906 4672 idque
2951 4601 3018 4656 ab
3056 4601 3166 4656 illis
3212 4602 3393 4673 inique
3449 4601 3618 4657 inisse

309 4719 398 4775 dat
425 4717 799 4788 Augustinus,
830 4714 1054 4768 unitatis
1095 4711 1454 4767 resarciendte
1486 4711 1626 4765 viam
1657 4725 1920 4780 praemon-

313 4815 504 4868 stravit
537 4830 551 4865 :
587 4809 728 4864 adeo
759 4816 818 4861 ut
849 4807 1094 4861 diversos
1142 4805 1270 4860 illos
1313 4805 1530 4869 modos,
1562 4803 1758 4874 quibus
1804 4803 1920 4859 Afri

313 4905 568 4962 catholici
615 4902 996 4958 schismaticos
1024 4899 1131 4956 sibi
1159 4899 1452 4954 conciliare
1481 4907 1538 4954 et
1585 4899 1651 4952 ad
1701 4912 1923 4952 concor-

313 5001 458 5054 diam
479 5011 766 5062 revocare,
788 4995 902 5050 sive
922 4995 972 5048 in
987 4993 1300 5058 collatione,
1323 4993 1438 5046 sive
1453 5001 1600 5059 ante,
1625 4999 1922 5059 tentarunt,

315 5101 571 5164 Spectare
616 5092 778 5145 liceat
805 5089 973 5144 veluti
1001 5089 1248 5143 diversos
1292 5085 1469 5143 aditus
1517 5087 1753 5156 paciﬁctc
1806 5085 1922 5155 ejus

317 5187 439 5250 vite,
473 5199 638 5256 quam
667 5181 996 5238 Melchiades
1020 5181 1126 5235 illis
1151 5187 1458 5250 aperuerat.
1479 5179 1599 5248 ipse
1628 5177 1843 5232 clericis
1868 5186 1924 5232 et

317 5283 594 5355 episcopis
611 5297 641 5335 a
666 5279 960 5336 schismate
985 5275 1368 5332 recedentibus
1388 5275 1590 5345 gradus
1614 5282 1669 5328 et
1689 5273 1924 5329 honores

318 5393 450 5433 suos
491 5391 589 5445 per
620 5372 1009 5442 indulgentiam
1066 5367 1354 5432 servando,
1406 5366 1784 5445 gravissimum
1834 5380 1922 5418 re—

316 5443 634 5524 staurandae
662 5465 808 5534 pacis
830 5462 1059 5517 removit
1082 5458 1545 5528 impedimentum.
1569 5443 1768 5510 Deinde
1797 5470 1926 5510 vero

313 5561 438 5618 Afri
471 5573 661 5630 pacem
695 5557 796 5611 hac
818 5556 900 5608 via
938 5554 1143 5618 initam,
1183 5551 1347 5605 variis
1379 5548 1574 5614 modis,
1603 5547 1693 5618 qui
1722 5547 1788 5602 ab
1835 5547 1926 5599 illa

314 5671 433 5712 non
471 5649 820 5714 recedebant,
864 5642 1266 5717 coagmentare,
1297 5643 1455 5713 preut'
1503 5642 1716 5710 tempus
1747 5639 1929 5710 exige-

314 5750 458 5814 bat,
485 5744 832 5800 studuerunt.
875 5740 994 5808 Qua
1039 5737 1110 5794 de
1153 5752 1211 5793 re
1240 5735 1362 5791 vide
1386 5742 1442 5791 et
1467 5730 1723 5789 Codicum
1762 5747 1926 5788 cano-

316 5855 462 5903 num
492 5839 628 5897 oeci.
663 5834 854 5907 Afric.,
890 5849 939 5891 c.
970 5833 1071 5890 m
1102 5840 1156 5888 et
1185 5828 1308 5888 ηε.

2023 4696 2372 4764 postulatum.
2398 4694 2778 4749 Obtendebant
2796 4693 3071 4756 nimirum,
3107 4705 3309 4766 paucos
3326 4693 3617 4748 admodum

2023 4789 2314 4860 episcopos
2341 4791 2668 4848 sententiam
2707 4790 2914 4856 tulisse,
2943 4791 3059 4861 fqui
3094 4803 3197 4845 nec
3220 4788 3472 4844 munibus
3499 4799 3620 4859 qua:

2024 4885 2174 4954 prius
2205 4885 2402 4955 inquiri
2427 4884 2713 4954 oportebat
2743 4884 3032 4955 diligenter
3053 4883 3317 4949 excussis,—
3340 4876 3408 4937 ad
3423 4881 3620 4952 depro—

2027 4976 2287 5033 mendum
2326 4979 2589 5049 judicium
2635 4987 2996 5049 properanter
3045 4976 3424 5031 accessissent.-
3473 4975 3625 5032 Hanc

2027 5087 2195 5126 unam
2238 5073 2506 5126 rationem
2537 5070 2613 5125 illi
2653 5081 2780 5126 tunc
2829 5070 3220 5142 pratelebant,
3260 5079 3323 5123 ut
3366 5068 3625 5124 Romana:

2027 5163 2223 5234 synodi
2253 5163 2517 5234 judicium
2564 5164 2978 5219 detrectarent:
3026 5156 3316 5216 nec-aliam
3363 5168 3629 5216 memorat

2027 5255 2416 5313 Constantinus
2439 5258 2492 5312 in
2515 5273 2578 5312 ea
2603 5257 2857 5328 epistola,
2879 5270 2982 5326 qua
3005 5255 3268 5325 plurimos
3293 5267 3364 5310 οι
3391 5253 3625 5310 diversis

2029 5365 2094 5405 ac
2123 5366 2288 5422 prope
2311 5351 2537 5406 inﬁnitis
2572 5351 2707 5406 locis
2736 5350 3020 5420 episcopos
3047 5349 3100 5403 iu
3131 5348 3320 5403 urbem
3345 5347 3624 5402 Arelaten-

2030 5462 2150 5502 sem
2179 5447 2470 5501 convenire
2497 5445 2746 5516 ejusdem
2794 5455 2974 5498 causa;
3005 5442 3258 5498 finienda:
3287 5442 3460 5514 gratia
3488 5453 3629 5511 prte—

2031 5539 2268 5610 eipiebat
2296 5539 2560 5611 (August,
2593 5539 2742 5608 epist.
2767 5535 2893 5604 105,
2925 5552 2977 5590 tt.
3003 5535 3057 5600 8;
3091 5535 3296 5605 0ptat.-,
3324 5532 3629 5598 ωειιεοη-

2033 5635 2308 5706 stentimu,
2333 5631 2475 5703 apud
2502 5629 2690 5685 Euseb.
2724 5630 2760 5684 Ι.
2813 5645 2872 5695 ι,
2912 5645 2958 5684 c.
2991 5629 3066 5699 5).
3101 5627 3179 5683 Ex
3226 5641 3334 5698 quo
3361 5627 3632 5698 colligitur

2035 5726 2336 5784 Donatistis
2364 5739 2469 5779 non
2503 5722 2684 5779 solum
2712 5731 2842 5779 ante
2863 5721 3155 5778 concilium
3184 5721 3510 5787 Romanum,
3536 5718 3633 5775 sed

2037 5830 2094 5879 σι
2124 5830 2282 5892 post,
2317 5827 2430 5876 toto
2473 5816 2682 5874 scilicet
2730 5815 3016 5874 intervallo
3044 5815 3138 5873 illo
3180 5813 3327 5888 quod
3365 5813 3506 5871 intOt‘
3531 5814 3634 5874 hoc
