4104 6368
545 352 615 409 39
1383 351 1475 410 DE
1512 350 1852 410 DECRETIS
1891 349 2273 408 MELCHIADI
2312 352 2514 411 ΡΑΡΑΞ
2552 358 2982 418 ATTRIBUTIS.
3778 359 3847 415 40

544 477 706 539 atque
725 466 1040 525 Arelatense
1063 465 1350 524 concilium
1373 466 1716 534 intercessit,
1770 468 1990 522 minime
2036 483 2133 523 ve-
2164 471 2691 537 Aquemadmodum
2745 477 2883 532 inter
2927 476 3202 546 apostolos
3247 476 3355 533 duo
3397 475 3586 534 Jacobi
3633 475 3849 549 duoque

546 560 692 616 nisse
719 561 772 617 in
799 569 1057 627 mentem,
1100 571 1158 616 ut
1182 560 1535 617 Melchiadem
1563 562 1790 618 crimine
1833 562 2138 618 traditionis

545 667 820 709 sacrorum
853 653 1110 709 librorum
1141 663 1456 724 arguerent.

543 745 592 814 ξ,
627 744 706 800 l5.
728 743 786 799 Id
806 759 936 800 vero
961 743 1302 814 postmodum
1322 749 1640 812 commenti,
1669 746 2140 803 nonlllelchiadem

541 836 715 894 Solum
744 877 759 903 ,
810 836 904 892 sed
958 836 1122 892 etiam
1170 835 1579 904 Marcellinum,
1630 839 1944 896 Marcellum
1979 849 2142 910 atque

543 929 864 984 Silvestrum
893 920 1134 999 ejusdém
1163 930 1412 986 criminis
1441 932 1803 1001 postularunt.
1840 933 1921 988 Ex
1940 932 2058 1004 ‘quo
2089 942 2144 988 et

545 1020 682 1078 hanc
710 1021 1037 1078 calumniam
1066 1021 1136 1077 ab
1163 1021 1244 1077 eis
1269 1032 1394 1078 ante
1421 1022 1670 1080 Silvestri
1703 1040 1854 1094 papae
1899 1035 2142 1095 tempora

541 1116 902 1186 excogitatam
954 1131 1062 1172 non
1113 1115 1280 1174 fuisse
1324 1117 1468 1172 haud
1525 1128 1730 1175 temere
1781 1119 2141 1187 suSpicemur.

541 1208 799 1276 Quamvis
849 1209 994 1264 enim
1045 1208 1148 1264 hoc
1193 1208 1344 1265 nefas
1390 1225 1421 1264 a
1461 1209 1716 1267 Marcello
1747 1253 1764 1279 ,
1824 1210 2144 1277 Melchiade,

545 1303 831 1368 Silvestre,
863 1319 987 1358 cum
1031 1301 1206 1358 adhuc
1234 1302 1531 1360 Marcellini
1580 1304 1884 1376 presbyteri
1939 1313 2141 1370 essent,

545 1401 915 1468 perpetratum
947 1392 1116 1450 fuisse
1145 1394 1387 1450 dixerint
1416 1413 1428 1448 :
1458 1411 1620 1452 nemo
1653 1405 1833 1451 tamen
1861 1411 1969 1450 non
2003 1395 2150 1450 videt

548 1485 649 1542 hoc
675 1501 791 1555 eos,
841 1495 899 1541 ut
943 1485 1258 1556 apostolica:
1287 1486 1403 1543 sedi
1447 1485 1631 1543 odium
1679 1502 1840 1557 atque
1890 1486 2148 1541 invidiam

545 1577 816 1646 lacerent,
845 1576 1071 1648 ejusque
1117 1578 1381 1634 adversus
1408 1594 1470 1635 se
1495 1579 1874 1635 auctoritatem
1905 1578 2149 1634 declina-

546 1679 706 1736 rent,
757 1668 1126 1739 excogitasse;
1157 1669 1402 1741 adeoque
1429 1679 1485 1726 et
1506 1681 1792 1742 postquam
1837 1670 2146 1736 Marcellus,

546 1762 875 1819 Melchiades
901 1777 966 1817 ac
997 1761 1260 1819 Silvester
1284 1763 1531 1834 ejusdem
1576 1764 1722 1820 sedis
1763 1763 2026 1835 dignitate
2055 1763 2152 1818 de-

545 1858 714 1914 corati
737 1857 849 1926 jam
877 1856 1128 1914 fuissent.

631 1950 713 2006 16.
761 1949 932 2006 Immo
955 1967 1018 2006 ex
1043 1951 1326 2022 Augustini
1361 1951 1540 2007 verbis
1569 1951 1620 2006 in
1653 1951 1933 2007 breviculo
1983 1952 2152 2007 colla-

549 2042 710 2100 tionis
739 2059 861 2100 cum
899 2044 1213 2112 Donatistis,
1234 2060 1354 2116 cap.
1380 2044 1466 2110 18,
1490 2045 1825 2116 intelligitur,
1849 2044 2153 2100 Donatistas

547 2140 598 2193 in
671 2139 962 2196 collatione
1031 2138 1448 2210 Carthaginiensi
1501 2138 1730 2208 primum
1792 2138 1844 2193 id
1901 2137 2148 2193 criminis

550 2229 832 2286 Melchiadi
885 2232 1227 2302 imposuisse.
1267 2249 1286 2282 ‹
1317 2231 1448 2286 Cum
1478 2231 1622 2286 enim
1667 2245 1760 2285 eos
1802 2229 2155 2300 compulisset

548 2324 828 2396 Cognitor,
862 2344 879 2377 ι
919 2325 1093 2394 inquit
1119 2325 1479 2396 Augustinus,
1518 2343 1534 2376 ‹
1569 2335 1832 2379 utcontra
1862 2324 2150 2380 concilium

543 2415 912 2489 iudiciumque
965 2416 1306 2486 Melchiadis,
1363 2433 1470 2488 quo
1523 2416 1842 2475 Caecilianus
1895 2425 2152 2486 purgatus

547 2521 709 2582 atque
741 2510 1024 2566 absolutus
1052 2511 1349 2581 legebatur,
1376 2511 1421 2564 si
1455 2509 1717 2566 haberent
1742 2509 1966 2578 aliquid,
1997 2507 2149 2564 dice-

549 2615 708 2670 rcnl;
761 2613 887 2660 tunc
931 2605 1226 2660 Donatista:
1259 2604 1434 2674 ipsum
1465 2603 1824 2658 Melchiadem
1869 2615 2155 2674 coeperunt

549 2699 854 2754 traditionis
877 2713 1127 2768 arguere,
1151 2705 1207 2754 et
1229 2697 1412 2754 dicere
1441 2697 1676 2768 majores
1705 2711 1834 2752 suos
1859 2704 2150 2767 propterea

548 2792 700 2849 illius
720 2791 983 2863 judicium
1013 2792 1297 2864 refugisse.
1332 2812 1350 2845 ι
1382 2791 1529 2847 Istud
1558 2791 1894 2848 affirmantes
1926 2789 2150 2846 menda-

546 2885 617 2940 cii
639 2885 964 2942 convincere
989 2883 1210 2942 difficile
1239 2884 1532 2941 admodum
1561 2901 1670 2940 non
1693 2894 1812 2941 erat
1836 2899 1850 2938 :
1881 2883 2147 2955 siquidem

549 2978 786 3050 majores
855 2977 1074 3034 illorum
1129 2977 1444 3034 Melchiadis
1489 2977 1693 3049 judicio
1741 2988 1886 3034 stare
1937 2977 2152 3032 detrec-

557 3081 752 3140 tantes,
806 3072 938 3128 nihil
986 3087 1240 3144 umquam
1297 3072 1606 3143 hujusmodi
1660 3073 1714 3127 in
1761 3070 2011 3143 precibus
2039 3069 2151 3126 suis

549 3167 904 3238 prmtexuisse
951 3164 1456 3236 deprehenduntur.
1510 3165 1710 3221 Verum
1742 3166 1864 3237 quia
1899 3180 2012 3220 rem
2041 3179 2146 3219 non

2243 560 2426 630 ludar,
2481 573 2536 619 et
2583 567 2726 636 apud
2773 568 2921 636 ipsos
2948 569 3323 625 sehismaticos
3358 570 3466 626 duo
3496 571 3712 637 Donati,
3738 569 3846 626 Ca-

2242 659 2417 713 sensis
2459 669 2512 713 et
2556 659 3029 733 Carthaginensis;
3059 663 3128 718 ita
3160 675 3214 719 et
3241 663 3386 720 inter
3418 664 3694 720 Romanos
3720 663 3843 720 dia-

2242 765 2408 806 conos
2431 751 2537 806 dno
2575 752 2855 810 Stratones
2893 755 3050 810 simul
3105 758 3407 813 exstiterint
3431 759 3614 831 (Aug.,
3645 757 3847 815 Brevia.

2245 844 2346 898 diei
2393 847 2554 900 tertia:
2575 864 2594 899 :
2636 848 2810 902 collat.
2862 866 2975 903 cum
3021 848 3236 917 Donat.,
3293 867 3410 922 cap.
3465 851 3566 917 18,
3623 869 3676 907 n.
3727 851 3847 924 54).

2253 957 2270 989 t
2309 938 2444 995 Illud
2493 957 2707 1012 quoque
2756 942 2996 997 additum
3044 952 3128 998 est
3177 961 3206 997 a
3236 942 3555 1010 Catholicis,
3591 944 3716 1016 quia
3743 943 3851 1001 etsi

2247 1030 2738 1100 demonstraretur,
2767 1034 2912 1106 quod
2959 1035 3184 1091 omnino
3213 1051 3320 1091 non
3350 1036 3851 1106 demonstrabatur,

2248 1125 2496 1181 emndem
2515 1125 2820 1183 Stratonem
2837 1127 3123 1183 diaconum
3143 1127 3448 1197 tradidisse,
3474 1145 3633 1200 quem
3663 1138 3852 1202 postea

2249 1218 2575 1276 Melchiades
2602 1220 2668 1276 ad
2700 1221 3011 1293 recipienda
3040 1223 3157 1278 loca
3187 1223 3551 1280 ecclesiastica
3582 1240 3705 1282 cum
3729 1224 3854 1282 aliis

2250 1313 2493 1370 diacOnis
2522 1315 2688 1382 misit,
2723 1333 2828 1371 non
2860 1318 3120 1372 continuo
3149 1317 3500 1374 Melchiadem
3533 1319 3639 1374 isto
3671 1319 3856 1375 crimi-

2253 1422 2320 1462 ne
2368 1407 2648 1479 adspergi,
2697 1424 2856 1480 quem
2907 1409 3079 1480 potuit
3132 1410 3438 1480 persecutio
3485 1410 3644 1483 longe
3671 1411 3857 1469 facere

2251 1499 2552 1565 absentem,
2608 1511 2666 1555 ut
2720 1500 2823 1556 hoc
2870 1501 3094 1556 omnino
3122 1503 3397 1568 nesciret,
3431 1518 3662 1575 eumque
3694 1501 3856 1560 iuno-

2253 1602 2465 1648 ceutem
2495 1602 2748 1664 putaret,
2781 1609 2943 1664 quem
2974 1609 3135 1650 nemo
3162 1610 3312 1650 reum
3359 1595 3663 1652 accusando
3692 1610 3859 1654 mon-

2253 1695 2473 1741 straret.
2508 1706 2526 1737 ι
2563 1671 2838 1758 (ΙὸὶάηἏι.
2862 1684 2979 1758 55.)
3037 1686 3318 1744 Postremo
3355 1702 3478 1743 cum
3529 1686 3597 1742 ad
3643 1687 3859 1744 calum-

2255 1781 2461 1834 niosam
2492 1778 2804 1834 Melchiadis
2859 1779 3289 1836 criminationem
3320 1779 3500 1837 redire
3528 1790 3861 1839 conarentur

2177 1855 2228 1915 Β
2258 1870 2884 1941 Βοιιθεῑῑιω,(]οειιίιοι·ἰε
2898 1871 3309 1928 interlocutione
3320 1872 3388 1928 ab
3397 1887 3460 1929 ea
3475 1883 3600 1928 sunt
3611 1873 3853 1944 depulsi.

2337 1965 2419 2018 l7.
2476 1962 2660 2032 Neque
2711 1973 2889 2018 tamen
2931 1973 3216 2035 propterea
3248 1965 3589 2036 quieverunt.
3638 1966 3774 2022 Nam
3801 1975 3862 2024 et

2259 2065 2379 2125 post
2427 2054 2770 2111 collationem
2811 2053 3293 2128 Carthaginensem
3340 2057 3468 2114 inde
3497 2056 3858 2115 Melcbiadem

2256 2147 2624 2204 calumniandi
2669 2163 2856 2202 ansam
2910 2153 3276 2219 arripuerunt,
3309 2149 3449 2220 quod
3479 2147 3723 2205 Cassiani
3755 2165 3859 2206 no-

2258 2256 2379 2296 men
2411 2249 2465 2296 et
2495 2241 2547 2295 in
2577 2240 2821 2296 diaconis
2853 2241 3020 2310 ipsius
3043 2281 3060 2307 ,
3088 2249 3143 2296 et
3168 2241 3222 2296 in
3252 2242 3358 2297 illis
3387 2243 3553 2312 gestis
3595 2243 3685 2300 ubi
3717 2243 3860 2300 facta

2256 2333 2472 2389 traditio
2514 2334 2739 2390 recitata
2770 2342 2886 2402 est,
2919 2333 3293 2405 reperiebatur
3320 2331 3619 2406 (Augustin.
3646 2333 3858 2392 Brevia.

2255 2428 2402 2494 εοιι.,
2457 2445 2510 2482 n.
2553 2429 2667 2500 56).
2717 2426 2822 2484 Sed
2871 2427 2987 2484 haec
3038 2428 3437 2484 Donatistarum
3468 2427 3762 2499 pertinacia
3801 2439 3862 2487 et

2253 2525 2387 2579 varii
2415 2534 2643 2580 conatus
2673 2535 2731 2579 ut
2757 2539 2920 2578 unum
2949 2524 3275 2580 infamarent
3302 2522 3656 2581 Melchiadem
3680 2565 3695 2589 ,
3729 2539 3860 2583 cum

2253 2618 2466 2674 caneris
2511 2627 2799 2688 parcerent
2829 2617 3060 2672 Romani
3091 2616 3303 2673 concilii
3347 2616 3648 2688 judicibus,
3690 2631 3862 2689 argu-

2254 2722 2438 2766 mento
2483 2721 2639 2777 sunt,
2692 2726 2852 2782 quam
2879 2724 3100 2782 gravem
3124 2725 3390 2781 quamque
3419 2709 3522 2766 sibi
3553 2709 3858 2767 incommo-

2252 2805 2377 2861 dam
2403 2797 2670 2861 sentirent
2698 2804 2845 2859 illius
2874 2804 3270 2859 auctoritatem.
3304 2801 3491 2874 Neque
3519 2801 3664 2858 aliud
3692 2801 3861 2873 quid-

2251 2917 2416 2972 quam
2442 2911 2521 2956 tot
2547 2911 2765 2972 tamque
2795 2899 2995 2969 iniquis
3019 2895 3385 2953 molitionibus
3415 2895 3714 2967 profecere,
3747 2895 3860 2953 nisi

2254 3005 2310 3049 ut
2347 2993 2656 3050 Melchiadis
2701 2991 3123 3048 moderationem
3144 3032 3160 3057 ,
3193 2989 3501 3060 aequitatem
3523 3031 3539 3057 ,
3572 2988 3862 3059 integrita-

2252 3098 2360 3146 tem
2386 3097 2547 3159 atque
2576 3086 2940 3142 innocentiam
2966 3085 3092 3140 vitae
3120 3083 3504 3155 patefacerent.
3556 3081 3664 3137 Eos
3705 3081 3860 3138 enim

2254 3182 2398 3255 quod
2451 3182 2504 3237 in
2556 3182 2675 3252 ipso
2729 3176 3188 3249 reprehenderent
3217 3188 3434 3246 prorsus
3458 3172 3716 3230 defecerit
3757 3189 3861 3231 ne-

553 3259 829 3330 (ὶοῧηίῑοτί
879 3259 1077 3327 8011³1⁸³»
1127 3259 1224 3315 εθίί
1271 3269 1326 3315 ει
1374 3259 1508 3330 ίνεὶε
1535 3258 1829 3316 (δειιιιοιίοίδ
1854 3257 2146 3314 illamillam
2175 3235 2222 3301 Ο
2254 3235 2408 3333 desse
2431 3283 2536 3342 est,
2559 3235 2650 3345 qui
2675 3271 3000 3330 calumniam
3023 3269 3071 3325 ei
3105 3267 3462 3338 undequaque
3483 3275 3694 3323 struere
3721 3280 3861 3323 con-

548 3350 903 3422 objiciebant;
936 3353 1055 3407 ideo
1090 3369 1110 3404 ι
1143 3350 1285 3408 facto
1314 3351 1497 3422 judice
1529 3353 1758 3421 intento,
1793 3362 2047 3408 utrumne
2080 3350 2148 3405 de

554 3445 859 3502 traditionis
908 3445 1135 3502 crimine
1178 3445 1396 3517 aliquod
1441 3445 1702 3517 judicium
1752 3446 1833 3501 vel
1874 3444 2146 3516 publicum

551 3541 634 3598 vel
663 3541 1093 3599 ecclesiasticum
1119 3542 1477 3614 proferretur,
1511 3540 1750 3613 ipsisque
1775 3539 2067 3595 Catholicis
2095 3536 2148 3592 id

547 3646 606 3691 ut
655 3637 976 3708 probaretur
1004 3634 1443 3707 exspectantibus
1489 3646 1544 3691 et
1588 3633 1965 3705 exigentibus,
2001 3633 2147 3702 lege-

547 3739 675 3785 runt
725 3729 1024 3786 Donatistae
1073 3739 1223 3799 gesta
1277 3729 1521 3800 quadam
1581 3727 1946 3799 prolixissima
2004 3724 2147 3796 apud

547 3820 864 3893 praefectum
890 3861 906 3887 ,
944 3819 1034 3875 ubi
1064 3835 1166 3876 nec
1195 3820 1482 3890 praefectus
1525 3819 1642 3891 ipse
1670 3817 1975 3889 cujusmodi
2003 3827 2149 3872 esset

548 3915 864 3986 apparebat,
896 3929 996 3971 nec
1042 3915 1192 3970 locus
1233 3915 1513 3986 legebatur
1539 3912 1628 3967 ubi
1658 3910 1774 3965 haec
1803 3909 2098 3979 agebantur
2129 3926 2142 3962 :

548 4007 642 4062 sed
687 4017 842 4079 gesta
889 4008 1005 4079 ipsa
1050 4007 1250 4063 multos
1280 4006 1446 4062 multa
1475 4002 1842 4060 ecclesiastica
1871 4000 2147 4058 tradentes

547 4100 860 4173 longissima
907 4100 1225 4157 recitatione
1269 4109 1613 4164 sonuerunt,
1645 4096 1734 4153 ubi
1784 4111 1981 4152 nomen
2015 4093 2146 4150 Mel-

544 4190 756 4248 chiadis
783 4193 1006 4249 omnino
1033 4209 1140 4249 non
1163 4193 1365 4249 sonuit.
1395 4191 1602 4261 Quibus
1625 4190 1859 4261 peractis
1878 4231 1892 4256 ,
1931 4207 1949 4241 ι
1983 4187 2146 4242 mira-

543 4296 627 4342 tus
657 4294 741 4344 est
773 4304 793 4339 ι
827 4286 1088 4357 Cognitor
1116 4286 1263 4344 aliud
1288 4286 1612 4358 promissum
1640 4326 1655 4354 ,
1687 4293 1744 4340 et
1770 4281 1918 4337 aliud
1947 4281 2144 4338 recita-

546 4392 677 4437 tum.
716 4400 736 4436 ι
786 4380 994 4437 Exinde
1044 4381 1340 4438 recitarunt
1367 4380 1470 4436 alia
1500 4388 1674 4450 geSIa,
1706 4376 1760 4432 in
1792 4374 1987 4446 quibus
2016 4372 2146 4429 Mel-

545 4473 769 4532 chiades
810 4473 1090 4545 legebatur
1117 4473 1374 4529 diaconos
1402 4472 1709 4529 Stratonem
1739 4479 1795 4526 et
1823 4468 2142 4524 Cassianum

542 4569 779 4634 misisse,
831 4577 890 4622 ut
937 4568 1052 4624 loca
1100 4566 1423 4624 Christianis
1456 4577 1700 4638 tempore
1747 4563 2142 4635 persecutionis

541 4663 718 4720 ablata
763 4661 922 4734 jussu
971 4660 1317 4732 imperatoris
1360 4661 1686 4731 reciperent.
1732 4676 1752 4711 ‹
1785 4656 1854 4713 Et
1892 4671 2014 4712 cum
2055 4654 2142 4712 his

544 4769 759 4826 quoque
784 4752 952 4826 gestis
975 4752 1183 4809 nullum
1215 4751 1528 4809 Melchiadis
1553 4752 1761 4807 crimen
1787 4758 1841 4804 et
1865 4748 2141 4819 Coguitori

545 4858 600 4904 et
625 4845 920 4904 Catholicis
943 4844 1318 4902 defensoribus
1352 4852 1661 4917 appareret,
1690 4842 1943 4898 dixerunt
1965 4840 2136 4895 Dona-

546 4943 687 5000 tistae
709 4984 726 5009 ,
759 4943 1067 5000 Stratonem
1095 4940 1382 4997 diaconum
1404 4981 1420 5009 ,
1461 4955 1623 5012 quem
1655 4953 1778 4993 cum
1808 4935 1931 4990 aliis
1958 4933 2026 4988 ad
2052 4949 2142 4990 re-

543 5036 793 5110 cipienda
873 5036 992 5093 loca
1067 5035 1432 5094 ecclesiastica
1518 5035 1779 5100 miserat,
1854 5029 2144 5102 superiori-

543 5130 644 5187 bus
691 5129 856 5201 gestis
908 5129 1194 5186 recitatum
1245 5141 1370 5185 esse
1422 5125 1777 5182 traditorem:
1821 5135 1876 5181 et
1903 5124 2024 5180 ideo
2052 5138 2146 5178 vo-

543 5224 727 5282 lebant
754 5221 914 5279 etiam
941 5222 1292 5280 Melchiadem
1334 5222 1561 5278 crimine
1591 5219 1896 5276 traditionis
1924 5217 2147 5288 adsper-

544 5333 702 5389 gere,
729 5314 875 5388 quod
900 5315 1135 5372 diacono
1165 5316 1260 5372 illo
1309 5331 1417 5371 non
1469 5312 1766 5384 degradato
1813 5319 2078 5366 uteretur.
2119 5327 2140 5362 ι

547 5413 618 5468 At
669 5408 842 5482 rogati
901 5427 922 5462 ¢
952 5419 1129 5464 utrum
1177 5409 1365 5466 saltem
1408 5410 1461 5467 in
1511 5407 1618 5463 illis
1650 5403 1953 5461 traditionis
1980 5401 2147 5474 gestis

548 5514 696 5562 esset
714 5518 1060 5576 expressum,
1088 5502 1234 5575 quod
1261 5505 1480 5561 Straton
1510 5502 1770 5558 diaconus
1801 5498 1982 5566 fuerit,
2018 5516 2038 5550 ι
2077 5511 2146 5553 ne

550 5597 605 5654 id
631 5597 848 5668 quidem
868 5597 1096 5668 probare
1123 5596 1429 5652 valuerunt.
1462 5591 1889 5664 Respondebant
1917 5598 2144 5661 prmter-

551 5709 617 5750 ca
663 5691 938 5760 catholici,
986 5690 1199 5748 etiamsi
1242 5691 1458 5747 Straton
1487 5686 1732 5755 Ztraditor
1754 5685 2017 5742 diaconus
2045 5697 2142 5752 ap-

552 5787 1046 5859 pellatusifuisset,
1101 5802 1210 5844 non
1259 5787 1386 5845 inde
1432 5786 1623 5860 sequi,
1677 5791 1739 5840 ut
1775 5783 1821 5839 is
1845 5779 2010 5837 fuerit
2035 5791 2145 5852 quo

551 5887 740 5958 postea
767 5879 1096 5944 Melchiados
1123 5897 1254 5942 usus
1273 5890 1354 5941 est
1384 5901 1396 5940 :
1443 5896 1565 5943 cum
1613 5876 1728 5936 ﬁeri
1777 5873 2052 5949 potuerit,
2085 5880 2145 5930 ut

2255 3369 2488 3425 nitentes
2512 3409 2527 3436 ,
2561 3366 2704 3421 illius
2733 3363 3072 3421 occasionem
3123 3361 3177 3416 in
3227 3359 3467 3416 diaconis
3499 3359 3666 3429 ipsius
3689 3400 3704 3426 ,
3751 3373 3857 3416 seu

2252 3464 2430 3534 potius
2478 3460 2531 3515 in
2579 3456 3023 3514 similitudinibus
3074 3454 3349 3508 nominum
3395 3451 3638 3507 diaconis
3682 3451 3859 3522 ipsius

2251 3551 2652 3617 communium,
2679 3563 2926 3620 quaerere
2972 3545 3145 3602 coacti
3176 3553 3320 3600 sunt.
3355 3542 3462 3615 Ipsi
3490 3558 3619 3598 vero
3649 3551 3861 3614 quanto

2250 3657 2433 3704 essent
2484 3646 2666 3701 furore
2708 3641 2982 3714 correpti,
3035 3639 3420 3712 prodiderunt,
3457 3654 3580 3694 cum
3609 3636 3859 3709 judicio,

2252 3743 2304 3795 in
2337 3755 2443 3811 quo
2469 3746 2814 3794 accusatores
2842 3752 2906 3791 ac
2936 3744 3100 3791 testes
3141 3747 3246 3788 una
3273 3747 3394 3787 cum
3423 3729 3690 3788 accusatis
3716 3745 3864 3801 pra:-

2250 3843 2433 3890 sentes
2458 3832 2646 3899 auditi,
2675 3839 2731 3886 et
2751 3831 2802 3886 ei
2830 3827 3046 3900 quidem
3074 3841 3104 3881 a
3126 3824 3397 3896 judicibns
3441 3838 3578 3895 quos
3619 3822 3722 3895 ipsi
3750 3838 3862 3879 ex-

2251 3928 2548 3998 petierant,
2580 3924 2880 3996 quibusque
2910 3920 3108 3992 praesul
3148 3918 3487 3990 aequissimus
3532 3924 3692 3988 atque
3735 3930 3864 3971 om-

2251 4023 2396 4077 nium
2449 4019 2831 4091 episcoporum
2897 4015 3149 4086 princeps
3213 4011 3573 4083 praesidebat,
3637 4009 3862 4082 prolato

2250 4129 2394 4173 stare
2443 4115 2710 4181 nolentes,
2742 4111 3132 4182 Imperatorem
3186 4106 3462 4179 appellare
3517 4105 3860 4162 maluerunt.

2251 4211 2345 4266 His
2394 4207 2694 4279 religiosior
2755 4202 3146 4260 Constantinus
3192 4215 3381 4256 eorum
3429 4197 3861 4271 appellationem

2249 4300 2628 4360 molestissime
2649 4296 2770 4353 tulit
2798 4314 2811 4351 :
2842 4295 2936 4352 sed
2969 4295 3124 4366 paulo
3151 4291 3513 4364 indulgentior
3537 4305 3698 4361 quam
3745 4304 3856 4360 par

2248 4403 2415 4461 esset,
2443 4390 2569 4449 dum
2595 4387 2875 4444 audaciam
2901 4401 3008 4442 non
3035 4382 3366 4454 comprimit,
3385 4381 3636 4453 gravibus
3660 4378 3864 4437 Eccle-

2247 4489 2342 4544 sim
2365 4486 2519 4542 malis
2571 4485 2752 4540 locum
2799 4493 2855 4538 et
2900 4479 3241 4537 occasionem
3289 4476 3538 4548 praebuit.
3593 4474 3861 4544 Quamvis

2247 4589 2425 4637 autem
2472 4575 2870 4649 appellantibus
2911 4571 3056 4628 aliud
3100 4569 3416 4628 Arelatense
3440 4567 3699 4638 judicium
3757 4565 3864 4623 de-

2248 4677 2423 4744 derit,
2477 4674 2582 4730 hoc
2634 4683 2835 4738 tamen,
2887 4679 3027 4727 teste
3053 4669 3371 4740 Augustino,
3400 4664 3561 4735 epist.
3586 4663 3687 4730 45,
3717 4662 3860 4720 olim

2254 4770 2387 4837 I62,
2417 4787 2471 4824 n.
2499 4768 2572 4823 20
2592 4808 2607 4834 ,
2634 4765 2784 4822 dedit
2812 4806 2828 4833 ,
2866 4782 2885 4815 ε
2914 4777 3023 4818 ιιοη
3050 4760 3176 4832 quia
3201 4760 3311 4830 jam
3346 4771 3569 4813 necesse
3594 4765 3732 4824 erat,
3753 4755 3860 4813 sed

2249 4880 2438 4922 eorum
2469 4860 2908 4934 perversitatibus
2932 4855 3153 4922 cedens,
3177 4863 3228 4909 et
3257 4851 3403 4908 omni
3433 4850 3594 4906 modo
3622 4849 3859 4921 cupiens

2252 4969 2454 5015 tantam
2484 4952 2872 5026 impudentiam
2928 4948 3205 5005 cohibere.
3239 4965 3258 4998 ι
3285 4943 3396 5001 Nec
3435 4942 3708 5015 prohibuit
3749 4941 3860 5000 hu-

2247 5051 2482 5124 jusmodi
2512 5046 2823 5120 appellatio,
2857 5043 3146 5116 quominus
3167 5083 3182 5108 ,
3211 5039 3287 5095 uti
3312 5037 3423 5110 jam
3452 5036 3808 5106 exposuimus
3833 5075 3856 5104 ,

2250 5145 2487 5220 episcopi
2509 5140 2806 5200 Eunomius
2835 5147 2889 5194 et
2912 5136 3215 5208 Olympius,
3231 5133 3285 5188 in
3311 5129 3546 5186 Africam
3581 5146 3677 5200 pro
3697 5143 3859 5186 com-

2251 5240 2515 5316 ponendis
2546 5230 2987 5306 Carthaginensis
3014 5227 3258 5285 ecclesia:
3297 5224 3459 5281 rebus
3490 5222 3670 5289 missi,
3699 5230 3858 5294 post-

2251 5336 2470 5395 modum
2501 5327 2917 5405 pronuntiarint,
2947 5343 2966 5378 ι
3001 5319 3322 5379 sententiam
3351 5317 3540 5374 decem
3564 5325 3619 5373 et
3649 5329 3856 5373 novem

2251 5431 2626 5503 episcoporum
2655 5424 2764 5496 jam
2793 5419 2992 5477 dudum
3022 5416 3201 5472 datam
3238 5412 3465 5468 dissolvi
3493 5425 3598 5467 non
3630 5423 3790 5474 posse
3821 5425 3847 5462 ι

2252 5525 2483 5600 (Optat.,
2512 5520 2604 5576 tib.
2636 5517 2700 5589 ι).

2359 5640 2387 5712 §
2417 5635 2507 5693 VI.
2527 5663 2599 5678 -—
2619 5633 2696 5689 De
2721 5631 2934 5688 decretis
2963 5625 3245 5684 Melchiadi
3267 5638 3415 5697 papa:
3439 5619 3714 5677 atlributis.

2327 5777 2412 5833 I8.
2458 5774 2602 5829 Duas
2653 5766 2936 5827 Melchiadi
2980 5761 3265 5838 supposuit
3301 5759 3541 5818 Isidorus
3577 5755 3856 5814 Mercator

2245 5868 2525 5942 epistolas,
2546 5879 2708 5924 unam
2730 5861 2798 5920 ad
2817 5860 3102 5920 Leontium
3127 5871 3189 5914 ac
3213 5863 3441 5914 caeteros
3461 5847 3852 5925 Hispaniarum
