4104 6368
275 263 333 318 Μ
1115 263 1204 322 DE
1241 259 1579 328 DECRETIS
1614 262 1990 327 MELCHIADI
2028 262 2236 327 PAPIE
2272 267 2706 333 ATTRIBUTIS.

3508 280 3581 336 42

269 378 583 450 episcopos,
614 379 841 437 alteram
870 379 939 438 de
957 379 1230 454 primitiva
1252 384 1496 442 Ecclesia
1519 394 1574 443 et
1601 386 1669 443 de
1720 386 1881 443 Cons-
1906 389 1962 450 Α
1987 387 2134 444 nium
2162 388 2584 447 cbristianorum
2622 401 2680 448 et
2721 388 3001 464 gentilium
3023 433 3039 460 ,
3065 390 3328 451 veraciter
3353 394 3583 453 creden-

271 473 456 527 tantim’
510 490 634 546 erga
698 492 809 531 eam
859 475 1222 546 Muniﬁcentt‘a
1274 478 1609 551 inscriptam.
1658 480 1870 538 Utram-

268 581 372 637 que
410 574 471 623 ut
497 577 625 639 pote
664 585 773 625 non
801 568 923 642 plus
966 570 1226 627 momenti
1254 587 1415 642 quam
1456 572 1747 630 authentiae
1777 573 1874 628 ba-

266 658 481 715 bentem
499 702 515 728 ,
548 658 640 716 hic
669 661 947 719 excudere
977 665 1225 721 consulto
1251 666 1614 738 negleximus.

340 757 425 814 l9.
448 756 509 813 In
524 757 825 816 Pontiﬁcali
841 761 978 818 libro
1001 761 1175 819 eidem
1194 780 1345 836 papae
1364 764 1472 822 duo
1489 767 1873 823 adscribuntur

263 850 481 908 decreta
507 871 521 907 :
556 854 783 924 primum
815 871 924 927 quo
951 857 1215 927 sancitur,
1251 878 1270 912 ι
1298 859 1380 916 Ne
1407 860 1511 914 ulla
1542 862 1752 917 ratione
1780 861 1870 918 die

262 944 547 1001 Dominica
572 958 662 1002 aut
679 947 862 1018 quinta
888 948 1017 1005 feria
1040 949 1308 1020 jejunium
1334 952 1456 1023 quis
1483 951 1720 1007 ﬁdelium
1744 968 1871 1024 age-

259 1048 348 1095 ret
372 1057 387 1092 :
414 1040 538 1110 quia
566 1055 661 1097 eos
689 1041 806 1097 dies
834 1044 1026 1114 pagani
1052 1045 1207 1115 quasi
1238 1060 1456 1101 sacrum
1488 1045 1752 1117 jejunium
1782 1062 1873 1104 ce-

262 1132 500 1190 lebrant.
532 1154 552 1188 »
576 1133 676 1191 Cui
701 1136 925 1192 decreto
953 1137 1005 1192 in
1029 1138 1223 1194 eodem
1249 1138 1556 1196 Pontiﬁcali
1585 1141 1721 1197 libro
1741 1157 1869 1211 pro-

262 1226 413 1281 xime
436 1227 744 1299 subjicitur,
804 1247 823 1280 ι
856 1228 926 1284 Et
966 1229 1248 1287 Manicbmi
1278 1231 1480 1288 inventi
1508 1242 1634 1288 sunt
1658 1233 1711 1288 in
1741 1234 1872 1289 urbe

262 1318 441 1374 Roma
464 1319 532 1374 ab
553 1319 768 1376 eodem.
806 1339 825 1377 ι

335 1412 429 1468 9.0.
485 1412 688 1469 Verum
731 1415 839 1472 hoc
858 1414 1137 1473 decretum
1167 1416 1450 1474 Melchiadi
1481 1420 1615 1475 falso
1636 1420 1871 1477 adscribi

259 1505 467 1576 duplici
491 1511 699 1564 ratione
721 1508 891 1580 liquet
915 1527 929 1562 :
961 1510 1134 1580 primo
1162 1511 1379 1580 quidem
1406 1514 1530 1583 quia
1554 1515 1715 1569 etiam
1746 1522 1872 1570 ante

260 1599 430 1669 hujus
484 1616 633 1671 papre
680 1611 924 1673 tempora
969 1604 1219 1661 fidelibus
1264 1606 1613 1663 interdictum
1661 1607 1759 1664 fuit
1784 1607 1872 1664 die

256 1692 548 1749 Dominica
586 1695 850 1766 jejunium
882 1715 894 1752 :
937 1696 1134 1754 deinde
1186 1700 1309 1769 quia
1340 1708 1397 1755 ut
1434 1700 1869 1770 interdiceretur,

1976 482 2106 537 tium
2148 491 2309 554 atque
2347 484 2649 540 inﬁdelium
2687 494 2743 541 et
2778 484 3159 542 haereticorum
3195 502 3323 545 vera
3369 496 3424 546 et
3471 506 3579 549 non

1973 572 2105 630 falsa
2141 575 2402 633 discretio
2434 578 2710 635 habeatur.
2747 597 2767 632 ι

2044 666 2134 721 22.
2187 667 2341 724 Circa
2364 668 2567 726 Nicmni
2585 672 2799 728 concilii
2829 680 3041 744 tempus
3060 674 3225 730 multa
3243 675 3575 735 Manichaeo-

1970 774 2089 814 rum
2150 762 2360 831 placitis
2419 762 2601 818 afﬁnia
2640 763 2863 835 gerebat
2901 781 2963 820 ac
3000 766 3229 823 docebat
3265 768 3581 826 Eustathius

1971 852 2215 924 quidam,
2244 854 2501 912 adversus
2529 872 2689 927 quem
2736 856 3063 928 Gangrensis
3088 860 3327 930 synodus
3356 877 3585 935 congre-

1973 956 2092 1015 gata
2121 961 2245 1001 can.
2278 948 2343 1004 18
2374 963 2439 1004 ex
2482 949 2933 1021 interpretatione
2955 951 3197 1023 Dionysii
3239 952 3428 1024 Exigui
3467 965 3581 1012 sta-

1973 1038 2119 1094 tuit:
2173 1058 2191 1091 ι
2227 1038 2284 1095 Si
2336 1042 2456 1112 quis
2502 1051 2720 1112 propter
2764 1044 3176 1111 continentiam,
3200 1061 3318 1115 qu:e
3342 1056 3582 1117 putatur,

1975 1141 2069 1186 aut
2097 1135 2492 1189 contumaciam
2540 1135 2594 1190 in
2623 1137 2711 1191 die
2740 1137 3025 1193 Dominico
3047 1138 3272 1208 jejunat,
3300 1142 3586 1199 anathema

1975 1222 2066 1279 sit.
2105 1242 2125 1276 ι
2163 1223 2264 1280 Ubi
2292 1224 2396 1281 hoc
2425 1226 2715 1283 concilium
2747 1272 2762 1296 ,
2792 1229 2930 1285 sicut
2961 1241 3014 1285 et
3043 1228 3582 1303 Czrsaraugnstanum

1973 1317 2238 1372 adversus
2286 1317 2755 1391 Priscillianistas,
2785 1323 2948 1377 etiam
2976 1323 3301 1381 Manichacus
3327 1326 3431 1382 dici
3452 1328 3586 1385 soli-

1975 1416 2079 1476 tos,
2110 1425 2251 1464 anno
2281 1410 2378 1468 581
2409 1412 2762 1482 celebratum,
2795 1415 2921 1470 dum
2949 1430 3069 1471 can.
3094 1417 3129 1470 ‘2
3156 1417 3425 1491 prohibet,
3457 1435 3476 1471 ι
3515 1437 3585 1477 ne

1973 1503 2094 1574 quis
2117 1503 2332 1574 jejunet
2357 1505 2445 1561 die
2475 1507 2751 1564 Dominica
2776 1549 2789 1573 ,
2845 1523 3007 1565 causa
3060 1512 3321 1580 temporis
3349 1522 3441 1567 aut
3468 1528 3589 1582 per-

1972 1594 2241 1650 suasionis
2293 1606 2389 1651 aut
2433 1600 2872 1669 superstitionis,
2911 1620 2929 1653 ι
2979 1602 3242 1670 jejunium
3285 1603 3447 1660 etiam
3497 1605 3588 1662 die

1977 1688 2261 1745 Dominico
2288 1731 2305 1758 ,
2336 1691 2499 1748 modo
2528 1694 2671 1748 absit
2696 1697 3096 1765 superstitionis
3124 1712 3284 1752 causa
3305 1741 3320 1765 ,
3369 1701 3593 1768 permit-

256 1802 375 1843 non
404 1803 466 1844 ea
494 1803 655 1845 causa
699 1789 839 1857 fuit,
864 1790 1011 1861 quod
1034 1791 1122 1846 illa
1151 1791 1237 1848 die
1293 1795 1484 1865 pagani
1515 1810 1611 1852 seu
1647 1795 1879 1867 gentiles

1992 1793 2100 1840 lere
2124 1784 2355 1855 quodam
2380 1785 2541 1841 modo
2568 1787 2837 1843 videntur.
2864 1788 2935 1843 Et
2964 1788 3325 1863 Hieronymus
3344 1791 3582 1863 quidem,

255 1880 426 1951 quasi
466 1894 681 1936 sacrum
713 1881 980 1953 jejunium
1008 1893 1271 1955 agerent;
1314 1886 1411 1943 sed
1437 1888 1561 1959 quia
1591 1888 1870 1944 christiani

254 1971 533 2043 jejunium
560 1974 610 2029 ei
631 1973 739 2029 diei
771 1975 993 2033 minime
1019 1992 1323 2049 congruere
1369 1989 1735 2047 censuerunt,
1768 1996 1871 2052 qua

259 2064 520 2122 Christus
576 2065 879 2123 Ecclesiam
943 2071 1346 2127 resurrectione
1410 2088 1507 2129 sua
1560 2072 1873 2128 laetiﬁcavit.

259 2159 426 2228 Quod
447 2168 625 2216 autem
646 2161 746 2216 sibi
766 2161 1063 2217 cavendum
1088 2162 1391 2219 didicerant
1424 2162 1541 2235 ipso
1569 2180 1669 2221 usu
1694 2173 1750 2220 et
1772 2176 1875 2219 tra-

262 2251 506 2319 ditione,
537 2269 658 2324 qua:
687 2253 829 2309 diem
860 2254 1199 2311 Dominicum
1233 2256 1420 2313 festive
1461 2257 1727 2329 agendum
1758 2273 1878 2315 esse

262 2343 470 2411 docet,
517 2343 707 2416 majori
739 2345 1004 2416 religione
1033 2362 1229 2403 cavere
1268 2358 1379 2403 tum
1409 2359 1690 2420 creperum
1712 2393 1727 2418 ,
1755 2365 1879 2406 cum

261 2436 634 2503 Manichacus,
668 2453 772 2493 non
802 2453 1039 2509 paganos
1059 2482 1074 2506 ,
1106 2440 1207 2493 hoc
1229 2439 1318 2496 die
1349 2440 1516 2496 veluti
1543 2456 1757 2497 sacrum
1799 2441 1880 2513 je-

260 2530 483 2602 junium
510 2545 675 2601 agere
710 2544 1015 2602 coeperunt.
1038 2532 1118 2588 Ne
1142 2548 1271 2589 vero
1301 2532 1352 2588 id
1384 2534 1552 2605 gratis
1590 2534 1772 2591 dicere
1799 2537 1877 2591 vi-

265 2622 504 2678 deamur
524 2664 539 2688 ,
562 2632 854 2694 utrumque
878 2626 1059 2695 paucis
1087 2625 1545 2696 comprobandum
1578 2637 1683 2684 est.

346 2715 443 2770 2|.
496 2716 637 2772 Ante
684 2715 998 2773 Melchiadis
1048 2733 1220 2773 aevum
1268 2719 1487 2789 scripsit
1514 2718 1885 2776 Tertullianus

266 2811 371 2867 lib.
397 2809 469 2867 de
490 2808 731 2878 Corona,
761 2826 811 2867 c.
840 2812 874 2866 '5
900 2828 912 2864 :
951 2829 971 2864 ι
1000 2810 1096 2867 Die
1136 2811 1415 2867 Dominico
1439 2812 1708 2884 jejunium
1732 2814 1885 2872 nefas

270 2903 555 2959 ducimus.
594 2922 614 2955 ι
651 2902 870 2974 Legitur
923 2916 977 2958 et
1017 2903 1083 2958 ad
1127 2903 1328 2959 calcem
1359 2903 1479 2959 libri
1502 2920 1535 2959 v
1565 2906 1886 2976 apostolica-

272 3015 404 3056 rum
453 2996 914 3055 Constitutionum
944 3015 956 3051 :
996 3017 1015 3050 ι
1042 2997 1191 3054 Reus
1231 2999 1374 3055 enim
1405 3000 1507 3055 erit
1532 3000 1766 3071 peccati,
1796 3002 1888 3073 qui

272 3092 571 3149 Dominico
597 3091 686 3147 die
712 3091 1036 3163 jejunaverit
1060 3134 1076 3157 ,
1104 3106 1226 3147 cum
1270 3092 1340 3146 sit
1377 3092 1493 3149 dies
1518 3094 1889 3150 resurrectio-

1975 1876 2139 1948 epist.
2164 1876 2256 1945 28,
2290 1877 2357 1933 ad
2389 1878 2670 1935 Lucinium
2699 1880 2928 1937 scribit:
2969 1900 2987 1934 ι
3022 1881 3237 1939 Utinam
3268 1885 3414 1940 omni
3448 1895 3586 1943 tem-

1978 1983 2109 2039 pore
2132 1968 2378 2039 jejunare
2424 1972 2693 2042 possimus
2725 1990 2739 2025 :
2773 1973 2914 2044 quod
2958 1976 3006 2028 iu
3042 1975 3265 2031 Actibus
3292 1979 3582 2047 Apostolo-

1975 2076 2095 2116 rum
2136 2061 2217 2135 (nt
2255 2063 2415 2118 etiam
2448 2064 2775 2136 Augustinus
2801 2068 2959 2138 epist.
2984 2066 3076 2135 56,
3103 2085 3157 2123 η.
3181 2069 3253 2125 28
3275 2111 3289 2137 ,
3321 2071 3581 2127 observa-

1978 2156 2074 2225 vit)
2118 2155 2304 2213 diebus
2353 2158 2700 2215 Pentecostcs
2740 2171 2796 2216 et
2841 2160 2927 2217 die
2958 2163 3236 2220 Dominico
3269 2166 3578 2236 apostolum

1979 2247 2204 2304 Paulum
2250 2258 2305 2304 ct
2349 2265 2470 2305 cum
2519 2267 2586 2307 eo
2629 2251 2914 2310 credentes
2947 2254 3139 2311 fecisse
3167 2257 3420 2328 legimus.
3450 2279 3469 2313 ι
3504 2259 3584 2315 Ne

1982 2341 2110 2397 hinc
2162 2351 2339 2398 tamen
2392 2343 2649 2400 Ecclesia:
2696 2360 2900 2402 morem
2947 2363 3010 2403 ac
3051 2350 3223 2419 legem
3273 2350 3583 2421 improbare

1982 2433 2258 2504 videatur,
2310 2452 2435 2492 mox
2484 2437 2686 2493 dictum
2739 2452 3045 2512 temperans
3070 2442 3257 2498 addit:
3294 2464 3313 2498 ι
3344 2445 3458 2503 Nec
3485 2447 3591 2504 hoc

1985 2527 2107 2584 dico
2127 2570 2143 2596 ,
2172 2528 2317 2599 quod
2345 2530 2640 2588 Dominicis
2671 2533 2860 2589 diebus
2884 2535 3236 2606 jejunandum
3265 2551 3470 2609 putem.
3492 2562 3513 2597 ι

2058 2619 2285 2676 2'5.llaec
2303 2632 2482 2678 autem
2509 2623 2616 2691 lex,
2642 2625 2940 2697 Epiphanio
2970 2638 3105 2685 teste
3128 2630 3371 2705 (Epiph.,
3392 2635 3589 2708 Expos.

1988 2712 2106 2781 ﬁd.,
2150 2731 2205 2769 η.
2234 2714 2305 2768 2‘2
2328 2715 2379 2787 ),
2432 2717 2685 2789 religiose
2715 2718 2850 2775 adeo
2881 2722 3219 2792 servabatur,
3254 2736 3312 2781 ut
3335 2728 3370 2783 ii
3399 2730 3557 2785 etiam
3577 2774 3593 2799 ,

1988 2806 2081 2879 qui
2112 2822 2321 2864 summo
2351 2810 2565 2880 pietatis
2603 2813 2781 2868 studio
2833 2828 3088 2886 perpetua
3129 2819 3230 2875 sibi
3257 2822 3461 2891 jejunia
3491 2826 3595 2880 im-

1990 2901 2294 2970 ponebant,
2322 2902 2473 2960 solos
2504 2903 2813 2962 Dominicos
2841 2922 2904 2964 ac
2924 2908 3276 2968 Pentecostes
3300 2914 3418 2971 dies
3445 2919 3596 2974 exci-

1989 3003 2182 3064 perent
2214 3014 2226 3048 :
2259 3013 2278 3046 ι
2308 2994 2551 3068 Namque
2578 3039 2591 3060 ,
2644 2998 2856 3069 inquit,
2890 3001 3195 3059 Dominieas
3220 3021 3409 3064 omnes
3434 3007 3599 3067 festas

1991 3087 2294 3159 hilaresque
2324 3090 2502 3145 sanxit
2530 3089 2770 3147 Ecclesia
2795 3134 2808 3157 ,
2837 3108 2935 3149 nec
2975 3094 3078 3149 ulla
3106 3095 3307 3167 jejunia
3338 3100 3592 3157 celebrat.

273 3189 390 3243 nis.
426 3205 445 3239 ι
496 3184 651 3241 Nulla
695 3184 785 3241 hic
822 3186 925 3240 alia
967 3185 1105 3241 ratio
1142 3185 1447 3257 subjicitur.
1501 3186 1610 3243 Sed
1659 3174 1960 3244 subindeC
1995 3178 2298 3236 Absurdum
2346 3190 2432 3236 est
2479 3182 2620 3238 enim
2669 3183 2918 3253 jejunare
2964 3186 3236 3244 Dominico
3290 3189 3442 3247 die...
3490 3193 3599 3250 Nec

275 3278 653 3350 Augustinus,
702 3278 858 3348 epist.
902 3277 993 3345 56,
1035 3277 1101 3334 ad
1141 3277 1487 3345 Casulanum,
1513 3295 1563 3336 c.
1605 3280 1691 3345 l2,
1721 3282 1892 3350 n.27,

274 3374 516 3430 dicens:
580 3391 599 3424 ι
642 3371 739 3427 Die
777 3371 1058 3427 Dominico
1115 3370 1368 3442 jejunare
1436 3372 1750 3429 scandalum
1812 3384 1896 3432 est

274 3482 565 3539 magnum,
605 3485 625 3519 ›
672 3465 811 3521 hanc
848 3478 1042 3520 novam
1086 3464 1291 3519 addidit
1328 3479 1580 3521 causam:
1615 3484 1635 3517 ι
1662 3466 1897 3523 maxime

275 3571 643 3635 posteaquam
708 3558 942 3614 innotuit
995 3557 1329 3614 detestabilis
1384 3558 1717 3630 multumque
1770 3558 1896 3615 ﬁdei

277 3652 606 3726 apostolicae
630 3649 1028 3721 Scripturisque
1053 3649 1251 3705 divinis
1292 3650 1633 3721 apertissime
1681 3659 1897 3708 contra-

276 3747 357 3804 ria
404 3744 635 3800 haeresis
675 3742 1089 3799 Manichaeorum
1115 3787 1130 3811 ,
1162 3742 1253 3814 qui
1293 3743 1406 3798 suis
1444 3743 1781 3799 auditoribus
1820 3745 1888 3801 ad

274 3835 641 3910 jejunandum
677 3835 837 3890 istum
868 3843 1137 3905 tamquam
1168 3833 1564 3890 constituerunt
1602 3835 1895 3907 legitimum

280 3932 453 3988 diem.
482 3929 592 3985 Per
616 3926 759 3999 quod
791 3926 991 3981 factum
1020 3934 1126 3993 est,
1158 3933 1217 3980 ut
1241 3925 1505 3996 jejunium
1554 3926 1664 3983 diei
1710 3926 1896 3982 Domi-

279 4026 391 4082 nici
421 4021 738 4079 horribilius
778 4020 1088 4076 haberetur.
1128 4038 1147 4072 ι
1180 4018 1245 4074 Ει
1266 4035 1322 4074 ιι.
1349 4018 1441 4086 29,
1473 4035 1541 4075 ne
1569 4020 1691 4091 quis
1713 4020 1900 4075 Domi-

280 4118 414 4174 nico
462 4115 557 4171 die
610 4112 854 4169 celebret
893 4111 1185 4183 jejunium,
1220 4121 1349 4166 tunc
1378 4112 1678 4181 praesertim
1707 4126 1899 4168 caven-

280 4210 418 4267 dum
472 4206 671 4274 docet,
734 4223 754 4258 ι
816 4213 1162 4276 posteaquam
1237 4203 1510 4271 lueretici,
1569 4205 1903 4260 maximeim-

281 4301 520 4374 piissimi
563 4297 878 4365 Manicbtei,
907 4296 1115 4369 jejunia
1151 4295 1261 4352 diei
1294 4296 1559 4352 Dominici
1588 4312 1694 4352 non
1725 4296 1899 4368 aliqua

281 4395 617 4453 necessitate
645 4400 935 4449 occurente
961 4403 1219 4462 peragere
1239 4431 1254 4455 ,
1284 4388 1378 4446 scd
1424 4390 1580 4459 quasi
1624 4404 1776 4445 sacra
1814 4406 1905 4446 so-

280 4488 577 4545 lemnitate
652 4493 847 4540 statuta
934 4481 1298 4553 dogmatizare
1367 4489 1667 4553 cmperunt.
1720 4500 1741 4534 ι
1826 4483 1903 4538 De

2000 3273 2166 3343 ipsius
2192 3273 2407 3345 quidem
2428 3274 2866 3346 Quadragesimae
2882 3278 3174 3336 Dominicis
3195 3282 3442 3353 jejunare
3461 3286 3600 3343 solet

2000 3364 2263 3421 Ecclesia.
2307 3385 2325 3419 ι
2383 3366 2579 3423 Contra
2636 3368 2778 3424 idem
2827 3381 3077 3439 sanctus,
3136 3373 3269 3428 brer.
3315 3378 3403 3444 75,
3457 3381 3595 3448 n.5,

1999 3456 2262 3514 Aerianos
2293 3460 2488 3515 merito
2536 3460 2905 3530 reprehendit,
2952 3465 3093 3534 quod
3135 3467 3295 3522 stulta
3338 3469 3600 3527 libertatis

1999 3553 2390 3620 ostentatione,
2429 3571 2447 3605 ι
2486 3554 2759 3611 Dominica
2789 3555 2878 3612 die
2920 3559 3100 3628 potius
3145 3559 3390 3630 jejunare
3432 3562 3599 3620 affec-

2000 3652 2135 3711 tent,
2167 3656 2352 3716 quarta
2388 3661 2519 3703 vero
2576 3658 2627 3702 et
2683 3660 2832 3703 sexta
2863 3648 2993 3705 feria
3024 3662 3327 3709 vescantur.
3363 3674 3382 3708 ›
3416 3656 3601 3728 Neque

2000 3738 2178 3794 minus
2201 3740 2320 3793 vani
2348 3748 2528 3796 nostra
2555 3749 2713 3797 relate
2744 3742 3092 3811 heterodoxi,
3124 3746 3212 3815 qui
3253 3747 3599 3804 christianum

1998 3840 2206 3904 ponunt
2236 3831 2539 3889 libertatem
2568 3834 2618 3887 in
2648 3835 3060 3892 contemnendis
3091 3837 3434 3895 abstinentiae
3458 3843 3607 3911 jejua

2001 3923 2325 3996 niorumque
2355 3925 2586 3996 legibus,
2616 3942 2749 3996 quas
2777 3942 2806 3981 a
2834 3927 3053 3983 Christo
3083 3928 3308 4001 ejusque
3334 3932 3607 4002 Apostolis

2002 4018 2191 4076 edocta
2239 4018 2480 4075 Ecclesia
2537 4020 2813 4090 sapienter
2868 4022 3119 4078 instituit.
3168 4024 3285 4093 Ipsa
3330 4036 3409 4080 est
3440 4068 3454 4092 ,
3486 4043 3607 4098 quae

2003 4112 2130 4168 dum
2163 4111 2350 4168 ﬁdeles
2388 4112 2454 4168 ad
2487 4113 2839 4185 jejunandum
2894 4116 2979 4170 vel
3026 4116 3495 4175 adhortationibus
3520 4121 3606 4176 vel

2005 4206 2289 4279 prmceptis
2313 4206 2587 4274 excitavit,
2612 4223 2827 4277 semper
2846 4212 3057 4279 excepit
3081 4209 3415 4267 Dominicum
3437 4213 3603 4278 diem,

2004 4314 2112 4354 non
2142 4308 2199 4353 ιιι
2226 4312 2321 4355 eos
2345 4313 2373 4351 a
2415 4299 2706 4369 gentilibus
2743 4310 3083 4368 secerneret,
3115 4301 3209 4357 sed
3242 4312 3299 4357 ut
3326 4319 3606 4361 resurrec-

2005 4391 2169 4447 tionis
2190 4391 2475 4447 dominicae
2500 4391 2642 4446 diem
2666 4408 2955 4462 numquam
2981 4410 3086 4449 non
3112 4394 3300 4451 festive
3326 4397 3605 4452 celebrau-

2008 4484 2137 4540 dum
2167 4484 2410 4540 doceret.
2441 4483 2602 4540 Falso
2634 4484 2795 4556 igitur
2820 4486 3163 4552 Mclchiades,
3195 4506 3260 4545 ne
3281 4490 3402 4562 quis
3428 4490 3605 4545 Domi-

282 4582 485 4638 iisdem
508 4578 783 4635 luereticis
812 4573 953 4633 istud
974 4591 1188 4647 quoque
1231 4574 1342 4630 Leo
1389 4589 1546 4645 papa,
1606 4574 1764 4645 epist.
1807 4574 1896 4642 l7,
1927 4576 1979 4636 D
2005 4576 2128 4631 nico
2151 4574 2241 4631 die
2261 4575 2525 4646 jejunium
2555 4587 2776 4647 ageret,
2810 4578 3119 4636 decrevisse
3152 4585 3387 4651 ponitur.
3417 4580 3605 4652 Neque

282 4676 357 4732 ad
416 4672 737 4739 Turibium,
779 4684 898 4742 cap.
928 4668 963 4724 4
989 4712 1004 4737 ,
1048 4676 1319 4726 testatur:
1372 4685 1393 4721 ι
1427 4667 1576 4725 Sicut
1617 4668 1669 4722 in
1710 4677 1898 4723 nostro

281 4767 550 4826 examine
606 4763 805 4820 detecti
852 4772 1013 4833 atque
1060 4761 1291 4819 convicti
1340 4771 1503 4831 sunt,
1562 4760 1897 4817 Dominicum

279 4862 437 4920 diem
456 4902 473 4928 ,
503 4874 667 4932 quem
697 4857 853 4914 nobis
877 4856 1171 4912 Salvatoris
1202 4856 1371 4912 nostri
1392 4854 1721 4911 resurrectio
1762 4869 1898 4911 con-

279 4952 551 5018 secravit,
599 4949 821 5021 exigunt
870 4949 923 5003 in
974 4962 1210 5003 mmrore
1242 4946 1454 5019 jejunii.
1493 4966 1512 5001 ι
1555 4946 1817 5014 Quocirca
1847 4946 1900 5000 in

278 5051 434 5108 libro
475 5045 780 5104 Pontiﬁcali
820 5043 955 5100 nihil
1012 5042 1229 5099 absurdi
1282 5042 1576 5107 videretur,
1618 5041 1664 5097 si
1700 5040 1902 5097 dictum

279 5153 441 5202 esset
467 5160 481 5195 :
521 5160 541 5194 ι
573 5137 854 5195 Μθηίειιίεί
904 5153 932 5192 a
974 5135 1274 5194 Melchiade
1300 5136 1504 5191 inventi
1534 5143 1662 5191 sunt
1691 5135 1744 5189 in
1773 5134 1905 5189 urbe

280 5236 495 5295 Roma.
534 5233 673 5290 Tum
713 5234 761 5288 is
802 5247 934 5304 papa
973 5231 1275 5297 constituit,
1317 5245 1385 5285 ne
1424 5229 1528 5285 ulla
1567 5228 1775 5284 ratione
1818 5226 1906 5283 die

280 5330 580 5389 Dominico
604 5328 871 5400 jejunium
910 5327 1032 5399 quis
1081 5326 1320 5383 ﬁdelium
1350 5335 1573 5397 ageret:
1603 5325 1725 5396 quia
1764 5324 1907 5380 hunc

280 5425 443 5484 diem
476 5422 718 5479 haeretici
745 5421 821 5477 illi
847 5422 998 5490 quasi
1028 5434 1241 5475 sacrum
1264 5418 1526 5489 jejunium
1554 5416 1849 5473 celebrant.
1880 5435 1900 5470 ι

280 5518 571 5577 Mercator
592 5524 795 5580 tamen,
822 5514 1015 5569 librum
1039 5512 1405 5569 Pontiﬁcalem
1429 5526 1765 5583 nequaquam
1787 5525 1907 5565 cor~

280 5612 507 5684 rigens,
549 5607 647 5665 sed
684 5622 810 5663 eum
853 5606 920 5661 de
959 5621 1110 5661 more
1154 5602 1802 5671 imitatus,Melchiadem
1832 5604 1910 5659 sic

281 5704 688 5761 decernentem
717 5698 953 5755 inducit:
992 5718 1011 5751 ι
1037 5696 1308 5768 Jejunium
1338 5711 1469 5753 vero
1511 5694 1774 5751 Dominici
1802 5694 1908 5752 diei

286 5804 359 5859 et
392 5796 597 5869 quinta:
624 5791 774 5851 feriae
795 5807 952 5849 nemo
978 5791 1257 5848 celebrare
1284 5788 1482 5847 debet:
1512 5802 1568 5847 ut
1599 5790 1740 5847 inter
1765 5788 1907 5863 jeju-

881 5886 1158 5951 PATROL.
1189 5882 1299 5950 VI.

2000 4667 2179 4723 minus
2206 4666 2344 4721 falso
2376 4666 2515 4722 idem
2543 4667 2612 4722 de
2639 4665 2769 4722 feria
2803 4668 2985 4739 quinta
3015 4672 3359 4729 constituisse
3384 4673 3434 4727 iu
3466 4672 3604 4729 libro

2001 4758 2303 4815 Pontiﬁcali
2331 4768 2600 4814 narratur.

2072 4854 2164 4910 26.
2206 4852 2511 4925 Numquam
2542 4870 2603 4910 ea
2636 4854 2734 4910 fuit
2777 4855 3199 4913 Christianorum
3241 4875 3368 4930 erga
3408 4859 3601 4916 feriam

2003 4948 2247 5019 quintam
2278 4948 2492 5019 religio,
2520 4965 2626 5019 qua
2659 4951 2761 5005 hoc
2783 4950 2871 5005 die
2895 4950 3142 5021 jejunare
3171 4952 3607 5020 prohiberentur.

2005 5040 2236 5097 Tantum
2278 5040 2507 5097 invaluit
2543 5057 2693 5108 mos,
2743 5050 2806 5097 ut
2845 5058 2966 5098 cum
3013 5043 3100 5097 alii
3150 5043 3297 5100 feriis
3328 5056 3515 5116 quarta
3554 5058 3611 5104 et

2006 5145 2184 5205 sexta,
2216 5134 2304 5188 alii
2333 5143 2482 5190 sexta
2515 5144 2568 5189 et
2597 5134 2823 5191 sabbato
2845 5134 3171 5205 jejunarent.
3212 5138 3452 5209 plerique
3476 5138 3611 5195 feria

2008 5227 2225 5299 quinta,
2268 5243 2386 5299 qua:
2430 5227 2624 5283 diebus
2675 5228 2783 5283 illis
2820 5228 3030 5299 jejunio
3070 5232 3400 5287 consecratis
3436 5234 3607 5289 vicina

2009 5329 2115 5386 est,
2144 5318 2246 5374 sibi
2278 5334 2308 5373 a
2332 5319 2542 5390 jejunio
2571 5318 2950 5375 abstinendum
2979 5334 3288 5378 censerent.
3316 5323 3451 5379 llinc
3481 5341 3611 5396 apo-

2009 5412 2217 5469 stolicae
2247 5412 2663 5467 constitutiones
2692 5409 2820 5485 (lib.
2856 5428 2912 5480 v,
2956 5430 3002 5466 c.
3045 5413 3159 5484 24)
3190 5415 3257 5470 ab
3299 5416 3610 5487 hypocrita-

2010 5521 2131 5560 rnm
2154 5548 2168 5572 ,
2202 5506 2292 5575 qui
2325 5505 2614 5575 singularia
2654 5520 2869 5575 semper
2899 5505 3175 5573 affectant,
3208 5523 3360 5563 more
3388 5523 3486 5564 nos
3513 5509 3613 5565 de-

2014 5600 2296 5657 hortantes
2324 5600 2644 5670 pra-cipiunt
2676 5618 2690 5655 :
2729 5617 2748 5652 ι
2779 5600 2987 5671 .lcjunia
3020 5618 3152 5658 vero
3183 5613 3370 5658 nostra
3413 5620 3479 5658 nc
3505 5602 3615 5661 sint

2017 5711 2141 5753 cum
2182 5693 2480 5767 hypocritis
2521 5696 2877 5764 communia;
2903 5695 3153 5767 jejunant
3178 5695 3336 5770 :cnim
3380 5701 3614 5758 secunda

2026 5787 2156 5848 feria
2190 5800 2247 5847 et
2270 5788 2476 5862 quinta.
2516 5808 2535 5842 ι
2564 5790 2630 5846 Et
2658 5789 3008 5865 Augustinus,
3038 5792 3197 5862 epiSI.
3242 5793 3341 5862 56,
3390 5793 3618 5863 Romani

3019 5883 3058 5949 2
