4104 6368
477 351 550 408 45
1294 347 1382 406 DE
1421 346 1761 409 DECRETIS
1797 349 2092 410 MELCHIA

2210 353 2294 414 PA
2302 353 2417 413 ΡΛΕ
2457 353 2890 422 ATTRIBUTIS.
2959 370 2966 387 ‘
3723 360 3792 416 44

478 464 1284 538 cujusdam,quihehdomada:
1315 466 1577 539 cujusque
1605 483 1700 524 sex
1723 467 1911 524 diebus
1929 468 2073 540 jeju—
2103 472 2310 534 Aferia
2362 475 2544 546 quinta
2595 477 2838 533 solemne
2906 474 3051 547 apud
3098 487 3333 546 paganos
3379 473 3648 546 jejunium
3700 476 3791 543 sit,

484 561 720 615 nandum
741 575 862 616 esse
887 559 1273 625 contendebat,
1294 565 1554 631 scriptum
1571 562 1846 630 refellens,
1867 577 2016 618 num.
2047 562 2080 619 9

483 656 560 709 ait
586 674 597 708 :
630 673 648 707 ι
685 655 840 723 Apud
863 655 1140 709 Romanos
1169 655 1420 710 omnibus
1445 656 1564 712 istis
1589 672 1684 712 sex
1707 655 1918 721 diebus,
1945 669 2083 726 pra:-

484 758 572 803 ter
591 746 950 819 paucissimos
961 747 1194 802 clericos
1206 756 1299 802 aut
1321 748 1636 811 monachos,
1657 749 2084 818 quotusquisque

483 839 777 906 invenitur,
795 840 886 908 qui
910 839 1217 910 frequentet
1246 841 1555 912 quotidiana
1578 841 1823 910 jejunia?
1845 841 2082 898 maxime

483 932 604 1002 quia
630 932 699 986 ibi
729 932 1076 1003 jejunandum
1105 934 1290 1005 quinta
1310 933 1446 991 feria
1478 951 1583 991 non
1608 935 1842 990 videtur.
1877 954 1896 988 ›
1928 933 2085 991 Unde

481 1023 738 1094 colligere
781 1034 896 1092 est,
947 1025 1136 1081 Romae
1185 1028 1400 1098 quidem
1451 1029 1729 1100 vulgarem
1783 1029 2087 1087 obtinuisse

478 1119 830 1189 opinionem,
875 1136 981 1192 qua
1015 1120 1150 1178 feria
1191 1124 1378 1194 quinta
1423 1138 1530 1180 non
1564 1124 1921 1196 jejunandum
1965 1139 2088 1180 esse

478 1222 782 1283 putaretur,
835 1213 930 1270 sed
985 1215 1194 1271 nullam
1250 1231 1312 1273 ea
1353 1217 1421 1273 de
1466 1233 1526 1273 re
1572 1219 1745 1289 legem
1789 1218 2085 1285 exstitisse,

478 1305 646 1361 immo
675 1307 960 1378 Augustini
997 1323 1116 1364 aevo
1162 1309 1236 1366 ibi
1266 1324 1297 1365 a
1329 1311 1604 1367 nonnullis
1647 1320 1759 1367 tum
1809 1311 2088 1367 monachis

484 1408 599 1456 tum
626 1401 842 1458 clericis
871 1417 994 1460 cum
1024 1403 1181 1460 laude
1209 1403 1482 1461 celebrata
1503 1421 1626 1464 esse
1650 1406 1963 1479 quotidiana
1985 1421 2088 1464 sex

483 1492 694 1550 dierum
714 1494 938 1567 jejunia.

553 1587 640 1642 25,
674 1587 834 1643 Certe
867 1604 973 1645 non
1012 1589 1175 1645 modo
1207 1605 1273 1646 ex
1302 1589 1586 1658 Cassiano,
1621 1592 1750 1648 coll.
1773 1592 1836 1647 2|
1862 1632 1877 1659 ,
1911 1605 1961 1646 c.
1990 1591 2085 1659 24,

485 1679 580 1735 sed
608 1695 675 1735 ex
711 1679 976 1752 Gregorio
1004 1697 1144 1753 papa
1186 1692 1437 1750 constat,
1470 1684 1632 1739 etiam
1673 1683 1858 1739 Romae
1891 1684 2092 1756 quintis

486 1772 922 1844 Quadragesinm
967 1773 1116 1830 feriis
1158 1775 1469 1832 intermissa
1515 1792 1622 1832 non
1660 1776 1829 1834 fuisse
1858 1778 2088 1849 jejunia.

2183 569 2278 624 sed
2310 587 2329 620 ς
2358 570 2483 640 quia
2513 570 2773 627 adscensa
2809 570 3019 626 Domini
3053 569 3168 641 ipso
3199 569 3288 625 die
3331 570 3478 624 omni
3507 584 3652 625 anno
3695 583 3794 625 oc-

2184 662 2375 730 currit,
2416 683 2435 716 ι
2471 665 2572 720 hoc
2595 673 2681 721 est
2709 665 2834 736 quia
2858 679 2982 720 eum
3009 663 3152 720 diem
3182 663 3440 720 Dominus
3468 678 3566 720 suo
3600 665 3652 718 in
3681 678 3796 720 cce-

2185 754 2296 809 lum
2325 754 2587 812 adscensu
2609 757 2973 814 consecravit.
3011 753 3155 813 Sane
3195 756 3262 812 ab
3293 755 3397 812 hoc
3447 756 3539 814 die
3572 757 3799 813 maerori

2189 860 2252 900 ac
2279 847 2501 917 jejuniis
2527 849 2915 916 consecrando,
2948 849 3134 920 procul
3179 849 3406 906 aberant
3436 850 3651 922 pagani,
3679 851 3802 922 qui-

2191 939 2294 994 bus
2321 940 2568 997 eumdem
2599 943 2650 996 in
2679 942 2886 999 honore
2910 941 3059 998 Jovis
3085 940 3336 998 festivum
3359 959 3519 1015 agere
3548 943 3801 1000 solemne

2189 1040 2327 1088 erat.
2361 1033 2622 1102 Quocirca
2647 1035 2971 1091 christianos
2993 1036 3274 1107 quosdam,
3309 1051 3446 1108 quos
3471 1036 3543 1092 ad
3573 1052 3802 1109 perver-

2191 1141 2305 1180 sam
2359 1143 2546 1182 eorum
2581 1129 2936 1185 imitationem
2973 1129 3222 1186 diabolus
3264 1129 3590 1196 seduxerat,
3618 1127 3803 1185 Czcsa-

2192 1221 2304 1276 rius
2383 1224 2717 1280 Arelatensis
2781 1225 3115 1296 episcopus,
3185 1224 3327 1296 apud
3396 1222 3802 1295 Augustinum,

2192 1315 2426 1383 append.
2473 1325 2512 1372 t.
2544 1331 2579 1371 v
2600 1360 2614 1385 ,
2639 1333 2806 1373 serm.
2840 1314 2980 1385 265,
3013 1331 3070 1372 ιι.
3099 1315 3164 1384 5,
3197 1318 3554 1373 vehementer
3578 1316 3812 1386 corripit

2195 1405 2280 1462 his
2311 1409 2492 1466 verbis
2527 1430 2538 1464 :
2577 1430 2597 1463 ι
2629 1411 2764 1480 Quia
2792 1410 3095 1466 audivimus
3123 1415 3268 1481 quod
3293 1410 3504 1482 aliquos
3535 1408 3685 1464 viros
3711 1407 3801 1462 vel

2194 1502 2455 1558 mulieres
2484 1503 2556 1558 ita
2600 1503 2847 1560 diabolus
2873 1503 3285 1572 Circumveniat,
3335 1515 3394 1559 ut
3435 1503 3623 1575 quinta
3667 1501 3807 1558 feria

2197 1614 2299 1654 nec
2325 1596 2428 1652 viri
2471 1611 2636 1667 opera
2677 1595 2899 1662 faciant,
2930 1611 3030 1653 nec
3056 1596 3314 1652 mulieres
3342 1594 3666 1662 laniﬁcium,
3700 1609 3799 1650 co-

2197 1707 2313 1748 ram
2358 1691 2470 1746 Deo
2512 1699 2568 1745 et
2608 1691 2812 1746 sanctis
2847 1689 3054 1760 angelis
3089 1697 3481 1754 contestamur,
3535 1688 3659 1759 quia
3687 1687 3813 1758 qui-

2197 1797 2429 1856 cumque
2466 1781 2570 1838 hoc
2612 1781 2906 1839 observare
2940 1781 3245 1847 voluerint,
3277 1781 3379 1836 nisi
3411 1794 3506 1851 per
3537 1779 3807 1851 prolixam

485 1864 575 1920 Sic
602 1879 768 1934 porro
790 1864 1085 1938 Gregorius
1106 1869 1405 1937 homil.16,
1429 1870 1482 1924 in
1503 1869 1789 1941 Evangel.,
1817 1871 2089 1942 loquitur:
2124 1890 2173 1951 Β
2201 1885 2253 1932 et
2302 1876 2492 1931 duram
2542 1875 2916 1944 paenitentiam
2977 1873 3084 1929 tale
3135 1873 3481 1945 sacrilegium
3537 1871 3808 1929 emenda-

491 1976 512 2010 ‹
542 1957 652 2013 Sex
690 1957 1050 2014 hebdomadze
1095 1962 1350 2026 veniunt,
1395 1978 1622 2031 quarum
1674 1961 1926 2018 videlicet
1977 1962 2094 2019 dies

482 2052 838 2125 quadraginta
855 2054 963 2108 duo
985 2053 1141 2123 ﬁunt,
1163 2070 1231 2112 ex
1248 2057 1467 2128 quibus,
1494 2057 1621 2112 dum
1645 2071 1736 2112 sex
1767 2055 1883 2113 dies
1908 2056 2093 2111 Domi-

486 2145 596 2201 nici
625 2145 971 2201 abstinentia:
1001 2147 1414 2216 subtrahuntur,
1447 2165 1556 2204 non
1589 2150 1709 2220 plus
1737 2149 1790 2204 in
1813 2149 2093 2205 abstinen-

481 2240 577 2304 tia,
611 2255 771 2309 quam
803 2255 899 2296 sex
927 2253 980 2296 et
1007 2241 1223 2310 triginta
1256 2253 1560 2299 remanent.
1593 2264 1610 2297 ι
1638 2243 1714 2298 Ibi
1741 2245 1887 2300 enim
1917 2244 2092 2301 absti-

487 2334 688 2388 nentiae
713 2348 908 2388 nomen
941 2349 1038 2403 pro
1059 2334 1266 2404 jejunio
1293 2339 1542 2406 usurpari
1585 2353 1743 2393 nemo
1769 2353 1872 2392 non
1901 2338 2047 2394 videt
2075 2358 2087 2394 :

489 2440 610 2481 cum
656 2425 779 2481 ideo
810 2440 905 2480 sex
938 2427 1326 2483 subtrahantur
1357 2429 1621 2486 Dominici
1651 2431 1796 2498 dies,
1833 2447 1937 2486 non
1966 2434 2092 2503 quia

485 2517 552 2572 iis
579 2516 772 2573 diebus
792 2519 973 2575 carnis
995 2519 1344 2583 abstinentia,
1365 2523 1458 2578 sed
1483 2523 1604 2593 quia
1627 2525 1895 2594 jejunium
1919 2527 2090 2581 inter-

485 2611 746 2665 mittatur.
778 2611 1041 2679 Quocirca
1070 2612 1367 2684 Gregorius
1399 2616 1591 2672 horum
1620 2619 1832 2689 triginta
1856 2635 1950 2675 sex
1973 2620 2092 2676 die—

487 2721 605 2759 rum
620 2704 830 2775 jejunio
848 2706 974 2760 anni
994 2709 1161 2762 nostri
1184 2708 1425 2766 decimas
1449 2710 1644 2766 oﬁ‘erre
1662 2729 1760 2768 nos
1782 2715 1891 2769 Deo
1913 2715 2090 2770 docet.

492 2798 634 2854 llinc
682 2799 985 2854 luculenter
1023 2801 1332 2856 confutatur
1361 2804 1502 2874 quod
1540 2803 1870 2862 Walafridus
1899 2807 2094 2863 Strabo

489 2905 608 2962 cap.
631 2891 722 2958 ‘20,
753 2901 807 2947 et
835 2908 900 2948 ex
929 2909 994 2947 eo
1021 2893 1349 2966 Micrologus
1363 2913 1484 2968 cap.
1515 2899 1605 2966 50,
1631 2900 1770 2956 libro
1792 2902 2095 2958 Pontificali

489 2994 652 3053 atque
695 2988 876 3053 spuria
919 2984 1235 3041 Melchiadis
1285 2988 1512 3056 epistola
1554 2989 1768 3061 decepti
1808 2993 2091 3049 scribunt:

496 3076 879 3133 cMelchiades
927 3077 1114 3132 Roma:
1163 3081 1510 3149 praesulatum
1561 3099 1756 3155 agens,
1807 3089 1995 3142 statuit
2036 3098 2098 3144 ut

490 3167 636 3222 nulla
662 3169 876 3224 ratione
909 3169 1188 3226 Dominica
1210 3181 1301 3226 aut
1322 3175 1505 3243 quinta
1531 3175 1658 3230 feria
1683 3177 1948 3248 jejunium
1973 3181 2094 3251 quis

2205 1971 2404 2037 verint,
2433 1978 2537 2025 etc.
2590 1988 2610 2022 ι
2646 1968 2911 2024 Eamdem
2943 1981 3058 2023 rem
3103 1967 3392 2023 concilium
3433 1965 3818 2034 Narbonense,

2201 2078 2345 2119 anno
2373 2059 2480 2119 589
2505 2061 2770 2128 habitum,
2796 2075 2958 2132 quam
2988 2059 3206 2132 indigne
3220 2058 3408 2128 ferret,
3432 2074 3554 2115 can.
3578 2057 3668 2122 15,
3693 2072 3822 2129 ape-

2200 2161 2308 2216 ruit
2340 2158 2424 2214 his
2450 2159 2630 2214 verbis
2662 2175 2674 2210 :
2712 2175 2730 2209 ‹
2769 2155 2853 2211 Ad
2885 2170 2986 2211 nos
3017 2155 3284 2226 pervenit,
3320 2152 3584 2225 quosdam
3614 2152 3684 2207 de
3715 2165 3820 2222 po-

2201 2252 2340 2324 pulis
2369 2251 2651 2306 catholica:
2683 2249 2807 2304 fidei
2855 2248 3178 2305 exsecrabili
3222 2249 3331 2304 ritu
3372 2247 3514 2302 diem
3563 2245 3818 2317 quintam

2199 2342 2432 2410 feriam,
2488 2344 2577 2414 qui
2624 2353 2675 2396 et
2704 2341 2902 2396 dicitur
2943 2340 3131 2406 lovis,
3185 2341 3385 2396 multos
3433 2339 3708 2406 excolere,
3764 2347 3824 2394 et

2207 2437 2575 2507 operationem
2615 2449 2723 2490 non
2759 2435 2956 2490 facere.
2991 2432 3162 2502 Quam
3191 2449 3309 2488 rem
3355 2447 3453 2504 pro
3497 2432 3590 2487 Dei
3622 2433 3826 2488 timore

2214 2541 2589 2598 exsecrantes,
2631 2540 2737 2586 etc.
2775 2549 2795 2583 ι
2846 2528 3033 2600 Neque
3083 2543 3211 2584 vero
3241 2527 3489 2583 Patribus
3535 2535 3825 2596 tantopere

2201 2624 2475 2695 diSplicuit
2513 2624 2604 2680 ille
2649 2639 2769 2680 mos
2810 2623 2912 2678 nisi
2945 2624 3070 2694 quia
3104 2624 3172 2678 ab
3200 2623 3362 2694 impia
3406 2620 3690 2692 gentilium
3719 2635 3822 2676 su-

2202 2719 2521 2788 perstitione
2543 2717 2820 2775 derivatus
2834 2726 2996 2773 esset.
3015 2717 3098 2772 Ad
3119 2733 3241 2772 eum
3265 2717 3426 2788 igitur
3448 2715 3811 2784 abolendum,

2203 2809 2335 2865 feria
2366 2812 2553 2882 quinta
2588 2811 2767 2880 potius
2787 2811 2992 2882 jejunia
3019 2810 3304 2866 indiceuda
3331 2818 3508 2875 erant,
3533 2809 3818 2881 quomodo

2169 2981 2172 2986 _
2201 2904 2393 2960 iisdem
2433 2904 2768 2975 temporibus
2798 2905 2849 2959 in
2872 2903 3114 2960 kalendis
3151 2903 3422 2960 Januariis
3453 2905 3704 2961 eamdem
3734 2902 3815 2960 ob

2203 3013 2422 3054 causam
2452 2997 2653 3054 factum
2679 3010 2783 3066 est,
2817 3014 2979 3070 quam
3007 2997 3363 3069 prohibenda.

2276 3092 2368 3146 27.
2399 3093 2684 3148 Decretum
2728 3093 2956 3148 alterum
3002 3093 3053 3146 in
3090 3091 3228 3148 libro
3254 3089 3555 3147 Pontiﬁcali
3595 3104 3826 3162 expres-

2204 3200 2326 3240 sum
2369 3194 2453 3240 est
2499 3187 2549 3240 in
2594 3185 2736 3240 hunc
2766 3185 2983 3241 modum
3021 3203 3033 3237 :
3066 3204 3084 3238 ι
3121 3184 3220 3240 Hic
3245 3185 3372 3240 fecit
3412 3195 3469 3240 ut
3508 3184 3824 3242 oblationes

491 3260 728 3353 fidelium
758 3271 960 3332 ageret.
989 3262 1191 3330 Pagani
1223 3265 1365 3320 enim
1386 3266 1469 3322 his
1496 3268 1689 3324 diebus
1712 3274 1865 3341 quasi
1887 3272 2098 3343 jejunia
2129 3290 2175 3353 ρ
2208 3288 2539 3334 consecratae
2569 3295 2670 3351 per
2716 3279 2980 3335 ecclesias
3015 3295 3081 3334 ex
3112 3287 3432 3335 consecratu
3461 3278 3704 3350 episcopi
3729 3278 3821 3334 di-

493 3352 929 3424 frequentabant.
961 3355 1087 3410 Ideo
1118 3357 1180 3411 Β.
1212 3357 1509 3428 Gregorius
1541 3362 1592 3416 in
1623 3363 1981 3433 diSjiositione
2009 3367 2098 3423 of-

493 3446 736 3502 ficiorum
766 3449 916 3514 anni,
952 3447 1091 3505 infra
1118 3452 1607 3524 quadragesimam,
1632 3459 1876 3530 quintam
1908 3461 2097 3520 feriam

494 3547 774 3595 vacantem
805 3540 1056 3608 demisit;
1087 3551 1147 3597 ut
1183 3545 1304 3614 quia
1339 3543 1529 3602 festiva
1560 3560 1678 3604 erat
1716 3551 1885 3607 veluti
1916 3554 2098 3611 Domi-

492 3632 631 3697 nica,
664 3633 825 3687 etiam
856 3632 1036 3689 ofﬁcio
1059 3634 1164 3689 diei
1198 3636 1492 3694 Dominica:
1523 3642 1751 3698 celebris
1782 3643 2094 3702 haberetur.

494 3724 626 3790 Qua:
655 3727 842 3794 quinta
873 3725 1006 3782 feria
1037 3729 1292 3797 quoniam
1325 3735 1669 3801 postmodum
1703 3740 1868 3808 coepit
1899 3749 1959 3794 ut
1986 3757 2094 3796 cte-

497 3826 648 3882 tertu,
674 3818 892 3888 jejuniis
919 3820 1209 3891 applicari;
1235 3823 1527 3896 Gregorius
1548 3829 1732 3898 junior
1762 3833 1950 3888 statuit
1976 3850 2096 3892 eam

496 3909 674 3965 Missis
717 3923 771 3966 et
814 3914 1149 3970 orationibus
1188 3933 1308 3973 esse
1345 3920 1664 3980 solemnem.
1699 3944 1718 3977 ›
1753 3925 1897 3981 lstud
1933 3944 2098 3999 porro

496 4004 667 4068 aiunt,
697 4006 802 4058 vita
833 4004 948 4060 fulti
981 4007 1226 4080 Gregorii
1257 4010 1320 4079 ll,
1353 4013 1441 4082 qui
1483 4013 1663 4085 junior
1693 4020 1951 4090 appellari
1986 4031 2096 4078 tum

497 4096 738 4163 solebat,
771 4098 860 4153 ubi
903 4102 1046 4170 apud
1080 4101 1424 4161 Auastasium
1467 4109 1694 4180 legimus
1723 4131 1734 4164 :
1771 4132 1790 4166 ι
1823 4113 1919 4170 Hic
1958 4132 2096 4186 qua-

496 4187 838 4258 dragesimali
878 4201 1158 4262 tempore,
1194 4206 1254 4250 ut
1297 4197 1348 4251 in
1392 4202 1575 4269 quinta
1625 4204 1750 4259 feria
1793 4206 2095 4278 jejunium,

497 4291 658 4353 atque
695 4283 975 4341 Missurum
1022 4288 1311 4346 celebritas
1356 4292 1509 4349 ﬁeret
1551 4297 1602 4351 in
1647 4301 1916 4368 ecclesiis,
1951 4305 2096 4372 quod

499 4389 604 4428 non
636 4377 910 4442 agebatur,
946 4379 1195 4435 instituit.
1233 4402 1250 4436 ι
1284 4384 1389 4440 Sed
1418 4395 1471 4442 et
1493 4387 1595 4442 hoc
1616 4389 1736 4446 loco
1762 4394 2097 4451 convincun-

498 4477 587 4522 tur
624 4467 952 4526 Walafritlus
981 4488 1044 4528 ac
1092 4475 1416 4548 Micrologus
1452 4495 1514 4534 ex
1546 4495 1922 4556 przeconcepta
1961 4491 2102 4560 opi-

499 4563 663 4616 nione
707 4563 920 4632 potius,
961 4582 1120 4636 quam
1173 4570 1279 4624 ulla
1335 4574 1654 4630 auctoritate
1710 4577 1915 4636 dixisse
1965 4581 2100 4639 feria

2210 3375 2536 3446 rigerentur,
2590 3374 2731 3447 quod
2780 3373 3086 3429 declaratur
3134 3373 3479 3430 fermentum.
3515 3391 3535 3426 ›
3579 3372 3679 3428 Cui
3721 3371 3826 3428 de-

2209 3480 2360 3525 creto
2383 3469 2563 3525 simile
2587 3480 2672 3526 est
2691 3467 2828 3524 illud
2849 3467 2992 3540 quod
3019 3467 3159 3524 idem
3183 3468 3320 3523 liber
3337 3467 3528 3526 Siricio
3543 3466 3823 3523 attribuit:

2215 3584 2234 3617 ι
2271 3565 2369 3621 Hic
2415 3565 2716 3631 constituit,
2770 3573 2831 3620 ut
2871 3565 3052 3620 nullus
3100 3564 3383 3636 presbyter
3427 3563 3619 3620 Missas
3665 3562 3823 3618 cele-

2209 3660 2395 3715 braret
2436 3675 2528 3728 per
2569 3658 2988 3725 hebdomadam,
3019 3658 3120 3713 nisi
3152 3665 3528 3716 consecratum
3571 3653 3826 3727 episcopi

2208 3752 2317 3807 loci
2337 3751 2602 3823 designati
2619 3753 2919 3823 susciperet
2947 3752 3305 3816 declaratum,
3330 3751 3474 3823 quod
3501 3750 3825 3806 nominatur

2208 3842 2558 3900 fermentum.
2599 3864 2618 3898 ι
2660 3847 2993 3916 Quamquam
3039 3845 3090 3899 in
3129 3843 3482 3900 Bollandiano
3522 3842 3645 3898 libri
3672 3842 3828 3898 Pon-

2211 3936 2424 3993 tificalis
2451 3938 2771 4008 exemplari,
2823 3948 2880 3993 ut
2921 3946 2974 3993 et
3021 3938 3077 3992 in
3124 3937 3458 4004 Fossatensi,
3504 3951 3647 3993 nunc
3692 3934 3829 3992 Col-

2213 4030 2448 4098 bertino,
2497 4030 2640 4086 idem
2676 4031 2852 4087 Siricii
2879 4030 3154 4086 decretum
3199 4030 3520 4100 simpliciter
3557 4029 3629 4084 ita
3659 4028 3829 4086 effer-

2213 4131 2340 4178 tur:
2381 4142 2399 4176 ι
2438 4124 2731 4179 Constituit
2762 4135 2819 4178 ut
2863 4125 2980 4179 sine
3027 4133 3346 4180 consecrato
3382 4123 3660 4194 episcopi,
3713 4122 3828 4179 loci

2210 4217 2506 4286 cujuslibet
2545 4215 2878 4288 presbyteris
2909 4231 3015 4272 non
3063 4217 3250 4272 liceret
3282 4214 3612 4272 consecrari.
3651 4231 3671 4266 ι
3716 4213 3829 4270 Ubi

2215 4308 2318 4362 nisi
2353 4308 2596 4379 legamus
2627 4321 2970 4376 consecrare,
3026 4308 3128 4364 hoc
3167 4308 3444 4362 decretum
3476 4305 3544 4361 ad
3586 4304 3830 4376 presby-

2215 4414 2454 4459 terorum
2471 4404 2937 4460 consecrationem
2960 4403 3306 4461 referendum
3335 4404 3609 4460 videbitur
3636 4420 3651 4458 τ
3674 4401 3829 4474 quod

2211 4491 2503 4561 aliquando
2539 4489 2738 4546 factum
2785 4506 2906 4545 esse
2952 4491 3285 4560 ignoramus.
3321 4490 3434 4546 Hoc
3482 4498 3695 4543 tantum
3724 4503 3832 4543 no-

2212 4587 2395 4640 vimus
2418 4585 2544 4639 olim
2571 4583 2846 4638 nonnullis
2869 4584 2922 4638 in
2945 4582 3190 4639 ecclesiis
3213 4597 3309 4639 usu
3331 4590 3606 4651 receptum
3628 4579 3828 4649 fuisse,

497 4657 680 4759 quinta
705 4657 916 4759 Missam
942 4675 972 4714 e
995 4660 1270 4759 Dominica
1297 4664 1464 4722 fuisse
1496 4671 1815 4739 repetitam;
1841 4690 1962 4730 cum
1994 4677 2103 4735 hoc
2128 4695 2183 4759 Β
2210 4691 2267 4737 ιιι
2313 4682 2616 4753 presbyteri
2660 4687 2783 4750 post
2820 4679 3214 4734 ordinationem
3258 4692 3408 4733 suam
3453 4677 3520 4732 ab
3561 4676 3833 4748 episcopo

499 4750 609 4816 die,
646 4751 847 4804 nullam
867 4762 993 4806 ante
1009 4752 1325 4823 Gregorium
1357 4757 1416 4818 ll.
1449 4761 1530 4830 agi
1560 4766 1914 4822 Consuevisse
1938 4767 2106 4827 istinc

501 4841 810 4897 doceamur.
843 4843 918 4898 Ita
947 4861 1101 4900 error
1129 4863 1372 4904 errorem
1404 4850 1562 4908 facile
1599 4856 1760 4924 parit.

571 4935 661 4991 26.
685 4937 761 4990 Ad
780 4937 1044 5007 jejunium
1060 4941 1202 5010 quod
1233 4944 1444 5008 attinet,
1463 4947 1665 5002 nullam
1688 4948 1745 5005 S.
1771 4948 2102 5012 Benedictus

500 5036 721 5081 noverat
752 5027 947 5100 legem,
977 5047 1095 5100 quae
1126 5032 1255 5088 illud
1285 5034 1419 5091 feria
1451 5039 1636 5108 quinta
1667 5046 1873 5100 servari
1903 5048 2089 5116 prohi-

499 5118 667 5175 beret.
704 5121 909 5192 Quippe
947 5126 1143 5195 regulae
1182 5142 1296 5182 suae
1339 5129 1517 5199 capite
1552 5131 1618 5187 41
1664 5139 1980 5194 continuum
2027 5143 2097 5198 ad

497 5222 740 5266 sanctum
772 5229 939 5284 usque
971 5217 1173 5274 Pascha
1201 5219 1464 5291 jejunium
1496 5227 1874 5297 praescrihens,
1903 5231 2094 5290 feriam

497 5306 738 5402 quintam
783 5314 1134 5402 nonexcipit.
1181 5315 1236 5371 S.
1286 5316 1522 5375 Isidorus
1551 5319 1910 5395 Hispalensis,
1953 5328 2092 5402 Reg.

496 5411 616 5466 cap.
651 5397 737 5463 l0,
769 5400 1071 5469 quotidiana
1101 5421 1199 5475 per
1237 5416 1408 5465 totum
1452 5427 1651 5468 annum
1693 5415 1896 5486 jejunia
1920 5461 1933 5483 ,
1960 5397 2098 5478 solis

498 5490 789 5546 Dominicis
813 5497 1073 5566 exceptis,
1109 5501 1173 5555 ad
1198 5503 1550 5562 imitationem
1575 5519 1784 5578 patrum
1809 5515 2096 5583 permittit.

494 5583 684 5641 Postea
735 5589 948 5658 quidem
996 5591 1228 5662 Magistri
1274 5597 1497 5670 Regula,
1535 5617 1657 5673 cap.
1697 5604 1790 5670 27,
1821 5607 1891 5660 28
1920 5618 1974 5662 ct
1999 5609 2090 5676 53,

494 5676 644 5732 feriis
666 5681 868 5748 quintis
885 5682 1148 5754 jejunium
1169 5691 1404 5757 remisit;
1431 5693 1524 5749 sed
1550 5695 1617 5751 ab
1645 5697 1746 5753 hac
1767 5699 2092 5759 remissione

493 5775 706 5844 quintus
760 5781 1183 5853 quadragesima
1236 5787 1399 5844 ferias
1442 5793 1613 5865 excipi
1656 5797 1842 5853 voluit.
1901 5798 2091 5872 Neque

493 5875 626 5924 lem
652 5873 924 5934 praedictae
946 5875 1278 5937 remissionis
1305 5880 1444 5939 hanc
1473 5885 1621 5943 dedit
1641 5890 1927 5962 rationem,
1960 5896 2088 5965 quia

2212 4791 2315 4834 suo
2382 4774 2644 4830 Dominici
2705 4775 2950 4844 corporis
2999 4773 3310 4842 acciperent
3371 4771 3694 4841 portiones,
3757 4767 3835 4826 de

2210 4871 2406 4943 quibus
2436 4879 2586 4925 certo
2612 4869 2822 4924 dierum
2853 4881 3079 4922 numero
3109 4865 3541 4921 communionem
3574 4860 3837 4932 percipe-

2215 4975 2358 5023 rent.
2405 4964 2668 5033 Quocirca
2722 4964 2773 5017 iu
2815 4963 3037 5033 antiquo
3079 4959 3386 5016 Pontificali
3437 4956 3836 5016 Suessionensi

2211 5058 2360 5129 apud
2403 5069 2648 5114 nosuum
2691 5055 3039 5111 Edmundum
3070 5054 3332 5120 Martene,
3364 5053 3434 5108 de
3460 5050 3631 5122 antiq.
3667 5049 3834 5106 Eccl.

2215 5151 2356 5219 Rit.,
2382 5158 2422 5206 t.
2447 5167 2506 5217 ιι,
2541 5165 2594 5220 p.
2626 5148 2752 5214 322,
2787 5147 2928 5203 istud
2971 5146 3202 5203 edicitur
3239 5163 3251 5198 :
3291 5163 3310 5198 ι
3351 5143 3557 5200 Debent
3594 5141 3840 5213 presby-

2213 5242 2318 5298 teri
2349 5242 2625 5313 portiones
2667 5240 2932 5296 Dominici
2979 5239 3226 5309 corporis
3265 5237 3333 5292 ab
3376 5236 3634 5305 episcopo
3674 5235 3834 5289 acci-

2213 5350 2367 5406 pere,
2397 5335 2465 5390 de
2493 5335 2690 5405 quibus
2721 5332 3019 5403 percipiant
3058 5329 3498 5386 communionem
3547 5340 3645 5398 per
3685 5341 3833 5397 qua-

2210 5427 2460 5499 draginta
2527 5426 2666 5482 dies.
2733 5445 2753 5479 ι
2813 5425 2880 5480 Ει
2933 5425 2987 5480 in
3041 5423 3263 5494 antiquo
3311 5421 3515 5478 Ordine
3574 5419 3836 5476 Romano

2215 5523 2432 5578 novitiis
2490 5521 2818 5594 presbyteris
2872 5519 3263 5592 praescribitur,
3315 5526 3372 5572 ut
3425 5531 3492 5571 ex
3539 5515 3665 5570 data
3716 5514 3835 5572 sibi

2215 5615 2392 5669 oblata
2421 5623 2738 5669 consecrata
2777 5611 3176 5668 communicent
3221 5623 3391 5679 usque
3434 5616 3644 5679 septem
3678 5606 3833 5663 dies.

2217 5707 2443 5774 Verum,
2481 5721 2549 5761 ex
2587 5704 2917 5761 auctioribus
2955 5702 3078 5760 libri
3123 5700 3454 5757 Pontiﬁcalis
3492 5698 3776 5756 codicibus
3814 5739 3832 5767 ,

2211 5798 2525 5872 corrigendi
2570 5797 2824 5854 videntur
2871 5793 3254 5852 Bollandianus
3277 5804 3440 5864 atque
3477 5790 3833 5848 Fossatensis

2213 5894 2354 5951 adeo
2392 5901 2452 5950 ut
2481 5893 2536 5950 in
2564 5892 2646 5950 eis
2698 5892 2902 5964 legatur
2960 5904 3286 5958 consecrare,
3332 5903 3444 5947 non
3486 5885 3823 5956 consecrari,
