4104 6368
309 335 370 404 is
985 341 1290 408 nonnon
1326 325 1581 406 DiCTUM
1621 341 1709 400 oe
1743 335 1911 398 nam

2017 333 2106 395 10.
2126 366 2194 379 --
2231 328 2539 395 ΑΝΟΝΫΜῙ
2563 332 2872 394 GARMEN.
3117 330 3120 331 ⁷
3185 330 3191 333 ”
3528 326 3600 396 ιθ

312 463 461 529 idque
506 460 575 517 de
622 456 1030 519 consecratione
1075 463 1414 520 c‘uchari‘stia‘e
1464 473 1559 520 seu
1607 443 1889 515 MiSsarum
1919 453 1970 518 Α
1997 455 2119 526 quia
2161 469 2261 510 nec
2302 454 2461 526 longe
2493 455 2754 526 portanda
2785 459 2911 511 sunt
2963 459 3326 511 sacramenta.
3359 453 3470 512 Nec
3509 469 3610 512 nos

310 553 666 609 citlcbratione
702 553 1047 637 intelligatur.
1092 551 1199 612 Sed
1244 569 1419 627 neque
1447 555 1571 612 hinc
1594 555 1897 618 coniicitur,

308 647 590 703 oblationis
646 649 714 704 ab
758 649 1016 722 episcopo
1073 655 1406 707 consecratae
1464 651 1740 722 portiones
1808 665 1904 720 per

306 741 560 798 ecclesias
585 758 648 796 ac
678 743 862 800 titulos
889 745 1134 802 mittendi
1166 761 1370 801 morem
1399 743 1532 800 falso
1555 739 1620 802 ad
1651 738 1904 802 Melchis-

309 833 426 889 dem
472 837 528 889 ut
575 835 642 889 ad
679 835 795 906 ejus
835 845 1113 894 a‘uttorem
1164 835 1401 895 referri:
1447 854 1566 894 cum
1613 839 1664 894 in
1711 829 1901 894 eodem

307 926 445 981 libro
497 927 730 984 Romani
783 929 1064 1001 pontifices
1121 929 1172 986 id
1228 930 1500 988 interdum
1556 931 1905 988 constituisse

303 1019 570 1088 dicantur,
632 1035 740 1078 non
790 1024 935 1095 quod
989 1024 1319 1080 instituerint
1364 1025 1557 1097 primi,
1616 1022 1712 1080 sed
1762 1023 1904 1094 quod

303 1113 586 1169 dumtaxat
609 1114 1001 1172 confirmarint.
1031 1115 1166 1172 Nam
1207 1127 1266 1172 ut
1304 1123 1333 1172 a'
1378 1117 1573 1174 Siricio
1604 1133 1712 1173 non
1751 1123 1905 1173 rece-

303 1206 517 1274 damus,
565 1208 862 1264 secundum
894 1209 1036 1265 hunc
1083 1210 1301 1277 librum,
1341 1227 1360 1262 r
1407 1211 1688 1266 Constituit
1728 1209 1904 1267 haere-

303 1301 442 1358 ticos
467 1299 570 1357 sub
601 1317 790 1359 manus
811 1302 1156 1374 impositione
1186 1302 1350 1375 recipi
1380 1305 1435 1360 et
1460 1303 1822 1369 reconciliari,
1881 1305 1900 1357 ὁ

301 1397 427 1465 quia
460 1395 619 1465 epist.
644 1395 691 1461 l,
727 1395 794 1450 ad
820 1393 1050 1461 Himer.,
1080 1411 1200 1468 cap.
1224 1397 1276 1461 1.
1300 1395 1606 1464 confirmat,
1627 1394 1771 1467 quod
1797 1393 1909 1468 iam

306 1485 619 1557 Stephanus
640 1488 942 1544 traditionis
961 1488 1279 1546 auctoritate
1302 1488 1619 1545 vindicarat.

373 1579 466 1634 9.8.
499 1577 572 1635 Ut
605 1587 667 1634 ut
707 1591 808 1648 εει,
851 1581 1168 1652 praedictum
1210 1580 1464 1638 fermenti
1510 1592 1606 1653 per
1645 1581 1908 1638 ecclesias

299 1669 552 1726 mittendi
597 1685 755 1726 usum
798 1672 1109 1729 Innocentio
1137 1673 1494 1744 antiquiorem
1526 1685 1648 1730 esse
1687 1677 1906 1729 c0n5tat

295 1777 364 1819 ex
401 1761 482 1817 his
509 1779 630 1833 quae
662 1763 804 1820 idem
831 1780 966 1837 papa
993 1767 1152 1836 epist.
1180 1765 1273 1833 25,
1299 1765 1366 1821 ad
1396 1766 1731 1834 Decentium,
1763 1776 1819 1822 π.
1853 1765 1908 1835 8,

2009 568 2104 622 per
2132 552 2443 607 cmmetcria
2477 551 2685 607 diversa
2725 549 3032 607 constitutis
3073 551 3404 623 presbyteris
3445 548 3612 606 desti-

2012 659 2222 699 namus.
2257 661 2275 695 ι
2309 642 2464 699 Unde
2491 654 2715 714 apparet
2741 643 2814 711 id,
2855 642 2999 714 quod
3042 642 3096 697 in
3138 643 3277 698 libro
3312 641 3612 698 Punliflca'li

2009 737 2249 793 dicitur:
2297 753 2316 787 ι
2371 735 2662 807 cujuslibet
2709 736 2814 792 loci
2865 735 3215 807 presbyteris,
3265 736 3366 790 nisi
3419 737 3613 791 conse-

2010 844 2216 888 cratum
2260 831 2501 902 episcopi
2547 831 2919 900 susceperint,
2975 841 3072 900 per
3117 828 3533 895 hebdomadam,
3585 839 3607 881 δ

2009 925 2200 983 Missas
2228 927 2506 981 celebrare
2546 940 2640 981 seu
2670 931 2992 981 consecrare
3021 929 3129 978 non
3176 923 3361 989 licere,
3391 922 3615 978 minime

2011 1031 2321 1074 accuratum
2351 1035 2512 1086 esse;
2541 1035 2665 1075 cum
2717 1020 2820 1075 hoc
2852 1027 2958 1074 non
3006 1018 3076 1074 de
3121 1017 3484 1088 quibuslibet,
3518 1015 3615 1072 sed

2013 1121 2219 1168 tantum
2245 1112 2314 1168 de
2342 1111 2671 1185 presbyteris
2699 1113 2751 1166 in
2781 1113 2916 1168 urbe
2959 1110 3288 1176 constitutis,
3312 1119 3367 1164 et
3398 1108 3616 1181 quidem

2013 1210 2126 1265 sola
2171 1209 2258 1265 dic
2311 1210 2584 1265 Dominica
2614 1252 2627 1276 ,
2669 1209 2947 1265 decretum
2998 1210 3089 1264 sit.
3137 1207 3408 1263 Prmterca
3472 1206 3617 1263 hunc

2014 1319 2167 1359 usum
2198 1303 2339 1370 ideo,
2372 1311 2431 1358 ut
2454 1304 2890 1376 presbyterorum
2920 1313 3040 1358 cum
3068 1302 3322 1374 epiSCOpo
3346 1317 3444 1356 suo
3471 1315 3618 1356 com-

2013 1395 2284 1450 munionis
2330 1393 2585 1450 indicium
2615 1403 2781 1464 esset,
2811 1394 3092 1451 inductum
3124 1407 3248 1450 esse
3273 1392 3622 1449 Innocentius

2021 1489 2198 1559 palam
2243 1488 2462 1546 indicat.
2495 1489 2632 1546 Hinc
2679 1489 3003 1546 eucharistia
3046 1488 3124 1544 sic
3169 1489 3336 1544 missa
3380 1503 3475 1543 cur
3517 1485 3626 1543 fer-

2014 1585 2177 1641 menti
2210 1586 2427 1642 nomine
2455 1584 2654 1641 donata
2688 1586 2779 1654 sit,
2813 1585 2944 1641 satis
2974 1583 3313 1655 intelligitur.
3344 1579 3624 1638 Fermenti

2023 1678 2222 1749 quippe
2269 1679 2441 1734 vicem
2471 1679 2715 1750 gerebat,
2747 1687 3012 1749 quatenus
3061 1675 3320 1733 ecclesias
3375 1675 3440 1729 ad
3491 1677 3626 1745 quas

2015 1769 2350 1836 mittebatur,
2403 1771 2545 1827 sicut
2599 1771 2921 1827 fermentum
2975 1784 3207 1825 massam
3265 1768 3350 1823 cui
3400 1766 3626 1822 commi-

297 1855 494 1911 scribit
525 1872 538 1909 :
575 1872 595 1907 ι
632 1856 707 1912 De
733 1856 1000 1913 fermento
1029 1871 1180 1926 vero,
1210 1858 1353 1930 quod
1390 1858 1478 1915 die
1502 1859 1782 1916 Dominica
1812 1871 1909 1931 per
1938 1853 1988 1917 B
2016 1875 2218 1930 scctur,
2267 1881 2389 1921 cum
2435 1866 2690 1939 episcopo
2735 1879 2836 1921 suo
2880 1865 2933 1920 in
2989 1879 3094 1919 uno
3142 1860 3348 1917 Christi
3394 1863 3627 1930 corpore

298 1952 494 2008 titulos
535 1952 821 2022 mittimus,
870 1951 1147 2023 superflue
1189 1968 1288 2010 nos
1317 1955 1603 2011 consulere
1641 1955 1856 2010 voluiSti
1890 1974 1902 2010 :

295 2062 424 2104 cum
452 2062 646 2103 omnes
674 2049 919 2104 ecclesiae
948 2057 1150 2105 nostrae
1177 2051 1314 2104 intra
1335 2049 1605 2104 civitatem
1636 2051 1744 2104 sint
1772 2065 1905 2105 con-

298 2143 530 2198 stitutae.
562 2141 800 2210 Quarum
846 2143 1180 2215 presbyteri,
1213 2143 1334 2213 quia
1381 2143 1474 2198 die
1518 2145 1633 2213 ipsa
1688 2149 1907 2214 propter

293 2235 517 2306 plebem
567 2235 670 2289 sibi
701 2234 961 2290 creditam
994 2236 1274 2291 nobiseum
1305 2235 1596 2291 convenire
1627 2249 1732 2291 non
1778 2243 1906 2307 pos;

291 2337 447 2395 sunt,
475 2328 674 2384 idcirco
707 2330 1033 2384 fermentum
1060 2345 1091 2383 a
1123 2330 1279 2386 nobis
1305 2330 1616 2386 confectura
1652 2341 1750 2400 per
1779 2333 1906 2387 aeu;

294 2425 483 2497 iythos
511 2422 805 2495 accipiunt,
824 2432 880 2479 nt
904 2439 963 2481 se
985 2441 1013 2479 a
1034 2433 1220 2480 nostra
1246 2425 1650 2490 communione,
1676 2422 1912 2482 maxime

299 2519 392 2574 illa
432 2517 542 2586 die,
574 2532 681 2572 non
710 2517 953 2587 judicent
980 2521 1281 2588 separatos.
1310 2501 1466 2585 Quod
1501 2525 1597 2588 per
1624 2515 1911 2588 parochias

293 2611 480 2683 (extra
535 2610 723 2666 urbem
777 2610 1124 2680 conetitutas)
1152 2610 1269 2668 ﬁeri
1320 2609 1522 2668 debere
1571 2614 1683 2667 non
1739 2617 1912 2683 puto:

2014 1957 2300 2028 copuiabat
2344 1965 2508 2028 atque
2567 1957 2807 2013 uniebat.
2850 1955 3021 2011 Porro
3054 1955 3209 2009 istam
3242 1953 3529 2007 oblationis
3561 1950 3629 2009 ab

2015 2051 2283 2122 episcopis
2312 2060 2648 2107 consecratae
2684 2050 3004 2122 particulam
3037 2063 3066 2103 a
3091 2047 3426 2120 presbyteris
3449 2045 3502 2099 in
3530 2059 3628 2100 ca-

2015 2144 2171 2199 licem
2219 2153 2345 2199 tunc
2386 2145 2607 2199 missam
2651 2159 2796 2209 esse,
2831 2158 2952 2198 cum
3004 2141 3058 2196 in
3111 2139 3272 2196 Missa
3322 2139 3627 2195 dicebant:

2035 2255 2052 2288 ‹
2088 2236 2194 2291 Pax
2229 2236 2440 2290 Domini
2488 2237 2558 2292 sit
2603 2249 2819 2307 semper
2865 2235 3166 2299 vobiscum,
3209 2252 3227 2286 ι
3262 2233 3366 2288 hoc
3407 2243 3512 2299 est,
3564 2245 3630 2287 eo

2017 2330 2135 2399 ipso
2175 2338 2448 2399 tempore,
2480 2345 2586 2401 quo
2635 2329 2800 2385 etiam
2850 2344 2992 2383 nunc
3040 2327 3235 2382 hostiae
3288 2331 3626 2380 consecratae

2020 2425 2200 2479 minor
2229 2425 2492 2495 particula
2521 2426 2575 2480 in
2608 2423 2828 2480 calicem
2860 2439 2890 2478 a
2932 2419 3265 2493 presbyteris
3304 2417 3627 2476 demittitur.

2021 2535 2086 2574 ex
2116 2520 2348 2590 antiquis
2368 2519 2565 2590 glossis
2606 2519 2657 2573 in
2695 2516 2998 2573 Decretales
3027 2525 3058 2568 a’
3084 2512 3392 2569 Mabillonio
3417 2521 3626 2579 nostro,

2019 2612 2264 2670 Analect.
2303 2623 2339 2669 t.
2375 2627 2448 2682 tv,
2479 2627 2601 2684 pag.
2625 2610 2715 2677 60,
2746 2611 2923 2667 citatis
2952 2607 3334 2680 comperimus.

3457 2760 3603 2782 ﬂ

1304 2868 1691 2948 BBETICII,
1727 2869 2083 2934 EPISCOPI
2117 2870 2551 2948 JEDUENSIS,

1260 3048 1738 3134 DICTUM
1797 3049 1960 3132 DE
2004 3049 2630 3134 BAPTISMO.

361 3211 679 3269 Bheticium
707 3199 904 3284 (inquit
926 3209 982 3267 S.
1018 3209 1396 3284 Augustinus),
1421 3213 1490 3269 ab
1517 3211 1914 3282 Augustoduno

292 3307 657 3378 episcopum,
706 3320 916 3376 magnae
970 3299 1135 3361 fuisse
1187 3304 1521 3361 auctoritatis
1570 3305 1622 3360 in
1675 3305 1913 3362 Ecclesia

291 3406 551 3469 tempore
609 3395 949 3467 episcopatus
999 3397 1120 3463 sui,
1161 3406 1310 3468 gesta
1367 3394 1456 3452 illa
1506 3396 1914 3465 ecclesiastica,

292 3496 455 3550 nobis
509 3493 768 3559 indicant,
810 3495 1027 3566 quando
1081 3493 1134 3550 in
1192 3494 1324 3549 urbe
1374 3493 1567 3562 Roma,
1620 3493 1990 3584 MelchiadeC

289 3585 618 3658 apostolica:
672 3585 1137 3657 sedistepiscopo
1192 3585 1562 3658 praesidente,
1615 3602 1735 3642 cum
1790 3585 1911 3642 aliis

284 3677 462 3750 iudex
521 3673 799 3746 interfuit,
848 3675 1223 3751 Donatumque
1273 3679 1577 3748 damnavit,
1621 3680 1712 3751 qui
1766 3679 1913 3752 prior

286 3783 494 3830 auctor
540 3771 943 3830 Donatistarum
976 3771 1283 3831 schismatis
1314 3774 1432 3843 fuit,
1459 3784 1513 3832 et
1541 3773 1912 3843 Caecilianam,

2023 3213 2334 3284 episc0pum
2367 3213 2619 3269 Ecclesia:
2649 3212 3108 3286 Carthaginensis,
3131 3217 3380 3276 absolvit.
3403 3219 3474 3286 Is,
3503 3234 3626 3277 cum

2024 3307 2092 3362 de
2123 3307 2391 3376 baptismo
2420 3316 2624 3377 ageret,
2659 3308 2728 3362 ita
2763 3307 2974 3364 locutus
3002 3319 3087 3365 est
3117 3328 3128 3364 :

2103 3420 2121 3454 ‹
2153 3402 2300 3458 Hanc
2343 3403 2503 3473 igitur
2534 3402 2879 3472 principalem
2923 3420 3044 3460 esse
3073 3406 3125 3461 in
3160 3407 3401 3464 Ecclesia
3449 3409 3626 3466 indul-

2024 3494 2260 3566 gentiam
2302 3496 2574 3551 nemincm
2610 3496 2879 3564 prmterit,
2912 3497 2965 3552 in
3005 3513 3106 3566 qua
3152 3499 3360 3571 antiqui
3383 3502 3628 3557 criminis

2021 3603 2182 3643 omne
2227 3586 2437 3658 pondus
2477 3587 2830 3656 exponimus,
2863 3597 2916 3643 et
2954 3589 3274 3659 ignorantiae
3319 3604 3522 3648 nostrae
3551 3593 3629 3648 fa-

2021 3680 2204 3736 cinora
2260 3679 2434 3750 prisca
2491 3679 2781 3748 debemus,
2817 3679 2908 3736 ubi
2953 3689 3010 3737 et
3054 3691 3295 3742 veterem
3348 3685 3626 3744 hominem

2023 3788 2149 3829 cum
2179 3771 2431 3843 ingenitis
2459 3773 2759 3850 sceleribus
2788 3772 3061 3831 exuimus.
3100 3795 3120 3830 ι

1529 4099 2378 4247 ΑΝΟΝῩΜΙ

1829 4349 2116 4410 CARMEN

962 4515 1206 4642 DE
1280 4511 2210 4642 LAUDIBUS
2282 4520 3006 4638 DOMINI.

364 4854 508 4925 Quis
535 4855 782 4927 queritur
807 4868 928 4911 sera
947 4856 1162 4912 virtutis
1191 4855 1318 4913 dote
1334 4855 1546 4928 iuvari?

286 4949 431 5018 Quis
447 4949 728 5031 promissa
758 4947 852 5004 Dei
883 4949 1031 5004 temo
1059 4949 1353 5020 procedere
1383 4949 1583 5020 passu?

286 5043 432 5111 Quis
465 5044 576 5097 fine
610 5041 853 5097 humano
875 5035 1095 5098 metitur
1115 5041 1312 5112 iudicis
1347 5057 1536 5098 urnam

285 5135 560 5205 Perpetui
581 5175 594 5197 ,
622 5133 943 5206 tardumque
963 5143 1115 5206 putat
1142 5134 1283 5206 quod
1314 5134 1507 5190 saecula
1539 5133 1738 5190 debent

285 5229 633 5285 Accelerare
658 5229 838 5296 diem,
859 5230 1070 5286 meritis
1097 5230 1190 5300 qui
1219 5230 1437 5301 praemia
1462 5230 1699 5286 reddat?

283 5323 516 5379 Nobilis
543 5323 749 5394 ingenti
783 5332 1010 5380 testatur
1033 5323 1210 5396 gloria
1236 5324 1396 5380 facto.

284 5415 438 5471 Nam
466 5430 570 5485 qua
600 5416 868 5485 stagnanti
900 5415 1209 5486 praelabitur
1229 5416 1441 5480 agmine
1466 5415 1616 5486 ripas

282 5506 524 5564 Tardus
549 5507 717 5573 Arar,
751 5508 1069 5579 pigrumque
1083 5508 1174 5563 diu
1190 5509 1280 5563 vix
1308 5504 1540 5579 explicat
1564 5519 1778 5564 amnem
1799 5551 1813 5578 ,

284 5601 415 5670 Qua
451 5598 686 5655 fratrum
711 5600 902 5658 Rheno
931 5602 1266 5674 progignitur
1295 5601 1479 5658 Hedua
1501 5603 1690 5674 pubes.

369 5776 401 5840 fl
469 5763 723 5840 Celebrat
764 5777 975 5840 auctor
1031 5767 1353 5840 coniugium,
1395 5768 1452 5824 S.
1495 5766 1763 5832 Rheticii,
1836 5769 1930 5839 qui

287 5838 572 5909 deinceps
598 5838 664 5894 ad
691 5839 1058 5912 episcopatum
1082 5838 1621 5913 Augustodunensem
1649 5840 1746 5898 fuit
1780 5838 1935 5899 evec-

1943 4857 1997 4917 1)
2021 4849 2340 4923 Conjugium
2373 4854 2594 4909 memini
2622 4863 2648 4892 ει
2670 4867 2878 4911 summa
2910 4855 3107 4926 pietate
3136 4855 3344 4927 fideque
3372 4873 3387 4912 :

2025 4943 2138 5000 Lex
2160 4945 2336 5002 divina
2365 4954 2543 5003 tamen
2577 4949 2827 5003 meritum
2858 4949 3162 5005 cumulabat
3190 4950 3412 5006 amoris.

2024 5039 2090 5094 Et
2118 5048 2294 5094 votum
2323 5041 2583 5098 ambobus
2603 5083 2618 5107 ,
2650 5042 2855 5098 socium
2889 5041 3192 5112 praecedere
3231 5051 3403 5099 morte
3424 5085 3437 5111 ,

2025 5131 2346 5205 Mmroriqne
2377 5135 2462 5204 pio
2485 5149 2668 5190 curam
2701 5136 2957 5190 mandare
2979 5135 3209 5205 sepulcri
3246 5155 3259 5192 :

2025 5222 2132 5280 Sed
2171 5225 2315 5294 prior
2345 5207 2572 5282 uxorem
2599 5227 2799 5283 decreti
2825 5228 3012 5298 pagina
3035 5228 3185 5299 legit.

2098 5317 2249 5375 Tunc
2269 5321 2349 5374 vir
2380 5322 2640 5377 sollicitus
2671 5321 2987 5393 iargojnbet
3015 5337 3109 5377 ore
3136 5323 3337 5390 cavari,

2021 5411 2150 5466 Post
2168 5423 2395 5470 mortem
2423 5415 2556 5470 fiunt
2575 5431 2696 5486 quae
2730 5415 2987 5470 membris
3012 5415 3219 5487 hospita
3244 5431 3371 5472 saxa
3399 5436 3412 5473 :

2022 5505 2294 5576 Suscipies
2321 5509 2572 5576 veniens,
2609 5519 2917 5579 :eternaque
2943 5507 3142 5564 foedera
3177 5510 3403 5582 junges;

2025 5599 2095 5656 Ut
2123 5617 2256 5673 quos
2280 5603 2520 5658 viventes
2542 5603 2803 5659 tenuisset
2828 5602 3057 5659 lectolus
3088 5602 3228 5660 idem
3247 5645 3261 5669 ,

2044 5778 2151 5826 tus.
2199 5769 2314 5836 Qua
2365 5768 2433 5824 de
2471 5781 2530 5824 re
2571 5767 2863 5841 Gregorius
2889 5768 3217 5828 Turonensis
3247 5769 3340 5828 lib.
3375 5771 3438 5827 de
3468 5771 3617 5830 διον.

2049 5841 2339 5914 Confusor.
2365 5882 2381 5909 ,
2411 5853 2533 5912 cap.
2566 5841 2657 5896 79.
