4104 6368
464 337 533 391 47
1355 317 1666 382 ANONYMI
1702 312 1989 379 CARMEN
2026 315 2117 376 DE
2154 308 2498 375 LAUDIBUS
2548 304 2806 371 DOMINI.
3694 305 3766 362 48

465 452 598 509 Post
620 452 887 522 praecepta
917 443 1051 512 Dei,
1082 442 1297 500 bustum
1325 454 1613 498 commune
1640 439 1861 496 levaret.

462 542 647 602 Sensit
675 550 796 598 vota
819 537 1115 608 suiconjux
1137 549 1378 607 praesaga
1400 533 1579 590 mariti
1602 576 1617 597 ,

464 634 766 709 Magnaque
800 630 1129 702 temporibus
1157 627 1344 684 tribuit
1381 626 1638 683 miracula
1664 626 1846 682 castis.

461 726 599 783 Nam
620 742 740 783 cum
755 724 1021 781 defunctis
1041 721 1335 793 jungantur
1361 720 1581 776 brachia
1606 716 1863 774 membris
1882 757 1897 782 ,

465 821 536 878 Et
563 822 793 891 repetita
823 831 1012 871 manus
1038 814 1372 886 constringat
1398 812 1613 868 vincula
1643 820 1863 875 trunco,

464 913 546 970 Ne
570 913 764 984 quibus
789 910 1039 964 humana:
1060 908 1403 978 complentur
1431 920 1653 961 munera
1687 902 1811 959 vita:
1830 942 1845 968 ,

462 1005 686 1063 Accidat
713 1003 963 1060 informis
987 1001 1215 1058 ﬂuitatio
1244 999 1568 1057 dissociatis.

462 1099 799 1156 Immensum
817 1095 965 1152 dictu
985 1138 1000 1162 ,
1031 1109 1138 1165 quo
1165 1102 1408 1164 tempore
1432 1092 1540 1146 vita
1569 1098 1784 1162 peracta
1802 1097 1885 1146 est
1902 1129 1918 1156 ,

461 1191 780 1265 Jungendus
802 1191 965 1245 sociae
989 1195 1271 1261 prospecta
1298 1185 1429 1241 sede
1455 1186 1701 1239 maritus.

536 1284 825 1354 Postquam
852 1289 1026 1336 morte
1057 1280 1155 1334 viri
1181 1288 1420 1335 reserata
1445 1287 1529 1333 est
1544 1277 1705 1348 janua
1734 1272 1859 1342 leti,

455 1374 906 1444 Horrendumque
931 1371 1098 1426 larem
1124 1369 1234 1440 jam
1265 1370 1356 1424 lux
1380 1368 1585 1439 ingrata
1613 1366 1807 1423 retexit
1834 1381 1847 1418 :

455 1471 751 1541 Depraznsa
772 1476 854 1523 est
883 1467 1069 1521 laevam
1091 1462 1419 1536 protendens
1441 1462 1637 1517 femina
1665 1460 1896 1530 palmam
1919 1501 1935 1526 ,

454 1564 697 1621 Invitans
725 1563 934 1618 sociqu
955 1570 1109 1633 gestu
1141 1559 1373 1614 viventis
1411 1557 1633 1611 amoris.

454 1659 588 1728 Quis
608 1659 755 1715 dedit
779 1656 1030 1712 affectum
1064 1653 1310 1710 tumulo?
1338 1651 1459 1723 quis
1490 1651 1704 1705 vincula
1734 1648 1934 1705 solvit?

461 1752 614 1809 Unde
630 1751 838 1822 sepulta
861 1750 1006 1805 videt
1030 1759 1275 1804 ventura:
1303 1746 1548 1817 conjugis
1570 1745 1850 1799 umbram?

2088 440 2139 502 Α
2168 433 2237 489 Ει
2261 433 2378 489 vice
2399 430 2637 503 jucunda
2662 423 2983 485 mortalibus
3010 421 3211 481 addere
3236 420 3470 480 fructum
3500 438 3519 478 :

2167 526 2280 583 Neu
2314 540 2529 596 semper
2553 523 2761 595 prolixa
2782 521 2899 578 dies
2924 519 3084 575 nimis
3106 525 3288 574 ureret
3322 515 3510 573 orbem
3529 559 3545 584 ,

2167 620 2283 679 Neu
2313 622 2494 677 brevis
2520 620 2750 676 invisum
2773 625 2990 688 raperet
3015 613 3360 695 nascentibus
3384 613 3583 685 ignem.

2168 716 2247 772 Ac
2271 730 2340 770 ne
2363 720 2620 783 perpetuo
2648 719 2895 783 quateret
2915 708 3069 766 labor
3093 707 3274 762 omnia
3302 705 3426 761 nisu
3442 746 3460 773 ,
3513 722 3519 726 ν

2168 808 2271 864 Dat
2294 807 2536 879 requiem
2564 805 2723 861 fessis
2748 803 3025 859 hominum
3056 815 3164 857 nox
3198 797 3411 856 roscida
3437 797 3620 854 curis:

2167 900 2344 972 thue
2372 900 2604 956 humana
2626 898 2774 953 salus
2799 910 3048 954 securum
3075 895 3300 951 duceret
3324 908 3501 949 aevum
3519 934 3535 961 ,

2168 995 2376 1066 Sponte
2402 995 2665 1051 salutares
2686 993 2754 1049 de
2777 993 2982 1063 ceSpite
3009 989 3226 1062 surgitis
3254 987 3456 1046 herhte.

2168 1090 2278 1146 Has
2303 1090 2461 1145 Pater
2487 1090 2602 1160 ipse
2626 1087 2758 1145 serit
2785 1095 2917 1141 nutu
2939 1126 2955 1154 ,
2985 1099 3093 1140 non
3128 1097 3350 1138 vomere
3376 1081 3548 1138 dives.

2236 1167 2357 1239 Non
2378 1198 2478 1253 ego
2500 1180 2701 1238 ferrato
2726 1189 2935 1249 tegerer
2955 1177 3000 1233 si
3021 1177 3228 1232 viscera
3259 1190 3414 1229 muro
3430 1214 3449 1243 ,

2165 1278 2368 1335 Ferrea
2407 1292 2512 1332 vox
2542 1275 2847 1347 linguaeque
2872 1272 3054 1327 forent
3082 1270 3212 1326 mihi
3242 1269 3389 1324 mille
3409 1265 3659 1333 canenti,

2165 1370 2388 1427 Munera
2408 1377 2599 1426 cuncta
2625 1382 2816 1439 queam
2842 1374 3037 1422 vestrae
3066 1363 3281 1435 pietatis
3307 1362 3479 1418 obire.

2168 1463 2277 1521 Sed
2302 1464 2465 1531 Pater
2487 1464 2575 1519 ille
2600 1472 2721 1518 tuus
2748 1471 2959 1518 secreta
2985 1460 3038 1515 in
3060 1459 3190 1515 sede
3218 1458 3427 1513 locatus
3447 1498 3462 1524 ,

2167 1557 2279 1614 Nec
2306 1558 2554 1628 cuiquam
2580 1555 2701 1611 visu
2730 1554 2900 1610 facilis
2922 1594 2936 1618 ,
2967 1553 3287 1624 cunctisque
3318 1549 3629 1606 tremendus

2168 1650 2246 1708 Te
2266 1650 2415 1707 misit
2452 1649 2738 1706 Dominum
2766 1647 2927 1703 terris
2959 1647 3187 1715 vitaeque
3219 1644 3554 1716 magistrum.

2168 1746 2239 1801 Et
2271 1745 2515 1817 quisquis
2541 1752 2723 1799 natum
2741 1743 2890 1814 justo
2928 1748 3219 1797 veneratur
3244 1739 3483 1804 honore,

527 1844 609 1900 Tu
638 1844 769 1899 facis
788 1842 933 1908 haec,
961 1852 1016 1897 tu
1037 1840 1254 1897 Christe
1277 1841 1416 1894 Deus
1433 1881 1449 1905 ,
1477 1849 1564 1893 tua
1586 1838 1738 1907 signa
1757 1845 2058 1903 moventur,
2092 1840 2141 1901 Β
2168 1837 2445 1894 Ambobus
2475 1853 2568 1892 sua
2596 1845 2719 1892 vota
2747 1835 2889 1892 dicat
2926 1834 3198 1901 vitamque
3224 1845 3542 1903 perennem.

450 1939 825 2009 Paulatimque
852 1938 1015 1992 doces
1042 1936 1217 2006 snpita
1249 1949 1535 2004 resurgere
1568 1932 1813 1989 membra
1844 1948 1858 1984 :

451 2035 537 2090 Tu
564 2048 725 2105 quem
752 2040 1042 2087 venturum
1069 2028 1242 2085 sancti
1281 2027 1530 2083 cecinere
1571 2024 1879 2096 prophetae,

454 2127 770 2197 Incorrupta
800 2124 895 2180 Dei
922 2123 1139 2179 soboles
1159 2163 1175 2187 ,
1206 2129 1493 2190 rectorque
1519 2118 1753 2188 regentis
1778 2157 1794 2183 ,

456 2221 577 2288 Quo
598 2219 714 2275 sine
735 2217 812 2273 nil
837 2230 1087 2286 magnum
1116 2212 1329 2284 genitor
1356 2210 1618 2266 deliberat
1641 2210 1849 2280 ingens.

454 2314 622 2384 Cujus
644 2312 712 2367 ad
742 2309 1026 2380 imperium
1049 2308 1213 2364 certis
1234 2321 1387 2361 mare
1416 2305 1656 2361 constitit
1683 2303 1824 2368 oris,

452 2404 566 2461 Nec
590 2404 720 2461 licet
747 2405 1015 2459 immenso
1043 2402 1203 2457 terris
1231 2414 1523 2457 excurrere
1552 2407 1750 2470 ponto,

452 2499 730 2570 Planaque
750 2507 1041 2554 montanos
1066 2494 1349 2552 includunt
1370 2494 1546 2549 littora
1571 2493 1765 2547 fluctus
1793 2508 1807 2544 :

452 2590 555 2660 Qui
581 2591 730 2647 vario
760 2589 1009 2647 stabilem
1041 2587 1241 2644 dotasti
1262 2600 1490 2641 munere
1520 2592 1721 2639 terram

453 2683 516 2739 In
546 2694 760 2740 nostros
786 2698 948 2747 usus,
979 2682 1159 2753 largus
1186 2681 1389 2752 pietate
1417 2690 1660 2749 paterna.

455 2777 535 2834 Te
576 2776 745 2844 vade,
781 2775 1041 2831 mortales
1066 2772 1408 2829 committunt
1439 2771 1646 2827 semina
1676 2768 1843 2826 sulcis
1868 2811 1883 2837 ,

455 2871 526 2927 Et
550 2884 721 2925 novus
748 2869 922 2924 arenti
956 2866 1200 2939 procedit
1227 2865 1434 2936 cespite
1462 2870 1667 2934 partus.

454 2963 538 3019 Tu
565 2976 785 3018 manare
819 2961 979 3033 jubes
1009 2958 1249 3016 secundo
1278 2967 1498 3014 nectare
1528 2958 1666 3011 vites
1692 2974 1704 3009 :

459 3055 540 3111 Tu
559 3063 742 3127 gratos
762 3054 937 3126 epulis
959 3053 1238 3109 hominum
1258 3091 1273 3116 ,
1305 3050 1653 3120 medicosque
1683 3048 1842 3104 saluti

457 3149 760 3206 Arboribus
786 3162 978 3205 succos
1006 3164 1022 3206 :
1054 3154 1108 3202 ιιι
1140 3144 1310 3200 tradis
1335 3143 1512 3199 dulcia
1541 3142 1720 3198 mella.

457 3242 542 3299 Tu
565 3242 770 3298 servire
790 3240 951 3312 jubes
981 3238 1188 3296 homini
1212 3251 1384 3308 genus
1415 3250 1578 3291 omne
1602 3235 1930 3289 animantum
1959 3275 1973 3298 ,

455 3335 683 3407 Insuper
706 3342 761 3390 et
788 3333 1044 3405 gravibus
1072 3332 1224 3387 lucos
1254 3342 1575 3387 curvescere
1606 3327 1811 3398 pomis,

457 3430 637 3500 Atque
663 3441 833 3483 novos
858 3426 1065 3483 reditus
1093 3424 1239 3481 nullo
1267 3423 1336 3480 de
1353 3423 1563 3479 semine
1586 3421 1755 3477 nasci.

456 3524 539 3579 Tu
565 3522 744 3578 varios
770 3535 957 3577 amnes
985 3529 1175 3575 nostro
1211 3516 1469 3588 prodesse
1500 3515 1706 3579 labori,

461 3615 533 3671 Et
559 3629 823 3673 renovare
850 3614 1018 3669 sacris
1048 3610 1392 3668 benedictum
1427 3607 1664 3664 fontibus
1689 3620 1886 3661 :evnm.

462 3707 542 3764 Te
569 3708 706 3764 duce
724 3706 973 3763 velivolis
1005 3713 1293 3775 patuerunt
1318 3717 1535 3774 :equora
1566 3701 1756 3756 rostris
1778 3741 1791 3765 ,

464 3798 782 3868 Divisosque
803 3797 955 3853 fretis
976 3796 1229 3852 lustravit
1254 3796 1431 3850 navita
1461 3801 1670 3865 portus.

538 3889 619 3944 Tu
643 3898 926 3960 postquam
957 3889 1122 3944 certis
1157 3896 1283 3942 sunt
1308 3894 1424 3941 acta
1449 3885 1713 3941 elementa
1741 3882 1922 3955 ﬁguris
1943 3923 1959 3952 ,

466 3981 548 4038 Ne
574 3989 790 4053 torpere
819 3979 938 4036 rudi
969 3980 1212 4036 caelestis
1237 3979 1483 4034 machina
1514 3978 1663 4033 vultu

468 4076 733 4147 Inciperet
755 4116 769 4141 ,
798 4075 950 4130 vario
977 4076 1199 4147 signasti
1229 4089 1454 4131 munere
1492 4072 1750 4129 mundum
1779 4092 1790 4126 ε

468 4169 538 4225 Et
559 4167 817 4239 quidquid
845 4169 984 4225 caelo
1022 4168 1226 4235 radiat,
1259 4176 1345 4222 tua
1370 4167 1589 4224 dextera
1616 4167 1786 4224 ﬁnxit.

471 4261 569 4317 His
592 4261 769 4317 aulam
802 4262 1009 4317 Domini
1045 4260 1243 4331 placuit
1268 4270 1556 4316 contexere
1589 4260 1778 4331 signis.

471 4352 589 4410 Jam
620 4353 749 4409 freta
774 4369 843 4409 ne
875 4354 1035 4409 nullis
1062 4364 1348 4424 agerentur
1377 4352 1642 4423 inhospita
1669 4353 1827 4409 terris
1851 4396 1866 4423 ,

476 4444 881 4519 Assiduumque
909 4447 1087 4503 alacer
1126 4458 1437 4503 numeraret
1468 4448 1642 4503 navita
1672 4458 1882 4519 portum
1916 4467 1926 4501 :

472 4539 680 4596 Crebra
720 4540 854 4596 satis
877 4539 1080 4596 tumido
1102 4538 1352 4611 deligitur
1378 4539 1551 4596 insula
1583 4548 1785 4611 ponto;

475 4632 590 4690 Nec
621 4644 799 4689 tamen
828 4632 1021 4689 insano
1041 4634 1230 4689 metuit
1260 4633 1587 4689 circumdata
1617 4635 1811 4702 fluctu,

474 4725 796 4798 Exiguoque
823 4726 973 4783 fretis
1000 4726 1238 4781 innitens
1262 4727 1392 4782 orbe
1423 4727 1656 4796 resistit,

476 4818 553 4875 Te
580 4819 718 4875 duce
738 4819 1017 4876 confidens
1040 4838 1053 4885 ;
1077 4819 1231 4890 cujus
1261 4818 1569 4876 venerabile
1600 4831 1813 4890 pactum

472 4911 681 4970 Nexum
709 4914 826 4986 lege
849 4913 959 4985 pari
991 4930 1368 4985 summumque
1395 4915 1669 4987 imumque
1692 4925 1965 4988 permquat
1984 4961 1999 4986 ,

476 5008 583 5064 Nec
603 5008 734 5063 sinit
770 5009 1048 5079 impositos
1073 5022 1340 5080 quoquam
1364 5009 1745 5066 transcendere
1776 5010 1928 5067 lines.

476 5100 557 5156 Ac
582 5116 647 5156 ne
672 5100 833 5172 plana
859 5102 1018 5157 nimis
1049 5101 1208 5157 tellus
1237 5101 1321 5158 vel
1364 5101 1503 5155 unda
1530 5102 1771 5172 jaceret,

474 5192 682 5251 Vilibus
707 5195 967 5265 aptandus
992 5195 1198 5265 jussisti
1223 5210 1507 5266 assurgere
1536 5197 1702 5253 colles

477 5286 784 5345 Grandibus
804 5326 820 5353 ,
849 5298 902 5343 et
934 5288 1110 5358 largos
1138 5288 1447 5343 mnbracula
1475 5298 1657 5345 texere
1689 5291 1858 5347 lucos.

476 5381 614 5438 Tum
636 5397 704 5437 ne
730 5390 912 5436 vastus
950 5390 1073 5452 agat
1095 5381 1245 5436 silvis
1275 5382 1611 5453 torpentibus
1643 5382 1871 5455 horror,

471 5474 791 5530 Innumeros
815 5472 955 5528 fetus
984 5475 1226 5544 proceris
1258 5484 1311 5529 tu
1341 5474 1566 5532 saltibus
1591 5477 1744 5533 addis
1774 5497 1787 5531 :

471 5565 652 5622 Incola
679 5580 749 5621 ne
779 5565 1023 5630 nemori,
1054 5580 1155 5621 neu
1184 5564 1326 5620 desit
1354 5567 1534 5637 praeda
1561 5569 1785 5638 petenti.

471 5657 609 5713 Tum
639 5658 889 5714 volucres
928 5656 1123 5714 multas
1144 5699 1158 5721 ,
1192 5667 1301 5713 tum
1334 5659 1481 5715 mille
1503 5661 1749 5716 examina
1772 5677 1963 5729 vocum

470 5748 682 5807 Mortali
708 5750 988 5808 harmonia
1014 5751 1146 5808 lucis
1167 5766 1425 5808 resonare
1453 5755 1664 5811 canoris
1698 5772 1710 5807 :

473 5841 565 5903 Sic
584 5858 784 5902 annum
817 5845 1015 5920 placuit
1042 5844 1200 5903 variis
1230 5845 1472 5903 intexere
1493 5846 1711 5916 formis,

2167 1931 2249 1989 Tu
2273 1931 2406 1987 casti
2449 1930 2689 2001 rectique
2715 1940 2907 1992 tenax,
2938 1937 2994 1985 et
3022 1926 3241 1983 flectere
3278 1927 3429 1997 leges

2166 2025 2298 2081 Post
2324 2024 2529 2080 crimen
2560 2022 2733 2078 facilis
2753 2064 2768 2088 ,
2798 2023 2842 2077 si
2870 2036 3032 2093 quem
3057 2018 3306 2077 vecordia
3336 2031 3578 2089 praeceps

2168 2121 2382 2193 Depulit
2403 2135 2435 2175 a
2456 2119 2612 2179 vobis
2643 2118 2958 2190 praescripto
2986 2116 3159 2171 limite
3175 2115 3319 2171 vitae.

2165 2211 2243 2269 Te
2262 2213 2475 2285 genitor
2504 2221 2687 2268 nostra
2708 2252 2725 2279 ,
2753 2219 3067 2283 paterentur
3094 2217 3154 2264 ut
3179 2222 3274 2265 ora
3308 2206 3481 2275 tueri,

2165 2304 2345 2360 Induit
2366 2304 2601 2361 humana
2630 2303 2770 2360 facie
2795 2302 3163 2372 membrisque
3188 2300 3427 2358 caducis.

2164 2395 2297 2464 Quis
2317 2404 2550 2452 tentaret
2575 2396 2720 2452 enim
2745 2394 2963 2467 fragiles
2986 2394 3232 2450 attollere
3262 2392 3432 2459 visus,

2163 2488 2222 2546 Si
2242 2488 2404 2544 talem
2436 2487 2656 2558 trepidis
2678 2487 2939 2544 voluisset
2964 2488 3159 2544 sistere
3188 2487 3348 2542 terris
3370 2526 3385 2551 ,

2163 2582 2350 2652 Qualis
2377 2597 2469 2651 es,
2503 2583 2704 2654 ingenti
2732 2598 2853 2638 cum
2882 2592 3099 2655 torques
3133 2581 3357 2638 fulmina
3380 2580 3568 2639 dextra
3596 2621 3610 2644 ,

2165 2679 2608 2749 Praesentemque
2625 2678 2785 2748 jubes
2810 2677 3016 2735 directa
3047 2692 3341 2749 pavescere
3374 2690 3586 2748 ptenam
3615 2692 3627 2727 :

2165 2774 2264 2832 Vel
2288 2790 2410 2832 cum
2433 2775 2677 2847 placatus
2697 2817 2712 2841 ,
2736 2775 2944 2848 campis
2973 2776 3280 2832 sitientibus
3302 2776 3502 2831 imbres

2174 2869 2382 2926 Dividis
2403 2911 2419 2937 ,
2442 2877 2499 2925 et
2518 2868 2712 2926 dubias
2726 2868 2890 2926 sulcis
2909 2868 3166 2941 producis
3188 2868 3427 2925 aristas?

2240 2962 2321 3020 Ne
2345 2972 2524 3019 tamen
2552 2963 2819 3034 insignem
2845 2978 2935 3020 res
2964 2962 3109 3019 nulla
3137 2962 3447 3021 ostenderet
3485 2973 3700 3033 ortum,

2168 3054 2389 3126 Virgine
2425 3056 2728 3126 conciperis
2757 3072 2770 3108 :
2804 3070 2911 3111 non
2938 3055 3140 3112 sufﬁcit
3162 3072 3284 3113 esse
3314 3057 3594 3129 pudicam,

2166 3148 2276 3205 Nec
2302 3164 2424 3220 quae
2449 3157 2615 3220 nupta
2642 3158 2803 3220 queat
2826 3149 3059 3206 Domino
3083 3151 3413 3223 conjungere
3444 3152 3661 3209 fratrem
3681 3197 3696 3220 ,

2088 3222 2134 3290 C
2163 3240 2244 3298 Ne
2270 3242 2460 3312 procul
2491 3257 2560 3298 ex
2582 3251 2736 3299 utero
2759 3243 3010 3315 contagio
3035 3245 3205 3314 turpis
3230 3243 3463 3301 abesset.

2163 3336 2286 3393 Mox
2307 3337 2395 3392 ubi
2419 3351 2675 3408 processu
2696 3336 2826 3394 felix
2858 3339 3115 3393 maturuit
3142 3347 3275 3394 aetas
3293 3379 3310 3407 ,

2164 3430 2431 3487 Indociles
2457 3431 2670 3487 animos
2700 3432 2920 3487 monitis
2950 3446 3170 3488 servare
3196 3431 3437 3503 paternis

2164 3528 2490 3600 Aggrederis
2511 3569 2527 3594 ,
2555 3536 2869 3599 rectamque
2903 3530 3043 3584 viam
3083 3529 3389 3587 labentibus
3419 3529 3604 3587 offers.

2166 3626 2347 3694 Atque
2378 3631 2437 3678 ut
2460 3622 2626 3677 missa
2649 3623 2761 3679 Deo
2793 3624 3007 3694 penitus
3033 3635 3299 3696 praecepta
3328 3633 3604 3696 paterent,

2171 3715 2469 3787 Imperium
2499 3724 2554 3772 tu
2583 3717 2747 3772 morti
2775 3717 2998 3787 adimis,
3030 3717 3326 3791 morboque
3354 3719 3533 3776 soluto

2169 3808 2465 3879 Desperata
2488 3809 2647 3879 jubes
2670 3809 3013 3880 apprendere
3042 3811 3228 3868 munia
3253 3810 3377 3867 vitae
3400 3852 3419 3880 ,

2170 3902 2535 3974 Restituisque
2555 3904 2697 3962 diem
2726 3907 2885 3962 etscis
2913 3924 2927 3961 :
2958 3918 3104 3963 etne
3121 3907 3250 3978 quid
3279 3906 3527 3963 inausum

2172 3995 2424 4053 Restaret
2446 3996 2659 4068 penitus
2677 4039 2695 4066 ,
2714 3997 2858 4070 quod
2886 4000 3127 4072 perfidus
3157 4016 3314 4056 error
3341 4001 3553 4070 obiret,

2174 4086 2371 4144 Indicis
2393 4103 2612 4145 sensum
2643 4092 2864 4148 tumulis
2883 4132 2898 4159 ,
2931 4101 2986 4149 et
3014 4092 3233 4149 condita
3263 4092 3471 4164 pridem

2180 4184 2418 4242 Membra
2441 4183 2602 4256 jubes
2627 4184 2823 4242 iterum
2846 4200 3074 4259 superas
3093 4202 3426 4260 consurgere
3456 4188 3510 4244 in
3538 4204 3699 4245 auras
3716 4232 3732 4258 ,

2174 4277 2595 4350 Agnoscuntque
2629 4292 2786 4335 suum
2807 4278 3005 4336 dilecta
3035 4279 3297 4336 cadavera
3325 4295 3541 4338 nomen.

2248 4371 2319 4425 At
2344 4376 2626 4441 postquam
2654 4370 2825 4441 legem
2851 4380 3085 4428 sectator
3108 4371 3335 4430 idoneus
3357 4372 3569 4442 hausit,
3605 4354 3611 4374 ⁸

2176 4458 2246 4517 Ut
2276 4476 2337 4517 se
2362 4460 2575 4517 mortali
2600 4462 2839 4519 cmlestis
2869 4463 3090 4535 spiritus
3123 4465 3247 4521 aula

2178 4552 2415 4610 Exueret
2432 4593 2447 4617 ,
2476 4554 2579 4626 legi
2608 4553 2874 4611 intentum
2897 4572 3006 4628 quo
3026 4567 3220 4614 cuncta
3241 4557 3468 4616 duceres

2104 4633 2158 4695 Ῑ)
2181 4648 2287 4704 Pro
2306 4662 2519 4704 summo
2546 4648 2825 4707 toleranda
2851 4651 2962 4707 Deo
2988 4693 3003 4717 ,
3034 4662 3287 4724 recteque
3317 4668 3612 4724 perennem

2180 4743 2506 4816 Contemptu
2533 4747 2723 4803 mortis
2750 4747 2851 4804 sibi
2876 4764 3147 4823 quemque
3169 4767 3447 4809 assumere
3473 4752 3637 4810 vitam
3664 4772 3677 4807 :

2181 4836 2270 4893 Sic
2289 4838 2551 4905 completa
2578 4838 2759 4897 ferens
2772 4842 3034 4913 genitoris
3057 4843 3240 4915 jussa,
3281 4845 3467 4902 redisti

2182 4929 2265 4986 Ad
2285 4932 2480 4987 summi
2506 4942 2716 4989 secreta
2746 4935 2887 5006 poli,
2918 4952 3021 5008 qua
3049 4938 3258 4995 lucidus
3292 4940 3464 4998 aether

2181 5023 2339 5096 Pigra
2374 5034 2522 5081 vetat
2547 5031 2769 5098 proprio
2800 5019 3129 5090 succendere
3160 5036 3339 5092 nubila
3367 5037 3527 5093 ctelo.

2184 5117 2360 5188 Atque
2387 5129 2448 5175 ut
2475 5128 2620 5176 certa
2645 5120 2787 5178 foret
2816 5126 3091 5192 pereuntis
3139 5132 3293 5201 copia
3323 5133 3530 5200 turbae,

2184 5205 2316 5275 Quae
2348 5221 2614 5282 praecepta
2638 5213 2733 5270 Dei
2764 5214 3087 5275 miserandis
3113 5223 3335 5280 auribus
3352 5234 3533 5294 arcet,

2181 5299 2293 5356 Nec
2323 5318 2459 5358 nova
2486 5303 2771 5362 defunctos
2786 5307 3110 5380 jampridem
3131 5314 3252 5384 jura
3280 5326 3562 5374 tenerent:

2179 5390 2427 5450 Carceris
2457 5395 2653 5454 inferni
2685 5397 2868 5455 feralia
2890 5445 2905 5471 ,
2943 5402 3110 5461 libera
3138 5405 3326 5475 nobis,

2183 5483 2631 5561 lnnumeramque
2650 5492 2809 5563 jubes
2836 5496 3072 5555 tenebris
3100 5513 3377 5571 emergere
3402 5502 3612 5573 plebem
3641 5546 3654 5568 ,

2183 5576 2277 5633 llis
2309 5588 2516 5636 tantum
2540 5584 2769 5653 clausis,
2793 5603 2929 5658 quos
2950 5590 3113 5663 impia
3141 5593 3249 5648 vita
3275 5596 3474 5651 notarit
3508 5614 3522 5651 :

2182 5669 2248 5725 Et
2275 5670 2388 5728 loca
2412 5688 2695 5744 ptenarum
2727 5681 2970 5736 venturis
2997 5682 3194 5739 dividis
3218 5685 3459 5754 umbris,

2179 5762 2313 5830 Quae
2342 5764 2437 5821 tibi
2468 5782 2575 5824 non
2600 5769 2851 5834 credant.
2885 5774 2969 5829 vel
2994 5792 3115 5846 quae
3141 5791 3200 5833 se
3226 5777 3451 5834 credere
3476 5779 3699 5852 fingant.

2255 5856 2453 5916 Sancte
2481 5860 2624 5919 Deus
2645 5905 2660 5933 ,
2685 5866 2989 5942 summique
3017 5868 3113 5926 Dei
3142 5870 3447 5929 venerabile
3474 5874 3665 5952 pignus
3682 5914 3698 5945 ,
