4104 6368
315 320 383 378 49
1270 321 1468 380 CELSI
1509 322 1880 381 ΡΒᾸΞῈΑΤΙΟ

2053 322 2354 382 VIGILIUM
2393 321 2607 383 EPISC.
3547 324 3618 382 50

314 435 394 491 Ad
415 433 569 506 cujus
593 449 786 492 nomen
816 435 1050 492 violenta
1083 446 1257 492 morte
1286 439 1474 509 iugatae
1497 480 1510 504 ,

314 528 628 586 Pectoribus
660 529 891 600 propriis
918 530 1201 602 alienaque
1233 540 1450 602 pectora
1487 539 1658 586 nactae
1678 573 1693 598 ,

315 622 664 689 Exclamant,
701 624 1006 695 pallentque
1031 624 1226 680 animm
1245 666 1258 690 ,
1281 625 1553 695 jussmque
1581 623 1874 691 recedunt,

315 710 460 769 Sicut
489 713 656 769 multa
689 715 837 784 prius
864 716 934 771 de
962 724 1014 770 te
1040 716 1295 772 miracula
1328 716 1589 786 produnt,

312 805 444 862 Cum
475 815 677 862 terram
702 808 1009 880 caelumque
1038 811 1174 866 inter
1203 826 1464 881 suspensa
1495 822 1779 877 tenentur,

315 898 586 956 Obstricto
618 916 714 971 per
743 911 795 958 te
821 905 945 974 quia
977 905 1049 959 nil
1082 905 1412 975 permittitur
1444 905 1604 962 hosti.

1937 459 1992 518 A

2088 439 2312 492 Atnunc
2335 450 2388 493 tu
2417 439 2700 495 Dominum
2728 440 2962 504 meritis.
3000 441 3198 512 pietate
3231 451 3539 513 parentem,

2021 531 2257 602 Imperio
2285 532 2530 602 facilem,
2561 536 2773 591 vivendi
2803 538 2919 607 lege
2943 540 3255 608 magistrum
3279 580 3293 604 ,

2022 627 2331 698 Ediclisque
2365 643 2544 697 parem
2571 645 2690 700 qua:
2721 631 2802 684 lex
2829 631 2920 684 tibi
2949 631 3163 686 condita
3190 631 3363 688 sancit
3387 650 3398 687 :

2021 722 2288 779 Victorem
2322 723 2610 794 laetumque
2639 739 2799 794 pares
2826 725 2954 779 mihi
2981 725 3389 781 Constantinum
3421 745 3434 782 :

2022 815 2136 871 Hoc
2161 816 2352 872 melius
2381 815 2492 870 letu
2512 859 2528 885 ,
2559 819 2717 871 terris
2744 817 2875 872 nihil
2901 827 3026 873 ante
3045 818 3272 885 dedisti,

2020 909 2132 965 Nec
2160 909 2315 965 dabis
2350 929 2363 964 :
2397 919 2681 981 exaequent
2702 911 2904 966 utinam
2937 926 3032 966 sua
3061 913 3279 984 pignora
3302 922 3508 983 patrem
3543 911 3557 966 ι

328 1063 3618 1090 Mm

1659 1197 2226 1395 QELSI

1220 1435 1289 1491 IN
1330 1394 1918 1492 ALTERCATIDNEM
1957 1434 2234 1494 JASONIS
2271 1437 2361 1493 ET
2401 1436 2665 1495 PAPISCI

1464 1592 2463 1708 PREPATIO

309 1826 464 1910 DE
503 1823 1020 1912 JUDAICA
1070 1826 2075 1934 INCREDULITATE,
2107 1831 2266 1914 AD
2315 1830 2438 1913 VI
2445 1828 2881 1915 GILIUM
2913 1827 3625 1914 EPISCOPUM.

376 2167 417 2224 l.
446 2167 562 2222 Etsi
618 2166 878 2237 plurimos
937 2167 1218 2238 gentilium
1275 2167 1421 2234 scio,
1474 2166 1630 2238 Vigili
1685 2166 1991 2229 sanctis-B
2023 2183 2116 2238 per
2165 2169 2376 2225 Domini
2424 2187 2610 2230 vocem
2656 2174 2986 2246 increpatam
3049 2176 3424 2244 Hierusalem,
3477 2177 3623 2249 quod

305 2259 462 2323 sime,
496 2259 564 2312 ab
593 2259 787 2314 ordine
814 2269 974 2330 atque
999 2261 1208 2316 ratione
1233 2261 1476 2317 veritatis
1503 2275 1745 2329 aversos,
1778 2275 1910 2330 quo~

305 2357 480 2412 minus
523 2357 807 2412 Dominum
848 2369 1105 2426 noscant,
1160 2359 1405 2414 caecitate
1446 2359 1642 2413 mentis
1683 2372 1907 2424 errare;

305 2458 484 2504 tamen
515 2451 684 2520 magis
713 2450 950 2507 Judaicze
981 2451 1151 2522 plebis
1180 2451 1445 2505 insaniam
1487 2451 1610 2505 novi
1651 2450 1912 2506 adversus

302 2559 500 2600 nomen
533 2544 769 2612 Domini,
805 2545 1066 2615 pertinaci
1106 2547 1268 2600 etiam
1309 2560 1453 2600 nunc
1480 2543 1675 2599 duritia
1707 2543 1909 2612 cordis,

301 2637 541 2709 ingenita
594 2648 649 2694 et
703 2648 918 2709 patrum
984 2640 1267 2711 iniquitate
1328 2648 1610 2710 perstare;
1656 2654 1910 2696 aversan~

301 2741 380 2785 tes
405 2745 592 2786 veram
619 2731 870 2798 salutem,
904 2747 1005 2788 nec
1038 2731 1373 2802 inquirentes
1403 2732 1529 2787 vita:
1558 2740 1777 2787 aeterna:
1809 2731 1908 2788 da-

303 2834 474 2877 torem
506 2840 519 2876 :
557 2834 611 2878 ut
633 2824 722 2894 qui
759 2824 971 2880 delictis
996 2825 1182 2893 stirpis
1213 2824 1448 2895 antiqua:
1491 2833 1620 2879 sunt
1647 2825 1759 2895 pari
1793 2841 1909 2882 me-

302 2916 408 2970 rito
434 2915 692 2987 nequitia:
723 2917 973 2987 genitalis
1003 2918 1255 2984 obnoxii,
1287 2918 1478 2973 saltem
1519 2918 1603 2972 vel
1634 2933 1758 2973 sero
1786 2935 1907 2975 cre-

302 3006 497 3063 dentes
544 3012 754 3076 possint
823 3011 1077 3066 conversi
1145 3011 1212 3066 ad
1260 3010 1471 3066 Domini
1523 3012 1770 3067 timorem
1818 3028 1908 3067 sa-

307 3101 616 3158 tisfactione
639 3105 784 3157 omni
807 3104 1144 3175 paenitentiae
1170 3104 1237 3160 ab
1269 3104 1644 3174 iniquitatibus
1671 3105 1910 3161 liberari.

305 3192 409 3249 Sed
459 3203 666 3265 perstat
713 3206 767 3251 et
799 3196 957 3252 durat
996 3195 1194 3261 adhuc,
1218 3207 1270 3253 et
1314 3211 1550 3266 semper,
1595 3207 1762 3268 puto,
1814 3197 1914 3254 du-

306 3287 441 3342 rabit
464 3287 532 3342 ad
561 3303 730 3360 usque
755 3288 1064 3360 progeniem
1092 3289 1466 3344 suceidaneam
1498 3291 1676 3344 innata
1703 3299 1914 3360 patrum

307 3379 613 3453 irreligiosa
666 3381 924 3452 perﬁdia;
975 3397 1096 3452 qua:
1141 3381 1400 3437 adversus
1445 3381 1627 3437 odium
1681 3383 1916 3438 nominis

2019 2263 2200 2335 Colligi
2225 2265 2480 2333 noluerit,
2517 2267 2626 2323 Deo
2673 2269 2816 2324 illam
2851 2271 3066 2326 volente
3083 2271 3364 2340 colligere,
3387 2271 3627 2342 loquitur

2020 2355 2256 2426 Spiritus
2287 2368 2536 2427 sanctus,
2572 2371 2627 2415 et
2651 2362 2946 2417 bonitatem
2979 2364 3071 2419 Dei
3101 2363 3411 2420 manifestat
3432 2379 3626 2434 pecca-

2020 2451 2228 2506 toribus
2245 2452 2742 2525 subvenirejugiter
2757 2455 2896 2510 velle
2920 2455 3158 2528 (Matth,
3176 2473 3321 2525 χχιιι,
3349 2457 3440 2529 57)
3463 2476 3475 2511 :
3497 2457 3624 2512 Hie-

2021 2546 2265 2611 rusalem,
2300 2546 2623 2602 Hierusalem
2648 2566 2762 2619 qua:
2786 2551 3030 2618 interﬁcis
3052 2553 3328 2622 praphetas
3348 2562 3395 2606 et
3416 2552 3624 2622 lepidas

2022 2655 2105 2692 eos
2125 2640 2211 2709 qui
2229 2640 2295 2692 ad
2310 2650 2356 2693 te
2379 2641 2522 2694 missi
2538 2650 2674 2704 sunt,
2697 2643 2896 2712 quoties
2911 2643 3049 2697 volui
3070 2643 3311 2713 colligere
3332 2643 3468 2712 ﬁlios
3487 2653 3622 2710 tuos,

2017 2733 2149 2787 sicut
2177 2723 2371 2803 gallina
2399 2735 2594 2805 colligit
2622 2735 2755 2804 ﬁlios
2785 2753 2904 2790 suos
2941 2736 3030 2790 sub
3051 2738 3257 2802 axillas,
3287 2745 3333 2790 et
3362 2738 3617 2792 noluisti?

2016 2824 2169 2881 Adeo
2225 2827 2317 2881 Dei
2363 2842 2496 2885 voce
2539 2827 2824 2885 manifeste
2881 2830 3069 2898 perﬁdi
3125 2831 3308 2900 populi
3340 2841 3623 2886 contuma-

2016 2918 2098 2974 cia
2130 2917 2438 2986 denotatur,
2471 2930 2524 2975 nt
2557 2922 2717 2975 etiam
2744 2923 2970 2978 salutem
2999 2924 3269 2993 propriam
3299 2937 3449 2977 suam
3477 2937 3622 2978 sem-

2017 3025 2113 3082 per
2137 3011 2399 3068 adversus
2426 3015 2746 3070 clementem
2769 3015 3194 3070 misericordiam
3228 3017 3438 3070 Domini
3469 3032 3623 3085 spre-

2023 3106 2166 3161 visse
2205 3107 2478 3162 doceatur.
2533 3108 2658 3163 Inde
2702 3109 2971 3179 Propheta
3024 3111 3453 3166 benevolentiam
3506 3112 3624 3179 Dei,

2023 3199 2403 3256 exhortatione
2458 3201 2854 3271 praedicationis
2899 3203 3134 3259 oll‘erens
3189 3216 3242 3259 et
3297 3205 3622 3271 insinuans,

2025 3293 2324 3363 proclamat
2351 3303 2405 3348 et
2429 3292 2640 3358 suadet,
2684 3293 2872 3349 dicens
2899 3294 3155 3366 (Malach.
3189 3312 3265 3357 tu,
3285 3297 3373 3365 7):
3399 3297 3629 3352 Reverti-

2023 3387 2148 3440 mint'
2177 3387 2244 3439 ad
2271 3403 2368 3455 me,
2399 3396 2444 3441 el
2471 3405 2562 3458 ego
2603 3401 2826 3444 revertar
2875 3390 2944 3444 ad
2998 3407 3115 3456 vos,
3171 3391 3294 3445 dicit
3349 3391 3624 3448 Dominus.

311 3477 521 3532 Domini
578 3477 975 3532 incredulitatis
1044 3476 1248 3531 insania
1312 3476 1562 3532 roborata
1590 3519 1606 3543 ,
1676 3491 1778 3532 nec
1845 3476 1914 3532 ad
1943 3503 1988 3566 ρ
2025 3480 2177 3535 Alius
2222 3495 2437 3551 quoque
2469 3482 2720 3537 similiter
2750 3484 3171 3539 misericordiam
3228 3486 3435 3540 Domini
3480 3501 3625 3541 sem-

305 3569 706 3642 aguoscendam
739 3570 1016 3626 veritatem
1062 3578 1239 3639 potest
1285 3570 1529 3640 corrigi,
1583 3584 1684 3625 nec
1731 3569 1798 3624 ad
1843 3569 1906 3624 ti~

309 3678 518 3718 morem
552 3662 646 3717 Dei
677 3663 843 3734 ipsius
868 3662 1088 3717 monitis
1117 3662 1298 3717 doceri
1324 3673 1485 3732 atque
1514 3663 1748 3718 suaderi.
1772 3661 1905 3718 Cum

306 3767 488 3813 autem
519 3757 715 3814 doceat
747 3758 1006 3812 Dominus
1047 3767 1100 3810 et
1130 3757 1412 3823 ostendat,
1467 3757 1651 3813 dicens
1695 3757 1900 3829 (Joan.,

305 3867 421 3918 vui,
453 3851 547 3922 12)
584 3869 596 3903 :
637 3851 744 3923 Ego
775 3869 885 3906 sum
908 3853 1079 3906 lumen
1106 3852 1280 3906 saeculi
1302 3870 1321 3906 :
1347 3854 1432 3923 qui
1460 3870 1538 3907 nte
1566 3866 1769 3908 secutus
1797 3858 1908 3926 fue-

306 3946 393 4009 rit,
424 3961 527 3998 non
555 3944 833 3999 ambulabit
861 3946 911 3998 in
943 3946 1179 4013 tenebris,
1200 3949 1288 3999 sed
1318 3944 1516 4000 habebit
1545 3945 1716 4000 lumen
1748 3948 1860 4004 vitae
1889 3965 1907 4004 :

306 4051 466 4108 qua),
523 4037 762 4101 malum,
795 4038 932 4092 ratio
984 4047 1107 4100 est,
1163 4047 1439 4092 ostensum
1485 4038 1739 4093 divinitus
1789 4040 1910 4095 vita:

309 4131 493 4185 lumen
521 4131 804 4195 omittere,
839 4138 891 4184 et
934 4129 1128 4183 mentis
1172 4130 1412 4184 caritate
1458 4131 1615 4186 malle
1662 4131 1911 4187 tenebras

311 4225 504 4277 tuortis
535 4222 759 4292 eligere,
787 4230 842 4276 ιιι
873 4221 1122 4276 ostendat
1146 4221 1509 4277 damnationis
1537 4239 1649 4277 sum
1677 4224 1911 4294 propria:

310 4315 605 4370 voluntatis
635 4315 799 4368 libera
833 4323 886 4368 et
917 4314 1104 4368 illicita
1141 4314 1473 4382 perditione,
1507 4327 1694 4372 contra
1743 4317 1909 4372 Deum

308 4409 474 4466 etiam
541 4407 629 4465 illa
675 4408 818 4464 nolle
863 4423 982 4478 qua:
1022 4408 1286 4478 prosunt?
1331 4407 1635 4464 Secundum
1676 4407 1819 4480 quod
1857 4419 1912 4465 et

2018 3571 2282 3641 piternam
2303 3587 2520 3627 manere
2535 3573 2936 3640 demonstrans,
2956 3574 3157 3630 addidit
3174 3575 3362 3631 dicens
3380 3576 3618 3647 (Ezecln,

2017 3681 2202 3729 χχχιιι,
2229 3667 2315 3736 Η)
2346 3683 2358 3720 :
2394 3665 2533 3720 Nolo
2564 3676 2774 3722 mortem
2804 3669 3086 3736 morientis,
3108 3679 3352 3739 quantum
3375 3680 3430 3724 ut
3462 3686 3627 3725 rever-

2016 3771 2153 3816 tatur
2179 3771 2226 3816 et
2247 3762 2398 3826 vivat,
2428 3763 2552 3817 dicit
2583 3763 2854 3820 Dominus.

2086 3852 2148 3908 ll.
2182 3853 2318 3921 Quid
2347 3862 2431 3910 est
2477 3870 2605 3927 ergo
2654 3857 2850 3912 reverti
2900 3856 2965 3911 ad
3022 3857 3326 3919 Dominum,
3377 3871 3536 3926 quam
3567 3857 3626 3912 in

2017 3945 2290 4003 Christum
2319 3947 2614 4015 credendo,
2647 3963 2743 4018 per
2776 3964 2897 4003 eum
2937 3949 3026 4019 qui
3055 3960 3138 4003 eet
3165 3949 3244 4002 via
3273 3949 3524 4003 veniendi
3556 3948 3625 4004 ad

2021 4053 2246 4111 patrem,
2289 4043 2396 4097 Deo
2435 4043 2842 4098 reconciliatum
2888 4057 3048 4113 posse
3081 4043 3312 4098 salvari?
3342 4042 3624 4109 Quomodo

2017 4144 2196 4189 autem
2230 4120 2428 4189 reverti
2457 4133 2521 4188 ad
2556 4135 2720 4189 Deum
2750 4147 2996 4206 possunt,
3021 4135 3110 4205 qui
3140 4135 3188 4190 ei
3222 4151 3316 4203 per
3348 4150 3506 4204 quem
3531 4143 3616 4190 est

2017 4227 2217 4297 agnitio
2245 4235 2301 4282 et
2326 4225 2564 4281 reversio
2593 4226 2660 4282 ad
2692 4227 2881 4292 Deum,
2913 4227 3237 4281 voluntatem
3285 4227 3377 4281 Dei
3424 4226 3623 4296 praedi-

2017 4319 2161 4374 canti
2187 4320 2410 4376 credere
2451 4320 2780 4375 noluerunt?
2811 4320 2917 4374 Aut
2945 4319 3215 4390 quomodo
3245 4318 3412 4373 Deum
3462 4319 3624 4374 satis-

2019 4410 2253 4470 factione
2304 4414 2482 4484 aliqua
2527 4414 2741 4484 placare
2793 4412 3084 4484 potuerint,
3132 4411 3223 4484 qui
3271 4426 3394 4467 eum
3425 4410 3514 4482 qui
3542 4415 3624 4466 est

1713 4526 2266 4587 ANNOTATIONES.

387 4645 502 4700 Etsi

309 4714 630 4772 Colhcrti'no
660 4715 802 4788 11555
835 4734 847 4770 :
879 4715 1171 4788 Cyprianus
1211 4714 1394 4786 Vigilio
1410 4715 1574 4788 fratri
1599 4716 1837 4770 salutem.

382 4790 604 4844 Tamen.
677 4785 822 4842 Tunc
886 4785 964 4840 ιιι
1011 4785 1281 4842 omnibus
1324 4786 1484 4842 codd.
1557 4801 1688 4843 mss.
1751 4788 1917 4843 Paulo

311 4871 441 4916 ante
471 4862 600 4914 editi
628 4860 828 4914 habent
848 4859 1104 4913 adversos.

389 4934 718 4986 Acersanles.
749 4931 837 4984 Sic
868 4945 1055 4984 omnes
1085 4929 1299 4985 codices
1334 4945 1464 4984 mss.
1505 4940 1560 4985 et
1601 4931 1759 4988 Daulo
1799 4940 1918 4999 post

311 5006 671 5074 inquirentes:
704 5001 832 5056 editi
864 5002 1145 5074 aversantis
1173 5002 1560 5072 etinquirentis.
1596 5002 1761 5056 Paulo
1792 5011 1918 5074 ante

313 5075 759 5145 conjunctiouem
830 5085 876 5127 et
940 5073 1120 5128 addidi
1195 5085 1319 5129 ante
1373 5084 1579 5144 patrum
1654 5089 1721 5130 ex
1793 5073 1916 5129 cod.

315 5147 662 5216 Betuigiano.

391 5215 1030 5287 Satisfactimte.Rettiig.,
1073 5217 1386 5273 Omnimoda
1442 5217 1794 5288 satisfactione
1821 5233 1926 5288 pa:-

314 5292 567 5346 nitentiaz.

316 5433 356 5488 Ρ
394 5362 570 5430 Puto,
632 5360 855 5416 durabit.
916 5359 1026 5417 Has
1078 5375 1238 5417 voces
1293 5361 1601 5418 addidimus
1672 5375 1740 5417 ex
1801 5360 1927 5418 cod.

343 5449 477 5488 tem.

339 5435 477 5489 lem.

395 5505 633 5559 Insania.
665 5504 755 5561 Sic
788 5504 902 5578 duo
935 5503 1150 5560 codices
1193 5505 1493 5578 mss.;editi
1514 5548 1527 5570 ,
1556 5506 1791 5578 infantia.
1833 5505 1921 5562 Sic

313 5579 484 5632 etiam
516 5578 585 5629 ad
613 5577 988 5647 agnoscendum
1009 5578 1060 5631 in
1079 5577 1289 5632 duobus
1315 5577 1594 5634 codicibus
1616 5577 1776 5645 ’mss.;
1805 5595 1922 5633 nos-

315 5650 447 5703 dam
471 5648 628 5704 editi.

396 5719 547 5792 Quae,
589 5720 797 5792 malum,
840 5721 970 5792 ratio
1006 5731 1096 5792 est.
1123 5721 1296 5777 Aliter
1341 5721 1392 5775 iu
1442 5721 1651 5777 duobus
1691 5722 1925 5792 antiquis

321 5791 605 5864 codicibus
638 5808 650 5842 :
683 5791 814 5850 lla’c,
838 5791 910 5864 (id
939 5800 1040 5864 est,
1076 5791 1282 5862 JUtii‘i’D)
1319 5793 1496 5846 maluit
1529 5795 1726 5848 ratione
1753 5791 1924 5849 osten-

324 5879 445 5916 sum
473 5863 715 5918 divinitus
736 5863 902 5918 lumen
931 5865 1182 5922 omittere.
1208 5875 1254 5917 et
1276 5866 1456 5919 mentis
1485 5867 1760 5922 cwcitatem
1789 5868 1927 5922 alere

552 4644 822 4717 plurimos.
871 4644 1032 4717 Ante
1060 4643 1177 4698 haec
1207 4643 1371 4717 verba
1438 4641 1634 4717 legitur
1671 4643 1736 4717 fin
1793 4643 1915 4700 cod.
1947 4647 2000 4710 D
2024 4653 2072 4700 et
2099 4645 2329 4717 t_enebras
2356 4646 2532 4700 mortis
2561 4645 2765 4717 eligere,
2795 4653 2900 4700 etc.

2099 4715 2284 4771 Libera
2314 4726 2361 4771 et
2397 4718 2579 4772 illicita
2623 4711 2927 4787 perditione.
2984 4715 3073 4773 Sic
3115 4721 3345 4786 quatuor
3407 4711 3626 4770 codices

2031 4803 2188 4852 mss.;
2217 4789 2368 4854 editi,
2398 4789 2630 4854 liberam,
2659 4799 2764 4843 etc.

2099 4861 2226 4924 Quae
2263 4871 2490 4927 prosunt.
2524 4861 2694 4914 Aliter
2726 4874 2861 4913 unus
2907 4859 3028 4913 eod.
3081 4871 3208 4920 ms.,
3243 4871 3359 4925 qua:
3384 4865 3622 4927 possunt.

2101 4932 2208 4986 Deo
2236 4925 2398 4986 illam.
2419 4932 2508 4987 Sic
2529 4941 2759 5002 quatuor
2787 4931 3002 4986 codices
3028 4943 3182 5002 mss.;
3199 4928 3350 4990 editi,
3374 4925 3620 5002 Domino.

2103 5003 2393 5074 Manifeste.
2447 4999 2738 5058 Sic'codd.
2791 5011 2900 5057 tres
2956 5000 3195 5055 melioris
3237 5008 3378 5053 notie
3424 4999 3623 5065 :editi,

2029 5076 2319 5144 manifesta.

2106 5141 2237 5201 Inde
2271 5146 2553 5218 PrOp/tela.
2615 5143 3034 5218 Emendavimus
3087 5141 3408 5218 auctoritate
3463 5142 3623 5218 trium

2032 5219 2193 5274 codd.
2223 5234 2352 5273 mss.
2381 5211 2528 5288 'quod
2565 5217 2993 5288 mendoﬁserantea
3013 5213 3331 5288 legebatur_;
3363 5211 3628 5284 Propheta

2034 5293 2154 5345 item
2178 5292 2309 5344 alius
2331 5283 2721 5344 benevolentiam
2745 5287 2840 5342 Dei
2868 5286 3220 5341 exhortatione
3240 5283 3482 5351 offerens,
3502 5300 3631 5355 pra:—

2037 5364 2289 5417 dicatione
2308 5363 2594 5417 insinuans.

2112 5436 2260 5489 Alius
2287 5451 2503 5505 quoque.
2559 5432 2818 5505 Sicgtresﬂ
2845 5427 3061 5483 codices
3103 5443 3258 5505 mss;
3303 5426 3456 5490 editi,
3496 5426 3629 5505 alias

2027 5522 2224 5577 quoque
2247 5497 2482 5560 similiter
2503 5501 2905 5559 misericordiam
2930 5517 3074 5554 suum
3101 5499 3272 5554 Deus:
3301 5514 3435 5552 unus
3457 5497 3628 5552 codex

2032 5579 2473 5649 ms.,pcralium.
2537 5644 2574 5649 __
2958 5644 2970 5649 _
2999 5644 3085 5649 μη
3321 5641 3332 5649 ,
3414 5641 3447 5649 η
3554 5639 3563 5649 .

2100 5641 2500 5702 Αᾱήοιιιὶιιιιιιι.
2537 5644 2640 5699 llas
2695 5661 2854 5700 voces
2909 5644 3086 5698 addidi
3118 5658 3183 5698 ex
3235 5641 3357 5696 cod.
3413 5641 3626 5710 Rcmig.

2033 5729 2087 5777 et
2111 5721 2271 5786 paulo
2305 5728 2424 5786 post
2453 5718 2629 5786 aliqua
2655 5729 2779 5771 ante
2806 5718 3025 5786 placare.

2158 5785 2394 5846 aluerint.
2459 5785 2548 5845 Sic
2605 5791 2775 5844 codex
2807 5785 3059 5858 lteruig;
3111 5785 3261 5844 editi.
3308 5791 3630 5853 potuerunt:

2037 5866 2174 5921 unus
2199 5863 2322 5920 cod.
2352 5875 2480 5929 ms.,
2509 5869 2766 5932 poterunt.
