4104 6368
460 263 524 325 δι
1413 257 1610 325 CELSI
1646 256 1875 333 PREF.
1916 258 2006 329 DE
2043 258 2191 320 JUD.
2227 257 2805 331 INCREDULITATB.
3684 270 3758 329 lii

461 396 757 455 satisfactio
772 405 825 455 et
841 397 1071 471 placatio
1092 412 1190 470 pro
1214 396 1370 453 nobis
1390 395 1532 468 apud
1550 394 1789 463 Patrem,
1807 395 2068 469 sacrilega
2095 376 2150 465 ῥι
2172 376 2327 444 ’πίηει
2358 376 2639 471 mundum
2664 377 2871 437 verbum
2896 388 3042 443 tuum
3069 380 3126 437 iu
3152 398 3278 454 pace
3304 399 3323 440 ε
3351 383 3592 457 quoniam
3618 383 3759 441 vide-

460 490 867 563 impugnationc
898 491 1143 562 persequi
1177 488 1520 545 maluerunt?
1550 489 1607 545 Si
1634 488 1777 544 enim
1811 487 1854 561 (Ι
1873 487 2058 560 Joan.,

459 582 583 655 11,1)
614 601 629 638 :
671 583 985 640 Advocatum
1011 580 1271 639 Christum
1292 582 1537 639 habemus
1577 581 1721 653 apud
1750 580 1920 639 Deum
1946 582 2059 639 Pa-

463 686 612 746 trem,
639 693 858 735 servare
904 692 968 735 ea
1012 693 1133 749 qute
1160 692 1260 734 nos
1288 677 1476 735 docuit
1493 685 1548 734 et
1574 678 1807 746 monuit,
1830 692 2062 749 qumque

462 772 605 843 apud
636 772 850 829 Patrem
900 771 1179 829 locuturus
1233 781 1341 842 est,
1371 772 1609 829 sollicito
1646 774 1844 830 timore
1880 773 2059 829 facere

460 866 741 924 debemus.
790 865 956 939 Igitur
1001 882 1102 924 nos
1145 868 1236 939 qui
1269 876 1451 925 mente
1489 868 1543 924 in
1594 867 1806 924 Domini
1855 876 2059 923 metum

462 972 655 1030 prona,
686 957 1064 1014 mandatorum
1085 958 1203 1032 ejus
1231 960 1452 1014 monitis
1480 959 1810 1028 insistimus,
1838 969 1892 1015 et
1932 959 2062 1015 reli-

461 1050 601 1125 giosi
651 1067 716 1108 ac
771 1052 1097 1109 venerabilis
1145 1052 1327 1109 cordis
1379 1052 1538 1109 ﬁdem
1588 1062 1643 1109 et
1686 1052 2059 1110 credulitatem

461 1144 530 1200 de
554 1144 672 1216 ejus
701 1145 894 1201 timore
934 1145 1317 1215 concepimus;
1364 1144 1492 1216 quid
1522 1144 1669 1200 aliud
1710 1146 1898 1216 sequi,
1931 1145 2057 1221 quid

459 1252 677 1309 cupere,
709 1238 836 1310 quid
873 1240 1043 1310 magis
1072 1238 1210 1295 velle
1257 1253 1318 1294 ac
1349 1247 1536 1294 tenere
1562 1238 1825 1294 debemus
1850 1281 1864 1305 ,
1896 1254 2058 1309 quam

458 1339 519 1386 nt
558 1331 707 1385 omni
747 1347 776 1384 a
818 1330 974 1387 nobis
1002 1330 1199 1386 mentis
1227 1331 1460 1401 antiqua
1490 1339 1649 1386 nocte
1691 1329 1967 1409 discussa,
2003 1338 2061 1386 et

460 1423 692 1496 caligine
735 1423 861 1479 vita:
902 1424 1099 1496 prioris
1127 1424 1392 1491 abstersa,
1430 1425 1806 1480 mandatorum
1834 1425 2059 1494 ,Dominl

457 1516 775 1574 salutarium
798 1531 1067 1573 memores
1082 1531 1146 1573 ac
1162 1517 1287 1571 vitae
1305 1525 1521 1573 aeternae
1541 1518 1802 1588 promissa
1825 1519 2060 1595 Minen-

460 1618 564 1678 tes,
586 1609 655 1665 ad
679 1609 798 1680 ejus
840 1610 1045 1665 monita
1082 1618 1421 1666 revertamur
1444 1618 1501 1666 et
1543 1611 1595 1665 in
1640 1610 1807 1680 ipsius
1853 1610 2062 1667 lumine

459 1702 603 1774 quod
634 1702 892 1771 ostendit,
923 1704 1133 1759 ﬁrmata
1156 1703 1477 1759 credulitate
1506 1703 1853 1774 gradiamur?
1883 1713 1941 1760 ut
1967 1705 2058 1776 qui

2163 479 2284 525 runt
2304 470 2441 525 oculi
2466 470 2567 527 nisi
2596 472 2827 531 salutare
2854 483 3021 555 tuum.
3049 473 3271 541 Simeon
3297 476 3441 548 quod
3465 491 3644 539 caicus
3662 492 3760 533 au-

2163 561 2371 631 dicrat,
2419 561 2657 621 evidenti
2706 564 2934 627 veritate
3002 567 3300 638 perlectum
3359 582 3482 629 esse
3551 585 3763 633 annun-

2163 654 2365 722 tiabat;
2395 664 2448 712 et
2493 658 2776 715 veritatem
2815 674 2974 731 quam
3018 670 3240 732 accepto
3282 663 3487 723 lumine
3527 663 3759 732 viderat,

2163 749 2535 815 benedicendo
2562 751 2735 822 palam
2768 752 2934 810 Deum
2959 756 3157 829 popula
3180 754 3522 826 pmdicabat.
3553 756 3762 817 Adhuc

2163 844 2307 899 enim
2358 844 2567 911 viderat
2613 854 2672 902 ut
2712 844 2960 915 referret,
3004 856 3062 905 et
3101 847 3430 911 revelatione
3471 865 3568 911 sua
3614 849 3758 920 quod

2163 935 2409 993 Christus
2442 948 2602 994 natus
2634 937 2855 1008 fuisset,
2883 940 3237 1008 ostenderet,
3270 950 3325 998 et
3362 942 3554 1013 perﬁdi
3583 942 3766 1013 populi

2163 1029 2313 1084 initia
2346 1032 2515 1102 prima
2543 1031 2938 1088 incredulitatis
2966 1034 3277 1091 instrueret.

2230 1127 2321 1205 ιγ.
2350 1129 2462 1201 Nec
2491 1129 2595 1186 hoc
2624 1130 2800 1186 solum
2855 1133 3223 1187 testimonium
3268 1131 3336 1189 de
3362 1146 3430 1189 eo
3458 1130 3767 1204 Scriptura-

2162 1240 2282 1299 ευρ)
2311 1225 2610 1289 caelestium
2640 1228 2843 1282 veritas
2886 1227 3166 1297 perbibet,
3198 1243 3389 1283 verum
3424 1237 3480 1283 et
3518 1244 3614 1300 per
3640 1244 3769 1301 pro-

2162 1318 2355 1389 phetas
2383 1328 2508 1375 ante
2536 1318 2769 1399 Spiritus
2795 1330 3015 1375 sanctus
3041 1320 3332 1376 adventum
3361 1320 3481 1392 ejus
3523 1323 3576 1377 in
3618 1321 3764 1377 hunc

2163 1398 2420 1468 mundum
2449 1398 2714 1478 futurum,
2744 1413 2916 1484 palam
2947 1425 3133 1471 mente
3164 1414 3405 1469 omnium
3452 1418 3767 1471 consciente

2162 1504 2491 1583 praedicavit.
2523 1505 2631 1575 Nec
2652 1514 2737 1562 est
2764 1505 3017 1562 obtentus
3046 1507 3419 1563 excusationis
3447 1506 3761 1573 incredulis,

2161 1596 2249 1658 vel
2281 1599 2557 1668 ignorasse
2584 1598 2677 1658 Dei
2708 1597 2876 1654 ﬁlium
2906 1596 3208 1668 Christum,
3239 1600 3323 1655 vel
3355 1601 3633 1670 ignorasse
3667 1601 3761 1657 Dei

2165 1689 2333 1744 ﬁlium
2360 1688 2665 1758 Christum,
2698 1691 2781 1746 vel
2812 1691 3053 1748 nescisse
3081 1691 3318 1747 futurum
3347 1691 3647 1749 Salvatoris
3673 1694 3770 1748 ad-

458 1795 632 1867 ignart
653 1794 945 1866 aliquando
964 1795 1153 1861 salutis
1176 1795 1387 1861 futurae,
1415 1796 1468 1850 in
1496 1795 1774 1859 erroribus
1799 1795 2058 1868 implicati

2166 1791 2411 1853 ventum;
2440 1785 2582 1859 sicut
2621 1782 2786 1843 David
2818 1784 3164 1859 manifestat,
3193 1784 3381 1849 dicens
3406 1786 3569 1857 (Psal.
3601 1788 3761 1865 sviti,

458 1889 585 1945 vitae
633 1890 829 1960 prioris
878 1904 942 1944 ac
1004 1889 1245 1946 tenebris
1289 1890 1705 1956 aberravimus,
1771 1890 2063 1946 illuminati

460 1995 605 2036 nunc
650 1981 769 2052 ejus
814 1982 926 2037 veri
979 1981 1200 2036 luminis
1226 1980 1490 2048 claritate,
1539 1988 1596 2037 et
1638 1991 1860 2037 ostenso
1905 1982 2063 2039 nobis

460 2084 622 2147 atque
643 2075 910 2147 patefacto
937 2074 1178 2131 melioris
1199 2075 1324 2130 vita:
1350 2074 1543 2145 limite,
1572 2075 1784 2131 Domini
1810 2076 2062 2131 mandata

460 2166 737 2239 sequenda
766 2177 820 2222 et
844 2166 1079 2237 gerenda
1106 2173 1407 2223 teneamus.

538 2252 628 2314 IIl.
663 2259 776 2314 Hoc
806 2259 986 2315 lumen
1013 2259 1170 2315 nobis
1198 2260 1322 2314 vita:
1347 2258 1599 2314 salutaris
1638 2266 1887 2315 exortum
1913 2301 1928 2328 ,
1959 2259 2064 2337 hoc

464 2352 516 2423 in
548 2352 945 2423 reparationem
976 2351 1211 2406 hominis
1235 2358 1418 2406 natum
1444 2350 1513 2407 de
1542 2352 1636 2408 Dei
1658 2351 1834 2407 Patris
1863 2367 2061 2422 procu-

460 2446 672 2500 ratione
719 2459 782 2500 ac
821 2444 1170 2500 miseratione
1217 2443 1564 2516 praesidium,
1609 2443 1743 2517 Magi
1790 2443 1949 2514 primi
1995 2445 2064 2502 ab

462 2536 718 2609 orientali
747 2547 901 2608 parte
940 2538 1221 2592 venientes
1244 2579 1258 2603 ,
1282 2546 1338 2592 et
1382 2538 1541 2593 stella
1571 2537 1707 2594 duce
1751 2537 2062 2594 Judaeorum

459 2645 645 2702 regem
680 2629 858 2701 palam
888 2629 1111 2705 praescia
1140 2629 1522 2701 praedicatione
1562 2642 1867 2702 quaerentes
1888 2673 1902 2698 ,
1933 2631 2064 2688 aﬁ'e-

459 2736 645 2781 rentes
671 2724 835 2780 etiam
861 2740 1108 2791 munera,
1135 2723 1417 2780 testiﬁcata
1444 2723 1698 2780 omnibus
1716 2723 2064 2796 inquisitione

464 2827 854 2875 monstrarunt.
887 2819 953 2874 Et
982 2833 1049 2874 ne
1075 2818 1343 2891 aliquibus
1367 2818 1487 2891 quis
1515 2818 1605 2875 ille
1633 2830 1799 2889 esset,
1829 2822 2060 2877 abscon-

463 2929 583 2969 sum
632 2910 795 2976 foret,
826 2912 1103 2966 inventum
1158 2926 1382 2982 puerum
1435 2912 1783 2983 procidentes
1832 2912 2062 2984 genibus

463 3005 793 3068 adorarunt;
850 3005 990 3057 sicut
1037 3001 1355 3059 testiﬁcatur
1396 3001 1768 3074 Evangelium,
1809 3004 1995 3060 dicens
2044 3023 2058 3058 :

468 3096 596 3152 Cum
626 3106 795 3151 autem
824 3105 973 3150 natus
1004 3105 1131 3150 esset
1155 3094 1185 3148 ,Ι
1194 3112 1309 3150 esus
1332 3097 1385 3149 in
1415 3093 1676 3149 Bethleem
1698 3095 1857 3150 Juda:
1876 3092 1928 3149 in
1953 3095 2061 3149 die-

2169 1876 2227 1939 5,
2259 1874 2315 1948 6)
2344 1894 2357 1929 :
2392 1875 2512 1931 Dies
2556 1877 2659 1931 diei
2701 1887 2894 1932 eructat
2918 1878 3144 1943 verbum,
3192 1886 3238 1933 et
3263 1894 3367 1933 nos:
3392 1879 3531 1933 nocti
3570 1880 3770 1935 indicat

2164 1970 2448 2025 scientiam.
2484 1969 2607 2026 Non
2632 1982 2751 2027 sunt
2778 1988 3040 2027 sermones
3083 1989 3174 2028 nec
3203 1972 3375 2042 verba,
3420 1989 3634 2044 quorum
3665 1990 3771 2029 non

2162 2060 2443 2117 audiantur
2465 2078 2608 2119 vaces
2634 2081 2829 2121 eorum.
2860 2063 2928 2119 In
2953 2080 3156 2120 omnem
3201 2075 3390 2120 terram
3433 2066 3585 2121 exivit
3611 2083 3769 2122 sonus

2166 2169 2359 2223 eorum,
2395 2169 2442 2213 et
2470 2164 2611 2211 trans
2641 2158 2773 2224 ﬁnes
2801 2166 2952 2215 teme
2979 2159 3107 2226 ﬁnes
3135 2174 3336 2214 eorum.
3371 2159 3440 2213 In
3462 2157 3573 2214 sale
3598 2158 3771 2229 posuit

2166 2253 2552 2312 tabernaculum
2595 2269 2747 2308 suum
2795 2268 2814 2308 :
2866 2252 2920 2309 id
2966 2260 3095 2322 est,
3145 2254 3197 2308 in
3262 2254 3546 2310 manifesta
3596 2254 3716 2311 luce
3746 2295 3763 2322 ,

2164 2336 2337 2425 palam
2381 2364 2441 2404 se
2479 2349 2654 2420 ipsum
2711 2347 2922 2417 venisse
2970 2349 3318 2417 monstravit;
3375 2358 3430 2404 et
3469 2364 3571 2421 per
3624 2334 3768 2420 prta;

2165 2426 2908 2513 dicationem'prophetarum
2936 2440 3336 2510 quodammodo
3373 2432 3623 2498 omnibus
3652 2456 3768 2498 sua:

2166 2534 2468 2605 praesentiae
2533 2533 2899 2588 ostensionem
2971 2532 3362 2603 comprobavit.
3424 2533 3537 2589 Hoc
3599 2534 3764 2590 etiam

2166 2625 2373 2689 Esaias,
2409 2639 2505 2696 per
2536 2640 2697 2696 quem
2738 2625 3001 2681 Dominus
3043 2626 3389 2699 praesentiam
3420 2641 3571 2683 suam
3620 2627 3767 2683 clara

2165 2717 2587 2789 annuntiationis
2620 2714 3050 2773 manifestatione
3083 2718 3436 2784 monstravit,
3471 2718 3767 2789 prOphetat

2164 2820 2219 2866 et
2246 2807 2377 2864 dicit
2403 2808 2565 2881 (lsa.,
2589 2824 2668 2875 ιιι,
2700 2807 2804 2880 6):
2838 2806 2953 2880 Ego
2983 2809 3091 2880 ipse
3118 2810 3205 2882 qui
3234 2808 3496 2881 loquebar,
3518 2811 3631 2865 veni
3663 2826 3681 2865 :
3715 2809 3769 2866 id

2166 2913 2268 2970 est,
2301 2903 2391 2974 qui
2419 2919 2515 2974 per
2534 2905 2826 2975 prophetas
2855 2912 2980 2958 ante
3000 2902 3287 2958 adventum
3318 2919 3498 2959 meum
3531 2902 3768 2959 futurum

2167 2999 2493 3071 praelocutus
2515 2998 2745 3069 fueram,
2780 3000 2894 3069 ipsc
2922 3015 3065 3055 nunc
3095 3001 3239 3068 veni,
3266 3010 3323 3055 nt
3349 3001 3603 3056 omnibus
3631 3016 3770 3072 prae-

2166 3093 2397 3147 sentiam
2429 3107 2602 3147 meam
2636 3093 2753 3163 ipse
2782 3106 2884 3164 ego
2914 3092 3068 3147 testis
3097 3092 3205 3147 mei
3234 3092 3594 3148 manifestem.
3627 3092 3771 3167 Quid

461 3192 558 3246 bus
604 3189 826 3244 Herodis
870 3189 1027 3258 regis,
1058 3204 1171 3242 ecce
1206 3186 1348 3259 Magi
1375 3189 1436 3241 ab
1489 3186 1700 3242 Oriente
1727 3198 1968 3242 venerunt
2002 3189 2057 3242 in
2088 3169 2134 3233 C
2166 3184 2508 3240 evidentius?
2550 3182 2689 3252 Quid
2739 3183 2841 3239 hac
2871 3184 2988 3240 luce
3036 3185 3379 3256 praeclarius?
3410 3184 3549 3253 Quid
3588 3186 3772 3242 verius

463 3282 880 3353 Hierosolymam
911 3280 1135 3335 dicentes
1164 3297 1183 3334 :
1215 3279 1312 3335 Ubi
1339 3291 1413 3335 est
1443 3281 1530 3350 qui
1561 3292 1712 3336 natus
1736 3294 1809 3336 est
1840 3298 1932 3336 rex
1959 3280 2060 3335 Ju-

462 3376 693 3429 dazorum
718 3374 742 3427 ?
778 3372 1011 3427 Vidimus
1038 3374 1173 3427 enim
1204 3371 1405 3426 stellam
1437 3376 1548 3441 eius
1573 3374 1626 3427 in
1656 3372 1883 3436 Oriente,
1901 3384 1945 3428 et
1975 3390 2061 3428 ve-

461 3468 630 3521 nimus
653 3465 871 3521 adorare
892 3482 1003 3519 eum
1028 3463 1267 3538 (Matt/3.,
1294 3480 1352 3534 tt,
1379 3463 1430 3537 l)
1454 3483 1464 3519 :
1489 3464 1836 3521 testiﬁcantes
1861 3465 2066 3523 scilicet

459 3560 737 3616 veritatem
762 3560 829 3614 de
849 3573 937 3627 eo,
965 3558 1127 3613 etiam
1150 3557 1359 3612 stellam
1386 3557 1488 3613 sibi
1510 3558 1721 3635 signum
1742 3567 1904 3631 atque
1927 3558 2063 3613 indi-

459 3655 599 3711 cium
624 3653 913 3709 nativitatis
928 3652 1097 3722 ipsius
1110 3667 1230 3707 esse
1253 3660 1627 3718 monstratam;
1647 3667 1749 3721 qua
1774 3651 1950 3706 indice
1967 3668 2061 3706 na-

461 3756 575 3804 tum
608 3761 729 3803 esse
752 3746 902 3801 illum
926 3745 1094 3819 Magis
1111 3744 1531 3816 praedicantibus
1560 3756 1611 3800 et
1642 3744 2056 3811 afﬁrmantibus,

456 3837 845 3910 Hierosolymis
885 3836 1217 3893 crederetur.
1250 3836 1471 3894 Simeon
1512 3851 1726 3908 quoque
1765 3836 1941 3906 justus
1967 3838 2057 3907 qui

457 3935 514 3991 in
569 3934 813 3989 caecitate
873 3932 1197 3987 constitutus
1228 3973 1243 3999 ,
1290 3930 1475 3987 divino
1537 3930 1773 3986 monitus
1837 3932 2056 3985 oraculo

458 4027 705 4085 audierat
727 4041 788 4082 se
814 4041 919 4082 non
945 4032 1072 4082 ante
1097 4026 1418 4081 moriturum
1444 4038 1603 4097 quam
1639 4023 1864 4081 vidisset
1898 4022 2057 4080 Chri-

458 4129 601 4176 stum
623 4136 638 4185 ;
661 4133 783 4175 cum
805 4118 858 4174 in
877 4117 1159 4189 templum,
1183 4120 1327 4173 omni
1358 4117 1557 4190 populo
1575 4128 1862 4189 praesente,
1883 4116 2059 4172 infan-

461 4221 569 4268 tem
605 4227 789 4267 secum
820 4209 1046 4267 inferret
1079 4220 1272 4278 mater,
1303 4212 1435 4266 etin
1480 4210 1671 4281 spiritu
1712 4220 1896 4265 natum
1935 4223 2057 4265 esse

456 4305 730 4362 Christum
762 4304 1045 4372 sensisset,
1061 4311 1340 4376 acceptum
1364 4303 1418 4360 in
1435 4319 1627 4361 manus
1644 4319 1869 4376 puerum
1886 4304 2020 4361 vidit
2039 4321 2057 4374 ;

458 4406 516 4456 et
557 4397 881 4454 benedicens
909 4398 1101 4465 Deum,
1134 4398 1188 4453 in
1211 4406 1500 4470 conspectu
1526 4407 1579 4454 et
1601 4397 1783 4454 auditu
1812 4398 2055 4454 omnium

2168 3283 2346 3347 potest
2367 3275 2513 3331 dici?
2544 3274 2614 3331 Ut
2640 3290 2772 3347 ergo
2802 3274 2974 3331 oculis
2999 3278 3231 3345 quodam
3264 3276 3426 3331 modo
3450 3288 3771 3348 perspectus

2167 3378 2346 3433 esset;
2375 3383 2436 3424 se
2457 3369 2692 3434 venisse,
2720 3367 2840 3439 ipse
2877 3368 2967 3439 qui
2996 3364 3175 3423 fuerat
3201 3368 3313 3439 jam
3337 3378 3598 3424 venturus
3623 3412 3637 3435 ,
3666 3384 3770 3423 an-

2169 3472 2387 3534 tequam
2448 3462 2659 3517 veniret
2700 3459 2973 3529 ostendit;
3022 3470 3079 3516 et
3125 3460 3506 3517 incredulitate
3556 3472 3770 3519 mentes

2168 3553 2355 3625 populi
2394 3553 2581 3624 perﬁdi
2610 3553 2948 3618 obstruente,
2996 3554 3304 3609 venientem
3351 3570 3511 3609 nemo
3561 3570 3767 3625 cogno-

2167 3647 2262 3702 vit.
2292 3648 2439 3703 Sicut
2465 3648 2610 3703 idem
2639 3646 2826 3702 Esaias
2858 3647 2911 3701 in
2940 3648 3113 3717 prima
3159 3648 3529 3721 increpatione
3576 3649 3764 3720 populi

2167 3742 2463 3814 proclamat
2480 3742 2666 3797 dicens
2683 3742 2700 3815 (
2716 3740 2846 3807 lsa.,
2871 3757 2908 3807 ι,
2936 3739 2993 3816 5)
3021 3759 3033 3795 :
3054 3740 3299 3815 Cognovit
3324 3742 3413 3796 bos
3427 3759 3766 3814 possessorem

2162 3853 2334 3901 suum,
2368 3845 2415 3892 et
2450 3838 2624 3891 asinus
2669 3838 2977 3908 praesepium
3008 3836 3204 3891 domini
3231 3838 3310 3891 sui
3339 3851 3359 3892 :
3396 3836 3561 3891 Israel
3586 3846 3760 3893 autent

2167 3947 2245 3985 me
2284 3930 2464 3985 nesciit
2504 3938 2551 3983 et
2593 3927 2733 3998 plebs
2770 3944 2850 3982 me
2878 3944 2981 3983 non
3006 3929 3281 3983 intellexit.
3314 3928 3499 3984 Palam
3529 3930 3763 3995 cunctis,

2164 4024 2305 4078 sicut
2333 4023 2447 4094 ipse
2467 4021 2732 4093 praedixit,
2761 4023 3031 4093 apparuit;
3055 4032 3109 4078 et
3126 4022 3508 4079 sedentibusin
3526 4023 3767 4080 tenebris

2165 4117 2506 4173 manifestum
2529 4115 2649 4172 vita:
2680 4115 2865 4171 lumen
2887 4112 3117 4179 effulsit;
3165 4126 3219 4171 et
3242 4115 3499 4187 injustitia
3531 4115 3766 4187 perﬁdo-

2164 4227 2283 4267 rum
2327 4219 2515 4283 pectus
2545 4209 2827 4265 obsessum
2849 4251 2866 4277 ,
2894 4210 3195 4281 postposita
3230 4210 3451 4280 propria
3483 4224 3547 4265 ac
3563 4209 3763 4280 rejecta

2162 4306 2355 4369 salute,
2383 4304 2631 4360 tenebras
2663 4304 2839 4376 potius
2869 4305 3278 4375 cmcitatemque
3299 4304 3480 4360 cordis
3504 4303 3683 4374 elegit.

2238 4398 2302 4455 V.
2359 4400 2688 4471 Frcquentat
2760 4400 2957 4470 ubique
3030 4407 3194 4469 atque
3256 4397 3566 4455 manifestat
3629 4411 3760 4469 pro-

457 4492 595 4550 dixit
621 4490 798 4566 (Luc.,
829 4506 889 4559 u,
918 4491 989 4547 29
1018 4489 1039 4563 )
1066 4508 1081 4546 ε
1113 4488 1271 4546 Nunc
1293 4491 1506 4547 dimittis
1531 4508 1732 4548 servum
1757 4503 1902 4549 tuum
1938 4490 2055 4549 Da-
2083 4492 2138 4554 Ι)
2163 4494 2401 4567 pbetatio
2448 4502 2766 4550 cunctorum
2793 4532 2811 4560 ,
2870 4492 2962 4564 qui
3012 4500 3199 4548 sancto
3256 4491 3461 4564 Spiritu
3522 4506 3761 4564 prtemo-

1842 4634 2396 4694 ANNOTATIONES.

451 4748 698 4836 eam.
730 4747 961 4836 Barea-
994 4744 1115 4836 ξίείε,
1135 4745 1685 4836 onerariam?
1731 4760 1853 4836 cum
1894 4750 2047 4836 alio:

453 4818 605 4885 editi,
630 4819 698 4875 ad
730 4818 963 4887 Patrem;
990 4818 1206 4889 quidam
1230 4818 1444 4889 codices
1467 4818 1622 4886 mss.,
1650 4823 1847 4877 locutus
1871 4831 1963 4878 est.

525 4890 713 4945 Fidem
757 4901 804 4945 et
854 4888 1223 4945 credulitatem.
1273 4888 1363 4946 Sic
1386 4891 1670 4946 emendavi
1726 4895 2046 4949 auctoritate

453 4962 576 5017 cod.
601 4963 839 5033 Remig.;
866 4962 1017 5028 editi,
1041 4962 1162 5029 ﬁde,
1188 4962 1555 5016 credulitatem.
1582 4964 1746 5017 l‘aulo
1777 4973 1897 5033 post
1924 4962 2048 5020 con-

455 5035 682 5104 cepimus
727 5045 781 5088 et
824 5044 1138 5088 revertamur
1166 5048 1231 5104 ex
1280 5033 1469 5088 eodem
1510 5034 1632 5088 cod.
1678 5042 1734 5090 et
1773 5037 2046 5091 nonnullis

449 5103 588 5167 aliis,
622 5119 720 5175 pro
740 5119 806 5158 eo
826 5104 968 5174 quod
989 5110 1072 5160 est
1095 5104 1147 5158 in
1171 5103 1331 5158 editis
1354 5104 1667 5175 concipimus
1685 5115 1739 5161 et
1769 5116 2045 5161 vertamur.

524 5195 703 5251 Foret.
731 5194 880 5251 Hauc
918 5210 1104 5251 vocem
1128 5194 1308 5255 addidi
1348 5211 1416 5251 ex
1437 5195 1669 5271 Remig.;
1715 5197 1876 5267 alius,
1901 5208 2045 5256 esset.

522 5288 653 5366 Esse
683 5288 849 5366 illum.
885 5287 990 5345 Has
1010 5289 1381 5366 voces__ad_didi
1410 5306 1474 5345 ex
1499 5290 1710 5366 Remig.
1732 5293 1898 5366 Paulo
1929 5305 2050 5366 post

448 5362 737 5416 crederetur
762 5361 815 5414 in
839 5368 1067 5430 quatuor
1085 5360 1362 5418 codicibus
1388 5376 1542 5427 mss.;
1569 5360 1827 5421 crederent
1844 5364 1897 5422 in
1912 5360 2042 5423 edit.

521 5431 709 5487 Divina
740 5434 961 5505 monitus
991 5432 1360 5505 oraculo._7$ic
1406 5433 1641 5505 Remig.;
1666 5434 1824 5494 alius.
1873 5439 2045 5497 divino

448 5520 694 5569 responso
718 5502 963 5566 monitus;
1020 5502 1173 5569 editi,
1204 5503 1372 5558 divino
1400 5502 1617 5562 monitu.

560 5578 770 5647 πίει-νει.
802 5573 893 5629 Sic
916 5573 1125 5644 liemig.
1151 5589 1273 5630 cum
1295 5577 1398 5631 alio
1427 5593 1440 5630 :
1469 5576 1621 5648 editi,
1653 5580 1827 5651 ferret.

521 5663 833 5745 Perfectum
874 5679 982 5718 esse
1052 5665 1407 5722 annuntiabat.
1455 5667 1545 5725 Sic
1604 5670 1858 5745 Remig.;
1892 5673 2043 5745 editi,

451 5740 736 5808 perfectum
764 5744 857 5789 est.

520 5804 589 5862 In
604 5808 872 5878 manifesta
885 5804 1108 5865 luce.Sic
1122 5806 1353 5881 Remi“
1370 5811 1424 5867 in
1435 5812 1703 5889 manifesta
1713 5816 1767 5873 in
1784 5814 1894 5874 lucc
1904 5816 2035 5876 edit.

2229 4749 2334 4806 Per
2382 4746 2816 4820 medicationem.
2895 4744 3058 4820 Editi,
3109 4752 3158 4801 et
3233 4744 3598 4820 praedicatione
3666 4762 3759 4815 per

2156 4817 2428 4895 prophetas
2453 4820 2535 4875 sui
2576 4818 2859 4895 ostensione
2913 4817 3288 4888 quodammodo
3326 4817 3559 4872 omnibus
3608 4834 3757 4895 suam

2192 4888 2473 4949 uisentium
2507 4889 2753 4959 probavit.
2786 4890 2913 4944 Haec
2940 4898 2995 4944 et
3017 4904 3137 4959 quas
3162 4896 3456 4961 sequuntur
3477 4904 3645 4961 usque
3686 4888 3756 4945 ad

2192 4912 2473 4949 rwsenuam
2507 4912 2753 4959 praaavu.
2787 4912 2913 4944 Πωυ
2940 4912 2995 4944 ει
3017 4912 3137 4959 qua:
3162 4912 3456 4959 sequuntur
3477 4912 3645 4961 ιιεψιυ
3686 4912 3756 4945 au

2154 4912 2252 5021 has
2282 4978 2463 5028 voces,
2495 4973 2542 5016 et
2570 4961 2957 5026 incredulitate,
2988 4958 3269 5017 emendavi
3299 4962 3617 5015 auctoritate
3661 4974 3758 5019 co-

2158 5037 2292 5093 dicis
2321 5034 2554 5106 Remig.,
2584 5033 2670 5106 cui
2691 5033 2779 5087 alii
2805 5046 2996 5106 magna
3028 5047 3092 5106 ex
3118 5042 3271 5104 parte
3298 5033 3663 5106 consentiunt.

2230 5108 2444 5163 Mentes.
2484 5103 2584 5161 'Sic
2626 5104 2945 5168 Pamelius;
3000 5103 3241 5174 plerique
3309 5103 3524 5159 codices
3590 5118 3748 5168 mss.,

2156 5182 2337 5235 mentis
2365 5197 2384 5244 ;
2414 5179 2565 5232 deest
2594 5176 2646 5230 in
2671 5175 3077 5231 accuratissime
3112 5176 3299 5230 codice
3336 5175 3571 5245 Remig.:
3608 5176 3753 5232 unde

2157 5251 2386 5322 conjicio
2417 5249 2553 5304 hanc
2578 5262 2788 5322 vocem,
2823 5262 2942 5316 quae
2971 5262 3066 5317 per
3090 5261 3153 5322 se
3185 5246 3387 5322 inutilis
3416 5257 3520 5315 est,
3539 5261 3753 5322 expun-

2157 5317 2385 5393 gendam
2431 5335 2575 5377 esse.
2615 5318 2783 5393 Paulo
2810 5326 2937 5393 post
2974 5317 3153 5389 populi
3179 5334 3245 5374 ex
3286 5318 3475 5374 eodem
3515 5318 3639 5374 cod.
3696 5327 3755 5375 et

2155 5390 2276 5450 aliis
2300 5402 2529 5464 quatuor
2556 5408 2570 5456 ;
2600 5390 2749 5464 editj,
2783 5392 2995 5464 populo.

2228 5459 2511 5534 lnjustitia.
2551 5464 2641 5518 Sic
2696 5459 2912 5534 Remig.
2962 5476 3085 5516 cum
3135 5459 3346 5517 duobus
3390 5460 3513 5517 aliis
3549 5478 3561 5515 :
3595 5459 3748 5534 editi,

2144 5532 2369 5611 justitia.
2410 5535 2574 5611 Paulo
2633 5543 2753 5604 post
2794 5533 3381 5611 etaci_tatemque__cordis
3447 5549 3513 5589 ex
3558 5532 3751 5589 eodem

2153 5604 2340 5666 codice
2370 5608 2645 5679 posuimus
2678 5605 3027 5679 procacitate
3053 5604 3242 5661 cordis.

2225 5675 2555 5745 Frequentat,
2605 5688 2710 5732 etc.
2744 5676 2833 5731 Sic
2870 5676 3080 5748 Remig.
3127 5691 3249 5732 cum
3298 5676 3565 5748 plerisque
3587 5675 3747 5743 aliis;

2151 5752 2302 5820 editi,
2333 5756 2700 5823 frequentatur.

2154 5896 2161 5897 ί
2226 5815 2432 5880 Sancto
2482 5818 2703 5890 Spiritu.
2775 5817 2977 5878 Desunt
3029 5815 3147 5878 haec
3198 5819 3362 5878 verba
3416 5824 3470 5882 tn
3528 5821 3739 5897 Remig.
