4104 6368
335 282 402 340 55
1548 283 1641 340 AD
1674 280 1984 344 VIGILIUM
2025 285 2442 347 EPISCOPUM.
3579 297 3649 352 5'4

332 405 490 452 nente
521 396 787 454 adventus
832 397 1043 454 Domini
1085 407 1381 456 metatores
1407 413 1530 454 esse
1559 399 1736 454 sortiti
1785 408 1933 460 sunt.
1966 403 2019 464 Α
2047 411 2176 459 nato
2188 402 2353 460 corde
2377 402 2680 475 conspicias
2701 423 2714 473 ;
2733 404 2876 462 sicut
2895 405 3035 462 idem
3063 407 3179 478 ipse
3204 406 3460 464 Dominus
3483 414 3537 463 ct
3559 423 3655 478 per

335 490 442 546 Hoc
480 490 665 549 lumen
713 492 914 548 smculo
959 491 1169 561 datum,
1221 503 1277 548 et
1329 492 1472 548 diem
1533 491 1688 546 nobis
1742 490 1936 547 salutis

334 592 578 640 exortum
605 584 940 640 viviﬁcandis
967 601 1184 658 quoque
1208 585 1259 640 Ρη
1283 600 1407 640 eum
1437 584 1782 640 credentibus
1809 585 1936 640 des~

337 678 558 735 tinatum
591 677 752 734 docet
776 678 832 733 in
857 678 1086 734 Psalmis
1117 677 1354 750 Spiritus
1380 685 1600 732 sanctus
1625 687 1679 732 et
1701 676 1939 732 ostendit

335 770 514 826 dicens
537 768 706 844 (Psal.
727 769 1105 843 cxvu,22-24)
1139 789 1151 824 :
1187 770 1347 843 Lapis
1362 787 1510 840 quem
1537 769 1938 840 reprobaverunt

333 863 622 930 tedicantes,
654 864 736 918 hic
789 866 957 937 factus
1014 874 1087 918 est
1119 864 1173 917 in
1205 873 1362 934 caput
1393 863 1612 936 anguli:
1644 880 1676 916 a
1715 862 1938 920 Domino

334 963 494 1032 factus
520 968 596 1014 est
626 964 739 1028 iste,
772 968 817 1012 et
845 969 919 1013 est
950 957 1271 1013 admirabilis
1301 960 1353 1012 in
1386 959 1550 1013 oculis
1580 959 1770 1013 nostris
1795 977 1816 1025 ;
1846 959 1940 1013 iste

334 1053 434 1107 dies
459 1061 534 1108 est
571 1070 720 1124 quem
753 1055 874 1126 fecit
911 1051 1167 1112 Dominus
1195 1069 1213 1108 :
1240 1052 1563 1109 ambulemus
1606 1064 1652 1109 et
1671 1055 1936 1125 jucunde-

333 1165 440 1203 mur
479 1149 533 1202 in
572 1165 648 1205 eo.
678 1148 734 1202 In
769 1149 872 1204 hoc
902 1148 987 1204 die
1017 1165 1117 1204 nos
1155 1149 1434 1205 ambulare
1483 1149 1685 1204 Paulus
1723 1164 1938 1220 quoque

336 1241 614 1313 apostolus
656 1241 979 1313 prmcipiens
1010 1252 1065 1297 et
1095 1241 1299 1296 docens
1341 1256 1403 1296 ac
1448 1256 1790 1312 praemonens
1810 1283 1827 1310 ,
1856 1240 1937 1297 di-

333 1332 618 1407 cit(Rom.,
644 1349 763 1398 xm,
795 1334 1008 1405 11-15).
1026 1331 1182 1388 Nunc
1208 1335 1339 1388 enim
1366 1335 1578 1405 prapius
1595 1344 1668 1389 est
1683 1333 1828 1388 nobis
1849 1352 1937 1390 sa-

334 1428 408 1483 lus
431 1444 725 1501 quamcum
754 1428 1113 1483 credidimus:
1140 1444 1244 1483 non:
1281 1431 1575 1499 praecessit;
1616 1429 1724 1484 dies
1766 1439 1938 1484 autem

333 1522 784 1594 appropinquavit.
816 1522 1136 1595 Abjiciamus
1169 1540 1287 1595 ergo
1323 1540 1479 1594 opera
1511 1523 1863 1592 tenebrarum,
1890 1534 1939 1580 et

331 1615 608 1672 induamur
625 1632 770 1669 arma
791 1616 922 1672 lucis
961 1633 978 1670 :
1016 1617 1146 1671 sicut
1175 1616 1227 1670 in
1251 1617 1330 1671 die
1348 1619 1554 1671 honeste
1575 1615 1894 1672 ambulemus
1917 1633 1938 1671 :

329 1709 383 1766 id
407 1718 510 1778 est,
546 1710 600 1764 in
626 1706 845 1766 Christo
875 1716 933 1765 et
977 1707 1246 1765 mandatis
1277 1708 1415 1780 ejus,
1449 1709 1603 1782 cujus
1644 1711 1848 1767 lumine
1874 1725 1938 1764 ac

2047 497 2262 557 Esaiam
2291 507 2493 564 monet,
2525 498 2709 554 dicens
2743 499 2900 572 (Isa.,
2935 516 3028 565 vn,
3059 500 3120 572 9)
3157 519 3171 556 :
3204 502 3265 557 Si
3286 519 3388 556 non
3419 501 3652 556 credide-

2048 597 2195 663 ritis,
2251 609 2343 648 nec
2389 593 2704 665 intelligetis.
2753 592 2884 648 Tam
2948 594 3121 649 facilis
3174 603 3230 650 et.
3271 605 3546 666 .praastans
3597 603 3657 652 et

2049 687 2200 760 larga
2252 695 2336 742 est
2377 695 2538 756 atque
2585 684 2865 740 abundans
2894 686 2963 740 de
3019 685 3230 742 Domini
3285 687 3489 760 pietate
3532 686 3647 742 cle-

2050 782 2276 848 mentia,
2311 789 2369 836 ut
2421 780 2465 834 si
2511 780 2630 850 quis
2667 779 2837 835 semel
2875 794 2997 836 sese
3024 781 3090 838 ad
3133 796 3256 836 eum
3302 791 3416 836 toto
3451 781 3648 836 timore

2048 877 2414 944 converterit;
2466 874 2532 930 ad
2578 874 2803 932 cceleste
2853 892 3047 931 munus
3109 876 3416 947 admissus,
3470 879 3651 933 statim

2048 985 2204 1027 mens
2225 969 2340 1040 ejus
2368 967 2598 1040 nonjam
2630 967 2731 1023 nisi
2753 967 2820 1022 ad
2849 967 3035 1023 divina
3061 979 3259 1036 pateat,
3284 978 3339 1024 et
3361 969 3428 1026 ad
3451 969 3650 1026 cmlum

2050 1077 2114 1118 ac
2141 1077 2373 1132 superna
2402 1061 2590 1116 oculos
2621 1058 2801 1115 cordis
2835 1060 3098 1128 attolens,
3129 1060 3332 1118 Christi
3371 1061 3552 1118 lumen
3582 1076 3648 1118 ac

2049 1157 2280 1227 patriam
2304 1154 2494 1209 salutis
2525 1155 2769 1225 aspiciat.

2125 1247 2238 1304 Vll.
2274 1249 2594 1320 Exemplum
2623 1265 2685 1304 ac
2724 1249 3110 1306 documentum
3151 1252 3323 1307 nostri
3354 1253 3563 1310 timoris
3589 1266 3648 1312 et

2050 1343 2201 1414 ﬁdei,
2231 1361 2297 1401 ex
2327 1346 2496 1415 ipsius
2543 1346 2775 1401 Abrabze
2804 1347 3126 1417 patriarcha:
3156 1349 3300 1405 ﬁdeli
3341 1337 3660 1406 credulitate

2045 1449 2402 1505 monstratur.
2437 1442 2528 1512 qui
2550 1442 2958 1512 repromissioni
2977 1445 3068 1500 Dei
3091 1453 3271 1499 mente
3302 1443 3530 1515 simplici
3549 1453 3662 1500 sta-

2048 1535 2143 1588 tim
2171 1533 2434 1600 credidit;
2474 1542 2529 1590 et
2554 1533 2676 1590 ideo
2691 1534 2770 1606 ,ad
2792 1535 3059 1604 justitiam
3087 1535 3338 1608 deputari
3393 1537 3443 1591 ei
3472 1535 3662 1591 condi-

2047 1641 2150 1698 gna
2175 1626 2612 1683 remuneratione
2643 1630 2986 1683 commeruit.
3011 1628 3128 1684 Hoc
3155 1630 3298 1685 Deus
3329 1629 3526 1702 diligit,
3557 1631 3659 1688 hoc

2047 1720 2272 1789 appetit,
2297 1719 2398 1776 hoc
2439 1720 2490 1774 in
2537 1721 2708 1775 servis
2737 1720 2848 1776 suis
2901 1722 3169 1794 benignus
3236 1733 3549 1780 remunerat
3604 1734 3661 1783 et

327 1804 546 1860 monitis
588 1803 875 1872 luminati,
909 1811 964 1858 et
1006 1802 1061 1858 in
1103 1803 1350 1860 claritate
1397 1803 1506 1860 diei
1557 1804 1674 1876 ejus
1705 1805 1934 1874 inventi,
1970 1841 2022 1905 Β
2047 1811 2310 1877 honorat;
2387 1813 2788 1883 simplicitatem
2857 1814 3110 1871 videlicet
3200 1817 3391 1871 mundi
3469 1816 3654 1874 cordis

327 1898 630 1972 proximam
683 1896 841 1956 nobis
907 1895 1136 1952 salutem
1191 1895 1412 1954 credula
1470 1898 1523 1951 in
1564 1913 1691 1954 eum
1755 1908 1940 1954 mente

328 1991 718 2062 conspicimus.

400 2085 486 2142 Vl.
522 2084 708 2142 Solem
745 2099 964 2157 quoque
993 2099 1114 2144 esse
1138 2083 1414 2142 Christum
1444 2090 1658 2146 cunctis
1692 2088 1938 2148 timenti~

327 2183 428 2238 bus
454 2195 614 2247 eum,
643 2179 938 2238 Malachias
984 2182 1250 2252 propheta
1294 2189 1520 2237 testatur
1547 2191 1603 2238 et
1646 2184 1936 2254 promittit,

325 2275 515 2332 dicens
531 2272 816 2348 (Malach.,
841 2289 922 2344 tv,
946 2274 1030 2348 2.)
1068 2274 1218 2332 Vobis
1241 2287 1412 2332 autem
1433 2277 1724 2334 timentibus
1751 2296 1937 2338 nomen

327 2386 498 2426 meum
538 2370 730 2430 orietur
769 2369 867 2426 Sol
908 2370 1156 2444 justitire,
1204 2379 1251 2425 et
1291 2371 1489 2428 sanitas
1548 2373 1600 2427 in
1643 2374 1741 2429 alis
1779 2377 1936 2448 ejus:

329 2462 625 2522 ostendens
648 2478 715 2520 ex
747 2463 897 2518 nullo
921 2463 1081 2520 nobis
1105 2462 1337 2520 salutem
1365 2479 1527 2536 posse
1554 2464 1810 2534 conferri,
1837 2467 1940 2534 nisi

333 2557 389 2613 in
449 2557 707 2628 passione
774 2557 952 2616 crucis
1021 2556 1183 2632 ejus,
1233 2574 1337 2630 qua
1402 2559 1702 2616 extendens
1751 2578 1944 2622 manus

335 2657 530 2706 cuncta
573 2649 763 2704 smculi
792 2649 1099 2714 salvaturus
1128 2649 1412 2720 amplexus
1442 2659 1547 2720 est,
1581 2660 1638 2706 ut
1681 2668 1946 2714 converso

331 2739 400 2797 ad
432 2756 560 2796 eum
590 2741 785 2798 timore
811 2743 1100 2798 credamus
1130 2743 1488 2799 aeternitatem
1515 2743 1636 2799 vitae
1663 2755 1717 2800 et
1737 2762 1834 2818 spe
1862 2747 1945 2803 fu-

334 2837 438 2894 turi
469 2839 623 2909 regni
653 2836 771 2906 ejus
803 2835 1129 2900 animemur.
1153 2835 1286 2904 Quis
1307 2836 1451 2892 enim
1479 2847 1588 2894 tam
1619 2839 1854 2898 stolidus
1881 2857 1945 2900 ac

332 2931 587 3000 demens,
631 2931 753 3006 quis
796 2930 878 2986 sic
907 2932 975 2985 ab
1020 2931 1300 2988 intellectu
1340 2947 1453 2988 sua:
1491 2933 1684 2991 salutis
1710 2936 1941 3007 alienus,

332 3026 423 3096 qui
483 3033 564 3080 tot
607 3032 663 3079 et
709 3024 872 3080 tantis
939 3024 1183 3082 veritatis
1255 3025 1578 3088 testimoniis
1633 3028 1946 3096 incredulus

335 3133 445 3177 non
517 3118 782 3175 adversus
845 3133 1050 3176 meram
1130 3119 1289 3178 ﬁdem
1363 3121 1685 3190 obduratum
1761 3135 1946 3196 pectus

2047 1923 2157 1978 quo
2208 1921 2330 1961 eum
2398 1907 2676 1962 cernimus
2711 1949 2728 1976 ,
2765 1907 3015 1964 timorem
3073 1908 3380 1965 dilectionis
3441 1909 3663 1970 Domini

2047 2015 2153 2070 quo
2176 1997 2488 2068 probamur,
2523 1999 2800 2054 credulam
2831 1999 2992 2056 ﬁdem
3026 2002 3223 2056 mentis
3276 2016 3380 2072 qua
3430 1999 3659 2073 justitiat

2052 2092 2394 2164 deputamur.
2428 2091 2580 2148 Hanc
2608 2092 2768 2148 ﬁdem
2825 2095 3001 2165 sequi,
3053 2093 3198 2150 hunc
3254 2095 3350 2150 Dei
3403 2094 3657 2152 timorem

2048 2202 2269 2244 servare
2285 2202 2383 2244 nos
2396 2187 2683 2254 convenit;
2703 2190 2790 2258 qui
2813 2189 3186 2246 custodientes
3203 2191 3369 2247 verba
3392 2188 3659 2258 coelestia,

2048 2290 2103 2336 et
2132 2289 2414 2351 Sperantes
2442 2281 2711 2354 promissa
2737 2281 2940 2350 divina,
2973 2281 3067 2336 ﬁlii
3092 2281 3326 2337 Abrahae
3359 2283 3660 2338 meruimus

2050 2373 2378 2442 nuncupari.
2412 2373 2568 2442 Quod
2613 2373 2845 2445 apostoli
2890 2373 3046 2428 Pauli
3091 2375 3182 2446 qui
3244 2374 3340 2430 Dei
3383 2389 3515 2431 voce
3567 2388 3664 2436 vas

2051 2464 2334 2522 electionis
2373 2474 2456 2520 est
2485 2465 2683 2536 dictus,
2713 2465 3107 2522 contestatione
3145 2465 3392 2522 ﬁrmatur
3429 2467 3663 2526 dicentis

2047 2556 2222 2628 (Gal.,
2258 2573 2336 2626 ut,
2363 2558 2414 2625 6,
2448 2559 2504 2630 7)
2531 2559 2656 2615 :Sic
2680 2559 2940 2614 Abraham
2967 2561 3182 2616 credidit
3213 2561 3342 2628 Deo,
3372 2571 3420 2616 et
3447 2571 3655 2632 accepto

2053 2648 2213 2710 latum
2228 2661 2300 2704 est
2327 2651 2369 2704 ei
2391 2650 2460 2703 ad
2475 2651 2754 2720 justitiam.
2772 2650 3072 2722 Cognoscite
3083 2669 3224 2725 ergo,
3245 2655 3486 2724 quoniam
3499 2655 3584 2726 qui
3600 2669 3664 2710 ex

2052 2742 2158 2814 ﬁde
2178 2752 2319 2808 sunt,
2353 2743 2542 2797 hisunt
2567 2744 2670 2816 ﬁlii
2717 2743 2959 2800 Abrahaa.
3009 2745 3124 2800 Hoc
3150 2745 3406 2802 Judaicus
3438 2747 3671 2818 populus

2052 2834 2137 2888 cui
2167 2852 2195 2886 a
2228 2833 2519 2904 primordio
2549 2835 2682 2906 legis
2715 2837 2918 2891 monita
2949 2836 3330 2906 loquebantur,
3363 2837 3662 2902 incredulas

2052 2926 2249 2982 mentis
2275 2926 2471 2982 duritia
2500 2937 2554 2982 et
2581 2928 2772 3000 perﬁdi
2800 2929 3204 2986 cordisinsania
3222 2947 3441 2988 servare
3462 2931 3657 3008 noluit;

2053 3031 2106 3078 et
2141 3021 2265 3077 ideo
2295 3037 2394 3092 pro
2421 3020 2739 3082 difﬁdentiae
2789 3024 3007 3093 merito,
3041 3024 3272 3081 ﬁliorum
3299 3041 3498 3084 nomen
3529 3026 3664 3086 ami-

2055 3114 2145 3169 sit.
2171 3113 2289 3170 Non
2323 3125 2502 3170 tamen
2532 3117 2773 3170 omnium
2806 3115 3024 3190 perﬁda:
3045 3117 3242 3190 gentis,
3285 3119 3546 3182 adversus
3567 3135 3666 3178 no-

337 3211 626 3268 intellectu
652 3209 898 3267 veritatis
922 3212 1202 3280 emolliat,
1236 3222 1292 3268 et
1325 3214 1563 3272 tenebris
1606 3217 1730 3272 vita:
1771 3233 1944 3288 quon-

2058 3223 2185 3272 men
2220 3206 2454 3276 Domini,
2479 3208 2768 3279 quominus
2799 3209 3165 3282 intelligerent
3194 3211 3499 3280 veritatem,
3533 3211 3660 3272 odio

331 3301 458 3358 dam
490 3302 742 3360 mortalis
770 3312 986 3371 exutus,
1017 3303 1073 3360 in
1111 3303 1313 3364 lumine
1335 3317 1730 3378 princeptorum
1755 3313 1946 3368 cmles-

332 3399 469 3456 tium
500 3397 778 3470 gradiens,
813 3398 880 3454 ad
909 3399 1092 3455 divina
1124 3402 1329 3456 monita
1358 3412 1412 3460 et
1444 3403 1653 3462 Domini
1685 3407 1945 3466 salutaria

329 3494 576 3566 gerenda
624 3493 910 3562 mandata,
957 3493 1258 3549 illuminato
1310 3495 1476 3552 corde
1505 3538 1521 3564 ,
1581 3507 1691 3554 tota
1746 3503 1946 3560 mentis

333 3602 400 3642 ac
451 3585 580 3642 ﬁdei
631 3586 948 3642 credulitate
996 3589 1315 3643 convertat?
1365 3600 1420 3646 ut
1458 3608 1617 3664 quem
1665 3594 1947 3667 pmphette

332 3679 805 3752 prtedicaverunt,
852 3679 1022 3734 Deum
1071 3691 1292 3750 noscat;
1345 3694 1400 3738 ut
1442 3686 1712 3744 Christum
1755 3687 1848 3760 qui
1889 3705 1947 3748 se

332 3773 522 3845 palam
583 3773 793 3830 mundo
849 3773 1067 3828 venisse
1119 3777 1471 3845 monstravit,
1531 3777 1830 3854 intelligat;
1888 3793 1948 3842 ut

333 3869 636 3939 Scripturis
685 3867 942 3923 divinitus
996 3867 1437 3940 testiﬁcantibus,
1495 3873 1588 3928 Dei
1647 3875 1843 3932 Filium
1895 3890 1950 3936 et

340 3963 513 4020 Deum
545 3961 747 4018 credat.
782 3962 933 4020 Sicut
970 3963 1086 4034 ipse
1107 4005 1123 4030 ,
1149 3980 1268 4033 qum
1298 3969 1367 4020 sit
1405 3966 1510 4024 vita
1540 3978 1739 4028 :eterna
1770 3975 1946 4029 mani.

341 4055 500 4111 lestat
529 4053 719 4110 dicens
745 4052 954 4128 (Joan.,
984 4070 1118 4123 xvu,
1139 4055 1196 4128 5)
1225 4074 1236 4110 :
1274 4055 1396 4112 Haec
1423 4070 1496 4114 est
1522 4071 1711 4126 autem,
1731 4065 1826 4133 ait,
1849 4066 1949 4124 vita

343 4156 556 4212 (eterna,
578 4155 631 4201 ut
656 4158 968 4219 cognoscant
997 4157 1043 4202 te
1062 4149 1231 4204 solum
1251 4159 1296 4206 el
1326 4167 1500 4206 verum
1525 4152 1706 4222 Deum,
1731 4166 1776 4210 et
1802 4174 1950 4226 quem

346 4241 526 4294 misisti
568 4237 750 4296 Iesum
792 4239 1049 4296 Christum
1093 4257 1111 4295 :
1160 4240 1363 4299 docens
1411 4254 1573 4316 atque
1625 4249 1946 4318 ostendens,

349 4332 479 4388 nihil
507 4331 652 4388 aliud
680 4347 800 4388 esse
817 4333 992 4388 Deum
1016 4348 1200 4402 nosse,
1227 4352 1385 4405 quam
1413 4338 1661 4408 credere,
1691 4350 1746 4396 et
1766 4350 1952 4404 oculos

351 4429 528 4485 cordis
559 4428 612 4483 in
657 4429 943 4484 Dominum
985 4444 1156 4500 prona
1178 4471 1192 4496 ,
1225 4429 1390 4485 immo
1421 4441 1528 4488 tota
1558 4436 1796 4503 pectoris
1847 4437 1953 4496 ﬁde

351 4531 402 4577 et
427 4521 719 4577 devotione
769 4522 968 4576 mentis
1013 4522 1248 4593 aperire.
1281 4523 1409 4578 Inde
1447 4523 1561 4596 jam
1615 4526 1678 4583 ﬁt
1725 4537 1784 4588 ut
1832 4545 1953 4588 ere-

2053 3301 2319 3357 obdurata
2361 3315 2515 3356 mens
2563 3310 2663 3356 est.
2713 3300 2998 3374 Etiamque
3048 3303 3279 3373 Spiritus
3324 3315 3562 3372 sanctus,
3607 3304 3662 3360 id

2058 3406 2162 3466 est,
2186 3395 2436 3452 Christus
2465 3397 2725 3452 Dominus
2754 3408 2939 3454 noster
2966 3397 3242 3469 profectus
3271 3416 3334 3454 cx
3369 3400 3478 3455 Deo
3502 3398 3662 3464 Patre

2055 3488 2204 3544 venit
2229 3499 2284 3542 ut
2315 3488 2520 3543 salvum
2549 3487 2756 3544 faceret
2809 3490 2952 3560 quod
3007 3491 3244 3559 perierat
3291 3490 3540 3558 lsraclis;
3576 3492 3668 3563 qui

2056 3583 2236 3650 major
2262 3596 2323 3634 ac
2350 3580 2538 3636 fortior
2559 3579 2626 3634 ad
2655 3580 2954 3652 subigenda
2981 3583 3380 3637 contumacium
3435 3583 3572 3639 colla
3599 3583 3658 3640 in

2054 3674 2305 3730 timorem
2335 3675 2416 3729 sui
2445 3674 2680 3729 nominis
2697 3684 2752 3728 et
2780 3684 3130 3744 potestatem,
3155 3691 3251 3731 eos
3279 3675 3369 3748 qui
3397 3675 3660 3733 adversus

2053 3768 2273 3824 luminis
2312 3769 2392 3824 sui
2438 3769 2762 3836 claritatem,
2797 3771 3068 3825 obstinata
3099 3772 3258 3827 etiam
3290 3782 3418 3830 tunc
3464 3774 3664 3830 mentis

2056 3865 2299 3921 caecitate
2324 3863 2610 3932 durabant,
2632 3864 2699 3918 ad
2718 3863 2960 3919 notitiam
2990 3865 3248 3921 claritatis
3276 3867 3528 3937 etgloria:
3547 3882 3660 3930 sua:

2056 3973 2164 4016 tam
2191 3961 2345 4016 facile
2372 3959 2670 4024 convertit;
2729 3975 2889 4030 quam
2921 3969 2979 4015 ut
3009 3975 3198 4016 omnes
3231 3961 3412 4017 salvos
3458 3961 3662 4026 faceret

2053 4053 2394 4126 providentia
2411 4066 2522 4107 sua:
2538 4051 2734 4107 divinae
2757 4053 3140 4108 misericordiae
3161 4052 3412 4124 dignatus
3425 4054 3662 4119 advenit,

2130 4145 2256 4200 Vill.
2288 4143 2420 4199 Nam
2453 4152 2510 4199 ut
2531 4143 2653 4199 duri
2675 4140 2860 4199 cordis
2889 4154 3015 4200 tunc
3045 4154 3101 4199 et
3144 4143 3323 4216 impia:
3374 4146 3546 4217 plebis
3591 4145 3660 4210 ad

2057 4236 2641 4308 Dominimetum,ipso
2666 4237 2894 4292 Domino
2910 4237 3338 4308 evangelizante,
3364 4253 3658 4302 conversas

2057 4341 2269 4388 mentes
2295 4331 2522 4396 sileam;
2579 4339 2638 4384 ut
2682 4328 3076 4400 Apostolorum
3124 4329 3240 4400 ejus
3283 4331 3664 4399 prmdicatioue

2055 4427 2468 4499 multiplicatum
2492 4425 2544 4480 in
2571 4432 2684 4480 toto
2732 4424 2865 4481 orbe
2895 4433 2948 4479 et
2997 4439 3274 4481 reversum
3321 4426 3658 4492 credentium

2057 4526 2315 4600 populum
2346 4523 2740 4578 conticescam:
2769 4517 2899 4574 illud
2929 4517 3250 4590 praeclarum
3279 4529 3442 4592 atque
3463 4536 3662 4583 memo-

351 4615 526 4673 dendo
575 4614 874 4686 intelligas,
899 4614 1271 4688 intelligendo
1300 4616 1444 4688 quod
1481 4617 1661 4676 credis
1687 4663 1702 4694 ,
1749 4623 1948 4681 illumi-
1975 4621 2030 4684 D
2055 4621 2226 4681 rabile
2247 4616 2652 4692 gloriosumque
2695 4611 2909 4669 Jasorus
2963 4611 3175 4668 Hebrzci
3225 4611 3538 4680 Christiani,
3601 4621 3659 4678 et

1758 4739 2199 4800 ANNOTATION
2206 4735 2310 4794 ES.

352 4865 406 4911 et
449 4855 661 4912 duobus
701 4855 820 4910 aliis
852 4871 866 4920 ;
912 4863 1256 4923 praemonente
1300 4854 1353 4909 in
1385 4852 1578 4909 eodem
1621 4854 1808 4911 codice
1833 4899 1849 4920 ,
1883 4874 1950 4914 ex

353 4944 456 4998 quo
481 4930 644 4984 etiam
688 4935 1004 4999 sequentem
1039 4925 1320 4996 periodum
1355 4926 1408 4981 in
1448 4926 1608 4982 editis
1639 4940 1949 5000 corruptam

353 5002 776 5056 emendavimus.

424 5069 620 5129 Factus
671 5082 744 5126 est
774 5072 888 5126 iste.
921 5069 1010 5126 Sic
1057 5067 1266 5141 Remig.
1312 5078 1369 5126 et
1419 5071 1508 5125 alii
1563 5069 1672 5126 duo
1710 5089 1722 5126 :
1757 5074 1950 5144 factum

355 5152 425 5196 est
455 5145 598 5198 istud
627 5144 781 5200 editi.

424 5215 671 5272 Credula.
709 5214 798 5270 Sic
828 5213 1062 5284 Remigq
1093 5213 1241 5280 editi,
1274 5213 1611 5270 credulitatis.

424 5288 620 5342 Cuncta
665 5285 857 5341 stcculi.
891 5286 1061 5356 aliter
1108 5285 1161 5340 in
1218 5285 1448 5353 quodam
1497 5285 1684 5341 codice
1727 5285 1952 5356 Balmii,
1996 5325 2001 5330 ι

355 5373 495 5413 nunc
521 5358 865 5414 bibliotheca:
889 5355 1094 5425 Regius,
1118 5365 1299 5410 cuncta
1324 5357 1512 5411 saecula
1532 5359 1828 5426 caiitplexus
1858 5355 1950 5415 cst.

351 5428 481 5497 Qua:
496 5439 797 5501 sequuntur
819 5428 1100 5501 emendata
1124 5429 1448 5501 auctoritate
1466 5431 1586 5486 cod.
1605 5428 1841 5498 Retnig.,
1869 5431 1953 5486 cui

354 5504 494 5560 alius
519 5499 590 5558 ei
616 5510 766 5572 parte
801 5499 1091 5572 consentit.
1116 5500 1209 5572 Sic
1249 5499 1525 5569 legebatur
1570 5502 1707 5570 apud
1737 5501 1952 5558 Morel.:

352 5589 596 5628 converso
616 5568 854 5646 '(Pamel.
889 5568 1032 5646 ergo)
1055 5570 1123 5622 ad
1154 5587 1265 5646 eum
1295 5568 1474 5626 timore
1502 5568 1769 5630 credamus
1797 5585 1842 5629 et
1888 5575 1956 5632 ad

348 5643 689 5700 wternitatc‘m
717 5645 832 5698 vita:
860 5644 968 5711 spei
1000 5643 1206 5712 {uturi.,
1243 5652 1348 5698 etc.

426 5717 684 5770 Adversus
720 5731 928 5768 meram.
974 5714 1065 5769 Sic
1097 5713 1305 5784 Remig.
1367 5732 1488 5774 cum
1546 5717 1758 5773 duobus
1811 5717 1952 5782 aliis,

347 5804 584 5862 quorum
629 5787 784 5862 alter
835 5787 1002 5862 habet
1037 5791 1285 5862 adversus
1334 5802 1506 5844 veram
1554 5790 1751 5858 ﬁdem;
1801 5789 1952 5856 editi,

347 5856 596 5915 adversus
621 5857 675 5912 in
703 5872 894 5912 meram
922 5857 1006 5914 vel
1031 5856 1084 5910 in
1116 5872 1305 5912 veram.

2127 4856 2275 4911 Tota.
2304 4850 2514 4918 Remig.
2543 4857 2598 4903 et
2650 4845 2808 4918 alius,
2845 4855 2968 4909 toto,
3015 4843 3464 4918 videlicetcorde
3515 4854 3657 4905 toto.

2055 4930 2221 4986 Paulo
2245 4935 2387 4996 post,
2405 4916 2519 4992 qua:
2535 4921 2600 4996 s_it
2618 4919 2720 4996 vita
2740 4917 2980 4996 :Remig.
2993 4959 3006 4982 ,
3021 4919 3107 4986 qui
3123 4918 3221 4981 sit;
3244 4916 3402 4996 alius,
3417 4918 3541 4988 quid
3561 4921 3652 4996 sit.

2127 4999 2192 5055 Et
2211 4989 2493 5052 devotione.
2552 4990 2610 5045 In
2646 4992 2745 5043 bac
2803 4990 3087 5044 verborum
3115 4989 3494 5058 complexione
3516 4989 3647 5050 etin

2056 5068 2406 5143 sequentibus
2431 5063 2673 5143 codicem
2704 5061 2915 5143 lietitig.
2956 5071 3206 5143 accurate
3262 5061 3656 5143 Set’ltlill.ll.ll‘,.ac

2058 5131 2224 5198 mtilta
2253 5137 2639 5199 ernendamus;
2669 5132 2814 5188 velut
2852 5131 2996 5203 quod
3027 5132 3218 5186 vitiose
3265 5133 3318 5188 in
3372 5132 3533 5187 editis
3575 5134 3654 5189 le-

2055 5217 2302 5287 gebatur,
2333 5220 2438 5287 tota
2455 5205 2672 5287 pectoris
2703 5204 2805 5287 ﬁde
2825 5203 3016 5286 devota:
3037 5204 3252 5287 mentis:
3274 5215 3458 5287 etnon
3481 5206 3654 5263 multo

2060 5274 2202 5359 post,
2238 5274 2428 5339 Christi
2455 5274 2635 5359 iumen
2661 5285 2823 5346 parta:
2841 5274 3158 5359 iam'salutis
3185 5276 3420 5359 aspiciat.

2144 5345 2406 5412 Videlicet.
2441 5345 2763 5407 Addidimus
2827 5360 2892 5400 ex
2951 5345 3162 5416 Remig.
3195 5345 3362 5402 Paulo
3411 5360 3533 5418 post
3583 5362 3652 5406 ex

2057 5429 2272 5494 eodem,
2303 5442 2402 5494 quo
2429 5438 2543 5476 eum
2570 5419 2840 5494 cernimus,
2877 5431 2973 5488 pro
2988 5431 3054 5473 eo
3080 5419 3220 5490 quod
3243 5429 3360 5474 erat
3395 5417 3447 5474 in
3473 5417 3653 5490 editis,

2057 5520 2156 5575 quo
2187 5490 2395 5575 quidem
2421 5496 2530 5567 ejus
2557 5490 2827 5575 cernimus.

2130 5559 2348 5641 Ac'cepto
2378 5559 2537 5641 latum
2564 5574 2656 5641 est.
2689 5559 3260 5641 blandatoreputatum
3287 5569 3360 5618 est
3382 5560 3590 5636 Remig.

2139 5632 2427 5700 Obditrata.
2457 5637 2547 5693 Sic
2575 5633 2810 5702 Retnig.;
2830 5632 3220 5696 editi,tdurata.

2139 5716 2615 5786 Spit‘ilﬂﬂﬂlﬂfltts.
2648 5703 2834 5786 Aliter.
2869 5704 2922 5758 in
2980 5704 3188 5775 Remig.
3210 5703 3503 5786 ,_Dom_inus
3525 5707 3659 5763 enim

2064 5775 2317 5850 Christus,
2351 5780 2444 5835 Dei
2464 5777 2652 5850 Filius,
2677 5775 2932 5850 Dominus
2953 5787 3141 5844 noster,
3159 5779 3247 5848 qui
3272 5778 3552 5849 profectus.

2136 5847 2405 5928 Dignatus.
2436 5850 2509 5906 Ac
2533 5849 2826 5918 dignatione
2857 5847 3066 5918 Remig.
