4104 6368
511 295 578 352 35
1225 303 1419 361 CELSI
1458 304 1685 360 Pii/EF.
1725 303 1810 362 DE
1849 307 1992 364 JUD.
2041 308 2408 367 INCREDUL.
2452 310 2544 366 AD
2585 309 2896 369 VIGILIUM
2935 313 3042 368 ΕΡ.
3739 315 3806 367 r'iG

2275 425 2360 479 IX.
2381 425 2540 480 Certe
2559 441 2718 496 quam
2767 426 2894 481 mihi
2947 426 3063 480 lieta
3108 426 3219 492 illa,
3267 441 3428 497 quam
3482 429 3806 499 ex0ptabi|is

2212 518 2330 573 dies
2357 528 2460 584 est,
2491 535 2613 573 cum
2652 518 3025 588 misericordia
3059 519 3270 574 Domini
3298 535 3361 575 ac
3408 520 3593 575 favore
3621 535 3808 576 accer»

2207 613 2401 668 sitione
2431 613 2616 682 dilata,
2649 621 2922 670 senectam
2951 615 3108 668 istam
3152 629 3325 668 meam
3357 613 3600 683 proferre
3629 615 3810 670 conti-

2204 707 2341 775 gerit
2365 722 2379 770 ;
2415 715 2470 760 ut
2493 715 2548 761 et
2575 707 2910 762 orationibus
2936 716 3246 762 sanctorum
3274 707 3518 776 impense
3544 707 3810 778 etjugiter

2207 797 2610 866 deprecantium
2648 799 2934 854 Dominum
2973 798 3228 870 conjungi
3276 814 3514 866 merear,
3535 799 3808 854 utChristi

2204 903 2493 963 martyrem
2549 892 2794 960 videam,
2855 903 2913 948 ut
2957 909 3216 948 coronam
3269 893 3494 963 justitize
3547 909 3666 964 qua:
3714 893 3809 948 libi

2203 997 2366 1050 penes
2405 977 2690 1038 Dominum
2732 985 2978 1055 deposita
3021 995 3127 1053 est,
3186 997 3403 1056 portare
3444 985 3805 1056 conspiciam.

2201 1075 2317 1132 Non
2340 1087 2518 1132 autem
2551 1080 2830 1150 putaveris
2863 1080 3108 1152 martyrii
3162 1080 3278 1146 libi,
3337 1080 3635 1135 secundum
3668 1097 3808 1152 pra:-

2198 1183 2325 1224 sens
2360 1182 2542 1225 votum
2597 1171 2744 1235 fidei,
2776 1173 3002 1244 gloriam
3031 1173 3214 1229 tribui.
3244 1173 3398 1230 Tunc
3427 1175 3551 1230 inde
3581 1173 3810 1232 felicita-

2197 1262 2264 1315 tis
2294 1262 2453 1332 hujus
2479 1263 2674 1318 collata
2705 1264 2946 1333 dignatio
2973 1276 3087 1331 est;
3121 1275 3247 1319 tunc
3277 1265 3486 1335 judicio
3513 1266 3662 1337 justo
3699 1271 3806 1323 Do-

2197 1355 2375 1409 minus
2404 1356 2565 1425 elegit
2583 1355 2910 1411 destinatum
2933 1369 3246 1430 martyrem,
3268 1375 3390 1413 cum
3422 1369 3472 1415 te
3491 1371 3803 1431 exemptum

2196 1450 2263 1506 de
2279 1451 2540 1520 jttstorum
2561 1467 2726 1522 grege
2753 1462 2915 1523 atque
2937 1464 3273 1523 assumptum
3296 1453 3398 1508 sibi
3429 1452 3498 1510 de
3524 1455 3804 1524 inopinato

2194 1544 2474 1598 constituit
2517 1544 2672 1598 altari
2703 1559 2803 1600 suo
2851 1545 3216 1600 sacerdotem.
3277 1545 3548 1600 Praeclara
3577 1561 3802 1616 prorsus

490 1646 602 1690 tum
630 1635 902 1700 Latinum,
938 1638 1211 1693 animante
1237 1640 1328 1694 Dei
1353 1654 1454 1710 ope
1477 1650 1529 1694 et
1572 1639 1809 1709 juvantis
1849 1639 1974 1694 fidei
2000 1638 2090 1693 tir-
2194 1647 2248 1693 et
2275 1639 2509 1710 gloriosa
2526 1639 2827 1694 vocationis
2851 1640 3070 1706 electio,
3089 1639 3226 1694 etde
3251 1639 3460 1693 Domini
3487 1638 3800 1710 dignatione

488 1731 695 1796 mitate,
751 1742 962 1787 servata
1006 1733 1297 1788 verborum
1353 1734 1686 1804 proprietate
1717 1775 1731 1798 ,
1781 1732 2087 1802 intrepidus
2193 1745 2330 1785 nova
2365 1742 2528 1802 atque
2555 1733 2794 1786 inaudita
2823 1742 2878 1787 et
2927 1732 3060 1786 mira
3093 1730 3355 1788 felicitas:
3421 1733 3798 1788 transmarina:

481 1825 724 1891 accessi;
753 1834 809 1880 et
854 1825 938 1880 his
983 1827 1072 1895 qui
1121 1826 1189 1880 ab
1229 1826 1503 1880 intellectu
1541 1825 1744 1881 Graaca:
1796 1824 2086 1880 docilitatis
2117 1829 2164 1888 Β
2192 1824 2644 1893 peregrinationis
2684 1824 3098 1878 necessitatibus
3128 1832 3474 1912 occupatum,
3505 1822 3573 1877 ad
3623 1822 3793 1878 desti-

507 417 717 474 ΡΑριεει
752 419 1103 476 Alexandrini
1161 422 1331 476 .Iudtci
1373 422 1781 492 disceptationis
1824 425 2089 493 occurrit;
2122 430 2177 487 Α

503 509 708 568 Judaici
733 513 912 569 cordis
939 516 1264 569 obstinatam
1319 515 1597 579 duritiam,
1653 517 1804 572 brevi
1860 518 2106 574 admoni—

507 606 653 662 tione
675 623 738 663 ac
761 609 868 665 leni
899 610 1268 680 increpatione
1315 609 1611 677 mollitam;
1654 621 1708 666 et
1734 611 2008 667 victricem
2049 613 2101 667 in

502 698 716 769 Papisci
765 702 926 756 corde
956 701 1170 757 Jasonis
1221 701 1289 756 de
1339 703 1572 771 Spiritus
1616 704 1786 758 sancti
1839 703 2102 759 infusione

503 791 838 848 doctrinam:
887 810 990 864 qua
1047 796 1304 865 Papiscus
1354 796 1418 850 ad
1472 796 1805 850 intellectura
1860 797 2101 852 veritatis

499 885 788 949 admissus,
821 897 874 940 et
899 886 965 940 ad
1000 889 1245 942 timorem
1280 889 1512 954 Domini,
1545 891 1659 958 ipso
1685 890 1908 943 Domino
1936 891 2098 945 mise-

501 985 675 1043 tante,
711 976 997 1044 formatus,
1032 990 1084 1034 et
1109 979 1291 1035 Jesutn
1324 979 1596 1036 Christum
1629 981 1820 1035 Filium
1854 982 1945 1037 Dei
1979 997 2096 1037 cre-

495 1068 651 1133 didit,
684 1079 738 1124 et
768 1080 824 1124 ut
853 1071 1189 1142 signaculum
1212 1075 1810 1145 sumeretdeprecatus,
1842 1076 2094 1131 Jasonem

497 1164 805 1232 postulavit.
837 1164 1036 1219 Probat
1060 1165 1162 1220 hoc
1187 1167 1451 1236 scriptura
1485 1169 1906 1224 concertationis
1952 1169 2096 1239 ipso-

493 1272 639 1331 rum,
673 1275 792 1328 qua:
838 1259 1205 1315 collidentium
1231 1263 1370 1316 inter
1401 1278 1480 1328 se,
1520 1263 1729 1332 Papisci
1757 1263 2095 1319 adversantis

493 1354 728 1420 veritati,
763 1362 816 1409 et
838 1353 1052 1409 Jasonis
1078 1357 1372 1412 asserentis
1403 1366 1456 1413 et
1487 1357 1828 1422 vindieantis,
1857 1357 2090 1427 disposi-

487 1445 689 1501 tionem
746 1458 798 1501 et
846 1449 1234 1518 plenitudinem
1305 1449 1528 1514 Christi,
1590 1451 1760 1507 Graeci
1827 1452 2093 1506 sermonis

489 1554 654 1610 opere.
677 1542 881 1612 signata
908 1552 1022 1597 est:
1047 1543 1113 1598 ad
1146 1544 1299 1613 cujus
1323 1545 1728 1599 translationem
1752 1545 1816 1598 ad
1845 1545 2090 1600 intellec-

479 1918 808 1986 alienisunt,
841 1919 1188 1991 interpretata
1217 1919 1422 1991 integra
1454 1932 1505 1976 et
1537 1919 1930 1989 significatione
1958 1932 2082 1973 ver-

483 2009 694 2078 borum,
730 2021 784 2066 et
811 2011 1114 2067 intellectus
1143 2014 1322 2067 omnis
1370 2027 1433 2067 ac
1478 2012 1722 2067 veritatis
1771 2010 2082 2066 manifesta-

483 2104 629 2158 tione
653 2103 942 2173 patefacta,
976 2104 1206 2160 Romani
1237 2105 1507 2162 sermonis
1555 2105 1765 2159 ratione
1811 2105 2074 2171 discussa,

475 2193 726 2250 disserui.
751 2194 918 2267 Cujus
947 2198 1145 2252 laboris
1178 2198 1551 2268 probationem
1582 2197 1698 2265 tibi,
1729 2196 2075 2262 charissime,

470 2293 564 2360 qui
592 2291 868 2362 utriusque
895 2293 1092 2362 linguae
1147 2293 1504 2348 instructione
1554 2291 1807 2348 fundatus
1833 2307 1916 2359 es,
1971 2293 2074 2347 im-

469 2397 636 2452 pensa
667 2385 923 2454 petitione
939 2384 1247 2441 committo:
1277 2395 1334 2441 ut
1350 2387 1439 2457 qui
1465 2387 1636 2441 sancti
1663 2386 1894 2456 Spiritus
1911 2399 2079 2441 vene-

465 2477 680 2532 ratione
711 2477 1045 2533 verecundus
1073 2493 1152 2541 es,
1200 2480 1396 2533 collata
1427 2477 1708 2548 utriusque
1736 2477 1916 2546 operis
1961 2477 2072 2531 lec-

465 2570 635 2636 tione,
668 2571 946 2626 audaciam
982 2572 1300 2627 verecunda:
1349 2573 1672 2627 temeritatis
1700 2572 1994 2642 explores;
2020 2579 2076 2627 et

471 2665 722 2719 examine
747 2665 935 2734 jndicii
966 2665 1062 2729 tui,
1093 2681 1213 2736 quae
1233 2665 1408 2720 minus
1432 2682 1461 2719 a
1484 2665 1640 2720 nobis
1665 2665 1748 2720 vel
1777 2665 2074 2735 imprOprie

467 2755 608 2810 forte
631 2757 836 2827 digesta
867 2768 1011 2820 sunt,
1045 2760 1366 2814 auctoritate
1413 2759 1647 2829 Spiritus
1691 2759 1864 2814 sancti
1895 2759 1985 2827 qui
2018 2759 2072 2814 in

465 2856 657 2917 pectus
716 2857 865 2903 tuum
919 2849 1269 2905 inundatione
1310 2851 1500 2922 gratia:
1541 2851 1778 2906 ccelestis
1837 2849 2068 2918 influxit,

467 2940 794 3008 comprobes
823 2951 876 2996 et
901 2943 1195 3008 emendes;
1228 2945 1404 3016 sitque
1425 2946 1490 2999 ad
1527 2954 1576 3000 te
1605 2945 1674 3001 de
1702 2945 1804 3001 ista
1837 2946 2072 3002 lectione

465 3032 534 3087 ab
563 3033 862 3089 humi!itate
896 3046 1077 3091 nostra
1111 3038 1358 3093 mandata
1392 3038 1611 3110 legatio,
1640 3049 1694 3093 et
1747 3039 2068 3094 insinuanda

465 3128 560 3184 tibi
597 3130 646 3184 in
678 3145 773 3185 nos
806 3131 978 3201 prima
1021 3131 1326 3187 dilectionis
1359 3133 1585 3203 petitio;
1637 3142 1695 3187 ut
1747 3133 2063 3203 parvitatem

2185 1925 2370 1968 natum
2400 1915 2491 1969 tibi
2521 1931 2735 1981 munus,
2767 1916 3010 1986 ignarum
3040 1931 3104 1971 ac
3145 1916 3388 1971 nescium
3436 1925 3665 1986 repente
3697 1931 3793 1972 ve-

2184 2007 2362 2063 nisse:
2391 2018 2554 2079 atque
2585 2009 2655 2063 ita
2688 2023 2970 2078 regressus
2998 2009 3075 2063 tui
3108 2018 3319 2079 tempus
3347 2008 3413 2064 ad
3446 2009 3550 2064 hoc
3573 2023 3696 2066 esse
3723 2009 3791 2064 li-

2184 2101 2394 2156 bratnm
2419 2145 2434 2169 ,
2483 2113 2542 2158 ut
2594 2103 2855 2174 inspirata
2888 2103 3169 2159 celeritate
3214 2103 3483 2170 veniendi,
3521 2105 3790 2176 intellige-

2180 2211 2269 2252 res
2322 2206 2484 2267 atque
2532 2195 2881 2268 dignosceres
2931 2198 3190 2253 honorem
3221 2195 3507 2251 sacerdotii
3549 2197 3786 2252 cmlestis

2181 2289 2324 2346 inter
2359 2298 2586 2346 etcteros
2617 2290 2712 2346 tibi
2767 2291 3105 2359 potissimum
3159 2289 3510 2356 destinatum,
3544 2301 3599 2346 et
3639 2290 3783 2360 quod

2173 2381 2421 2451 jussione
2451 2382 2666 2437 Domini
2681 2392 3026 2453 exspectatus
3038 2384 3252 2439 venires
3268 2393 3428 2454 atque
3442 2399 3779 2454 occurreres,

2177 2483 2544 2529 reservatum.
2573 2473 2642 2529 Ut
2670 2475 2812 2528 enim
2845 2475 3106 2530 Ecclesiae
3129 2490 3243 2530 suae
3272 2475 3532 2532 Dominus
3549 2485 3656 2532 tota
3680 2477 3779 2532 mi-

2176 2567 2462 2621 serationis
2536 2569 2736 2638 pietate
2798 2569 3152 2634 consuleret,
3223 2569 3533 2624 dimicantis
3607 2571 3778 2640 plebis

2178 2673 2351 2725 mora,
2380 2674 2538 2729 quem
2564 2661 2743 2728 potius
2771 2660 3002 2731 eligeret
3043 2662 3385 2732 episcopum,
3419 2672 3468 2718 te
3513 2664 3777 2734 quaerenti

2175 2752 2375 2822 populo
2393 2768 2491 2807 suo
2531 2751 2781 2808 Christus
2813 2754 3150 2824 inopinatum
3197 2765 3420 2824 repente
3470 2755 3691 2822 obtulit,
3720 2765 3777 2812 et

2173 2845 2553 2914 complacitum
2581 2845 2683 2901 sibi
2723 2846 2960 2902 caelestis
2988 2847 3340 2917 providentia,
3377 2849 3658 2905 manifeste
3679 2849 3775 2906 ad-

2172 2947 2366 2994 ventus
2391 2939 2462 2994 tui
2495 2940 2784 3010 improvisa
2808 2941 3124 2996 occursione
3154 2944 3504 2998 monstravit:
3529 2953 3584 2998 et
3609 2942 3776 2998 docu-

2172 3040 2412 3086 mentum
2460 3034 2722 3103 repentini
2771 3050 2833 3089 ac
2874 3035 3112 3104 pernicis
3155 3051 3413 3092 occursus
3439 3079 3452 3102 ,
3513 3054 3774 3108 procura-

2171 3125 2372 3180 tionem
2397 3126 2490 3181 Dei
2519 3127 2807 3182 voluntatis
2835 3127 3102 3194 ostendit;
3133 3139 3190 3183 ιιι
3213 3130 3357 3200 quod
3384 3129 3587 3186 difficili
3617 3147 3774 3203 expe-

462 3221 590 3278 ﬁdei
618 3239 773 3290 meae,
829 3241 952 3281 eum
999 3225 1386 3298 discipulorum
1437 3236 1648 3281 tuorum
1706 3227 2066 3283 instructione
2095 3215 2140 3279 C
2171 3218 2652 3290 ditionepotuisset
2672 3237 2982 3291 occurrere,
3002 3223 3447 3281 faciliceleritate
3469 3225 3773 3297 perfectum

458 3329 625 3389 atque
640 3321 946 3377 eruditione
974 3323 1304 3394 conjungas;
1329 3332 1384 3378 et
1414 3338 1673 3393 mequem
1705 3324 1756 3378 in
1788 3323 1892 3376 alia
1913 3331 2068 3394 parte

459 3406 621 3480 hujus
649 3412 941 3480 provincia:
969 3415 1323 3468 constitutum
1359 3424 1580 3484 propter
1601 3414 1860 3470 visendos
1888 3415 2065 3472 vultus

454 3514 580 3559 tuos
605 3523 712 3562 non
743 3508 950 3564 itineris
975 3509 1340 3581 longinquitas
1367 3510 1584 3575 terruit,
1619 3525 1718 3564 nec
1758 3511 1971 3565 senium
2002 3525 2065 3566 ac

458 3596 745 3653 difficultas
780 3598 982 3671 fatigati
1024 3619 1086 3656 ac
1134 3602 1259 3657 fessi
1284 3601 1394 3672 jam
1444 3603 1690 3674 corporis
1738 3602 2057 3668 retardavit,

457 3694 554 3749 sed
584 3697 858 3750 animante
899 3696 1156 3751 famulatu
1185 3698 1422 3763 Domini,
1467 3706 1520 3751 et
1551 3708 1778 3769 urgente
1807 3697 2060 3754 festinata

455 3785 753 3854 cupiditate
797 3788 1142 3857 properandi,
1199 3798 1506 3857 contempta
1537 3804 1753 3859 quoque
1780 3789 1926 3842 omni
1957 3789 2057 3842 tri-

451 3879 728 3937 bulatione
777 3882 970 3951 inopiae
999 3892 1160 3953 atque
1211 3883 1472 3952 penuria‘,
1507 3892 1942 3954 quantacumque
1973 3885 2054 3938 vi-

451 3969 592 4025 rium
623 3971 874 4026 facultate
915 3973 1169 4028 veniendi
1193 3974 1562 4028 sanctimonim
1585 3983 1692 4027 ture
1710 3973 2058 4030 celebrishnc

444 4061 591 4117 fama
621 4065 889 4134 perduxit,
931 4065 996 4119 ad
1031 4067 1330 4135 proximam
1359 4066 1665 4121 dilectionis
1695 4077 1799 4121 tuae
1821 4069 2059 4123 charita-

454 4166 566 4214 tem
594 4173 714 4213 cum
732 4161 1084 4216 unanimitate
1107 4160 1459 4215 fraternitatis
1488 4160 1772 4226 admittas;
1808 4171 1861 4217 et
1883 4165 2054 4219 amori

449 4259 546 4307 tuo
567 4267 726 4324 quem
756 4253 1035 4323 discipulis
1082 4254 1195 4309 suis
1228 4255 1487 4308 Dominus
1539 4254 1867 4310 haereditth
1893 4256 2048 4311 titulo

446 4343 690 4414 reliquit,
719 4344 1012 4414 conjungas
1045 4346 1244 4414 pariter
1269 4355 1323 4401 et
1353 4347 1662 4410 adsciscas;
1693 4358 1747 4401 ut
1769 4359 2051 4419 expectem

446 4437 652 4508 pariter
679 4453 797 4490 cum
820 4437 1072 4492 fratribus
1091 4439 1142 4492 in
1174 4440 1456 4508 apertione
1474 4439 1583 4492 oris
1611 4440 1682 4493 tui
1708 4441 2050 4508 splendorem

439 4529 629 4601 gratia:
648 4528 863 4582 luminis
880 4527 1097 4584 Christi.
1129 4529 1207 4584 Tu
1235 4532 1376 4584 enim
1396 4531 1638 4600 sequeris
1666 4531 1715 4584 in
1740 4533 2051 4589 tractatibus

2169 3313 2494 3384 siturgentis
2513 3315 2722 3368 Domini
2744 3317 3022 3384 jussione;
3055 3325 3110 3370 et
3139 3327 3194 3371 ut
3214 3317 3362 3388 prius
3382 3329 3431 3372 te
3454 3320 3505 3373 in
3527 3319 3772 3375 Ecclesia

2169 3406 2263 3462 Dei
2295 3409 2607 3478 episcopum
2639 3417 2783 3463 stare
2811 3410 3159 3480 conspiceres
3205 3420 3260 3466 et
3303 3421 3575 3482 stuperes,
3605 3428 3768 3484 quam

2165 3500 2378 3555 venisse
2414 3499 2828 3570 dignoscereris.

2237 3595 2304 3650 X.
2335 3595 2464 3651 Inde
2480 3597 2825 3652 dilectionem
2851 3596 2962 3666 jam
2990 3606 3166 3652 tecum
3193 3614 3346 3653 suam
3379 3599 3766 3656 Dominusini~

2168 3689 2294 3744 tiata
2317 3690 2583 3746 charitate
2609 3691 2873 3755 firmavit;
2898 3692 3024 3748 inde
3052 3693 3344 3749 amicitiam
3372 3705 3570 3760 tecum,
3603 3713 3764 3768 quam

2161 3781 2442 3853 discipulis
2491 3785 2602 3840 suis
2637 3785 2737 3839 sub
2767 3785 3042 3855 triumpho
3068 3787 3245 3841 crucis
3278 3804 3389 3842 sure
3422 3790 3641 3844 tradidit
3663 3789 3762 3846 de-

2161 3875 2484 3946 dicavitque,
2544 3877 2728 3932 dicens
2771 3876 2948 3948 (Joan.
2991 3894 3082 3943 xv,
3120 3880 3208 3950 ’14)
3246 3899 3257 3932 :
3294 3881 3355 3935 Si
3396 3883 3620 3951 feceritis
3647 3901 3763 3954 qua:

2159 3969 2348 4022 mando
2377 3968 2534 4033 vobis,
2551 3969 2665 4040 jam
2691 3987 2791 4024 non
2809 3970 2924 4025 dico
2939 3986 3025 4024 vos
3047 3988 3237 4036 servos,
3264 3973 3354 4027 sed
3377 3975 3604 4040 amicos;
3633 3976 3758 4031 inde

2161 4063 2514 4136 martyrium,
2578 4063 2702 4119 inde
2765 4064 3052 4119 sacerdotii
3114 4067 3435 4122 electionem
3503 4069 3756 4139 signavit.

2159 4155 2346 4227 Magna
2373 4156 2605 4210 amicitia
2635 4166 2738 4222 est,
2771 4172 2867 4226 per
2918 4172 3078 4226 quam
3105 4157 3171 4212 ad
3207 4156 3405 4212 Christi
3449 4161 3633 4215 vultus
3658 4161 3757 4215 ad-

2158 4250 2412 4316 mitteris,
2447 4249 2872 4305 extraordinaria
2907 4251 3082 4306 hostia
3112 4255 3421 4323 pervenire.
3450 4254 3758 4325 Siceligtm-

2158 4353 2246 4400 tur
2281 4345 2432 4415 justi,
2505 4344 2585 4399 sic
2630 4344 2927 4415 probantur
2975 4346 3208 4416 religiosi
3258 4362 3320 4401 ac
3373 4347 3644 4417 simplices
3703 4352 3755 4404 in

2156 4437 2355 4492 Christi
2387 4437 2578 4490 timore
2601 4437 2755 4492 electi
2779 4453 2792 4500 ;
2813 4447 2863 4490 ut
2892 4446 3018 4492 ante
3039 4439 3462 4493 remunerationi
3492 4440 3610 4496 fidei
3641 4441 3758 4497 des-

2157 4529 2370 4597 tineris,
2401 4537 2527 4584 ante
2558 4529 2780 4598 praemio
2805 4529 3020 4584 devota:
3039 4533 3230 4596 menti,
3248 4532 3299 4585 in
3320 4533 3546 4586 Domino
3560 4533 3753 4604 dignus

440 4624 550 4678 tuis
569 4623 745 4677 lumen
769 4624 914 4690 vitae,
931 4625 1072 4694 quod
1096 4626 1623 4698 Dominusjostendit.
1644 4630 1784 4698 quod
1800 4629 2048 4686 Christus
2076 4611 2129 4672 D
2157 4623 2426 4689 habearis.
2458 4637 2618 4694 quam
2661 4622 2862 4676 νθηϐτίι
2900 4621 3030 4676 hora
3053 4622 3276 4690 decreti.
3296 4627 3454 4694 qutun
3474 4628 3755 4696 exceperis

441 4717 742 4773 adveniens
793 4726 1047 4773 aeternam
1099 4735 1159 4775 se
1185 4734 1305 4775 esse
1333 4721 1494 4775 vitam
1528 4723 1863 4777 monstravit.

2156 4717 2476 4775 sententiam
2505 4716 2726 4786 Christi,
2759 4715 3038 4786 probatam
3069 4725 3119 4772 te
3143 4727 3197 4773 et
3228 4728 3469 4788 paratam
3519 4719 3751 4774 hostiam

1832 4813 2384 4873 ANNOTATIONES.

513 4928 664 4983 Brevi
691 4927 1055 4982 admonitione.
1077 4927 1168 4984 Sic
1182 4927 1416 5001 Remig;
1448 4929 1598 4995 editi,
1626 4930 1841 4985 llebrtea
1861 4932 2040 4986 admo-

439 5000 651 5055 nitione.

514 5070 668 5125 Fidei
701 5071 938 5134 iuvantis.
961 5073 1050 5128 Sic
1077 5073 1283 5140 Remig.
1313 5081 1368 5126 et
1394 5073 1964 5139 alius;editi,viventis.

515 5143 810 5196 Fumulutu.
828 5144 918 5198 Sic
947 5145 1178 5214 Rcmig.;
1205 5143 1356 5209 editi,
1381 5145 1665 5198 stimulum.

519 5215 920 5286 Adj'proatimam.
941 5217 1031 5272 Sic
1054 5216 1226 5280 idem;
1253 5213 1403 5281 editi,
1438 5215 1504 5268 ad
1521 5216 1841 5286 permixtam.
1874 5216 2036 5273 Paulo

442 5297 565 5355 post
587 5302 653 5340 ex
693 5285 882 5339 eodem
907 5287 1133 5357 legimus
1163 5298 1214 5340 ut
1237 5285 1536 5354 exspectem,
1573 5303 1668 5355 pro
1699 5303 1765 5342 eo
1793 5287 1934 5357 quod
1953 5298 2036 5344 est

441 5361 497 5412 in
528 5357 686 5411 editis
716 5366 979 5426 expertum
1005 5375 1018 5419 ;
1047 5369 1100 5412 et
1125 5369 1178 5411 tu
1200 5359 1332 5413 enim
1360 5360 1581 5428 sequeris
1611 5375 1707 5428 pro
1734 5376 1955 5430 sequar;
1985 5371 2039 5416 et

437 5431 595 5482 vitam
623 5446 675 5481 se
704 5445 809 5480 esse
839 5444 935 5496 pro
966 5429 1116 5482 vitam
1139 5446 1264 5483 esse.

507 5499 859 5574 Misericordia
883 5497 1090 5574 Doniini
1117 5517 1175 5554 ac
1197 5505 1389 5573 favore.
1410 5500 1500 5557 Sic
1518 5501 1750 5574 Remig;
1767 5503 1916 5572 editi,
1942 5505 2036 5558 mi-

432 5573 722 5641 sericordia?
745 5569 949 5622 Domini
966 5574 1157 5641 favore.

504 5640 763 5709 Conjunqi
812 5640 1028 5706 merear,
1053 5653 1127 5696 ut.
1153 5642 1278 5699 limo
1303 5645 1482 5700 addita
1505 5659 1570 5700 ex
1601 5645 1792 5701 eodem
1819 5645 2025 5700 codice.

508 5713 677 5766 Fidei.
704 5712 840 5769 Editi
871 5713 1076 5768 addunt
1106 5725 1322 5778 nostrae;
1352 5717 1567 5784 quidam
1616 5716 1831 5772 codices
1863 5733 2016 5783 mss.,

428 5795 917 5862 vestrterneutrutn
948 5787 1008 5862 ἰιιΔ
1034 5785 1242 5862 Remig.
1274 5787 1439 5846 Paulo
1480 5799 1622 5860 post,
1652 5789 1714 5845 de
1754 5789 2020 5862 inapinato

427 5857 481 5915 in
511 5858 718 5931 Remig.
744 5868 798 5916 ct
826 5858 950 5916 aliis
976 5857 1210 5917 duobus.

2225 4929 2388 4984 Altari
2409 4944 2519 4982 suo.
2541 4927 2630 4984 Sic
2656 4927 2893 4998 Remig.;
2923 4927 3077 4983 deest
3103 4944 3193 4982 suo
3220 4929 3270 4983 in
3297 4929 3474 4987 editis.

2222 4999 2505 5074 inspirata.
2537 4999 2859 5074 Sicﬁemig.
2887 5009 2951 5074 et
2973 5000 3235 5074 Sorhon;
3265 5002 3418 5067 editi,
3464 5005 3741 5074 insperata.

2221 5072 2570 5144 Reservatvm.
2617 5070 2701 5144 Ut
2744 5074 2898 5124 enim.
2927 5071 3018 5126 Sic
3052 5071 3260 5141 Remig.
3290 5083 3346 5128 et
3375 5075 3462 5128 alii
3495 5070 3639 5144 tres;
3668 5095 3748 5134 re-

2145 5155 2372 5200 servatus
2396 5155 2446 5196 ut
2480 5143 2531 5198 in
2562 5142 2742 5198 editis.

2213 5215 2520 5270 Dimicantis
2552 5213 2731 5286 plebis.
2768 5213 3001 5284 Remig.;
3027 5214 3369 5270 dimicationis
3397 5217 3552 5272 editi.

2214 5287 2464 5361 Bernicia.
2510 5285 2720 5361 B’emig.
2752 5300 2873 5361 eum
2897 5295 3126 5361 quatuor
3151 5287 3305 5361 aliis;
3333 5291 3567 5361 perennis
3591 5292 3743 5349 editi.

2219 5358 2476 5429 Urgentis.
2509 5357 2584 5412 Ita
2614 5357 2823 5430 llemig
2848 5372 2970 5411 cum
2997 5357 3570 5430 tribttsaliisfurgente
3587 5364 3738 5419 editi.

2219 5427 2625 5502 Dignosrereris.
2638 5428 2737 5502 Sic
2759 5429 2999 5502 Remigq
3031 5427 3181 5493 editi,
3198 5427 3544 5502 dignocheris.

2216 5500 2323 5559 Sn'b
2341 5501 2716 5571 triump/to.Sic
2729 5500 2945 5555 codices
2964 5514 3093 5554 mss.
3117 5511 3171 5555 et
3192 5500 3404 5570 διογειά
3425 5521 3539 5558 cum
3557 5506 3741 5560 trium-

2141 5574 2246 5643 plto
2281 5574 2487 5629 Pamel.

2213 5644 2602 5720 Magnasllanc
2644 5657 2829 5720 vocem
2849 5642 3097 5720 addimus
3114 5661 3180 5701 ex
3209 5646 3328 5702 cod.
3354 5647 3560 5720 Remig.
3588 5649 3737 5706 Idem

2136 5730 2258 5790 cum
2289 5719 2396 5790 alio
2428 5716 2588 5790 habet
2616 5716 2904 5790 pervenire;
2929 5717 3079 5790 editi,
3113 5721 3360 5790 pervenis.

2204 5788 2273 5844 In
2294 5789 2484 5846 Christi
2544 5789 2740 5844 timore.
2789 5786 2880 5845 Sic
2920 5786 3136 5848 codices
3181 5805 3335 5860 tnss.;
3369 5792 3421 5847 in
3465 5790 3732 5851 Christum

2126 5859 2276 5919 editi.
